4214 6450
717 375 853 439 13:5

2015 365 2333 427 LEONTII
2374 365 2776 425 BYZANTINI

3859 367 3996 434 1576

711 493 879 548 etiam
896 498 1088 561 postea
1107 487 1245 542 locis
1260 484 1585 550 includitur,
1607 485 1752 540 sicut
1773 482 2038 556 legimus:
2065 483 2298 537 «Ascen-

2435 481 2539 533 »λλά
2559 482 2654 533 καὶ
2690 481 2828 551 μετᾶ
2855 481 3014 551 τήνδε
3047 484 3452 553 περιγράφεται
3479 484 3683 546 τόπσις,
3718 489 3865 537 κατὰ
3913 489 3992 547 τὸ,

712 580 796 638 dit
828 583 887 638 in
916 581 1106 643 caelos,
1138 596 1155 629 ι
1192 587 1282 633 et:
1339 595 1358 628 ι
1397 574 1571 643 Quem
1622 582 1841 646 oportet
1883 574 2085 630 emlum
2122 572 2298 627 susei-

714 688 847 746 pere
866 673 941 722 ’ἰ
967 679 1057 725 et:
1086 686 1104 720 ι
1138 667 1231 723 Sic
1244 667 1456 732 veniet,
1474 666 1939 738 quemadmodum
1958 664 2142 719 vidisti
2170 679 2298 717 eum

2407 594 2424 623 ι
2449 568 2751 643 Ἐπορεύθη
2769 576 2845 636 εἰς
2861 574 3146 643 οὐρανούςσ
3172 593 3191 625 ι
3218 575 3365 635 καὶ,ι
3381 575 3478 629 ’ον
3494 574 3575 627 δεῖ
3589 576 3825 643 οὐρανὸν
3845 576 3999 640 δέξα-

2403 664 2545 718 σθαι·
2562 682 2580 714 ι
2599 664 2717 729 καὶ,
2730 684 2747 715 ι
2768 663 2954 726 Οὕτως
2972 663 3273 730 ἐλεύσεται,
3294 662 3354 715 δν
3368 665 3568 734 τρόπον
3580 662 3887 718 ιϐεάσασθε
3904 666 3971 718 αὑ
3983 696 4002 709 ο

714 772 937 819 euntem
994 761 1049 815 in
1100 760 1398 815 emittm“.
1435 778 1453 809 ι
1512 758 1799 823 Quomodo
1833 772 1968 827 ergo
2024 771 2135 810 una
2193 754 2301 808 erit

2435 756 2493 810 δν
2519 758 2888 825 πορευόμενον
2905 761 2990 820 εἰς
3006 756 3099 810 τὸν
3120 758 3374 826 οὐρανὸν,
3408 774 3428 808 ι
3447 756 3561 819 πῶς
3584 758 3645 811 οὑ
3669 758 3881 827 Θατέρα
3903 764 4000 828 μὲν

717 867 951 923 persona
981 852 1221 906 visibilis
1246 859 1303 905 et
1342 849 1781 917 circumscripta,
1807 848 1977 902 altera
2032 861 2163 900 vero
2201 860 2302 899 nec

717 944 956 998 visibilis
994 957 1097 997 nec
1128 940 1587 1010 circumscripta?
1612 941 1749 994 Dato
1782 939 1927 1009 quod
1958 953 2303 1009 quaecunque

718 1051 972 1104 persona:
1020 1034 1270 1088 definitio
1323 1031 1419 1087 liat
1467 1033 1737 1086 localibus
1783 1031 2087 1096 limitibus,
2152 1040 2301 1083 tunc.

719 1126 887 1182 Verbi
919 1140 1155 1196 persona
1182 1140 1214 1178 a
1234 1124 1399 1178 Patre
1425 1133 1481 1177 et
1501 1124 1710 1192 Spiritu
1738 1132 1929 1177 sancto
1951 1122 2088 1177 locis
2109 1121 2307 1176 distin-

720 1231 1014 1287 gueretur.
1042 1216 1110 1270 Et
1137 1232 1261 1269 cum
1290 1230 1321 1268 a
1352 1213 1509 1267 vobis
1536 1214 1794 1269 similiter
1821 1213 2039 1269 dicatur
2064 1213 2304 1268 Verbum

723 1307 779 1361 in
813 1306 967 1361 omni
1008 1323 1067 1361 re
1102 1321 1220 1360 esse
1251 1307 1525 1367 localiter,
1563 1306 1816 1375 sequitur
1847 1321 2233 1375 quamcunque
2276 1321 2307 1358 c

723 1398 943 1453 duabus
993 1399 1222 1467 reliquis
1271 1398 1525 1467 personis
1556 1397 1760 1451 divinis
1798 1397 2037 1451 futuram
2085 1412 2206 1450 esse
2255 1395 2310 1449 in

723 1500 832 1554 alio
893 1498 1173 1563 universo,
1219 1512 1330 1550 non
1382 1496 1437 1550 in
1489 1496 1616 1559 isto,
1668 1497 1751 1550 vel
1793 1497 1846 1550 in
1881 1497 2075 1550 nullo:
2117 1496 2170 1550 in
2205 1495 2310 1549 isto

723 1594 872 1647 enim
917 1593 1100 1647 locum
1140 1607 1253 1646 non
1288 1592 1453 1646 habet
1486 1591 1553 1646 ad
1577 1592 1956 1647 exsistendum
1988 1591 2310 1660 separatim,

725 1683 870 1753 quod
908 1683 1088 1738 Verbo
1106 1684 1219 1754 jam
1257 1684 1541 1752 impletum
1578 1692 1681 1737 est.
1708 1684 1779 1738 Et
1807 1684 2086 1753 quomodo
2114 1685 2167 1736 in
2198 1698 2315 1736 om-

726 1777 892 1831 nibus
939 1777 1048 1830 erit
1086 1790 1322 1846 persona
1366 1774 1515 1828 illius
1540 1776 1635 1844 qui
1672 1776 1783 1845 jam
1836 1776 1891 1829 in
1934 1775 2085 1829 onmi
2136 1784 2311 1845 parte,

730 1869 957 1922 omnino
992 1867 1272 1935 impletur,
1312 1882 1509 1935 nempe
1541 1866 1832 1921 divinitate
1865 1885 1877 1919 :
1918 1867 2025 1921 hoc
2057 1866 2204 1921 enim
2229 1876 2315 1921 est

730 1958 1071 2027 impossibile
1109 1956 1398 2012 Christum
1434 1958 1616 2011 locum
1650 1974 1773 2013 esse
1816 1958 2178 2028 quarumdam
2231 1974 2316 2012 re-

729 2060 876 2109 rum,
904 2054 1108 2099 etesse
1148 2046 1204 2099 in
1237 2046 1371 2113 ipsis
1412 2047 1561 2100 velut
1596 2047 1821 2102 inloco.
1857 2048 1914 2103 Si
1949 2064 2081 2119 ergo
2109 2051 2209 2103 ista
2248 2049 2317 2102 de

730 2136 955 2192 Christo
990 2153 1099 2191 non
1141 2138 1405 2193 dicuntur
1444 2138 1751 2193 secundum
1797 2141 2027 2194 localem
2079 2141 2318 2195 circum-

733 2228 1114 2298 scriptionem,
1146 2229 1278 2299 quid
1305 2229 1564 2298 prohibet
1594 2230 1746 2285 illum
1778 2240 2154 2286 remanentem
2182 2232 2321 2288 Ver-

734 2321 865 2375 bum
894 2320 1162 2383 divinum,
1199 2330 1255 2375 et
1281 2328 1534 2374 naturam
1566 2336 1888 2390 corpoream
1924 2332 2319 2390 assomentem,

736 2413 790 2466 in
819 2427 925 2465 una
952 2427 1049 2465 sua
1076 2426 1311 2482 persona
1337 2412 1542 2467 habere
1565 2412 1806 2485 divinam
1837 2413 2237 2480 deﬁnitionem,
2266 2424 2324 2469 et

735 2486 1468 2570 carnalem-acquisivisse?
1525 2500 1681 2556 Sicut
1732 2503 1880 2556 enim
1927 2519 1995 2557 ex
2041 2520 2110 2559 co
2173 2507 2321 2575 quod

735 2606 1032 2663 generetur
1073 2599 1265 2645 etnon
1293 2599 1540 2661 generet,
1565 2592 1712 2662 quod
1749 2593 1821 2647 sit
1846 2593 1901 2646 in
1944 2594 2106 2650 Patre
2142 2604 2202 2650 ut
2235 2612 2326 2652 sa-

740 2687 949 2758 pientia
971 2685 1237 2756 sapientis
1260 2694 1317 2738 et
1368 2685 1597 2739 verbum
1626 2685 1924 2753 loquentis,
1947 2685 2094 2755 quod
2119 2702 2227 2740 non
2255 2687 2329 2741 sit

741 2778 1057 2849 procedens
1081 2776 1209 2846 quia
1235 2792 1304 2829 ex
1332 2775 1451 2845 ipso
1481 2775 1548 2828 ad
1589 2775 1696 2829 alia
1730 2791 1840 2830 non
1868 2776 2139 2846 procedit,
2175 2779 2324 2848 quod

742 2868 997 2939 proprias
1043 2865 1397 2936 operationes
1434 2866 1657 2928 habeat,
1703 2858 1758 2921 et
1802 2882 1870 2921 ex
1919 2867 2177 2923 omnibus
2208 2869 2333 2924 aliis

741 2956 1197 3028 proprietatibus,
1246 2956 1452 3026 quibus
1482 2972 1513 3010 a
1549 2972 1785 3026 persona
1813 2958 1992 3012 Patris
2018 2967 2073 3011 et
2095 2958 2335 3028 Spiritus

744 3049 922 3103 sancti
956 3048 1318 3118 distinguitur
1355 3047 1545 3111 Filios,
1584 3048 1772 3116 plures
1799 3062 2066 3118 personas
2092 3049 2200 3104 sibi
2225 3063 2334 3104 non

2403 850 2573 919 ὁρατὴ
2602 850 2698 903 καὶ
2725 850 3082 921 περιγραπτὴ
3099 849 3422 913 ὑπόστασις,
3438 850 3645 921 θατέρα
3673 851 3732 904 δὲ
3764 853 4000 921 ἀόρατος

2407 945 2501 995 καὶ
2524 943 2936 1014 άπερίγραπτός
2968 945 3148 1008 iactv;
3184 942 3324 995 Ἀλλ’
3350 945 3400 995 εἰ
3420 946 3669 1007 τοπικοῖς
3692 944 4001 1014 διορισμοῖς

2410 1039 2560 1089 πᾶσα
2581 1036 2934 1098 ὑποστάσεως
2955 1037 3277 1105 περιγραφή
3308 1038 3481 1101 ἐστιν,
3516 1032 3627 1107 ἆρά
3654 1053 3718 1103 γε
3758 1036 4005 1099 τοπικῶς

2408 1126 2506 1180 καὶ
2542 1126 2637 1179 τοῦ
2668 1126 2880 1197 Πατρός
2914 1126 3010 1180 καὶ
3045 1126 3140 1179 τοῦ
3180 1126 3340 1193 άγέου
3376 1127 3696 1194 Πνεύματος
3743 1128 3775 1180 ό
3831 1127 4004 1194 Λόγος

2407 1218 2689 1286 διώρισται
2718 1217 2818 1287 τὴν
2845 1217 3146 1270 ὑπόστασιν
3172 1234 3185 1248 ·
3219 1218 3268 1270 εἰ
3298 1218 3343 1270 δ’
3366 1212 3461 1271 οὖν
3486 1216 3667 1280 οὕτως
3701 1219 3803 1269 κάι
3834 1219 3897 1269 ἐν
3928 1216 4005 1267 τῶ

2411 1311 2573 1362 παντὶ
2622 1308 2867 1371 τοπικῶς
2917 1303 3058 1361 εἶναι
3099 1307 3230 1377 ὑμῖν
3266 1312 3486 1378 εἴρηται
3517 1310 3546 1361 ό
3573 1308 3775 1375 Λόγος,
3805 1310 3918 1378 ἄρα
3952 1310 4006 1359 ai

2411 1399 2505 1452 δύο
2518 1400 2673 1452 ἄλλαι
2702 1399 3029 1460 ὑποστάσεις
3059 1398 3160 1465 τῆς
3198 1397 3485 1464 Θεότητος,
3517 1396 3550 1467 ἢ
3579 1399 3639 1448 ἐν
3669 1397 3849 1467 ἑτέρῳ
3873 1413 4009 1447 παν-

2413 1492 2467 1544 τὶ
2500 1491 2765 1561 ἑκατέρα,
2797 1490 2894 1542 καὶ
2936 1489 3036 1542 οὑκ
3066 1490 3124 1541 ἐν
3172 1488 3334 1557 τῷδε,
3360 1489 3393 1557 ἢ
3420 1490 3481 1540 ἐν
3501 1487 3678 1540 οὐδενί
3726 1491 3881 1541 ἐστιν
3903 1503 3917 1516 ·
3953 1491 4009 1539 ὲν

2416 1583 2523 1651 γὰρ
2558 1582 2695 1650 τῷδε
2735 1581 2920 1651 χώραν
2950 1583 3051 1634 οὑκ
3084 1580 3196 1649 ἔχει
3225 1580 3604 1651 διωρισμένως
3630 1576 3797 1642 εἶναι,
3831 1581 4010 1632 πάντα

2420 1675 2753 1743 πληροῦντος
2776 1674 2841 1726 τά
2862 1675 2990 1743 τῇδε
3013 1673 3108 1726 τοῦ
3138 1672 3335 1738 Λόγου·
3366 1673 3483 1735 πῶς
3499 1672 3555 1725 δὲ
3581 1669 3681 1726 καὶ
3700 1673 3759 1725 ἐν
3781 1674 3956 1724 πᾶσιν
3977 1674 4007 1739 ἡ

2419 1765 2540 1818 Θεία
2567 1766 2867 1828 ὑπόστασις
2895 1765 2990 1819 τοῦ
3018 1764 3089 1819 τὰ
3113 1764 3299 1818 πάντα
3328 1767 3387 1819 ὲν
3424 1760 3561 1817 πᾶσι
3595 1765 4008 1834 πληρουμένου.

2418 1855 2603 1920 καθὼς
2661 1858 2879 1926 εἴρηται
2911 1874 2926 1921 ;
2968 1857 3028 1909 οὑ
3088 1857 3198 1927 γάρ
3237 1856 3299 1908 τὸ
3331 1855 3465 1909 αὑτό
3504 1873 3555 1907 τι
3585 1856 3752 1917 τόπος
3799 1856 3861 1908 τέ
3895 1856 4012 1907 ἐστὶ

2419 1964 2604 2013 τινων,
2637 1946 2732 1999 καὶ
2768 1946 2843 2008 ὡς
2868 1949 2926 1999 ὲν
2954 1947 3107 2016 τόπῳ
3129 1946 3280 1998 ἐστὶν
3302 1946 3360 1999 ἐν
3391 1945 3577 2009 αὑτοῖς
3610 1943 3878 1998 ἀδύνατον
3914 1960 3928 1972 ο
3966 1945 4013 1996 ει

2420 2034 2515 2091 οὖν
2549 2038 2720 2092 ταῦτα
2761 2036 2837 2107 μὴ
2863 2035 3007 2089 κατὰ
3051 2037 3286 2104 τοπικὴν
3331 2036 3685 2107 περιγραφὴν
3727 2038 3835 2106 τῆς
3880 2037 4014 2088 ὑπο-

2423 2128 2670 2192 στάσεώς
2692 2129 2808 2181 ἐστι
2830 2128 2923 2182 τοῦ
2969 2128 3176 2195 Λόγου,
3207 2128 3260 2181 τι
3310 2127 3511 2181 κωλύει
3561 2129 3826 2198 μείναντα
3853 2129 4017 2183 αὐτόν

2424 2220 2568 2272 θεῖον
2593 2221 2790 2286 Λόγον,
2818 2219 2915 2273 καὶ
2947 2221 3151 2290 σαρκὸς
3184 2218 3349 2288 φύσιν
3383 2218 3858 2289 προσλαϐόμενον,
3891 2218 4020 2281 τούς

2424 2329 2485 2364 τε
2509 2312 2584 2375 ὠς
2607 2312 2786 2380 Λόγον
2809 2310 2946 2364 Θεοῦ
2972 2312 3292 2382 διορισμοῦς
3322 2312 3488 2382 ἔχειν,
3504 2315 3600 2366 καὶ
3624 2313 3933 2385 σαρκικούς
3963 2330 4022 2367 τε

2427 2404 2568 2476 πρὸς
2626 2405 2837 2467 τούτοις
2893 2404 3307 2474 ἐπικτήσασθαι
3360 2405 3677 2477 διορισμοὺς
3712 2408 3858 2460 κατὰ
3889 2408 4024 2475 μίαν

2427 2497 2526 2566 τὴν
2572 2497 2874 2550 ὑπόστασιν
2924 2497 3125 2564 αὐτοῦς
3157 2497 3371 2568 Ὠσπερ
3399 2499 3508 2570 γάρ
3537 2499 3617 2570 τῷ
3665 2501 4023 2570 γεννηθῆναι,

2430 2591 2524 2643 καὶ
2550 2589 2629 2661 τῷ
2663 2590 2739 2660 μὴ
2779 2589 2997 2660 γεννᾷν,
3030 2593 3124 2643 καὶ
3159 2591 3238 2660 τῷ
3285 2592 3341 2644 ἐν
3368 2592 3518 2662 αὐτῷ
3546 2588 3687 2645 εἶναι
3726 2591 3809 2663 τῷ
3849 2593 4027 2663 Ila.th

2430 2683 2506 2747 ὡς
2541 2682 2736 2752 βουλὴν
2768 2683 2862 2735 καὶ
2883 2682 3038 2749 λόγον
3064 2683 3415 2752 βουλευτικοῦ
3441 2684 3535 2735 καὶ
3558 2684 3805 2750 λογικοῦ,
3830 2686 3931 2737 καὶ
3955 2686 4029 2751 τις.

2437 2776 2513 2846 μὴ
2545 2776 2641 2829 καὶ
2668 2775 2826 2837 ἐκτὸς
2856 2775 3022 2827 αὑτοῦ
3059 2776 3139 2837 εἰς
3169 2774 3335 2842 ἕτερα
3367 2776 3698 2846 πορεύεσθαι
3744 2775 3823 2845 μὴ
3865 2778 4031 2829 ἐκπο-

2440 2866 2631 2936 ρευτδν
2671 2860 2834 2927 εἶναι,
2862 2866 2955 2918 καὶ
2979 2863 3060 2934 τῷ
3082 2865 3448 2934 δημιουργεῖν
3483 2865 3627 2927 ἰδίως
3655 2865 3755 2917 καὶ
3772 2868 3893 2927 τοῖς
3922 2866 4033 2918 λοι-

2437 2958 2560 3020 ποῖς
2628 2956 2916 3026 ἰδιώμασιν
2976 2955 3146 3011 αὑτοῦ
3180 2959 3209 3009 ό
3241 2956 3433 3025 Λόγος,
3467 2957 3535 3008 δι’
3562 2949 3639 3008 ὧν
3683 2957 4033 3027 διακρίνεται

2442 3049 2663 3102 πάντων
2717 3049 2819 3116 τῆς
2861 3047 3147 3119 Πατρικῆς
3187 3049 3284 3101 καὶ
3322 3048 3422 3118 τῆς
3448 3047 3543 3101 τοῦ
3583 3049 3911 3119 Πνεύματος
3941 3050 4034 3103 τοῦ

752 3139 919 3204 facit;
957 3139 1037 3192 sic
1066 3151 1247 3206 neque
1292 3135 1663 3205 proprietates
1698 3137 1884 3190 multa:
1907 3146 1963 3191 et
1989 3139 2256 3208 Opposita:
2279 3140 2328 3195 ei

2444 3140 2603 3208 ἁγίου
2657 3140 3031 3203 ὑποστάσεως,
3061 3139 3126 3192 οὑ
3168 3139 3387 3203 πλείους
3434 3143 3675 3194 ποιεῖται
3704 3141 4038 3204 ὑποστάσεις

748 3228 1025 3299 adjuncta:
1044 3227 1167 3298 ejus
1189 3241 1483 3295 personam
1513 3227 1903 3295 ntultiplicaut.
1935 3227 2017 3282 Ob
2055 3229 2107 3283 id
2141 3246 2336 3300 unum,

747 3334 805 3374 se
849 3317 1152 3388 ingenitum
1175 3331 1318 3379 esse,
1341 3331 1576 3386 persona
1609 3317 1791 3371 Patris
1812 3332 1842 3370 a
1871 3316 2011 3372 Filio
2043 3329 2101 3374 et
2127 3319 2341 3389 Spiritu

749 3421 944 3465 sancto
983 3409 1229 3480 perfecte
1259 3408 1655 3478 distinguitur;
1696 3416 1751 3463 et.
1786 3409 1987 3467 deinde
2016 3411 2089 3464 ob
2111 3427 2344 3482 genera-

760 3503 968 3556 tionem
999 3501 1124 3555 Filii
1154 3500 1350 3555 iterum
1377 3500 1758 3570 distinguitur,
1789 3501 1884 3556 sed
1909 3502 2208 3571 perfectior
2231 3521 2342 3561 non

759 3605 845 3650 est
896 3610 1156 3666 persona,
1205 3609 1387 3663 neque
1435 3609 1563 3647 vere
1607 3593 1887 3647 diceretur
1937 3593 2170 3649 duarum
2223 3612 2346 3652 esse

753 3702 1136 3758 personarum.
1184 3685 1444 3752 Quinimo
1486 3685 1620 3754 quid
1661 3684 1922 3740 diceretis
1962 3685 2032 3740 de
2079 3687 2252 3743 solius
2290 3699 2347 3743 et

752 3778 1023 3849 simplicis
1045 3778 1285 3833 hominis
1308 3792 1569 3848 persona,
1606 3777 1763 3831 verbi
1789 3778 1962 3847 gratia
1986 3779 2175 3834 Pauli?
2196 3780 2349 3836 Nun-

755 3871 890 3941 quid
922 3871 1183 3925 omnibus
1210 3869 1525 3925 visibilibus
1553 3878 1610 3923 et
1635 3869 1907 3925 localibus
1930 3870 2350 3926 eharaeterihus

760 3970 872 4018 tota
911 3963 1031 4033 ejus
1066 3977 1302 4032 persona
1338 3961 1727 4031 dignoscitur?
1761 3961 2022 4030 Nunquid
2063 3963 2246 4017 anima
2291 3974 2350 4018 et

758 4052 1029 4122 corpore?
1055 4051 1313 4122 Nunquid
1349 4067 1460 4104 non
1490 4051 1768 4106 diversis?
1794 4050 2050 4106 Attamen
2086 4064 2197 4105 non
2224 4051 2349 4106 ideo

760 4142 900 4198 duas
944 4143 1113 4197 habet
1152 4141 1460 4212 personas?
1502 4141 1767 4207 Quamvis
1791 4140 1940 4195 enim
1964 4148 2121 4194 extra
2149 4155 2352 4209 corpus

763 4230 956 4302 rapttis
1007 4232 1078 4286 sit
1126 4247 1301 4302 usque
1330 4232 1397 4285 ad
1437 4232 1663 4286 tertium
1696 4232 1922 4297 coelum,
1957 4232 2234 4301 verbaque
2266 4232 2352 4285 in-

688 4344 693 4351 ·
761 4324 949 4379 audita
977 4330 1163 4377 mente
1210 4322 1472 4384 audierit,
1519 4322 1745 4377 eosdem
1776 4322 1980 4377 locales
2008 4331 2064 4377 et
2105 4322 2353 4377 visibiles

762 4417 971 4471 limites
996 4416 1268 4484 corporis,
1300 4422 1356 4468 et
1383 4415 1701 4483 spirituales
1734 4415 1932 4469 animae
1960 4414 2175 4479 habuit,
2211 4429 2351 4484 quos

2446 3230 2649 3301 ἐαυτῷ,
2697 3230 2867 3295 οὕτως
2915 3232 3038 3284 οὑδὲ
3079 3231 3287 3301 ἑτέρων
3340 3230 3652 3301 ἰδιωμάτων
3703 3232 4038 3301 προσθέσεις

2446 3323 2711 3377 πλειόνων
2741 3325 2835 3376 καὶ
2864 3324 3260 3392 ἀντικειμένων
3293 3321 3630 3392 πληθύνουσι
3654 3323 3760 3392 τὴν
3795 3323 4039 3377 ὑπόστα-

2448 3433 2534 3470 σιν
2565 3417 2733 3470 αὑτοῦ
2760 3433 2775 3448 ·
2806 3416 2902 3469 καὶ
2927 3416 3006 3486 τῷ
3034 3416 3143 3485 γάρ
3168 3418 3450 3487 άγεννήτῳ
3478 3416 3817 3486 διαφέρουσα
3851 3417 4040 3487 μόνον.

2447 3509 2668 3571 τελείως
2703 3506 2993 3578 διώρισται
3028 3509 3060 3577 ἡ
3090 3509 3391 3571 ὑπόστασις
3422 3508 3517 3561 τοῦ
3556 3509 3770 3577 Πατρδς
3812 3510 3914 3579 τῆς
3943 3509 4041 3562 τοῦ

2449 3598 2586 3652 Υἱοῦ
2622 3598 2836 3652 καὶτοῦ
2873 3598 3030 3666 ἁγίου
3059 3597 3377 3668 Πνεύματος
3411 3613 3425 3628 °
3465 3600 3558 3651 καὶ
3598 3597 3673 3668 τῷ
3725 3600 4042 3669 γεννητικῷ

2448 3691 2505 3744 δὲ
2568 3691 3138 3761 προσ-διακεκριμένη,
3168 3690 3294 3743 οὔτε
3356 3690 3670 3760 τελειοτέρα
3704 3692 3861 3744 ἐστὶν
3911 3694 4047 3745 ὑπό-

2452 3795 2665 3841 στασις,
2693 3777 2818 3832 οὔτε
2851 3779 2945 3832 δύο
2979 3779 3309 3842 ὑποστάσεις
3332 3778 3544 3857 λέγοιτο
3572 3780 3638 3832 ἂν
3662 3799 3771 3834 τινι
3794 3782 4042 3853 ἀληθῶς.

2465 3870 2625 3922 Ἀλλά
2659 3871 2793 3941 πρὸς
2820 3873 3054 3934 τούτοις,
3085 3870 3138 3922 τί
3162 3870 3229 3924 ἂν
3262 3871 3470 3924 εἴποιτε
3502 3873 3598 3925 καὶ
3630 3874 3763 3941 περὶ
3803 3876 3908 3944 τῆς
3950 3877 4046 3928 ἀν-

2452 3960 2676 4031 Ορώπου
2737 3963 2904 4031 μόνου
2950 3962 3113 4032 ψιλοῦ
3167 3964 3545 4027 ὑποστάσεως,
3581 3965 3804 4019 Παύλου
3832 3970 4044 4038 τυχόν;

2453 4048 2562 4123 ἆρα
2622 4051 2731 4125 γὰρ
2786 4055 3004 4124 ὁρατοῖς
3055 4056 3191 4108 πᾶσι
3222 4057 3318 4109 καὶ
3349 4059 3597 4119 τοπικοῖς
3646 4064 4047 4130 -περιορισμοις

2451 4148 2567 4208 τοῖς
2597 4144 2766 4199 αὑτοῦ
2802 4148 2834 4216 ή
2870 4146 3171 4210 ὑπόστασις
3201 4148 3368 4200 αὑτοῦ
3396 4150 3547 4201 πᾶσα
3575 4148 4043 4217 διαγινώσκεται;

2424 4292 2427 4293 ,
2451 4236 2599 4307 ψυχῇ
2622 4254 2681 4291 τε
2711 4236 2829 4307 ἅμα
2859 4238 2955 4291 καὶ
2985 4238 3061 4307 τῷ
3095 4238 3347 4309 σώματις
3379 4241 3412 4312 ἢ
3438 4239 3598 4309 δῆλον
3617 4241 3693 4304 ὡς
3725 4242 4047 4314 διαφόροις

2456 4329 2567 4382 Καὶ
2590 4329 2741 4398 ὅμως
2773 4329 2835 4381 οὑ
2867 4329 3018 4399 παρὰ
3046 4330 3164 4383 τόδε
3191 4329 3441 4398 διάφοροι
3468 4332 3805 4395 ὑποστάσεις
3842 4335 4014 4387 αὑτοῦ
4035 4353 4046 4363 ·
4107 4405 4112 4410 ι

2457 4417 2562 4471 κᾶν
2601 4418 2711 4489 γὰρ
2743 4417 2905 4481 ἐκτὸς
2929 4418 3023 4470 τοῦ
3049 4418 3304 4488 σώματος
3344 4421 3571 4490 ἡρπάγη
3596 4421 3701 4482 ἓως
3740 4424 3936 4491 τρῖτου
3964 4426 4050 4477 ού·

768 4500 993 4562 l‘etrlis.
1035 4513 1091 4559 et
1138 4501 1336 4573 reliqui
1386 4503 1663 4560 homines.
1714 4504 1949 4557 alterum
1996 4502 2328 4572 privilegium

2459 4511 2623 4582 ρανοῦ
2684 4511 2781 4564 καὶ
2828 4512 3065 4582 ἤκουσεν
3089 4510 3310 4583 ἄρρητα
3370 4514 3593 4581 ῥήματα.
3616 4515 3680 4581 τῇ
3712 4513 3896 4586 ψυχῇ,
3927 4517 4051 4577 τούς

766 4612 873 4650 non
901 4593 1112 4656 habuit,
1148 4593 1245 4647 sed
1274 4591 1327 4647 in
1360 4592 1552 4647 eadem
1584 4608 1817 4663 persona
1851 4592 2180 4661 permansit,
2217 4591 2348 4645 luit—

767 4702 876 4756 que
907 4684 1093 4738 unlus.

1379 5000 1532 5056 CAP.
1566 5000 1753 5056 XVIII.

750 5096 763 5103 ”
846 5094 982 5149 Cum
1006 5092 1357 5163 agnoscimus
1380 5094 1685 5148 bonitatem
1713 5092 1833 5156 Dei,
1864 5093 1958 5162 qui
1984 5091 2146 5146 docet
2175 5092 2321 5152 liomi
2345 5121 2359 5133 ο

778 5202 903 5241 nem
950 5184 1260 5248 scientiam,
1304 5184 1397 5253 qui
1433 5183 1619 5238 erudit
1658 5183 2007 5251 insipientes,
2056 5183 2161 5237 hoc
2209 5198 2357 5237 sont-

778 5278 934 5332 niunt
981 5276 1282 5330 obscurum
1319 5288 1712 5344 proponemus.
1757 5273 2054 5341 Nobiscum
2090 5272 2245 5326 enim
2276 5274 2359 5324 Io-

782 5378 944 5425 cutus
971 5375 1056 5422 est
1080 5366 1279 5436 aliquis
1301 5365 1476 5420 forma
1507 5364 1740 5435 nigrior,
1767 5364 1969 5419 veStitu
1994 5364 2083 5433 pie
2109 5363 2357 5425 indutus,

784 5476 1038 5531 quaerens
1084 5476 1153 5515 an
1199 5460 1464 5514 Dominus
1511 5459 1584 5513 sit
1623 5458 1767 5512 Deus
1813 5459 1988 5511 solum
2029 5465 2244 5516 natura,
2291 5471 2361 5509 an

782 5566 840 5612 et
865 5553 1265 5611 subsistentia?
1305 5553 1359 5607 Si
1393 5553 1507 5607 sola
1535 5563 1731 5607 natura
1763 5560 1846 5606 est
1870 5551 2035 5610 Deus.
2055 5548 2141 5603 vel
2173 5548 2358 5610 homo,

784 5653 868 5703 Vel
889 5649 1093 5716 aiiquitl
1113 5647 1261 5702 aliud
1287 5646 1393 5703 erit
1422 5659 1679 5715 persona,
1699 5643 1782 5698 vel
1819 5639 2199 5713 impersonalis
2218 5638 2351 5694 erit.

857 5794 896 5823 τι
927 5796 1044 5847 Ad.
1122 5811 1157 5858 ι,
1200 5794 1276 5847 Η,
1356 5792 1397 5823 ⁸³
1430 5794 1638 5855 AclJtt,
1661 5790 1749 5846 21.

2454 4621 2514 4656 τε
2553 4605 2814 4665 τοπικοὺς
2863 4604 2957 4655 καὶ
2991 4605 3221 4673 ὁρατοὺς
3267 4604 3590 4674 διορισμοὺς
3631 4603 3730 4656 τοῦ
3769 4608 4050 4675 σώματος.

2456 4698 2551 4746 καὶ
2576 4694 2704 4757 τοὺς
2730 4695 2953 4759 νοητοὺς
2978 4694 3080 4763 τῆς
3106 4693 3287 4763 ψυχῆς
3306 4693 3571 4756 ὡσαύτως
3599 4692 3741 4763 ἔχων
3773 4697 3917 4762 πρὸς
3954 4697 4052 4750 Πέ-

2455 4802 2584 4855 τρον
2605 4785 2700 4838 καὶ
2722 4786 2846 4847 τοὺς
2897 4784 3137 4846 λοιποὺς,
3176 4786 3274 4855 οὑχ
3314 4785 3510 4854 ἑτέραν
3549 4785 3673 4854 ἔσχε
3732 4785 4048 4858 διαστολὴν,

2457 4878 2592 4931 ἀλλὰ
2630 4877 2730 4947 τῆς
2751 4878 2922 4946 αὐτῆς
2945 4880 3063 4930 ἐστι
3090 4878 3184 4931 καὶ
3202 4877 3377 4941 οὕτως
3405 4880 3760 4941 ὑποστάσεως
3788 4882 3947 4948 μιᾶς.

3066 4994 3315 5047 ΚΕΦΛΛ.
3349 4995 3451 5048 lll'.

2543 5081 2704 5134 Ἀλλά
2754 5081 2850 5134 τοῦ
2909 5080 3255 5145 διδάσκοντος
3313 5084 3601 5154 ἄνθρωπον
3660 5087 3913 5152 γνῶσιν,
3964 5089 4050 5142 καὶ

2462 5174 2674 5244 ἄφρονα
2707 5173 3076 5238 συνετίζοντος
3128 5175 3265 5228 Θεοῦ
3297 5176 3397 5246 τὴν
3440 5176 3759 5246 ἀγαϐότητα
3795 5180 4048 5251 ἑξομολο·

2460 5266 2738 5337 γούμενοι.
2779 5268 2870 5320 καὶ
2895 5265 2955 5319 τὸ
2982 5266 3101 5319 κατ’
3127 5266 3263 5339 ὄναρ
3286 5269 3419 5338 ἡμῖν
3462 5252 3747 5341 ἀπορηθὲν
3777 5273 4049 5342 προθήσο-

2467 5379 2585 5429 μεν.
2631 5361 2776 5428 Ἔφη
2806 5361 2914 5429 γάρ
2966 5376 3050 5423 τις
3080 5361 3243 5430 ἡμῖν,
3275 5362 3335 5414 τὸ
3391 5361 3492 5431 μὲν
3536 5358 3675 5425 εἶδος
3726 5364 4051 5435 μελάντερός

2464 5469 2600 5516 πως,
2639 5451 2700 5504 τὸ
2728 5453 2783 5504 δὲ
2836 5451 3019 5522 σχῆμα
3066 5451 3310 5516 εὐλαϐῶς
3346 5453 3930 5523 επιστο).ιζόμενος,’0
3952 5455 4050 5510 Κύ-

2466 5562 2579 5615 ριος
2612 5543 2744 5609 Θεὸς
2766 5547 2830 5614 τῇ
2872 5545 3054 5614 φύσει,
3090 5546 3122 5614 ἦ
3165 5545 3259 5599 καὶ
3290 5548 3355 5614 τῇ
3409 5545 3744 5616 ὑποστάσει,
3784 5549 4049 5614 συνάγων.

2462 5639 2539 5700 ὡς
2575 5637 2621 5689 εἰ
2665 5636 2763 5705 μὶν
2808 5636 2969 5705 μόνον
2995 5638 3061 5706 τῇ
3107 5635 3265 5705 φύσει
3297 5638 3418 5689 ἐστὶ
3460 5637 3614 5703 Θεὸς,
3654 5641 3722 5708 τῇ
3760 5640 4047 5693 ὑποστάσει
