4214 6450
191 422 319 488 i577

182 624 238 676 δὲ
267 626 359 677 καὶ
389 624 690 676 ὑποστάσει
740 623 860 674 ἐστὶ
890 620 1044 683 Θεὸς,
1076 618 1227 687 ἡδὶῃ
1272 619 1378 669 τινὶ
1433 617 1526 669 καὶ
1555 615 1737 684 τελείᾳ.
1761 627 1772 638 ·

185 717 281 769 καὶ
326 715 436 768 ίόοὺ
461 715 555 767 δύο
586 713 753 767 αὑτοῦ
789 715 846 766 αἱ
879 712 1228 773 ὑποστάσεις,
1257 708 1445 778 ὥσπερ
1481 703 1574 760 οῦν
1605 709 1695 758 καὶ
1721 707 1776 756 αἱ

185 810 380 876 φύσεις
405 824 417 835 ·

187 917 402 959 στατος·
435 900 469 968 ἢ
502 902 566 951 ἐκ
594 902 796 968 μέρους
827 896 997 965 αὑτῆς
1035 894 1132 962 τῆς
1187 894 1314 963 μιᾶς
1343 892 1508 945 αὑτοῦ
1539 889 1780 943 ὑποστάς

188 1007 350 1054 σεως,
380 991 494 1042 ἔστι
523 989 654 1050 Θεὸς
687 989 780 1041 καὶ
813 989 880 1057 τῇ
917 985 1251 1039 ὑποστάσει·
1288 986 1441 1036 ἔσται
1464 980 1556 1035 οῦν
1583 981 1617 1052 ἢ
1651 982 1778 1032 ἁτε-

184 1083 283 1154 ὶὴς
319 1085 460 1137 κατὰ
479 1084 577 1154 τὴν
605 1082 680 1143 ὼς
731 1081 1085 1142 ὑποστάσεως
1133 1078 1234 1146 τῆς
1269 1075 1620 1144 ἀνθρωπίνης
1666 1072 1779 1125 οεόο

183 1177 375 1244 τηταό
409 1173 666 1244 Χριστὸς,
696 1171 730 1242 ἢ
762 1169 1113 1240 ὑπερτέλειος
1147 1169 1242 1220 καὶ
1286 1165 1554 1236 ὑπέρθεος
1585 1166 1619 1236 ἡ
1658 1163 1784 1217 ὑπό-

187 1282 382 1326 στασις
418 1262 678 1333 Χριστοῦ,
719 1263 858 1332 ὑπὲρ
889 1261 980 1314 τὸν
1023 1259 1242 1329 Πατέρα
1277 1275 1337 1310 τε
1371 1258 1463 1309 καὶ
1479 1257 1539 1309 τὸ
1559 1255 1783 1324 Πνεῦμα

186 1356 289 1408 καὶ
344 1357 435 1408 τὸν
473 1355 646 1422 Λόγον
687 1353 986 1424 νοουμένη”
1042 1351 1137 1404 τοῦ
1184 1349 1294 1419 γὰρ
1336 1348 1465 1401 ἰδίου
1516 1346 1714 1417 μέρους
1755 1343 1785 1396 ὃ

182 1445 256 1516 ἦν
314 1447 524 1508 τέλειος
570 1445 727 1511 Θεὸς,
768 1442 954 1514 μεῖζον
983 1439 1156 1509 αὐτῆς
1285 1438 1478 1507 ὁλότης
1514 1436 1632 1488 ἐστὶ
1662 1433 1784 1486 καθ’

185 1540 511 1594 ὑπόστασιν.

257 1631 402 1683 Ἀλλ’
445 1634 651 1692 ἐκεῖνος
684 1629 782 1698 μὲν
831 1626 1002 1679 ταῦτα
1058 1624 1253 1687 εἰπὼν,
1297 1624 1392 1676 καὶ
1449 1619 1787 1692 συνταράξας

184 1723 343 1791 ἡμᾶς
379 1720 456 1790 τῷ
486 1720 699 1789 ἀπόρῳ,
726 1717 942 1783 ἀπέστη
970 1714 1282 1786 σκοτοδινίᾳ
1309 1713 1621 1784 περιϐαλών
1641 1727 1655 1740 ·
1692 1710 1787 1780 δρ-

191 1815 332 1886 θρου
392 1814 448 1867 δὲ
481 1812 614 1883 πρὸς
677 1812 734 1864 τὸ
762 1809 878 1878 φῶς
907 1809 970 1861 τὸ
1025 1807 1276 1876 ἀληθινὸν
1299 1804 1785 1874 ἁποσκοπήσαντες

485 808 642 878 εῐπερ
695 806 830 876 μηδὲ
880 807 913 874 ἡ
969 801 1326 873 ἁνθρωπότης
1366 799 1530 853 αὑτοῦ
1578 798 1781 852 ἀνυπόο

1149 418 1546 490 ΑΠΥΕΠΞΠΞ
1585 413 2133 478 NESTORIANOS.
2179 419 2383 479 ~L-lil.
2422 419 2502 476 il.

185 536 217 601 ἦ
248 531 529 603 ἅνθρωπος
561 530 802 602 ἦξτερόν
830 529 932 598 τιῆ
958 527 1328 588 ἀνυπόστατος
1350 524 1482 586 ὅλως
1514 524 1660 576 ἐστίν
1683 540 1694 550 ·
1726 523 1773 574 εἰ
1805 536 1846 592 Α
1882 523 1936 577 Si
1976 541 2105 579 vero
2131 535 2187 578 et
2220 540 2394 596 νει-θυι

2445 573 2450 576 .
2488 535 2569 579 es“.
2615 525 2780 591 Deus,
2835 526 2920 578 vel
2961 526 3063 579 ista
3104 525 3214 580 erit
3258 531 3370 577 tota
3409 534 3464 577 et

1881 619 2147 685 perfecta,
2190 625 2248 671 et
2288 618 2388 687 ipsi
2427 618 2549 672 dua:
2581 626 2744 671 erunt
2783 632 3050 686 personae,
3083 616 3309 670 totidem
3335 622 3470 683 quot

1882 716 2114 771 natura},
2145 726 2270 763 cum
2307 711 2615 780 personalis
2637 718 2983 780 supponatur
3005 707 3354 772 humanitas;
3383 703 3467 758 vel

1882 800 2049 852 etiam
2086 801 2141 854 in
2175 815 2406 869 persona
2439 802 2582 855 Deus
2621 801 2749 866 erit,
2791 799 2889 855 sed
2925 816 3024 870 pro
3061 807 3217 868 parte
3257 803 3469 852 tantum

1884 891 2052 962 hujus
2093 893 2259 946 unius
2296 908 2568 962 personm,
2618 894 2808 963 sicque
2843 892 3098 948 Christus
3138 889 3475 959 imperfecta:

1885 983 2198 1039 divinitatis
2226 983 2548 1051 habebitur,
2578 1000 2675 1053 per
2702 987 3000 1039 humanam
3027 997 3320 1056 personam
3345 980 3476 1036 sub-

1885 1076 2174 1143 sistentis;
2228 1087 2325 1133 aut
2381 1079 2677 1148 plusquam
2723 1078 2968 1147 perfecta
3015 1088 3074 1134 et
3118 1077 3309 1132 divina
3367 1075 3478 1131 erit

1886 1166 2097 1224 Christi
2125 1184 2363 1239 persona
2393 1183 2562 1233 supra
2593 1169 2814 1223 Patrem
2855 1179 2912 1224 et
2950 1170 3218 1241 Spiritum
3255 1178 3315 1224 et
3343 1167 3480 1224 Ver-

1887 1258 2018 1313 bum
2062 1262 2428 1316 :estimanda:
2470 1276 2664 1316 revera
2713 1275 2926 1316 summa
2975 1265 3098 1334 ejus
3141 1264 3318 1334 major
3351 1278 3479 1333 per-

1888 1366 2022 1408 sona
2045 1364 2130 1408 est
2170 1364 2325 1424 parte
2365 1353 2718 1424 particulari,
2750 1369 2874 1424 qua:
2889 1355 3005 1426 jam
3033 1354 3310 1425 perfectus
3330 1355 3478 1410 Deus

1889 1446 2211 1501 exsistebat.

1959 1625 2090 1691 Quze
2119 1641 2245 1680 cum
2274 1628 2524 1692 dixisset,
2559 1644 2771 1698 nosque
2814 1627 3152 1682 obscuritate
3195 1624 3476 1680 turbavis-

1893 1726 1998 1779 set,
2033 1727 2090 1770 et
2121 1717 2390 1787 vertigine
2420 1718 2766 1783 involvisset,
2805 1717 2961 1772 abiit.
3005 1717 3076 1771 Et
3109 1715 3290 1786 primo
3317 1731 3478 1770 mane

1891 1808 1959 1862 ad
1989 1809 2173 1863 lumen
2201 1825 2394 1864 verum
2440 1809 2773 1878 aspicientes
2808 1808 2941 1877 quid
2984 1807 3211 1862 daretur
3244 1814 3300 1862 et
3335 1805 3480 1877 adji-

183 1905 553 1974 τίδοθήσεται
589 1902 682 1954 καὶ
716 1901 767 1952 τί
806 1899 1238 1972 προστεθήσεται
1278 1899 1408 1966 ἡμῖν
1440 1895 1576 1965 πρὸς
1618 1892 1789 1961 γλῶσ-

1898 1911 2116 1953 ceretur
2165 1899 2432 1954 adversus
2489 1900 2736 1969 linguam
2786 1899 3060 1972 dolosam,
3097 1896 3481 1968 cogitabamus

184 2015 297 2053 σαν
322 1996 524 2061 δολίαν,
558 1992 924 2064 ἐθεωροῦμεν,
955 1992 1031 2053 ὡς
1051 1989 1113 2042 τὸ
1136 1989 1281 2054 Θεὸς
1307 1986 1522 2058 πρῶτον
1553 1985 1649 2055 μὲν
1680 1999 1785 2050 φυ-

191 2091 355 2143 σικὸν
383 2089 556 2157 δνομά
585 2090 755 2149 ἐστιν,
788 2085 981 2138 οὐσίαν
1015 2080 1249 2151 πρώτως
1284 2081 1377 2134 καὶ
1400 2079 1462 2132 οὑ
1494 2077 1787 2147 πρόσωπον

187 2183 460 2252 σημαῖνον
480 2197 492 2209 ·
526 2177 716 2247 ὥσπερ
747 2178 840 2229 καὶ
865 2175 928 2227 τὸ
965 2174 1295 2243 ἅνθρωπος,
1328 2172 1388 2223 οὑ
1424 2169 1523 2240 τὴν
1549 2167 1787 2220 ὑπόστα-

189 2291 283 2326 σιν
319 2272 556 2330 Πσιὺλου,
591 2269 728 2322 ἀλλὰ
775 2268 871 2338 τὴν
903 2267 1066 2335 φύσιν
1088 2267 1260 2334 λέγει,
1291 2263 1371 2317 ὲνί
1399 2278 1457 2314 τε
1489 2261 1583 2314 καὶ
1622 2257 1789 2311 παντὶ

187 2369 288 2418 καὶ
318 2365 420 2434 ἰδίᾳ
455 2363 691 2431 ἑκάστῳ,
723 2362 818 2413 καὶ
846 2363 999 2431 κοινῇ
1025 2361 1194 2412 πᾶσιν
1216 2354 1525 2426 ἀνθρώποις
1560 2369 1788 2423 προστι-

186 2457 424 2528 θέμενόν
459 2457 627 2516 ἐστιν,
658 2456 798 2525 ὅπερ
823 2454 884 2504 τὸ
913 2453 1121 2513 Παῦλος
1145 2450 1178 2520 ἢ
1231 2449 1435 2517 Πέτρος
1459 2446 1628 2515 ὄνομα
1656 2445 1790 2498 ὑπο-

187 2553 438 2613 στάσεως
462 2551 560 2602 οὑκ
594 2551 734 2619 ἔχει·
779 2547 897 2610 πῶς
949 2545 1042 2600 οὖν
1071 2543 1296 2597 δυνατὸν
1326 2542 1389 2594 τὸ
1450 2540 1584 2593 αὐτὸ
1635 2537 1700 2590 εκ
1727 2553 1788 2589 τε

187 2643 291 2696 τοῦ
336 2643 496 2710 λόγου
537 2643 635 2710 τῆς
693 2639 932 2709 φύσεως,
965 2638 1061 2690 καὶ
1084 2639 1147 2689 ἐκ
1185 2634 1279 2689 τοῦ
1310 2634 1469 2702 λόγου
1526 2633 1627 2700 τῆς
1658 2631 1792 2684 ὐπο-

191 2737 442 2796 στάσεως
473 2734 753 2804 διαφόρως
788 2731 884 2784 τοῦ
947 2729 1115 2783 αὑτοῦ
1171 2723 1633 2798 κατηγορεῖσθαι;
1669 2723 1791 2776 Ἔτι

193 2829 313 2898 μὴν
368 2827 511 2879 κατᾶ
546 2825 607 2877 τὸ
651 2823 882 2892 φυσικὸν
917 2822 1112 2891 ὀνομα,
1159 2819 1416 2889 ὁμοιότης
1470 2814 1616 2878 τινὸς
1655 2814 1793 2884 πρός

190 2919 325 2973 τινά
357 2918 474 2969 ἐστι
517 2931 682 2970 ποτε·
727 2915 871 2968 κατὰ
912 2911 1050 2966 δὲτὸ
1101 2907 1485 2971 ὑποστατικὸν,
1533 2904 1788 2976 ἑτερότης

195 3013 366 3082 μόνον
387 3027 400 3039 ·
435 3011 484 3062 εί
515 3004 608 3061 οὖν
634 3007 695 3060 τὺ
730 3005 875 3071 Θεὸς
912 3006 1007 3057 καὶ
1056 3001 1288 3072 quat.be
1318 3000 1414 3053 καὶ
1444 2995 1795 3067 προσωπικὸν

190 3105 374 3172 ὄνομα
420 3100 497 3172 τῷ
555 3099 800 3171 Χριστῷ,
840 3096 992 3156 ,κατὰ
1024 3096 1084 3148 τὸ
1113 3094 1244 3148 αὑτὸ
1292 3093 1402 3163 ἄρα
1445 3091 1616 3158 ὄνομα
1661 3088 1697 3156 ἦ
1735 3103 1796 3138 τε

191 3193 457 3262 ὁμοιότης
488 3191 638 3262 αὑτῴ
695 3195 791 3245 καὶ
851 3190 1131 3260 ἑτερότης,
1165 3187 1201 3255 ἦ
1238 3185 1378 3255 πρὸς
1409 3183 1478 3235 τὰ
1505 3179 1670 3233 λοιπὰ
1704 3178 1797 3232 δύο

203 3240 334 3340 θέῖα
365 3240 567 3339 vestra:
592 3240 718 3336 ἔτι
775 3281 881 3352 μὴν
921 3240 969 3332 εἰ
1013 3240 1238 3349 pausia
1285 3240 1392 3344 ἱτὴν
1423 3272 1583 3342 φύσιν
1644 3271 1794 3340 καὶὴ
1825 3240 1868 3299 C

195 3381 504 3441 ὑπόστασις
533 3377 689 3442 Θεὸς,
729 3375 866 3428 ἀλλὰ
909 3376 1004 3427 καὶ
1052 3372 1140 3425 διὰ
1165 3371 1256 3423 τὸν
1310 3368 1442 3422 ἴδιον
1469 3366 1627 3434 λόγον
1656 3364 1796 3430 ἐστὶ,

193 3471 297 3524 δύο
324 3469 544 3538 Θεότησι
569 3467 702 3529 Θεὸς
733 3467 761 3518 ό
787 3461 1023 3533 Χριστός
1045 3477 1060 3492 ·
1100 3457 1301 3529 ὁμοίως
1331 3456 1388 3509 δὲ
1427 3456 1522 3507 καὶ
1542 3455 1572 3505 ὁ
1609 3451 1799 3520 Πατὴρ

195 3561 300 3615 καὶ
323 3560 383 3612 τὸ
411 3558 637 3628 Πνεῦμα
666 3555 727 3609 τὸ
759 3555 946 3622 ἅγιον·
975 3553 1058 3604 ἑτι
1084 3550 1142 3603 δὲ
1173 3552 1223 3601 εἰ
1255 3549 1290 3618 ἦ
1312 3565 1368 3600 τε
1400 3546 1580 3608 οὐσία,
1612 3543 1707 3596 καὶ
1743 3542 1798 3594 αἱ

199 3655 360 3722 τρεῖς
389 3649 721 3710 ὑποστάσεις
742 3647 842 3714 τῆς
871 3645 1030 3712 ἁγίας
1053 3640 1284 3710 Τριάδος
1316 3639 1521 3706 ἑκάστη
1555 3635 1648 3702 ἀφ’
1669 3636 1800 3686 ἐαυ-

199 3748 305 3815 si};
335 3743 553 3809 λέγεται
577 3739 734 3802 Θεὸς,
759 3739 1028 3806 τέσσαρες
1060 3733 1176 3786 Geel.
1201 3728 1312 3785 εἷεν
1336 3732 1468 3799 ἡμῖν
1489 3725 1796 3793 συναγόμε-

199 3853 286 3886 νοι
321 3832 542 3900 eaad);-
581 3829 717 3898 πρὸς
743 3827 799 3880 δὲ
831 3826 1065 3888 τούτοις,
1095 3822 1219 3878 ἐπεὶ
1270 3823 1304 3891 ἡ
1341 3819 1501 3887 φύσις
1528 3831 1800 3888 περιεκτι-

201 3924 432 3995 κωτὲρα
461 3939 522 3974 τε
560 3921 654 3974 καὶ
677 3918 962 3987 κοινοτέρα
987 3916 1096 3968 τῶν
1137 3911 1491 3966 ὑποστάσεών
1520 3910 1636 3960 ἐστι
1655 3923 1670 3939 ο
1706 3909 1803 3960 καὶ

205 4021 241 4088 ἡ
271 4017 417 4067 κατὰ
443 4011 673 4080 φυσικὸν
701 4011 859 4078 λόγον
883 4008 1098 4077 Θεότης,
1132 4007 1335 4077 μείζων
1365 4003 1544 4056 ἔσται’
1575 3997 1685 4072 ἆρα
1709 3997 1803 4052 οὖν

209 4105 419 4175 μείζων
469 4102 602 4165 Θεὸς
665 4103 729 4154 ὲκ
765 4101 868 4170 τῆς
907 4100 1145 4168 φύσεως,
1197 4097 1292 4150 καὶ
1323 4097 1560 4150 ἐλάττων
1606 4096 1669 4145 ὲκ
1703 4091 1805 4160 τῆς

206 4195 569 4254 ὑποστάσεως
601 4194 629 4245 ό
651 4192 887 4262 Χριστος
912 4189 1072 4252 αὑτὸς
1108 4186 1304 4241 ἑαυτοῦ
1330 4186 1689 4256 νοηῡήσεταις
1713 4181 1806 4232 ἐπὶ

207 4289 271 4342 δὲ
298 4288 466 4340 πᾶσιν
496 4286 545 4337 εἰ
568 4287 596 4337 ὁ
621 4285 795 4352 Λόγος
833 4283 1001 4353 ἡτουν
1029 4282 1062 4351 ή
1092 4281 1391 4340 ὑπόστασις
1441 4275 1536 4329 τοῦ
1568 4271 1804 4346 Χριστοῦ

206 4380 313 4434 καὶ
341 4376 479 4431 καθὸ
502 4377 676 4444 Λόγος
697 4377 816 4429 ἐστὶ
855 4375 950 4428 καὶ
980 4374 1129 4441 Υἱὸς,
1181 4372 1314 4433 Θεὺς
1343 4368 1566 4438 νοηθείη
1595 4365 1805 4432 ἁπλῶς,

206 4477 308 4526 καὶ
339 4471 401 4523 οὐ
433 4472 502 4540 τῇ
532 4467 948 4538 ὲνοεωρουμὲνη
999 4463 1147 4533 αὐτῷ
1193 4463 1352 4532 οὐσίᾳ
1380 4459 1545 4513 αὑτοῦ
1605 4457 1806 4510 τοιόνδε

1887 1990 1993 2046 hoc
2015 2006 2236 2056 nomen,
2268 1992 2436 2057 Deus,
2456 1992 2524 2046 de
2550 1997 2749 2045 natura
2773 1990 3293 2055 esse,substantiam
3322 1989 3483 2061 prius

1889 2099 1998 2138 non
2040 2098 2334 2154 personam
2377 2077 2692 2154 designare,
2720 2083 2867 2139 sicut
2887 2098 2992 2138 vox
3019 2081 3186 2137 homo
3207 2097 3321 2137 non
3348 2097 3480 2152 per-

1889 2191 2082 2230 sonam
2112 2175 2290 2240 Pauli,
2317 2177 2413 2231 sed
2441 2188 2692 2231 naturam
2737 2177 2856 2248 ejus
2889 2186 3072 2239 vocat,
3115 2182 3173 2230 et
3207 2173 3326 2240 uni,
3363 2173 3484 2228 cui-

1888 2263 2047 2328 libet,
2113 2264 2315 2336 cuique
2366 2265 2658 2320 individuo
2716 2275 2775 2320 et
2825 2265 3104 2320 universis
3161 2263 3484 2320 hominibus

1890 2365 2074 2424 potest
2115 2357 2314 2426 aptari,
2344 2356 2492 2426 quod
2517 2371 2630 2411 non
2661 2363 2747 2411 est
2767 2371 2922 2426 teque
2950 2354 3248 2410 dicendum
3288 2353 3358 2409 de
3394 2353 3484 2410 bis

1891 2455 2146 2519 vocibus,
2186 2457 2404 2522 Petrus,
2438 2456 2666 2521 Paulus,
2692 2469 2983 2526 personam
3015 2451 3483 2525 signiﬁcantibus.

1893 2546 2011 2613 Qua
2022 2564 2156 2622 ergo
2172 2551 2385 2605 ratione
2403 2550 2510 2606 hoc
2528 2551 2723 2606 eodem
2745 2547 2915 2604 verbo
2931 2548 3048 2604 sive
3071 2559 3345 2612 naturam,
3366 2547 3486 2602 sive

1894 2659 2191 2717 personam
2234 2643 2534 2713 appellanti
2570 2642 2716 2697 idem
2752 2642 3063 2713 subjectum
3097 2641 3266 2696 variis
3304 2639 3486 2696 modis

1896 2737 2102 2808 poterit
2132 2736 2451 2807 designari?
2479 2736 2549 2792 Et
2573 2735 2802 2791 aliunde
2834 2744 3048 2791 naturae
3080 2748 3286 2789 nomen
3328 2732 3488 2788 simi-

1895 2828 2188 2885 litudinem
2233 2828 2401 2884 unius
2429 2842 2556 2883 cum
2588 2828 2764 2882 altero
2803 2826 3035 2893 indicat,
3068 2823 3359 2896 personale
3385 2839 3486 2878 au—

1897 2929 2008 2975 tem
2051 2919 2270 2974 nonnisi
2307 2919 2702 2974 diﬂ'erentiam.
2746 2918 2807 2972 Si
2843 2933 2975 2989 ergo
3005 2931 3141 2972 voce
3163 2917 3312 2972 Deus
3335 2915 3488 2971 desi-

1899 3021 2138 3082 gnantur
2167 3019 2366 3066 natura
2400 3019 2458 3066 et
2486 3026 2721 3081 persona
2754 3009 2984 3075 Christi,
3017 3009 3124 3064 hac
3155 3024 3264 3065 una
3288 3007 3489 3064 similis

1900 3098 2117 3153 duabus
2151 3099 2278 3153 aliis
2313 3100 2568 3168 personis
2613 3097 2839 3165 divinis,
2878 3106 2936 3154 et
2982 3097 3249 3153 dill‘erens
3287 3095 3360 3152 ab
3404 3094 3490 3152 eis

1903 3188 2248 3258 intelligitur.
2297 3188 2356 3242 Si
2399 3204 2513 3244 non
2556 3188 2734 3244 solum
2788 3196 3014 3258 propter
3062 3195 3340 3250 naturam,
3388 3184 3489 3240 sed

1901 3280 2068 3335 etiam
2113 3290 2341 3350 propter
2379 3280 2670 3351 proprium
2718 3296 2921 3336 nomen
2951 3281 3046 3335 illa
3075 3295 3313 3351 persona
3341 3279 3490 3335 Deus

1899 3381 2006 3434 est,
2046 3386 2179 3441 ergo
2212 3370 2431 3426 duabus
2463 3370 2855 3428 divinitatibus
2901 3373 3048 3428 Deus
3094 3371 3388 3438 Christus;
3431 3381 3491 3427 et

1901 3461 2048 3516 idem
2086 3461 2384 3517 dicendum
2410 3463 2478 3517 de
2505 3463 2666 3518 Patre
2695 3473 2754 3518 et
2795 3462 3003 3533 Spiritu
3041 3473 3255 3520 sancto.
3281 3463 3340 3519 Si
3370 3463 3490 3533 ipsa

1902 3553 2241 3619 substantia,
2283 3567 2340 3608 et
2378 3563 2492 3610 tres
2525 3569 2775 3624 personzc
2796 3565 3000 3611 sanetze
3023 3555 3316 3611 Trinitatis
3342 3555 3489 3611 Deus

1902 3645 2187 3710 dicuntur,
2227 3661 2462 3715 quaeque
2509 3655 2737 3716 propter
2783 3661 2844 3702 se
2868 3647 3063 3717 ipsam,
3094 3655 3209 3700 tum
3241 3645 3490 3716 profecto

1903 3749 2145 3806 quatuor
2187 3737 2323 3791 deos
2368 3736 2659 3792 habemus.
2709 3737 2779 3791 Et
2835 3737 3062 3807 insuper
3109 3752 3239 3792 cum
3291 3748 3491 3793 natura

1904 3829 2173 3898 majorem
2206 3828 2406 3884 habeat
2432 3828 2815 3883 extensionem
2847 3838 2906 3883 et
2931 3829 3488 3898 comprehensionem

1904 3933 2070 3988 quam
2123 3932 2382 3986 persona,
2432 3918 2608 3988 major
2647 3917 2756 3971 erit
2797 3916 2890 3971 illa
2919 3916 3184 3972 divinitas
3221 3933 3344 3988 qua:
3391 3932 3492 3988 per

1907 4023 2160 4063 naturam
2190 4008 2515 4080 designatur
2549 4026 2563 4062 :
2594 4008 2844 4078 nunquid
2871 4023 3004 4079 ergo
3030 4007 3284 4064 Christus
3309 4006 3492 4077 seipse

1909 4101 2085 4170 major
2135 4101 2282 4155 Deus
2327 4115 2397 4154 ex
2445 4109 2670 4165 natura,
2701 4111 2760 4156 et
2797 4100 2978 4155 minor
3018 4115 3088 4155 ex
3115 4098 3392 4169 persona?
3424 4099 3496 4154 Et

1908 4194 2146 4247 maxime
2187 4193 2234 4247 si
2276 4193 2540 4260 Verbum,
2580 4209 2678 4248 seu
2720 4207 2957 4264 persona
2992 4190 3200 4248 Christi
3230 4191 3376 4246 Deus
3406 4190 3493 4244 in-

1911 4284 2177 4354 telligitur
2231 4284 2562 4353 simpliciter
2605 4284 2734 4355 quia
2778 4285 3024 4339 Verbum
3065 4293 3151 4339 est
3196 4291 3255 4338 et
3298 4281 3494 4344 Filius,

1908 4389 2091 4444 neque
2129 4390 2197 4429 ex
2242 4375 2550 4430 substantia
2580 4373 2636 4430 in
2666 4391 2734 4430 eo
2758 4374 2944 4430 habita
2979 4374 3087 4430 hoc
3111 4389 3312 4429 nomen
3338 4386 3496 4428 acccc

1909 4465 1993 4536 pit
2017 4483 2030 4532 ;
2069 4475 2126 4520 et
2157 4481 2282 4520 cum
2314 4467 2478 4522 Pater
2505 4481 2685 4536 neque
2711 4467 2972 4532 Verbum,
3001 4481 3183 4536 neque
3205 4464 3378 4521 Filius
3401 4467 3497 4526 sit,

207 4566 390 4633 ὄνομα
417 4561 578 4629 μόνον
603 4559 1013 4629 σφετερίζεται·
1044 4559 1165 4610 ἐπει⁵
1183 4559 1213 4609 ὁ
1238 4554 1427 4624 Πατὴρ
1442 4549 1725 4623 προδήλως
1747 4552 1796 4602 oi

1917 4561 2025 4613 erit
2075 4559 2245 4629 igitur
2293 4574 2406 4614 non
2457 4560 2624 4629 Deus,
2672 4560 2760 4615 vel
2811 4575 2925 4616 non
2975 4558 3210 4625 similis;
3251 4567 3310 4613 et
3363 4557 3498 4612 item

207 4653 390 4719 Λόγος
417 4650 538 4704 οὐδὲ
571 4650 722 4713 Υἱὸς,
761 4650 917 4701 ἔσται
943 4648 1056 4719 ἄρα
1087 4647 1208 4699 οὑδὲ
1235 4644 1445 4715 Θεὸς,ἢ
1480 4643 1540 4696 οὐ
1564 4640 1803 4696 τοιόσδεο

207 4742 419 4812 ὁμοίως
442 4742 539 4793 καὶ
562 4740 627 4793 τὸ
661 4739 886 4809 Πνεῦμα
915 4741 977 4791 τὸ
1001 4740 1158 4806 ἅγιον
1180 4753 1192 4766 ·
1246 4737 1343 4806 μία
1376 4731 1468 4789 οῦν
1497 4733 1682 4804 ὁμοία,
1716 4735 1808 4787 καὶ

217 4814 376 4906 τρεῖς
404 4834 656 4902 διάφοροι
713 4831 968 4902 θεότητες
989 4847 1004 4860 ·
1055 4830 1151 4883 καὶ
1180 4830 1412 4882 ἕκαστον
1443 4827 1586 4880 θεῖον
1635 4825 1808 4896 πρόσ-

208 4943 388 4990 ωπον,
420 4925 674 4977 σύνθετον
695 4924 760 4976 ὲκ
787 4922 882 4976 δύο
909 4922 1179 4992 Θεοτήτων
1207 4919 1502 4991 διαφόρων,
1549 4918 1677 4987 μιᾶς
1709 4915 1808 4985 μὲν

212 5018 440 5088 ὁμοίας,
498 5017 691 5087 ἐτέρας
751 5013 811 5067 δὲ
865 5013 1153 5084 ἀνομοίουσ
1210 5013 1260 5065 εί
1316 5011 1373 5064 δὲ
1415 5010 1588 5064 ταῦτα
1626 5008 1810 5062 πάντα

211 5112 422 5171 ἄτοπα,
447 5108 605 5176 δῆλον
636 5107 713 5169 ὡς
745 5108 812 5160 ἐκ
855 5105 1072 5175 φύσεως
1112 5105 1273 5176 μόνον
1310 5104 1444 5166 Θεός
1472 5119 1534 5156 τε
1583 5103 1613 5155 ό
1637 5102 1810 5170 Λόγος

215 5202 388 5272 ήγουν
417 5203 448 5255 ό
479 5201 736 5271 Χριστὸς,
771 5202 867 5252 καὶ
889 5203 919 5253 ὁ
947 5199 1161 5271 Πατὴρ,
1187 5199 1279 5277 θεαὶ
1306 5197 1367 5250 τὸ
1391 5197 1547 5265 ἅγιον
1581 5194 1804 5266 Πνεῦμα

210 5293 471 5361 λέγεται·
499 5292 688 5363 ῶσπερ
715 5288 810 5346 οῦν
865 5292 962 5345 καὶ
1009 5290 1299 5360 ἄνθρωπος
1353 5289 1383 5344 ὃ
1433 5305 1493 5342 τε
1521 5287 1684 5342 Δαὸὶδ
1712 5287 1807 5341 καὶ

211 5383 474 5455 Σολομῶν
495 5400 509 5416 ο
530 5379 658 5438 οὑτε
689 5385 797 5454 γὰρ
826 5384 859 5454 ἢ
884 5384 1142 5453 Χριστὸς.
1167 5383 1202 5452 ἢ
1229 5381 1418 5446 Δασῖδι
1451 5382 1484 5453 ἦ
1519 5381 1806 5451 προφήτης

1911 4648 2154 4721 Spiritus
2197 4659 2442 4706 sanctus.
2484 4652 2605 4708 Una
2636 4666 2770 4723 ergo
2803 4650 3118 4706 communis
3156 4659 3215 4706 et
3250 4652 3365 4704 tres
3413 4648 3496 4704 di-

1909 4756 2083 4796 versae
2112 4743 2368 4798 essentia:
2411 4743 2642 4810 divinas;
2687 4759 2920 4814 quaeque
2963 4758 3200 4814 persona
3243 4741 3430 4796 divina
3465 4757 3498 4796 e

1911 4835 2128 4889 duabus
2170 4835 2408 4890 diversis
2451 4835 2840 4908 divinitatibus
2881 4836 3179 4902 constabit,
3210 4851 3319 4890 una
3345 4822 3502 4889 com;

1913 4927 2093 4992 muni,
2135 4935 2190 4982 et
2231 4927 2405 4982 altera
2431 4929 2775 4998 particulari.
2810 4928 2942 4994 Quae
2967 4927 3017 4982 si
3040 4927 3280 4983 absurda
3306 4925 3501 4980 viden-

1913 5029 2026 5084 tur,
2061 5027 2213 5090 patet
2236 5021 2351 5075 sola
2375 5031 2577 5083 natura
2605 5022 2776 5076 Deum
2799 5036 2922 5076 esse
2945 5020 3189 5076 Verbum
3215 5035 3314 5075 seu
3339 5017 3500 5073 Chri-

1914 5119 2061 5164 stum
2112 5121 2170 5165 et
2215 5112 2435 5167 Patrem
2463 5121 2521 5168 et
2548 5111 2840 5182 Spiritum,
2870 5121 2933 5167 ut
2959 5110 3152 5166 videre
3182 5119 3267 5167 est
3294 5110 3364 5165 de
3389 5109 3496 5164 Da—

1913 5199 2030 5265 vid,
2078 5199 2147 5254 de
2203 5200 2496 5256 Salomone
2540 5201 2863 5258 hominibus
2890 5218 2904 5255 :
2935 5216 3049 5256 non
3078 5200 3354 5265 Christus,
3385 5215 3497 5253 non

1913 5288 2107 5353 David,
2147 5303 2257 5343 non
2299 5289 2576 5360 prepbeta
2623 5298 2808 5346 estex
2847 5299 3079 5358 natura;
3109 5303 3292 5360 neque
3332 5288 3502 5343 homo

1915 5393 2094 5440 estex
2127 5401 2387 5456 persona,
2419 5387 2526 5444 nisi
2545 5387 2690 5443 forte
2722 5387 3063 5460 speculative
3090 5385 3392 5459 loquendo.

216 5480 334 5536 ἀπὸ
355 5481 456 5551 τῆς
481 5480 722 5553 φύσεως,
753 5481 880 5535 οὕτε
905 5481 1195 5552 ἄνθρωπος
1217 5480 1329 5535 ἀπὸ
1341 5481 1442 5550 τῆς
1461 5479 1816 5544 ὑποστάσεως
1851 5480 2174 5552 ὀνομάζοιτο
2201 5483 2268 5538 ἂν
2302 5484 2514 5550 ἁπλῶς,
2571 5487 2627 5566 ,ει
2691 5484 2770 5556 μὴ
2801 5485 2911 5556 ἄρα
2948 5482 3030 5556 τῷ
3055 5483 3159 5554 τῆς
3207 5477 3504 5551 ινθεωριας

210 5577 379 5648 λόγῳ.

823 5668 1078 5726 ΚΕΦΑΛ.
1111 5669 1212 5724 ιθν.

296 5756 449 5814 Πᾶσα
488 5760 674 5832 φύσις,
719 5762 886 5832 φασὶ,
942 5761 1032 5815 διὰ
1078 5760 1190 5815 τῶν
1241 5761 1594 5816 ὑποστάσεων
1637 5761 1809 5833 αὐτῆς

215 5866 519 5922 ιγνωσται·
549 5851 727 5916 οὐδεὶς
763 5854 875 5923 γὰρ
907 5848 1051 5906 οῑδεν
1081 5853 1377 5922 ίππότητα,
1416 5854 1491 5924 μὴ
1520 5852 1682 5922 γνοὺς
1709 5853 1807 5907 ιδι-

546 5951 822 6012 Ριτιιοε..
870 5952 991 6015 Gn.
1039 5949 1375 6015 LXXXVI.

2537 5671 2689 5730 CAP.
2721 5672 2865 5729 XIX.

1990 5762 2097 5819 Sed
2130 5765 2314 5819 omnis
2341 5774 2566 5831 natura,
2600 5767 2882 5837 inquiunt,
2917 5781 2986 5821 ex
3015 5779 3116 5821 sua
3140 5773 3379 5834 persona
3407 5773 3503 5812 eo-

1917 5854 2242 5924 gnoscitur:
2279 5856 2525 5926 equitem
2563 5871 2729 5914 nemo
2761 5856 3021 5929 cognovit
3054 5854 3162 5910 nisi
3202 5852 3359 5926 prius
3401 5849 3502 5906 ho-

3065 5951 3143 6013 50
