4214 6450
265 411 388 477 1581

1180 420 1574 482 ADVERSUS
1614 423 2161 488 NESTORIANOS.
2202 451 2271 462 -τ
2304 431 2450 490 LIB.
2498 430 2577 489 Π.

3376 431 3512 498 1582

263 527 436 594 σάρκα
467 527 652 592 αὑτοῦ,
697 532 789 584 καὶ
837 531 1198 604 ἐψυχωμὲνην
1218 530 1381 596 εἶναι,
1434 537 1527 588 καὶ
1560 536 1654 589 τοῦ
1691 537 1834 589 θείου

1945 536 2111 592 Verbi
2142 538 2236 590 Dei
2290 541 2470 594 anima
2526 543 2780 596 rationali
2828 551 2885 597 et
2923 543 3196 612 cogitante
3230 543 3508 613 praeditam

257 616 432 682 Λόγου
464 619 642 689 σάρκα
680 618 819 674 εἶναι
851 622 1208 695 ὲψυχωμένην
1242 625 1387 695 ψυχῇ
1420 627 1610 696 λογικῇ
1658 645 1717 679 τε
1745 629 1835 680 καὶ

259 709 423 776 wst
446 727 458 740 ·
491 708 611 761 οὔτε
657 712 763 780 γὰρ
815 714 1005 782 χρόνου
1050 716 1182 784 πρὸς
1215 717 1564 788 καταπραξιν
1593 717 1702 771 τῶν
1735 717 1834 787 τῆς

255 800 501 861 εὐδοκίας
543 803 709 857 αὑτοῦ
739 805 909 858 δεῖται
957 808 985 860 ὁ
1029 809 1468 878 Παντοδύναμος,
1505 809 1628 864 οὕτε
1675 810 1835 878 λόγον

256 891 402 958 ἔχειν
429 891 524 962 τὴν
550 895 612 946 ἐκ
638 896 871 960 πίστεως
900 897 1060 966 λόγου
1097 900 1361 968 σύλληψιν
1391 903 1484 954 καὶ
1510 902 1705 972 κύησιν
1733 903 1833 972 τῆς

257 984 536 1050 μακαρίας
566 986 840 1055 Παρθένου
864 994 1235 1062 πιστευσᾱισης
1291 995 1372 1046 ὅτι
1407 993 1599 1046 Ἔσται
1621 994 1833 1047 τελείω-

255 1088 338 1134 σις
357 1076 466 1136 τοῖς
493 1075 878 1148 λελαλημένοις
901 1083 1037 1150 αὐτῇ
1065 1085 1213 1152 παρὰ
1239 1084 1466 1152 Κυρίου,
1501 1086 1641 1154 ὑπὲρ
1654 1087 1833 1139 πᾶσαν

251 1163 446 1217 ἐλπίδα
475 1168 567 1218 καὶ
599 1167 810 1222 ἔννοιαν
835 1173 926 1222 καὶ
953 1171 1117 1240 φύσιν
1145 1172 1315 1238 οὖσιν,
1349 1175 1552 1242 ὁμοίως
1582 1175 1828 1243 προϊέναι

249 1254 373 1308 ταῖς
421 1256 527 1306 τῶν
561 1260 891 1325 σωματικῶν
951 1263 1283 1330 σπερμάτων
1343 1264 1710 1320 τελειώσεσιν.
1764 1267 1832 1319 Ἦ

253 1344 354 1409 μὲν
375 1346 482 1414 γὰρ
520 1351 599 1412 εἰς
635 1352 813 1420 σάρκα
835 1355 1034 1422 σπορὰ,
1070 1356 1132 1405 ἐκ
1159 1354 1462 1426 θελήματος
1490 1359 1690 1426 σαρκός
1717 1360 1832 1411 ἐστι

249 1432 580 1504 διιυῢηθείσα
634 1443 770 1511 σὰρξ
815 1445 1042 1513 δυνάμει
1073 1450 1274 1516 φυσικῇ
1297 1463 1309 1476 ’
1370 1451 1404 1518 ἡ
1435 1448 1491 1500 δὲ
1521 1451 1600 1510 εἰς
1653 1445 1832 1518 ψσχὴν

249 1526 435 1587 πίστις
469 1528 617 1580 ἐστὶν
660 1532 718 1596 ἐξ
750 1532 996 1598 εὐδοκίας
1045 1535 1178 1588 θεοῦ
1252 1537 1701 1606 σπινθηρισθεῗσα
1739 1540 1832 1592 καὶ

252 1619 617 1681 μεταδοθείσα
642 1623 768 1687 δόξα
793 1625 882 1676 διὰ
913 1627 1084 1693 Λόγου
1120 1628 1320 1691 ζῶντος
1341 1629 1478 1680 Θεοῦ
1517 1631 1610 1682 καὶ
1646 1629 1835 1699 μένον-

248 1724 362 1769 τος.
408 1714 653 1778 γεννῶσα
706 1717 1149 1786 ὁμοιογνώμονας
1198 1720 1299 1788 τῆς
1346 1722 1483 1784 ἰδίας
1524 1721 1828 1774 ἐνδιαθέτου

247 1804 489 1868 κρίσεως
516 1805 653 1872 τῷδε
673 1808 751 1875 τῲ
772 1812 1016 1878 εἰρηκότι
1037 1812 1169 1881 πρὸς
1189 1812 1279 1865 τὸν
1305 1814 1475 1880 Λόγον
1496 1812 1711 1878 ἑαυτοῦ,
1728 1815 1831 1868 Ἐν

1940 628 2070 695 (nou
2103 630 2249 682 enim
2280 641 2526 701 tempore
2549 633 2758 702 indiget
2777 635 3127 704 omnipotens
3149 636 3215 689 ad
3238 636 3511 704 implenda

1937 733 2049 771 suzc
2079 719 2363 776 cltaritatis
2402 724 2694 793 consilia);
2735 741 2842 779 non
2883 741 3043 794 posse
3076 727 3322 780 enarrari
3354 726 3512 781 Verbi

1937 813 2354 881 conceptionem
2398 832 2462 868 ex
2492 816 2618 881 fide,
2676 826 2733 871 et
2781 817 3022 886 denique
3065 825 3286 887 partum
3341 817 3514 871 beata'

1936 904 2175 974 Virginis
2198 907 2481 962 credentis
2505 911 2779 980 implenda
2803 926 2925 965 esse
2945 925 3068 980 quae
3088 910 3191 964 sibi
3224 925 3253 962 a
3284 910 3515 964 Domino

1937 994 2083 1049 dicta
2113 996 2353 1060 fuerant,
2380 1014 2548 1068 super
2576 1016 2794 1055 omnem
2835 1016 3012 1070 spem,
3046 1010 3102 1053 et
3128 998 3514 1067 cogitationem

1935 1095 1994 1142 et
2026 1093 2304 1149 naturam,
2341 1087 2598 1141 similiter
2642 1096 2906 1156 praestare
2943 1086 3249 1155 corporalis
3291 1084 3518 1139 seminis

1937 1175 2263 1245 operationi.
2299 1173 2518 1229 Etenim
2565 1175 2750 1229 carnis
2793 1173 3118 1236 seminatio,
3161 1189 3293 1227 caro
3327 1181 3414 1226 est
3449 1188 3518 1226 ex

1936 1266 2118 1320 carnis
2146 1265 2454 1334 cupiditate
2478 1264 2713 1318 naturali
2747 1262 2992 1332 potentia
3027 1262 3227 1316 emissa
3253 1279 3269 1326 ;
3294 1270 3351 1317 et
3381 1261 3516 1315 fides

1934 1364 2129 1420 anima:
2172 1365 2443 1434 sapientia
2491 1373 2577 1419 est
2605 1378 2673 1417 ex
2700 1363 2968 1417 cbaritate
2997 1363 3116 1428 Dei,
3149 1377 3247 1432 per
3274 1361 3515 1416 Verbum

1934 1454 2028 1507 Dei
2048 1455 2238 1509 vivens
2259 1464 2313 1508 et
2333 1469 2687 1525 permanens,
2712 1453 2983 1523 fulgurata
3007 1462 3062 1507 et
3086 1450 3514 1515 communicata,

1933 1560 2056 1612 qua:
2110 1546 2410 1616 participes
2452 1545 2584 1600 facit
2637 1544 2922 1614 sapientiae
2969 1543 3204 1612 propria:
3227 1553 3284 1596 et
3314 1543 3516 1598 innate

1933 1635 2114 1690 Patris
2145 1635 2382 1690 dicentis
2409 1636 2478 1690 ad
2523 1631 2765 1689 Verbum
2811 1649 2971 1688 suum
3006 1650 3019 1686 :
3050 1634 3112 1686 1η
3143 1642 3191 1684 te
3222 1633 3348 1685 mihi
3377 1649 3513 1685 com-

1932 1725 2134 1794 placui.
2187 1727 2290 1780 Per
2350 1727 2492 1781 hanc
2534 1725 2881 1796 spiritualem
2925 1724 3400 1793 regenerationem
3446 1737 3514 1776 ex

1932 1831 2072 1886 aqua
2107 1826 2164 1872 et
2199 1817 2420 1887 Spiritu,
2453 1817 2773 1887 quicunque
2817 1815 2997 1870 credit
3032 1816 3085 1868 iu
3117 1813 3397 1868 Christum
3431 1811 3518 1866 in-

245 1892 350 1944 σὸὶ
384 1894 691 1962 εὐδόκησα
719 1913 732 1925 ·
766 1903 905 1954 κατά
930 1902 1060 1969 γοῦν
1084 1903 1182 1971 τὴν
1210 1904 1417 1956 τοιάνδε
1451 1905 1826 1974 πνευματικὴν

1939 1917 2240 1974 earnatum,
2283 1918 2536 1963 naturam
2573 1909 2756 1964 carnis
2780 1917 2956 1963 mutat
2987 1908 3042 1960 in
3071 1906 3364 1976 Spiritum,
3391 1905 3517 1959 abs-

247 1985 607 2056 ἀναγέννησιν
631 1992 721 2042 καὶ
743 1991 808 2043 δι’
831 1992 1021 2057 ὓδατος
1051 1997 1144 2049 καὶ
1172 1997 1309 2049 Πνεύ
1319 2015 1484 2066 ματος
1511 1999 1709 2061 πάντες
1729 1997 1829 2067 τὴν

245 2077 413 2144 φύσιν
441 2083 540 2150 τῆς
566 2086 767 2154 σαρκὸς
795 2089 874 2152 εἰς
908 2087 1124 2158 πνεῦμα
1146 2090 1388 2159 ἀχρόνως
1408 2088 1832 2157 ἁναγεννώμεθα

243 2167 294 2218 οἱ
333 2174 681 2236 πιστεύοντες
727 2176 802 2246 τῷ
851 2177 1027 2241 οὕτως
1067 2180 1231 2232 ’κατὰ
1282 2179 1460 2246 σάρκα
1517 2177 1829 2247 γεννηθέντι

244 2257 508 2329 Χριστῷ·
541 2262 629 2316 διὰ
661 2264 718 2316 τὸ
748 2267 805 2318 ἐν
842 2268 1006 2335 σαρκὶ
1026 2263 1194 2320 οὖσαν
1227 2268 1324 2338 τὴν
1351 2269 1551 2338 ψυχὴν,
1585 2285 1833 2337 πνευμα-

243 2345 412 2416 τικὴν
437 2350 589 2418 ὅμως
613 2353 774 2422 τήνδε
815 2357 1044 2425 σπορὰν,
1090 2358 1184 2409 καὶ
1219 2357 1605 2427 πνευματικῶς
1658 2376 1822 2410 καται

242 2437 552 2508 δεξαμένην
575 2445 844 2515 ἑνωοῆναι
864 2451 928 2517 τῇ
962 2449 1161 2518 κρίσει.
1210 2453 1588 2520 πνευματικῆς
1619 2453 1834 2518 φύσεως

244 2527 582 2601 ἀξιωθῆναι·
616 2537 697 2588 διὸ
718 2539 887 2610 καὶτῇ
913 2542 1075 2609 φύσει
1095 2558 1107 2571 ·
1135 2542 1225 2593 τὸν
1254 2542 1362 2613 γὰρ
1383 2542 1541 2610 λόγον
1575 2561 1688 2608 σου,
1717 2545 1832 2597 Κύ·

247 2641 357 2694 ριε,
376 2630 550 2682 εἴτουν
575 2649 594 2682 ι
630 2633 816 2698 φόϐον,
845 2636 902 2686 ἐν
919 2637 1120 2706 γαστρὶ
1137 2637 1422 2706 ἐλάϐομεν,
1451 2637 1546 2690 καὶ
1569 2637 1834 2707 ὼδινήσα-

247 2735 353 2787 μεν
397 2739 416 2770 ι
456 2725 521 2793 τῇ
559 2723 740 2776 πίστει
767 2727 948 2792 αὐτον,
977 2730 1034 2780 ὲν
1055 2731 1268 2792 ἑαυτοῖς
1292 2730 1544 2798 ἐργωδῶς
1577 2730 1836 2798 τελεσφο-

250 2812 502 2881 ροῦντες,
546 2834 565 2866 ι
607 2818 702 2869 καὶ
736 2820 998 2888 ὲτέκομεν
1031 2820 1248 2889 πνεῦμα
1290 2822 1566 2892 σωτηρίας
1597 2822 1626 2875 ὃ
1651 2825 1837 2891 ἐποιή-

253 2917 435 2971 σαμεν
461 2906 552 2956 ἐπὶ
578 2907 676 2976 τῆς
705 2908 827 2976 γῆς.
866 2927 884 2958 ›
917 2908 976 2962 ’0
1003 2909 1111 2979 γὰρ
1137 2912 1194 2962 ἐν
1217 2913 1380 2981 σαρκὶ
1398 2910 1494 2974 ὢν,
1513 2911 1608 2964 καὶ
1633 2912 1707 2982 μὴ
1727 2913 1836 2975 τοῖς

242 2994 393 3048 κατὰ
449 3001 625 3068 σάρκα
660 3000 1028 3068 φαινομένοις,
1063 2994 1217 3054 ’ἀλλὰ
1258 3005 1373 3066 τοῖς
1427 3003 1570 3056 κατὰ
1622 3003 1838 3072 πνεῦμα

244 3086 551 3154 τιθέμενος,
606 3091 798 3144 ἑαυτοῦ
838 3110 954 3156 πως
1010 3094 1107 3162 τὴν
1152 3095 1404 3148 σύνθεσιν
1460 3094 1824 3164 μεταμείϐει·

244 3175 372 3230 ἀντὶ
399 3181 499 3250 τῆς
528 3183 594 3252 τῇ
632 3185 795 3253 σαρκὶ
834 3189 1066 3255 φυσικῆς
1101 3189 1498 3256 συμφορήσεως
1529 3186 1833 3254 ἀποσχίσας

1933 2018 2040 2072 quc
2075 2010 2356 2074 tempore;
2383 2018 2507 2056 nam
2539 2002 2720 2056 anima
2745 2016 2867 2070 qum
2893 2000 2946 2053 in
2984 2014 3150 2054 carne
3181 2005 3288 2060 est,
3323 2004 3380 2050 et
3410 1995 3517 2051 hoc

1935 2108 2122 2149 semen
2177 2094 2468 2164 Spirituale
2521 2093 2889 2163 spiritualiter
2943 2089 3182 2160 accipit,
3232 2087 3518 2157 sapientiae

1934 2180 2146 2244 unitur,
2198 2179 2472 2250 spirituali
2521 2191 2719 2234 natura
2750 2178 2913 2249 digna
2938 2177 3244 2249 iudicatur,
3281 2175 3517 2246 ideoque

1934 2281 1990 2326 et
2020 2281 2232 2327 natura:
2267 2274 2479 2326 unitur.
2514 2272 2729 2326 Etenim
2759 2271 2988 2326 verbum
3028 2282 3208 2335 tuum,
3259 2266 3515 2327 Domine.

1938 2379 2034 2418 seu
2076 2383 2093 2414 ι
2132 2365 2384 2419 timorem
2419 2365 2473 2418 in
2529 2374 2688 2418 utero
2733 2363 3068 2432 accepimus,
3112 2369 3169 2415 et
3221 2357 3521 2429 parturivi-

1935 2471 2104 2508 mus»
2167 2455 2273 2510 fide
2328 2466 2384 2509 et
2421 2455 2686 2526 operibus
2736 2457 2792 2509 in
2844 2453 3008 2508 nobis
3051 2451 3410 2523 protulimus,
3463 2460 3523 2504 et

1942 2563 1960 2596 ι
2001 2545 2319 2614 peperimus
2349 2546 2604 2615 spiritum
2649 2545 2844 2600 salutis
2900 2553 3023 2608 tuae,
3075 2559 3238 2615 quem
3289 2544 3523 2599 fecimus

1937 2654 2105 2708 super
2138 2648 2338 2694 terram
2358 2640 2422 2692 ¹⁸.
2456 2659 2474 2690 ›
2503 2639 2607 2706 Qui
2634 2640 2781 2694 enim
2811 2639 3085 2694 exsisteus
3116 2639 3170 2693 in
3201 2654 3387 2704 carne,
3409 2655 3520 2694 non

1938 2734 2074 2786 vivit
2101 2733 2405 2786 secundum
2450 2748 2698 2798 carnem,
2750 2733 2845 2787 sed
2894 2732 3200 2786 secundum
3238 2731 3524 2801 spiritum,

1939 2841 2094 2880 suam
2143 2824 2521 2879 conditionem
2573 2824 2762 2894 aliquo
2794 2823 2959 2878 modo
2983 2822 3278 2877 convertit.
3309 2821 3526 2878 Nedum

1941 2916 2264 2985 temporalia
2296 2915 2463 2984 carni,
2499 2925 2816 2986 congreget,
2874 2914 3116 2984 seipsum
3165 2914 3424 2984 abnegat,
3471 2921 3531 2969 et

1941 3009 2202 3066 Ecclesia:
2240 3008 2514 3077 spirituali
2553 3024 2675 3077 qua:
2724 3007 2906 3061 tendit
2959 3006 3024 3061 ad
3081 3005 3372 3076 Spiritum,
3430 3021 3527 3060 seu

1941 3100 2186 3154 Verbum
2220 3101 2340 3164 Dei,
2377 3099 2436 3154 fit
2470 3101 2677 3153 socius.
2709 3098 2814 3164 Qui
2846 3099 3016 3169 igitur
3060 3098 3303 3152 Domino
3333 3098 3413 3152 sic
3447 3113 3547 3171 ag-l

1945 3189 2272 3259 glutinatur,
2315 3204 2461 3243 unus
2490 3187 2717 3257 spiritus
2749 3195 2833 3242 est
2870 3202 2996 3242 cum
3028 3202 3115 3242 eo.

243 3274 460 3338 ἑαυτὸν,
517 3277 612 3330 καὶ
655 3277 753 3346 τῆς
797 3279 934 3347 πρὸς
984 3279 1045 3332 τὸ
1109 3279 1331 3348 Πνεῦμα
1370 3280 1398 3332 ὃ
1458 3281 1606 3331 ἐστιν
1675 3280 1704 3331 ὁ
1740 3279 1873 3342 Θεὸς
1906 3279 2077 3348 Λόγος
2131 3281 2424 3351 γενόμενος
2485 3282 2769 3351 γνωμικῆς
2825 3281 3211 3344 συνελεύσεως.
3288 3280 3346 3334 '0
3386 3279 3536 3352 yoﬁv

243 3371 396 3425 οὕτω
441 3370 780 3443 κολλώμενος
815 3373 892 3443 τῷ
941 3373 1151 3443 Κυρίῳ,
1188 3374 1245 3424 ἓν
1297 3371 1516 3426 πνεῦμά
1555 3372 1672 3424 ὲστι
1713 3373 1809 3424 σὺν
1847 3371 2013 3440 αὐτῷ.

835 3483 1085 3538 ΚΕΦΔΛ.
1123 3481 1254 3538 KA'.

324 3575 495 3627 Πάλιν
532 3571 625 3628 οὖν
656 3591 850 3643 φασιν
879 3575 942 3627 Ei
969 3577 1081 3638 τοῖς
1111 3575 1396 3644 ίδιωμασιν
1437 3575 1602 3628 αὑτοῦ
1643 3576 1673 3628 ὁ
1704 3575 1836 3639 Θεὸς

245 3668 425 3734 Λόγος
477 3667 887 3737 διακρινόμενος
940 3667 1034 3719 τοῦ
1066 3668 1352 3735 όμοουσίου
1418 3667 1582 3720 αὖτοῦ
1625 3668 1837 3738 Πατρός

245 3759 346 3810 καὶ
394 3757 735 3826 Πνεύματος,
785 3757 1086 3820 ὑπόστασις
1131 3759 1292 3820 εὐθὺς
1328 3761 1548 3822 νοεῖται,
1605 3758 1838 3822 καὶτοῖς

249 3850 542 3920 ίδιώμασιν
591 3850 761 3918 αὐτῆς
791 3849 898 3920 ἄρα
934 3852 966 3917 ἡ
1005 3851 1142 3921 σὰρξ
1181 3850 1344 3902 αὑτοῦ
1378 3849 1539 3919 τυχὸν
1573 3849 1646 3920 τῷ
1709 3849 1836 3901 ἄνευ

243 3943 527 4012 ἁμαρτίας
554 3943 617 3995 ὲκ
639 3941 914 4012 Παρθένου
935 3941 1218 4010 προελθεῖν
1239 3941 1458 4004 καὶτοῖς
1486 3940 1712 3993 τοιοῖσδε
1729 3940 1837 3993 τῶν

241 4035 554 4104 ὁμοουσίων
584 4035 723 4103 αὑτὴ
751 4035 971 4088 πάντων
1001 4033 1401 4104 διακεκριμένη
1432 4032 1592 4094 εὐθὺς
1623 4034 1716 4085 καὶ
1743 4032 1836 4102 ἦδε

246 4127 550 4188 ὑπόστασις
570 4127 787 4196 νοηθείη
805 4145 817 4157 ·
853 4127 973 4178 ἐπεὶ
989 4122 1082 4179 οὖν
1116 4129 1191 4196 μὴ
1217 4125 1285 4177 τὰ
1305 4125 1447 4177 αὐτὰ
1467 4123 1562 4176 τοῦ
1583 4126 1757 4192 Λόγου
1776 4141 1836 4177 τε

242 4221 346 4273 καὶ
369 4219 469 4280 τῆς
488 4217 690 4288 σαρκὸς
706 4217 774 4269 τὰ
800 4215 1086 4285 ἰδιώματα,
1115 4216 1236 4269 οὐδὲ
1253 4217 1310 4268 αἱ
1338 4215 1668 4275 ὑποστάσεις
1694 4213 1800 4284 ἄρα
1821 4231 1834 4243 ·

243 4313 370 4373 πῶς
398 4309 492 4366 οὖν
528 4312 625 4381 μία
654 4310 950 4371 ὑπόστασις
1001 4309 1131 4378 ὑμῖν
1170 4311 1204 4378 ἡ
1236 4308 1344 4360 τῶν
1393 4307 1488 4359 δύο
1530 4324 1589 4359 τε
1621 4306 1838 4375 φύσεων

242 4407 347 4460 καὶ
381 4404 573 4466 διττῶς
595 4401 1029 4472 διακεκριμένων
1073 4404 1138 4454 ὲκ
1167 4401 1277 4453 τῶν
1323 4398 1582 4468 ὁμοφυῶν
1627 4397 1837 4462 λελόγιο

243 4514 406 4560 σταιι
443 4495 585 4548 Ἀλλ’
620 4493 842 4563 εὕδηλόν
875 4495 992 4546 ἐστι
1032 4493 1110 4561 τῷ
1160 4489 1666 4562 προσεκτικώτερον
1718 4490 1838 4540 ὲπι-

240 4589 520 4652 ϐάλλοντι,
555 4587 632 4650 ὡς
680 4587 750 4640 τὰ
799 4586 900 4655 τῆς
937 4587 1136 4651 σαρκὸς
1165 4583 1260 4637 τοῦ
1317 4582 1523 4650 Κυρίου
1571 4581 1840 4649 ἰδιώματα

239 4683 448 4741 πάντα,
476 4681 558 4732 ἑνὶ
589 4677 1005 4746 καθολικωτέρῳ
1026 4675 1185 4745 αἰτίῳ
1235 4673 1414 4727 αὐτῶν
1443 4675 1662 4726 πάντων
1699 4671 1841 4724 ἰδιώ-

201 4785 204 4788 ’
241 4789 384 4843 ματι
420 4770 589 4838 αὐτῆς
633 4769 982 4837 περιέχεταισ
1040 4769 1069 4819 ὃ
1110 4769 1226 4819 ἐστι
1261 4766 1394 4818 αὐτὸ
1442 4763 1600 4816 τοῦτο
1641 4764 1703 4817 τὸ
1762 4764 1836 4833 μὴ

2565 3485 2718 3542 CAP.
2751 3486 2894 3541 XXI.

2018 3576 2085 3630 Et
2112 3593 2303 3632 rursus
2324 3577 2585 3647 inquiunt
2619 3595 2632 3631 :
2663 3565 2901 3632 Verbum
2928 3576 3026 3631 Dei
3065 3577 3183 3632 suis
3212 3577 3531 3633 notionibus

1944 3669 2182 3722 a.Patre
2207 3677 2266 3722 et
2321 3669 2531 3738 Spiritu
2579 3667 3143 3723 consubstamial'buc
3190 3668 3535 3733 distinctum,

1945 3775 2184 3828 persona
2208 3775 2328 3814 esse
2351 3760 2535 3814 statim
2572 3761 2904 3829 intelligi-sie
2929 3778 2940 3789 ·
3066 3768 3241 3828 .psius
3265 3776 3396 3815 caro
3417 3778 3540 3831 qua:

1945 3852 2063 3904 suis
2122 3851 2552 3920 proprietatibus
2606 3867 2803 3920 nempe
2863 3862 2984 3903 σει-ιι.
3057 3852 3410 3905 immaculato
3470 3868 3536 3906 ex

1946 3940 2190 4010 Virgine.
2241 3950 2296 3995 et
2333 3941 2458 3995 aliis
2513 3941 2789 3995 similibus
2829 3932 3196 4010 iz'istinguitur
3239 3940 3310 3995 ab
3356 3940 3541 3994 homi-

1945 4030 2109 4084 nibus
2135 4031 2388 4100 ejusdem
2423 4041 2660 4092 naturai.
2689 4047 2925 4101 persona
2947 4031 3225 4086 censenda
3254 4041 3376 4099 est;
3413 4048 3538 4087 Cum

1946 4137 2078 4190 ergo
2105 4122 2312 4176 eaedem
2362 4137 2471 4176 non
2510 4122 2622 4177 sint
2651 4122 2818 4177 Verbi
2847 4131 2904 4176 et
2932 4123 3117 4177 carnis
3147 4123 3536 4193 proprietates,

1947 4227 2127 4282 neque
2155 4215 2362 4268 eaedem
2407 4229 2691 4283 personae;
2741 4213 2889 4268 unde
2918 4229 3052 4285 ergo
3099 4230 3207 4268 una
3245 4229 3478 4284 persona
3507 4231 3536 4269 ει

1946 4306 2105 4360 vobis
2137 4307 2482 4376 assignatur,
2514 4323 2638 4376 quae
2688 4307 2899 4361 naturis
2929 4305 3147 4361 duabus
3197 4318 3436 4372 constat,
3482 4318 3540 4361 et

1947 4399 2141 4454 iisdem
2165 4399 2463 4468 dupliciter
2487 4398 2724 4453 diversis
2746 4413 2774 4450 a
2796 4406 2992 4451 natura
3019 4398 3268 4469 ejusdem
3297 4397 3538 4467 speciei9

1947 4492 2279 4562 Diligentius
2311 4491 2621 4546 attendenti
2647 4499 2862 4546 certum
2889 4490 2982 4544 fiet
3001 4505 3198 4545 omnes
3224 4490 3406 4544 «eruis
3427 4489 3534 4544 Do—

1949 4584 2165 4638 minica‘.
2199 4585 2576 4654 proprietates
2617 4585 2709 4637 uni
2751 4583 2969 4637 cuidam
3010 4582 3184 4652 magis
3233 4582 3533 4637 universali

1949 4677 2297 4750 proprietati,
2354 4684 2412 4730 et
2461 4684 2787 4748 exterarum
2840 4675 3136 4729 causMivae
3195 4674 3536 4739 incumbere,

1949 4783 2072 4836 quae
2126 4767 2250 4820 talis
2298 4777 2384 4821 est
2421 4785 2433 4820 :
2467 4782 2596 4820 caro
2623 4755 2911 4828 sine'Deo,
2945 4775 3002 4818 et
3056 4765 3112 4819 in
3159 4780 3258 4819 sua
3304 4765 3535 4820 naturali

236 4833 404 4914 ἀθεεὶ
449 4833 618 4928 αὐτὴν
649 4833 742 4910 καὶ⁵
900 4856 1026 4908 καθ’
1057 4854 1225 4924 αὐτὴν
1285 4853 1448 4921 φύσιν
1482 4851 1656 4919 αὐτῆς
1696 4852 1830 4920 ψιλῇ

1940 4833 2177 4926 persona
2234 4873 2520 4926 nunquam
2559 4855 2828 4910 substitit.
2881 4855 2949 4910 Et
3000 4854 3137 4909 ideo
3189 4866 3534 4924 quacdnquc

237 4950 550 5018 ὑποστῆναι
586 4948 758 5018 αὐτὴν
811 4946 1028 4998 πώποτε
1051 4961 1066 4975 ο
1093 4944 1174 4997 διὸ
1204 4943 1299 4996 καὶ
1327 4943 1428 4994 ὅσα
1469 4940 1651 5003 ίδικῶς
1683 4939 1835 5008 αὑτῷ

238 5041 574 5112 ἐμφαίνεται
591 5041 755 5108 ἕτερα
779 5039 1045 5106 ἰδιώματα
1068 5053 1144 5088 πα
1153 5035 1221 5105 ρὰ
1246 5034 1454 5094 πάντας
1490 5031 1831 5101 ἀνθρώπους,

235 5130 421 5184 ταῦτά
459 5133 573 5182 ἐστι
608 5128 911 5199 θεοπρεπῆ,
939 5124 1050 5180 οἷον
1090 5129 1123 5196 ἡ
1146 5125 1531 5194 ἀναμάρτητος
1555 5123 1831 5190 γέννησις,

237 5224 340 5275 καὶ
369 5223 666 5284 ἄπταιστος
685 5211 885 5289 (πάντη
909 5219 1192 5280 διαϐίωσις
1222 5214 1411 5279 αὐτοῦ,
1443 5216 1476 5284 ἠ
1521 5211 1830 5277 παναγαοος

238 5316 502 5384 πρόθεσις
534 5318 640 5378 ἀεὶ,
679 5318 710 5380 ἡ
772 5313 1148 5384 ὑπερδύναμος
1197 5309 1332 5380 πρὸς
1387 5302 1832 5374 θαυματουργίαν

242 5409 406 5480 ἰσχὺς
433 5403 616 5471 αὐτῆς,
635 5405 988 5477 ήὺπέρσοφος
1019 5401 1243 5473 γνῶσις,
1287 5401 1322 5470 ἡ
1385 5396 1706 5455 παπέλειος
1737 5393 1831 5445 καὶ

236 5499 533 5570 ὑπερφυὴς
582 5498 774 5569 ἀρετὴ,
811 5497 1004 5566 καὶτὰ
1041 5493 1220 5548 τοιάδε
1256 5493 1405 5545 θείαο
1435 5491 1482 5542 εἰ
1530 5489 1587 5540 δὲ
1618 5487 1687 5540 τὰ
1716 5486 1835 5536 θεῖα

237 5593 347 5646 οὐκ
375 5591 505 5646 ἄνευ
528 5590 677 5655 θείας
712 5589 928 5659 φύσεώς
961 5603 1093 5641 ποτε
1142 5585 1418 5656 φαίνεται,
1456 5581 1550 5634 καὶ⁸
1594 5576 1662 5631 τὰ
1691 5575 1837 5628 ἰδιώ-

240 5700 396 5757 ματα
446 5683 628 5753 πάσης
656 5683 1010 5744 ὑποστάσεως
1051 5679 1224 5749 αὐτῆς
1269 5676 1413 5738 ἰδίως
1449 5668 1588 5726 εἶναι
1623 5669 1722 5723 δεῖ.
1761 5671 1836 5720 Οὐ

316 5832 368 5867 ⁸³
388 5831 492 5888 lsa.
529 5844 674 5897 sxw,
714 5828 801 5883 18.

1940 4947 2059 4999 alia:
2111 4946 2483 5014 proprietates
2519 4947 2572 4998 in
2622 4945 2854 4999 Domino
2887 4945 3110 5014 proprie
3149 4945 3533 5001 inveniuntur.

1937 5045 1995 5088 et
2027 5035 2082 5087 in
2121 5035 2355 5103 reliquis
2396 5034 2717 5088 hominibus
2734 5032 3019 5094 deficiunt.
3049 5048 3129 5086 ea:
3167 5032 3368 5087 divinae
3409 5042 3538 5086 sunt

1937 5130 2080 5182 sicut
2112 5127 2371 5180 nativitas
2418 5125 2769 5178 immaculata
2793 5167 2807 5188 ,
2863 5124 3130 5178 sanctitas
3163 5124 3334 5178 totius
3385 5122 3538 5192 vitae,

1938 5215 2156 5269 bonitas
2182 5215 2420 5278 consilii,
2452 5214 2505 5266 in
2532 5214 2816 5268 miraculis
2855 5214 3283 5283 omnipotentia,
3314 5213 3539 5282 sapien-

1939 5305 2014 5359 tia
2061 5306 2348 5366 doctrinae,
2377 5305 2619 5372 perfecta
2661 5316 2717 5358 et
2752 5303 3194 5373 supernaturalis
3226 5304 3426 5367 virtus,
3476 5309 3534 5356 et

1938 5405 2136 5451 caetera
2163 5396 2369 5450 divina.
2406 5394 2461 5449 Si
2488 5413 2656 5466 opera
2706 5396 2894 5450 divina
2938 5398 3057 5450 sine
3097 5395 3284 5450 divina
3326 5405 3526 5450 natura

1939 5503 2223 5556 nunquam
2265 5496 2618 5548 exercentur,
2651 5496 2710 5561 et
2734 5489 3100 5558 proprietates
3126 5487 3255 5557 ipsae
3278 5486 3374 5540 toti
3404 5501 3533 5554 per-

1941 5592 2088 5631 sona:
2139 5578 2382 5648 proprie-
2416 5578 2725 5633 tribuenda:
2793 5587 2969 5644 sunt;
3020 5594 3143 5648 quae
3195 5577 3343 5631 enim
3392 5587 3520 5632 sunt

1942 5669 2105 5723 unius
2130 5683 2398 5738 personae,
2439 5669 2524 5727 vel
2549 5669 2602 5723 in
2635 5685 2740 5724 una
2761 5668 3040 5732 videntur,
3070 5666 3231 5722 alteri
3268 5679 3519 5737 persona}
