4214 6450
711 409 894 474 ’1583

2035 409 2228 470 LEON
2242 409 2310 471 Π
2321 409 2347 470 Ι
2387 409 2794 472 ΒΥΖΑΝΤΙΝΙ

3915 421 4048 487 εδει

757 521 1050 578 tribuenda
1083 538 1192 579 non
1227 532 1377 580 sunt.
1412 523 1649 580 Necesse
1685 532 1768 580 est
1796 539 1928 595 ergo
1970 527 2338 596 proprietates

2446 529 2550 600 γάρ
2561 527 2628 582 τὰ
2641 529 2701 594 ἐξ
2717 527 2802 582 ἑτέ
2810 545 2905 600 ρας
2927 532 2960 601 ἢ
2981 530 3039 585 ὲν
3051 530 3212 603 ἑτέρᾳ
3227 531 3523 588 ὑποστάσει
3535 534 3860 606 φαινόμενα,
3878 540 4052 594 ταῦτά

757 615 945 670 carnis
969 614 1294 679 Doriiinirze,
1319 625 1376 671 et
1397 615 1502 671 ista
1519 615 1706 670 di\ina
1740 617 2026 672 testiﬁcari
2059 617 2207 687 quod
2252 618 2343 672 illa

755 723 990 778 persona
1015 722 1124 762 non
1151 706 1226 762 sit
1259 707 1470 778 absque
1506 716 1703 763 natura
1725 707 1950 774 divina;
2001 718 2212 764 etcum
2249 726 2346 764 na-

757 789 1099 856 turadivina
1143 817 1256 856 non
1303 801 1375 856 sit
1415 802 1824 871 impersonalis,
1852 802 2053 872 probat
2097 801 2344 858 divinam

755 906 878 946 esse
903 891 1048 947 hanc
1075 907 1366 963 personam
1401 892 1615 958 carnis,
1644 908 1769 962 quae
1796 893 2002 948 divinis
2029 894 2342 964 proprieta-

757 981 907 1038 tibus
927 983 998 1038 ab
1027 983 1288 1038 omnibus
1313 983 1636 1038 hominibus
1654 983 1903 1056 ejusdem
1935 993 2148 1040 naturae
2166 1001 2350 1041 serer-

755 1073 926 1128 nitnr.
954 1076 1021 1128 Et
1042 1072 1148 1128 nisi
1194 1075 1252 1130 in
1280 1073 1420 1130 duas
1463 1088 1730 1144 personas
1769 1089 1831 1138 se
1885 1075 2116 1130 seiderit
2159 1075 2347 1131 divina

753 1164 920 1219 Verbi
973 1173 1206 1232 natura,
1244 1181 1368 1235 qua:
1414 1165 1612 1220 ﬁliales
1641 1165 2012 1235 proprietates
2058 1180 2118 1222 se
2169 1165 2344 1236 ipsum

664 1313 684 1335 ν
741 1255 1158 1328 distinguentes
1215 1271 1246 1310 a
1295 1257 1554 1326 personis
1602 1257 2170 1312 consubstantialibus
2217 1267 2346 1312 ante

752 1349 1196 1405 incarnationem
1227 1347 1489 1410 habebat,
1513 1357 1571 1402 et
1608 1349 1664 1402 in
1691 1364 1858 1403 carne
1885 1350 2091 1402 retinet
2127 1347 2347 1404 divinas

753 1441 1120 1510 proprietates
1160 1455 1282 1495 eam
1330 1441 1400 1495 ab
1459 1439 1780 1494 hominibus
1833 1440 2085 1509 ejusdem
2133 1449 2349 1495 natura:

753 1531 1180 1603 distinguentes,
1214 1533 1530 1589 necessario
1557 1547 1666 1586 una
1694 1531 2051 1601 intelligenda
2074 1540 2160 1588 est
2177 1532 2346 1588 Verbi

753 1639 1012 1694 persona,
1045 1625 1212 1680 etiam
1245 1633 1370 1694 post
1399 1623 1866 1688 incarnationem,
1890 1623 1976 1680 his
1997 1625 2218 1680 duabus
2243 1639 2346 1678 na-

752 1717 897 1771 turis
931 1716 986 1770 in
1023 1732 1132 1772 una
1169 1716 1336 1772 Verbi
1367 1730 1606 1786 persona
1640 1715 1833 1770 nnitis.

2448 637 2535 684 τις
2564 621 2730 691 ἄλλης
2761 621 3112 686 ὑποστάσεως
3135 619 3279 677 εἶναι
3317 625 3584 695 ἰδιώματα
3613 627 4049 694 καταλογέσοιτο.

2467 713 2706 784 Ἀνάγκη
2735 714 2840 786 ἄρα
2873 715 3045 784 αὑτῆς
3070 734 3128 769 τε
3157 717 3257 786 τῆς
3289 735 3352 770 σο
3365 720 3494 788 ρκδς
3517 719 3613 772 τοῦ
3663 722 3875 788 Κυρίου
3907 723 4048 777 ἱδιὼο

2451 821 2622 874 ματα,
2657 807 2752 859 καὶ
2799 806 2918 859 θεῖα
2965 807 3092 860 τάδε
3135 807 3287 868 ὄντα,
3353 810 3428 878 μὴ
3462 811 3590 862 ἄνευ
3644 810 3800 873 θείας
3831 812 4046 878 φύσεως

2448 893 2590 953 εἶναι
2627 897 2726 968 τὴν
2756 898 3056 954 ὑπόστασιν
3095 901 3253 972 τήνδε
3308 901 3480 973 αὑτὴν
3515 907 3841 974 μαρτυρεῖν.
3882 905 4049 966 Φύσις

2446 989 2502 1042 δὲ
2545 989 2666 1044 θεία
2697 990 2818 1042 ἐπεὶ
2877 991 3249 1054 ἀνυπόστατος
3277 994 3378 1046 οὐκ
3433 993 3570 1058 ἔστι,
3625 995 3788 1064 δῆλον
3842 996 3927 1048 δτι
3959 998 4048 1048 καὶ

2450 1079 2602 1134 θείαν
2626 1081 2930 1134 ὑπόστασιν
2963 1076 3107 1136 εἶναι
3130 1083 3259 1153 τῇδε
3294 1088 3792 1156 προσμαρτυρεῖτῇ
3811 1086 4050 1138 ὑποστά-

2450 1187 2533 1224 σει
2555 1171 2657 1240 τῆς
2685 1171 2887 1242 σαρκὸς
2915 1166 2984 1244 ἧς
3010 1175 3077 1226 τὰ
3111 1173 3393 1244 θεοπρεπῆ
3427 1173 3693 1245 ἰδιώματα
3715 1175 3829 1228 τῶν
3851 1178 4046 1246 όμοου-

2451 1261 2581 1312 σίων
2620 1261 2790 1332 αὑτὴν
2837 1261 3131 1321 διέττειλεν
3189 1261 3494 1333 ἀνθρώπων
3519 1279 3532 1290 ’
3565 1267 3614 1316 εἰ
3643 1265 3698 1316 δὲ
3733 1267 3810 1334 μὴ
3843 1267 3923 1326 εἰς
3956 1265 4048 1317 δίο

2452 1352 2483 1405 ὑ
2497 1355 2790 1416 ποστάσεις
2809 1353 3008 1424 ἑαυτὴν
3024 1353 3306 1423 διέστησεν
3321 1357 3355 1426 ἡ
3383 1356 3476 1408 τοῦ
3497 1355 3672 1424 Λόγου
3701 1357 3824 1408 θεία
3855 1356 4046 1425 cpiam,

2448 1434 2529 1516 ἦς’
2553 1446 2626 1498 τά
2654 1462 2715 1498 τε
2747 1446 3018 1517 υἱοπρεπῆ
3048 1446 3316 1516 ἰδιώματα
3365 1448 3473 1518 πρὸ
3518 1448 3621 1516 τῆς
3666 1449 3871 1518 σαρκός
3904 1451 4044 1511 ἐστι,

2447 1535 2559 1590 τῶν
2579 1536 2823 1605 όμοθέων
2851 1537 2989 1608 αὐτῇ
3023 1539 3334 1608 προσώπων
3348 1538 3720 1610 διακρίνοντα,
3745 1540 3842 1593 καὶ
3858 1540 3928 1593 τὰ
3949 1541 4046 1608 τῆς

2451 1625 2654 1695 σαρκὸς
2687 1624 2966 1696 θεοπρεπῆ
3003 1625 3272 1694 ἰδιώματα
3301 1625 3409 1679 τῶν
3427 1625 3687 1694 ὁμοφυῶν
3723 1627 3899 1694 αὑτὴν
3929 1625 4046 1678 δια-

2447 1715 2738 1769 στέλλοντα
2775 1715 3104 1786 ἀνθρώπων,
3140 1717 3357 1788 ἀνάγκη
3401 1719 3531 1786 μίαν
3591 1715 3836 1770 νοεῖσθαι
3870 1717 4043 1785 μόνην

755 1807 893 1868 εἶναι
929 1815 1030 1884 τὴν
1063 1815 1364 1868 ὑπόστασιν
1385 1813 1481 1866 τοῦ
1517 1813 1704 1880 Λόγιυ
1735 1812 1832 1865 καὶ
1857 1811 1994 1878 μετὰ
2030 1811 2132 1882 τῆς
2155 1809 2361 1882 σαρκὸς
2396 1811 2586 1879 αὑτοῦ,
2624 1812 2749 1869 καθ’
2781 1812 3082 1867 ὑπόστασιν
3141 1811 3309 1868 αὑτοῦ
3337 1813 3643 1868 ἑνωθεισῶν
3687 1812 3860 1883 ἄμφω
3881 1811 4044 1864 mea

747 1912 860 1968 τῶν
875 1911 1092 1982 φύσεων
1126 1912 1184 1964 ὲν
1211 1909 1455 1982 Χριστῷ.

1371 2018 1523 2075 CAP.
1554 2018 1725 2074 XXII.

821 2114 926 2172 Sed
949 2115 1080 2186 quia
1111 2114 1352 2169 humana
1380 2111 1590 2170 Christi
1624 2123 1847 2180 natura,
1887 2113 2168 2184 inquiunt,
2209 2111 2349 2166 nihil

747 2206 940 2261 minus
965 2205 1137 2260 habet
1171 2220 1338 2274 quam
1369 2212 1567 2259 natura
1601 2205 2046 2276 uniuscujusque
2083 2203 2348 2270 hominis,

753 2298 878 2353 ideo
912 2297 1064 2353 illam
1095 2307 1306 2354 natura:
1327 2297 1530 2354 divinae
1567 2297 1806 2359 additis;
1843 2313 1964 2364 cur,
1987 2311 2196 2367 quaeso,
2221 2311 2349 2352 cum

751 2389 930 2444 nihilo
960 2387 1182 2444 deﬁciat
1230 2403 1260 2442 a
1314 2388 1570 2458 personis
1621 2389 1892 2460 cujusque
1940 2386 2189 2458 hominis
2226 2386 2349 2456 ejus

752 2484 994 2536 humana
1047 2496 1308 2552 persona,
1351 2480 1500 2536 illam
1530 2496 1642 2536 non
1669 2481 1904 2551 jnngitis
1951 2479 2016 2534 ad
2051 2493 2346 2550 personam

755 2573 944 2638 Verbi,
975 2589 1080 2628 nec
1107 2571 1246 2627 duas
1269 2587 1392 2627 esse
1421 2573 1542 2644 ejus
1574 2586 1839 2642 personas
1858 2568 2222 2625 conﬁtemini.
2252 2568 2346 2623 Li-

749 2663 946 2716 bentes
978 2659 1438 2730 respondebimus
1477 2660 1582 2730 ipsi
1611 2660 1806 2715 deesse
1835 2657 2250 2714 distinctionem
2274 2657 2344 2712 ab

747 2747 898 2802 omni
959 2763 1226 2818 persona,
1295 2765 1403 2818 qua
1459 2749 1574 2804 sola
1617 2749 2029 2803 constituantur
2070 2763 2341 2818 personas.

747 2841 905 2909 Quod
931 2857 1020 2897 res
1043 2841 1122 2898 ita
1160 2858 1220 2898 se
1245 2842 1443 2898 habeat
1463 2843 1544 2897 sic
1573 2843 1938 2898 stabilivmus.
1967 2842 2104 2897 Cum
2141 2841 2344 2897 mulier

747 2932 988 3003 aliquam
1015 2948 1240 2988 carnem
1291 2934 1610 3000 informem,
1656 2950 1751 2991 seu
1785 2949 1990 3004 corpus
2023 2943 2342 2990 monstruo-

749 3037 896 3088 sum,
925 3021 1290 3078 inanimatnm
1332 3024 1596 3090 ediderit,
1631 3033 1690 3079 ut
1723 3025 1911 3082 evenit
1941 3026 1997 3080 in
2025 3025 2248 3091 abortu,
2279 3034 2338 3080 et

747 3115 954 3170 fetibus
982 3113 1040 3170 in
1075 3115 1368 3172 matricula
1406 3125 1736 3187 pramature
1769 3117 1957 3184 editis,
1985 3117 2134 3172 hunc
2165 3115 2340 3171 fetum

747 3203 986 3268 dicimus
1037 3219 1332 3274 personam
1388 3207 1680 3275 corporis,
1731 3205 1863 3260 licet
1917 3222 2026 3260 non
2085 3205 2336 3270 animati,

3014 2015 3272 2072 ΚΕΦΛΛ.
3325 2016 3453 2071 KB'.

2521 2110 2586 2164 ῐίἱ
2607 2108 2696 2163 διὰ
2718 2107 2779 2162 τὸ
2805 2108 2974 2180 μηδὲν
3005 2108 3222 2172 statue;
3253 2108 3400 2178 ἔχειν
3430 2110 3530 2180 τὴν
3561 2111 3914 2180 ἀνθρωπείαν
3939 2114 4043 2185 cpi-

2455 2221 2539 2256 σιν
2573 2203 2834 2275 Χριστοῦ,
2865 2203 3018 2274 φησὶ,
3048 2205 3201 2270 παρὰ
3239 2205 3338 2271 τὴν
3369 2204 3534 2274 φύσιν
3583 2206 3693 2258 τῶν
3727 2207 4046 2262 καθὲκαοτα

2451 2297 2776 2368 ἀνθρώπων,
2810 2297 3241 2368 προσαριθμεῖτε
3271 2297 3367 2350 καὶ
3406 2297 3578 2367 αὑτὴν
3607 2299 3676 2368 τῇ
3713 2298 3814 2367 τῆς
3851 2299 4045 2367 θεότη-

2448 2407 2540 2452 τος
2576 2387 2758 2458 φύσει.
2803 2389 2858 2442 τί
2911 2389 2976 2460 δὴ
3011 2389 3120 2459 ἄρα
3152 2390 3318 2458 μηδὲν
3357 2389 3717 2461 ἐλλειπούσης
3764 2393 3920 2462 παρῂ
3947 2395 4046 2456 τὰς

2449 2481 2779 2544 ὑποστάσεις
2807 2481 2920 2534 τῶν
2951 2482 3269 2536 καθέκαστα
3293 2481 3621 2553 ἀνθρώπιον,
3649 2484 3746 2536 καὶ
3776 2485 3875 2553 τῆς
3909 2485 4046 2537 ὑποο

2449 2571 2694 2634 στάσεως
2741 2571 2908 2625 αὑτοῦ
2946 2571 3044 2642 τῆς
3083 2571 3456 2642 ἀνθρωπίνης,
3490 2573 3552 2626 οὑ
3605 2574 4046 2645 προσαριθμεῑτι

2446 2663 2540 2716 καὶ
2588 2663 2794 2734 ταύτην
2826 2665 2892 2734 τῇ
2925 2664 3227 2717 ὑποστάσει
3263 2665 3356 2716 τοὺ
3407 2665 3605 2728 Λόγου,
3651 2665 3746 2718 καὶ
3777 2665 3876 2718 δύο
3907 2671 4044 2734 φατὲ

2453 2754 2546 2809 καὶ
2603 2755 2703 2817 τὰς
2765 2755 3095 2818 ὑποστάσεις
3159 2754 3254 2808 τοῦ
3316 2757 3550 2823 Λόγου;
3617 2756 3888 2826 Ἑτοεμως
3950 2759 4045 2812 οὖν

2445 2863 2628 2914 φαμεν
2690 2845 2776 2898 ὅτι
2828 2846 2856 2898 ό
2899 2845 3181 2915 διορισμὸς
3253 2846 3389 2917 αὑτῇ
3443 2847 3619 2903 λείπει
3681 2850 3778 2918 ἀφ’
3853 2851 4047 2919 ἑτέρας

2443 2939 2627 3006 πάσης
2657 2936 3030 2998 ὑποστάσεως
3060 2931 3216 3000 οὗτος
3244 2937 3354 3008 γάρ
3385 2940 3479 2992 καὶ
3514 2940 3674 3010 μόνκ
3705 2940 3858 2994 ἐστὶι
3887 2943 3916 2995 ὁ
3941 2943 4047 2995 τῶν

2443 3029 2796 3082 ὑποστάσεων
2825 3031 3235 3098 παραστατικός
3258 3049 3271 3063 ·
3320 3032 3404 3085 ὅτι
3449 3033 3506 3086 δὲ
3540 3031 3714 3094 οὕτως
3749 3033 3890 3103 ἔχει,
3922 3051 4048 3088 σκο-

2442 3122 2646 3191 πητέον
2679 3119 2872 3183 οὑτως.
2913 3121 2976 3174 Εἰ
3025 3122 3135 3193 γάρ
3176 3140 3260 3186 τις
3307 3123 3445 3195 γυνὴ
3499 3126 3729 3193 σαρκίον
3786 3143 3844 3180 τι
3894 3127 4047 3179 dati-

2443 3213 2682 3265 πλσστον
2710 3213 2812 3266 εἰτ’
2831 3207 2926 3265 οὖν
2955 3211 3120 3281 σῶμά
3157 3229 3213 3264 τι
3239 3213 3498 3284 att-39636:;
3527 3213 3734 3284 ἄψυχον
3761 3215 4044 3280 άποτέκοι,

747 3297 908 3368 quasi
955 3297 1030 3351 sit
1059 3296 1368 3350 secundum
1398 3307 1655 3350 naturam
1685 3312 1888 3364 corpus
1907 3297 2075 3368 hujus
2099 3297 2335 3352 abortivi

2447 3298 2538 3358 οἷα
2571 3303 2858 3375 συμϐαίνει
2893 3303 2951 3356 ἐν
2995 3321 3055 3356 τε
3106 3307 3226 3367 ταῖς
3263 3303 3664 3372 ἐξαμϐλώσεσι,
3691 3308 3788 3358 καὶ
3823 3309 3922 3360 ἐπὶ
3949 3310 4049 3376 τῆς

749 3398 956 3456 partus.
989 3389 1098 3444 Uni
1131 3403 1200 3444 ex
1225 3388 1312 3444 his
1335 3389 1664 3458 corporibus
1692 3397 1751 3444 et
1769 3391 1882 3460 jam
1902 3390 2048 3444 natis
2088 3389 2342 3460 personis

745 3489 1092 3552 supponatur
1113 3479 1282 3534 etiam
1313 3478 1478 3549 adjici
1524 3479 1764 3548 aliquam
1799 3494 2020 3532 carnem
2054 3493 2342 3549 supercre-

744 3585 1012 3637 scentem,
1045 3571 1210 3626 modo
1247 3571 1470 3642 capitis,
1505 3581 1602 3625 aut
1629 3571 1813 3641 magni
1857 3573 2204 3636 sareomatis,
2245 3579 2344 3627 aut

747 3665 975 3719 vomica:
1020 3663 1356 3734 conspicua,
1392 3671 1456 3716 ut.
1487 3677 1631 3733 sape
1653 3661 1832 3717 visum
1857 3670 1944 3716 est
1981 3663 2036 3715 in
2065 3661 2342 3716 abscessi-

749 3759 872 3824 bus,
900 3765 997 3813 aut
1026 3759 1198 3812 mur's
1225 3756 1495 3826 aequalem
1529 3754 1842 3824 quantitate
1869 3753 2025 3808 carni
2049 3752 2338 3818 abortine,

744 3853 975 3922 ejusque
1005 3847 1338 3903 referentem
1382 3847 1638 3912 formam,
1681 3846 1961 3912 colorem,
2007 3853 2065 3900 et
2089 3854 2287 3899 caetera
2323 3861 2336 3898 :

747 3943 879 3998 huic
907 3957 1041 4013 ergo
1085 3940 1365 4012 propriam
1415 3953 1708 4010 personam
1749 3952 1863 3994 non
1909 3937 2141 4002 damus,
2173 3951 2340 3990 unam

745 4048 932 4095 autem
966 4046 1290 4108 reputemus
1319 4043 1435 4090 tum
1458 4035 1710 4104 corporis
1737 4031 2047 4089 secundum
2081 4039 2340 4085 naturam

745 4131 1140 4197 cxcrescentis,
1160 4136 1277 4184 tum
1299 4128 1474 4199 ipsius
1492 4126 1904 4184 exeresecntite.
1922 4125 2193 4181 Similiter
2210 4139 2338 4178 cum

745 4225 804 4279 in
830 4223 1055 4279 Christo
1074 4221 1349 4292 quidquid
1375 4222 1680 4276 humanum
1707 4227 1792 4274 est
1823 4227 2021 4272 natura
2052 4230 2338 4286 nunquam

745 4312 1058 4368 substiterit
1099 4313 1156 4366 in
1191 4312 1397 4382 seipse,
1434 4327 1568 4365 sane
1605 4317 1788 4364 autem
1828 4308 1883 4362 in
1934 4305 2338 4378 praeexsisteuti

749 4404 916 4461 Verbi
938 4420 1194 4476 persona,
1215 4404 1402 4460 Verbo
1420 4402 1524 4456 sibi
1554 4415 1780 4456 carnem
1798 4407 2137 4463 assumente,
2153 4413 2185 4453 e
2200 4397 2337 4454 sub-

745 4497 946 4554 stantia
972 4502 1176 4552 sancm
1212 4493 1477 4565 Virginis,
1502 4493 1689 4547 statim
1725 4507 1755 4546 a
1786 4490 2083 4561 principio,
2109 4488 2336 4544 ubinam

741 4587 1160 4644 distinctionem
1190 4585 1338 4640 inter
1365 4585 1606 4639 Verbum
1647 4591 1702 4638 et
1729 4596 1951 4636 carnem
1965 4579 2236 4650 aspicitis,
2266 4577 2337 4632 ad

2447 3395 2746 3466 λεγομένης
2777 3395 2956 3467 μύλης
2987 3394 3289 3466 κυηθείσης
3317 3397 3376 3448 ἐν
3409 3398 3477 3466 τῇ
3505 3397 3714 3466 μήτρα,
3740 3399 3996 3453 ὑπόστασ
4020 3418 4048 3453 ν

2444 3504 2566 3540 τινα
2597 3485 2875 3556 σώματος,
2903 3488 2952 3540 εἰ
2983 3488 3078 3540 καὶ
3095 3485 3328 3556 ἀψύχου,
3363 3488 3545 3558 φαμὲν
3569 3490 3689 3542 τόδε
3716 3491 3776 3544 τὸ
3794 3493 4049 3560 γέννημα

2445 3573 2607 3641 εἶναι,
2640 3577 2832 3648 ὥσπερ
2867 3580 2963 3632 καὶ
2996 3579 3139 3632 κατὰ
3169 3579 3332 3648 φύσιν
3358 3579 3576 3650 ἔχοντος
3623 3581 3883 3650 σώματος
3919 3583 4049 3636 τοῦ·

2443 3669 2502 3722 δέ
2537 3686 2686 3734 τινος
2713 3669 2806 3725 τοῦ
2850 3669 3108 3740 βρέφους
3137 3671 3188 3724 εἰ
3217 3671 3392 3742 δήπου
3421 3673 3529 3725 τινὶ
3560 3673 3669 3726 τῶν
3695 3692 3839 3726 κατι
3875 3676 4041 3742 φύσιν

2445 3758 2681 3826 ἐχόντων
2709 3760 2983 3828 σωμάτων
3013 3757 3110 3812 καὶ
3155 3759 3328 3812 πάλαι
3375 3766 3880 3830 προγεγενημένων
3910 3763 4050 3817 ὑπο-

2445 3855 2690 3905 στάσεων
2718 3852 2948 3920 ἔκφυσις
2995 3851 3224 3922 γένηται
3285 3855 3542 3924 ἡνωμένη
3595 3855 3738 3907 κατὰ
3794 3857 4048 3924 κορυφῆς

2441 3942 2605 4013 τυχὸν
2655 3942 2687 4012 ἢ
2740 3943 2977 4012 ἑτέρωσε
3014 3942 3522 4012 ὑπερσαρκήματος
3551 3941 3816 4014 μεγάλου,
3859 3945 3893 4015 ἢ
3941 3946 4047 3998 πό-

2444 4051 2541 4106 ρου
2575 4033 2882 4103 ἀξιολόγου,
2917 4028 3006 4088 οἷα
3041 4036 3100 4088 ὲν
3146 4033 3502 4106 στεατώμασι
3534 4035 3632 4090 καὶ
3677 4038 4047 4106 συκαμινέαις

2443 4124 2600 4196 ὤφθη
2634 4125 2919 4190 πολλάκις,
2971 4126 3088 4180 ἴσου
3127 4144 3187 4180 τε
3216 4127 3370 4192 ὄντος
3411 4125 3488 4198 τῷ
3519 4127 3671 4197 δγκῳ
3705 4129 3800 4180 καὶ
3849 4131 4043 4198 ὁμοίου

2441 4215 2503 4268 τὸ
2538 4215 2726 4286 σχῆμα
2767 4217 2864 4271 καὶ⁵
2906 4217 3008 4287 τὴν
3051 4219 3242 4288 χροιάν
3279 4221 3374 4272 καὶ
3399 4219 3468 4272 τά
3499 4218 3664 4272 λοιπά
3685 4219 3767 4288 τῷ
3795 4221 3907 4272 ἀπὸ
3937 4221 4043 4288 τῆς

2439 4307 2844 4376 ἐξαμολώσεως
2903 4309 3134 4378 κρέατι,
3184 4309 3337 4379 ὅμως
3393 4308 3458 4362 οὔ
3505 4326 3690 4379 φαμεν
3733 4311 3829 4363 καὶ
3882 4310 4043 4365 τοῦδε

2441 4398 2580 4453 ίδιαν
2598 4398 2918 4466 ὑπόστασιν,
2959 4400 3095 4455 and:
3118 4401 3250 4472 μίαν
3278 4400 3690 4472 ἐξαριθμοῡμεν
3718 4402 3822 4474 τήν
3851 4419 3912 4456 τε
3940 4404 4040 4457 τοῦ

2439 4490 2973 4562 ὑπερσαρκήσαντος
2999 4491 3256 4562 σώματος
3291 4492 3354 4546 τδ
3388 4491 3540 4562 παρά
3571 4492 3736 4562 φύσιν
3763 4493 3917 4564 αὐτῷ
3941 4496 4042 4547 καὶ

2438 4583 2541 4651 τὴν
2574 4581 2670 4636 τοῦ
2703 4581 3214 4654 ὑπερσαρκήματος
3252 4581 3447 4638 αὑτοῦ.
3485 4581 3640 4636 Ἐπεὶ
3685 4579 3784 4637 οὖν
3814 4587 3914 4638 καὶ
3943 4586 4039 4638 ἐπὶ

747 4679 1045 4735 dicendum
1080 4677 1220 4732 duas
1267 4691 1552 4746 personas,
1581 4675 1729 4729 sicut
1759 4673 1898 4728 duas
1924 4679 2154 4726 naturas
2171 4671 2336 4744 ?.Na-

2446 4671 2679 4744 Χριστοῦ
2710 4674 2772 4726 οὑ
2803 4675 2928 4728 καθ’
2959 4675 3098 4728 αὑτά
3130 4676 3342 4748 ὑπῆρξέ
3372 4693 3529 4740 ποτε,
3557 4675 3676 4730 ἀλλ’
3704 4677 3766 4729 ἐν
3795 4677 3934 4746 αὑτῇ
3967 4680 4036 4747 τῇ

749 4783 885 4828 Iura:
905 4771 1056 4826 enim
1088 4767 1470 4830 distinctione,
1494 4765 1811 4820 diﬁ'erentia
1836 4778 2088 4834 persona:
2115 4763 2172 4817 in
2191 4763 2333 4818 duas

747 4879 856 4919 non
885 4861 1204 4918 necessario
1227 4859 1587 4915 scinduntur.

2445 4765 2844 4838 προῦφεστώσῃ
2897 4767 2993 4821 τοῦ
3037 4767 3216 4836 Λόγου
3257 4769 3557 4822 ὑποστάσει
3590 4767 3830 4838 ὑπέστη,
3859 4769 4042 4821 πάντα

2445 4861 2515 4912 τὰ
2547 4857 2699 4929 παρὰ
2735 4857 2900 4938 φύσιν
2931 4859 3069 4930 αὑτῇ
3118 4860 3438 4930 ἀνθρώπινα
3478 4858 3645 4913 αὑτοῦ
3666 4900 3682 4924 ,
3719 4859 3907 4928 ἐαυτῷ
3943 4859 4042 4929 τὴν

748 4959 930 5028 σάρκα
950 4955 1046 5008 τοῦ
1078 4955 1256 5022 Λόγου
1288 4953 1478 5020 ὥσπερ
1508 4951 1569 5017 ἐξ
1597 4951 1730 5022 ὑλης
1761 4951 1956 5022 ὲκτῆς
1995 4952 2162 5020 ἁγίας
2194 4952 2477 5024 Παρθένου
2512 4947 2974 5018 ἐνδιαπλάσαντος
3037 4952 3098 5019 ἐξ
3161 4956 3358 5026 ἀρχῆς,
3395 4953 3500 5009 ποῦ
3550 4953 3891 5023 θεωροῦντες
3948 4954 4041 5008 τὸν

745 5051 1030 5122 διορισμὸν
1057 5047 1154 5102 τοὺ
1183 5049 1358 5117 Λόγου
1407 5048 1504 5100 καὶ
1537 5047 1639 5117 τῆς
1672 5047 1876 5118 σαρκὸς
1907 5044 2098 5112 αὑτοῦ,
2164 5045 2260 5099 δύο
2298 5047 2552 5118 εῐποιμεν
2589 5047 2690 5111 τὰς
2759 5045 3114 5113 ὑποστάσεις,
3148 5045 3226 5110 ώς
3259 5048 3357 5102 καὶ
3419 5046 3519 5110 τὰς
3576 5045 3810 5114 φύσεις-ς
3841 5048 3903 5100 αἱ
3943 5045 4040 5116 μιν

745 5144 856 5213 γάρ
899 5145 968 5212 τῇ
1003 5140 1260 5209 διαφορᾷ,
1295 5139 1352 5191 αἱ
1381 5138 1439 5191 δὲ
1471 5138 1550 5210 τῷ
1595 5137 1865 5208 διορισμῷ
1911 5137 2228 5205 ἀναγκαίως
2260 5137 2342 5198 εἰς
2378 5137 2549 5193 δυάδα
2581 5139 2641 5193 οὑ
2671 5138 3064 5208 διακρίνονται.

1347 5252 1498 5308 CAP.
1532 5253 1724 5308 XXIII.

816 5369 1025 5426 Natura
1053 5368 1398 5439 temporalis,
1425 5367 1709 5438 inquiunt,
1737 5377 2006 5424 aeternam
2041 5383 2334 5438 personam

748 5477 860 5520 non
895 5461 1142 5528 habebit,
1181 5475 1284 5517 nec
1308 5461 1430 5518 vice
1459 5475 1618 5518 versa
1656 5479 1670 5515 :
1703 5461 1790 5516 vel
1833 5461 2002 5532 igitur
2035 5460 2335 5517 dicendum

743 5565 832 5611 est
851 5555 1278 5627 impersonaleni
1304 5552 1476 5609 fuisse
1505 5552 1804 5608 humanam
1818 5551 2026 5609 Christi
2055 5561 2336 5620 naturam,

743 5647 834 5704 Vel
867 5647 1229 5718 temporalem
1262 5660 1560 5718 personam
1604 5645 1896 5712 habuisse;
1929 5645 2164 5714 ideoque
2195 5644 2336 5701 duas

743 5739 974 5794 ωηιιίηο
1021 5753 1145 5794 esse
1186 5753 1474 5807 personas,
1513 5753 1715 5808 nempe
1743 5747 2009 5792 :eternam
2062 5736 2228 5791 Verbi
2277 5744 2334 5791 et

740 5831 1106 5906 temporalem
1155 5831 1415 5887 hominis.
1457 5830 1522 5885 Et
1571 5841 1764 5887 contra
1808 5831 1937 5886 licet
1969 5837 2178 5886 aeterna
2203 5845 2332 5896 per-

3029 5253 3283 5308 ΚΕΦΔΛ.
3313 5253 3442 5308 ΚΓ.

2524 5369 2592 5424 Ἥ
2625 5368 2926 5440 ὑπόχρονος
2971 5366 3156 5438 φύσις,
3192 5369 3377 5438 φασὶν,
3409 5367 3582 5422 άῖδιον
3620 5367 3723 5438 οὑχ
3755 5365 3874 5434 ἕξει
3908 5365 4037 5421 sua.

2444 5479 2662 5518 στασιν·
2689 5461 2882 5532 ὥσπερ
2921 5459 3016 5514 οὑν
3045 5461 3170 5515 οὐδὲ
3198 5459 3263 5513 τὸ
3299 5459 3574 5531 ἔμπαλιν·
3621 5459 3658 5531 ἢ
3693 5455 3792 5513 οὖν
3831 5458 4035 5513 ἀνυπό-

2447 5571 2641 5608 στατον
2682 5552 2900 5623 ἀνάγκη
2939 5545 3084 5606 εἶναι
3121 5551 3225 5622 τὴν
3263 5549 3615 5622 ἀνθρωπείαν
3654 5548 3906 5621 Χριστοῦ
3938 5548 4034 5618 qni-

2444 5662 2552 5710 σιν,
2583 5646 2616 5718 ἢ
2657 5647 2754 5700 καὶ
2803 5646 2909 5700 ὑπὸ
2934 5649 3127 5718 χρόνον
3153 5648 3302 5716 ἔχειν
3345 5644 3519 5718 αὑτὴν
3552 5645 3674 5699 δέον
3706 5644 4028 5699 ὑπόστασιν·

2441 5734 2582 5790 ὥστε
2618 5735 2714 5790 δύο
2760 5731 2872 5790 εἷεν
2920 5738 3144 5802 πάντως
3163 5736 3316 5808 αὑτῷ
3344 5737 3382 5807 ἡ
3417 5753 3478 5789 τε
3509 5735 3607 5790 τοῦ
3641 5736 3827 5806 Λόγου
3866 5735 4030 5794 ἁῖδιος

2442 5831 2534 5884 καὶ
2571 5832 2604 5902 ἡ
2641 5832 2740 5901 τῆς
2772 5829 2977 5901 σαρκὸς
3008 5829 3328 5900 ὑπόχρονος.
3374 5829 3517 5884 Ἀλλ’
3545 5829 3598 5884 ιι
3627 5827 3724 5884 καὶ
3753 5827 3836 5901 μὴ
3863 5828 4027 5884 άῐδπον
