4214 6450
264 451 400 517 1565
607 466 638 473 ‘

1201 453 1595 513 ADVERSUS
1637 449 2186 510 NESTORIANOS.
2248 475 2294 485 ·-
2335 453 2457 510 ΠΡ
2532 451 2609 509 tI.

3400 449 3535 512 l586

261 561 428 622 ὅντως
473 559 616 628 ἔχειν
662 559 961 614 ὑπόστασιν
998 561 1097 631 τὴν
1133 564 1435 633 ὑπόχρονον
1480 565 1640 633 φύσιν
1681 565 1836 616 δυνα-

1958 577 2072 614 ;ona
2117 563 2475 631 temporalem
2527 570 2777 616 naturam
2814 559 3020 614 habere
3059 574 3168 614 non
3209 560 3406 631 possit,
3437 565 3531 616 sed

258 651 374 705 τὸν.
414 648 552 702 ἀλλά
592 647 696 701 ὑπὸ
731 649 924 717 χρόνον
967 651 1306 719 κτήσασθαι,
1353 657 1448 707 καὶ
1481 655 1841 722 ὲνυποστῆνει

259 744 326 810 τῇ
372 742 528 810 άῐδῖῳ
559 741 854 794 ὑποστάσει
895 740 994 811 τὴν
1025 743 1131 794 ὑπὸ
1163 745 1352 813 χρόνον
1387 746 1549 814 φύσιν
1595 745 1840 798 δυνατόν·

263 837 356 886 καὶ
386 835 605 887 λέλυται
632 835 741 886 πᾶν
779 834 898 886 τόδε
926 836 988 885 τὸ
1019 836 1247 906 ἄπορον.
1284 837 1441 890 Οὕτω
1473 837 1583 907 γὰρ
1619 838 1714 890 καὶ
1737 837 1845 899 πᾶς

263 929 291 980 ὁ
318 925 523 992 κόσμος
570 927 799 996 γενητὸς
833 924 930 990 ὢν,
962 925 1042 997 τῷ
1081 928 1330 1000 ἀγενήτῳ
1382 927 1700 999 κοσμοποιῷ
1727 928 1847 997 Θεῷ

263 1021 424 1088 ὲνυφέ
432 1036 650 1089 στηκεν.

843 1112 1094 1166 ΚΕΦΛΛ.
1140 1114 1266 1168 κε’.

339 1205 404 1254 Ἤ
435 1203 588 1256 οὐδὲν
641 1203 898 1256 σύνθετόν
929 1222 1094 1273 φασιν
1123 1207 1180 1258 ὲν
1211 1205 1450 1275 Χριστῷ,
1498 1205 1530 1276 ἢ
1565 1208 1654 1259 καὶ
1686 1206 1850 1276 φύσις

262 1295 356 1346 καὶ
379 1295 698 1358 ὑπόστασις·
731 1295 762 1364 ἦ
796 1294 958 1363 φύσις
987 1296 1090 1364 μὲν
1120 1295 1287 1365 άπλῆ,
1316 1297 1613 1360 ὑπόστασις
1633 1297 1690 1350 δὲ
1720 1297 1848 1348 σύν-

263 1387 415 1450 θετος
441 1401 456 1416 °
489 1388 521 1456 ἦ
575 1387 844 1441 ἀνάπαλιν
884 1387 1046 1455 φύσις
1089 1387 1189 1456 μὲν
1226 1387 1504 1450 σύνθετος,
1547 1388 1850 1450 ὑπόστασις

261 1479 318 1530 δὲ
341 1478 510 1546 ἁπλῆ·
545 1479 592 1530 εἰ
626 1480 724 1548 μὲν
752 1474 844 1532 οὖν
869 1479 1044 1532 πάντα
1073 1480 1221 1532 ἁπλᾶ
1250 1479 1320 1532 τὰ
1351 1482 1411 1532 ὲν
1435 1479 1606 1550 αὑτῷ,
1638 1478 1850 1549 ψευδῶς

263 1569 512 1622 σύνθεσιν
558 1571 855 1638 ὀνομάζετε
888 1571 975 1622 ἐπ’
1009 1569 1208 1625 αὑτοῦ·
1241 1573 1289 1623 εἰ
1319 1571 1374 1624 δὲ
1398 1571 1434 1641 ἦ
1463 1589 1522 1624 τε
1554 1572 1716 1639 φύσις
1756 1574 1850 1625 καὶ

262 1663 564 1724 ὑπόστασις
597 1661 760 1714 αὑτοῦ
813 1662 1079 1724 σύνθετοι,
1116 1663 1167 1716 τί
1219 1663 1284 1734 δὴ
1317 1665 1426 1734 ἄρα
1458 1667 1586 1727 τοὺς
1625 1665 1850 1735 Σεϐηρί-

260 1771 359 1814 τας
403 1753 760 1815 ἁποσεξεσθες
810 1755 859 1806 εἰ
905 1753 963 1806 δὲ
1012 1755 1070 1806 αἱ
1118 1753 1313 1822 φύσεις
1358 1756 1458 1824 μὲν
1507 1756 1696 1821 ἁπλαῖ,
1730 1758 1764 1823 ἡ
1792 1757 1850 1809 δὲ

259 1844 558 1904 ὑπόστασις
593 1842 847 1906 σύνθετος
883 1843 1010 1912 ὑμῖν
1046 1843 1214 1906 δοκεῖ,
1247 1846 1481 1916 ἐπείπερ
1525 1846 1676 1914 ἁπλῆ
1709 1845 1845 1899 ὑπό-

260 1951 452 1997 στασις
486 1930 626 1986 εἶναι
657 1937 691 2005 ὴ
725 1934 818 1987 τοῦ
857 1935 1032 2004 Λόγου
1069 1937 1440 2007 ὡμολόγηται,
1472 1939 1600 2008 ὑμῖν
1627 1940 1684 1992 δὲ
1717 1939 1848 1992 σύν-

260 2026 416 2087 θετος
455 2018 593 2077 εἶναι
632 2026 664 2094 ἡ
692 2025 787 2078 τοῦ
815 2026 1050 2096 Χριστοῦ
1084 2027 1325 2094 λέγεται,
1346 2028 1440 2081 δύο
1471 2029 1579 2098 ἄρα
1607 2031 1849 2086 ὑποστά-

263 2132 379 2178 σεις
411 2117 516 2168 εἰσὶ
555 2116 826 2186 σαφῶς,ῆ
860 2133 922 2169 τε
963 2116 1058 2170 τοῦ
1111 2119 1287 2185 Λόγου
1326 2121 1422 2173 καί
1456 2121 1552 2173 τοῦ
1587 2123 1845 2191 Χριστοῦ.

276 2193 439 2273 Ἀλλ’,
456 2203 502 2262 ὦ
522 2203 690 2274 οὗτοι,
719 2212 935 2280 πρῶτον
964 2207 1063 2279 μὲν
1081 2211 1144 2265 τὰ
1167 2213 1314 2266 άπλά
1331 2215 1724 2286 ἐμπεριέχεται
1738 2219 1850 2281 τοῖς

263 2301 570 2364 συνθέτοις·
607 2301 747 2353 ὣστε
783 2301 878 2354 τοῦ
911 2303 1081 2371 Λόγου
1133 2305 1303 2375 αὐτὴν
1331 2306 1550 2374 νοητέον
1579 2305 1718 2362 εἶναι
1752 2309 1852 2379 τὴν

260 2395 356 2448 καὶ
382 2395 561 2464 ἁπλῆν
589 2397 779 2464 πρώην
805 2399 898 2449 καὶ
929 2396 1185 2451 σύνθετον
1207 2399 1302 2452 νῦν
1336 2402 1393 2452 ὲν
1427 2401 1667 2472 Χριστῷ·
1700 2403 1852 2472 ὅμως

262 2489 446 2559 μέντοι
469 2491 564 2541 καὶ
600 2491 662 2542 τὸ
692 2490 945 2543 σύνθετον
972 2492 1124 2555 ὅπως
1154 2491 1372 2560 λέγεται
1427 2495 1556 2565 περὶ
1585 2496 1684 2564 τῆς
1714 2496 1850 2547 ὑπο-

263 2585 508 2645 στάσεως
544 2584 684 2653 X913
707 2582 780 2633 δί
806 2623 821 2646 ,
851 2583 1237 2655 διασαφητέον·
1276 2583 1390 2638 ἐστι
1419 2586 1528 2656 γὰρ
1559 2588 1655 2638 καὶ
1687 2586 1752 2638 ἐκ
1778 2604 1855 2638 τις

260 2694 369 2730 νων
398 2677 507 2727 τῶν
544 2677 685 2727 κατὰ
713 2676 910 2729 ταυτὸν
942 2676 1040 2728 τοῦ
1074 2675 1333 2730 συνθέτου
1389 2679 1717 2748 πράγματος
1767 2679 1854 2732 λό-

261 2787 379 2839 γων
432 2769 810 2835 ἁπλουστέραν
857 2769 1044 2836 μέντοι
1090 2767 1233 2822 εἰναι
1282 2787 1402 2834 πως
1450 2772 1553 2841 τὴν
1602 2771 1853 2824 σύνθεσιν

261 2863 463 2916 αὑτοῦ·
509 2863 604 2916 καὶ
655 2861 804 2914 ἔστιν
857 2861 917 2927 ἐξ
969 2861 1285 2935 ἑτεροειδῶν
1320 2863 1661 2934 πραγμάτων
1687 2880 1700 2894 °
1741 2858 1854 2916 οἷον

263 2959 414 3010 ἔστιν
472 2954 534 3018 ἐξ
605 2954 992 3022 ἁπλουστέρων
1055 2956 1399 3026 φαρμάκων,
1465 2953 1854 3024 ποικιλώτερον

263 3050 540 3103 συνίεῖναι
572 3034 882 3115 φάρμακον·
921 3047 1018 3098 καὶ
1043 3048 1106 3099 ἐκ
1140 3048 1429 3115 σωμάτων,
1459 3047 1618 3116 σῶμα
1647 3046 1851 3117 ἕτερον·

262 3141 360 3194 καὶ
383 3139 492 3191 άπὸ
525 3138 724 3204 λέξεων
753 3136 963 3200 ἁπλῶν,
995 3135 1139 3201 λέξιν
1173 3138 1428 3191 σύνθετον
1458 3139 1706 3209 ποιῆσαι·
1741 3141 1856 3193 ἐστι

1947 654 2232 731 acquirere
2255 664 2452 722 potest,
2480 655 2668 724 sicque
2699 653 2753 707 iu
2796 668 3034 723 persona
3052 664 3256 706 :nterna
3281 654 3537 709 subsistit

1947 755 2143 800 natura
2195 745 2536 814 temporalis.
2587 746 2775 799 Soluta
2812 754 3058 814 estergo
3108 743 3428 812 diliicultas;
3473 759 3536 800 ιιι

1948 836 2170 905 quando
2197 837 2403 890 dicitur
2461 844 2608 888 totus
2654 835 2894 890 mundus
2948 834 3045 905 qui
3069 845 3288 890 creatus
3321 844 3426 905 est,
3475 837 3538 891 in

1948 928 2061 982 Deo
2087 936 2340 981 creatore
2362 927 2606 995 ingenito
2635 928 2958 984 subsistere.

2547 1111 2697 1167 CAP.
2731 1113 2920 1169 XXIV.

2020 1201 2272 1258 Instant:
2312 1204 2406 1258 Vel
2445 1203 2583 1258 nihil
2631 1217 2716 1261 est
2748 1208 3118 1278 compositum
3177 1210 3234 1263 in
3288 1208 3538 1272 Christo,

1951 1293 2032 1346 vel
2081 1303 2276 1348 natura
2303 1303 2359 1349 et
2410 1310 2646 1364 persona
2692 1297 2888 1363 simul;
2921 1298 3038 1353 sive
3070 1306 3268 1353 natura
3307 1298 3534 1368 quidem

1950 1387 2179 1457 simplex
2201 1397 2257 1443 ct
2285 1389 2590 1458 composita
2642 1405 2897 1459 persona,
2948 1391 3066 1447 sive
3092 1391 3298 1447 iterum
3338 1400 3538 1445 natura

1951 1478 2256 1547 composita
2295 1488 2352 1533 et
2383 1495 2617 1548 persona
2650 1480 2904 1551 simplex.
2953 1479 3010 1536 Si
3058 1481 3226 1552 igitur
3260 1481 3446 1536 omnia
3481 1483 3539 1534 in

1954 1567 2075 1637 ipso
2101 1575 2230 1621 sunt
2257 1569 2552 1637 simplicia,
2591 1570 2727 1626 false
2758 1571 2984 1641 ponitur
3013 1573 3134 1643 ejus
3165 1573 3496 1644 compositio
3523 1590 3536 1629 ;

1953 1656 1998 1708 si
2018 1667 2211 1709 natura
2239 1655 2361 1724 ejus
2389 1665 2446 1712 et
2466 1674 2700 1726 persona
2722 1671 2852 1714 sunt
2882 1660 3202 1728 composita:
3227 1661 3412 1724 simul,
3437 1675 3540 1715 cur

1952 1761 2084 1816 ergo
2109 1747 2391 1804 Severitas
2424 1750 2498 1821 (4)
2533 1752 2855 1821 repulistis?
2879 1751 3034 1817 Quod
3055 1753 3101 1804 si
3135 1752 3413 1822 simplices
3438 1767 3538 1804 na-

1957 1849 2110 1904 turae,
2141 1850 2198 1896 et
2227 1842 2530 1911 composita
2586 1843 2745 1898 vobis
2792 1843 3075 1898 videretur
3106 1858 3232 1898 esse
3276 1858 3538 1912 persona.

1953 1941 2082 1986 tunc
2125 1933 2388 1987 omnibus
2440 1933 2758 1988 hominibus
2789 1935 3094 2005 simplicem
3137 1935 3303 1990 Verbi
3345 1949 3538 2011 perso-

1950 2039 2076 2077 nam
2111 2023 2535 2088 afﬁrmantibus,
2560 2023 2718 2079 vobis
2740 2033 2927 2080 autem
2957 2028 3316 2096 compositam
3350 2026 3542 2081 dicen-

1953 2117 2100 2172 tibus
2128 2115 2337 2170 Christi
2378 2131 2698 2186 personam,
2726 2117 2867 2172 bene
2902 2116 3024 2172 duze
3045 2128 3210 2172 erunt
3262 2133 3540 2188 personaz.

1952 2224 2059 2261 una
2108 2207 2298 2271 Verbi,
2326 2215 2382 2262 ct
2446 2207 2620 2261 altera
2678 2207 2907 2262 Christi.
2957 2208 3210 2273 Vobis,o
3258 2209 3538 2274 homines,

1953 2298 2131 2368 primo
2146 2307 2229 2352 est
2246 2285 2643 2353 advertendum
2667 2297 2936 2368 simplicia
2953 2299 3274 2368 compositis
3290 2298 3542 2354 contine-

1955 2391 2021 2456 ri,
2044 2391 2117 2444 ita
2149 2401 2210 2446 ut
2241 2390 2436 2445 eadem
2456 2390 2876 2460 Verbipersona
2908 2391 3064 2460 prius
3085 2390 3252 2446 fuerit
3283 2393 3538 2464 simplex,

1951 2495 2008 2541 et
2039 2501 2187 2542 nunc
2208 2487 2280 2542 sit
2295 2487 2596 2556 composita
2616 2486 2669 2539 in
2691 2485 2936 2542 Christo.
2965 2488 3219 2544 Attamen
3241 2504 3352 2559 quo
3373 2505 3543 2545 sensu

1952 2577 2172 2631 dicatur
2217 2576 2547 2646 compositio
2589 2575 2659 2631 de
2703 2575 2912 2631 Christi
2945 2593 3182 2648 persona
3243 2581 3546 2650 explanan-

1951 2669 2085 2741 dum
2115 2677 2222 2724 est.
2265 2667 2580 2739 Aliquando
2623 2669 2773 2724 enim
2815 2685 2881 2725 ex
2926 2671 3182 2739 pluribus
3237 2674 3426 2729 verbis
3473 2676 3546 2729 de

1955 2774 2066 2813 uno
2096 2767 2152 2812 et
2191 2758 2387 2814 eodem
2433 2760 2775 2829 composito,
2825 2762 3132 2832 simplicior
3168 2764 3387 2819 videtur
3425 2767 3547 2837 ejus

1953 2852 2315 2922 compositio;
2339 2852 2639 2923 aliquando
2673 2855 2820 2910 idem
2855 2855 2916 2909 ﬁt
2956 2872 3024 2910 ex
3062 2857 3299 2912 diversis
3326 2857 3494 2913 rebus
3529 2878 3544 2916 :

1953 2961 2021 3000 ex
2054 2946 2494 3016 simplicioribus
2552 2948 2822 3004 remediis
2870 2950 3044 3020 magis
3098 2950 3313 3006 varium
3369 2968 3549 3007 reme-

1955 3037 2132 3101 dium,
2179 3053 2247 3092 ex
2276 3037 2612 3107 corporibus
2646 3035 2853 3109 eorpus
2881 3042 3053 3105 aliud,
3097 3059 3166 3097 ex
3199 3043 3549 3114 simplicibus

1957 3128 2188 3184 vocibus
2223 3143 2412 3184 vocem
2442 3132 2807 3199 compositam
2851 3132 3105 3187 videmus
3159 3131 3299 3188 ﬁeri.
3361 3135 3549 3189 Potest

265 3235 308 3283 δ’
343 3228 438 3284 οὖν
469 3230 567 3283 καὶ
611 3231 720 3284 ἀπὸ
768 3231 1121 3283 ὑποστάσεων
1149 3229 1410 3283 πλειόνων
1457 3233 1586 3301 μίαν
1620 3233 1857 3287 ὑπόσταο
1881 3255 1928 3316 C
1958 3235 2091 3290 θτεο
2119 3236 2188 3275 εκ
2207 3220 2461 3290 Plurim]s
2485 3223 2740 3290 Ρθτδοηίθ
2759 3224 3058 3294 θιθθῧίιπί
3088 3239 3196 3279 una
3217 3226 3548 3295 οοηψοδίίδο

265 3343 356 3378 σιν
383 3329 524 3378 νοεῖν
558 3324 834 3388 σύνθετον,
874 3324 949 3386 ὡς
989 3325 1081 3375 ἐπὶ
1113 3324 1276 3394 χοροῦ
1304 3325 1400 3378 καὶ
1437 3326 1587 3380 οἴκου
1624 3327 1719 3380 καὶ
1746 3328 1856 3380 τῶν

263 3417 508 3471 τοιῶνδε·
542 3418 636 3470 καὶ
671 3418 786 3469 ἐστι
821 3415 930 3469 ἀπὸ
963 3417 1186 3469 συνόδου
1222 3417 1483 3470 πλειόνων
1524 3419 1856 3489 ἰδιωμάτων,

263 3509 328 3561 οὑ
356 3507 466 3560 τῶν
515 3507 609 3560 τοῦ
642 3507 818 3573 Λόγου
861 3506 1040 3575 μόνον,
1072 3505 1207 3559 ἀλλὰ
1245 3507 1341 3560 καὶ
1377 3507 1487 3560 τῶν
1525 3509 1626 3578 τῆς
1655 3509 1860 3580 σαρκὸς

269 3600 638 3668 συγκειμένην
671 3598 768 3667 τὴν
817 3598 1118 3650 ὑπόστασιν
1149 3598 1408 3667 Χριστοῦ·
1457 3599 1490 3669 ἢ
1531 3601 1596 3653 ὲκ
1640 3600 1859 3668 φύσεων

268 3693 570 3744 ὑπόστασιν
598 3689 853 3742 σύνθετόν
886 3706 1046 3757 φατε,
1075 3690 1455 3760 συμφήσομεν·
1491 3693 1540 3745 εἰ
1573 3692 1630 3744 δὲ
1659 3692 1761 3762 τὴν
1783 3693 1859 3755 ὡς

268 3786 332 3852 ἐξ
372 3785 749 3845 ὑποστάσεων,
788 3782 862 3852 μὴ
899 3782 1140 3850 γένοιτοί
1173 3787 1428 3836 σκοπεῖτε
1473 3785 1531 3839 δὲ
1556 3785 1640 3840 ὅτι
1671 3788 1772 3856 τὴν
1800 3786 1860 3852 ἐξ

271 3875 583 3944 ἰδιωμάτων
617 3870 888 3936 σύνθεσιν,
936 3871 1033 3924 καὶ
1090 3872 1198 3944 πρὸ
1243 3874 1447 3943 σαρκὸς
1496 3870 1644 3944 εἶχεν
1696 3877 1729 3944 ὴ
1764 3875 1858 3929 τοῦ

269 3966 432 4035 λόγου
458 3963 780 4026 ὑπόστασις,
803 3964 852 4015 εἰ
882 3963 977 4016 καὶ
1002 3963 1078 4035 μὴ
1109 3965 1174 4016 ἐκ
1203 3963 1498 4019 τοσούτων·
1537 3968 1599 4020 οὑ
1627 3967 1736 4038 γὰρ
1760 3969 1860 4036 μό-

268 4076 362 4112 νον
403 4057 462 4109 τὸ
489 4056 742 4125 γεννήσει
782 4051 1078 4121 ὑφεστάναι
1110 4055 1242 4109 ἷδιον
1273 4056 1371 4109 τοῦ
1408 4057 1562 4120 Υἰοῦ,
1591 4059 1730 4112 ἀλλὰ
1766 4060 1861 4112 καὶ

269 4153 334 4205 τὸ
387 4151 462 4221 μὴ
502 4149 700 4219 γεννᾷν
750 4146 1035 4218 δμοούσιον
1083 4147 1284 4214 Λόγον,
1326 4147 1462 4218 μηδὲ
1521 4150 1618 4218 ἀφ’
1665 4150 1859 4206 ἑαυτοῦ

270 4242 598 4311 ἑκπορεύειν
649 4238 872 4309 Πνεῦμα
927 4236 1203 4309 πρώτως,
1274 4239 1413 4308 μηδὲ
1462 4241 1861 4312 ἐκπορεύεσθαι

271 4333 417 4387 κατὰ
449 4333 512 4385 τὸ
562 4331 720 4400 ἆγιον
765 4327 990 4398 Πνεῦμα
1017 4347 1030 4361 ·
1064 4331 1161 4382 καὶ
1203 4328 1275 4383 τὰ
1317 4331 1484 4385 λοιπὰ
1534 4333 1680 4397 ἰδίως
1709 4333 1862 4404 αὑτῷ

270 4426 572 4496 ἀνήκοντα·
603 4423 862 4484 σύνθετος
895 4425 1004 4494 ἄρα
1058 4423 1200 4475 κατὰ.
1229 4423 1378 4476 τόνδε
1407 4425 1499 4476 τὸν
1537 4427 1763 4496 τρόπον,
1797 4427 1859 4480 οὑ

274 4515 439 4585 μόνον
489 4515 523 4583 ἡ
565 4512 659 4565 τοῦ
712 4513 908 4580 Λόγου,
949 4512 1085 4564 ἀλλὰ
1116 4511 1211 4564 καὶ
1249 4511 1345 4564 τοῦ
1397 4513 1608 4583 [ἰατρὸς
1638 4515 1860 4568 καὶτοῦ

1965 3321 2023 3366 ut
2048 3327 2175 3367 cum
2210 3312 2393 3382 agitur
2431 3312 2502 3368 de
2554 3313 2747 3379 cboro,
2776 3315 2846 3368 de
2874 3314 3065 3380 domo,
3097 3325 3156 3371 et
3199 3316 3324 3372 aliis
3357 3317 3553 3388 hujus-

1959 3404 2142 3470 modi;
2177 3411 2362 3474 potest
2388 3404 2555 3459 etiam
2576 3421 2644 3459 ex
2676 3405 2935 3475 pluribus
2962 3407 3170 3478 junctis
3190 3408 3549 3479 proprietati-

1960 3497 2064 3553 bus
2116 3512 2229 3552 non
2265 3497 2430 3552 modo
2465 3497 2653 3563 Verbi,
2693 3499 2791 3554 sed
2823 3500 2989 3555 etiam
3034 3502 3237 3566 carnis,
3290 3511 3547 3557 constare

1959 3589 2169 3645 Christi
2210 3604 2465 3659 persona.
2490 3589 2665 3656 Quam
2691 3590 2737 3646 si
2774 3593 3135 3661 compositam
3162 3608 3194 3647 e
3228 3595 3442 3648 naturis
3464 3593 3550 3647 di-

1961 3677 2108 3742 citis,
2135 3680 2547 3745 consentimus;
2582 3680 2629 3734 si
2657 3696 2789 3734 vero
2811 3681 2968 3750 quasi
2992 3697 3058 3736 es
3085 3683 3360 3751 personis,
3384 3683 3549 3737 absit.

1961 3769 2376 3825 Advertendum
2410 3780 2495 3825 est
2523 3771 2689 3825 etiam
2727 3771 2870 3827 hanc
2910 3773 3368 3843 compositiohem
3416 3774 3556 3828 idio.

1962 3871 2173 3915 matum
2198 3860 2330 3915 licet
2362 3860 2709 3928 pauciorum,
2755 3871 2883 3916 ante
2909 3862 3084 3932 ipsam
3114 3863 3552 3919 incarnationem

1965 3951 2290 4006 convenisse
2321 3951 2484 4007 Verbi
2532 3967 2781 4022 persome
2815 3972 2827 4007 :
2859 3968 2970 4008 non
3015 3955 3195 4009 solum
3245 3957 3395 4010 enim
3432 3972 3557 4013 esse

1963 4052 2306 4116 generatum,
2359 4052 2446 4098 est
2475 4043 2788 4113 proprietas
2822 4044 3008 4110 Verbi,
3061 4046 3156 4100 sed
3191 4047 3359 4101 etiam
3403 4049 3554 4117 quod

1963 4135 2435 4192 consubstantiale
2461 4135 2699 4190 Verbum
2729 4152 2842 4191 non
2867 4145 3114 4208 generet,
3138 4139 3286 4209 quod
3311 4140 3555 4210 Spiritus

1965 4227 2322 4298 primarioab
2361 4228 2480 4297 ipso
2509 4244 2622 4282 non
2651 4229 2936 4298 procedat,
2969 4230 3118 4300 quod
3144 4230 3263 4301 ipse
3286 4247 3398 4287 non
3429 4249 3558 4303 pro-

1965 4321 2128 4375 cedat
2170 4320 2316 4375 sicut
2345 4305 2587 4390 Spiritus
2629 4328 2887 4386 sanctus,
2933 4330 2990 4378 et
3037 4323 3142 4378 alia
3186 4324 3447 4380 idiomata
3488 4316 3588 4381 ad".

1966 4428 2094 4468 eum
2145 4412 2499 4482 pertinentia.
2551 4411 2758 4468 Eodem
2813 4414 2978 4468 modo
3020 4425 3106 4470 est
3151 4417 3460 4485 composita
3500 4424 3562 4473 et

1967 4519 2205 4573 persona
2228 4504 2500 4569 Patris,et
2522 4503 2763 4574 Spiritus
2782 4505 2988 4571 sancti,
3025 4522 3134 4561 non
3161 4508 3336 4563 solius
3366 4508 3555 4563 Verbi.

271 4610 435 4676 ἁγίου
488 4606 806 4676 Πνεύματος
853 4608 888 4675 ἡ
939 4603 1272 4666 ὑπόστασις·
1323 4605 1440 4668 πῶς
1479 4601 1574 4659 οὖν
1617 4608 1682 4660 ἐκ
1710 4609 1855 4662 τοῦδε

1972 4599 2178 4670 thuid
2216 4615 2350 4669 ergo
2384 4615 2451 4654 ex
2477 4600 2582 4655 hoc
2628 4599 2795 4655 nobis
2825 4601 3219 4656 enumeranda:
3245 4602 3300 4656 in
3335 4601 3559 4657 Christo

268 4701 452 4769 ἁπλῆς
484 4716 546 4752 τε
581 4698 670 4750 καὶ
703 4695 960 4750 συνθέτου
1004 4696 1360 4757 ὑποστάσεως
1392 4698 1526 4766 ἡμῖν
1555 4696 1865 4766 ἐξαρίθμη-

273 4808 361 4855 σις
389 4789 786 4860 συναχθήσεται
835 4788 930 4839 ἐπὶ
979 4786 1073 4839 τοῦ
1114 4786 1327 4852 Λόγου;
1371 4787 1468 4854 μία
1517 4785 1627 4853 γὰρ
1662 4787 1694 4856 ἡ
1726 4787 1862 4858 αὐτή

269 4887 426 4939 ἑστιν
476 4884 543 4936 ὲκ
590 4880 854 4934 πλειόνων
887 4878 1197 4948 ἰδιωμάτων
1236 4879 1570 4950 συγκειμένη
1601 4880 1693 4932 τὸν
1732 4880 1867 4933 ὑπο-

273 4975 532 5032 στατικδν
551 4973 724 5042 Λόγον
753 4973 943 5040 αὐτῆς.

857 5064 1112 5118 ΚΕΦΛΛ.
1145 5065 1272 5118 KE’.

361 5161 422 5213 ὐ
453 5158 528 5228 μὴ
558 5157 788 5227 διαιρῶν
829 5155 925 5209 τοῦ
975 5156 1217 5223 Χριστοῦ
1254 5155 1352 5217 τὰς
1399 5154 1750 5217 ὑποστάσεις,
1801 5155 1863 5208 οὑ

270 5251 503 5304 δύναται
536 5248 718 5313 λέγειν
748 5247 852 5299 τῶν
887 5245 982 5298 τοῦ
1019 5244 1257 5314 Χριστοῦ
1301 5247 1369 5298 τὰ
1424 5246 1523 5314 μὲν
1555 5245 1769 5316 θεότητι
1797 5246 1866 5299 τὰ

271 5340 332 5392 δὲ
376 5337 560 5408 σαρκὶ,
598 5334 738 5389 ἀλλὰ
777 5333 955 5387 πάντα
1008 5334 1176 5403 σαρκὶ
1203 5334 1306 5386 ὅσα
1354 5337 1449 5387 καὶ
1495 5337 1680 5405 σαρκί.
1724 5337 1863 5389 ’Λλλσ

273 5427 395 5480 εστι
434 5428 529 5480 καὶ
556 5425 838 5496 διακρίσει
853 5426 965 5477 τῶν
996 5424 1215 5493 φύσεων
1248 5426 1558 5479 ἀποδιδόναι
1587 5427 1656 5480 τὰ
1687 5431 1867 5483 οἰκεῖα

271 5520 488 5576 τούτων
540 5521 827 5592 ἑκατέρῳ·
879 5522 944 5572 ού
1013 5521 1126 5587 γὰρ
1180 5522 1508 5584 ὑποστάσεις
1575 5522 1866 5593 διαφόρους

275 5612 554 5673 συνιέντες
585 5613 766 5682 φαμὲν
794 5609 890 5665 τοῦ
921 5614 986 5665 ἐκ
1027 5611 1218 5675 δεξιῶν
1252 5612 1452 5682 λῃστοῦ
1494 5616 1554 5687 ἐν
1591 5613 1672 5684 τῷ
1702 5633 1867 5668 σταυ-

351 5755 427 5818 (4)
460 5755 701 5809 Severus
732 5755 1114 5810 Antiochenus
1135 5754 1471 5824 patriarcha,
1500 5757 1553 5810 in
1579 5766 1737 5811 sexto
1761 5773 1865 5813 sa:-

277 5827 411 5882 cul»
442 5841 652 5878 ramum
682 5841 886 5879 novum
934 5827 1222 5894 protendit
1253 5827 1322 5878 ab
1355 5828 1696 5894 Eutychiana
1754 5828 1866 5882 lue-

279 5898 627 5955 rositnuam
690 5912 806 5952 (ssc
856 5907 1107 5951 naturam
1175 5900 1227 5951 in
1276 5896 1519 5963 Christo,
1587 5899 1867 5960 dicebam,

1973 4700 2028 4745 et
2052 4690 2306 4758 simplex,
2332 4699 2389 4743 et
2415 4690 2720 4760 composita
2744 4706 2978 4760 persona
3011 4691 3414 4748 adducuntur?
3439 4693 3570 4749 Una~

1972 4783 2122 4837 enim
2173 4789 2231 4835 et
2264 4781 2458 4836 eadem
2516 4789 2645 4846 est,
2697 4798 2765 4836 ex
2793 4783 3046 4852 pluribus
3090 4785 3571 4855 proprietatibus,

1972 4890 2098 4930 cum
2139 4873 2337 4938 Verbo,
2370 4873 2424 4929 iu
2457 4890 2692 4945 persona
2725 4876 2848 4947 ejus
2878 4877 3168 4932 exsistens.

2591 5056 2744 5111 CAP.
2787 5054 2956 5110 XXV.

2044 5151 2149 5219 Qui
2177 5149 2382 5205 Christi
2413 5164 2680 5218 personas
2739 5164 2851 5202 non
2885 5148 3181 5220 distinguit
3215 5191 3230 5214 ,
3276 5165 3386 5204 non
3464 5165 3563 5222 po-

1975 5251 2082 5296 test
2135 5241 2422 5296 tractando
2477 5241 2546 5294 de
2604 5241 2831 5296 Christo
2898 5241 3016 5295 hmo
3087 5241 3412 5307 divinitati,
3459 5242 3562 5298 ista

1973 5336 2194 5406 corpori
2232 5335 2510 5400 tribuere;
2574 5335 2760 5388 omnia
2799 5334 2983 5388 carnis
3029 5344 3216 5389 erunt.
3273 5335 3448 5391 Porro
3471 5335 3560 5388 di-

1973 5428 2192 5484 stinctis
2221 5428 2456 5492 naturis,
2510 5436 2694 5497 potest
2719 5427 2922 5497 cuique
2972 5427 3169 5482 borum
3217 5442 3378 5482 suum
3434 5442 3563 5496 pro-

1974 5521 2157 5592 prium
2189 5520 2430 5596 restitui.
2457 5519 2579 5575 Non
2598 5521 2748 5574 enim
2780 5521 3029 5576 diversas
3058 5537 3323 5591 personas
3355 5520 3561 5575 intelli-

1953 5616 2174 5690 .gimu8,
2203 5613 2424 5684 quando
2444 5612 2515 5670 de
2545 5612 2760 5669 latrone
2793 5613 2861 5668 ad
2885 5609 3166 5669 dexteram
3189 5611 3453 5667 cruciﬁxo
3481 5613 3568 5667 di-

1979 5774 2261 5828 unumque
2285 5757 2658 5824 compositum
2695 5756 2929 5820 naturis,
3011 5771 3253 5823 persona
3298 5756 3565 5812 eﬂorma-

1980 5831 2131 5884 bant.
