4214 6450
713 381 847 448 1587

1977 406 2288 467 LEONTII
2335 408 2733 469 BYZANTINI

3855 412 3993 477 1588

708 504 890 558 cimus
914 505 1154 562 animum
1185 514 1548 580 poenitentem
1594 517 1661 571 ad
1696 518 1860 573 sitam
1906 519 2289 589 emigravisse,

2411 524 2479 595 οῴ
2508 523 2606 590 τὴν
2661 524 2761 594 μὲν
2790 525 2966 595 ψυχὴν
2997 526 3085 578 διὰ
3136 528 3427 595 μετανοίας
3468 527 3606 599 πρὸς
3636 527 3783 601 ζωὴν
3822 549 3992 601 μετα-

707 606 915 664 corpus
940 612 1072 652 vero
1104 616 1324 669 passum
1368 608 1434 662 ad
1466 617 1721 667 mortem.
1752 613 2015 667 cruribus
2036 615 2157 683 ejus
2184 629 2292 667 non

2399 616 2714 685 ϐεϐηκέναι,
2743 616 2804 669 τὸ
2837 617 2892 669 δὲ
2924 616 3082 687 σῶμα
3118 618 3208 671 διά
3236 618 3535 689 παθήσεως
3565 621 3704 692 πρὸς
3734 623 3990 684 θάνατον,

708 686 910 785 iiiP-lis,
947 705 1058 745 non
1090 691 1263 749 fracto
1296 697 1496 764 capite,
1531 700 1674 769 pelle
1714 717 1824 756 non
1863 703 2130 768 detracta,
2191 720 2295 759 nec

2411 706 2515 762 m'
2542 706 2664 760 οὑδὲ
2696 686 3035 762 θλασθέντων
3068 709 3236 763 αὐτοῦ
3265 686 3383 765 τῶν*
3408 686 3640 777 σκελῶν,
3671 714 3748 785 μὴ
3782 734 3991 770 κατεα-

707 776 886 833 divisa
918 782 1249 840 substantia.
1290 786 1434 866 Quia
1459 805 1592 846 vero
1623 792 1673 846 id
1709 793 1913 849 accidit
1963 798 2058 849 uni
2096 797 2178 851 vel
2212 798 2295 851 al—

706 870 814 924 teri
847 883 1081 939 naturae,
1114 877 1209 930 uni
1237 886 1294 932 et
1328 880 1487 935 alteri
1535 883 1807 947 membro,
1850 885 1982 941 huic
2022 897 2078 942 et
2111 889 2291 953 alteri,

705 975 819 1015 non
851 963 978 1019 ideo
1009 964 1149 1022 duas
1184 983 1309 1026 esse
1342 987 1609 1041 personas
1633 975 1880 1031 cruciﬁxi
1912 977 2290 1050 intelligimus.

1307 1259 1396 1313 CA
1405 1260 1463 1314 P.
1496 1259 1687 1318 XXVI.

779 1342 837 1401 Si
858 1360 1108 1417 personae
1139 1349 1296 1420 juxta
1335 1361 1564 1408 naturas
1584 1369 1694 1409 non
1725 1354 2163 1425 distinguuntur,
2197 1358 2294 1413 sed

708 1434 765 1490 in
784 1452 890 1492 una
912 1453 1147 1507 persona
1173 1441 1897 1508 uniuntur,cumChristum
1926 1462 2095 1501 unum
2122 1448 2299 1502 homi—

707 1540 834 1579 nem
887 1536 1060 1582 voeat
1080 1526 1391 1600 Scriptura,
1424 1532 1556 1601 quid
1599 1532 2023 1603 intelligendum
2046 1546 2151 1601 est,
2190 1554 2299 1592 una

707 1615 1057 1682 substantia,
1104 1628 1162 1675 et
1208 1638 1317 1676 una
1365 1638 1622 1692 persona,
1671 1625 1761 1679 vel
1809 1625 2100 1680 dimidium
2135 1629 2301 1683 unius

707 1706 1035 1766 substantiae
1067 1721 1125 1766 et
1147 1728 1400 1783 persona:
1434 1716 1636 1771 unius?
1668 1717 1748 1783 Si,
1772 1719 1921 1787 quod
1948 1719 2065 1789 ipse
2086 1720 2297 1785 fateris,

705 1797 968 1857 Christus
1002 1818 1114 1857 non
1162 1813 1249 1859 est
1280 1805 1460 1860 solum
1512 1807 1680 1862 homo
1710 1808 2030 1865 ordinarius
2074 1819 2131 1866 et
2164 1812 2301 1866 sim-

707 1893 855 1961 plex,
889 1896 985 1950 sed
1016 1906 1072 1950 et
1100 1897 1267 1963 Deus,
1309 1898 1414 1969 ipsi
1463 1916 1494 1954 a
1535 1910 1590 1955 te.
1618 1900 1763 1956 idem
1793 1918 2125 1972 quaeremus.
2161 1902 2299 1959 Cum

708 1983 1029 2055 Scripturas
1060 1989 1353 2046 audiemus
1370 1990 1650 2046 Christum
1684 2008 1856 2047 unum
1896 1993 2179 2049 hominem
2206 2010 2304 2050 vo-

709 2087 921 2145 cantes,
946 2080 1079 2150 quid
1110 2081 1419 2154 intelligere
1449 2083 1761 2140 debemus?
1790 2101 1963 2141 unum
1995 2085 2298 2156 Christum,

707 2170 816 2233 vel,
854 2172 1093 2228 mediam
1132 2184 1343 2245 partem
1375 2175 1631 2233 Christi?
1663 2178 1862 2249 Liquet
1911 2194 2044 2251 ergo
2089 2196 2159 2236 ex
2192 2197 2301 2237 una

707 2260 950 2327 partium
985 2263 1291 2329 nominata,
1339 2274 1514 2320 totum
1545 2268 1844 2334 nominari,
1894 2270 2185 2325 sicutcnm
2208 2270 2298 2325 di-

707 2360 858 2407 ctum
880 2352 986 2409 fuit
1011 2370 1024 2409 :
1055 2372 1074 2406 ι
1111 2354 1192 2411 Ad
1218 2363 1269 2412 le
1286 2357 1467 2413 omnis
1493 2373 1623 2414 caro
1647 2360 1943 2429 veniet";»
1962 2369 2019 2416 et
2037 2381 2055 2414 ι
2076 2360 2301 2419 Animas

2397 799 2590 869 γείσης
2629 799 2686 852 δὲ
2730 799 2896 885 αὑτοῦ
2927 800 3028 869 τῆς
3055 801 3300 871 κεφαλῆς
3325 805 3359 869 ἢ
3388 802 3779 876 άλλοιωθείσης
3822 807 3991 862 αὑτοῦ

2396 888 2496 956 τῆς
2519 889 2732 957 χροιᾶς,
2766 888 2888 958 οὐχὶ
2916 888 2976 941 δὲ
3010 890 3107 942 καὶ
3135 890 3230 943 τοῦ
3258 893 3542 961 σλήματος
3564 907 3578 922 ·
3608 893 3688 962 τῷ
3721 896 3832 965 γὰρ
3858 897 3992 966 ἁνή-

2400 997 2517 1033 κειν
2542 980 2705 1050 ἑτέρᾳ⁴
2736 980 2826 1033 καὶ
2853 979 3019 1051 ἑτέρᾳ
3053 981 3238 1051 φύσει,
3274 982 3305 1053 ἦ
3349 984 3524 1054 ἑτέρῳ
3562 986 3657 1038 καὶ
3685 987 3863 1057 ἑτέρῳ
3898 989 3995 1057 μέ.-

2403 1088 2507 1141 ρει,
2550 1072 2583 1141 ἢ
2626 1070 2771 1142 ἄλλῳ
2811 1072 2906 1125 καὶ
2952 1073 3099 1143 ἄλλῳ
3140 1075 3317 1144 ποιῷ,
3366 1075 3492 1128 τάδε
3530 1076 3625 1130 δύο
3656 1068 3995 1143 ὑποστάσεις

2402 1157 2543 1216 εἶναι
2567 1161 2663 1215 τοῦ
2695 1162 3106 1234 σταυρουμένου
3148 1165 3210 1217 οὑ
3244 1166 3500 1235 νοοῦμεν.

2970 1278 3223 1331 κεψΑΑ.
3257 1276 3403 1345 Kq'.

2474 1370 2537 1425 Εἰ
2571 1371 2673 1425 οὐκ
2705 1371 2845 1425 εἰσὶν
2875 1373 2933 1425 αἱ
2963 1372 3294 1434 ὑποστάσεις
3341 1371 3482 1425 κατὰ
3523 1373 3688 1440 φύσιν
3727 1375 3993 1448 διῃρημέ-

2402 1483 2513 1530 ναι,
2547 1465 2685 1519 ἀλλὰ
2709 1464 2834 1518 καθ’
2861 1465 3161 1517 ὑπόστασιν
3201 1464 3501 1533 ἡνωμέναι,
3532 1465 3662 1519 ὅταν
3687 1467 3877 1521 ἀκούω
3896 1473 3993 1539 τῆς

2404 1555 2630 1625 Γραφῆς
2658 1555 2924 1626 λεγούσης
2949 1554 3043 1607 τὸν
3072 1553 3310 1624 Χριστὸν
3349 1555 3446 1607 ’ἑνα
3492 1554 3808 1626 ἄνθρωπον,
3840 1560 3896 1612 τί
3928 1577 3993 1629 με

2403 1647 2510 1719 χρὴ
2537 1648 2688 1700 ζνοεῖν
2721 1647 2852 1716 μίαν
2876 1646 3064 1699 οὐσίαν
3099 1644 3197 1698 καὶ
3232 1645 3364 1716 μίαν
3401 1647 3723 1714 ὑπόστασιν,
3750 1650 3783 1719 ἦ
3819 1652 3993 1720 ἣμισυ

2407 1739 2540 1809 μιᾶς
2571 1738 2761 1801 οὐσίας
2794 1737 2891 1791 καὶ
2920 1737 3276 1796 ὑποστάσεως
3311 1738 3477 1806 μιᾶςς
3513 1739 3575 1791 Εἰ
3597 1738 3653 1791 δὲ
3682 1738 3877 1810 ὥσπερ
3903 1744 3997 1795 καὶ

2406 1828 2570 1891 αὐτὸς
2610 1828 2787 1895 λέγεις
2824 1827 2888 1880 οὑ
2929 1827 3091 1898 μόνον
3126 1827 3416 1898 ἄνθρωπος
3461 1829 3641 1892 κοινὸς
3681 1831 3779 1883 καὶ
3815 1831 3995 1900 ψιλὸς,

2406 1919 2541 1974 ἀλλὰ
2573 1920 2667 1973 καὶ
2700 1920 2836 1983 Θεὸς
2866 1920 2895 1973 ό
2919 1919 3175 1989 Χριστὸς,
3208 1918 3270 1972 τὸ
3300 1919 3435 1973 αὑτό
3463 1936 3545 1972 σοι
3571 1923 3663 1974 καὶ
3693 1924 3858 1993 ἡμεῖς
3890 1941 3996 1991 φα·

2405 2028 2524 2083 μεν*
2558 2012 2686 2065 ὅταν
2713 2011 3042 2081 ἀκούσωμεν
3076 2011 3178 2081 τῆς
3210 2011 3435 2081 Γραφῆς
3472 2013 3740 2084 λεγούσης
3767 2014 3865 2067 ἕνα
3903 2018 4000 2068 ἄν.

2402 2102 2623 2175 θρωπον
2660 2102 2750 2156 τὸν
2782 2102 3043 2173 Χριστὸν,
3072 2103 3126 2156 τί
3159 2104 3308 2173 ἡμᾶς
3355 2104 3477 2156 δέον
3524 2108 3699 2172 νοείνς
3730 2107 3827 2160 ἕνα
3862 2109 3999 2179 Χρι-

2402 2197 2529 2248 στὸν
2576 2194 2609 2265 ἢ
2648 2195 2821 2265 ἥμισυ
2851 2194 3124 2264 Χριστοῦς
3155 2195 3326 2265 Δῆλον
3361 2193 3456 2249 οὖν
3498 2197 3574 2260 ὼς
3610 2197 3670 2263 ἐξ
3699 2200 4001 2270 ὀνομασίας

2400 2286 2494 2341 τοῦ
2537 2287 2658 2351 ἑνὸς
2696 2287 2807 2341 τῶν
2844 2287 3048 2357 μερῶν,
3080 2288 3140 2340 τὸ
3168 2287 3289 2340 ὅλον
3322 2289 3673 2358 ὀνομάζεται,
3700 2291 3893 2362 ὥσπερ
3919 2296 3998 2346 εἷο

2405 2395 2566 2451 ρηται
2610 2378 2707 2433 καὶ
2731 2378 2811 2444 τὸ,
2841 2398 2858 2430 ι
2878 2378 3021 2449 Πρὸς
3051 2378 3109 2431 σὲ
3127 2380 3277 2432 πᾶσα
3295 2379 3433 2451 σὰρξ
3462 2381 3585 2451 ἥξει
3602 2396 3617 2410 '
3641 2400 3660 2433 ι
3678 2383 3797 2447 καὶ,
3825 2402 3843 2434 ι
3877 2385 4001 2437 Τῶν

705 2459 1015 2515 pauperum
1054 2455 1276 2503 tuorum
1299 2465 1368 2505 ne
1392 2450 1738 2508 obliviscaris
1768 2451 1826 2507 in
1856 2450 2021 2509 ﬁnem
2043 2451 2135 2503 "'-
2154 2472 2174 2506 ι

2411 2450 2588 2542 ψυχῶν
2610 2469 2724 2525 τῶν
2751 2472 3003 2541 πενήτων
3031 2487 3126 2525 σου
3161 2472 3238 2544 μὴ
3272 2450 3511 2544 ἐπιλάθῃ
3543 2472 3627 2536 εἰς
3660 2474 3872 2539 τέλος.»
3906 2477 4001 2530 καὶ

2401 2563 2470 2617 τὰ
2507 2563 2711 2618 τοιάδε.

1298 2644 1452 2701 CAP.
1491 2644 1707 2701 XXVII.

783 2735 840 2791 Si
890 2751 1000 2792 non
1036 2744 1167 2792 sunt
1211 2736 1488 2792 distincta:
1518 2738 1615 2793 Dei
1666 2747 1726 2793 et
1760 2737 2006 2794 hominis
2027 2753 2301 2809 persona,

2477 2746 2540 2799 Εί
2569 2744 2672 2800 οὐκ
2700 2746 2809 2800 sic).
2851 2746 3181 2819 διῃρημέναι
3219 2747 3358 2801 Θεοῦ
3397 2749 3493 2803 καὶ
3523 2748 3820 2822 ἀνθρώπου
3862 2753 4003 2806 κατὰ

690 2828 862 2898 juxta
905 2836 1183 2893 naturam,
1232 2836 1384 2898 patet
1407 2828 1558 2899 quod
1589 2828 1739 2885 Deus
1764 2844 1876 2885 non
1909 2829 1985 2885 sit
2008 2830 2156 2885 Deus
2183 2830 2304 2886 sine

2411 2838 2570 2907 φύσιν
2595 2841 2650 2893 αἱ
2683 2840 3034 2905 ὑποστάσεις,
3064 2840 3223 2909 δῆλον
3251 2842 3333 2895 ὅτι
3355 2842 3479 2896 οὕτε
3505 2844 3676 2916 χωρὶς
3708 2844 4003 2914 ἀνθρώπου

710 2918 958 2986 homine,
985 2933 1166 2989 neque
1198 2919 1365 2975 homo
1394 2920 1466 2975 sit
1517 2920 1685 2976 homo
1729 2922 1852 2977 sine
1877 2922 2011 2978 Deo.
2062 2921 2185 2978 Non
2219 2931 2307 2978 est

2411 2931 2542 2996 Θεὸς
2564 2933 2593 2986 ὁ
2617 2933 2775 2998 Θεὸς,
2797 2933 2926 2986 οῦτε
2952 2934 3124 3005 χωρὶς
3153 2934 3292 2988 Θεοῦ
3316 2935 3606 3007 ἄνθρωπος
3637 2940 3666 2991 ὁ
3693 2939 3793 2992 ἄνθ
3803 2957 4004 3010 ρωπος.

713 3026 907 3067 revera
962 3011 1018 3066 in
1070 3010 1294 3067 Christo
1346 3029 1361 3066 :
1412 3012 1603 3083 sicque
1645 3012 1885 3069 eiiicitur
1933 3015 2301 3083 Emmanuel,

2411 3026 2618 3087 Ὄντως
2644 3024 2755 3096 γάρ
2798 3027 2859 3078 ἐν
2893 3026 3120 3096 Χριστῷ
3149 3025 3292 3095 οὐχίο
3317 3026 3463 3080 οὕτω
3487 3026 3599 3099 γάρ
3628 3028 3723 3081 καὶ
3750 3030 4004 3081 συνέσται

711 3102 841 3171 quia
873 3102 1138 3173 deinceps
1169 3103 1317 3160 Deus
1339 3119 1560 3174 semper
1583 3112 1670 3160 est
1706 3105 2016 3162 nobiscum.

2411 3132 2499 3168 ται
2533 3115 2596 3168 τὸ
2631 3116 3007 3185 Ἐμμανουὴ).,
3042 3116 3164 3187 μεθ’
3200 3117 3361 3186 ἡμῶν
3397 3118 3484 3171 ἀεὶ
3513 3117 3668 3181 ὄντος
3693 3119 3886 3173 λοιπὸν
3910 3119 4004 3172 τοῦ

2335 3228 2378 3286 C
2410 3205 2571 3261 Θεοῦ.

2990 2658 3246 2711 ΚΕΦΑΛ.
3279 2658 3407 2711 KZ'.

1302 3292 1457 3350 CAP.
1492 3293 1742 3350 XXVIII.

787 3383 890 3441 Ubi
937 3400 1191 3455 personae
1222 3424 1237 3445 .
1291 3396 1489 3440 natura
1537 3385 1835 3450 distinctae,
1874 3384 1931 3439 in
1966 3385 2173 3441 unione
2220 3384 2310 3440 di-

715 3478 933 3534 stincta:
959 3493 1069 3533 non
1116 3487 1497 3549 perseverant,
1529 3492 1721 3532 earum
1761 3476 1895 3531 unio
1922 3492 2036 3532 non
2073 3484 2160 3531 est
2200 3475 2310 3531 nisi

716 3580 928 3628 natura;
961 3571 1235 3626 alteratio.
1268 3571 1415 3641 Ergo
1452 3571 1717 3625 alteratur
1746 3578 1805 3625 et
1855 3569 1997 3640 ignis
2020 3578 2221 3624 natura
2252 3569 2311 3624 in

715 3665 867 3721 ferro
901 3664 1183 3730 candenti,
1214 3664 1490 3734 siquidem
1527 3664 1670 3736 ignis
1696 3678 1933 3735 persona
1973 3678 2004 3719 a
2035 3663 2166 3718 ferri
2198 3678 2311 3717 non

717 3759 1087 3823 discernitur;
1127 3757 1202 3812 ita
1223 3758 1388 3812 etiam
1427 3766 1485 3813 et
1516 3756 1715 3811 anima:
1761 3754 2072 3811 substantia
2098 3753 2154 3808 in
2186 3768 2311 3810 cor-

718 3864 875 3920 pore.

1325 3938 1479 3994 CAP.
1521 3934 1714 3991 XXIX.

793 4031 898 4088 Ubi
955 4032 1206 4103 quaedam
1257 4029 1500 4084 libenter
1555 4026 1869 4085 uniuntur.
1929 4024 2063 4079 huic
2115 4023 2314 4079 unioni

722 4140 1009 4195 nunquam
1070 4123 1230 4178 obest
1300 4133 1665 4191 personarum
1741 4116 2049 4172 distinctio.
2121 4115 2313 4185 Neque

722 4235 855 4288 ergo
883 4218 936 4271 in
975 4232 1083 4272 una
1121 4229 1357 4286 persona
1393 4214 1686 4278 uniuntur,
1737 4211 1832 4265 illa
1862 4211 2102 4264 libenter
2123 4210 2318 4280 juncta

724 4311 910 4365 oberit
983 4320 1347 4380 personarum
1417 4303 1727 4359 distinctio.
1789 4300 2084 4357 Distinctio
2146 4299 2317 4371 igitur

724 4401 922 4456 ιιιιίοηὶ
948 4416 1059 4455 non
1085 4399 1437 4462 adversatur,
1468 4396 1566 4450 ubi
1588 4394 1701 4450 duo
1726 4395 1781 4448 in
1807 4408 1941 4457 uno,
1976 4393 2034 4447 in
2057 4406 2165 4445 una
2196 4405 2320 4459 per-

725 4508 861 4547 sona
899 4492 1232 4563 junguntur.
1257 4487 1549 4544 Contraria
1574 4486 1737 4541 simul
1765 4484 2071 4538 subsistere
2099 4490 2187 4536 est
2216 4480 2318 4534 im-

2983 3299 3236 3354 ΚΕΦΑΔ.
3287 3298 3424 3355 κη’.

2483 3383 2583 3444 ’Ὧν
2611 3391 2669 3444 ἐν
2698 3394 2766 3462 τῇ
2808 3391 3002 3445 ένώσει
3033 3393 3097 3446 οὑ
3135 3392 3391 3460 μένουσιν
3436 3393 3492 3445 αἱ
3525 3393 3864 3457 ὑποστάσεις
3907 3411 4003 3462 φυ-

2413 3483 2580 3548 σικῶς
2604 3484 2957 3557 διῃρηυέναι,
2982 3483 3188 3538 τούτων
3210 3487 3243 3556 ή
3267 3485 3479 3550 ἒνωσις,
3507 3485 3727 3554 φύσεώς
3742 3489 3893 3541 ἐστιν
3912 3486 4010 3539 ἁλ-

2412 3575 2654 3639 λοίωσις.
2695 3579 2841 3646 Ἀρα
2870 3576 2965 3629 οὖν
3002 3575 3272 3648 ἠλλοιώθη
3315 3580 3349 3648 ἡ
3407 3577 3572 3647 φύσις
3613 3577 3709 3631 τοῦ
3745 3580 3919 3649 πυρὸς
3951 3579 4010 3632 ἐν

2412 3669 2493 3738 τῷ
2531 3669 2743 3740 μύδρῳ,
2772 3670 2896 3723 ἐπεὶ
2924 3669 3000 3740 μὴ
3037 3670 3378 3738 διακέκριται
3414 3671 3449 3736 ὴ
3484 3670 3786 3733 ὑπόστασις
3815 3669 4005 3732 αὑτοῦ,

2415 3763 2515 3833 τῆς
2553 3761 2647 3816 τοῦ
2696 3762 2944 3833 σιδήρου,
2987 3761 3080 3815 καὶ
3115 3760 3293 3831 ψυχῆς
3319 3763 3354 3832 ή
3384 3762 3544 3815 οὑσία
3571 3764 3629 3815 ὲν
3660 3762 3741 3833 τῷ
3772 3763 4003 3832 σώματι.

2986 3939 3242 3992 ΚΕΦΑΛ.
3298 3938 3429 3992 ΚΘ’.

2504 4031 2630 4084 Ἐπὶ
2648 4013 2761 4085 τῶν
2794 4030 3062 4093 ἑκουσίως
3092 4030 3414 4099 ἡνωμένων,
3451 4028 3708 4099 οὐδαμῶς
3735 4029 4009 4084 ὲναντιοῦ·

2417 4140 2510 4177 ται
2545 4123 2624 4192 τῷ
2656 4124 2847 4193 τρόπῳ
2881 4122 2982 4193 τῆς
3020 4122 3271 4185 ἑνώσεως
3318 4123 3353 4190 ἡ
3408 4121 3678 4192 διαίρεσις
3722 4120 3839 4174 τῶν
3885 4122 4010 4175 ὑπο-

2422 4214 2687 4271 στάσεων.
2727 4215 2873 4285 Ἀρα
2920 4211 3013 4267 οῦν
3039 4212 3160 4265 οὑδὲ
3189 4214 3239 4265 εἰ
3281 4210 3402 4265 καθ’
3434 4210 3737 4264 ὑπόστασιν
3771 4211 3901 4279 μίαν
3928 4211 4009 4281 εἰη

2420 4309 2452 4362 ὁ
2501 4307 2706 4379 τρόπος
2754 4308 2855 4374 τῆς
2903 4305 3155 4369 ὲνώσεως
3202 4305 3314 4358 τῶν
3364 4304 3634 4368 ἑκουσίως
3681 4303 4009 4365 ἑνωθέντων,

2427 4399 2767 4455 ἐναντιοῦται
2800 4401 2835 4469 ἡ
2877 4399 3149 4470 διαίρεσις
3180 4398 3292 4451 τῶν
3331 4397 3711 4451 ὑποστάσεων·
3748 4396 3949 4450 οὐκοῦν
3980 4398 4011 4465 ή

2425 4491 2716 4563 διαίρεσις,
2752 4492 2853 4544 οὐκ
2905 4491 3125 4544 ἐναντία
3170 4492 3237 4560 τῇ
3276 4488 3492 4552 ὲνώσει,
3530 4488 3751 4558 ἀμφοῖν
3780 4486 4012 4558 θεωρου-

731 4583 1016 4654 possibile.
1046 4581 1104 4636 Si
1140 4595 1271 4635 vero
1302 4578 1521 4634 diceres
1549 4576 1698 4647 quod
1723 4577 1867 4630 inter
1900 4576 2089 4645 juncta
2122 4587 2316 4642 perso-

2429 4584 2607 4654 μένων
2635 4585 2697 4636 ἐν
2729 4582 2916 4653 ταυτῷ
2965 4581 3110 4635 κατὰ
3153 4581 3254 4652 τὴν
3308 4582 3631 4634 ὑπόστασιν⁸
3673 4580 3940 4632 τάναντία
3964 4579 4013 4631 δὲ

733 4673 949 4733 nalitcr.
976 4671 1127 4725 nulla
1158 4670 1400 4725 libenter
1430 4668 1722 4731 uniuntur,
1764 4674 1899 4719 tunc
1940 4665 2142 4718 falsum
2172 4668 2321 4716 esset

732 4766 837 4819 hoc
872 4765 1085 4819 dictum
1124 4780 1138 4816 :
1190 4781 1208 4813 ‹
1244 4762 1419 4816 Nemo
1450 4774 1694 4828 unquam
1744 4772 1969 4812 carnem
1995 4770 2154 4809 suam
2188 4753 2318 4808 odio

730 4855 927 4909 habuit
950 4853 1012 4908 ¹⁶.
1046 4873 1066 4905 ι
1104 4853 1169 4907 Ει
1198 4869 1212 4906 :
1246 4851 1517 4907 Nolumus
1565 4847 1864 4919 exspoliari
1896 4860 2131 4916 corpore
2155 4885 2170 4909 ,
2206 4859 2318 4913 quo

730 4946 944 5016 gravati
974 4942 1469 5015 ingentiscimus”.
1494 4960 1512 4993 ι
1549 4940 1682 5006 Quae
1712 4940 1757 4995 si
1788 4954 1915 4992 vera
1951 4945 2103 5000 sunt,
2129 4935 2317 4990 veriti-

729 5043 854 5090 cata
874 5042 959 5089 est
985 5043 1174 5089 nostra
1197 5032 1468 5087 sententia
1493 5050 1506 5084 :
1532 5030 1759 5086 libentia
1784 5027 2149 5101 personaliter
2171 5025 2321 5079 uniri

734 5141 918 5197 posse.

1364 5328 1519 5385 CAP.
1550 5325 1717 5381 XXX.

806 5421 912 5489 Qui
939 5435 1208 5492 personas
1239 5418 1448 5475 Christi
1475 5418 1635 5489 juxta
1658 5422 1887 5469 naturas
1911 5427 2021 5466 non
2057 5408 2326 5479 multipli-

734 5525 847 5581 cat,
879 5530 1046 5568 unam
1079 5511 1203 5567 Filii
1251 5526 1283 5565 e
1334 5510 1610 5564 Trinitate
1643 5506 1905 5562 deturbat
1949 5522 1962 5557 :
1994 5501 2325 5558 Trinitatem

735 5607 944 5678 quippe
968 5605 1299 5660 conﬁtemur
1342 5602 1509 5656 trium
1560 5598 1894 5670 simplicium
1943 5608 2328 5667 personarum,

738 5716 851 5755 non
882 5697 1023 5753 duas
1063 5698 1387 5753 medietates
1415 5709 1800 5767 personarum.
1848 5691 1955 5746 Sed
1990 5687 2328 5744 contrarium

836 5875 883 5908 ”
914 5875 1061 5933 I'3al.
1103 5891 1249 5945 εχιτ,
1287 5876 1335 5932 5.
1421 5880 1482 5910 ³³·
1515 5878 1640 5935 I‘sal
1691 5894 1883 5944 tum,
1933 5878 2017 5934 19.
2100 5877 2143 5910 ⁸⁸
2179 5875 2376 5948 Ephes.
2407 5894 2457 5944 ν,
2490 5875 2577 5932 29.

2430 4676 2820 4746 συνυπάρχειν,
2843 4674 3108 4728 ἀδύνατον
3133 4690 3147 4703 ·
3182 4674 3233 4726 εἰ
3263 4674 3332 4726 δὲ.
3344 4673 3550 4742 λέγοις,
3576 4672 3659 4724 ὅτι
3685 4671 3836 4723 Ἀλλ’
3869 4671 4014 4723 οὐδὲν

2427 4766 2537 4820 τῶν
2576 4767 2699 4820 καθ’
2752 4765 3055 4819 ὑπόστασιν
3121 4765 3421 4834 ήνωμένων
3461 4763 3733 4825 ἑκουσίως
3789 4762 4011 4832 ἥνωται,

2426 4860 2535 4929 ἄρα
2562 4874 2627 4926 γε
2656 4857 2851 4923 ψευδὲς
2880 4857 2966 4920 τὸ,
3010 4875 3029 4908 ι
3063 4855 3253 4920 Οὐδείς
3289 4871 3425 4908 ποτε
3452 4853 3554 4924 τὴν
3588 4852 3788 4906 ἑαυτοῦ
3841 4854 4014 4923 σάρκα

2427 4950 2680 5022 ἐμίσησεο
2707 4970 2726 5002 ι
2746 4950 2861 5014 καὶ,
2893 4950 2974 5003 ὅτι
3004 4969 3022 5001 ι
3047 4951 3123 5003 Οὐ
3149 4948 3381 5019 θέλομεν
3404 4945 3736 5001 ἐκδύσασθαι
3754 4945 3818 4998 τὸ
3842 4945 4012 5014 σῶμα,

2428 5041 2512 5109 ἐφ’
2538 5032 2582 5106 ᾧ
2612 5039 2962 5109 στενάζομεν·
2978 5058 2996 5089 ι
3021 5040 3069 5091 ει
3085 5038 3143 5092 δὲ
3165 5037 3346 5110 ἀληθῆ
3366 5038 3517 5103 τάδε,
3531 5036 3641 5107 ἄρα
3657 5052 3721 5105 γε
3749 5034 4013 5099 ἑκούσιον,

2428 5131 2608 5184 καίτοι
2648 5131 2769 5184 καθ’
2812 5130 3115 5183 ὑπόστασιν
3160 5126 3319 5197 οὖσα,
3353 5132 3389 5202 ἡ
3429 5128 3632 5199 γνῶσις
3672 5125 3835 5198 ἡμῶν
3889 5127 4015 5180 άπο-

2428 5223 2721 5277 δέδεικται.

3034 5313 3286 5369 ΚΕΦΔΔ.
3332 5315 3416 5367 Λ’.
3434 5323 3445 5329 “

2521 5404 2579 5457 ’0
2606 5403 2681 5475 μὴ
2706 5404 2934 5475 διαιρῶν
2961 5405 3059 5459 τοῦ
3094 5403 3337 5476 Χριστοῦ
3370 5404 3512 5458 κατὰ
3555 5402 3722 5473 φύσιν
3757 5402 3861 5466 τὰς
3892 5399 4011 5452 ὑπο·

2441 5497 2683 5560 στάσεις,
2716 5498 2782 5550 ὲκ
2820 5496 2922 5567 τῆς
2951 5497 3184 5568 Τριάδος
3224 5497 3429 5567 διαιρεῖ
3473 5494 3570 5549 τοῦ
3618 5493 3751 5549 Υιοῦ
3793 5493 3893 5565 τὴν
3926 5506 4012 5560 μο-

2438 5588 2594 5643 νάδα·
2633 5588 2841 5658 Τριάδσ.
2884 5590 2991 5661 γὰρ
3027 5589 3425 5661 ὁμολογοῦμεν,
3451 5588 3619 5661 τριῶν
3655 5585 3846 5641 ἁπλῶν
3891 5583 4009 5636 9m-

2442 5683 2726 5743 στάσεων,
2781 5680 2843 5733 οὑ
2906 5681 3001 5734 δύο
3059 5682 3232 5753 ἥμισυ
3292 5679 3671 5737 ὑποστάσεων.
3725 5674 3916 5732 Καίτοι
3958 5675 4009 5721 τὸ

2663 5876 2700 5905 ¹²
2735 5877 2775 5932 ll
2815 5875 2939 5930 Cor.
2993 5891 3041 5936 ν,
3080 5873 3133 5927 I.
