4214 6450
318 427 337 488 1
350 427 454 489 589

1228 423 1624 482 ADVEIlSUS
1662 424 2204 488 NESTURIANOS.
2243 451 2309 464 --
2353 431 2492 488 ΜΒ.
2542 429 2616 486 ll.

3419 431 3552 495 suo

305 533 556 587 ἐναντίον
581 531 687 585 ἔδει
709 532 984 598 συνάγειν,
1009 521 1057 582 ὧ
1081 529 1357 599 ἄνθρωπε·
1395 533 1423 581 ὀ
1453 532 1757 600 προστιθεῖς
1778 531 1886 599 γάρ

1989 552 2021 588 o
2053 536 2234 598 homo,
2260 537 2512 589 conclml:
2534 537 2697 588 mlum
2727 546 2863 589 erat.
2899 536 3146 606 Simplici
3170 537 3316 592 enim
3341 540 3384 592 si
3422 541 3552 608 quid

312 646 364 679 τι
391 627 471 695 τῷ
502 624 694 693 ἀπλῷ,
727 626 788 676 οὑ
822 626 882 674 τὸ
913 622 1084 692 ἥμισυ
1109 620 1274 674 αὑτοῦ
1303 623 1545 690 ἀφαιρεῖ,
1577 622 1687 674 ἀλλ’
1716 623 1882 674 ἐπαύ-

310 720 395 785 ξει
429 718 549 772 τόδε
597 716 796 787 μᾶλλον
837 713 922 768 διὰ
951 713 1050 781 τῆς
1082 713 1378 776 συνθέσεως
1399 731 1413 744 ·
1441 713 1646 783 Τριάδα
1686 713 1780 766 οῦν
1804 714 1882 766 εἶ-

312 828 402 862 ναι
431 807 800 879 ὁμολογοῦμεν
851 805 1047 875 ὀρθῶς,
1087 805 1215 872 μιᾶς
1247 819 1307 855 τε
1359 803 1522 855 οὖσαν
1569 805 1664 855 καὶ
1707 803 1886 872 ἁπλῆς

311 901 552 968 φύσεως·
585 898 939 952 ὑποστάσεων
961 897 1017 949 δὲ
1047 896 1216 949 πάλαι
1254 897 1350 964 μὲν
1385 896 1490 946 τῶν
1526 895 1694 963 τριῶν
1725 897 1887 946 ἀσυν-

310 995 487 1057 θέτως
519 995 614 1048 καὶ
650 992 868 1062 ἀμιγῶς
892 992 1130 1060 ἐχουσῶν
1159 991 1314 1058 τήνδε
1358 989 1537 1042 αὑτῶν
1580 990 1887 1044 ἁπλουστά-

311 1103 417 1154 την
450 1086 612 1152 φύσιν
667 1087 727 1137 ὲν
775 1085 1014 1145 ἑαυταῖς,
1048 1082 1168 1136 νυνὶ
1193 1082 1250 1135 δὲ
1293 1082 1394 1150 τῆς
1427 1083 1556 1150 μιᾶς
1584 1081 1761 1134 αὑτῶν
1788 1081 1887 1150 τὴν

314 1178 556 1243 φυσικὴν
591 1175 875 1242 ἁπλότητα
904 1175 1007 1241 τῆς
1052 1172 1189 1236 ἰδίας
1215 1172 1468 1240 Θεότητος
1503 1172 1645 1240 ἔχειν
1671 1174 1728 1225 ἐν
1758 1189 1884 1223 συν-

313 1267 468 1318 οέσει
499 1268 565 1334 τῇ
614 1264 747 1333 πρὸς
794 1264 891 1333 τὴν
927 1263 1202 1332 ἡμετέραν
1241 1262 1404 1328 φύσιν
1449 1262 1764 1331 ὁρωμένης·
1799 1261 1888 1313 ἵνα

313 1359 427 1427 γὰρ
456 1356 870 1424 ἐγκολπώσηται
904 1355 970 1406 τὰ
999 1353 1106 1406 [δια
1129 1352 1542 1424 προϐλήματαή
1573 1351 1794 1419 Θεότης,
1826 1350 1889 1418 ἦ·

312 1465 400 1510 τις
429 1448 584 1516 Λόγῳ
615 1445 869 1516 ἀληθείας
903 1443 1219 1513 ἀπεκύησεν
1262 1445 1410 1511 ἡμᾶς
1440 1443 1607 1512 ἤγουν
1641 1442 1720 1510 τῷ
1750 1441 1884 1509 mp,

317 1537 538 1607 μακρὰν
572 1537 740 1606 αὐτῆς
775 1534 1234 1604 ἀπεσχοινισμένα
1256 1574 1271 1597 ,
1318 1533 1405 1586 διὰ
1449 1532 1549 1600 τῆς
1583 1531 1752 1599 αὐτῆς
1781 1530 1889 1582 τῶν

313 1628 488 1697 τριῶν
523 1629 650 1696 μιᾶς
682 1627 1033 1694 ὑποστάσεως
1061 1627 1282 1694 ἑαυτῆς,
1312 1626 1379 1678 δι’
1411 1619 1480 1695 ἧς
1513 1625 1606 1677 καὶ
1655 1622 1890 1693 προεϐά-

312 1721 442 1770 λετο
463 1719 530 1770 τά
553 1719 688 1771 ὄντα
726 1718 807 1781 εἰς
836 1717 895 1770 τὸ
922 1712 1094 1776 εἷναι,
1131 1715 1425 1768 ἀνελάϐετο
1457 1715 1618 1768 πάλιν
1645 1715 1781 1766 αὑτά
1811 1715 1891 1774 εἰς

315 1812 548 1880 ἑαυτήν·
573 1811 651 1880 τῷ
693 1811 768 1878 μὴ
817 1808 1212 1878 ὲκφοιτητικῶς
1241 1807 1431 1875 ἔχοντα
1459 1805 1594 1875 πρὸς
1618 1805 1708 1858 τὸν
1739 1804 1888 1865 ὅντα,

1987 627 2283 688 addideris.
2309 642 2420 679 non
2451 638 2655 693 partem
2689 625 2971 680 dimidiam
3003 628 3175 695 ipsius
3197 629 3434 690 auferes,
3462 631 3557 684 sed

1989 717 2158 781 magis
2215 716 2347 769 illud
2407 715 2686 768 additionc
2748 716 2992 784 augebis.
3055 717 3378 772 Trinitatem
3426 735 3558 787 ergo

1987 817 2134 860 recte
2167 806 2521 869 confitemur,
2560 816 2768 861 naturm
2817 808 2981 865 unius
3017 816 3073 862 et
3106 809 3388 878 simplicis.
3443 812 3561 865 Ilu-

1984 897 2072 965 jus
2099 904 2282 948 autem
2326 905 2436 950 tres
2467 913 2711 964 personae
2762 898 2919 951 istam
2950 897 3413 966 simplicissimam
3461 917 3558 953 na-

1989 995 2166 1039 turam
2209 987 2264 1039 in
2317 1003 2374 1040 se
2429 986 2561 1055 ipsis
2610 989 2728 1042 sine
2786 988 3041 1043 mistione
3086 998 3143 1043 et
3189 988 3562 1044 additamento

1989 1077 2258 1131 hactenus
2281 1076 2591 1139 servabant,
2609 1089 2664 1131 et
2692 1093 2838 1131 nunc
2873 1093 2977 1131 una
3012 1093 3076 1131 ex
3103 1079 3237 1147 ipsis
3255 1079 3397 1134 hanc
3427 1079 3563 1133 sim-

1986 1169 2185 1239 plicem
2209 1178 2460 1223 naturam
2492 1170 2728 1237 propria:
2769 1169 3079 1224 divinitatis
3119 1172 3329 1225 unitam
3360 1179 3565 1226 nostra:

1989 1271 2198 1316 natura:
2249 1261 2450 1314 habere
2481 1261 2593 1314 visa
2636 1270 2740 1314 est.
2788 1263 3058 1318 Divinitas
3099 1264 3250 1317 enim
3294 1280 3416 1333 qua:
3465 1279 3564 1334 per

1987 1353 2228 1407 Verbum
2276 1351 2544 1414 veritatis,
2595 1351 2707 1404 sive
2741 1351 2968 1417 Filium,
3002 1367 3102 1407 nos
3140 1362 3444 1416 creaverat,
3495 1363 3558 1406 ut

1989 1459 2115 1496 suas
2149 1453 2435 1498 creaturas
2471 1443 2630 1509 longe
2682 1443 3000 1498 aberrantes
3038 1444 3104 1498 ad
3163 1460 3222 1499 se
3256 1458 3562 1506 revocaret.

1991 1551 2088 1603 per
2107 1535 2354 1588 eamdem
2377 1551 2444 1588 ex
2480 1536 2658 1589 tribus
2685 1551 2975 1604 personam
3007 1551 3106 1606 per
3129 1553 3292 1606 quam
3326 1539 3474 1593 entia
3509 1539 3565 1592 in

1989 1636 2111 1676 esse
2140 1622 2467 1690 projeeerat,
2500 1638 2563 1676 ea
2595 1623 2659 1676 ad
2706 1639 2764 1677 se
2795 1639 2991 1679 rursus
3033 1625 3250 1684 reduxit
3271 1666 3284 1687 .
3321 1643 3388 1682 ne
3421 1629 3567 1698 σερί-

1991 1722 2175 1768 rantes
2207 1713 2274 1767 ad
2313 1714 2480 1767 vitam
2532 1715 2855 1769 deciderent
2901 1716 2957 1770 in
3005 1727 3239 1772 mortem
3282 1727 3564 1774 aeternam.

1995 1803 2108 1859 Iloc
2131 1806 2261 1875 ergo
2301 1822 2464 1860 unam
2494 1816 2765 1867 naturam,
2798 1822 2896 1862 seu
2922 1823 3216 1877 personam
3253 1826 3363 1864 non
3394 1811 3567 1865 dedo-

314 1902 540 1954 ἀπιέναι
595 1902 674 1962 εἰς
727 1900 815 1953 ἀεὶ
865 1899 1000 1969 πρὸς
1042 1899 1103 1951 τὸ
1157 1897 1231 1966 μὴ
1265 1896 1404 1949 εἶναι
1428 1911 1442 1925 °
1477 1893 1636 1948 τοῦτο
1674 1887 1767 1946 οῦν
1792 1890 1890 1960 τὴν

1991 1903 2098 1959 cet,
2129 1897 2228 1952 sed
2273 1906 2462 1950 contra
2492 1897 2650 1951 valde
2690 1897 2942 1962 honorat,
2974 1899 3020 1954 si
3063 1900 3355 1971 diligenter
3405 1903 3570 1971 inspi-

321 1994 454 2060 μίαν
477 1991 639 2060 φύσιν
661 1991 693 2059 ἦ
717 1990 1014 2043 ὑπόστασιν
1042 1988 1102 2042 οὑ
1133 1987 1472 2055 καθυϐρίζειο
1497 1983 1808 2038 τούναντίον
1827 1983 1886 2036 δὲ

319 2083 468 2152 τῷγε
502 2081 704 2150 νοερῶς
758 2080 1110 2151 προσέχοντι,
1151 2079 1244 2131 καὶ
1293 2074 1669 2143 ὑπερδοξάξει·
1701 2072 1890 2141 ῶσπερ

319 2177 434 2241 γάρ
465 2173 555 2225 διά
578 2190 638 2225 τε
678 2171 1006 2240 ἀγεννησιας
1037 2169 1131 2224 ml.
1167 2168 1471 2252 γεννήσεως
1506 2165 1598 2217 καὶ
1625 2161 1892 2252 ὲκπορεὺέ

320 2280 466 2324 σεως
517 2261 777 2315 δύνασθαι
828 2259 1094 2330 ὑπάρχειν
1140 2258 1340 2326 ἑαυτὴν
1387 2251 1757 2323 συνεστήσατο
1805 2251 1895 2305 διά

317 2355 433 2406 τῶν
461 2353 648 2407 ἀπλῶν
691 2353 850 2419 ιὺτῆς
886 2351 1258 2408 ὑποστάσεων.
1292 2347 1434 2400 οὕτω
1459 2345 1554 2398 καὶ
1581 2344 1666 2397 διὰ
1702 2342 1896 2396 συνθέ-

321 2461 464 2506 σεως
490 2443 885 2510 ὑποστατικῆς,
913 2441 1113 2510 ἑαυτὴν
1137 2438 1480 2510 παρέστησεν
1520 2436 1786 2506 ὑπάρχειν
1810 2434 1895 2487 δύ-

316 2537 552 2590 νασθαι·
590 2537 684 2588 καὶ
736 2535 903 2599 ἔδειξε
948 2534 1128 2601 πάσης
1170 2535 1474 2600 γεννήσεως
1509 2529 1604 2583 καὶ
1629 2527 1894 2598 ἔκπορεὺ-

320 2645 467 2692 σεως
507 2630 602 2681 καὶ
644 2626 1045 2697 δημιουργικῆς
1089 2624 1390 2686 συνθέσεως
1424 2621 1523 2685 τὰς
1550 2620 1806 2688 δυνάμεις
1835 2618 1896 2684 ἐξ

1992 1983 2124 2037 eias.
2159 1983 2313 2039 Sicut
2329 1985 2475 2038 enim
2509 1985 2562 2039 in
2582 1987 2924 2056 simplicibus
2943 1989 3213 2058 personis,
3237 2007 3344 2045 non
3362 1992 3565 2061 genita,

1987 2084 2045 2129 et
2067 2078 2273 2144 genita,
2307 2086 2364 2131 et
2387 2078 2694 2147 procedens
2719 2081 2928 2149 seipsas
2951 2082 3216 2138 exsistere
3251 2099 3406 2152 posse
3437 2099 3568 2138 con‘

1995 2167 2121 2221 sciae
2145 2177 2327 2234 erant,
2364 2169 2437 2223 ita
2468 2185 2568 2239 per
2611 2171 2871 2224 unionem
2901 2171 3299 2243 hypostatieam
3338 2175 3568 2230 manife-

1996 2264 2311 2324 staverunt;
2351 2267 2410 2314 et
2466 2274 2661 2316 omnes
2716 2261 3122 2331 generationis,
3177 2266 3565 2334 processionis,

1998 2349 2233 2404 actionis
2261 2352 2534 2420 pctentias
2558 2351 2612 2406 in
2646 2353 2792 2407 entia
2818 2369 2847 2408 a
2876 2369 2934 2409 se
2967 2355 3281 2426 participari
3308 2357 3570 2426 probave-

2000 2446 2148 2502 runt,
2179 2439 2472 2509 omniaque
2515 2440 2779 2496 inferiora
2824 2457 2945 2497 esse
2992 2452 3106 2497 tum
3137 2443 3267 2498 huic
3313 2444 3570 2515 ingenita:

2000 2545 2248 2598 persona:
2271 2532 2395 2585 aliis
2419 2533 2615 2602 majori
2642 2574 2656 2598 ,
2689 2542 2804 2588 tum
2835 2533 3177 2604 simplicitati
3203 2545 3409 2592 natura“:
3433 2537 3568 2592 sub-

2001 2620 2272 2676 stantialis
2305 2622 2470 2676 trium
2501 2638 2882 2694 personarum.

318 2720 495 2788 σὺτῆς
517 2713 657 2773 εἶναι
687 2719 744 2770 ἐν
767 2719 880 2780 τοῖς
908 2711 1080 2782 οῦσιν,
1100 2715 1389 2785 ὑπερέχειν
1417 2730 1475 2765 τε
1503 2713 1718 2767 πάντων
1782 2712 1921 2779 αὐτῇ
1958 2711 2256 2784 ἀγεννησίᾳ
2300 2715 2444 2770 κατὰ
2505 2715 2606 2786 τὴν
2658 2717 2881 2802 μείζονα
2922 2720 3033 2774 τῶν
3077 2722 3449 2785 ὑποστάσιων,
3478 2727 3573 2778 καὶ

316 2817 588 2888 ἁπλότητι
619 2815 836 2886 φύσεως
863 2813 1006 2868 κατὰ
1033 2812 1130 2884 τὴν
1164 2812 1274 2865 τῶν
1298 2810 1464 2881 τριῶν
1491 2807 1692 2878 ἑαυτῆς
1726 2805 2038 2876 προσώπων
2073 2807 2352 2866 οὐσίωσιν.
2521 2806 2536 2820 ³

909 2910 1312 2980 ΚΕΦΑΑ.ΛΑη

399 3009 460 3061 Εἰ
487 3005 586 3078 τὴν
619 3005 887 3076 διαίρεσιν
924 3006 1033 3058 τῶν
1078 3002 1429 3054 ὑποστάσεων
1470 2996 1569 3050 οὑκ
1603 2994 1900 3064 ἐφύλαττεν

319 3101 359 3166 ἡ
391 3098 596 3168 φυσικὴ
628 3097 841 3159 ἓνωσις,
891 3094 1012 3148 οὑδὲ
1060 3095 1166 3164 ἄρα
1192 3092 1283 3144 τὸν
1308 3089 1440 3143 Θεὸν
1469 3088 1641 3155 Λόγον
1673 3084 1901 3153 ἐφύλατ-

321 3209 416 3243 τεν
445 3192 583 3262 ὅπερ
621 3187 710 3259 ἦν,
737 3190 860 3244 οὑδὲ
882 3193 976 3242 τὸν
1004 3187 1287 3257 ἄνθρωπον
1313 3185 1450 3253 ὅπερ
1478 3181 1724 3250 γέγονεν.
1754 3178 1895 3245 Ἀρα

2581 2908 2737 2965 CAP.
2775 2909 2969 2966 XXXI.

2067 2975 2184 3031 Nisi
2199 2975 2478 3032 distinctio
2494 2993 2854 3048 personarum
2867 2996 2991 3036 eum
3008 2980 3231 3051 physica
3248 2984 3448 3039 unione
3460 2999 3576 3040 ser-

1997 3076 2175 3131 vetur,
2195 3084 2374 3138 neque
2384 3069 2621 3124 Verbum
2642 3071 2734 3125 Dei
2749 3072 2892 3140 quod
2910 3083 3048 3139 erat,
3063 3089 3240 3145 neque
3255 3087 3416 3129 nomo
3426 3076 3574 3145 quod

1997 3157 2173 3215 factus
2196 3168 2281 3214 est
2306 3161 2562 3215 servavit.
2582 3159 2689 3216 Sed
2715 3163 2966 3232 nunquid
2993 3164 3199 3219 ferrum
3217 3176 3273 3220 et
3291 3167 3428 3237 ignis
3444 3167 3576 3236 jun-

320 3275 421 3332 οὖν
451 3251 569 3333 οὐδὲ
618 3251 710 3332 τὸν
749 3279 966 3350 σίδηρον
1006 3251 1141 3346 ὅπερ
1181 3276 1320 3341 ἐστὶ,
1358 3251 1539 3326 καὶτὸ
1586 3269 1700 3338 πῦρ
1726 3269 1895 3320 ὅέστι

1997 3261 2084 3307 cta
2110 3251 2166 3306 in
2197 3267 2374 3306 massa
2402 3251 2657 3307 candenti
2684 3268 2840 3308 suam
2859 3262 3110 3311 naturam
3123 3257 3413 3311 amittunt?
3434 3275 3576 3312 nun-

320 3373 586 3439 φυλάττει
616 3372 756 3424 κατά
781 3334 885 3424 τὸν.
903 3334 1166 3440 μύδρονιή
1204 3334 1417 3430 ἓνωΙσιςο
1445 3366 1561 3418 ἀλλ’
1598 3334 1720 3416 add!
1753 3357 1895 3413 κατά

1999 3341 2131 3414 quid
2160 3359 2252 3397 ros
2278 3349 2334 3397 et
2359 3343 2580 3397 vellus?
2615 3343 2734 3399 Non
2771 3357 3096 3415 separantur
3123 3363 3402 3418 personae.
3445 3365 3573 3404 cum

325 3465 425 3532 τὴν
469 3464 660 3534 δρόσον
697 3463 791 3516 καὶ
837 3463 929 3516 τὸν
971 3463 1155 3515 πόκονο
1201 3462 1322 3514 ἐπεὶ
1359 3459 1433 3528 μὴ
1465 3454 1786 3526 διορίζονται
1832 3447 1892 3503 αἱ

2002 3440 2077 3496 sit
2110 3437 2229 3492 sine
2253 3433 2423 3489 dubio
2446 3434 2670 3504 physica
2697 3437 2826 3491 unio
2864 3437 3058 3492 barum
3097 3446 3436 3494 naturarum.

322 3532 668 3628 ὑποστάσεις,
710 3561 940 3630 φυσικῆς
984 3558 1278 3628 προδήλως,
1321 3555 1488 3625 ήγουν
1535 3551 1641 3604 τῶν
1685 3548 1900 3618 φύσεων
1935 3533 2134 3601 αὐτῶν,
2168 3532 2333 3602 οὔσης
2359 3532 2456 3603 τῆς
2483 3536 2746 3630 ὲνιὶζσεῶς,

896 3648 1148 3702 ΚΕΦΑΛ.
1209 3644 1331 3698 AB’.

401 3746 462 3797 El
496 3744 648 3813 μένει
679 3745 712 3810 ή
745 3741 944 3809 γνῶσις
983 3741 1078 3808 τῆς
1117 3739 1264 3801 θείας
1297 3736 1644 3798 ὑποστάσεως
1669 3736 1734 3804 τῇ
1779 3732 1898 3785 θεό-

323 3853 473 3903 τητι,
506 3836 601 3887 καὶ
636 3833 784 3898 μένει
813 3834 846 3898 ή
876 3833 1070 3896 ἄγνοια
1114 3830 1209 3882 τοῦ
1253 3827 1540 3897 ἀνθρώπου
1591 3828 1660 3896 τῇ
1711 3824 1899 3893 σαρκὶ,

332 3927 453 3988 πῶς
483 3926 552 3978 τά
583 3923 691 3976 τῶν
738 3921 1091 3976 ὑποστάσεων
1142 3921 1294 3988 μένει
1349 3917 1671 3990 διῃρημένα,
1716 3914 1898 3968 καὶαι

325 4015 654 4075 ὑποστάσεις
690 4013 752 4065 οὐ
796 4012 1015 4082 μένουσι
1045 4009 1404 4082 διῃρημέναι;
1470 4008 1608 4060 Ἀλλ’
1654 4011 1687 4076 ή
1737 4005 1900 4074 φύσις

325 4109 478 4160 ἐστὶν
513 4107 548 4170 ἢ
581 4103 859 4175 γνωστικὴ
890 4103 924 4172 ἢ
957 4102 1224 4171 ἀγνοοῦσα
1257 4101 1401 4154 κατά
1438 4100 1535 4170 τὴν
1566 4100 1896 4152 ὑπόστασινο

320 4198 390 4251 οὑ
418 4198 527 4266 γὰρ
559 4195 748 4258 ἁπλῶς
790 4197 824 4264 ή
877 4194 1173 4256 ὑπόστασις
1195 4191 1471 4260 γινώσκει·
1497 4190 1592 4242 καὶ
1619 4189 1726 4258 γὰρ
1760 4186 1899 4241 πάν-

325 4306 439 4341 των
468 4282 543 4341 ὧν
576 4286 787 4341 Παύλου
815 4287 850 4355 ὴ
878 4285 1178 4346 ὑπόστασις
1223 4281 1503 4351 γινώσκει,
1535 4280 1686 4333 οὐδέν
1719 4296 1899 4348 φαμεν

323 4381 421 4432 τὸν
465 4381 630 4448 όνυχα
679 4377 864 4440 αὑτοῦ,
919 4377 953 4447 ἡ
979 4393 1032 4429 τι
1077 4375 1186 4428 τῶν
1231 4375 1331 4444 τῆς
1383 4373 1699 4442 σωματικῆς
1735 4371 1898 4424 αὑτοῦ

327 4470 546 4539 φύσεως
578 4469 887 4536 γινώσκειν,
919 4466 1057 4520 ἀλλὰ
1089 4466 1245 4536 μόνον
1275 4465 1372 4535 τὴν
1406 4463 1640 4531 φυσικὴν
1671 4462 1899 4530 δύναμιν

323 4559 516 4621 αὑτοῦ,
547 4560 641 4612 καὶ
672 4558 828 4611 τοῦτο
859 4559 958 4628 τῆς
979 4557 1220 4627 ψυχικῆς
1257 4557 1414 4626 μόνον
1435 4556 1603 4624 ήγουν
1630 4554 1720 4606 τὸν
1753 4554 1898 4605 νοῦν*

323 4651 452 4703 οὐδὲ
483 4650 589 4720 γάρ
625 4651 806 4702 πᾶσαν
837 4647 1004 4718 αὐτῆς
1038 4646 1272 4716 πρώτως
1315 4646 1416 4716 τὴν
1455 4643 1636 4712 φύσιν·
1663 4643 1780 4704 πῶς
1807 4638 1900 4696 οῦν

324 4743 395 4796 ἂν
419 4737 531 4793 εἷεν
565 4742 615 4793 οἱ
643 4741 741 4809 τῆς
771 4739 986 4807 φύσεως
1032 4737 1181 4804 λόγοι
1206 4740 1303 4804 τῆς
1332 4737 1685 4797 ὑποστάσεως
1713 4751 1727 4799 ;

907 4829 1159 4882 ΚΕΦΛΛ.
1193 4829 1309 4882 ΛΓ.

2563 3625 2716 3682 CAP.
2768 3625 2985 3682 XXXII.

2074 3715 2372 3772 Scientiam
2397 3716 2595 3772 divinae
2620 3733 2871 3786 personae
2887 3720 2933 3773 si
2962 3719 3223 3776 divinitas
3253 3727 3572 3787 servaverit.

2001 3817 2058 3862 et
2087 3822 2216 3862 caro
2241 3808 2601 3877 ignorantiam
2634 3811 2838 3874 carnis,
2870 3826 2968 3864 cur
2997 3811 3256 3868 distincte
3301 3819 3574 3874 manenti-

2002 3897 2106 3953 bus
2134 3915 2490 3967 personarum
2532 3901 2982 3969 proprietatibus,
3037 3904 3167 3972 ipsa:
3209 3921 3453 3974 personae
3494 3909 3576 3962 di—

2000 3990 2212 4046 stinct-Ie
2255 4005 2368 4044 non
2407 3991 2753 4046 manebunt?
2807 3992 2914 4046 Sed
2967 4004 3161 4048 natura
3209 4011 3455 4064 personae
3489 4001 3570 4053 vel

1999 4082 2326 4150 cognoscit,
2355 4082 2442 4135 vel
2503 4096 2611 4135 non
2669 4083 2953 4151 cognoscit
3009 4101 3024 4136 :
3068 4099 3178 4160 non
3202 4086 3348 4139 enim
3395 4089 3575 4141 onmis

2001 4187 2233 4240 persona
2266 4174 2564 4242 cognoscit.
2608 4172 2862 4227 Omnium
2896 4191 3018 4244 quae
3058 4177 3206 4231 novit
3237 4177 3385 4232 Pauli
3446 4195 3570 4248 per-

2002 4278 2158 4326 sona,
2199 4264 2458 4333 ungulam
2496 4264 2580 4318 vel
2631 4265 2867 4334 aliquam
2925 4266 3008 4320 sui
3059 4269 3306 4336 corporis
3359 4280 3569 4338 partem

2001 4352 2236 4418 dicimus
2269 4354 2405 4407 nihil
2430 4355 2770 4422 cognovisse,
2805 4357 2899 4410 sed
2935 4373 3098 4411 unam
3142 4361 3450 4414 naturalem
3487 4361 3572 4418 fa-

1999 4444 2281 4506 cultatem,
2316 4452 2372 4496 et
2409 4443 2555 4496 illam
2587 4445 2948 4512 spiritualem.
2981 4446 3033 4500 id
3057 4455 3141 4502 est
3175 4450 3513 4504 intellectum
3544 4472 3561 4508 ;

2001 4545 2108 4582 non
2144 4529 2288 4583 enim
2332 4537 2443 4583 tota
2484 4539 2676 4584 natura
2710 4532 2828 4600 ejus
2868 4535 3254 4599 cognoscebat.
3291 4535 3402 4591 Cur
3441 4555 3572 4608 ergo

2001 4620 2067 4673 de
2101 4633 2333 4687 persona
2369 4618 2669 4684 diceretur,
2703 4621 2846 4690 quod
2878 4621 2946 4678 de
2976 4632 3169 4677 natura
3209 4625 3416 4683 dictum
3448 4630 3574 4686 est?

2573 4832 2722 4889 CAP.
2752 4835 2992 4894 XXXIII.

405 4924 500 4974 Ἐν
530 4923 818 4990 πρόσωπον
838 4921 1133 4991 ἀπρόσιτον
1152 4920 1283 4972 Θεοῦ
1301 4923 1362 4972 ὲκ
1390 4921 1624 4988 φύσεως·
1661 4941 1679 4974 ι
1712 4922 1900 4983 Οὐδεὶς

2079 4923 2190 4979 Una
2211 4931 2296 4978 est
2326 4925 2421 4977 Dei
2449 4922 2616 4989 facies
2647 4925 2960 4993 invisibilis,
2979 4929 3113 4984 dicit
3138 4934 3286 4988 enim
3317 4949 3375 4987 :c
3401 4941 3575 4990 Nemo

325 5018 458 5085 γὰρ,
475 5014 630 5083 φησὶ,
654 5013 842 5081 ὄψεται
868 5013 928 5065 τὸ
951 5013 1238 5082 πρόσωπόν
1258 5030 1356 5081 μου
1375 5015 1470 5066 καὶ
1489 5013 1733 5083 ζήσεται·
1766 5033 1783 5064 ι
1809 5015 1903 5068 καὶ

323 5109 387 5159 ἓν
403 5108 692 5174 πρόσωπον
708 5104 1083 5173 ὲμπτυόμενον
1095 5104 1191 5156 ἀνθ
1200 5103 1402 5171 ρώπου·
1429 5124 1447 5156 ι
1474 5107 1580 5156 Kal.
1600 5106 1900 5157 ἐνέπτυσαν

325 5198 460 5268 γάρ,
480 5197 632 5265 φησὶ,
659 5196 738 5258 εἰς
759 5196 820 5247 τὸ
843 5194 1132 5264 πρόσωπον
1160 5195 1346 5248 αὑτοῦ.
1383 5213 1401 5246 ι
1433 5197 1492 5248 Εἰ
1521 5196 1580 5247 ἓν
1606 5197 1898 5263 πρόσωπον

324 5287 565 5358 Χριστοῦ
597 5289 746 5339 ἐστιν
795 5286 855 5349 ἐξ
895 5286 1158 5348 ὲνώσεως,
1190 5286 1299 5354 ἄρα
1351 5286 1472 5355 ἕχον
1522 5293 1578 5340 ἐν
1631 5288 1807 5357 ἑαυτῴ
1833 5289 1934 5340 τὸα

324 5381 619 5448 ἀπρόσιτον
674 5378 962 5446 πρόσωπον
990 5418 1004 5439 ,
1061 5379 1151 5429 καὶ
1207 5378 1266 5429 τὸ
1324 5379 1697 5447 ὲμπτυόμενον
1731 5377 1899 5448 πρόσ-

326 5486 494 5522 ωπον.
533 5466 670 5522 Ἀλλ’
700 5467 825 5519 οὔτε
860 5466 918 5518 τὸ
941 5466 1032 5519 ἐπὶ
1059 5466 1195 5519 θεοῦ
1222 5467 1508 5535 εἰρημένον
1537 5468 1629 5519 τοῦ
1660 5469 1894 5537 ἀοράτου

327 5562 640 5630 πρόσωπον,
682 5559 758 5620 ὡς
793 5557 1089 5622 ὑπόστασις
1123 5557 1360 5624 ἐλέγετο,
1415 5560 1543 5627 περὶ
1595 5552 1654 5611 οὗ
1706 5558 1800 5609 νῦν
1834 5559 1893 5610 τὸ

326 5653 680 5724 ζητούμενον·
714 5654 773 5704 οὑ
806 5652 913 5721 γὰρ
945 5651 1000 5703 ἓν
1035 5652 1195 5719 μόνον
1216 5650 1277 5702 τὸ
1305 5650 1396 5702 τοῦ
1427 5651 1561 5701 Θεοῦ
1598 5651 1886 5717 πρόσωπόν

399 5794 440 5824 ⁸⁸
471 5795 637 5849 Exod.
679 5809 858 5854 tum,
896 5793 982 5844 ‘20.
1064 5795 1101 5820 "'
1139 5793 1322 5845 Matth.
1353 5807 1494 5847 xxvi.
1523 5793 1602 5845 (Π.

2006 5016 2209 5070 videbit
2243 5017 2436 5072 faciem
2457 5013 2651 5083 meam,
2685 5021 2901 5077 etvivet
2923 5023 2967 5054 "
2993 5039 3009 5088 ;
3039 5043 3056 5074 ι
3087 5035 3143 5078 et
3163 5040 3269 5079 una
3290 5035 3374 5080 est
3406 5027 3574 5083 facies

2005 5108 2244 5162 hominis
2261 5109 2560 5176 passibilis;
2591 5111 2954 5179 scriptumest
2979 5116 3124 5168 enim
3149 5131 3165 5170 :
3196 5117 3292 5170 ιΕῐ
3319 5127 3447 5172 tunc
3473 5135 3572 5172 ex-

2003 5207 2238 5266 pnerunt
2272 5199 2325 5251 in
2355 5198 2548 5253 faciem
2576 5201 2772 5270 ejus".
2799 5220 2818 5253 ι
2850 5203 2908 5257 Si
2936 5219 3066 5274 ergo
3098 5221 3201 5258 una
3225 5216 3307 5259 est
3337 5222 3571 5276 persona

2000 5289 2201 5344 Christi
2226 5290 3185 5366 postincarnationem,huicerituna
3199 5297 3367 5352 facies
3384 5299 3573 5352 invisi-

2007 5379 2151 5439 bilis,
2172 5380 2339 5432 altera
2367 5379 2661 5447 passibilis.
2685 5381 2788 5436 Sed
2821 5384 2920 5436 ista
2943 5384 3111 5440 facies
3133 5387 3227 5458 Dei
3254 5387 3568 5450 ἱηνίδὶὺίιιμ,

2002 5469 2070 5523 de
2091 5485 2195 5536 qua
2213 5470 2440 5536 quaastio
2452 5478 2556 5533 est,
2583 5487 2679 5538 pro
2704 5488 2936 5540 persona
2955 5475 3225 5545 accipitur
3249 5495 3268 5531 :.
3287 5495 3394 5533 non
3420 5480 3567 5532 enim

2003 5560 2159 5612 unica
2183 5567 2267 5612 est
2305 5559 2397 5612 Dei
2435 5576 2686 5628 persona,
2712 5564 2807 5618 sed
2838 5565 3054 5634 triplex.
3081 5567 3174 5622 Illa
3205 5570 3351 5623 enim
3377 5569 3572 5625 invisi-

2002 5653 2125 5705 bilis
2146 5653 2310 5704 facies
2333 5653 2598 5707 nondieta
2622 5662 2704 5708 est
2735 5671 2840 5708 una
2862 5671 2982 5711 esse
3009 5676 3038 5712 e
3062 5660 3361 5727 Trinitatc;
3389 5679 3566 5735 neque
