4214 6450
738 365 868 434 i591

2017 374 2327 436 LEONTH
2368 378 2776 440 BYZANTINI

3881 379 4014 444 1592

731 496 858 537 cum
897 492 1247 550 opposutaone
1299 494 1560 555 usurpata
1608 497 1689 540 est
1735 488 1804 541 ..ιι
1852 504 1958 542 una
2008 491 2312 545 divinarum

2423 495 2555 555 ἐστι,
2591 494 2726 547 ἀλλά
2776 493 2918 562 τρὶα’
2976 492 3078 544 οὐκ.
3116 491 3183 544 ἂν
3218 490 3325 563 γάρ
3364 492 3558 555 ἑνικῶς
3611 487 3751 545 εἶναι
3801 494 4009 564 ἐρρήθη

729 584 1116 638 personarum,
1165 576 1322 643 quasi
1350 577 1470 631 alia:
1504 577 1625 631 dum
1655 580 2153 636 consubstantiales
2182 582 2319 636 (livi-

729 675 857 714 nam
909 660 1106 716 faciem
1134 663 1409 721 visibilem
1445 683 1557 736 pra:
1604 683 1664 723 se
1705 669 1918 735 ferant',
1958 681 2015 726 et
2054 688 2163 727 una
2197 691 2321 743 qua:

729 751 978 820 loquitur
1006 754 1342 811 invisibilem
1372 759 1606 827 habeat;
1651 762 1745 816 sed
1779 763 2003 818 nomine
2037 762 2196 819 faciei
2231 765 2316 820 in-

729 842 1023 898 dicebatur
1052 856 1264 901 natura:
1278 848 1400 917 ejus
1420 849 1581 914 visio,
1613 861 1668 906 et
1692 852 1961 907 naturalis
1995 853 2091 908 Dei
2119 854 2316 918 forma,

729 932 876 1001 quod
929 934 1072 988 idem
1113 950 1225 989 non
1270 945 1358 992 est
1390 954 1456 993 ac
1494 954 1749 1006 persona.
1800 940 1891 995 Sic
1938 942 2140 997 iterum
2171 945 2318 1014 quod

730 1038 986 1089 persona,
1032 1025 1137 1081 hoc
1167 1043 1278 1083 non
1308 1039 1392 1084 est
1440 1030 1611 1085 facies
1654 1031 1860 1088 Christi
1893 1049 2018 1103 quae
2049 1046 2317 1107 consputa

729 1112 866 1178 fuit;
915 1115 1019 1170 ista
1070 1118 1219 1172 enim
1266 1136 1393 1188 pars
1426 1119 1527 1174 fuit
1570 1117 1701 1176 non'
1729 1123 1893 1178 modo
1924 1122 2166 1191 Christi,
2219 1127 2317 1181 sed

727 1203 898 1258 etiam
940 1205 1179 1262 hominis
1205 1209 1257 1263 in
1287 1210 1429 1279 ipso,
1479 1221 1534 1266 ct
1565 1228 1761 1269 rursus
1799 1231 1970 1270 unum
2004 1218 2316 1272 membrum

727 1297 980 1366 corporis
1012 1300 1154 1367 ejus,
1210 1310 1407 1370 caput;
1460 1318 1565 1358 nec
1595 1312 1771 1360 totum
1820 1315 2015 1377 caput,
2051 1294 2149 1363 sed
2188 1324 2319 1379 pars

724 1387 850 1455 ejus
878 1390 1149 1454 anterior,
1178 1401 1315 1446 etea
1345 1392 1587 1463 denique
1613 1411 1737 1465 qua:
1754 1406 1839 1450 est
1859 1398 2073 1453 circum
2102 1402 2315 1455 oculos.

728 1476 784 1531 Si
813 1493 945 1549 ergo
981 1480 1086 1535 hoc
1124 1498 1236 1561 uno
1265 1485 1436 1538 verbo
1460 1485 1803 1555 signiﬁcatur
1828 1488 2032 1545 Christi
2057 1507 2314 1561 persona,

723 1584 836 1624 non
876 1580 1059 1626 autem
1090 1588 1153 1628 ea
1186 1590 1309 1644 quae
1338 1585 1534 1646 pectus
1558 1564 1926 1657 circumdant,
1957 1598 2060 1657 nec
2099 1600 2312 1648 manus,

722 1675 825 1714 nec
876 1661 1068 1731 pedes,
1112 1680 1290 1735 neque
1338 1675 1532 1723 caetera
1584 1654 1833 1724 membra
1878 1654 2128 1742 corporis
2172 1677 2311 1743 ejus,

723 1753 841 1808 sive
875 1757 998 1826 puri
1038 1758 1302 1821 hominis,
1354 1759 1470 1814 sive
1513 1760 1611 1815 Dei
1643 1761 1715 1815 sit
1744 1775 1980 1831 persona
2020 1772 2078 1818 et
2122 1764 2310 1829 facies,

722 1844 1024 1901 dicendum
1081 1850 1191 1903 erit
1238 1852 1557 1907 necessario
1604 1867 1728 1908 esse
1768 1863 2030 1910 extranea
2068 1872 2316 1926 personae

720 1937 935 2007 reliqua
965 1940 1087 2008 ejus
1137 1943 1385 1997 membra
1416 1958 1538 2013 qua:
1560 1944 1760 2010 oculis,
1802 1956 1898 1999 aut
1931 1960 2027 2001 ore
2069 1964 2178 2002 non
2208 1949 2315 2003 cir-

716 2029 1194 2087 cumscribuntur.
1228 2029 1385 2097 Quod
1423 2032 1633 2087 dictum
1668 2034 1957 2089 manifeste
1989 2044 2075 2091 est
2103 2038 2312 2107 puerile

717 2120 805 2174 vel
839 2121 1227 2191 sophistieum.

2426 586 2530 639 €2.13
2550 588 2650 654 τῆς
2678 585 2963 655 Θεὸτητος,
2986 583 3110 637 οὔτε
3141 584 3281 637 κατὰ
3306 585 3735 653 ἀντιδιαστολὴν,
3767 586 3877 639 ὑπὸ
3896 586 4013 649 ἑνδς

2423 678 2533 731 τῶν
2570 678 2729 732 θείων
2780 674 3090 746 προσώπων
3144 674 3263 727 ἐστὶ
3308 675 3607 743 λεγόμενον
3643 676 3707 728 τὸ
3754 677 4006 747 ἀόρατον,

2423 769 2500 833 ὡς
2532 769 2640 822 τῶν
2669 768 2972 837 ὁμοουσίων
2998 766 3201 836 ἑτέρων
3245 766 3359 830 δύο,
3406 766 3621 836 ὁρατῶν
3648 767 3823 820 ὄντων
3854 769 4008 821 οείων

2424 863 2774 932 προσώπων,
2817 861 2911 915 τοῦ
2951 860 3387 932 χρηματίζοντος
3435 861 3493 914 δὲ
3555 860 3721 929 μόνου
3770 862 4009 930 ἀοράτου

2421 956 2801 1025 τυγχάνοντος·
2834 955 2952 1008 ἀλλ’
2984 956 3017 1023 ἡ
3048 954 3150 1022 τῆς
3184 952 3400 1020 φύσεως
3444 952 3612 1005 αὑτοῦ
3647 952 4013 1014 κατόπτειισις

2422 1047 2677 1118 έδηλοῦτο
2709 1047 2799 1101 διὰ
2828 1046 2922 1100 τοῦ
2971 1044 3269 1116 προσώπου
3293 1084 3308 1107 ,
3359 1045 3453 1097 καὶ
3485 1043 3548 1095 τὸ
3599 1044 3835 1112 φυσικὸν
3873 1038 4010 1104 εἶδος

2420 1139 2517 1192 τοῦ
2545 1138 2704 1201 Θεοῦ,
2736 1139 2874 1207 ὅπερ
2920 1137 2983 1190 οὑ
3010 1137 3207 1192 ταυτὸν
3250 1138 3452 1188 νοεῖται
3479 1138 3549 1204 τῇ
3581 1130 3881 1187 ὑποστάσει
3930 1133 4007 1184 δυ’

2421 1229 2503 1283 ἔτι
2546 1230 2605 1283 δὲ
2651 1232 2714 1284 οὑ
2757 1231 2953 1285 ταντόν
2985 1234 3101 1284 ἐστι
3144 1232 3211 1300 τῇ
3248 1229 3544 1280 ὑποστάσει
3587 1225 3773 1278 αὐτοῦ’
3800 1226 3925 1277 οὐδὲ
3952 1224 4011 1275 τ’)

2422 1321 2735 1390 ἐμπτυσθὲν
2765 1320 3003 1393 Χριστοῦ
3030 1320 3350 1392 πρόσωπονο
3381 1317 3547 1387 μέρος
3580 1317 3689 1384 γάρ
3722 1319 3843 1368 ἐστι
3874 1317 4013 1366 9.7.2:-

2423 1428 2500 1474 vo,
2540 1411 2602 1464 οὑ
2652 1411 2812 1482 μόνον
2860 1410 3121 1481 Χριστοῦ,
3151 1410 3289 1463 ἀλλὰ
3319 1405 3414 1461 καὶ
3441 1407 3536 1460 τοῦ
3568 1407 3687 1458 κατ’
3724 1405 3891 1459 αὑτὸν
3921 1407 4013 1455 άν-

2422 1502 2667 1572 ορώπου·
2699 1504 2795 1556 καὶ
2824 1503 3014 1556 τούτου
3040 1502 3149 1554 τῶν
3176 1499 3510 1571 σωματικῶν
3535 1497 3718 1567 μερῶν
3741 1496 3823 1559 ἓν,
3846 1498 4012 1562 ἤγουν

2418 1597 2452 1664 ἠ
2490 1595 2698 1664 κεφαλή
2728 1611 2742 1625 ·
2769 1594 2861 1647 xui.
2911 1594 3049 1663 αὑτὴ
3075 1593 3131 1645 δὲ
3176 1593 3274 1661 οὐχ
3312 1591 3410 1660 ὅλη
3431 1631 3445 1651 ,
3480 1590 3615 1642 ἀλλὰ
3647 1589 3709 1641 τὸ
3743 1588 3803 1639 ἓν
3843 1589 4011 1659 αὐτῆς

2419 1685 2655 1756 πλευρὸν
2691 1684 2879 1747 ἁπλῶς
2922 1685 2984 1736 τὸ
3016 1682 3373 1753 ἐμπρὸσοιον,
3400 1682 3494 1735 καὶ
3520 1679 3656 1749 πρὸς
3683 1679 3815 1740 τοῦς
3855 1671 4011 1738 ὦπας

2422 1777 2587 1847 μέρος
2612 1777 2803 1845 αὐτῆς·
2842 1777 2891 1829 εἱ
2920 1772 3015 1830 οὖν
3049 1776 3184 1842 τᾷδε
3213 1777 3241 1827 ὁ
3267 1775 3369 1843 τῆς
3392 1771 3747 1831 ὑποστάσεως
3766 1768 3863 1821 τοῦ
3887 1770 4015 1838 X9:-

2420 1867 2546 1920 στοῦ
2593 1867 2752 1934 λόγος
2781 1868 3035 1939 δηλοῦται
3078 1867 3246 1938 μόνῳ,
3280 1865 3403 1919 ἐπεὶ
3451 1864 3526 1935 μὴ
3569 1862 4011 1934 ὲμπεριώριστσι

2421 1960 2571 2030 αὑτῷ
2602 1962 2849 2031 στέρνον,
2891 1961 2983 2013 καὶ
3016 1962 3076 2013 αἱ
3125 1960 3329 2029 χεῖρες,
3374 1959 3469 2010 καὶ
3501 1958 3555 2009 οἱ
3599 1955 3781 2018 πόδες,
3816 1955 3912 2007 καὶ
3947 1952 4015 2007 τὰ

2418 2045 2580 2099 λοιπὰ
2612 2046 2707 2099 τοῦ
2750 2048 3023 2116 σώματος,
3069 2045 3179 2099 εἴτε
3209 2034 3387 2105 ψιλοῦ
3413 2042 3704 2112 ἀνθρώπου
3726 2082 3741 2107 ,
3775 2044 3887 2095 εἴτε
3917 2036 4015 2094 οὗν

2416 2132 2554 2187 Θεοῦ
2605 2136 2811 2206 ἐστινὴ
2843 2135 3145 2197 ὑπόστασις
3181 2133 3425 2204 Χριστοῦ
3480 2133 3573 2185 καὶ
3613 2131 3673 2183 τὸ
3714 2130 4016 2199 πρόσωπον

717 2216 934 2287 ἀνάγκη
968 2216 1127 2280 ἐκτὸς
1155 2215 1294 2271 εἶναι
1329 2218 1490 2288 τῆσδε
1516 2219 1615 2288 τῆς
1641 2221 1993 2286 ὑποστάσεως
2037 2224 2214 2277 πάντα
2244 2226 2311 2279 τά
2337 2226 2473 2281 ἄλλα
2522 2230 2656 2300 μέλη
2693 2229 2885 2299 αὐτῆς,
2912 2230 3028 2283 ’ὅσα
3064 2229 3138 2300 μὴ
3191 2231 3224 2299 ἡ
3263 2228 3407 2297 ὄψις,
3443 2227 3610 2296 ᾕγουν
3638 2227 3666 2278 ὁ
3699 2225 4013 2295 χαρακτὴρ,

716 2312 1053 2382 περιγράφει
1088 2312 1311 2383 ταύτης·
1338 2313 1369 2383 ἢ
1415 2312 1510 2367 οὖν
1541 2316 1850 2383 παιδιῶδες,
1879 2319 1913 2388 ἢ
1947 2319 2260 2386 σοφιστικὸν
2316 2321 2378 2376 τὸ
2434 2326 2723 2398 εἰρημένον
2752 2326 2882 2397 ὑμῖν
2906 2325 3114 2395 σαφῶς.

986 2460 997 2469 ,
1283 2407 1438 2463 CAP.
1487 2409 1727 2466 XXXIV.

787 2498 955 2553 Verbi
992 2499 1090 2554 Dei
1124 2515 1363 2570 persona
1394 2517 1506 2556 una
1528 2510 1749 2559 estnon
1771 2519 1841 2558 ex
1877 2504 2106 2573 unione,
2125 2507 2222 2562 sed
2241 2523 2311 2563 ex

718 2584 1161 2669 natura;Ch3-i‘sti
1186 2609 1422 2663 persona
1446 2610 1554 2649 una
1587 2603 1672 2650 est
1700 2610 1769 2650 ex
1799 2596 2036 2663 unione;
2069 2599 2307 2668 atquisi,

718 2692 780 2738 ut
813 2684 1043 2762 Christi,
1067 2686 1141 2742 ita
1160 2696 1218 2742 et
1245 2671 1411 2742 Verbi
1433 2703 1671 2757 persona
1691 2704 1799 2743 una
1830 2698 1976 2744 esset
1993 2706 2057 2744 ex
2080 2691 2307 2756 unione,

720 2785 934 2845 certum
966 2789 1115 2833 esset
1160 2779 1398 2833 Verbum
1441 2779 1537 2833 Dei
1589 2789 1885 2851 antequam
1921 2797 2090 2835 unam
2122 2798 2313 2853 perso-

720 2886 847 2923 nan.
887 2854 1168 2936 habuerit,
1202 2887 1324 2927 eam
1363 2887 1476 2927 non
1508 2873 1796 2939 habuisse,
1831 2875 1977 2930 haud
2012 2892 2193 2940 secus,
2247 2893 2311 2932 ac

715 2960 994 3017 Christus.
1027 2963 1132 3018 Sed
1171 2964 1260 3018 illa
1290 2980 1397 3018 una
1433 2966 1706 3021 naturalis
1746 2983 1980 3037 persona
2014 2970 2177 3023 unius
2214 2985 2313 3023 na-

718 3065 860 3109 tnrze
889 3055 1057 3110 Verbi
1113 3056 1231 3121 Dei,
1262 3058 1428 3112 etiam
1463 3068 1590 3127 post
1634 3060 2102 3124 incarnationem,
2154 3062 2311 3117 unita

3002 2421 3252 2476 ΚΕΦΑΛ.
3287 2420 3406 2474 AA'.

2489 2517 2533 2569 Τ
2534 2518 2562 2570 δ
2580 2517 2867 2587 πρόσωπον
2895 2514 2989 2568 τοῦ
3010 2512 3147 2567 Θεοῦ
3170 2512 3348 2581 Λόγου
3366 2512 3467 2567 οὑκ
3485 2511 3635 2565 ἔστιν
3662 2511 3731 2565 ἐκ
3748 2511 3848 2580 τῆς
3872 2508 4015 2564 ἑνώ-

2418 2621 2557 2669 σεως
2588 2605 2666 2669 ἓν,
2696 2607 2834 2660 ἀλλὰ
2863 2609 2928 2660 ὲκ
2960 2605 3210 2675 φύσεο›ς’
3234 2606 3296 2657 τὸ
3324 2605 3619 2676 πρόσωπον
3644 2603 3740 2657 τοῦ
3769 2602 4015 2673 Χριστοῦ

2424 2699 2490 2751 ἐκ
2517 2697 2619 2768 τῆς
2642 2697 2889 2761 ἑνώσεώς
2914 2700 3063 2750 ἐστιν
3083 2696 3143 2749 ἒν
3166 2714 3180 2728 ·
3220 2697 3268 2747 εἰ
3292 2696 3403 2766 γάρ
3434 2696 3500 2749 ἐκ
3536 2696 3636 2765 τῆς
3669 2695 3921 2758 ἑνώσεως
3934 2690 4018 2764 ἦν

2416 2788 2481 2842 τὸ
2509 2789 2568 2842 ἒν
2595 2788 2886 2858 πρόσωπον
2911 2789 3004 2842 τοῦ
3033 2787 3170 2841 Θεοῦ
3195 2787 3396 2854 Λόγου,
3429 2785 3622 2857 ὥσπερ
3668 2786 3731 2839 τὸ
3754 2785 3848 2839 τοῦ
3874 2787 4019 2855 Χρι-

2421 2881 2571 2944 στοῦ,
2596 2881 2754 2952 δῆλον
2794 2882 2877 2934 δτι
2910 2884 3037 2951 πρὶν
3070 2883 3297 2949 γένηται
3326 2883 3355 2933 ὁ
3388 2880 3517 2941 Θεὸς
3548 2880 3721 2946 Λόγος
3755 2878 3814 2929 ἓν
3842 2878 4017 2947 πρόσ-

2420 2989 2592 3037 ωπον,
2616 2971 2717 3024 οὑκ
2746 2967 2859 3040 εἶχε
2883 2971 2942 3024 τὸ
2962 2969 3021 3023 ἓν
3049 2969 3360 3040 πρόσωπον,
3385 2967 3535 3021 ὥσπε
3544 2985 3576 3037 ρ
3607 2966 3732 3020 οὐδὲ
3753 2968 4016 3035 Χριστός.

2420 3064 2564 3116 Ἀλλ’
2589 3064 2721 3116 αὑτὸ
2744 3064 2805 3115 τὸ
2839 3064 2902 3115 ἐκ
2930 3062 3144 3130 φύσεως
3177 3060 3236 3113 ἓν
3272 3059 3566 3131 πρόσωπον
3620 3059 3719 3127 τῆς
3752 3058 3879 3127 μιᾶς
3907 3056 4018 3123 96-

652 3202 665 3210 ,
717 3146 902 3200 Verbo
933 3147 988 3201 in
1023 3147 1141 3217 ipso
1169 3158 1366 3202 natura
1400 3150 1605 3213 carnis,
1644 3166 1753 3205 una
1796 3162 2046 3208 remanet
2084 3168 2312 3223 persona

2423 3171 2561 3218 σεως
2586 3155 2681 3208 τοῦ
2710 3155 2908 3223 Λόγου,
2942 3152 3101 3205 τοῦτο
3131 3152 3225 3204 καὶ
3249 3152 3342 3203 ἐπὶ
3482 3146 3675 3202 ένώσει
3708 3147 3811 3215 τῆς
3843 3165 4018 3211 προσ·

719 3237 958 3291 duarum
1001 3247 1326 3298 naturarum
1361 3240 1570 3295 Christi
1605 3260 1616 3293 :
1651 3256 1718 3296 ex
1749 3242 1955 3297 unione
2008 3244 2177 3314 igitur
2209 3261 2310 3299 na-

717 3343 992 3397 turarum,
1021 3350 1133 3389 non
1166 3351 1552 3405 personarum,
1580 3353 1688 3390 una
1726 3338 1785 3391 iit
1812 3338 2019 3393 Christi
2052 3354 2308 3409 persona,

718 3440 842 3494 quae
888 3440 1054 3478 unam
1105 3426 1539 3480 adhue-retinet
1594 3434 1869 3492 naturam,
1903 3437 1959 3482 et
2013 3428 2177 3484 unica
2227 3438 2314 3483 est

717 3532 952 3586 persona
1008 3516 1235 3572 Christi.
1297 3517 1440 3583 Quid
1506 3521 1680 3589 ergo?
1718 3518 1974 3575 Christus
2023 3519 2310 3591 accepitne

718 3622 1013 3673 personant
1048 3622 1116 3660 ex
1166 3619 1387 3671 natura,
1449 3616 1649 3678 praeter
1703 3609 1935 3663 alteram
1967 3625 2036 3663 ex
2080 3609 2307 3674 unione,

715 3697 947 3751 annon?
980 3696 1038 3751 Si
1072 3713 1188 3752 non
1232 3702 1478 3769 accepit,
1513 3714 1807 3770 personam
1842 3715 1952 3753 non
1982 3699 2113 3753 fecit
2147 3700 2306 3762 unio;

716 3790 837 3855 sed,
886 3798 947 3844 ut
974 3789 1216 3845 diximus
1241 3832 1256 3856 ,
1295 3790 1438 3846 facta
1470 3802 1555 3846 est
1593 3793 1648 3845 in
1696 3792 1933 3846 naturali
1974 3792 2137 3847 Verbi
2180 3808 2309 3861 per-

717 3897 853 3937 sona
885 3883 1018 3936 unio
1062 3892 1410 3960 naturarum.
1443 3882 1500 3938 Si
1548 3892 1736 3938 autem
1765 3883 2078 3938 naturalem
2114 3898 2309 3953 perso-

715 3990 882 4039 nam,
918 3982 1119 4041 prater
1174 3973 1337 4027 aliam
1397 3988 1465 4029 ex
1520 3975 1750 4037 unione,
1802 3973 2000 4029 habuit
2032 3973 2308 4040 Christus,

716 4067 860 4122 sicut
886 4065 1155 4128 Verbum,
1185 4079 1310 4119 eum
1342 4064 1541 4120 dicatis
1559 4065 1745 4119 Verbo
1776 4081 1900 4119 esse
1925 4081 2215 4135 personam
2243 4081 2311 4119 ex

717 4167 937 4220 natura,
967 4167 1025 4212 et
1058 4156 1219 4211 aliam
1245 4172 1313 4212 ex
1334 4157 1563 4219 unione,
1588 4156 1726 4211 duas
1754 4171 1888 4227 ergo
1916 4171 2183 4225 personas
2213 4156 2313 4209 ha-

716 4251 927 4305 bebunt
973 4250 1219 4305 Verbum
1276 4259 1334 4304 et
1369 4264 1520 4307 caro.
1569 4249 1653 4303 Ad
1697 4263 1994 4319 quamnatn
2035 4248 2203 4319 igitur
2243 4264 2310 4303 ex

716 4351 958 4412 quatuor
996 4341 1250 4412 personis
1298 4339 1588 4395 referenda
1627 4347 1717 4395 est
1754 4339 1847 4392 illa
1876 4347 2205 4392 naturarum
2256 4349 2312 4391 et

715 4448 1080 4504 personarum
1118 4432 1250 4487 unio
1282 4432 1336 4486 in
1376 4446 1485 4486 una
1517 4430 1799 4500 persona?
1833 4428 1888 4483 Si
1919 4429 1986 4483 ad
2017 4443 2310 4497 personam

2413 3248 2712 3318 ληφθείσηῑ
2762 3249 2899 3317 αὑτῇ
2949 3247 3008 3298 ὲν
3040 3244 3190 3314 αὑτῷ
3242 3243 3458 3310 φύσεως
3501 3242 3708 3309 σαρκδς
3750 3241 3888 3310 πρὸς
3938 3242 4021 3309 τῷ

2413 3343 2593 3412 Λόγῳ,
2624 3342 2685 3394 ’ἐν
2716 3341 2864 3393 ἐστιν
2894 3337 3186 3410 πρόσωπον
3214 3338 3322 3388 τῶν
3349 3333 3445 3387 δύο
3476 3332 3698 3401 φύσεων
3728 3334 3973 3402 Χριστοῦ
4001 3352 4016 3362 ·

2415 3438 2479 3489 ἐκ
2498 3435 2597 3504 τῆς
2649 3433 2744 3486 οὖν
2775 3431 3022 3492 ὲνώσεως
3076 3428 3184 3480 τῶν
3235 3427 3453 3496 φύσεων
3480 3426 3543 3478 οὑ
3578 3424 3924 3495 προσώπων,
3956 3425 4021 3478 ’ἐν

2413 3528 2530 3580 ἐστι
2561 3526 2621 3579 τὸ
2648 3525 2940 3595 πρόσωπον
2961 3519 3224 3590 Χριστοῦ,
3263 3521 3292 3573 ὃ
3318 3523 3464 3573 ἐστιν
3496 3523 3559 3572 ἐκ
3598 3522 3731 3588 μιᾶς
3771 3518 4018 3586 φύσεως,

2414 3618 2472 3669 ἓν
2494 3617 2788 3687 πρόσωπον
2813 3613 2905 3667 τοῦ
2923 3615 3096 3680 Λόγου
3124 3630 3137 3644 ’
3170 3613 3294 3664 ἐπεὶ
3313 3613 3366 3664 τί
3387 3628 3526 3679 φατε
3547 3629 3562 3677 ;
3587 3613 3614 3663 ὁ
3632 3611 3868 3677 Χριστὸς
3901 3609 4020 3677 ἔχει

2414 3710 2709 3778 πρόσωπον
2776 3708 2840 3759 ὲκ
2878 3706 3114 3775 φύσεως,
3151 3703 3288 3775 πρὸς
3332 3702 3411 3772 τῷ
3447 3705 3732 3773 προσώπῳ
3776 3702 3895 3754 τόδε
3938 3701 4021 3767 τῷ

2413 3805 2476 3855 ὲκ
2508 3802 2608 3868 τῆς
2638 3799 2908 3861 ένώσεως,
2956 3798 2991 3867 ἦ
3023 3797 3180 3866 οὑχίς
3216 3799 3264 3849 εἰ
3296 3797 3395 3867 μὲν
3428 3796 3522 3849 οὑν
3558 3795 3706 3863 οὐχὶ,
3739 3794 3852 3847 οὐδ’
3904 3794 4022 3863 ἄρα

2416 3893 2711 3964 πρόσωπόν
2745 3894 2894 3944 ἐστιν
2920 3893 2953 3961 ἡ
2979 3892 3192 3951 ἓνωσις,
3225 3888 3340 3942 ἀλλ’
3366 3890 3443 3951 ὡς
3477 3890 3691 3957 ἔφημεν
3718 3889 3777 3939 ὲν
3805 3885 3882 3954 τῷ
3916 3904 4022 3953 φυ-

2415 3984 2552 4053 σικῴ
2589 3984 2870 4054 προσώπῳ
2892 3982 2985 4035 τοῦ
3027 3983 3227 4049 Λόγου,
3264 3978 3477 4048 φύσεώς
3526 3980 3677 4031 ἐστιν
3713 3979 3747 4047 ἡ
3775 3976 4019 4037 ’ἐνωσις-

2414 4078 2461 4127 εἰ
2478 4074 2533 4127 δὲ
2552 4072 2666 4143 ἕχει
2681 4072 2709 4124 ὁ
2733 4072 2968 4143 Χριστὸς
2985 4070 3213 4138 φυσικὸν
3235 4068 3550 4139 πρόσωπον,
3576 4065 3770 4136 ὥσπερ
3798 4067 4026 4132 ὀΛόγος

2414 4165 2552 4234 πρὸς
2582 4163 2658 4233 τῷ
2688 4165 2789 4232 τῆς
2815 4160 3064 4224 ἑνώσεως
3092 4159 3371 4230 προσώπῳ
3401 4159 3642 4220 πάντως,
3668 4158 3755 4210 ὅτι
3802 4157 3899 4209 καὶ
3924 4159 4023 4208 τὸν

2414 4257 2585 4324 Λόγον
2605 4256 2741 4326 φατὲ
2760 4254 2908 4325 ἔχειν
2932 4254 3026 4307 καὶ
3059 4253 3222 4306 αὑτὸν
3251 4253 3502 4312 ἐνώσεως
3521 4250 3843 4320 πρόσωπον,
3876 4248 4023 4319 πρὸς

2413 4347 2490 4416 τῷ
2515 4348 2612 4418 τῆς
2645 4347 2863 4416 φύσεως
2898 4344 3196 4416 προσώπῳ,
3230 4342 3334 4397 ἀνὰ
3359 4342 3452 4395 δύο
3499 4337 3594 4395 οὖν
3622 4340 3811 4411 έχουσι
3844 4341 4020 4409 προσ⁸

2414 4453 2538 4491 ωπα
2584 4436 2789 4505 σαφῶς,
2831 4438 2862 4490 ὅ
2886 4452 2945 4488 τε
2968 4436 3160 4497 Λόγος,
3191 4436 3282 4487 καὶ
3311 4435 3345 4503 ἠ
3383 4431 3549 4501 σάρξ·
3596 4433 3678 4492 εἰς
3724 4434 3879 4483 ποῖον
3918 4426 4018 4481 οῦν

715 4526 925 4581 Christi
951 4533 1236 4595 acceptam
1273 4538 1340 4577 ex
1374 4522 1603 4587 unione,
1634 4520 1845 4575 inutilis
1870 4528 1955 4575 est
1986 4519 2153 4575 Verbi
2178 4534 2305 4590 per-

2418 4529 2520 4581 τῶν
2545 4531 2828 4599 τεσσάρων
2885 4525 3195 4596 προσώπων
3223 4526 3412 4592 λέγετε
3453 4521 3780 4593 θεωρεῖσθαι
3805 4523 3908 4590 τὴν
3935 4524 4018 4583 si;

719 4633 889 4682 sena;
947 4617 992 4671 si
1044 4616 1110 4670 ad
1160 4614 1351 4676 Verbi,
1386 4631 1529 4669 vana
1558 4623 1644 4669 est
1675 4613 1885 4669 Christi
1933 4629 2193 4683 persona.
2240 4613 2308 4667 Et

718 4708 1001 4777 quomodo
1031 4707 1329 4763 subsistit?
1349 4706 1450 4763 Ubi
1475 4716 1560 4760 est
1590 4707 1681 4761 illa
1706 4723 1772 4760 ex
1806 4707 2012 4760 unione
2033 4704 2312 4776 persona?

720 4804 776 4857 Si
807 4811 962 4857 extra
1011 4801 1292 4856 naturales
1326 4815 1612 4871 personas,
1646 4799 1813 4854 habet
1846 4798 2073 4868 prepria
2111 4797 2311 4851 na’tivi-

718 4905 914 4960 tatem,
948 4896 1312 4957 lineamenta,
1346 4904 1405 4950 et
1428 4902 1666 4959 motum;
1704 4894 1749 4947 si
1788 4894 1841 4947 in
1871 4892 2157 4954 alterutra,
2200 4906 2311 4946 non

719 4989 830 5043 erit
862 4988 917 5042 in
949 4988 1125 5042 altera
1159 5003 1269 5041 una
1314 5001 1590 5057 persona;
1630 4986 1675 5039 si
1715 4985 1769 5038 in
1796 4994 2050 5053 utraque,
2085 4998 2312 5038 necesse

718 5089 805 5134 est
845 5081 1017 5150 ipsam
1049 5077 1103 5132 in
1138 5077 1429 5133 distinctas
1458 5086 1515 5131 et
1548 5077 1797 5131 diversas
1830 5090 2098 5144 personas
2139 5074 2312 5129 fuisse

721 5173 981 5237 divisam,
1005 5172 1122 5228 sive
1144 5173 1201 5226 in
1231 5171 1518 5227 dimidiam
1569 5178 1780 5241 partem
1806 5170 1921 5224 sive
1951 5169 2003 5222 in
2028 5167 2313 5238 quodlibet

724 5265 1038 5320 membrum
1090 5264 1347 5330 visibile;
1379 5263 1537 5317 verbi
1572 5264 1754 5333 gratia
1787 5276 1959 5316 unum
2008 5259 2205 5330 pedem
2254 5258 2310 5312 in

721 5355 905 5411 Verbo
933 5363 992 5411 et
1021 5355 1077 5410 in
1125 5371 1289 5411 carne
1347 5353 1612 5425 intelligi;
1667 5354 1725 5408 in
1780 5368 2017 5425 persona
2047 5350 2314 5407 invisibili

723 5450 922 5521 pedem
982 5448 1339 5522 invisibilem.
1388 5448 1444 5501 in
1510 5447 1713 5501 visibili
1760 5445 2057 5499 visibilem.
2123 5443 2314 5499 Vestra

724 5545 897 5616 igitur
930 5542 1206 5617 sententia
1239 5549 1355 5595 tres
1389 5539 1559 5610 pedes
1593 5540 1649 5593 in
1673 5539 1880 5593 visibili
1928 5536 2153 5617 Christo
2184 5551 2317 5590 eou-

724 5634 1060 5703 spieiuntur,
1093 5642 1149 5687 et
1173 5632 1315 5686 idem
1350 5633 1419 5685 de
1455 5631 1685 5701 reliquis
1716 5631 2001 5685 membris.
2038 5628 2169 5695 Quae
2186 5643 2312 5680 cum

726 5727 839 5779 sint
867 5740 1032 5792 supra
1066 5724 1238 5778 aniles
1256 5722 1470 5777 fabulas
1490 5721 1758 5785 absurda;
1797 5737 1922 5776 cum
1953 5734 2131 5787 neque
2162 5728 2314 5772 extra

729 5816 866 5869 duas
898 5815 1175 5870 naturaies
1216 5828 1498 5882 personas,
1539 5812 1817 5883 neque-in
1859 5811 2164 5871 ambabus.
2214 5824 2310 5864 nc-

2416 4619 2713 4688 πρὸσωπον
2748 4619 2917 4671 τῶνδε
2939 4617 3049 4669 τῶν
3073 4615 3289 4685 φύσεων
3320 4615 3413 4666 καὶ
3440 4611 3747 4682 προσώπων
3778 4611 3977 4663 ἕνωσιν
4000 4628 4018 4676 ;

2413 4711 2462 4760 εἰ
2502 4710 2602 4777 μὲν
2630 4708 2738 4779 γὰρ
2790 4708 2872 4767 εἰς
2918 4706 2979 4758 τὸ
3007 4702 3247 4775 Χριστοῦ
3292 4702 3354 4767 ἐξ
3391 4703 3639 4762 ἑνώσεως
3691 4700 4017 4770 τῖρὸσωπον,

2414 4798 2668 4866 περιττὸν
2695 4797 2753 4850 τὸ
2775 4796 2872 4849 τοῦ
2909 4797 3083 4863 Λόγου
3105 4813 3118 4824 ·
3145 4797 3194 4847 ει
3229 4794 3285 4847 δὲ
3320 4796 3400 4856 εἰς
3427 4795 3487 4845 τὸ
3514 4793 3609 4845 τοῦ
3633 4793 3831 4858 Λᾶγου,
3870 4810 4022 4859 παρ-

2414 4890 2571 4944 έλκον
2591 4891 2652 4941 τὸ
2678 4887 2919 4960 Χριστοῦ
2937 4906 2951 4920 ⁸
2992 4887 3109 4951 πῶς
3145 4886 3202 4939 δὲ
3225 4886 3318 4939 καὶ
3337 4884 3644 4954 ὑφέστηκεν
3665 4902 3680 4947 ;
3701 4886 3733 4953 ἦ
3754 4884 3863 4936 ποῦ
3893 4885 4020 4936 τ’ῐδε

2413 4985 2475 5038 τὸ
2504 4984 2563 5049 ἐξ
2586 4984 2834 5045 ὲνώσεως
2858 4983 3153 5050 πρόσωπον
3174 4981 3252 5044 ςεῐ
3283 4980 3382 5050 μὲν
3410 4977 3521 5048 γάρ
3542 4977 3701 5039 ἐκτὸς
3729 4977 3839 5029 τῶν
3858 4993 4026 5043 φυσι-

2414 5075 2550 5138 κῶν,
2586 5075 2722 5128 ἰδίαν
2762 5091 2817 5127 τε
2847 5075 3105 5143 γέννησιν
3129 5073 3222 5125 καὶ
3250 5070 3599 5141 περιγραφὴν
3656 5072 3753 5123 καὶ
3801 5070 4023 5140 κίνησιν

2413 5166 2549 5237 εισι·
2566 5167 2616 5218 εἰ
2637 5166 2693 5218 δὲ
2706 5169 2764 5219 ἑν
2784 5165 3001 5233 θατέρῳ
3022 5164 3189 5233 μόνῳ,
3204 5165 3301 5233 οὑχ
3323 5164 3513 5216 ἐνώσει
3530 5163 3590 5216 τὸ
3606 5163 3693 5214 Ξτε
3703 5178 3795 5232 ρον
3808 5162 3885 5232 τῷ
3903 5164 4024 5215 ἑτὲο

2420 5277 2500 5330 ρῳ
2517 5258 2814 5330 προσώπῳ·
2841 5260 2890 5311 εἰ
2909 5258 2967 5310 δὲ
2986 5259 3339 5328 ἀμφοτέροις,
3357 5258 3569 5326 ἀνάγκη
3588 5256 3674 5309 δια
3682 5273 3747 5326 με
3756 5256 4023 5325 μέρεσθαι

2417 5353 2549 5405 αὑτό
2577 5353 2657 5415 εἰς
2687 5351 2754 5404 τὰ
2800 5350 3197 5419 διακεκριμένα
3230 5350 3324 5401 καὶ
3353 5347 3687 5417 διωρισμένα
3725 5348 4020 5418 πρόσωπα,

2418 5445 2487 5498 ἂν
2529 5446 2732 5514 ἥμισυ,
2766 5444 2871 5497 ὅσα
2912 5459 2972 5496 τε
3002 5438 3095 5495 οῦν
3129 5441 3366 5511 αἰσθητᾶ
3410 5440 3545 5510 μέλη
3576 5438 3745 5522 αὑτοῦ
3786 5440 3967 5500 ἐστιν,
3994 5440 4025 5489 ὁ

2420 5532 2501 5600 εἷς
2531 5536 2669 5601 ποῦς
2698 5535 2864 5605 τυχὸν
2911 5536 2970 5587 έν
2997 5534 3075 5605 τῷ
3104 5535 3285 5605 Λόγῳ,
3324 5534 3353 5585 ὁ
3388 5532 3445 5585 δὲ
3479 5532 3638 5593 ἄλλος
3664 5533 3725 5584 ἐν
3748 5534 3817 5601 τῇ
3854 5533 4026 5600 σαρκὶ

2422 5628 2749 5697 νοηοήσεται
2769 5643 2781 5655 ·
2812 5627 2913 5679 καὶ
2942 5630 2971 5681 ὁ
2997 5627 3096 5697 μὲν
3126 5628 3185 5679 ἐν
3211 5626 3291 5695 τῷ
3319 5625 3537 5695 ἀοράτῳ
3575 5628 3887 5694 προσώπῳ,
3920 5623 4025 5677 ἁὸο

2424 5737 2581 5788 pato;
2619 5720 2751 5783 ποῦς
2774 5737 2788 5749 ⁸
2840 5722 2867 5772 ὁ
2900 5720 2955 5774 δὲ
2988 5724 3046 5772 ὲν
3103 5719 3180 5789 τῷ
3235 5717 3440 5788 ὁρατῷ,
3469 5717 3665 5787 ὁρατὸς
3686 5733 3700 5744 ·
3734 5719 3884 5783 τρεῖς
3926 5735 3939 5755 ι
3962 5710 4025 5764 εῖν

2426 5812 2565 5863 κατὰ
2609 5814 2702 5863 τὸν
2731 5812 2932 5886 ὁρατὸν
2994 5809 3226 5886 Χρισιίον
3281 5812 3327 5862 ιι
3392 5808 3547 5869 πόδες
3602 5806 3847 5874 ὁρῶνται
3896 5801 4022 5856 χεῦ’
