4214 6450
717 415 740 473 ’l
754 414 857 480 595

2000 416 2315 478 LEONTII
2355 415 2763 478 BYZANTINI
2794 430 2797 433 '

3864 410 4002 476 1596

716 522 938 577 duabus
981 523 1302 583 nominibus
1346 535 1636 584 vocantur.
1697 527 1905 584 Eodem
1950 528 2115 583 modo
2162 527 2306 582 idem

2430 528 2470 592 :E
2487 527 2649 581 ἄλλου
2684 528 2781 581 καὶ¹
2801 526 2964 582 ἄλλου
2981 527 3288 598 εἰλημμένα
3315 526 3475 595 λόγου
3496 543 3511 556 ’
3540 524 3655 579 οὔτε
3671 542 3715 588 ις
3746 524 3880 591 γοῦν
3902 526 4000 578 καὶ

715 612 1045 670 Timotheus
1080 616 1136 671 in
1166 633 1274 672 una
1302 634 1535 688 persona
1567 618 1715 675 ﬁlius
1735 619 1890 674 Pauli
1915 625 2059 683 erat,
2080 629 2136 673 ct
2159 619 2307 673 ﬁlius

715 701 915 757 Graeci.
948 703 1014 759 Et
1035 706 1263 761 aliunde
1290 708 1395 762 ista
1418 707 1649 764 nomina
1676 723 1967 779 personam
1989 708 2303 782 designant,

716 793 815 847 scd
849 795 1042 851 habita
1075 797 1290 853 ratione
1315 809 1643 854 naturarum
1670 808 1729 855 et
1754 793 2005 870 originis.

1285 980 1440 1038 CAP.
1474 981 1741 1037 XXXVII.

790 1071 886 1125 Vel
914 1070 1051 1126 illud
1072 1086 1299 1139 nomen,
1327 1074 1571 1137 Verbum,
1593 1073 1736 1128 duas
1751 1086 2020 1143 personas
2035 1073 2306 1137 nominat,

719 1176 841 1215 cam
872 1177 998 1231 qua:
1024 1178 1137 1219 non
1165 1173 1252 1220 est
1281 1163 1423 1219 facta
1450 1164 1683 1220 Domina
1708 1205 1725 1230 ,
1761 1172 1818 1220 et
1845 1180 1969 1221 eam
2013 1180 2136 1235 quae
2165 1164 2309 1220 facta

717 1260 838 1313 est;
866 1252 955 1307 vel
985 1250 1124 1308 duas
1144 1254 1473 1309 medietates
1496 1256 1664 1309 unius
1680 1269 1930 1324 personae
1951 1262 2008 1310 et
2024 1254 2191 1310 unius
2205 1254 2312 1309 Do-

719 1344 854 1396 mini
877 1361 893 1410 ;
926 1353 983 1399 et
1005 1360 1167 1399 nemo
1189 1345 1248 1398 lit
1268 1347 1445 1415 gratia
1471 1345 1618 1416 quod
1641 1354 1726 1401 est
1752 1354 1970 1402 natura.
2004 1344 2062 1401 Si
2090 1345 2185 1400 illa
2204 1361 2310 1400 vox

719 1435 987 1490 Dominus
1008 1452 1297 1506 personam
1319 1437 1482 1494 Verbi
1509 1456 1618 1494 non
1636 1450 1890 1494 naturam
1910 1439 2181 1506 nominat,
2204 1439 2311 1495 Pa-

725 1538 808 1581 ter
837 1536 895 1583 ct
925 1528 1166 1599 Spiritus
1193 1545 1305 1585 non
1328 1539 1457 1586 sunt
1484 1529 1723 1597 Domini,
1747 1532 2024 1603 siquidem
2045 1548 2157 1588 non
2182 1542 2312 1588 sunt

722 1619 973 1688 ejusdem
1004 1636 1288 1691 personae;
1326 1624 1370 1678 si
1403 1638 1536 1678 vero
1566 1632 1845 1690 naturam,
1878 1633 2031 1694 patet
2054 1633 2309 1681 naturam

722 1713 1022 1767 humanam
1076 1714 1213 1769 illud
1262 1714 1436 1784 gratia
1480 1716 1820 1783 obtinuisse,
1863 1718 2011 1787 quod
2045 1718 2313 1774 Divinitas

721 1814 922 1860 natura
950 1805 1138 1870 habet,
1166 1821 1366 1876 nempe
1393 1807 1578 1862 vocari
1606 1808 1929 1873 Dominum;
1961 1817 2019 1865 et
2040 1810 2143 1880 ipsi
2175 1809 2312 1864 fale-

2408 622 2450 673 Τ
2457 619 2671 688 ιμόθεος
2701 621 2730 674 6
2770 620 2935 683 αὑτὸς
2967 622 3027 675 ὲν
3076 620 3178 690 μιᾷ
3209 621 3276 688 τῇ
3312 619 3612 670 ὑποστάσει
3659 615 3845 679 αὑτοῦ,
3882 616 3999 676 υἱός

2404 730 2465 767 τε
2491 708 2558 785 ἦν
2581 712 2793 767 Παύλου
2818 713 2912 766 καὶ
2942 712 3149 783 πατρὸς
3164 711 3430 780 Ἕλληνος
3459 727 3472 740 ·
3499 710 3675 772 ἄλλως
3691 708 3747 762 δὲ
3770 708 3925 767 τάδε,
3949 708 3999 759 ει

2407 807 2504 860 καὶ
2537 803 2679 858 κατά
2708 804 3086 868 ὑποστάσεως,
3115 802 3233 857 ἀλλ’
3281 804 3347 855 ὲκ
3380 801 3487 855 τῶν
3530 800 3750 871 φύσεων
3774 799 3997 868 ὠνόμα-

2410 911 2533 948 σται
2567 893 2664 947 καὶ⁸
2698 893 2810 947 τῶν
2828 893 3140 964 γεννήσεων
3173 892 3381 961 σαφῶς.

2992 984 3245 1040 ΚΕΦΛΛ.
3278 984 3397 1038 ΛΖ’.

2481 1074 2552 1127 Ἢ
2570 1072 2663 1127 δύο
2685 1073 3038 1129 ὑποστάσειῖω
3063 1075 3208 1126 ἐστιν
3223 1072 3395 1142 ὖνομα
3417 1074 3447 1125 ὁ
3473 1073 3667 1140 Λόγος,
3682 1073 3785 1141 τῆς
3801 1070 4002 1139 ἀποιή-

2410 1182 2504 1218 του
2555 1165 2787 1237 Κυρίου,
2850 1167 2946 1218 καὶ
2996 1165 3101 1231 τῆς
3136 1164 3517 1233 πεποιημένης
3553 1163 3785 1232 Κυρίου,
3838 1162 3872 1232 ἢ
3906 1161 4002 1215 δύο

2411 1255 2659 1326 ἡμίσεων
2684 1257 2785 1325 τῆς
2819 1257 2951 1324 μιᾶς
2984 1256 3344 1320 ὑποστάσεως
3365 1254 3460 1308 τοῦ
3489 1255 3608 1317 ἑνὸς
3629 1252 3845 1325 Κυρίου
3872 1270 3888 1285 ·
3908 1251 4002 1306 οὑ-

2410 1348 2521 1412 δεὶς
2570 1348 2628 1402 δὲ
2658 1349 2870 1418 γίνεται
2899 1349 3043 1404 κατά
3073 1348 3255 1421 χάριν,
3291 1348 3321 1401 ὃ
3358 1349 3479 1400 ἐστι
3529 1345 3674 1401 κατά
3705 1343 3893 1412 φύσιν.
3938 1344 4001 1397 Et

2415 1444 2516 1513 τῆς
2542 1442 2897 1506 ὑποστάσεως
2928 1442 3024 1496 τοῦ
3051 1442 3227 1510 Λόγου
3257 1440 3409 1493 ἐστὶν
3449 1438 3622 1509 όνομα
3668 1437 3731 1490 τὸ
3758 1438 3999 1504 Κύριος,

2413 1536 2507 1589 καὶ
2520 1535 2581 1588 οὑ
2612 1535 2712 1603 τῆς
2737 1534 2974 1605 φύσεως,
3011 1537 3041 1589 ό
3065 1534 3254 1604 Πατὴρ
3285 1533 3395 1605 ἄρα
3430 1532 3526 1585 καὶ
3556 1531 3618 1585 τὸ
3653 1529 3903 1598 Πνεῦμα,
3938 1529 4001 1581 οὑ

2413 1625 2634 1696 Κύριοι,
2666 1625 2787 1678 ἐπεὶ
2811 1623 2873 1676 οὑ
2901 1623 3001 1693 τῆς
3037 1623 3207 1693 αὑτῆς
3266 1623 3408 1676 εἰσιν
3450 1621 3838 1681 ὑποστάσεως·
3867 1620 3917 1670 εἰ
3944 1616 4001 1669 δὲ

2415 1713 2630 1785 φύσεώς
2675 1717 2816 1780 ἐστι,
2849 1715 3011 1784 δῆλον
3056 1714 3132 1778 ὡς
3164 1716 3199 1786 ή
3253 1713 3573 1784 ἀνθρωπίνη
3602 1711 3768 1780 φύσις
3810 1710 4006 1777 γέγονε

2415 1807 2560 1861 κατά
2583 1806 2743 1877 χάριν
2764 1806 2925 1860 τοῦτο
2948 1807 2978 1860 ὃ
3010 1807 3128 1860 ἑστι
3157 1805 3301 1860 κατά
3331 1805 3493 1874 φύσιν
3523 1806 3559 1873 ἡ
3579 1802 3810 1872 Θεότης,
3833 1802 4004 1871 ἥγουν

726 1897 893 1962 mini,
944 1904 1173 1966 propter
1222 1869 1450 1952 nimiam
1495 1898 1821 1954 charitatem
1879 1869 2199 1956 Divinilatis
2254 1902 2311 1956 in

2430 1869 2669 1970 K6910},-
2691 1899 2769 1962 ὡς
2821 1901 2918 1954 καὶ
2949 1900 3109 1969 ὑμεῖς
3135 1869 3419 1969 εἰρήκατε,
3449 1869 3669 1965 διά-τῆς
3697 1869 3881 1964 ἄκρας
3906 1893 4007 1961 τῆς

723 1986 1123 2041 humanitatem
1173 1986 1280 2057 ipsi
1320 1988 1575 2058 proprias
1603 1987 1828 2044 divitias
1860 1989 1914 2042 in
1946 2004 2045 2043 sua
2073 2004 2309 2060 persona

722 2077 1146 2135 commodantis.

1292 2171 1449 2229 CAP.
1483 2172 1771 2229 XXXVIII.

796 2261 851 2316 Si
885 2262 1131 2318 Verbum
1176 2272 1263 2319 est
1303 2265 1453 2320 Deus
1493 2265 1809 2328 divinitate,
1842 2265 1889 2320 si
1918 2265 2087 2321 homo
2116 2263 2315 2320 buma-

723 2355 899 2410 nitate
919 2394 934 2418 ,
976 2355 1032 2410 in
1060 2355 1280 2411 duabus
1307 2357 1563 2426 personis
1590 2368 1677 2412 est
1703 2358 1878 2413 Filius
1900 2357 2022 2423 Dei,
2056 2367 2114 2413 et
2141 2357 2318 2413 Filius

727 2444 1003 2512 hominis,
1053 2446 1202 2503 sicut
1249 2446 1470 2504 duabus
1501 2448 1719 2504 naturis
1759 2458 1847 2505 est
1873 2450 2019 2506 Deus
2044 2460 2103 2505 et
2126 2450 2315 2505 homo.

726 2538 782 2591 Si
832 2537 1051 2595 duabus
1096 2541 1332 2606 naturis,
1370 2549 1434 2596 ut
1464 2541 1671 2612 inquis.
1706 2542 2009 2599 divinitate
2036 2550 2094 2598 et
2118 2543 2315 2597 buma—

723 2625 920 2692 nitate,
955 2628 1102 2684 Deus
1133 2636 1191 2685 et
1220 2629 1390 2686 homo
1413 2641 1501 2686 est
1529 2630 1675 2698 idem
1704 2631 1801 2687 Dei
1831 2632 2006 2693 Filius
2026 2673 2042 2697 ,
2092 2641 2319 2703 reputa-

726 2716 882 2772 bitur
912 2721 1233 2777 necessario
1275 2721 1419 2779 duas
1448 2732 1706 2789 naturas,
1739 2739 1852 2780 non
1886 2723 2026 2780 duas
2052 2739 2321 2795 personas

728 2811 959 2868 habere.

1306 2991 1462 3048 CAP.
1497 2992 1742 3048 XXXIX.

800 3085 855 3138 Si
900 3085 1069 3142 unius
1102 3101 1353 3158 personae
1402 3104 1516 3144 non
1550 3089 1745 3154 factae,
1798 3099 1857 3144 et
1898 3089 2055 3144 factae
2079 3087 2324 3172 alterius

2415 1995 2557 2049 κατά
2585 1994 2714 2066 μίαν
2738 1992 3041 2047 ὑπόστασιν
3071 1990 3214 2063 πρὸς
3242 1991 3418 2061 αὑτὴν
3469 1988 3724 2059 εὐφυΐας,
3772 2002 4008 2057 χαρισα-

2418 2086 2589 2158 μένης
2627 2087 2767 2156 αὑτῇ
2790 2085 2862 2139 τά
2898 2085 3006 2139 ἴδια
3029 2084 3262 2154 φυσικά-

3001 2176 3255 2231 ΚΕΦΑΛ.
3291 2174 3424 2228 AH'.

2489 2272 2555 2326 El
2591 2271 2807 2342 θεότητι
2831 2269 2966 2335 Θεὸς
2991 2271 3020 2324 6
3040 2269 3236 2338 Λόγος,
3271 2267 3369 2322 καὶ
3390 2265 3777 2337 άνθρωπότητι
3795 2263 4015 2333 ἄνθρω-

2417 2380 2521 2428 πος
2543 2365 2572 2417 6
2591 2365 2788 2433 Λόγος,
2820 2364 2879 2418 ὲν
2905 2362 3059 2417 δυσὶν
3083 2362 3195 2433 ἀρα
3210 2357 3575 2413 ὑποστάσεσξν
3604 2360 3756 2411 ἔστιν
3778 2357 3809 2408 ὁ
3837 2355 4015 2422 Λόγος

2418 2457 2550 2521 Υἱὸς
2596 2455 2697 2511 τοῦ
2739 2455 2878 2511 Θεοῦ
2916 2455 3016 2510 καὶ
3046 2454 3179 2519 Υἱὸς
3224 2450 3550 2525 ἀνθρώπω·
3600 2447 3796 2517 ῶσπερ
3827 2447 3924 2499 καὶ
3954 2446 4013 2497 ὲν

2418 2550 2542 2604 δυσὶ
2577 2549 2776 2621 φύσεσι
2813 2549 2949 2615 Θεὸς
2995 2550 3092 2605 καὶ
3120 2548 3432 2619 ἄνθρωπος.
3468 2544 3534 2598 Εἰ
3566 2543 3626 2596 ἐν
3664 2541 3864 2611 φύσεσι
3891 2539 4018 2593 δυσὶ

2419 2643 2554 2708 Θεὸς
2579 2644 2677 2698 καὶ
2707 2642 3017 2714 ἄνθρωπος,
3042 2641 3119 2707 ὡς
3167 2640 3328 2711 ἔφης,
3358 2638 3526 2704 ἐστὶν,
3547 2637 3606 2689 ἐν
3643 2634 3884 2701 θεότητι.
3907 2632 4022 2701 ἄρα

2419 2733 2521 2787 atat
2565 2731 2986 2804 ἀνθρωπότητι,
3031 2730 3126 2785 δύο
3180 2730 3379 2800 φύσεις
3425 2724 3744 2795 ἀναγκαίως
3782 2723 3884 2776 καὶ
3953 2721 4021 2773 οὑ

2421 2824 2516 2880 δύο
2575 2824 2905 2887 ὑποστάσεις
2975 2824 3005 2878 6
3067 2821 3236 2888 αὑτὸς
3302 2818 3630 2891 νοηθήσεται
3684 2810 3832 2870 εἴναι
3886 2811 4021 2875 Υἱὸς

2422 2917 2580 2971 Θεοῦ.

3017 3006 3271 3062 ΚΕΦΛΛ.
3299 3000 3425 3058 ΛΘ’.

2497 3102 2560 3157 Εἰ
2591 3101 2723 3173 μίαν
2743 3100 2859 3172 εχει
2885 3101 2914 3155 ὁ
2934 3100 3107 3169 Λόγος
3138 3097 3445 3152 ὑπόστασιν
3479 3093 3746 3164 ἀποίητον
3771 3091 3871 3147 καὶ
3893 3091 4029 3161 μίαν

726 3186 813 3232 cst
860 3178 1101 3234 Verbum
1130 3221 1146 3246 ,
1201 3180 1298 3251 qui
1354 3181 1543 3238 aufert
1591 3198 1887 3237 numerum
1932 3197 2321 3252 personarum,

2430 3195 2826 3265 πεποιημένην,
2848 3195 2878 3246 6
2902 3192 3147 3263 ἀναιρῶν
3166 3190 3277 3244 τῶν
3295 3187 3655 3243 ὑποστάσεων
3674 3185 3770 3238 τδν
3784 3182 4028 3254 ἀριθμὸν

726 3268 895 3326 Verbi
931 3286 1225 3342 personam
1270 3272 1488 3339 aufert,
1536 3275 1657 3330 sive
1699 3290 1810 3329 non
1839 3273 2065 3336 factam,
2096 3273 2214 3328 sive
2243 3273 2326 3329 fa-

728 3369 895 3415 ctam.
941 3362 1047 3416 Sed
1088 3378 1254 3418 nemo
1285 3363 1581 3434 religiosus
1609 3362 1750 3419 duas
1779 3378 1902 3420 esse
1928 3363 2100 3420 Verbi
2129 3378 2325 3435 perso-

729 3469 830 3508 nas
876 3453 1213 3519 conﬁtetur;
1272 3463 1330 3510 at
1382 3456 1606 3510 unicam
1657 3456 1782 3526 ejus
1811 3470 2106 3525 personam
2150 3454 2332 3510 credit

730 3554 903 3599 totam
971 3546 1128 3616 prius
1179 3562 1326 3603 esse.
1357 3547 1717 3617 conspicuam
1773 3563 1843 3602 ex
1894 3547 2332 3618 proprietatibus

733 3637 1017 3702 increatis,
1052 3655 1206 3694 nunc
1235 3655 1370 3695 vero
1398 3639 1589 3695 verbis
1615 3650 1674 3695 et
1693 3640 1912 3696 actibus
1937 3655 2052 3696 suae
2079 3654 2332 3710 personae

735 3745 909 3785 navos
939 3731 1296 3787 characteres
1328 3731 1710 3789 manifestare.

1374 3933 1528 3989 CAP.
1567 3934 1684 3989 XL.

811 4025 867 4078 Si
904 4040 1012 4079 non
1039 4026 1218 4081 solum
1249 4025 1318 4081 ad
1351 4026 1595 4081 Verbum
1628 4024 1749 4090 Dei,
1784 4023 1881 4079 sed
1911 4024 2078 4079 etiam
2116 4024 2185 4079 ad
2213 4039 2334 4080 car-

740 4133 866 4173 nem
892 4119 1136 4190 pertinet
1161 4136 1271 4176 non
1294 4136 1417 4177 esse
1440 4131 1766 4192 generatum
1796 4136 1865 4176 ex
1885 4122 2059 4176 altera
2075 4121 2337 4176 substan-

742 4213 818 4266 tia
870 4228 930 4267 et
969 4228 1203 4283 persona
1231 4255 1248 4279 ,
1298 4230 1465 4284 quam
1515 4215 1730 4278 Patris,
1779 4215 1889 4269 erit
1936 4230 2068 4269 caro
2113 4231 2179 4270 ex
2220 4214 2337 4269 sola

744 4304 1051 4361 substantia
1084 4304 1285 4371 Patris,
1312 4321 1471 4375 aeque
1499 4322 1564 4361 ac
1588 4306 1858 4374 Verbum.
1898 4306 2015 4362 Hoc
2049 4322 2181 4362 vere
2210 4322 2340 4376 pro-

745 4398 930 4467 prium
979 4405 1064 4452 est
1114 4398 1288 4468 ipsius
1327 4399 1530 4464 Verbi,
1586 4414 1755 4454 carne
1783 4398 2031 4453 nondum
2059 4408 2340 4469 assumpta

749 4491 804 4544 in
832 4490 1247 4556 incarnatione,
1280 4500 1337 4545 et
1366 4491 1662 4547 character
1687 4500 1775 4546 est
1802 4491 2062 4561 proprius
2091 4506 2343 4561 persona:

2428 3294 2646 3363 ἀναιρεί
2675 3290 2769 3345 τοῦ
2789 3290 2966 3360 Λόγου
2993 3289 3094 3358 τὴν
3119 3287 3448 3350 ὑπόστασιν,
3478 3283 3513 3357 ἢ
3545 3283 3646 3351 τὴν
3675 3283 3970 3351 ἀποίητον,
3993 3278 4030 3348 ἢ

2427 3384 2529 3453 τὴν
2550 3382 2952 3452 πεποιημένην.
3003 3378 3144 3433 Ἀλλ’
3178 3378 3357 3439 οὐδεὶς
3385 3374 3633 3430 εὐσεϐῶν
3657 3373 3754 3426 δύο
3780 3371 4032 3425 ὑποστά-

2432 3493 2490 3530 σε
2499 3495 2546 3540 ις
2561 3475 2709 3547 ἔχειν
2726 3474 2893 3529 αὐτόν
2913 3490 3048 3543 φησι
3068 3472 3238 3535 ὅντως
3257 3470 3349 3523 τὸν
3371 3469 3543 3536 Λόγον
3569 3482 3581 3495 ·
3615 3465 3757 3521 ἀλλά
3775 3463 3878 3534 τὴν
3900 3464 4035 3534 μίαν

2432 3568 2600 3626 αὑτοῦ
2653 3568 2984 3628 ὑπόστασιν,
3018 3565 3188 3618 πάλαι
3247 3562 3346 3631 μὲν
3378 3559 3437 3628 ἐξ
3482 3559 3769 3626 ἀποιήτων
3817 3557 3881 3609 τὺ
3909 3554 4035 3610 ὀλο-ι

2432 3655 2798 3728 γνωρίζεσθαι
2828 3654 3139 3725 ἰδιωμάτων
3165 3648 3419 3713 ἐντελῶς,
3439 3648 3537 3702 νῦν
3564 3646 3620 3700 δὲ
3642 3646 3739 3699 καὶ
3767 3647 3833 3697 ἐκ
3874 3662 4039 3713 ποιη-

2434 3750 2544 3805 τῶν
2562 3749 2708 3820 ἔχειν
2739 3748 2914 3817 λόγων
2938 3746 3033 3798 καὶ
3082 3742 3437 3814 πραγμάτων
3462 3741 3529 3794 ὲκ
3562 3738 3896 3809 περιουσίας
3930 3736 4033 3797 τὰς

2437 3839 2813 3902 ὑποπατικάς
2842 3837 3046 3908 ἑαυτῆς
3080 3834 3429 3906 ὑπογραφάς.

3037 3928 3296 3982 ΚΕΦΛΛ.
3325 3925 3419 3979 Μ’.

2511 4024 2574 4078 lii
2605 4024 2708 4078 οὑκ
2742 4021 2893 4076 ἔστιν
2939 4018 3124 4082 ἱδικῶς
3164 4017 3261 4069 τοῦ
3305 4014 3443 4068 Θεοῦ
3487 4013 3665 4082 Λόγου
3691 4014 3754 4065 τδ
3796 4010 3875 4082 μὴ
3898 4006 4042 4064 εἶναι

2437 4112 2844 4185 γεννηθένταὲξ
2867 4111 3060 4182 ἑτέρας
3098 4107 3289 4169 οὐσίας
3315 4104 3349 4174 ἢ
3382 4102 3740 4164 ὑποστάσεως
3775 4101 3922 4171 πλὴν
3941 4100 4043 4170 τῆς

2439 4202 2536 4257 τοῦ
2571 4202 2805 4271 Πατρὸς,
2839 4198 2978 4255 ά).λά
3008 4198 3105 4252 καὶ
3142 4197 3242 4267 τῆς
3279 4192 3505 4263 σαρκὸς,
3539 4192 3695 4245 ἔσται
3718 4190 3832 4259 ἄρα
3887 4194 3986 4244 καὶ
4010 4192 4044 4259 ἡ

2444 4294 2583 4366 σάρξ
2606 4296 2670 4349 ἐκ
2700 4292 2803 4364 τῆς
2841 4291 3032 4353 οὑσιας
3060 4291 3235 4360 μόνης
3263 4285 3359 4339 τοῦ
3395 4283 3631 4355 Πατρδς,
3666 4283 3924 4352 καθάπερ
3950 4284 4048 4335 καὶ

2441 4389 2472 4441 6
2501 4387 2633 4448 Θεὸς
2664 4386 2855 4453 Λόγος.
2886 4384 3046 4437 Ἐστι
3075 4381 3176 4451 μὲν
3233 4373 3328 4432 οὗν
3363 4374 3533 4430 αὑτοῦ
3578 4375 3766 4436 ἰδικῶς
3793 4375 3920 4427 τάδε
3950 4373 4048 4426 τοῦ

2447 4479 2626 4549 Λόγου
2678 4478 2846 4543 ἴδιον,
2878 4474 2992 4530 ἀλλ’
3042 4471 3197 4526 οὔπω
3226 4471 3323 4541 μὲν
3376 4469 3557 4537 σάρκα
3591 4464 4050 4537 προσλασομὲνου

746 4581 897 4636 itlius
926 4582 1196 4653 simplicis
1224 4593 1281 4639 ct
1309 4585 1473 4639 unius
1500 4599 1747 4655 personae
1773 4600 1789 4650 ;
1843 4598 1969 4639 cum
2001 4593 2187 4639 autem
2233 4597 2326 4638 no-

2446 4569 2567 4624 καθ’
2591 4571 2810 4632 ἕνωσιν,
2835 4566 2911 4630 ὼς
2943 4561 3303 4624 ὑποστάσεως
3338 4558 3507 4612 αὑτοῦ
3532 4556 4052 4628 χαρακτηριστικον

751 4687 876 4725 vam
930 4674 1307 4741 acceplionem
1358 4674 1555 4729 habuit
1601 4690 1803 4730 nomen
1856 4675 2108 4730 naturale
2159 4674 2336 4737 illius,

748 4772 881 4819 tunc
912 4763 1010 4817 fuit
1044 4765 1303 4835 proprius
1331 4782 1515 4819 rerum
1548 4765 1601 4820 in
1625 4782 1860 4836 persona
1887 4766 2337 4836 congenitarum;

748 4872 915 4911 uaam
960 4867 1173 4926 partem
1219 4858 1476 4929 designat
1518 4859 1772 4929 proprie,
1805 4875 1916 4913 non
1945 4867 2116 4913 totam
2146 4874 2342 4929 perso-

752 4961 877 4999 nam
925 4962 1049 5016 qua:
1080 4947 1247 5003 hodie
1277 4948 1482 5019 gaudet
1520 4948 1626 5003 hoc
1652 4948 1897 5005 nomine.
1936 4949 2144 5004 Eodem
2176 4948 2342 5003 modo

750 5038 925 5092 solius
968 5039 1167 5093 animae
1212 5047 1295 5095 est
1335 5039 1605 5095 indicium
1641 5041 1957 5096 intellectus
1988 5048 2045 5095 et
2071 5039 2342 5102 scientiae,

750 5144 861 5182 non
893 5127 1020 5183 ideo
1046 5136 1235 5185 autem
1267 5130 1416 5184 illam
1453 5139 1608 5186 trans
1630 5131 2037 5186 humanitatem
2067 5130 2341 5196 collocat;

751 5219 926 5274 solius
954 5228 1149 5291 gustus
1177 5229 1264 5277 est
1298 5236 1496 5277 succos
1523 5223 1979 5293 apprehendere,
2031 5221 2127 5299 sed
2176 5237 2244 5278 ex
2278 5237 2345 5277 co

752 5325 866 5365 non
894 5310 1063 5367 habet
1094 5327 1387 5384 personam
1417 5314 1723 5385 propriam.

1380 5583 1534 5639 CAP.
1574 5583 1713 5639 XLI.

831 5675 1064 5743 Quando
1091 5676 1293 5731 divina:
1318 5674 1619 5746 Scriptura!
1646 5674 1930 5731 Christum
1955 5682 2155 5727 vocarit
2174 5687 2346 5725 unum

763 5765 1067 5831 hominem,
1100 5766 1144 5820 si
1170 5766 1324 5820 illum
1350 5782 1475 5821 cum
1504 5768 1614 5822 Deo
1636 5766 1952 5836 intelligunt
1979 5765 2084 5819 hoc
2102 5764 2347 5828 nomine,

766 5858 991 5916 videtur
1043 5859 1189 5929 quod
1242 5860 1388 5916 Dcus
1437 5860 1509 5917 sit
1564 5859 1741 5916 media
1787 5874 1914 5930 pars
1961 5858 2222 5913 hominis.
2283 5857 2348 5911 Et

2450 4664 2584 4718 ῐδιον
2609 4664 2710 4732 τῆς
2748 4660 2930 4726 ἁπλῆς
2956 4656 3051 4711 καὶ
3076 4651 3382 4725 μονοφυοῦς
3413 4652 3607 4721 ὁρᾶται
3630 4666 3645 4680 ’
3692 4649 3961 4702 συνθέτου
3993 4648 4055 4699 δὲ

2448 4753 2744 4823 γενομένου
2793 4747 2889 4802 τοῦ
2951 4743 3185 4815 φυσικοῦ
3242 4741 3413 4810 αὐτῆς
3462 4739 3658 4807 λόγου,
3690 4738 3794 4808 οὑχ
3820 4737 3902 4800 ὡς
3954 4737 4055 4803 τῆς

2448 4844 2588 4907 ὅλως
2615 4840 2971 4902 ὑποστάσεως
2997 4837 3139 4890 κατά
3163 4833 3255 4887 τὸν
3272 4832 3506 4901 φυσικὸν
3528 4828 3702 4897 αὑτῆς
3730 4828 3900 4896 λόγον
3923 4827 4058 4880 [διον

2450 4937 2569 5000 νῦν,
2607 4935 2724 4990 ἀλλ’
2767 4934 2845 4996 ὡς
2880 4930 3083 5002 μέρους
3117 4926 3237 4990 ἐνὸς
3285 4924 3367 4987 ὃν,
3406 4925 3542 4977 ἴδιον
3570 4921 3683 4976 τῶν
3712 4923 3774 4974 ὲν
3812 4923 3883 4991 τῇ
3918 4921 4055 4974 ὑπο-

2454 5032 2643 5084 στάσει
2660 5024 3101 5098 συμπεφυκότων
3128 5018 3479 5088 πραγμάτων
3502 5013 3846 5084 νοηθήσεται
3867 5030 3883 5044 ο
3913 5012 4059 5066 οὕτω

2450 5124 2586 5194 γοῦν
2635 5122 2732 5175 καὶ
2771 5119 2949 5191 ψυχῆς
3003 5120 3166 5187 μόνον
3217 5114 3358 5175 ἐστὶ,
3386 5111 3450 5165 τὸ
3476 5109 3570 5163 νοῦ
3598 5107 3693 5161 καὶ
3735 5106 4058 5174 ἐπιστήμης

2451 5215 2722 5272 δεικτικόν
2741 5230 2755 5244 ·
2786 5211 2883 5265 καλ⁵
2907 5211 2967 5263 οὑ
2988 5208 3143 5278 παρά
3174 5204 3294 5260 τόδε
3325 5203 3433 5276 ἰδίᾳ
3458 5195 3614 5272 παρά
3671 5198 3767 5251 τὸν
3802 5199 3937 5268 ὅρον
3962 5196 4057 5249 τοῦ

2454 5309 2749 5380 ἀνθρώπου
2781 5300 2924 5359 εἶναι
2955 5302 3128 5370 αὑτὴν
3149 5296 3479 5368 παρίστησιν
3498 5310 3513 5323 ο
3533 5291 3669 5346 ἀλλά
3687 5290 3787 5344 καὶ
3809 5289 4057 5380 γεύσεως

2456 5378 2589 5449 ἴδιον
2616 5394 2809 5465 μόνης,
2842 5390 2908 5444 τὸ
2919 5388 3030 5443 τῶν
3059 5386 3253 5459 χυμῶν
3280 5380 3706 5450 ἀντιληπτικόν⁸
3740 5380 3843 5433 καὶ
3861 5379 3971 5432 οὑκ
3997 5378 4059 5429 ἐκ

2454 5486 2632 5551 τοῦδε,
2663 5483 2809 5555 ἰδικὴ
2831 5479 3038 5551 ταύτης
3064 5479 3215 5532 ἐστὶν
3249 5475 3572 5536 ὑπόστασις.

3046 5568 3299 5624 ΚΕΦΑΛ.
3327 5566 3382 5619 Μ
3390 5568 3463 5617 ιν.

2531 5672 2592 5723 Ei
2620 5670 2748 5725 ὅταν
2769 5670 2804 5740 ὴ
2839 5666 2961 5720 θεία
2988 5662 3184 5734 Γραφὴ
3214 5658 3309 5712 τὸν
3357 5657 3595 5728 Χριστδν
3627 5655 3727 5709 ἕνα
3782 5656 3929 5726 καλῇ
3964 5655 4054 5708 tivo

2460 5764 2701 5832 θρωπον,
2737 5757 2874 5828 μετά
2905 5754 3002 5810 τοῦ
3035 5752 3174 5805 Θεοῦ
3214 5750 3368 5804 καλεῖ
3402 5747 3566 5803 αὑτὸν
3596 5747 3697 5801 Eva
3742 5746 4053 5814 ἄνθρωπον,

2459 5855 2617 5925 δῆλον
2657 5855 2739 5907 ὅτι
2760 5852 2931 5923 ἥμισυ
2951 5848 3043 5904 τοῦ
3068 5846 3182 5910 ἑνὸς
3209 5841 3499 5913 ἀνθρώπου
3536 5841 3686 5894 ἐστὶν
3717 5842 3744 5894 6
3765 5839 3925 5902 Θεός.
3951 5838 4055 5890 Καὶ
