4194 6446
715 385 854 453 15θ9

1990 383 2303 445 LEONTII
2340 382 2749 445 BYZANTINI
2812 334 2818 341 ’

3866 391 4003 457 ισιοο

712 512 946 569 mentes,
975 508 1037 558 ut
1068 516 1241 575 prope
1269 500 1474 558 versati
1504 514 1614 555 non
1648 498 1987 571 perspiciant
2017 499 2299 567 Evangelii

2408 506 2624 569 ῖειντοῦς
2638 498 2927 569 λόγουςτῶ
2946 500 3305 570 Εὐαγγελίου,
3335 502 3557 556 λεκτέον
3580 505 3677 557 καὶ
3703 505 3831 570 ἶέλῖν
3858 510 3999 574 πρὲις

708 598 899 662 vcaba,
935 596 1231 651 dicendum
1262 594 1423 649 nobis
1459 593 1527 647 ad
1556 592 1700 657 illos,
1731 592 1881 663 quod
1904 606 2067 645 omne
2094 589 2301 644 indivi-

709 688 894 753 sibile,
943 686 1090 757 quod
1129 695 1225 739 aut
1271 684 1438 738 unius
1480 682 1686 753 speciei
1726 690 1812 737 est
1842 688 1937 736 aut
1972 681 2076 736 sub
2117 681 2302 749 specie

712 796 883 834 unum
908 778 1041 848 quid
1072 777 1362 831 ordinatur
1399 785 1637 835 tantum,
1672 774 1877 827 nullam
1911 774 2079 828 habet
2114 781 2301 828 extra-

711 887 870 926 ncam
906 871 1078 939 magis
1106 869 1251 922 circa
1281 867 1469 921 omnia
1499 866 1647 920 entia
1683 875 2003 919 naturarum
2038 864 2301 920 unionem

713 963 770 1016 in
816 962 1017 1031 seipse.
1050 959 1107 1014 Si
1144 960 1311 1031 igitur
1343 959 1487 1013 istud
1524 958 1878 1021 indivisihile,
1907 957 2115 1011 Christi
2148 957 2301 1012 scili-

710 1062 799 1108 cet
843 1068 1158 1123 personam,
1197 1052 1372 1121 reipsa
1416 1066 1707 1105 commune
1758 1049 1966 1120 aliquid
2014 1059 2070 1105 et
2106 1065 2299 1112 unum,

711 1144 954 1214 plurium
986 1145 1163 1198 nostis
1203 1143 1459 1196 unionem
1506 1151 1827 1196 naturarum
1877 1141 1934 1195 in
1980 1141 2072 1195 illa
2114 1149 2302 1195 extra-

711 1252 871 1291 ream
917 1252 1024 1290 non
1071 1235 1466 1304 intelligentcs,
1501 1234 1642 1289 bene
1695 1233 2014 1303 collegistis.
2061 1232 2116 1288 Si
2169 1248 2301 1286 vero

710 1328 856 1383 (irca
888 1328 1070 1383 omnia
1105 1328 1253 1382 entia
1288 1326 1483 1382 factam
1530 1342 1653 1381 esse
1694 1326 1748 1380 in
1794 1324 1889 1380 Dei
1926 1333 1983 1379 et
2013 1324 2301 1379 hominum

714 1422 1016 1475 nediatore
1072 1420 1332 1475 unionem
1382 1428 1708 1473 naturarum
1758 1427 1816 1472 et
1867 1432 1966 1471 vos
2012 1417 2298 1482 fatemini,

610 1493 619 1501 ’
664 1531 669 1535 λ
712 1513 895 1567 statim
930 1510 1063 1565 illud
1103 1511 1251 1581 quod
1286 1510 1661 1575 cuncessistis,
1711 1523 1905 1563 rursus
1947 1508 2050 1578 ipsi
2087 1507 2298 1572 tollitis,

710 1620 838 1659 cum
868 1604 1173 1659 secundum
1199 1605 1477 1674 quoddam
1510 1605 1753 1668 illorum,
1779 1618 1903 1671 qua:
1939 1603 1996 1657 in
2036 1604 2301 1657 universo

712 1699 841 1744 sunt
874 1691 1313 1756 indivisibiliuin,
1348 1701 1404 1747 et
1437 1692 1570 1746 iliud
1610 1707 1730 1747 esse
1772 1691 2092 1761 agnoscitis.
2124 1692 2300 1747 Aliter

712 1797 813 1837 nos
842 1783 999 1837 vobis
1030 1784 1366 1853 illegitimam
1395 1783 1811 1838 conclusionem
1842 1783 1897 1836 in
1927 1783 2153 1837 Christo
2184 1792 2297 1838 sta-

713 1885 950 1936 tuemus,
981 1874 1252 1939 dicentes,
1284 1875 1436 1929 omni
1463 1875 1703 1945 cogitato
1746 1876 2088 1930 inaccessum
2121 1883 2177 1930 et
2207 1892 2295 1931 ra-

715 1964 1164 2020 tiocinationibus
1192 1964 1681 2020 indemonstrabile
1703 1965 1941 2020 Verbum
1975 1966 2299 2021 esse.Com-

710 2055 971 2111 munibus
996 2058 1145 2111 enim
1186 2058 1558 2112 intellectibus
1599 2057 1928 2128 impervium
1960 2057 2295 2129 prodigium,

708 2155 767 2201 et
810 2162 977 2218 supra
1015 2151 1282 2204 naturalia
1316 2150 1582 2220 positum,
1617 2151 2024 2223 inintelligibile
2071 2160 2175 2205 est.
2219 2151 2304 2206 Ex~

710 2241 1039 2296 necessitate
1084 2257 1217 2313 ergo
1246 2243 1329 2296 vel
1364 2243 1614 2313 ejusdem
1661 2243 1851 2298 ferina:
1896 2254 2063 2314 atque
2106 2260 2299 2299 omnes

705 2342 765 2386 et
794 2330 928 2386 illud
968 2332 1301 2388 indivisibile
1336 2350 1457 2389 esse
1482 2335 1821 2400 concedetis,
1852 2344 1909 2390 et
1933 2352 2055 2405 qua:
2088 2336 2143 2389 in
2176 2354 2298 2391 om-

711 2422 879 2476 nibus
908 2424 1053 2493 viget
1087 2433 1143 2478 et
1173 2426 1228 2479 in
1262 2426 1356 2480 illo
1403 2427 1674 2481 rationem
1710 2427 1991 2496 quaeretis,
2027 2428 2111 2482 vel
2148 2429 2297 2484 absi-

713 2515 926 2569 milium
959 2517 1158 2572 rationi
1188 2518 1408 2573 demum
1439 2528 1495 2573 et
1526 2519 1659 2573 illud
1703 2535 1926 2590 quoque
1967 2536 2079 2576 non
2121 2522 2299 2593 subji-

712 2607 906 2671 (ietis;
942 2619 999 2665 et
1038 2611 1154 2664 haec
1193 2611 1268 2665 ita
1302 2612 1552 2681 quidem.
1584 2611 1855 2668 Caeterum
1884 2623 2071 2669 autem
2099 2616 2302 2671 nihilo-

712 2700 916 2766 minus,
949 2701 1307 2758 indivisibiiia
1352 2720 1382 2758 a
1432 2705 1590 2759 vobis
1628 2706 1972 2762 ostendenda
2005 2716 2139 2762 sunt
2179 2724 2302 2779 qua:

711 2808 893 2864 neque
948 2797 1113 2851 unius
1156 2796 1485 2867 simpliciter
1517 2798 1632 2853 sint
1680 2800 1919 2868 speciei,
1968 2815 2150 2870 neque
2196 2803 2302 2857 sub

713 2903 824 2941 una
862 2896 1073 2943 tantum
1103 2891 1308 2959 specie,
1342 2891 1440 2946 sed
1469 2892 1574 2946 sub
1616 2892 1863 2951 diversas
1895 2896 2110 2965 species
2136 2896 2303 2952 indu-

713 2989 929 3035 cantur.
959 2981 1176 3036 Etenim
1206 2983 1596 3051 phasianarum
1627 2980 1901 3039 avium'et
1939 2986 2132 3042 talium
2161 2978 2316 3043 indi;

716 3071 933 3127 visibilc
976 3073 1275 3143 singulare,
1305 3089 1484 3144 neque
1516 3076 1685 3131 unius
1722 3077 1928 3146 speciei
1961 3077 2071 3133 dici
2100 3087 2302 3148 potest,

2404 593 2624 655 αὐτοὺς,
2673 591 2748 653 ὡς
2799 594 2909 644 πᾶν
2944 592 3170 662 ἄτομον,
3200 593 3342 664 ὅπερ
3388 596 3421 657 ἢ
3477 595 3750 661 μονοειδές
3783 598 3939 648 ἐστιν
3963 600 3995 665 ἢ

2405 682 2512 735 ὑπὸ
2540 678 2678 745 εἶδος
2708 681 2767 734 ἒν
2790 699 2843 735 τι
2873 682 3134 737 τέτακται
3166 684 3350 755 μόνον,
3374 686 3634 755 οὐδεμίαν
3658 686 3776 756 ἔχει
3810 703 4001 740 καινο-

2402 773 2570 842 τέραν
2596 773 2749 844 παρὰ
2781 775 2957 829 πάντα
2989 776 3058 828 τὰ
3082 776 3211 829 ὄντα
3241 777 3461 846 φύσεων
3487 779 3681 832 ἕνωσιν
3708 781 3768 830 ὲν
3791 779 3994 850 ἑαυτιῖν

2404 865 2452 917 ei
2490 859 2585 917 οὖν
2606 865 2700 917 καὶ
2724 865 2843 918 τόδε
2867 867 2932 919 τὸ
2955 866 3180 937 ἄτομον,
3208 867 3449 938 Χριστοῦ
3475 869 3641 937 ἧγουν
3676 869 3994 939 πρόςωπον,

2403 954 2573 1015 ὅντως
2602 958 2780 1010 κοινόν
2816 975 2869 1010 τι
2891 959 2986 1011 καὶ
3017 957 3077 1011 ἒν
3109 959 3221 1012 τῶν
3267 958 3479 1012 πολλῶν
3511 960 3625 1011 ῖστε
3654 958 3855 1012 ἕνωσιν
3892 962 3995 1028 φύ-

2405 1063 2546 1101 σεων
2594 1051 2652 1102 ὲν
2698 1049 2849 1120 αὐτῷ
2886 1050 3209 1120 καινοτέραν
3261 1051 3362 1103 οὐκ
3392 1050 3617 1115 εἰδότες,
3657 1051 3839 1113 καλῶς
3873 1068 3995 1104 συνο

2404 1139 2742 1208 ελογίσασθε’
2772 1144 2821 1195 εἰ
2853 1141 2910 1195 δὲ
2945 1144 3097 1214 παρὰ
3122 1143 3299 1196 πάντα
3320 1142 3389 1195 τὰ
3406 1142 3536 1195 ὅντα
3557 1141 3812 1210 γενέσθαι
3839 1146 3900 1196 ὲν
3916 1143 3993 1215 τῷ

2402 1230 2614 1304 Μεσξτῃ
2678 1232 2815 1287 Θεοῦ
2865 1234 2960 1287 καὶ
3007 1233 3313 1304 ἀνθρώπων
3372 1235 3567 1291 ἕνωσιν
3628 1234 3853 1302 φύσεων
3900 1236 3993 1288 καὶ

2404 1323 2564 1393 ὑμεῖς
2613 1326 3032 1396 ὡμολογήσατε,
3063 1326 3291 1380 αὐτόθεν
3343 1328 3505 1381 τοῦτο
3555 1328 3696 1400 ὅπερ
3750 1329 3988 1387 διδόατε.

2404 1415 2567 1470 πάλιν
2602 1418 2828 1481 ἑαυτοὺς
2877 1420 3174 1490 ἀναιρεῖτε,
3210 1418 3352 1473 κατᾶ
3392 1436 3446 1472 τι
3488 1420 3596 1474 τῶν
3627 1425 3686 1473 ἐν
3716 1421 3797 1489 τῷ
3828 1426 3991 1474 παντὶ

2402 1511 2642 1580 ἀτόμων,
2675 1512 2769 1565 καὶ
2818 1511 2975 1564 τοῦτο
3023 1510 3387 1580 γινώσκοντες
3419 1509 3580 1566 εἶναι.
3617 1513 3831 1574 Ἄλλως
3862 1513 3992 1580 γοῦν

2403 1603 2561 1671 ἡμεῖς
2586 1602 2714 1670 ὑμῖν
2738 1602 2801 1655 τὸ
2825 1602 3215 1671 ἀσυλλόγιστον
3245 1604 3445 1672 μᾶλλον
3472 1605 3567 1656 ἐπὶ
3598 1602 3845 1671 Χριστοῦ
3872 1605 3993 1656 συλο

2400 1692 2729 1762 λογισόμεθα
2762 1693 3034 1761 λέγοντες,
3068 1695 3145 1759 ὡς
3189 1697 3390 1758 παντὸς
3434 1696 3740 1765 παραδόξου
3776 1697 3989 1766 ἀπρόσο

2404 1786 2515 1846 ιτός
2568 1800 2629 1836 τε
2701 1785 2796 1838 καὶ
2836 1786 3217 1854 συλλογισμοῖς
3274 1786 3656 1849 ἀναπόδεικτος
3712 1790 3742 1839 ὁ
3798 1788 3984 1853 Λόγος.

2402 1875 2614 1930 Κοινῶν
2638 1876 2749 1946 γὰρ
2780 1876 3003 1929 ἐννοιῶν
3030 1878 3237 1946 ἄπορον
3268 1878 3331 1930 τὸ
3366 1879 3593 1930 σπάνιον
3623 1877 3720 1931 καὶ
3741 1881 3993 1945 φυσικοῖς

2398 1966 2459 2019 τὸ
2481 1968 2781 2037 ὑπερφυὲς.
2803 1969 3201 2038 ἀπερίληπτον.
3234 1968 3325 2033 Ἐξ
3356 1971 3603 2039 ἀνάγκης
3626 1969 3723 2023 οὖν
3741 1969 3777 2040 ἦ
3805 1971 3991 2039 ὅμοιός-

2400 2077 2603 2129 τροπον
2660 2064 2795 2114 πᾶσι
2829 2063 2925 2115 καὶ
2970 2063 3089 2115 τόδε
3140 2063 3342 2132 ἄτομον
3394 2062 3632 2122 δώσετε,
3677 2064 3774 2115 καὶ
3810 2063 3902 2115 τὸν
3935 2064 3992 2115 ὲν

2400 2157 2535 2207 πᾶσι
2570 2153 2727 2220 λόγον
2752 2156 2847 2207 καὶ
2875 2155 2963 2207 ἐπ’
2986 2154 3139 2226 αὺτῷ
3181 2154 3596 2226 ἐκζητήσετε,ἢ
3632 2152 3785 2225 παρὰ
3816 2155 3991 2208 πάντα

2400 2245 2468 2299 τὰ
2504 2245 2633 2299 ὄντα
2665 2245 2846 2316 ἄτομα
2872 2246 3033 2300 τοῦτο
3079 2246 3554 2317 συγκεκροτῆσθαι
3592 2246 3843 2314 φυσικῶς
3874 2247 3995 2298 {me

2400 2334 2711 2401 νεύσαντες,
2743 2336 2821 2406 τῷ
2854 2338 2964 2391 τῶν
2994 2336 3267 2407 ἀνομοεων
3319 2335 3464 2406 λόγῳ
3507 2338 3693 2389 λοιπὸν
3733 2338 3831 2392 καὶ
3874 2338 3995 2390 τόδε

2399 2428 2497 2497 οὐχ
2545 2428 2890 2482 ὑποϐαλεῖτε.
2940 2430 3048 2481 Καὶ
3098 2428 3272 2490 οὓτως
3305 2430 3402 2497 μὲν
3430 2430 3580 2482 τάδε.
3620 2429 3718 2482 Ἐκ
3767 2447 3995 2500 περιου-

2402 2521 2525 2585 σίας
2554 2522 2611 2573 δὲ
2655 2521 2827 2591 ὅμως,
2883 2522 2977 2574 καὶ
3022 2520 3203 2589 ἄτομα
3231 2520 3379 2574 ἐστιν
3424 2521 3555 2591 ὑμῖν
3587 2522 3758 2589 δεῖξαι
3797 2523 3835 2576 ἃ
3867 2522 3995 2576 οὔτε

2405 2615 2654 2687 μονοειδῆ
2686 2616 2835 2668 ἐστιν
2868 2614 3056 2677 ἁπλῶς
3087 2612 3214 2666 οὔτε
3257 2614 3361 2666 ὑπὸ
3399 2615 3458 2666 ἓν
3490 2616 3650 2685 μόνον
3686 2612 3851 2676 εἶδος,
3880 2616 3999 2669 ἀλλ’

2404 2707 2510 2762 ὑπὸ
2537 2708 2770 2778 διάφορα
2819 2705 2935 2778 εἴδη
2983 2707 3268 2770 ἀνάγεται.
3301 2705 3425 2757 Τῶν
3467 2707 3579 2776 γὰρ
3610 2707 3999 2776 ὁρνιθοφασιαο

2404 2798 2511 2854 νῶν
2540 2800 2636 2851 καὶ
2665 2798 2887 2851 τοιῶνδε
2914 2797 2979 2849 τὸ
3013 2795 3333 2851 καθέκαστα
3359 2796 3584 2866 ἄτομον,
3616 2797 3743 2851 οὔτε
3782 2816 3996 2867 μονοει-

2403 2893 2492 2956 δὲς
2519 2909 2573 2945 τι
2604 2892 2750 2944 ἔστιν
2781 2892 2979 2952 εἰπεῖν,
3013 2888 3138 2943 οὗτε
3184 2890 3290 2943 ὑπὸ
3321 2889 3380 2942 ἒ)
3423 2906 3479 2942 τι
3512 2887 3652 2951 εἶδος
3681 2907 3696 2921 ’
3728 2890 3856 2943 οὕτε
3888 2895 4001 2961 γὰρ

2404 2988 2520 3047 τοῖς
2556 2984 2842 3054 καθαροῖς,
2871 2983 2998 3037 οὔτε
3045 2984 3161 3046 τοῖς
3219 2983 3551 3052 ἀκαθάρτοις
3602 2984 3804 3037 εῖδεσιν
3851 2983 4003 3037 ἰντέ-

2406 3078 2606 3131 τακταε
2639 3094 2740 3147 πη·
2774 3077 2867 3129 καὶ
2892 3075 3089 3133 ἄλλως
3128 3076 3243 3129 [liv
3269 3071 3410 3138 εἶδος
3447 3076 3505 3127 ἑν
3544 3075 3725 3144 ἑαυτῷ
3765 3076 3860 3129 καὶ
3900 3077 3999 3127 οὐκ

715 3181 897 3236 neque
929 3166 1034 3220 sub
1079 3182 1187 3220 una
1233 3166 1452 3236 specie;
1486 3181 1668 3236 neque
1712 3168 1937 3223 mundis
1971 3184 2152 3239 neque
2201 3171 2306 3225 im-

2416 3171 2473 3223 ἐν
2514 3169 2722 3239 ἑτέροις
2760 3170 2960 3223 εἴδεσιν
2999 3168 3324 3238 ὑφέστηκεν
3363 3167 3542 3238 τούτῳ
3590 3168 3647 3220 δὲ
3694 3168 3823 3220 καθ’
3864 3167 4002 3222 ὑπό-

716 3259 938 3313 mundis
989 3259 1281 3328 speciebus
1329 3268 1756 3313 annumeratum
1805 3267 1893 3313 est
1938 3275 2191 3330 usquam.
2240 3262 2308 3318 Et

715 3350 826 3403 alio
860 3349 1024 3404 modo
1057 3368 1069 3404 :
1099 3350 1290 3404 Omnis
1323 3349 1537 3419 species
1569 3350 1625 3404 in
1652 3365 1711 3405 se
1740 3366 1920 3421 neque
1951 3352 2006 3405 in
2033 3352 2157 3407 aliis
2180 3350 2309 3422 sp'e-

716 3442 911 3496 ciebus
951 3441 1236 3507 subsistit;
1276 3441 1402 3496 ideo
1448 3441 1495 3496 si
1541 3440 1851 3496 secundum
1893 3443 2309 3498 subsistentiam

717 3532 969 3587 aufertur
1007 3534 1287 3603 phasianae
1329 3535 1449 3589 avis
1492 3533 1727 3603 species,
1762 3533 1927 3588 simul
1969 3544 2028 3589 et
2059 3534 2312 3597 aufertur

718 3627 1120 3695 compositum;
1157 3635 1306 3696 patet
1356 3626 1543 3696 igitur,
1591 3626 1949 3681 indivisibilia
1980 3642 2102 3683 esse
2138 3629 2311 3700 magis

718 3729 1003 3781 extranea,
1041 3735 1211 3774 unum
1251 3728 1308 3774 et
1348 3719 1509 3790 plura
1549 3719 1774 3786 similia,
1804 3732 1931 3775 cum
1972 3721 2186 3790 species
2215 3737 2312 3776 na-

721 3812 917 3866 turalis
945 3822 1206 3867 extranea
1232 3813 1404 3884 magis
1443 3814 1496 3867 in
1532 3812 1644 3867 illis
1679 3828 1791 3868 non
1826 3813 2109 3877 subsistat.
2138 3814 2197 3869 In
2225 3813 2311 3869 his

720 3910 906 3958 autem
936 3904 1103 3973 virga:
1135 3905 1382 3959 Mosaicae
1416 3906 1471 3959 in
1494 3915 1810 3975 serpentem
1841 3920 2142 3969 conversaa,
2178 3905 2311 3976 quid

721 3996 1059 4052 indivisibile
1110 3996 1279 4051 fuisse
1328 3996 1616 4059 dixeritis,
1666 3995 1976 4052 audiemus.
2024 3996 2311 4066 Siquidem

720 4091 867 4144 enim
914 4092 1081 4145 unius
1130 4090 1358 4159 speciei,
1408 4089 1589 4159 qualis
1620 4087 1725 4143 fuit
1777 4089 1872 4143 illa
1928 4088 2095 4143 anius
2143 4089 2314 4160 virgae.

720 4185 955 4253 species,
986 4200 1108 4253 qua:
1137 4197 1315 4252 neque
1341 4182 1514 4251 virga.
1546 4197 1726 4251 neque
1760 4197 1988 4251 serpens
2014 4182 2181 4237 statui
2214 4198 2316 4253 po-

723 4276 867 4331 test?
895 4276 950 4331 Si
980 4292 1110 4330 vero
1144 4274 1249 4329 sub
1270 4290 1375 4328 una
1401 4282 1613 4327 tantum
1644 4274 1849 4343 specie,
1875 4274 2056 4343 qualis
2076 4284 2163 4329 est
2189 4274 2315 4329 illa?

722 4369 895 4436 Quam
928 4369 1077 4423 enim
1118 4368 1290 4421 solam
1323 4366 1597 4431 dixeritis,
1639 4366 1869 4421 alteram
1915 4365 2313 4437 disperdidisse

722 4460 1142 4515 convincimini.
1176 4460 1339 4530 Ergo,
1377 4476 1486 4513 non
1519 4459 1774 4513 niosaica:
1803 4459 1972 4530 virga:
2013 4475 2112 4529 par
2156 4459 2313 4515 vobis

2412 3277 2604 3312 στασιν
2626 3260 3011 3327 ἀναιρεθέντος
3049 3256 3144 3311 τοῦ
3177 3258 3505 3325 φασιανικοῦ
3528 3259 3771 3328 ὀρνιθίου
3800 3259 3998 3321 εῐδους.

2412 3354 2817 3420 συναναιρεῖται
2850 3352 2945 3405 καὶ
2992 3353 3027 3419 ἡ
3080 3350 3371 3414 σύστασις·
3431 3351 3582 3403 ἔστιν
3629 3350 3740 3420 ἄρα
3786 3351 3999 3418 σαιρῶς,

2410 3442 2591 3511 ἄτομα
2617 3442 2718 3510 μὲν
2746 3437 2889 3494 εἶναι
2912 3441 3229 3511 καινότερα,
3253 3441 3313 3493 ἒν
3343 3457 3404 3493 τε
3435 3442 3530 3494 καὶ
3556 3440 3782 3494 πλείονα
3816 3442 4000 3511 ὃμοια,

2410 3532 2583 3596 εἴδους
2613 3532 2847 3601 φυσικοῦ
2879 3533 3197 3604 καινοτέρου
3231 3537 3290 3589 ὲν
3340 3533 3524 3596 αὐτοῖς
3556 3532 3633 3604 μὴ
3665 3534 4001 3597 συνισταμέ-

2412 3643 2524 3679 νου·
2550 3626 2645 3677 ὲπὶ
2674 3628 2887 3689 τούτοις
2919 3626 2976 3679 δὲ
3011 3626 3108 3679 καὶ
3153 3628 3253 3695 τῆς
3293 3625 3772 3696 δρακοντουμένης
3804 3627 4001 3697 ῥάϐδου

2415 3719 2739 3790 Μωσαῖκῆς,
2766 3718 2818 3770 τί
2855 3734 2993 3788 φατε
3038 3718 3099 3771 τὸ
3125 3717 3353 3788 ἄτομον,
3386 3717 3766 3786 ἀκουσόμεθα·
3800 3722 3850 3770 εἰ
3906 3719 4000 3788 μὲν

2411 3811 2523 3881 γὰρ
2564 3811 2840 3879 μονοειδές
2867 3829 2948 3877 τε,
2987 3812 3080 3864 καὶ
3105 3813 3258 3864 ποῖον
3290 3811 3409 3864 τόδε
3456 3810 3519 3862 τὸ
3548 3810 3667 3863 κατ’
3699 3811 3876 3881 αὐτὴν
3904 3812 4000 3881 pr}-

2413 3922 2512 3973 νην
2542 3899 2704 3966 εἶδος,
2731 3903 2761 3956 ὃ
2787 3904 2927 3973 μήτε
2954 3902 3172 3972 ῥάϐδος,
3224 3903 3363 3972 μήτε
3407 3901 3626 3970 δράκων
3649 3902 3931 3971 ὁρίζοιτος
3956 3906 4002 3956 εί

2410 3998 2468 4051 δὲ
2500 3996 2605 4050 ὑπὸ
2626 3991 2765 4058 εἶδος
2796 3994 2855 4047 ἒν
2887 3995 3067 4061 μόνον,
3097 3996 3253 4046 ποῖον
3289 3992 3483 4056 τοῦτος
3509 3990 3539 4043 ὃ
3566 3992 3675 4061 γὰρ
3701 3992 3768 4045 ἂν
3798 3994 4001 4047 εἴποιτε

2417 4089 2602 4158 μόνον.
2662 4087 2724 4140 τὸ
2784 4086 2975 4155 ἕτερον
3015 4083 3304 4153 ἐλέγχεσθε
3360 4082 3852 4152 παραϐλαψαντες·
3899 4083 4001 4152 ἄρα

2412 4175 2507 4232 οὖν
2525 4178 2647 4233 οὐδὲ
2675 4178 2774 4247 τῆς
2798 4177 3103 4245 Μωσαῐκῆς
3134 4174 3334 4245 ῥάϐδου
3362 4170 3481 4225 ἴσον
3517 4175 3646 4243 ὑμῖν
3674 4173 3739 4226 τὺ
3772 4173 3880 4243 τῆς
3910 4174 4001 4226 τοῦ

2414 4270 2591 4340 Λόγου
2618 4269 2951 4341 σαρκῶσεως
2974 4266 3163 4337 θαῦμα
3189 4268 3359 4329 δοκεῖ,
3387 4266 3503 4318 ἀλλ’
3520 4265 3636 4318 ἔστι
3661 4264 3878 4336 ταύτην
3907 4266 4004 4335 μὲν

2413 4364 2490 4426 ὡς
2519 4363 2844 4432 καινοτέραν
2882 4358 3327 4429 συλλογίζεσθαι,
3362 4359 3579 4427 ἐκείνην
3614 4358 3672 4411 δὲ
3705 4358 3828 4428 ούκῖ
3854 4374 3870 4388 ο
3904 4357 4002 4427 φεῦ

2415 4457 2516 4527 τῆς
2542 4454 2827 4517 ἀσεϐείαςῑ

725 4555 890 4611 Verbi
942 4554 1341 4610 incarnationis
1389 4552 1701 4623 prodigium
1750 4550 2004 4619 videtur,
2047 4552 2145 4608 sed
2190 4554 2309 4610 hinc
2345 4562 2668 4611 extraneam
2735 4547 2910 4617 magis
2971 4544 3141 4601 fuisse
3170 4542 3525 4599 statuendum
3557 4547 3665 4606 est,
3693 4540 3845 4595 illam
3882 4555 4007 4596 vero

723 4646 971 4703 minime.
1000 4644 1046 4701 Ο
1077 4645 1449 4715 impietatem!

1305 4784 1460 4840 CAP.
1498 4783 1733 4840 XLVIII.

797 4923 853 4978 Si
879 4923 1017 4992 ipse,
1050 4921 1331 4993 inquiunt,
1365 4920 1607 4990 seipsum
1647 4916 1923 4973 suscitans
1946 4926 2033 4974 est
2061 4917 2317 4973 Christus

723 5027 757 5067 e
803 5013 1070 5073 mortuis.
1119 5021 1176 5066 et
1225 5010 1563 5076 suscitatus,
1616 5015 1839 5078 oportet
1886 5007 2042 5062 illum
2082 5009 2314 5064 dicere:

731 5121 751 5154 ι
789 5102 999 5158 Solvite
1043 5103 1308 5172 templum
1355 5100 1526 5165 istud,
1559 5108 1616 5155 et
1650 5100 1706 5154 in
1745 5098 1923 5154 tribus
1950 5098 2154 5155 diebus
2179 5115 2317 5155 rea:-

725 5193 1058 5250 diiicabo"?
1090 5213 1108 5243 ι
1138 5193 1281 5260 Quid
1312 5208 1447 5264 ergo
1477 5208 1586 5247 non
1621 5191 1963 5269 contrarium
1996 5201 2314 5257 cernentes,

728 5286 949 5340 unoculi
995 5286 1252 5356 pietatem
1299 5283 1602 5354 perfectam
1654 5281 2034 5353 praetenditis?
2071 5281 2118 5337 si
2166 5284 2315 5337 enim

724 5378 866 5433 alius
909 5378 1151 5433 solutum
1197 5377 1519 5442 remdilicat,
1545 5375 1696 5447 quod
1724 5392 1793 5431 ex
1818 5385 1975 5446 parte
2016 5383 2159 5440 erat,
2187 5382 2345 5430 cor-4

724 5482 860 5538 pore
887 5466 1101 5523 scilicet
1130 5482 1255 5533 suo,
1283 5465 1381 5538 qui
1423 5466 1563 5522 istos
1588 5465 1995 5536 alloquebatur,
2024 5464 2320 5536 oportebat

722 5561 933 5626 (dare,
969 5562 1182 5619 Solvite
1227 5561 1495 5633 templum
1517 5562 1666 5624 istud
1702 5561 1780 5637 (id
1825 5569 1914 5617 est
1954 5576 2161 5630 corpus
2196 5561 2320 5629 ejus

724 5656 1071 5732 evidenter),
1102 5668 1160 5715 et
1203 5659 1260 5715 in
1307 5658 1489 5716 tribus
1527 5658 1728 5716 diebus
1779 5656 2120 5715 restaurabit
2154 5655 2315 5724 illud,

801 5814 846 5847 "
876 5813 1035 5873 Joan.
1071 5832 1127 5883 ιι,
1165 5817 1249 5873 i9.

2345 4747 2392 4802 D

2991 4777 3246 4830 ΚΕΦΑΛ.
3294 4774 3437 4827 MH’.

2493 4916 2558 4970 Et
2609 4914 2794 4978 αὐτὸς,
2817 4910 3008 4981 φασὶν,
3034 4912 3063 4964 ὁ
3092 4910 3290 4963 ἑαυτὸν
3317 4905 3541 4975 ἱγείρας
3562 4904 3801 4977 Χριστὸς
3836 4905 3904 4957 ὲκ
3931 4922 4011 4958 vt-

2421 5008 2592 5081 κρῶν,
2620 5007 2717 5061 καὶ
2750 5003 3017 5076 ἐγερθεὶς,
3042 5002 3151 5055 ἔδει
3185 5000 3349 5053 αὐτὸν
3381 5000 3578 5051 εἰπεῖν’
3617 5016 3638 5048 ι
3673 4997 3892 5051 Λύσατε
3923 4999 4007 5050 τὸν

2424 5103 2551 5157 ναὸν
2587 5100 2801 5164 τοῦτον,
2832 5097 2930 5151 καὶ
2953 5098 3013 5149 ὲν
3035 5096 3277 5166 ἡμέραις
3322 5095 3505 5161 τρισὶν
3534 5094 3954 5165 ὲγερθήσομαις
3986 5112 4003 5144 ι

2423 5194 2490 5247 Τί
2516 5193 2573 5247 δὲ
2605 5190 2700 5245 οὖν
2747 5190 2825 5261 μὴ
2873 5190 2969 5243 καὶ
2996 5186 3308 5241 τούναντίον
3352 5186 3685 5248 σκοποῦντες
3720 5186 4007 5257 ἡμξγληνοι

2423 5286 2523 5353 τὴν
2554 5280 2835 5336 εὐσέϐειαν
2859 5279 3089 5342 ἐντελῶς
3117 5276 3535 5344 καταυγάζεσθε
3558 5291 3574 5340 ;
3608 5276 3658 5327 εἰ
3684 5276 3797 5344 γὰρ
3821 5275 4005 5345 ἔτερος

2424 5374 2739 5446 dvis-.4,th
2769 5372 3051 5442 λυόμενον,
3091 5372 3147 5433 ὃς
3178 5365 3247 5439 ἢν
3279 5368 3390 5422 ἀπὸ
3436 5371 3659 5437 μέρους,
3705 5369 3880 5434 ﬁxo-av
3920 5362 4006 5416 τού

2428 5470 2684 5540 σώματος
2737 5468 2927 5534 αὐτοῦ»
2979 5468 3011 5520 ὁ
3058 5462 3590 5535 προσδιαλεγόμενος
3649 5460 3838 5523 αὐτοῖς
3861 5499 3879 5520 ,
3910 5457 4007 5511 ἔδει

2426 5566 2624 5626 εἰπεῖν,
2652 5560 2869 5615 Λύσατε
2891 5561 2985 5613 τὺν
3008 5558 3137 5613 ναὸν
3159 5555 3371 5619 τοῦτον,
3393 5556 3565 5626 ἤγουν
3579 5552 3642 5607 τὸ
3665 5551 3830 5623 σῶμα
3853 5544 4005 5605 αὑτοῦ

2428 5651 2741 5720 δεικτικῶς,
2777 5654 2873 5707 καὶ
2903 5652 2964 5706 ἐν
2993 5649 3172 5722 τρισὶν
3203 5649 3443 5720 ἡμέραις
3471 5647 3657 5749 ιιξερεῖ
3700 5645 3888 5708 αὑτὸν,
3915 5640 3947 5711 ἦ
3978 5640 4005 5692 6
