4194 6446
205 425 336 490 ιεοι

1163 420 1564 482 ADVERSUS
1604 418 2157 481 NESTORIANOS.
2185 420 2412 480 “LIB.
2461 423 2539 479 ll.

3349 424 3480 490 1602

197 535 351 596 Θεὸς,
385 532 418 600 ἢ
464 530 650 601 [τερος
696 530 881 591 ἁπλῶς
903 571 917 595 ,
951 529 1012 583 οὐ
1056 530 1163 598 μὴν
1199 528 1311 594 ἐγὼ
1354 533 1382 581 ὁ
1413 529 1786 598 διαλεγόμενος

1901 527 1984 578 γει
2035 527 2196 589 Deus,
2246 527 2328 579 νει
2381 528 2521 580 aiius
2565 527 2768 596 quivis,
2811 543 2920 581 non
2958 544 3059 600 ego
3089 540 3240 587 certe
3268 535 3360 603 qui
3395 551 3492 591 vos

199 626 351 695 ὑμῖν,
381 625 440 687 ὃς
473 622 541 692 ἦν
591 625 783 691 σαφῶς
819 623 914 675 καὶ
953 622 1101 692 ψυχὴ
1135 621 1230 675 καὶ
1259 623 1442 691 σῶμα·
1483 621 1642 689 δῆλον
1683 620 1790 690 ἄρα

191 717 267 778 ὡς
301 718 364 769 τδ
385 716 517 769 αὐτὸ
551 716 847 787 πρόσωπον
876 715 936 767 τὺ
967 715 1055 766 διὰ
1077 715 1178 782 τῆς
1213 712 1554 782 ἀντωνυμίας
1591 729 1791 780 σημαι-

192 807 422 877 νόμενον
463 809 561 876 τῆς
610 807 758 876 ἐγὼ,
808 808 869 860 τό
917 825 975 859 τε
1029 806 1289 873 λυόμενον
1334 805 1517 872 σῶμα,
1553 805 1645 854 καὶ
1691 803 1790 872 τὴν

193 900 598 968 διαλεγομένην
631 900 809 970 ψυχὴν
845 900 930 952 διὰ
965 899 1238 970 σώματος,
1263 896 1357 948 καὶ
1388 896 1479 948 τὸν
1505 894 1790 964 ἐγείραντα

192 991 327 1044 Θεὸν
358 993 420 1044 τὺ
442 992 622 1057 λυθὲν,
655 995 924 1063 περιέχει.

778 1125 1008 1177 ΚΕΦΑΛ
1021 1164 1037 1177 .
1087 1124 1219 1176 ιιιοι.

266 1279 288 1314 α
323 1262 456 1314 Ὀτι
482 1262 540 1312 ὲν
570 1259 718 1328 αὐτῷ
748 1261 996 1310 κατοικεῖ
1016 1259 1122 1309 πᾶν
1149 1256 1207 1309 τὸ
1237 1257 1510 1324 πλήρωμα
1540 1254 1640 1323 τῆς
1661 1254 1787 1306 Θεό-

190 1369 355 1421 τητος
385 1350 738 1420 σωματικῶς,
774 1368 792 1400 ι
829 1349 1072 1417 δηλονότι
1118 1350 1174 1400 ἐν
1216 1347 1294 1415 τῷ
1326 1345 1787 1413 προονομασοέντι

190 1445 438 1514 Χριστῷ,
463 1445 674 1511 εἴρηται
711 1443 787 1511 τῷ
839 1442 1169 1510 Ἀποστο).ῳ.
1200 1440 1322 1501 Πῶς
1348 1435 1440 1492 οὖν
1480 1443 1575 1506 οὐχ
1601 1439 1786 1506 ἕτερον

191 1538 356 1602 φύσει
393 1536 456 1587 τὸ
498 1535 772 1604 πλήρωμα
829 1534 928 1602 τῆς
978 1532 1264 1600 Θεοτητος,
1321 1530 1476 1598 παρὰ
1529 1529 1783 1595 Χριστὸν,

187 1628 350 1696 εἴπερ
373 1628 560 1696 ἓτερον
605 1625 666 1676 τὸ
692 1627 748 1676 ἕν
782 1644 886 1678 τινι
927 1625 1020 1676 τοῦ
1057 1626 1114 1675 ἐν
1155 1619 1198 1692 ᾧ
1228 1626 1363 1684 ἐστι,
1395 1625 1487 1676 καὶ
1517 1623 1576 1673 τὸ
1604 1640 1785 1674 κατοι-

187 1717 321 1768 κοῦν
379 1716 518 1785 προς
562 1716 622 1767 τὸ
684 1716 1144 1783 κατοικούμενοκ
1205 1713 1458 1766 Τοιοῦτον
1497 1715 1625 1780 γοῦν
1669 1717 1783 1766 ἐστι

195 1810 292 1860 καὶ
334 1809 418 1870 τὸ,
453 1808 584 1871 Θεὸς
613 1804 680 1878 ἦν
715 1811 774 1860 ὲν
805 1807 1046 1878 Χριστῷ.
1075 1803 1226 1878 ’Λρα
1267 1803 1362 1858 οὖν
1402 1808 1522 1858 ἐπεὶ
1547 1809 1780 1877 εἴρηται,

1908 618 2183 686 alloquor,
2215 636 2378 687 quem
2413 628 2564 688 patet
2589 635 2710 674 esse
2736 635 2939 689 corpus
2963 631 3020 675 et
3057 624 3317 679 animam.
3355 627 3489 681 Evi-

1902 709 2042 763 dens
2068 711 2234 779 igitur
2259 720 2343 764 est
2372 712 2518 780 quod
2551 710 2742 765 eadem
2788 723 3022 781 perStma
3058 728 3157 782 per
3202 716 3342 770 hanc
3389 735 3487 788 ap-

1901 802 2252 870 pellationem
2298 820 2390 871 ego
2433 803 2759 872 significata,
2809 805 3048 858 solutum
3099 821 3322 876 corpus,
3367 812 3486 864 ani-

1910 908 2167 962 mamquc
2225 910 2320 961 per
2367 911 2569 963 corpus
2621 895 2968 964 loquentem,
3021 905 3077 950 et
3130 899 3485 954 suscitantem

1899 984 2072 1038 Deum
2103 985 2250 1053 quod
2288 985 2527 1038 solutum
2553 999 2689 1052 erat,
2721 989 3129 1058 complectitur.

2494 1118 2648 1173 CAP.
2689 1119 2874 1173 XLIX.

1979 1276 1998 1308 ι
2035 1257 2170 1322 Quia
2210 1274 2263 1310 In
2296 1258 2416 1326 ipso
2451 1256 2725 1309 inhabitat
2755 1255 2936 1310 omnis
2956 1257 3242 1324 plenitudo
3268 1257 3483 1312 Divini-

1897 1349 2026 1402 tatis
2071 1349 2522 1418 corporaliter“,
2576 1367 2593 1397 ι
2649 1347 2937 1401 evidenter
2987 1347 3042 1401 in
3099 1350 3482 1416 pra-appellato

1902 1441 2145 1506 Christo,
2179 1444 2388 1495 dictum
2434 1449 2520 1494 est
2563 1440 2632 1494 ab
2676 1440 3273 1508 Apostolo.Quomodo
3317 1440 3485 1510 igitur

1893 1550 2001 1587 non
2054 1536 2160 1587 alia
2214 1545 2412 1587 natura
2467 1543 2552 1586 est
2607 1531 2895 1601 plenitudo
2952 1532 3284 1596 Divinitatis,
3335 1535 3482 1603 apud

1891 1626 2198 1687 Christum,
2231 1625 2276 1678 si
2309 1625 2455 1677 aliud
2495 1625 2549 1676 in
2579 1624 2764 1690 aliquo
2784 1631 2868 1676 est
2896 1638 2958 1676 ac
2983 1623 3128 1691 quod
3157 1623 3213 1675 in
3246 1625 3352 1676 isto
3373 1633 3480 1688 est,

1891 1727 1947 1771 et
1974 1717 2292 1770 inhabitans
2321 1716 2387 1768 ad
2429 1715 2831 1768 inhabitatum?
2858 1714 2988 1768 Tale
3034 1730 3230 1783 nempe
3277 1725 3361 1769 est
3401 1727 3479 1780 et,

1895 1810 2042 1862 Deus
2074 1819 2192 1861 erat
2217 1809 2269 1860 in
2294 1806 2535 1861 Christo.
2566 1806 2760 1876 lgitur,
2789 1805 3010 1875 quando
3039 1807 3246 1861 dictum
3279 1816 3381 1870 est,
3413 1807 3481 1861 ad

190 1898 334 1966 Πρὸς
392 1899 587 1964 φίὲὸνον
639 1898 891 1950 ἐπιποθεῖ
935 1898 995 1950 τὸ
1027 1898 1265 1963 πνεῦμα,
1301 1897 1329 1947 ὃ
1370 1897 1688 1968 κατῴκησεν
1725 1902 1783 1950 ὲν

1892 1899 2151 1952 invidiam
2199 1899 2389 1952 incitat
2419 1896 2660 1966 Spiritus
2689 1899 2784 1966 qui
2834 1897 3158 1951 inhabitavit
3200 1898 3254 1952 in
3298 1898 3480 1960 nobis.

189 1988 346 2055 ἡμῖν,
376 1988 568 2056 ἓτερον
604 1990 766 2057 ἡμεῖς
809 1991 904 2042 καὶ
939 1990 1128 2058 ἕτερον
1161 1988 1222 2039 τὸ
1253 1987 1544 2041 κατοικοῦν
1574 1991 1630 2040 ἐν
1655 1989 1785 2056 ἡμῖν

187 2076 435 2147 πνεῦμα,
475 2080 653 2131 εῖτουν
683 2081 715 2149 ἡ
744 2079 890 2148 ψυχὴ
926 2081 1106 2148 ἡμῶν·
1133 2081 1224 2132 καὶ
1248 2080 1378 2132 ὅταν
1409 2080 1562 2151 λέγῃ
1602 2080 1704 2130 Ἔα
1732 2080 1785 2130 δὲ

187 2174 320 2236 τοὺς
353 2176 749 2237 κατοικοῦντας
780 2176 983 2238 οἰκίαις
1015 2177 1289 2245 πηλξναις,
1320 2177 1377 2240 ἐξ
1408 2170 1483 2228 ὧν
1515 2177 1608 2228 καὶ
1633 2177 1788 2228 αὐτοὶ

195 2269 262 2319 ἐκ
293 2266 394 2318 τοῦ
428 2267 594 2319 αὐτοῦ
627 2267 798 2337 πηὶοῦ
822 2270 1010 2339 ἐσμεν*
1056 2271 1212 2337 ἡμεῖς
1257 2265 1350 2321 οὖν
1377 2269 1562 2340 ἕτερος
1595 2269 1784 2336 πηλὸς,

188 2361 284 2412 καὶ
315 2359 457 2428 ἄλλη
491 2361 522 2429 ἡ
566 2361 715 2412 οἰκία
819 2359 1043 2430 πηλίνη,
1072 2361 1104 2428 ἢ
1148 2361 1325 2426 εἰλον,
1366 2361 1442 2422 ὠς
1483 2363 1552 2412 τὰ
1585 2359 1784 2421 τειὰδε,

186 2450 242 2501 ἐν
273 2469 384 2503 τινι
410 2452 486 2512 ὡς
518 2451 682 2520 μέρος
709 2453 767 2502 ἐν
796 2451 873 2521 τῷ
906 2451 1023 2520 ἰδίῳ
1048 2453 1153 2521 ὁὶῳ
1175 2453 1422 2519 λέγετακ
1455 2452 1544 2502 Ἐν
1569 2451 1787 2520 Χριστῷ

186 2541 280 2596 οὖν
306 2542 389 2612 ’τῷ
420 2545 501 2595 ἑνὶ
534 2543 1006 2613 συντετελεσμένῳ
1029 2543 1325 2612 προσώπῳ,
1349 2543 1423 2604 ὡς
1455 2545 1617 2612 μέρος
1640 2545 1785 2596 ἐστὶν

187 2633 362 2685 αὐτοῦ
400 2634 498 2700 τῆς
531 2633 882 2694 ὑποστάσεως
925 2635 959 2702 ἡ
997 2635 1219 2700 Θεότης.
1245 2636 1302 2684 ἐν
1338 2633 1486 2700 αὐτῷ
1522 2635 1784 2704 νοουμένη

191 2725 338 2793 μετὰ
374 2727 474 2792 τὴν
510 2724 788 2791 σάρκωσιν
816 2724 1038 2792 ὲαυτῆςο
1077 2725 1148 2785 ὡς
1180 2725 1234 2776 δὲ
1265 2726 1552 2778 κατοικοῦσι
1570 2729 1625 2778 ἐν
1657 2743 1788 2778 κατ-

189 2814 525 2882 οικουμένιεγ
561 2814 697 2866 διότι
726 2831 789 2882 γε
825 2815 1010 2866 τελεία
1038 2816 1132 2866 καὶ
1158 2815 1452 2884 ὁλόκληρος
1475 2817 1591 2867 ἐστι
1627 2815 1787 2883 φύσις

189 2903 356 2956 τοῦτο
383 2903 442 2954 τὸ
471 2903 546 2968 ὡς
582 2905 746 2972 μέρος
778 2904 1070 2972 πρόσωπον
1118 2905 1492 2974 θεωρούμενον
1528 2908 1586 2957 ἐν
1640 2907 1788 2975 αὐτῷ

191 2997 285 3047 καὶ
320 2995 666 3064 ὲτεροούσιον
704 2997 839 3065 πρὸς
878 2997 940 3047 τὸ
969 2997 1395 3066 κατοικοέμενον
1423 2997 1588 3050 αὑτοῦ
1627 3000 1788 3068 μέρος

194 3086 285 3136 ὑπ’
314 3085 486 3153 αὐτῆς
508 3101 521 3112 ·
559 3085 766 3138 τοιόσδε
819 3089 928 3155 γὰρ
955 3087 984 3137 ὁ
1025 3087 1139 3138 τῶν
1174 3089 1338 3139 οἴκων
1376 3089 1471 3139 καὶ
1495 3089 1788 3140 οἰκούντων

192 3177 376 3245 λόγος.
428 3178 500 3228 Τὸ
534 3178 591 3228 δὲ
645 3177 978 3245 σωματικῶς
1010 3173 1280 3248 εἶναιτὴν
1327 3180 1646 3248 κατοίκησιν
1688 3181 1788 3247 τῆς

189 3268 458 3336 Θεότητος
491 3271 547 3318 ἐν
596 3268 838 3338 Χριστῷ,
874 3269 1042 3338 ἡγουν
1071 3271 1129 3321 ἐν
1153 3273 1220 3340 τῇ
1260 3272 1425 3338 σαρκὶ
1464 3270 1654 3335 αὑτοῦ,
1687 3274 1788 3340 μὲ-

191 3375 323 3425 ρους
355 3359 520 3411 αὐτοῦ
548 3358 736 3428 οὔσης,
764 3361 858 3412 καὶ
883 3363 949 3428 τῇ
997 3360 1091 3414 τοῦ
1132 3361 1255 3414 ὅλου
1283 3363 1622 3434 προσηγορίᾳ
1655 3381 1788 3416 κατ-

189 3451 590 3522 ονομασθείσης
621 3450 737 3503 νῦν·
774 3452 836 3503 οὐ
875 3452 938 3503 τὸ
976 3454 1052 3522 μὴ
1085 3455 1226 3506 κατὰ
1259 3456 1608 3524 περιγραφὴν
1635 3473 1788 3508 τοπι-

193 3544 323 3609 κήν·
359 3542 433 3603 ὡς
482 3543 675 3611 ἑτέρας
718 3543 1117 3613 περιεχομένης
1158 3539 1298 3596 εἶναι
1335 3545 1434 3614 τὴν
1463 3545 1785 3616 κατοίκησιν

189 3633 479 3717 δυνάμεων
525 3633 626 3698 τῆς
671 3632 1036 3703 κατοικούσης
1078 3633 1296 3702 φύσεως
1325 3635 1406 3698 εἰς
1462 3635 1560 3706 τὴν
1603 3654 1785 3690 κατοι-

190 3725 496 3796 κουμένην·
535 3725 682 3778 οὓτω
719 3728 828 3797 γὰρ
856 3727 948 3779 καὶ
975 3726 1136 3796 μόνον
1166 3729 1375 3796 πέφυκε
1404 3732 1678 3782 κατοικεῖν
1702 3731 1781 3791 εἰς

191 3822 429 3890 σώματα
474 3822 544 3874 τὰ
586 3821 876 3891 ἀσώματα·
921 3822 1016 3874 κα)⁸
1058 3820 1199 3892 αὕτη
1244 3823 1394 3874 ἐστὶν
1427 3824 1459 3893 ἠ
1493 3823 1783 3893 σωματικὴ

190 3911 455 3962 κατοικία
498 3910 606 3962 τῶν
653 3911 994 3980 ἀσωμάτων·
1030 3911 1093 3963 οὐ
1152 3911 1294 3964 κατᾶ
1325 3911 1615 3982 περίληψιν
1657 3929 1784 3980 συγ-

191 4001 532 4069 κλειομὲνων
567 4001 673 4054 τῶν
702 4003 1127 4072 ἀσχηματίστων
1157 4004 1236 4066 εἰς
1268 4003 1338 4054 τὰ
1372 4005 1784 4073 ἐσχηματισμέ-

194 4111 282 4155 va.
334 4092 451 4146 ἀλλ’
484 4093 723 4146 εἰσὸύσει
777 4094 886 4147 τῶν
929 4094 1147 4148 οἰκείων
1179 4095 1462 4162 δυνάμεων
1508 4095 1569 4148 τὸ
1625 4097 1785 4164 φύσει

191 4184 476 4253 ἀδύναμον
517 4185 656 4255 πρὸς
703 4186 988 4255 ἐνέργειαν
1038 4186 1459 4256 δυναμούντων·
1501 4187 1597 4241 καὶ
1645 4187 1788 4240 οὕτω

195 4277 332 4348 μίαν
363 4277 664 4332 ὑπόστασιν
696 4280 764 4351 τῇ
791 4277 902 4332 τῶν
935 4277 1153 4350 φύσεων
1184 4279 1442 4350 κοινωνία
1465 4280 1792 4334 ἀποτελούν-

191 4384 330 4421 των.

264 4523 314 4556 ³³
351 4523 563 4580 Coloss.
600 4541 639 4580 ιι
685 4526 742 4581 9.

1895 1991 2043 2045 aliud
2079 2007 2180 2044 nos
2208 1999 2264 2043 et
2294 1990 2442 2044 aliud
2479 1988 2799 2044 inhabitans
2830 1989 2882 2041 in
2915 1989 3074 2043 nobis
3115 1988 3346 2058 spiritus
3373 1997 3480 2056 est,

1892 2085 1944 2139 id
1971 2095 2053 2139 est
2084 2085 2266 2138 anima
2299 2092 2486 2138 nostra
2519 2101 2532 2136 :
2559 2093 2616 2138 et
2647 2097 2773 2136 cum
2801 2083 3003 2140 die.tur
3032 2101 3044 2135 :
3078 2100 3097 2132 ι
3139 2083 3350 2151 Linque
3385 2099 3483 2137 au-

1893 2190 2000 2236 tem
2026 2179 2400 2233 inhabitantes
2420 2176 2678 2231 domibus
2703 2176 2889 2238 luteis,
2920 2191 2950 2230 c
2976 2176 3178 2244 quibus
3203 2185 3258 2229 et
3287 2176 3388 2244 ipsi
3414 2191 3483 2233 ex

1887 2273 2084 2326 eodem
2137 2271 2256 2324 luto
2305 2284 2539 2332 sumus;
2579 2286 2597 2319 ι
2650 2282 2751 2322 nos
2797 2267 2962 2336 igitur
2998 2267 3146 2320 aliud
3191 2267 3392 2331 lutum,
3425 2276 3483 2322 et

1896 2362 2044 2417 aliud
2083 2362 2281 2416 domus
2312 2362 2479 2421 lutea,
2509 2367 2604 2414 aut
2637 2368 2788 2429 patet
2818 2359 2933 2412 haec
2961 2358 3087 2412 talia
3120 2359 3177 2411 in
3207 2359 3392 2428 aliquo
3423 2368 3485 2412 ut

1889 2465 2107 2525 partem
2154 2455 2208 2507 in
2259 2452 2580 2523 particulari
2618 2459 2735 2505 toto
2769 2449 2918 2504 diei?
2963 2450 3022 2504 ln
3059 2449 3284 2504 Christo
3326 2465 3480 2520 ergo,

1897 2562 2003 2600 una
2044 2548 2316 2614 completa
2343 2560 2600 2614 persona,
2633 2552 2693 2596 ut
2718 2556 2846 2612 pats
2885 2550 2969 2596 est
2999 2541 3148 2595 illius
3174 2541 3483 2596 subsisten-

1891 2639 1979 2693 tia:
2013 2639 2302 2702 Divinitas,
2339 2638 2392 2691 in
2429 2637 2522 2691 illo
2558 2636 2834 2691 intellecta
2875 2642 2999 2703 post
3032 2648 3189 2688 suam
3225 2633 3482 2688 incarna-

1893 2732 2123 2796 tionem,
2165 2741 2227 2786 ut
2269 2730 2587 2784 inhabitans
2633 2728 2690 2782 in
2735 2725 3065 2781 inhabitata.
3111 2723 3481 2790 Quamobrem

1890 2827 2133 2895 perfecta
2165 2831 2221 2877 et
2253 2821 2524 2890 completa
2573 2827 2661 2873 est
2706 2829 2905 2873 natura
2947 2817 3061 2880 illa,
3103 2825 3166 2870 ut
3204 2830 3335 2885 pars
3370 2823 3480 2877 est,

1891 2932 2125 2986 persona
2170 2917 2225 2970 in
2275 2915 2395 2985 ipso
2437 2912 2679 2967 visibilis
2705 2921 2764 2967 et
2807 2911 3037 2965 alterius
3066 2908 3389 2964 substantiae
3416 2922 3484 2964 ac

1891 3025 2020 3079 pars
2051 3009 2200 3063 illius
2228 3006 2533 3061 inhabitata
2560 3004 2630 3059 ab
2660 3003 2780 3068 illa;
2816 3003 2940 3056 talis
2965 3001 3113 3057 enim
3152 3009 3238 3055 est
3267 2998 3481 3053 habita-

1893 3101 2106 3153 tionum
2145 3107 2202 3152 et
2251 3097 2618 3150 habitantium
2663 3091 2826 3147 ratio.
2870 3091 3476 3162 Corporaliteeautem

1894 3191 2203 3244 inhabitare
2247 3189 2598 3243 Divinitatem
2637 3186 2693 3239 in
2735 3183 2957 3239 Christo
2983 3225 2996 3245 .
3043 3192 3174 3254 puta
3225 3185 3281 3238 in
3332 3184 3478 3239 illius

1846 3271 1862 3288 ⁴
1893 3298 2080 3346 carne,
2117 3298 2239 3351 quae
2285 3281 2436 3334 illius
2482 3293 2610 3349 pars
2657 3286 2764 3342 est,
2798 3287 2854 3331 et
2894 3277 3064 3331 totius
3110 3275 3477 3345 appellatione

1891 3390 2038 3429 nunc
2061 3374 2345 3427 nominata
2373 3380 2479 3434 est,
2512 3385 2622 3424 non
2650 3385 2749 3439 per
2777 3369 3008 3423 localem
3037 3368 3097 3423 ﬁt
3127 3367 3478 3421 circumscri-

1890 3469 2154 3538 ptionem,
2189 3467 2264 3520 ita
2313 3475 2375 3518 ut
2415 3465 2522 3518 alia
2561 3462 2901 3517 circumdata
2935 3462 3007 3516 sit
3036 3460 3364 3514 inhabitatio
3393 3459 3476 3512 fa-

1889 3561 2158 3614 cultatum
2177 3555 2538 3611 inhabitantis
2555 3566 2785 3617 naturae,
2805 3555 2859 3608 in
2879 3553 3183 3607 inhabitata
3199 3567 3213 3604 :
3229 3550 3309 3605 sic
3324 3549 3472 3604 enim

1887 3649 2158 3718 contingit
2193 3647 2247 3700 in
2279 3645 2612 3715 corporibus
2638 3645 2953 3698 inhabitare
2990 3639 3388 3710 incorporalia;
3418 3647 3477 3693 et

1890 3739 1985 3793 illa
2013 3749 2100 3792 est
2147 3737 2450 3806 corporalis
2489 3736 2821 3791 inhabitatio
2866 3733 3324 3803 incorporalinm;
3360 3746 3475 3786 non

1889 3844 1991 3899 per
2016 3828 2381 3882 inclusionem
2410 3827 2778 3882 insidentibus
2809 3826 2898 3881 bis
2934 3841 3058 3895 quae
3100 3824 3331 3878 formam
3361 3837 3475 3876 non

1891 3919 2102 3974 habent
2143 3919 2199 3972 in
2233 3919 2342 3973 illis
2381 3934 2504 3988 qua:
2533 3917 2760 3983 habent,
2791 3917 2887 3972 sed
2916 3933 3014 3986 per
3044 3915 3473 3970 insinuationem

1896 4011 2246 4082 pr0priarum
2282 4011 2602 4065 facultatum
2634 4009 2783 4080 quod
2825 4019 3018 4062 natura
3053 4007 3237 4062 debile
3277 4015 3361 4060 est
3383 4019 3474 4059 ro-

1885 4103 2019 4160 bore
2067 4104 2516 4167 instaurantium,
2547 4111 2603 4157 et
2647 4103 2721 4156 ita
2771 4118 2934 4156 unam
2971 4098 3386 4155 subsistentiam
3425 4101 3482 4155 in

1888 4205 2211 4252 naturarum
2243 4194 2639 4252 communitate
2668 4193 3095 4264 perﬁcientium.
