  <div class='ocr_page' id='page_1' title='image "/cluster/home/n/w/nwhite01/storage/ocr_20150623/86 pt.1/nnc1.0022106588/816.png"; bbox 0 0 4194 6446; ppageno 0'>
   <div class='ocr_carea' id='block_1_1' title="bbox 112 425 250 490">
    <p class='ocr_par' dir='ltr' id='par_1_1' title="bbox 112 425 250 490">
     <span class='ocr_line' id='line_1_1' title="bbox 112 425 250 490; baseline 0.007 -1"><span class='ocrx_word' id='word_1_1' title='bbox 112 425 250 490; x_wconf 76' lang='grc'>1605</span> 
     </span>
    </p>
   </div>
   <div class='ocr_carea' id='block_1_2' title="bbox 1079 419 2480 485">
    <p class='ocr_par' dir='ltr' id='par_1_2' title="bbox 1079 419 2480 485">
     <span class='ocr_line' id='line_1_2' title="bbox 1079 419 2480 485; baseline 0.001 -4"><span class='ocrx_word' id='word_1_2' title='bbox 1079 419 1476 482; x_wconf 79' lang='lat' dir='ltr'><strong>ADVERSUS</strong></span> <span class='ocrx_word' id='word_1_3' title='bbox 1514 421 2062 483; x_wconf 78' lang='lat' dir='ltr'><strong>NESTORIANOS.</strong></span> <span class='ocrx_word' id='word_1_4' title='bbox 2087 449 2150 460; x_wconf 88' lang='lat'><em>-</em></span> <span class='ocrx_word' id='word_1_5' title='bbox 2179 426 2322 485; x_wconf 87' lang='lat' dir='ltr'><strong>LIB.</strong></span> <span class='ocrx_word' id='word_1_6' title='bbox 2367 424 2480 484; x_wconf 82' lang='lat' dir='ltr'><strong>lli.</strong></span> 
     </span>
    </p>
   </div>
   <div class='ocr_carea' id='block_1_3' title="bbox 3231 429 3365 494">
    <p class='ocr_par' dir='ltr' id='par_1_3' title="bbox 3231 429 3365 494">
     <span class='ocr_line' id='line_1_3' title="bbox 3231 429 3365 494; baseline 0.03 -4"><span class='ocrx_word' id='word_1_7' title='bbox 3231 429 3365 494; x_wconf 78' lang='lat'><strong>1606</strong></span> 
     </span>
    </p>
   </div>
   <div class='ocr_carea' id='block_1_4' title="bbox 105 527 1685 606">
    <p class='ocr_par' dir='ltr' id='par_1_4' title="bbox 105 527 1685 606">
     <span class='ocr_line' id='line_1_4' title="bbox 105 527 1685 606; baseline -0.004 -17"><span class='ocrx_word' id='word_1_8' title='bbox 105 538 214 606; x_wconf 71' lang='grc' dir='ltr'>μὴν</span> <span class='ocrx_word' id='word_1_9' title='bbox 244 534 559 604; x_wconf 78' lang='grc' dir='ltr'><strong>Νικόδημος</strong></span> <span class='ocrx_word' id='word_1_10' title='bbox 591 531 796 596; x_wconf 79' lang='grc' dir='ltr'>τέλειός</span> <span class='ocrx_word' id='word_1_11' title='bbox 829 548 887 585; x_wconf 88' lang='grc' dir='ltr'><strong>τε</strong></span> <span class='ocrx_word' id='word_1_12' title='bbox 939 527 1012 602; x_wconf 79' lang='grc' dir='ltr'>ἦν</span> <span class='ocrx_word' id='word_1_13' title='bbox 1049 530 1166 594; x_wconf 83' lang='grc' dir='ltr'>υἰδς</span> <span class='ocrx_word' id='word_1_14' title='bbox 1199 531 1345 584; x_wconf 86' lang='grc' dir='ltr'><strong>κατά</strong></span> <span class='ocrx_word' id='word_1_15' title='bbox 1389 530 1569 600; x_wconf 85' lang='grc' dir='ltr'>σάρκα</span> <span class='ocrx_word' id='word_1_16' title='bbox 1599 532 1685 583; x_wconf 65' lang='grc' dir='ltr'>καὶ</span> 
     </span>
    </p>
   </div>
   <div class='ocr_carea' id='block_1_5' title="bbox 1788 527 3373 606">
    <p class='ocr_par' dir='ltr' id='par_1_5' title="bbox 1794 530 3373 606">
     <span class='ocr_line' id='line_1_5' title="bbox 1794 530 3373 606; baseline 0.003 -20"><span class='ocrx_word' id='word_1_17' title='bbox 1794 541 1851 586; x_wconf 87' lang='lat' dir='ltr'><strong>et</strong></span> <span class='ocrx_word' id='word_1_18' title='bbox 1877 547 2116 603; x_wconf 84' lang='lat' dir='ltr'><strong>sequere</strong></span> <span class='ocrx_word' id='word_1_19' title='bbox 2160 532 2502 594; x_wconf 77' lang='lat' dir='ltr'><strong>me‘.Adhuc</strong></span> <span class='ocrx_word' id='word_1_20' title='bbox 2545 533 2775 602; x_wconf 91' lang='lat' dir='ltr'><strong>insuper</strong></span> <span class='ocrx_word' id='word_1_21' title='bbox 2807 530 3140 590; x_wconf 74' lang='lat' dir='ltr'><strong>Nicodemus</strong></span> <span class='ocrx_word' id='word_1_22' title='bbox 3191 536 3373 606; x_wconf 79' lang='lat' dir='ltr'><strong>perie-</strong></span> 
     </span>
    </p>
   </div>
   <div class='ocr_carea' id='block_1_6' title="bbox 98 615 1684 694">
    <p class='ocr_par' dir='ltr' id='par_1_6' title="bbox 98 615 1684 694">
     <span class='ocr_line' id='line_1_6' title="bbox 98 615 1684 694; baseline -0.004 -14"><span class='ocrx_word' id='word_1_23' title='bbox 98 632 162 680; x_wconf 73' lang='grc' dir='ltr'>ἐκ</span> <span class='ocrx_word' id='word_1_24' title='bbox 187 625 390 680; x_wconf 79' lang='grc' dir='ltr'>πολλοῦ</span> <span class='ocrx_word' id='word_1_25' title='bbox 423 624 824 694; x_wconf 71' lang='grc' dir='ltr'>γεγεννημένος</span> <span class='ocrx_word' id='word_1_26' title='bbox 856 623 1144 692; x_wconf 69' lang='grc' dir='ltr'>ἄνθρωπος</span> <span class='ocrx_word' id='word_1_27' title='bbox 1165 637 1179 653; x_wconf 88' lang='grc'><strong>·</strong></span> <span class='ocrx_word' id='word_1_28' title='bbox 1211 623 1348 692; x_wconf 74' lang='grc' dir='ltr'>πρὸς</span> <span class='ocrx_word' id='word_1_29' title='bbox 1376 621 1516 674; x_wconf 78' lang='grc' dir='ltr'>δὲτὸ</span> <span class='ocrx_word' id='word_1_30' title='bbox 1547 615 1684 674; x_wconf 82' lang='grc' dir='ltr'>εἶναι</span> 
     </span>
    </p>
   </div>
   <div class='ocr_carea' id='block_1_7' title="bbox 96 711 1687 787">
    <p class='ocr_par' dir='ltr' id='par_1_7' title="bbox 96 711 1687 787">
     <span class='ocr_line' id='line_1_7' title="bbox 96 711 1687 787; baseline -0.003 -18"><span class='ocrx_word' id='word_1_31' title='bbox 96 721 193 787; x_wconf 82' lang='grc' dir='ltr'><strong>οὐχ</strong></span> <span class='ocrx_word' id='word_1_32' title='bbox 242 716 436 778; x_wconf 81' lang='grc' dir='ltr'>ἁπλῶς</span> <span class='ocrx_word' id='word_1_33' title='bbox 465 717 602 770; x_wconf 79' lang='grc' dir='ltr'><strong>ἀλλά</strong></span> <span class='ocrx_word' id='word_1_34' title='bbox 628 715 999 784; x_wconf 73' lang='grc' dir='ltr'>πνευματικὸς</span> <span class='ocrx_word' id='word_1_35' title='bbox 1022 712 1328 783; x_wconf 71' lang='grc' dir='ltr'>ἄνθρωπος,</span> <span class='ocrx_word' id='word_1_36' title='bbox 1357 711 1455 781; x_wconf 82' lang='grc' dir='ltr'>τῆς</span> <span class='ocrx_word' id='word_1_37' title='bbox 1482 711 1569 764; x_wconf 88' lang='grc' dir='ltr'><strong>διά</strong></span> <span class='ocrx_word' id='word_1_38' title='bbox 1596 713 1687 765; x_wconf 74' lang='grc' dir='ltr'>τοῦ</span> 
     </span>
    </p>
   </div>
   <div class='ocr_carea' id='block_1_8' title="bbox 95 805 1684 878">
    <p class='ocr_par' dir='ltr' id='par_1_8' title="bbox 95 805 1684 878">
     <span class='ocr_line' id='line_1_8' title="bbox 95 805 1684 878; baseline -0.003 -16"><span class='ocrx_word' id='word_1_39' title='bbox 95 809 419 878; x_wconf 83' lang='grc' dir='ltr'>ΙΙνεύματος</span> <span class='ocrx_word' id='word_1_40' title='bbox 465 810 632 861; x_wconf 77' lang='grc' dir='ltr'>ἐδεῖτο</span> <span class='ocrx_word' id='word_1_41' title='bbox 686 808 1102 877; x_wconf 81' lang='grc' dir='ltr'>ἀναγεννήσεως</span> <span class='ocrx_word' id='word_1_42' title='bbox 1157 805 1249 858; x_wconf 79' lang='grc' dir='ltr'>καὶ</span> <span class='ocrx_word' id='word_1_43' title='bbox 1309 805 1684 874; x_wconf 80' lang='grc' dir='ltr'><strong>τελειότητος·</strong></span> 
     </span>
    </p>
   </div>
   <div class='ocr_carea' id='block_1_9' title="bbox 94 880 1688 968">
    <p class='ocr_par' dir='ltr' id='par_1_9' title="bbox 94 880 1688 968">
     <span class='ocr_line' id='line_1_9' title="bbox 94 880 1688 968; baseline -0.002 -19"><span class='ocrx_word' id='word_1_44' title='bbox 94 899 258 953; x_wconf 80' lang='grc' dir='ltr'>Οὕτω</span> <span class='ocrx_word' id='word_1_45' title='bbox 285 880 418 968; x_wconf 61' lang='grc' dir='ltr'>τῶν</span> <span class='ocrx_word' id='word_1_46' title='bbox 454 901 549 953; x_wconf 80' lang='grc' dir='ltr'>καὶ</span> <span class='ocrx_word' id='word_1_47' title='bbox 588 902 616 952; x_wconf 85' lang='grc' dir='ltr'>ὁ</span> <span class='ocrx_word' id='word_1_48' title='bbox 645 899 840 966; x_wconf 83' lang='grc' dir='ltr'>Λόγος,</span> <span class='ocrx_word' id='word_1_49' title='bbox 875 899 954 959; x_wconf 83' lang='grc' dir='ltr'><strong>εἰς</strong></span> <span class='ocrx_word' id='word_1_50' title='bbox 986 898 1048 950; x_wconf 80' lang='grc' dir='ltr'><strong>τδ</strong></span> <span class='ocrx_word' id='word_1_51' title='bbox 1087 894 1226 950; x_wconf 82' lang='grc' dir='ltr'>εἶναι</span> <span class='ocrx_word' id='word_1_52' title='bbox 1263 897 1390 959; x_wconf 63' lang='lat' dir='ltr'><strong>ne;</strong></span> <span class='ocrx_word' id='word_1_53' title='bbox 1427 895 1562 949; x_wconf 80' lang='grc' dir='ltr'><strong>Θεοῦ</strong></span> <span class='ocrx_word' id='word_1_54' title='bbox 1593 895 1688 948; x_wconf 71' lang='grc' dir='ltr'><strong>και</strong></span> 
     </span>
    </p>
   </div>
   <div class='ocr_carea' id='block_1_10' title="bbox 93 983 1686 1057">
    <p class='ocr_par' dir='ltr' id='par_1_10' title="bbox 93 983 1686 1057">
     <span class='ocr_line' id='line_1_10' title="bbox 93 983 1686 1057; baseline -0.004 -16"><span class='ocrx_word' id='word_1_55' title='bbox 93 990 250 1052; x_wconf 78' lang='grc' dir='ltr'>Θεὸς,</span> <span class='ocrx_word' id='word_1_56' title='bbox 285 984 532 1052; x_wconf 77' lang='grc' dir='ltr'>τελείως</span> <span class='ocrx_word' id='word_1_57' title='bbox 585 983 729 1057; x_wconf 79' lang='grc' dir='ltr'>εἶχεν</span> <span class='ocrx_word' id='word_1_58' title='bbox 747 989 898 1046; x_wconf 64' lang='grc' dir='ltr'>,ἀεί’</span> <span class='ocrx_word' id='word_1_59' title='bbox 942 986 1079 1056; x_wconf 78' lang='grc' dir='ltr'>πρὸς</span> <span class='ocrx_word' id='word_1_60' title='bbox 1109 985 1165 1038; x_wconf 86' lang='grc' dir='ltr'>δὲ</span> <span class='ocrx_word' id='word_1_61' title='bbox 1220 986 1281 1037; x_wconf 87' lang='grc' dir='ltr'>τὸ</span> <span class='ocrx_word' id='word_1_62' title='bbox 1325 984 1686 1052; x_wconf 74' lang='grc' dir='ltr'><strong>ἐκπληρῶσαι</strong></span> 
     </span>
    </p>
   </div>
   <div class='ocr_carea' id='block_1_11' title="bbox 91 1077 1684 1151">
    <p class='ocr_par' dir='ltr' id='par_1_11' title="bbox 91 1077 1684 1151">
     <span class='ocr_line' id='line_1_11' title="bbox 91 1077 1684 1151; baseline -0.003 -19"><span class='ocrx_word' id='word_1_63' title='bbox 91 1081 192 1151; x_wconf 77' lang='grc' dir='ltr'>τὴν</span> <span class='ocrx_word' id='word_1_64' title='bbox 228 1081 372 1134; x_wconf 90' lang='grc' dir='ltr'>ἰδίαν</span> <span class='ocrx_word' id='word_1_65' title='bbox 403 1080 653 1132; x_wconf 81' lang='grc' dir='ltr'><strong>εὐδοκίαν</strong></span> <span class='ocrx_word' id='word_1_66' title='bbox 686 1083 744 1132; x_wconf 84' lang='grc' dir='ltr'>ἐν</span> <span class='ocrx_word' id='word_1_67' title='bbox 770 1079 995 1141; x_wconf 82' lang='grc' dir='ltr'><strong>οἰκείοις</strong></span> <span class='ocrx_word' id='word_1_68' title='bbox 1025 1080 1142 1140; x_wconf 80' lang='grc' dir='ltr'>τοῖς</span> <span class='ocrx_word' id='word_1_69' title='bbox 1170 1077 1419 1145; x_wconf 82' lang='grc' dir='ltr'><strong>ὑστέροις</strong></span> <span class='ocrx_word' id='word_1_70' title='bbox 1448 1077 1684 1146; x_wconf 84' lang='grc' dir='ltr'>καιροῖς,</span> 
     </span>
    </p>
   </div>
   <div class='ocr_carea' id='block_1_12' title="bbox 94 1166 1684 1244">
    <p class='ocr_par' dir='ltr' id='par_1_12' title="bbox 94 1166 1684 1244">
     <span class='ocr_line' id='line_1_12' title="bbox 94 1166 1684 1244; baseline -0.003 -18"><span class='ocrx_word' id='word_1_71' title='bbox 94 1174 217 1226; x_wconf 82' lang='grc' dir='ltr'>καθ’</span> <span class='ocrx_word' id='word_1_72' title='bbox 254 1175 328 1243; x_wconf 74' lang='grc' dir='ltr'>ἢν</span> <span class='ocrx_word' id='word_1_73' title='bbox 357 1174 457 1241; x_wconf 82' lang='grc' dir='ltr'><strong>οὐχ</strong></span> <span class='ocrx_word' id='word_1_74' title='bbox 481 1173 776 1244; x_wconf 71' lang='grc' dir='ltr'>ἁρπαγμὸν</span> <span class='ocrx_word' id='word_1_75' title='bbox 823 1172 1125 1242; x_wconf 79' lang='grc' dir='ltr'>ἡγούμενος</span> <span class='ocrx_word' id='word_1_76' title='bbox 1161 1172 1222 1222; x_wconf 74' lang='grc' dir='ltr'>τὸ</span> <span class='ocrx_word' id='word_1_77' title='bbox 1251 1166 1391 1222; x_wconf 81' lang='grc' dir='ltr'>εἶναι</span> <span class='ocrx_word' id='word_1_78' title='bbox 1420 1170 1510 1223; x_wconf 83' lang='grc' dir='ltr'><strong>ῐσα</strong></span> <span class='ocrx_word' id='word_1_79' title='bbox 1539 1169 1684 1234; x_wconf 80' lang='grc' dir='ltr'><strong>Θεῷ,</strong></span> 
     </span>
    </p>
   </div>
   <div class='ocr_carea' id='block_1_13' title="bbox 98 1262 1690 1335">
    <p class='ocr_par' dir='ltr' id='par_1_13' title="bbox 98 1262 1690 1335">
     <span class='ocr_line' id='line_1_13' title="bbox 98 1262 1690 1335; baseline -0.003 -19"><span class='ocrx_word' id='word_1_80' title='bbox 98 1267 322 1334; x_wconf 75' lang='grc' dir='ltr'>μορφὴν</span> <span class='ocrx_word' id='word_1_81' title='bbox 355 1264 544 1318; x_wconf 75' lang='grc' dir='ltr'>δούλω</span> <span class='ocrx_word' id='word_1_82' title='bbox 567 1264 754 1316; x_wconf 71' lang='grc' dir='ltr'>λαϐεῖν</span> <span class='ocrx_word' id='word_1_83' title='bbox 785 1265 889 1335; x_wconf 79' lang='grc' dir='ltr'>πρὸ</span> <span class='ocrx_word' id='word_1_84' title='bbox 942 1264 1155 1315; x_wconf 79' lang='grc' dir='ltr'><strong>αἰώνων</strong></span> <span class='ocrx_word' id='word_1_85' title='bbox 1186 1262 1344 1314; x_wconf 79' lang='grc' dir='ltr'>ὦδινε</span> <span class='ocrx_word' id='word_1_86' title='bbox 1397 1264 1492 1314; x_wconf 77' lang='grc' dir='ltr'>καὶ</span> <span class='ocrx_word' id='word_1_87' title='bbox 1557 1278 1690 1332; x_wconf 77' lang='grc' dir='ltr'>προ-</span> 
     </span>
    </p>
   </div>
   <div class='ocr_carea' id='block_1_14' title="bbox 95 1353 1686 1426">
    <p class='ocr_par' dir='ltr' id='par_1_14' title="bbox 95 1353 1686 1426">
     <span class='ocr_line' id='line_1_14' title="bbox 95 1353 1686 1426; baseline -0.001 -21"><span class='ocrx_word' id='word_1_88' title='bbox 95 1357 304 1425; x_wconf 79' lang='grc' dir='ltr'>ώρισεν</span> <span class='ocrx_word' id='word_1_89' title='bbox 335 1355 514 1424; x_wconf 76' lang='grc' dir='ltr'>ἑαυτῷ</span> <span class='ocrx_word' id='word_1_90' title='bbox 537 1373 550 1386; x_wconf 72' lang='grc' dir='ltr'><strong>ο</strong></span> <span class='ocrx_word' id='word_1_91' title='bbox 595 1357 687 1408; x_wconf 82' lang='grc' dir='ltr'><strong>καί</strong></span> <span class='ocrx_word' id='word_1_92' title='bbox 722 1358 853 1426; x_wconf 83' lang='grc' dir='ltr'>πρὶν</span> <span class='ocrx_word' id='word_1_93' title='bbox 905 1355 1128 1424; x_wconf 78' lang='grc' dir='ltr'>ποιῆσαι</span> <span class='ocrx_word' id='word_1_94' title='bbox 1179 1356 1246 1406; x_wconf 82' lang='grc' dir='ltr'><strong>τά</strong></span> <span class='ocrx_word' id='word_1_95' title='bbox 1272 1355 1468 1416; x_wconf 85' lang='grc' dir='ltr'>πάντα,</span> <span class='ocrx_word' id='word_1_96' title='bbox 1502 1353 1598 1422; x_wconf 74' lang='grc' dir='ltr'>τὴν</span> <span class='ocrx_word' id='word_1_97' title='bbox 1629 1355 1686 1404; x_wconf 82' lang='grc' dir='ltr'>ἐν</span> 
     </span>
    </p>
   </div>
   <div class='ocr_carea' id='block_1_15' title="bbox 93 1445 1684 1518">
    <p class='ocr_par' dir='ltr' id='par_1_15' title="bbox 93 1445 1684 1518">
     <span class='ocr_line' id='line_1_15' title="bbox 93 1445 1684 1518; baseline -0.001 -18"><span class='ocrx_word' id='word_1_98' title='bbox 93 1448 324 1518; x_wconf 77' lang='grc' dir='ltr'>Χριστῷ</span> <span class='ocrx_word' id='word_1_99' title='bbox 360 1449 577 1502; x_wconf 77' lang='grc' dir='ltr'>πάντων</span> <span class='ocrx_word' id='word_1_100' title='bbox 612 1446 1090 1517; x_wconf 68' lang='grc' dir='ltr'><strong>ἀνακεφαλαίωσιν</strong></span> <span class='ocrx_word' id='word_1_101' title='bbox 1118 1446 1212 1499; x_wconf 74' lang='grc' dir='ltr'>καὶ</span> <span class='ocrx_word' id='word_1_102' title='bbox 1239 1445 1435 1498; x_wconf 92' lang='grc' dir='ltr'>θέωσιν</span> <span class='ocrx_word' id='word_1_103' title='bbox 1470 1445 1526 1496; x_wconf 84' lang='grc' dir='ltr'>ὲν</span> <span class='ocrx_word' id='word_1_104' title='bbox 1555 1446 1684 1498; x_wconf 78' lang='grc' dir='ltr'>ἑαυ-</span> 
     </span>
    </p>
   </div>
   <div class='ocr_carea' id='block_1_16' title="bbox 90 1532 1685 1612">
    <p class='ocr_par' dir='ltr' id='par_1_16' title="bbox 90 1532 1685 1612">
     <span class='ocr_line' id='line_1_16' title="bbox 90 1532 1685 1612; baseline -0.001 -23"><span class='ocrx_word' id='word_1_105' title='bbox 90 1539 167 1609; x_wconf 84' lang='grc' dir='ltr'><strong>τῷ</strong></span> <span class='ocrx_word' id='word_1_106' title='bbox 197 1539 316 1591; x_wconf 82' lang='grc' dir='ltr'>τῶν</span> <span class='ocrx_word' id='word_1_107' title='bbox 337 1541 398 1592; x_wconf 77' lang='grc' dir='ltr'>οὐ</span> <span class='ocrx_word' id='word_1_108' title='bbox 424 1539 582 1592; x_wconf 85' lang='grc' dir='ltr'>θείων</span> <span class='ocrx_word' id='word_1_109' title='bbox 612 1540 847 1607; x_wconf 73' lang='grc' dir='ltr'>φύσεων,</span> <span class='ocrx_word' id='word_1_110' title='bbox 927 1556 1091 1608; x_wconf 83' lang='grc' dir='ltr'>φησιν</span> <span class='ocrx_word' id='word_1_111' title='bbox 1111 1540 1138 1590; x_wconf 75' lang='grc' dir='ltr'><strong>ὁ</strong></span> <span class='ocrx_word' id='word_1_112' title='bbox 1173 1535 1514 1599; x_wconf 82' lang='grc' dir='ltr'>Ἀπόστολος,</span> <span class='ocrx_word' id='word_1_113' title='bbox 1542 1536 1685 1588; x_wconf 75' lang='grc' dir='ltr'>ἐλλι-</span> 
     </span>
    </p>
   </div>
   <div class='ocr_carea' id='block_1_17' title="bbox 91 1628 1686 1701">
    <p class='ocr_par' dir='ltr' id='par_1_17' title="bbox 91 1628 1686 1701">
     <span class='ocr_line' id='line_1_17' title="bbox 91 1628 1686 1701; baseline -0.001 -20"><span class='ocrx_word' id='word_1_114' title='bbox 91 1630 208 1694; x_wconf 83' lang='grc' dir='ltr'>πῶς</span> <span class='ocrx_word' id='word_1_115' title='bbox 250 1628 404 1700; x_wconf 67' lang='grc' dir='ltr'>εἶχεν</span> <span class='ocrx_word' id='word_1_116' title='bbox 453 1631 535 1683; x_wconf 80' lang='grc' dir='ltr'><strong>ἑτι</strong></span> <span class='ocrx_word' id='word_1_117' title='bbox 589 1631 724 1701; x_wconf 75' lang='grc' dir='ltr'>πρὸς</span> <span class='ocrx_word' id='word_1_118' title='bbox 768 1633 1078 1699; x_wconf 77' lang='grc' dir='ltr'>φανέρωσιν</span> <span class='ocrx_word' id='word_1_119' title='bbox 1108 1628 1201 1682; x_wconf 78' lang='grc' dir='ltr'>τοῦ</span> <span class='ocrx_word' id='word_1_120' title='bbox 1273 1628 1686 1700; x_wconf 83' lang='grc' dir='ltr'>προορισθέντος</span> 
     </span>
    </p>
   </div>
   <div class='ocr_carea' id='block_1_18' title="bbox 92 1719 1684 1791">
    <p class='ocr_par' dir='ltr' id='par_1_18' title="bbox 92 1719 1684 1791">
     <span class='ocr_line' id='line_1_18' title="bbox 92 1719 1684 1791; baseline -0.001 -19"><span class='ocrx_word' id='word_1_121' title='bbox 92 1721 244 1789; x_wconf 74' lang='grc' dir='ltr'>αὐτῷ</span> <span class='ocrx_word' id='word_1_122' title='bbox 277 1721 669 1791; x_wconf 78' lang='grc' dir='ltr'><strong>κεκρυμμένου</strong></span> <span class='ocrx_word' id='word_1_123' title='bbox 703 1720 1004 1791; x_wconf 74' lang='grc' dir='ltr'><strong>μυστηρίου</strong></span> <span class='ocrx_word' id='word_1_124' title='bbox 1039 1721 1136 1789; x_wconf 78' lang='grc' dir='ltr'>τῆς</span> <span class='ocrx_word' id='word_1_125' title='bbox 1169 1719 1304 1780; x_wconf 83' lang='grc' dir='ltr'>ἰδίας</span> <span class='ocrx_word' id='word_1_126' title='bbox 1334 1721 1684 1790; x_wconf 74' lang='grc' dir='ltr'>ἐνανθρωπή·</span> 
     </span>
    </p>
   </div>
   <div class='ocr_carea' id='block_1_19' title="bbox 93 1810 1684 1883">
    <p class='ocr_par' dir='ltr' id='par_1_19' title="bbox 93 1810 1684 1883">
     <span class='ocr_line' id='line_1_19' title="bbox 93 1810 1684 1883; baseline -0.001 -19"><span class='ocrx_word' id='word_1_127' title='bbox 93 1829 251 1875; x_wconf 83' lang='grc' dir='ltr'>σεως.</span> <span class='ocrx_word' id='word_1_128' title='bbox 288 1813 534 1881; x_wconf 77' lang='grc' dir='ltr'><strong>Οὐδεμία</strong></span> <span class='ocrx_word' id='word_1_129' title='bbox 568 1810 661 1864; x_wconf 63' lang='grc' dir='ltr'>οὖν</span> <span class='ocrx_word' id='word_1_130' title='bbox 707 1811 958 1864; x_wconf 76' lang='grc' dir='ltr'>ἐντεῦθεν</span> <span class='ocrx_word' id='word_1_131' title='bbox 1017 1812 1326 1883; x_wconf 81' lang='grc' dir='ltr'>κατηγορία</span> <span class='ocrx_word' id='word_1_132' title='bbox 1357 1814 1506 1864; x_wconf 75' lang='grc' dir='ltr'>ἐστὶν</span> <span class='ocrx_word' id='word_1_133' title='bbox 1554 1812 1684 1864; x_wconf 69' lang='grc' dir='ltr'>ἀξε-</span> 
     </span>
    </p>
   </div>
   <div class='ocr_carea' id='block_1_20' title="bbox 91 1888 1759 1974">
    <p class='ocr_par' dir='ltr' id='par_1_20' title="bbox 91 1888 1759 1974">
     <span class='ocr_line' id='line_1_20' title="bbox 91 1888 1759 1974; baseline 0.001 -19"><span class='ocrx_word' id='word_1_134' title='bbox 91 1905 264 1969; x_wconf 85' lang='grc' dir='ltr'>λείας,</span> <span class='ocrx_word' id='word_1_135' title='bbox 323 1906 445 1956; x_wconf 86' lang='grc' dir='ltr'>κατ’</span> <span class='ocrx_word' id='word_1_136' title='bbox 476 1905 616 1957; x_wconf 81' lang='grc' dir='ltr'>ἰδίαν</span> <span class='ocrx_word' id='word_1_137' title='bbox 657 1905 956 1974; x_wconf 76' lang='grc' dir='ltr'>νοουμένης</span> <span class='ocrx_word' id='word_1_138' title='bbox 1009 1905 1257 1972; x_wconf 79' lang='grc' dir='ltr'>υἱότητος</span> <span class='ocrx_word' id='word_1_139' title='bbox 1291 1904 1559 1974; x_wconf 67' lang='grc' dir='ltr'>ἑκατέρας</span> <span class='ocrx_word' id='word_1_140' title='bbox 1590 1903 1682 1972; x_wconf 75' lang='grc' dir='ltr'><strong>φύ-</strong></span> <span class='ocrx_word' id='word_1_141' title='bbox 1711 1888 1759 1947; x_wconf 83' lang='grc' dir='ltr'><strong>Β</strong></span> 
     </span>
    </p>
   </div>
   <div class='ocr_carea' id='block_1_21' title="bbox 94 1994 1683 2068">
    <p class='ocr_par' dir='ltr' id='par_1_21' title="bbox 94 1994 1683 2068">
     <span class='ocr_line' id='line_1_21' title="bbox 94 1994 1683 2068; baseline -0.001 -20"><span class='ocrx_word' id='word_1_142' title='bbox 94 2015 228 2060; x_wconf 80' lang='grc' dir='ltr'>σεως</span> <span class='ocrx_word' id='word_1_143' title='bbox 254 2013 269 2028; x_wconf 89' lang='grc'>⁶</span> <span class='ocrx_word' id='word_1_144' title='bbox 305 1998 444 2050; x_wconf 71' lang='grc' dir='ltr'>ἀλλὰ</span> <span class='ocrx_word' id='word_1_145' title='bbox 487 1997 644 2067; x_wconf 79' lang='grc' dir='ltr'>χρεία</span> <span class='ocrx_word' id='word_1_146' title='bbox 672 1997 829 2066; x_wconf 85' lang='grc' dir='ltr'>μόνον</span> <span class='ocrx_word' id='word_1_147' title='bbox 858 1999 996 2068; x_wconf 74' lang='grc' dir='ltr'>πρδς</span> <span class='ocrx_word' id='word_1_148' title='bbox 1018 1997 1416 2067; x_wconf 71' lang='grc' dir='ltr'><strong>συμπλήρωσιν</strong></span> <span class='ocrx_word' id='word_1_149' title='bbox 1443 1996 1540 2066; x_wconf 78' lang='grc' dir='ltr'>τῆς</span> <span class='ocrx_word' id='word_1_150' title='bbox 1564 1994 1683 2050; x_wconf 86' lang='grc' dir='ltr'>κατ’</span> 
     </span>
    </p>
   </div>
   <div class='ocr_carea' id='block_1_22' title="bbox 91 2087 1682 2158">
    <p class='ocr_par' dir='ltr' id='par_1_22' title="bbox 91 2087 1682 2158">
     <span class='ocr_line' id='line_1_22' title="bbox 91 2087 1682 2158; baseline -0.003 -19"><span class='ocrx_word' id='word_1_151' title='bbox 91 2089 350 2141; x_wconf 79' lang='grc' dir='ltr'>εὐδοκίαν</span> <span class='ocrx_word' id='word_1_152' title='bbox 398 2087 533 2140; x_wconf 76' lang='grc' dir='ltr'>Θεοῦ</span> <span class='ocrx_word' id='word_1_153' title='bbox 589 2088 726 2158; x_wconf 84' lang='grc' dir='ltr'>πρὸς</span> <span class='ocrx_word' id='word_1_154' title='bbox 776 2087 1099 2155; x_wconf 78' lang='grc' dir='ltr'>ἀνθρώπους</span> <span class='ocrx_word' id='word_1_155' title='bbox 1147 2089 1394 2150; x_wconf 78' lang='grc' dir='ltr'>ένὼσεως</span> <span class='ocrx_word' id='word_1_156' title='bbox 1443 2087 1682 2155; x_wconf 70' lang='grc' dir='ltr'>ἑκατέρα</span> 
     </span>
    </p>
   </div>
   <div class='ocr_carea' id='block_1_23' title="bbox 91 2173 1683 2250">
    <p class='ocr_par' dir='ltr' id='par_1_23' title="bbox 91 2173 1683 2250">
     <span class='ocr_line' id='line_1_23' title="bbox 91 2173 1683 2250; baseline -0.004 -16"><span class='ocrx_word' id='word_1_157' title='bbox 91 2181 250 2248; x_wconf 81' lang='grc' dir='ltr'>φύσει</span> <span class='ocrx_word' id='word_1_158' title='bbox 287 2181 393 2248; x_wconf 71' lang='grc' dir='ltr'>τῆς</span> <span class='ocrx_word' id='word_1_159' title='bbox 425 2181 618 2250; x_wconf 81' lang='grc' dir='ltr'>ἑτέρας</span> <span class='ocrx_word' id='word_1_160' title='bbox 646 2183 725 2242; x_wconf 85' lang='grc' dir='ltr'><strong>εἰς</strong></span> <span class='ocrx_word' id='word_1_161' title='bbox 758 2179 1110 2248; x_wconf 72' lang='grc' dir='ltr'>ἀποτέλεσμα</span> <span class='ocrx_word' id='word_1_162' title='bbox 1141 2179 1235 2229; x_wconf 76' lang='grc' dir='ltr'>τοῦ</span> <span class='ocrx_word' id='word_1_163' title='bbox 1287 2173 1430 2234; x_wconf 84' lang='grc' dir='ltr'>εἶναι</span> <span class='ocrx_word' id='word_1_164' title='bbox 1473 2181 1538 2230; x_wconf 77' lang='grc' dir='ltr'>ἐκ</span> <span class='ocrx_word' id='word_1_165' title='bbox 1574 2177 1683 2229; x_wconf 86' lang='grc' dir='ltr'>τῶν</span> 
     </span>
    </p>
   </div>
   <div class='ocr_carea' id='block_1_24' title="bbox 89 2269 1678 2342">
    <p class='ocr_par' dir='ltr' id='par_1_24' title="bbox 89 2269 1678 2342">
     <span class='ocr_line' id='line_1_24' title="bbox 89 2269 1678 2342; baseline -0.003 -17"><span class='ocrx_word' id='word_1_166' title='bbox 89 2275 426 2342; x_wconf 79' lang='grc' dir='ltr'>πεφυκότων</span> <span class='ocrx_word' id='word_1_167' title='bbox 466 2271 901 2342; x_wconf 75' lang='grc' dir='ltr'>διακεκριμένως</span> <span class='ocrx_word' id='word_1_168' title='bbox 955 2275 1012 2322; x_wconf 84' lang='grc' dir='ltr'>ὲν</span> <span class='ocrx_word' id='word_1_169' title='bbox 1051 2271 1333 2339; x_wconf 69' lang='grc' dir='ltr'>διαφόροις</span> <span class='ocrx_word' id='word_1_170' title='bbox 1372 2269 1678 2323; x_wconf 81' lang='grc' dir='ltr'>ὑποστάσε-</span> 
     </span>
    </p>
   </div>
   <div class='ocr_carea' id='block_1_25' title="bbox 93 2363 1682 2435">
    <p class='ocr_par' dir='ltr' id='par_1_25' title="bbox 93 2363 1682 2435">
     <span class='ocr_line' id='line_1_25' title="bbox 93 2363 1682 2435; baseline -0.003 -16"><span class='ocrx_word' id='word_1_171' title='bbox 93 2384 173 2419; x_wconf 87' lang='grc' dir='ltr'><strong>σιν</strong></span> <span class='ocrx_word' id='word_1_172' title='bbox 204 2367 445 2435; x_wconf 80' lang='grc' dir='ltr'>δρᾶσθαι</span> <span class='ocrx_word' id='word_1_173' title='bbox 481 2365 698 2434; x_wconf 81' lang='grc' dir='ltr'>φύσεων</span> <span class='ocrx_word' id='word_1_174' title='bbox 737 2367 832 2418; x_wconf 76' lang='grc' dir='ltr'>καὶ</span> <span class='ocrx_word' id='word_1_175' title='bbox 871 2364 1137 2434; x_wconf 81' lang='grc' dir='ltr'>υἰοτήτων</span> <span class='ocrx_word' id='word_1_176' title='bbox 1192 2363 1438 2429; x_wconf 75' lang='grc' dir='ltr'><strong>τελείων,</strong></span> <span class='ocrx_word' id='word_1_177' title='bbox 1470 2363 1592 2415; x_wconf 81' lang='grc' dir='ltr'>καθ’</span> <span class='ocrx_word' id='word_1_178' title='bbox 1623 2364 1682 2415; x_wconf 83' lang='grc' dir='ltr'>ἓν</span> 
     </span>
    </p>
   </div>
   <div class='ocr_carea' id='block_1_26' title="bbox 91 2455 1682 2526">
    <p class='ocr_par' dir='ltr' id='par_1_26' title="bbox 91 2455 1682 2526">
     <span class='ocr_line' id='line_1_26' title="bbox 91 2455 1682 2526; baseline -0.003 -14"><span class='ocrx_word' id='word_1_179' title='bbox 91 2460 152 2512; x_wconf 85' lang='grc' dir='ltr'>τὸ</span> <span class='ocrx_word' id='word_1_180' title='bbox 182 2457 362 2512; x_wconf 81' lang='grc' dir='ltr'>αὑτοῦ</span> <span class='ocrx_word' id='word_1_181' title='bbox 401 2457 696 2526; x_wconf 77' lang='grc' dir='ltr'>πρόσωπον</span> <span class='ocrx_word' id='word_1_182' title='bbox 746 2455 1004 2524; x_wconf 83' lang='grc' dir='ltr'>γενέσθαι</span> <span class='ocrx_word' id='word_1_183' title='bbox 1048 2455 1360 2507; x_wconf 76' lang='grc' dir='ltr'>συνέλευσιν</span> <span class='ocrx_word' id='word_1_184' title='bbox 1385 2469 1398 2482; x_wconf 85' lang='grc'><em>’</em></span> <span class='ocrx_word' id='word_1_185' title='bbox 1433 2455 1526 2508; x_wconf 77' lang='grc' dir='ltr'>καὶ</span> <span class='ocrx_word' id='word_1_186' title='bbox 1555 2455 1682 2507; x_wconf 85' lang='grc' dir='ltr'><strong>τάδε</strong></span> 
     </span>
    </p>
   </div>
   <div class='ocr_carea' id='block_1_27' title="bbox 95 2546 1683 2619">
    <p class='ocr_par' dir='ltr' id='par_1_27' title="bbox 95 2546 1683 2619">
     <span class='ocr_line' id='line_1_27' title="bbox 95 2546 1683 2619; baseline -0.002 -16"><span class='ocrx_word' id='word_1_187' title='bbox 95 2551 190 2618; x_wconf 77' lang='grc' dir='ltr'>μὲν</span> <span class='ocrx_word' id='word_1_188' title='bbox 215 2549 420 2612; x_wconf 82' lang='grc' dir='ltr'>οὕτως.</span> <span class='ocrx_word' id='word_1_189' title='bbox 456 2550 516 2600; x_wconf 83' lang='lat' dir='ltr'><strong>Ei</strong></span> <span class='ocrx_word' id='word_1_190' title='bbox 541 2546 636 2602; x_wconf 80' lang='grc' dir='ltr'>οὖν</span> <span class='ocrx_word' id='word_1_191' title='bbox 665 2549 798 2601; x_wconf 79' lang='grc' dir='ltr'>διότι</span> <span class='ocrx_word' id='word_1_192' title='bbox 831 2549 1000 2617; x_wconf 79' lang='grc' dir='ltr'>ἄμφω</span> <span class='ocrx_word' id='word_1_193' title='bbox 1031 2548 1172 2619; x_wconf 87' lang='grc' dir='ltr'>μέρη</span> <span class='ocrx_word' id='word_1_194' title='bbox 1200 2547 1417 2615; x_wconf 90' lang='grc' dir='ltr'>λέγεται</span> <span class='ocrx_word' id='word_1_195' title='bbox 1448 2549 1522 2609; x_wconf 84' lang='grc' dir='ltr'>ὠς</span> <span class='ocrx_word' id='word_1_196' title='bbox 1548 2549 1683 2617; x_wconf 82' lang='grc' dir='ltr'>πρὸς</span> 
     </span>
    </p>
   </div>
   <div class='ocr_carea' id='block_1_28' title="bbox 90 2636 1680 2708">
    <p class='ocr_par' dir='ltr' id='par_1_28' title="bbox 90 2636 1680 2708">
     <span class='ocr_line' id='line_1_28' title="bbox 90 2636 1680 2708; baseline -0.002 -17"><span class='ocrx_word' id='word_1_197' title='bbox 90 2641 148 2692; x_wconf 77' lang='grc' dir='ltr'><strong>τὸ</strong></span> <span class='ocrx_word' id='word_1_198' title='bbox 180 2641 307 2694; x_wconf 84' lang='grc' dir='ltr'>ὅλον</span> <span class='ocrx_word' id='word_1_199' title='bbox 347 2640 523 2702; x_wconf 86' lang='grc' dir='ltr'>τέλος,</span> <span class='ocrx_word' id='word_1_200' title='bbox 561 2637 816 2691; x_wconf 81' lang='grc' dir='ltr'>τουτέστι</span> <span class='ocrx_word' id='word_1_201' title='bbox 863 2639 1120 2708; x_wconf 77' lang='grc' dir='ltr'>Χριστὸν,</span> <span class='ocrx_word' id='word_1_202' title='bbox 1155 2638 1243 2691; x_wconf 88' lang='grc' dir='ltr'><strong>διά</strong></span> <span class='ocrx_word' id='word_1_203' title='bbox 1279 2637 1398 2690; x_wconf 80' lang='grc' dir='ltr'>τόδε</span> <span class='ocrx_word' id='word_1_204' title='bbox 1426 2636 1590 2707; x_wconf 82' lang='grc' dir='ltr'>ἀτελῆ</span> <span class='ocrx_word' id='word_1_205' title='bbox 1622 2653 1680 2690; x_wconf 85' lang='grc' dir='ltr'><strong>τε</strong></span> 
     </span>
    </p>
   </div>
   <div class='ocr_carea' id='block_1_29' title="bbox 93 2728 1682 2799">
    <p class='ocr_par' dir='ltr' id='par_1_29' title="bbox 93 2728 1682 2799">
     <span class='ocr_line' id='line_1_29' title="bbox 93 2728 1682 2799; baseline -0.003 -15"><span class='ocrx_word' id='word_1_206' title='bbox 93 2731 276 2793; x_wconf 82' lang='grc' dir='ltr'>ἁπλῶς</span> <span class='ocrx_word' id='word_1_207' title='bbox 319 2731 412 2783; x_wconf 70' lang='grc' dir='ltr'>καὶ</span> <span class='ocrx_word' id='word_1_208' title='bbox 445 2733 664 2799; x_wconf 74' lang='grc' dir='ltr'>ἰσότιμα</span> <span class='ocrx_word' id='word_1_209' title='bbox 699 2730 839 2799; x_wconf 78' lang='grc' dir='ltr'>μέρη</span> <span class='ocrx_word' id='word_1_210' title='bbox 876 2729 1002 2782; x_wconf 82' lang='grc' dir='ltr'>τάδε</span> <span class='ocrx_word' id='word_1_211' title='bbox 1034 2728 1195 2797; x_wconf 74' lang='grc' dir='ltr'>φατὲ,</span> <span class='ocrx_word' id='word_1_212' title='bbox 1222 2729 1329 2796; x_wconf 80' lang='grc' dir='ltr'>ἄρα</span> <span class='ocrx_word' id='word_1_213' title='bbox 1351 2744 1414 2794; x_wconf 89' lang='grc' dir='ltr'><strong>γε</strong></span> <span class='ocrx_word' id='word_1_214' title='bbox 1443 2729 1566 2781; x_wconf 73' lang='grc' dir='ltr'><strong>ἐπεὶ</strong></span> <span class='ocrx_word' id='word_1_215' title='bbox 1587 2728 1682 2781; x_wconf 77' lang='grc' dir='ltr'>καὶ</span> 
     </span>
    </p>
   </div>
   <div class='ocr_carea' id='block_1_30' title="bbox 95 2818 1680 2892">
    <p class='ocr_par' dir='ltr' id='par_1_30' title="bbox 95 2818 1680 2892">
     <span class='ocr_line' id='line_1_30' title="bbox 95 2818 1680 2892; baseline -0.002 -18"><span class='ocrx_word' id='word_1_216' title='bbox 95 2821 228 2892; x_wconf 79' lang='grc' dir='ltr'>πρὸς</span> <span class='ocrx_word' id='word_1_217' title='bbox 263 2822 332 2874; x_wconf 83' lang='grc' dir='ltr'>τὸ</span> <span class='ocrx_word' id='word_1_218' title='bbox 365 2821 484 2873; x_wconf 84' lang='grc' dir='ltr'>δλον</span> <span class='ocrx_word' id='word_1_219' title='bbox 517 2821 671 2882; x_wconf 70' lang='grc' dir='ltr'>τέλος</span> <span class='ocrx_word' id='word_1_220' title='bbox 716 2818 812 2871; x_wconf 82' lang='grc' dir='ltr'>τοῦ</span> <span class='ocrx_word' id='word_1_221' title='bbox 851 2819 1078 2888; x_wconf 83' lang='grc' dir='ltr'>ὁπλίτην</span> <span class='ocrx_word' id='word_1_222' title='bbox 1136 2818 1328 2872; x_wconf 72' lang='grc' dir='ltr'>ἑαυτὸν</span> <span class='ocrx_word' id='word_1_223' title='bbox 1377 2819 1680 2889; x_wconf 80' lang='grc' dir='ltr'>ἐμφανίσαι</span> 
     </span>
    </p>
   </div>
   <div class='ocr_carea' id='block_1_31' title="bbox 92 2910 1677 2984">
    <p class='ocr_par' dir='ltr' id='par_1_31' title="bbox 92 2910 1677 2984">
     <span class='ocr_line' id='line_1_31' title="bbox 92 2910 1677 2984; baseline -0.003 -18"><span class='ocrx_word' id='word_1_224' title='bbox 92 2914 167 2984; x_wconf 81' lang='grc' dir='ltr'>τῷ</span> <span class='ocrx_word' id='word_1_225' title='bbox 196 2913 422 2984; x_wconf 86' lang='grc' dir='ltr'>στρατῷ</span> <span class='ocrx_word' id='word_1_226' title='bbox 450 2917 544 2964; x_wconf 76' lang='grc' dir='ltr'>τὸν</span> <span class='ocrx_word' id='word_1_227' title='bbox 576 2911 910 2981; x_wconf 77' lang='grc' dir='ltr'>στρατηγδν,</span> <span class='ocrx_word' id='word_1_228' title='bbox 940 2913 1106 2982; x_wconf 84' lang='grc' dir='ltr'>μέρος</span> <span class='ocrx_word' id='word_1_229' title='bbox 1130 2927 1188 2964; x_wconf 85' lang='grc' dir='ltr'><strong>τε</strong></span> <span class='ocrx_word' id='word_1_230' title='bbox 1217 2910 1382 2973; x_wconf 81' lang='grc' dir='ltr'>αὑτός</span> <span class='ocrx_word' id='word_1_231' title='bbox 1407 2911 1546 2974; x_wconf 75' lang='grc' dir='ltr'>ἐστι,</span> <span class='ocrx_word' id='word_1_232' title='bbox 1580 2910 1677 2964; x_wconf 74' lang='grc' dir='ltr'><strong>καὶ</strong></span> 
     </span>
    </p>
   </div>
   <div class='ocr_carea' id='block_1_32' title="bbox 92 3001 1682 3072">
    <p class='ocr_par' dir='ltr' id='par_1_32' title="bbox 92 3001 1682 3072">
     <span class='ocr_line' id='line_1_32' title="bbox 92 3001 1682 3072; baseline -0.003 -14"><span class='ocrx_word' id='word_1_233' title='bbox 92 3007 150 3058; x_wconf 77' lang='grc' dir='ltr'>τὸ</span> <span class='ocrx_word' id='word_1_234' title='bbox 176 3006 351 3058; x_wconf 81' lang='grc' dir='ltr'>ὅπλον</span> <span class='ocrx_word' id='word_1_235' title='bbox 379 3003 568 3067; x_wconf 79' lang='grc' dir='ltr'>αὑτοῦ,</span> <span class='ocrx_word' id='word_1_236' title='bbox 607 3003 808 3072; x_wconf 79' lang='grc' dir='ltr'>ὁμοῖως</span> <span class='ocrx_word' id='word_1_237' title='bbox 854 3001 1022 3069; x_wconf 80' lang='grc' dir='ltr'>ἀτελῆ</span> <span class='ocrx_word' id='word_1_238' title='bbox 1072 3003 1240 3072; x_wconf 79' lang='grc' dir='ltr'>ἄμφω</span> <span class='ocrx_word' id='word_1_239' title='bbox 1285 3003 1467 3055; x_wconf 79' lang='grc' dir='ltr'>ἐστίν’</span> <span class='ocrx_word' id='word_1_240' title='bbox 1515 3003 1609 3055; x_wconf 79' lang='grc' dir='ltr'><strong>καί</strong></span> <span class='ocrx_word' id='word_1_241' title='bbox 1654 3004 1682 3054; x_wconf 89' lang='grc' dir='ltr'>ὀ</span> 
     </span>
    </p>
   </div>
   <div class='ocr_carea' id='block_1_33' title="bbox 97 3091 1679 3168">
    <p class='ocr_par' dir='ltr' id='par_1_33' title="bbox 97 3091 1679 3168">
     <span class='ocr_line' id='line_1_33' title="bbox 97 3091 1679 3168; baseline -0.003 -18"><span class='ocrx_word' id='word_1_242' title='bbox 97 3097 194 3167; x_wconf 73' lang='grc' dir='ltr'>μὲν</span> <span class='ocrx_word' id='word_1_243' title='bbox 227 3098 343 3152; x_wconf 77' lang='grc' dir='ltr'>οὐδ’</span> <span class='ocrx_word' id='word_1_244' title='bbox 375 3101 453 3160; x_wconf 83' lang='grc' dir='ltr'><strong>εἰς</strong></span> <span class='ocrx_word' id='word_1_245' title='bbox 482 3096 824 3168; x_wconf 81' lang='grc' dir='ltr'>ἀνθρώπους,</span> <span class='ocrx_word' id='word_1_246' title='bbox 859 3095 919 3146; x_wconf 83' lang='grc' dir='ltr'>τὸ</span> <span class='ocrx_word' id='word_1_247' title='bbox 964 3094 1019 3147; x_wconf 80' lang='grc' dir='ltr'>δὲ</span> <span class='ocrx_word' id='word_1_248' title='bbox 1055 3097 1134 3157; x_wconf 87' lang='grc' dir='ltr'><strong>είς</strong></span> <span class='ocrx_word' id='word_1_249' title='bbox 1168 3096 1228 3147; x_wconf 79' lang='grc' dir='ltr'>τὸ</span> <span class='ocrx_word' id='word_1_250' title='bbox 1262 3095 1426 3147; x_wconf 81' lang='grc' dir='ltr'>ὅπλον</span> <span class='ocrx_word' id='word_1_251' title='bbox 1453 3091 1594 3147; x_wconf 78' lang='grc' dir='ltr'>εἶναι</span> <span class='ocrx_word' id='word_1_252' title='bbox 1617 3095 1679 3146; x_wconf 79' lang='grc' dir='ltr'>οὐ</span> 
     </span>
    </p>
   </div>
   <div class='ocr_carea' id='block_1_34' title="bbox 94 3187 1681 3260">
    <p class='ocr_par' dir='ltr' id='par_1_34' title="bbox 94 3187 1681 3260">
     <span class='ocr_line' id='line_1_34' title="bbox 94 3187 1681 3260; baseline -0.001 -20"><span class='ocrx_word' id='word_1_253' title='bbox 94 3189 508 3260; x_wconf 73' lang='grc' dir='ltr'>λογισθήσεται·</span> <span class='ocrx_word' id='word_1_254' title='bbox 548 3191 610 3242; x_wconf 74' lang='grc' dir='ltr'>οὗ</span> <span class='ocrx_word' id='word_1_255' title='bbox 641 3188 904 3242; x_wconf 84' lang='grc' dir='ltr'>διοίσουσί</span> <span class='ocrx_word' id='word_1_256' title='bbox 945 3205 1005 3241; x_wconf 87' lang='grc' dir='ltr'>τε</span> <span class='ocrx_word' id='word_1_257' title='bbox 1044 3187 1314 3256; x_wconf 78' lang='grc' dir='ltr'>ἀλλήλων,</span> <span class='ocrx_word' id='word_1_258' title='bbox 1361 3189 1486 3238; x_wconf 72' lang='grc' dir='ltr'>ἐπεὶ</span> <span class='ocrx_word' id='word_1_259' title='bbox 1518 3187 1681 3257; x_wconf 83' lang='grc' dir='ltr'>μέρος</span> 
     </span>
    </p>
   </div>
   <div class='ocr_carea' id='block_1_35' title="bbox 97 3279 1686 3352">
    <p class='ocr_par' dir='ltr' id='par_1_35' title="bbox 97 3279 1686 3352">
     <span class='ocr_line' id='line_1_35' title="bbox 97 3279 1686 3352; baseline -0.003 -17"><span class='ocrx_word' id='word_1_260' title='bbox 97 3287 297 3352; x_wconf 76' lang='grc' dir='ltr'>μέρους</span> <span class='ocrx_word' id='word_1_261' title='bbox 352 3282 501 3335; x_wconf 78' lang='grc' dir='ltr'>οὐδὲν</span> <span class='ocrx_word' id='word_1_262' title='bbox 575 3282 828 3352; x_wconf 77' lang='grc' dir='ltr'>διαφέρει</span> <span class='ocrx_word' id='word_1_263' title='bbox 878 3279 1094 3350; x_wconf 83' lang='grc' dir='ltr'>ἀληθῶς</span> <span class='ocrx_word' id='word_1_264' title='bbox 1143 3279 1278 3332; x_wconf 66' lang='grc' dir='ltr'>καθὸ</span> <span class='ocrx_word' id='word_1_265' title='bbox 1340 3280 1537 3350; x_wconf 77' lang='grc' dir='ltr'>μέροςο</span> <span class='ocrx_word' id='word_1_266' title='bbox 1593 3284 1686 3332; x_wconf 79' lang='grc' dir='ltr'>καὶ</span> 
     </span>
    </p>
   </div>
   <div class='ocr_carea' id='block_1_36' title="bbox 96 3372 1688 3444">
    <p class='ocr_par' dir='ltr' id='par_1_36' title="bbox 96 3372 1688 3444">
     <span class='ocr_line' id='line_1_36' title="bbox 96 3372 1688 3444; baseline -0.004 -14"><span class='ocrx_word' id='word_1_267' title='bbox 96 3377 283 3440; x_wconf 76' lang='grc' dir='ltr'>ἁπλῶς</span> <span class='ocrx_word' id='word_1_268' title='bbox 326 3376 547 3444; x_wconf 81' lang='grc' dir='ltr'>ἰσότιμα</span> <span class='ocrx_word' id='word_1_269' title='bbox 585 3374 740 3427; x_wconf 72' lang='grc' dir='ltr'>ἔσται</span> <span class='ocrx_word' id='word_1_270' title='bbox 771 3374 892 3426; x_wconf 84' lang='grc' dir='ltr'>καθ’</span> <span class='ocrx_word' id='word_1_271' title='bbox 929 3374 1072 3442; x_wconf 82' lang='grc' dir='ltr'>ὑμᾶς</span> <span class='ocrx_word' id='word_1_272' title='bbox 1105 3374 1200 3426; x_wconf 67' lang='grc' dir='ltr'><strong>καί¹</strong></span> <span class='ocrx_word' id='word_1_273' title='bbox 1237 3373 1388 3434; x_wconf 78' lang='grc' dir='ltr'>τάδε.</span> <span class='ocrx_word' id='word_1_274' title='bbox 1431 3372 1688 3442; x_wconf 76' lang='grc' dir='ltr'>ἀγχινού-</span> 
     </span>
    </p>
   </div>
   <div class='ocr_carea' id='block_1_37' title="bbox 97 3446 1688 3536">
    <p class='ocr_par' dir='ltr' id='par_1_37' title="bbox 97 3446 1688 3536">
     <span class='ocr_line' id='line_1_37' title="bbox 97 3446 1688 3536; baseline -0.004 -16"><span class='ocrx_word' id='word_1_275' title='bbox 97 3484 305 3521; x_wconf 88' lang='grc' dir='ltr'>στατοι.</span> <span class='ocrx_word' id='word_1_276' title='bbox 341 3465 478 3518; x_wconf 80' lang='grc' dir='ltr'>Ἀλλ’</span> <span class='ocrx_word' id='word_1_277' title='bbox 502 3466 608 3518; x_wconf 67' lang='grc' dir='ltr'>ὑπο</span> <span class='ocrx_word' id='word_1_278' title='bbox 642 3446 943 3527; x_wconf 78' lang='grc' dir='ltr'>συνειδότος</span> <span class='ocrx_word' id='word_1_279' title='bbox 973 3465 1291 3536; x_wconf 79' lang='grc' dir='ltr'>βαλλόμενοι</span> <span class='ocrx_word' id='word_1_280' title='bbox 1307 3464 1382 3534; x_wconf 80' lang='grc' dir='ltr'>μὴ</span> <span class='ocrx_word' id='word_1_281' title='bbox 1403 3461 1688 3533; x_wconf 63' lang='grc' dir='ltr'>ἀποχρῶν.</span> 
     </span>
    </p>
   </div>
   <div class='ocr_carea' id='block_1_38' title="bbox 94 3555 1688 3627">
    <p class='ocr_par' dir='ltr' id='par_1_38' title="bbox 94 3555 1688 3627">
     <span class='ocr_line' id='line_1_38' title="bbox 94 3555 1688 3627; baseline -0.002 -16"><span class='ocrx_word' id='word_1_282' title='bbox 94 3576 199 3621; x_wconf 82' lang='grc' dir='ltr'><strong>τως</strong></span> <span class='ocrx_word' id='word_1_283' title='bbox 231 3558 385 3627; x_wconf 74' lang='grc' dir='ltr'>ἔχειν</span> <span class='ocrx_word' id='word_1_284' title='bbox 427 3560 508 3621; x_wconf 86' lang='grc' dir='ltr'><strong>είς</strong></span> <span class='ocrx_word' id='word_1_285' title='bbox 539 3556 842 3624; x_wconf 85' lang='grc' dir='ltr'>ἀπολογίαν</span> <span class='ocrx_word' id='word_1_286' title='bbox 879 3557 980 3626; x_wconf 83' lang='grc' dir='ltr'>τῆς</span> <span class='ocrx_word' id='word_1_287' title='bbox 1014 3557 1222 3610; x_wconf 77' lang='grc' dir='ltr'>ἑαυτῶν</span> <span class='ocrx_word' id='word_1_288' title='bbox 1264 3555 1688 3624; x_wconf 79' lang='grc' dir='ltr'>δεισιδαιμονίας</span> 
     </span>
    </p>
   </div>
   <div class='ocr_carea' id='block_1_39' title="bbox 96 3648 1687 3720">
    <p class='ocr_par' dir='ltr' id='par_1_39' title="bbox 96 3648 1687 3720">
     <span class='ocr_line' id='line_1_39' title="bbox 96 3648 1687 3720; baseline -0.001 -19"><span class='ocrx_word' id='word_1_289' title='bbox 96 3653 192 3713; x_wconf 84' lang='grc' dir='ltr'>τὰς</span> <span class='ocrx_word' id='word_1_290' title='bbox 263 3649 568 3720; x_wconf 74' lang='grc' dir='ltr'>εἰρημένας</span> <span class='ocrx_word' id='word_1_291' title='bbox 624 3650 816 3709; x_wconf 77' lang='grc' dir='ltr'>αὐτοῖς</span> <span class='ocrx_word' id='word_1_292' title='bbox 865 3648 1223 3714; x_wconf 89' lang='grc' dir='ltr'>αἰτιολογίας,</span> <span class='ocrx_word' id='word_1_293' title='bbox 1283 3649 1478 3718; x_wconf 81' lang='grc' dir='ltr'>ἑτέρας</span> <span class='ocrx_word' id='word_1_294' title='bbox 1523 3648 1687 3701; x_wconf 76' lang='grc' dir='ltr'>πάλιν</span> 
     </span>
    </p>
   </div>
   <div class='ocr_carea' id='block_1_40' title="bbox 97 3739 1686 3812">
    <p class='ocr_par' dir='ltr' id='par_1_40' title="bbox 97 3739 1686 3812">
     <span class='ocr_line' id='line_1_40' title="bbox 97 3739 1686 3812; baseline -0.001 -19"><span class='ocrx_word' id='word_1_295' title='bbox 97 3740 358 3812; x_wconf 82' lang='grc' dir='ltr'>ἀφορμὰς</span> <span class='ocrx_word' id='word_1_296' title='bbox 417 3739 883 3810; x_wconf 79' lang='grc' dir='ltr'>μεταποιοῦνται,</span> <span class='ocrx_word' id='word_1_297' title='bbox 943 3739 1021 3803; x_wconf 84' lang='grc' dir='ltr'><strong>ὡς</strong></span> <span class='ocrx_word' id='word_1_298' title='bbox 1077 3741 1392 3808; x_wconf 79' lang='grc' dir='ltr'>ἀναγκαίως</span> <span class='ocrx_word' id='word_1_299' title='bbox 1427 3740 1686 3793; x_wconf 78' lang='grc' dir='ltr'>ἀσεϐοῦσι</span> 
     </span>
    </p>
   </div>
   <div class='ocr_carea' id='block_1_41' title="bbox 97 3830 1480 3903">
    <p class='ocr_par' dir='ltr' id='par_1_41' title="bbox 97 3830 1480 3903">
     <span class='ocr_line' id='line_1_41' title="bbox 97 3830 1480 3903; baseline -0.001 -18"><span class='ocrx_word' id='word_1_300' title='bbox 97 3831 314 3888; x_wconf 71' lang='grc' dir='ltr'>πείθειν</span> <span class='ocrx_word' id='word_1_301' title='bbox 352 3833 840 3903; x_wconf 64' lang='grc' dir='ltr'>ἀποπειρώμενον</span> <span class='ocrx_word' id='word_1_302' title='bbox 879 3831 1015 3899; x_wconf 72' lang='grc' dir='ltr'>φασὶ</span> <span class='ocrx_word' id='word_1_303' title='bbox 1047 3830 1176 3900; x_wconf 81' lang='grc' dir='ltr'>γοῦν</span> <span class='ocrx_word' id='word_1_304' title='bbox 1203 3833 1300 3884; x_wconf 78' lang='grc' dir='ltr'>καὶ</span> <span class='ocrx_word' id='word_1_305' title='bbox 1334 3830 1480 3884; x_wconf 83' lang='grc' dir='ltr'>τάδε·</span> 
     </span>
    </p>
   </div>
   <div class='ocr_carea' id='block_1_42' title="bbox 700 3942 1079 3996">
    <p class='ocr_par' dir='ltr' id='par_1_42' title="bbox 700 3942 1079 3996">
     <span class='ocr_line' id='line_1_42' title="bbox 700 3942 1079 3996; baseline -0.005 0"><span class='ocrx_word' id='word_1_306' title='bbox 700 3942 959 3996; x_wconf 76' lang='grc' dir='ltr'><strong>ΚΕΦΛΛ.</strong></span> <span class='ocrx_word' id='word_1_307' title='bbox 1005 3942 1079 3994; x_wconf 87' lang='lat' dir='ltr'><strong>B&#39;.</strong></span> 
     </span>
    </p>
   </div>
   <div class='ocr_carea' id='block_1_43' title="bbox 173 4051 1681 4128">
    <p class='ocr_par' dir='ltr' id='par_1_43' title="bbox 173 4051 1681 4128">
     <span class='ocr_line' id='line_1_43' title="bbox 173 4051 1681 4128; baseline -0.005 -19"><span class='ocrx_word' id='word_1_308' title='bbox 173 4053 236 4109; x_wconf 88' lang='lat'><strong>&#39;0</strong></span> <span class='ocrx_word' id='word_1_309' title='bbox 267 4055 479 4128; x_wconf 84' lang='grc' dir='ltr'>κυρίως</span> <span class='ocrx_word' id='word_1_310' title='bbox 510 4054 644 4117; x_wconf 73' lang='grc' dir='ltr'>υὶὺς,</span> <span class='ocrx_word' id='word_1_311' title='bbox 680 4053 804 4116; x_wconf 82' lang='grc' dir='ltr'>ὅλος</span> <span class='ocrx_word' id='word_1_312' title='bbox 838 4052 958 4104; x_wconf 70' lang='grc' dir='ltr'>ἐστὶ</span> <span class='ocrx_word' id='word_1_313' title='bbox 992 4051 1086 4105; x_wconf 76' lang='grc' dir='ltr'>τοῦ</span> <span class='ocrx_word' id='word_1_314' title='bbox 1125 4053 1493 4120; x_wconf 77' lang='grc' dir='ltr'>γεννήσαντος</span> <span class='ocrx_word' id='word_1_315' title='bbox 1527 4051 1640 4114; x_wconf 68' lang='lat' dir='ltr'><strong>uiri;</strong></span> <span class='ocrx_word' id='word_1_316' title='bbox 1667 4067 1681 4082; x_wconf 79' lang='grc' dir='ltr'><strong>ο</strong></span> 
     </span>
    </p>
   </div>
   <div class='ocr_carea' id='block_1_44' title="bbox 96 4142 1683 4217">
    <p class='ocr_par' dir='ltr' id='par_1_44' title="bbox 96 4142 1683 4217">
     <span class='ocr_line' id='line_1_44' title="bbox 96 4142 1683 4217; baseline -0.001 -19"><span class='ocrx_word' id='word_1_317' title='bbox 96 4147 249 4200; x_wconf 64' lang='grc' dir='ltr'>οὐδὲν</span> <span class='ocrx_word' id='word_1_318' title='bbox 297 4147 407 4216; x_wconf 74' lang='grc' dir='ltr'>γὰρ</span> <span class='ocrx_word' id='word_1_319' title='bbox 458 4149 523 4200; x_wconf 75' lang='grc' dir='ltr'>ἐκ</span> <span class='ocrx_word' id='word_1_320' title='bbox 587 4146 788 4217; x_wconf 78' lang='grc' dir='ltr'>μέρους</span> <span class='ocrx_word' id='word_1_321' title='bbox 841 4144 904 4198; x_wconf 86' lang='grc' dir='ltr'><strong>δν</strong></span> <span class='ocrx_word' id='word_1_322' title='bbox 961 4143 1026 4198; x_wconf 76' lang='grc' dir='ltr'>εκ</span> <span class='ocrx_word' id='word_1_323' title='bbox 1080 4142 1244 4209; x_wconf 79' lang='grc' dir='ltr'>τινος,</span> <span class='ocrx_word' id='word_1_324' title='bbox 1278 4144 1497 4212; x_wconf 85' lang='grc' dir='ltr'>λέγεται</span> <span class='ocrx_word' id='word_1_325' title='bbox 1528 4145 1683 4198; x_wconf 80' lang='grc' dir='ltr'>τοῦδε</span> 
     </span>
    </p>
   </div>
   <div class='ocr_carea' id='block_1_45' title="bbox 99 4233 1686 4307">
    <p class='ocr_par' dir='ltr' id='par_1_45' title="bbox 99 4233 1686 4307">
     <span class='ocr_line' id='line_1_45' title="bbox 99 4233 1686 4307; baseline -0.001 -20"><span class='ocrx_word' id='word_1_326' title='bbox 99 4237 236 4300; x_wconf 85' lang='grc' dir='ltr'>υῑός·</span> <span class='ocrx_word' id='word_1_327' title='bbox 276 4237 396 4290; x_wconf 85' lang='grc' dir='ltr'>ἀλλ’</span> <span class='ocrx_word' id='word_1_328' title='bbox 434 4236 558 4290; x_wconf 75' lang='grc' dir='ltr'>οὐδὲ</span> <span class='ocrx_word' id='word_1_329' title='bbox 603 4237 785 4307; x_wconf 78' lang='grc' dir='ltr'>πατήρ</span> <span class='ocrx_word' id='word_1_330' title='bbox 827 4237 976 4288; x_wconf 76' lang='grc' dir='ltr'>ἐστιν</span> <span class='ocrx_word' id='word_1_331' title='bbox 1021 4236 1050 4287; x_wconf 88' lang='grc' dir='ltr'>ὁ</span> <span class='ocrx_word' id='word_1_332' title='bbox 1093 4233 1296 4304; x_wconf 81' lang='grc' dir='ltr'>μέρους</span> <span class='ocrx_word' id='word_1_333' title='bbox 1344 4234 1536 4294; x_wconf 77' lang='grc' dir='ltr'>αἴτιος,</span> <span class='ocrx_word' id='word_1_334' title='bbox 1593 4233 1686 4286; x_wconf 72' lang='grc' dir='ltr'><strong>καὶ</strong></span> 
     </span>
    </p>
   </div>
   <div class='ocr_carea' id='block_1_46' title="bbox 95 4324 1687 4398">
    <p class='ocr_par' dir='ltr' id='par_1_46' title="bbox 95 4324 1687 4398">
     <span class='ocr_line' id='line_1_46' title="bbox 95 4324 1687 4398; baseline -0.003 -18"><span class='ocrx_word' id='word_1_335' title='bbox 95 4328 156 4381; x_wconf 78' lang='grc' dir='ltr'>οὐ</span> <span class='ocrx_word' id='word_1_336' title='bbox 183 4327 280 4382; x_wconf 81' lang='grc' dir='ltr'><strong>τοῦ</strong></span> <span class='ocrx_word' id='word_1_337' title='bbox 315 4327 465 4381; x_wconf 82' lang='grc' dir='ltr'>ὅλου·</span> <span class='ocrx_word' id='word_1_338' title='bbox 505 4327 695 4398; x_wconf 84' lang='grc' dir='ltr'>ἀμέλει</span> <span class='ocrx_word' id='word_1_339' title='bbox 733 4327 859 4380; x_wconf 82' lang='grc' dir='ltr'>ὅλου</span> <span class='ocrx_word' id='word_1_340' title='bbox 888 4325 986 4386; x_wconf 55' lang='grc' dir='ltr'>τοῦ,</span> <span class='ocrx_word' id='word_1_341' title='bbox 1021 4327 1086 4378; x_wconf 85' lang='grc' dir='ltr'>ὲκ</span> <span class='ocrx_word' id='word_1_342' title='bbox 1118 4324 1299 4394; x_wconf 76' lang='grc' dir='ltr'>ψυχῆς</span> <span class='ocrx_word' id='word_1_343' title='bbox 1325 4325 1552 4396; x_wconf 79' lang='grc' dir='ltr'>λογικῆς</span> <span class='ocrx_word' id='word_1_344' title='bbox 1591 4325 1687 4378; x_wconf 70' lang='grc' dir='ltr'>καὶ</span> 
     </span>
    </p>
   </div>
   <div class='ocr_carea' id='block_1_47' title="bbox 101 4414 1684 4490">
    <p class='ocr_par' dir='ltr' id='par_1_47' title="bbox 101 4414 1684 4490">
     <span class='ocr_line' id='line_1_47' title="bbox 101 4414 1684 4490; baseline -0.004 -17"><span class='ocrx_word' id='word_1_345' title='bbox 101 4419 354 4490; x_wconf 83' lang='grc' dir='ltr'>σώματος</span> <span class='ocrx_word' id='word_1_346' title='bbox 384 4418 524 4484; x_wconf 80' lang='grc' dir='ltr'>ζὼου</span> <span class='ocrx_word' id='word_1_347' title='bbox 565 4417 865 4488; x_wconf 84' lang='grc' dir='ltr'>λεγομένου</span> <span class='ocrx_word' id='word_1_348' title='bbox 901 4416 1022 4470; x_wconf 82' lang='grc' dir='ltr'>υἰοῦ</span> <span class='ocrx_word' id='word_1_349' title='bbox 1057 4415 1349 4486; x_wconf 85' lang='grc' dir='ltr'>ἀνθρώπου</span> <span class='ocrx_word' id='word_1_350' title='bbox 1373 4431 1386 4446; x_wconf 92' lang='grc'><strong>·</strong></span> <span class='ocrx_word' id='word_1_351' title='bbox 1422 4416 1470 4489; x_wconf 86' lang='grc' dir='ltr'><strong>εἰ</strong></span> <span class='ocrx_word' id='word_1_352' title='bbox 1504 4414 1684 4486; x_wconf 76' lang='grc' dir='ltr'>συμϐῇ</span> 
     </span>
    </p>
   </div>
   <div class='ocr_carea' id='block_1_48' title="bbox 98 4505 1687 4580">
    <p class='ocr_par' dir='ltr' id='par_1_48' title="bbox 98 4505 1687 4580">
     <span class='ocr_line' id='line_1_48' title="bbox 98 4505 1687 4580; baseline -0.003 -19"><span class='ocrx_word' id='word_1_353' title='bbox 98 4511 288 4564; x_wconf 77' lang='grc' dir='ltr'>τούτου</span> <span class='ocrx_word' id='word_1_354' title='bbox 323 4511 382 4562; x_wconf 74' lang='grc' dir='ltr'>τὸ</span> <span class='ocrx_word' id='word_1_355' title='bbox 412 4511 471 4562; x_wconf 82' lang='grc' dir='ltr'>ἓν</span> <span class='ocrx_word' id='word_1_356' title='bbox 505 4509 671 4580; x_wconf 81' lang='grc' dir='ltr'>μέρος</span> <span class='ocrx_word' id='word_1_357' title='bbox 703 4510 873 4580; x_wconf 73' lang='grc' dir='ltr'>χωρὶς</span> <span class='ocrx_word' id='word_1_358' title='bbox 904 4508 1135 4578; x_wconf 83' lang='grc' dir='ltr'>θατέρου</span> <span class='ocrx_word' id='word_1_359' title='bbox 1164 4507 1265 4576; x_wconf 78' lang='grc' dir='ltr'>τῆς</span> <span class='ocrx_word' id='word_1_360' title='bbox 1300 4508 1510 4578; x_wconf 77' lang='grc' dir='ltr'>μήτρας</span> <span class='ocrx_word' id='word_1_361' title='bbox 1535 4505 1687 4570; x_wconf 81' lang='grc' dir='ltr'>ἐξελ-</span> 
     </span>
    </p>
   </div>
   <div class='ocr_carea' id='block_1_49' title="bbox 100 4580 1757 4672">
    <p class='ocr_par' dir='ltr' id='par_1_49' title="bbox 100 4580 1757 4672">
     <span class='ocr_line' id='line_1_49' title="bbox 100 4580 1757 4672; baseline -0.003 -20"><span class='ocrx_word' id='word_1_362' title='bbox 100 4601 230 4662; x_wconf 75' lang='grc' dir='ltr'>θεῖν.</span> <span class='ocrx_word' id='word_1_363' title='bbox 265 4601 604 4672; x_wconf 78' lang='grc' dir='ltr'>ὲξάμὸλωμα</span> <span class='ocrx_word' id='word_1_364' title='bbox 632 4601 728 4653; x_wconf 77' lang='grc' dir='ltr'>καὶ</span> <span class='ocrx_word' id='word_1_365' title='bbox 754 4601 852 4669; x_wconf 77' lang='grc' dir='ltr'><strong>οὐχ</strong></span> <span class='ocrx_word' id='word_1_366' title='bbox 877 4599 992 4652; x_wconf 82' lang='grc' dir='ltr'>υἱὸν</span> <span class='ocrx_word' id='word_1_367' title='bbox 1023 4598 1144 4661; x_wconf 72' lang='grc' dir='ltr'>ἔθος</span> <span class='ocrx_word' id='word_1_368' title='bbox 1183 4599 1317 4668; x_wconf 83' lang='grc' dir='ltr'>ἡμῖν</span> <span class='ocrx_word' id='word_1_369' title='bbox 1362 4596 1674 4666; x_wconf 74' lang='grc' dir='ltr'>ὀνομάζειν,</span> <span class='ocrx_word' id='word_1_370' title='bbox 1703 4580 1757 4639; x_wconf 84' lang='grc' dir='ltr'>Ῑ)</span> 
     </span>
    </p>
   </div>
   <div class='ocr_carea' id='block_1_50' title="bbox 99 4687 1682 4761">
    <p class='ocr_par' dir='ltr' id='par_1_50' title="bbox 99 4687 1682 4761">
     <span class='ocr_line' id='line_1_50' title="bbox 99 4687 1682 4761; baseline -0.001 -20"><span class='ocrx_word' id='word_1_371' title='bbox 99 4689 366 4761; x_wconf 77' lang='grc' dir='ltr'>ἔκτρωσίν</span> <span class='ocrx_word' id='word_1_372' title='bbox 409 4709 468 4744; x_wconf 89' lang='grc' dir='ltr'>τε</span> <span class='ocrx_word' id='word_1_373' title='bbox 507 4691 598 4744; x_wconf 73' lang='grc' dir='ltr'>καὶ</span> <span class='ocrx_word' id='word_1_374' title='bbox 641 4693 704 4744; x_wconf 82' lang='grc' dir='ltr'>οὐ</span> <span class='ocrx_word' id='word_1_375' title='bbox 743 4690 995 4760; x_wconf 84' lang='grc' dir='ltr'>γέννησιν</span> <span class='ocrx_word' id='word_1_376' title='bbox 1026 4689 1119 4741; x_wconf 72' lang='grc' dir='ltr'><strong>ἐπὶ</strong></span> <span class='ocrx_word' id='word_1_377' title='bbox 1171 4689 1265 4741; x_wconf 83' lang='grc' dir='ltr'>τοῦ</span> <span class='ocrx_word' id='word_1_378' title='bbox 1308 4687 1579 4742; x_wconf 82' lang='grc' dir='ltr'>τοιούτου.</span> <span class='ocrx_word' id='word_1_379' title='bbox 1618 4687 1682 4740; x_wconf 86' lang='grc' dir='ltr'>Εἰ</span> 
     </span>
    </p>
   </div>
   <div class='ocr_carea' id='block_1_51' title="bbox 98 4777 1684 4852">
    <p class='ocr_par' dir='ltr' id='par_1_51' title="bbox 98 4777 1684 4852">
     <span class='ocr_line' id='line_1_51' title="bbox 98 4777 1684 4852; baseline -0.003 -18"><span class='ocrx_word' id='word_1_380' title='bbox 98 4777 188 4835; x_wconf 76' lang='grc' dir='ltr'>οὖν</span> <span class='ocrx_word' id='word_1_381' title='bbox 216 4785 281 4836; x_wconf 80' lang='grc' dir='ltr'>ὲκ</span> <span class='ocrx_word' id='word_1_382' title='bbox 312 4782 508 4852; x_wconf 85' lang='grc' dir='ltr'>μέρους</span> <span class='ocrx_word' id='word_1_383' title='bbox 534 4781 648 4834; x_wconf 71' lang='grc' dir='ltr'>υἰδν</span> <span class='ocrx_word' id='word_1_384' title='bbox 686 4781 978 4851; x_wconf 82' lang='grc' dir='ltr'>ἀνθρώπου</span> <span class='ocrx_word' id='word_1_385' title='bbox 1006 4779 1143 4849; x_wconf 85' lang='grc' dir='ltr'>φατὲ</span> <span class='ocrx_word' id='word_1_386' title='bbox 1182 4779 1274 4831; x_wconf 85' lang='grc' dir='ltr'>τὸν</span> <span class='ocrx_word' id='word_1_387' title='bbox 1297 4780 1552 4847; x_wconf 79' lang='grc' dir='ltr'>Χριστὸν,</span> <span class='ocrx_word' id='word_1_388' title='bbox 1586 4779 1684 4847; x_wconf 79' lang='grc' dir='ltr'><strong>δῆ-</strong></span> 
     </span>
    </p>
   </div>
   <div class='ocr_carea' id='block_1_52' title="bbox 97 4869 1682 4941">
    <p class='ocr_par' dir='ltr' id='par_1_52' title="bbox 97 4869 1682 4941">
     <span class='ocr_line' id='line_1_52' title="bbox 97 4869 1682 4941; baseline -0.001 -18"><span class='ocrx_word' id='word_1_389' title='bbox 97 4872 184 4926; x_wconf 88' lang='grc' dir='ltr'><strong>λον</strong></span> <span class='ocrx_word' id='word_1_390' title='bbox 218 4875 295 4936; x_wconf 85' lang='grc' dir='ltr'>ὠς</span> <span class='ocrx_word' id='word_1_391' title='bbox 339 4873 460 4927; x_wconf 69' lang='grc' dir='ltr'>οὐδὲ</span> <span class='ocrx_word' id='word_1_392' title='bbox 508 4873 720 4941; x_wconf 76' lang='grc' dir='ltr'>πατρὸς</span> <span class='ocrx_word' id='word_1_393' title='bbox 756 4871 961 4940; x_wconf 86' lang='grc' dir='ltr'>κυρίως</span> <span class='ocrx_word' id='word_1_394' title='bbox 1002 4870 1126 4923; x_wconf 74' lang='grc' dir='ltr'>οὐδὲ</span> <span class='ocrx_word' id='word_1_395' title='bbox 1164 4869 1264 4938; x_wconf 78' lang='grc' dir='ltr'>τῆς</span> <span class='ocrx_word' id='word_1_396' title='bbox 1316 4869 1522 4940; x_wconf 84' lang='grc' dir='ltr'>μητρός</span> <span class='ocrx_word' id='word_1_397' title='bbox 1556 4885 1571 4899; x_wconf 86' lang='grc'><em>’</em></span> <span class='ocrx_word' id='word_1_398' title='bbox 1598 4869 1682 4921; x_wconf 82' lang='grc' dir='ltr'>τί·</span> 
     </span>
    </p>
   </div>
   <div class='ocr_carea' id='block_1_53' title="bbox 99 4952 1682 5032">
    <p class='ocr_par' dir='ltr' id='par_1_53' title="bbox 99 4952 1682 5032">
     <span class='ocr_line' id='line_1_53' title="bbox 99 4952 1682 5032; baseline -0.001 -18"><span class='ocrx_word' id='word_1_399' title='bbox 99 4981 184 5026; x_wconf 85' lang='grc' dir='ltr'><strong>νος</strong></span> <span class='ocrx_word' id='word_1_400' title='bbox 216 4961 314 5018; x_wconf 74' lang='grc' dir='ltr'>οὖν</span> <span class='ocrx_word' id='word_1_401' title='bbox 360 4966 476 5016; x_wconf 80' lang='grc' dir='ltr'>ἐστι</span> <span class='ocrx_word' id='word_1_402' title='bbox 534 4963 698 5032; x_wconf 64' lang='grc' dir='ltr'>φύσει</span> <span class='ocrx_word' id='word_1_403' title='bbox 749 4962 885 5026; x_wconf 73' lang='grc' dir='ltr'>υἱὸς,</span> <span class='ocrx_word' id='word_1_404' title='bbox 934 4961 1125 5027; x_wconf 85' lang='grc' dir='ltr'>λέγετε</span> <span class='ocrx_word' id='word_1_405' title='bbox 1165 4963 1319 5030; x_wconf 75' lang='grc' dir='ltr'>ἡμῖν.</span> <span class='ocrx_word' id='word_1_406' title='bbox 1362 4959 1428 5011; x_wconf 87' lang='grc' dir='ltr'>Τί</span> <span class='ocrx_word' id='word_1_407' title='bbox 1487 4954 1600 5020; x_wconf 72' lang='grc' dir='ltr'>οὖν,</span> <span class='ocrx_word' id='word_1_408' title='bbox 1635 4952 1682 5012; x_wconf 77' lang='grc' dir='ltr'>ὦ</span> 
     </span>
    </p>
   </div>
   <div class='ocr_carea' id='block_1_54' title="bbox 97 5049 1681 5126">
    <p class='ocr_par' dir='ltr' id='par_1_54' title="bbox 97 5049 1681 5126">
     <span class='ocr_line' id='line_1_54' title="bbox 97 5049 1681 5126; baseline -0.004 -18"><span class='ocrx_word' id='word_1_409' title='bbox 97 5049 262 5120; x_wconf 70' lang='grc' dir='ltr'>οὗτοι,</span> <span class='ocrx_word' id='word_1_410' title='bbox 295 5055 553 5126; x_wconf 76' lang='grc' dir='ltr'>ψεύδεται</span> <span class='ocrx_word' id='word_1_411' title='bbox 603 5057 753 5109; x_wconf 83' lang='grc' dir='ltr'>πᾶσα</span> <span class='ocrx_word' id='word_1_412' title='bbox 803 5058 835 5126; x_wconf 80' lang='grc' dir='ltr'><strong>ὴ</strong></span> <span class='ocrx_word' id='word_1_413' title='bbox 879 5055 1012 5120; x_wconf 82' lang='grc' dir='ltr'>ἁγία</span> <span class='ocrx_word' id='word_1_414' title='bbox 1056 5054 1270 5125; x_wconf 79' lang='grc' dir='ltr'>Γραφὴ,</span> <span class='ocrx_word' id='word_1_415' title='bbox 1306 5052 1384 5119; x_wconf 82' lang='grc' dir='ltr'>πῆ</span> <span class='ocrx_word' id='word_1_416' title='bbox 1424 5052 1530 5122; x_wconf 79' lang='grc' dir='ltr'>μὲν</span> <span class='ocrx_word' id='word_1_417' title='bbox 1553 5050 1681 5103; x_wconf 84' lang='grc' dir='ltr'>Υἰὸν</span> 
     </span>
    </p>
   </div>
   <div class='ocr_carea' id='block_1_55' title="bbox 97 5141 1682 5217">
    <p class='ocr_par' dir='ltr' id='par_1_55' title="bbox 97 5141 1682 5217">
     <span class='ocr_line' id='line_1_55' title="bbox 97 5141 1682 5217; baseline -0.003 -19"><span class='ocrx_word' id='word_1_418' title='bbox 97 5146 270 5210; x_wconf 76' lang='grc' dir='ltr'>θεοῦ,</span> <span class='ocrx_word' id='word_1_419' title='bbox 309 5149 384 5215; x_wconf 72' lang='grc' dir='ltr'>πῆ</span> <span class='ocrx_word' id='word_1_420' title='bbox 430 5147 487 5199; x_wconf 75' lang='grc' dir='ltr'>δὲ</span> <span class='ocrx_word' id='word_1_421' title='bbox 527 5147 644 5198; x_wconf 76' lang='grc' dir='ltr'>υἱὸν</span> <span class='ocrx_word' id='word_1_422' title='bbox 691 5147 980 5217; x_wconf 80' lang='grc' dir='ltr'>ἀνθρώπου</span> <span class='ocrx_word' id='word_1_423' title='bbox 1026 5146 1117 5199; x_wconf 73' lang='grc' dir='ltr'>τὸν</span> <span class='ocrx_word' id='word_1_424' title='bbox 1151 5145 1314 5198; x_wconf 80' lang='grc' dir='ltr'>αὑτὸν</span> <span class='ocrx_word' id='word_1_425' title='bbox 1341 5141 1682 5212; x_wconf 75' lang='grc' dir='ltr'>ὀνομάζουσα</span> 
     </span>
    </p>
   </div>
   <div class='ocr_carea' id='block_1_56' title="bbox 97 5233 1673 5308">
    <p class='ocr_par' dir='ltr' id='par_1_56' title="bbox 97 5233 1673 5308">
     <span class='ocr_line' id='line_1_56' title="bbox 97 5233 1673 5308; baseline -0.003 -17"><span class='ocrx_word' id='word_1_426' title='bbox 97 5239 372 5308; x_wconf 75' lang='grc' dir='ltr'>Χριστόνς</span> <span class='ocrx_word' id='word_1_427' title='bbox 433 5241 530 5292; x_wconf 71' lang='grc' dir='ltr'>καὶ</span> <span class='ocrx_word' id='word_1_428' title='bbox 578 5239 662 5302; x_wconf 84' lang='grc' dir='ltr'><strong>τίς</strong></span> <span class='ocrx_word' id='word_1_429' title='bbox 717 5239 787 5292; x_wconf 84' lang='grc' dir='ltr'>τὰ</span> <span class='ocrx_word' id='word_1_430' title='bbox 842 5239 1086 5308; x_wconf 81' lang='grc' dir='ltr'>ὑμέτερα</span> <span class='ocrx_word' id='word_1_431' title='bbox 1139 5235 1511 5308; x_wconf 77' lang='grc' dir='ltr'>ληρῳδήματα</span> <span class='ocrx_word' id='word_1_432' title='bbox 1563 5233 1673 5286; x_wconf 83' lang='grc' dir='ltr'>τῶν</span> 
     </span>
    </p>
   </div>
   <div class='ocr_carea' id='block_1_57' title="bbox 97 5324 1679 5400">
    <p class='ocr_par' dir='ltr' id='par_1_57' title="bbox 97 5324 1679 5400">
     <span class='ocr_line' id='line_1_57' title="bbox 97 5324 1679 5400; baseline -0.003 -21"><span class='ocrx_word' id='word_1_433' title='bbox 97 5328 254 5382; x_wconf 82' lang='grc' dir='ltr'>θείων</span> <span class='ocrx_word' id='word_1_434' title='bbox 293 5329 726 5400; x_wconf 78' lang='grc' dir='ltr'>προαποδὲξεται</span> <span class='ocrx_word' id='word_1_435' title='bbox 780 5330 1078 5399; x_wconf 81' lang='grc' dir='ltr'>ρημάτων;</span> <span class='ocrx_word' id='word_1_436' title='bbox 1111 5327 1164 5380; x_wconf 86' lang='grc' dir='ltr'><strong>τί</strong></span> <span class='ocrx_word' id='word_1_437' title='bbox 1197 5327 1255 5381; x_wconf 86' lang='grc' dir='ltr'>δὲ</span> <span class='ocrx_word' id='word_1_438' title='bbox 1299 5327 1558 5396; x_wconf 87' lang='grc' dir='ltr'>λέγοιμεν</span> <span class='ocrx_word' id='word_1_439' title='bbox 1584 5324 1679 5377; x_wconf 70' lang='grc' dir='ltr'><strong>ἐπὶ</strong></span> 
     </span>
    </p>
   </div>
   <div class='ocr_carea' id='block_1_58' title="bbox 96 5417 1680 5490">
    <p class='ocr_par' dir='ltr' id='par_1_58' title="bbox 96 5417 1680 5490">
     <span class='ocr_line' id='line_1_58' title="bbox 96 5417 1680 5490; baseline -0.001 -19"><span class='ocrx_word' id='word_1_440' title='bbox 96 5417 360 5485; x_wconf 74' lang='grc' dir='ltr'>Χριστοῦ,</span> <span class='ocrx_word' id='word_1_441' title='bbox 400 5419 495 5472; x_wconf 86' lang='grc' dir='ltr'><strong>καί</strong></span> <span class='ocrx_word' id='word_1_442' title='bbox 535 5419 628 5473; x_wconf 76' lang='grc' dir='ltr'><strong>ἐπὶ</strong></span> <span class='ocrx_word' id='word_1_443' title='bbox 675 5419 842 5485; x_wconf 62' lang='lat' dir='ltr'><strong>Tim&quot;);</strong></span> <span class='ocrx_word' id='word_1_444' title='bbox 868 5421 916 5472; x_wconf 92' lang='grc' dir='ltr'><strong>εἰ</strong></span> <span class='ocrx_word' id='word_1_445' title='bbox 966 5420 1097 5490; x_wconf 76' lang='grc' dir='ltr'>γὰρ,</span> <span class='ocrx_word' id='word_1_446' title='bbox 1133 5417 1278 5472; x_wconf 78' lang='grc' dir='ltr'>καθὰ</span> <span class='ocrx_word' id='word_1_447' title='bbox 1311 5419 1406 5471; x_wconf 76' lang='grc' dir='ltr'><strong>καί</strong></span> <span class='ocrx_word' id='word_1_448' title='bbox 1432 5418 1588 5486; x_wconf 81' lang='grc' dir='ltr'>ὑμεῖς</span> <span class='ocrx_word' id='word_1_449' title='bbox 1620 5418 1680 5470; x_wconf 80' lang='grc' dir='ltr'>ὲν</span> 
     </span>
    </p>
   </div>
   <div class='ocr_carea' id='block_1_59' title="bbox 95 5513 1679 5587">
    <p class='ocr_par' dir='ltr' id='par_1_59' title="bbox 95 5513 1679 5587">
     <span class='ocr_line' id='line_1_59' title="bbox 95 5513 1679 5587; baseline -0.001 -22"><span class='ocrx_word' id='word_1_450' title='bbox 95 5515 203 5576; x_wconf 83' lang='grc' dir='ltr'>τοῖς</span> <span class='ocrx_word' id='word_1_451' title='bbox 245 5513 398 5576; x_wconf 87' lang='grc' dir='ltr'>ἰδίοις</span> <span class='ocrx_word' id='word_1_452' title='bbox 451 5514 712 5585; x_wconf 77' lang='grc' dir='ltr'>εἰρήκατε</span> <span class='ocrx_word' id='word_1_453' title='bbox 769 5515 1054 5578; x_wconf 79' lang='grc' dir='ltr'>πολλάκις,</span> <span class='ocrx_word' id='word_1_454' title='bbox 1089 5516 1154 5567; x_wconf 86' lang='grc' dir='ltr'>ὲκ</span> <span class='ocrx_word' id='word_1_455' title='bbox 1194 5514 1397 5587; x_wconf 81' lang='grc' dir='ltr'>μέρους</span> <span class='ocrx_word' id='word_1_456' title='bbox 1454 5514 1549 5568; x_wconf 77' lang='grc' dir='ltr'>καὶ</span> <span class='ocrx_word' id='word_1_457' title='bbox 1586 5513 1679 5564; x_wconf 71' lang='grc' dir='ltr'><strong>τὸν</strong></span> 
     </span>
    </p>
   </div>
   <div class='ocr_carea' id='block_1_60' title="bbox 92 5603 1673 5678">
    <p class='ocr_par' dir='ltr' id='par_1_60' title="bbox 92 5603 1673 5678">
     <span class='ocr_line' id='line_1_60' title="bbox 92 5603 1673 5678; baseline 0 -20"><span class='ocrx_word' id='word_1_458' title='bbox 92 5603 381 5678; x_wconf 71' lang='grc' dir='ltr'>ἅνθρωπον</span> <span class='ocrx_word' id='word_1_459' title='bbox 425 5606 591 5660; x_wconf 75' lang='grc' dir='ltr'>αὐτὸν</span> <span class='ocrx_word' id='word_1_460' title='bbox 631 5607 754 5662; x_wconf 82' lang='grc' dir='ltr'>ὅλον</span> <span class='ocrx_word' id='word_1_461' title='bbox 802 5609 959 5662; x_wconf 82' lang='grc' dir='ltr'>καλεῖ</span> <span class='ocrx_word' id='word_1_462' title='bbox 987 5610 1057 5661; x_wconf 77' lang='grc' dir='ltr'><strong>τὰ</strong></span> <span class='ocrx_word' id='word_1_463' title='bbox 1096 5605 1226 5678; x_wconf 56' lang='grc' dir='ltr'>ἰερά³</span> <span class='ocrx_word' id='word_1_464' title='bbox 1260 5608 1453 5676; x_wconf 82' lang='grc' dir='ltr'>Λόγια,</span> <span class='ocrx_word' id='word_1_465' title='bbox 1483 5608 1560 5670; x_wconf 86' lang='grc' dir='ltr'>ὼς</span> <span class='ocrx_word' id='word_1_466' title='bbox 1591 5605 1673 5672; x_wconf 79' lang='grc' dir='ltr'>τὸ,</span> 
     </span>
    </p>
   </div>
   <div class='ocr_carea' id='block_1_61' title="bbox 99 5697 1675 5772">
    <p class='ocr_par' dir='ltr' id='par_1_61' title="bbox 99 5697 1675 5772">
     <span class='ocr_line' id='line_1_61' title="bbox 99 5697 1675 5772; baseline -0.001 -20"><span class='ocrx_word' id='word_1_467' title='bbox 99 5697 239 5768; x_wconf 80' lang='grc' dir='ltr'>Πρὸς</span> <span class='ocrx_word' id='word_1_468' title='bbox 273 5699 335 5752; x_wconf 79' lang='grc' dir='ltr'>σὲ</span> <span class='ocrx_word' id='word_1_469' title='bbox 364 5700 501 5771; x_wconf 79' lang='grc' dir='ltr'>σὰρξ</span> <span class='ocrx_word' id='word_1_470' title='bbox 532 5699 681 5772; x_wconf 72' lang='grc' dir='ltr'>ἥξειο</span> <span class='ocrx_word' id='word_1_471' title='bbox 716 5701 810 5755; x_wconf 75' lang='grc' dir='ltr'>καὶ</span> <span class='ocrx_word' id='word_1_472' title='bbox 839 5701 920 5767; x_wconf 86' lang='grc' dir='ltr'>τὸ,</span> <span class='ocrx_word' id='word_1_473' title='bbox 956 5721 974 5753; x_wconf 81' lang='grc' dir='ltr'><strong>ι</strong></span> <span class='ocrx_word' id='word_1_474' title='bbox 1015 5701 1284 5757; x_wconf 69' lang='grc' dir='ltr'>Ἰακὼῦδὲ</span> <span class='ocrx_word' id='word_1_475' title='bbox 1316 5700 1562 5771; x_wconf 75' lang='grc' dir='ltr'>εἰσῆλθεν</span> <span class='ocrx_word' id='word_1_476' title='bbox 1594 5701 1675 5763; x_wconf 84' lang='grc' dir='ltr'><strong>εἰς</strong></span> 
     </span>
    </p>
   </div>
   <div class='ocr_carea' id='block_1_62' title="bbox 154 5861 1153 5932">
    <p class='ocr_par' dir='ltr' id='par_1_62' title="bbox 154 5861 1153 5932">
     <span class='ocr_line' id='line_1_62' title="bbox 154 5861 1153 5932; baseline 0.005 -15"><span class='ocrx_word' id='word_1_477' title='bbox 154 5865 170 5894; x_wconf 81' lang='grc'>²</span> <span class='ocrx_word' id='word_1_478' title='bbox 204 5861 395 5919; x_wconf 72' lang='lat' dir='ltr'><strong>Matth.</strong></span> <span class='ocrx_word' id='word_1_479' title='bbox 433 5879 548 5930; x_wconf 75' lang='lat' dir='ltr'><strong>xu,</strong></span> <span class='ocrx_word' id='word_1_480' title='bbox 584 5864 632 5921; x_wconf 78' lang='grc' dir='ltr'>ἰ.</span> <span class='ocrx_word' id='word_1_481' title='bbox 712 5865 748 5892; x_wconf 70' lang='grc'><strong>’⁸</strong></span> <span class='ocrx_word' id='word_1_482' title='bbox 783 5863 984 5932; x_wconf 79' lang='lat' dir='ltr'><strong>Ephcs,</strong></span> <span class='ocrx_word' id='word_1_483' title='bbox 1024 5881 1059 5929; x_wconf 89' lang='grc' dir='ltr'><strong>ι,</strong></span> <span class='ocrx_word' id='word_1_484' title='bbox 1101 5867 1153 5922; x_wconf 71' lang='lat'><strong>1!.</strong></span> 
     </span>
    </p>
   </div>
   <div class='ocr_carea' id='block_1_63' title="bbox 1795 623 3372 682">
    <p class='ocr_par' dir='ltr' id='par_1_63' title="bbox 1795 623 3372 682">
     <span class='ocr_line' id='line_1_63' title="bbox 1795 623 3372 682; baseline 0.003 -7"><span class='ocrx_word' id='word_1_485' title='bbox 1795 632 1915 676; x_wconf 79' lang='lat' dir='ltr'><strong>ctus</strong></span> <span class='ocrx_word' id='word_1_486' title='bbox 1946 634 2067 678; x_wconf 90' lang='lat' dir='ltr'><strong>erat</strong></span> <span class='ocrx_word' id='word_1_487' title='bbox 2099 623 2246 676; x_wconf 81' lang='lat' dir='ltr'><strong>ﬁlius</strong></span> <span class='ocrx_word' id='word_1_488' title='bbox 2279 624 2582 677; x_wconf 88' lang='lat' dir='ltr'><strong>secundum</strong></span> <span class='ocrx_word' id='word_1_489' title='bbox 2604 637 2824 677; x_wconf 84' lang='lat' dir='ltr'><strong>carnem</strong></span> <span class='ocrx_word' id='word_1_490' title='bbox 2855 631 2911 676; x_wconf 93' lang='lat' dir='ltr'><strong>et</strong></span> <span class='ocrx_word' id='word_1_491' title='bbox 2939 637 3006 678; x_wconf 73' lang='lat' dir='ltr'><strong>ex</strong></span> <span class='ocrx_word' id='word_1_492' title='bbox 3032 625 3372 682; x_wconf 81' lang='lat' dir='ltr'><strong>multotem-</strong></span> 
     </span>
    </p>
   </div>
   <div class='ocr_carea' id='block_1_64' title="bbox 1793 715 3373 786">
    <p class='ocr_par' dir='ltr' id='par_1_64' title="bbox 1793 715 3373 786">
     <span class='ocr_line' id='line_1_64' title="bbox 1793 715 3373 786; baseline 0.003 -18"><span class='ocrx_word' id='word_1_493' title='bbox 1793 728 1927 782; x_wconf 85' lang='lat' dir='ltr'><strong>pure</strong></span> <span class='ocrx_word' id='word_1_494' title='bbox 1974 715 2154 770; x_wconf 83' lang='lat' dir='ltr'><strong>factus</strong></span> <span class='ocrx_word' id='word_1_495' title='bbox 2199 715 2367 768; x_wconf 90' lang='lat' dir='ltr'><strong>homo</strong></span> <span class='ocrx_word' id='word_1_496' title='bbox 2397 735 2409 769; x_wconf 92' lang='lat'>:</span> <span class='ocrx_word' id='word_1_497' title='bbox 2450 725 2512 769; x_wconf 85' lang='lat' dir='ltr'><strong>ut</strong></span> <span class='ocrx_word' id='word_1_498' title='bbox 2563 730 2699 770; x_wconf 83' lang='lat' dir='ltr'><strong>vero</strong></span> <span class='ocrx_word' id='word_1_499' title='bbox 2730 724 2876 770; x_wconf 87' lang='lat' dir='ltr'><strong>esset</strong></span> <span class='ocrx_word' id='word_1_500' title='bbox 2911 732 3021 770; x_wconf 91' lang='lat' dir='ltr'><strong>non</strong></span> <span class='ocrx_word' id='word_1_501' title='bbox 3047 717 3373 786; x_wconf 70' lang='lat' dir='ltr'><strong>simpliciter</strong></span> 
     </span>
    </p>
   </div>
   <div class='ocr_carea' id='block_1_65' title="bbox 1790 807 3485 877">
    <p class='ocr_par' dir='ltr' id='par_1_65' title="bbox 1790 807 3485 877">
     <span class='ocr_line' id='line_1_65' title="bbox 1790 807 3485 877; baseline 0.001 -17"><span class='ocrx_word' id='word_1_502' title='bbox 1790 807 1886 860; x_wconf 90' lang='lat' dir='ltr'><strong>sed</strong></span> <span class='ocrx_word' id='word_1_503' title='bbox 1914 807 2219 876; x_wconf 87' lang='lat' dir='ltr'><strong>spiritualis</strong></span> <span class='ocrx_word' id='word_1_504' title='bbox 2252 807 2440 869; x_wconf 89' lang='lat' dir='ltr'><strong>homo,</strong></span> <span class='ocrx_word' id='word_1_505' title='bbox 2490 817 2879 862; x_wconf 66' lang='lat' dir='ltr'><strong>necesse&#39;erat</strong></span> <span class='ocrx_word' id='word_1_506' title='bbox 2912 808 3064 861; x_wconf 90' lang='lat' dir='ltr'><strong>illum</strong></span> <span class='ocrx_word' id='word_1_507' title='bbox 3100 824 3129 862; x_wconf 89' lang='lat' dir='ltr'><strong>a</strong></span> <span class='ocrx_word' id='word_1_508' title='bbox 3160 807 3369 877; x_wconf 89' lang='lat' dir='ltr'><strong>Spiritu</strong></span> <span class='ocrx_word' id='word_1_509' title='bbox 3438 860 3446 866; x_wconf 87' lang='lat'>_</span> <span class='ocrx_word' id='word_1_510' title='bbox 3480 807 3485 814; x_wconf 83' lang='grc'><strong>’</strong></span> 
     </span>
    </p>
   </div>
   <div class='ocr_carea' id='block_1_66' title="bbox 1792 896 3372 966">
    <p class='ocr_par' dir='ltr' id='par_1_66' title="bbox 1792 896 3372 966">
     <span class='ocr_line' id='line_1_66' title="bbox 1792 896 3372 966; baseline 0.001 -18"><span class='ocrx_word' id='word_1_511' title='bbox 1792 899 2107 964; x_wconf 83' lang='lat' dir='ltr'><strong>regenerari</strong></span> <span class='ocrx_word' id='word_1_512' title='bbox 2134 906 2188 950; x_wconf 89' lang='lat' dir='ltr'><strong>et</strong></span> <span class='ocrx_word' id='word_1_513' title='bbox 2215 896 2426 966; x_wconf 82' lang='lat' dir='ltr'><strong>perﬁci.</strong></span> <span class='ocrx_word' id='word_1_514' title='bbox 2470 897 2561 951; x_wconf 87' lang='lat' dir='ltr'><strong>Sic</strong></span> <span class='ocrx_word' id='word_1_515' title='bbox 2598 909 2654 952; x_wconf 91' lang='lat' dir='ltr'><strong>et</strong></span> <span class='ocrx_word' id='word_1_516' title='bbox 2687 898 2892 960; x_wconf 78' lang='lat' dir='ltr'><strong>Verbo,</strong></span> <span class='ocrx_word' id='word_1_517' title='bbox 2937 912 2996 951; x_wconf 89' lang='lat' dir='ltr'><strong>ut</strong></span> <span class='ocrx_word' id='word_1_518' title='bbox 3029 908 3174 951; x_wconf 90' lang='lat' dir='ltr'><strong>esset</strong></span> <span class='ocrx_word' id='word_1_519' title='bbox 3200 899 3372 952; x_wconf 69' lang='lat' dir='ltr'><strong>Filius</strong></span> 
     </span>
    </p>
   </div>
   <div class='ocr_carea' id='block_1_67' title="bbox 1791 989 3368 1059">
    <p class='ocr_par' dir='ltr' id='par_1_67' title="bbox 1791 989 3368 1059">
     <span class='ocr_line' id='line_1_67' title="bbox 1791 989 3368 1059; baseline 0.002 -17"><span class='ocrx_word' id='word_1_520' title='bbox 1791 989 1886 1043; x_wconf 89' lang='lat' dir='ltr'><strong>Dei</strong></span> <span class='ocrx_word' id='word_1_521' title='bbox 1922 998 1979 1043; x_wconf 91' lang='lat' dir='ltr'><strong>et</strong></span> <span class='ocrx_word' id='word_1_522' title='bbox 2010 989 2173 1052; x_wconf 85' lang='lat' dir='ltr'><strong>Deus,</strong></span> <span class='ocrx_word' id='word_1_523' title='bbox 2207 990 2345 1043; x_wconf 88' lang='lat' dir='ltr'><strong>nihil</strong></span> <span class='ocrx_word' id='word_1_524' title='bbox 2394 1005 2635 1058; x_wconf 83' lang='lat' dir='ltr'><strong>unquam</strong></span> <span class='ocrx_word' id='word_1_525' title='bbox 2663 990 2843 1044; x_wconf 78' lang='lat' dir='ltr'><strong>defuit</strong></span> <span class='ocrx_word' id='word_1_526' title='bbox 2871 1008 2885 1043; x_wconf 90' lang='lat'><strong>:</strong></span> <span class='ocrx_word' id='word_1_527' title='bbox 2923 991 3017 1044; x_wconf 86' lang='lat' dir='ltr'><strong>sed</strong></span> <span class='ocrx_word' id='word_1_528' title='bbox 3048 990 3116 1044; x_wconf 93' lang='lat' dir='ltr'><strong>ad</strong></span> <span class='ocrx_word' id='word_1_529' title='bbox 3140 992 3368 1059; x_wconf 74' lang='lat' dir='ltr'><strong>explen—</strong></span> 
     </span>
    </p>
   </div>
   <div class='ocr_carea' id='block_1_68' title="bbox 1789 1080 3370 1152">
    <p class='ocr_par' dir='ltr' id='par_1_68' title="bbox 1789 1080 3370 1152">
     <span class='ocr_line' id='line_1_68' title="bbox 1789 1080 3370 1152; baseline -0.001 -16"><span class='ocrx_word' id='word_1_530' title='bbox 1789 1081 1914 1136; x_wconf 93' lang='lat' dir='ltr'><strong>dam</strong></span> <span class='ocrx_word' id='word_1_531' title='bbox 1939 1081 2217 1150; x_wconf 86' lang='lat' dir='ltr'><strong>propriam</strong></span> <span class='ocrx_word' id='word_1_532' title='bbox 2240 1081 2619 1152; x_wconf 82' lang='lat' dir='ltr'><strong>apparentiam</strong></span> <span class='ocrx_word' id='word_1_533' title='bbox 2639 1080 2692 1133; x_wconf 91' lang='lat' dir='ltr'><strong>in</strong></span> <span class='ocrx_word' id='word_1_534' title='bbox 2719 1082 2983 1149; x_wconf 77' lang='lat' dir='ltr'><strong>proximis</strong></span> <span class='ocrx_word' id='word_1_535' title='bbox 3005 1082 3370 1151; x_wconf 84' lang='lat' dir='ltr'><strong>temporibus.</strong></span> 
     </span>
    </p>
   </div>
   <div class='ocr_carea' id='block_1_69' title="bbox 1783 1169 3372 1242">
    <p class='ocr_par' dir='ltr' id='par_1_69' title="bbox 1783 1169 3372 1242">
     <span class='ocr_line' id='line_1_69' title="bbox 1783 1169 3372 1242; baseline 0.001 -19"><span class='ocrx_word' id='word_1_536' title='bbox 1783 1169 1939 1240; x_wconf 79' lang='lat' dir='ltr'><strong>juxta</strong></span> <span class='ocrx_word' id='word_1_537' title='bbox 1975 1185 2140 1240; x_wconf 88' lang='lat' dir='ltr'><strong>quam</strong></span> <span class='ocrx_word' id='word_1_538' title='bbox 2169 1186 2280 1224; x_wconf 90' lang='lat' dir='ltr'><strong>non</strong></span> <span class='ocrx_word' id='word_1_539' title='bbox 2320 1171 2572 1239; x_wconf 80' lang='lat' dir='ltr'><strong>rapinam</strong></span> <span class='ocrx_word' id='word_1_540' title='bbox 2610 1171 2916 1224; x_wconf 84' lang='lat' dir='ltr'><strong>arbitratus</strong></span> <span class='ocrx_word' id='word_1_541' title='bbox 2949 1188 3007 1226; x_wconf 88' lang='lat' dir='ltr'><strong>se</strong></span> <span class='ocrx_word' id='word_1_542' title='bbox 3036 1188 3160 1227; x_wconf 88' lang='lat' dir='ltr'><strong>esse</strong></span> <span class='ocrx_word' id='word_1_543' title='bbox 3187 1188 3372 1242; x_wconf 75' lang='lat' dir='ltr'><strong>aequa-</strong></span> 
     </span>
    </p>
   </div>
   <div class='ocr_carea' id='block_1_70' title="bbox 1789 1261 3374 1336">
    <p class='ocr_par' dir='ltr' id='par_1_70' title="bbox 1789 1261 3374 1336">
     <span class='ocr_line' id='line_1_70' title="bbox 1789 1261 3374 1336; baseline 0.001 -20"><span class='ocrx_word' id='word_1_544' title='bbox 1789 1263 1897 1316; x_wconf 81' lang='lat' dir='ltr'><strong>lctn</strong></span> <span class='ocrx_word' id='word_1_545' title='bbox 1930 1262 2043 1316; x_wconf 87' lang='lat' dir='ltr'><strong>Deo</strong></span> <span class='ocrx_word' id='word_1_546' title='bbox 2082 1261 2315 1336; x_wconf 77' lang='lat' dir='ltr'><strong>formam</strong></span> <span class='ocrx_word' id='word_1_547' title='bbox 2361 1264 2504 1316; x_wconf 69' lang='lat' dir='ltr'><strong>servi</strong></span> <span class='ocrx_word' id='word_1_548' title='bbox 2539 1264 2791 1332; x_wconf 89' lang='lat' dir='ltr'><strong>accipere</strong></span> <span class='ocrx_word' id='word_1_549' title='bbox 2829 1273 2957 1317; x_wconf 87' lang='lat' dir='ltr'><strong>ante</strong></span> <span class='ocrx_word' id='word_1_550' title='bbox 2987 1265 3185 1318; x_wconf 65' lang='lat' dir='ltr'><strong>saecula</strong></span> <span class='ocrx_word' id='word_1_551' title='bbox 3224 1266 3374 1318; x_wconf 83' lang='lat' dir='ltr'><strong>desi-</strong></span> 
     </span>
    </p>
   </div>
   <div class='ocr_carea' id='block_1_71' title="bbox 1790 1353 3371 1424">
    <p class='ocr_par' dir='ltr' id='par_1_71' title="bbox 1790 1353 3371 1424">
     <span class='ocr_line' id='line_1_71' title="bbox 1790 1353 3371 1424; baseline 0.002 -18"><span class='ocrx_word' id='word_1_552' title='bbox 1790 1353 2006 1408; x_wconf 88' lang='lat' dir='ltr'><strong>deravit</strong></span> <span class='ocrx_word' id='word_1_553' title='bbox 2051 1363 2108 1407; x_wconf 88' lang='lat' dir='ltr'><strong>et</strong></span> <span class='ocrx_word' id='word_1_554' title='bbox 2153 1370 2211 1408; x_wconf 91' lang='lat' dir='ltr'><strong>se</strong></span> <span class='ocrx_word' id='word_1_555' title='bbox 2250 1354 2704 1424; x_wconf 66' lang='lat' dir='ltr'><strong>praedestinavit:</strong></span> <span class='ocrx_word' id='word_1_556' title='bbox 2737 1363 2794 1409; x_wconf 92' lang='lat' dir='ltr'><strong>et</strong></span> <span class='ocrx_word' id='word_1_557' title='bbox 2832 1366 3130 1424; x_wconf 84' lang='lat' dir='ltr'><strong>antequam</strong></span> <span class='ocrx_word' id='word_1_558' title='bbox 3162 1355 3371 1410; x_wconf 88' lang='lat' dir='ltr'><strong>laceret</strong></span> 
     </span>
    </p>
   </div>
   <div class='ocr_carea' id='block_1_72' title="bbox 1789 1443 3372 1514">
    <p class='ocr_par' dir='ltr' id='par_1_72' title="bbox 1789 1443 3372 1514">
     <span class='ocr_line' id='line_1_72' title="bbox 1789 1443 3372 1514; baseline -0.002 -16"><span class='ocrx_word' id='word_1_559' title='bbox 1789 1446 1995 1510; x_wconf 86' lang='lat' dir='ltr'><strong>omnia,</strong></span> <span class='ocrx_word' id='word_1_560' title='bbox 2013 1446 2066 1500; x_wconf 92' lang='lat' dir='ltr'><strong>in</strong></span> <span class='ocrx_word' id='word_1_561' title='bbox 2083 1443 2308 1500; x_wconf 86' lang='lat' dir='ltr'><strong>Christo</strong></span> <span class='ocrx_word' id='word_1_562' title='bbox 2329 1445 2576 1498; x_wconf 92' lang='lat' dir='ltr'><strong>omnium</strong></span> <span class='ocrx_word' id='word_1_563' title='bbox 2605 1445 3040 1514; x_wconf 66' lang='lat' dir='ltr'><strong>assumptiont-m</strong></span> <span class='ocrx_word' id='word_1_564' title='bbox 3065 1455 3120 1498; x_wconf 92' lang='lat' dir='ltr'><strong>et</strong></span> <span class='ocrx_word' id='word_1_565' title='bbox 3147 1444 3372 1497; x_wconf 79' lang='lat' dir='ltr'><strong>deiﬁca-</strong></span> 
     </span>
    </p>
   </div>
   <div class='ocr_carea' id='block_1_73' title="bbox 1793 1534 3370 1606">
    <p class='ocr_par' dir='ltr' id='par_1_73' title="bbox 1793 1534 3370 1606">
     <span class='ocr_line' id='line_1_73' title="bbox 1793 1534 3370 1606; baseline -0.002 -17"><span class='ocrx_word' id='word_1_566' title='bbox 1793 1538 1996 1590; x_wconf 90' lang='lat' dir='ltr'><strong>tionem</strong></span> <span class='ocrx_word' id='word_1_567' title='bbox 2046 1537 2099 1590; x_wconf 89' lang='lat' dir='ltr'><strong>in</strong></span> <span class='ocrx_word' id='word_1_568' title='bbox 2148 1538 2333 1606; x_wconf 89' lang='lat' dir='ltr'><strong>seipso</strong></span> <span class='ocrx_word' id='word_1_569' title='bbox 2378 1545 2704 1590; x_wconf 88' lang='lat' dir='ltr'><strong>naturarum</strong></span> <span class='ocrx_word' id='word_1_570' title='bbox 2753 1551 2866 1589; x_wconf 90' lang='lat' dir='ltr'><strong>non</strong></span> <span class='ocrx_word' id='word_1_571' title='bbox 2919 1535 3257 1598; x_wconf 86' lang='lat' dir='ltr'><strong>divinarum,</strong></span> <span class='ocrx_word' id='word_1_572' title='bbox 3291 1534 3370 1587; x_wconf 92' lang='lat' dir='ltr'><strong>illi</strong></span> 
     </span>
    </p>
   </div>
   <div class='ocr_carea' id='block_1_74' title="bbox 1789 1626 3368 1697">
    <p class='ocr_par' dir='ltr' id='par_1_74' title="bbox 1789 1626 3368 1697">
     <span class='ocr_line' id='line_1_74' title="bbox 1789 1626 3368 1697; baseline -0.001 -16"><span class='ocrx_word' id='word_1_573' title='bbox 1789 1627 1999 1697; x_wconf 86' lang='lat' dir='ltr'><strong>aliquid</strong></span> <span class='ocrx_word' id='word_1_574' title='bbox 2039 1628 2232 1681; x_wconf 85' lang='lat' dir='ltr'><strong>deerat</strong></span> <span class='ocrx_word' id='word_1_575' title='bbox 2261 1667 2275 1688; x_wconf 87' lang='lat'><strong>,</strong></span> <span class='ocrx_word' id='word_1_576' title='bbox 2312 1637 2373 1680; x_wconf 92' lang='lat' dir='ltr'><strong>ut</strong></span> <span class='ocrx_word' id='word_1_577' title='bbox 2414 1628 2493 1681; x_wconf 86' lang='lat' dir='ltr'><strong>ait</strong></span> <span class='ocrx_word' id='word_1_578' title='bbox 2538 1628 2838 1696; x_wconf 83' lang='lat' dir='ltr'><strong>Apostolus</strong></span> <span class='ocrx_word' id='word_1_579' title='bbox 2868 1626 3008 1687; x_wconf 79' lang='lat' dir='ltr'><strong>&quot;,ad</strong></span> <span class='ocrx_word' id='word_1_580' title='bbox 3051 1626 3368 1680; x_wconf 64' lang='lat' dir='ltr'><strong>manifeslao</strong></span> 
     </span>
    </p>
   </div>
   <div class='ocr_carea' id='block_1_75' title="bbox 1790 1718 3371 1791">
    <p class='ocr_par' dir='ltr' id='par_1_75' title="bbox 1790 1718 3371 1791">
     <span class='ocr_line' id='line_1_75' title="bbox 1790 1718 3371 1791; baseline -0.003 -17"><span class='ocrx_word' id='word_1_581' title='bbox 1790 1721 1998 1775; x_wconf 86' lang='lat' dir='ltr'><strong>tionem</strong></span> <span class='ocrx_word' id='word_1_582' title='bbox 2032 1721 2276 1791; x_wconf 68' lang='lat' dir='ltr'><strong>mysterii</strong></span> <span class='ocrx_word' id='word_1_583' title='bbox 2310 1719 2624 1773; x_wconf 87' lang='lat' dir='ltr'><strong>absconditi</strong></span> <span class='ocrx_word' id='word_1_584' title='bbox 2665 1719 2770 1788; x_wconf 90' lang='lat' dir='ltr'><strong>ipsi</strong></span> <span class='ocrx_word' id='word_1_585' title='bbox 2818 1718 3200 1789; x_wconf 74' lang='lat' dir='ltr'><strong>przedestinati</strong></span> <span class='ocrx_word' id='word_1_586' title='bbox 3243 1733 3371 1786; x_wconf 91' lang='lat' dir='ltr'><strong>pro-</strong></span> 
     </span>
    </p>
   </div>
   <div class='ocr_carea' id='block_1_76' title="bbox 1789 1811 3372 1882">
    <p class='ocr_par' dir='ltr' id='par_1_76' title="bbox 1789 1811 3372 1882">
     <span class='ocr_line' id='line_1_76' title="bbox 1789 1811 3372 1882; baseline -0.003 -16"><span class='ocrx_word' id='word_1_587' title='bbox 1789 1815 1922 1882; x_wconf 69' lang='lat' dir='ltr'><strong>priae</strong></span> <span class='ocrx_word' id='word_1_588' title='bbox 1948 1814 2330 1868; x_wconf 84' lang='lat' dir='ltr'><strong>humanitatis.</strong></span> <span class='ocrx_word' id='word_1_589' title='bbox 2366 1812 2525 1867; x_wconf 83' lang='lat' dir='ltr'><strong>Nulla</strong></span> <span class='ocrx_word' id='word_1_590' title='bbox 2568 1813 2696 1866; x_wconf 90' lang='lat' dir='ltr'><strong>inde</strong></span> <span class='ocrx_word' id='word_1_591' title='bbox 2738 1812 2909 1882; x_wconf 82' lang='lat' dir='ltr'><strong>igitur</strong></span> <span class='ocrx_word' id='word_1_592' title='bbox 2947 1821 3032 1866; x_wconf 88' lang='lat' dir='ltr'><strong>est</strong></span> <span class='ocrx_word' id='word_1_593' title='bbox 3081 1811 3223 1865; x_wconf 78' lang='lat' dir='ltr'><strong>ratio</strong></span> <span class='ocrx_word' id='word_1_594' title='bbox 3266 1811 3372 1863; x_wconf 89' lang='lat' dir='ltr'><strong>im-</strong></span> 
     </span>
    </p>
   </div>
   <div class='ocr_carea' id='block_1_77' title="bbox 1790 1904 3373 1973">
    <p class='ocr_par' dir='ltr' id='par_1_77' title="bbox 1790 1904 3373 1973">
     <span class='ocr_line' id='line_1_77' title="bbox 1790 1904 3373 1973; baseline -0.004 -14"><span class='ocrx_word' id='word_1_595' title='bbox 1790 1905 2147 1971; x_wconf 81' lang='lat' dir='ltr'><strong>perfectionis</strong></span> <span class='ocrx_word' id='word_1_596' title='bbox 2180 1947 2194 1971; x_wconf 91' lang='lat'><strong>,</strong></span> <span class='ocrx_word' id='word_1_597' title='bbox 2248 1905 2380 1958; x_wconf 87' lang='lat' dir='ltr'><strong>licet</strong></span> <span class='ocrx_word' id='word_1_598' title='bbox 2429 1904 2625 1957; x_wconf 87' lang='lat' dir='ltr'><strong>ﬁliatio</strong></span> <span class='ocrx_word' id='word_1_599' title='bbox 2674 1904 3112 1973; x_wconf 88' lang='lat' dir='ltr'><strong>uniuscujusque</strong></span> <span class='ocrx_word' id='word_1_600' title='bbox 3163 1909 3373 1955; x_wconf 75' lang='lat' dir='ltr'><strong>natura:</strong></span> 
     </span>
    </p>
   </div>
   <div class='ocr_carea' id='block_1_78' title="bbox 1790 1988 3371 2059">
    <p class='ocr_par' dir='ltr' id='par_1_78' title="bbox 1790 1988 3371 2059">
     <span class='ocr_line' id='line_1_78' title="bbox 1790 1988 3371 2059; baseline -0.005 -12"><span class='ocrx_word' id='word_1_601' title='bbox 1790 2008 2040 2047; x_wconf 81' lang='lat' dir='ltr'><strong>seorsum</strong></span> <span class='ocrx_word' id='word_1_602' title='bbox 2085 1992 2478 2047; x_wconf 84' lang='lat' dir='ltr'><strong>consideretur</strong></span> <span class='ocrx_word' id='word_1_603' title='bbox 2514 2009 2527 2044; x_wconf 93' lang='lat'><strong>:</strong></span> <span class='ocrx_word' id='word_1_604' title='bbox 2561 1992 2658 2046; x_wconf 89' lang='lat' dir='ltr'><strong>sed</strong></span> <span class='ocrx_word' id='word_1_605' title='bbox 2712 2000 2772 2044; x_wconf 89' lang='lat' dir='ltr'><strong>ut</strong></span> <span class='ocrx_word' id='word_1_606' title='bbox 2818 1991 3195 2059; x_wconf 84' lang='lat' dir='ltr'><strong>compleretur</strong></span> <span class='ocrx_word' id='word_1_607' title='bbox 3240 1988 3371 2043; x_wconf 76' lang='lat' dir='ltr'><strong>uniu</strong></span> 
     </span>
    </p>
   </div>
   <div class='ocr_carea' id='block_1_79' title="bbox 1791 2079 3371 2151">
    <p class='ocr_par' dir='ltr' id='par_1_79' title="bbox 1791 2079 3371 2151">
     <span class='ocr_line' id='line_1_79' title="bbox 1791 2079 3371 2151; baseline -0.003 -13"><span class='ocrx_word' id='word_1_608' title='bbox 1791 2085 1866 2138; x_wconf 89' lang='lat' dir='ltr'><strong>ita</strong></span> <span class='ocrx_word' id='word_1_609' title='bbox 1897 2093 1956 2138; x_wconf 91' lang='lat' dir='ltr'><strong>ut</strong></span> <span class='ocrx_word' id='word_1_610' title='bbox 1988 2099 2173 2137; x_wconf 79' lang='lat' dir='ltr'><strong>coram</strong></span> <span class='ocrx_word' id='word_1_611' title='bbox 2206 2082 2525 2136; x_wconf 87' lang='lat' dir='ltr'><strong>hominibus</strong></span> <span class='ocrx_word' id='word_1_612' title='bbox 2558 2082 2705 2136; x_wconf 86' lang='lat' dir='ltr'><strong>Deus</strong></span> <span class='ocrx_word' id='word_1_613' title='bbox 2731 2089 3046 2151; x_wconf 90' lang='lat' dir='ltr'><strong>appareret,</strong></span> <span class='ocrx_word' id='word_1_614' title='bbox 3071 2079 3371 2148; x_wconf 83' lang='lat' dir='ltr'><strong>unicuique</strong></span> 
     </span>
    </p>
   </div>
   <div class='ocr_carea' id='block_1_80' title="bbox 1788 2171 3372 2252">
    <p class='ocr_par' dir='ltr' id='par_1_80' title="bbox 1788 2171 3372 2252">
     <span class='ocr_line' id='line_1_80' title="bbox 1788 2171 3372 2252; baseline -0.004 -22"><span class='ocrx_word' id='word_1_615' title='bbox 1788 2185 2002 2230; x_wconf 66' lang='lat' dir='ltr'><strong>naturae</strong></span> <span class='ocrx_word' id='word_1_616' title='bbox 2029 2175 2202 2229; x_wconf 90' lang='lat' dir='ltr'><strong>altera</strong></span> <span class='ocrx_word' id='word_1_617' title='bbox 2231 2184 2428 2228; x_wconf 87' lang='lat' dir='ltr'><strong>natura</strong></span> <span class='ocrx_word' id='word_1_618' title='bbox 2458 2189 2598 2243; x_wconf 83' lang='lat' dir='ltr'><strong>Opus</strong></span> <span class='ocrx_word' id='word_1_619' title='bbox 2627 2182 2772 2250; x_wconf 80' lang='lat' dir='ltr'><strong>erat,</strong></span> <span class='ocrx_word' id='word_1_620' title='bbox 2809 2180 2868 2226; x_wconf 95' lang='lat' dir='ltr'><strong>ut</strong></span> <span class='ocrx_word' id='word_1_621' title='bbox 2902 2180 3114 2252; x_wconf 57' lang='lat' dir='ltr'><strong>natura;</strong></span> <span class='ocrx_word' id='word_1_622' title='bbox 3142 2180 3200 2227; x_wconf 89' lang='lat' dir='ltr'><strong>et</strong></span> <span class='ocrx_word' id='word_1_623' title='bbox 3234 2171 3372 2224; x_wconf 82' lang='lat' dir='ltr'><strong>lilia-</strong></span> 
     </span>
    </p>
   </div>
   <div class='ocr_carea' id='block_1_81' title="bbox 1790 2264 3372 2336">
    <p class='ocr_par' dir='ltr' id='par_1_81' title="bbox 1790 2264 3372 2336">
     <span class='ocr_line' id='line_1_81' title="bbox 1790 2264 3372 2336; baseline -0.003 -14"><span class='ocrx_word' id='word_1_624' title='bbox 1790 2269 1970 2322; x_wconf 89' lang='lat' dir='ltr'><strong>tiones</strong></span> <span class='ocrx_word' id='word_1_625' title='bbox 2007 2266 2283 2336; x_wconf 69' lang='lat' dir='ltr'><strong>perfectre,</strong></span> <span class='ocrx_word' id='word_1_626' title='bbox 2320 2275 2463 2336; x_wconf 69' lang='lat' dir='ltr'><strong>aptae</strong></span> <span class='ocrx_word' id='word_1_627' title='bbox 2501 2265 2764 2320; x_wconf 85' lang='lat' dir='ltr'><strong>distincte</strong></span> <span class='ocrx_word' id='word_1_628' title='bbox 2810 2267 2865 2320; x_wconf 92' lang='lat' dir='ltr'><strong>in</strong></span> <span class='ocrx_word' id='word_1_629' title='bbox 2925 2264 3163 2320; x_wconf 80' lang='lat' dir='ltr'><strong>diversis</strong></span> <span class='ocrx_word' id='word_1_630' title='bbox 3199 2265 3372 2334; x_wconf 55' lang='lat' dir='ltr'><strong>hypoo</strong></span> 
     </span>
    </p>
   </div>
   <div class='ocr_carea' id='block_1_82' title="bbox 1789 2357 3368 2429">
    <p class='ocr_par' dir='ltr' id='par_1_82' title="bbox 1789 2357 3368 2429">
     <span class='ocr_line' id='line_1_82' title="bbox 1789 2357 3368 2429; baseline -0.003 -15"><span class='ocrx_word' id='word_1_631' title='bbox 1789 2360 2032 2415; x_wconf 88' lang='lat' dir='ltr'><strong>stasibus</strong></span> <span class='ocrx_word' id='word_1_632' title='bbox 2087 2359 2287 2420; x_wconf 86' lang='lat' dir='ltr'><strong>videri.</strong></span> <span class='ocrx_word' id='word_1_633' title='bbox 2350 2366 2822 2429; x_wconf 81' lang='lat' dir='ltr'><strong>componere‘ntur</strong></span> <span class='ocrx_word' id='word_1_634' title='bbox 2884 2367 2944 2413; x_wconf 90' lang='lat' dir='ltr'><strong>ut</strong></span> <span class='ocrx_word' id='word_1_635' title='bbox 2999 2359 3054 2412; x_wconf 93' lang='lat' dir='ltr'><strong>in</strong></span> <span class='ocrx_word' id='word_1_636' title='bbox 3116 2357 3368 2428; x_wconf 86' lang='lat' dir='ltr'><strong>ejusdem</strong></span> 
     </span>
    </p>
   </div>
   <div class='ocr_carea' id='block_1_83' title="bbox 1788 2446 3373 2518">
    <p class='ocr_par' dir='ltr' id='par_1_83' title="bbox 1788 2446 3373 2518">
     <span class='ocr_line' id='line_1_83' title="bbox 1788 2446 3373 2518; baseline 0.001 -19"><span class='ocrx_word' id='word_1_637' title='bbox 1788 2461 2078 2516; x_wconf 79' lang='lat' dir='ltr'><strong>personam</strong></span> <span class='ocrx_word' id='word_1_638' title='bbox 2105 2447 2466 2501; x_wconf 84' lang='lat' dir='ltr'><strong>convenirent</strong></span> <span class='ocrx_word' id='word_1_639' title='bbox 2498 2465 2512 2500; x_wconf 90' lang='lat'><strong>:</strong></span> <span class='ocrx_word' id='word_1_640' title='bbox 2554 2463 2678 2517; x_wconf 75' lang='lat' dir='ltr'><strong>qua:</strong></span> <span class='ocrx_word' id='word_1_641' title='bbox 2708 2447 2938 2516; x_wconf 87' lang='lat' dir='ltr'><strong>quidem</strong></span> <span class='ocrx_word' id='word_1_642' title='bbox 2977 2447 3073 2500; x_wconf 87' lang='lat' dir='ltr'><strong>ita.</strong></span> <span class='ocrx_word' id='word_1_643' title='bbox 3099 2446 3158 2502; x_wconf 91' lang='lat' dir='ltr'><strong>Si</strong></span> <span class='ocrx_word' id='word_1_644' title='bbox 3201 2447 3373 2518; x_wconf 79' lang='lat' dir='ltr'><strong>igitur</strong></span> 
     </span>
    </p>
   </div>
   <div class='ocr_carea' id='block_1_84' title="bbox 1788 2537 3372 2619">
    <p class='ocr_par' dir='ltr' id='par_1_84' title="bbox 1788 2537 3372 2619">
     <span class='ocr_line' id='line_1_84' title="bbox 1788 2537 3372 2619; baseline 0.002 -29"><span class='ocrx_word' id='word_1_645' title='bbox 1788 2537 1929 2591; x_wconf 87' lang='lat' dir='ltr'><strong>duas</strong></span> <span class='ocrx_word' id='word_1_646' title='bbox 1959 2546 2166 2607; x_wconf 88' lang='lat' dir='ltr'><strong>partes,</strong></span> <span class='ocrx_word' id='word_1_647' title='bbox 2221 2549 2516 2619; x_wconf 84' lang='lat' dir='ltr'><strong>propterea</strong></span> <span class='ocrx_word' id='word_1_648' title='bbox 2547 2539 2696 2610; x_wconf 91' lang='lat' dir='ltr'><strong>quod</strong></span> <span class='ocrx_word' id='word_1_649' title='bbox 2747 2539 2814 2593; x_wconf 91' lang='lat' dir='ltr'><strong>ad</strong></span> <span class='ocrx_word' id='word_1_650' title='bbox 2866 2538 3032 2594; x_wconf 82' lang='lat' dir='ltr'><strong>ﬁnem</strong></span> <span class='ocrx_word' id='word_1_651' title='bbox 3083 2549 3284 2606; x_wconf 88' lang='lat' dir='ltr'><strong>totum,</strong></span> <span class='ocrx_word' id='word_1_652' title='bbox 3316 2540 3372 2594; x_wconf 92' lang='lat' dir='ltr'><strong>id</strong></span> 
     </span>
    </p>
   </div>
   <div class='ocr_carea' id='block_1_85' title="bbox 1789 2630 3372 2702">
    <p class='ocr_par' dir='ltr' id='par_1_85' title="bbox 1789 2630 3372 2702">
     <span class='ocr_line' id='line_1_85' title="bbox 1789 2630 3372 2702; baseline 0.002 -18"><span class='ocrx_word' id='word_1_653' title='bbox 1789 2640 1898 2693; x_wconf 88' lang='lat' dir='ltr'><strong>est,</strong></span> <span class='ocrx_word' id='word_1_654' title='bbox 1930 2630 2240 2696; x_wconf 85' lang='lat' dir='ltr'><strong>Christum,</strong></span> <span class='ocrx_word' id='word_1_655' title='bbox 2274 2640 2526 2702; x_wconf 86' lang='lat' dir='ltr'><strong>vergant,</strong></span> <span class='ocrx_word' id='word_1_656' title='bbox 2564 2631 2914 2701; x_wconf 79' lang='lat' dir='ltr'><strong>imperfectas</strong></span> <span class='ocrx_word' id='word_1_657' title='bbox 2960 2632 3288 2702; x_wconf 82' lang='lat' dir='ltr'><strong>simpliciter</strong></span> <span class='ocrx_word' id='word_1_658' title='bbox 3315 2642 3372 2687; x_wconf 83' lang='lat' dir='ltr'><strong>et</strong></span> 
     </span>
    </p>
   </div>
   <div class='ocr_carea' id='block_1_86' title="bbox 1788 2723 3371 2794">
    <p class='ocr_par' dir='ltr' id='par_1_86' title="bbox 1788 2723 3371 2794">
     <span class='ocr_line' id='line_1_86' title="bbox 1788 2723 3371 2794; baseline 0.001 -17"><span class='ocrx_word' id='word_1_659' title='bbox 1788 2725 1907 2794; x_wconf 91' lang='lat' dir='ltr'><strong>pari</strong></span> <span class='ocrx_word' id='word_1_660' title='bbox 1962 2724 2175 2778; x_wconf 92' lang='lat' dir='ltr'><strong>honore</strong></span> <span class='ocrx_word' id='word_1_661' title='bbox 2222 2724 2408 2779; x_wconf 88' lang='lat' dir='ltr'><strong>dicitis</strong></span> <span class='ocrx_word' id='word_1_662' title='bbox 2461 2723 2763 2785; x_wconf 87' lang='lat' dir='ltr'><strong>habendas,</strong></span> <span class='ocrx_word' id='word_1_663' title='bbox 2823 2723 2969 2779; x_wconf 90' lang='lat' dir='ltr'><strong>idem</strong></span> <span class='ocrx_word' id='word_1_664' title='bbox 3005 2723 3255 2793; x_wconf 70' lang='lat' dir='ltr'><strong>profecto</strong></span> <span class='ocrx_word' id='word_1_665' title='bbox 3299 2723 3371 2779; x_wconf 72' lang='lat' dir='ltr'><strong>de</strong></span> 
     </span>
    </p>
   </div>
   <div class='ocr_carea' id='block_1_87' title="bbox 1787 2815 3369 2886">
    <p class='ocr_par' dir='ltr' id='par_1_87' title="bbox 1787 2815 3369 2886">
     <span class='ocr_line' id='line_1_87' title="bbox 1787 2815 3369 2886; baseline 0 -18"><span class='ocrx_word' id='word_1_666' title='bbox 1787 2815 1928 2869; x_wconf 89' lang='lat' dir='ltr'><strong>duce</strong></span> <span class='ocrx_word' id='word_1_667' title='bbox 1953 2816 2049 2885; x_wconf 94' lang='lat' dir='ltr'><strong>qui</strong></span> <span class='ocrx_word' id='word_1_668' title='bbox 2073 2815 2141 2869; x_wconf 92' lang='lat' dir='ltr'><strong>ad</strong></span> <span class='ocrx_word' id='word_1_669' title='bbox 2173 2816 2337 2869; x_wconf 87' lang='lat' dir='ltr'><strong>linem</strong></span> <span class='ocrx_word' id='word_1_670' title='bbox 2373 2825 2548 2869; x_wconf 91' lang='lat' dir='ltr'><strong>totum</strong></span> <span class='ocrx_word' id='word_1_671' title='bbox 2574 2815 2770 2869; x_wconf 88' lang='lat' dir='ltr'><strong>militis</strong></span> <span class='ocrx_word' id='word_1_672' title='bbox 2802 2816 2856 2870; x_wconf 94' lang='lat' dir='ltr'><strong>in</strong></span> <span class='ocrx_word' id='word_1_673' title='bbox 2887 2815 3136 2871; x_wconf 82' lang='lat' dir='ltr'><strong>exercitu</strong></span> <span class='ocrx_word' id='word_1_674' title='bbox 3164 2817 3369 2886; x_wconf 79' lang='lat' dir='ltr'><strong>vergit.</strong></span> 
     </span>
    </p>
   </div>
   <div class='ocr_carea' id='block_1_88' title="bbox 1789 2907 3372 2978">
    <p class='ocr_par' dir='ltr' id='par_1_88' title="bbox 1789 2907 3372 2978">
     <span class='ocr_line' id='line_1_88' title="bbox 1789 2907 3372 2978; baseline -0.001 -16"><span class='ocrx_word' id='word_1_675' title='bbox 1789 2907 2086 2962; x_wconf 91' lang='lat' dir='ltr'><strong>dicendum</strong></span> <span class='ocrx_word' id='word_1_676' title='bbox 2143 2908 2252 2962; x_wconf 88' lang='lat' dir='ltr'><strong>erit</strong></span> <span class='ocrx_word' id='word_1_677' title='bbox 2299 2924 2314 2960; x_wconf 88' lang='lat'><strong>:</strong></span> <span class='ocrx_word' id='word_1_678' title='bbox 2367 2907 2484 2976; x_wconf 88' lang='lat' dir='ltr'><strong>ipse</strong></span> <span class='ocrx_word' id='word_1_679' title='bbox 2533 2917 2622 2962; x_wconf 88' lang='lat' dir='ltr'><strong>est</strong></span> <span class='ocrx_word' id='word_1_680' title='bbox 2674 2924 2822 2978; x_wconf 87' lang='lat' dir='ltr'><strong>pars,</strong></span> <span class='ocrx_word' id='word_1_681' title='bbox 2871 2923 2999 2978; x_wconf 85' lang='lat' dir='ltr'><strong>pars</strong></span> <span class='ocrx_word' id='word_1_682' title='bbox 3044 2915 3174 2962; x_wconf 90' lang='lat' dir='ltr'><strong>sunt</strong></span> <span class='ocrx_word' id='word_1_683' title='bbox 3223 2907 3372 2961; x_wconf 87' lang='lat' dir='ltr'><strong>illius</strong></span> 
     </span>
    </p>
   </div>
   <div class='ocr_carea' id='block_1_89' title="bbox 1787 2998 3370 3069">
    <p class='ocr_par' dir='ltr' id='par_1_89' title="bbox 1787 2998 3370 3069">
     <span class='ocr_line' id='line_1_89' title="bbox 1787 2998 3370 3069; baseline 0.001 -17"><span class='ocrx_word' id='word_1_684' title='bbox 1787 3014 1963 3063; x_wconf 89' lang='lat' dir='ltr'><strong>arma,</strong></span> <span class='ocrx_word' id='word_1_685' title='bbox 1990 3015 2146 3068; x_wconf 61' lang='lat' dir='ltr'><strong>atque</strong></span> <span class='ocrx_word' id='word_1_686' title='bbox 2175 3001 2340 3054; x_wconf 90' lang='lat' dir='ltr'><strong>ambo</strong></span> <span class='ocrx_word' id='word_1_687' title='bbox 2363 3008 2494 3053; x_wconf 91' lang='lat' dir='ltr'><strong>sunt</strong></span> <span class='ocrx_word' id='word_1_688' title='bbox 2525 2999 2848 3069; x_wconf 79' lang='lat' dir='ltr'><strong>imperfecta</strong></span> <span class='ocrx_word' id='word_1_689' title='bbox 2880 3017 2894 3052; x_wconf 87' lang='lat'><strong>:</strong></span> <span class='ocrx_word' id='word_1_690' title='bbox 2929 2998 3040 3052; x_wconf 76' lang='lat' dir='ltr'><strong>dux</strong></span> <span class='ocrx_word' id='word_1_691' title='bbox 3070 2999 3196 3053; x_wconf 89' lang='lat' dir='ltr'><strong>ideo</strong></span> <span class='ocrx_word' id='word_1_692' title='bbox 3230 2999 3370 3053; x_wconf 89' lang='lat' dir='ltr'><strong>nihil</strong></span> 
     </span>
    </p>
   </div>
   <div class='ocr_carea' id='block_1_90' title="bbox 1789 3089 3372 3160">
    <p class='ocr_par' dir='ltr' id='par_1_90' title="bbox 1789 3089 3372 3160">
     <span class='ocr_line' id='line_1_90' title="bbox 1789 3089 3372 3160; baseline -0.001 -16"><span class='ocrx_word' id='word_1_693' title='bbox 1789 3090 1932 3144; x_wconf 91' lang='lat' dir='ltr'><strong>inter</strong></span> <span class='ocrx_word' id='word_1_694' title='bbox 1959 3090 2234 3156; x_wconf 87' lang='lat' dir='ltr'><strong>homines,</strong></span> <span class='ocrx_word' id='word_1_695' title='bbox 2265 3106 2416 3146; x_wconf 88' lang='lat' dir='ltr'><strong>arma</strong></span> <span class='ocrx_word' id='word_1_696' title='bbox 2446 3091 2583 3145; x_wconf 90' lang='lat' dir='ltr'><strong>nihil</strong></span> <span class='ocrx_word' id='word_1_697' title='bbox 2615 3090 2763 3147; x_wconf 89' lang='lat' dir='ltr'><strong>inter</strong></span> <span class='ocrx_word' id='word_1_698' title='bbox 2792 3105 2944 3145; x_wconf 89' lang='lat' dir='ltr'><strong>arma</strong></span> <span class='ocrx_word' id='word_1_699' title='bbox 2969 3089 3372 3160; x_wconf 84' lang='lat' dir='ltr'><strong>computahun-</strong></span> 
     </span>
    </p>
   </div>
   <div class='ocr_carea' id='block_1_91' title="bbox 1792 3181 3370 3252">
    <p class='ocr_par' dir='ltr' id='par_1_91' title="bbox 1792 3181 3370 3252">
     <span class='ocr_line' id='line_1_91' title="bbox 1792 3181 3370 3252; baseline 0 -18"><span class='ocrx_word' id='word_1_700' title='bbox 1792 3189 1921 3235; x_wconf 92' lang='lat' dir='ltr'><strong>tur:</strong></span> <span class='ocrx_word' id='word_1_701' title='bbox 1955 3181 2069 3236; x_wconf 77' lang='lat' dir='ltr'><strong>dux</strong></span> <span class='ocrx_word' id='word_1_702' title='bbox 2122 3198 2235 3237; x_wconf 92' lang='lat' dir='ltr'><strong>non</strong></span> <span class='ocrx_word' id='word_1_703' title='bbox 2289 3183 2514 3238; x_wconf 69' lang='grc' dir='ltr'>(ἥσει-οι</span> <span class='ocrx_word' id='word_1_704' title='bbox 2564 3182 2633 3236; x_wconf 90' lang='lat' dir='ltr'><strong>ab</strong></span> <span class='ocrx_word' id='word_1_705' title='bbox 2682 3182 2874 3244; x_wconf 88' lang='lat' dir='ltr'><strong>armis,</strong></span> <span class='ocrx_word' id='word_1_706' title='bbox 2933 3182 3140 3252; x_wconf 88' lang='lat' dir='ltr'><strong>quippe</strong></span> <span class='ocrx_word' id='word_1_707' title='bbox 3175 3197 3306 3252; x_wconf 87' lang='lat' dir='ltr'><strong>pars</strong></span> <span class='ocrx_word' id='word_1_708' title='bbox 3338 3195 3370 3234; x_wconf 88' lang='lat' dir='ltr'><strong>a</strong></span> 
     </span>
    </p>
   </div>
   <div class='ocr_carea' id='block_1_92' title="bbox 1788 3272 3372 3344">
    <p class='ocr_par' dir='ltr' id='par_1_92' title="bbox 1788 3272 3372 3344">
     <span class='ocr_line' id='line_1_92' title="bbox 1788 3272 3372 3344; baseline -0.001 -17"><span class='ocrx_word' id='word_1_709' title='bbox 1788 3283 1942 3344; x_wconf 87' lang='lat' dir='ltr'><strong>parte</strong></span> <span class='ocrx_word' id='word_1_710' title='bbox 1965 3283 2242 3344; x_wconf 85' lang='lat' dir='ltr'><strong>quatenus</strong></span> <span class='ocrx_word' id='word_1_711' title='bbox 2275 3285 2356 3330; x_wconf 91' lang='lat' dir='ltr'><strong>est</strong></span> <span class='ocrx_word' id='word_1_712' title='bbox 2383 3290 2530 3344; x_wconf 89' lang='lat' dir='ltr'><strong>pars,</strong></span> <span class='ocrx_word' id='word_1_713' title='bbox 2562 3289 2674 3329; x_wconf 84' lang='lat' dir='ltr'><strong>non</strong></span> <span class='ocrx_word' id='word_1_714' title='bbox 2707 3289 2838 3330; x_wconf 88' lang='lat' dir='ltr'><strong>vere</strong></span> <span class='ocrx_word' id='word_1_715' title='bbox 2863 3272 3087 3329; x_wconf 75' lang='lat' dir='ltr'><strong>diﬂ‘erat</strong></span> <span class='ocrx_word' id='word_1_716' title='bbox 3113 3290 3128 3328; x_wconf 91' lang='lat'><strong>:</strong></span> <span class='ocrx_word' id='word_1_717' title='bbox 3156 3282 3213 3328; x_wconf 93' lang='lat' dir='ltr'><strong>et</strong></span> <span class='ocrx_word' id='word_1_718' title='bbox 3235 3274 3372 3328; x_wconf 90' lang='lat' dir='ltr'><strong>sim-</strong></span> 
     </span>
    </p>
   </div>
   <div class='ocr_carea' id='block_1_93' title="bbox 1789 3365 3371 3437">
    <p class='ocr_par' dir='ltr' id='par_1_93' title="bbox 1789 3365 3371 3437">
     <span class='ocr_line' id='line_1_93' title="bbox 1789 3365 3371 3437; baseline 0.001 -19"><span class='ocrx_word' id='word_1_719' title='bbox 1789 3365 2012 3434; x_wconf 87' lang='lat' dir='ltr'><strong>pliciter</strong></span> <span class='ocrx_word' id='word_1_720' title='bbox 2047 3366 2192 3436; x_wconf 86' lang='lat' dir='ltr'><strong>apud</strong></span> <span class='ocrx_word' id='word_1_721' title='bbox 2230 3381 2329 3420; x_wconf 88' lang='lat' dir='ltr'><strong>vos</strong></span> <span class='ocrx_word' id='word_1_722' title='bbox 2361 3367 2479 3435; x_wconf 89' lang='lat' dir='ltr'><strong>pari</strong></span> <span class='ocrx_word' id='word_1_723' title='bbox 2524 3366 2737 3420; x_wconf 85' lang='lat' dir='ltr'><strong>honore</strong></span> <span class='ocrx_word' id='word_1_724' title='bbox 2769 3374 2957 3437; x_wconf 63' lang='lat' dir='ltr'><strong>erunt,</strong></span> <span class='ocrx_word' id='word_1_725' title='bbox 2982 3375 3039 3420; x_wconf 92' lang='lat' dir='ltr'><strong>et</strong></span> <span class='ocrx_word' id='word_1_726' title='bbox 3063 3367 3180 3420; x_wconf 67' lang='lat' dir='ltr'><strong>haec</strong></span> <span class='ocrx_word' id='word_1_727' title='bbox 3214 3381 3371 3435; x_wconf 79' lang='lat' dir='ltr'><strong>saga-</strong></span> 
     </span>
    </p>
   </div>
   <div class='ocr_carea' id='block_1_94' title="bbox 1789 3457 3371 3529">
    <p class='ocr_par' dir='ltr' id='par_1_94' title="bbox 1789 3457 3371 3529">
     <span class='ocr_line' id='line_1_94' title="bbox 1789 3457 3371 3529; baseline 0 -16"><span class='ocrx_word' id='word_1_728' title='bbox 1789 3458 1999 3513; x_wconf 89' lang='lat' dir='ltr'><strong>cissimi</strong></span> <span class='ocrx_word' id='word_1_729' title='bbox 2055 3459 2329 3514; x_wconf 86' lang='lat' dir='ltr'><strong>asseritis.</strong></span> <span class='ocrx_word' id='word_1_730' title='bbox 2385 3457 2493 3514; x_wconf 91' lang='lat' dir='ltr'><strong>Sed</strong></span> <span class='ocrx_word' id='word_1_731' title='bbox 2545 3474 2672 3514; x_wconf 85' lang='lat' dir='ltr'><strong>cum</strong></span> <span class='ocrx_word' id='word_1_732' title='bbox 2734 3459 3027 3514; x_wconf 78' lang='lat' dir='ltr'><strong>manifeste</strong></span> <span class='ocrx_word' id='word_1_733' title='bbox 3074 3459 3371 3529; x_wconf 89' lang='lat' dir='ltr'><strong>probatum</strong></span> 
     </span>
    </p>
   </div>
   <div class='ocr_carea' id='block_1_95' title="bbox 1788 3550 3371 3622">
    <p class='ocr_par' dir='ltr' id='par_1_95' title="bbox 1788 3550 3371 3622">
     <span class='ocr_line' id='line_1_95' title="bbox 1788 3550 3371 3622; baseline 0.001 -18"><span class='ocrx_word' id='word_1_734' title='bbox 1788 3550 1960 3606; x_wconf 82' lang='lat' dir='ltr'><strong>fuerit</strong></span> <span class='ocrx_word' id='word_1_735' title='bbox 1982 3567 2121 3606; x_wconf 86' lang='lat' dir='ltr'><strong>vana</strong></span> <span class='ocrx_word' id='word_1_736' title='bbox 2150 3567 2276 3606; x_wconf 90' lang='lat' dir='ltr'><strong>esse</strong></span> <span class='ocrx_word' id='word_1_737' title='bbox 2306 3559 2631 3621; x_wconf 88' lang='lat' dir='ltr'><strong>argumenta</strong></span> <span class='ocrx_word' id='word_1_738' title='bbox 2661 3567 2785 3620; x_wconf 65' lang='lat' dir='ltr'><strong>quae</strong></span> <span class='ocrx_word' id='word_1_739' title='bbox 2817 3552 2885 3605; x_wconf 91' lang='lat' dir='ltr'><strong>ad</strong></span> <span class='ocrx_word' id='word_1_740' title='bbox 2912 3567 3069 3607; x_wconf 88' lang='lat' dir='ltr'><strong>suam</strong></span> <span class='ocrx_word' id='word_1_741' title='bbox 3101 3553 3371 3622; x_wconf 87' lang='lat' dir='ltr'><strong>supersti-</strong></span> 
     </span>
    </p>
   </div>
   <div class='ocr_carea' id='block_1_96' title="bbox 1789 3643 3372 3713">
    <p class='ocr_par' dir='ltr' id='par_1_96' title="bbox 1789 3643 3372 3713">
     <span class='ocr_line' id='line_1_96' title="bbox 1789 3643 3372 3713; baseline 0.001 -15"><span class='ocrx_word' id='word_1_742' title='bbox 1789 3644 1999 3698; x_wconf 92' lang='lat' dir='ltr'><strong>tionem</strong></span> <span class='ocrx_word' id='word_1_743' title='bbox 2039 3643 2300 3698; x_wconf 87' lang='lat' dir='ltr'><strong>tuendam</strong></span> <span class='ocrx_word' id='word_1_744' title='bbox 2333 3643 2592 3713; x_wconf 84' lang='lat' dir='ltr'><strong>allegant,</strong></span> <span class='ocrx_word' id='word_1_745' title='bbox 2633 3644 2772 3698; x_wconf 88' lang='lat' dir='ltr'><strong>alias</strong></span> <span class='ocrx_word' id='word_1_746' title='bbox 2817 3643 2924 3698; x_wconf 85' lang='lat' dir='ltr'><strong>sibi</strong></span> <span class='ocrx_word' id='word_1_747' title='bbox 2959 3643 3246 3698; x_wconf 87' lang='lat' dir='ltr'><strong>vindicant</strong></span> <span class='ocrx_word' id='word_1_748' title='bbox 3277 3661 3372 3700; x_wconf 86' lang='lat' dir='ltr'><strong>oc-</strong></span> 
     </span>
    </p>
   </div>
   <div class='ocr_carea' id='block_1_97' title="bbox 1787 3734 3370 3806">
    <p class='ocr_par' dir='ltr' id='par_1_97' title="bbox 1787 3734 3370 3806">
     <span class='ocr_line' id='line_1_97' title="bbox 1787 3734 3370 3806; baseline 0.001 -16"><span class='ocrx_word' id='word_1_749' title='bbox 1787 3735 2040 3790; x_wconf 90' lang='lat' dir='ltr'><strong>casiones</strong></span> <span class='ocrx_word' id='word_1_750' title='bbox 2068 3743 2128 3788; x_wconf 93' lang='lat' dir='ltr'><strong>ut</strong></span> <span class='ocrx_word' id='word_1_751' title='bbox 2154 3734 2541 3789; x_wconf 86' lang='lat' dir='ltr'><strong>necessitatem</strong></span> <span class='ocrx_word' id='word_1_752' title='bbox 2571 3751 2684 3790; x_wconf 64' lang='lat' dir='ltr'><strong>sum</strong></span> <span class='ocrx_word' id='word_1_753' title='bbox 2715 3735 3018 3803; x_wconf 77' lang='lat' dir='ltr'><strong>impietatis</strong></span> <span class='ocrx_word' id='word_1_754' title='bbox 3047 3751 3370 3806; x_wconf 86' lang='lat' dir='ltr'><strong>persuasam</strong></span> 
     </span>
    </p>
   </div>
   <div class='ocr_carea' id='block_1_98' title="bbox 1787 3826 2649 3897">
    <p class='ocr_par' dir='ltr' id='par_1_98' title="bbox 1787 3826 2649 3897">
     <span class='ocr_line' id='line_1_98' title="bbox 1787 3826 2649 3897; baseline -0.001 -15"><span class='ocrx_word' id='word_1_755' title='bbox 1787 3827 2051 3883; x_wconf 84' lang='lat' dir='ltr'><strong>eﬂiciant.</strong></span> <span class='ocrx_word' id='word_1_756' title='bbox 2079 3827 2205 3882; x_wconf 58' lang='lat' dir='ltr'><strong>Haec</strong></span> <span class='ocrx_word' id='word_1_757' title='bbox 2231 3826 2400 3897; x_wconf 78' lang='lat' dir='ltr'><strong>igitur</strong></span> <span class='ocrx_word' id='word_1_758' title='bbox 2430 3826 2649 3882; x_wconf 90' lang='lat' dir='ltr'><strong>dicunt.</strong></span> 
     </span>
    </p>
   </div>
   <div class='ocr_carea' id='block_1_99' title="bbox 2447 3942 2709 3999">
    <p class='ocr_par' dir='ltr' id='par_1_99' title="bbox 2447 3942 2709 3999">
     <span class='ocr_line' id='line_1_99' title="bbox 2447 3942 2709 3999; baseline 0 -1"><span class='ocrx_word' id='word_1_759' title='bbox 2447 3942 2601 3999; x_wconf 81' lang='lat' dir='ltr'><strong>CAP.</strong></span> <span class='ocrx_word' id='word_1_760' title='bbox 2643 3943 2709 3998; x_wconf 84' lang='lat' dir='ltr'><strong>ll.</strong></span> 
     </span>
    </p>
   </div>
   <div class='ocr_carea' id='block_1_100' title="bbox 1856 4055 3368 4127">
    <p class='ocr_par' dir='ltr' id='par_1_100' title="bbox 1856 4055 3368 4127">
     <span class='ocr_line' id='line_1_100' title="bbox 1856 4055 3368 4127; baseline 0 -16"><span class='ocrx_word' id='word_1_761' title='bbox 1856 4057 1960 4123; x_wconf 88' lang='lat' dir='ltr'><strong>Qui</strong></span> <span class='ocrx_word' id='word_1_762' title='bbox 1996 4065 2082 4111; x_wconf 87' lang='lat' dir='ltr'><strong>est</strong></span> <span class='ocrx_word' id='word_1_763' title='bbox 2132 4055 2359 4126; x_wconf 87' lang='lat' dir='ltr'><strong>proprie</strong></span> <span class='ocrx_word' id='word_1_764' title='bbox 2412 4055 2560 4111; x_wconf 77' lang='lat' dir='ltr'><strong>illius</strong></span> <span class='ocrx_word' id='word_1_765' title='bbox 2588 4095 2603 4121; x_wconf 93' lang='lat'><strong>,</strong></span> <span class='ocrx_word' id='word_1_766' title='bbox 2643 4064 2792 4111; x_wconf 89' lang='lat' dir='ltr'><strong>totus</strong></span> <span class='ocrx_word' id='word_1_767' title='bbox 2826 4065 2912 4112; x_wconf 89' lang='lat' dir='ltr'><strong>est</strong></span> <span class='ocrx_word' id='word_1_768' title='bbox 2955 4056 3076 4127; x_wconf 90' lang='lat' dir='ltr'><strong>ejus</strong></span> <span class='ocrx_word' id='word_1_769' title='bbox 3108 4056 3202 4126; x_wconf 91' lang='lat' dir='ltr'><strong>qui</strong></span> <span class='ocrx_word' id='word_1_770' title='bbox 3239 4072 3368 4111; x_wconf 89' lang='lat' dir='ltr'><strong>eum</strong></span> 
     </span>
    </p>
   </div>
   <div class='ocr_carea' id='block_1_101' title="bbox 1787 4147 3371 4219">
    <p class='ocr_par' dir='ltr' id='par_1_101' title="bbox 1787 4147 3371 4219">
     <span class='ocr_line' id='line_1_101' title="bbox 1787 4147 3371 4219; baseline 0 -17"><span class='ocrx_word' id='word_1_771' title='bbox 1787 4148 1984 4219; x_wconf 79' lang='lat' dir='ltr'><strong>genuit</strong></span> <span class='ocrx_word' id='word_1_772' title='bbox 2031 4147 2178 4202; x_wconf 83' lang='lat' dir='ltr'><strong>illius</strong></span> <span class='ocrx_word' id='word_1_773' title='bbox 2230 4165 2244 4201; x_wconf 90' lang='lat'><strong>:</strong></span> <span class='ocrx_word' id='word_1_774' title='bbox 2291 4147 2442 4202; x_wconf 91' lang='lat' dir='ltr'><strong>nulla</strong></span> <span class='ocrx_word' id='word_1_775' title='bbox 2495 4147 2644 4202; x_wconf 88' lang='lat' dir='ltr'><strong>enim</strong></span> <span class='ocrx_word' id='word_1_776' title='bbox 2694 4157 2781 4204; x_wconf 88' lang='lat' dir='ltr'><strong>est</strong></span> <span class='ocrx_word' id='word_1_777' title='bbox 2830 4163 2964 4218; x_wconf 88' lang='lat' dir='ltr'><strong>pars</strong></span> <span class='ocrx_word' id='word_1_778' title='bbox 2991 4163 3115 4218; x_wconf 69' lang='lat' dir='ltr'><strong>quae</strong></span> <span class='ocrx_word' id='word_1_779' title='bbox 3151 4147 3371 4203; x_wconf 88' lang='lat' dir='ltr'><strong>dicatur</strong></span> 
     </span>
    </p>
   </div>
   <div class='ocr_carea' id='block_1_102' title="bbox 1786 4238 3370 4312">
    <p class='ocr_par' dir='ltr' id='par_1_102' title="bbox 1786 4238 3370 4312">
     <span class='ocr_line' id='line_1_102' title="bbox 1786 4238 3370 4312; baseline -0.001 -16"><span class='ocrx_word' id='word_1_780' title='bbox 1786 4242 1908 4312; x_wconf 85' lang='lat' dir='ltr'><strong>ejus</strong></span> <span class='ocrx_word' id='word_1_781' title='bbox 1936 4239 2085 4294; x_wconf 84' lang='lat' dir='ltr'><strong>ﬁlius</strong></span> <span class='ocrx_word' id='word_1_782' title='bbox 2121 4256 2134 4293; x_wconf 91' lang='lat'><strong>:</strong></span> <span class='ocrx_word' id='word_1_783' title='bbox 2173 4238 2270 4296; x_wconf 90' lang='lat' dir='ltr'><strong>sed</strong></span> <span class='ocrx_word' id='word_1_784' title='bbox 2322 4247 2480 4310; x_wconf 86' lang='lat' dir='ltr'><strong>pater</strong></span> <span class='ocrx_word' id='word_1_785' title='bbox 2515 4241 2707 4310; x_wconf 89' lang='lat' dir='ltr'><strong>nequit</strong></span> <span class='ocrx_word' id='word_1_786' title='bbox 2747 4255 2872 4295; x_wconf 87' lang='lat' dir='ltr'><strong>esse</strong></span> <span class='ocrx_word' id='word_1_787' title='bbox 2906 4239 3102 4310; x_wconf 86' lang='lat' dir='ltr'><strong>partis,</strong></span> <span class='ocrx_word' id='word_1_788' title='bbox 3129 4240 3263 4310; x_wconf 90' lang='lat' dir='ltr'><strong>quin</strong></span> <span class='ocrx_word' id='word_1_789' title='bbox 3295 4241 3370 4294; x_wconf 90' lang='lat' dir='ltr'><strong>sit</strong></span> 
     </span>
    </p>
   </div>
   <div class='ocr_carea' id='block_1_103' title="bbox 1789 4330 3370 4402">
    <p class='ocr_par' dir='ltr' id='par_1_103' title="bbox 1789 4330 3370 4402">
     <span class='ocr_line' id='line_1_103' title="bbox 1789 4330 3370 4402; baseline -0.001 -15"><span class='ocrx_word' id='word_1_790' title='bbox 1789 4333 1962 4389; x_wconf 89' lang='lat' dir='ltr'><strong>totius</strong></span> <span class='ocrx_word' id='word_1_791' title='bbox 1989 4341 2223 4397; x_wconf 88' lang='lat' dir='ltr'><strong>auctor;</strong></span> <span class='ocrx_word' id='word_1_792' title='bbox 2253 4330 2327 4387; x_wconf 89' lang='lat' dir='ltr'><strong>sit</strong></span> <span class='ocrx_word' id='word_1_793' title='bbox 2363 4330 2675 4401; x_wconf 81' lang='lat' dir='ltr'><strong>exemplum</strong></span> <span class='ocrx_word' id='word_1_794' title='bbox 2721 4340 2900 4386; x_wconf 90' lang='lat' dir='ltr'><strong>totum</strong></span> <span class='ocrx_word' id='word_1_795' title='bbox 2949 4331 3096 4402; x_wconf 89' lang='lat' dir='ltr'><strong>quod</strong></span> <span class='ocrx_word' id='word_1_796' title='bbox 3150 4341 3370 4388; x_wconf 84' lang='lat' dir='ltr'><strong>constat</strong></span> 
     </span>
    </p>
   </div>
   <div class='ocr_carea' id='block_1_104' title="bbox 1787 4421 3370 4491">
    <p class='ocr_par' dir='ltr' id='par_1_104' title="bbox 1787 4421 3370 4491">
     <span class='ocr_line' id='line_1_104' title="bbox 1787 4421 3370 4491; baseline 0 -15"><span class='ocrx_word' id='word_1_797' title='bbox 1787 4437 1855 4476; x_wconf 82' lang='lat' dir='ltr'><strong>ex</strong></span> <span class='ocrx_word' id='word_1_798' title='bbox 1884 4421 2068 4476; x_wconf 90' lang='lat' dir='ltr'><strong>anima</strong></span> <span class='ocrx_word' id='word_1_799' title='bbox 2114 4421 2374 4476; x_wconf 87' lang='lat' dir='ltr'><strong>rationali</strong></span> <span class='ocrx_word' id='word_1_800' title='bbox 2420 4431 2478 4476; x_wconf 89' lang='lat' dir='ltr'><strong>et</strong></span> <span class='ocrx_word' id='word_1_801' title='bbox 2518 4435 2754 4491; x_wconf 88' lang='lat' dir='ltr'><strong>corpore</strong></span> <span class='ocrx_word' id='word_1_802' title='bbox 2805 4422 3017 4476; x_wconf 79' lang='lat' dir='ltr'><strong>viventi</strong></span> <span class='ocrx_word' id='word_1_803' title='bbox 3060 4431 3282 4478; x_wconf 90' lang='lat' dir='ltr'><strong>constat</strong></span> <span class='ocrx_word' id='word_1_804' title='bbox 3310 4431 3370 4477; x_wconf 89' lang='lat' dir='ltr'><strong>et</strong></span> 
     </span>
    </p>
   </div>
   <div class='ocr_carea' id='block_1_105' title="bbox 1787 4512 3366 4585">
    <p class='ocr_par' dir='ltr' id='par_1_105' title="bbox 1787 4512 3366 4585">
     <span class='ocr_line' id='line_1_105' title="bbox 1787 4512 3366 4585; baseline 0.002 -19"><span class='ocrx_word' id='word_1_805' title='bbox 1787 4514 1936 4583; x_wconf 92' lang='lat' dir='ltr'><strong>quod</strong></span> <span class='ocrx_word' id='word_1_806' title='bbox 1961 4513 2170 4569; x_wconf 89' lang='lat' dir='ltr'><strong>dicitur</strong></span> <span class='ocrx_word' id='word_1_807' title='bbox 2199 4512 2346 4568; x_wconf 82' lang='lat' dir='ltr'><strong>ﬁlius</strong></span> <span class='ocrx_word' id='word_1_808' title='bbox 2375 4513 2616 4568; x_wconf 88' lang='lat' dir='ltr'><strong>hominis</strong></span> <span class='ocrx_word' id='word_1_809' title='bbox 2644 4529 2660 4567; x_wconf 87' lang='lat'><strong>:</strong></span> <span class='ocrx_word' id='word_1_810' title='bbox 2691 4513 2739 4568; x_wconf 90' lang='lat' dir='ltr'><strong>si</strong></span> <span class='ocrx_word' id='word_1_811' title='bbox 2765 4513 3036 4569; x_wconf 92' lang='lat' dir='ltr'><strong>acciderit</strong></span> <span class='ocrx_word' id='word_1_812' title='bbox 3070 4515 3217 4585; x_wconf 85' lang='lat' dir='ltr'><strong>quod</strong></span> <span class='ocrx_word' id='word_1_813' title='bbox 3258 4531 3366 4569; x_wconf 88' lang='lat' dir='ltr'><strong>una</strong></span> 
     </span>
    </p>
   </div>
   <div class='ocr_carea' id='block_1_106' title="bbox 1785 4603 3368 4674">
    <p class='ocr_par' dir='ltr' id='par_1_106' title="bbox 1785 4603 3368 4674">
     <span class='ocr_line' id='line_1_106' title="bbox 1785 4603 3368 4674; baseline 0.003 -17"><span class='ocrx_word' id='word_1_814' title='bbox 1785 4620 1914 4674; x_wconf 90' lang='lat' dir='ltr'><strong>pars</strong></span> <span class='ocrx_word' id='word_1_815' title='bbox 1949 4603 2111 4659; x_wconf 91' lang='lat' dir='ltr'><strong>istius</strong></span> <span class='ocrx_word' id='word_1_816' title='bbox 2135 4605 2307 4659; x_wconf 90' lang='lat' dir='ltr'><strong>totius</strong></span> <span class='ocrx_word' id='word_1_817' title='bbox 2332 4605 2454 4659; x_wconf 89' lang='lat' dir='ltr'><strong>sine</strong></span> <span class='ocrx_word' id='word_1_818' title='bbox 2482 4605 2654 4660; x_wconf 90' lang='lat' dir='ltr'><strong>altera</strong></span> <span class='ocrx_word' id='word_1_819' title='bbox 2686 4620 2751 4658; x_wconf 82' lang='lat' dir='ltr'><strong>ex</strong></span> <span class='ocrx_word' id='word_1_820' title='bbox 2785 4615 2959 4660; x_wconf 87' lang='lat' dir='ltr'><strong>matre</strong></span> <span class='ocrx_word' id='word_1_821' title='bbox 2984 4615 3166 4668; x_wconf 81' lang='lat' dir='ltr'><strong>exeat,</strong></span> <span class='ocrx_word' id='word_1_822' title='bbox 3200 4608 3368 4661; x_wconf 84' lang='lat' dir='ltr'><strong>abor-</strong></span> 
     </span>
    </p>
   </div>
   <div class='ocr_carea' id='block_1_107' title="bbox 1788 4697 3368 4760">
    <p class='ocr_par' dir='ltr' id='par_1_107' title="bbox 1788 4697 3368 4760">
     <span class='ocr_line' id='line_1_107' title="bbox 1788 4697 3368 4760; baseline 0.001 -11"><span class='ocrx_word' id='word_1_823' title='bbox 1788 4697 1960 4752; x_wconf 84' lang='lat' dir='ltr'><strong>tivum</strong></span> <span class='ocrx_word' id='word_1_824' title='bbox 1995 4706 2194 4751; x_wconf 87' lang='lat' dir='ltr'><strong>etnon</strong></span> <span class='ocrx_word' id='word_1_825' title='bbox 2225 4697 2400 4751; x_wconf 85' lang='lat' dir='ltr'><strong>lilium</strong></span> <span class='ocrx_word' id='word_1_826' title='bbox 2434 4697 2724 4752; x_wconf 89' lang='lat' dir='ltr'><strong>nominare</strong></span> <span class='ocrx_word' id='word_1_827' title='bbox 2769 4697 3034 4760; x_wconf 88' lang='lat' dir='ltr'><strong>solemus,</strong></span> <span class='ocrx_word' id='word_1_828' title='bbox 3082 4698 3368 4753; x_wconf 84' lang='lat' dir='ltr'><strong>addimus-</strong></span> 
     </span>
    </p>
   </div>
   <div class='ocr_carea' id='block_1_108' title="bbox 1785 4787 3364 4858">
    <p class='ocr_par' dir='ltr' id='par_1_108' title="bbox 1785 4787 3364 4858">
     <span class='ocr_line' id='line_1_108' title="bbox 1785 4787 3364 4858; baseline 0.003 -18"><span class='ocrx_word' id='word_1_829' title='bbox 1785 4803 1892 4857; x_wconf 88' lang='lat' dir='ltr'><strong>que</strong></span> <span class='ocrx_word' id='word_1_830' title='bbox 1928 4788 2186 4841; x_wconf 87' lang='lat' dir='ltr'><strong>abortum</strong></span> <span class='ocrx_word' id='word_1_831' title='bbox 2217 4787 2408 4850; x_wconf 82' lang='lat' dir='ltr'><strong>fuisse,</strong></span> <span class='ocrx_word' id='word_1_832' title='bbox 2456 4803 2567 4841; x_wconf 90' lang='lat' dir='ltr'><strong>non</strong></span> <span class='ocrx_word' id='word_1_833' title='bbox 2598 4787 2966 4843; x_wconf 89' lang='lat' dir='ltr'><strong>nativitatem.</strong></span> <span class='ocrx_word' id='word_1_834' title='bbox 3005 4787 3061 4843; x_wconf 89' lang='lat' dir='ltr'><strong>Si</strong></span> <span class='ocrx_word' id='word_1_835' title='bbox 3101 4788 3268 4858; x_wconf 81' lang='lat' dir='ltr'><strong>igitur</strong></span> <span class='ocrx_word' id='word_1_836' title='bbox 3293 4803 3364 4844; x_wconf 76' lang='lat' dir='ltr'><strong>ex</strong></span> 
     </span>
    </p>
   </div>
   <div class='ocr_carea' id='block_1_109' title="bbox 1786 4879 3366 4948">
    <p class='ocr_par' dir='ltr' id='par_1_109' title="bbox 1786 4879 3366 4948">
     <span class='ocr_line' id='line_1_109' title="bbox 1786 4879 3366 4948; baseline 0.003 -16"><span class='ocrx_word' id='word_1_837' title='bbox 1786 4887 1940 4948; x_wconf 89' lang='lat' dir='ltr'><strong>parte</strong></span> <span class='ocrx_word' id='word_1_838' title='bbox 1969 4879 2142 4933; x_wconf 86' lang='lat' dir='ltr'><strong>ﬁlium</strong></span> <span class='ocrx_word' id='word_1_839' title='bbox 2171 4879 2414 4935; x_wconf 90' lang='lat' dir='ltr'><strong>hominis</strong></span> <span class='ocrx_word' id='word_1_840' title='bbox 2436 4879 2622 4935; x_wconf 88' lang='lat' dir='ltr'><strong>dicitis</strong></span> <span class='ocrx_word' id='word_1_841' title='bbox 2656 4879 2967 4944; x_wconf 88' lang='lat' dir='ltr'><strong>Christum,</strong></span> <span class='ocrx_word' id='word_1_842' title='bbox 3012 4881 3366 4936; x_wconf 76' lang='lat' dir='ltr'><strong>manifestum</strong></span> 
     </span>
    </p>
   </div>
   <div class='ocr_carea' id='block_1_110' title="bbox 1783 4969 3365 5040">
    <p class='ocr_par' dir='ltr' id='par_1_110' title="bbox 1783 4969 3365 5040">
     <span class='ocr_line' id='line_1_110' title="bbox 1783 4969 3365 5040; baseline 0 -16"><span class='ocrx_word' id='word_1_843' title='bbox 1783 4979 1869 5024; x_wconf 89' lang='lat' dir='ltr'><strong>est</strong></span> <span class='ocrx_word' id='word_1_844' title='bbox 1903 4970 2048 5038; x_wconf 91' lang='lat' dir='ltr'><strong>quod</strong></span> <span class='ocrx_word' id='word_1_845' title='bbox 2085 4985 2189 5024; x_wconf 92' lang='lat' dir='ltr'><strong>nec</strong></span> <span class='ocrx_word' id='word_1_846' title='bbox 2212 4972 2388 5040; x_wconf 89' lang='lat' dir='ltr'><strong>patris</strong></span> <span class='ocrx_word' id='word_1_847' title='bbox 2418 4969 2667 5039; x_wconf 87' lang='lat' dir='ltr'><strong>proprie,</strong></span> <span class='ocrx_word' id='word_1_848' title='bbox 2700 4985 2803 5024; x_wconf 92' lang='lat' dir='ltr'><strong>nec</strong></span> <span class='ocrx_word' id='word_1_849' title='bbox 2827 4971 3023 5025; x_wconf 87' lang='lat' dir='ltr'><strong>matris</strong></span> <span class='ocrx_word' id='word_1_850' title='bbox 3052 4981 3140 5025; x_wconf 88' lang='lat' dir='ltr'><strong>est</strong></span> <span class='ocrx_word' id='word_1_851' title='bbox 3166 4972 3313 5026; x_wconf 79' lang='lat' dir='ltr'><strong>[ilius</strong></span> <span class='ocrx_word' id='word_1_852' title='bbox 3350 4989 3365 5024; x_wconf 87' lang='lat'><strong>:</strong></span> 
     </span>
    </p>
   </div>
   <div class='ocr_carea' id='block_1_111' title="bbox 1785 5059 3369 5129">
    <p class='ocr_par' dir='ltr' id='par_1_111' title="bbox 1785 5059 3369 5129">
     <span class='ocr_line' id='line_1_111' title="bbox 1785 5059 3369 5129; baseline 0.003 -15"><span class='ocrx_word' id='word_1_853' title='bbox 1785 5061 1944 5129; x_wconf 91' lang='lat' dir='ltr'><strong>cujus</strong></span> <span class='ocrx_word' id='word_1_854' title='bbox 1989 5059 2160 5129; x_wconf 87' lang='lat' dir='ltr'><strong>igitur</strong></span> <span class='ocrx_word' id='word_1_855' title='bbox 2190 5071 2388 5114; x_wconf 88' lang='lat' dir='ltr'><strong>natura</strong></span> <span class='ocrx_word' id='word_1_856' title='bbox 2418 5059 2490 5113; x_wconf 91' lang='lat' dir='ltr'><strong>sit</strong></span> <span class='ocrx_word' id='word_1_857' title='bbox 2519 5059 2688 5120; x_wconf 87' lang='lat' dir='ltr'><strong>ﬁlius.</strong></span> <span class='ocrx_word' id='word_1_858' title='bbox 2715 5059 2878 5114; x_wconf 89' lang='lat' dir='ltr'><strong>nobis</strong></span> <span class='ocrx_word' id='word_1_859' title='bbox 2904 5061 3369 5128; x_wconf 84' lang='lat' dir='ltr'><strong>ostendite.Quid</strong></span> 
     </span>
    </p>
   </div>
   <div class='ocr_carea' id='block_1_112' title="bbox 1784 5149 3369 5222">
    <p class='ocr_par' dir='ltr' id='par_1_112' title="bbox 1784 5149 3369 5222">
     <span class='ocr_line' id='line_1_112' title="bbox 1784 5149 3369 5222; baseline 0.002 -17"><span class='ocrx_word' id='word_1_860' title='bbox 1784 5167 1938 5221; x_wconf 83' lang='lat' dir='ltr'><strong>ergo,</strong></span> <span class='ocrx_word' id='word_1_861' title='bbox 1975 5167 2008 5205; x_wconf 90' lang='grc' dir='ltr'><strong>ο</strong></span> <span class='ocrx_word' id='word_1_862' title='bbox 2038 5166 2157 5214; x_wconf 86' lang='lat' dir='ltr'><strong>vos,</strong></span> <span class='ocrx_word' id='word_1_863' title='bbox 2183 5152 2452 5206; x_wconf 88' lang='lat' dir='ltr'><strong>mentitur</strong></span> <span class='ocrx_word' id='word_1_864' title='bbox 2483 5151 2667 5205; x_wconf 90' lang='lat' dir='ltr'><strong>omnis</strong></span> <span class='ocrx_word' id='word_1_865' title='bbox 2706 5149 2994 5221; x_wconf 87' lang='lat' dir='ltr'><strong>Scriptura</strong></span> <span class='ocrx_word' id='word_1_866' title='bbox 3021 5168 3199 5216; x_wconf 88' lang='lat' dir='ltr'><strong>saera,</strong></span> <span class='ocrx_word' id='word_1_867' title='bbox 3244 5169 3369 5222; x_wconf 63' lang='lat' dir='ltr'><strong>quae</strong></span> 
     </span>
    </p>
   </div>
   <div class='ocr_carea' id='block_1_113' title="bbox 1785 5241 3368 5304">
    <p class='ocr_par' dir='ltr' id='par_1_113' title="bbox 1785 5241 3368 5304">
     <span class='ocr_line' id='line_1_113' title="bbox 1785 5241 3368 5304; baseline 0.002 -8"><span class='ocrx_word' id='word_1_868' title='bbox 1785 5242 1951 5297; x_wconf 87' lang='lat' dir='ltr'><strong>modo</strong></span> <span class='ocrx_word' id='word_1_869' title='bbox 2003 5242 2204 5296; x_wconf 86' lang='lat' dir='ltr'><strong>Filium</strong></span> <span class='ocrx_word' id='word_1_870' title='bbox 2238 5241 2353 5304; x_wconf 82' lang='lat' dir='ltr'><strong>Dei,</strong></span> <span class='ocrx_word' id='word_1_871' title='bbox 2399 5241 2562 5296; x_wconf 92' lang='lat' dir='ltr'><strong>modo</strong></span> <span class='ocrx_word' id='word_1_872' title='bbox 2595 5241 2767 5296; x_wconf 83' lang='lat' dir='ltr'><strong>ﬁlium</strong></span> <span class='ocrx_word' id='word_1_873' title='bbox 2818 5243 3059 5298; x_wconf 89' lang='lat' dir='ltr'><strong>hominis</strong></span> <span class='ocrx_word' id='word_1_874' title='bbox 3107 5245 3368 5300; x_wconf 86' lang='lat' dir='ltr'><strong>eumdem</strong></span> 
     </span>
    </p>
   </div>
   <div class='ocr_carea' id='block_1_114' title="bbox 1787 5333 3370 5405">
    <p class='ocr_par' dir='ltr' id='par_1_114' title="bbox 1787 5333 3370 5405">
     <span class='ocr_line' id='line_1_114' title="bbox 1787 5333 3370 5405; baseline 0.001 -16"><span class='ocrx_word' id='word_1_875' title='bbox 1787 5334 2038 5389; x_wconf 89' lang='lat' dir='ltr'><strong>nominat</strong></span> <span class='ocrx_word' id='word_1_876' title='bbox 2063 5333 2390 5388; x_wconf 85' lang='lat' dir='ltr'><strong>Christum?</strong></span> <span class='ocrx_word' id='word_1_877' title='bbox 2420 5334 2488 5388; x_wconf 84' lang='lat' dir='ltr'><strong>Et</strong></span> <span class='ocrx_word' id='word_1_878' title='bbox 2530 5334 2657 5403; x_wconf 91' lang='lat' dir='ltr'><strong>quis</strong></span> <span class='ocrx_word' id='word_1_879' title='bbox 2682 5344 2897 5390; x_wconf 81' lang='lat' dir='ltr'><strong>vestras</strong></span> <span class='ocrx_word' id='word_1_880' title='bbox 2942 5351 3117 5405; x_wconf 86' lang='lat' dir='ltr'><strong>nugas</strong></span> <span class='ocrx_word' id='word_1_881' title='bbox 3163 5337 3370 5392; x_wconf 89' lang='lat' dir='ltr'><strong>divinis</strong></span> 
     </span>
    </p>
   </div>
   <div class='ocr_carea' id='block_1_115' title="bbox 1787 5427 3368 5497">
    <p class='ocr_par' dir='ltr' id='par_1_115' title="bbox 1787 5427 3368 5497">
     <span class='ocr_line' id='line_1_115' title="bbox 1787 5427 3368 5497; baseline 0.001 -15"><span class='ocrx_word' id='word_1_882' title='bbox 1787 5437 2089 5497; x_wconf 89' lang='lat' dir='ltr'><strong>anteponet</strong></span> <span class='ocrx_word' id='word_1_883' title='bbox 2148 5428 2552 5482; x_wconf 84' lang='lat' dir='ltr'><strong>sermonibus?</strong></span> <span class='ocrx_word' id='word_1_884' title='bbox 2605 5427 2749 5493; x_wconf 83' lang='lat' dir='ltr'><strong>Quid</strong></span> <span class='ocrx_word' id='word_1_885' title='bbox 2801 5445 2937 5484; x_wconf 88' lang='lat' dir='ltr'><strong>vero</strong></span> <span class='ocrx_word' id='word_1_886' title='bbox 2990 5429 3242 5484; x_wconf 89' lang='lat' dir='ltr'><strong>dicamus</strong></span> <span class='ocrx_word' id='word_1_887' title='bbox 3299 5431 3368 5485; x_wconf 89' lang='lat' dir='ltr'><strong>de</strong></span> 
     </span>
    </p>
   </div>
   <div class='ocr_carea' id='block_1_116' title="bbox 1783 5519 3368 5592">
    <p class='ocr_par' dir='ltr' id='par_1_116' title="bbox 1783 5519 3368 5592">
     <span class='ocr_line' id='line_1_116' title="bbox 1783 5519 3368 5592; baseline 0.001 -16"><span class='ocrx_word' id='word_1_888' title='bbox 1783 5519 2029 5585; x_wconf 88' lang='lat' dir='ltr'><strong>Christo,</strong></span> <span class='ocrx_word' id='word_1_889' title='bbox 2063 5529 2120 5575; x_wconf 90' lang='lat' dir='ltr'><strong>et</strong></span> <span class='ocrx_word' id='word_1_890' title='bbox 2162 5520 2231 5573; x_wconf 86' lang='lat' dir='ltr'><strong>de</strong></span> <span class='ocrx_word' id='word_1_891' title='bbox 2262 5521 2447 5575; x_wconf 87' lang='lat' dir='ltr'><strong>Filio?</strong></span> <span class='ocrx_word' id='word_1_892' title='bbox 2477 5520 2534 5575; x_wconf 89' lang='lat' dir='ltr'><strong>Si</strong></span> <span class='ocrx_word' id='word_1_893' title='bbox 2579 5522 2753 5587; x_wconf 88' lang='lat' dir='ltr'><strong>enim,</strong></span> <span class='ocrx_word' id='word_1_894' title='bbox 2801 5523 3267 5592; x_wconf 88' lang='lat' dir='ltr'><strong>quemadmodum</strong></span> <span class='ocrx_word' id='word_1_895' title='bbox 3311 5534 3368 5578; x_wconf 90' lang='lat' dir='ltr'><strong>et</strong></span> 
     </span>
    </p>
   </div>
   <div class='ocr_carea' id='block_1_117' title="bbox 1783 5614 3369 5684">
    <p class='ocr_par' dir='ltr' id='par_1_117' title="bbox 1783 5614 3369 5684">
     <span class='ocr_line' id='line_1_117' title="bbox 1783 5614 3369 5684; baseline 0.001 -15"><span class='ocrx_word' id='word_1_896' title='bbox 1783 5630 1883 5670; x_wconf 90' lang='lat' dir='ltr'><strong>vos</strong></span> <span class='ocrx_word' id='word_1_897' title='bbox 1912 5615 2062 5670; x_wconf 91' lang='lat' dir='ltr'><strong>hunc</strong></span> <span class='ocrx_word' id='word_1_898' title='bbox 2105 5614 2370 5684; x_wconf 70' lang='lat' dir='ltr'><strong>loquendi</strong></span> <span class='ocrx_word' id='word_1_899' title='bbox 2420 5614 2646 5670; x_wconf 91' lang='lat' dir='ltr'><strong>modum</strong></span> <span class='ocrx_word' id='word_1_900' title='bbox 2696 5616 2989 5671; x_wconf 70' lang='lat' dir='ltr'><strong>occasione</strong></span> <span class='ocrx_word' id='word_1_901' title='bbox 3028 5617 3156 5671; x_wconf 86' lang='lat' dir='ltr'><strong>data</strong></span> <span class='ocrx_word' id='word_1_902' title='bbox 3207 5631 3369 5670; x_wconf 86' lang='lat' dir='ltr'><strong>usur-</strong></span> 
     </span>
    </p>
   </div>
   <div class='ocr_carea' id='block_1_118' title="bbox 1785 5707 3368 5779">
    <p class='ocr_par' dir='ltr' id='par_1_118' title="bbox 1785 5707 3368 5779">
     <span class='ocr_line' id='line_1_118' title="bbox 1785 5707 3368 5779; baseline 0.003 -18"><span class='ocrx_word' id='word_1_903' title='bbox 1785 5707 1977 5778; x_wconf 89' lang='lat' dir='ltr'><strong>pastis,</strong></span> <span class='ocrx_word' id='word_1_904' title='bbox 2028 5722 2096 5762; x_wconf 72' lang='lat' dir='ltr'><strong>ex</strong></span> <span class='ocrx_word' id='word_1_905' title='bbox 2151 5717 2308 5777; x_wconf 82' lang='lat' dir='ltr'><strong>parte</strong></span> <span class='ocrx_word' id='word_1_906' title='bbox 2367 5707 2648 5762; x_wconf 89' lang='lat' dir='ltr'><strong>hominem</strong></span> <span class='ocrx_word' id='word_1_907' title='bbox 2701 5708 2882 5779; x_wconf 89' lang='lat' dir='ltr'><strong>ipsum</strong></span> <span class='ocrx_word' id='word_1_908' title='bbox 2933 5717 3109 5762; x_wconf 85' lang='lat' dir='ltr'><strong>totum</strong></span> <span class='ocrx_word' id='word_1_909' title='bbox 3163 5717 3368 5765; x_wconf 83' lang='lat' dir='ltr'><strong>vocant</strong></span> 
     </span>
    </p>
   </div>
  </div>
