4194 6446
745 363 874 432 16σὶ

2013 347 2278 408 [ΕΟΝΤΙ
2296 345 2314 401 l
2357 341 2725 402 BYZAN'I'IN
2739 340 2756 398 l

3886 329 4028 399 1503

745 483 904 526 sacra
939 465 1196 536 Eloquia,
1233 464 1381 519 sicut
1403 464 1458 518 in
1483 463 1591 517 hoc
1614 463 1760 526 loco,
1784 461 1852 514 ad
1879 470 1930 514 te
1951 475 2080 514 caro
2109 467 2329 521 \‘Clllct;
2363 511 2365 516 ,

2467 451 2716 518 ιῖγυπτον
2750 451 2807 502 ὲν
2835 453 2902 500 οε¹
2941 445 3175 514 ψυχαῖς·
3219 464 3236 495 ι
3282 443 3417 497 ἀλλὰ
3450 444 3544 494 καὶ
3581 445 3647 493 ἐκ
3686 440 3780 494 τοῦ
3813 440 3937 494 ὅλου
3966 443 4033 495 τὸ

743 566 801 613 et
845 557 902 611 in
959 556 1086 618 isto,
1127 553 1298 609 Jacob
1330 553 1483 608 venit
1535 552 1590 605 in
1637 550 1931 621 Aﬂgyptum
1975 565 2098 604 cum
2133 549 2332 602 domus

746 665 858 704 suae
883 647 1176 702 animabus
1201 663 1216 700 :
1241 663 1308 700 ex
1337 654 1453 699 toto
1477 645 1642 698 etiam
1670 651 1884 712 partem
1909 642 2082 696 solam
2110 649 2328 707 vocant,

751 751 811 795 ut
850 741 903 794 in
955 740 1062 794 hoc
1094 741 1240 802 loco,
1263 739 1352 792 hic
1388 737 1720 805 sepelierant
1753 733 2030 788 Abraham
2051 741 2109 787 et
2140 733 2332 787 Saram

749 834 1046 904 coniugem
1094 833 1257 900 ejus:
1307 830 1484 883 solum
1528 829 1676 881 enim
1714 842 1919 896 corpus
1961 825 2197 880 Abrahae
2245 825 2334 878 hic

751 926 1030 995 sepultum
1055 933 1140 976 est
1173 939 1186 974 :
1220 920 1501 990 quomodo
1530 936 1598 974 ex
1629 928 1784 989 parte
1810 918 1984 971 ﬁlium
2009 917 2338 972 alterutrius

751 1016 1070 1088 generantis
1100 1027 1301 1067 vocare
1333 1028 1483 1066 nunc
1509 1026 1622 1064 non
1664 1009 1992 1065 sustinetis?
2020 1007 2185 1063 Certe
2216 1009 2341 1078 qui-

752 1108 900 1167 dem,
948 1107 1018 1171 si,
1054 1115 1117 1160 ut
1147 1115 1203 1159 et
1239 1105 1344 1174 ipsi
1383 1103 1676 1168 dicebatis,
1709 1102 1885 1157 solius
1917 1103 2174 1171 corporis
2213 1109 2343 1156 sunt

753 1205 1010 1251 auctores
1037 1197 1199 1249 nobis
1224 1194 1408 1250 carnis
1438 1205 1647 1262 patres,
1675 1201 1732 1248 et
1765 1192 2079 1247 confessum
2113 1191 2187 1246 sit
2222 1207 2341 1246 ma-

754 1287 958 1341 nifeste
983 1287 1217 1340 alterum
1252 1301 1375 1339 esse
1402 1300 1470 1338 ex
1497 1293 1653 1353 patre
1680 1284 2001 1354 spirituum,
2033 1283 2342 1337 secundum

756 1379 1103 1448 Apostolum,
1129 1377 1411 1446 quomodo
1445 1377 1504 1431 ﬁt
1532 1386 1590 1430 ut
1613 1392 1808 1430 omnes
1833 1377 2089 1430 homines
2118 1375 2347 1430 eviden-

761 1482 844 1524 ter
870 1486 937 1523 ex
971 1478 1127 1538 parte
1159 1469 1278 1532 lilii,
1318 1484 1385 1521 ex
1412 1477 1565 1536 parte
1608 1476 1792 1537 patres
1815 1483 1926 1521 non
1952 1467 2349 1522 nominentur?

762 1563 1054 1624 Prmterea,
1094 1560 1137 1613 si
1172 1561 1348 1630 ipsius
1378 1561 1632 1630 corporis
1655 1576 1823 1615 causa
1872 1575 1903 1614 e
1944 1559 2193 1614 masculo
2238 1575 2346 1613 non

767 1662 879 1706 tota
919 1651 1011 1716 sit,
1064 1651 1161 1706 sed
1219 1653 1520 1706 femineum
1574 1652 1739 1706 etiam
1802 1650 2013 1718 aliquid
2077 1650 2346 1713 conferat,

766 1760 937 1797 unum
997 1745 1228 1806 scilicet,
1261 1756 1319 1796 nt
1352 1743 1510 1796 aiunt
1541 1743 1738 1812 aliqui,
1782 1742 2072 1804 solidiora,
2106 1743 2346 1794 alterum

2439 545 2606 612 μέρος
2645 545 2805 610 μόνον
2858 540 3043 593 καλεί⁶
3079 538 3154 600 ὡς
3184 537 3274 598 τὸ,
3319 537 3468 591 Ἐκεῖ
3495 534 3702 604 ἔθαψαν
3747 533 4029 604 Ἀϐραάμ,

2436 637 2532 688 καὶ
2561 635 2780 704 Σάρραν
2807 633 2907 702 τὴν
2936 632 3174 698 γυναῖκα
3203 629 3395 681 αὐτοῦ’
3433 629 3594 696 μόνον
3620 626 3732 695 γὰρ
3768 629 3830 678 τὸ
3865 627 4031 694 σῶμα

2451 723 2703 794 Ἀϐραάμ
2736 724 2853 774 ἐκεῖ
2899 721 3109 792 ὲτάφη³
3147 721 3266 783 πῶς
3313 721 3379 772 ὲκ
3437 721 3636 788 μέρους
3690 719 3764 788 μὴ
3820 718 4030 786 τολμᾷν

2439 817 2631 870 καλεῖν
2677 817 2792 868 υἱζν
2843 813 3076 884 θατέρου
3126 813 3233 865 τῶν
3269 811 3486 879 φύντων
3524 810 3872 880 νομοθετεῖτε
3901 811 4025 875 νῦνς

2441 910 2633 963 Καίτοι
2650 925 2740 975 γε,
2767 909 2838 972 εἰ,
2870 907 2946 968 ὡς
2974 907 3070 959 καὶ
3098 906 3251 957 αὐτοὶ
3279 905 3480 974 ἔφητε,
3516 903 3679 973 μόνου
3713 902 3806 955 τοῦ
3846 902 4033 971 σῶμα-

2441 1001 2531 1060 τός
2562 1003 2699 1053 εἰσιν
2732 998 2898 1052 αἴτιοι
2935 998 3067 1067 ἡμῖν
3091 999 3141 1050 οἱ
3172 996 3270 1066 τῆς
3301 995 3511 1063 σαρκὸς
3542 994 3804 1064 πατέρες,
3837 995 4030 1062 ἐτέρου

2446 1091 2636 1158 σαφῶς
2667 1088 3106 1158 ὁμολογουμένου
3153 1082 3290 1138 εἶναι
3321 1082 3418 1137 τοῦ
3468 1085 3683 1152 Πατρὸς
3713 1086 3825 1136 τῶν
3860 1102 4034 1136 πνευ-

2449 1185 2658 1255 μάτων,
2678 1183 2823 1237 κατὰ
2851 1183 2944 1236 τὸν
2981 1180 3327 1239 Ἀπόστειλον,
3365 1179 3480 1241 πῶς
3505 1181 3564 1231 οὐ
3591 1180 3789 1241 πάντες
3819 1180 4032 1249 ἀνθρω-

2448 1293 2539 1327 ποι
2572 1273 2859 1343 προδήλως
2887 1273 2950 1324 ὲκ
2979 1272 3183 1341 μέρους
3217 1287 3274 1322 τε
3308 1272 3438 1328 υἱοὶ.
3464 1271 3555 1322 καὶ
3593 1271 3656 1321 ὲκ
3694 1271 3896 1338 μέρους
3926 1287 4038 1323 πα-

2449 1369 2603 1437 τέρες
2644 1366 3037 1435 ὀνομάζονται;
3067 1365 3148 1416 ἔτι
3185 1364 3292 1434 μὴν
3327 1364 3422 1414 καὶ
3451 1361 3618 1414 αὑτοῦ
3655 1362 3747 1413 τοῦ
3781 1359 4039 1430 σώματος

2450 1464 2498 1514 εἰ
2529 1460 2603 1530 μὴ
2630 1462 2694 1513 ὲκ
2722 1458 2816 1512 τοῦ
2851 1459 3082 1528 ἄρρενος
3113 1459 3147 1525 ἠ
3175 1457 3328 1508 πᾶσα
3356 1455 3523 1518 αἰτία,
3556 1454 3694 1507 ἀλλά
3720 1455 4041 1521 συνεισάγει

2451 1567 2502 1602 τι
2533 1551 2628 1601 καὶ
2670 1550 2734 1602 τὸ
2785 1549 2950 1617 οἧλυ’
2992 1550 3088 1600 καὶ
3122 1551 3150 1600 ὁ
3184 1547 3305 1617 μὲν,
3339 1547 3414 1608 ὥς
3451 1547 3585 1613 φασί
3613 1562 3780 1607 τινες,
3814 1547 3884 1596 τὰ
3917 1563 4044 1597 στε-

2456 1639 2719 1711 ρεώτερα,
2755 1642 2789 1710 ἡ
2824 1641 2881 1691 δὲ
2913 1639 2980 1692 τά
3017 1641 3287 1710 ὑγρότερα
3337 1638 3581 1690 ἐνδίδωσι
3625 1639 3702 1707 τῷ
3744 1639 4042 1706 γινομένῳ,

2454 1730 2572 1790 πῶς
2611 1731 2732 1800 οὖχὶ
2774 1730 2870 1782 καὶ
2903 1729 3068 1782 αὐτοῦ
3106 1728 3204 1780 τοῦ
3261 1729 3461 1796 μέρους
3514 1728 3581 1778 ὲκ
3636 1730 3836 1795 μέρους
3889 1726 4045 1787 διτος

765 1834 1018 1887 molliora
1048 1834 1234 1903 genito
1265 1833 1528 1902 praebeat,
1561 1832 1843 1900 quomodo
1864 1841 1922 1885 et
1953 1831 2128 1900 ipsius
2174 1829 2349 1900 partis

2467 1825 2614 1877 ιῖτιοι
2645 1824 2909 1893 ἑκάτερος
2940 1822 3310 1893 μερικὼτατοί
3348 1838 3410 1888 γε
3445 1822 3664 1888 φανεῖεν
3689 1821 3918 1885 τοκέεςς
3948 1820 4044 1882 οὓς

763 1940 832 1978 ex
863 1934 1016 1993 parte
1048 1923 1325 1978 venientis
1357 1932 1637 1986 auctores,
1693 1921 2080 1992 unusquisque
2126 1921 2348 1991 specia-

765 2014 885 2077 tim,
938 2030 1050 2068 non
1097 2013 1423 2066 viderentur
1472 2012 1776 2082 parentes?
1806 2011 1957 2078 Quos
2001 2012 2046 2066 si
2097 2025 2232 2064 vere
2283 2027 2350 2065 cx

766 2113 919 2173 parte
954 2115 1140 2172 patres
1172 2103 1360 2156 dicere
1388 2118 1500 2156 non
1536 2102 1722 2167 liceat,
1747 2103 1903 2172 juxta
1943 2103 2092 2172 leges
2125 2118 2153 2155 a
2195 2101 2354 2156 vobis

767 2193 1078 2249 dialecticis
1106 2194 1366 2258 sancitas,
1399 2209 1506 2248 nec
1535 2210 1668 2264 ergo
1703 2204 1859 2262 pater
1889 2194 2092 2263 aliquis
2113 2203 2198 2249 est
2223 2209 2354 2248 vere

768 2286 1004 2356 alicujus
1054 2285 1344 2338 hominum
1393 2283 1704 2352 qui.vitam
1750 2284 1985 2352 ingressi
2015 2291 2194 2337 sunt:
2242 2300 2355 2338 non

769 2379 917 2432 enim
945 2377 1128 2431 carnis
1156 2376 1330 2430 solius
1375 2376 1776 2430 convenienter
1824 2376 2026 2445 aliquis
2071 2375 2357 2431 diceretur

771 2475 946 2536 pater,
981 2480 1082 2519 nec
1113 2473 1312 2529 mater,
1353 2480 1457 2518 nec
1488 2464 1672 2530 ﬁlius;
1709 2463 1878 2534 igitur
1904 2481 2099 2520 onmes
2123 2466 2358 2520 fortuito

770 2571 901 2609 casu
933 2570 1146 2618 sumus,
1178 2571 1280 2609 nos
1318 2555 1413 2624 qui
1456 2555 1736 2609 nascimur
1769 2574 1782 2608 :
1815 2573 1959 2612 anne
1985 2557 2146 2612 vobis
2175 2559 2359 2612 mani-

773 2647 974 2702 festius
999 2647 1249 2700 exhiberi
1285 2657 1468 2715 potest
1495 2658 1888 2717 argumentum
1911 2650 1934 2701 ’ἒ

845 2737 1034 2802 Quoad
1096 2738 1409 2806 exemplum
1468 2737 1705 2792 abortivi
1736 2777 1749 2802 ,
1797 2738 2082 2807 quomodo
2131 2739 2361 2795 dicitis?

773 2826 948 2889 Anne,
975 2828 1104 2895 quia
1128 2838 1213 2880 est
1237 2843 1363 2896 pars
1385 2827 1715 2897 simpliciter
1736 2838 1792 2883 et
1815 2829 2222 2898 imperfectum,
2250 2847 2360 2885 non

775 2915 983 2969 dicitur
1015 2916 1182 2978 ﬁlius,
1211 2928 1306 2969 aut
1343 2915 1471 2985 quia
1499 2918 1746 2972 uetulum
1783 2919 1960 2972 vixit?
2008 2919 2064 2973 Si
2114 2920 2244 2989 quia
2277 2931 2365 2975 est

779 3005 1187 3074 imperfectum,
1216 3014 1272 3058 et
1313 3021 1440 3074 pars
1480 3006 1831 3076 simpliciter,
1855 3009 2136 3078 quomodo
2169 3009 2365 3065 dicun-

2453 1917 2611 1988 εἴπερ
2645 1917 2718 1985 μὴ
2769 1917 2920 1968 ἐστιν
2970 1913 3186 1984 άληθῶς
3219 1915 3285 1967 ὲκ
3325 1913 3526 1982 μέρους
3574 1915 3751 1965 εἰπεῖν
3778 1916 4044 1981 γεννήτορ

2457 2026 2579 2080 ρας,
2614 2007 2703 2061 διὰ
2743 2007 2812 2058 τὰ
2859 2006 2952 2072 ὑφ’
2987 2005 3143 2074 ὑμῶν
3192 2003 3300 2056 τῶν
3331 2003 3690 2057 διαλεκτικῶν
3719 2003 4052 2071 νομοθετού-

2461 2115 2620 2168 μενα,
2659 2096 2769 2149 οὐδ’
2816 2095 2926 2164 ἄρα
2965 2095 3156 2164 πατήρ
3206 2094 3291 2157 τίς
3340 2093 3456 2146 ἐστί
3494 2110 3640 2154 τινος
3679 2093 3788 2146 τῶν
3833 2096 3892 2144 ἐν
3948 2093 4051 2162 βίῳ

2457 2189 2830 2258 γεννηθέντων
2867 2186 3172 2257 ἀνθρώπων
3207 2185 3454 2255 άληθῶς
3485 2187 3610 2238 οὐδὲ
3645 2186 3756 2255 γάρ
3781 2186 3886 2254 τῆς
3915 2203 4054 2254 σαρ-

2459 2283 2550 2345 κὸς
2590 2282 2760 2351 μόνης
2808 2279 3041 2342 δεόντως
3072 2279 3286 2345 λέγοιτο
3330 2278 3396 2332 ἄν
3424 2295 3508 2340 τις
3550 2278 3756 2347 πατὴρ,
3787 2278 3912 2330 οὐδὲ
3945 2280 4056 2348 μή-

2457 2391 2585 2446 τηρ,
2634 2373 2754 2426 οὐδὲ
2788 2374 2926 2435 υἱὸς,
2970 2371 3106 2424 άλλά
3138 2374 3342 2433 πάντες
3378 2371 3470 2422 ἀπ’
3497 2371 3808 2438 αὐτομάτου
3857 2371 4057 2436 ἐσμὲν.

2436 2467 2857 2536 οξγεννώμενοι··
2887 2466 2983 2518 καὶ
3017 2464 3100 2526 τίς
3133 2463 3336 2515 τούτων
3371 2464 3462 2532 εἴη
3497 2462 3627 2532 ὑμῖν
3672 2464 4062 2534 προφανέστε-

2464 2575 2554 2626 ρος
2581 2555 2836 2625 Eleum;

2533 2737 2607 2790 Τὸ
2636 2737 2694 2790 δὲ
2725 2734 3079 2804 παράδειγμα
3104 2733 3200 2786 τοῦ
3240 2733 3692 2804 ὲξαμϐλὼματος,
3730 2735 3850 2798 πῶς
3884 2753 4062 2803 φατες

2465 2825 2578 2898 ἄρα
2625 2827 2734 2896 γὰρ
2769 2826 2844 2890 ὡς
2883 2827 3052 2895 μέρος
3101 2825 3288 2888 ἁπλῶς
3345 2827 3440 2878 καὶ
3491 2825 3685 2888 ἀτελὲς
3721 2827 3783 2878 οὐ
3837 2826 4064 2892 λέγεται

2468 2921 2584 2982 υἱὸς
2609 2959 2623 2980 ,
2665 2918 2698 2988 ἢ
2728 2917 2804 2981 ὡς
2837 2917 2912 2988 μὴ
2947 2918 3120 2985 ζῆσαν
3149 2914 3331 2982 οὖπω;
3365 2919 3414 2968 εἰ
3445 2917 3544 2985 μὲν
3574 2918 3670 2970 οὖν
3707 2917 3782 2978 ὡς
3817 2917 4062 2982 ἐλλιπὲς,

2469 3012 2563 3063 καὶ
2597 3011 2674 3074 ὡς
2709 3010 2875 3080 μέρος
2921 3007 3131 3070 ἁπλῶς,
3168 3008 3287 3070 πῶς
3316 3007 3385 3060 τά
3413 3008 3614 3060 κολοϐά
3643 3012 3738 3061 καὶ
3784 3009 3856 3060 τὰ
3890 3012 4065 3078 τερά-

782 3107 871 3150 tur
895 3097 992 3149 ﬁlii
1028 3095 1123 3164 qui
1163 3099 1401 3149 truncati
1446 3107 1504 3150 et
1551 3099 1893 3152 monstruosi
1942 3099 2062 3153 sine
2101 3101 2365 3155 manibus

2473 3120 2595 3156 στια
2625 3102 2828 3174 χειρῶν
2861 3118 2921 3154 τε
2945 3100 3076 3153 ἄνευ
3099 3100 3193 3152 καὶ
3223 3100 3400 3152 ποδῶν
3429 3099 3693 3162 πολλάκις
3720 3102 3816 3152 καὶ
3857 3102 3943 3152 ἑτέ
3955 3119 4068 3170 ρων

779 3199 836 3242 et
868 3189 1104 3257 pedibus
1133 3203 1277 3256 saepe
1304 3198 1360 3241 et
1384 3188 1509 3241 aliis
1567 3189 1835 3244 membris
1890 3201 2214 3254 nascuntur,
2244 3208 2370 3246 cum

785 3282 840 3334 in
885 3281 977 3333 tali
1010 3280 1429 3350 imperl‘ectione
1457 3281 1608 3333 sint?
1632 3281 1776 3346 Quid
1803 3291 1859 3335 et
1888 3284 2073 3337 adhuc
2105 3283 2175 3338 de
2198 3284 2370 3338 Abra-

785 3369 911 3422 ham
957 3368 1053 3437 qui
1109 3370 1314 3422 multos
1373 3379 1502 3422 ante
1561 3385 1740 3425 annos
1783 3369 2079 3426 discedens
2139 3381 2372 3426 vocatur

785 3470 944 3530 pater
971 3461 1252 3514 israelitici
1285 3463 1500 3531 populi,
1535 3471 1594 3516 et
1623 3462 1689 3515 de
1731 3462 1902 3517 David
1937 3465 2034 3534 qui
2067 3474 2193 3534 post
2221 3480 2373 3518 mor-

787 3563 901 3605 tem
952 3560 1110 3620 pater
1160 3552 1376 3604 Domini
1428 3552 1671 3604 dicitur?
1717 3552 2006 3607 Manifeste
2054 3555 2201 3608 enim
2248 3571 2376 3624 pars

788 3643 963 3712 ipsius
995 3653 1214 3698 servata
1249 3643 1570 3697 nominatur
1596 3644 1652 3698 in
1686 3644 1935 3698 futurum
1960 3655 2138 3715 pater,
2161 3646 2376 3703 scilicet

787 3737 997 3793 anima.
1050 3737 1109 3792 Si
1152 3738 1323 3807 igitur
1363 3737 1478 3791 sola
1512 3752 1643 3805 pars
1685 3737 1880 3790 vivens
1917 3736 2065 3792 ﬁlius
2111 3745 2169 3793 et
2216 3747 2375 3807 pater

790 3829 1068 3882 nominari
1093 3829 1317 3891 debeat,
1349 3828 1479 3897 quid
1517 3827 1750 3896 impedit
1775 3828 1910 3896 quin
1939 3827 2088 3883 ﬁlius
2109 3845 2177 3883 ex
2218 3841 2375 3900 parte

791 3921 989 3974 vivens
1043 3920 1399 3974 nominetur?
1456 3917 1808 3972 Manifestum
1863 3927 1951 3973 est
1997 3921 2168 3990 igitur
2225 3922 2375 3990 quod

794 4010 940 4064 ﬁlius
977 4025 1087 4064 non
1117 4010 1344 4074 dicitur,
1375 4011 1506 4079 quia
1541 4011 1652 4064 vita
1679 4022 1852 4074 caret,
1883 4025 1993 4064 non
2025 4020 2213 4065 autem
2249 4013 2378 4081 quia

793 4111 878 4157 est
928 4117 1076 4171 pars.
1102 4103 1336 4172 Insuper
1387 4101 1808 4172 archisynagogi
1862 4103 2067 4171 neptis,
2119 4112 2176 4157 et
2231 4102 2379 4157 ﬁlius

794 4197 997 4261 viduae,
1020 4203 1078 4250 et
1108 4196 1203 4266 qui
1237 4196 1440 4249 mortui
1487 4204 1622 4249 sunt
1648 4204 1776 4249 ante
1819 4205 2082 4264 parentes
2116 4196 2291 4260 vivos,
2331 4197 2379 4251 si

799 4297 946 4343 recte
993 4289 1149 4344 vobis
1197 4289 1458 4343 videntur
1512 4290 1568 4342 in
1628 4288 1928 4359 Evangelia
1967 4290 2078 4344 ﬁlia
2125 4301 2182 4344 et
2233 4288 2381 4344 ﬁlius

795 4380 981 4433 adhuc
1029 4380 1216 4434 vocari
1272 4387 1500 4449 propter
1552 4380 1800 4448 ipsorum
1836 4381 2050 4434 animas
2075 4381 2328 4435 viventes
2365 4397 2378 4433 ;

2477 3195 2683 3265 μορίων
2733 3193 3072 3264 γεννώμενα,
3119 3193 3228 3246 υἱοὶ
3271 3193 3523 3259 λέγονται
3553 3195 3611 3244 ἐν
3657 3193 3792 3264 misr;
3838 3193 4069 3263 ἀτελείᾳ

2473 3286 2606 3338 ὄντα
2639 3286 2869 3355 μερικῇ;
2899 3283 2979 3336 ἔτι
3007 3284 3063 3336 δὲ
3091 3283 3142 3336 τί
3175 3282 3241 3336 ἂν
3274 3284 3493 3352 φαίητε,
3536 3282 3792 3352 Ἀϐραάμ
3818 3283 3920 3336 τοῦ
3960 3286 4071 3353 πρὸ

2475 3377 2745 3429 πλείστων
2774 3375 2911 3428 ἑτῶν
2941 3375 3310 3445 ἀποιχομένου
3353 3375 3697 3442 καλουμένου
3735 3376 3944 3446 πατρὸς
3975 3378 4071 3428 τοῦ

2487 3467 2827 3538 Ἰσραηλίτου.
2843 3467 2996 3530 λαοῦ,
3031 3469 3124 3520 καὶ
3153 3466 3316 3520 Δαὸὶδ
3341 3469 3475 3536 μετά
3500 3467 3727 3520 θάνατον
3751 3469 3964 3535 πατρὸς
3983 3469 4074 3520 λε,-

2477 3563 2709 3631 γομένου
2738 3562 2830 3614 τοῦ
2855 3561 3062 3630 Κυρίου
3087 3578 3101 3621 ;
3132 3562 3319 3628 σαφῶς
3345 3562 3454 3630 γάρ
3477 3561 3541 3613 τὺ
3568 3561 3878 3629 σωζόμενον
3906 3563 4074 3631 μέρος

2477 3649 2642 3702 αὑτοῦ
2671 3649 3002 3719 ὀνομάζεται
3025 3648 3209 3701 λοιπὸν
3237 3649 3442 3718 πατὴρ,
3465 3649 3678 3718 ἧγουνὴ
3702 3649 3874 3718 ψυχή.
3895 3649 3958 3702 El.
3982 3647 4074 3702 οὖν

2472 3735 2595 3794 ἔστι
2640 3741 2804 3811 μέρος
2841 3741 3000 3810 μόνον
3022 3739 3131 3802 ζῶν
3163 3739 3528 3809 ὀνομάζεσθαι
3555 3739 3669 3792 υἱὸν
3697 3741 3791 3792 καὶ
3833 3743 4072 3812 πατέρα.

2477 3833 2530 3883 τί
2556 3833 2753 3886 κωλύει
2781 3832 2874 3883 καὶ
2889 3832 3006 3883 υἱὸν
3034 3830 3397 3900 ὀνομάζεσθαι
3424 3832 3489 3882 ἐκ
3513 3830 3607 3883 τοῦ
3633 3832 3837 3900 μέρους
3859 3835 3923 3885 τὸ
3941 3833 4072 3898 ζῶνς

2478 3925 2635 3993 δῆλον
2663 3924 2793 3991 ἄρα,
2826 3924 2909 3975 ὅτι
2944 3924 3042 3992 οὐχ
3076 3923 3152 3984 ῶς
3192 3923 3378 3991 μέρος,
3411 3921 3526 3974 ἀλλ’
3552 3921 3628 3985 ὡς
3667 3925 3847 3986 ἄζωον
3877 3927 3938 3977 ος,
3998 3927 4075 3978 λέ.

2479 4035 2636 4086 γεται
2674 4018 2736 4068 τὸ
2768 4015 2844 4086 μὴ
2875 4015 3167 4084 λεγόμενον
3205 4017 3349 4076 υἱός·
3394 4013 3474 4067 ἔτι
3513 4015 3616 4084 μὴν
3654 4015 3748 4068 τοῦ
3805 4018 4072 4086 ἀρχισυν-

2483 4107 2701 4176 αγώγου
2758 4107 2820 4159 τὸ
2875 4106 3186 4173 θυγάτριον,
3224 4105 3320 4156 καὶ
3346 4106 3374 4157 ὁ
3445 4105 3558 4165 υἱὸς
3587 4107 3686 4173 τῆς
3735 4107 3942 4176 χήρας,
3977 4111 4069 4159 καὶ

2485 4200 3020 4271 προτελευτῆσαντες
3072 4197 3181 4248 τῶν
3242 4196 3471 4260 ζώντων
3515 4196 3737 4262 γονέων,
3794 4201 3843 4249 εἰ
3897 4199 4076 4268 ὀρῦὡς

2485 4293 2614 4362 ὑμῖν
2641 4291 2894 4345 δοκοῦσιν
2917 4291 2974 4341 ὲν
2999 4289 3080 4360 τῷ
3111 4287 3431 4356 Εὑαγγελίῳ
3459 4287 3708 4358 θυγάτηρ
3736 4306 3799 4341 τε
3826 4292 3923 4342 καὶ
3965 4292 4075 4353 υἱὸς

2486 4383 2566 4434 ἔτι
2597 4382 2855 4449 λέγεσθαι
2887 4383 2979 4432 ἐπὶ
3001 4383 3120 4442 ταῖς
3149 4378 3354 4444 ζὼσαις
3398 4379 3581 4431 αὐτῶν
3606 4379 3844 4448 ψυχαῖςο
3882 4382 3995 4434 ἰδοὺ
4019 4382 4077 4433 τὸ

797 4488 931 4526 ecce
971 4487 1000 4524 a
1036 4472 1197 4526 vobis
1224 4472 1541 4526 confessum
1579 4480 1677 4548 est.
1700 4479 1911 4540 partem
1954 4487 2079 4525 esse
2120 4471 2297 4525 ﬁlium
2325 4483 2365 4526 Cl

2493 4475 2659 4544 μέρος
2687 4475 2779 4527 καὶ
2806 4474 2935 4542 ὑμῖν
2965 4472 3311 4540 ὁμολογεῖται
3347 4467 3487 4522 εἶναι
3519 4472 3635 4533 υἱὸς
3676 4474 3770 4523 καὶ
3795 4471 4074 4541 Θυγάτηρ·

797 4562 968 4616 ﬁiiam
1003 4580 1015 4616 :
1053 4571 1137 4616 est
1183 4563 1353 4632 igitur
1389 4571 1642 4631 apertum
1691 4563 1862 4631 quod,
1898 4563 2029 4632 quia
2086 4577 2198 4616 non
2245 4563 2384 4616 vivit

801 4654 1067 4722 primum,
1092 4669 1273 4723 neque
1291 4656 1421 4723 quia
1448 4662 1534 4707 est
1564 4669 1694 4723 pars
1715 4655 2069 4723 simpliciter,
2099 4654 2246 4709 ﬁlius
2270 4669 2386 4708 non

801 4743 1009 4797 dicitur
1041 4744 1353 4798 abortivus.
1383 4743 1439 4798 Si
1471 4746 1619 4798 enim
1650 4745 1821 4798 multa
1848 4753 1906 4799 et
1935 4744 2193 4799 informia
2223 4745 2387 4798 abor-

805 4837 1046 4890 tivorum
1076 4851 1312 4904 corpora
1351 4836 1534 4888 anima
1552 4835 1916 4898 donarentur,
1955 4834 2054 4888 ﬁlii
2097 4833 2296 4888 ﬁerent
2329 4843 2388 4888 et

806 4927 1178 4980 dicerentur:
1223 4937 1482 4980 caaternm
1536 4943 1646 4979 non
1703 4927 1838 4980 illud
1884 4927 2144 4988 dicimus,
2186 4940 2389 4994 nempe

805 5032 971 5070 omne
1003 5026 1214 5085 partem
1262 5027 1320 5071 et
1357 5016 1532 5070 ﬁlium
1565 5033 1710 5080 esse,
1761 5017 1859 5071 sed
1901 5017 2062 5071 vobis
2109 5016 2390 5070 immerito

807 5108 990 5161 visum
1051 5106 1227 5160 fuisse
1287 5122 1458 5159 unum
1523 5106 1699 5160 ﬁlium
1763 5122 1831 5160 ex
1899 5117 2057 5178 parte
2107 5121 2390 5176 nunquam

807 5199 1034 5269 proprie
1096 5199 1410 5263 nominari,
1463 5208 1559 5254 aut
1609 5216 1675 5254 ex
1725 5208 1881 5270 parte
1933 5213 2219 5269 nunquam
2271 5215 2394 5255 esse

808 5301 1047 5363 patrem.

885 5385 991 5438 Sed
1038 5393 1302 5454 praeterea
1352 5383 1622 5439 addemus
1665 5399 1766 5439 nos
1811 5384 2082 5439 afﬁrmare
2110 5383 2396 5439 Christum

809 5488 934 5530 esse
961 5489 1072 5528 non
1098 5491 1166 5528 ex
1196 5485 1352 5544 parte
1377 5476 1728 5546 simpliciter,
1758 5476 1855 5530 sed
1897 5491 1965 5530 ex
1999 5485 2113 5530 toto
2136 5476 2402 5530 uniuscu-

809 5570 1012 5637 jusque
1048 5568 1445 5633 Filium,.licet
1494 5570 1609 5624 sint
1636 5569 1876 5623 diversa:
1913 5569 2151 5638 partium
2188 5584 2312 5638 qua:
2345 5569 2402 5622 in

818 5659 938 5728 ipso
989 5668 1116 5715 sunt
1170 5661 1468 5718 ﬁliationes
1499 5681 1512 5716 :
1544 5662 1798 5731 corporis
1845 5660 2056 5716 Christi
2103 5676 2270 5714 causa
2317 5671 2404 5715 est

819 5764 1012 5808 sancla
1045 5754 1207 5824 Virgo
1241 5772 1364 5824 qum
1395 5755 1602 5826 aliquid
1648 5771 1819 5810 unum
1866 5755 2028 5810 istius
2077 5755 2329 5825 corporis
2373 5771 2402 5809 a

2486 4568 2594 4637 ἄρα
2632 4562 2726 4618 οὖν
2760 4564 2930 4632 σαφές
2961 4566 3111 4616 ἐστιν
3160 4563 3240 4615 ὅτι
3290 4562 3365 4624 ὡς
3424 4563 3499 4630 μὴ
3552 4561 3660 4624 ζῶν
3691 4561 3954 4631 πρώτως,
3986 4571 4076 4615 καὶ

2486 4659 2586 4729 οὐχ
2612 4658 2689 4722 ὼς
2717 4657 2882 4728 μέρος
2917 4655 3123 4718 ἁπλῶς,
3155 4655 3215 4706 οὗ
3260 4654 3478 4718 λέγεται
3529 4655 3643 4715 υἱὸς
3685 4655 3744 4705 τὸ
3790 4655 4073 4717 ἐξάμῦλωο

2493 4766 2598 4821 μα’
2656 4749 2825 4800 πολλά
2881 4748 2990 4817 γὰρ
3044 4749 3138 4799 καί
3196 4745 3527 4814 ἁτελέστερα
3603 4746 3711 4796 τῶν
3795 4746 4079 4814 ὲξαμὸλωυ

2496 4845 2682 4911 μάτων
2716 4841 2852 4904 ὅλως
2901 4840 2950 4891 εί
2996 4837 3301 4909 ψυχωϐεἰεν
3348 4836 3598 4906 σώματα,
3651 4838 3757 4888 υἱοὶ
3783 4841 4078 4903 γεννῶνται

2492 4937 2588 4988 καὶ
2615 4934 2897 5002 λέγονταιο
2929 4934 3066 4985 ὃπου
3094 4947 3158 4999 τε
3196 4931 3330 5000 1:90.;
3349 4932 3538 4990 πᾶσιν,
3573 4930 3694 4982 οὐδὲ
3727 4929 3895 4982 τοῦτο
3922 4932 4078 4999 ἡμεῖς

2453 5042 2456 5043 ⁷
2495 5043 2698 5095 φαμεν,
2745 5026 2829 5077 ὅτι
2869 5025 2979 5075 πᾶν
3029 5023 3233 5092 μέρος,
3286 5023 3381 5072 καὶ
3429 5019 3582 5081 υἱός·
3623 5019 3740 5070 ἀλλ’
3782 5021 3869 5070 ὅτι
3900 5021 4077 5080 κακῶς

2497 5119 2624 5188 ὑμῖν
2657 5115 2828 5180 ἔδοξε,
2859 5115 2992 5184 μηδὲ
3029 5109 3109 5177 εἷς
3157 5113 3268 5175 υἱὶς
3293 5114 3356 5164 ὲκ
3386 5111 3589 5181 μέρους
3620 5109 3842 5163 πώποτε
3884 5112 4079 5182 κυρίως

2497 5208 2884 5280 ὀνομάζεσθαι,
2915 5207 2948 5277 ἢ
2977 5208 3042 5258 ἐκ
3076 5205 3278 5276 μέρους
3321 5205 3504 5273 πατὴρ
3530 5201 3688 5254 εἶναι.

2585 5385 2746 5439 Ἀλλά
2776 5383 2914 5455 πρὸς
2939 5381 3150 5443 τούτοις
3175 5379 3412 5448 ἐροῦμεν
3437 5380 3502 5431 ὲκ
3525 5375 3853 5448 περιουσίας
3882 5379 3984 5432 καὶ
4020 5379 4078 5438 ὡς

2503 5480 2668 5549 ἡμεῖς
2710 5475 2832 5528 οὐδὲ
2876 5476 2940 5525 ὲκ
2960 5472 3161 5543 μέρους
3203 5470 3413 5534 ἁπλῶς,
3443 5469 3580 5524 ἀλλὰ
3609 5471 3702 5522 καὶ
3735 5471 3805 5523 ἐκ
3837 5469 3937 5524 τοῦ
3974 5470 4079 5524 ὅλου

2506 5569 2634 5622 Υιὸν
2662 5565 2926 5633 ἐκατέρου
2961 5562 3141 5631 φαμὲν
3185 5563 3277 5612 τὸν
3312 5561 3550 5630 Χριστὸν
3586 5555 3748 5622 εἶναι,
3788 5561 4003 5629 υἱότησι
4031 5561 4077 5610 δὲ

2505 5661 2783 5731 διαφόροις
2805 5657 2913 5712 τῶν
2943 5659 3002 5710 ὲν
3027 5654 3177 5725 αὐτῷ
3206 5654 3389 5725 μερῶν
3411 5671 3426 5686 ο
3455 5653 3553 5706 τοῦ
3587 5670 3648 5705 τε
3693 5652 3808 5724 γὰρ
3840 5654 4078 5720 σώματος

2506 5750 2744 5822 Χριστοῦ
2781 5750 2841 5802 τὸ
2877 5749 2976 5819 μέν
2994 5764 3045 5800 τι
3074 5745 3218 5800 κατὰ
3244 5743 3403 5814 φύσιν
3433 5743 3541 5798 ἀπὸ
3555 5741 3691 5796 Θεοῦ
3711 5742 3803 5797 διὰ
3833 5747 3942 5798 τῶν
3961 5754 4070 5808 πρε-
