4194 6446
252 446 395 512 1609

1208 445 1606 508 ADVERSUS
1641 441 2186 510 NESTORIANOS.
2216 475 2283 486 -
2320 452 2462 509 LIR.
2514 450 2624 511 III.

3391 446 3518 509 181ρί

241 562 424 630 γόνων
473 558 718 612 λαϐοῦσα
765 557 916 612 αίτία
975 558 1070 612 τοῦ
1125 555 1262 612 εἶναι
1302 559 1495 628 ἡάγία
1549 559 1828 630 Παρθένος

1937 563 2046 616 Deo
2078 579 2176 632 per
2202 573 2462 632 parentes
2507 561 2742 630 accepit,
2785 571 2842 614 et
2884 560 3092 630 aliquid
3123 559 3357 614 alterum
3389 575 3522 628 pro.

241 656 388 719 tati,
419 654 481 707 τὸ
506 653 563 707 δέ
595 653 690 706 καὶ
722 651 866 712 ἰδίως
898 653 962 705 ὲκ
995 651 1090 717 τοῦ
1139 653 1298 720 ἀγίου
1330 652 1652 722 ιινεύματος
1678 653 1834 705 δυνα-

247 746 518 817 μωθεῖσα,
551 742 656 814 τῆς
692 761 754 798 τε
805 745 985 816 ψυχῆς
1018 744 1184 798 αὑτοῦ
1223 744 1410 814 μήτηρ
1443 744 1613 807 ἐστὶν,
1650 744 1710 806 ἐξ
1738 744 1838 796 αὑ-

239 840 351 909 τῆς
383 829 522 910 πρὸς
549 836 647 909 τὴν
679 839 919 908 φυσικὴν
946 836 1041 890 τοῦ
1074 837 1207 890 ίδίου
1237 835 1542 906 ἐνδύματος
1569 835 1836 903 συζυγίαν

243 931 822 1002 νυμφοστολουμένης.
876 930 972 984 καὶ
1019 931 1096 996 ὡς
1131 931 1196 984 ιιι
1230 929 1480 999 βαλϐίδος
1531 929 1677 992 τινὸς
1730 945 1837 982 πα-

245 1023 380 1077 στοῦ
415 1024 574 1092 ἀγίου
605 1026 670 1094 τῇ
697 1024 794 1077 ἀπ’
827 1023 999 1092 αὐτῆς
1040 1023 1295 1093 γεννήσει
1325 1025 1408 1086 είς
1438 1024 1500 1074 τὸ
1533 1018 1673 1074 εἶναι
1700 1037 1835 1090 προ-

244 1114 428 1168 ελθεῖν
460 1115 566 1169 ὑπὸ
614 1113 754 1166 Θεοῦ
807 1113 1151 1184 τεταγμένης
1173 1127 1186 1142 ⁶
1227 1114 1322 1166 καὶ
1366 1113 1469 1183 τῆς
1491 1111 1743 1180 θεότητος
1779 1112 1836 1165 δὲ

245 1205 440 1270 αὑτοῦ,
495 1203 703 1276 ἀληθὴς
734 1203 1059 1274 γεννήτειρά
1097 1205 1214 1257 ἐστι
1245 1203 1340 1257 τοῦ
1386 1203 1561 1270 Λόγου
1613 1203 1706 1255 τοῦ
1741 1205 1835 1257 ἀπ’

246 1293 466 1349 αἰώνων
501 1295 748 1366 ἀσάρκου
794 1295 889 1347 καὶ
917 1293 1217 1348 ἀσυνθέτου
1248 1293 1308 1361 ἐξ
1331 1294 1506 1363 αὐτῆς
1528 1292 1835 1364 ἀρξαμένου

246 1389 346 1456 τῆς
383 1388 522 1456 μετᾶ
555 1387 756 1457 σαρκὸς
790 1385 1038 1458 ἐμψύχου
1064 1386 1474 1458 συνυπάρξεως,
1504 1386 1570 1438 δι’
1601 1389 1836 1440 ὑποστα-

245 1476 408 1546 τικῆς
444 1475 692 1540 ένὼσεως
725 1476 806 1539 είς
838 1476 1122 1547 πλήρωσιν
1173 1475 1275 1546 τῆς
1321 1476 1525 1538 οἰκείας
1563 1476 1832 1538 εὐδοκίας.

248 1565 464 1619 Οὐκοῦν
489 1569 536 1618 εί
571 1567 666 1620 καὶ
712 1567 788 1636 μὴ
823 1567 1108 1631 ὡσαύτως,
1138 1565 1253 1620 ἀλλ’
1287 1567 1437 1637 ὅμως
1483 1567 1700 1620 πάντων
1728 1566 1837 1617 τῶν

249 1657 491 1728 Χριστοῦ
538 1659 724 1730 μερῶν
786 1660 972 1730 μήτηρ
1022 1660 1120 1712 καὶ
1165 1658 1264 1712 τοῦ
1317 1660 1441 1713 ὅλου
1491 1659 1598 1730 ἄρα
1634 1661 1667 1728 ἡ
1702 1659 1836 1726 ἀγία

247 1749 555 1820 Παρθένος·
598 1749 779 1821 ἀρχῆς
811 1751 922 1820 γάρ
959 1765 1105 1812 τινος
1150 1749 1229 1818 τῷ
1256 1749 1585 1818 γεννωμένῳ
1617 1749 1866 1832 πάντως-

245 1843 420 1905 αῐτιος
451 1842 481 1894 6
509 1841 762 1896 ὁπωσοῦν
801 1841 1094 1913 λεγόμενός
1133 1858 1258 1894 τινα
1291 1841 1552 1910 γεννῆσαι
1593 1840 1833 1908 ἀληθῶς,

1938 656 2055 726 prie
2081 671 2112 711 e
2144 664 2336 709 sancto
2365 653 2577 723 Spiritu
2608 653 2949 718 eﬂ'ormavit;
2993 662 3077 706 est
3103 653 3273 706 etiam
3322 660 3520 716 mater,

1936 749 2057 818 ejus
2086 748 2284 802 animzc
2308 763 2431 817 quae
2464 746 2692 818 quidem
2727 744 2795 799 ad
2833 746 3085 798 naturale
3111 745 3320 814 proprii
3355 745 3522 799 indu-

1937 833 2112 894 menti
2143 840 2462 908 conjugium
2487 852 2690 908 sponsa
2719 844 2918 890 ornata
2951 835 3115 889 ducta
3142 834 3268 898 fuit,
3295 844 3352 888 et
3387 836 3460 888 ita
3491 851 3520 890 τι

1938 933 2052 985 Deo
2078 931 2345 1000 disposita
2386 940 2472 985 est
2502 941 2562 984 ut
2609 930 2790 986 exiret
2821 927 2886 982 ad
2939 926 3322 982 cxsistendum
3361 928 3522 995 quasi

1937 1038 1968 1078 e
2001 1024 2258 1093 repagulo
2293 1023 2528 1093 alicujus
2569 1023 2693 1077 lecti
2737 1021 3000 1090 nuptialis
3053 1019 3250 1077 sancti.
3288 1033 3522 1089 genera-

1941 1117 2090 1170 tione
2146 1116 2216 1170 ab
2271 1117 2384 1185 ipsa
2430 1124 2694 1184 accepta:
2729 1124 2784 1168 et
2832 1113 3145 1168 divinitatis
3189 1113 3332 1182 ejus,
3393 1127 3524 1165 vera

1938 1208 2176 1278 genitrix
2209 1217 2295 1264 est
2335 1206 2502 1262 Verbi
2533 1206 2680 1277 quod
2728 1214 2850 1260 erat
2883 1222 2912 1260 a
2951 1204 3168 1259 szeculis
3202 1204 3320 1258 sine
3357 1219 3525 1257 carne

1936 1309 1992 1354 et
2020 1300 2470 1370 incompositum,
2515 1298 2773 1368 quodque
2811 1311 2910 1366 per
2949 1296 3124 1366 ipsam
3167 1296 3369 1365 incepit
3401 1295 3523 1349 ani-

1938 1395 2066 1448 mati
2094 1409 2219 1448 cum
2246 1406 2414 1447 carne
2455 1389 2927 1453 coexsistentiam,
2977 1404 3077 1458 per
3123 1387 3524 1457 hypostaticam

1937 1487 2218 1549 unionem,
2254 1485 2322 1539 ad
2372 1483 2754 1554 complendam
2801 1482 3082 1553 propriam
3117 1479 3521 1550 apparentiam.

1937 1577 2109 1648 Igitur
2146 1575 2364 1630 etiamsi
2396 1590 2506 1629 non
2533 1574 2729 1629 eodem
2751 1571 2937 1633 modo,
2968 1569 3065 1625 sed
3090 1585 3246 1638 usque
3275 1571 3522 1622 omnium

1935 1668 2147 1724 Christi
2193 1668 2432 1737 partium
2485 1676 2659 1720 mater
2707 1675 2763 1719 et
2807 1664 2979 1718 totius
3025 1671 3176 1717 certe
3207 1672 3295 1715 est
3330 1671 3522 1716 sancta

1937 1761 2152 1830 Virgo:
2201 1760 2440 1829 alicujus
2478 1759 2630 1812 enim
2673 1755 2907 1825 originis
2959 1753 3152 1822 genito
3206 1761 3399 1806 auctor
3441 1761 3526 1807 est

1939 1853 2166 1908 omnino
2191 1852 2288 1923 qui
2312 1851 2519 1907 dicitur
2562 1863 2897 1920 quocunque
2925 1846 3090 1902 modo
3124 1845 3361 1916 aliquem
3398 1861 3524 1900 vere

245 1934 309 1988 οὐ
343 1933 531 2005 μέντοι
559 1934 779 1998 πάντως
798 1933 900 2004 τῆς
947 1932 1043 1987 τοῦ
1073 1930 1218 1986 εἶναι
1245 1932 1307 1984 ὲκ
1333 1932 1406 2002 μὴ
1435 1933 1628 1986 ὄντων·
1661 1933 1695 2002 ἢ
1726 1932 1835 2003 γὰρ

1937 1946 2215 2017 genuisse,
2241 1961 2352 1999 non
2382 1951 2564 1998 tamen
2598 1941 2824 1997 omnino
2858 1939 3092 2010 originis
3119 1955 3284 2009 quam
3315 1953 3380 1992 ex
3411 1954 3524 1993 non

246 2030 318 2082 ἂν
357 2027 523 2094 οὕτω,
555 2027 678 2083 ούδὲ
709 2027 832 2082 καθ’
866 2027 1031 2080 αὐτὸν
1080 2028 1108 2079 6
1163 2026 1358 2094 Λόγος,
1389 2025 1552 2094 φύσει
1589 2026 1717 2088 Υἱὸς
1762 2022 1829 2096 ἦν

244 2120 342 2174 τοῦ
372 2122 620 2194 Πατρός·
651 2122 714 2173 οὐ
748 2121 857 2191 γάρ
895 2121 978 2181 είς
999 2118 1062 2171 τὸ
1090 2115 1231 2174 εῖναι
1265 2119 1331 2172 ὲκ
1361 2121 1439 2192 μὴ
1467 2118 1641 2173 ὄντων
1669 2119 1830 2188 γεγέ-

246 2231 407 2287 νηται
435 2215 526 2268 ὑπ’
551 2213 722 2268 αὑτοῦ
752 2215 781 2266 6
809 2213 1102 2278 συνατδιος.

862 2430 1088 2488 ΚΕΦΑΛ
1100 2473 1113 2487 .
1156 2429 1229 2488 Γ’.

319 2547 446 2602 Ἐτι
481 2549 678 2619 φασὶν,
717 2550 765 2600 εἰ
798 2549 860 2600 ὲκ
898 2549 1096 2620 μέρους
1148 2549 1177 2600 6
1228 2547 1460 2618 Χριστὸς
1501 2545 1659 2615 ὑμῶν
1710 2543 1838 2610 Υίδς

245 2641 406 2708 Θεοῦ,
457 2643 550 2695 καὶ
602 2643 668 2695 ὲκ
708 2640 908 2712 μέρους
955 2642 1063 2710 ἀρα
1109 2640 1242 2704 Θεὸς
1287 2639 1552 2709 δηλονότι,
1597 2641 1692 2694 καὶ
1724 2640 1822 2710 οὐχ

245 2736 389 2799 ὅλος,
417 2734 646 2806 ἡμίθεος
679 2735 808 2805 ἀρα.
851 2735 988 2788 Ἀλλ’
1021 2735 1153 2805 ἡμῖν
1195 2733 1318 2796 ὅλος
1343 2733 1475 2795 Θεὸς
1521 2750 1834 2805 προσκυνη-

245 2828 340 2892 ea;
369 2820 450 2890 εἷς
485 2829 516 2880 ὁ
547 2826 785 2897 Χριστός
809 2841 822 2854 ·
861 2825 958 2879 τοῦ
994 2825 1091 2896 μὲν
1125 2825 1233 2878 τῶν
1259 2826 1316 2878 έν
1341 2824 1491 2895 αὑτῴ
1516 2825 1594 2895 τῷ
1628 2825 1708 2877 ὲνὶ
1730 2825 1836 2895 ὅλῳ

248 2919 457 2991 μερῶν,
485 2919 610 2973 κατ’
639 2919 834 2970 οὐσίαν
857 2917 1013 2980 ὄντος
1043 2917 1252 2970 τελείου
1278 2917 1422 2970 θείου
1441 2935 1456 2948 ο
1481 2918 1576 2970 τοῦ
1608 2917 1664 2970 δὲ
1693 2917 1836 2970 κατὰ

251 3010 545 3083 μετουσίαν
571 3010 669 3065 ⁶τοῦ
695 3011 977 3080 ⁴ἡνωμένου
1006 3009 1158 3080 αὐτῷ
1191 3010 1313 3062 κατ’
1340 3008 1530 3061 ούσίαν
1555 3007 1701 3062 θείου
1736 3008 1836 3078 μέ-

249 3120 377 3176 ρους
403 3119 420 3134 ο
454 3103 503 3155 εί
531 3103 590 3155 δὲ
637 3103 771 3173 ἡμῖν
801 3101 892 3155 τὸν
922 3099 1158 3172 Χριστὸν
1190 3099 1324 3152 διότι
1351 3098 1415 3152 τὸ
1447 3098 1506 3152 ἓν
1537 3097 1705 3170 μέρος
1738 3099 1836 3150 αὐ-

245 3193 344 3247 τοῦ
385 3195 545 3265 μόνον
575 3193 691 3265 ἔχει
723 3193 788 3247 τὸ
829 3193 989 3262 φύσει
1011 3192 1175 3254 θεῖον,
1203 3190 1429 3263 ἡμίθεον
1463 3191 1727 3260 συνάγετε
1758 3186 1833 3243 εί·

1934 2038 2329 2095 exsistentibus
2361 2036 2604 2091 extrahit
2638 2054 2648 2088 :
2697 2042 2848 2091 certe
2892 2034 3042 2087 enim
3081 2033 3176 2097 ita,
3226 2046 3334 2086 non
3373 2030 3519 2102 apud

1935 2132 2141 2201 ipsum,
2189 2130 2434 2187 Verbum
2476 2129 2650 2182 Filius
2688 2133 2809 2180 erat
2848 2125 3075 2180 Patris:
3113 2139 3220 2178 non
3270 2123 3418 2177 enim
3461 2133 3524 2177 ut

1933 2232 2082 2279 esset
2129 2237 2198 2277 ex
2247 2238 2360 2278 non
2409 2219 2810 2277 exsistentibus
2857 2217 3105 2289 genitum
3155 2225 3241 2270 est
3287 2215 3358 2270 ab
3402 2216 3522 2285 ipso

1931 2324 2290 2372 coaeternum.

2576 2428 2728 2486 CAP.
2771 2424 2862 2484 Ill.

2006 2539 2205 2597 Adhuc
2239 2541 2530 2612 inquiunt,
2562 2541 2607 2594 si
2646 2555 2712 2593 ex
2753 2547 2908 2609 parte
2937 2537 3195 2594 Christus
3220 2549 3402 2594 vester
3438 2548 3523 2593 est

1935 2635 2031 2689 Dei
2064 2635 2260 2700 Filius,
2283 2643 2340 2689 et
2367 2649 2434 2689 ex
2465 2641 2623 2703 parte
2661 2626 2814 2687 certe
2850 2631 3018 2696 Deus,
3055 2631 3408 2687 manifestum
3438 2643 3524 2687 est

1935 2727 2084 2796 quod
2117 2743 2227 2781 non
2254 2734 2423 2786 totus.
2453 2726 2548 2780 sed
2578 2725 2887 2782 scmi-Deus
2917 2733 3022 2780 est.
3069 2725 3329 2780 Attamen
3358 2725 3524 2780 nobis

1936 2828 2091 2876 totus
2143 2821 2289 2874 Deus
2326 2818 2628 2873 adorabilis
2675 2833 2822 2872 unus
2859 2817 3160 2872 Christus:
3199 2818 3332 2871 hinc
3371 2818 3524 2872 enim

1936 2924 2065 2967 sunt
2080 2913 2134 2966 in
2156 2913 2274 2982 ipso
2292 2926 2406 2967 uno
2435 2919 2552 2966 toto
2570 2921 2762 2980 partes
2791 2925 2912 2980 quae
2934 2910 3046 2966 sint
3068 2910 3372 2966 secundum
3389 2910 3528 2966 sub-

1934 3007 2193 3060 stantiam
2227 3004 2508 3075 perfectus
2537 3003 2706 3067 Deus,
2738 3002 3001 3072 illincque
3039 3018 3171 3072 pars
3201 3003 3390 3056 divina
3425 3017 3525 3072 per

1934 3098 2417 3168 participationem
2448 3096 2550 3168 ipsi
2578 3096 2885 3151 secundum
2911 3094 3279 3149 substantiam
3311 3094 3531 3149 unitur.

1937 3189 1996 3244 Si
2038 3204 2172 3244 vero
2217 3198 2411 3245 contra
2454 3203 2553 3242 nos
2603 3185 2911 3249 Christum,
2961 3185 3092 3254 quia
3136 3199 3302 3238 unam
3354 3182 3527 3252 ipsius

247 3304 359 3351 ναι,
404 3286 560 3340 αὐτοὶ⁸
608 3284 744 3356 μηδὲ
794 3283 858 3338 τὸ
918 3285 1039 3338 ὅλον
1079 3285 1216 3353 μηδὲ
1250 3283 1414 3355 μέρος
1462 3283 1626 3353 φύσει
1688 3282 1832 3335 θεῖον

1937 3289 2148 3350 partem
2193 3280 2365 3336 solam
2414 3279 2584 3334 habet
2636 3287 2834 3332 natura
2883 3275 3149 3340 divinam,
3194 3274 3530 3330 senii-deum

247 3379 532 3443 παντελῶς
555 3381 614 3432 έν
642 3378 797 3449 αὐτῷ
826 3377 1052 3441 εἰδότες,
1084 3378 1245 3447 δῆλον
1265 3377 1341 3440 ὡς
1370 3377 1491 3430 οὐδὲ
1520 3377 1659 3440 ὅλως
1679 3375 1833 3442 Θεὸν,

246 3471 388 3526 ἀλλά
420 3471 578 3541 ψιλὸν
634 3471 926 3542 ἄνθρωπον
953 3471 1131 3541 πάντη
1170 3469 1294 3524 καθ’
1323 3471 1473 3540 ἡμᾶς
1499 3465 1642 3523 εἶναι
1673 3467 1839 3536 γινώ-

141 3587 148 3591 ·
249 3578 412 3617 σκετε
447 3562 637 3617 αὑτόν.

854 3752 1108 3818 ΚΕΦΑΛ.
1150 3759 1224 3815 Δ’.

331 3867 481 3928 Ἀλλ’
511 3875 594 3936 είς
645 3873 841 3943 ἑτέρας
893 3871 1308 3944 παρακειμένας
1355 3872 1685 3938 αἰτιολογίας
1739 3869 1838 3937 τῆς

247 3964 511 4028 ἀσεϐείας
557 3965 740 4018 αὐτῶν
775 3963 1286 4034 μετακυλισθέντες,
1323 3965 1456 4032 φασὶ
1493 3962 1583 4016 διὰ
1609 3962 1726 4015 τόδε
1761 3962 1836 4031 μὴ

248 4056 435 4124 λέγειν
459 4055 519 4108 ιν
551 4057 648 4109 καὶ
679 4057 739 4109 τὸ
779 4057 916 4110 αὐτὸ
963 4056 1126 4120 ζῶον,
1161 4057 1257 4109 καὶ
1295 4056 1422 4126 μίαν
1455 4054 1685 4122 δλότητα
1717 4053 1835 4105 υίοῦ

253 4149 425 4218 μόνην
482 4149 548 4201 ἐκ
597 4147 752 4212 θείας
803 4165 862 4200 τε
917 4149 1015 4201 καὶ
1070 4132 1591 4217 ἀνθρωπίνηςέἶναι
1623 4146 1837 4213 φύσεως

250 4242 392 4310 ἅμα,
423 4239 558 4292 διότι
613 4240 792 4293 πάντα
839 4240 953 4294 υίὸν
1007 4240 1295 4309 ὁμοούσιον
1345 4237 1578 4309 δρᾶσθαι
1622 4237 1834 4306 ἀνάγκη

249 4331 365 4392 τοῖς
408 4329 721 4382 τίκτουσιν·
757 4329 1023 4398 ἀνελλιπῆ
1083 4346 1143 4383 τε
1182 4331 1275 4382 καὶ
1322 4328 1613 4398 ἀπέριττον
1670 4327 1834 4398 ἔχειν,

249 4421 352 4492 τὴν
382 4423 519 4492 πρὸς
546 4423 674 4485 τοὺς
705 4421 909 4490 φύντας
946 4421 1110 4476 αὐτὸν
1145 4422 1246 4490 τῆς
1284 4421 1475 4484 οὐσίας
1503 4419 1799 4490 ὁμοιότητα
1818 4435 1830 4449 ·

247 4513 278 4565 6
309 4511 547 4583 Χριστὸς
595 4511 654 4565 δὲ
711 4512 866 4582 ὑμῶν
896 4513 925 4565 ό
954 4511 1092 4565 Θεοῦ
1146 4502 1206 4565 τε
1249 4512 1342 4565 καὶ
1370 4510 1660 4582 ἀνθρώπου
1684 4510 1832 4575 Υίδς,

1938 3385 2062 3424 esse
2090 3369 2344 3439 arguitis,
2399 3369 2504 3438 ipsi
2551 3383 2656 3422 nec
2702 3375 2878 3420 totum
2927 3380 3033 3420 nec
3063 3375 3275 3434 partem
3327 3372 3531 3418 natura

1939 3459 2148 3524 divina,
2197 3458 2452 3515 absolute
2503 3460 2558 3513 in
2615 3443 2734 3529 ipso
2761 3458 3037 3520 videntes,
3081 3456 3373 3511 manifeste
3417 3469 3532 3509 non

1938 3553 2167 3607 omnino
2200 3553 2396 3618 Deum,
2443 3552 2541 3608 sed
2589 3551 2802 3606 nudum
2851 3551 3136 3604 hominem
3189 3547 3530 3610 omnimode,

1933 3642 2090 3711 juxta
2122 3658 2225 3698 nos
2258 3643 2410 3697 illum
2447 3656 2695 3698 asserere
2720 3640 2956 3694 debetis.

2587 3757 2740 3814 CAP.
2781 3756 2870 3810 IV.

2012 3873 2118 3929 Sed
2157 3874 2212 3928 in
2242 3875 2348 3929 alia
2383 3874 2632 3944 subjecta
2661 3880 2986 3943 argumenta
3017 3867 3322 3940 impietatis
3345 3878 3532 3922 trans-

1937 3969 2111 4023 voluti
2134 4011 2147 4033 ,
2191 3968 2350 4023 aiunt
2379 3984 2390 4019 :
2420 3967 2550 4036 quia
2576 3966 2692 4020 non
2723 3964 2931 4018 dicitur
2965 3977 3136 4017 unum
3165 3968 3222 4016 et
3256 3960 3404 4015 idem
3443 3961 3532 4013 vi-

1937 4077 2070 4115 vum
2107 4069 2164 4116 et
2198 4077 2362 4115 unam
2407 4060 2736 4114 totalitatem
2784 4056 2880 4110 ﬁlii
2919 4055 3090 4108 solam
3134 4069 3205 4109 ex
3249 4052 3437 4108 divina
3474 4061 3532 4108 et

1939 4155 2175 4208 humana
2208 4163 2466 4209 constare
2495 4163 2695 4206 natura
2725 4149 2911 4214 simul,
2933 4148 3060 4203 ideo
3082 4161 3304 4202 omnem
3354 4143 3528 4200 tilium

1937 4245 2464 4300 consubstantialem
2515 4256 2638 4298 esse
2683 4240 3011 4311 parentibus
3061 4251 3289 4293 necesse
3335 4247 3444 4300 est,
3471 4245 3530 4291 et

1940 4337 2051 4391 imo
2078 4337 2406 4406 completam
2453 4343 2510 4390 et
2549 4334 2894 4404 adu-quatam
2941 4331 3147 4385 habere
3174 4341 3302 4384 cum
3337 4337 3529 4384 aucto-

1939 4429 2093 4484 ribus
2135 4430 2252 4484 suis
2279 4421 2605 4483 substantiae
2639 4425 3058 4482 similitudinem
3093 4442 3106 4478 :
3144 4423 3242 4479 sed
3271 4421 3526 4479 Christus

1936 4530 2121 4576 vester
2148 4520 2243 4575 Dei
2272 4529 2327 4575 et
2351 4519 2594 4575 hominis
2620 4517 2812 4582 Filius,
2848 4517 2962 4572 Dco
3017 4515 3225 4586 aliquid
3262 4515 3522 4585 amplius,

250 4604 345 4656 καὶ
377 4602 516 4656 Θεοῦ
569 4603 775 4670 πλεῖον,
805 4605 901 4658 καὶ
948 4603 1241 4674 ἀνθρώπου
1270 4605 1534 4675 περισσόν
1583 4621 1637 4656 τι
1679 4602 1828 4674 ἔχει·

1937 4612 2162 4668 homine
2211 4611 2422 4682 aliquid
2460 4611 2716 4680 superius
2762 4608 2968 4663 habet:
3018 4606 3304 4678 quomodo
3350 4605 3524 4676 igitur

249 4692 373 4755 πῶς
402 4688 496 4746 οῦν
530 4693 700 4758 ὅντως
735 4694 829 4747 καὶ
862 4694 992 4758 Υἱὸς
1026 4694 1232 4746 τούτων
1278 4695 1451 4756 ἔσται,
1488 4697 1516 4747 ό
1546 4695 1620 4765 μὴ
1651 4696 1830 4766 πάντη

249 4784 436 4855 ὅμοιος
460 4785 647 4847 αὐτοῖς
676 4785 773 4855 τὴν
801 4785 995 4852 φύσιν;
1037 4785 1200 4847 Ἀλλ’,
1225 4778 1452 4848 ὣοῦτοι,
1482 4787 1702 4856 πρῶτον
1739 4787 1836 4857 μὲν

249 4875 347 4928 καὶ
374 4875 436 4929 τὸ
463 4874 754 4947 ὀμοούσιον
787 4877 926 4947 ἔχει,
958 4877 1096 4945 πρὸς
1121 4879 1294 4947 ἄμφω
1326 4878 1510 4947 μέντοι
1547 4877 1663 4946 ἀμα
1707 4895 1838 4946 συγ·

246 4966 569 5037 κρινόμενος
592 4969 718 5030 τοὺς
741 4968 999 5030 τεκόντας
1027 4968 1189 5020 αὑτὸν
1215 4971 1243 5021 ὁ
1267 4969 1310 5020 Χ
1320 4970 1528 5038 ριστόςο
1555 4970 1650 5022 καὶ
1677 4971 1710 5040 ὴ
1721 4969 1836 5039 μῶν
1882 4998 1886 5002 ~

249 5059 358 5127 γάρ
408 5058 640 5121 ἕκαστος
672 5060 876 5127 ἀμφοῖν
924 5063 1037 5122 τοῖς
1088 5061 1308 5128 γονεῦσι
1352 5047 1838 5131 παραϐαλλόμενος

251 5149 395 5219 ἅμα,
423 5151 652 5213 δεόντως
676 5151 912 5220 κρίνοιτο
937 5152 1002 5204 ἂν
1025 5147 1164 5204 εἶναι
1190 5152 1437 5223 ὀμοφυὴς
1469 5156 1581 5215 τοῖς
1611 5153 1837 5214 οἰκείοις

254 5240 471 5304 αἰτίοις,
503 5241 736 5313 ἐπείπερ
767 5243 861 5295 καὶ
895 5243 1124 5314 μητρῷά
1146 5261 1269 5297 τινα
1309 5243 1445 5314 ἔχει,
1472 5243 1509 5297 ἃ.
1555 5245 1655 5297 οὐκ
1689 5245 1836 5298 ἔστιν

253 5332 388 5401 όρᾷν
426 5332 484 5383 ἐν
511 5331 589 5402 τῷ
615 5333 818 5402 πατρί·
856 5335 949 5387 καὶ
991 5334 1225 5406 πατρῷά
1253 5352 1372 5388 τινα
1401 5333 1436 5388 ἃ
1462 5336 1562 5388 οὐκ
1602 5335 1748 5387 ἔστιν
1778 5336 1836 5388 έν

253 5425 319 5493 τῇ
360 5424 532 5493 μητρὶ
555 5423 817 5488 πολλάκις
837 5441 851 5455 ο
880 5427 930 5477 εί
956 5425 1011 5477 δὲ
1035 5428 1129 5479 καὶ
1162 5425 1268 5478 ἀνά
1303 5427 1470 5496 μέρος
1512 5427 1835 5496 κρινόμενος

249 5513 505 5584 ἑκατέρῳ
542 5514 818 5568 δείκνυται
843 5517 1028 5586 ὅμοιος
1066 5517 1378 5587 ἄνθρωπος,
1406 5518 1528 5570 ἐπεὶ
1552 5516 1835 5588 συμϐέϐη-
1884 5573 1894 5579 ,

246 5621 346 5658 κεν
382 5605 445 5670 ιξ
480 5606 742 5675 ὁμοειδῶν
786 5609 1116 5678 ἀμφοτέρων
1160 5610 1417 5680 τεχθῆναι
1461 5610 1647 5673 αὑτὸν,
1677 5609 1836 5663 τοῦτο

245 5696 554 5767 θεωρεῖται·
578 5699 639 5750 οὐ
662 5701 772 5768 γὰρ
789 5699 855 5770 δὴ
875 5701 971 5754 καὶ
986 5702 1078 5754 ἐπὶ
1099 5701 1210 5754 τῶν
1232 5703 1617 5770 ἀνομοιοειδῶν
1640 5703 1834 5755 αἰτίων

243 5787 340 5842 τοῦ
363 5791 705 5860 γεννωμένου
738 5791 854 5845 τόδε
882 5793 1083 5863 ὁμοίως
1099 5795 1319 5863 ὁρᾶται·
1347 5794 1464 5857 πῶς
1486 5793 1595 5864 γάρ
1615 5793 1680 5847 ἂν
1701 5796 1835 5864 ὁμο-

250 5881 384 5950 φυὶς
411 5881 518 5953 ἰδία
548 5882 768 5954 κριθείη
796 5884 1052 5958 ἀλέκτορι
1077 5889 1169 5939 καὶ
1205 5887 1453 5956 φασιανῷ
1475 5888 1535 5939 τὸ
1565 5889 1627 5941 ἑκ
1664 5889 1831 5942 τῶνδε

574 5977 844 6038 Parum.
889 5980 1006 6039 Gn.
1055 5979 1206 6038 LXX
1225 5980 1392 6043 XVI.

1939 4719 2068 4758 vere
2097 4703 2317 4757 illorum
2341 4701 2514 4756 Filius
2535 4702 2665 4766 erit,
2693 4700 2787 4770 qui
2815 4714 2927 4753 non
2957 4705 3042 4753 est
3071 4697 3180 4751 illis
3205 4694 3522 4749 omnimodo

1938 4807 2135 4852 natura
2177 4795 2414 4850 similis?
2445 4793 2554 4849 Se‘II
2588 4793 2827 4863 primum
2873 4791 3112 4847 similem
3153 4788 3520 4843 substantiam

1940 4886 2411 4949 babethristus,
2455 4887 2501 4940 si
2544 4885 2864 4941 conferatur
2913 4883 3080 4939 simul
3128 4895 3253 4935 cum
3304 4879 3524 4935 duobus

1939 4981 2033 5048 qui
2077 4994 2204 5033 eum
2257 4987 2573 5049 genuerunt
2605 4994 2618 5030 :
2649 4984 2900 5030 nostrum
2937 4973 3088 5027 enim
3142 4970 3520 5041 unusquisque

1938 5070 2209 5124 ambobus
2290 5068 2622 5138 parentibus.
2685 5082 2793 5120 una
2888 5073 3244 5133 comparatus
3323 5076 3514 5116 conve-

1938 5161 2158 5215 nienter
2180 5159 2529 5230 judicaretur
2561 5173 2683 5212 esse
2718 5155 2946 5225 aequalis
2977 5165 3193 5208 natura
3225 5168 3288 5207 ac
3310 5153 3517 5223 pr0pri3

1937 5263 2213 5315 auctores,
2244 5251 2449 5321 qu’ppc
2492 5259 2550 5304 ct
2595 5259 2847 5303 materna
2893 5248 3144 5318 quaedam
3181 5247 3370 5311 habet,
3403 5261 3518 5315 qua-

1940 5345 1994 5398 in
2020 5353 2179 5414 patre
2206 5358 2319 5397 non
2350 5341 2730 5410 reperiuntur,
2776 5349 2833 5394 et
2858 5348 3089 5409 paterna
3113 5337 3367 5408 quaedam
3401 5350 3520 5405 quat

1939 5434 1994 5488 in
2050 5445 2225 5489 matre
2281 5450 2425 5503 szepe
2463 5433 2664 5488 desunt
2705 5451 2720 5488 :
2751 5433 2797 5486 si
2836 5447 2968 5486 vero
3005 5447 3103 5500 per
3138 5429 3526 5499 partemjudi--

1938 5536 2096 5581 catus
2150 5526 2452 5595 unicuique
2506 5527 2821 5582 ostenditur
2872 5525 3073 5580 similis
3123 5525 3312 5590 homo,
3369 5522 3524 5576 illum

1938 5618 2110 5673 fuisse
2147 5634 2216 5672 ex
2240 5620 2512 5674 ambobus
2538 5619 2785 5690 ejusdem
2830 5618 3036 5689 Speciei
3080 5617 3403 5680 formatum,
3449 5615 3528 5670 fa-

1937 5711 2042 5765 cile
2065 5720 2293 5780 apparet
2321 5731 2333 5766 :
2363 5729 2473 5768 non
2505 5715 2653 5768 enim
2681 5712 2749 5768 de
2784 5713 2878 5767 illo
2909 5713 3004 5783 qui
3033 5728 3102 5767 ex
3131 5711 3367 5766 diversae
3399 5725 3526 5780 spe-

1937 5803 2041 5857 ciei
2073 5806 2400 5860 auctoribus
2424 5815 2580 5861 ortus
2603 5815 2708 5868 est,
2741 5806 2947 5876 pariter
2971 5813 3209 5860 constat.
3235 5802 3526 5870 Quomodo

1938 5893 2107 5957 enim,
2134 5895 2370 5966 exempli
2418 5911 2606 5962 causa,
2631 5897 2878 5968 ejusdem
2925 5905 3138 5951 natura:
3180 5895 3528 5956 iudicaretur

2950 5990 3022 6049 51
