4194 6446
735 407 868 473 1611

2002 415 2309 476 LEONTII
2358 416 2771 477 Bi‘ZANTlNI‘

3874 425 4012 492 1612

730 520 878 590 quod
920 534 952 579 ε
979 521 1124 594 gallo
1152 530 1210 576 et
1241 521 1510 591 phasiano
1542 533 1728 580 ortum
1762 526 1955 581 esset?
1984 526 2197 582 Pariter
2224 542 2304 580 au-

2423 526 2643 597 τεχθέν;
2679 530 2830 597 ὅμως
2854 528 2908 582 δὲ
2937 529 3122 597 λέγετε
3153 533 3305 604 ἡμῖν,
3329 535 3640 605 φυσιολόγοι
3657 550 3673 568 ·
3699 536 3818 591 υἱὸν
3843 540 4010 595 τῶνδε

731 621 841 667 tem
871 611 1039 668 dicite
1078 613 1259 680 nobis,
1284 614 1355 684 ph
1367 615 1595 688 ysiologi
1630 635 1642 646 ·
1673 616 1830 673 Anne
1860 618 2032 672 ﬁlium
2083 619 2311 673 istorum

728 706 939 765 \ocatis
988 704 1121 759 illud
1171 706 1571 769 minimum,et
1623 711 1911 767 habetisne
1962 712 2098 766 illud
2148 726 2311 765 unam

727 796 983 851 animalis
1000 796 1349 866 totalitatem,
1373 815 1477 855 nec
1504 802 1614 856 ne?
1644 801 1700 856 Si
1729 803 1879 857 enim
1906 802 1961 857 id
1978 818 2177 872 negare
2199 818 2311 858 nou

727 886 892 943 detur
918 888 1108 954 ,vobis,
1148 890 1425 959 quomodo
1457 891 1526 946 de
1573 892 1662 946 his
1705 909 1829 962 quae
1872 904 2004 949 sunt
2051 904 2313 965 tanquam

727 975 797 1032 de
828 976 915 1031 his
934 993 1057 1047 qua:
1086 993 1199 1031 non
1222 990 1351 1034 sunt
1377 979 1708 1050 loquimini?
1732 982 1839 1038 Sed
1872 983 2087 1047 talium,
2108 984 2309 1054 inquit,

725 1076 813 1122 est
838 1068 1025 1122 mistio
1056 1076 1111 1122 et
1139 1069 1394 1125 confusio
1422 1073 1628 1143 speciei
1655 1074 1809 1145 juxta
1841 1076 2257 1144 generationem
2297 1094 2310 1129 :

729 1159 804 1212 ita
840 1167 899 1212 ut
922 1173 1033 1214 non
1054 1159 1336 1232 judicetur
1362 1162 1496 1219 illud
1523 1180 1647 1221 esse
1668 1167 1724 1221 in
1758 1168 1892 1237 ipsis
1914 1179 2125 1238 partem
2157 1169 2308 1238 equi,

725 1257 782 1302 et
804 1248 951 1304 istud
996 1262 1209 1321 partem
1257 1254 1422 1321 asini,
1449 1257 1544 1311 sed
1574 1258 1755 1313 omnia
1783 1274 1902 1314 esse
1932 1262 2174 1330 ipsorum
2206 1260 2311 1315 alia

726 1342 978 1397 membra
1033 1354 1092 1398 et
1149 1345 1526 1403 indistincta:
1580 1350 1624 1403 si
1686 1350 1850 1405 talem
1914 1352 2084 1420 igitur
2134 1360 2191 1405 et
2252 1352 2313 1407 in

729 1433 952 1489 Christo
998 1435 1312 1491 mistionem
1361 1439 1802 1495 substantiarum
1856 1444 2147 1509 asseritis,
2212 1459 2312 1499 vos

730 1526 900 1581 dicite
955 1528 1118 1583 nobis
1176 1529 1310 1598 quid
1352 1530 1624 1585 sentiatis.
1673 1531 1783 1586 Sed
1827 1550 1936 1589 non
1970 1535 2038 1589 ad
2080 1535 2313 1592 demon-

724 1619 1048 1674 strationem
1079 1619 1278 1675 similis
1307 1621 1529 1677 unionis
1564 1623 1681 1679 haec
1705 1627 2041 1696 accepimus,
2077 1628 2145 1682 ad
2183 1644 2314 1683 con-

721 1704 1049 1764 futationem
1104 1727 1239 1766 vero
1304 1713 1360 1767 in
1421 1728 1665 1782 praesens
1727 1723 1941 1772 tantum
1997 1726 2309 1773 vestrorum

721 1802 1113 1867 oraculorum,
1171 1814 1495 1874 generatum
1561 1816 1825 1875 oportere
1886 1821 2010 1863 esse
2067 1807 2310 1878 perfecte

2416 619 2633 673 καλεῖτε
2665 620 2728 673 τὸ
2767 621 2964 691 μικρὸν
2995 622 3135 690 τόδε,
3169 626 3263 677 καὶ
3298 626 3428 695 μίαν
3457 630 3572 682 ῐστε
3606 628 3749 695 ζώου
3778 630 4009 703 ὁλότητα

2413 708 2594 775 τοῦτο,
2620 711 2654 781 ἦ
2673 712 2793 783 οὐχι
2815 729 2830 777 ;
2860 714 2907 765 εἰ
2931 714 3040 784 γὰρ
3066 718 3184 769 τόδε
3205 718 3488 789 ἀρνεῖσθαι
3507 722 3568 774 οὑ
3603 722 3834 778 δυνατὸν
3855 725 4005 794 ὑμῖν,

2415 801 2533 866 πῶς
2550 804 2618 856 τὰ
2647 803 2777 857 ὄντα
2791 805 2867 868 ὼς
2889 806 2967 877 μὴ
2985 806 3111 861 ὄντα
3126 808 3338 863 λαλεῖτε
3362 827 3378 876 ;
3403 809 3566 865 Ἀλλὰ
3594 813 3705 867 τῶν
3724 816 4002 882 τοιούτων,

2417 895 2550 964 φησὶ
2579 895 2796 964 ,κρᾶσίς
2826 897 2944 950 ἐστι
2985 900 3081 953 καὶ
3111 899 3376 970 σύγχυσις
3404 902 3500 956 τοῦ
3531 902 3714 968 εἴδους
3737 909 3883 961 κατὰ
3910 908 4006 979 τὴν

2422 984 2712 1056 γέννησιν’
2746 985 2822 1048 ὡς
2855 987 2988 1057 μηδὲ
3021 989 3305 1060 κρίνεσθαι
3345 992 3466 1046 τόδε
3529 994 3630 1062 μὲν
3654 990 3795 1049 εἶναι
3840 999 3904 1050 τὸ
3946 1001 4003 1050 ὲν

2414 1075 2599 1139 αὑτοῖς
2622 1075 2787 1145 μέρος
2820 1076 3010 1144 ἵππου,
3035 1080 3129 1131 καὶ
3155 1078 3273 1133 τόδε
3302 1079 3450 1144 ὄνου,
3478 1082 3615 1134 ἀλλὰ
3644 1087 3826 1137 πάντα
3860 1078 3999 1139 εἶναι

2414 1170 2597 1225 αὐτῶν
2643 1172 2831 1225 ἀλλοῖα
2879 1171 2952 1224 τὰ
3004 1173 3140 1241 μέλη
3173 1176 3268 1228 καὶ
3301 1174 3644 1244 ἀδιάγνωστα
3667 1194 3681 1207 ο
3712 1180 3762 1231 εἰ
3787 1179 3999 1233 τοιάνδε

2413 1254 2507 1313 οὖν
2540 1261 2635 1313 καὶ
2674 1260 2773 1331 τὴν
2821 1263 2880 1314 ὲν
2927 1261 3151 1331 Χριστῷ
3202 1263 3402 1334 φύρσιν
3452 1264 3562 1318 τῶν
3607 1265 3813 1319 οὐσιῶν
3841 1284 3999 1335 φατε,

2416 1352 2574 1421 ὑμεῖς
2620 1351 2814 1407 εἷπατε
2836 1355 2991 1424 ἡμῖν,
3041 1353 3241 1423 φασιν·
3278 1356 3397 1409 ἀλλ’
3421 1357 3483 1410 οὐ
3527 1357 3665 1428 πρὸς
3712 1358 3880 1423 δεῖξιν
3902 1362 4003 1429 τῆς

2414 1444 2608 1515 ὁμοίας
2635 1445 2881 1508 ένώσεως
2897 1445 3022 1499 τάδε
3044 1447 3487 1518 παρειλήφαμεν,
3512 1444 3559 1503 ὦ
3581 1444 3749 1513 οὗτοι,
3774 1450 3893 1506 ἀλλ’
3922 1454 3999 1514 εἰς

2412 1536 2727 1610 ἀνατροπὴν
2759 1540 2938 1608 μόνων
2967 1538 3079 1591 τῶν
3111 1540 3249 1610 πρὸς
3279 1540 3342 1593 τὸ
3384 1542 3561 1610 παρὸν
3590 1544 3877 1614 ὑμετέρων
3906 1542 3999 1597 θε-

2416 1628 2763 1698 σπισμάτων,
2804 1628 3092 1699 ὀμοούσιον
3137 1630 3443 1694 ἀνελλιπῶς
3472 1628 3615 1686 εἶναι
3658 1634 3772 1687 δεῖν
3802 1636 3997 1688 ἕκατέ-

2418 1737 2525 1792 ρων
2556 1719 2666 1773 τῶν
2689 1721 2926 1789 φύντων,
2961 1721 3024 1774 τὸ
3059 1723 3405 1793 γεννώμενον
3431 1726 3837 1795 κηρυττόντων,
3862 1726 3897 1796 ἢ
3925 1727 3999 1795 μὴ

2414 1813 2699 1868 καλεῖσθαι
2721 1814 2889 1868 αὑτὸν
2925 1814 3056 1868 Υἰόν
3076 1831 3094 1848 ο
3130 1816 3249 1869 τόδε
3284 1815 3380 1870 οὖν
3405 1817 3540 1871 αὑτό
3564 1818 3627 1872 τὸ
3646 1821 3999 1889 πεφυρμένον

723 1894 1032 1949 substantia
1066 1896 1363 1966 unicuique
1414 1898 1702 1967 generanti
1749 1898 1991 1954 similem
2045 1916 2304 1970 praenun-

2415 1906 2510 1959 καὶ
2562 1905 2931 1975 ἀδιάγνωστον
2981 1905 3077 1960 τοῦ
3131 1908 3333 1971 εἴδους,
3386 1912 3480 1962 ἐπὶ
3542 1912 3754 1964 τούτων
3801 1910 3999 1978 μᾶλλον

724 1987 1004 2052 tiantium,
1033 2000 1129 2044 aut
1159 1990 1340 2060 ipsum
1363 2008 1474 2047 non
1498 1993 1683 2048 vocari
1709 1993 1910 2049 Filium
1935 2013 1949 2049 :
1977 1996 2112 2051 iiiud
2140 2006 2311 2067 igitur

722 2085 947 2135 mistqu
968 2090 1026 2135 et
1051 2080 1436 2139 indistinctum
1467 2085 1691 2155 speciei,
1722 2085 1811 2142 his
1833 2086 1902 2142 dc
1933 2088 2104 2142 rebus
2133 2089 2311 2159 magis

720 2170 1033 2226 confutabit
1079 2182 1323 2229 vestram
1352 2176 1791 2246 propositionem
1820 2195 1835 2233 :
1867 2178 1913 2234 si
1956 2179 2106 2234 enim
2145 2190 2204 2235 et
2239 2181 2310 2237 de

719 2261 807 2315 his
832 2277 1072 2331 quorum
1097 2264 1253 2335 juxta
1277 2267 1588 2331 membrum
1636 2269 1814 2323 solum
1850 2271 2158 2327 similitudo
2180 2288 2308 2327 cum

720 2354 988 2409 atterutro
1028 2358 1415 2425 generantium
1454 2375 1567 2415 non
1606 2370 1882 2427 servatur,
1914 2362 2011 2417 ﬁlii
2045 2364 2309 2421 dicuntur

719 2460 992 2515 equorum
1026 2448 1365 2515 serui-asini,
1401 2458 1459 2506 et
1503 2450 1603 2506 ﬁlii
1646 2452 1929 2508 asinorum
1977 2456 2305 2527 semi-cqui,

720 2536 1002 2603 quomodo
1044 2547 1269 2608 propter
1316 2540 1558 2609 aliquam
1606 2557 1677 2596 ex
1707 2551 1862 2612 parte
1893 2543 2306 2603 dissimilitudi-

716 2642 870 2694 nem,
919 2643 1027 2683 non
1056 2644 1221 2699 posse
1266 2630 1441 2686 ﬁlium
1490 2648 1688 2690 vocare
1721 2635 1879 2690 illum
1927 2638 2022 2707 qui
2072 2654 2185 2693 non
2220 2650 2308 2696 est

718 2720 1038 2775 omnimode
1092 2720 1293 2777 similis
1341 2723 1698 2794 genitoribus
1744 2722 2064 2783 asseru'istis
2091 2730 2117 2783 ?
2163 2730 2305 2786 Illud

717 2808 863 2865 bene
892 2810 1194 2866 dicendum
1235 2812 1516 2870 haberetis
1557 2815 1700 2872 forte
1737 2817 1846 2873 illis
1884 2819 1979 2888 qui
2022 2819 2305 2878 Christum

717 2901 956 2958 simi!em
992 2905 1307 2962 substantia
1337 2922 1438 2962 sua
1472 2909 1698 2978 utrique
1735 2912 1953 2981 parenti
1997 2928 2120 2969 esse
2155 2916 2307 2987 cogi-

716 3003 857 3057 tant,
890 3010 1001 3050 non
1032 3012 1165 3050 vero
1191 2997 1357 3052 nobis
1384 2998 1479 3068 qui
1508 2999 1684 3069 ipsius
1714 3017 2004 3071 personam
2031 3020 2098 3059 ex
2123 3005 2307 3062 diver-

715 3086 796 3143 sis
817 3088 1034 3144 naturis
1068 3091 1384 3147 constitisse
1410 3092 1757 3162 proﬁtemur.

784 3179 918 3246 Quae
952 3181 1177 3250 quidem
1205 3194 1337 3240 sunt
1366 3184 1552 3240 adhuc
1584 3201 1649 3242 ea
1680 3187 1749 3243 de
1787 3202 1847 3243 re
1874 3192 2191 3247 accuratius
2221 3194 2307 3249 in-

716 3266 990 3335 quirenda
1018 3285 1033 3323 :
1063 3270 1152 3325 vel
1180 3271 1330 3326 enim
1354 3274 1528 3328 totius
1557 3274 1865 3333 similitudo
1893 3280 2056 3336 vobis
2081 3282 2305 3339 videtur

714 3357 1039 3416 ﬁliationcm
1073 3372 1474 3432 repraesentare
1504 3367 1863 3434 omnino,vel
1894 3387 2004 3428 non
2040 3391 2053 3427 :
2088 3375 2134 3430 si
2165 3392 2301 3443 non,

711 3448 918 3506 frustra
956 3454 1208 3523 quaeritis
1240 3471 1271 3511 a
1307 3457 1472 3513 nobis
1506 3474 1578 3514 an
1620 3460 1694 3517 sit
1722 3476 1889 3518 causa
1924 3465 2202 3523 tiliationis
2232 3468 2303 3524 ad

712 3541 890 3612 ipsius
929 3545 1467 3606 demonstrationem
1498 3569 1512 3606 :
1539 3554 1726 3622 quoad
1760 3556 1910 3610 enim
1952 3556 2303 3616 demonstra-

714 3633 916 3698 tiones.
950 3652 1052 3707 per
1090 3654 1287 3696 causas
1317 3641 1481 3697 istam
1518 3645 1784 3702 constitui
1819 3646 2143 3706 ﬁliationem
2172 3668 2303 3724 per-

711 3738 935 3780 suasum
985 3728 1203 3785 habetis
1241 3739 1456 3788 tantum
1487 3753 1500 3788 :
1533 3736 1707 3805 igitur
1746 3738 1884 3794 Abel
1933 3740 2136 3797 similis
2163 3742 2303 3798 Cain

705 3817 863 3886 juxta
894 3825 1065 3873 totam
1099 3821 1276 3891 ipsius
1308 3825 1675 3882 substantiam
1701 3838 1759 3884 et
1788 3828 1938 3885 ﬁlius
1968 3832 2122 3886 illius
2156 3842 2300 3900 erat,

709 3917 768 3962 et
822 3909 953 3966 ideo
999 3910 1121 3980 ﬁlii,
1162 3930 1276 3971 non
1295 3917 1480 3973 fratris
1528 3920 1902 3977 interfector?
1940 3923 2047 3978 Sed
2094 3925 2302 3996 quippe

711 4000 979 4057 similium
1007 4020 1168 4074 teque
1202 4014 1289 4063 est
1332 4010 1556 4077 relatio,
1607 4022 1666 4067 et
1709 4012 1844 4068 Cain
1893 4015 2111 4071 scilicet
2157 4016 2303 4072 ﬁlius

708 4093 850 4149 Abel
879 4095 1143 4151 similiter
1170 4099 1279 4153 erit
1312 4117 1325 4153 ε
1362 4100 1535 4172 igitur
1560 4112 1769 4174 ergoet
1797 4107 1975 4175 patris
1998 4106 2188 4177 potius
2216 4107 2300 4160 in-

710 4184 982 4240 terfector
1003 4195 1091 4242 est
1122 4205 1136 4242 :
1171 4187 1382 4245 idcirco
1435 4200 1494 4247 et
1525 4191 1581 4246 in
1616 4194 1812 4249 eodem
1847 4194 1997 4250 ﬁlius
2028 4205 2085 4250 et
2118 4206 2299 4266 pater,

710 4284 770 4331 et
791 4277 966 4333 frater
990 4288 1110 4335 erat
1133 4279 1270 4338 Cain
1296 4282 1393 4352 qui
1427 4281 1586 4339 illum
1615 4285 1843 4352 occidit,
1891 4289 2027 4342 Abel
2069 4289 2140 4344 ab
2179 4290 2301 4360 ipso

710 4367 1043 4428 interfectus
1068 4388 1085 4428 :
1115 4381 1173 4428 et
1210 4372 1348 4429 Cain
1377 4374 1476 4430 ﬁlii
1508 4386 1565 4432 et
1614 4378 1794 4447 patris
1822 4387 1880 4434 et
1909 4380 2100 4435 fratris
2129 4381 2304 4436 inter-

710 4462 892 4518 fector
920 4480 937 4519 :
970 4465 1100 4535 quis
1129 4482 1261 4522 vere
1292 4483 1405 4522 non
1438 4468 1697 4525 irridedit
1734 4479 1954 4527 vestras
1986 4472 2179 4528 inanes
2207 4488 2303 4530 co-

2410 1994 2708 2065 ἀνατρέψει
2729 1998 2830 2065 τὴν
2868 1996 3144 2067 ὑμετέραν
3179 2000 3516 2066 ἀπόφανσιν
3558 2004 3607 2055 εἰ
3636 2010 3748 2073 γὰρ
3786 2008 3881 2057 καὶ
3913 2005 3995 2070 ἐφ’

2408 2075 2484 2136 ὧν
2544 2084 2682 2155 μηδὲ
2714 2086 2856 2140 κατὰ
2889 2086 3051 2157 μέλος
3083 2088 3267 2141 οἱαοὺν
3296 2090 3553 2161 ὁμοιότης
3602 2093 3838 2156 σώζεται
3866 2094 4001 2162 πρὸς

2412 2175 2639 2246 θάτερον
2683 2177 2793 2229 τῶν
2825 2179 3143 2245 τικτόντων,
3194 2180 3301 2233 υἱοί
3336 2198 3396 2234 τε
3444 2182 3692 2249 λέγονται
3730 2184 3920 2237 ἵππων
3946 2184 3998 2236 οι

2411 2268 2646 2338 ἡμίονοι,
2672 2269 2768 2321 καὶ
2808 2270 2976 2322 τέκνα
3007 2270 3146 2323 ὄνων
3173 2272 3224 2324 οἱ
3255 2272 3542 2342 ήμξιπποι,
3581 2275 3697 2336 πῶς
3724 2274 3814 2326 διὰ
3849 2276 3911 2328 τὸ
3934 2278 3998 2328 ὲκ

2414 2360 2621 2430 μέρους.
2664 2359 2946 2430 ἀνόμοιον,
2977 2362 3041 2415 οὑ
3088 2362 3356 2416 δύνασῦαι
3409 2365 3525 2417 υἱὸν
3572 2365 3763 2419 καλεῖν
3792 2368 3883 2418 τὸν
3922 2370 3999 2436 μὴ

2410 2455 2590 2523 πάντη
2638 2453 2826 2523 ὅμοιον
2860 2457 2975 2517 τοῖς
3004 2452 3261 2509 τεκοῦσιν
3311 2455 3476 2508 αὑτὸν
3507 2458 3766 2525 εἰρήκατε
3793 2474 3809 2521 ;
3837 2456 4001 2511 τοῦτο

2406 2544 2465 2598 δὲ
2492 2545 2558 2599 ἂν
2581 2545 2763 2610 καλῶς
2791 2539 2938 2615 εἶχεν
2966 2547 3096 2616 ὑμῖν
3130 2546 3315 2615 λέγειν
3346 2547 3497 2609 ἴσως,
3535 2547 3670 2618 πρὸς
3707 2549 3836 2610 τοὺς
3858 2548 4001 2601 κατά

2411 2636 2540 2707 μίαν
2564 2636 2732 2690 αὑτοῦ
2758 2638 2859 2706 τὴν
2892 2637 3087 2693 οὑσιαν
3116 2638 3304 2707 ὅμοιον
3326 2633 3467 2691 εἶναι
3490 2639 3583 2691 τὸν
3607 2640 3843 2709 Χριστὸν
3865 2640 4001 2691 ἐκα-

2406 2729 2465 2784 τέ
2473 2746 2583 2799 ρων
2604 2729 2714 2783 τῶν
2741 2730 2946 2800 γονέῳν
2966 2729 3315 2796 δοξάζοντας,
3341 2732 3403 2782 οὐ
3429 2731 3539 2801 μὴν
3559 2733 3654 2784 καὶ
3682 2731 3823 2801 πρὸς
3850 2734 4003 2800 ἡμᾶς

2406 2821 2533 2886 τοὺς
2565 2821 2707 2875 κατὰ
2765 2819 3061 2892 διαφόρους
3116 2821 3312 2890 φύσεις
3367 2822 3770 2892 ὁμολογοῦντας
3826 2824 4000 2877 αὑτοῦ

2409 2912 2798 2985 συνεστηκέναι
2833 2913 2934 2985 τὴν
2961 2912 3280 2967 ὑπόστασιν.

2480 3182 2602 3235 Ἔτι
2649 3180 2709 3235 δὲ
2769 3178 3124 3250 βασανιστέον
3180 3179 3276 3232 καὶ
3327 3178 3722 3252 ἀκριϐέστερον
3764 3178 3837 3233 τὰ
3868 3182 4002 3248 περὶ

2405 3272 2563 3327 τοῦδε
2583 3290 2596 3301 ·
2625 3274 2659 3344 ἢ
2688 3272 2797 3342 γὰρ
2823 3274 2856 3343 ἡ
2885 3271 2980 3324 τοῦ
3029 3271 3155 3325 ὅλου
3191 3271 3446 3342 ὁμοιότης
3476 3271 3607 3339 ὑμῖν
3654 3271 3806 3324 δοκεί
3852 3267 3998 3324 εἶναι

2405 3366 2503 3435 τῆς
2545 3364 2791 3433 υἱότητος
2834 3364 3217 3433 παραστατικὴ
3266 3365 3507 3427 πάντως,
3548 3364 3765 3433 ἣοὺχὲ’
3815 3366 4002 3434 εἰμὲν

2405 3453 2500 3510 οὖν
2525 3457 2669 3525 οὐχὶ,
2706 3455 2884 3524 μάτην
2941 3453 3156 3523 ζητεῖτε
3204 3454 3337 3523 παρ’
3365 3450 3527 3523 ἡμῶν
3568 3454 3631 3507 τδ
3693 3456 3769 3524 μὴ
3823 3456 4003 3510 αἴτιον

2405 3549 2649 3617 υἱότητος
2698 3547 2778 3609 εἰς
2824 3545 3099 3609 ἀπόδειξιν
3149 3546 3356 3615 αὑτῆς’
3389 3547 3443 3597 αἱ
3512 3545 3628 3615 γὰρ
3662 3546 3999 3612 ἀποδείξεις,

2404 3638 2493 3691 διὰ
2525 3636 2633 3689 τῶν
2662 3637 2853 3688 αἰτίων
2875 3634 3080 3704 ταύτην
3115 3634 3447 3703 ὑφίστασθαι
3469 3636 3571 3704 τὴν
3604 3636 3837 3706 υἱότητα
3878 3638 4004 3691 πεξ-

2403 3728 2564 3782 θεσθε
2598 3728 2785 3798 μόνον·
2817 3723 2930 3799 ἆρα
2959 3744 3022 3795 γε
3061 3726 3229 3780 ’Λϐελ
3263 3728 3406 3781 Κὰῖν
3439 3731 3629 3796 ὅμοιος
3659 3728 3738 3781 ὢν
3771 3731 3916 3784 κατὰ
3941 3711 4009 3784 τε

2403 3821 2523 3875 ὅλον
2553 3822 2650 3891 τῆς
2679 3821 2865 3884 οὐσίας
2896 3820 3089 3883 αὑτοῦ,
3133 3822 3227 3874 καὶ
3262 3822 3377 3885 υἱὸς
3412 3821 3581 3874 αὑτοῦ
3604 3818 3696 3891 ἦν,
3720 3825 4002 3887 υἱοκτόνος

2403 3909 2517 3975 οὖν,
2539 3913 2639 3966 οὑκ
2656 3912 3039 3981 ἀδελφοκτόνος
3056 3909 3123 3985 ἦν
3146 3932 3161 3979 ;
3182 3912 3294 3966 ἀλλ’
3312 3912 3501 3983 ἐπειδὴ
3517 3912 3627 3967 τῶν
3648 3913 3855 3983 ὁμοίων
3872 3914 4001 3966 ὲπῖ-

2404 4023 2505 4075 σης
2534 4006 2649 4058 ἐστὶ
2677 4007 2710 4075 ἡ
2743 4006 2947 4074 σχέσις,
2982 4005 3079 4058 καὶ
3106 4006 3249 4059 Κάἲν
3275 4004 3383 4075 ἄρα
3418 4004 3534 4065 υἱὸς
3566 4004 3736 4058 Ἀὂελ
3788 4007 4000 4072 ὁμοίως

2404 4094 2577 4149 ἔσται·
2596 4096 2702 4167 ἄρα
2719 4096 2814 4150 οὖν
2840 4098 2934 4149 καὶ
2963 4097 3327 4170 πατροκτόνος
3357 4096 3559 4166 μᾶλλόν
3585 4099 3734 4149 ἐστιν
3751 4113 3765 4126 ο
3796 4097 4002 4149 οὖκοῖν

2402 4188 2500 4242 καὶ
2523 4189 2581 4240 ὲν
2600 4187 2806 4257 ταυτῷ,
2824 4189 2940 4252 υἱός
2966 4206 3025 4242 τε
3053 4189 3149 4243 καὶ
3177 4191 3361 4258 πατὴρ
3392 4188 3484 4241 καὶ
3510 4188 3742 4255 ἁδελφὸς
3759 4184 3829 4259 ἦν
3857 4190 3999 4242 Κὰϊν

2402 4280 2498 4334 τοῦ
2514 4281 2826 4344 κτείναντος
2852 4280 3044 4347 αὑτὸν,
3072 4279 3241 4334 Ἀὁελ
3262 4282 3291 4334 ὁ
3313 4282 3493 4353 (impr.
3502 4281 3658 4350 μένος
3677 4281 3768 4333 ὑπ’
3789 4281 3961 4334 αὑτοῦ
3981 4297 3997 4311 ο

2403 4375 2501 4428 καὶ
2552 4374 2692 4427 Κάῐν
2741 4373 3017 4435 υἰοκτόνος
3044 4390 3103 4426 τε
3139 4373 3238 4427 καὶ
3284 4376 3657 4442 πατροκτόνος
3712 4374 3807 4425 καὶ
3834 4372 4002 4425 ἀδελ-

2403 4464 2665 4534 φοκτόνος
2690 4480 2705 4496 '
2740 4465 2836 4517 καὶ
2864 4464 2947 4527 τίς
2970 4465 3031 4517 οὐ
3062 4463 3283 4533 γελάσει
3307 4464 3435 4517 τάδε
3464 4463 3620 4533 ὑμῶν
3640 4463 3709 4515 τὰ
3738 4463 3999 4534 γλαφυρὶ

710 4554 1051 4625 gitationes?
1078 4558 1507 4629 Dijudieandum
1558 4569 1646 4617 est
1688 4563 1860 4634 igitur
1892 4563 2186 4620 manifeste
2237 4575 2300 4621 ut

2407 4539 2686 4634 δόγματαξ
2717 4560 3004 4632 Διορατέον
3053 4556 3148 4613 οὖν
3194 4559 3382 4628 σαφῶς
3412 4558 3488 4618 ὡς
3521 4560 3619 4614 καὶ
3647 4557 3857 4626 ταύτην
3897 4556 4000 4626 τὴν

711 4646 892 4704 Lucas
917 4651 1279 4720 evangelista,
1305 4653 1403 4722 qui
1435 4653 1593 4708 istam
1625 4670 1693 4709 ex
1722 4663 1882 4724 parte
1905 4672 2127 4711 causam
2157 4668 2213 4712 et
2236 4674 2303 4713 ex

710 4749 870 4811 parte
914 4741 1341 4798 similitudinem
1373 4746 1552 4800 solum
1581 4748 1872 4817 conspexit
1909 4748 1965 4802 in
1994 4749 2170 4803 Adam
2210 4765 2302 4804 re-

713 4844 904 4904 spectu
941 4837 1117 4905 patris
1147 4838 1441 4904 Spirituum
1488 4840 1583 4894 Dei
1613 4859 1626 4894 :
1664 4842 1971 4895 secundum
2001 4843 2150 4896 enim
2181 4844 2302 4898 ani-

712 4942 861 4981 mam
888 4929 1065 4983 solum
1096 4930 1417 4987 immediate
1451 4948 1617 4988 causa
1641 4934 1720 4988 illi
1750 4943 1871 4990 erat
1900 4934 2067 4998 Deus,
2092 4936 2297 5006 quippe

711 5019 920 5076 indidit
968 5022 1072 5092 ipsi
1108 5024 1389 5093 spiramen
1432 5026 1560 5081 vita:
1602 5025 1660 5080 in
1703 5026 1944 5083 animam
1994 5029 2295 5095 viventem,

710 5129 839 5168 cum
889 5128 1095 5185 corpus
1136 5130 1168 5169 e
1215 5115 1348 5170 limo
1402 5116 1483 5171 illi
1539 5117 1844 5174 formavit:
1877 5127 1936 5173 et
1984 5121 2294 5178 secundum

709 5205 948 5263 animam
983 5217 1196 5263 tantum
1228 5207 1437 5263 homini
1485 5214 1608 5265 e5se
1644 5210 1713 5265 ad
1768 5211 2064 5283 imaginem
2103 5214 2199 5269 Dei
2241 5227 2299 5272 et

708 5301 1136 5357 similitudinem
1164 5302 1438 5358 remansit
1468 5322 1481 5356 :
1512 5302 1699 5360 sciens
1742 5304 1922 5368 illum,
1946 5307 1998 5361 vi
2027 5322 2210 5364 causae
2239 5321 2298 5366 et

707 5392 1098 5450 similitudinis
1123 5410 1192 5449 ex
1214 5403 1369 5464 parte
1396 5410 1520 5450 esse
1557 5396 1851 5453 evidenter
1878 5398 2079 5453 Filium
2117 5401 2298 5459 Patris

704 5486 1004 5555 spirituum
1034 5486 1153 5552 Dei,
1174 5486 1277 5541 fuit
1303 5487 1499 5555 Adam,
1526 5490 1903 5561 genealogiam
1931 5494 2004 5547 ita
2027 5493 2299 5550 ordinans

705 5583 763 5631 et
786 5576 1014 5633 dicens:
1056 5596 1075 5629 ι
1108 5578 1216 5645 Qui
1245 5579 1351 5634 fuit
1385 5580 1557 5635 Adam
1592 5583 1689 5652 qui
1729 5583 1836 5639 fuit
1878 5584 1978 5639 Dei
2005 5586 2047 5649 ¹,
2083 5602 2101 5635 ι
2147 5586 2296 5640 sicut

707 5666 883 5724 dixit:
913 5689 932 5721 ι
969 5668 1078 5737 Qui
1106 5670 1215 5725 fuit
1245 5670 1380 5727 Seth
1402 5674 1495 5743 qui
1523 5673 1628 5728 fuit
1663 5674 1837 5731 Adam
1867 5676 1909 5741 ³,
1931 5695 1965 5728 -ι
1988 5675 2206 5731 scilicet
2226 5693 2295 5732 ex

781 5845 798 5877 ⁵
823 5846 960 5902 Luc.
996 5862 1076 5912 ιιι,
1101 5847 1189 5902 58.
1271 5849 1288 5878 ³
1323 5848 1459 5903 ibid.

2396 4656 2643 4728 μερικὴν
2667 4654 2849 4709 αἰτίαιν
2871 4653 2965 4706 καὶ
2991 4650 3224 4723 μερικὴν
3254 4650 3555 4721 ὁμοιότητα
3590 4650 3753 4720 μόνον
3778 4647 3995 4717 θεωρή-

2402 4766 2502 4813 σας
2535 4747 2753 4807 Λουκᾶς
2790 4746 2819 4799 ὁ
2859 4741 3258 4812 εὑαγγελιστὴς
3302 4741 3533 4795 ἐνοῦσαν
3574 4737 3779 4809 καὶτῷ
3818 4737 3995 4806 Ἀδὰμ

2400 4844 2537 4915 πρὸς
2585 4842 2678 4896 τὸν
2728 4841 2943 4910 πατέρα
2988 4837 3099 4891 τῶν
3156 4836 3487 4905 πνευμάτων
3510 4831 3671 4887 Θεόν·
3710 4830 3856 4884 κατὰ
3883 4835 3994 4897 γαρ

2397 4934 2575 5006 ψυχὴν
2614 4934 2775 5005 μόνον
2809 4932 3085 5002 προσεχὴς
3116 4930 3289 4992 αἴτιος
3314 4926 3466 4997 αὖτῷ
3494 4922 3563 4996 ἦν
3603 4927 3632 4978 ό
3682 4922 3843 4986 Θεὸς,
3896 4923 3998 4988 ἐμ-

2412 5026 2601 5096 φυσῶν
2645 5025 2796 5094 αὑτῷ
2842 5023 3064 5095 πνεῦμα
3120 5019 3268 5090 ζωῆς
3297 5022 3376 5082 εἰς
3402 5018 3585 5089 ψυχὴν
3630 5015 3837 5079 ζῶσαν,
3870 5012 3993 5064 ἐπεὶ

2398 5122 2461 5175 τὸ
2488 5122 2650 5191 σῶμα
2684 5120 2796 5174 ἀπὸ
2819 5120 2922 5188 γῆς
2952 5117 3103 5187 αὑτῷ
3126 5113 3493 5187 προδιέπλασε
3518 5130 3530 5141 ·
3563 5114 3659 5164 καὶ
3689 5110 3838 5163 κατὰ
3860 5107 3994 5161 ταύ-

2400 5232 2499 5285 την
2569 5212 2876 5284 σωζόμενον
2934 5210 3094 5281 μόνον
3152 5209 3213 5261 τὸ
3266 5207 3385 5261 κατ’
3442 5204 3632 5260 εἰκόνα
3688 5202 3827 5255 Θεοῦ
3896 5199 3991 5253 καὶ

2403 5307 2665 5376 ὁμοίωσιν
2693 5304 2771 5374 τῷ
2799 5302 3107 5373 ἀνθρώπῳσ
3138 5296 3293 5363 εἰδὼς
3321 5300 3387 5352 ἐκ
3414 5295 3649 5368 μερικῆς
3684 5294 3871 5355 αἰτίας
3900 5290 3995 5345 καὶ

2401 5399 2713 5471 ὁμοιώσεως
2743 5396 2873 5450 Υἰὺν
2902 5396 3091 5463 σας-,ὦς
3118 5391 3214 5446 τοῦ
3244 5393 3457 5462 [Ιατρδς
3501 5389 3613 5444 τῶν
3661 5388 3994 5458 πνευμάτων

2402 5492 2562 5557 Θεοῦ,
2616 5491 2710 5545 καὶ
2757 5488 2850 5542 τὸν
2890 5487 3064 5557 ’Λδὰμ
3109 5483 3535 5552 ἐγενεαλόγησεν
3570 5480 3746 5543 οὕτως
3792 5477 3998 5532 ἀνατα-

2405 5586 2501 5652 ξας
2533 5585 2626 5636 καὶ
2664 5581 2856 5643 εἰπὼν,
2888 5577 3027 5633 εἶναι
3078 5577 3173 5632 τοῦ
3236 5577 3411 5647 Ἀδὰμ
3454 5576 3548 5629 τοῦ
3595 5571 3760 5634 θεοῦ.
3799 5570 3996 5636 ὥσπερ

2403 5679 2528 5747 εφη,
2575 5675 2723 5729 «Τοῦ
2778 5674 2886 5745 Σὴο
2944 5672 3039 5727 τοῦ
3101 5671 3295 5739 Ἀδὰμ,
3326 5688 3347 5723 ι
3401 5670 3572 5740 {now
3629 5666 3722 5719 τὸν
3767 5666 3835 5718 εκ
3898 5666 3994 5715 τοῆ
