4194 6446
234 433 370 500 1613

1161 443 1556 503 ADVERSUS
1597 444 2141 505 NESTORIANOS.
2175 471 2238 480 -
2271 449 2410 505 LIB.
2464 449 2572 504 lii.

3373 441 3507 504 161i

247 549 447 618 Ἀδάμ’
503 548 598 602 καὶ
648 549 840 620 ὥσπερ
894 544 1037 617 εἷπε,
1094 551 1241 604 «Τοῦ
1296 554 1546 615 Ἰσαὰκ,›
1599 555 1739 622 ὅπερ
1788 556 1816 606 6

1945 555 2086 608 idam
2117 573 2128 608 :
2164 565 2218 609 et
2249 557 2724 625 quemadmodum
2749 553 2827 607 ait
2859 570 2871 604 :
2906 572 2925 604 ι
2958 552 3062 619 Qui
3129 551 3234 608 fuit
3292 553 3441 608 Isaac
3483 573 3506 607 ι

237 641 518 706 Ματθαῖος
549 641 768 709 ιιῐ-λεγεν⁸
802 664 820 692 ι
859 643 1113 714 Ἀϐραὰμ
1146 644 1403 712 ἐγέννησε
1443 645 1532 697 τὸν
1576 646 1814 706 ’1σαὰκ,ι

237 734 414 799 οὕτως
449 735 554 806 ἐφη
577 779 591 802 ,
625 755 643 788 ι
664 735 772 790 Τοῦ
816 737 987 807 Ἀδὰμ
1010 737 1108 791 τοῦ
1138 737 1297 790 Θεοῦ.
1348 757 1366 789 ι
1412 738 1570 791 Οὗτω
1603 740 1703 808 μὲν
1732 739 1821 792 οὖν

239 827 417 897 ἐχέτω
446 828 574 882 τάδε
595 846 609 860 ·
638 829 934 884 ἀκουστέον
963 829 1021 882 δὲ
1047 829 1144 883 καὶ
1170 828 1282 882 τῶν
1315 829 1540 883 λοιπῶνκ

848 945 1100 1000 ΚΕΦΔΛ.
1144 940 1219 998 Ε’.

314 1061 381 1115 Ei
408 1058 502 1117 οῦν
535 1063 697 1130 φύσει
739 1063 888 1116 ἐστὶν
939 1061 1067 1124 Υίδς
1100 1061 1237 1115 Θεοῦ
1268 1062 1296 1113 6
1343 1059 1599 1131 Χριστὸς.
1629 1061 1719 1113 καὶ
1763 1060 1825 1113 οὐ

240 1153 387 1207 κατὰ
420 1155 580 1224 χάριν
633 1153 909 1216 υἱοθεσίας
950 1151 1204 1220 ἠξίωται,
1238 1152 1395 1220 φασὶ,
1440 1150 1557 1212 πῶς
1613 1151 1828 1221 εἴρηται

237 1247 322 1297 ἐτι
355 1243 537 1314 πολλῷ
567 1244 769 1313 μᾶλλον
795 1245 829 1315 ἡ
860 1245 1021 1314 χᾶρις
1047 1242 1141 1295 καὶ
1176 1245 1208 1312 ἡ
1243 1241 1424 1311 δωρεὰ
1452 1240 1544 1293 τοῦ
1579 1240 1736 1304 Θεοῦ,
1771 1244 1829 1293 ὲν

235 1336 430 1404 χάριτι
473 1337 569 1388 τοῦ
608 1336 728 1399 ἑνὸς
752 1333 1042 1407 ἀνθρώπου
1086 1332 1260 1404 Ἰησοῦ
1293 1333 1560 1400 Χριστοῦ,
1592 1337 1672 1396 είς
1699 1335 1830 1396 τοὺς

242 1428 475 1490 πολλοὺς
519 1429 919 1497 περιέσσευσε;
973 1427 1069 1478 καὶ
1113 1427 1219 1486 ὅτι,
1264 1443 1280 1476 ι
1317 1424 1642 1495 Ἐχαρίσατο
1679 1423 1830 1494 αὐτῷ

235 1520 264 1571 ὁ
289 1517 426 1580 Θεὸς
451 1520 621 1583 ὄνομα
645 1519 705 1571 τὸ
730 1518 870 1588 ὑπὲρ
891 1520 997 1570 πᾶν
1014 1517 1214 1586 ΙΞ›νομα;
1241 1535 1259 1567 ι
1284 1517 1397 1579 καὶ,
1430 1536 1447 1567 ι
1470 1518 1529 1569 ὐ
1551 1516 1626 1587 μὴ
1653 1516 1831 1585 ἐαυτῷ

223 1611 302 1662 est
349 1609 532 1662 λαὸὼν
571 1609 671 1679 τὴν
707 1609 897 1678 τιμὴν,
950 1609 1087 1662 ἀλλὰ
1134 1609 1356 1679 κληθεὶς
1408 1609 1513 1661 ὑπὸ
1561 1607 1655 1660 τοῦ
1692 1608 1830 1661 Θεοῦ

239 1703 502 1772 καθάπερ
553 1705 651 1756 καὶ
689 1704 924 1773 Ἀαρὼν,
949 1721 967 1753 ι
1009 1703 1062 1754 τί
1111 1704 1260 1756 ἐστιν
1314 1685 1468 1764 οὗτος
1509 1704 1536 1754 6
1576 1703 1828 1772 Xpm‘.c;,

1925 647 2072 715 quod
2097 647 2381 702 Mattheus
2406 648 2658 702 vertebat
2678 646 3014 701 :«Abraham
3045 647 3238 717 genuit
3260 647 3412 702 Isaae
3431 647 3508 708 ⁸,»

1929 742 2002 795 ita
2030 740 2169 796 dixit
2201 760 2214 795 :
2257 761 2276 793 ι
2310 742 2415 808 Qui
2437 742 2543 796 fuit
2568 738 2740 795 Adam
2762 739 2858 810 qui
2892 739 3000 795 fuit
3021 741 3143 796 Dei.
3171 760 3191 794 ι
3235 741 3314 796 Ita
3341 741 3514 811 igitur

1930 833 2048 888 haec
2074 833 2185 888 sint
2210 852 2223 886 :
2256 835 2352 888 sed
2377 833 2587 904 reliqua
2617 832 2898 889 audienda
2926 840 3080 888 sunt.

2590 948 2743 1004 CAP.
2780 948 2844 1004 ν.

2000 1059 2056 1115 Si
2079 1076 2210 1130 ergo
2238 1071 2438 1116 natura
2482 1071 2567 1115 est
2604 1061 2778 1117 Filius
2813 1062 2912 1117 Dei
2946 1062 3228 1128 Christus,
3278 1072 3336 1119 et
3392 1079 3504 1120 non

1931 1154 2240 1210 secundum
2277 1153 2516 1222 gratiam
2553 1153 2795 1208 filiorum
2827 1154 3148 1225 adoptionis
3171 1156 3378 1228 dignus
3411 1155 3531 1210 ha-‘

1932 1246 2084 1300 bitus
2113 1257 2221 1309 est,
2254 1248 2435 1307 aiunt,
2469 1245 2748 1314 quomodo
2780 1244 2992 1300 dictum
3025 1257 3142 1314 est;
3186 1250 3362 1302 multo
3393 1261 3514 1302 ma-

1932 1339 2016 1409 gis
2051 1340 2229 1409 gratia
2260 1347 2316 1392 et
2349 1337 2558 1391 donum
2613 1338 2733 1403 Dei,
2766 1338 2823 1392 in
2851 1338 3026 1410 gratia
3061 1340 3231 1395 unius
3271 1341 3517 1396 hominis

1929 1432 2058 1486 Jesu
2088 1429 2293 1486 Christi
2317 1431 2370 1483 in
2410 1430 2600 1499 plures
2629 1429 2935 1484 abundavit
2965 1431 3026 1484 ’ἲ
3052 1440 3110 1486 et
3142 1432 3328 1486 istud:
3369 1432 3516 1486 «Do-
3562 1434 3570 1441 "

1928 1527 2085 1581 navit
2121 1527 2200 1580 illi
2231 1527 2380 1580 Deus
2437 1541 2639 1580 nomen
2672 1526 2820 1597 quod
2871 1535 2958 1582 est
3012 1542 3183 1597 super
3215 1543 3382 1583 omne
3417 1543 3520 1582 no-

1933 1630 2059 1670 men
2084 1613 2140 1666 “?
2174 1634 2191 1664 ›
2224 1622 2280 1669 et
2313 1631 2326 1666 :
2370 1634 2386 1665 ι
2411 1615 2517 1681 Qui
2552 1632 2662 1669 non
2697 1617 2915 1687 accepit
2955 1617 3064 1672 sibi
3098 1618 3394 1684 honorem,
3419 1617 3516 1673 sed

1932 1711 2163 1759 vocatus
2211 1712 2298 1760 est
2327 1721 2358 1759 a
2409 1705 2520 1759 Deo
2574 1715 2839 1776 tanquam
2887 1708 3074 1764 Aaron
3108 1711 3171 1764 '?
3200 1729 3217 1761 ι
3249 1711 3385 1780 quid
3432 1719 3520 1766 est

235 1794 455 1850 εἴπατε.
494 1796 666 1849 Πάλιν
698 1795 1064 1864 παρεκδοχαὶ,
1092 1795 1256 1848 πάλιν
1289 1794 1635 1865 μεταγωγαὶ,
1667 1795 1830 1848 πάλιν

1945 1805 2037 1852 iste
2057 1796 2334 1859 Christus,
2354 1797 2543 1851 dicite.
2568 1797 2714 1854 Usus
2736 1799 2901 1853 modo
2931 1801 3332 1872 synecdoches,
3353 1803 3520 1858 modo

234 1889 298 1942 αἱ
339 1885 592 1957 συνήθεις
631 1887 1010 1956 μετωνυμίαι·
1050 1889 1146 1941 καὶ
1193 1885 1384 1956 θαῦμά
1446 1903 1509 1954 γε
1545 1886 1720 1949 οὓτως
1746 1887 1831 1937 εὖ·

1945 1889 2297 1960 metaphorze,
2343 1890 2508 1944 modo
2536 1892 2889 1962 metonymia:
2921 1904 3260 1964 usurpatur:
3309 1903 3368 1949 et
3413 1895 3520 1948 mi-

234 1980 610 2050 ιπι).ήσμονές
641 1982 765 2053 ἐστε
791 1981 888 2034 καῖ
918 1974 994 2035 ὧν
1019 1982 1173 2051 ὑμεῖς
1193 1981 1453 2044 πολλάκις
1474 1983 1753 2051 εἰρήκατε,
1783 1980 1831 2030 εἰ

1945 1996 2056 2036 rum
2074 1981 2220 2052 quod
2246 1981 2322 2035 ita
2348 1998 2468 2052 quae
2483 1990 2537 2036 et
2559 1998 2654 2035 vos
2672 1999 2811 2053 scepe
2831 1984 3073 2051 dixistis,
3098 1984 3319 2040 fueritis
3333 1985 3518 2048 obliti,

240 2075 328 2146 μὴ
367 2075 474 2146 ἄρα
513 2074 577 2128 τὸ
622 2075 717 2129 τοῦ
746 2051 1059 2147 Χληθάργου
1097 2074 1268 2138 πάθος
1317 2077 1555 2127 νοσεῖτε·
1603 2074 1685 2126 ὅτι
1720 2074 1835 2145 γὰρ

238 2168 344 2222 καὶ
374 2166 442 2242 τὰ
471 2167 566 2221 τοῦ
594 2167 713 2231 ἑνὸς
746 2167 853 2220 τῶν
889 2166 1070 2237 μερῶν
1111 2165 1277 2220 αὑτοῦ
1315 2165 1409 2218 τοῦ
1443 2166 1644 2237 μέρους
1696 2183 1832 2218 κατ-

237 2263 556 2334 ηγορεῖται,
585 2260 688 2313 οῦκ
713 2261 960 2328 ἀγνοεῖτε
982 2276 997 2292 ο
1029 2258 1105 2323 ὡς
1135 2258 1216 2322 τὸ,
1261 2278 1281 2310 ι
1306 2258 1532 2312 Ἕθεντο
1554 2258 1622 2312 τὰ
1651 2258 1834 2328 θνησι-

241 2355 390 2425 μαῖα
428 2352 540 2407 τῶν
578 2352 786 2406 δούλων
813 2370 932 2417 σου,
961 2352 1234 2422 βρώματα
1276 2355 1389 2413 τοῖς
1438 2354 1707 2414 πετεινοῖς
1738 2351 1832 2404 τοῦ

234 2445 500 2516 οὐρανοῦ,
523 2446 629 2505 τὶς
655 2447 865 2515 σάρκας
896 2443 1005 2496 τῶν
1029 2443 1194 2497 ὁσίων
1226 2460 1318 2497 σου
1351 2446 1462 2507 τοῖς
1491 2442 1704 2514 θηρίοις
1733 2443 1835 2512 τῆς

239 2539 373 2606 γῆς.
417 2559 436 2590 ι
489 2537 653 2591 mm
689 2537 798 2590 «al.
840 2537 922 2591 ὅτι
954 2537 1020 2591 τὰ
1045 2536 1140 2590 τοῦ
1167 2537 1290 2590 ὅλου
1333 2538 1532 2606 μέρους
1563 2537 1707 2590 κατὰ
1739 2535 1833 2589 τοῦ

242 2629 375 2688 ὅλου
406 2629 643 2698 λέγεται,
679 2630 823 2684 ῖστε’
857 2629 932 2694 ὡς
955 2630 1035 2693 τὸ,
1069 2648 1087 2681 ι
1123 2631 1272 2682 Ἐκεῖ
1297 2629 1506 2696 ἔθαψαν
1548 2627 1823 2700 Ἀϐραὰμ,

241 2726 348 2778 καὶ
383 2723 602 2796 Σᾶρῤαν
630 2724 729 2794 τὴν
768 2727 1000 2791 γυναῖκα
1029 2721 1215 2801 αὐτοῦ.
1264 2741 1283 2774 ι
1324 2723 1433 2776 Καὶ
1464 2723 1738 2776 ἀνάπαλιν
1768 2722 1838 2776 τὰ

244 2835 282 2870 τ
303 2815 352 2868 δῦ
382 2817 530 2881 ὅλου,
569 2817 713 2869 κατὰ
733 2814 827 2869 τοῦ
877 2814 1078 2886 μέρους
1103 2831 1116 2844 ο
1143 2813 1219 2878 ὡς
1254 2814 1336 2879 τὸ,
1367 2835 1384 2866 ι
1414 2816 1521 2869 Καὶ
1581 2813 1837 2885 εἰσῆλθεν

260 2908 466 2963 Ἰακὼὸ
485 2910 545 2960 ἐν
571 2915 644 2961 οε¹
666 2911 872 2977 ψυχαῖς
891 2910 970 2972 τίς
991 2908 1268 2975 Αῖγυπτον
1286 2924 1299 2937 ·
1331 2929 1348 2960 ι
1383 2909 1463 2961 ἔτι
1497 2908 1603 2980 μὴν
1632 2909 1712 2963 ὅτι
1745 2909 1840 2962 καὶ

245 3003 327 3056 τὰ
337 3001 434 3054 τοῦ
445 3001 570 3054 ὅλου
587 3000 724 3058 κατὰ
741 3000 836 3053 τοῦ
853 3005 1024 3072 μέρσυ
1039 3021 1055 3052 :
1072 3000 1240 3054 αὐτοῦ
1260 3001 1482 3069 λέγεται
1499 3018 1627 3054 ποτε
1650 3001 1838 3070 μόνου,

244 3093 570 3164 διωλογεϊτε
599 3111 612 3124 ·
650 3092 724 3156 ὡς
769 3096 827 3145 ὲν
876 3093 976 3163 τῷ,
1023 3113 1042 3145 ι
1076 3092 1401 3158 Ἑνύσταξεν
1455 3093 1489 3166 ὴ
1535 3093 1681 3162 ψυχή
1735 3109 1836 3163 μου

245 3187 368 3242 ἀπὸ
398 3187 665 3257 νὰκηδίας.
703 3204 722 3236 ο
775 3185 916 3238 Οὗτε
973 3185 1082 3256 γὰρ
1124 3185 1308 3256 σῶμα,
1355 3183 1478 3238 οὔτε
1519 3182 1669 3255 ψυχὴ
1713 3184 1837 3237 καθ’

254 3281 437 3349 αὐτὴν
460 3277 740 3343 νυστάξειο
759 3278 854 3331 καὶ
874 3279 934 3330 ὲν
960 3265 1091 3349 τῷξι
1115 3265 1322 3348 Ἐκχεῶ
1344 3276 1451 3332 ἀπὸ
1476 3279 1570 3334 τοῦ
1595 3279 1844 3348 πνεύμα-

251 3373 351 3436 τῦς
393 3389 494 3441 μου
540 3371 634 3424 ἐπὶ
670 3372 851 3423 πᾶσαν
888 3359 1094 3440 σάρκα·
1128 3389 1144 3422 ι
1179 3362 1240 3445 ού
1287 3367 1396 3440 γὰρ
1425 3369 1488 3442 δὴ
1515 3371 1614 3441 τὴν
1639 3371 1844 3442 ἄψυχόν

254 3481 431 3536 φησι·
464 3466 559 3517 καὶ
588 3465 670 3532 ὅτι
696 3461 753 3514 δὲ
777 3461 846 3514 τὰ
871 3460 966 3514 τοῦ
1013 3461 1136 3514 ὅλου
1164 3460 1308 3514 κατὰ
1338 3461 1432 3514 τοῦ
1457 3463 1580 3515 ὅλου
1600 3463 1843 3539 λέγεται,

265 3561 638 3627 αναμφίὸολον
670 3561 865 3612 πᾶσιν·
903 3557 977 3620 ὡς
1004 3557 1094 3618 τὸ,
1131 3558 1404 3611 Ἰσαὰκηὸὲ
1437 3559 1732 3629 ἐπορεύετο
1761 3559 1850 3612 διὰ

256 3657 364 3723 τῆς
392 3656 599 3726 ἐρήμου
622 3654 763 3715 κατὰ
789 3653 851 3704 τὸ
880 3651 1062 3720 φρέαρ
1092 3652 1190 3714 τῆς
1210 3649 1490 3720 ὁράσεωςο
1507 3649 1570 3703 τὸ
1591 3650 1647 3702 δὲ
1670 3651 1844 3719 παρά-

254 3745 414 3810 δοξον
444 3742 676 3814 ἐροῦμεν
707 3743 822 3795 ἔτιο
856 3741 938 3793 ὅτι
963 3740 1058 3792 ἐπὶ
1090 3739 1201 3792 τῶν
1247 3738 1496 3809 φυσικῶν
1521 3738 1850 3792 οἱκειώσεων

258 3840 417 3893 εστιν
452 3839 578 3889 εδεῖν
613 3835 701 3888 διὰ
735 3837 835 3903 τὴν
868 3835 931 3886 ὲκ
957 3833 1056 3903 τῆς
1085 3831 1332 3895 ἑνώσεως
1376 3824 1740 3901 συμπάθειαν“
1758 3833 1852 3884 ἐπὶ

255 3929 375 3984 τῶν
392 3927 639 3981 ὁπωσοῦν
655 3926 997 3994 παθημάτων
1016 3924 1314 3994 ἠνωμένων
1339 3923 1542 3993 μερῶν,
1569 3925 1652 3976 ὅτι
1672 3925 1764 3976 καὶ
1784 3923 1850 3976 τὰ

260 4021 497 4090 θατέρου
521 4019 630 4070 τῶν
656 4017 839 4088 μερῶν
861 4017 954 4068 τοῦ
977 4016 1122 4079 ὅλου,
1145 4015 1288 4067 κατὰ
1316 4015 1410 4066 τοῦ
1441 4015 1628 4083 ἐτέρου
1653 4015 1852 4084 μέρους

261 4110 438 4166 αὐτοῦ
499 4111 930 4179 κατηγορεῖται·
970 4106 1046 4170 ὼς
1090 4108 1174 4166 τὸ,
1204 4105 1410 4184 ⁴ψυχὴν
1456 4104 1551 4158 τοῦ
1614 4105 1849 4172 φονέως,

261 4206 390 4262 ἀντὶ
435 4203 537 4274 τῆς
590 4203 768 4271 ψυχῆς
814 4199 909 4253 τοῦ
950 4197 1327 4267 φονευθέντος,
1381 4196 1846 4250 ’ἀποκτείνεσθαν

265 4299 452 4353 καίτοι
503 4296 553 4347 οἱ
596 4292 994 4354 ἀποκτένοντες
1022 4330 1038 4354 ,
1077 4291 1142 4342 τὸ
1213 4289 1374 4359 σῶμα
1437 4288 1801 4343 ἀποκτένουσι
1836 4332 1849 4356 ,

270 4389 416 4458 μετὰ
441 4387 500 4440 δὲ
539 4384 697 4438 τοῦτο
743 4383 844 4436 οὐκ
870 4381 1054 4453 ἔχουσι
1083 4381 1135 4433 τί
1163 4381 1554 4452 περισσότερον
1590 4381 1819 4450 ποιῆσαι
1838 4398 1850 4410 ο

263 4477 474 4532 τοιόνδε
529 4476 598 4546 δή
648 4475 766 4527 ἐστι
803 4473 899 4525 καὶ
948 4471 1030 4534 τὸ,
1074 4490 1092 4522 ι
1128 4469 1478 4524 Ἐταπείνουν
1519 4471 1576 4522 ἐν
1629 4472 1854 4542 νηστείᾳ

264 4571 369 4642 τὴν
406 4568 588 4639 ψυχήν
629 4585 731 4636 μου
753 4583 766 4597 ⁸
794 4585 814 4618 ι
847 4567 940 4619 καὶ
974 4564 1083 4634 γὰρ
1114 4562 1176 4615 τὸ
1211 4561 1372 4632 σῶμα
1401 4562 1638 4632 πρώτως
1668 4581 1725 4615 τε
1762 4566 1854 4617 καὶ

262 4663 442 4723 ὅντως
474 4660 589 4713 ὲστί
609 4658 668 4710 τὸ
699 4659 1128 4726 ταπεινούμενον
1157 4655 1252 4709 ἐπὶ
1281 4655 1526 4726 νηστείᾳ,
1559 4657 1591 4725 ἡ
1624 4655 1680 4707 δὲ
1710 4657 1856 4728 ψυχὴ

267 4753 368 4808 καὶ
403 4752 606 4820 μᾶλλον
630 4751 788 4821 νήφει
817 4750 910 4801 καὶ
931 4747 1163 4818 ὑψοῦται
1190 4747 1383 4815 ἐφόσον
1399 4747 1426 4798 6
1448 4746 1551 4810 ἔξω
1572 4746 1859 4818 ἅνθρωπος

264 4842 645 4898 ταπεινοῦται·
671 4842 788 4903 καὶ,
811 4840 995 4910 «Φωνὴ
1013 4840 1246 4909 αἵματος
1267 4839 1362 4892 τοῦ
1390 4838 1624 4907 ἀδελφοῦ
1644 4856 1739 4892 σου
1765 4840 1862 4912 βοᾷ

271 4939 416 5007 πρός
454 4954 519 5007 με
542 4956 552 4967 ·
578 4955 596 4987 ι
631 4936 726 4988 καὶ
753 4934 862 5003 γὰρ
886 4933 1001 4996 καὶ,
1035 4931 1177 4985 κατὰ
1198 4932 1300 4983 ’τὸν
1343 4931 1690 4996 Ἀπόστολον,
1722 4934 1861 4984 ἁπο-

271 5028 455 5082 θανὼν
485 5026 565 5078 ἔτι
597 5026 751 5078 λαλεῖ
778 5023 854 5086 ὡς
879 5022 989 5087 ζῶν
1026 5024 1055 5075 6
1098 5021 1286 5084 Ἅϐελ,
1320 5022 1421 5073 οὐκ
1453 5020 1604 5092 αύτῷ
1638 5021 1858 5091 αἵματι,

270 5118 412 5173 ἀλλὰ
441 5120 508 5188 τῆ
531 5117 699 5186 ψυχῇ.

350 5208 529 5276 Σαφὲς
568 5206 659 5260 οὖν
692 5207 774 5259 ὅτι
810 5206 847 5260 ἃ.
898 5207 1160 5277 εἰρήκατε
1208 5205 1410 5268 πάντα,
1467 5204 1598 5274 περὶ
1658 5203 1863 5275 μέρους

269 5303 494 5367 λέγεται
518 5301 612 5354 τοῦ
637 5300 985 5371 ἀνθρωπίνου
1021 5297 1350 5372 Χριστοῦοή
1387 5298 1486 5368 μὲν
1525 5297 1631 5368 γὰρ
1661 5297 1772 5350 τῶν
1805 5300 1864 5350 ὲν

272 5393 430 5463 αὐτῷ
480 5393 716 5462 φύσεων,
770 5393 901 5456 Θεός
938 5410 998 5444 τε
1029 5394 1121 5446 καὶ
1155 5391 1283 5454 Υἱὸς
1315 5389 1452 5443 Θεοῦ
1498 5390 1614 5442 ἔστι
1659 5407 1719 5442 τε
1771 5391 1864 5442 καὶ

271 5486 627 5556 ὀνομάζεται,
651 5486 898 5540 οὐσιιῦδει
927 5485 1074 5554 λόγῳ
1095 5501 1108 5514 ο
1145 5486 1179 5555 ἡ
1221 5484 1280 5537 δὲ
1313 5485 1495 5554 χάριτι
1518 5482 1735 5551 ἀληθῶς
1766 5485 1863 5536 καὶ

271 5585 461 5656 δωρεᾷ
493 5584 644 5647 θείας
682 5584 851 5653 τιμῆς
876 5583 973 5636 καὶ
997 5582 1299 5652 ὀνομασίας
1334 5579 1585 5648 ἠξίωται,
1615 5577 1732 5630 ἀλλ’
1763 5580 1866 5648 οὐχ

274 5675 466 5738 ἁπλῶς
494 5675 666 5745 ὄνομα
693 5674 861 5747 οὔσης
885 5674 1062 5744 ψιλὸν,
1090 5677 1323 5745 πρᾶγμα
1353 5669 1713 5740 ὑποκείμενον
1745 5673 1865 5724 ὀνο-

347 5839 372 5868 δ
399 5833 594 5890 Matth.
624 5851 664 5901 ι,
693 5835 747 5890 2.
824 5835 845 5866 '
874 5833 1032 5892 Rom.
1056 5851 1115 5903 ν,
1139 5833 1230 5891 ΞΟ.
1306 5835 1326 5868 ⁸
1353 5834 1574 5905 Philipp

262 5918 464 5972 cxuu,
497 5905 587 5960 98.
668 5906 708 5938 ”
741 5905 886 5962 Psal.
920 5922 1104 5972 xxxiv,
1133 5907 1219 5960 15.
1305 5907 1346 5938 ¹¹
1373 5904 1512 5962 Gen.
1547 5904 1643 5971 π,
1679 5904 1765 5958 10.

1582 5831 1734 5888 .119.
1813 5835 1832 5866 ⁷
1852 5833 2020 5890 llebr.
2048 5851 2100 5894 ν.
2122 5835 2172 5890 ι.
2204 5834 2225 5866 ⁸
2249 5835 2290 5888 Ρ
2318 5843 2364 5882 ε.
2401 5843 2624 5894 Lxxvm.
2645 5830 2698 5884 Ξ.

1933 2075 2041 2130 nisi
2066 2074 2348 2145 lethargire
2383 2077 2578 2130 morbo
2625 2075 2892 2131 laboretis
2923 2093 3074 2132 :non
3113 2078 3262 2133 enim
3299 2078 3522 2148 ignora-

1939 2164 2010 2218 tis
2045 2180 2169 2234 quas
2206 2174 2337 2219 sunt
2365 2165 2530 2220 unius
2562 2181 2627 2220 ex
2650 2167 2901 2236 partibus
2924 2168 2990 2223 de
3018 2167 3137 2238 ipsa
3179 2179 3338 2238 parte
3378 2165 3524 2225 aﬂir-

1935 2257 2116 2311 mari:
2183 2257 2332 2312 sicut
2361 2258 2418 2312 in
2453 2259 2562 2313 hoc
2609 2259 2772 2313 loco:
2835 2260 3198 2315 «Posuerunt
3248 2261 3522 2316 cadavera

1937 2363 2226 2403 servorum
2249 2358 2470 2404 tuorum
2505 2350 2561 2404 in
2588 2366 2773 2406 escam
2791 2351 3116 2407 volatilibus
3144 2351 3298 2412 cmli.
3324 2368 3524 2407 carnes

1937 2447 2254 2491 sanctorum
2281 2449 2501 2493 tuorum
2525 2439 2721 2494 bestiis
2749 2449 2912 2496 terra:
2943 2442 2998 2508 ⁸,
3027 2461 3045 2494 ι
3085 2443 3180 2497 sed
3206 2443 3375 2498 etiam
3411 2443 3524 2498 sci-

1940 2532 2012 2585 tis
2047 2546 2170 2600 quae
2207 2539 2337 2585 sunt
2370 2531 2541 2586 totius
2573 2533 2770 2602 partis,
2795 2533 2864 2588 de
2895 2543 3012 2589 toto
3042 2534 3189 2590 dici:
3225 2545 3289 2592 ut
3318 2536 3371 2590 in
3399 2534 3524 2590 'hoc

1937 2623 2049 2678 alio
2065 2623 2188 2678 loco
2211 2639 2224 2675 :
2251 2642 2269 2673 ι
2291 2620 2390 2676 Hic
2409 2620 2753 2692 sepelierunt
2770 2623 3046 2678 Abraham
3065 2634 3123 2680 et
3143 2625 3277 2683 Sara
3295 2642 3522 2681 uxorem

1938 2717 2060 2786 ejus
2083 2715 2104 2748 ’
2127 2757 2141 2780 ,
2165 2733 2184 2765 ι
2223 2724 2280 2770 et
2313 2715 2537 2779 iterum,
2573 2730 2696 2786 qua:
2719 2726 2851 2772 sunt
2887 2719 3080 2784 totius,
3119 2718 3188 2774 de
3218 2728 3412 2789 parte:
3463 2727 3525 2773 ut

1941 2809 1998 2862 in
2036 2810 2163 2889 isto,
2202 2827 2220 2858 ι
2243 2807 2534 2880 Ingressus
2549 2818 2634 2864 est
2665 2809 2838 2867 Jacob
2868 2827 2994 2866 eum
3016 2813 3135 2867 suis
3152 2811 3446 2867 animabus
3469 2811 3525 2866 in

1914 2893 2257 2985 'IEgyptum,
2291 2925 2310 2955 ι
2342 2905 2528 2958 adhuc
2548 2905 2891 2960 conﬁtemini
2919 2923 3043 2976 qua:
3064 2918 3196 2962 sunt
3251 2908 3422 2961 totius
3457 2905 3528 2960 de

1940 3004 2096 3066 parte
2115 2996 2233 3065 ipsa
2252 2996 2362 3050 dici
2381 2996 2678 3066 aliquando
2695 2999 2832 3063 sola,
2851 2999 2997 3054 sicut
3015 3000 3070 3054 in
3087 3014 3155 3054 eo
3173 3000 3328 3056 loco:
3357 2999 3528 3053 «Dor-

1938 3085 2159 3140 mitavit
2209 3087 2396 3141 anima
2462 3081 2584 3142 mea
2634 3104 2747 3158 prae
2793 3089 2959 3144 taedio
3011 3090 3090 3156 ¹⁰;
3125 3109 3143 3141 ι
3201 3105 3311 3144 non
3373 3091 3527 3144 enim

1943 3195 2168 3250 corpus,
2216 3196 2400 3261 neque
2447 3181 2634 3236 anima
2682 3183 2990 3238 secundum
3030 3183 3269 3254 seipsam
3327 3197 3532 3252 perno-

1869 3256 1914 3317 C
1946 3277 2078 3335 ctat,
2105 3278 2162 3322 et
2197 3256 2415 3334 invalio,
2455 3269 2722 3326 «Etl‘undo
2741 3271 2810 3326 de
2841 3273 3042 3341 spiritu
3065 3287 3190 3326 meo
3227 3287 3530 3342 superem-

1946 3378 2073 3417 nem
2104 3377 2360 3422 carnem;
2391 3381 2410 3413 ι
2443 3379 2554 3418 non
2593 3365 2741 3420 enim
2776 3365 2922 3419 illam
2976 3366 3098 3421 sine
3139 3365 3323 3420 anima
3365 3365 3528 3423 dicit:

1947 3464 2004 3510 et
2057 3470 2180 3524 quae
2230 3464 2361 3510 sunt
2419 3458 2594 3512 totius
2654 3456 2723 3512 de
2773 3467 2889 3512 toto
2941 3457 3075 3524 dici,
3130 3466 3384 3528 apertum
3447 3464 3534 3533 est

1947 3547 2250 3613 omnibus;
2323 3547 2468 3603 sicut
2531 3547 2592 3601 in
2641 3548 2840 3613 altero,
2898 3550 3050 3604 Isaac
3108 3549 3227 3604 ibat
3274 3565 3375 3619 per
3431 3551 3533 3606 de-

1951 3649 2160 3694 sertum
2188 3640 2346 3710 juxta
2373 3638 2576 3693 fossam
2605 3638 2880 3705 visionis;
2929 3639 3140 3710 aliquid
3193 3657 3329 3697 vero
3372 3643 3535 3696 inau-

1951 3730 2131 3784 ditum
2182 3731 2644 3802 superaddemus,
2702 3747 2906 3802 nempe
2962 3732 3112 3803 quod
3185 3742 3399 3805 spectat
3463 3736 3533 3790 ad

1953 3830 2236 3884 naturales
2309 3829 2774 3901 conjunctiones,
2821 3829 2988 3886 datur
3058 3830 3250 3887 videre
3297 3840 3528 3903 propter

1954 3923 2320 3994 sympathiam
2373 3938 2499 3994 quae
2546 3939 2616 3978 ex
2664 3923 2871 3978 unione
2927 3925 3110 3979 oritur
3159 3925 3344 3995 quoad
3398 3925 3538 3980 affe-

1954 4023 2076 4067 ctus
2137 4012 2384 4082 partium
2444 4013 2764 4079 unitarum,
2828 4028 2952 4082 qua:
3003 4023 3135 4070 sunt
3189 4014 3423 4070 alterius
3470 4031 3540 4068 es

1957 4105 2212 4175 partibus
2261 4105 2452 4170 totius,
2485 4105 2554 4160 de
2595 4107 2771 4160 altera
2809 4115 2967 4176 parte
3015 4105 3194 4177 ipsius
3239 4107 3536 4177 aﬂirmari;

1955 4199 2038 4255 sic
2063 4199 2292 4263 dicitur,
2320 4200 2561 4254 animam
2613 4198 2936 4264 homicidae,
2992 4215 3096 4271 pro
3123 4202 3310 4256 anima
3360 4203 3541 4257 inter-

1959 4291 2112 4355 fecti,
2131 4292 2338 4358 occidi;
2361 4308 2528 4364 porro
2552 4291 2940 4349 interfectores
2952 4309 3158 4364 corpus
3173 4293 3513 4350 interﬁciun;

1958 4392 2084 4454 post
2114 4384 2220 4438 hoc
2249 4375 2383 4439 vero
2428 4399 2539 4456 non
2585 4380 2796 4440 habent
2849 4385 3090 4456 amplius
3126 4385 3260 4456 quid
3313 4384 3538 4445 faciant.

1962 4476 2142 4530 simile
2190 4485 2277 4531 est
2331 4476 2437 4530 hoc
2484 4493 2497 4530 :
2553 4494 2572 4527 ι
2615 4475 2986 4531 llumiliabam
3041 4478 3100 4532 in
3157 4476 3369 4548 jejunio
3427 4477 3545 4532 ani-

1962 4583 2108 4621 mam
2138 4582 2318 4620 meam
2357 4567 2435 4632 ¹¹;
2467 4586 2484 4618 ι
2511 4578 2714 4636 corpus
2762 4567 2912 4621 enim
2944 4567 3187 4638 primum
3236 4577 3294 4623 et
3319 4567 3544 4622 realiter

1962 4658 2099 4713 illud
2134 4668 2221 4714 est
2245 4658 2394 4728 quod
2419 4659 2747 4712 humiliatur
2769 4658 2823 4712 in
2846 4658 3084 4729 jejunio,
3117 4659 3301 4714 anima
3317 4674 3452 4715 vero
3476 4674 3546 4713 eo

1964 4750 2139 4820 magis
2174 4751 2366 4820 vigilat
2405 4759 2462 4806 et
2490 4751 2786 4815 exaltatur,
2817 4752 2964 4821 quod
2994 4751 3324 4806 humiliatur
3361 4761 3545 4806 exter-

1965 4859 2070 4897 nus
2104 4843 2306 4908 homo,
2361 4853 2420 4898 et
2448 4843 2618 4898 illud:
2657 4844 2805 4899 «Vox
2860 4844 3153 4914 sanguinis
3211 4844 3403 4899 fratris
3455 4845 3537 4898 tui

1965 4936 2167 4989 clamat
2199 4935 2265 4989 ad
2297 4951 2384 4989 me
2405 4937 2484 5002 ";
2513 4955 2530 4986 ι
2568 4936 2776 4990 etenim
2801 4943 2857 4990 et
2875 4935 3543 5004 secundumApostolum,

1965 5027 2264 5082 defunctus
2303 5027 2487 5083 adhuc
2539 5028 2788 5098 loquitur
2833 5035 3096 5096 tanquam
3149 5026 3340 5082 vivens
3385 5026 3541 5089 Abel,

1966 5135 2078 5172 non
2110 5119 2229 5189 ipso
2254 5120 2548 5188 sanguine,
2574 5119 2668 5173 sed
2701 5120 2906 5172 anima.

2041 5211 2387 5266 Manifestum
2439 5221 2524 5265 est
2584 5213 2753 5281 igitur
2802 5211 2988 5266 omnia
3042 5227 3164 5280 qua:
3213 5209 3432 5265 dixistis
3477 5208 3550 5265 de

1971 5314 2126 5375 parte
2158 5305 2268 5358 dici
2317 5303 2524 5359 Christi
2574 5305 2800 5358 humani
2829 5321 2841 5356 :
2875 5319 2986 5357 una
3018 5304 3166 5357 enim
3221 5313 3547 5356 naturarum

1971 5414 2094 5467 qua:
2123 5407 2253 5452 sunt
2289 5397 2344 5451 in
2366 5395 2508 5466 ipso,
2533 5396 2680 5451 Deus
2708 5405 2766 5451 et
2811 5395 2985 5451 Filius
3014 5394 3112 5450 Dei
3152 5404 3239 5449 est
3268 5404 3327 5450 et
3369 5395 3550 5448 nomi-

1972 5499 2136 5545 natur
2173 5489 2457 5544 essentiali
2488 5490 2692 5544 verbo:
2734 5490 2907 5542 altera
2938 5503 3072 5543 vero
3129 5489 3306 5558 gratia
3348 5503 3476 5541 vere
3497 5497 3553 5544 et

1971 5581 2142 5642 dono,
2177 5579 2430 5634 divinum
2462 5580 2732 5634 honorem
2755 5587 2813 5634 et
2841 5578 3353 5632 denonzinationem
3402 5592 3549 5630 acci~

1976 5673 2080 5742 pit,
2116 5685 2239 5740 quas
2266 5685 2376 5725 non
2403 5683 2535 5726 sunt
2569 5671 2898 5740 simpliciter
2926 5683 3128 5724 nomen
3161 5667 3393 5731 nudum,
3427 5670 3549 5738 qut-

2795 5833 2817 5865 ’
2840 5831 2984 5888 Gen.
3004 5845 3132 5897 xxv,
3163 5827 3247 5884 10.
3335 5827 3375 5856 ’°
3405 5828 3546 5884 Psal.
