4194 6446
740 411 870 480 1615

1997 425 2310 486 LEONTII
2353 425 2752 486 BYZANTINI

3865 431 4006 498 1616

731 522 835 575 Ι-ιυε
862 520 1005 575 desit
1031 536 1120 576 res
1179 524 1265 578 isti
1321 523 1535 581 nomini
1590 528 1887 599 subjaccns
1937 545 2061 600 quae
2087 531 2310 600 proprie

2416 530 2619 600 μαστδν
2675 531 2822 592 ἰδίως
2872 529 3010 599 τῷδε
3057 531 3137 601 τῷ
3179 533 3407 603 ὀνόματι
3449 535 3552 588 ούκ
3605 535 3864 611 ἐχούσης,
3895 535 4009 592 οἷόν

729 611 1002 664 nominari
1033 613 1226 681 possit,
1249 615 1396 670 sicut
1429 616 1626 673 dicunt
1654 619 1716 672 τδ
1739 620 2035 690 κριέλαφος
2073 630 2129 674 et
2162 621 2316 676 simi-

728 702 836 766 lia;
896 701 993 758 sed
1043 703 1315 761 honorem
1364 708 1608 764 nominis
1659 710 1782 766 Filii
1837 711 1930 767 Dei
1957 722 2016 766 et
2046 713 2175 777 Dei,
2207 714 2311 782 ipsi

729 792 996 849 traditum
1056 806 1286 869 propter
1353 801 1617 856 unionem
1687 803 2092 874 hypostaticam
2141 807 2314 876 ipsius

725 900 853 939 cum
893 887 992 942 Dei
1020 899 1253 956 natura;
1289 892 1364 946 ita
1401 893 1552 947 enim
1604 895 1826 949 realiter
1863 895 2008 950 dona
2035 908 2090 950 et
2137 897 2314 950 honor

725 979 1194 1036 etdenominatio
1243 998 1440 1052 magna
1470 984 1712 1041 deiﬁcati
1767 987 1836 1040 ab
1869 986 1965 1040 illo
2024 987 2119 1056 qui
2182 1003 2310 1042 vere

727 1070 882 1124 illum
913 1071 1195 1128 deificavit
1245 1089 1378 1129 vero
1409 1077 1520 1130 Deo
1551 1075 1607 1130 in
1644 1075 1946 1132 donatione
1996 1079 2082 1132 sui
2136 1081 2313 1149 ipsius

725 1165 1201 1231 demonstrantur,
1259 1168 1364 1221 nisi
1418 1169 1674 1224 lictitium
1732 1171 1804 1224 sit
1854 1186 2056 1225 nomen
2104 1172 2314 1241 gratiﬁ-

725 1256 905 1310 eantis
934 1259 1084 1328 quod
1115 1258 1196 1312 illi
1241 1261 1465 1329 proprie
1500 1262 1694 1316 datum
1727 1275 1834 1318 est.
1857 1265 1976 1319 Non
2009 1263 2115 1318 sibi
2144 1265 2313 1335 igitur

725 1351 962 1420 accepit,
1020 1367 1219 1421 nempe
1242 1367 1271 1406 a
1318 1355 1506 1423 seipso
1534 1355 1845 1411 honorem:
1883 1371 2065 1426 neque
2110 1365 2312 1411 semet-

726 1441 915 1510 ipsum
962 1441 1295 1511 gloriﬁcavit
1324 1443 1602 1511 Christus,
1643 1448 1793 1517 quod
1831 1464 1980 1502 nunc
2034 1448 2312 1518 signiﬁcat

728 1535 1013 1590 hominem
1073 1537 1384 1593 secundum
1418 1555 1476 1594 se
1506 1550 1842 1611 spectatum,
1864 1541 1959 1596 sed
1987 1543 2218 1612 loquens
2241 1542 2309 1596 ad

723 1642 852 1680 eum
887 1627 1032 1683 Deus
1058 1628 1286 1684 realiter
1313 1639 1368 1686 et
1401 1618 1596 1687 dicens
1617 1643 1743 1686 actu
1777 1633 1898 1702 ipso
1928 1650 2041 1703 quo
2071 1632 2309 1688 eilicitur

726 1721 844 1789 ipse
881 1720 1081 1786 Filius,
1108 1738 1219 1777 non
1259 1734 1447 1779 autem
1475 1725 1648 1779 verbo
1683 1725 1866 1779 nudo:
1899 1745 1916 1775 ι
1943 1725 2120 1780 Filius
2152 1741 2307 1780 meus

723 1828 787 1867 cs
807 1822 890 1879 tu,
912 1829 1017 1885 ego
1047 1815 1215 1870 hodie
1232 1817 1397 1886 genui
1419 1827 1471 1871 te
1498 1818 1563 1882 ι’,
1586 1837 1605 1868 ι
1638 1819 1812 1888 gratia
1837 1817 2159 1884 scilicet,ex
2196 1835 2309 1888 quo

2418 639 2550 690 φασι
2598 621 2658 674 τὸ
2717 621 3037 692 κριὲλαςρος.
3094 626 3192 677 καὶ
3243 625 3314 678 τὰ
3362 626 3564 696 ὄμοια’
3599 628 3739 682 ἀλλὰ
3786 631 3876 684 διὰ
3907 635 4007 702 τῆς

2417 712 2550 783 πρὸς
2589 712 2682 764 τὸν
2729 714 2890 780 φύσει
2938 712 3072 766 Θεὸν
3125 714 3374 778 ἑνώσεως
3411 717 3586 786 αὐτῆς
3629 719 4006 790 ῦποστατικῆς

2420 805 2843 876 μεταδιόομένης
2881 806 3019 876 αὐτῇ
3048 807 3150 876 τῆς
3177 808 3272 860 τοῦ
3324 808 3592 879 ὀνόματος
3621 810 3716 864 τοῦ
3741 812 3879 865 Υἱοῦ
3908 813 4003 865 τοῦ

2415 896 2554 949 Θεοῦ
2606 898 2700 948 καὶ
2751 895 2886 949 Θεοῦ
2943 897 3150 967 τιμῆςο
3204 899 3350 953 οὕτω
3387 902 3498 972 γὰρ
3549 904 4003 973 πραγματτωδῶς

2415 987 2730 1055 χαρίσματα
2759 988 2853 1040 καὶ
2885 987 3019 1056 τιμὴ
3062 989 3157 1040 καὶ
3190 989 3459 1058 ὀνομασία
3499 995 3712 1063 μεγάλη
3741 995 3838 1046 τοῦ
3866 995 4002 1048 θεω-

2415 1077 2601 1140 οέντος
2629 1079 2781 1147 παρὰ
2807 1077 2901 1132 τοῦ
2932 1078 3151 1148 ἀληθῶς
3182 1079 3486 1145 Οεώσαντος
3522 1084 3654 1137 αὐτὸ
3683 1085 3822 1137 Θεοῦ
3875 1087 4004 1156 ἀλη-

2415 1165 2543 1228 θοῦς
2571 1167 2627 1220 ἐν
2660 1166 2805 1219 δόσει
2841 1167 3037 1220 ἑαυτοῦ
3066 1167 3366 1234 δείκνυται,
3403 1171 3562 1241 εἰπερ
3613 1174 3688 1245 μὴ
3735 1175 4003 1243 ψευδωνύ-

2419 1274 2531 1327 μως
2561 1254 2924 1326 χαριζόμενος
2951 1258 3102 1330 αὐτῷ
3125 1257 3186 1312 τὸ
3213 1258 3343 1312 [διον
3367 1261 3541 1331 ὄνομα
3572 1262 3825 1320 λέλεκται
3852 1284 3868 1298 ο
3907 1269 4004 1339 οὐχ

2413 1346 2595 1414 ἑαυτῷ
2627 1345 2720 1398 οῦν
2740 1346 2952 1413 ἒλαὸεν,
2981 1349 3150 1418 ἤγουν
3180 1350 3276 1418 ἀφ’
3299 1351 3520 1418 ἑαυτοῦ,
3544 1353 3643 1425 τὴν
3659 1358 3830 1426 τιμήν
3847 1373 3862 1387 ·
3885 1359 4004 1413 οὐδὲ

2413 1435 2605 1488 ἑαυτὸν
2643 1435 2893 1500 ἐδόξασεν
2927 1438 3238 1509 όΧριστδς,
3265 1441 3406 1510 ὅπερ
3450 1443 3711 1514 σημαίνει
3763 1446 3862 1500 νῦν
3911 1448 4004 1501 τὸν

2413 1530 2534 1582 κατ’
2583 1530 2745 1582 αὑτὸν
2795 1530 3104 1602 ἄνθρωπον,
3149 1533 3267 1586 ἀλλ’
3309 1535 3338 1586 6
3379 1533 3631 1604 -λαλήσας
3665 1540 3806 1608 πρὸς
3838 1541 4003 1594 αὐτὸν

2411 1622 2546 1684 Θεὸς
2569 1624 3030 1692 πραγματιωδῶς,
3061 1624 3156 1678 καὶ
3193 1626 3365 1682 εἰπὼν
3411 1629 3490 1700 τῷ
3520 1630 3670 1701 ἔργῳ
3712 1637 3816 1705 τῆς
3867 1635 4001 1708 πρὸς

2412 1716 2575 1770 αὑτὸν
2607 1717 2880 1778 υἱοποιίας
2924 1717 3089 1772 αὐτοῦ
3119 1720 3216 1773 καὶ
3239 1723 3301 1773 οὐ
3327 1721 3470 1792 λόγῳ
3499 1725 3661 1796 ψιλῷ,
3697 1745 3717 1778 ι
3742 1728 3877 1791 Υἱός
3900 1746 4002 1798 μου

2413 1803 2465 1860 εἱ
2496 1808 2562 1860 σὺ
2583 1849 2596 1864 .
2633 1806 2745 1876 ἐγὼ
2780 1810 3024 1879 σήμερον
3058 1813 3371 1882 γεγέννηκά
3409 1829 3491 1880 σε,
3521 1835 3539 1867 ι
3578 1817 3764 1888 χάριτι
3807 1820 3997 1890 ἤγουν,

728 1914 780 1959 te
814 1904 953 1958 Filio
983 1921 1106 1960 meo
1131 1915 1330 1961 natura
1362 1909 1515 1978 juxla
1551 1924 1717 1963 unam
1754 1907 2092 1978 hypostasitn
2118 1909 2306 1962 univi:

2415 1901 2512 1968 ἀφ’
2543 1895 2604 1953 οῦ
2634 1901 2712 1970 τῷ
2739 1900 2900 1969 φύσει
2941 1918 3046 1972 μου
3096 1901 3211 1973 Υἱῷ
3244 1921 3300 1958 σε
3331 1908 3662 1976 προσήνωσα
3695 1912 3842 1964 κατὰ
3875 1911 4001 1982 μίαν

723 1997 930 2052 etenim
943 2013 1066 2067 qua:
1081 1997 1198 2068 ipse
1215 1998 1355 2052 dixit
1371 1998 1514 2054 facta
1528 1999 1720 2064 fuisse,
1735 2010 1790 2056 et
1807 2001 2146 2072 impossibile
2159 2018 2313 2057 men-

727 2087 819 2142 tiri
843 2088 1039 2154 Deum,
1063 2092 1380 2161 accepimus
1395 2093 1462 2147 ab
1487 2092 1628 2162 ipso.
1653 2093 1780 2148 llaec
1797 2094 1967 2165 igitur
1985 2095 2310 2160 ostendunt,

723 2179 872 2249 quod
906 2196 1016 2235 non
1049 2197 1079 2235 a
1107 2182 1293 2252 seipso
1329 2185 1543 2240 electus
1593 2185 1743 2240 illius
1775 2187 2022 2242 hominis
2044 2188 2314 2256 gloriatur

726 2273 906 2326 Deum
939 2273 1147 2330 habere
1195 2275 1446 2340 Patrem,
1483 2278 1577 2331 sed
1609 2295 1637 2332 a
1678 2278 1792 2332 Deo
1847 2289 2081 2334 vocatus
2117 2290 2203 2335 est
2254 2281 2311 2336 in

724 2365 1210 2434 participationem
1241 2366 1394 2421 illius
1435 2362 1638 2424 divinae
1668 2368 1975 2435 liliationis,
2018 2383 2074 2428 et
2112 2373 2310 2429 διιεῖ-ιιί

726 2457 905 2526 ipsius
931 2459 1255 2526 sacerdotii,
1287 2459 1436 2530 quod
1465 2477 1574 2517 non
1609 2464 1833 2519 nomine
1861 2473 2101 2530 tantum,
2128 2467 2226 2522 sed
2253 2476 2311 2522 et

725 2565 784 2603 re
841 2550 1200 2620 intelligitur:
1256 2551 1402 2619 «Qui
1447 2554 1597 2608 enim
1635 2555 1845 2625 juravit
1891 2558 1943 2611 ei
2004 2559 2309 2624 Dominus,

723 2656 825 2695 nec
842 2641 1122 2708 pmaituit,
1157 2643 1237 2697 Tu
1262 2659 1324 2698 es
1348 2645 1606 2701 sacerdos
1633 2647 1688 2700 in
1711 2657 1977 2703 :eternum
2004 2651 2310 2706 secundum

722 2735 974 2791 ordinent
1014 2736 1423 2793 Melchisedech
1457 2738 1538 2804 “;
1567 2757 1585 2791 ι
1622 2739 1739 2809 ipse
1771 2751 1896 2795 erat
1943 2741 2012 2795 de
2058 2756 2169 2812 quo
2226 2743 2313 2798 di-

722 2838 872 2884 ctum
899 2839 1010 2884 est:
1053 2849 1070 2883 ι
1099 2830 1370 2887 Dominus
1417 2831 1558 2888 dixit
1593 2832 1660 2887 ad
1707 2849 1818 2898 me,
1857 2834 2034 2891 Filius
2063 2851 2220 2893 meus
2249 2853 2310 2894 es

723 2931 823 2986 tu;
863 2940 880 2972 ι
922 2922 1091 2992 igitur
1119 2923 1203 2978 hae
1229 2939 1420 2989 voces,
1469 2925 1619 2981 sicut
1670 2925 1856 2981 Aaron
1909 2927 2148 2984 similem
2193 2947 2312 2988 mo-

721 3008 854 3063 dum
884 3007 1203 3064 donationis
1228 3025 1258 3065 a
1279 3010 1394 3066 Deo
1419 3010 1576 3067 laetas
1604 3011 1882 3068 donorum
1911 3023 1969 3069 et
2001 3015 2312 3073 vocationis

725 3098 779 3151 in
809 3097 989 3153 Aaron
1024 3109 1082 3154 et
1108 3101 1161 3154 in
1191 3100 1436 3165 Christo,
1457 3117 1570 3158 non
1597 3112 1782 3159 tamen
1814 3104 1961 3162 dona
2003 3108 2206 3163 similia
2237 3109 2312 3165 si-

723 3191 1027 3256 gniﬁcant:
1085 3204 1236 3248 certe
1289 3195 1438 3249 enim
1462 3203 1519 3250 et
1570 3194 1754 3252 Aaron
1798 3197 2016 3254 dictum
2064 3200 2380 3295 fuissenc

732 3301 750 3333 ι
779 3282 951 3338 Filius
980 3300 1137 3340 meus
1160 3301 1221 3341 es
1249 3294 1337 3352 .tu,
1359 3307 1377 3338 ι
1413 3303 1441 3343 ε
1509 3288 1738 3360 τειίίιυσ.

793 3456 953 3526 Quod
984 3461 1133 3516 enim
1165 3464 1320 3519 nulla
1359 3465 1434 3520 sit
1463 3468 1607 3523 ratio
1641 3484 1745 3538 pro
1788 3470 1993 3540 aequali
2042 3471 2310 3545 dignitate

724 3553 1018 3609 sacerdotii
1050 3555 1234 3610 Aaron
1265 3557 1490 3613 Christo
1521 3562 1905 3631 comparandi,
1942 3564 2179 3621 evidens
2199 3574 2308 3622 est:

726 3644 934 3715 quippe
966 3662 1070 3716 pro
1091 3647 1276 3720 Moyse
1320 3651 1416 3720 qui
1465 3652 1570 3706 Fuit
1626 3653 1749 3723 ipso
1799 3655 1978 3725 major
2021 3657 2312 3727 amplioris

724 3736 918 3806 glorias
940 3737 1143 3809 dignus
1167 3748 1255 3796 est
1286 3741 1530 3807 habitus,
1563 3753 1776 3814 quanto
1821 3747 2152 3817 ampliorem
2204 3750 2310 3805 ho-

725 3843 920 3884 norem
977 3830 1147 3887 habet
1197 3833 1398 3890 domus
1453 3836 1551 3906 qui
1577 3836 1876 3893 fabricavit
1908 3839 2092 3894 illam:
2125 3841 2312 3897 adhuc

724 3923 1033 3993 apostolica
1067 3924 1355 3983 dicamus:
1382 3945 1402 3980 ι
1427 3927 1484 3983 Si
1524 3932 1933 3987 consummatio
1989 3949 2089 4003 per
2127 3935 2310 3992 simile

723 4016 1106 4073 sacerdotium
1161 4029 1304 4086 erat,
1351 4021 1486 4090 quid
1539 4025 1919 4080 necessarium
1967 4026 2090 4090 fuit,
2137 4027 2308 4084 alium

723 4123 1063 4180 consurgere
1132 4111 1480 4171 sacerdotem
1532 4131 1597 4170 ac
1668 4118 1976 4172 secundum
2053 4119 2309 4176 ordinem

722 4201 908 4257 Aaron
938 4202 1052 4258 dici
1096 4203 1182 4258 "2
1204 4222 1222 4256 ι
1254 4205 1433 4262 Aliter
1468 4207 1514 4262 si
1545 4223 1655 4263 non
1687 4210 2018 4266 translatum
2063 4211 2170 4266 fuit
2217 4228 2310 4268 sa-

721 4293 1058 4363 cerdotium,
1084 4312 1269 4368 neque
1311 4315 1539 4356 necesse
1592 4301 1696 4356 fuit
1749 4311 1810 4357 ut
1851 4304 1992 4375 legis
2022 4306 2310 4364 translatio

723 4383 906 4453 fleret,
943 4397 1005 4442 ut
1030 4387 1169 4444 dicit
1210 4389 1326 4460 ipse
1356 4392 1563 4449 Paulus
1617 4396 1904 4466 apostolus
1932 4397 1999 4463 ¹⁶,
2043 4399 2138 4453 sed
2189 4408 2311 4454 tan-

730 4486 847 4530 tum
878 4479 1166 4534 successio
1192 4497 1206 4545 ;
1236 4481 1312 4536 ita
1333 4497 1468 4553 ergo
1492 4491 1551 4562 et
1575 4484 1693 4540 huic
1714 4487 1884 4541 verba
1914 4505 1927 4540 :
1964 4507 1981 4538 ‹
2008 4487 2309 4544 Vocabitur

2415 1995 2716 2048 ὑπόστασιν
2741 2011 2758 2028 ο
2789 1996 2874 2048 ὅτι
2908 1994 3018 2066 γὰρ
3048 1996 3085 2051 ἃ
3119 1995 3186 2054 ἂν
3217 1997 3381 2061 αὐτὸς
3428 1994 3551 2054 εἷπε
3599 2002 3698 2055 καὶ
3742 2005 4003 2074 ἐγενήθη-

2414 2103 2535 2147 σαν,
2573 2087 2667 2139 καὶ
2707 2085 2786 2138 ὅτι
2840 2086 3106 2140 ἀδύνατον
3143 2087 3444 2152 ψεύδεσθαι
3475 2091 3632 2154 Θεὸν,
3669 2095 4002 2166 μεμαθήκαο

2416 2197 2514 2251 μεν
2553 2180 2683 2250 παρ’
2710 2179 2899 2234 αὐτοῦ.
2938 2181 3102 2251 Δηλοὶ
3125 2181 3219 2235 οὖν
3240 2184 3388 2247 τάδε,
3421 2187 3502 2240 ὅτι
3525 2187 3626 2240 οὐκ
3655 2187 3752 2254 ἀφ’
3780 2189 3996 2253 ἑαυτοῦ,

2411 2271 2738 2342 αἱρούμενος
2790 2275 2818 2326 ὁ
2867 2273 2983 2334 υἱὸς
3051 2273 3147 2327 τοῦ
3209 2275 3503 2348 ἀνθρώπου
3539 2319 3552 2339 ,
3611 2279 4001 2344 ἀλαζονεύεται

2414 2363 2634 2432 Πατέρα
2664 2364 2819 2430 Θεὸν,
2861 2363 2977 2420 ἀλλ’
3005 2367 3111 2419 ὑπὸ
3157 2369 3251 2420 τοῦ
3290 2368 3427 2422 Θεοῦ
3459 2371 3726 2440 κέκληται
3768 2377 3853 2437 είς
3905 2375 4002 2444 τὴν

2413 2456 2570 2521 ἀξίαν
2601 2458 2700 2527 τῆς
2725 2458 2872 2522 θείας
2907 2459 3157 2530 υἱότητος
3195 2461 3426 2533 ταύτης,
3460 2464 3679 2535 καὶτῆς
3709 2465 4001 2536 διηνεκοῦς

2411 2550 2577 2603 αὐτοῦ
2604 2550 2928 2622 ἱερωσύνης,
2945 2552 3055 2605 οὐδ’
3077 2552 3249 2624 αὐτῆς
3268 2555 3431 2623 μόνον
3454 2555 3706 2626 ὀνόματι,
3733 2557 3878 2612 ἀλλὰ
3905 2561 3998 2613 καὶ

2411 2643 2699 2712 πράγματι
2753 2643 3091 2714 νοουμένης·
3131 2663 3150 2696 ι
3187 2643 3244 2698 ’0
3285 2645 3397 2716 γὰρ
3441 2646 3649 2714 ὀμόσας
3701 2650 3857 2719 αὐτῷ
3885 2650 4001 2704 Κύ-

2413 2749 2544 2805 ριος.
2575 2735 2670 2786 καὶ
2707 2735 2768 2786 ού
2805 2735 3302 2806 μεταμελούμενος,
3325 2737 3408 2790 ὅτι
3437 2757 3457 2789 ‹
3486 2739 3562 2792 Σὺ
3622 2736 3674 2793 εῐ
3706 2741 3893 2810 ἱερεὺς
3922 2742 4002 2805 εἱς

2411 2827 2504 2881 τὸν
2536 2827 2711 2880 αἰῶνα
2745 2828 2886 2881 κατὰ
2938 2827 3038 2899 τὴν
3087 2828 3244 2893 τάξιν
3285 2830 3649 2899 Μελχισεδὲκ,
3682 2852 3702 2884 ι
3739 2833 3906 2898 αὐτὸς
3934 2831 4004 2904 ἦν

2413 2920 2509 2973 καὶ
2553 2921 2681 2989 περὶ
2713 2914 2774 2974 οὗ
2817 2920 3071 2991 εἴρηται·
3114 2942 3131 2972 ι
3164 2923 3374 2991 Κύριος
3422 2919 3546 2976 εἶπε
3575 2925 3714 3000 πρός
3745 2943 3837 2995 με,
3871 2927 4001 2989 Υἱός

2417 3029 2518 3082 μου
2551 3007 2603 3064 εἴ
2638 3011 2702 3065 σύ
2726 3029 2739 3042 ·
2766 3031 2784 3064 ο
2815 3012 3009 3067 οὐκοῦν
3043 3014 3103 3065 τὸ
3134 3013 3389 3086 καθάπερ
3418 3017 3516 3070 καὶ
3565 3017 3784 3089 Ἀαρὼν
3813 3019 4004 3087 ὅμοιον

2415 3101 2519 3172 μὲν
2567 3103 2768 3174 τρόπον
2812 3103 2911 3172 τῆς
2951 3105 3017 3156 ἐκ
3060 3103 3196 3157 Θεοῦ
3242 3105 3444 3169 δόσεως
3490 3106 3600 3159 τῶν
3637 3110 4002 3180 χαρισμάτων

2415 3194 2695 3266 σημαίνει,
2723 3195 2819 3248 καὶ
2851 3194 3098 3264 κλήσεως
3118 3195 3183 3249 ἐν
3207 3213 3267 3250 τε
3292 3196 3528 3269 Ἀαρὼν,
3547 3198 3640 3252 καὶ
3671 3201 3730 3253 ὲν
3754 3201 4001 3271 Χριστῷ,

2413 3287 2475 3341 οὐ
2508 3285 2689 3356 μέντοι
2719 3287 2814 3339 καὶ
2856 3285 3173 3356 χαρίσματα
3209 3288 3400 3358 ὃμοια·
3433 3283 3470 3360 ἦ
3509 3289 3618 3361 γὰρ
3657 3289 3727 3344 ἂν
3778 3293 3875 3346 καὶ
3926 3295 4006 3362 τῷ

2425 3375 2638 3447 Ἀαρὼν
2667 3375 2868 3448 ἐρρέθη
2898 3376 2978 3442 τὸ,
3005 3378 3161 3442 «Υἱός
3193 3395 3296 3449 μου
3320 3374 3374 3432 εἴ
3401 3381 3466 3432 σύ
3489 3396 3503 3410 ·
3529 3399 3549 3432 ι
3583 3381 3682 3435 καὶ
3713 3383 3782 3435 τὰ.
3818 3383 4005 3440 λοιπά.

2484 3470 2608 3523 Ὀτι
2651 3469 2763 3540 γὰρ
2807 3472 2895 3523 ων-
2945 3469 3247 3540 ἔχειλόγον
3278 3471 3422 3526 κατὰ
3460 3473 3560 3544 τὴν
3594 3476 3871 3544 ἰσοτιμίαν
3902 3480 4004 3548 τῆς

2415 3559 2718 3634 ἱερωσύνης
2767 3559 2981 3632 ⁹Ατιρων
3034 3562 3532 3636 συγκρίνεσθαιτῷ
3575 3565 3825 3638 Χριστῷ.
3865 3569 4005 3639 πρό-

2411 3653 2603 3724 δηλονο
2636 3654 2795 3728 είῖιερ
2831 3653 2928 3706 καὶ
2958 3653 3243 3718 Μωῡσέως
3284 3655 3382 3710 τοῦ
3432 3657 3683 3726 μείζονος
3722 3660 3895 3714 αὑτοῦ
3928 3679 4019 3720 τοι

2413 3743 2573 3798 σοῦτο
2628 3743 2878 3807 πλείονος
2936 3744 3098 3810 δόξης
3148 3746 3379 3816 ἠξίωται
3431 3749 3711 3820 Χριστὸς,
3767 3752 4009 3807 καθόσον

2413 3835 2636 3891 πλείονα
2660 3835 2826 3907 τιμὴν
2855 3836 2968 3907 ἔχει
2999 3837 3093 3891 τοῦ
3118 3837 3272 3892 οἴκου
3304 3840 3334 3892 6
3358 3843 3781 3906 κατασκευάσας
3804 3845 3973 3898 αὐτόν
3993 3863 4007 3877 ’

2411 3928 2492 3982 ἔτι
2529 3929 2636 4000 μὴν
2673 3929 3050 3993 ἁποστολικῶς
3106 3931 3317 3984 εἰπεῖν·
3377 3933 3485 3986 «Et
3530 3935 3563 4004 η
3608 3935 3899 4000 τελείωσις
3940 3937 4009 3991 δι’

2410 4023 2606 4092 ὁμοίας
2642 4020 2944 4093 ἱερωσύνης
2993 4015 3085 4092 ἦν,
3130 4021 3218 4086 τίς
3268 4023 3430 4094 χρεία
3456 4025 3646 4096 ἕτερον
3677 4028 4009 4083 ἀνίστασθαι

2413 4115 2564 4185 ἱερέα
2595 4115 2734 4168 κατὰ
2765 4113 2868 4185 τὴν
2905 4113 3059 4178 τάξιν
3099 4115 3314 4186 Ἀαρὼν
3360 4116 3645 4186 λέγεσθαι;
3676 4138 3695 4171 ι
3730 4119 3916 4185 ἄλλως
3949 4138 4009 4175 τε

2411 4208 2460 4260 εί
2494 4206 2571 4278 μὴ
2625 4205 2888 4278 μετετέθη
2949 4207 2984 4276 ἠ
3014 4206 3311 4278 ἱερωσύνη,
3333 4207 3458 4263 οὐδὲ
3496 4207 3571 4275 -ὲξ
3612 4211 3864 4280 ἀνάγκης
3912 4213 4011 4266 καὶ

2410 4298 2576 4368 νόμου
2611 4297 2902 4368 μετάθεσις
2934 4291 3239 4372 γέγονεν,ᾖ
3269 4314 3435 4370 φησιν
3459 4301 3489 4352 ό
3529 4299 3693 4362 αὐτὸς
3728 4302 3949 4365 Παῦλος
3983 4305 4012 4356 6

2410 4392 2729 4455 ἀπόστολος,
2763 4391 2901 4446 ἀλλὰ
2956 4393 3122 4462 μόνον
3165 4393 3384 4467 διαδοχή
3413 4410 3426 4425 ⁶
3460 4394 3635 4461 οὕτως
3670 4396 3764 4451 οῦν
3790 4401 3890 4452 καὶ
3923 4401 4007 4465 τὸ,

2416 4503 2434 4536 t
2463 4484 2814 4555 κληθήσεται
2849 4484 2977 4547 Υἱὸς
3010 4483 3148 4537 Θεοῦ
3175 4502 3190 4516 ο
3219 4505 3239 4538 ι
3274 4488 3368 4540 καὶ
3406 4487 3490 4552 τὸ,
3529 4508 3548 4541 ι
3574 4489 3706 4554 Υίδς
3743 4490 4009 4560 Ὑψίστου

725 4568 900 4625 Filius
915 4571 1011 4627 Dei
1033 4590 1082 4638 ;›
1118 4581 1175 4628 et
1197 4573 1335 4630 ista:
1369 4595 1387 4627 ‹
1415 4576 1589 4633 Filius
1611 4577 1882 4634 Altissimi
1906 4581 2198 4637 vocabitur
2223 4581 2311 4634 ¹⁷ι¹

2412 4577 2772 4648 κληθήσεται,
2799 4595 2817 4627 ι
2855 4577 2952 4630 καὶ
2987 4576 3055 4630 τὰ
3094 4578 3261 4632 λοιπὰ
3285 4581 3516 4635 νοείσθω
3537 4599 3551 4612 °
3579 4583 3676 4636 καὶ
3705 4585 3768 4637 τὸ
3800 4586 4011 4653 γεννώ-

722 4668 780 4715 et
832 4662 1048 4733 reliqua
1082 4665 1362 4738 inlellige:
1415 4670 1565 4742 quod
1598 4671 1748 4726 enim
1810 4683 2003 4728 natum
2054 4684 2140 4729 est
2177 4690 2308 4730 sau-

723 4760 875 4807 clum
906 4765 1049 4819 erat,
1097 4767 1154 4812 et
1193 4775 1306 4814 non
1351 4763 1706 4819 solummodo
1758 4768 2163 4824 sanctiﬁcatum
2208 4786 2309 4840 per

724 4845 1033 4917 ingenitum
1061 4849 1330 4921 Spiritum
1388 4863 1642 4911 sanctum
1688 4860 1782 4927 qui
1828 4876 1953 4914 cusn
1991 4861 2112 4932 ipso
2163 4871 2305 4928 erat,

728 4932 872 4993 ‘luod
904 4946 991 4994 est
1019 4950 1076 4996 et
1095 4941 1334 4997 Verbum
1370 4953 1589 5013 partum
1615 4963 1681 5002 ex
1701 4949 1955 5021 Virgine:
1985 4953 2133 5023 quod
2158 4955 2309 5009 enim

738 5030 789 5083 in
816 5044 878 5083 ea
908 5042 1269 5102 conceptum,
1302 5035 1439 5092 dicit
1462 5038 1712 5109 angelus,
1743 5056 1810 5094 ex
1848 5042 2057 5112 Spiritu
2089 5055 2303 5106 sancto,

728 5117 970 5190 Spiritus
991 5133 1222 5180 sanctus
1249 5133 1337 5180 est
1366 5143 1381 5181 :
1415 5128 1560 5183 sicut
1591 5137 1648 5184 et
1687 5133 1836 5200 quod
1865 5150 1931 5187 ex
1955 5149 2144 5198 carne,
2179 5151 2310 5191 caro

727 5211 936 5268 dictum
970 5221 1057 5269 est
1085 5229 1244 5271 esse:
1281 5216 1526 5288 Spiritus
1555 5236 1689 5276 vero
1719 5223 1886 5287 Deus,
1912 5233 1970 5279 et
2018 5225 2162 5280 Deus
2190 5236 2310 5282 erat

725 5306 1015 5364 Christus:
1055 5309 1205 5381 quod
1231 5321 1566 5384 conceptum
1593 5315 1740 5370 idem
1765 5326 1852 5372 est
1886 5333 1952 5372 ac
1991 5319 2139 5388 quod
2180 5335 2310 5389 par—

725 5411 843 5455 tum
886 5401 991 5457 fuit
1029 5419 1179 5458 :non
1211 5405 1338 5459 vani
1389 5406 1560 5477 igitur
1589 5408 1836 5464 nominis
1886 5419 2019 5465 sunt
2065 5410 2210 5466 dona
2239 5412 2307 5466 de

724 5494 969 5562 Christo,
1001 5497 1240 5560 scilicet,
1273 5498 1420 5553 Deus
1453 5508 1509 5555 et
1536 5500 1711 5556 Filius
1744 5502 1839 5556 Dei
1881 5512 1936 5556 ct
1972 5501 2308 5574 Unigenilus

723 5598 780 5640 ct
811 5587 1078 5643 Dominus
1107 5591 1318 5659 gloriae,
1348 5600 1403 5646 ct
1432 5593 1670 5663 reliqua,
1702 5594 1798 5648 sed
1847 5596 2015 5649 rcaiia
2038 5614 2050 5647 :
2073 5596 2118 5650 si
2154 5596 2304 5650 enim

725 5678 842 5736 hanc
863 5697 974 5736 non
1007 5683 1080 5737 ita
1103 5696 1314 5750 essent,
1339 5686 1537 5742 falsum
1570 5704 1771 5742 nomen
1808 5688 2014 5743 donum
2050 5690 2311 5743 nomina-

798 5865 840 5897 "
871 5865 1010 5920 i‘sal.
1069 5885 1124 5931 ιι,
1162 5869 1228 5934 ’ἵ;
1264 5867 1431 5924 llehr.
1472 5887 1522 5938 ν,
1551 5873 1601 5924 Ξ).
1683 5873 1724 5903 ¹¹⁵
1759 5872 1900 5927 Psal.
1932 5889 2037 5935 cn,
2105 5877 2157 5926 4.

2235 5874 2275 5905 ¹¹¹
2305 5872 2475 5929 Hebr.
2512 5890 2606 5940 vu,
2639 5876 2722 5931 il.
2805 5877 2846 5908 ¹⁶
2872 5877 3009 5932 ibid.
3043 5877 3128 5932 12.

2409 4685 2572 4738 μενον
2595 4668 2707 4738 γὰρ
2729 4668 2885 4736 ἅγιον
2910 4665 2978 4740 ἦν
2998 4683 3014 4700 ⁸
3047 4670 3145 4723 καὶ
3171 4670 3237 4723 οὐ
3271 4671 3434 4741 μόνον
3463 4674 3800 4744 ἡγιασμένον
3830 4676 3922 4730 διὰ
3950 4678 4011 4732 τὸ

2406 4762 2807 4832 συγγενόμενον
2835 4760 2982 4832 αύτῷ
3027 4762 3327 4832 ἀγέννητον
3356 4765 3584 4836 Πνεῦμα
3615 4768 3796 4835 ἇγιον,
3832 4770 3862 4822 ὃ
3891 4771 4010 4824 ἐστι

2406 4853 2502 4906 καὶ
2530 4855 2558 4906 6
2587 4854 2760 4922 Λόγος
2805 4854 3019 4925 τεχθεὶς
3077 4856 3142 4908 ὲκ
3183 4855 3284 4924 τῆς
3335 4857 3647 4923 Παρθένου·
3679 4859 3740 4912 τὸ
3790 4862 3904 4932 γὰρ
3953 4865 4011 4915 ὲν

2408 4945 2546 5017 αὐτῇ
2581 4946 2908 5018 συλληφθὲν,
2974 4947 3141 5016 φησὶν
3193 4951 3222 5001 6
3266 4948 3524 5018 ἄγγελος,
3579 4951 3644 5004 ὲκ
3688 4951 4012 5023 Πνεύματος

2409 5039 2588 5106 ἁγίου,
2625 5037 2851 5109 Πνεῦμα
2899 5039 3056 5106 ἆγιόν
3103 5041 3257 5095 ἐστιν
3283 5057 3297 5072 ο
3338 5041 3533 5113 ὥσπερ
3569 5045 3662 5096 καὶ
3697 5044 3760 5096 τὺ
3793 5045 3862 5099 ὲκ
3909 5047 4010 5116 τῆς

2410 5131 2634 5202 σαρκὸς,
2668 5131 2805 5202 σὰρξ
2847 5131 3064 5203 εἴρηται
3108 5129 3249 5187 εἶναι
3274 5150 3289 5163 ο
3321 5134 3550 5204 Πνεῦμα
3575 5136 3631 5189 δὲ
3656 5137 3687 5190 6
3711 5136 3849 5201 Θεός
3871 5154 3892 5170 ο
3917 5138 4011 5192 καὶ

2406 5222 2538 5287 Θεὸς
2574 5223 2632 5276 δὲ
2669 5219 2738 5294 ἦν
2769 5225 2799 5277 6
2829 5225 3062 5295 Χριστός
3083 5243 3096 5258 ’
3130 5226 3192 5280 τὸ
3238 5226 3546 5299 συὶ-ληφθὲν
3575 5226 3737 5282 τοῦτό
3767 5232 3892 5284 ἐστι
3916 5233 4011 5286 καὶ

2407 5315 2467 5369 τὸ
2505 5317 2815 5388 συντεχθέν.
2883 5319 2958 5371 υύ
3005 5320 3175 5373 κενῶν
3221 5315 3316 5374 οὖν
3363 5321 3646 5391 ὀνομάτων
3686 5324 4012 5394 χαρίσματα

2413 5410 2504 5462 ἐπὶ
2532 5411 2792 5482 Χριστοῦ,
2826 5413 2890 5466 τό
2916 5429 2974 5466 τε
3016 5413 3149 5476 Θεὸς
3193 5415 3288 5467 καὶ
3316 5413 3447 5478 Υἱὸς
3471 5413 3610 5468 Θεοῦ
3634 5416 3726 5469 καὶ
3768 5418 4011 5486 Mavors-

2415 5505 2513 5573 νὴς
2542 5506 2636 5557 καὶ
2657 5506 2862 5576 Κύριος
2889 5507 2988 5577 τῆς
3018 5507 3198 5575 δόξης,
3231 5508 3330 5561 καὶ
3357 5508 3426 5561 τὰ
3470 5507 3657 5573 λοιπὰ,
3691 5509 3833 5563 ἀλλὰ
3865 5511 4009 5581 πρά-

2415 5615 2585 5666 γματι
2621 5598 2791 5652 όντων
2816 5615 2830 5628 ·
2857 5602 2906 5652 εἰ
2955 5601 3066 5673 γὰρ
3095 5601 3170 5672 μὴ
3194 5601 3321 5656 τάδε
3351 5602 3525 5665 οῦτως
3557 5602 3695 5672 εχοι,
3726 5601 4008 5672 ψευδωνύ-

2421 5690 2521 5760 μία
2551 5691 2610 5745 τὸ
2637 5691 2812 5762 δῶρον
2839 5692 2940 5762 τῆς
2971 5693 3270 5762 ὀνομασίας
3300 5692 3394 5746 τοῦ
3428 5692 3566 5747 Θεοῦ
3609 5693 3764 5747 ἔσται
3788 5696 3849 5747 ὲν
3878 5696 3987 5767 Χρι

3218 5879 3260 5911 ‘7
3292 5877 3426 5933 Luc.
3463 5894 3499 5945 t,
3556 5876 3643 5932 39..
