4194 6446
214 436 344 500 1617

1128 431 1523 489 ADVERSUS
1565 427 2112 488 NESTORIANOS.
2148 452 2215 462 -
2247 428 2391 486 LIB.
2436 427 2552 486 Ill.

3340 424 3474 487 1618

206 546 318 616 στῷ
344 563 358 577 ·
395 543 600 614 ταύτης
637 542 693 596 δὲ
727 543 819 594 καὶ
847 541 1042 594 εἴδωλα
1072 543 1163 593 καὶ
1195 543 1373 610 ἥρωες
1401 540 1492 592 καὶ
1539 539 1789 607 δαίμονες

1905 538 2064 593 tionis
2096 537 2191 592 Dei
2227 537 2337 591 erit
2369 537 2428 589 in
2451 534 2705 589 Christo:
2744 534 2890 589 banc
2917 533 3068 589 enim
3112 541 3169 588 et
3223 531 3368 588 idola
3421 544 3476 587 ct

205 640 375 692 πάλαι
417 639 632 705 ἔτυχον,
661 628 729 706 ἧς
773 633 867 686 ἐπὶ
908 633 1228 703 καθαιρέσει
1283 632 1452 694 ὅντως
1507 633 1536 682 6
1583 631 1790 700 ἀληθὴς

206 733 335 795 Υίδς
362 731 456 784 τοῦ
492 727 628 782 Θεοῦ
655 727 965 800 ἐπεδήμησὲ
988 743 1047 778 τε
1075 729 1168 778 καὶ
1193 726 1420 784 πλεῖστα
1443 724 1792 796 ᾡκονόμησεν

204 825 560 894 ἐπιδημήσας
581 835 596 850 ⁸
632 821 726 875 καὶ
761 820 861 874 οὑκ
907 819 974 872 ἂν
1030 818 1187 888 κακῷ
1215 818 1275 871 τδ
1301 818 1469 871 κακόν
1495 835 1578 879 τις
1607 817 1794 869 ἰᾶσθαι

204 916 374 969 αὑτὸν
405 915 584 967 εἴποι·
619 912 753 967 ἀλλὰ
805 911 898 964 καὶ
930 910 1152 978 ἄγγελοι
1201 911 1295 962 καὶ
1326 909 1638 977 ἄνθρωποι,
1687 909 1794 962 υἱοὶ

203 1008 366 1072 Θεοῦ,
408 1008 504 1060 καὶ
552 1007 655 1059 υἱοὶ
699 1003 960 1074 Ὑψίστου
1012 1001 1258 1072 εἴρηνται
1279 1001 1562 1064 πολλάκις.
1595 1002 1660 1054 Τί
1702 1000 1795 1056 οῦν

207 1101 625 1171 περισσότερον,
655 1100 712 1150 ἐν
735 1098 872 1168 τῷδε
899 1094 1122 1166 Χριστῷ
1149 1093 1228 1166 τῷ
1253 1096 1534 1165 μονογενεῖ
1563 1094 1676 1165 Υίῷ
1701 1093 1795 1146 τοῦ

203 1195 346 1247 Θεοῦ
371 1211 385 1260 ;
425 1193 542 1256 πῶς
573 1193 629 1245 δὲ
657 1193 750 1247 καὶ
781 1191 1113 1263 Μονογενὴς,
1145 1193 1196 1244 εί
1219 1189 1554 1252 κατάὑτοὺς
1577 1189 1610 1258 ἡ
1637 1189 1798 1257 χάρις

208 1289 242 1354 ἠ
277 1287 361 1348 είς
388 1285 554 1338 αὑτὸν
591 1287 688 1354 τῆς
729 1283 982 1346 θεώσεως
1003 1283 1035 1354 ἦ
1060 1283 1344 1354 υίότητος;
1373 1282 1571 1352 Χαριτι
1606 1279 1700 1333 οῦν
1730 1280 1798 1348 τῇ

205 1376 278 1428 δι’
305 1375 552 1441 ὲνώσεως
596 1375 968 1445 ὑποπατικῆς
1023 1375 1160 1446 πρὸς
1221 1374 1314 1426 τὸν
1351 1372 1510 1440 φύσει
1535 1371 1684 1435 Υίὸν,
1719 1368 1799 1422 ετ-

210 1483 379 1539 ρηται
399 1467 586 1537 σαφῶς
605 1467 738 1531 ,Υἱὸς
768 1465 863 1520 τοῦ
894 1465 1032 1519 Θεοῦ
1061 1465 1156 1519 τοῦ
1188 1464 1386 1530 ζῶντος
1414 1467 1443 1518 6
1464 1465 1796 1533 Μονογενὴς.

807 1664 1059 1718 unum.
1103 1666 1194 1732 cr.

297 1775 485 1840 ’Λλλὰ,
521 1778 707 1846 φασὶν,
747 1778 795 1829 εί
849 1776 1334 1847 μὴόίκονομικῶς
1371 1779 1605 1848 εἴρηται,
1633 1776 1709 1841 ὡς
1737 1777 1803 1830 ἂν

1896 629 2098 682 heroes
2128 637 2184 682 et
2238 627 2521 680 daemones
2575 625 2707 679 olim
2763 624 3150 688 obtinuerunt,
3188 622 3256 677 ad
3309 639 3475 692 quam

1895 719 2187 775 delendam
2210 720 2440 775 omnino
2463 733 2631 772 verus
2664 717 2834 772 Filius
2863 716 2958 770 Dei
2992 717 3144 771 venit
3197 725 3256 771 et
3300 716 3477 770 multa

1896 812 2172 881 disposuit
2205 821 2329 881 post
2357 812 2658 865 adventum
2683 827 2695 861 :
2721 809 2906 863 nullus
2926 817 3011 862 est
3056 810 3207 862 enim
3228 808 3324 878 qui
3363 823 3479 861 ma-

1897 905 2014 959 lum
2050 905 2194 957 malo
2216 901 2424 957 mederi
2453 903 2630 956 dicat:
2666 901 2766 956 sed
2793 908 2851 955 et
2883 899 3063 970 angeli
3099 907 3159 954 et
3220 899 3477 954 homines

1899 997 1998 1052 ﬁlii
2041 997 2159 1059 Dei,
2205 1003 2262 1050 et
2303 994 2399 1048 filii
2451 995 2718 1049 Altissimi
2756 1009 2902 1064 sape
2941 993 3082 1048 dicti
3123 1001 3289 1048 sunt:
3341 991 3475 1063 quid

1901 1090 2069 1161 igitur
2093 1089 2333 1159 amplius
2365 1089 2417 1142 in
2439 1087 2663 1142 Christo
2697 1086 2983 1158 unigenito
3010 1086 3150 1142 Filio
3177 1085 3319 1141 Dei?
3341 1101 3480 1156 quo-

1900 1180 2067 1235 modo
2087 1179 2236 1234 enim
2265 1178 2471 1233 dicitur
2488 1175 2845 1247 Unigenitus,
2871 1175 2917 1230 si
2943 1175 3090 1246 apud
3117 1175 3268 1246 ipsos
3281 1174 3479 1229 eadem

1901 1273 1974 1328 sit
1997 1271 2172 1342 gratia
2195 1287 2260 1326 ac
2278 1270 2423 1341 apud
2457 1270 2638 1339 ipsum
2657 1265 3026 1323 deiﬁcationis
3047 1277 3145 1322 aut
3160 1263 3483 1321 tiliationis?

1900 1365 2084 1421 Gratia
2114 1365 2283 1436 igitur
2313 1372 2546 1434 propter
2575 1360 2843 1416 unionem
2891 1358 3298 1430 hypostatieam
3351 1373 3479 1412 cum

1900 1456 2042 1511 Filio
2065 1457 2120 1510 in
2146 1465 2366 1519 natura,
2396 1453 2582 1509 dictus
2611 1460 2698 1508 est
2726 1450 3019 1506 manifeste
3064 1448 3238 1504 Filius
3267 1446 3366 1502 Dei
3395 1447 3482 1501 vi-

1902 1550 2086 1608 ventis
2115 1547 2456 1618 unigenitus.

2541 1659 2694 1715 CAP.
2758 1657 2848 1713 Vl.

1978 1779 2108 1846 Sed,
2136 1777 2399 1850 inquiunt
2419 1818 2432 1840 ,
2458 1774 2506 1830 si
2535 1787 2646 1830 non
2669 1772 3085 1828 accommodate
3115 1771 3327 1827 dictum
3375 1779 3484 1832 est,

206 1869 382 1934 εῐποι,
413 1870 572 1940 ὑμεῖς
611 1869 907 1938 φεύγοντες
928 1872 1028 1939 τὴν
1059 1869 1261 1939 ἀκριϐῆ
1303 1869 1412 1922 τῶν
1449 1867 1798 1940 σημαινομμ

1905 1873 2137 1945 perinde
2182 1887 2246 1927 ac
2273 1871 2319 1926 si
2342 1883 2632 1932 voce,vos
2654 1875 2974 1925 accuratam
3006 1880 3196 1922 rerum
3224 1862 3485 1935 designa-

207 1978 327 2014 νων
358 1961 635 2026 ἐξέτασιν·
665 1963 758 2016 καὶ
793 1965 842 2016 εί
878 1964 953 2035 μὴ
979 1963 1080 2018 οὑκ
1125 1963 1242 2034 ἔχει
1288 1964 1483 2035 κυρίαν
1503 1966 1606 2036 τὴν
1631 1964 1800 2018 ἐκδα-

208 2072 302 2108 σιν
329 2055 361 2126 ἢ
397 2056 682 2128 παραϐολῇ
729 2057 762 2130 ἢ
811 2057 1171 2130 ἀλληγορίαῆ
1201 2058 1526 2130 φαντασίᾳῆ
1558 2059 1799 2128 δοκήσει,

205 2150 310 2203 καὶ
341 2151 486 2203 κατὰ
513 2151 673 2226 κενῆς
703 2154 879 2204 κεῖται
925 2152 1002 2213 ὡς
1036 2153 1174 2222 πρὸς
1204 2152 1460 2206 ὑπόνοιαν
1503 2151 1664 2222 μόνον
1690 2151 1803 2214 τοῖς

205 2245 516 2314 ἀκροαταῖς
549 2244 615 2296 τᾶ
657 2242 952 2314 λεγόμενα,
1001 2245 1089 2308 τίς
1143 2247 1345 2299 ἐστινδ
1387 2246 1502 2308 υἱὸς
1531 2244 1588 2308 δς
1631 2244 1803 2316 ἔμαθε

205 2335 310 2388 καὶ
351 2334 445 2404 ἀφ’
477 2328 553 2388 ὧν
609 2333 780 2388 ἔπαθε
833 2334 934 2404 τὴν
992 2335 1274 2406 ὑπακοὴνς
1305 2352 1325 2386 ι
1357 2335 1417 2388 '0
1466 2335 1561 2388 ut
1588 2335 1805 2406 δεήσεις

205 2427 309 2480 καὶ
342 2427 625 2497 ἱκετηρίας
654 2427 792 2497 μετὰ
822 2429 1073 2499 κραυγῆς
1099 2428 1192 2480 καὶ
1225 2427 1477 2496 δακρύων
1508 2429 1804 2498 προσενέγ-

204 2537 341 2584 κας,
393 2521 488 2574 καὶ
539 2520 918 2584 εἰσακουσθεὶς
975 2521 1085 2574 ἀπὸ
1134 2521 1237 2591 τῆς
1288 2521 1599 2588 εὐλαϐείας,
1647 2541 1667 2574 ι
1707 2525 1804 2576 καὶ

205 2613 552 2677 τελειωθεὶς,
606 2615 702 2668 καὶ
761 2613 1120 2685 σταυρωθεὶς,
1167 2614 1264 2668 καὶ
1322 2607 1556 2684 ταφείςο
1590 2615 1688 2668 καὶ
1739 2615 1802 2668 δν

204 2705 440 2775 ἥγειρεν
461 2707 490 2757 6
513 2704 648 2768 Θεὸς
687 2706 752 2758 ἐκ
779 2705 1015 2776 νεκρῶν,
1048 2707 1142 2759 καὶ
1172 2707 1202 2758 6
1231 2705 1468 2774 ὑψωθεὶς
1513 2707 1608 2760 καὶ
1647 2706 1804 2772 δοξα-

207 2798 388 2862 σθεὶς,
419 2798 512 2854 καὶ
546 2799 614 2852 τὰ
667 2798 868 2852 λοιπά·
903 2797 1028 2853 οὔτε
1070 2799 1182 2871 γὰρ
1216 2800 1323 2852 ῐδια
1347 2799 1448 2853 τοῦ
1480 2801 1653 2868 Λόγου
1675 2800 1802 2854 τάδε

205 2906 301 2954 τις
347 2889 611 2960 τολμήσει
669 2890 746 2961 μὴ
797 2891 1071 2961 δαιμονῶν
1104 2894 1504 2962 καταφάσκειν,
1534 2892 1659 2948 οὔτε
1703 2895 1804 2949 σὺν

209 2981 389 3052 ἑτέρῳ
419 2981 592 3047 ὄντος.
637 2982 779 3036 Ἀλλ’
813 2982 913 3054 ἤδη
957 2984 1221 3048 πολλάκις
1271 2985 1401 3055 ὑμῖν
1455 2986 1680 3058 ὲῤῥέθη,
1727 2986 1804 3049 ὡς

207 3075 328 3130 ἀπὸ
359 3075 561 3144 μέρους
596 3075 659 3128 τὸ
685 3076 807 3130 ὅλον
836 3074 1101 3142 πολλάκις
1122 3081 1533 3148 κατηγορεῖται,
1561 3079 1713 3149 νόμῳ
1742 3095 1802 3132 τε

207 3167 545 3238 διαλεκτικῷ
559 3168 744 3239 κοινῷ,
764 3169 858 3222 καὶ
876 3170 993 3242 ἰδίῳ
1007 3169 1229 3242 ἐθειτῆς
1244 3170 1404 3238 ἁγίας
1421 3171 1668 3240 Γραφῆς.
1691 3171 1804 3226 Οὑκ

208 3260 328 3330 ἄρα
342 3259 436 3313 οῦν
452 3260 729 3331 δοκήσειῆ
753 3263 1036 3334 παραϐολῇ
1055 3264 1090 3334 ἦ
1112 3263 1430 3336 τινιητοιῷδε
1451 3265 1655 3335 τρόπῳ,
1677 3264 1809 3318 ταῦ-

207 3355 284 3409 τά
307 3356 444 3408 ἐστι’
472 3357 570 3409 σὺν
590 3355 822 3426 ἀληθείᾳ
839 3356 916 3422 δὲ,
946 3356 1085 3426 μετὰ
1113 3356 1224 3410 τῶν
1270 3357 1453 3426 μέντοι
1484 3357 1807 3427 πρεπόντων

209 3445 580 3515 διανοητικῶν
616 3449 1057 3518 προσδιορισμῶν
1093 3449 1396 3520 ἐκληπτέον
1424 3451 1595 3504 αὑτά·
1621 3449 1808 3513 ἁπλῶς

208 3539 270 3592 δέ
291 3539 391 3592 καὶ
411 3539 590 3609 ὑμεῖς,
603 3540 651 3591 εί
669 3540 815 3611 μὴξὲν
837 3539 974 3610 τῷδε
993 3540 1144 3611 αὑτῷ
1159 3542 1238 3612 τῷ
1253 3543 1441 3612 τοιῷδε
1457 3560 1807 3616 καταφασκο-

218 3628 378 3699 μένῳ
409 3630 489 3700 τῷ
521 3631 764 3701 Χριστῷ,
797 3632 894 3686 καὶ
918 3634 948 3685 6
977 3633 1140 3702 φύσει
1181 3634 1308 3697 Υίδς
1351 3636 1445 3687 τοῦ
1467 3635 1602 3688 Θεοῦ
1635 3636 1808 3704 Λόγος

212 3723 431 3773 νοεῖται
462 3721 592 3790 ὑμῖν
622 3722 958 3793 ἐνυπάρχειν
1007 3723 1234 3787 ἀπαθῶς
1284 3725 1404 3794 μὲν,
1432 3725 1525 3778 καὶ
1555 3726 1720 3789 αὑτὸς
1750 3726 1807 3779 δὲ

208 3813 394 3867 τοῖσδε
423 3813 523 3882 τὴν
551 3813 715 3882 φύσιν
740 3815 1194 3884 ὑποὸεὸλημένος
1213 3815 1300 3868 διὰ
1325 3817 1491 3885 μέσου
1517 3817 1610 3870 τοῦ
1631 3818 1807 3885 Λόγου

212 3907 320 3973 τῆς
374 3906 731 3968 ὑποστάσεως
789 3907 990 3960 αὑτοῦ·
1026 3907 1128 3959 ποῦ
1166 3898 1445 3976 ζητοῦμεν
1479 3909 1571 3961 τὸν
1619 3909 1808 3980 ἕτερον

211 3997 351 4051 Υῐδν
370 3997 466 4050 τοῦ
495 3997 655 4061 Θεοῦ,
679 3999 808 4069 περὶ
833 3995 894 4052 οῦ
923 3999 1137 4070 εἴρηται
1157 3982 1251 4053 ’ὅτι
1275 4017 1294 4051 ε
1332 3999 1422 4052 Ἐν
1455 4003 1637 4071 μορφῇ
1671 4000 1807 4054 Θεοῦ

123 4103 128 4108 '
214 4091 511 4160 ὑπάρχων,
561 4091 756 4145 ἑαυτὸν
803 4093 1060 4158 ὲκένωσε,
1111 4095 1206 4148 καὶ
1255 4095 1522 4166 αἰσχύνης
1573 4097 1808 4150 θανάτου

211 4187 456 4259 σταυροῦ
489 4190 898 4259 κατεφρόνησες
927 4210 945 4242 ι
983 4192 1080 4244 καὶ
1131 4191 1234 4246 ποῦ
1277 4195 1304 4245 6
1329 4192 1457 4253 Υἱὸς
1480 4189 1574 4245 τοῦ
1606 4193 1742 4245 Θεοῦ
1782 4195 1810 4246 6

215 4282 543 4354 μονογενὴς,
569 4283 729 4346 αὐτὸς
758 4286 786 4337 6
818 4285 958 4355 ὑπὲρ
982 4283 1140 4354 ἡμῶν
1165 4286 1404 4348 ἐκδοθεὶς
1439 4285 1545 4339 ὑπὸ
1571 4284 1665 4338 τοῦ
1702 4285 1810 4339 lla-

210 4373 381 4445 196;;
420 4393 438 4426 ι
470 4373 658 4440 Οὕτως
707 4375 839 4445 γὰρ,
883 4379 1069 4445 φησιν.
1105 4376 1396 4448 ἠγάπησεν
1445 4379 1474 4430 6
1529 4378 1660 4440 Θεὸς
1719 4379 1809 4432 τὸν

211 4468 448 4538 κόσμον,
477 4466 620 4520 ὥστε
647 4471 739 4520 τὸν
769 4468 898 4520 Υἱδν
927 4469 1093 4522 αὑτοῦ
1117 4471 1208 4523 τὸν
1243 4472 1510 4541 μονογενῆ
1561 4471 1753 4528 ἔδωκε.
1783 4493 1801 4525 ι

286 4739 386 4804 Τίς
411 4757 469 4792 τε
496 4741 523 4793 6
553 4739 826 4807 πεμφθεὶς
850 4739 1142 4810 μονογενὴς
1179 4739 1304 4800 Υἱὸς
1333 4741 1428 4793 τοῦ
1467 4741 1672 4813 Κυρίου
1714 4741 1810 4795 τοῦ

212 4830 544 4902 ἀμπελῶνος
575 4831 713 4898 μετὰ
769 4832 896 4894 τοὺς
951 4832 1326 4903 προλαϐόντας
1391 4833 1612 4896 δούλους
1650 4834 1812 4898 ὄντας

211 4924 431 4985 πάντας
459 4924 596 4991 πρδς
631 4924 758 4986 τοὺς
800 4923 1006 4986 κακοὺς
1062 4926 1365 4994 γεωργοὺς,
1395 4926 1447 4978 εἰ
1486 4945 1603 4989 πως
1652 4928 1814 4980 αὑτὸν

216 5017 662 5086 ἐντραπήσονται
719 5032 734 5081 ;
800 5015 896 5067 καὶ⁵
941 5015 1026 5078 τίς
1083 5017 1200 5068 ἐστι
1259 5008 1322 5068 οῦ
1376 5016 1673 5071 ἐθεάσαντο
1713 5019 1813 5090 τὴν

213 5107 378 5170 δόξαν
441 5107 516 5168 ὡς
570 5105 892 5175 μονογενοῦς
943 5107 1094 5178 παρὰ
1151 5108 1364 5176 Ila-.96;
1415 5108 1464 5160 οἱ
1517 5108 1810 5179 μαθηταί;

215 5198 301 5251 ἔτι
365 5197 470 5268 μὴν
514 5197 602 5260 τίς
651 5197 681 5250 6
729 5197 970 5267 ὁρισθεὶς
1036 5199 1159 5261 Υἱὸς
1191 5198 1329 5252 Θεοῦ
1389 5199 1531 5253 κατὰ
1599 5199 1814 5270 πνεῦμα

214 5289 535 5360 ἁγιωσύνης
565 5308 580 5356 ;
609 5291 693 5354 τίς
710 5307 766 5344 τε
799 5292 828 5344 6
854 5289 1100 5354 καταϐὰς
1118 5292 1212 5344 καὶ
1234 5293 1532 5360 εἰσκριθεὶς
1555 5293 1631 5356 ῶς
1660 5294 1814 5356 ὑετὸς

215 5386 314 5439 ἐπὶ
364 5384 532 5437 πόκον
575 5375 681 5447 ςοῦ
716 5383 825 5452 πρὸ
851 5383 947 5436 τοῦ
1003 5383 1155 5452 ἡλίου
1209 5384 1454 5453 διαμένει
1502 5384 1561 5438 τὸ
1635 5385 1807 5455 ὄνομα

215 5476 389 5554 αὑτοῦ
420 5476 516 5530 καὶ
555 5477 672 5546 πρὸ¹
703 5477 805 5545 τῆς
841 5476 1071 5547 σελήνης
1118 5478 1313 5530 ἐστὶνὸ
1349 5477 1534 5548 θρόνος
1583 5497 1595 5544 ;
1629 5478 1712 5542 τίς
1744 5497 1804 5532 τε

217 5570 245 5621 5
269 5557 470 5635 λὲγων,
512 5568 680 5636 Σῶμα
734 5567 792 5620 δὲ
826 5567 1141 5638 κατηρτίσω
1190 5585 1280 5638 μοι
1311 5587 1324 5634 ;
1350 5571 1417 5622 εἶ’
1447 5571 1522 5640 μὴ
1556 5569 1667 5639 ἄρα
1715 5571 1810 5623 καὶ

218 5658 569 5731 προύπαρξιν
609 5659 710 5727 τῆς
726 5657 900 5728 Ἰησοῦ
941 5659 1122 5730 ψυχῆς
1147 5659 1543 5731 ὀνειροπολεῑτε
1563 5678 1576 5691 ·
1612 5661 1725 5725 πῶς
1755 5663 1808 5715 δὲ

221 5751 384 5815 αὐτὸς
410 5752 468 5804 ὲν
485 5745 530 5820 ᾧ
555 5750 814 5806 τὰπᾶιντα
841 5750 1108 5815 ἔκτισται,
1137 5753 1231 5805 καὶ
1255 5752 1596 5822 πρωτότοκος
1622 5756 1685 5806 ὲκ
1709 5754 1815 5806 τῶν

297 5894 339 5926 ⁸⁸
373 5893 537 5948 llcbr.
611 5912 659 5959 ν,
708 5895 759 5948 7.
839 5896 880 5925 ¹⁹
923 5894 1162 5966 Philipp.
1190 5912 1246 5962 ll,
1281 5899 1332 5962 7,
1366 5897 1415 5950 8.

1499 5898 1540 5928 ⁵⁸
1566 5897 1724 5952 1mm.
1784 5913 1858 5962 ιιι,

1909 1977 2090 2022 tarum
2124 1959 2539 2036 inquisitionem
2588 1963 2862 2027 vitaretis,
2893 1970 2952 2016 et
2999 1960 3048 2016 si
3095 1959 3322 2030 praefata
3371 1972 3483 2011 non

1906 2059 2144 2114 habeant
2175 2055 2540 2127 principalem
2567 2054 2880 2126 digressum
2916 2063 3016 2108 aut
3067 2051 3355 2126 parabola,
3388 2060 3486 2105 aut

1903 2149 2193 2221 allegoria,
2221 2147 2746 2219 autimaginatione,
2770 2151 2868 2201 aut
2890 2145 3086 2216 ﬁgura,
3111 2153 3170 2200 et
3199 2144 3256 2198 in
3279 2159 3484 2198 vanum

1903 2258 2017 2298 non
2039 2243 2322 2314 jactentur
2346 2247 2609 2309 tanquam
2641 2238 2822 2292 solum
2863 2236 2933 2292 ad
2967 2233 3286 2290 illudendos
3326 2233 3486 2288 audi-

1904 2347 2074 2401 tores,
2101 2335 2230 2406 quis
2249 2345 2338 2389 est
2360 2331 2519 2388 .ﬂlius
2549 2330 2647 2402 qui
2682 2329 2886 2386 didicit
2913 2344 2982 2385 ex
3033 2328 3103 2383 iis
3137 2342 3261 2398 quae
3288 2340 3488 2396 passus

1901 2438 1988 2486 est
2007 2425 2425 2485 obedientiam?
2455 2443 2474 2476 ‹
2496 2422 2601 2490 Qui
2631 2432 2691 2478 et
2727 2437 2922 2494 preces
2967 2429 3025 2477 et
3053 2419 3489 2492 supplicationes

1903 2539 2032 2580 cum
2060 2521 2302 2577 clamore
2338 2517 2523 2572 valido
2555 2527 2614 2572 et
2634 2515 2895 2587 lacrymis
2925 2514 3150 2574 obtulit,
3181 2513 3275 2584 qui
3321 2527 3490 2567 exau-

1905 2618 2058 2674 ditus
2096 2623 2182 2670 est
2213 2629 2316 2685 pro
2340 2629 2440 2668 sua
2469 2610 2786 2668 reverentia
2823 2610 2888 2674 ¹¹¹,
2922 2628 2941 2661 ι
2970 2619 3028 2663 et
3062 2607 3488 2664 consummatus

1905 2717 1964 2766 et
2019 2707 2341 2770 cruciﬁxus,
2396 2716 2455 2760 et
2506 2705 2791 2776 sepultus;
2848 2713 2905 2758 et
2963 2717 3132 2772 quem
3195 2700 3488 2756 suscitavit

1905 2803 2056 2858 Deus
2079 2817 2147 2857 ex
2180 2799 2438 2864 mortuis,
2463 2797 2644 2854 etfuit
2670 2797 2948 2852 exaltatus
2963 2804 3019 2850 et
3045 2794 3404 2866 gloriﬁcatus.
3431 2804 3490 2848 et

1906 2895 2160 2964 reliqua:
2205 2905 2372 2946 nemo
2390 2891 2540 2947 enim
2561 2889 2682 2945 haec
2701 2903 2823 2944 esse
2851 2887 3016 2944 Verbi
3055 2886 3281 2956 propria
3312 2883 3481 2940 aude-

1905 2987 1990 3042 bit
2013 2986 2120 3041 nisi
2164 2984 2450 3039 insaniens
2492 2982 2788 3047 afﬁrmare,
2841 2996 2948 3037 nec
2993 2979 3213 3036 etiamsi
3244 2978 3486 3035 Verbum

1906 3093 2036 3134 cum
2073 3079 2251 3132 altero
2269 3084 2442 3131 esset.
2470 3074 2578 3130 Sed
2611 3075 2723 3147 jam
2761 3089 2907 3145 saepe
2946 3073 3106 3128 vobis
3159 3071 3373 3128 dictum
3403 3079 3490 3128 est

1906 3186 2008 3242 per
2031 3177 2245 3240 partem
2279 3175 2457 3224 totum
2486 3183 2632 3238 saepe
2656 3167 2937 3238 designari
2968 3175 3025 3222 et
3057 3167 3176 3238 lege
3199 3165 3488 3222 dialectica

1908 3261 2213 3327 communi,
2260 3269 2318 3316 et
2363 3261 2592 3332 proprio
2642 3276 2748 3316 usu
2799 3275 2971 3315 saera:
3005 3259 3343 3330 Scripturae:
3381 3273 3489 3314 non

1907 3355 2160 3428 profecto
2188 3355 2358 3426 igitur
2385 3355 2502 3409 hac
2537 3361 2798 3409 constant
2851 3353 3025 3425 ﬁgura
3074 3360 3170 3407 aut
3229 3351 3491 3423 allegoria

1907 3458 2005 3504 aut
2027 3448 2292 3519 parabola
2317 3455 2415 3502 aut
2437 3447 2628 3518 aliquo
2661 3446 2831 3502 simili
2856 3455 3058 3517 tropo:
3091 3446 3188 3502 sed
3219 3461 3352 3502 vere
3376 3446 3492 3515 ipsa

1909 3539 2389 3609 interpretandum
2413 3548 2501 3594 est
2529 3553 2655 3593 cum
2691 3539 3161 3594 convenientibus
3189 3547 3247 3594 et
3284 3537 3496 3592 intelli-

1909 3634 2177 3705 gibilibus
2237 3631 2790 3690 modiﬁcationibus:
2849 3631 2947 3687 sed
3005 3647 3106 3686 vos
3161 3631 3496 3702 simpliciter

1909 3726 2102 3790 dicite,
2149 3725 2196 3780 si
2241 3740 2354 3779 non
2395 3725 2716 3795 concipitur
2753 3723 2913 3778 vobis
2940 3723 2996 3778 in
3048 3725 3170 3793 ipso
3221 3731 3496 3792 quatenus

1912 3821 2036 3876 talis
2063 3819 2368 3874 aﬂirmatur
2402 3818 2630 3874 Christo
2665 3825 2864 3873 natura
2890 3817 3095 3872 Filium
3128 3817 3225 3872 Dei
3251 3816 3496 3872 Verbum

1911 3912 2257 3983 impassibile
2284 3927 2409 3967 esse
2439 3917 2497 3966 et
2525 3911 2774 3967 Verbum
2820 3910 3002 3981 ipsum
3059 3908 3369 3965 secundum
3401 3925 3497 3963 na-

1910 4015 2090 4060 turam
2114 4005 2269 4062 hisce
2292 4006 2608 4076 subjectum
2657 4003 2941 4059 mediante
2968 4003 3135 4059 Verbi
3169 4003 3341 4074 ipsius
3371 4019 3497 4074 per-

1909 4098 2198 4154 sonazubi
2243 4111 2560 4168 quaeremus
2605 4095 2775 4150 alium
2826 4095 3028 4150 Filium
3083 4095 3204 4153 Dei.
3256 4095 3325 4151 de
3384 4111 3496 4165 quo

1910 4191 2119 4246 dictum
2169 4199 2256 4245 est
2299 4208 2313 4244 :
2357 4188 2538 4246 «Cum
2588 4189 2646 4244 in
2699 4187 2879 4243 forma
2925 4187 3022 4244 Dei
3069 4199 3241 4250 esset,
3288 4197 3494 4242 semet-

1911 4284 2090 4355 ipsum
2128 4282 2455 4346 exinanivit,
2503 4289 2561 4336 et
2621 4280 3007 4337 confusionem
3062 4279 3258 4336 mortis
3312 4283 3496 4337 crucis

1910 4377 2247 4445 contempsit
2285 4375 2359 4428 "?
2389 4393 2407 4426 ι
2440 4374 2510 4428 Ει
2538 4372 2636 4428 ubi
2668 4375 2780 4429 erit
2812 4373 2989 4429 Filius
3039 4374 3136 4430 Dei
3174 4376 3498 4446 unigenitns

1913 4470 2031 4540 ipse
2062 4483 2162 4538 pro
2194 4466 2357 4522 nobis
2387 4464 2552 4520 datus
2580 4480 2610 4520 a
2643 4465 2844 4519 Patre?
2881 4483 2900 4517 ‹
2926 4463 3020 4520 Sic
3049 4465 3224 4527 enim,
3258 4467 3360 4532 ait,
3408 4467 3497 4521 di-

1841 4562 1887 4620 D
1913 4561 2041 4615 lexit
2069 4561 2216 4615 Deus
2247 4557 2540 4624 mundum,
2581 4566 2645 4613 ut
2677 4557 2878 4612 Filium
2933 4573 3096 4612 suum
3147 4557 3498 4626 unigenitum

1907 4652 2064 4707 daret
2089 4653 2156 4704 '°.
2185 4670 2203 4702 ι

1980 4744 2113 4810 Quis
2145 4751 2231 4796 est
2257 4741 2425 4797 etiam
2458 4740 2555 4812 qui
2588 4741 2794 4796 missus
2826 4741 2932 4796 fuit
2970 4740 3298 4813 unigenitus
3326 4741 3498 4796 Filius

1910 4833 2130 4890 Domini
2165 4834 2342 4887 vinem
2375 4842 2500 4902 post
2525 4846 2721 4887 omnes
2757 4831 2856 4902 qui
2911 4831 3066 4894 illum
3097 4821 3502 4901 praecesserant

1913 4941 2128 4990 servos,
2163 4925 2231 4978 ad
2273 4925 2446 4979 malos
2471 4923 2764 4996 agricolas,
2793 4933 2855 4979 ut
2892 4932 3180 4979 constaret
3215 4937 3287 4977 an
3341 4922 3497 4976 illum

1913 5027 2244 5074 vererentur
2267 5017 2353 5070 "‘1
2391 5015 2527 5084 Quis
2559 5024 2644 5071 est
2675 5017 2838 5086 cujus
2862 5014 3123 5084 discipuli
3156 5013 3342 5069 mirati
3371 5022 3503 5069 sunt

1909 5112 2143 5182 gloriam
2175 5111 2332 5180 quasi
2361 5109 2634 5180 unigeniti
2666 5125 2696 5163 a
2722 5109 2928 5164 Patre?
2949 5107 3085 5175 Quis
3117 5107 3303 5163 adhuc
3356 5107 3498 5162 deli-

1909 5202 2062 5258 nitus
2088 5210 2172 5257 est
2194 5201 2367 5256 Filius
2389 5201 2484 5255 Dei
2518 5199 2827 5256 secundum
2862 5201 3121 5271 spiritum
3153 5199 3503 5256 sanctitatis?

1909 5295 2046 5361 Quis
2082 5303 2168 5348 est
2201 5291 2295 5362 qui
2331 5291 2628 5347 descendit
2652 5299 2711 5347 et
2744 5291 3066 5362 penetravit
3113 5291 3263 5347 sicut
3313 5293 3501 5364 pluvia

1915 5388 1970 5441 in
2006 5383 2406 5454 vellus?Cujus
2433 5399 2559 5439 cum
2589 5385 2705 5439 sole
2732 5394 3024 5455 permanet
3048 5401 3251 5440 nomen
3281 5394 3340 5440 et
3373 5394 3504 5440 ante

1915 5481 2105 5534 lunam
2140 5485 2224 5531 est
2248 5477 2453 5563 solium
2484 5476 2666 5542 tQuis
2698 5487 2787 5532 est
2835 5477 2931 5548 qui
2965 5476 3125 5543 dicit,
3174 5492 3381 5547 corpus
3413 5492 3500 5531 re-

1917 5572 2140 5625 sumam
2204 5569 2383 5623 mihi?
2443 5569 2553 5624 nisi
2595 5579 2748 5625 certe
2805 5571 3309 5640 praeexsistentiam
3370 5569 3500 5624 Jesu

1918 5664 2118 5718 anima:
2138 5662 2462 5717 somnietis:
2496 5663 2779 5732 quomodo
2809 5671 2998 5718 autem
3028 5663 3121 5718 ille
3147 5663 3265 5733 ipse
3304 5661 3362 5717 in
3393 5679 3504 5733 quo

1919 5756 2107 5810 omnia
2146 5767 2333 5811 creata
2385 5764 2536 5822 sunt,
2587 5763 2647 5810 et
2699 5755 3106 5827 primogenitus
3155 5769 3224 5811 ex
3265 5767 3506 5812 mortuis

1911 5897 1989 5951 l6.
2071 5899 2111 5929 “
2150 5896 2340 5950 Matth.
2381 5913 2487 5959 xxI,
2529 5897 2597 5950 37
2637 5913 2791 5968 seqq.
