4194 6446
738 404 873 472 1619

1968 418 2279 478 LEONTII
2318 419 2603 481 ΒΥΖΑΝΤ
2607 420 2687 480 1N
2696 421 2721 480 Ι

3873 419 4008 485 1620

733 524 916 581 dictus
945 535 1051 592 est,
1090 527 1143 580 in
1180 523 1442 584 omnibus
1504 529 1623 600 ipse
1663 532 1989 601 praecellens
2031 535 2302 604 pritnoge<

2416 538 2626 608 νεκρῶν
2682 537 2916 607 εἴρηται,
2952 536 3009 588 ὲν
3055 538 3221 591 πᾶσιν
3254 537 3417 603 αὑτδς
3451 537 3771 607 πρωτεύων,
3844 557 4000 612 πρω-

732 619 882 671 nitus
903 620 1084 672 omnis
1111 621 1419 675 creaturae?
1460 620 1653 687 Qualis
1689 632 1778 678 est
1815 625 1910 693 qui
1954 635 2042 680 est
2072 625 2141 680 de
2171 626 2314 681 cmlo

730 710 1007 765 secundus
1032 710 1201 765 homo
1236 722 1294 767 et
1322 712 1627 768 Dominus?
1659 714 1793 781 Quis
1823 715 1893 771 de
1914 732 2026 787 quo
2062 718 2315 789 loquitur

728 803 1015 858 Joannes:
1076 824 1094 856 ι
1138 803 1245 872 Qui
1309 805 1606 862 desursum
1657 809 1833 871 venit,
1887 824 2060 879 super
2117 827 2314 867 omnes

727 905 813 951 est
839 897 930 951 ἠ
960 918 979 951 ι
1021 897 1156 965 Quis
1183 900 1387 968 estqui
1423 899 1561 954 dicit
1581 899 1812 971 gloriam
1849 901 2053 956 habere
2096 917 2126 955 a
2148 901 2313 957 Patre

727 997 1024 1060 antequam
1079 989 1321 1044 mundus
1379 989 1561 1053 ﬁeret.
1612 1000 1667 1045 et
1725 991 2022 1045 conﬁtetur
2079 1008 2138 1047 se
2186 1008 2312 1047 cum

728 1083 888 1136 Patre
916 1096 1084 1134 unmn
1115 1082 1277 1136 esse?
1305 1082 1374 1137 Et
1404 1084 1530 1151 quis
1573 1093 1659 1137 est
1698 1083 1793 1152 qui
1846 1082 2014 1138 habet
2063 1093 2312 1153 potesta-

728 1180 836 1228 tem
868 1174 1114 1244 ponendi
1144 1190 1299 1229 suam
1343 1175 1583 1229 animam
1620 1184 1676 1230 et
1724 1176 1980 1231 sumendi
2009 1178 2076 1242 ’³,
2129 1187 2186 1232 et
2212 1176 2310 1248 qui

728 1279 976 1320 eversum
1006 1266 1296 1337 proprium
1339 1267 1607 1337 templum
1644 1276 1910 1338 tanquam
1939 1269 2197 1322 divinum
2248 1278 2307 1323 et

724 1373 835 1413 non
874 1359 1095 1413 domum
1142 1359 1533 1428 particularem
1581 1361 1829 1423 dictum,
1889 1370 2012 1429 post
2058 1360 2305 1414 triduum

724 1449 1058 1503 remdillcare
1089 1456 1270 1516 potest
1298 1449 1388 1501 “‘3
1416 1449 1710 1514 Quomodo
1743 1459 1930 1502 autem
1979 1464 2046 1503 ex
2072 1449 2179 1506 title.
2219 1449 2310 1519 ju-

723 1538 873 1592 stitia
905 1538 1041 1592 dicit
1068 1557 1082 1592 :
1117 1557 1136 1589 ι
1162 1539 1240 1593 Ne
1262 1538 1483 1607 dixeris
1524 1539 1577 1594 in
1611 1541 1779 1595 corde
1814 1553 1933 1602 tuo,
1961 1541 2087 1610 quis
2115 1556 2309 1595 ascen-

722 1631 805 1685 dit
835 1631 889 1684 in
920 1631 1146 1695 caelum,
1170 1632 1222 1685 id
1259 1640 1347 1685 est
1402 1631 1693 1687 Christum
1758 1632 2036 1687 deducere
2087 1632 2157 1694 ",
2190 1649 2209 1681 ι
2251 1630 2304 1683 si

725 1737 833 1778 non
854 1724 1137 1778 caelestem
1177 1740 1298 1779 esse
1327 1725 1482 1779 illum
1521 1732 1578 1779 et
1607 1740 1718 1778 non
1749 1725 1963 1779 nudum
2013 1723 2304 1777 mortalem

720 1812 894 1867 dicit?
924 1812 1059 1879 Quis
1090 1824 1177 1867 est
1224 1815 1495 1868 Dominus
1524 1813 1713 1884 gloria:
1759 1828 1926 1885 quem
1989 1813 2305 1868 nescientes

2416 629 2639 692 τότοκος
2691 629 2872 699 πάσης
2894 627 3124 691 κτίσεως
3143 645 3158 693 ;
3179 626 3334 691 ποῖός
3358 628 3419 681 τέ
3440 629 3589 682 ἐστιν
3621 630 3650 681 ὀ
3692 629 3750 696 ἐξ
3764 630 3999 699 ούρανοῦ

2415 719 2666 792 δεύτερος
2695 719 2978 790 ἄνθρωπος
3010 720 3103 772 καὶ
3126 719 3329 789 Κύριος
3353 736 3368 786 ;
3394 721 3479 784 τίς
3498 738 3557 774 τε
3573 722 3632 774 ὃν
3653 738 3788 792 φησι
3818 722 4001 777 Ἰωάν-

2416 827 2563 881 νης,‹
2599 812 2660 863 '0
2679 809 2886 864 ἄνωθεν
2909 810 3222 880 ἐρχόμενος,
3245 810 3446 880 μείζων
3462 810 3681 865 πάντων
3701 811 3845 873 ἐστίς
3869 831 3889 863 ι
3918 814 4002 878 τίς

2416 920 2474 956 τε
2496 903 2525 955 ὁ
2549 903 2722 972 λέγων
2743 902 2901 967 δόξαν
2923 901 3067 971 ἔχειν
3084 902 3237 974 παρὰ
3254 902 3334 972 τῷ
3352 902 3528 971 Πατρὶ
3544 903 3649 974 πρὸ
3670 902 3762 956 τοῦ
3786 904 3882 955 τδν
3905 905 3998 957 x6-

2417 1011 2554 1064 σμον
2587 992 2859 1062 γενέσθαι,
2908 995 3002 1045 καὶ
3038 991 3318 1064 ὁμολογῶν
3348 992 3540 1045 ἑαυτὸν
3580 993 3677 1047 σὺν
3708 992 3790 1064 τῷ
3820 993 3998 1062 [Ia-cpi

2415 1082 2474 1136 ἐν
2512 1078 2651 1135 εἶναι
2676 1081 2806 1146 ςκαὶ
2839 1082 2966 1143 τίςὺ
2987 1078 3235 1145 ἐξουσίαν
3267 1078 3408 1150 ἔχων
3436 1079 3611 1133 θεῖναι
3641 1081 3743 1150 τὴν
3786 1081 3998 1134 οίκείαν

2414 1170 2579 1227 αὑτοῦ
2601 1172 2780 1242 ψυχὴν
2807 1167 3066 1244 καὶᾶραι.
3090 1175 3183 1225 καὶ
3203 1171 3435 1224 λυθέντα
3460 1171 3554 1224 τὸν
3595 1171 3727 1226 ῐδιον
3748 1171 3900 1233 ναὸν,
3924 1171 3999 1234 ῶς

2414 1266 2557 1320 θεῖον
2585 1263 2676 1317 καὶ
2696 1263 2796 1316 οὐκ
2821 1258 2969 1317 οἷκον
3009 1261 3279 1315 ἰδιωτικὸν
3319 1261 3636 1331 λεγόμενον,
3706 1262 3764 1314 ἐν
3809 1261 3991 1331 τρισὶν

2412 1358 2651 1429 ἡμέραις
2693 1358 2905 1427 ἐγεῖραι
2940 1355 3203 1422 δυνατός;
3231 1353 3348 1417 πῶς
3379 1354 3438 1407 δὲ
3469 1355 3563 1406 καὶ
3591 1356 3624 1425 ή
3655 1356 3722 1407 ὲκ
3758 1353 3999 1419 πίστεως

2409 1448 2724 1517 δικαιοσύνη
2743 1446 2913 1515 λέγει.
2948 1466 2966 1497 ι
2998 1447 3090 1516 Μὴ
3128 1447 3294 1516 εἴπῃς
3328 1446 3389 1498 ὲν
3413 1447 3479 1513 τῇ
3511 1444 3709 1516 καρδίᾳ
3748 1461 3869 1509 σου,
3902 1445 3998 1508 Τίς

2409 1540 2744 1611 ἀναϐήσεται
2793 1543 2871 1601 είς
2906 1538 2999 1591 τὸν
3027 1538 3289 1607 ούρανόν;
3319 1537 3566 1590 τούτέστι
3595 1537 3835 1609 Χριστῆν
3862 1555 3997 1590 κατ-

2409 1634 2659 1698 αγαγεῖν,
2682 1650 2700 1681 ι
2728 1632 2775 1685 εί
2801 1631 2877 1700 μὴ
2902 1630 2996 1683 καί⁵
3019 1627 3272 1700 οὐράνιον
3293 1626 3433 1683 εἶναι
3463 1630 3627 1683 αὐτὴν
3644 1632 3742 1683 καὶ
3760 1631 3822 1681 ού
3840 1629 3997 1698 ψιλὸν

2408 1721 2652 1789 ἐπίγειόν
2682 1737 2846 1791 φησι;
2872 1721 2953 1782 τίς
2972 1735 3033 1773 τε
3053 1721 3081 1773 ὁ
3098 1719 3306 1791 Κύριος
3326 1721 3426 1790 τῆς
3449 1720 3630 1789 δόξης,
3652 1720 3712 1772 ὃν
3733 1718 3996 1787 ἀγνοοῦν-

2407 1831 2499 1878 τες
2550 1814 2906 1885 ἐσταύρωσαν
2947 1830 2963 1876 ;
2999 1811 3116 1876 πῶς
3159 1814 3216 1866 δὲ
3252 1813 3346 1867 καὶ
3399 1812 3555 1883 ὑμεῖς
3609 1813 3771 1866 αὐτοὶ
3800 1812 3899 1882 τὴν
3940 1814 3998 1863 ὲν

721 1904 1119 1959 crueiﬁxerunt
1152 1906 1236 1958 ἐἷ’
1281 1904 1573 1971 Quomodo
1626 1917 1683 1961 et
1718 1922 1818 1961 vos
1863 1906 1967 1975 ipsi
2023 1906 2301 1960 Nicanam

2412 1907 2618 1979 Νικαία
2647 1907 2830 1960 πίστιν
2867 1905 2929 1959 ού
2975 1904 3407 1975 παραιτούμενοι
3447 1904 3539 1959 τὸν
3566 1907 3630 1958 ὲκ
3656 1903 3754 1958 τοῦ
3786 1903 3997 1973 [Ia-:95;

725 1998 886 2052 (idem
942 2014 1053 2052 non
1101 1997 1464 2064 abdicantcs,
1511 1998 1858 2054 conﬁtemini
1901 1997 2186 2053 Christum
2235 2014 2305 2052 ex

723 2089 885 2143 Patre
922 2089 1170 2159 genitum
1208 2098 1337 2144 ante
1392 2088 1581 2143 omnia
1610 2088 1833 2153 saecula,
1893 2089 1990 2158 qui
2033 2089 2150 2159 ipse
2201 2088 2302 2143 de-

714 2181 936 2235 scendit
964 2182 1034 2236 de
1055 2183 1216 2237 emlis
1248 2190 1306 2236 et
1325 2181 1748 2236 incarnatusest
1769 2197 1837 2236 ex
1860 2180 2071 2250 Spiritu
2108 2189 2303 2236 sancto

713 2284 771 2329 et
804 2273 969 2329 Maria
991 2274 1239 2345 Virgine,
1260 2282 1317 2329 et
1346 2274 1516 2328 homo
1543 2272 1723 2327 factus
1750 2273 1877 2327 est?
1925 2280 1982 2326 et
2018 2273 2301 2341 quomodo

716 2367 1025 2438 iutelligitis
1042 2366 1226 2420 omnia
1249 2366 1355 2420 alia
1373 2381 1496 2436 quae
1519 2381 1550 2420 a
1583 2364 1747 2419 nobis
1767 2381 1833 2418 ex
1857 2366 2031 2420 sacris
2052 2365 2300 2435 Eloquiis

715 2456 937 2525 prmfata
962 2464 1093 2510 sunt
1118 2454 1186 2510 de
1207 2454 1432 2511 Christo
1450 2495 1464 2520 ,
1500 2462 1760 2524 tanquam
1786 2453 1926 2508 Filio
1950 2453 2069 2517 Dei,
2095 2463 2152 2508 et
2177 2439 2300 2523 quae

716 2546 892 2618 gratia
919 2555 975 2601 et
1027 2556 1226 2602 natura
1254 2546 1457 2601 Filium
1497 2546 1596 2600 Dei
1637 2546 1793 2598 illum
1821 2553 2154 2615 praeponunt
2183 2546 2206 2598 ?
2240 2538 2315 2600 Si

711 2641 861 2695 enim
887 2641 1006 2696 lucc
1022 2655 1135 2695 non
1159 2638 1332 2710 ﬁgura
1349 2648 1447 2694 aut
1463 2637 1861 2709 imaginatione
1879 2646 1977 2693 aut
1996 2637 2062 2692 ad
2082 2637 2298 2693 illusio-

714 2750 842 2790 nem
861 2743 957 2789 aut
979 2742 1207 2804 propter
1230 2731 1443 2800 aliquid
1461 2746 1658 2786 eorum
1669 2746 1793 2800 qua:
1809 2731 2132 2786 asseruistis
2147 2731 2296 2786 dicta

713 2826 922 2881 fuerint
950 2827 1006 2879 in
1031 2838 1187 2879 sacra
1237 2820 1547 2892 Scriptura,
1582 2838 1766 2893 neque
1814 2822 2045 2876 nomine
2099 2822 2296 2877 ﬁctitio

711 2922 897 2977 dictus
931 2918 1102 2974 fuerit
1120 2918 1271 2973 Deus
1299 2926 1359 2971 et
1378 2915 1556 2971 Filius
1582 2914 1705 2978 Dei,
1750 2922 1808 2969 et
1836 2913 2107 2970 Dominus
2145 2913 2294 2969 idem

709 3012 985 3070 Christus.
1022 3008 1304 3081 quomodo
1334 3021 1446 3062 non
1476 3005 1624 3061 idem
1655 3006 1766 3061 erit
1808 3004 1942 3071 duo,
1986 3005 2193 3076 quippe
2226 3004 2295 3059 de

709 3103 905 3157 eodem
937 3110 1237 3169 utrumque
1265 3103 1554 3160 narratur,
1575 3093 1856 3165 quomodo
1883 3110 2030 3148 unus
2044 3103 2099 3148 et
2121 3093 2295 3149 Filius

716 3191 807 3246 lh-i
837 3201 1037 3245 natura
1089 3198 1146 3244 et
1198 3186 1374 3242 Filius
1429 3184 1530 3240 Dei
1580 3183 1781 3255 gratia,
1838 3182 2196 3254 impassibilis
2238 3191 2295 3237 et

711 3286 1013 3356 passibilis,
1046 3284 1299 3339 exaltans
1352 3289 1410 3337 et
1447 3279 1747 3343 exaltatus,
1804 3288 1861 3333 et
1913 3276 2151 3348 reliqua,
2179 3292 2293 3331 non
2320 3249 2366 3311 (ἶ

711 3376 1119 3434 :cstimabitur?

781 3471 903 3526 Non
935 3470 1084 3525 enim
1110 3464 1476 3523 rationabiles
1517 3479 1651 3519 vere
1678 3461 1816 3518 estis
1851 3476 1974 3525 vos,
2014 3475 2049 3514 ο
2074 3459 2325 3522 verbosi,

710 3565 807 3634 qui
838 3580 938 3635 per
971 3562 1350 3632 acceptionem
1375 3557 1565 3630 ﬁgura
1600 3565 1657 3611 et
1701 3552 2123 3626 imaginationis
2172 3567 2299 3624 pas-

711 3669 897 3710 siones
929 3662 986 3708 ct
1042 3650 1322 3722 passibilis
1366 3649 1594 3705 nomina
1645 3645 1869 3719 proprie
1924 3644 2199 3715 recipitis,
2241 3653 2301 3699 et

711 3754 979 3803 naturaet
996 3744 1251 3800 realiter:
1283 3740 1793 3812 impassibilitatem
1818 3750 1955 3791 vero
1971 3743 2028 3791 et
2051 3736 2294 3808 gloriam

710 3848 769 3894 et
797 3839 1089 3901 honorem,
1121 3844 1179 3890 et
1205 3849 1407 3890 nomen
1432 3830 1802 3887 deiﬁcationis
1834 3837 1891 3884 et
1921 3828 2125 3884 divina:
2162 3827 2301 3883 illia-

712 3932 905 3996 tionis,
936 3945 1049 3984 non
1073 3936 1272 3983 natura
1305 3923 1668 3997 generaliter,
1700 3936 1806 3977 nec
1843 3937 1902 3976 re
1935 3935 2042 3976 nec
2074 3934 2206 3976 vere
2226 3918 2296 3973 de

709 4025 954 4089 Christo,
979 4022 1074 4078 sed
1096 4021 1296 4076 falsum
1319 4029 1523 4074 nomen
1544 4026 1600 4073 et
1617 4015 1848 4087 ﬁguram
1866 4023 1922 4071 et
1944 4013 2297 4086 imaginatio-

710 4132 837 4172 nem
859 4125 916 4170 et
936 4130 1130 4170 vanam
1146 4111 1575 4183 appellationem
1590 4107 1813 4164 habetis
1832 4124 1846 4161 :
1864 4105 1911 4161 si
1924 4107 2074 4162 enim
2090 4113 2147 4160 et
2164 4119 2298 4160 vere

711 4208 977 4263 dieuntttr
1010 4206 1080 4260 ab
1104 4205 1226 4276 ipso
1255 4212 1311 4258 et
1352 4201 1779 4266 ﬁunthumana,
1812 4199 1909 4254 sed
1945 4197 2297 4253 considerate

711 4299 901 4355 studio
932 4296 1188 4352 veritatis
1242 4293 1357 4365 regi
1392 4292 1622 4365 quidem
1655 4289 1848 4345 dicere
1879 4288 2123 4359 propriis
2159 4287 2297 4342 sub-

707 4392 891 4464 jectis,
917 4404 1064 4444 unus
1092 4403 1160 4443 ex
1204 4386 1365 4442 vobis
1394 4398 1541 4450 sum,
1589 4390 1647 4437 et
1684 4380 1883 4436 similis
1914 4380 2096 4444 vobis,
2127 4386 2185 4433 et
2214 4379 2298 4435 fa-

714 4498 840 4538 cere
867 4482 923 4536 in
954 4480 1075 4535 acie
1100 4480 1376 4534 instructa
1408 4492 1532 4547 quae
1568 4480 1702 4530 sunt
1731 4471 1927 4528 militis
1967 4470 2037 4526 ad
2085 4485 2295 4541 procu-

2412 1998 2741 2070 γεννηθέντα
2770 1997 2877 2070 πρὸ
2919 1998 3138 2051 πάντων
3157 1996 3266 2050 τῶν
3308 1994 3539 2058 αἰώνων,
3564 1995 3657 2049 τὸν
3678 1995 3847 2048 αὑτὸν
3866 2012 3997 2049 κατ⁶

2410 2092 2635 2145 ελθόντα
2662 2092 2728 2143 ὲκ
2757 2089 2866 2143 τῶν
2895 2089 3145 2161 οὐρανῶν
3201 2090 3295 2143 καὶ
3352 2087 3707 2160 σαρκωθέντα
3758 2087 3997 2157 Χριστὸν

2407 2184 2718 2255 ὁμολογεῖτε
2735 2186 2799 2236 ὲκ
2816 2182 3132 2252 Πνεύματος
3145 2182 3302 2250 ἁγίου
3322 2183 3414 2234 καὶ
3432 2180 3651 2250 Μαρίας
3672 2179 3775 2247 τῆς
3794 2179 3999 2250 Παρθέ·

2407 2296 2521 2343 νου,
2535 2277 2630 2331 καὶ
2650 2275 3148 2346 ἐνανθρωπήσαντα
3172 2292 3188 2341 ;
3213 2274 3308 2326 καὶ
3326 2271 3394 2323 τὰ
3412 2272 3635 2333 ἄλλαδὲ,
3657 2272 3780 2335 πῶς
3805 2274 3996 2331 νοεῖτε,

2406 2369 2507 2423 ὅσα
2534 2368 2863 2440 προείρηται
2894 2369 3027 2436 ήμῖν
3055 2368 3120 2420 ὲκ
3139 2365 3250 2418 τῶν
3277 2364 3439 2436 ίερῶν
3470 2363 3683 2431 Λογίων
3713 2363 3846 2436 περὶ
3870 2363 4002 2432 Χρι-

2408 2461 2559 2527 στοῦ,
2594 2460 2669 2523 ὡς
2710 2458 2843 2513 Υίοῦ
2886 2458 3189 2530 Θεοῦ,πρδς
3232 2459 3299 2528 τῇ
3338 2456 3524 2528 χάριτι
3551 2455 3648 2508 καὶ
3683 2453 3848 2524 φύσει
3870 2454 3999 2507 ὅντα

2406 2555 2533 2607 Υἱὸν
2565 2554 2724 2617 Θεοῦ,
2755 2550 3109 2622 παριστῶντα
3138 2549 3335 2616 αύτόνς
3386 2550 3436 2603 εί
3500 2547 3609 2619 γὰρ
3643 2546 3722 2619 μὴ
3776 2547 4000 2614 δοκήσει

2403 2648 2437 2719 ή
2475 2645 2800 2716 φαντασίᾳῆ
2852 2642 2990 2714 πρὸς
3033 2642 3291 2695 ὑπόνοιαν
3334 2641 3371 2712 ἢ
3414 2657 3469 2694 τι
3515 2640 3626 2693 τῶν
3657 2638 3869 2692 λοιπῶν
3925 2630 4000 2691 ὧν

2403 2739 2571 2809 ἐφητε
2603 2737 2725 2791 οὐδὲ
2752 2734 2928 2790 ταῦτά
2956 2737 3105 2789 ιστιν
3128 2733 3397 2806 είρημένα
3425 2734 3484 2787 ὲν
3510 2736 3580 2805 τῇ
3607 2733 3731 2802 θείᾳ
3780 2733 4000 2802 Γραφῇ,

2401 2829 2525 2885 οὔτε
2586 2830 2694 2902 μὴν
2740 2828 3113 2901 ψευδωνύμως
3168 2828 3384 2900 εἴρηται
3432 2828 3567 2891 Θεός
3607 2844 3671 2881 τε
3714 2828 3814 2880 καὶ
3864 2824 3997 2888 Υἱδς

2401 2922 2561 2988 Θεοῦ,
2594 2923 2690 2976 καὶ
2716 2922 2965 2994 Κύριοςό
2989 2920 3153 2985 αὑτδς
3178 2919 3437 2992 Χριστὸς,
3469 2919 3587 2981 πῶς
3618 2918 3743 2988 οὐχὶ
3770 2919 3802 2971 δ
3829 2916 3998 2977 αὐτὸς

2402 3016 2552 3071 ἔσται
2583 3015 2772 3085 ἄμφω,
2799 3014 2960 3085 εἴπερ
2994 3013 3136 3067 κατὰ
3158 3012 3255 3067 τοῦ
3289 3009 3458 3066 αὑτοῦ
3486 3011 3729 3079 satiqu
3772 3008 4002 3077 λέγεται

2401 3109 2498 3163 καὶ
2525 3103 2606 3169 εἷς
2636 3108 2666 3161 ὃ
2704 3125 2763 3161 τε
2795 3106 2957 3175 φύσει
3013 3105 3142 3170 Υίδς
3189 3104 3286 3159 τοῦ
3331 3102 3466 3158 Θεοῦ
3526 3102 3621 3156 καὶ
3642 3103 3674 3155 δ
3698 3100 3885 3173 χάριτι
3916 3141 3940 3168 ,
3972 3102 4005 3152 ὀ

2402 3198 2621 3265 ἀπαθής
2638 3215 2700 3250 τε
2729 3198 2823 3250 καὶ
2855 3195 3118 3266 παθητὸς,
3146 3194 3383 3248 ἀνιστῶν
3401 3210 3462 3247 τε
3489 3193 3586 3246 καὶ
3607 3191 4004 3261 ἀνιστάμενος,

2400 3291 2496 3347 καί
2520 3290 2592 3344 τὰ
2619 3288 2805 3354 λοιπὰ,
2829 3288 3225 3360 δοξασθήσεται
3260 3303 3275 3353 ;

2468 3480 2546 3535 Οὐ
2602 3478 2714 3550 γὰρ
2747 3475 2964 3544 εὔλογοι
3005 3473 3175 3536 ὅντως
3223 3470 3407 3539 ὑμεῖς,
3437 3461 3485 3522 ὦ
3524 3462 3887 3535 εὑρεσιλόγοι,
3933 3459 4005 3515 δι’

2398 3571 2684 3626 εὑλάὄειαν
2741 3571 2839 3641 μὲν
2902 3568 3180 3637 δοκήσεως
3237 3563 3333 3617 καὶ
3366 3559 3688 3632 φαντασίας,
3733 3556 3805 3610 τὰ
3843 3555 4006 3624 πάθη

2398 3682 2457 3720 τε
2508 3665 2605 3717 καὶ
2647 3664 2719 3717 τὰ
2764 3660 2861 3716 τοῦ
2944 3655 3191 3727 παθητοῦ
3247 3655 3494 3726 ὀνόματα
3561 3650 3769 3722 κυρίως
3837 3646 4027 3713 ἐκδεο,

2398 3757 2639 3827 χόμενοι,
2675 3754 2769 3807 καὶ
2801 3753 2963 3822 φύσει
3009 3750 3105 3805 καὶ
3145 3744 3585 3819 πραγματιωδῶς
3604 3758 3619 3774 ·
3647 3742 3747 3810 τὴν
3766 3741 3822 3794 δὲ
3847 3740 4009 3794 ἁπά-

2399 3849 2550 3903 θειαν
2582 3847 2677 3899 καὶ
2705 3844 2866 3911 δόξαν
2902 3843 2998 3897 καὶ
3019 3842 3207 3912 τιμὴν,
3248 3840 3344 3892 καὶ
3374 3838 3435 3891 τὸ
3462 3837 3559 3903 τῆς
3604 3834 3862 3903 θεότητος
3909 3833 4009 3886 καὶ

2399 3938 2549 4001 θείας
2577 3936 2824 4006 υίότητος
2847 3934 3044 4005 ὄνομα,
3071 3934 3131 3987 ού
3165 3932 3330 4001 φύσει
3357 3929 3419 3982 τὸ
3451 3927 3708 3987 καθόλου.
3758 3925 3819 3978 ού
3856 3925 4011 3994 πρό.-

2398 4046 2606 4100 γμασιν
2650 4026 2774 4080 οὑδὲ
2805 4025 2974 4088 ὅντως
3004 4024 3099 4076 ἐπὶ
3130 4017 3394 4094 Χριστοῦ,
3430 4018 3567 4072 ἀλλὰ
3609 4014 4009 4086 ψευδωνυμίαν

2400 4121 2496 4174 καὶ
2531 4119 2755 4187 δόκησιν
2786 4115 2880 4170 καὶ
2921 4114 3220 4185 φαντασίαν
3270 4112 3370 4165 καὶ⁵
3413 4110 3667 4178 διακενῆς
3717 4123 4011 4178 προσηγο-

2404 4207 2545 4276 ρίαν’
2581 4204 2630 4258 εί
2663 4203 2773 4274 γὰρ
2802 4204 2895 4256 καὶ
2923 4202 3094 4265 ὅντως
3113 4201 3333 4269 λέγεται
3363 4200 3454 4253 ὑπ’
3485 4196 3652 4251 αὐτοῦ
3691 4199 3787 4249 καὶ
3822 4196 4011 4265 πράτ-
4058 4251 4071 4260 _

2400 4312 2551 4350 τεται
2579 4293 2651 4347 τὰ
2701 4291 3043 4362 ἀνθρώπινα,
3079 4290 3218 4343 ἀλλὰ
3254 4289 3511 4342 σκοπεῖτε
3550 4283 3895 4355 φιλαλήθως,
3922 4283 4009 4336 ὅτι

2402 4385 2613 4456 βασιλεί
2646 4384 2769 4455 μὲν
2803 4383 2984 4450 λέγειν
3026 4382 3142 4442 τοῖς
3194 4379 3345 4442 ἰδίοις
3384 4376 3651 4445 ὑπηκόοις
3692 4375 3778 4428 ὅτι
3810 4367 3913 4436 Εἷς
3943 4372 4003 4438 ἐξ

2401 4477 2556 4549 ὑμῶν
2581 4477 2721 4547 εἰμι,
2755 4474 2851 4528 καὶ
2897 4476 3080 4542 ὅμοιος
3122 4473 3273 4542 ύμῖν.
3309 4471 3404 4525 καὶ
3433 4469 3696 4540 πράττειν
3730 4468 3791 4519 ἐν
3820 4464 4011 4536 καιρῷ

713 4575 941 4630 randam
978 4570 1291 4628 communis
1332 4567 1615 4640 propriam
1651 4564 1983 4637 reipublicae
2036 4563 2295 4628 salutem,

2405 4568 2766 4642 παρατάξεως
2798 4566 2870 4621 τὰ
2910 4566 3005 4620 τοῦ
3043 4563 3402 4638 στρατιώτου,
3453 4559 3737 4632 προθυμίᾳ
3768 4559 3872 4626 τῆς
3912 4559 4010 4612 τοῦ

710 4683 822 4724 non
841 4667 1023 4723 solum
1049 4679 1162 4720 non
1196 4678 1321 4720 esse
1339 4658 1892 4733 reprehendendum,
1919 4657 2017 4711 sed
2039 4664 2098 4712 et
2125 4655 2297 4711 nimis

710 4762 1050 4832 gloriosum:
1090 4758 1327 4816 militem
1351 4770 1507 4819 vero,
1530 4752 1577 4810 si
1605 4751 1756 4823 regie
1795 4758 2070 4821 proponat
2102 4758 2159 4805 et
2189 4764 2294 4803 no-

711 4856 979 4920 minetur,
1014 4869 1128 4910 non
1163 4865 1389 4921 parvam
1433 4850 1723 4904 incurrere
1766 4844 2216 4899 accusationem:
2246 4843 2293 4896 si

712 4947 883 5020 igitur
910 4946 1011 5016 qui
1036 4954 1122 5001 est
1163 4944 1337 4999 Filius
1365 4940 1614 4996 hominis
1640 4945 1699 4994 et
1735 4937 1903 4991 homo
1933 4936 2135 4997 solum,
2167 4934 2292 4988 uni.

709 5040 935 5113 genitus
974 5038 1073 5094 Dei
1130 5037 1329 5102 Filius,
1376 5043 1434 5090 et
1479 5029 1885 5105 primogenitus
1914 5029 2098 5083 omnis
2135 5042 2294 5082 crea-

712 5144 850 5189 turae
878 5132 945 5197 ",
977 5142 1035 5187 et
1079 5146 1249 5202 super
1281 5142 1479 5184 omnes
1508 5126 1657 5181 Deus
1685 5125 1754 5191 “,
1786 5130 1844 5177 et
1890 5121 2128 5192 reliqua,
2182 5121 2294 5175 diei

711 5224 1026 5280 consentiat
1078 5229 1300 5278 etcum
1351 5203 1631 5290 potestate
1689 5222 1980 5285 praeponat
2034 5222 2292 5283 tanquam

710 5317 995 5380 dominus,
1055 5316 1114 5370 in
1171 5316 1344 5369 Deum
1404 5309 1730 5380 conspirare
1787 5304 2192 5360 convincitur:
2249 5305 2297 5360 si

710 5427 867 5477 vero,
890 5425 1020 5465 eum
1048 5408 1121 5464 sit
1147 5407 1246 5462 Dei
1269 5405 1443 5461 Filius
1481 5411 1540 5459 et
1573 5404 1741 5465 Deus,
1771 5406 1962 5454 utatur
1997 5396 2297 5467 aliquando

713 5504 975 5560 humanis
1011 5501 1245 5558 vocibus
1272 5509 1328 5554 et
1360 5499 1548 5563 rebus,
1593 5493 1828 5551 evidens
1857 5499 1944 5547 est
1982 5490 2131 5561 quod
2188 5506 2301 5560 pra:

712 5598 949 5656 naturali
986 5593 1389 5667 magnitudine,
1417 5587 1865 5645 humiliationem
1894 5598 1963 5639 ex
1992 5581 2295 5639 dilectione

714 5691 996 5749 ostendat.

781 5824 827 5853 "
851 5820 1112 5881 Joan.m,
1146 5818 1233 5871 5|.
1316 5815 1549 5871 “Joan.
1602 5829 1655 5879 χ,
1692 5810 1777 5866 18.
1857 5810 1903 5839 ’⁸
1943 5805 2099 5862 Joan.
2142 5824 2198 5873 ιι,
2258 5808 2338 5865 l9.

713 5889 759 5931 "
792 5892 998 5966 Ephes.
1029 5907 1099 5955 l\',
1134 5890 1183 5944 6.

2400 4662 2582 4717 κοινοῦ
2620 4662 2721 4731 τῆς
2764 4658 2899 4723 ίδίας
2955 4655 3229 4718 πολιτείας
3282 4653 3581 4724 σωτηρίας,
3640 4650 3703 4704 οὑ
3742 4654 3915 4718 μόνον
3944 4650 4009 4703 οὑ

2396 4753 2624 4825 ψεκτὸν,
2653 4750 2789 4806 ἀλλὰ
2826 4750 2918 4805 καὶ
2951 4749 3092 4818 ἄγαν
3126 4746 3337 4812 ἔνδοξον
3355 4762 3367 4773 ·
3390 4743 3734 4817 στρατιώτην
3763 4742 3822 4795 δὲ
3848 4742 4009 4806 ὂντα,

2400 4846 2698 4919 βασιλικῶς
2746 4842 3109 4915 προστάττειν
3155 4840 3188 4911 ἢ
3240 4836 3648 4910 ὀνομάζεσθαι,
3695 4835 3760 4888 ού
3819 4833 4013 4905 μικρῷ

2396 4940 2684 5014 περιδαλεί
2714 4938 3048 5010 ἐγκλήματιο
3082 4937 3244 5005 εἴπερ
3277 4929 3374 4988 οὖν
3405 4932 3536 4995 Υίδς
3564 4928 3641 4983 ὢν
3677 4925 4008 4998 ἀνθρώπου,

2415 5037 2510 5089 καὶ
2568 5033 2858 5104 ἄνθρωπος
2946 5029 3108 5100 μόνον
3139 5069 3154 5094 ,
3208 5029 3237 5081 ὁ
3306 5023 3604 5097 μονογενὴς
3673 5020 3770 5075 τοῦ
3864 5019 4008 5074 Θεοῦ

2397 5129 2550 5194 Υἱὸς,
2606 5127 2703 5180 καὶ
2753 5123 3103 5194 πρωτότοκος
3165 5118 3348 5189 πάσης
3400 5115 3656 5178 κτίσεως,
3706 5114 3806 5167 καὶ
3841 5113 3872 5165 ό
3911 5112 4006 5165 ἐπὶ

2397 5220 2618 5275 πάντων
2672 5217 2838 5282 Θεὸς,
2874 5213 2969 5268 καὶ
3008 5212 3076 5265 τὰ
3128 5210 3328 5273 λοιπὰ,
3357 5205 3657 5277 λεγόμενός
3700 5222 3763 5257 τε
3798 5203 4004 5258 ἀποδέ-

2398 5326 2576 5381 χεται,
2608 5308 2702 5361 καὶ
2737 5304 2959 5375 ἐξουσίᾳ
2998 5302 3339 5376 προστάσσει
3391 5300 3469 5363 ὡς
3516 5298 3746 5369 Κύριος,
3802 5298 4006 5369 ἀνταρ-

2402 5401 2527 5464 σίας
2556 5400 2703 5453 ἑάλω
2724 5398 2861 5470 πρὸς
2886 5396 3038 5450 Θεόν·
3083 5398 3133 5450 εί
3178 5394 3237 5448 δὲ
3268 5392 3365 5448 καὶ
3407 5390 3545 5445 Θεοῦ
3579 5390 3709 5453 Υἱὸς
3743 5389 3845 5443 καὶ
3868 5388 4005 5454 Θεὸς

2406 5492 2574 5555 ὅντως
2601 5490 2697 5553 ῶν,
2735 5488 2934 5560 χρῆταί
2967 5503 3098 5541 ποτε
3131 5488 3247 5549 τοῖς
3281 5484 3642 5556 ἀνθρωπείοις
3667 5482 3886 5551 ῥήμασι
3911 5481 4005 5535 καὶ

2407 5585 2721 5656 πράγμασι,
2755 5582 2915 5651 δῆλον
2948 5581 3022 5644 ῶς
3062 5579 3199 5649 πρὸς
3244 5580 3314 5648 τῇ
3352 5578 3553 5645 φυσικῇ
3586 5573 4003 5645 μεγαλειότητι,

2406 5679 2501 5732 καὶ
2530 5673 2937 5744 συγκατάὅασιν
2972 5672 3032 5740 ἐξ
3059 5670 3397 5741 ἅγαθότητος
3426 5667 3823 5721 ἐπιδείκνυται.

2420 5809 2464 5839 ³³
2500 5806 2658 5861 ltum.
2709 5820 2762 5869 κ,
2801 5802 2855 5857 6.
2934 5801 2979 5833 ³⁸
3016 5799 3197 5856 lCor.
3259 5814 3319 5865 ιι,
3354 5798 3408 5853 8.
3484 5794 3533 5827 "
3556 5793 3774 5849 Colcss.
3811 5809 3855 5860 ι,
3914 5793 3998 5848 15.
