4194 6446
209 387 333 453 1021

1138 392 1533 454 ADVERSUS
1569 385 2119 451 NESTORIANOS.
2158 410 2227 420 ·-
2265 386 2411 444 LIB.
2456 384 2569 443 ῐῐί.

3336 380 3472 443 1622

275 500 339 553 Ei
362 498 418 551 δὲ
451 498 526 569 μὴ
561 498 704 552 κατὰ
740 498 836 552 τοῦ
870 497 1036 553 αὑτοῦ
1066 500 1194 554 Υἱοῦ
1236 503 1269 570 ἢ
1305 504 1622 571 προσώπου,
1653 501 1788 555 ἀλλὰ

1962 494 2021 553 Si
2052 504 2237 550 autem
2273 509 2384 548 non
2418 495 2479 547 2h:
2529 492 2724 547 eodem
2762 493 2904 547 Filio
2945 501 3042 547 aut
3100 492 3295 547 eadem
3349 511 3473 562 pu-

207 589 324 644 καθ⁹
345 589 534 659 ἑτέρου
556 591 650 642 καὶ
673 591 859 661 ἑτέρου
881 590 1001 645 υἱοῦ
1020 592 1090 645 τὰ
1112 593 1348 665 διάφορα
1375 598 1566 658 νοεῖτε,
1592 594 1708 657 πῶς
1726 595 1785 645 οὑ

205 681 295 735 δύο
326 684 477 743 υἱοὺς
508 684 695 753 σαφῶς
737 682 1026 751 hiate-cs;
1077 684 1192 749 πῶς
1225 686 1281 739 δὲ
1320 688 1380 740 οὐ
1419 686 1648 757 θάτερον
1689 687 1788 756 μὲν

206 775 336 826 Θεὸν
369 774 521 827 οὐδὲν
567 777 644 836 εἰς
675 773 996 844 ἀνθρώπους
1043 777 1164 828 κατ’
1219 776 1411 829 οὐσίαν
1459 776 1787 837 κενωοένιτα,

206 863 342 915 ἀλλὰ
377 864 537 933 μόνον
575 864 715 918 κατὰ
766 864 866 934 τὴν
903 864 961 932 ἐξ
994 866 1206 918 αἰώνων
1233 866 1601 937 προνοητικὴν
1623 862 1787 918 αὐτοῦ

204 955 510 1024 ἐνέργειαν,
556 955 625 1008 δι’
652 956 843 1025 ἑτέρου
873 957 973 1027 τὴν
1008 958 1284 1028 ἡμετέραν
1324 957 1599 1028 σωτηρίαν
1648 958 1793 1009 οἰκο-

204 1045 476 1115 νομοῦντὰ
535 1063 709 1114 φατες
770 1046 845 1109 ὡς
894 1046 1033 1116 μηδὲ
1103 1047 1390 1118 ἀληθεύειν
1434 1047 1620 1099 λοιπὸν
1670 1046 1790 1100 καθ’

204 1136 347 1203 ὑμᾶς
372 1135 451 1199 τὸ,
488 1137 562 1187 Οὔ
604 1135 841 1205 πρέσϐυς
883 1137 989 1188 οἱό
1012 1136 1265 1205 ἅγγελος,
1294 1137 1409 1189 ἀλλ’
1438 1136 1598 1199 αὐτὸς
1622 1139 1650 1190 ὁ
1681 1135 1793 1189 Κῦ-

205 1243 318 1295 ριος
397 1226 601 1279 ἔσωσεν
649 1228 818 1296 ἡμᾶς,
850 1228 941 1279 τον
990 1229 1045 1280 δὲ
1100 1229 1290 1295 ἕτερον
1335 1228 1469 1291 υἱὶν,
1506 1226 1793 1298 ἄν’)ρωτ.ον

201 1318 383 1385 ιξιλδν,
432 1317 551 1370 κατ’
586 1318 741 1370 οὐδὲν
785 1318 905 1387 Θεῷ
951 1320 1313 1373 κοινωνοῦντα
1343 1319 1376 1389 ἦ
1403 1320 1701 1388 ἡνωμένον,
1730 1319 1793 1368 οὐ

204 1407 390 1474 φύσει,
424 1409 523 1478 οὐχ
550 1410 851 1462 ὑποστάσει
873 1410 1125 1474 δοξάζετε
1154 1427 1170 1477 ;
1202 1413 1250 1463 εἰ
1286 1410 1382 1481 μὴ,
1412 1410 1486 1472 ὦς
1516 1427 1673 1479 φατε,
1700 1411 1796 1477 μό-

201 1516 277 1566 νῳ
318 1498 397 1567 τῷ
420 1501 642 1568 ὀνόματι
679 1501 819 1554 κατᾶ
864 1503 956 1554 τὸν
1003 1502 1111 1554 τῶν
1153 1500 1462 1571 ὁμωνύμων
1487 1502 1666 1568 λόγον’
1708 1500 1793 1568 ἐφ’

200 1583 277 1640 ὢν
307 1589 373 1641 τὸ
405 1591 502 1660 μὲν
546 1592 718 1661 ὄνομα
772 1593 972 1657 κοινὸν,
1002 1594 1032 1645 ὁ
1061 1594 1117 1645 δὲ
1162 1593 1305 1647 κατὰ
1350 1592 1588 1662 τοῦνομα
1639 1592 1796 1660 λόγος

199 1682 304 1748 τῆς
343 1681 555 1745 οὐσίας,
606 1682 794 1753 ἕτερός
826 1686 974 1737 ἐστιν
1027 1684 1136 1737 ἀεί·
1185 1678 1297 1736 οἷον
1325 1684 1353 1736 ὅ
1381 1700 1439 1736 τε
1482 1683 1540 1735 ὲν
1567 1682 1797 1753 ἀληθεία

199 1771 513 1841 ἄνθρωπος,
545 1775 637 1825 καὶ
669 1776 697 1827 ὁ
714 1767 779 1827 ἓν
807 1774 998 1845 Γραφῇ
1019 1775 1186 1845 ἄμφω
1202 1774 1492 1844 λεγόμενος
1524 1774 1793 1835 ὡσαύτως

1891 608 2044 656 sona,
2073 590 2170 645 sed
2210 590 2279 644 de
2317 604 2429 643 uno
2452 599 2508 643 et
2541 588 2719 642 altero
2746 587 2859 641 lilio
2882 587 3104 642 diversa
3150 587 3469 657 concipitis,

1891 682 2169 751 quomodo
2197 695 2306 734 nou
2329 679 2471 734 duos
2486 692 2608 733 esse
2641 677 2786 731 ﬁlios
2811 677 3101 733 manifeste
3122 677 3473 749 Opinamini?

1892 770 2171 841 quomodo
2202 785 2334 822 vero
2365 769 2601 823 alterum
2622 767 2850 836 quidem
2873 767 3045 822 Deum
3070 768 3300 822 minime
3325 769 3472 821 inter

1894 862 2149 917 homines
2184 860 2488 914 secundum
2540 860 2911 914 substantiam
2966 867 3319 921 evacuatum,
3376 857 3473 913 sed

1894 952 2073 1005 solum
2094 951 2250 1020 juxta
2301 949 2680 1017 operationem
2724 949 2899 1017 ipsius
2933 963 3000 1002 ex
3043 946 3264 1001 saeculis
3292 946 3477 1016 provi-

1894 1044 2145 1107 dentem,
2176 1056 2281 1110 ope
2333 1039 2570 1094 alterius
2615 1040 2683 1094 de
2725 1049 2913 1094 nostra
2948 1039 3128 1094 salute
3174 1037 3478 1107 disponen-

1895 1143 2009 1187 tem
2076 1146 2188 1185 non
2225 1128 2451 1183 dicitis?
2484 1127 2568 1182 sic
2607 1126 2755 1196 apud
2785 1141 2885 1181 vos
2945 1144 3055 1182 non
3114 1141 3243 1182 esse
3274 1139 3473 1180 verum

1898 1224 2068 1287 istud,
2103 1239 2206 1277 nec
2234 1220 2503 1284 nuntius,
2550 1233 2733 1287 neque
2778 1220 3034 1288 angelus.
3071 1219 3166 1272 sed
3196 1220 3315 1288 ipse
3366 1218 3478 1271 Do-

1898 1318 2085 1371 minus
2132 1314 2367 1369 salvavit
2409 1328 2534 1374 nos,
2591 1312 2832 1385 alterum
2868 1325 3004 1364 vero
3036 1309 3233 1374 ﬁlium,
3289 1308 3477 1363 homi—

1897 1424 2025 1464 nem
2061 1409 2298 1471 nudum,
2354 1406 2585 1461 minime
2614 1405 2726 1458 Deo
2760 1404 3197 1473 partieipantem
3221 1412 3319 1457 aut
3350 1403 3480 1456 uni-

1898 1511 2039 1563 tum,
2084 1516 2188 1554 nec
2226 1509 2425 1552 natura
2472 1514 2576 1554 nec
2629 1499 2913 1569 hypostasi
2968 1495 3326 1567 Opinamini?
3360 1495 3480 1549 Nisi

1897 1592 2098 1646 dicatis
2130 1592 2204 1645 ita
2235 1606 2362 1645 esse
2388 1591 2508 1644 solo
2538 1592 2786 1653 nomine,
2836 1589 3153 1645 secundum
3198 1587 3349 1659 quod
3380 1588 3481 1640 ha-

1899 1684 2064 1738 betur
2104 1698 2207 1753 pro
2232 1683 2420 1737 verbis
2452 1683 2839 1754 homonymis:
2865 1680 3057 1751 .quoad
3109 1681 3213 1734 ista
3239 1692 3480 1748 quorum

1901 1790 2101 1830 nomen
2130 1790 2426 1830 commune
2484 1784 2590 1838 est,
2622 1776 2868 1828 Verbum
2924 1771 3235 1827 secundum
3272 1784 3479 1823 nomen

198 1863 346 1914 τισὶν
375 1863 836 1934 ἀπαρατηρήτως
883 1865 1188 1936 ἄνθρωπος.
1220 1865 1379 1918 Οῦτω
1414 1867 1513 1934 μὲν
1562 1863 1656 1917 οῦν
1702 1864 1797 1917 καὶ

1901 1867 2248 1930 substantim,
2272 1867 2506 1920 alterum
2537 1875 2624 1922 est
2651 1881 2910 1935 semper;
2940 1863 3082 1919 utin
3108 1862 3350 1918 veritate
3376 1861 3480 1914 lm—

204 1954 339 2007 τάδε
392 1956 523 2024 παρ’
553 1957 711 2024 ἡμῶν
741 1956 1121 2009 ἀποδέδεικται
1143 1972 1156 1987 ’
1192 1958 1279 2009 ἵνα
1321 1957 1376 2011 δὲ
1414 1958 1548 2028 πρὸς
1579 1958 1799 2024 ἔλεγχον

198 2045 302 2112 τῆς
352 2043 548 2114 λοιπῆς
590 2046 770 2099 αὐτῶν
816 2048 1071 2110 ἀσεϐείας
1128 2049 1326 2112 αὐτοὺς
1375 2047 1797 2118 κατασύρωμεν,

199 2134 363 2186 αὐτοὶ
397 2134 706 2202 λεγέτωσαν
741 2139 893 2208 ἡμῖν’
928 2138 1019 2191 τὸν
1050 2140 1169 2193 κατ’
1196 2141 1392 2202 αὐτοὺς
1420 2139 1654 2209 θάτερον
1689 2137 1799 2190 τῶν

200 2227 340 2279 υἱῶν
378 2227 637 2297 Χριστὸν,
665 2229 756 2281 τὸν
785 2229 1079 2283 ἀσύνθετον
1130 2231 1207 2299 τῷ
1265 2231 1448 2301 Λόγῳ,
1506 2231 1800 2299 τίνιφασίν

197 2315 529 2385 όμοούσιον;
561 2321 609 2371 εἰ
636 2319 743 2389 γὰρ
766 2319 965 2384 οὐδενὶ,
993 2322 1114 2375 οὐδὲ
1154 2322 1285 2376 Υἱὸν
1330 2323 1489 2385 ὅλως,
1518 2320 1662 2385 τίνος
1693 2321 1800 2392 ἄρα

204 2410 496 2476 εἷποισαν;
541 2411 665 2463 ἐπεὶ
696 2414 808 2475 τοῖς
850 2413 1102 2466 τεκοῦσιν
1140 2411 1208 2485 ἦν
1252 2413 1613 2484 ἀνομοούσιος
1681 2413 1801 2467 οὐδὲ

199 2500 543 2570 γεννηθέντα
582 2499 699 2566 οῦν,
745 2502 864 2556 οὐδὲ
896 2502 1037 2566 ζῶον
1062 2504 1215 2558 ἔσται
1259 2506 1403 2558 νοεῖν
1432 2504 1617 2568 αὑτὸν,
1657 2503 1801 2558 καθᾶ

198 2594 305 2648 καὶ
350 2593 506 2647 αὐτοὶ
544 2601 601 2649 ἐν
630 2598 742 2657 τοϊς
794 2595 989 2665 πρώην
1018 2595 1342 2650 δεδώκασιν·
1384 2597 1436 2650 εἰ
1479 2596 1536 2650 δὲ
1568 2595 1647 2668 τῷ
1683 2594 1803 2667 Θεῷ

202 2688 398 2755 μόνον,
425 2686 535 2756 ἄρα
566 2702 629 2753 γε
671 2688 766 2740 καὶ
794 2686 890 2741 δύο
931 2689 1062 2742 θεῖοι
1104 2689 1210 2740 υἱοί
1240 2690 1368 2751 εἰσι,
1405 2688 1502 2743 καὶ
1537 2687 1737 2760 τετρὰς
1766 2690 1801 2758 ἡ

196 2777 339 2843 ἁγία
368 2777 561 2848 Τριάς’
586 2777 680 2830 καὶ
708 2775 867 2831 τοῦτο
904 2779 962 2831 δὲ
988 2779 1260 2847 λέγοντες,
1285 2777 1319 2850 ἢ
1348 2779 1410 2832 οὐ
1440 2778 1532 2831 τὸν
1562 2781 1628 2832 ἐκ
1652 2779 1805 2846 Παρ-

199 2868 363 2922 θένου
401 2868 567 2937 φασὶν
605 2867 746 2924 εἶναι
799 2871 971 2934 τόνδε,
1011 2870 1043 2941 ἢ
1083 2872 1180 2926 καὶ
1209 2872 1308 2942 τὴν
1343 2872 1643 2940 Παρθένον,
1672 2871 1805 2924 Θεὸν

201 2963 359 3014 ἴσασι
397 2962 581 3029 φύσει-η
619 2962 782 3033 εἴπερ
812 2965 1097 3029 ὁμοοιισιος
1140 2965 1238 3017 καὶ
1268 2963 1404 3033 αὐτῇ
1445 2966 1474 3017 ὁ
1509 2964 1805 3034 ὁμοοῦσιος

198 3052 351 3123 Θεῷ·
379 3053 462 3106 διὸ
490 3053 557 3123 δὴ
579 3054 675 3107 καὶ
696 3055 843 3126 ἡμᾶς
877 3056 1087 3118 πάντας
1122 3057 1250 3116 τοὺς
1281 3056 1613 3129 ὀμοουσίους
1636 3056 1801 3126 αὐτῇ,

202 3144 369 3205 Osci»;
412 3144 479 3198 ἂν
527 3144 735 3198 εἴποιεν
791 3146 1036 3208 εἰκότως
1109 3146 1205 3199 καὶ
1262 3146 1625 3216 ἀπειροθεῖαν
1689 3148 1804 3197 εἱσ-

1901 1978 1992 2017 mo
2012 2004 2025 2025 ,
2056 1971 2112 2017 et
2137 1962 2193 2015 in
2222 1960 2513 2030 Scriptura
2543 1960 2707 2015 ambo
2739 1961 2925 2015 dictus
2955 1957 3289 2030 quibusdam
3316 1956 3485 2010 homo

1900 2054 2036 2124 quin
2058 2054 2240 2107 animo
2275 2053 2342 2106 ad
2383 2052 2490 2105 hoc
2516 2051 2839 2106 attendatur
2884 2068 2896 2104 :
2928 2053 3003 2104 ita
3031 2050 3261 2119 quidem
3314 2047 3488 2118 igitur

1900 2154 1956 2200 et
1990 2146 2106 2198 lucc
2141 2162 2170 2197 a
2222 2143 2385 2197 nobis
2433 2143 2817 2197 demonstrata
2853 2148 3022 2195 sunt:
3084 2149 3145 2194 ut
3192 2147 3380 2193 autem
3415 2137 3485 2192 ad

1901 2237 2287 2307 probationem
2342 2235 2573 2304 reliquae
2631 2249 2826 2288 eorum
2890 2232 3197 2302 impietatis
3224 2230 3375 2300 ipsos
3403 2239 3487 2283 at-

1904 2328 2211 2391 trahamus,
2241 2326 2343 2396 ipsi
2374 2326 2562 2381 dicant
2594 2326 2792 2381 nobis:
2824 2325 3005 2381 Unum
3035 2325 3190 2393 juxta
3240 2322 3393 2392 ipsos
3418 2336 3489 2375 ex

1906 2418 2038 2471 liliis
2068 2417 2355 2472 Christum
2391 2416 2889 2485 noncumpositum
2916 2414 3123 2478 Verbo,
3166 2412 3259 2469 cui
3291 2412 3490 2467 dicunt

1904 2508 2482 2563 consubstantialem?
2506 2506 2563 2561 Si
2586 2508 2733 2561 enim
2756 2506 2916 2568 nulli,
2935 2520 3042 2559 nec
3059 2505 3234 2559 ﬁlium
3257 2503 3489 2558 omnino

1909 2599 2151 2668 alicujus
2183 2596 2438 2667 profecto
2472 2597 2690 2652 dicanti
2743 2597 2962 2651 Etenim
2993 2610 3104 2651 non
3162 2595 3244 2650 illi
3294 2593 3489 2649 eadem

1904 2708 1970 2748 ac
1993 2692 2324 2763 parentibus
2344 2700 2493 2746 esset
2518 2690 2829 2745 substantia
2853 2707 2866 2743 :
2898 2704 3083 2760 neque
3108 2688 3282 2760 igitur
3331 2687 3489 2759 geni-

1908 2796 2047 2852 tum,
2108 2800 2291 2855 neque
2337 2784 2528 2838 vivum
2580 2783 2808 2837 dabitur
2846 2781 3004 2837 illum
3059 2781 3381 2852 concipere,
3432 2788 3497 2835 ut

1905 2879 2012 2950 ipsi
2051 2892 2228 2947 nuper
2287 2883 2732 2931 concesserunt:
2782 2874 2829 2929 si
2859 2884 3049 2929 autem
3114 2873 3231 2928 Deo
3287 2872 3479 2927 solum.

1904 2969 2157 3040 profecto
2190 2967 2417 3037 quidem
2441 2975 2499 3020 et
2529 2966 2641 3020 duo
2668 2965 2845 3019 divini
2868 2965 2967 3020 lilii
2999 2973 3152 3028 sunt,
3178 2972 3234 3020 et
3259 2971 3495 3034 quater-

1906 3061 2054 3114 nitas
2073 3067 2385 3125 autsancta
2409 3058 2701 3112 Trinitas:
2744 3065 2801 3112 et
2843 3057 2981 3111 illud
3017 3064 3338 3112 asserentes
3395 3063 3497 3110 aut

1890 3144 2108 3205 ’nouex
2159 3150 2381 3219 Virgine
2420 3149 2577 3203 illum
2634 3162 2757 3203 esse
2791 3148 3009 3213 dicunt,
3060 3156 3158 3202 aut
3210 3146 3494 3216 Virginem

201 3236 407 3304 ἁγουσι
442 3238 889 3307 προφανέστατα·
928 3238 977 3290 εἰ
1015 3237 1072 3290 οὲ
1132 3239 1264 3307 ἡμῖν
1296 3238 1458 3308 μόνον
1511 3237 1797 3307 όμοοῦσιόν

1907 3243 2082 3297 Deum
2118 3214 2320 3296 natura
2362 3247 2682 3294 noverunt:
2735 3240 2944 3310 quippe
3004 3239 3079 3294 sit
3116 3214 3497 3294 consubstan-

200 3346 345 3399 φασι
375 3330 466 3384 τὸν
505 3331 767 3402 Χριστὸν,
806 3331 934 3383 Υἱδν
970 3328 1105 3383 Θεοῦ
1135 3332 1448 3398 λεγόμενον,
1478 3332 1530 3383 τί
1553 3331 1802 3400 διαφέροι

203 3423 277 3475 ἂν
315 3416 471 3482 οὗτος
500 3422 610 3475 τῶν
647 3421 853 3476 λοιπῶν
888 3421 1019 3474 υἱῶν
1048 3422 1144 3476 τοῦ
1181 3421 1316 3475 Θεοῦ
1343 3422 1671 3493 εἰρημένων,
1716 3420 1802 3474 λε-

198 3515 474 3582 γέτωσαν·
498 3515 626 3580 περὶ
645 3507 721 3567 ὧν
756 3513 973 3585 εἴρηται
1004 3513 1109 3566 ὑπὸ
1136 3512 1231 3566 τοῦ
1260 3512 1418 3567 Θεοῦ·
1445 3530 1465 3562 ε
1495 3513 1606 3567 Καὶ
1645 3512 1799 3566 ἔσον-

194 3603 297 3658 ται
330 3621 420 3675 μοι
445 3605 526 3667 εἰς
555 3606 704 3669 υἱοὺς
735 3606 832 3658 καὶ
862 3604 1167 3675 θυγατέρας
1188 3620 1202 3632 ⁶
1235 3603 1406 3666 "tam
1443 3604 1585 3672 Ἐγὼ
1612 3599 1766 3657 εἷπον
1785 3621 1798 3636 ⁸

196 3695 331 3749 Θεοί
353 3698 472 3747 ἐστε
525 3698 621 3748 καὶ
650 3698 755 3749 υἱοὶ
792 3696 1047 3763 Ὑψίστου
1075 3698 1297 3761 πάντες,
1332 3714 1352 3748 ι
1382 3698 1475 3749 καὶ
1498 3697 1567 3748 τὰ
1588 3696 1789 3751 τοιάδε.

1911 3333 2057 3388 tialis
2098 3341 2157 3388 et
2199 3331 2308 3402 ipsi
2361 3330 2859 3386 consubstantialis
2900 3330 3036 3388 Deo.
3094 3329 3222 3385 Ideo
3278 3338 3337 3383 et
3393 3341 3496 3383 nos

1908 3438 2105 3479 omnes
2155 3422 2663 3479 consubstantiales
2714 3421 2949 3492 Virgini,
3003 3421 3139 3477 deos
3185 3420 3387 3475 merito
3416 3417 3505 3473 d2-

1909 3524 2154 3572 cerentz-
2191 3523 2248 3570 et
2299 3514 2770 3585 inexperientiam
2827 3515 3100 3570 exhibent
3152 3511 3498 3568 manifestis—

1911 3609 2083 3663 sime:
2115 3608 2160 3662 si
2196 3623 2333 3663 vero
2368 3608 2535 3663 nobis
2591 3608 2771 3663 solum
2819 3606 3354 3663 consubstantialem
3410 3602 3491 3658 di-

1903 3708 2040 3755 cunt
2066 3700 2376 3757 Christum.
2414 3700 2596 3755 Flium
2629 3699 2726 3754 Dei
2751 3698 2988 3763 dictum,
3031 3699 3090 3753 in
3133 3696 3245 3768 quo
3277 3695 3502 3750 diﬁ‘erat

198 3788 313 3843 iste
347 3803 377 3841 a
430 3788 645 3842 caeteris
676 3789 802 3843 liliis
830 3788 917 3842 dei
958 3789 1307 3858 nuncupatis,
1366 3787 1576 3852 dicant,
1608 3786 1677 3842 de
1708 3788 1912 3857 quibus
1950 3795 2226 3862 prolatum
2259 3802 2345 3848 est
2371 3808 2402 3849 a
2432 3793 2584 3848 Deo:
2628 3810 2646 3844 ι
2685 3793 2751 3847 Et
2778 3800 2944 3848 erunt
2988 3791 3125 3846 mihi
3176 3792 3232 3845 in
3283 3789 3500 3845 ﬁlioset

198 3878 423 3933 ﬁlias?»
456 3878 524 3932 Et
571 3899 590 3930 ι
630 3878 744 3949 Ego
771 3878 884 3932 dixi
916 3895 929 3931 :
955 3877 1041 3931 Dii
1068 3880 1205 3933 estis
1225 3886 1282 3932 et
1314 3876 1415 3932 lilii
1440 3878 1644 3933 excelsi
1672 3892 1867 3935 omnes
1896 3882 1964 3948 ’⁸,
1990 3901 2010 3934 ι
2041 3890 2100 3938 et
2129 3883 2354 3939 similia.

810 3993 1063 4047 ΚΕΦΑΛ.
1107 3995 1186 4046 Ζ’.

277 4084 409 4137 Υἱδν
466 4083 588 4153 μὲν,
621 4083 777 4153 φησὶ,
806 4083 900 4136 τοῦ
933 4083 1094 4145 Θεοῦ,
1131 4083 1289 4151 φύσει
1322 4084 1414 4136 τὸν
1456 4084 1591 4137 Θεὸν
1622 4086 1794 4153 Λόγον

201 4176 391 4247 μόνον,
421 4174 514 4227 τὸν
537 4175 825 4243 ὀμοούσιον
855 4173 934 4244 τῷ
967 4174 1143 4245 Πατρί
1177 4191 1360 4244 φαμεν
1390 4192 1404 4207 ο
1441 4176 1533 4228 τὸν
1556 4176 1613 4229 δὲ
1660 4177 1796 4247 Χρι-

199 4268 353 4327 στὸν,
387 4265 518 4319 Υἱδν
547 4266 647 4335 μὲν
688 4263 831 4318 Θεοῦ
876 4266 1389 4335 προσαγορεύεσθαι
1417 4269 1599 4335 χάριτι
1638 4267 1789 4335 λέγο-

200 4376 334 4429 μεν,
369 4358 558 4427 ὅμοιον
605 4355 663 4408 δὲ
698 4351 841 4410 εἶναι
890 4358 955 4427 τῇ
996 4356 1159 4425 φύσει
1192 4373 1207 4389 ο
1236 4357 1296 4410 οὐ
1323 4357 1412 4411 διὰ
1443 4358 1561 4411 τόδε
1600 4359 1658 4411 δὲ
1697 4360 1792 4413 καὶ

195 4451 472 4520 ὁμότιμον
493 4447 660 4501 αὐτὸν
675 4450 807 4517 ἡμῖν
822 4447 924 4518 ἤδη
945 4449 1357 4518 παριστάνομεν
1382 4450 1528 4502 Υἱόν·
1556 4452 1680 4503 ἐπεὶ
1700 4452 1794 4505 καὶ

2542 3994 2697 4051 CAP.
2738 3995 2853 4049 VII.

1976 4087 2177 4142 Filium
2199 4087 2447 4157 quidem,
2471 4087 2671 4156 inquit,
2697 4086 2815 4149 Dei,
2836 4077 3036 4139 natura
3055 4084 3227 4137 Deum
3249 4080 3496 4137 Verbum

1894 4180 2099 4243 solum,
2137 4178 2672 4235 consubstantialem
2703 4177 2852 4232 Patri
2883 4177 3163 4231 dicimus:
3206 4174 3497 4230 Christum

1894 4285 2031 4325 vero
2059 4270 2261 4325 Filium
2295 4269 2395 4323 Dei
2425 4268 2701 4339 appellari
2736 4267 2910 4339 gratia
2946 4275 3224 4330 tenemus,
3257 4265 3497 4320 similem

1895 4376 2032 4416 vero
2076 4376 2200 4416 esse
2245 4369 2489 4416 natura:
2526 4375 2636 4415 non
2693 4367 2882 4413 autem
2932 4357 3060 4412 ideo
3104 4361 3286 4426 ipsum
3334 4356 3502 4410 nobis

1895 4455 2111 4509 honore
2164 4469 2354 4523 parem
2401 4453 2601 4507 Filium
2646 4452 2758 4523 jam
2804 4449 3174 4520 proponimus
3217 4465 3231 4503 :
3267 4463 3395 4504 nam
3444 4456 3501 4504 et

197 4544 374 4613 ἡμεῖς
420 4539 670 4609 χάρισμα
695 4538 968 4602 υἱοθεσίας
1008 4539 1275 4608 ἐλάϐομεν
1318 4541 1470 4609 παρὰ
1504 4540 1676 4606 Θεοῦ,
1710 4541 1797 4594 καῖ

1908 4545 2014 4617 ipsi
2041 4545 2250 4600 donum
2276 4543 2652 4600 deiﬁcationis
2671 4544 2989 4614 accepimus
3021 4557 3051 4596 a
3081 4542 3218 4606 Deo,
3243 4548 3301 4596 et
3326 4540 3502 4612 gratia

196 4633 396 4704 χάριτί
436 4633 606 4700 ἐσμεν
638 4631 806 4684 τέκνα
833 4629 992 4694 Θεοῦ,
1023 4631 1117 4684 καὶ
1148 4631 1475 4701 κληρονόμοι
1504 4631 1664 4693 Θεοῦ,
1702 4634 1799 4686 καὶ

199 4723 649 4793 στρ-[κληρονόμοι
682 4721 849 4777 αὑτοῦ
892 4723 1129 4793 Χριστοῦ
1155 4739 1171 4754 ο
1204 4724 1299 4778 καὶ
1327 4724 1436 4777 τῶν
1461 4725 1663 4793 ὁμοίως
1694 4725 1803 4796 γὰρ

196 4818 523 4885 λεγομένων
571 4814 838 4877 πολλάκις
859 4855 875 4880 ,
906 4815 1115 4882 ἄφατος
1145 4816 1464 4884 εὑρίσκεται
1514 4816 1757 4885 διαφορά
1784 4833 1798 4849 ’

205 4908 431 4978 κυρίως
461 4905 565 4977 γὰρ
596 4907 691 4960 καὶ⁸
718 4907 1000 4977 κτίσματα
1032 4907 1061 4962 ὅ
1085 4924 1147 4960 τε
1174 4906 1374 4975 κώνωψ
1394 4909 1488 4961 καὶ
1509 4909 1537 4961 ὁ
1568 4909 1801 4976 ἄγγελος

197 5002 381 5067 ἄμφω
408 4998 612 5068 ὁμοίως
645 4998 898 5067 λέγεται·
931 5000 1028 5052 καὶ
1059 5000 1122 5052 οὐ
1147 5001 1299 5072 παρά
1321 5000 1438 5053 τόδε
1465 5000 1631 5070 ὅμοιά
1657 5002 1797 5054 ἐστι’

197 5093 349 5145 πολὺ
379 5092 490 5161 γὰρ
538 5091 602 5144 τὸ
630 5092 890 5163 διάφορον
942 5092 1155 5146 αὐτῶν·
1194 5091 1370 5155 οὕτως
1421 5089 1517 5147 οὖν
1562 5092 1658 5147 καὶ
1702 5094 1822 5147 ἐπι

196 5183 322 5237 τῶν
348 5182 497 5236 θέσει
522 5183 794 5254 διαφόρων
821 5184 959 5238 υἱῶν
982 5183 1121 5238 Θεοῦ
1166 5185 1260 5238 καὶ
1287 5185 1473 5255 χάριτι
1528 5184 1752 5257 νοητέον
1777 5202 1790 5216 ·

200 5273 467 5335 πλείονος
523 5273 633 5343 γὰρ
664 5273 832 5344 τιμῆς
866 5274 1097 5343 ὴξίωται
1140 5277 1169 5328 ὁ
1199 5276 1434 5347 Χριστὸς
1496 5278 1590 5329 καὶ
1646 5277 1797 5346 παρὰ

199 5365 427 5433 Μωῦσῆ
457 5364 550 5417 τὸν
600 5365 775 5435 μέγαν
806 5367 864 5418 ἐν
922 5368 1255 5437 προφήταις,
1301 5368 1533 5421 καθόσον
1574 5368 1796 5422 πλείονα

198 5455 381 5523 τ;μὴν
409 5453 525 5523 ἔχει
556 5456 653 5508 τοῦ
692 5457 842 5510 οἴκου
874 5459 901 5510 ὁ
926 5460 1350 5522 κατασκευάσας
1381 5459 1563 5512 αὐτόν.

286 5546 352 5599 Εἰ
380 5543 477 5599 οῦν
513 5547 591 5617 μὴ
637 5550 731 5601 καὶ
772 5547 946 5602 ταῦτα
996 5551 1402 5620 προσποιεῖσθε,
1463 5550 1576 5604 ἀλλ’
1628 5550 1797 5614 ὅντως

209 5639 322 5693 κᾶν
372 5641 542 5711 τιμῆς
593 5641 686 5696 καὶ
744 5643 904 5709 ἀξίας
935 5643 1050 5697 ἴστε
1094 5646 1389 5716 πρόκρισιν
1432 5645 1525 5699 ἐπὶ
1557 5644 1796 5717 Χριστοῦ

290 5796 337 5826 ”
369 5795 511 5850 l‘sal.
556 5812 733 5861 ικκχι,
764 5798 813 5849 6.
908 5799 952 5828 ³θ
986 5798 1145 5852 llmu.
1184 5815 1302 5863 VIII,
1352 5799 1432 5853 Π.

1909 4650 2103 4690 sumus
2135 4635 2232 4690 lilii
2258 4636 2377 4700 Dei,
2406 4644 2464 4690 et
2488 4636 2739 4690 haeredes
2766 4635 2883 4700 Dei,
2903 4642 2961 4690 et
2981 4632 3303 4689 coheredes
3324 4633 3499 4703 ipsius

1906 4727 2114 4783 Christi
2132 4729 2198 4782 ³⁸.
2217 4728 2279 4782 In
2301 4728 2388 4784 his
2410 4738 2593 4783 tamen
2612 4744 2736 4799 qua:
2755 4743 2897 4798 saepe
2925 4726 3186 4781 similiter
3206 4724 3495 4790 dicuntur,

1907 4820 2131 4875 infanda
2162 4822 2441 4890 reperitur
2474 4821 2831 4876 dili‘erentia:
2884 4820 3111 4890 proprie
3153 4819 3500 4874 enim'erea—

1908 4918 2047 4966 tura:
2073 4919 2129 4965 et
2156 4912 2318 4964 culex
2347 4918 2403 4964 et
2434 4911 2667 4981 angelus
2697 4909 2862 4964 ambo
2893 4908 3153 4963 similiter
3192 4907 3459 4962 dicuntur
3485 4924 3498 4960 :

1903 5011 1959 5057 et
1981 5018 2092 5057 non
2130 5002 2259 5057 ideo
2288 5003 2503 5064 similes
2536 5012 2705 5056 sunt:
2732 5001 2971 5055 multum
3012 5000 3160 5054 enim
3192 4998 3499 5054 differunt:

1903 5096 1976 5149 ita
2004 5093 2177 5164 igitur
2215 5094 2285 5148 de
2315 5094 2556 5148 diversis
2601 5092 2729 5146 [iliis
2760 5092 2859 5147 Dei
2902 5090 3203 5161 adoptione
3233 5096 3291 5143 et
3324 5086 3501 5157 gratia

1906 5185 2306 5241 sentiendum:
2367 5184 2655 5255 amplioris
2712 5184 2862 5238 enim
2918 5183 3107 5254 gloriae
3156 5181 3358 5251 dignus
3414 5185 3503 5232 est

1905 5277 2125 5331 habitus
2167 5275 2446 5341 Christus,
2491 5284 2551 5330 et
2584 5290 2699 5346 prae
2729 5274 2912 5345 Moyse
2942 5288 3142 5344 magno
3188 5271 3334 5327 inter
3365 5283 3498 5339 pro-

1905 5371 2124 5439 phetas,
2166 5377 2376 5438 quanto
2409 5366 2737 5437 ampliorem
2774 5366 3048 5421 honorem
3082 5362 3254 5419 habet
3304 5359 3501 5415 domus

1907 5461 1999 5530 qui
2031 5459 2322 5514 fabricavit
2343 5459 2515 5512 illam.

1980 5550 2039 5605 Si
2090 5551 2257 5619 igitur
2298 5566 2409 5605 non
2456 5560 2514 5605 et
2566 5549 2688 5603 haec
2736 5547 3100 5611 admiseritis,
3128 5542 3227 5601 sed
3270 5554 3404 5597 vere
3444 5549 3504 5594 et

1909 5644 2139 5699 honoris
2159 5652 2219 5698 et
2237 5643 2529 5715 dignitatis
2551 5642 2824 5698 noveritis
2843 5641 3172 5698 electionem
3194 5635 3262 5691 de
3278 5632 3502 5691 Christo
