4194 6446
729 379 865 440 1623

1987 393 2260 488 LEONTII
2272 395 2294 453 l
2335 397 2707 461 BYZANTIN
2719 401 2738 460 Ι

3867 414 3887 469 l
3900 413 4005 473 624

724 507 894 563 supra
941 499 1172 546 caeteros
1220 491 1496 560 homines,
1547 509 1662 548 non
1713 505 1900 552 autem
1955 493 2302 567 substantiae,

2413 509 2562 577 παρὰ
2622 511 2748 573 τοὺς
2800 511 3021 573 λοιποὺς
3060 510 3410 582 ἀνθρώπους,
3442 513 3494 566 εί
3527 514 3622 566 καὶ
3670 515 3747 586 μὴ
3786 515 4000 581 οὐσίας,

723 582 1002 654 quomodo
1026 583 1191 652 paulo
1215 593 1342 640 ante
1370 586 1718 644 vocationem
1754 591 1930 659 ipsius
1961 602 2016 646 et
2041 593 2310 650 honorem

723 693 890 746 quem
941 678 1158 746 accepit
1187 693 1218 731 a
1250 679 1364 734 Deo
1415 681 1654 736 similem
1700 684 1976 738 vocationi
2013 695 2070 742 et
2111 689 2312 744 honori

723 770 909 822 Aaron
927 766 1238 834 afﬁrmatis,
1254 772 1385 841 quia
1401 773 1546 827 sicut
1564 783 1622 829 et
1640 775 1846 840 Aaron,
1867 777 1942 831 ita
1962 785 2020 831 et
2056 778 2315 835 Christus

725 858 939 913 dictum
995 862 1127 916 est?
1176 861 1308 929 Qu.e
1336 864 1562 932 quidem
1610 865 1780 937 igitur
1827 869 2048 924 tandem
2080 884 2312 940 praeter-

725 951 1034 1006 mittamus.
1060 953 1135 1007 De
1164 955 1420 1024 exemplo
1444 966 1630 1012 autem
1663 970 1847 1014 vestro
1875 961 2147 1028 dicemus,
2179 979 2308 1033 per-

726 1039 855 1094 inde
902 1059 967 1096 ac
996 1045 1292 1112 saperetis,
1315 1062 1348 1100 o
1369 1049 1651 1117 sophistae,
1692 1052 1897 1106 creatio
1933 1053 2157 1110 diversa.
2184 1073 2313 1126 pro-

725 1129 883 1184 ducit
912 1140 970 1185 ct
1007 1142 1160 1188 creat
1211 1138 1519 1192 secundum
1559 1141 1964 1198 substantiam:
1996 1144 2227 1216 insuper
2259 1159 2315 1204 et

727 1223 862 1279 facit
892 1234 957 1281 ut
986 1242 1054 1282 ex
1084 1244 1197 1283 non
1237 1232 1635 1288 exsistentibus
1678 1235 1810 1301 sint,
1847 1245 1906 1290 ut
1930 1237 2223 1305 dicebatis,
2256 1252 2315 1297 et

727 1319 958 1388 angelus
986 1328 1041 1375 et
1075 1322 1255 1386 culex,
1295 1340 1418 1392 qua:
1450 1325 1678 1394 quidem
1715 1336 1914 1384 natura
1945 1331 2232 1396 differunt,
2259 1343 2316 1388 et

728 1410 804 1464 ita
858 1410 999 1466 facta
1045 1421 1174 1466 sunt
1205 1413 1391 1468 divina
1440 1416 1755 1472 creatione:
1789 1420 1923 1488 quid
1952 1437 2084 1491 ergo
2129 1424 2315 1479 dicitis

725 1503 960 1570 gratiam
989 1503 1174 1558 datam
1191 1504 1418 1561 Christo
1446 1506 1822 1564 diﬂ'erentiam
1855 1512 1925 1566 ab
1950 1514 2072 1584 ipso
2105 1515 2314 1572 fecisse

728 1594 1034 1649 secundum
1082 1597 1452 1655 substantiam
1499 1600 1554 1654 in
1587 1602 1770 1672 aliqua
1806 1620 1888 1667 re,
1917 1615 2014 1660 aut
2060 1610 2212 1663 non?
2257 1611 2312 1664 Si

729 1686 954 1742 minime
984 1689 1232 1758 quidem,
1283 1692 1563 1760 quomodo
1617 1697 1826 1763 pariter
1881 1713 1945 1752 ac
1997 1698 2315 1756 diﬂerentia

725 1787 1066 1844 creatorum,
1095 1781 1412 1836 dill‘erentia
1450 1784 1502 1836 in
1546 1784 1725 1854 gratia
1756 1789 2136 1856 perspicitur?
2173 1792 2312 1849 Cum

726 1869 821 1923 illa
871 1870 1099 1940 quidem
1143 1873 1546 1929 cxsistentibus
1588 1875 1753 1932 faciat
1799 1877 2165 1947 differentias,
2205 1884 2311 1940 ista

724 1962 987 2016 minime:
1025 1964 1262 2018 multum
1292 1967 1442 2020 enim
1479 1983 1611 2022 vere
1640 1969 1779 2024 illud
1818 1972 1995 2040 ipsum
2019 1989 2049 2027 a
2077 1973 2314 2032 diversis

723 2051 1028 2109 diversum.
1057 2055 1112 2109 Si
1166 2057 1392 2123 fecerit,
1432 2059 1666 2115 evidens
1709 2072 1795 2116 est
1845 2064 1995 2132 quod
2024 2067 2312 2123 meliorem

721 2142 894 2199 eﬂicit
920 2147 1227 2202 secundum
1259 2158 1514 2205 naturam
1549 2152 1704 2206 illum
1747 2170 1913 2221 quem
1956 2157 2308 2224 gratificavit.

721 2237 939 2307 Quippe
994 2239 1167 2310 Igitur
1210 2241 1502 2297 exsistenti
1553 2243 1765 2313 aliquid
1819 2247 2125 2302 secundum
2174 2251 2313 2304 sub-

723 2327 984 2384 stantiam
1017 2329 1206 2386 datum
1240 2341 1346 2395 est.
1384 2349 1496 2389 non
1531 2336 1678 2390 enim
1731 2337 1961 2394 minime
2021 2341 2309 2398 exsistenti

721 2417 895 2486 gratia
951 2419 1136 2485 datur,
1185 2435 1289 2475 nec
1320 2423 1467 2491 quod
1516 2423 1672 2479 nullo
1726 2427 1893 2482 modo
1940 2437 2046 2497 est,
2089 2446 2157 2486 ex
2197 2448 2308 2488 non

723 2510 1127 2567 exsistentibus
1153 2513 1247 2578 sit,
1273 2514 1390 2584 ipsa
1411 2515 1566 2580 facit,
1596 2517 1760 2572 aliter
1785 2529 1934 2575 esset
1957 2521 2074 2592 ipsa
2102 2527 2312 2580 creatio

723 2610 782 2655 et
814 2618 927 2657 non
961 2607 1161 2675 gratia,
1198 2607 1333 2676 quid
1367 2607 1614 2673 Christo,
1662 2626 1787 2666 cum
1824 2613 1927 2670 iste
1969 2624 2119 2670 esset
2149 2627 2311 2673 antea

724 2693 1035 2748 secundum
1087 2697 1474 2762 substantiam,
1525 2699 1684 2755 dedit
1735 2701 1850 2772 ipsa
1904 2705 2121 2775 gratia?
2165 2707 2311 2774 Quid

725 2784 860 2841 fecit
883 2787 1121 2857 amplius
1153 2789 1208 2842 in
1232 2789 1325 2844 illo
1355 2799 1554 2846 natura
1588 2793 1890 2850 ell‘ormans
1919 2805 1974 2852 et
2000 2799 2309 2856 secundum

725 2876 1096 2934 substantiam
1146 2878 1432 2934 meliorem
1478 2879 1761 2937 efficiens?
1807 2883 1864 2940 Si
1899 2887 2048 2941 enim
2095 2889 2313 2946 homini

723 2965 876 3020 nudo
904 2967 1095 3022 datum
1132 2977 1240 3033 est,
1284 2969 1526 3038 primum
1564 2971 1790 3038 quidem
1844 2973 1940 3027 ubi
1985 2985 2043 3028 et
2087 2979 2314 3045 quando

722 3067 844 3111 erat
865 3056 979 3122 ille,
1005 3056 1201 3111 dicite:
1223 3065 1412 3126 postea
1443 3058 1618 3128 gratia
1656 3059 1796 3127 ipsa,
1834 3075 1961 3115 cum
1982 3076 2114 3117 vere
2134 3065 2310 3134 gratia

727 3149 1012 3203 meliorem
1071 3149 1226 3203 illum
1276 3149 1448 3205 eflicit
1483 3150 1790 3205 secundum
1846 3163 2101 3208 naturam
2145 3171 2310 3225 quem

724 3239 1077 3309 gratificavit,
1102 3239 1147 3294 si
1179 3249 1330 3295 esset
1370 3241 1557 3304 homo,
1592 3240 1883 3296 evidenter
1923 3245 2178 3314 angelum
2217 3255 2314 3301 aut

724 3333 933 3401 aliquid
961 3333 1139 3387 simile
1174 3331 1479 3387 secundum
1511 3340 1766 3386 naturam
1789 3343 1885 3390 aut
1912 3335 2085 3389 Deum
2116 3352 2312 3392 neces-

723 3421 871 3478 sario
896 3421 1061 3477 fecit:
1096 3423 1237 3477 nihil
1263 3422 1412 3478 enim
1456 3422 1607 3477 aliud
1651 3439 1820 3494 super
1854 3425 1972 3480 haec
2010 3427 2198 3496 potius
2229 3438 2316 3484 est

722 3514 949 3568 homine
979 3514 1283 3569 secundum
1315 3515 1680 3570 substantiam
1703 3533 1716 3569 :
1743 3517 1789 3570 si
1813 3532 1947 3572 vero
1973 3517 2108 3573 illud
2131 3519 2310 3589 ipsum

724 3607 1002 3661 hominem
1061 3607 1240 3676 ipsum
1307 3607 1616 3662 secundum
1691 3608 2056 3665 substantiam
2107 3613 2309 3669 melius

720 3699 934 3754 iaciens
959 3700 1133 3768 gratia
1163 3699 1371 3767 eﬂ‘ecit,
1401 3700 1634 3756 evidens
1666 3701 1814 3771 quod
1843 3702 2051 3773 aliquid
2083 3706 2307 3761 volatile

720 3801 817 3844 aut
848 3805 1018 3859 pecus
1057 3798 1153 3844 aut
1203 3790 1395 3860 reptile
1423 3799 1551 3846 ante
1591 3791 1824 3862 gratiam
1857 3803 1980 3849 erat
2009 3794 2112 3849 iste
2139 3811 2304 3865 quem

720 3882 1052 3949 gratificavit
1087 3884 1226 3951 ipsa.
1262 3882 1393 3948 Quae
1419 3883 1642 3952 quidem
1677 3884 1845 3954 igitur
1872 3885 2095 3941 videtur
2115 3887 2303 3943 dicere

719 3973 787 4026 de
817 3973 1041 4028 Christo
1080 3993 1092 4027 :
1131 3973 1293 4029 aliter
1326 3975 1399 4029 ita
1427 3983 1486 4030 et
1530 3990 1724 4030 omnes
1770 3975 2025 4032 homines
2052 3978 2304 4048 ejusdem

719 4065 912 4134 gratia:
957 4072 1015 4120 et
1059 4074 1188 4120 ante
1235 4066 1415 4137 ipsum
1443 4074 1648 4121 etcum
1685 4067 1806 4137 ipso
1848 4075 1907 4122 et
1955 4078 2081 4138 post
2122 4069 2302 4138 ipsum

719 4157 1018 4228 participes
1041 4168 1249 4214 erunt:
1281 4168 1335 4214 et
1369 4160 1597 4229 quidem
1627 4160 1866 4229 amplius
1905 4176 1970 4215 ac
2011 4161 2149 4229 ipse,
2176 4176 2302 4216 cum

2417 601 2533 663 πῶς
2572 605 2680 672 πρὸ
2711 599 2911 671 μικροῦ
2940 601 3040 673 τὴν
3073 603 3269 672 κλῆσιν
3295 603 3464 658 αὑτοῦ
3497 605 3593 658 καὶ
3622 606 3721 677 τὴν
3747 608 3917 678 τιμὴν
3939 610 4002 679 ἢν

2415 691 2574 746 ἔλασε
2629 693 2779 763 παρὰ
2806 693 2965 760 Θεοῦ,
2995 695 3187 764 ὁμοίαν
3218 691 3360 750 εἶναι
3395 696 3495 767 τῆς
3540 697 3755 769 ’Δαρὼν
3795 700 4003 769 διισχυι

2417 785 2656 856 ρίζεσθε,
2682 786 2772 840 διὰ
2811 788 2874 840 τὸ
2933 787 3190 859 καθάπερ
3222 790 3318 842 καὶ
3367 788 3579 861 ’Δαρὼν
3598 829 3614 855 ,
3644 789 3821 854 οὕτως
3848 791 3945 844 καὶ
3977 795 4003 844 ὁ

2415 877 2650 947 Χριστὸς
2682 878 2938 949 εἰρῆσθαι
2965 896 2981 945 ;
3013 880 3124 933 Καὶ
3146 880 3306 934 τοῦτο
3337 883 3436 950 μὲν
3454 881 3549 935 οῦν
3571 881 3712 945 τέως
3734 883 4000 952 ἀφείσθω⁸

2415 969 2548 1039 περὶ
2569 968 2626 1021 δὲ
2650 969 2747 1022 τοῦ
2779 971 3230 1042 παραδείγματος
3256 973 3411 1042 ὑμῶν
3441 973 3699 1044 ἐροῦμεν,
3723 973 3801 1038 ώς
3825 975 3877 1028 εἰ
3906 992 4004 1030 κα-

2414 1064 2683 1125 τανοεϊτε,
2715 1055 2762 1115 ὦ
2797 1065 3072 1131 σοφισταὶ,
3101 1065 3135 1134 η
3157 1063 3335 1128 κτίσις
3367 1064 3608 1136 διάφορα
3641 1066 3880 1136 προάγει
3908 1065 4004 1119 καὶ

2416 1153 2594 1217 κτίζει
2643 1153 2767 1206 κατ’
2793 1154 3021 1207 οὐσίαν·
3050 1154 3131 1208 ἔτι
3188 1154 3248 1208 δὲ
3293 1157 3391 1210 καὶ
3443 1158 3510 1210 ὲκ
3557 1157 3633 1227 μὴ
3669 1155 3840 1210 ὅντων
3862 1151 4004 1211 εἶναι

2417 1246 2582 1310 ποιεῖ,
2611 1243 2803 1315 ὥσπερ
2835 1244 3001 1316 ἐφητε
3022 1287 3038 1313 ,
3063 1249 3161 1298 καὶ
3193 1246 3286 1299 τὸν
3319 1245 3553 1316 ἄγγελον
3606 1247 3702 1300 καὶ
3750 1247 3844 1299 τδν
3897 1247 4005 1300 κώ-

2416 1353 2596 1401 νωπα,
2631 1337 2757 1391 τάδε
2789 1337 2860 1391 τὰ
2889 1339 3121 1409 διάφορα
3151 1339 3282 1393 ὂντα
3300 1342 3369 1410 τῇ
3400 1338 3586 1408 φύσει.
3618 1339 3717 1392 καὶ
3744 1339 3892 1394 οὕτω
3914 1357 3994 1406 τε·

2415 1426 2617 1495 νόμενα
2649 1426 2758 1480 ὑπὸ
2780 1427 2881 1495 τῆς
2902 1425 3054 1491 θείας
3082 1427 3334 1491 κτίσεως-⁸
3361 1429 3413 1482 τί
3443 1427 3539 1481 οῦν
3568 1444 3743 1497 qia-ss;
3779 1429 3878 1480 καὶ
3907 1431 3996 1493 τήν.

2415 1518 2662 1571 δοθεῖσαν
2691 1520 2852 1588 χάριν
2879 1519 3104 1589 Χριστῷ
3132 1518 3400 1590 διαφορὰν
3426 1517 3595 1574 αὐτοῦ
3634 1519 3864 1588 ποιῆσαι
3883 1521 3999 1572 κατ’

2415 1609 2606 1662 οὐσίαν
2650 1610 2788 1679 πρός
2841 1626 2917 1672 τι,
2949 1609 2984 1679 ἦ
3045 1610 3214 1680 οὐχίς
3256 1612 3304 1664 εί
3362 1611 3460 1680 μὲν
3520 1609 3633 1681 γὰρ
3691 1609 3854 1679 οὐχὶ,
3887 1609 4001 1670 πῶς

2415 1699 2620 1766 ὁμοίως
2645 1701 2745 1769 τῆς
2787 1699 3057 1771 διαφορᾶς
3085 1701 3486 1767 τῶνκτιστῶν,
3518 1702 3549 1770 ὴ
3583 1702 3639 1753 ὲν
3665 1701 3855 1770 χάριτι
3885 1700 3999 1753 δια-

2417 1789 2560 1859 φορὰ
2581 1789 2774 1858 ὁρᾶται
2806 1805 2821 1853 ;
2862 1791 3021 1860 εἴπερ
3051 1791 3238 1861 ἐκείνη
3271 1791 3372 1862 μὲν
3400 1792 3546 1843 ποιεῖ
3579 1789 3864 1851 causam;
3890 1789 4003 1839 διας

2416 1882 2612 1950 φορὰς.
2645 1880 2787 1950 αῦτη
2836 1880 2890 1933 δὲ
2946 1881 3105 1950 οὐχί·
3140 1882 3277 1935 πολὺ
3329 1882 3437 1952 γὰρ
3469 1879 3546 1942 ώς
3593 1878 3814 1947 ἀληθῶς
3847 1878 4006 1929 τοῦτο

2413 1972 2550 2024 αὐτὸ
2579 1971 2641 2024 τὸ
2687 1971 2799 2026 τῶν
2849 1973 3125 2044 διαφόρων
3144 1972 3404 2042 διάφορον
3433 1985 3446 2000 ⁸
3484 1970 3534 2022 εί
3589 1968 3648 2022 δὲ
3706 1967 4001 2035 πεποίηκε,

2411 2063 2657 2134 δηλονότι
2709 2066 2954 2134 κρειττοί
3004 2063 3193 2117 τοῦτον
3225 2062 3369 2116 κατὰ
3411 2062 3512 2132 τὴν
3546 2062 3709 2129 φύσιν
3736 2058 3932 2122 αἰτοῦ,

2413 2155 2741 2226 κεχάρισται
2763 2172 2778 2186 ο
2802 2156 2925 2207 ἐπεὶ
2973 2149 3070 2207 οῦν
3123 2154 3240 2206 ὄντι
3282 2170 3335 2205 τι
3367 2152 3468 2220 τὴν
3497 2151 3689 2205 οὐσίαν
3719 2150 3885 2221 ἐδόθη
3923 2149 4004 2217 (οὑ

2411 2249 2523 2320 γὰρ
2549 2247 2627 2319 τῷ
2650 2246 2725 2319 μὴ
2751 2247 2865 2300 ὄντι
2882 2248 2917 2316 ἡ
2941 2246 3123 2316 χάρις,
3153 2243 3276 2298 οὐδὲ
3309 2243 3415 2313 μὴν
3441 2243 3501 2296 τὸ
3523 2243 3701 2312 πάντη
3737 2243 3817 2312 μὴ
3842 2242 3926 2304 ὃν,
3943 2246 4004 2296 ὲκ

2418 2341 2492 2412 μὴ
2522 2340 2693 2395 ὅντων
2725 2336 2864 2394 εἶναι
2901 2338 3043 2410 αὕτη
3080 2341 3228 2391 ποιεῖ
3248 2357 3259 2367 ·
3291 2337 3445 2391 ἔσται
3478 2336 3588 2408 γὰρ
3633 2337 3702 2390 ἂν
3732 2337 3883 2390 οὕτω
3912 2338 4006 2389 καὶ

2413 2434 2550 2504 αὕτη
2584 2433 2759 2497 κτίσις
2790 2434 2885 2487 καὶ
2919 2433 2980 2486 οὐ
3011 2431 3218 2504 χάρις),
3247 2431 3300 2484 τί
3329 2431 3443 2486 ὄντι
3468 2432 3645 2502 τούτῳ
3672 2430 3750 2500 τῷ
3782 2430 4006 2501 Χριστῷ

2413 2529 2536 2580 κατ’
2565 2525 2755 2580 οὐσίαν
2782 2524 2977 2596 πρώην
3011 2525 3171 2593 ἐδόθη
3198 2527 3233 2596 ἡ
3263 2525 3423 2595 χάρις
3448 2521 3591 2591 αῦτη
3618 2539 3632 2584 ;
3666 2523 3762 2576 καὶ
3809 2522 3866 2574 τί
3906 2540 4004 2574 πε-

2414 2618 2646 2690 ποίηκεν
2675 2618 2840 2672 αὐτὸν
2871 2611 3012 2671 εἶναι
3041 2619 3107 2687 τῇ
3139 2614 3658 2685 φύσειὲγγενομὲνη
3692 2613 3789 2666 καὶ
3819 2630 4005 2680 κρειτ-

2412 2709 2637 2764 τώσασα
2687 2707 2850 2762 αὐτὸν
2895 2710 3020 2761 κατ’
3052 2707 3245 2761 οὐσίαν
3273 2725 3286 2772 ;
3317 2707 3367 2760 εἰ
3431 2705 3532 2776 μὲν
3574 2705 3685 2774 γὰρ
3726 2704 4007 2775 ἀνθρώπῳ

2413 2801 2559 2872 ψιλῷ
2609 2800 2796 2870 ἐδόθη,
2822 2799 3018 2870 πρῶτα
3050 2799 3149 2869 μὲν
3178 2797 3284 2852 ποῦ
3321 2815 3383 2851 τε
3424 2797 3521 2850 καὶ
3549 2798 3682 2850 πότε
3707 2791 3781 2866 ἦν
3823 2789 4005 2858 οὗτος,

2414 2896 2610 2947 εἴπατε
2639 2910 2652 2925 ·
2687 2889 2810 2946 εἶτα
2862 2891 2920 2944 δὲ
2948 2892 2980 2962 ἡ
3019 2889 3178 2961 χάρις
3208 2888 3370 2958 αῦτη,
3397 2889 3557 2958 εἴπερ
3607 2887 3782 2950 ὅντως
3844 2887 4009 2957 χάρις

2415 2984 2535 3037 ἐστὶ
2565 2980 2894 3054 κρειττοῦσα
2913 2979 3104 3032 τοῦτον
3128 2979 3269 3032 κατὰ
3299 2979 3460 3047 φύσιν
3490 2970 3536 3044 ᾧ
3565 2977 3925 3047 κεχάρισται,
3956 2977 4007 3029 εἰ

2420 3073 2707 3145 ἄνθρωπος
2729 3068 2820 3145 ἦν,
2854 3071 3012 3141 δῆλον
3035 3071 3116 3124 ὅτι
3147 3070 3380 3138 ἄγγελον
3412 3069 3447 3140 ἦ
3478 3085 3532 3122 τι
3583 3067 3832 3121 τοιοῦτον
3861 3063 4004 3119 εἶναι

2415 3167 2513 3237 τὴν
2556 3165 2754 3234 φύσιν.
2783 3165 2816 3236 ἦ
2855 3163 2988 3216 Θεὸν
3036 3163 3096 3226 ἐξ
3135 3163 3384 3230 ἀνάγκης
3414 3159 3580 3213 αὐτὸν
3612 3154 3752 3212 εἷναι
3787 3157 4004 3211 δείκνυ-

2417 3273 2505 3310 σιν
2535 3271 2549 3285 °
2579 3254 2732 3308 οὐδὲν
2761 3253 2868 3325 γὰρ
2891 3253 3022 3307 ἄλλο
3054 3250 3206 3322 παρὰ
3237 3251 3389 3314 τάδε,
3424 3250 3678 3320 κρεῖττον
3703 3245 4006 3316 ἀνθρώπου

2411 3346 2510 3418 τὴν
2555 3345 2755 3399 ,οὐσίαν
2812 3344 2928 3397 ἐστί
2948 3360 2964 3377 ο
2997 3345 3046 3397 εί
3071 3343 3129 3396 δὲ
3161 3342 3292 3395 αὐτὸ
3319 3339 3478 3396 τοῦτο
3517 3339 3809 3410 ἄνθρωπον
3836 3338 4008 3391 αὐτὸν

2412 3438 2534 3494 κατ’
2567 3437 2760 3492 οὐσίαν
2784 3435 3114 3508 κρειττοῦσα
3143 3435 3177 3504 ἡ
3208 3434 3372 3506 χάρις
3427 3433 3682 3502 ἐποίησε,
3713 3431 3878 3500 δῆλον
3928 3430 4005 3492 ὡς

2411 3528 2662 3582 πετεινόν
2691 3544 2746 3581 τι
2781 3527 2814 3598 ἢ
2852 3527 3050 3596 κτῆνος
3079 3525 3114 3595 ἢ
3150 3523 3352 3595 νηκτδν
3378 3522 3412 3594 ἦ
3440 3521 3676 3593 ἑρπετὸν
3733 3519 3844 3590 πρὸ
3904 3520 4008 3587 τῆς

2412 3619 2634 3690 χάριτος
2686 3613 2754 3690 ἦν
2806 3613 2961 3680 οὗτος
2987 3609 3033 3685 ᾧ
3083 3616 3411 3687 κεχάρισται
3443 3613 3610 3682 αῦτη.
3639 3607 3790 3682 *Αρά
3816 3627 3883 3678 γε
3910 3607 4008 3662 οῦν

2411 3709 2589 3762 ταῦτα
2630 3708 2730 3778 μὲν
2748 3706 2898 3760 δοκεῖ
2921 3707 3102 3771 λέγειν
3127 3705 3256 3776 περὶ
3284 3703 3525 3775 Χριστοῦ
3557 3721 3571 3764 :
3598 3702 3775 3764 ἄλλως
3811 3717 3876 3754 τε
3910 3700 4016 3753 es:

2411 3817 2522 3862 τως
2576 3800 2673 3853 καὶ
2724 3799 2926 3861 πάντες
2986 3796 3266 3868 ἄνθρωποι
3305 3795 3407 3864 τῆς
3439 3795 3612 3865 αὐτῆς
3640 3794 3867 3864 χάριτος
3912 3794 4010 3846 καὶ

2415 3891 2522 3963 πρὸ
2544 3888 2718 3944 αὐτοῦ
2753 3890 2848 3943 καὶ
2896 3891 2994 3944 σὺν
3021 3887 3170 3960 αὐτῷ
3192 3888 3287 3942 καὶ
3315 3887 3434 3958 μετ’
3464 3886 3628 3940 αὑτὸν
3653 3885 3873 3938 ἔσονται
3911 3885 4010 3952 μὲ-

2415 3999 2562 4051 τοχοι
2595 3999 2610 4014 ο
2646 3981 2783 4035 ἀλλὰ
2823 3981 2921 4034 καὶ
2959 3979 3161 4050 μᾶλλον
3205 3980 3396 4041 αὐτοῦ,
3423 3980 3488 4032 ὲκ
3523 3976 3740 4047 φύσεως
3775 3975 4010 4045 πρώτης

2413 4074 2630 4144 ἔχοντες
2656 4074 2757 4142 τὴν
2776 4073 2933 4140 ἀξίαν
2949 4073 3048 4141 τῆς
3065 4073 3486 4144 ἁνθρωπότητος
3502 4111 3518 4134 ,
3567 4066 3636 4141 ἧς
3667 4069 3830 4133 αὐτὸς
3859 4085 4013 4122 κατα

2410 4165 2575 4234 χάριν
2591 4162 2801 4236 ἠξιώθη
2839 4163 2931 4217 διὰ
2957 4164 3198 4233 φυσικῆς
3229 4163 3630 4234 κρειττώσεως.

719 4268 787 4304 cx
834 4260 1027 4305 natura
1065 4252 1241 4320 prima
1273 4251 1513 4307 habeant
1557 4252 1884 4323 dignitatem
1938 4253 2300 4310 humanitatis
2333 4270 2444 4327 qua
2506 4256 2688 4328 ipsum
2752 4255 2930 4327 gratia
2961 4255 3192 4326 dignata
3217 4263 3304 4312 est
3334 4255 3625 4310 meliorem
3671 4252 4012 4308 naturaliter

720 4343 1028 4399 efﬁciendo.

1352 4437 1505 4492 CAP.
1537 4437 1678 4492 Vill.

789 4529 930 4596 Quid
972 4544 1126 4600 ergo,
1167 4529 1366 4599 inquit,
1396 4529 1451 4583 in
1486 4529 2054 4587 consubstantialibus
2087 4547 2194 4586 non
2218 4539 2309 4588 est

721 4624 1038 4680 dilTercntia
1063 4622 1251 4677 forsan
1281 4621 1398 4676 auri
1430 4622 1638 4676 metalli
1661 4637 1692 4675 a
1714 4621 1941 4691 plumbo
1965 4630 2061 4676 aut
2082 4640 2112 4678 a
2145 4635 2305 4686 testa,
2352 4672 2361 4699 ι

718 4723 776 4768 et
817 4712 1073 4782 Baptistze
1118 4711 1348 4767 Joannis
1399 4728 1429 4766 a
1463 4712 1746 4781 proditore
1780 4711 1961 4766 Juda?
1986 4712 2093 4769 Sed
2123 4729 2188 4768 ea
2221 4722 2309 4769 est

719 4806 956 4859 istorum
1015 4803 1368 4868 differentia,
1421 4804 1650 4872 optimi;
1709 4803 1802 4858 illa
1857 4813 1942 4859 est
1997 4805 2304 4860 secundum

3019 4438 3271 4492 ΚΕΦΑΛ.
3313 4435 3396 4492 Η’.

2482 4530 2548 4582 Τί
2581 4524 2698 4593 οὖν,
2732 4529 2886 4599 φησὶ,
2917 4529 2976 4582 ὲν
3003 4533 3118 4592 τοῖς
3147 4526 3460 4597 ὁμοουσίοις
3511 4526 3613 4579 οὐκ
3649 4525 3768 4578 εστι
3816 4526 4012 4597 διαφο-

2411 4621 2481 4691 ρὰ
2539 4620 2743 4692 χρυσοῦ
2799 4620 2962 4691 τυχὸν
3019 4621 3115 4674 τοῦ
3170 4619 3439 4690 μετάλλου
3481 4617 3622 4686 πρὸς
3685 4615 4008 4689 μόλιϐδονῆ

2411 4714 2550 4785 πρὸς
2598 4714 2867 4782 ὃστρακον
2893 4755 2909 4777 ,
2939 4714 3034 4766 καὶ
3069 4710 3166 4766 τοῦ
3226 4709 3534 4764 Βαπτιστοῦ
3577 4708 3831 4762 Ἰωάννου
3863 4711 4011 4781 πρὸς

2407 4808 2502 4860 τὸν
2560 4808 2829 4878 προδότην
2872 4806 3111 4872 Ἰούδαν;
3161 4803 3324 4858 Ἀλλὰ
3385 4803 3591 4856 τούτων
3639 4803 3674 4872 ἡ
3740 4803 4008 4873 διαφορὰ,

720 4896 978 4951 accidens
1027 4896 1402 4965 inseparabile
1433 4911 1463 4949 a
1491 4896 1725 4966 pulchro
1754 4897 1942 4952 colore
1970 4896 2155 4952 forsan
2190 4909 2248 4953 et
2274 4915 2305 4953 a

2413 4897 2704 4968 βέλτιστοι,
2729 4901 2764 4970 ἡ
2803 4899 2904 4970 μὲν
2935 4901 3078 4953 κατὰ
3125 4895 3481 4968 συμϐεϐηκὸς
3504 4893 3816 4966 ἀχώριστον
3863 4891 4009 4949 οὖσα

718 4987 1054 5060 quibusdam
1094 4988 1221 5042 aliis
1252 5003 1491 5058 quorum
1524 4987 1817 5044 habendus
1860 4997 1948 5044 cst
1982 4997 2306 5060 respectus:

719 5095 822 5132 nec
877 5079 1208 5149 simpliciter
1252 5095 1355 5134 nec
1389 5095 1610 5150 semper
1638 5095 1742 5136 nec
1767 5079 2073 5135 secundum
2121 5081 2308 5136 omnia

717 5182 944 5240 superat
986 5173 1217 5227 alteram
1261 5190 1275 5226 :
1328 5189 1440 5228 non
1505 5173 1654 5229 enim
1705 5185 1765 5229 et
1818 5185 1979 5229 tauro
2028 5177 2309 5244 potentius

718 5262 960 5327 \idetur,
987 5280 1088 5320 nec
1117 5267 1232 5325 Deo
1257 5265 1558 5335 pretiosius
1576 5282 1808 5321 aurum:
1845 5267 2031 5321 adhuc
2061 5269 2307 5336 reperire

715 5365 802 5410 est
831 5355 1037 5425 quibus
1073 5367 1130 5410 et
1162 5357 1384 5426 quando
1420 5365 1478 5412 et
1515 5357 1584 5412 de
1627 5358 1832 5427 quibus
1873 5368 1932 5412 et
1966 5358 2080 5424 ubi,
2134 5360 2308 5429 magis

715 5449 1026 5502 necessaria
1085 5448 1197 5503 sint
1249 5459 1306 5504 et
1369 5449 1594 5504 utiliora
1653 5449 1941 5517 plumbum
2002 5457 2061 5503 et
2126 5456 2301 5504 testa:

716 5535 900 5593 haecce
927 5537 1247 5593 diﬂ‘erentia
1296 5554 1541 5602 rursum,
1576 5539 1884 5593 secundum
1932 5537 2218 5603 virtutem,
2252 5547 2306 5593 ct

716 5643 785 5684 cx
819 5629 963 5685 facto
1014 5641 1071 5687 et
1119 5632 1384 5701 Opinione
1431 5631 1665 5686 alterius
1693 5646 1822 5701 erga
1852 5631 2088 5685 alterum
2134 5629 2309 5700 respi-

717 5721 902 5776 citur:
952 5724 1233 5792 quomodo
1269 5725 1436 5792 igitur
1483 5724 1674 5796 gratia:
1723 5723 2037 5779 differentia
2083 5723 2193 5779 erit
2237 5724 2305 5778 de

716 5810 958 5885 Christo,
993 5817 1035 5872 si
1077 5819 1229 5890 juxta
1282 5819 1488 5890 aliquid
1540 5833 1710 5873 unum
1755 5835 1820 5874 ex
1859 5818 1978 5874 istis
2005 5818 2183 5873 solum
2220 5826 2300 5872 est

2410 4990 2667 5062 εὐχροίας
2698 4991 2862 5061 τυχὸν
2891 4989 2988 5046 καὶ
3036 4989 3209 5043 ποιῶν
3249 4987 3454 5058 ἑτέρων
3486 4987 3696 5055 λόγων,
3725 4986 3876 5056 πρὸς
3922 4986 4008 5051 τὸ,

2410 5083 2597 5136 δοκεῖ’
2639 5084 2732 5135 καὶ
2779 5081 2878 5151 οὐχ
2928 5079 3118 5143 ἁπλῶς
3151 5077 3276 5133 οὐδὲ
3321 5077 3410 5131 ἀεὶ
3455 5075 3580 5131 οὐδὲ
3621 5075 3766 5130 κατὰ
3817 5075 4006 5130 πάντα

2413 5173 2671 5244 ὑπερέχει
2724 5155 2976 5242 θατέραξ
2995 5186 3010 5201 ⁸
3042 5172 3104 5226 οὐ
3133 5171 3241 5242 γὰρ
3261 5170 3329 5240 δὴ
3361 5170 3459 5225 καὶ
3506 5169 3698 5241 ταύρῳ
3728 5167 4007 5239 κρείττων

2408 5264 2592 5331 δοκεῖ,
2620 5262 2736 5318 ἀλλ’
2782 5263 2910 5317 οὐδὲ
2946 5262 3070 5333 Θεῷ
3098 5259 3427 5332 τιμιώτερος
3455 5262 3484 5314 ὁ
3522 5260 3728 5331 χρυσός
3762 5276 3777 5292 ο
3811 5259 3900 5313 ἔτι
3945 5259 4004 5312 δὲ

2407 5350 2490 5420 οἷς
2522 5372 2582 5408 τε
2613 5357 2709 5409 καὶ
2726 5356 2817 5409 ὅτε
2848 5355 2944 5408 καὶ
2976 5357 3063 5425 ἐφ’
3086 5348 3163 5408 ὧν
3194 5355 3287 5408 καὶ
3307 5348 3392 5419 οἵ,
3425 5353 3858 5423 ἀναγκαιότερος
3909 5353 4004 5406 καὶ

2408 5444 2829 5519 χρησιμώτερος
2853 5448 2883 5501 ὃ
2921 5465 2981 5500 τε
3017 5447 3264 5516 μόλιὸὂος
3302 5445 3400 5501 καί
3426 5446 3490 5499 τὸ
3519 5444 3796 5516 δστρακον
3831 5459 3849 5475 °
3878 5445 3916 5513 ἡ
3943 5443 4000 5497 δὲ

2412 5542 2577 5612 ἑτέρα
2617 5540 2855 5613 διαφορὰ
2907 5542 3096 5605 πάλιν,
3130 5542 3272 5595 κατὰ
3341 5539 3567 5609 ἀρετὴν,
3599 5538 3694 5591 καὶ
3734 5536 3799 5602 ἐξ
3827 5537 3998 5608 ἔργον

2412 5633 2506 5686 καὶ
2551 5631 2778 5704 γνώμης
2832 5632 2950 5685 ἐστὶ
3000 5631 3229 5702 θατέρου
3263 5630 3401 5699 πρὸς
3431 5629 3660 5698 θάτερον
3681 5626 3946 5697 ὁρωμένη
3979 5642 3993 5656 ο

2410 5723 2526 5784 πῶς
2552 5719 2644 5775 οὖν
2673 5722 2897 5791 χάριτος
2925 5720 3080 5774 ἔσται
3107 5720 3342 5790 διαφορὰ
3364 5720 3457 5773 ἐπὶ
3487 5715 3752 5789 Χριστοῦ,
3778 5718 3828 5768 εί
3853 5717 3993 5770 κατᾶ

2409 5833 2460 5869 τι
2495 5814 2662 5872 τῶνδέ
2710 5815 2916 5890 ἐστινή
2957 5813 3200 5887 ὑπεροχὴ
3231 5811 3397 5872 αὑτοῦ
3430 5810 3567 5883 πρδς
3595 5811 3745 5882 ἡμᾶς
3785 5808 3986 5879 psum;
