4194 6446
244 413 382 478 1625

1155 411 1552 472 ADVERSUS
1591 404 2229 473 NESTORIANOS.-
2259 404 2404 464 LIB.
2449 403 2561 462 Ill.

3374 399 3507 460 163G

235 525 316 595 τῷ
349 526 475 595 γάρΔ
508 525 865 593 ἐργαζομένῳ
928 525 1128 576 δίδοται
1180 523 1280 592 μὲν
1331 523 1540 591 μισθὸς.
1574 524 1636 574 οὐ
1678 523 1811 574 κατὰ

1923 534 2090 588 supra
2131 533 2233 572 nos
2262 516 2430 586 ipsius
2468 515 2832 569 excellentia?
2857 513 3119 582 Operanti
3157 514 3308 569 enim
3344 515 3506 568 datur

236 591 398 686 χάριν
425 591 503 680 di,
533 591 672 669 α’λλά
698 591 818 668 κατ’
838 591 1128 684 -όφείλημα
1158 591 1190 644 οῖ
1211 631 1230 664 ι
1262 614 1323 666 Εί
1353 614 1410 666 δὲ
1444 613 1586 666 κατά
1620 615 1813 682 χάριν,

234 709 334 760 οὐκ
359 707 418 772 ἐξ
441 708 620 778 ἔργων
652 723 664 736 ο
704 707 828 759 ἐπεὶ
856 708 889 775 ἡ
917 705 1076 777 χάρις
1137 705 1322 758 οὐκέτι
1356 706 1558 772 γίνεται
1586 708 1766 777 χάρις,
1793 726 1808 755 ι

234 799 309 862 ὡς
367 799 586 869 εἴρηται
607 815 620 826 ·
653 798 830 860 ἄλλως
875 797 932 850 δὶ
997 798 1044 848 τί
1078 797 1112 865 ὴ
1142 796 1303 866 χάρις
1333 796 1471 866 αὕτη
1502 797 1599 850 καὶ
1621 797 1654 865 ἡ
1685 797 1816 865 τιμὴ

231 884 301 959 ἧς
329 889 563 959 ἠξίωται
596 887 832 958 Χριστὸς
861 887 1128 956 διαφορὰν
1152 888 1298 939 ποιεῖ
1325 890 1418 940 καί
1453 889 1588 956 πρὸς
1619 886 1710 939 τὸν
1758 889 1816 941 ὲν

232 981 546 1049 προφήταις
601 977 882 1046 ἐξαίρετον
930 975 1164 1045 Μωῦσῆ,
1206 974 1440 1028 καθόσον
1469 975 1698 1028 πλείονα
1731 994 1815 1029 τι-

231 1070 345 1138 μὴν
397 1068 512 1138 εχει
546 1067 642 1122 τοῦ
685 1067 840 1121 οἴκου
870 1067 901 1119 ό
949 1066 1374 1129 κατασκευάσας
1435 1068 1625 1133 αὐτὸν,
1656 1068 1817 1136 δῆλον

227 1161 314 1214 ὄτι
343 1161 568 1214 κτίστου
601 1159 737 1231 πρὸς
764 1161 994 1228 κτίσμα,
1043 1157 1283 1227 τοσαύτη
1339 1159 1490 1212 ἐστὶν
1521 1160 1552 1227 ἡ
1584 1160 1818 1232 διαφορά

226 1254 261 1322 ὴ
297 1253 394 1305 ἀπ’
427 1252 599 1322 αὐτῆς
631 1252 968 1322 ἐγγινομένη
1001 1253 1116 1314 τοῖς
1149 1251 1401 1320 μετόχοις
1439 1251 1642 1318 αὐτῆς,
1679 1255 1818 1322 πρὸς

227 1343 359 1403 τοὺς
407 1341 603 1412 πρώην
639 1340 862 1412 ὁμοίους
906 1341 1120 1394 αὐτῶν·
1149 1343 1253 1395 οὐκ
1305 1341 1416 1412 ἀρα
1448 1343 1612 1411 ἀρκεῖ
1637 1343 1759 1396 οὐδὲ
1786 1344 1818 1412 ἡ

225 1428 327 1483 τοῦ
370 1429 607 1498 ἀγγέλου
642 1430 780 1502 πρὸς
809 1429 1050 1484 κώνωπα
1097 1429 1325 1495 διίνεξις
1355 1431 1580 1503 φυσικὴ,
1617 1433 1651 1503 ἢ
1682 1450 1817 1504 χρυ-

228 1522 328 1576 σοῦ
387 1523 525 1594 πρὸς
581 1523 884 1595 ὄστρακον,
936 1523 1103 1594 ἀμφω
1171 1524 1406 1578 κτιστῶν
1459 1524 1649 1587 ὄντων,
1714 1524 1818 1578 κάν

224 1613 494 1682 ὑπερέχοι
507 1630 561 1666 τι
573 1613 802 1684 θάτερον
820 1614 1073 1684 Θατέρου,
1092 1615 1171 1677 τίς
1191 1615 1548 1684 παράδειγμα
1559 1618 1657 1684 τῆς
1677 1617 1819 1670 κατὰ

225 1704 270 1755 Χ
279 1704 465 1770 ριστὸν
478 1703 738 1774 διαφόρου
767 1706 902 1774 πρὸς
919 1707 1064 1775 ἡμᾶς
1089 1705 1331 1775 χάριτοςο
1361 1707 1534 1776 είγάρ
1566 1707 1642 1776 μὴ
1659 1708 1817 1775 ὅμοια

225 1790 372 1847 εἶναι
435 1797 588 1848 ποιεῖ
638 1797 732 1849 καὶ
759 1796 794 1866 ἡ
829 1798 907 1858 είς
943 1797 1090 1865 ἡμᾶς
1119 1797 1224 1851 ὑπὸ
1249 1797 1388 1850 Θεοῦ
1422 1801 1556 1868 τιμὴ
1588 1801 1680 1851 καὶ
1716 1801 1817 1867 χά-

1917 609 2144 678 quidem
2175 622 2415 669 merces,
2458 621 2568 660 non
2603 621 2735 660 vero
2779 607 3083 660 secundum
3128 607 3384 676 gratiam,
3410 606 3506 661 sed

1915 701 2221 754 secundum
2257 701 2506 753 debitum
2534 715 2559 750 :.
2590 716 2609 746 ι
2644 696 2702 750 Si
2725 705 2910 751 autem
2945 713 3012 750 ex
3040 699 3232 766 gratia,
3254 699 3365 767 jam
3394 713 3504 751 non

1916 810 1984 848 ex
2017 793 2306 862 operibus:
2334 791 2577 857 alioquin
2602 791 2911 859 gratiajam
2943 804 3052 842 non
3080 798 3168 843 est
3187 791 3363 859 gratia
3384 791 3452 854 ³¹,
3479 808 3498 840 ι

1916 884 2126 939 dictum
2177 891 2299 938 est:
2328 884 2489 936 aliter
2534 891 2758 935 autem:
2793 880 2848 936 Si
2883 880 3058 952 gratia
3089 881 3206 952 ipsa
3240 890 3297 935 et
3325 882 3504 935 honor

1915 978 2076 1048 cujus
2134 976 2339 1043 dignus
2393 973 2619 1027 habitus
2672 983 2758 1028 est
2805 971 3064 1029 Christus
3124 972 3503 1034 differentiam

1912 1068 2083 1124 efficit
2134 1084 2166 1123 a
2204 1068 2388 1138 Moyse
2437 1065 2585 1120 inter
2637 1065 2938 1135 prophetas
2989 1065 3313 1135 conspicuo,
3354 1071 3411 1119 et
3433 1065 3504 1118 sit

1917 1161 2153 1230 amplior
2195 1167 2405 1230 quanto
2434 1157 2760 1226 ampliorem
2796 1156 3060 1211 honorem
3107 1157 3277 1211 habet
3305 1159 3506 1210 domns

1917 1252 2014 1320 qui
2060 1251 2351 1306 fabricavit
2403 1249 2576 1312 illam,
2602 1247 2835 1304 evidens
2866 1258 2952 1304 est
2983 1248 3133 1317 quod
3175 1248 3405 1303 artificis
3434 1248 3504 1302 ab

1917 1359 2084 1413 opere
2122 1351 2273 1398 tanta
2318 1341 2391 1396 sit
2437 1339 2756 1394 differentia
2793 1347 2998 1409 quanta
3045 1339 3235 1408 gratia:
3275 1336 3504 1409 partici-

1922 1436 2175 1505 pantium
2202 1435 2273 1489 ab
2311 1433 2422 1488 illis
2449 1431 2545 1502 qui
2571 1440 2732 1486 antea
2777 1432 2924 1485 inter
2966 1445 3025 1485 se
3059 1429 3272 1484 similes
3304 1438 3503 1484 erant:

1917 1542 2028 1582 non
2057 1535 2208 1581 certe
2229 1525 2432 1580 sufﬁcit
2454 1538 2634 1594 neque
2661 1523 2840 1592 angeli
2875 1538 2907 1577 a
2931 1521 3108 1576 culice
3135 1520 3508 1590 discrepantia

1919 1617 2215 1680 naturalis,
2243 1625 2341 1670 aut
2369 1614 2488 1668 auri
2535 1629 2566 1667 a
2608 1620 2770 1678 testa,
2799 1627 2919 1681 qua
2945 1611 3108 1665 ambo
3143 1607 3327 1665 creata
3351 1618 3506 1676 sunt,

1915 1708 2136 1762 etiamsi
2177 1707 2414 1762 alterum
2450 1705 2627 1759 altero
2665 1703 2873 1772 aliquid
2933 1709 3181 1771 superet,
3215 1702 3270 1754 in
3321 1716 3508 1754 exem-

1919 1801 2069 1869 plum
2098 1799 2296 1868 "gratia:
2322 1813 2447 1866 qua:
2477 1795 2621 1866 apud
2668 1794 2954 1848 Christum
2993 1793 3182 1847 differt
3221 1809 3251 1846 ιι
3302 1792 3500 1846 nobis:

227 1901 340 1953 ρις.
376 1886 494 1939 ἀλλ’
523 1886 555 1957 ἦ
590 1887 715 1940 ὅσον
770 1887 992 1940 κτίστου
1025 1888 1160 1958 πρὸς
1212 1889 1418 1958 κτίσμα
1447 1889 1683 1960 διαφορά
1714 1908 1811 1960 φυ-

1918 1892 1964 1944 si
2009 1890 2158 1944 enim
2202 1905 2313 1943 non
2344 1887 2546 1942 similia
2584 1887 2788 1942 faciant
2837 1887 3018 1941 honor
3057 1895 3114 1940 et
3146 1885 3320 1954 gratia
3344 1884 3438 1954 qui
3475 1900 3506 1938 a

224 1973 486 2028 λάττεται
510 1975 569 2028 ὲν
600 1976 858 2045 ήμῖν,καὶ
898 1976 1050 2046 αὐτῷ
1107 1978 1201 2030 ἐπὶ
1230 1980 1349 2042 ταῖς
1384 1979 1557 2044 θείαις
1598 1981 1810 2052 χάρισι,

226 2066 463 2135 κτίστην
495 2066 715 2138 ἀληθῶς
741 2069 836 2121 καὶ
865 2070 926 2122 οὐ
958 2069 1166 2140 κτίσμα
1194 2073 1430 2143 Χριστὸν
1461 2075 1622 2144 μόνον
1669 2092 1813 2147 παρ-

225 2159 446 2228 ίστησιν
475 2153 616 2214 εἶναι
641 2161 674 2229 ἠ
701 2161 1030 2232 ἐγγινομένη
1069 2164 1220 2234 αὐτῷ
1270 2166 1432 2235 χάρις
1463 2184 1478 2197 ο
1513 2165 1639 2220 οὔτε
1689 2167 1812 2220 καθ’

223 2250 380 2318 ἡμᾶς
423 2245 539 2315 οὗν,
595 2248 719 2304 οὕτε
755 2251 899 2304 κατὰ
922 2242 1136 2324 Μωῧσῆ
1167 2253 1258 2307 τόν
1292 2255 1470 2324 μέγαν
1495 2255 1625 2309 ὄντα
1654 2256 1816 2327 μόνον

222 2337 509 2392 δείκνυσιν
545 2338 732 2405 αὑτὸν,
758 2339 898 2393 ἀλλά
932 2339 1025 2396 καί
1071 2340 1205 2394 Θεὸν
1250 2344 1435 2415 σαφῶς
1461 2358 1474 2372 ·
1512 2346 1675 2414 μόνου
1706 2349 1814 2418 γὰρ

221 2427 366 2484 Θεοῦ
412 2429 473 2483 τὸ
509 2429 717 2494 κτίζειν
744 2431 839 2486 καὶ
866 2427 1323 2497 ’κατασκευάζειν
1350 2435 1415 2487 ὲκ
1447 2435 1523 2504 μὴ
1547 2435 1718 2489 όντων
1746 2439 1815 2491 τὰ

221 2517 452 2571 πάνταο
506 2519 834 2580 πάντωνοδὲ
888 2521 997 2574 τῶν
1047 2522 1186 2591 μετά
1240 2523 1398 2587 Θεὸν,
1428 2525 1491 2578 τὸ
1531 2526 1812 2589 κτίζεσθαι

225 2610 363 2664 ὤιον
393 2626 408 2640 ·
438 2611 548 2664 τῶν
578 2613 678 2682 μὲν
734 2612 840 2667 ὑπὸ
869 2613 1008 2668 Θεοῦ
1041 2615 1287 2685 ἀμέσως,
1325 2615 1436 2670 τῶν
1470 2617 1527 2672 at
1579 2621 1674 2673 καὶ
1724 2622 1814 2676 διά

219 2718 375 2766 τινος
408 2703 576 2774 μέσου
595 2703 706 2757 τῶν
731 2707 796 2758 ὲκ
815 2705 950 2758 Θεοῦ
975 2707 1419 2777 προκτισθέντων
1441 2727 1454 2741 ·
1493 2711 1690 2765 οὐκοῦν
1714 2730 1812 2766 σα-

221 2793 348 2862 φῶς
375 2795 406 2845 ὁ
434 2793 659 2863 χάριτος
696 2796 792 2848 καὶ
818 2795 986 2867 τιμῆς
1013 2797 1270 2863 ἀξιωθεὶς
1297 2802 1538 2867 τοιᾶσδε,
1567 2804 1663 2857 καὶ
1690 2807 1811 2858 κτί-

223 2900 366 2953 στης
393 2884 508 2936 icti.
535 2885 632 2938 καὶ
659 2885 815 2949 Θεὸς,
846 2888 939 2940 καὶ
967 2887 1075 2940 τῶν
1111 2887 1250 2943 ὅλων
1306 2891 1559 2962 Χριστὸς,
1597 2893 1701 2946 κᾶν
1738 2893 1812 2963 μὴ

225 2975 488 3046 βούλεσθε
509 2991 522 3005 ·
554 2975 670 3065 ἀλλ’
697 2969 773 3030 ὧν
796 2995 932 3045 φατε
965 2979 1164 3046 λογίων
1193 2980 1354 3050 ὑμεῖς
1383 2983 1482 3053 τὴν
1514 2983 1747 3053 δύναμιν
1777 2985 1808 3056 ἢ

222 3065 325 3118 τὸν
380 3065 584 3119 σκοπόν
638 3066 736 3137 οὐχ
795 3069 980 3138 ὁρᾶτε,
1012 3070 1064 3121 ot
1111 3069 1397 3135 δοκοῦντες
1431 3073 1562 3144 παρ’
1595 3075 1811 3140 ἑαυτοῖς

223 3155 479 3225 ἀκριϐεῖς
506 3153 650 3210 εἷναι
683 3158 790 3210 τῶν
818 3159 1026 3227 νοητῶν
1051 3159 1450 3232 διαγνὼμονες,

312 3436 478 3493 Ἀλλά
506 3437 599 3494 νῦν
626 3442 677 3493 ot
711 3441 914 3511 κομψοὶ
946 3441 1136 3512 ὥσπερ
1169 3444 1394 3512 χάριτος
1423 3430 1708 3515 διαφοράξ
1723 3445 1816 3497 ut

223 3532 420 3602 τιμῆς,
454 3530 626 3596 οὕτως
655 3532 749 3586 καὶ
777 3532 1062 3586 υίοθεσιῶν
1105 3534 1385 3605 βούλονται
1422 3535 1593 3601 δεῖξαι
1626 3538 1690 3589 ὲκ
1717 3541 1815 3608 τῆς

227 3624 396 3692 ἁγίας
419 3624 650 3695 Γραῖρῆς
668 3638 685 3654 ⁸
721 3625 812 3679 ἴνα
835 3627 886 3678 εί
909 3626 1001 3679 καὶ
1027 3628 1098 3680 τὰ
1117 3627 1256 3681 αὖτά
1284 3631 1416 3698 ἡμῖν
1442 3630 1537 3684 καὶ
1565 3629 1660 3684 ἐπὶ
1681 3631 1814 3696 Χρι-

229 3714 365 3768 στοῦ
397 3714 640 3783 λέγουσι,
675 3715 877 3783 δόξοιέν
902 3733 956 3770 τι
984 3718 1242 3788 περισσὸν
1273 3717 1422 3790 αὑτῷ
1447 3719 1646 3774 διδόναι
1674 3721 1815 3790 ὑπὲρ

223 3807 403 3876 ἡμᾶς,
435 3806 530 3859 καὶ
555 3805 632 3877 μὴ
657 3807 833 3878 πάντη
863 3809 1029 3862 πᾶσιν
1059 3811 1246 3879 ὂμοιον
1274 3810 1485 3863 οἴεσθαι
1519 3827 1534 3842 ο
1563 3813 1729 3880 ἡμεῖς
1756 3811 1812 3864 δὲ

225 3897 314 3951 ὅτι
340 3896 442 3966 μὲν
478 3898 586 3950 είσί
613 3898 874 3968 διαφοραὶ
905 3899 1016 3953 τῶν
1047 3900 1310 3964 ὡσαύτως
1339 3901 1652 3972 λεγομένων
1671 3945 1684 3967 ,
1712 3904 1813 3955 οὐκ

223 3986 568 4058 ἀντεροῦμεν
597 4005 612 4020 ο
649 3988 765 4042 ἀλλ’
796 3991 880 4043 ὅτι
901 3992 951 4043 εί
981 3990 1058 4074 μὴ
1087 3991 1187 4058 τὴν
1228 3990 1305 4055 ὡς
1336 3991 1555 4046 κτίστου
1587 3993 1722 4062 προς
1752 3994 1814 4045 τὸ

224 4079 440 4149 κτίσμα
493 4081 659 4134 αὑτοῦ
698 4081 844 4134 κατά
899 4082 962 4134 τδ
1019 4082 1218 4149 λόγιον,
1250 4085 1593 4154 παραστήσει
1624 4087 1657 4154 ἡ
1719 4086 1812 4138 ἐπὶ

225 4171 474 4240 Χριστοῦ
521 4173 656 4241 πρὸς
715 4174 862 4241 ἡμᾶς
917 4173 1185 4242 λεγομένη
1224 4175 1479 4245 διαφορά,
1505 4177 1607 4229 οὐκ
1641 4177 1809 4238 ὅντως

221 4261 370 4330 αὓτη
407 4261 525 4314 ἐστὶ
582 4260 705 4314 καθ’
734 4261 802 4332 ἣν
847 4262 986 4332 ὑπὲρ
1051 4263 1292 4332 Μωῡσῆν
1320 4265 1553 4334 ἠξίωται
1600 4269 1765 4334 τιμῆς
1793 4280 1806 4293 ·

220 4352 392 4405 τοῦτο
448 4353 559 4422 γὰρ
607 4345 721 4405 οἷον
772 4353 1028 4423 γνώμονά
1062 4372 1183 4408 τινα
1229 4356 1326 4409 καὶ
1361 4357 1562 4410 κανόνα
1589 4357 1810 4426 τίθεμεν

224 4443 329 4512 τῆς
363 4443 497 4512 πρὸς
523 4444 672 4512 ἡμᾶς
698 4443 977 4514 ὑπεροχῆς
996 4445 1162 4498 αὑτοῦ
1190 4445 1460 4499 δεικτικόν
1488 4463 1501 4476 ο
1532 4449 1720 4516 ἐπειδὴ
1753 4447 1809 4500 δὲ

1914 1983 2027 2038 Deo
2057 1983 2112 2037 in
2143 1997 2247 2036 nos
2285 1982 2538 2043 veniunt,
2598 1979 2696 2034 sed
2734 1987 3002 2048 quantum
3050 1978 3316 2032 artificem
3365 1977 3508 2030 inter

1919 2085 1975 2132 et
2031 2090 2191 2145 opus,
2240 2073 2556 2128 differentia
2601 2080 2856 2126 servetur
2907 2087 3010 2125 nos
3056 2052 3203 2124 inter
3229 2079 3283 2123 et
3323 2069 3504 2138 ipsum

1916 2165 2100 2236 quoad
2159 2164 2379 2218 divinas
2436 2161 2664 2232 gratias,
2724 2159 3045 2215 Creatorem
3097 2174 3229 2214 vere
3282 2168 3340 2212 et
3394 2174 3507 2210 non

1915 2265 2225 2314 creaturam
2279 2255 2510 2310 exhibet
2547 2253 2723 2324 gratia
2769 2253 2873 2322 ipsi
2903 2253 3081 2306 facta:
3124 2265 3308 2320 neque
3339 2249 3508 2318 igitur

1915 2347 2223 2403 secundum
2279 2361 2403 2407 nos,
2461 2358 2641 2412 neque
2693 2340 2999 2397 secundum
3049 2340 3271 2411 Moysen
3327 2338 3505 2392 solum

1915 2454 2174 2510 magnum
2221 2435 2466 2492 ostendit
2507 2435 2710 2504 ipsum,
2748 2434 2844 2489 sed
2882 2447 2941 2488 et
2971 2433 3145 2487 Deum
3173 2429 3501 2485 manifeste:

1913 2533 2088 2586 solius
2116 2530 2264 2585 enim
2298 2528 2395 2583 Dei
2431 2543 2621 2582 creare
2657 2534 2715 2581 et
2758 2525 3037 2579 fabricare
3081 2539 3149 2578 ex
3185 2539 3296 2578 non
3356 2524 3505 2576 exsi-

1913 2623 2194 2677 stentihus
2211 2621 2395 2675 omnia
2417 2637 2431 2682 ;
2453 2618 2702 2676 omnium
2729 2632 2860 2671 vero
2872 2632 2996 2686 qua:
3015 2623 3142 2670 sunt
3164 2622 3288 2684 post
3306 2615 3501 2677 Deum,

1913 2712 2090 2766 creari
2120 2709 2428 2779 proprium,
2454 2708 2688 2762 aliorum
2713 2705 2939 2776 quidem
2961 2719 2989 2758 a
3013 2705 3128 2759 Deo
3163 2703 3501 2764 immediate,

1913 2803 2148 2857 aliorum
2214 2815 2350 2853 vero
2416 2798 2792 2853 mediantibus
2859 2811 2927 2850 ex
3003 2795 3117 2849 Deo
3178 2795 3503 2864 procreatis.

1914 2889 2084 2959 Igitur
2136 2886 2429 2941 manifeste
2482 2886 2578 2955 qui
2636 2884 2826 2954 gratia:
2874 2891 2930 2938 et
2983 2883 3212 2937 honoris
3270 2883 3502 2954 hujusce

1913 2981 2116 3051 dignus
2142 2979 2367 3035 habitus
2391 2987 2499 3042 est,
2529 2986 2586 3032 et
2628 2974 2859 3031 Creator
2883 2983 2968 3029 est
2993 2982 3050 3028 et
3083 2975 3248 3038 Deus,
3289 2983 3348 3029 et
3384 2990 3504 3028 om-

1913 3072 2065 3125 nium
2101 3070 2382 3132 Christus,
2441 3069 2572 3122 licet
2613 3065 2977 3143 dissentiatis.
3013 3065 3120 3120 Sed
3139 3065 3502 3143 leloquiorum

1917 3161 1985 3216 de
2014 3161 2219 3232 quibus
2245 3176 2342 3214 vos
2373 3157 2691 3230 loquimini,
2722 3137 2986 3212 virtutem
3031 3137 3147 3212 autl
3174 3157 3338 3212 finem
3388 3174 3502 3214 non

1922 3258 2144 3323 videtis,
2169 3257 2264 3327 qui
2315 3265 2498 3310 tamen
2529 3253 2941 3324 vobismetipsis
2967 3253 3233 3310 videmini
3259 3255 3503 3310 accurati

1916 3365 2038 3404 οεδυ
2070 3347 2500 3418 intelligibilium
2522 3327 2886 3417 cognitores;
2910 3365 2923 3373 -

1990 3441 2098 3496 Sed
2129 3455 2279 3494 nunc
2311 3438 2523 3494 versuti
2569 3437 3031 3508 quemadmodum
3079 3437 3312 3507 gratiam
3361 3437 3506 3493 inter

1915 3541 1971 3586 et
2019 3532 2306 3593 honorem,
2363 3530 2438 3584 ita
2488 3528 2727 3584 filiorum
2791 3518 2938 3582 inter
2995 3526 3324 3596 adoptiones
3380 3543 3504 3583 esse

1915 3622 2285 3678 differentiam
2333 3620 2529 3675 volunt
2565 3619 2862 3674 ostendere
2895 3634 2962 3672 ex
2991 3633 3148 3673 sacra
3177 3618 3500 3687 Scriptura;

1918 3727 1978 3771 ut
2009 3719 2053 3770 si
2085 3716 2278 3770 eadem
2303 3729 2427 3768 esse
2471 3729 2534 3768 ac
2568 3713 2731 3768 nobis
2777 3712 2846 3767 de
2893 3711 3118 3767 Christo
3171 3712 3380 3774 dicant,
3419 3715 3504 3766 vi-

1915 3809 2156 3864 deantur
2188 3806 2395 3876 aliquid
2424 3807 2665 3876 amplius
2699 3806 2803 3875 ipsi
2835 3804 3146 3860 concedere
3179 3819 3350 3874 super
3381 3820 3502 3868 nos,

1913 3915 1970 3959 et
2000 3919 2111 3958 non
2138 3902 2456 3958 omnimode
2504 3901 2766 3955 omnibus
2797 3901 3033 3955 similem
3061 3899 3335 3954 aestimare
3361 3917 3376 3964 ;
3404 3915 3504 3954 nos

1915 4007 2099 4052 autem
2121 4010 2244 4050 esse
2273 3993 2624 4048 differentias
2655 3995 2800 4048 inter
2825 4009 2888 4047 ea
2913 4008 3036 4062 qua:
3065 3993 3278 4062 pariter
3318 3990 3504 4046 nomi-

1914 4098 2134 4151 nantur,
2161 4103 2271 4140 non
2296 4102 2584 4155 negamus.
2610 4084 2719 4139 Sed
2747 4085 2792 4138 si
2820 4083 3201 4146 differentiam
3239 4094 3503 4152 tanquam

1912 4182 2191 4237 Creatoris
2215 4181 2285 4234 ab
2307 4181 2426 4248 ipso
2449 4177 2712 4233 Creatore
2741 4177 3046 4232 secundum
3077 4175 3360 4245 eloquium
3389 4191 3501 4230 non

1913 4268 2631 4343 repraesentebdifferentia
2681 4267 2828 4321 dicta
2870 4267 2938 4322 de
2973 4266 3199 4321 Christo
3241 4282 3273 4318 a
3314 4265 3499 4328 nobis,

1911 4378 2022 4417 non
2082 4378 2212 4417 vere
2277 4361 2394 4430 ipsa
2449 4367 2536 4414 est
2591 4357 2898 4412 secundum
2950 4372 3114 4426 quam
3161 4372 3276 4426 pra:
3313 4356 3499 4427 Moyse

1912 4453 2115 4521 dignus
2147 4462 2232 4506 est
2269 4450 2495 4504 habitus
2525 4447 2787 4502 honoris:
2817 4446 2952 4500 illud
2987 4448 3136 4500 enim
3162 4455 3221 4500 ut
3244 4461 3498 4500 normam

218 4533 498 4604 δεινότητι
555 4537 842 4606 σοφιστικῇ
903 4536 1002 4599 τὰς
1055 4538 1348 4607 προτάσεις
1399 4537 1494 4591 τοῦ
1539 4539 1806 4607 παρόντος

1913 4544 2150 4612 aliquam
2189 4550 2245 4596 et
2295 4540 2538 4609 regulam
2570 4537 2956 4609 proponimus,
3003 4552 3112 4607 qua
3174 4552 3343 4606 super
3395 4553 3498 4591 nos

223 4627 662 4695 ἐπιχειρήματος
685 4630 742 4680 ὲν
773 4627 1012 4699 πλείστῳ
1039 4629 1164 4697 ὕφει
1193 4630 1592 4695 καταξάναντες
1620 4631 1696 4695 ὡς
1729 4633 1805 4704 μὴ

220 4719 402 4787 ἔχοιεν
453 4715 677 4788 εὔδηλον
707 4718 771 4771 τὸ
801 4718 996 4782 ἀσεϐὲς
1052 4723 1166 4782 τοῖς
1195 4722 1514 4792 ἀκροαταῖς,
1545 4723 1686 4792 μηδὲ
1716 4724 1806 4778 εῦ-

219 4808 385 4863 κολον
414 4806 512 4879 τὴν
539 4809 851 4879 ἀνατροπὴν
879 4813 994 4873 τοῖς
1023 4811 1362 4878 ἀντιλέγουσι
1387 4851 1402 4875 ,
1436 4813 1804 4882 μεσολαϐοῦν-

218 4917 316 4962 τες
347 4899 447 4963 τὰς
478 4899 618 4970 ὑπὲρ
647 4893 722 4953 ὧν
753 4900 1114 4968 ὲγκαλοῦνται
1151 4903 1452 4971 ἀπολογίας
1473 4944 1488 4967 ,
1524 4903 1804 4976 μεθυπερ-

217 4991 409 5056 δατῶς
455 4993 553 5046 καὶ
604 4993 1029 5063 συγκεχυμένως
1077 4997 1604 5061 κατασκευάζουσιν,
1639 4999 1804 5066 ἡμεῖς

215 5083 404 5139 αὐτῶν
453 5085 549 5136 τὸν
596 5084 800 5137 σκοπὸν
837 5085 958 5138 ὅλον
990 5085 1084 5138 τοῦ
1129 5087 1560 5158 ἐπιχειρήματος
1608 5088 1800 5141 συλλέ-

220 5178 438 5241 ξαντες,
471 5176 746 5246 ἐχομένως
772 5177 1068 5248 ἐθήκαμεν,
1102 5179 1196 5232 καὶ
1218 5179 1801 5248 ὲπικατεσκευάσαμεν

219 5271 288 5339 ἣν
322 5267 903 5340 βούλονταιηδιαφοράν
961 5264 1102 5323 εἶναι
1157 5269 1266 5324 τῶν
1315 5269 1597 5323 υἱοθεσιῶν
1629 5271 1687 5323 ὲν
1731 5274 1798 5342 τῇ

222 5360 356 5432 ἁγία
390 5361 581 5433 Γραφῇ
615 5361 846 5432 καθεξῆς
879 5362 1148 5431 λέγοντες.

305 5536 652 5622 Ἐῤῥῄθησαν
711 5538 842 5609 γὰρ.
900 5541 1084 5609 φασιν,
1123 5541 1230 5594 υἱοὶ
1265 5542 1359 5596 τοῦ
1391 5518 1528 5597 Θεοῦ
1551 5587 1564 5610 ,
1601 5545 1806 5610 πάντες

217 5631 524 5704 ἄνθρωπον
540 5635 597 5686 εν
615 5633 715 5704 τῷ,
738 5633 912 5702 «Ἐγὼ
929 5631 1105 5699 εἷπον,
1124 5636 1248 5690 Θεοί
1264 5639 1387 5692 ἐστε
1413 5641 1507 5695 καὶ
1523 5641 1630 5695 υἱοὶ
1647 5640 1806 5711 Ὑψί-

285 5803 324 5834 ³¹
374 5809 534 5866 llom.
567 5826 640 5874 ιι,
675 5811 728 5865 6.
807 5812 850 5844 ⁸¹
885 5813 1023 5868 Psal.
1071 5830 1248 5881 Luxu,
1278 5815 1328 5872 6.

1907 4635 2089 4706 ipsius
2117 4632 2446 4688 excellentia
2479 4630 2846 4685 ostendatur:
2882 4627 3335 4700 quandoquidem
3365 4644 3496 4683 vero

1906 4724 2208 4780 calliditate
2288 4721 2591 4791 sophistica
2657 4719 3138 4790 propositionibus
3208 4721 3497 4788 prmsentis

1905 4815 2213 4888 argumenti
2260 4814 2592 4870 densissimo
2639 4813 2763 4866 velo
2809 4811 3112 4882 coopertis,
3148 4826 3219 4866 ne
3263 4810 3495 4865 evidens

1905 4918 2055 4964 esset
2105 4907 2358 4976 impietas
2409 4904 2800 4966 auditoribus,
2850 4913 2948 4956 aut
2998 4902 3179 4956 facilis
3232 4901 3495 4956 refutatio

1906 5000 2448 5062 contradicentibus,
2510 4996 2840 5066 interruptis
2891 4995 3142 5064 ipsorum
3188 4994 3256 5049 de
3291 4995 3496 5063 quibus

1901 5103 2274 5164 prevocantur
2293 5091 2633 5160 argumentis
2663 5104 2762 5158 per
2791 5096 3153 5142 transennam
3177 5095 3233 5139 et
3263 5087 3493 5141 confuse

1899 5192 2159 5256 arguunt,
2206 5199 2306 5237 nos
2348 5181 2690 5251 propositum
2739 5189 2914 5234 totum
2952 5193 3142 5233 eorum
3183 5178 3494 5248 argmnenti

1900 5279 2244 5347 colligentes,
2276 5275 2466 5330 subito
2492 5278 2792 5346 posuimus
2822 5282 2879 5328 et
2923 5271 3280 5342 probavimus
3324 5285 3491 5340 quam

1901 5371 2074 5425 velint
2122 5368 2493 5422 differentiam
2531 5382 2654 5422 esse
2694 5367 2838 5420 inter
2888 5365 3218 5434 adeptiones
3252 5363 3307 5417 in
3334 5377 3492 5417 sacra

1913 5463 2200 5532 Scriptura
2225 5461 2488 5530 deinceps
2519 5461 2786 5530 legentes.
3150 5510 3175 5532 ρ

1984 5552 2125 5607 Dicti
2159 5559 2287 5605 sunt
2315 5552 2486 5614 enim,
2509 5551 2688 5612 aiunt,
2714 5549 2809 5602 filii
2842 5548 2962 5608 Dei,
2985 5561 3179 5602 omnes
3204 5542 3487 5599 homines:

1913 5658 2110 5713 nempe
2131 5661 2144 5696 :
2175 5662 2191 5694 ι
2207 5641 2466 5712 Egodixi,
2489 5640 2564 5696 dii
2587 5639 2724 5695 estis
2739 5648 2795 5695 et
2816 5639 2910 5694 filii
2928 5637 3142 5694 Excelsi
3165 5651 3362 5691 omnes
3378 5636 3440 5690 ".
3465 5652 3486 5688 ι
