4194 6446
722 371 855 439 1627

1984 370 2295 430 LEONTII
2335 370 2701 430 ΒΥΖΑΝΤΙΝ
2713 372 2739 430 Ι

3758 354 3979 442 ’1628

715 491 927 546 scilicet
960 483 1266 541 secundum
1304 481 1601 552 imaginem
1642 480 1739 536 Dei
1771 499 1786 547 ;
1838 481 2016 535 vocati
2072 488 2203 536 sunt
2239 489 2295 534 et

2407 498 2523 532 που
2558 481 2777 544 πάντες*
2805 500 2823 532 ι
2850 481 2936 535 διὰ
2951 482 3010 534 τὸ
3044 483 3162 537 κατ’
3183 485 3363 540 εἰκόνα
3391 486 3527 541 Θεοῦ
3555 504 3569 517 ·
3594 487 3902 560 ἐκλήθησαν
3923 492 3981 546 δὲ

714 581 812 636 lilii
840 579 933 633 Ι)ρί
969 579 1168 631 iterum
1211 582 1268 629 et
1316 574 1513 636 Judmi,
1545 586 1780 642 nempe:
1820 590 1837 622 ι
1868 572 2038 626 Filios
2066 574 2297 627 tnutrivi

712 685 769 728 et
795 670 1054 733 exallavi.
1086 669 1189 739 ipsi
1224 676 1407 723 autem
1445 672 1883 736 Sprevcruntme
1906 663 2027 717 ³⁸⁸..
2064 665 2300 734 Propter

715 766 1016 820 amicitiam
1066 762 1165 816 Dei
1205 768 1262 815 et
1292 774 1458 828 supra
1499 766 1728 812 caeteras
1759 755 2015 809 nationes
2045 756 2111 809 ad
2141 758 2300 811 innoo

713 857 954 910 centiam
1011 853 1226 908 formati
1274 861 1331 905 et
1377 852 1638 920 pietatem
1691 849 1923 904 edocti:
1971 850 2096 903 ideo
2149 850 2300 903 enim

713 949 927 1002 credita
978 953 1106 1001 sunt
1160 944 1404 1014 eloquia,
1455 964 1470 993 ι
1526 952 1583 996 ct
1643 951 2032 995 testamentum
2100 942 2296 1012 ipsius,

715 1041 915 1108 inquit,
947 1049 1007 1092 ut
1042 1037 1430 1091 manifestetur
1463 1035 1573 1088 illis
1593 1034 1672 1099 ³³;
1709 1051 1726 1083 ι
1772 1062 1837 1071 -
1886 1052 1903 1084 ι
1938 1034 2163 1088 lucerna
2202 1048 2300 1102 pe-

714 1132 881 1185 dibus
930 1131 1068 1184 meis
1111 1131 1199 1184 lex
1234 1139 1323 1182 tua
1347 1129 1426 1190 8‘;
1460 1146 1478 1178 ι
1509 1134 1604 1179 et:
1645 1143 1661 1175 ι
1702 1124 1808 1190 Qui
1843 1126 2139 1179 annuntiat
2172 1141 2299 1179 ver-

714 1224 844 1281 bum
874 1239 1035 1277 suum
1054 1221 1243 1283 Jacob,
1270 1218 1513 1289 justitias
1532 1217 1806 1287 etjudieia
1836 1233 1934 1271 sua
1961 1218 2158 1271 Israel:
2190 1230 2300 1270 non

712 1315 846 1369 fecit
869 1317 1050 1369 taliter
1079 1313 1227 1366 omni
1251 1311 1460 1365 nationi
1487 1310 1553 1363 ³³.
1586 1329 1603 1360 ι
1626 1309 1759 1363 lude
1789 1309 1937 1363 enim
1968 1308 2069 1362 etsi
2102 1310 2301 1362 timore

715 1410 854 1478 legis
876 1416 931 1461 et
960 1422 1068 1461 non
1096 1405 1445 1473 beneplaeito
1477 1401 1751 1471 justitiam
1791 1401 2068 1462 colebant,
2094 1400 2302 1469 pariter

712 1499 923 1552 auxilio
948 1496 1136 1550 debito
1175 1497 1323 1566 juste
1355 1492 1675 1547 viventibus
1703 1492 2061 1546 fruebantur:
2086 1502 2142 1546 et
2164 1493 2300 1548 sim-

712 1592 934 1659 pliciter
970 1590 1024 1642 iu
1063 1598 1212 1642 terra
1236 1586 1481 1656 quandiu
1523 1585 1728 1640 imitari
1757 1586 1929 1639 Deum
1953 1584 2298 1652 quaerebant,

712 1681 782 1735 ab
825 1696 916 1744 eo,
958 1687 1186 1750 propter
1226 1682 1433 1748 justam
1466 1685 1523 1730 et
1570 1677 1924 1730 innocentem
1972 1677 2161 1738 vitam,
2201 1674 2300 1728 ﬁlii

714 1776 809 1829 ltei
839 1774 1020 1827 vocati
1061 1780 1225 1827 sunt:
1258 1771 1355 1824 sed
1397 1768 1606 1838 pariter
1630 1769 1718 1822 isti
1754 1778 1812 1822 et
1850 1784 2079 1838 peccare
2111 1783 2299 1837 caepe-

716 1871 844 1916 runt
872 1862 1096 1924 iterum,
1125 1860 1441 1914 versatilem
1482 1858 1666 1912 adhuc
1701 1866 1957 1912 naturam
1986 1859 2256 1913 habentes
2283 1875 2297 1912 :

2407 1856 2771 1926 ἀναμαρτήτῳ
2824 1856 2923 1925 βίῳ
2958 1896 2972 1917 ,

683 1952 864 2024 quod
897 1952 1064 2023 igitur
1089 1959 1146 2005 et
1179 1966 1323 2020 secpe
1361 1950 1626 2020 cperibus
1670 1949 2062 2018 probaverunt,
2094 1960 2290 2004 secun-

713 2046 847 2097 dum
866 2044 1011 2113 quod
1030 2026 1238 2096 dictum
1256 2053 1376 2095 est:
1404 2060 1423 2093 ι
1447 2042 1551 2111 1ρεί
1575 2053 1757 2095 autem
1781 2056 1865 2094 mc
1884 2050 2247 2111 spreverunt:
2273 2060 2293 2094 ι

710 2147 767 2192 et
791 2135 954 2189 morti
981 2135 1195 2189 scilicet
1216 2144 1272 2188 et
1293 2134 1471 2203 plagis
1496 2141 1553 2187 et
1585 2133 1876 2203 suppliciis
1910 2133 2039 2188 inde
2062 2133 2300 2205 subjecti

712 2232 881 2277 sunt:
924 2243 941 2273 ι
992 2224 1263 2277 Stimulus
1305 2223 1455 2277 enim
1491 2224 1710 2285 mortis.
1741 2234 2029 2294 peccatum
2062 2226 2243 2280 est":
2277 2242 2296 2277 ι

710 2324 812 2370 et:
855 2335 874 2367 ι
922 2316 1088 2369 Multa
1134 2314 1345 2385 ﬂagella
1394 2314 1707 2384 peccatoris
1737 2316 1803 2368 ³⁷.
1861 2334 1878 2366 ι
1942 2316 2019 2369 Ita
2072 2316 2300 2385 quidem

713 2407 884 2475 igitur
909 2416 965 2461 et
990 2407 1115 2461 isti:
1139 2406 1279 2461 Dieti
1304 2421 1498 2460 sumus
1520 2420 1654 2460 vero
1682 2406 1851 2459 etiam
1874 2422 1976 2460 nos
1997 2406 2301 2463 Christiani

724 2491 824 2551 ﬁlii
854 2498 972 2562 Dei,
1016 2512 1215 2567 nempe
1237 2539 1252 2563 ,
1296 2516 1315 2547 ι
1343 2495 1548 2552 Omnes
1577 2497 1725 2551 enim
1767 2495 1866 2551 ﬁlii
1896 2497 1992 2552 Dei
2025 2499 2182 2562 estis,
2205 2514 2305 2568 per

715 2587 880 2642 ﬁdem
909 2588 963 2641 in
993 2587 1218 2643 Christo
1246 2587 1377 2643 Jesu
1394 2589 1460 2641 ³³.
1483 2607 1501 2638 ι
1532 2588 1644 2642 Nos
1666 2588 1855 2658 igitur,
1883 2588 2091 2642 nedum
2119 2589 2307 2644 verbis

713 2678 782 2734 ad
823 2679 1197 2733 innocentiam
1244 2677 1568 2742 formemur,
1609 2688 1666 2733 et
1694 2680 1968 2749 justitiam
2024 2680 2122 2734 Dei
2183 2695 2307 2749 qua:

713 2778 801 2825 est
823 2785 994 2841 super
1014 2771 1259 2826 litteram
1299 2786 1329 2825 a
1353 2770 1555 2840 spiritu
1582 2771 1680 2826 Dei
1711 2771 1983 2826 docemur
2008 2791 2021 2827 :
2050 2772 2107 2826 in
2131 2772 2306 2828 liber-

716 2869 885 2916 tatem
901 2861 975 2917 ‘et
1006 2863 1476 2919 immortalitatem
1508 2864 1688 2918 vocati
1710 2879 1904 2919 sumus
1931 2874 1988 2919 et
2021 2864 2076 2918 in
2103 2864 2307 2919 immu-

714 2953 1045 3008 tabilitatem
1087 2971 1154 3009 ex
1187 2957 1605 3011 resurrectione
1670 2964 2057 3010 mortuorum:
2095 2957 2308 3027 suppli-

714 3044 862 3098 cium
884 3045 996 3114 jam
1018 3061 1127 3099 non
1152 3044 1434 3106 timentes.
1460 3062 1565 3101 nec
1585 3047 1949 3101 mutationem
1974 3047 2311 3101 transmissa

713 3133 890 3190 beatae
918 3137 1065 3200 vitae,
1092 3137 1213 3206 qui,
1243 3136 1536 3191 doloribus
1562 3138 1750 3199 liberi,
1770 3176 1771 3183 η
1790 3146 1848 3192 et
1887 3139 2308 3194 dominantibus

712 3228 1013 3283 :eternitati
1053 3230 1409 3283 tenebrarum
1441 3224 1564 3285 eSSe
1592 3228 1881 3291 debemus,
1905 3238 1962 3283 et
2007 3230 2063 3284 in
2091 3230 2305 3286 caelesti

716 3321 942 3375 civitate
998 3323 1219 3387 vivere;
1270 3332 1328 3377 ut
1376 3323 1524 3377 enim
1570 3338 1674 3377 nos
1721 3337 1972 3377 essemus
2021 3324 2201 3378 sancti
2252 3331 2309 3376 et

715 3413 1055 3469 immaculati
1101 3416 1157 3469 in
1200 3427 1502 3485 conspectu
1533 3415 1739 3485 ejus”,
1772 3416 1828 3469 in
1865 3415 2138 3469 eliaritate
2170 3428 2311 3483 prae-

715 3505 981 3560 destinati
1028 3522 1222 3561 sumus
1260 3507 1313 3561 in
1358 3506 1713 3576 adoptionem
1748 3506 1987 3561 ﬁliorum
2034 3507 2131 3561 Dei
2154 3508 2222 3565 ⁸ο.
2252 3515 2310 3560 et

718 3604 779 3648 ut
848 3594 1274 3649 similitudinem
1326 3595 1666 3650 haberemus
1725 3610 1851 3649 eum
1905 3595 2065 3649 Patre
2117 3603 2308 3648 nostro

715 3685 812 3754 qui
864 3686 920 3739 in
953 3686 1109 3741 caelis
1142 3695 1229 3740 est
1260 3686 1315 3740 in
1347 3688 1672 3756 acceptione
1702 3686 2017 3756 adoptionis
2066 3685 2308 3739 ﬁliorum

715 3791 880 3845 quam
901 3786 1315 3845 exspectamus:
1339 3777 1502 3831 simul
1521 3793 1583 3832 ac
1602 3778 2039 3847 redemptionem
2058 3778 2310 3847 corporis

716 3850 916 3931 nostri,
947 3883 1175 3935 peccare
1202 3868 1355 3922 nullo
1384 3869 1549 3923 modo
1580 3870 1817 3939 amplius
1839 3869 2147 3924 habento-3:
2182 3870 2308 3923 ideo

718 3975 829 4013 non
890 3959 1031 4012 mori
1092 3959 1361 4013 debemus
1412 3962 1468 4014 in
1501 3961 1773 4025 futurum,
1813 3960 1907 4015 sed
1943 3977 2113 4031 super
2166 3962 2308 4015 mala

716 4051 921 4118 quibus
952 4065 1059 4103 non
1087 4049 1227 4104 allici
1250 4050 1414 4103 datur
1439 4061 1635 4105 natura
1661 4052 1980 4105 extollimur
2000 4070 2014 4106 :
2037 4060 2306 4121 quantum

721 4143 894 4210 igitur
937 4141 1307 4195 assimilemur
1346 4143 1457 4195 Deo
1503 4144 1809 4197 secundum
1861 4144 1979 4198 haec
2030 4144 2196 4197 simul
2245 4158 2311 4197 ac

717 4234 848 4286 olim
878 4232 1049 4292 Israel
1073 4232 1169 4303 qui
1201 4232 1348 4288 ﬁlius
1367 4242 1425 4288 et
1455 4233 1573 4303 ipse
1595 4245 1825 4289 vocatus
1863 4234 2054 4300 fuit",
2075 4235 2310 4289 evidens

718 4331 826 4378 est.

790 4501 1025 4556 Tantum
1063 4512 1244 4556 tamen
1278 4512 1465 4557 nostra
1499 4502 1725 4571 adoptio
1776 4503 2306 4575 ﬁliormn’adoptio-

720 4612 846 4652 nem
880 4613 1071 4650 eorum
1108 4608 1333 4667 supcrat
1389 4607 1447 4651 et
1498 4598 1555 4651 in
1610 4598 1802 4662 tantis,
1857 4607 1916 4652 ut
1966 4608 2024 4654 et
2078 4601 2309 4669 spiritus

721 4690 1009 4743 servitutis
1031 4690 1210 4743 hancce
1235 4689 1528 4744 dicaturin
1559 4690 1817 4743 timorem
1843 4700 1901 4744 et
1931 4691 1985 4744 in
2020 4691 2305 4745 vinculum

717 4782 829 4850 jugi
868 4781 1177 4845 servitutis,
1204 4782 1353 4835 illam
1393 4797 1524 4837 vero
1556 4782 1789 4850 spiritus
1821 4782 2137 4852 adoptionis
2167 4784 2308 4838 ﬁlio-

721 4890 844 4928 rum
881 4875 934 4928 in
956 4890 1068 4944 quo
1089 4875 1411 4938 clamamus,
1439 4894 1455 4925 ι
1482 4874 1638 4930 Abba
1667 4876 1829 4930 Pater
1848 4877 1929 4930 “:
1961 4896 1981 4928 ι
2013 4878 2160 4947 quod
2190 4880 2307 4932 haec

718 4965 908 5019 dicere
968 4981 1252 5035 nunquam
1304 4966 1616 5021 sustinuit:
1656 4969 1862 5022 ctenim
1917 4968 2037 5037 ipsa
2099 4968 2307 5023 dicitur

721 5057 945 5127 proprie
991 5058 1223 5112 libertas
1278 5074 1387 5127 qua
1436 5058 1693 5113 Christus
1739 5075 1840 5113 nos
1887 5060 2181 5115 liberavit:
2230 5064 2307 5116 ita

719 5149 945 5217 quidem
984 5148 1154 5217 igitur
1199 5157 1257 5203 et
1292 5149 1430 5202 ista:
1466 5149 1707 5204 Vocatus
1744 5160 1830 5205 cst
1860 5161 2071 5216 autem,
2102 5153 2307 5222 inquit,

720 5250 778 5294 et
805 5240 1127 5295 Dominicus
1158 5242 1342 5302 homo,
1375 5240 1546 5295 Filius
1595 5242 1725 5295 Dei:
1772 5260 1992 5313 nempe,
2024 5253 2080 5298 et
2110 5266 2127 5297 ι
2166 5245 2312 5301 ﬁlius

722 5332 940 5387 Excelsi
999 5334 1385 5387 vocabitur":
1438 5351 1456 5381 ι
1514 5334 1617 5387 iste
1666 5352 1821 5398 vero,
1878 5348 2077 5405 praeter
2128 5340 2312 5393 omnia

722 5433 911 5479 nostra
941 5425 1201 5494 specialia
1251 5425 1303 5477 in
1336 5423 1544 5493 quibus
1573 5428 1772 5481 similis
1806 5429 1966 5482 nobis
1998 5437 2053 5484 et
2101 5430 2307 5484 dicitur

720 5532 863 5580 esse,
885 5528 972 5572 est
1002 5518 1404 5588 primogenitus
1436 5521 1488 5572 in
1514 5520 1705 5573 multis
1732 5519 1996 5575 fratribus
2019 5523 2064 5554 εδ
2093 5538 2122 5576 a
2151 5538 2304 5577 com-

2401 574 2505 625 υἱοὶ
2559 572 2694 625 Θεοῦ
2747 573 2908 626 πάλιν
2962 576 3056 627 καὶ
3090 578 3138 628 οἱ
3178 576 3420 632 Ἰουδαῖοι
3449 579 3594 633 κατὰ
3632 580 3714 644 τὸ,
3757 599 3777 633 ι
3823 582 3984 646 Υἱοῦς

2399 664 2666 731 ἐγέννησα
2723 665 2817 716 καὶ
2860 663 3086 733 ῦψωσα,
3148 667 3305 719 αὐτοὶ
3344 668 3402 721 δέ
3464 687 3534 738 με
3602 671 3924 740 ἠθέτησαν,
3960 694 3978 725 ι

2398 757 2489 808 ἐπὶ
2543 755 2814 809 οἰκειώσει
2861 757 2998 810 Θεοῦ
3050 759 3144 811 καὶ
3200 759 3356 828 παρὰ
3400 760 3467 812 τὰ
3495 762 3659 815 λοιπὰ
3689 764 3817 833 ἔθνη
3848 764 3985 828 πρὸς

2398 846 2815 916 ἁναμαρτησίαν
2851 847 3386 916 παιόαγωγούμενοι,
3410 850 3516 901 ,καὶ
3550 851 3801 903 εὐσεϐεῖν
3836 852 3985 904 διδα-

2400 937 2677 1006 σκόμενοιο
2708 939 2787 1001 εἱς
2818 937 2976 991 τοῦτο
3010 940 3120 1009 γὰρ
3147 942 3244 994 καὶ
3265 941 3668 1011 ἐπιστεύθησαν
3694 944 3763 997 τὰ
3785 946 3981 1010 Λόγια.

2406 1046 2425 1078 ι
2489 1027 2552 1081 Ἦ
2581 1027 2817 1098 διαθήκη
2869 1028 2979 1097 γὰρ
3028 1028 3402 1100 αὑτοῦ,φησὶ,
3435 1031 3531 1084 τοῦ
3585 1032 3828 1101 δηλῶσαι
3888 1036 3983 1086 a3-

2399 1122 2511 1183 τοῖς
2539 1136 2553 1151 ·
2599 1138 2616 1169 ι
2649 1121 2762 1184 καὶ,
2798 1139 2817 1170 ι
2845 1119 3050 1188 Λύχνος
3086 1124 3201 1184 τοῖς
3241 1123 3368 1175 ποσί
3405 1139 3507 1192 μου
3541 1124 3569 1176 6
3598 1124 3766 1192 νόμος
3803 1141 3920 1177 σου·
3957 1144 3976 1177 ι

2401 1213 2514 1275 καί,
2528 1230 2545 1262 ι
2572 1211 2628 1265 Ὁ
2648 1210 3028 1280 ἀπαγγέλλων,
3047 1213 3199 1283 φησὶ,
3214 1212 3481 1280 τὸνλόγον
3494 1215 3653 1268 αὑτοῦ
3665 1216 3743 1283 τῷ
3766 1217 3961 1269 Ἰακιῖιὲξ
3970 1260 3982 1278 ,

2399 1301 2743 1373 δικαιώματα
2804 1303 2898 1356 καὶ
2962 1305 3209 1373 κρίματα
3269 1304 3438 1357 αὑτοῦ
3474 1306 3553 1374 τῷ
3592 1306 3814 1376 Ἰσραήλ
3843 1323 3857 1335 ·
3889 1310 3987 1361 οὐκ

2403 1396 2664 1465 ἐποίησεν
2718 1395 2889 1457 οὕτως
2922 1398 3085 1449 παντὶ
3111 1396 3272 1450 ἔθνει.
3309 1415 3328 1446 ι
3376 1398 3655 1451 Ἐντεῦθεν
3680 1400 3790 1468 γὰρ
3816 1403 3865 1452 εξ
3897 1402 3987 1452 καὶ

2402 1492 2554 1559 φόϐῳ
2581 1490 2677 1544 τοῦ
2716 1490 2881 1560 νόμου
2914 1492 3010 1544 καὶ
3041 1493 3104 1545 οὐ
3129 1494 3452 1562 προαιρέσει
3488 1494 3970 1563 ἒδικαιοπράγουν,

2400 1582 2517 1649 ἀλλ’
2554 1583 2706 1650 ὅμως
2733 1582 2837 1650 τῆς
2869 1582 3030 1648 ἀξίας
3061 1584 3388 1653 ἐπικουρίας
3410 1584 3522 1637 τῶν
3550 1585 3780 1647 δικαίως
3816 1586 3963 1654 βιοῦν

2400 1690 2509 1727 των
2533 1674 2814 1745 ἀπήλαυον
2845 1690 2859 1705 ο
2888 1675 2984 1727 καὶ
3016 1675 3203 1737 ἁπλῶς
3226 1675 3320 1729 ἐπὶ
3342 1676 3445 1743 γῆς
3466 1677 3541 1740 ὡς
3569 1672 3682 1730 οἷόν
3703 1695 3765 1729 τε
3804 1682 3989 1747 μιμεῖ-

2406 1766 2528 1821 σθαι
2579 1767 2714 1820 Θεὸν
2769 1766 3184 1837 μεθοδευόμενοι
3234 1768 3329 1820 ὑπ’
3355 1768 3523 1820 αὑτοῦ
3556 1769 3634 1838 τῷ
3668 1769 3867 1836 δικαίῳ
3899 1771 3987 1822 καὶ

3041 1856 3151 1910 υἱοὶ
3228 1857 3367 1910 Θεοῦ
3445 1859 3759 1930 ἐκλήθησαν
3796 1878 3810 1891 ο
3874 1862 3988 1914 ἀλλ’

2401 1947 2551 2017 ὅμως
2586 1941 2732 2001 οὗτοι
2769 1946 2863 1999 καὶ
2890 1946 2954 1999 τὸ
2986 1949 3256 2017 ἁμαρτεῖν
3288 1947 3606 2018 ἐπεδέκοντο
3642 1950 3828 2009 πάλιν,
3868 1967 3989 2021 τρε-

2403 2038 2547 2107 πτῆς
2575 2038 2655 2090 ἔτι
2685 2038 2898 2105 φύσεως
2930 2038 3295 2109 ὑπάρχοντες·
3319 2038 3457 2111 ὅπερ
3480 2037 3577 2093 οὖν
3603 2043 3698 2095 καὶ
3727 2042 3990 2105 πολλάκις

2403 2129 2584 2199 ἔργοις
2614 2129 2982 2200 ὴλέγχθησαν,
3008 2132 3147 2185 κατὰ
3174 2132 3237 2185 τδ
3265 2133 3578 2202 εἰρημένονο
3603 2152 3622 2184 ι
3641 2134 3809 2188 Αὐτοὶ
3834 2136 3893 2188 δέ
3925 2154 3991 2204 με

2403 2221 2697 2291 ἠθέτησαν.
2740 2242 2758 2274 ι
2794 2224 2905 2275 Καὶ
2932 2221 3148 2293 θανάτῳ
3183 2222 3239 2276 δὲ
3282 2223 3483 2295 δηλαδὴ
3509 2226 3601 2277 καὶ
3626 2228 3869 2297 πληγαῖς
3903 2229 3995 2280 καὶ

2402 2314 2696 2384 τιμωρίαις
2749 2314 2999 2369 ἐντεῦθεν
3062 2316 3353 2370 ὑπέκειντο
3380 2333 3395 2349 ·
3434 2335 3453 2368 ι
3484 2319 3593 2370 Καὶ
3624 2317 3736 2389 γὰρ
3771 2320 3835 2371 τὸ
3869 2322 3994 2372 κέν-

2403 2423 2529 2477 τρον
2550 2405 2647 2459 τοῦ
2680 2405 2934 2472 θανάτου,
2970 2409 3003 2478 ή
3047 2407 3291 2477 ἁμαρτία
3315 2422 3331 2437 ⁸
3367 2425 3387 2460 ι
3459 2409 3592 2472 καὶ.
3652 2428 3671 2456 ο
3710 2411 3997 2477 Μάπιτες

2404 2497 2600 2552 πολλαὶ
2671 2497 2769 2551 ⁶ιτοῦ
2848 2498 3190 2570 ἁμαρτωλοῦ.
3249 2518 3269 2551 ι
3323 2498 3512 2563 Οῦτως
3574 2500 3674 2571 μὲν
3746 2500 3844 2555 οὖν
3904 2504 3997 2555 καί

2404 2583 2550 2644 οὗτοι
2580 2603 2595 2620 ·
2628 2590 2966 2661 ἐλέγχθημεν
3017 2591 3075 2643 δὲ
3128 2591 3222 2644 καὶ
3249 2591 3299 2642 οἱ
3337 2591 3657 2660 Χριστιανοὶ
3693 2593 3803 2645 υἱοὶ
3836 2593 3994 2659 Θεοῦ,

2405 2681 2547 2736 κατὰ
2571 2680 2653 2746 τὸ,
2679 2699 2698 2733 ι
2727 2684 2938 2746 Πάντες
2956 2683 3067 2752 γὰρ
3090 2683 3198 2736 υἱοὶ
3213 2682 3349 2735 Θεοῦ
3368 2685 3513 2745 ἐστε,
3529 2682 3619 2735 διὰ
3634 2684 3734 2750 τῆς
3756 2685 3997 2747 πίστεως

2406 2774 2464 2827 ἐν
2490 2774 2712 2845 Χριστῷ
2755 2773 2953 2843 Ἰησοῦ.
2998 2793 3018 2827 ι
3037 2775 3226 2844 Ἡμεῖς
3251 2770 3347 2828 οῦν
3377 2775 3517 2845 πρὸς
3544 2775 3624 2845 τῷ
3652 2776 3739 2828 διὰ
3775 2777 3890 2828 τῶν
3919 2777 4001 2829 λέ-

2408 2880 2521 2932 γων
2552 2864 2907 2919 παιδεύεσθαι
2943 2865 3004 2918 τὸ
3029 2867 3446 2935 ἀναμαρτητον,
3483 2865 3579 2918 καὶ
3606 2865 3710 2935 τὴν
3745 2866 3894 2937 ὑπὲρ
3932 2866 3995 2918 τὸ

2408 2956 2642 3026 γράμμα
2695 2956 2786 3009 διὰ.
2838 2955 3162 3026 Πνεύματος
3219 2954 3571 3025 δικαιοσύνην
3627 2955 3999 3026 διδασκόμεθα

2409 3046 2583 3100 Θεοῦ’
2617 3049 2712 3102 καὶ
2755 3048 2847 3100 ἐπὶ
2881 3047 3168 3117 ἐλευθερίᾳ
3205 3047 3302 3100 καὶ
3338 3047 3609 3118 ἀθανασίᾳ
3652 3048 3996 3118 ὲκλήθημεν,

2412 3138 2505 3191 καὶ
2532 3138 2766 3209 ἀτρεψὶᾳ
2795 3138 2855 3203 ἐξ
2884 3137 3234 3200 ἀναστάσεως
3262 3137 3475 3206 νεκρῶν
3497 3152 3511 3164 '
3551 3140 3830 3207 τιμωρίαν
3864 3139 3999 3193 οῦκ-

2412 3232 2492 3283 ἐτι
2516 3231 2768 3294 δεδιότες,
2799 3232 2861 3284 οῦ
2892 3229 3200 3301 μεταϐολὴν
3231 3232 3332 3299 τῆς
3376 3230 3774 3303 διαδεξαμένης
3820 3250 3998 3303 μακα-

2415 3324 2532 3392 ρίας
2565 3323 2733 3393 ζωῆς,
2766 3326 2944 3377 πόνων
2979 3324 3275 3393 ἐλεύθεροι,
3310 3323 3405 3376 καὶ
3436 3323 3545 3376 τῶν
3578 3325 3862 3395 ἀρχόντων
3904 3324 3999 3379 τοῦ

2411 3416 2605 3478 αἰῶνος
2630 3414 2726 3469 τοῦ
2768 3415 2996 3477 σκότους
3023 3417 3293 3485 ἐσόμενοι,
3320 3418 3377 3468 ὲν
3422 3416 3661 3485 οὐρανίῳ
3714 3434 3776 3468 τε
3842 3418 3998 3470 πολ.-

2409 3513 2530 3581 τείᾳ
2586 3509 2875 3580 βιώσοντες
2900 3527 2914 3542 ο
2947 3511 3028 3572 εἱς
3056 3510 3165 3581 γὰρ
3209 3509 3270 3562 τὸ
3317 3504 3457 3562 εἶναι
3504 3512 3654 3580 ἡμᾶς
3683 3513 3878 3578 ἁῇους
3905 3513 4000 3565 καὶ

2408 3600 2675 3670 ἀμώμους
2712 3600 3052 3654 κατενώπιον
3107 3599 3273 3653 αὐτοῦ
3300 3602 3361 3653 ὲν
3410 3602 3601 3672 ἀγάπῃ
3638 3604 3998 3684 προωρίσθητ

2414 3706 2512 3757 μεν
2541 3691 2623 3751 εἱς
2653 3688 2929 3741 υἱοθεσίαν
2954 3688 3111 3754 Θεοῦ,
3144 3689 3239 3742 καὶ
3266 3687 3368 3758 τὴν
3404 3691 3665 3758 ὁμοίωσιν
3719 3693 3867 3760 ἔχειν
3901 3693 4001 3762 τὴν

2413 3782 2548 3851 πρὸς
2617 3780 2709 3833 τὸν
2758 3781 3010 3852 οὐράνιον
3041 3780 3200 3851 ἡμῶν
3232 3781 3473 3851 Πατέρα,
3516 3784 3574 3834 ἐν
3607 3785 3673 3853 τῇ
3725 3786 4002 3852 ἀπολήψει

2410 3873 2510 3940 τῆς
2546 3873 2840 3939 υἱοθεσίας,
2870 3866 2938 3943 ἧς
2970 3872 3383 3942 ἀπεκδεχόμεθα
3418 3891 3431 3904 .
3465 3875 3635 3942 me“
3661 3874 3764 3942 τῆς
3796 3877 4006 3929 ἄπολιν

2411 3964 2673 4033 τρώσεως
2701 3962 2795 4016 τοῦ
2824 3963 3077 4033 σώματος
3105 3964 3280 4033 ἡμῶν,
3317 3963 3378 4015 τὸ
3418 3964 3756 4034 ἁμαρτάνειν
3786 3967 3869 4019 ἑτι
3910 3969 4001 4019 οὓς

2410 4056 2522 4108 δενὶ
2549 4056 2736 4125 τρόπῳ
2784 4055 3034 4123 ἔχοντες·
3064 4054 3147 4107 διὸ
3205 4054 3326 4106 οὐδὲ
3385 4054 3639 4125 θνήσκειν
3692 4058 4007 4123 πεφυκότες

2411 4146 2618 4209 λοιπὸν,
2680 4145 2795 4197 ἀλλ’
2828 4147 2885 4197 ἐν
2921 4143 3000 4213 τῷ
3055 4144 3190 4214 μηδὲ
3241 4144 3467 4213 δυνάμει
3520 4140 3663 4198 εἶναι
3709 4146 4007 4211 δεκτικοὺς

2410 4237 2520 4290 τῶν
2555 4236 2742 4289 κακῶν
2768 4235 2887 4305 τὴν.
2929 4236 3094 4304 φύσιν
3141 4235 3551 4305 ὑπεμρθέντες
3578 4253 3593 4268 ο
3633 4237 3758 4290 ὅσον
3784 4237 3880 4290 οὖν
3918 4241 4009 4305 ἰξ-

2410 4325 2750 4396 ομοιούμεθα
2780 4324 2901 4395 Θεῷ
2933 4326 3075 4378 κατὰ
3101 4324 3227 4378 τάδε
3268 4325 3422 4394 παρὰ
3453 4326 3544 4378 τόν
3579 4343 3709 4379 ποτε
3761 4328 4006 4398 Ἰσρδὴλ,

2411 4419 2525 4471 υἱὸν
2552 4421 2647 4470 καὶ
2680 4418 2844 4470 αὐτὸν
2876 4415 3166 4486 κληθέντα,
3195 4415 3375 4485 δῆλον.

2483 4507 2752 4561 Τοσοῦτον
2780 4507 2914 4574 γοῦν
2974 4509 3008 4577 ἡ
3053 4508 3305 4576 ἡμετέρα
3352 4507 3597 4561 υἱοθεσία
3628 4512 3727 4579 τῆς
3778 4514 4011 4566 ἐκείνων

2413 4599 2646 4670 προῦχει
2666 4600 2763 4652 καὶ
2775 4601 2833 4652 ἐν
2846 4598 3143 4664 τοσούτοις,
3163 4599 3239 4662 ὼς
3257 4599 3352 4653 καὶ
3368 4599 3585 4669 πνεῦμα
3605 4601 3854 4666 δουλείας
3873 4608 3968 4658 ἑκε
3978 4608 4011 4658 ί-

2407 4711 2504 4764 νην
2538 4692 2792 4761 λέγεσθαι
2825 4694 2905 4754 εἱς
2936 4692 3104 4760 φόϐον
3162 4693 3257 4745 καὶ
3288 4691 3457 4758 ζυγοῦ
3486 4692 3735 4756 δουλείας
3768 4698 3977 4766 ὲνοχήν
3997 4717 4009 4727 ·

2402 4784 2609 4853 ταύτην
2626 4783 2683 4837 δὲ
2706 4782 2925 4853 πνεῦμα
2940 4783 3211 4844 υἱοθεσίας
3227 4785 3285 4835 ἐν
3384 4784 3499 4835 ἐστι
3526 4784 3810 4853 κράζειν-ι
3838 4786 4015 4840 Ἀεεᾶ

2402 4879 2430 4929 ὀ
2448 4876 2657 4945 Πατήρ·
2673 4895 2691 4926 ι
2710 4877 2848 4946 ὅπερ
2862 4877 3040 4943 ἐκείνη
3063 4875 3244 4942 λέγειν
3257 4875 3319 4926 οὐ
3336 4876 3640 4944 τετόλμηκε
3657 4875 3905 4931 πιὶνποτεο
3925 4881 4015 4933 καὶ

2406 4967 2519 5039 γὰρ
2564 4965 2704 5037 αῦτη
2734 4966 2951 5033 λέγεται
3007 4966 3154 5028 ἱδίως
3185 4966 3490 5036 ἐλευθερία.
3588 4967 3829 5035 Χριστὸς
3864 4973 4015 5040 ἡμᾶς

2412 5057 2806 5128 ἠλευθέρωσεν·
2824 5056 2997 5119 οὕτως
3026 5058 3125 5125 μὲν
3148 5055 3240 5109 οὖν
3259 5058 3351 5108 καὶ
3368 5056 3483 5117 ἥδε.
3502 5057 3737 5127 Ἐκλήθη
3754 5058 3834 5121 δὲ,
3850 5063 4013 5129 φησὶ,

2414 5150 2568 5202 καὶὸ
2606 5149 2881 5219 Κυριακδς
2937 5148 3246 5218 ἄνθρωπος,
3307 5148 3438 5212 Υἱὸς
3493 5147 3633 5200 Θεοῦ
3666 5166 3682 5180 ι
3725 5154 3874 5204 κατά
3927 5158 4008 5209 τ’».

2422 5260 2440 5293 ι
2478 5242 2587 5294 Καὶ
2614 5240 2743 5303 Υἱὸς
2784 5240 3037 5308 Ὑψίστου
3071 5241 3429 5309 κληθήσεται.
3491 5259 3509 5291 ι
3548 5236 3716 5304 οὗτος
3757 5243 3817 5295 δὲ
3873 5246 4011 5315 προς

2419 5340 2533 5398 τοῖς
2562 5337 2857 5406 ἡμετέροις
2896 5338 3062 5389 πᾶσιν
3092 5336 3418 5406 ἐξαιρέτοις,
3450 5338 3508 5388 ἒν
3535 5332 3617 5399 οἷς
3651 5338 3840 5405 ὅμοιος
3881 5343 4012 5408 ἡμῖν

2414 5426 2489 5479 ὢν
2519 5427 2614 5481 καὶ
2640 5427 2860 5494 λέγεται
2884 5422 3046 5491 εἶναι,
3071 5429 3099 5480 ὁ
3131 5427 3476 5495 πρωτότοκος
3516 5430 3574 5480 ὲν
3595 5430 3816 5493 πολλοῖς
3856 5432 4013 5483 ἁδελ-

2415 5523 2534 5589 φοῖς
2580 5519 2656 5588 τῷ
2715 5520 2878 5589 κοινῷ
2917 5521 3133 5572 πάντων
3163 5519 3338 5591 Πατρὶ
3372 5518 3492 5588 Θεῷ
3516 5535 3530 5548 ·
3562 5521 3659 5572 καὶ
3684 5520 3854 5591 ἕτερα
3904 5523 4016 5593 ἔχει

797 5654 863 5686 ³¹”
900 5653 1001 5706 lsa.
1057 5669 1093 5712 ι,
1143 5654 1196 5707 2.
1270 5653 1479 5707 "Psal.
1530 5670 1674 5719 xxw,
1710 5657 1791 5710 ll.
1871 5659 2085 5713 "Psal.
2178 5676 2296 5713 cxvu

2407 5658 2524 5711 103.
2607 5656 2651 5686 ³⁸
2687 5656 2828 5709 l‘sal.
2891 5672 3088 5717 C‘SH‘II,
3144 5656 3229 5715 l9.
3278 5655 3369 5709 9.0.
3452 5654 3547 5708 ³⁸1
3586 5654 3716 5707 Cor.
3773 5672 3865 5718 ιτ,
3923 5658 4001 5710 56-

720 5723 767 5758 ³⁷
803 5723 947 5779 Psal.
997 5739 1140 5787 sui,
1198 5723 1284 5777 l0.
1361 5723 1405 5753 ³⁸
1437 5723 1614 5778 Galat.
1664 5741 1743 5793 ιιι,
1804 5728 1892 5782 Et}.

704 5794 771 5835 -""
803 5795 937 5848 Luc.
965 5809 1001 5856 t,
1036 5794 1122 5847 δὲ.
1206 5795 1247 5824 ’⁸³
1280 5795 1437 5848 item.
1472 5811 1589 5859 vin,
1612 5794 1701 5850 29.

1974 5730 2016 5762 ”
2051 5730 2252 5799 I‘Ipltes.
2288 5746 2325 5791 ι,
2375 5729 2418 5783 ί.

2533 5728 2580 5757 ⁸⁸
2604 5726 2738 5780 ibid.
2770 5729 2822 5779 3i.
2938 5728 2978 5758 δ’
3008 5726 3179 5781 Exod.
3212 5742 3284 5789 tv.
3309 5726 3399 5780 2:2.
3513 5726 3559 5757 δ’
3587 5725 3745 5778 Rotn.
3775 5743 3899 5791 vni,
3928 5728 3991 5780 £5
