4194 6446
229 449 368 515 1629

1164 452 1562 513 ADV'ERSUS
1597 450 2146 512 NESTORIANOS.
2171 478 2237 489 -
2270 456 2395 514 LIB
2460 458 2571 517 HI.

3358 464 3487 527 [630

230 559 341 614 [δια
373 557 731 629 χαρίσματα,
757 558 821 623 ἐξ
849 551 925 613 ὧν
949 559 1043 613 καὶ
1073 560 1383 632 Move-{cvm
1415 559 1492 631 τῷ
1513 560 1690 631 [Iatth
1720 560 1812 631 ιρ-

1920 562 2067 616 muni
2103 563 2349 617 omnium
2405 564 2565 618 Patre
2623 565 2768 619 Deo:
2803 574 2860 620 et
2896 567 3001 622 alia
3056 568 3220 624 habet
3268 576 3489 643 propria

223 651 409 721 ρήθηο
451 650 569 704 εστι
596 650 654 704 δὲ
705 649 905 719 ταῦτα,
932 651 1152 722 πρῶτον
1205 651 1328 721 μὲν,
1368 653 1451 705 ὅτι
1486 653 1550 705 ὲκ
1591 653 1807 705 πάντων

221 742 441 813 ὁρατῶν
473 742 573 797 καὶ
601 743 853 813 ἀοράτων
876 744 1192 814 κτισμάτων
1224 742 1531 814 ἀφώρισται
1578 745 1672 797 καὶ
1719 743 1813 807 ἑξ-

219 834 466 888 ιίλεκται
495 833 614 906 άμα
640 835 721 905 τῷ
747 831 909 899 εἶναι,
941 836 1037 889 καὶ
1065 835 1166 907 τὴν
1194 835 1288 889 τοῦ
1321 833 1463 890 εἶναι
1492 836 1619 900 Tib;
1648 835 1808 901 ἀξίαν

221 926 403 981 λαϐὼν
432 929 620 999 χάριτι
655 945 671 961 ⁸
702 930 895 1000 ῶσπερ
920 928 976 982 τί
998 946 1086 993 τις
1118 929 1232 992 υἱὸς
1257 928 1522 1000 βασιλέως
1546 928 1642 983 ἐπὶ
1673 945 1807 998 πορ-

220 1020 376 1090 φύρα
420 1020 659 1091 τεχθεὶς,
687 1022 721 1091 ἢ
751 1021 833 1075 ἔτι
878 1021 1179 1093 κυούμενος
1210 1024 1269 1075 ὲν
1317 1023 1502 1097 μήτρα
1535 1022 1809 1091 στεφθεὶς,

217 1110 665 1182 διαζωννυμένης
687 1112 781 1166 τὸν
803 1113 1070 1181 στέφανον
1093 1112 1197 1181 τῆς
1238 1114 1469 1185 μητρὸς,
1523 1114 1664 1185 ὅπερ
1722 1114 1811 1182 γί-

216 1217 373 1255 νεται
400 1201 683 1265 πολλάκις.
720 1204 832 1257 Καὶ
856 1203 1031 1267 οὕτως
1057 1204 1239 1276 ήνώθη
1266 1203 1347 1275 τῷ
1380 1204 1502 1275 Θεῷ
1522 1204 1681 1276 Λόγῳ
1703 1206 1812 1260 ἀπδ

216 1289 451 1363 πρώτης
490 1292 663 1347 αὐτοῦ
719 1296 987 1362 κτίσεως,
1020 1300 1116 1353 καὶ
1146 1300 1271 1363 Υἱὸς
1308 1300 1604 1372 ὠνομάσθη
1632 1303 1695 1355 οὐ
1720 1301 1810 1355 διὰ

215 1384 319 1454 τὴν
385 1385 510 1439 καθ’
570 1388 722 1459 ἡμᾶς
778 1389 1088 1457 υἱοθεσίαν,
1142 1392 1260 1448 ἀλλ’
1318 1394 1392 1456 ὡς
1470 1393 1815 1463 συνημμένος

215 1473 300 1546 τῷ
328 1477 490 1548 Λόγῳ
516 1481 655 1548 πρὸς
696 1481 797 1551 τὴν
850 1484 1060 1537 ἐκείνου
1114 1486 1455 1554 φανέρωσινο
1506 1486 1602 1540 καὶ
1649 1483 1811 1539 αὑτοῦ

216 1572 283 1624 τὸ
343 1572 638 1643 πρόσωπον
679 1573 915 1646 δπέχων,
982 1577 1149 1631 αὑτοῦ
1203 1579 1303 1651 τὴν
1365 1581 1534 1651 τιμὴν
1565 1620 1581 1644 ,
1643 1579 1811 1633 αὐτοῦ

221 1664 329 1733 τὴν
404 1662 563 1729 ἀξίαν
633 1666 818 1740 φόρων
865 1685 881 1701 ο
946 1670 1039 1722 καὶ
1094 1688 1115 1723 ι
1193 1670 1477 1725 Ἐκάθισεν
1543 1672 1602 1722 ὲν
1666 1670 1815 1741 δεξιᾷ

216 1754 315 1808 τοῦ
374 1754 548 1820 Θεοῦ,
601 1757 860 1827 ὑπεράνω
934 1760 1118 1831 πάσης
1176 1761 1422 1825 ἐξουσίας
1478 1761 1574 1815 καὶ
1624 1762 1813 1832 κυριό-

217 1864 391 1918 τητος
444 1849 542 1902 καὶ
592 1849 880 1920 δυνάμεως
904 1891 920 1917 ,
970 1852 1142 1923 ὄνομα
1200 1853 1381 1907 λαθὼν
1439 1853 1621 1923 μεῖζον
1674 1872 1812 1907 παν-

216 1937 316 2001 τὸς
366 1938 635 2010 ὀνόματος
687 1941 1116 2014 ὀνομαζομένου,
1153 1945 1214 1997 οὐ
1267 1945 1427 2015 μόνον
1453 1945 1510 1997 ὲν
1541 1944 1621 2014 τῷ
1652 1944 1809 1998 αίῶνι

213 2027 399 2099 τούτῳ
433 2069 450 2094 ,
515 2031 651 2085 ἀλλὰ
695 2034 792 2086 καὶ
826 2037 884 2088 ὲν
933 2035 1012 2107 τῷ
1050 2037 1337 2107 μέλλοντι·
1368 2057 1387 2088 ι
1428 2065 1498 2077 -
1532 2056 1551 2089 ι
1590 2037 1705 2090 Ἵνα
1754 2037 1811 2090 ἐν

214 2121 303 2193 τῷ
350 2123 578 2195 ὀνόματι
643 2125 822 2197 Ἰησοῦ
879 2130 986 2182 πᾶν
1036 2129 1166 2196 γόνυ
1227 2130 1419 2201 κάμψῃ
1469 2131 1811 2200 ἐπουρανίων

218 2217 323 2268 καὶ
395 2216 657 2283 ἐπιγείων
733 2218 833 2271 καὶ
915 2221 1324 2290 καταχθονίων·
1368 2240 1387 2272 ι
1453 2222 1633 2274 πάντα
1701 2220 1809 2291 γὰρ

218 2308 416 2371 ἁπλῶς
446 2306 712 2375 ὑπέταξεν
744 2310 851 2364 ὑπὸ
875 2312 1004 2375 τοὺς
1037 2313 1203 2376 πόδας
1232 2314 1397 2367 αὑτοῦ
1415 2328 1429 2343 ⁸
1455 2315 1548 2367 καὶ
1591 2313 1683 2367 ἀπ’
1708 2314 1810 2366 αὐ·
1849 2314 1860 2326 '

216 2398 320 2453 τοῦ
349 2400 429 2470 τῷ
459 2399 590 2469 θείῳ
612 2401 791 2472 Λόγῳ,
823 2399 887 2455 οὒ
912 2403 973 2457 τὸ
1004 2405 1299 2473 πρόσωπον
1328 2405 1513 2473 ἐπέχει
1534 2420 1550 2436 ·
1578 2405 1673 2457 καὶ
1702 2403 1814 2457 ἀπ’

218 2491 461 2556 ἐκείνου,
484 2493 563 2563 τῷ
582 2493 759 2565 Πατρὶ
778 2494 858 2565 τῷ
881 2496 1171 2566 ἀχωρίστῳ
1196 2496 1383 2557 αὑτοῦ,
1411 2496 1528 2566 αμα
1544 2494 1623 2564 τῷ
1644 2493 1812 2547 Πνεῦ-

222 2602 359 2658 ματι
396 2586 477 2657 τῷ
503 2587 646 2659 ἁγίῳ
669 2604 685 2621 ⁸
715 2589 809 2642 καὶ
841 2588 986 2642 οὕτω
1021 2590 1295 2660 μεσιτεύει
1325 2588 1446 2658 Θεῷ
1478 2588 1575 2641 καὶ
1601 2586 1813 2659 ἀνθρώ-

220 2696 353 2740 ποις
385 2695 399 2708 ο
427 2677 637 2734 τούτων
659 2678 718 2732 δὲ
743 2680 896 2734 οὐδὲν
926 2679 1088 2734 πλέον
1119 2680 1270 2750 αὐτῷ
1313 2696 1443 2733 ποτε
1474 2679 1804 2750 παρέξουσιν

216 2771 272 2825 οἱ
308 2769 556 2825 συνθέσει
596 2770 852 2838 λέγοντες
881 2772 979 2825 τοῦ
1007 2772 1184 2840 Λόγου
1221 2772 1317 2825 καὶ
1362 2770 1457 2825 τοῦ
1494 2770 1809 2842 ἀνθρώπου,
1853 2782 1863 2789 ‘

218 2861 320 2916 τὸν
355 2862 594 2932 Χριστὸν
640 2862 939 2932 ὑφεστάναι
972 2881 989 2897 ·
1022 2865 1073 2917 εί
1113 2864 1171 2917 δὲ
1225 2864 1433 2918 τούτων
1479 2863 1815 2933 ἀσύγκριτος

219 2955 338 3007 τῶν
368 2953 655 3007 υίοθεσιῶν
678 2957 714 3026 η
740 2955 1063 3027 παράθεσις,
1096 2955 1214 3020 πῶς
1250 2972 1414 3026 φασιν
1439 2956 1519 3008 ὅτι
1549 2954 1815 3024 ὁμότιμον

220 3045 363 3113 ἡμῖν
415 3049 599 3114 φαμεν
633 3044 729 3097 τὸν
771 3045 1006 3116 Χριστόν
1038 3062 1052 3111 ς
1089 3045 1223 3099 διότι
1247 3047 1307 3099 οὒ
1338 3045 1497 3115 φύσει
1518 3045 1667 3108 Υίδν,
1695 3043 1816 3097 οῦδὲ

221 3135 396 3190 αὑτὸν
442 3132 772 3203 θεοῦ,ἀλλὰ
824 3138 1007 3206 χάριτι
1065 3136 1424 3190 υίοθετεῖσθαι
1477 3134 1810 3205 δοξάζομεν·

1910 654 2075 719 dona,
2097 668 2166 707 ex
2195 655 2399 725 quibus
2427 655 2755 725 Unigenitus
2786 673 2816 712 a
2846 659 3004 713 Patre
3028 660 3213 716 dictus
3240 673 3344 716 est.
3367 663 3490 719 Hmc

1910 760 2043 799 vero
2072 753 2225 809 sunt,
2274 747 2515 816 primum
2550 747 2775 817 quidem
2809 764 2875 802 ex
2910 751 3126 805 cunctis
3172 752 3491 811 visibilibus

1909 844 1965 892 et
1994 836 2372 891 invisibilibus
2414 840 2688 895 creaturis
2728 851 3015 911 separatus
3055 851 3112 897 et
3153 844 3365 899 electus
3407 854 3491 899 est

1911 928 2078 984 simul
2122 943 2186 982 ac
2232 928 2361 993 fuit,
2385 937 2438 983 et
2473 946 2592 984 esse
2628 932 2802 986 Filius
2835 935 3007 1003 gratia
3034 934 3236 1005 dignus
3265 935 3494 991 habitus

1910 1024 2033 1075 est:
2070 1020 2303 1088 perinde
2333 1036 2396 1076 ac
2435 1021 2480 1075 si
2521 1021 2667 1077 ﬁlius
2698 1024 2841 1094 regis
2872 1026 2925 1079 in
2958 1040 3206 1096 purpura
3244 1028 3487 1096 genitus,

1912 1121 2008 1167 aut
2038 1113 2219 1167 adhuc
2265 1115 2320 1168 in
2362 1123 2555 1169 ventre
2596 1118 2791 1171 matris
2824 1129 3145 1182 coronatus,
3180 1121 3492 1190 praecincta:

1914 1204 2110 1258 matris
2133 1220 2393 1260 coronam
2422 1207 2719 1276 acciperet,
2746 1208 2893 1277 quod
2928 1207 2989 1262 ﬁt
3019 1225 3180 1280 saepe.
3202 1212 3279 1265 Ita
3301 1214 3492 1265 unitus

1913 1307 1998 1354 est
2027 1300 2140 1355 Deo
2165 1301 2349 1356 Verbo
2396 1317 2424 1355 a
2470 1302 2644 1371 prima
2675 1300 2853 1371 ipsius
2899 1302 3202 1365 creatione,
3232 1313 3287 1357 et
3317 1305 3494 1360 Filius

1916 1393 2223 1463 appellatus
2252 1403 2336 1447 est
2372 1409 2482 1446 non
2521 1401 2748 1463 propter
2780 1393 3088 1449 secundum
3116 1410 3216 1449 nos
3249 1395 3489 1450 ﬁliorum

1915 1479 2290 1548 adoptionem,
2334 1479 2430 1533 sed
2466 1492 2524 1533 ut
2559 1481 2741 1535 Verbo
2776 1482 2968 1536 unitus
3013 1483 3081 1536 ad
3116 1475 3266 1538 i‘liius
3313 1487 3489 1537 mani-

1916 1570 2296 1625 festationem:
2347 1580 2404 1624 et
2456 1572 2604 1627 illius
2660 1588 2949 1642 personam
2997 1576 3261 1641 retinens,
3316 1573 3491 1645 ipsius

1916 1663 2209 1718 honorem.
2241 1662 2418 1731 ipsius
2440 1663 2670 1733 gloriam
2702 1680 2814 1734 prae
2845 1681 2904 1720 se
2943 1665 3164 1720 ferens:
3192 1677 3247 1721 et
3283 1687 3302 1719 ι
3345 1666 3482 1721 Cun-

1917 1753 2096 1807 stituit
2123 1752 2191 1807 ad
2205 1752 2489 1808 dexteram
2514 1753 2634 1819 Dei,
2664 1755 2719 1808 in
2744 1756 3068 1810 crelestibus
3091 1773 3253 1826 supra
3271 1772 3489 1812 onmem

1916 1845 2288 1916 principatum
2308 1855 2364 1900 et
2386 1846 2820 1902 dominationem
2836 1858 2893 1903 et
2915 1858 3266 1919 potestatem,
3286 1865 3490 1905 nomen

1915 1936 2126 1993 habens
2154 1939 2331 2009 majus
2370 1939 2522 1993 omni
2574 1941 2797 1994 nomine
2829 1940 2977 2009 quod
3007 1942 3346 2005 nominatur,
3377 1956 3490 1995 non

1914 2030 2092 2084 solum
2135 2030 2193 2085 in
2237 2030 2345 2086 hoc
2384 2031 2606 2096 sazculo,
2634 2031 2732 2085 sed
2759 2032 2927 2086 etiam
2960 2033 3015 2086 in
3045 2033 3325 2086 futuro":
3364 2054 3383 2085 ι
3414 2035 3488 2086 ita

1921 2146 1938 2172 ο
1983 2130 2043 2177 ut
2091 2122 2146 2175 in
2184 2108 2409 2176 nomine
2442 2118 2568 2177 Jeéu
2603 2137 2766 2177 omne
2830 2140 2974 2193 genu
3022 2123 3275 2178 ﬂectatur
3319 2131 3493 2178 terre-

1914 2211 2136 2278 atrium,
2179 2214 2486 2269 cmlestium
2509 2223 2564 2268 et
2587 2215 2931 2269 inl'ernorum
2952 2216 3030 2270 δίε
3068 2235 3085 2267 ι
3135 2216 3317 2270 omnia
3344 2220 3491 2269 enim

1914 2300 2245 2375 simpliciter
2291 2305 2529 2375 subjecit
2578 2307 2685 2361 sub
2742 2307 2980 2378 pedibus
3018 2309 3141 2378 ejus
3164 2308 3245 2362 ":
3296 2320 3352 2362 et
3393 2321 3494 2377 per

1915 2395 2096 2467 ipsum
2133 2396 2325 2451 divino
2342 2397 2550 2463 Verbo,
2574 2398 2736 2468 cujus
2756 2413 3051 2468 personam
3082 2400 3288 2453 retinet
3310 2406 3368 2452 et
3395 2411 3494 2467 per

1914 2488 2081 2544 istum
2128 2489 2278 2545 Patri
2334 2490 2404 2545 ab
2458 2491 2579 2560 ipso
2632 2490 2987 2560 inseparabili
3036 2492 3200 2546 simul
3258 2498 3313 2545 et
3367 2506 3494 2545 cum

1914 2582 2125 2654 Spiritu
2159 2591 2351 2639 sancto
2372 2582 2695 2654 participat:
2720 2593 2777 2638 et
2807 2584 2881 2638 ita
2912 2584 3189 2640 mediator
3209 2593 3293 2639 est
3318 2584 3413 2638 Dei
3441 2592 3498 2639 et

1914 2675 2304 2731 hominum":
2359 2676 2497 2731 nihil
2544 2687 2729 2731 autem
2792 2677 3029 2747 amplius
3087 2678 3193 2748 ipsi
3251 2692 3495 2746 unquam

1914 2768 2244 2839 praebebunt
2300 2767 2395 2837 qui
2452 2778 2707 2823 asserunt
2770 2768 3168 2838 compositione
3217 2768 3382 2824 Verbi
3440 2778 3498 2823 ct

1918 2856 2166 2914 hominis
2219 2858 2500 2914 Christum
2559 2857 2909 2914 substitisse:
2960 2861 3006 2915 si
3074 2876 3209 2916 vero
3265 2863 3499 2915 istarum

1918 2948 2157 3004 ﬁliorum
2198 2949 2559 3019 adoptionum
2591 2949 2710 3005 ﬁeri
2738 2952 2927 3021 nequit
2971 2955 3333 3023 comparatio,
3360 2968 3500 3024 quo-

1916 3039 2088 3094 modo
2119 3039 2314 3094 dicunt
2343 3055 2447 3095 nos
2474 3040 2665 3096 dicere
2717 3042 2838 3111 pari
2891 3042 3104 3099 honore
3146 3059 3212 3099 ac
3245 3059 3347 3098 nos
3377 3058 3501 3100 esse

1916 3130 2244 3186 Christum?
2277 3133 2407 3189 Ideo
2472 3149 2581 3187 non
2631 3142 2831 3187 natura
2873 3134 3100 3201 Filium,
3149 3152 3261 3189 non
3317 3137 3501 3206 ipsum

224 3225 356 3279 οὔτε
389 3225 498 3298 γὰρ
514 3226 599 3291 τδ,
630 3226 780 3291 υἱοὺς
811 3226 1089 3294 λέγεσθαι,
1115 3226 1237 3280 οὐδὲ
1288 3227 1350 3280 τὸ
1394 3229 1577 3298 χάριτι
1633 3224 1812 3279 υἱοθε-

1920 3224 2040 3287 Dei,
2067 3225 2161 3280 sed
2185 3225 2359 3295 gratia
2374 3224 2570 3279 Filium
2598 3225 2847 3296 adoptari
2874 3227 3199 3296 opinamur:
3219 3241 3328 3281 non
3352 3228 3500 3282 enim

221 3316 463 3377 τείσθαι,
493 3316 628 3381 τούς
676 3334 735 3370 τε
784 3316 1106 3387 ἅῗιθρὼπους
1159 3318 1488 3382 πάνταςκαὶ
1531 3319 1658 3381 τοὺς
1684 3317 1815 3371 Ἰουο

221 3406 419 3469 δαίους
464 3407 561 3459 καὶ
601 3407 729 3471 τοὺς
782 3408 1169 3477 Χριστιανοὺς,
1217 3409 1313 3460 καὶ
1354 3408 1447 3462 τὸν
1485 3407 1721 3479 Χριστὸν
1757 3411 1816 3460 ὲν

224 3496 421 3568 ὀλίγῳ,
450 3498 484 3569 ἢ
512 3499 664 3565 παρὰ
689 3499 753 3552 τδ
788 3499 990 3570 μᾶλλον
1017 3501 1114 3554 καὶ
1138 3494 1301 3571 ἦττον
1325 3499 1440 3569 εχει
1487 3499 1588 3570 τὴν
1630 3499 1818 3568 διαιρο-

231 3592 339 3662 ρὲν
358 3588 649 3644 δέδεικται.

308 3682 455 3751 Πρὸς
496 3680 621 3735 τάδε
659 3678 752 3736 οὖν
782 3683 962 3736 πάντα
994 3685 1095 3738 σὺν
1121 3683 1242 3754 θεῷ
1287 3700 1489 3755 φαμεν,
1533 3683 1612 3737 ὃτι
1648 3682 1817 3748 δντως

231 3772 475 3842 διαφορὰ
500 3771 616 3825 ἔστι
639 3773 809 3828 τῶνδε
845 3775 957 3827 τῶν
982 3778 1123 3829 κατὰ
1151 3776 1314 3848 χάριν
1342 3774 1599 3829 δοθεισῶν
1640 3775 1817 3828 υἱοθε-

242 3864 405 3916 σιιῖιν⁸
433 3861 487 3916 τί
513 3859 606 3917 οὖν
639 3881 813 3933 ipa-ts;
846 3867 880 3935 ἡ
924 3866 1047 3920 καθ’
1090 3869 1239 3937 ἡμᾶς
1280 3869 1407 3930 τοὺς
1456 3866 1819 3937 Χριστιανοὺς

231 3952 501 4019 υἱοθεσία,
534 3957 945 4026 πνευματικῶς
972 3956 1081 4009 ἀπὸ
1106 3958 1378 4026 σαρκικῆς
1405 3956 1620 4026 φύσεως
1654 3972 1821 4026 μετα-

229 4041 468 4100 ποιοῦσα
501 4049 558 4099 ὲν
578 4045 657 4116 τῷ
689 4046 954 4117 μέλλοντι,
985 4050 1082 4102 καὶ
1116 4048 1421 4111 ἀθανάτους
1464 4049 1587 4101 ἀντὶ
1611 4047 1822 4117 θνητῶν

227 4134 514 4198 δεικνῦσα,
538 4136 634 4189 καὶ
665 4136 985 4206 ἐλευθέρους
1012 4138 1111 4208 τὴν
1136 4138 1301 4204 φύσιν
1330 4140 1451 4193 ἀντὶ
1478 4138 1700 4202 δούλων,
1728 4139 1824 4192 καὶ⁵

230 4224 478 4295 ἀφόϐους
509 4226 613 4296 τὴν
651 4227 798 4297 ζωὴν
829 4230 1012 4283 πᾶσαν
1035 4231 1164 4294 τοὺς
1190 4232 1249 4283 ὲν
1288 4230 1464 4299 θλίψει
1496 4230 1593 4283 καὶ
1625 4230 1684 4282 ἐν
1708 4228 1825 4283 666-

230 4335 358 4382 ναις
390 4318 498 4372 ἀεί·
528 4320 623 4373 καὶ
644 4321 704 4373 ὲν
734 4322 1007 4393 εὐμαρείᾳ
1059 4323 1186 4385 τοὺς
1215 4324 1275 4376 ὲν
1302 4321 1699 4391 περισπασμῷ,
1728 4322 1825 4375 καὶ

229 4412 660 4482 ἀναμαρτήτους
709 4413 803 4466 τὸν
842 4414 960 4485 βίον
985 4416 1107 4470 ἀντὶ
1136 4416 1500 4486 ἁμαρτωλῶν,
1540 4416 1637 4469 καὶ
1662 4415 1825 4485 ἀτρέ-

232 4519 411 4566 πτους
447 4503 570 4556 ἀντὶ
595 4504 845 4574 τρεπτῶν
873 4504 971 4575 τὴν
1016 4507 1231 4571 οὐσίαν,
1284 4507 1361 4571 ὡς
1406 4507 1541 4578 μηδὲ
1598 4507 1825 4576 δυνάμει

1917 3317 2065 3371 inter
2112 3317 2252 3372 ﬁlios
2307 3317 2417 3372 dici
2472 3326 2530 3372 et
2579 3318 2753 3388 gratia
2805 3318 2947 3374 ﬁlios
3000 3318 3254 3389 adoptari
3310 3333 3505 3375 omnes

1918 3409 2172 3464 homines
2207 3418 2266 3464 et
2289 3409 2508 3465 Judzeos
2533 3418 2590 3465 et
2614 3410 2968 3465 Christianos
2994 3421 3052 3466 et
3076 3411 3361 3467 Christum
3396 3412 3503 3467 sub

1919 3515 2090 3570 parvo
2120 3510 2394 3570 respectu.
2424 3516 2533 3555 non
2557 3501 2777 3557 exsistit
2805 3501 2872 3556 ad
2903 3502 3025 3572 plus
3040 3512 3097 3558 et
3129 3502 3316 3558 minus
3344 3501 3507 3558 diffe-

1923 3592 2123 3656 rentia,
2158 3600 2219 3646 ut
2253 3601 2626 3647 monstratum
2655 3601 2762 3647 est.

1996 3684 2205 3738 Praeter
2227 3683 2343 3738 hare
2366 3682 2534 3753 igitur
2559 3683 2745 3738 omnia
2790 3699 2914 3739 cum
2968 3684 3082 3739 Deo
3112 3684 3351 3740 dicimus
3370 3701 3504 3741 vere

1920 3790 2043 3830 esse
2067 3774 2436 3828 ditl'erentiam
2457 3773 2604 3829 inter
2620 3774 2741 3831 illas
2762 3775 3067 3830 secundum
3092 3776 3322 3847 gratiam
3347 3776 3505 3833 datas

1922 3867 2161 3921 ﬁliorum
2191 3866 2554 3935 adoptiones:
2582 3866 2716 3935 quid
2765 3866 2936 3936 igitur
2979 3865 3210 3922 dicitis?
3238 3867 3504 3921 Filiorum

1922 3957 2147 4029 adoptio
2177 3958 2321 4028 apud
2354 3974 2457 4013 nos
2487 3957 2855 4022 Christianos,
2892 3958 3209 4030 spirituales
3237 3975 3269 4014 a
3296 3959 3505 4014 carnali

1922 4058 2119 4103 natura
2143 4047 2388 4103 eﬂiciens
2421 4050 2478 4103 in
2516 4048 2729 4114 futuro,
2756 4058 2811 4103 et
2854 4049 3195 4104 immortales
3224 4065 3326 4120 pro
3356 4065 3507 4104 mor-

1924 4141 2128 4195 talibus
2156 4140 2481 4205 ostendens,
2515 4150 2572 4195 et
2604 4149 2802 4195 natura
2844 4140 3052 4195 liberos
3082 4154 3196 4210 'pro
3225 4140 3420 4203 servis,
3450 4148 3509 4196 et

1924 4232 2045 4287 sine
2064 4234 2263 4287 timore
2277 4248 2379 4303 per
2397 4242 2564 4286 totam
2583 4236 2753 4287 vitam
2774 4233 3131 4287 tribulatione
3146 4241 3203 4287 et
3219 4233 3509 4289 doloribus

1926 4340 2147 4395 semper
2175 4325 2512 4390 laborantes,
2536 4333 2593 4380 et
2627 4326 2683 4380 in
2715 4325 3125 4396 tranquillitate
3151 4325 3246 4396 qui
3271 4332 3427 4380 erant
3452 4327 3507 4380 in

1927 4417 2217 4488 angustiis,
2266 4427 2324 4473 ct
2374 4418 2700 4473 innocentes
2730 4434 2832 4489 pro
2868 4417 3277 4488 peccatoribus,
3307 4424 3362 4473 et
3408 4416 3511 4472 im-

1928 4508 2225 4563 mutabiles
2265 4524 2369 4579 pro
2395 4508 2758 4563 mutabilibus
2780 4507 3086 4563 secundum
3115 4507 3508 4573 substantiam,

233 4594 386 4664 εχειν
414 4593 602 4648 λοιπὸν
628 4597 691 4649 τὸ
720 4597 990 4669 σφαλερὸν
1037 4598 1104 4651 δι’
1130 4593 1192 4653 οὗ
1226 4598 1287 4652 τὸ
1330 4600 1626 4670 τιμωρίαις
1651 4597 1821 4653 ὑπεύ-

1932 4600 2009 4654 ita
2042 4609 2105 4653 ut
2131 4599 2398 4669 deinceps
2424 4615 2535 4653 non
2563 4601 2741 4670 possit
2781 4614 3078 4655 occurrere
3109 4599 3243 4669 quid
3288 4597 3512 4669 pericu-

236 4686 436 4740 θυνονο
480 4683 594 4759 ἆρά
644 4704 708 4756 γε
766 4688 1055 4761 διαφόρους
1092 4692 1241 4744 ποιεῖ
1287 4692 1409 4743 κατ’
1454 4690 1643 4743 οὐσίαν
1694 4691 1822 4755 τοὺς

240 4779 508 4849 μετόχους
555 4781 758 4851 αὐτῆς,
811 4784 964 4853 παρὰ
1027 4787 1154 4849 τοὺς
1217 4787 1478 4856 μετόχους
1529 4787 1627 4855 τῆς
1691 4785 1824 4838 Ἰου-

233 4868 435 4939 δαϊκῆς
496 4870 811 4937 υἱοθεσίας,
878 4873 1000 4944 ἦτις
1066 4873 1296 4946 θνητοὺς
1350 4875 1431 4929 ἑτι
1502 4878 1599 4929 καὶ
1661 4892 1825 4929 πται-

238 4962 405 5024 στοὺς
456 4962 552 5015 καὶ
614 4962 837 5029 δούλους
890 4965 987 5019 καὶ
1040 4967 1337 5036 ἐμφόϐους,
1396 4970 1492 5021 καὶ
1549 4983 1827 5038 τιμωρου-

242 5054 465 5125 μένους,
516 5054 616 5107 καὶ
665 5055 724 5108 ἑν
784 5054 1021 5127 πληγαῖς
1069 5056 1310 5111 δείκνυσι
1372 5060 1498 5122 τοὺς
1556 5059 1677 5111 κατ’
1725 5059 1826 5111 αὐ·-

238 5147 372 5208 τοίις
397 5144 870 5218 υίοθιτουμένους,
902 5149 935 5220 ἢ
967 5149 1126 5219 οὕχί;
1159 5152 1207 5203 τί
1234 5149 1292 5203 δὲ
1342 5152 1562 5214 πάντως
1603 5151 1664 5203 τὸ
1691 5151 1828 5204 ἀθά-

237 5253 405 5291 νατον
434 5233 574 5301 ζῶον
601 5240 697 5293 καὶ
728 5238 1021 5312 ἄτρεπτον,
1049 5243 1144 5296 καὶ
1174 5242 1245 5296 τὰ
1291 5241 1456 5296 λοιπά
1488 5242 1825 5313 ἑτεροούσιον

234 5328 340 5383 τοῦ
360 5329 562 5401 θνητοῦ
587 5333 683 5387 καὶ
706 5332 946 5404 τρεπτοῦ
979 5335 1075 5388 καὶ
1094 5336 1162 5388 τὰ
1190 5336 1354 5407 ὃμοια
1386 5337 1826 5407 ὲπιδεδειγμένου

242 5422 387 5487 ἐστὶ,
422 5423 730 5494 σκοπητέον
768 5422 956 5478 λοιπὸν
990 5428 1086 5480 καὶ
1116 5429 1216 5498 τὴν
1262 5428 1405 5481 κατά
1448 5428 1685 5500 Χριστὸν
1715 5432 1869 5481 υἱον

241 5511 458 5568 θεσίαν⁸
484 5508 597 5583 ἆρά
611 5531 675 5583 γε
699 5517 800 5570 οὐκ
829 5517 1039 5572 εἴποιτε
1067 5523 1163 5573 καὶ
1189 5520 1360 5589 αὐτὴν
1380 5519 1632 5573 τοσοῦτον
1663 5520 1831 5590 ὑπερ.

241 5602 394 5675 ἐχειν
422 5602 524 5672 τῆς
557 5604 681 5657 καθ’
711 5606 859 5677 ἡμᾶς
908 5608 1036 5671 τοὺς
1083 5608 1306 5671 λοιποὺς
1336 5608 1659 5681 ἀνθρώπους
1688 5610 1831 5678 Χρι-

246 5697 498 5760 στιανοὺς
532 5697 824 5764 υἱοθεσίας,
854 5699 957 5753 κᾶν
979 5701 1103 5753 ὅσον
1131 5717 1195 5769 γε
1224 5703 1257 5771 ἡ
1280 5703 1529 5773 ἡμετέρα
1557 5700 1656 5769 τῆς
1695 5702 1826 5755 Ἰου-

295 5854 336 5883 η
369 5850 565 5911 Edbes.
591 5853 824 5922 5203!.
869 5857 915 5889 ⁸⁴⁸
937 5857 1176 5930 Philipp.
1217 5877 1275 5915 ιι.
1306 5861 1391 5917 10.
1472 5863 1514 5894 ⁵⁷
1542 5861 1748 5932 Ephes.
1772 5862 1913 5929 1,22.

1925 4690 2109 4747 losum
2132 4699 2429 4761 propterea
2452 4691 2599 4760 quod
2618 4690 2907 4760 suppliciis
2928 4689 3064 4744 nihil
3086 4690 3156 4743 sit
3176 4688 3509 4743 obnoxium:

1927 4796 2070 4836 anne
2105 4782 2429 4837 diﬂ‘erentes
2463 4781 2595 4837 facit
2625 4782 2930 4837 secundum
2964 4778 3333 4834 substantiam
3381 4795 3511 4849 par-

1930 4874 2130 4944 ticipes
2180 4874 2360 4944 ipsius
2382 4889 2411 4926 a
2434 4874 2804 4944 participibus
2835 4873 3079 4929 Iudaicae
3113 4872 3514 4925 ﬁliorum-ado-

1930 4963 2159 5033 ptionis,
2193 4980 2315 5034 qua:
2338 4965 2602 5018 mortales
2634 4965 2817 5019 adhuc
2845 4972 2903 5017 et
2931 4964 3196 5033 deceptos
3242 4973 3298 5016 et
3322 4976 3513 5015 servos

1930 5064 1986 5110 et
2018 5055 2360 5119 terrel'actos,
2388 5062 2445 5110 et
2474 5056 2727 5119 afﬂictos,
2750 5056 2885 5109 etin
2906 5054 3080 5125 plagis
3098 5053 3343 5108 ostendit
3367 5052 3511 5122 apud

1933 5147 2085 5217 ipsos
2130 5146 2186 5200 in
2234 5147 2590 5216 adoptionem
2655 5156 2931 5218 receptos,
2985 5163 3056 5202 an
3112 5143 3350 5201 non?Si
3381 5160 3513 5199 vero

1933 5239 2160 5293 omnino
2184 5239 2496 5294 immortale
2523 5239 2719 5294 vivens
2746 5248 2803 5294 et
2826 5239 3168 5293 immutabile
3189 5245 3246 5292 et
3275 5235 3512 5306 reliqua,

1931 5332 2159 5387 alterius
2186 5341 2274 5386 est
2299 5331 2624 5386 substantiae
2644 5347 2709 5386 ac
2731 5334 2877 5402 quod
2906 5331 3142 5385 mortale
3166 5337 3218 5385 et
3253 5328 3517 5383 mutabile

1930 5431 1986 5477 et
2017 5422 2241 5486 similia,
2282 5422 2600 5486 exhibetur,
2643 5422 3046 5478 consideranda
3109 5430 3196 5478 est
3253 5420 3519 5489 deinceps

1935 5514 2080 5584 apud
2113 5513 2397 5570 Christum
2451 5514 2689 5570 ﬁliorum
2739 5515 2997 5586 adoptio:
3034 5515 3229 5571 Nonne
3256 5512 3520 5569 diceretis

1935 5616 1993 5661 et
2022 5607 2194 5677 ipsam
2230 5616 2444 5661 tantum
2478 5608 2749 5663 excellere
2777 5607 3017 5663 ﬁliorum
3048 5606 3343 5676 adoptione
3369 5604 3520 5674 apud

1937 5717 2039 5755 nos
2067 5711 2297 5757 caeteros
2341 5701 2598 5757 homines
2646 5701 3000 5766 christianos,
3030 5710 3299 5772 quantum
3329 5706 3525 5756 nostra

2112 5861 2200 5916 "1
2225 5860 2367 5915 Tim.
2405 5877 2460 5927 ll,
