4194 6446
722 427 850 491 [531

1983 429 2291 490 LEONTII
2339 432 2646 500 ΒϊΖΑΝΤι
2661 441 2741 500 Νι

3855 439 3991 502 1662

715 540 972 606 Judaica,
999 556 1068 595 ne
1104 541 1282 596 diram
1316 541 1446 612 quid
1479 541 1762 613 amplius?
1793 543 1848 597 Si
1883 543 2032 596 enim
2064 558 2172 595 non
2208 559 2304 596 cx—

2422 551 2621 623 Ξαῑκῆς,
2657 555 2741 605 ἵνα
2797 553 2871 621 μὴ
2925 550 3070 617 λέγω
3125 567 3178 602 τι
3230 549 3452 615 πλεῖον;
3489 550 3558 607 Εἰ
3603 551 3840 623 μὲνγὰρ
3896 554 3991 623 οὐχ

717 633 892 697 cellit,
921 648 1052 687 ecce
1085 632 1229 702 apud
1259 649 1362 688 nos
1393 636 1447 689 in
1485 635 1763 704 dignitate
1798 633 1977 688 solum
2005 633 2304 686 Christiani

716 724 975 778 Christus
1015 731 1134 778 est:
1163 725 1206 778 si
1232 740 1368 780 vero
1399 726 1671 780 excellere
1701 739 1821 778 eam
1849 724 2075 778 omnino
2099 723 2304 786 dicitis,

719 816 865 869 sicut
923 824 980 868 et
1035 818 1150 886 jam
1214 816 1586 877 eoneessistis,
1645 823 1796 869 certe
1851 815 2200 884 superiorem
2251 821 2308 866 et

719 909 902 977 ipsum
937 910 1124 965 effecit
1151 919 1336 964 nostra
1369 909 1676 964 substantia
1709 919 1922 963 tantum
1952 915 2223 977 quantum
2250 913 2306 960 et

718 1015 824 1054 nos
870 1000 1060 1056 ﬁdeles
1113 1001 1428 1056 inﬁdelibus
1481 1002 1802 1072 superiores
1863 1000 2064 1056 etliciet
2119 1007 2306 1054 nostra

721 1092 963 1146 ﬁliorum
995 1091 1244 1162 adoptio.

788 1182 1060 1253 Superior
1089 1184 1258 1254 igitur
1289 1183 1452 1240 nobis
1488 1184 1835 1248 hominibus,
1865 1193 1922 1238 et
1958 1181 2096 1254 ipsis
2139 1182 2307 1251 spiri-

721 1273 964 1329 tualibus
976 1275 1308 1330 Christianis
1323 1275 1630 1330 secundum
1648 1273 2016 1329 substantiam
2029 1271 2306 1337 Christus,

720 1364 856 1435 quid
907 1363 1073 1434 igit‘ur
1119 1367 1228 1420 erit
1282 1367 1594 1421 secundum
1650 1365 1946 1421 naturam?
1997 1363 2108 1418 Aut
2156 1371 2308 1416 certe

723 1456 1010 1511 cherubim
1057 1465 1156 1510 aut
1201 1459 1450 1527 angelus,
1504 1467 1602 1511 aut
1649 1457 1852 1525 aliquis
1895 1470 1962 1509 ex
1997 1453 2312 1524 legionibus

721 1565 846 1617 qua:
877 1555 1006 1602 sunt
1065 1549 1120 1601 in
1176 1549 1383 1610 medio,
1443 1557 1540 1602 aut
1584 1549 1731 1602 Deus
1780 1561 1912 1600 vere
1970 1545 2308 1600 necessario.

719 1637 856 1691 Cum
908 1637 1074 1707 igitur
1117 1638 1373 1706 angelum
1413 1636 1531 1691 ﬁeri
1581 1637 1760 1707 ipsum
1799 1635 2112 1689 secundum
2176 1633 2309 1688 sub-

721 1731 1004 1792 stantiam,
1051 1729 1120 1783 ab
1154 1728 1416 1783 omnibus
1445 1726 1765 1782 omnimode
1803 1725 2180 1794 improbatum
2215 1725 2308 1787 sit,

721 1824 1281 1894 etavobismetipsis,
1323 1823 1484 1876 fallax
1509 1823 1620 1876 erit
1659 1829 1754 1874 aut
1785 1819 2104 1872 humanitas
2145 1817 2306 1872 Verbi

2412 644 2692 714 ὑπερέχει,
2733 645 2842 697 ἰδοὺ
2878 642 3000 697 καθ’
3028 645 3176 714 ἡμᾶς
3217 644 3275 694 ὲν
3313 642 3442 712 ἀξίᾳ
3469 644 3631 711 μόνον
3663 645 3993 714 Χριστιανοῦ

2407 737 2435 787 ὁ
2466 738 2698 807 Χριστός
2729 739 2877 790 ἐστιν
2900 753 2914 767 ·
2943 739 2992 790 εί
3024 737 3081 790 δὲ
3115 736 3176 790 τὸ
3211 735 3504 806 ὑπερέχειν
3555 736 3729 806 αὐτὴν
3775 738 3996 800 πάντως

2409 828 2567 896 φατὲ,
2605 825 2786 889 καθὼς
2833 828 2924 879 καὶ
2975 827 3077 899 ήδη
3117 825 3410 892 δεδώκατε,
3465 825 3572 896 ἄρα
3607 842 3670 892 γε
3715 826 3995 896 κρείττονα

2410 921 2505 972 καὶ
2540 919 2704 974 αὐτὸν
2733 918 3004 987 πεποίηκε
3047 917 3149 988 τῆς
3177 917 3300 971 καθ’
3335 918 3483 986 ἡμᾶς
3519 917 3708 980 οὐσίας
3740 917 3996 970 τοσοῦτον

2407 1011 2534 1064 ὅσον
2560 1011 2659 1065 καὶ
2689 1012 2838 1081 ἡμᾶς
2864 1009 2994 1073 τοὺς
3019 1010 3243 1074 πιστοὺς
3265 1009 3373 1061 τῶν
3406 1009 3656 1062 ἀπίστων
3682 1009 3997 1079 κρείττονας

2410 1104 2630 1173 ποιήσει
2655 1103 2690 1173 ἡ
2719 1101 2966 1173 ἡμετέρα
2995 1101 3258 1154 υἱοθεσία.

2478 1191 2761 1261 Κρείττων
2793 1185 2886 1244 οὖν
2935 1189 3096 1261 ἡμῶν
3146 1190 3257 1243 τῶν
3303 1189 3631 1262 ἀνθρώπων,
3685 1193 3783 1244 καὶ
3824 1191 4001 1244 αὐτῶν

2408 1281 2518 1336 τῶν
2541 1281 2931 1353 πνευματικῶν
2961 1281 3308 1352 Χριστιανῶν
3337 1284 3460 1338 κατ’
3491 1283 3680 1336 οὐσίαν
3710 1282 3788 1336 ῶν
3811 1285 3841 1335 ὁ
3863 1283 3907 1335 Χ
3918 1299 3994 1349 ρι-

2411 1374 2556 1441 στὸς,
2591 1376 2644 1428 τί
2674 1374 2783 1446 ἄρα
2813 1373 2962 1428 ἔσται
2993 1373 3091 1445 τὴν
3145 1374 3358 1443 φύσιν;.
3389 1375 3422 1446 ἢ
3455 1375 3561 1445 γάρ
3610 1373 3898 1445 Χερουϐὶμ
3923 1411 3938 1436 ,
3969 1374 4001 1441 ἢ

2409 1465 2668 1535 ἄγγελος,
2705 1466 2739 1536 ἦ
2777 1483 2830 1517 τι
2863 1465 2971 1518 τῶν
3003 1466 3061 1518 ὲν
3109 1465 3261 1535 μέσῳ
3280 1464 3658 1536 ταγμάτων,ἢ
3705 1464 3842 1527 Θεὸς
3870 1465 4002 1534 diuq-

2411 1558 2520 1621 θῶς
2551 1557 2610 1624 ἐξ
2645 1557 2914 1624 ἀνάγκης·
2955 1556 3081 1610 ἐπεὶ
3110 1553 3204 1610 οὖν
3249 1557 3312 1610 τὸ
3342 1556 3577 1624 ἄγγελον
3607 1556 3874 1624 γενέσθαι
3904 1556 4003 1608 αὒ-

2408 1647 2502 1699 τὸν
2529 1646 2629 1718 τὴν
2660 1646 2872 1709 οὐσίαν,
2909 1646 3044 1700 πᾶσι
3087 1647 3264 1716 πάντη
3305 1645 3712 1714 άπαράδεκτον,
3743 1645 3844 1698 καὶ
3878 1645 4005 1713 ὑμῖν

2410 1739 2466 1791 δὲ
2511 1739 2697 1802 αὐτοῖς
2732 1737 2958 1808 (ψευδὴς
2988 1737 3099 1808 γὰρ
3127 1737 3281 1790 ἔσται
3304 1738 3339 1808 ἧ
3365 1755 3426 1791 τε
3467 1736 3889 1806 ὲνανθρὼπησις
3912 1735 4003 1789 τοῦ

2413 1830 2610 1896 Λόγου,
2648 1829 2741 1882 καὶ
2775 1831 2809 1897 ἡ
2843 1827 3038 1891 θέωσις
3068 1829 3166 1898 τῆς
3203 1827 3431 1898 σαρκὸς,
3463 1829 3558 1880 καὶ
3599 1826 3668 1879 τὰ
3703 1827 3872 1879 λοιπά.
3901 1828 4007 1879 τῶν

724 1924 819 1970 aut
869 1886 1382 1977 deiﬁcatio-earnis,
1414 1924 1471 1968 et
1502 1912 1718 1982 reliqua
1762 1910 1951 1965 omnia
2000 1923 2123 1979 quae
2165 1907 2312 1962 afﬁr-

2422 1886 2626 1986 Λογίων
2658 1886 2834 1971 πάντα
2859 1917 2929 1972 τά
2973 1886 3100 1988 περὶ
3123 1886 3224 1987 τῆς
3247 1886 3610 1988 οίκονομίας),
3633 1918 3854 1988 ἀνάγκη
3879 1917 4008 1971 Θεὸν

725 2015 878 2061 mant
914 2007 1134 2076 eloquia
1163 2006 1232 2060 de
1261 2005 1666 2069 incarnatione,
1694 2013 1751 2057 et
1780 2017 2008 2058 necesse
2033 2010 2119 2056 est
2139 2001 2313 2054 Deum

722 2099 904 2170 ipsum
958 2115 1082 2154 esse
1118 2098 1425 2154 secundum
1457 2096 1848 2160 substantiam,
1875 2095 2048 2165 gratia
2084 2093 2316 2164 hujusce

725 2192 967 2246 ﬁliorum
984 2191 1304 2261 adoptionis
1321 2190 1389 2245 de
1406 2205 1517 2260 qua
1534 2187 1854 2258 loquimini,
1880 2187 2054 2242 Deum
2071 2185 2277 2240 factum
2299 2203 2313 2238 :

723 2299 888 2339 omne
916 2299 1050 2338 vero
1085 2282 1234 2354 quod
1268 2282 1403 2337 facit
1431 2279 1639 2349 aliquid
1671 2279 1850 2349 majus
1873 2287 1960 2333 est
1991 2293 2060 2332 eo
2086 2277 2233 2347 quod
2257 2277 2318 2330 ﬁt

721 2376 795 2430 ab
824 2376 982 2446 ipso:
1021 2373 1276 2445 profecto
1317 2373 1487 2442 igitur
1526 2370 1706 2441 gratia
1751 2371 1895 2439 ipsa,
1937 2371 2114 2440 major
2140 2377 2227 2423 est
2262 2379 2319 2423 et

723 2469 910 2522 divina
959 2482 1122 2537 quam
1174 2467 1292 2536 ipsa
1330 2464 1464 2519 fecit
1492 2462 1840 2519 substantia:
1877 2477 2012 2534 ergo
2047 2472 2104 2517 et
2129 2462 2318 2518 divina

721 2562 993 2632 largiente
1025 2559 1200 2630 ipsam
1233 2558 1466 2630 gratiam
1507 2555 1844 2621 substantia,
1889 2555 2096 2626 quippe
2131 2571 2162 2609 a
2205 2555 2318 2610 Deo

723 2653 1031 2724 gratiﬁcata
1059 2652 1166 2706 fuit
1192 2671 1204 2704 :
1236 2650 1384 2722 quod
1410 2650 1561 2706 enim
1593 2666 1705 2704 uno
1736 2665 1768 2704 e
1791 2648 2013 2704 duobus
2043 2648 2320 2704 similibus

625 2809 634 2816 _
723 2755 780 2800 et
824 2745 1131 2815 aequalibus
1174 2743 1438 2813 superius
1491 2749 1548 2796 et
1596 2741 1777 2812 majus
1825 2739 2072 2805 videtur,
2127 2748 2213 2795 est
2264 2749 2321 2795 et

724 2838 902 2892 altero
921 2836 1239 2891 omnimode
1272 2835 1431 2906 quasi
1462 2834 1661 2889 lineari
1688 2833 2057 2890 necessitate:
2082 2833 2157 2888 ita
2185 2847 2320 2888 vero

724 2938 782 2983 et
837 2944 942 2985 nos
990 2929 1168 2998 gratia
1224 2936 1282 2982 et
1333 2943 1445 2981 non
1503 2934 1705 2981 natura
1773 2925 1868 2980 ﬁlii
1912 2927 2033 2991 Dei,
2083 2927 2322 2997 majores

726 3021 937 3076 erimus
963 3022 1078 3075 Deo
1103 3019 1409 3075 secundum
1437 3019 1826 3083 substantiam,
1875 3028 2107 3088 propter
2150 3020 2322 3089 majo-

727 3129 843 3167 rem
869 3113 1177 3167 substantia
1209 3113 1443 3182 gratiam
1469 3131 1482 3164 :
1505 3126 1677 3181 quare
1711 3110 1880 3180 igitur
1903 3109 2111 3164 timetis
2135 3109 2320 3164 dicere

729 3206 1052 3276 participem
1104 3220 1228 3259 esse
1284 3203 1487 3258 divinas
1517 3203 1840 3257 subsIantize
1871 3201 2197 3257 Christum?
2225 3201 2323 3255 Est

726 3297 957 3351 cﬁ'ector
990 3295 1191 3350 divina:
1220 3305 1431 3350 natura:
1461 3311 1585 3364 qua:
1618 3302 1703 3349 est
1727 3293 1874 3363 apud
1907 3308 2006 3347 vos
2029 3301 2086 3346 et
2106 3291 2320 3345 naturis

729 3385 1162 3455 superad‘ditur:
1229 3383 1570 3438 effectricem
1633 3383 1810 3452 ipsius
1862 3391 1919 3437 et
1986 3395 2210 3435 causam
2265 3387 2321 3434 et

729 3479 994 3548 majorem
1035 3477 1158 3541 ista,
1186 3475 1402 3531 scilicet
1430 3475 1666 3546 gratiam
1709 3475 1953 3529 ﬁliorum
2004 3473 2322 3543 adoptionis

731 3569 835 3639 ipsi
859 3569 1023 3632 datis,
1051 3585 1152 3623 nec
1181 3567 1472 3632 veremini,
1493 3583 1527 3622 o
1550 3566 1744 3621 amici:
1775 3565 1871 3620 sed
1895 3580 2025 3619 vere
2049 3565 2320 3619 malorum

731 3659 908 3712 multo
948 3658 1108 3729 pejus
1157 3666 1215 3711 et
1255 3655 1555 3726 pessimum
1589 3645 1974 3709 machinantes
2007 3653 2110 3707 visi
2152 3653 2319 3708 estis:

732 3760 788 3805 et
815 3765 948 3803 vero
978 3765 1088 3803 non
1128 3747 1312 3803 videri
1353 3747 1510 3818 impii
1548 3762 1694 3811 esse,
1740 3760 2055 3816 quanquam
2084 3744 2326 3798 libenter

732 3840 855 3894 sitis
881 3839 1060 3908 impii,
1084 3838 1335 3909 quteritis
1363 3845 1612 3892 tantum:
1655 3851 1767 3890 non
1793 3836 1943 3889 enim
1973 3834 2130 3890 scitis
2163 3834 2323 3904 plane

735 3928 789 3982 in
834 3943 943 3997 quo
991 3926 1269 3996 praacellat
1321 3925 1484 3980 vobis
1522 3923 1782 3980 Christus
1823 3940 1988 3994 quem
2026 3938 2084 3976 re
2111 3922 2323 3977 nudum

735 4015 1017 4069 hominem
1074 4013 1380 4068 secundum
1407 4029 1506 4067 vos
1537 4028 1660 4067 esse
1708 4011 2080 4067 existimatis:
2120 4009 2325 4080 quippe

734 4107 964 4178 gratiam
1000 4116 1057 4160 et
1097 4106 1365 4160 honorem
1395 4113 1451 4158 et
1502 4105 1756 4175 gloriam,
1809 4103 2034 4157 nomine
2083 4109 2321 4163 tantum,

735 4200 816 4254 illi
845 4199 1099 4268 aptatis:
1158 4198 1400 4252 Verbum
1456 4198 1667 4251 frustra
1727 4195 2102 4267 gloriﬁcantes
2160 4208 2325 4262 supra

737 4288 941 4342 unione
980 4287 1182 4341 divinae
1225 4295 1282 4341 et
1337 4286 1592 4340 humana:
1634 4296 1870 4348 natura},
1911 4293 1967 4340 et
2004 4284 2130 4338 ideo
2157 4299 2324 4353 super

738 4379 1121 4433 incarnatione
1150 4377 1317 4434 Verbi
1350 4391 1405 4432 et
1428 4378 1782 4433 deiﬁcatione
1813 4377 1996 4432 carnis
2018 4376 2215 4446 ipsius.

805 4470 924 4525 Jam
951 4470 1099 4524 enim
1125 4478 1180 4523 ct
1208 4469 1344 4523 illud
1387 4470 1801 4540 expendamus:
1824 4467 2114 4534 Quomodo
2140 4465 2324 4521 dicitis

2417 2005 2755 2063 αὐτὸνεῖναι
2784 2009 2882 2079 τὴν
2908 2009 3129 2075 οὐσίαν,
3173 2011 3241 2078 τῇ
3281 2009 3462 2079 χάριτι
3482 2009 3667 2077 .τῆσδε
3693 2011 3795 2078 τῆς
3826 2009 4006 2062 υἱοθε-

2419 2102 2539 2165 σίας
2559 2101 2625 2172 ἦν
2652 2117 2790 2169 φατε
2819 2099 3230 2170 θεοποιηθένταο
3256 2101 3367 2152 πᾶν
3386 2101 3443 2152 δὲ
3466 2099 3530 2153 τδ
3560 2096 3747 2152 ποιοῦν
3773 2114 3850 2161 τι,
3885 2103 4007 2170 ρεῖ-

2418 2191 2511 2256 ζον
2544 2191 2638 2244 τοῦ
2666 2190 2990 2261 ποιουμένου
3020 2190 3112 2242 ὑπί
3143 2190 3331 2242 αὐτοῦ·
3363 2191 3474 2261 ἄρα
3512 2189 3607 2243 οὖν
3639 2191 3674 2260 ἡ
3713 2191 3879 2260 χάρις
3909 2189 4009 2243 αὖ·

2417 2304 2508 2356 τη,
2548 2287 2753 2356 μείζων
2783 2287 2879 2340 καὶ
2912 2287 3010 2356 τῆς
3037 2286 3340 2356 γενομένης
3381 2287 3472 2338 ὑπ’
3504 2286 3677 2355 αὐτῆς
3725 2285 3878 2349 θείας
3924 2285 4012 2336 οὗ·

2421 2380 2562 2442 σίάς⁶
2601 2377 2800 2432 οὐκοῦν
2831 2378 2924 2432 καὶ
2955 2379 3052 2448 τῆς
3095 2379 3473 2448 χαρισαμένης
3506 2379 3676 2449 αὐτὴν
3709 2380 3810 2449 τὴν
3850 2379 4010 2448 χάριν

2420 2470 2570 2534 θείας
2601 2470 2826 2533 οὐσίας,
2866 2470 3028 2542 εἴπερ
3066 2469 3170 2523 ὑπὸ
3202 2469 3339 2523 Θεοῦ
3393 2471 3752 2539 κεχάρισται·
3792 2470 3856 2522 τὸ
3904 2470 4010 2539 γάρ

2419 2565 2539 2628 ἐνὸς
2569 2564 2662 2618 δύο
2688 2563 2798 2616 τῶν
2824 2565 3028 2634 ὁμοῖων
3064 2563 3158 2615 καὶ
3208 2561 3341 2614 ίσων
3376 2563 3626 2631 κρεῖττον
3680 2560 3777 2612 καὶ
3825 2561 4011 2628 μεῖζον

2420 2657 2764 2730 φαινόμενον,
2793 2657 2888 2709 καὶ
2927 2653 3021 2708 τοῦ
3065 2654 3252 2726 ἑτέρου
3293 2653 3513 2716 πάντως
3537 2638 3889 2722 γραμμικαῖς
3917 2653 4011 2703 άν-

2419 2749 2640 2817 άγκαις’
2677 2747 2822 2802 οὕτω
2851 2747 2906 2800 δὲ
2935 2747 3002 2800 ἂν
3045 2746 3142 2800 καὶ
3172 2747 3335 2816 ἡμεῖς
3362 2784 3377 2808 ,
3409 2745 3595 2816 χάριτι
3622 2746 3716 2796 καὶ
3759 2743 3823 2796 οὐ
3854 2744 4012 2812 φύσει

2419 2840 2576 2904 ὄντες
2603 2840 2708 2892 υἱοὶ
2736 2838 2901 2904 Θεοῦ,
2930 2836 3180 2909 μείζονες
3201 2831 3353 2907 ὦμεν
3381 2835 3520 2889 Θεοῦ
3548 2837 3650 2904 τὴν
3682 2835 3901 2894 οὐσίαν,
3926 2833 4013 2886 διὰ

2421 2935 2523 3004 τὴν
2557 2934 2779 3004 μείζονα
2811 2932 2910 3002 τῆς
2941 2932 3127 2994 οὐσίας
3162 2933 3343 3002 χάριν
3375 2929 3430 2981 τί
3457 2929 3523 2998 δὴ
3553 2922 3646 2981 οὖν
3687 2926 4011 2980 εὐλαϐεῖσθε

2425 3019 2654 3090 μέτοχον
2683 3016 3022 3086 εἶναι’λέγειν
3050 3017 3201 3082 θείας
3223 3017 3414 3080 οὐσίας
3443 3017 3534 3068 τὸν
3560 3015 3834 3086 Χριστόνς
3862 3033 4013 3086 ποιη-

2422 3110 2522 3179 τῆς
2549 3127 2609 3162 τε
2643 3108 2810 3179 οῦσης
2856 3108 2980 3162 καθ’
3006 3109 3151 3178 ὑμᾶς
3194 3108 3291 3162 καὶ
3344 3105 3863 3191 ἐπισυμὸαιινούσης
3894 3111 4013 3167 ταῖς

2347 3229 2392 3287 c
2426 3201 2621 3272 φύσεσι
2653 3203 2752 3270 τῆς
2797 3201 2949 3264 θείας
2980 3201 3220 3270 φύσεωςο
3249 3199 3350 3270 τὴν
3382 3198 3672 3268 ποιητικὴν
3703 3196 3883 3266 αὐτῆς
3925 3199 4016 3249 καὶ

2427 3295 2610 3348 αἰτίαν
2664 3295 2762 3346 καὶ
2809 3293 3033 3363 μείζονα
3071 3291 3276 3362 ταύτης
3302 3331 3318 3355 ,
3366 3291 3538 3362 ἤγουν
3590 3291 3688 3359 τὴν
3721 3290 3887 3359 χάριν
3922 3289 4018 3358 τῆς

2428 3387 2699 3448 υἱοθεσίας
2757 3384 2905 3454 αὐτῷ
2949 3385 3220 3448 διδόντες,
3255 3384 3350 3437 καὶ
3408 3382 3481 3453 μὴ
3533 3381 4015 3450 ὑποστειλάμενοι,

2430 3477 2720 3548 βέλτιστοι·
2757 3464 2874 3529 ἀλλ’
2906 3475 3075 3538 ὅντως
3123 3477 3180 3528 ἐν
3225 3475 3417 3535 κακοῖς
3464 3472 3524 3525 τὸ
3557 3471 3760 3540 μᾶλλον
3809 3474 4017 3540 χεῖρον,

2428 3567 2525 3622 καὶ
2553 3567 2615 3619 τὸ
2645 3568 2908 3620 κάκιστον
2941 3565 3343 3635 σκαιωροῦντες
3391 3563 3734 3634 ἔφωράθητε·
3785 3563 3884 3615 καὶ
3914 3562 4021 3630 γὰρ

2433 3659 2569 3732 μηδὲ
2607 3660 2786 3713 δοκεῖν
2825 3658 3064 3723 ἀσεϐεῖν,
3115 3657 3293 3710 καίτοι
3342 3655 3608 3714 ἑκουσίως
3662 3651 4016 3717 ἀσεϐοῦντες,

2431 3751 2813 3823 περιποιεῖσθε
2863 3751 3043 3821 μόνον·
3080 3751 3142 3803 οὑ
3177 3749 3290 3821 γὰρ
3338 3749 3450 3800 ίστε
3500 3748 3638 3809 ὅλως
3670 3765 3723 3799 τι
3758 3746 4024 3816 προῦχειν

2432 3845 2586 3915 ὑμῶν
2611 3843 2703 3898 τὸν
2731 3842 2966 3913 Χριστὸν
2993 3838 3475 3911 πράγματι,ψιλδν
3495 3838 3553 3892 δὲ
3577 3838 3870 3906 ἄνθρωπον
3901 3837 4026 3890 καθ’

2433 3938 2580 4006 ὑμᾶς
2613 3931 2756 4007 εἷναι
2785 3935 2950 3986 αὑτὸν
2989 3931 3291 4001 λογίζεσθε·
3329 3932 3379 3982 εί
3420 3931 3515 3984 καὶ
3546 3931 3707 4000 χάριν
3737 3931 3833 3982 καὶ
3854 3929 4025 3998 τιμὴν

2431 4026 2735 4090 καὶδόξαν,
2771 4026 2998 4094 ὀνόματι
3035 4023 3215 4093 μόνον,
3251 4021 3402 4091 αὐτῷ
3437 4021 3775 4088 περιάπτετε
3799 4036 3812 4048 ·
3850 4022 4025 4086 Λόγον

2429 4117 2688 4186 διακενῆς
2736 4117 2865 4178 τοὺς
2908 4115 3038 4185 περὶ
3090 4114 3189 4182 τῆς
3224 4111 3474 4174 ένώσεως
3519 4112 3619 4180 τῆς
3655 4111 3810 4172 θείας
3837 4128 3900 4162 τε
3936 4113 4025 4163 καὶ

2430 4207 2784 4278 ἀνθρωπίνης
2806 4206 3020 4274 φύσεως
3051 4202 3380 4276 δοξάζοντες,
3417 4201 3586 4269 ἤγουν
3613 4209 3738 4261 τους
3767 4200 3900 4268 περὶ
3931 4200 4026 4266 τῆς

2433 4297 2765 4368 σαρκώσεως
2794 4296 2889 4348 τοῦ
2919 4295 3118 4362 Λόγου,
3143 4291 3365 4362 καὶτῆς
3397 4290 3648 4354 θεώσεως
3680 4289 3784 4358 τῆς
3819 4291 4026 4362 σαρκὸς

2431 4390 2616 4447 αὐτοῦ.

2514 4478 2882 4548 Ἐξεταζέσθω
2932 4480 3042 4550 γὰρ
3093 4478 3200 4547 ἢδη
3247 4476 3344 4530 καὶ
3383 4475 3501 4528 τόδε
3529 4491 3541 4504 ·
3580 4473 3705 4536 Πῶς
3739 4487 3883 4540 φατε
3932 4470 4028 4538 τὴν

741 4559 1001 4613 unionem
1036 4559 1196 4612 istam
1229 4575 1394 4629 quam
1444 4559 1654 4630 ﬁngitis
1684 4558 1979 4613 admittere
2012 4557 2173 4611 Verbi
2199 4571 2319 4610 cum

2431 4571 2628 4623 ἕνωσιν
2663 4569 2889 4638 ταύτην,
2929 4571 2995 4639 ἢν
3042 4566 3431 4638 προσποιεῖσθε
3467 4564 3753 4635 ὁμολογεῖν
3785 4561 3883 4612 τοῦ
3922 4562 4024 4612 Λό-

738 4650 962 4705 Christo
1003 4650 1097 4720 qui
1130 4651 1290 4704 vobis
1321 4651 1546 4705 videtur
1581 4651 1768 4715 homo,
1822 4650 1968 4704 inter
2014 4649 2198 4702 omnia
2255 4649 2324 4701 ab

741 4742 900 4796 initio
958 4742 1339 4811 conceptionis
1400 4743 1574 4812 ipsius
1632 4741 1925 4796 confestim
1982 4741 2100 4794 ﬁeri
2151 4740 2324 4810 ipsam

742 4842 1051 4888 asserentes
1071 4834 1252 4903 specie
1273 4833 1514 4913 pietatis,
1533 4833 1627 4903 qui
1649 4845 1835 4887 tamen
1857 4831 2326 4900 compositionem

745 4925 906 4980 Verbi
957 4940 1083 4978 cum
1137 4941 1306 4979 carne
1359 4925 1482 4980 ﬁeri
1533 4925 1786 4994 negatis:
1843 4924 1977 4977 unio
2021 4924 2192 4987 enim,
2224 4921 2329 4975 nisi

743 5016 1049 5070 secundum
1069 5015 1530 5086 compositionem
1557 5017 1908 5082 ﬁat,omaino
1923 5016 2009 5070 vel
2025 5014 2327 5069 secundum

745 5107 1150 5176 appositioncm
1181 5108 1410 5162 localem
1445 5107 1692 5171 videtur,
1726 5108 1870 5161 sicut
1895 5107 2095 5176 lapidis
2127 5115 2182 5158 ct
2207 5105 2330 5158 auri

743 5201 800 5255 in
836 5201 1045 5254 annulo
1068 5210 1124 5254 et
1151 5201 1340 5254 ﬁnium
1363 5201 1563 5256 Judmae
1584 5201 1825 5272 regionis
1851 5201 1916 5254 ad
1944 5200 2080 5255 ﬁnes
2099 5197 2333 5253 conﬁnis

746 5293 846 5362 ipsi
888 5293 1172 5359 Samaria,
1208 5302 1266 5349 et
1295 5295 1423 5348 talia
1451 5313 1464 5348 :
1498 5295 1583 5348 vel
1614 5294 1921 5350 secundum
1954 5293 2204 5347 habitum
2235 5307 2331 5344 vo-

745 5385 986 5439 lunt-ario
1009 5386 1270 5453 electum,
1293 5396 1354 5442 ut
1377 5403 1435 5441 se
1462 5387 1631 5441 habet
1651 5387 1774 5441 auri
1791 5395 2006 5440 amator
2024 5386 2091 5440 ad
2110 5401 2328 5447 aurum,

744 5493 1014 5546 equorum
1045 5478 1112 5531 ad
1148 5496 1342 5548 equos,
1386 5487 1441 5534 et
1479 5480 1825 5549 voluptatum
1863 5477 1930 5532 ad
1967 5478 2330 5547 voluptatem.

746 5579 802 5624 et
823 5570 916 5624 Dei
953 5571 1165 5626 amicus
1195 5571 1260 5626 ad
1292 5573 1485 5637 Deum,
1516 5580 1573 5626 ct
1605 5572 1808 5626 similia
1837 5591 1848 5625 :
1893 5571 1979 5625 vel
2022 5571 2331 5626 secundum

748 5661 995 5716 habitum
1035 5665 1343 5718 naturalem
1375 5662 1692 5733 quemdam,
1722 5664 2179 5733 sicutparcntum
2205 5677 2332 5732 erga

744 5756 992 5825 ejusdem
1046 5767 1257 5812 natura:
1291 5758 1470 5821 ﬁlios;
1514 5768 1609 5812 aut
1651 5758 1848 5811 similis
1876 5757 2202 5812 substantia:
2234 5757 2336 5811 ho-

747 5848 995 5913 minum,
1046 5860 1135 5903 aut
1187 5867 1490 5920 equorum,
1541 5860 1632 5905 aut
1691 5853 1998 5922 aquilarum
2060 5852 2330 5918 omnium,

2427 4680 2550 4731 γου,
2599 4661 2736 4730 πρὸς
2782 4661 2872 4711 τὸν
2923 4659 3184 4711 δοκοῦντα
3236 4659 3367 4727 ὑμῖν
3421 4655 3709 4724 ἄνθρωπον
3759 4652 4026 4734 Χριστὸν,

2431 4754 2583 4824 παρᾶ
2614 4752 2794 4804 πάντα
2825 4768 2881 4805 τε
2913 4751 3006 4803 καὶ
3039 4751 3135 4803 ἀπ’
3169 4750 3346 4819 ἀρχῆς
3387 4748 3641 4816 κυήσεως
3662 4744 3830 4797 αὑτοῦ
3860 4743 4021 4804 εὐθὺς

2439 4846 2614 4914 αὐτὴν
2649 4843 2900 4911 λέγοντες
2935 4842 3189 4910 γενέσθαι
3241 4838 3642 4906 εὐσεσοφανῶς,
3687 4836 3737 4888 οἱ
3773 4836 4025 4886 συνθεσιν

2429 4935 2524 4988 τοῦ
2560 4935 2732 5002 Λόγου
2781 4934 2918 5002 πρὸς
2953 4919 3052 5003 civ
3099 4934 3278 5002 σάρκα
3306 4929 3562 4998 γενέσθαι
3598 4929 3672 4998 μὴ
3715 4925 4024 4994 παραδεχὸ-

2434 5044 2586 5096 μενοι
2611 5045 2625 5091 ;
2652 5028 2684 5095 ἠ
2717 5025 2824 5094 γὰρ
2856 5026 3047 5087 ’ἑνωσις
3073 5026 3106 5093 ή
3134 5023 3208 5093 μὴ
3235 5021 3378 5074 κατὰ
3417 5019 3664 5073 σύνθεσιν
3693 5015 3857 5080 οὖσα,
3893 5018 4022 5068 πάν-

2430 5137 2539 5177 τως
2574 5120 2605 5188 ἢ
2659 5117 2802 5170 κατὰ
2844 5117 3146 5185 παράθεσιν
3191 5115 3386 5184 ὁρᾶται
3423 5109 3674 5178 τοπικὴν,
3723 5105 3839 5159 οἷον
3875 5107 4025 5159 λίθου

2433 5210 2527 5262 καὶ
2561 5209 2782 5278 χρυσίου
2819 5210 2875 5260 ἐν
2908 5207 3198 5276 δακτυλίῳ,
3230 5208 3324 5259 καὶ
3351 5205 3588 5273 πέρατος
3619 5205 3717 5268 τῆς
3756 5199 4026 5260 Ἰουδαίας

2432 5301 2616 5370 χώρας
2648 5299 2784 5370 πρὸς
2821 5299 2881 5350 τὸ
2919 5299 3094 5368 πέρας
3140 5297 3239 5366 τῆς
3286 5297 3683 5366 άγχιτέρμονος
3725 5293 3873 5361 αὐτῇ
3925 5293 4026 5342 Ea.-

2437 5392 2690 5464 μαρείας,
2723 5393 2817 5443 καὶ
2856 5391 2924 5442 τὰ
2975 5389 3155 5443 τοιάδε
3178 5404 3191 5416 °
3219 5389 3251 5455 ἢ
3285 5387 3429 5440 κατὰ
3470 5386 3869 5458 προαιρετικὴν
3905 5385 4022 5453 σχέο

2437 5503 2542 5545 σιν,
2578 5485 2651 5546 ὼς
2703 5483 2732 5535 ὁ
2777 5482 3100 5551 φιλόχρυσος
3129 5479 3266 5550 πρὸς
3293 5478 3385 5532 τὸν
3425 5477 3645 5548 χρυσὸν.
3678 5478 3705 5528 ὁ
3756 5476 4024 5544 φίλιππος

2437 5577 2572 5647 πρὸς
2598 5577 2727 5637 τοὺς
2761 5574 2982 5639 ἵππους,
3018 5574 3114 5626 καὶ
3151 5575 3180 5625 ὁ
3207 5571 3490 5642 φιλήδονος
3516 5570 3651 5638 πρὸς
3671 5569 3775 5637 τὴν
3807 5569 4022 5637 ἡδονὴν,

2437 5669 2530 5722 καὶ
2560 5667 2804 5736 φιλόθεος
2854 5667 2991 5736 πρὸς
3031 5665 3124 5718 τὸν
3161 5665 3316 5729 Θεὸν,
3353 5664 3445 5716 καὶ
3481 5663 3551 5716 τὰ
3590 5662 3776 5731 ὅμοια·
3811 5660 3845 5730 ἢ
3883 5660 4022 5714 κατᾶ

2438 5759 2623 5829 σχέσιν
2655 5759 2894 5828 φυσικήν
2949 5774 3103 5820 τινα,
3134 5752 3248 5809 οἷον
3300 5755 3468 5827 ἡτῶν
3517 5755 3722 5822 γονέων
3775 5753 3920 5823 πρὸς
3958 5751 4021 5803 τὰ

2438 5849 2656 5921 ὁμοφυῆ
2682 5849 2860 5904 αὐτῶν
2901 5851 3088 5904 τέκνα·
3130 5850 3161 5911 ἢ
3215 5848 3324 5902 τῶν
3353 5848 3656 5919 ὁμοουσίων
3693 5846 4018 5919 ἀνθρώπωι.
