  <div class='ocr_page' id='page_1' title='image "/cluster/home/n/w/nwhite01/storage/ocr_20150623/86 pt.1/nnc1.0022106588/830.png"; bbox 0 0 4194 6446; ppageno 0'>
   <div class='ocr_carea' id='block_1_1' title="bbox 226 443 360 506">
    <p class='ocr_par' dir='ltr' id='par_1_1' title="bbox 226 443 360 506">
     <span class='ocr_line' id='line_1_1' title="bbox 226 443 360 506; baseline 0.015 -2"><span class='ocrx_word' id='word_1_1' title='bbox 226 443 360 506; x_wconf 79' lang='grc'><strong>1633</strong></span> 
     </span>
    </p>
   </div>
   <div class='ocr_carea' id='block_1_2' title="bbox 1140 441 2533 506">
    <p class='ocr_par' dir='ltr' id='par_1_2' title="bbox 1140 441 2533 506">
     <span class='ocr_line' id='line_1_2' title="bbox 1140 441 2533 506; baseline 0.004 -6"><span class='ocrx_word' id='word_1_2' title='bbox 1140 441 1538 504; x_wconf 77' lang='lat' dir='ltr'><strong>ADVERSUS</strong></span> <span class='ocrx_word' id='word_1_3' title='bbox 1573 441 2208 506; x_wconf 77' lang='lat' dir='ltr'><strong>NESTORIANOS.—</strong></span> <span class='ocrx_word' id='word_1_4' title='bbox 2237 445 2384 505; x_wconf 81' lang='lat' dir='ltr'><strong>LIB.</strong></span> <span class='ocrx_word' id='word_1_5' title='bbox 2419 446 2533 505; x_wconf 80' lang='grc' dir='ltr'><strong>ΠΙ.</strong></span> 
     </span>
    </p>
   </div>
   <div class='ocr_carea' id='block_1_3' title="bbox 3357 448 3490 512">
    <p class='ocr_par' dir='ltr' id='par_1_3' title="bbox 3357 448 3490 512">
     <span class='ocr_line' id='line_1_3' title="bbox 3357 448 3490 512; baseline 0.015 -2"><span class='ocrx_word' id='word_1_6' title='bbox 3357 448 3490 512; x_wconf 69' lang='grc' dir='ltr'><strong>16πεί</strong></span> 
     </span>
    </p>
   </div>
   <div class='ocr_carea' id='block_1_4' title="bbox 216 545 1797 624">
    <p class='ocr_par' dir='ltr' id='par_1_4' title="bbox 216 547 1797 624">
     <span class='ocr_line' id='line_1_4' title="bbox 216 547 1797 624; baseline -0.004 -17"><span class='ocrx_word' id='word_1_7' title='bbox 216 555 248 624; x_wconf 76' lang='grc' dir='ltr'>ἢ</span> <span class='ocrx_word' id='word_1_8' title='bbox 278 553 488 614; x_wconf 84' lang='grc' dir='ltr'><strong>ἵππων,</strong></span> <span class='ocrx_word' id='word_1_9' title='bbox 513 549 546 621; x_wconf 73' lang='grc' dir='ltr'>ἢ</span> <span class='ocrx_word' id='word_1_10' title='bbox 583 550 758 606; x_wconf 76' lang='grc' dir='ltr'><strong>ἀετῶν</strong></span> <span class='ocrx_word' id='word_1_11' title='bbox 784 549 1022 614; x_wconf 81' lang='grc' dir='ltr'><strong>πάντων,</strong></span> <span class='ocrx_word' id='word_1_12' title='bbox 1055 547 1132 618; x_wconf 80' lang='grc' dir='ltr'><strong>τῷ</strong></span> <span class='ocrx_word' id='word_1_13' title='bbox 1149 549 1296 620; x_wconf 83' lang='grc' dir='ltr'><strong>λόγῳ</strong></span> <span class='ocrx_word' id='word_1_14' title='bbox 1316 549 1411 604; x_wconf 79' lang='grc' dir='ltr'><strong>τοῦ</strong></span> <span class='ocrx_word' id='word_1_15' title='bbox 1443 547 1605 604; x_wconf 79' lang='grc' dir='ltr'><strong>ἀετοῦ</strong></span> <span class='ocrx_word' id='word_1_16' title='bbox 1633 548 1797 610; x_wconf 71' lang='grc' dir='ltr'><strong>εἴδους</strong></span> 
     </span>
    </p>
   </div>
   <div class='ocr_carea' id='block_1_5' title="bbox 1898 545 3494 624">
    <p class='ocr_par' dir='ltr' id='par_1_5' title="bbox 1909 549 3494 623">
     <span class='ocr_line' id='line_1_5' title="bbox 1909 549 3494 623; baseline 0.003 -21"><span class='ocrx_word' id='word_1_17' title='bbox 1909 549 2117 620; x_wconf 86' lang='lat' dir='ltr'><strong>quippe</strong></span> <span class='ocrx_word' id='word_1_18' title='bbox 2137 549 2232 618; x_wconf 85' lang='lat' dir='ltr'><strong>qui</strong></span> <span class='ocrx_word' id='word_1_19' title='bbox 2263 565 2433 604; x_wconf 91' lang='lat' dir='ltr'><strong>unum</strong></span> <span class='ocrx_word' id='word_1_20' title='bbox 2459 551 2563 604; x_wconf 89' lang='lat' dir='ltr'><strong>sub</strong></span> <span class='ocrx_word' id='word_1_21' title='bbox 2585 551 2801 606; x_wconf 90' lang='lat' dir='ltr'><strong>ratione</strong></span> <span class='ocrx_word' id='word_1_22' title='bbox 2825 551 3028 622; x_wconf 81' lang='lat' dir='ltr'><strong>speciei</strong></span> <span class='ocrx_word' id='word_1_23' title='bbox 3063 550 3262 623; x_wconf 70' lang='lat' dir='ltr'><strong>aquila:</strong></span> <span class='ocrx_word' id='word_1_24' title='bbox 3289 552 3494 608; x_wconf 85' lang='lat' dir='ltr'><strong>eﬂiciat</strong></span> 
     </span>
    </p>
   </div>
   <div class='ocr_carea' id='block_1_6' title="bbox 213 639 1796 710">
    <p class='ocr_par' dir='ltr' id='par_1_6' title="bbox 213 639 1796 710">
     <span class='ocr_line' id='line_1_6' title="bbox 213 639 1796 710; baseline -0.003 -15"><span class='ocrx_word' id='word_1_25' title='bbox 213 644 271 695; x_wconf 78' lang='grc' dir='ltr'><strong>ἓν</strong></span> <span class='ocrx_word' id='word_1_26' title='bbox 311 641 546 698; x_wconf 78' lang='grc' dir='ltr'><strong>ποιοῦσα</strong></span> <span class='ocrx_word' id='word_1_27' title='bbox 581 644 648 696; x_wconf 81' lang='grc' dir='ltr'><strong>τά</strong></span> <span class='ocrx_word' id='word_1_28' title='bbox 678 641 802 696; x_wconf 79' lang='grc' dir='ltr'><strong>κατ’</strong></span> <span class='ocrx_word' id='word_1_29' title='bbox 843 641 1005 694; x_wconf 67' lang='grc' dir='ltr'><strong>αὑτὸν</strong></span> <span class='ocrx_word' id='word_1_30' title='bbox 1038 640 1216 693; x_wconf 87' lang='grc' dir='ltr'><strong>πάντα</strong></span> <span class='ocrx_word' id='word_1_31' title='bbox 1247 640 1447 710; x_wconf 84' lang='grc' dir='ltr'><strong>άτομα,</strong></span> <span class='ocrx_word' id='word_1_32' title='bbox 1493 642 1696 709; x_wconf 76' lang='grc' dir='ltr'><strong>φυσικῇ</strong></span> <span class='ocrx_word' id='word_1_33' title='bbox 1731 639 1796 707; x_wconf 77' lang='grc' dir='ltr'><strong>τῇ</strong></span> 
     </span>
    </p>
   </div>
   <div class='ocr_carea' id='block_1_7' title="bbox 214 731 1800 806">
    <p class='ocr_par' dir='ltr' id='par_1_7' title="bbox 214 731 1800 806">
     <span class='ocr_line' id='line_1_7' title="bbox 214 731 1800 806; baseline -0.001 -20"><span class='ocrx_word' id='word_1_34' title='bbox 214 734 517 806; x_wconf 80' lang='grc' dir='ltr'><strong>ὁμοιότητι·</strong></span> <span class='ocrx_word' id='word_1_35' title='bbox 569 734 604 804; x_wconf 77' lang='grc' dir='ltr'>ἢ</span> <span class='ocrx_word' id='word_1_36' title='bbox 644 733 723 797; x_wconf 85' lang='grc' dir='ltr'><strong>ὡς</strong></span> <span class='ocrx_word' id='word_1_37' title='bbox 765 733 970 795; x_wconf 78' lang='grc' dir='ltr'><strong>εἰκόνος</strong></span> <span class='ocrx_word' id='word_1_38' title='bbox 1017 731 1158 804; x_wconf 80' lang='grc' dir='ltr'><strong>πρὸς</strong></span> <span class='ocrx_word' id='word_1_39' title='bbox 1209 732 1270 784; x_wconf 84' lang='grc' dir='ltr'><strong>τὸ</strong></span> <span class='ocrx_word' id='word_1_40' title='bbox 1299 732 1629 803; x_wconf 79' lang='grc' dir='ltr'><strong>ἀρχέτυπον·</strong></span> <span class='ocrx_word' id='word_1_41' title='bbox 1661 731 1696 803; x_wconf 82' lang='grc' dir='ltr'>ἢ</span> <span class='ocrx_word' id='word_1_42' title='bbox 1731 733 1800 801; x_wconf 80' lang='grc' dir='ltr'><strong>τῇ</strong></span> 
     </span>
    </p>
   </div>
   <div class='ocr_carea' id='block_1_8' title="bbox 213 824 1801 895">
    <p class='ocr_par' dir='ltr' id='par_1_8' title="bbox 213 824 1801 895">
     <span class='ocr_line' id='line_1_8' title="bbox 213 824 1801 895; baseline -0.001 -16"><span class='ocrx_word' id='word_1_43' title='bbox 213 826 495 895; x_wconf 68' lang='grc' dir='ltr'><strong>ὁμοιότητι</strong></span> <span class='ocrx_word' id='word_1_44' title='bbox 523 826 687 882; x_wconf 85' lang='grc' dir='ltr'><strong>πάλιν</strong></span> <span class='ocrx_word' id='word_1_45' title='bbox 718 827 812 881; x_wconf 78' lang='grc' dir='ltr'><strong>καὶ</strong></span> <span class='ocrx_word' id='word_1_46' title='bbox 838 825 1010 895; x_wconf 73' lang='grc' dir='ltr'><strong>αὐτὴν</strong></span> <span class='ocrx_word' id='word_1_47' title='bbox 1039 824 1303 879; x_wconf 80' lang='grc' dir='ltr'><strong>συνάπτει</strong></span> <span class='ocrx_word' id='word_1_48' title='bbox 1335 824 1399 878; x_wconf 82' lang='grc' dir='ltr'><strong>τὸ</strong></span> <span class='ocrx_word' id='word_1_49' title='bbox 1426 825 1485 879; x_wconf 80' lang='grc' dir='ltr'><strong>ὲν</strong></span> <span class='ocrx_word' id='word_1_50' title='bbox 1519 825 1801 895; x_wconf 73' lang='grc' dir='ltr'><strong>ἑκατέροις</strong></span> 
     </span>
    </p>
   </div>
   <div class='ocr_carea' id='block_1_9' title="bbox 213 913 1802 988">
    <p class='ocr_par' dir='ltr' id='par_1_9' title="bbox 213 913 1802 988">
     <span class='ocr_line' id='line_1_9' title="bbox 213 913 1802 988; baseline 0.001 -19"><span class='ocrx_word' id='word_1_51' title='bbox 213 913 373 980; x_wconf 82' lang='grc' dir='ltr'><strong>εἶδος·</strong></span> <span class='ocrx_word' id='word_1_52' title='bbox 411 919 461 970; x_wconf 75' lang='grc' dir='ltr'><strong>εἰ</strong></span> <span class='ocrx_word' id='word_1_53' title='bbox 508 917 608 988; x_wconf 76' lang='grc' dir='ltr'><strong>μὲν</strong></span> <span class='ocrx_word' id='word_1_54' title='bbox 627 917 721 971; x_wconf 79' lang='grc' dir='ltr'><strong>οὖν</strong></span> <span class='ocrx_word' id='word_1_55' title='bbox 750 918 894 972; x_wconf 80' lang='grc' dir='ltr'><strong>κατὰ</strong></span> <span class='ocrx_word' id='word_1_56' title='bbox 924 916 1232 988; x_wconf 78' lang='grc' dir='ltr'><strong>παράθεσιν</strong></span> <span class='ocrx_word' id='word_1_57' title='bbox 1266 918 1500 986; x_wconf 83' lang='grc' dir='ltr'><strong>τοπικήν</strong></span> <span class='ocrx_word' id='word_1_58' title='bbox 1530 933 1669 985; x_wconf 86' lang='grc' dir='ltr'><strong>φατε</strong></span> <span class='ocrx_word' id='word_1_59' title='bbox 1700 917 1802 985; x_wconf 74' lang='grc' dir='ltr'><strong>τὴν</strong></span> 
     </span>
    </p>
   </div>
   <div class='ocr_carea' id='block_1_10' title="bbox 212 1007 1803 1079">
    <p class='ocr_par' dir='ltr' id='par_1_10' title="bbox 212 1007 1803 1079">
     <span class='ocr_line' id='line_1_10' title="bbox 212 1007 1803 1079; baseline 0 -19"><span class='ocrx_word' id='word_1_60' title='bbox 212 1007 409 1060; x_wconf 69' lang='grc' dir='ltr'><strong>ἕνωσιν</strong></span> <span class='ocrx_word' id='word_1_61' title='bbox 433 1008 528 1062; x_wconf 84' lang='grc' dir='ltr'><strong>τοῦ</strong></span> <span class='ocrx_word' id='word_1_62' title='bbox 563 1009 741 1076; x_wconf 86' lang='grc' dir='ltr'>Λόγου</span> <span class='ocrx_word' id='word_1_63' title='bbox 781 1007 916 1079; x_wconf 77' lang='grc' dir='ltr'><strong>πρὸς</strong></span> <span class='ocrx_word' id='word_1_64' title='bbox 947 1009 1039 1062; x_wconf 85' lang='grc' dir='ltr'><strong>τὸν</strong></span> <span class='ocrx_word' id='word_1_65' title='bbox 1072 1007 1333 1076; x_wconf 79' lang='grc' dir='ltr'><strong>Χριστὸν,</strong></span> <span class='ocrx_word' id='word_1_66' title='bbox 1369 1008 1530 1076; x_wconf 83' lang='grc' dir='ltr'><strong>σῶμά</strong></span> <span class='ocrx_word' id='word_1_67' title='bbox 1556 1025 1616 1060; x_wconf 91' lang='grc' dir='ltr'><strong>τε</strong></span> <span class='ocrx_word' id='word_1_68' title='bbox 1643 1009 1673 1061; x_wconf 90' lang='grc' dir='ltr'><strong>ὁ</strong></span> <span class='ocrx_word' id='word_1_69' title='bbox 1700 1007 1803 1060; x_wconf 82' lang='grc' dir='ltr'><strong>Λό-</strong></span> 
     </span>
    </p>
   </div>
   <div class='ocr_carea' id='block_1_11' title="bbox 212 1099 1798 1170">
    <p class='ocr_par' dir='ltr' id='par_1_11' title="bbox 212 1099 1798 1170">
     <span class='ocr_line' id='line_1_11' title="bbox 212 1099 1798 1170; baseline 0.003 -20"><span class='ocrx_word' id='word_1_70' title='bbox 212 1114 312 1167; x_wconf 91' lang='grc' dir='ltr'><strong>γος</strong></span> <span class='ocrx_word' id='word_1_71' title='bbox 344 1100 374 1150; x_wconf 94' lang='grc' dir='ltr'><strong>ὁ</strong></span> <span class='ocrx_word' id='word_1_72' title='bbox 422 1099 586 1163; x_wconf 78' lang='grc' dir='ltr'><strong>θεῖος,</strong></span> <span class='ocrx_word' id='word_1_73' title='bbox 622 1100 717 1152; x_wconf 76' lang='grc' dir='ltr'><strong>καὶ</strong></span> <span class='ocrx_word' id='word_1_74' title='bbox 749 1100 966 1168; x_wconf 75' lang='grc' dir='ltr'><strong>ὁρατὸς,</strong></span> <span class='ocrx_word' id='word_1_75' title='bbox 1015 1100 1108 1151; x_wconf 75' lang='grc' dir='ltr'><strong>καὶ</strong></span> <span class='ocrx_word' id='word_1_76' title='bbox 1137 1100 1341 1162; x_wconf 76' lang='grc' dir='ltr'><strong>ἁπτὸς,</strong></span> <span class='ocrx_word' id='word_1_77' title='bbox 1393 1099 1487 1152; x_wconf 83' lang='grc' dir='ltr'><strong>καὶ</strong></span> <span class='ocrx_word' id='word_1_78' title='bbox 1534 1100 1595 1153; x_wconf 68' lang='grc' dir='ltr'><strong>ιν</strong></span> <span class='ocrx_word' id='word_1_79' title='bbox 1625 1100 1798 1170; x_wconf 83' lang='grc' dir='ltr'><strong>τόπῳ,</strong></span> 
     </span>
    </p>
   </div>
   <div class='ocr_carea' id='block_1_12' title="bbox 211 1188 1800 1262">
    <p class='ocr_par' dir='ltr' id='par_1_12' title="bbox 211 1188 1800 1262">
     <span class='ocr_line' id='line_1_12' title="bbox 211 1188 1800 1262; baseline 0.003 -20"><span class='ocrx_word' id='word_1_80' title='bbox 211 1190 312 1242; x_wconf 79' lang='grc' dir='ltr'><strong>καὶ</strong></span> <span class='ocrx_word' id='word_1_81' title='bbox 345 1188 743 1262; x_wconf 78' lang='grc' dir='ltr'><strong>περιγραπτδς,</strong></span> <span class='ocrx_word' id='word_1_82' title='bbox 794 1191 888 1244; x_wconf 67' lang='grc' dir='ltr'><strong>καὶ</strong></span> <span class='ocrx_word' id='word_1_83' title='bbox 918 1189 988 1244; x_wconf 76' lang='grc' dir='ltr'><strong>τὰ</strong></span> <span class='ocrx_word' id='word_1_84' title='bbox 1017 1189 1181 1245; x_wconf 75' lang='grc' dir='ltr'><strong>λοιπὰ</strong></span> <span class='ocrx_word' id='word_1_85' title='bbox 1227 1191 1428 1245; x_wconf 75' lang='grc' dir='ltr'><strong>ἄτοπα·</strong></span> <span class='ocrx_word' id='word_1_86' title='bbox 1459 1193 1508 1244; x_wconf 78' lang='grc' dir='ltr'><strong>ει</strong></span> <span class='ocrx_word' id='word_1_87' title='bbox 1549 1191 1606 1245; x_wconf 76' lang='grc' dir='ltr'><strong>δὲ</strong></span> <span class='ocrx_word' id='word_1_88' title='bbox 1659 1193 1800 1247; x_wconf 73' lang='grc' dir='ltr'><strong>κατὰ</strong></span> 
     </span>
    </p>
   </div>
   <div class='ocr_carea' id='block_1_13' title="bbox 212 1281 1800 1355">
    <p class='ocr_par' dir='ltr' id='par_1_13' title="bbox 212 1281 1800 1355">
     <span class='ocr_line' id='line_1_13' title="bbox 212 1281 1800 1355; baseline 0.003 -24"><span class='ocrx_word' id='word_1_89' title='bbox 212 1281 614 1352; x_wconf 76' lang='grc' dir='ltr'><strong>προαιρετικὴν</strong></span> <span class='ocrx_word' id='word_1_90' title='bbox 665 1281 877 1352; x_wconf 78' lang='grc' dir='ltr'><strong>σχέσιν,</strong></span> <span class='ocrx_word' id='word_1_91' title='bbox 918 1283 979 1335; x_wconf 80' lang='grc' dir='ltr'><strong>οὺ</strong></span> <span class='ocrx_word' id='word_1_92' title='bbox 1035 1282 1277 1353; x_wconf 81' lang='grc' dir='ltr'><strong>Χριστοῦ</strong></span> <span class='ocrx_word' id='word_1_93' title='bbox 1319 1285 1483 1353; x_wconf 85' lang='grc' dir='ltr'><strong>μόνου</strong></span> <span class='ocrx_word' id='word_1_94' title='bbox 1524 1285 1662 1355; x_wconf 76' lang='grc' dir='ltr'><strong>πρὸς</strong></span> <span class='ocrx_word' id='word_1_95' title='bbox 1708 1287 1800 1340; x_wconf 72' lang='grc' dir='ltr'><strong>τὸν</strong></span> 
     </span>
    </p>
   </div>
   <div class='ocr_carea' id='block_1_14' title="bbox 210 1372 1799 1448">
    <p class='ocr_par' dir='ltr' id='par_1_14' title="bbox 210 1372 1799 1448">
     <span class='ocr_line' id='line_1_14' title="bbox 210 1372 1799 1448; baseline 0.004 -22"><span class='ocrx_word' id='word_1_96' title='bbox 210 1372 346 1426; x_wconf 82' lang='grc' dir='ltr'><strong>Θεὸν</strong></span> <span class='ocrx_word' id='word_1_97' title='bbox 375 1376 408 1442; x_wconf 84' lang='grc' dir='ltr'>ὴ</span> <span class='ocrx_word' id='word_1_98' title='bbox 447 1374 664 1440; x_wconf 73' lang='grc' dir='ltr'><strong>ἐνωσις,</strong></span> <span class='ocrx_word' id='word_1_99' title='bbox 697 1375 833 1428; x_wconf 76' lang='grc' dir='ltr'><strong>ἀλλὰ</strong></span> <span class='ocrx_word' id='word_1_100' title='bbox 864 1376 957 1429; x_wconf 74' lang='grc' dir='ltr'><strong>καὶ</strong></span> <span class='ocrx_word' id='word_1_101' title='bbox 999 1375 1166 1429; x_wconf 80' lang='grc' dir='ltr'><strong>Ἀσελ</strong></span> <span class='ocrx_word' id='word_1_102' title='bbox 1211 1377 1308 1429; x_wconf 74' lang='grc' dir='ltr'><strong>καὶ</strong></span> <span class='ocrx_word' id='word_1_103' title='bbox 1349 1377 1518 1448; x_wconf 81' lang='grc' dir='ltr'><strong>Ἑνὼχ</strong></span> <span class='ocrx_word' id='word_1_104' title='bbox 1548 1380 1643 1432; x_wconf 75' lang='grc' dir='ltr'><strong>καὶ</strong></span> <span class='ocrx_word' id='word_1_105' title='bbox 1674 1378 1799 1432; x_wconf 78' lang='grc' dir='ltr'><strong>Νῶε</strong></span> 
     </span>
    </p>
   </div>
   <div class='ocr_carea' id='block_1_15' title="bbox 209 1464 1802 1536">
    <p class='ocr_par' dir='ltr' id='par_1_15' title="bbox 209 1464 1802 1536">
     <span class='ocr_line' id='line_1_15' title="bbox 209 1464 1802 1536; baseline 0.003 -18"><span class='ocrx_word' id='word_1_106' title='bbox 209 1465 309 1518; x_wconf 76' lang='grc' dir='ltr'><strong>καὶ</strong></span> <span class='ocrx_word' id='word_1_107' title='bbox 349 1464 603 1536; x_wconf 80' lang='grc' dir='ltr'><strong>’Δϐραὰμ</strong></span> <span class='ocrx_word' id='word_1_108' title='bbox 633 1467 729 1519; x_wconf 76' lang='grc' dir='ltr'><strong>καὶ</strong></span> <span class='ocrx_word' id='word_1_109' title='bbox 771 1465 958 1520; x_wconf 71' lang='grc' dir='ltr'><strong>Ἰσαὰκ</strong></span> <span class='ocrx_word' id='word_1_110' title='bbox 991 1468 1083 1520; x_wconf 82' lang='grc' dir='ltr'><strong>καὶ</strong></span> <span class='ocrx_word' id='word_1_111' title='bbox 1128 1466 1346 1530; x_wconf 80' lang='grc' dir='ltr'><strong>Ίακὼὸ,</strong></span> <span class='ocrx_word' id='word_1_112' title='bbox 1370 1468 1673 1534; x_wconf 79' lang='grc' dir='ltr'><strong>Μωῦσέως,</strong></span> <span class='ocrx_word' id='word_1_113' title='bbox 1706 1469 1802 1524; x_wconf 80' lang='grc' dir='ltr'><strong>καὶ</strong></span> 
     </span>
    </p>
   </div>
   <div class='ocr_carea' id='block_1_16' title="bbox 207 1555 1800 1628">
    <p class='ocr_par' dir='ltr' id='par_1_16' title="bbox 207 1555 1800 1628">
     <span class='ocr_line' id='line_1_16' title="bbox 207 1555 1800 1628; baseline 0.006 -22"><span class='ocrx_word' id='word_1_114' title='bbox 207 1555 494 1625; x_wconf 77' lang='grc' dir='ltr'><strong>Σαμουὴλ,</strong></span> <span class='ocrx_word' id='word_1_115' title='bbox 522 1557 620 1610; x_wconf 74' lang='grc' dir='ltr'><strong>καὶ</strong></span> <span class='ocrx_word' id='word_1_116' title='bbox 654 1555 839 1619; x_wconf 73' lang='grc' dir='ltr'><strong>Δαὸὶδ,</strong></span> <span class='ocrx_word' id='word_1_117' title='bbox 875 1559 967 1610; x_wconf 78' lang='grc' dir='ltr'><strong>καὶ</strong></span> <span class='ocrx_word' id='word_1_118' title='bbox 1009 1557 1298 1628; x_wconf 82' lang='grc' dir='ltr'><strong>Ἱερεμίου,</strong></span> <span class='ocrx_word' id='word_1_119' title='bbox 1335 1560 1430 1612; x_wconf 75' lang='grc' dir='ltr'><strong>καὶ</strong></span> <span class='ocrx_word' id='word_1_120' title='bbox 1466 1559 1574 1613; x_wconf 85' lang='grc' dir='ltr'><strong>τῶν</strong></span> <span class='ocrx_word' id='word_1_121' title='bbox 1596 1561 1800 1616; x_wconf 83' lang='grc' dir='ltr'><strong>λοιπῶν</strong></span> 
     </span>
    </p>
   </div>
   <div class='ocr_carea' id='block_1_17' title="bbox 209 1647 1800 1720">
    <p class='ocr_par' dir='ltr' id='par_1_17' title="bbox 209 1647 1800 1720">
     <span class='ocr_line' id='line_1_17' title="bbox 209 1647 1800 1720; baseline 0.004 -21"><span class='ocrx_word' id='word_1_122' title='bbox 209 1647 478 1716; x_wconf 82' lang='grc' dir='ltr'><strong>Πατέρων</strong></span> <span class='ocrx_word' id='word_1_123' title='bbox 534 1650 627 1701; x_wconf 73' lang='grc' dir='ltr'><strong>καὶ</strong></span> <span class='ocrx_word' id='word_1_124' title='bbox 689 1648 1050 1720; x_wconf 85' lang='grc' dir='ltr'><strong>πατριαρχῶν</strong></span> <span class='ocrx_word' id='word_1_125' title='bbox 1103 1651 1198 1703; x_wconf 80' lang='grc' dir='ltr'><strong>καὶ</strong></span> <span class='ocrx_word' id='word_1_126' title='bbox 1225 1651 1524 1720; x_wconf 83' lang='grc' dir='ltr'><strong>προφητῶν</strong></span> <span class='ocrx_word' id='word_1_127' title='bbox 1579 1653 1800 1706; x_wconf 73' lang='grc' dir='ltr'><strong>πάντων</strong></span> 
     </span>
    </p>
   </div>
   <div class='ocr_carea' id='block_1_18' title="bbox 205 1738 1799 1809">
    <p class='ocr_par' dir='ltr' id='par_1_18' title="bbox 205 1738 1799 1809">
     <span class='ocr_line' id='line_1_18' title="bbox 205 1738 1799 1809; baseline 0.004 -19"><span class='ocrx_word' id='word_1_128' title='bbox 205 1739 320 1790; x_wconf 81' lang='grc' dir='ltr'><strong>τῶν</strong></span> <span class='ocrx_word' id='word_1_129' title='bbox 374 1738 566 1809; x_wconf 76' lang='grc' dir='ltr'><strong>μέχρις</strong></span> <span class='ocrx_word' id='word_1_130' title='bbox 614 1739 865 1793; x_wconf 79' lang='grc' dir='ltr'><strong>Ἰωάννου</strong></span> <span class='ocrx_word' id='word_1_131' title='bbox 902 1739 995 1792; x_wconf 77' lang='grc' dir='ltr'><strong>τοῦ</strong></span> <span class='ocrx_word' id='word_1_132' title='bbox 1040 1741 1368 1806; x_wconf 76' lang='grc' dir='ltr'><strong>Βαπτιστοῦ,</strong></span> <span class='ocrx_word' id='word_1_133' title='bbox 1410 1743 1505 1795; x_wconf 78' lang='grc' dir='ltr'><strong>καὶ</strong></span> <span class='ocrx_word' id='word_1_134' title='bbox 1551 1743 1662 1796; x_wconf 76' lang='grc' dir='ltr'><strong>τῶν</strong></span> <span class='ocrx_word' id='word_1_135' title='bbox 1692 1744 1799 1798; x_wconf 84' lang='grc' dir='ltr'><strong>ἀπὸ</strong></span> 
     </span>
    </p>
   </div>
   <div class='ocr_carea' id='block_1_19' title="bbox 217 1830 1792 1908">
    <p class='ocr_par' dir='ltr' id='par_1_19' title="bbox 217 1830 1792 1908">
     <span class='ocr_line' id='line_1_19' title="bbox 217 1830 1792 1908; baseline 0.027 -56"><span class='ocrx_word' id='word_1_136' title='bbox 217 1830 500 1897; x_wconf 55' lang='grc' dir='ltr'><strong>Ἰωάννου,</strong></span> <span class='ocrx_word' id='word_1_137' title='bbox 533 1833 630 1886; x_wconf 73' lang='grc' dir='ltr'><strong>και</strong></span> <span class='ocrx_word' id='word_1_138' title='bbox 662 1831 826 1904; x_wconf 77' lang='grc' dir='ltr'><strong>μέχρι</strong></span> <span class='ocrx_word' id='word_1_139' title='bbox 858 1831 953 1886; x_wconf 79' lang='grc' dir='ltr'><strong>τοῦ</strong></span> <span class='ocrx_word' id='word_1_140' title='bbox 1005 1832 1101 1886; x_wconf 74' lang='grc' dir='ltr'><strong>νῦν</strong></span> <span class='ocrx_word' id='word_1_141' title='bbox 1139 1833 1626 1904; x_wconf 83' lang='grc' dir='ltr'><strong>εὐαρεστησάντων</strong></span> <span class='ocrx_word' id='word_1_142' title='bbox 1653 1837 1792 1908; x_wconf 83' lang='grc' dir='ltr'><strong>Θεῷ·</strong></span> 
     </span>
    </p>
   </div>
   <div class='ocr_carea' id='block_1_20' title="bbox 204 1923 1800 1994">
    <p class='ocr_par' dir='ltr' id='par_1_20' title="bbox 204 1923 1800 1994">
     <span class='ocr_line' id='line_1_20' title="bbox 204 1923 1800 1994; baseline 0.004 -19"><span class='ocrx_word' id='word_1_143' title='bbox 204 1924 266 1976; x_wconf 70' lang='grc' dir='ltr'><strong>οὐ</strong></span> <span class='ocrx_word' id='word_1_144' title='bbox 312 1923 425 1994; x_wconf 74' lang='grc' dir='ltr'><strong>γάρ</strong></span> <span class='ocrx_word' id='word_1_145' title='bbox 453 1924 670 1994; x_wconf 72' lang='grc' dir='ltr'><strong>εῐρηται</strong></span> <span class='ocrx_word' id='word_1_146' title='bbox 701 1926 829 1993; x_wconf 76' lang='grc' dir='ltr'><strong>περὶ</strong></span> <span class='ocrx_word' id='word_1_147' title='bbox 855 1925 973 1988; x_wconf 78' lang='grc' dir='ltr'><strong>ἑνὸς</strong></span> <span class='ocrx_word' id='word_1_148' title='bbox 1005 1925 1186 1994; x_wconf 80' lang='grc' dir='ltr'><strong>μόνου,</strong></span> <span class='ocrx_word' id='word_1_149' title='bbox 1227 1926 1342 1979; x_wconf 80' lang='grc' dir='ltr'><strong>ἀλλ’</strong></span> <span class='ocrx_word' id='word_1_150' title='bbox 1387 1927 1471 1980; x_wconf 79' lang='grc' dir='ltr'><strong>ὅτι</strong></span> <span class='ocrx_word' id='word_1_151' title='bbox 1523 1947 1542 1980; x_wconf 86' lang='grc'><strong><em>‹</em></strong></span> <span class='ocrx_word' id='word_1_152' title='bbox 1575 1929 1800 1984; x_wconf 75' lang='grc' dir='ltr'><strong>Εὑδοκεῐ</strong></span> 
     </span>
    </p>
   </div>
   <div class='ocr_carea' id='block_1_21' title="bbox 208 2016 1794 2089">
    <p class='ocr_par' dir='ltr' id='par_1_21' title="bbox 208 2016 1794 2089">
     <span class='ocr_line' id='line_1_21' title="bbox 208 2016 1794 2089; baseline 0.003 -19"><span class='ocrx_word' id='word_1_153' title='bbox 208 2016 418 2088; x_wconf 78' lang='grc' dir='ltr'><strong>Κύριος</strong></span> <span class='ocrx_word' id='word_1_154' title='bbox 442 2019 500 2070; x_wconf 81' lang='grc' dir='ltr'><strong>ὲν</strong></span> <span class='ocrx_word' id='word_1_155' title='bbox 525 2021 634 2081; x_wconf 76' lang='grc' dir='ltr'><strong>τοῖς</strong></span> <span class='ocrx_word' id='word_1_156' title='bbox 663 2017 1018 2089; x_wconf 72' lang='grc' dir='ltr'><strong>φοϐουμένοις</strong></span> <span class='ocrx_word' id='word_1_157' title='bbox 1047 2020 1230 2084; x_wconf 80' lang='grc' dir='ltr'><strong>αὑτὸν,</strong></span> <span class='ocrx_word' id='word_1_158' title='bbox 1257 2020 1316 2072; x_wconf 72' lang='grc' dir='ltr'><strong>ὲν</strong></span> <span class='ocrx_word' id='word_1_159' title='bbox 1347 2021 1482 2073; x_wconf 80' lang='grc' dir='ltr'><strong>πᾶσι</strong></span> <span class='ocrx_word' id='word_1_160' title='bbox 1501 2023 1613 2084; x_wconf 86' lang='grc' dir='ltr'><strong>τοῖς</strong></span> <span class='ocrx_word' id='word_1_161' title='bbox 1642 2022 1794 2075; x_wconf 79' lang='grc' dir='ltr'><strong>ἐλπι-</strong></span> 
     </span>
    </p>
   </div>
   <div class='ocr_carea' id='block_1_22' title="bbox 207 2107 1798 2171">
    <p class='ocr_par' dir='ltr' id='par_1_22' title="bbox 207 2107 1798 2171">
     <span class='ocr_line' id='line_1_22' title="bbox 207 2107 1798 2171; baseline 0.004 -13"><span class='ocrx_word' id='word_1_162' title='bbox 207 2107 405 2171; x_wconf 78' lang='grc' dir='ltr'><strong>ζουσιν</strong></span> <span class='ocrx_word' id='word_1_163' title='bbox 454 2108 549 2161; x_wconf 77' lang='grc' dir='ltr'><strong>ἐπὶ</strong></span> <span class='ocrx_word' id='word_1_164' title='bbox 596 2108 658 2162; x_wconf 75' lang='grc' dir='ltr'><strong>τὸ</strong></span> <span class='ocrx_word' id='word_1_165' title='bbox 718 2107 868 2171; x_wconf 78' lang='grc' dir='ltr'><strong>ἔλεος</strong></span> <span class='ocrx_word' id='word_1_166' title='bbox 937 2108 1125 2162; x_wconf 74' lang='grc' dir='ltr'><strong>αὑτοῦ.</strong></span> <span class='ocrx_word' id='word_1_167' title='bbox 1174 2129 1193 2160; x_wconf 76' lang='grc' dir='ltr'><strong>ι</strong></span> <span class='ocrx_word' id='word_1_168' title='bbox 1269 2109 1397 2171; x_wconf 76' lang='grc' dir='ltr'><strong>Καὶ,</strong></span> <span class='ocrx_word' id='word_1_169' title='bbox 1469 2128 1488 2160; x_wconf 74' lang='grc' dir='ltr'><strong>ι</strong></span> <span class='ocrx_word' id='word_1_170' title='bbox 1527 2111 1642 2164; x_wconf 88' lang='grc' dir='ltr'><strong>Οὐκ</strong></span> <span class='ocrx_word' id='word_1_171' title='bbox 1683 2113 1798 2164; x_wconf 76' lang='grc' dir='ltr'><strong>ἐστι</strong></span> 
     </span>
    </p>
   </div>
   <div class='ocr_carea' id='block_1_23' title="bbox 206 2199 1798 2271">
    <p class='ocr_par' dir='ltr' id='par_1_23' title="bbox 206 2199 1798 2271">
     <span class='ocr_line' id='line_1_23' title="bbox 206 2199 1798 2271; baseline 0.005 -22"><span class='ocrx_word' id='word_1_172' title='bbox 206 2200 652 2270; x_wconf 78' lang='grc' dir='ltr'><strong>προσωποληψία</strong></span> <span class='ocrx_word' id='word_1_173' title='bbox 688 2200 842 2271; x_wconf 83' lang='grc' dir='ltr'><strong>παρὰ</strong></span> <span class='ocrx_word' id='word_1_174' title='bbox 880 2199 957 2270; x_wconf 81' lang='grc' dir='ltr'><strong>τῷ</strong></span> <span class='ocrx_word' id='word_1_175' title='bbox 996 2201 1136 2271; x_wconf 81' lang='grc' dir='ltr'><strong>Θεῷ,</strong></span> <span class='ocrx_word' id='word_1_176' title='bbox 1175 2221 1195 2254; x_wconf 75' lang='grc' dir='ltr'><strong>ι</strong></span> <span class='ocrx_word' id='word_1_177' title='bbox 1233 2201 1348 2255; x_wconf 73' lang='grc' dir='ltr'><strong>ἀλλ’</strong></span> <span class='ocrx_word' id='word_1_178' title='bbox 1375 2205 1434 2256; x_wconf 76' lang='grc' dir='ltr'><strong>ὲν</strong></span> <span class='ocrx_word' id='word_1_179' title='bbox 1461 2207 1624 2256; x_wconf 74' lang='grc' dir='ltr'><strong>παντὶ</strong></span> <span class='ocrx_word' id='word_1_180' title='bbox 1656 2204 1798 2258; x_wconf 78' lang='grc' dir='ltr'><strong>ἔθνει</strong></span> 
     </span>
    </p>
   </div>
   <div class='ocr_carea' id='block_1_24' title="bbox 202 2289 1794 2367">
    <p class='ocr_par' dir='ltr' id='par_1_24' title="bbox 202 2289 1794 2367">
     <span class='ocr_line' id='line_1_24' title="bbox 202 2289 1794 2367; baseline 0.004 -25"><span class='ocrx_word' id='word_1_181' title='bbox 202 2291 232 2342; x_wconf 95' lang='grc' dir='ltr'><strong>ὁ</strong></span> <span class='ocrx_word' id='word_1_182' title='bbox 271 2289 612 2361; x_wconf 73' lang='grc' dir='ltr'><strong>φοϐούμενος</strong></span> <span class='ocrx_word' id='word_1_183' title='bbox 644 2291 806 2346; x_wconf 83' lang='grc' dir='ltr'><strong>αὐτὸν</strong></span> <span class='ocrx_word' id='word_1_184' title='bbox 861 2295 954 2346; x_wconf 81' lang='grc' dir='ltr'><strong>καὶ</strong></span> <span class='ocrx_word' id='word_1_185' title='bbox 1008 2293 1374 2365; x_wconf 78' lang='grc' dir='ltr'><strong>ἐργαζόμενος</strong></span> <span class='ocrx_word' id='word_1_186' title='bbox 1415 2295 1794 2367; x_wconf 83' lang='grc' dir='ltr'><strong>δικαιοσύνην,</strong></span> 
     </span>
    </p>
   </div>
   <div class='ocr_carea' id='block_1_25' title="bbox 203 2380 1797 2460">
    <p class='ocr_par' dir='ltr' id='par_1_25' title="bbox 203 2380 1797 2460">
     <span class='ocr_line' id='line_1_25' title="bbox 203 2380 1797 2460; baseline 0.006 -27"><span class='ocrx_word' id='word_1_187' title='bbox 203 2380 400 2446; x_wconf 75' lang='grc' dir='ltr'><strong>δεκτὸς</strong></span> <span class='ocrx_word' id='word_1_188' title='bbox 428 2382 577 2452; x_wconf 84' lang='grc' dir='ltr'><strong>αὐτῷ</strong></span> <span class='ocrx_word' id='word_1_189' title='bbox 623 2384 764 2438; x_wconf 75' lang='grc' dir='ltr'><strong>ἐστι·</strong></span> <span class='ocrx_word' id='word_1_190' title='bbox 805 2385 976 2454; x_wconf 78' lang='grc' dir='ltr'><strong>σαφὲς</strong></span> <span class='ocrx_word' id='word_1_191' title='bbox 1004 2386 1116 2448; x_wconf 78' lang='grc' dir='ltr'><strong>οὖν,</strong></span> <span class='ocrx_word' id='word_1_192' title='bbox 1153 2388 1229 2450; x_wconf 85' lang='grc' dir='ltr'><strong>ὡς</strong></span> <span class='ocrx_word' id='word_1_193' title='bbox 1260 2388 1383 2440; x_wconf 73' lang='grc' dir='ltr'><strong>οὐδὲ</strong></span> <span class='ocrx_word' id='word_1_194' title='bbox 1417 2391 1483 2441; x_wconf 79' lang='grc' dir='ltr'><strong>ἐκ</strong></span> <span class='ocrx_word' id='word_1_195' title='bbox 1514 2388 1675 2457; x_wconf 75' lang='grc' dir='ltr'><strong>τῆσδε</strong></span> <span class='ocrx_word' id='word_1_196' title='bbox 1697 2391 1797 2460; x_wconf 82' lang='grc' dir='ltr'><strong>τῆς</strong></span> 
     </span>
    </p>
   </div>
   <div class='ocr_carea' id='block_1_26' title="bbox 204 2476 1796 2552">
    <p class='ocr_par' dir='ltr' id='par_1_26' title="bbox 204 2476 1796 2552">
     <span class='ocr_line' id='line_1_26' title="bbox 204 2476 1796 2552; baseline 0.005 -24"><span class='ocrx_word' id='word_1_197' title='bbox 204 2476 484 2541; x_wconf 79' lang='grc' dir='ltr'><strong>ἑνὼσεως,</strong></span> <span class='ocrx_word' id='word_1_198' title='bbox 507 2479 659 2532; x_wconf 75' lang='grc' dir='ltr'><strong>οὐδὲν</strong></span> <span class='ocrx_word' id='word_1_199' title='bbox 697 2481 861 2536; x_wconf 81' lang='grc' dir='ltr'><strong>πλέον</strong></span> <span class='ocrx_word' id='word_1_200' title='bbox 898 2483 962 2536; x_wconf 78' lang='grc' dir='ltr'><strong>ἐκ</strong></span> <span class='ocrx_word' id='word_1_201' title='bbox 992 2484 1101 2534; x_wconf 84' lang='grc' dir='ltr'><strong>τῶν</strong></span> <span class='ocrx_word' id='word_1_202' title='bbox 1141 2484 1282 2552; x_wconf 81' lang='grc' dir='ltr'><strong>ὑπὲρ</strong></span> <span class='ocrx_word' id='word_1_203' title='bbox 1314 2485 1442 2546; x_wconf 78' lang='grc' dir='ltr'><strong>τοὺς</strong></span> <span class='ocrx_word' id='word_1_204' title='bbox 1475 2485 1570 2536; x_wconf 83' lang='grc' dir='ltr'><strong>ἀπ’</strong></span> <span class='ocrx_word' id='word_1_205' title='bbox 1598 2483 1796 2547; x_wconf 84' lang='grc' dir='ltr'><strong>αἰῶνος</strong></span> 
     </span>
    </p>
   </div>
   <div class='ocr_carea' id='block_1_27' title="bbox 203 2565 1792 2643">
    <p class='ocr_par' dir='ltr' id='par_1_27' title="bbox 203 2565 1792 2643">
     <span class='ocr_line' id='line_1_27' title="bbox 203 2565 1792 2643; baseline 0.005 -25"><span class='ocrx_word' id='word_1_206' title='bbox 203 2565 412 2636; x_wconf 62' lang='grc' dir='ltr'><strong>ἄνδρας</strong></span> <span class='ocrx_word' id='word_1_207' title='bbox 444 2568 738 2638; x_wconf 76' lang='grc' dir='ltr'><strong>θεοφόῦους</strong></span> <span class='ocrx_word' id='word_1_208' title='bbox 787 2573 881 2627; x_wconf 77' lang='grc' dir='ltr'><strong>καὶ</strong></span> <span class='ocrx_word' id='word_1_209' title='bbox 933 2574 1198 2640; x_wconf 80' lang='grc' dir='ltr'><strong>ἀγγέλους</strong></span> <span class='ocrx_word' id='word_1_210' title='bbox 1252 2573 1406 2626; x_wconf 73' lang='grc' dir='ltr'><strong>ἔσται</strong></span> <span class='ocrx_word' id='word_1_211' title='bbox 1440 2575 1700 2643; x_wconf 76' lang='grc' dir='ltr'><strong>Χριστοῦ·</strong></span> <span class='ocrx_word' id='word_1_212' title='bbox 1731 2574 1792 2628; x_wconf 66' lang='grc' dir='ltr'><strong>οὔ</strong></span> 
     </span>
    </p>
   </div>
   <div class='ocr_carea' id='block_1_28' title="bbox 203 2659 1796 2737">
    <p class='ocr_par' dir='ltr' id='par_1_28' title="bbox 203 2659 1796 2737">
     <span class='ocr_line' id='line_1_28' title="bbox 203 2659 1796 2737; baseline 0.004 -24"><span class='ocrx_word' id='word_1_213' title='bbox 203 2659 442 2713; x_wconf 77' lang='grc' dir='ltr'><strong>δύνασθε</strong></span> <span class='ocrx_word' id='word_1_214' title='bbox 477 2660 571 2714; x_wconf 77' lang='grc' dir='ltr'><strong>οὖν</strong></span> <span class='ocrx_word' id='word_1_215' title='bbox 613 2662 796 2730; x_wconf 80' lang='grc' dir='ltr'><strong>λέγειν</strong></span> <span class='ocrx_word' id='word_1_216' title='bbox 838 2666 920 2718; x_wconf 85' lang='grc' dir='ltr'><strong>ὃτι</strong></span> <span class='ocrx_word' id='word_1_217' title='bbox 956 2664 1242 2730; x_wconf 76' lang='grc' dir='ltr'><strong>ἐξελέξατο</strong></span> <span class='ocrx_word' id='word_1_218' title='bbox 1283 2667 1448 2720; x_wconf 80' lang='grc' dir='ltr'><strong>αὐτὸν</strong></span> <span class='ocrx_word' id='word_1_219' title='bbox 1489 2669 1652 2737; x_wconf 89' lang='grc' dir='ltr'><strong>μόνον</strong></span> <span class='ocrx_word' id='word_1_220' title='bbox 1684 2667 1796 2723; x_wconf 75' lang='grc' dir='ltr'><strong>ἀπὸ</strong></span> 
     </span>
    </p>
   </div>
   <div class='ocr_carea' id='block_1_29' title="bbox 207 2753 1796 2831">
    <p class='ocr_par' dir='ltr' id='par_1_29' title="bbox 207 2753 1796 2831">
     <span class='ocr_line' id='line_1_29' title="bbox 207 2753 1796 2831; baseline 0.008 -27"><span class='ocrx_word' id='word_1_221' title='bbox 207 2753 435 2806; x_wconf 82' lang='grc' dir='ltr'><strong>πάντων</strong></span> <span class='ocrx_word' id='word_1_222' title='bbox 467 2754 680 2826; x_wconf 79' lang='grc' dir='ltr'><strong>ὁρατῶν</strong></span> <span class='ocrx_word' id='word_1_223' title='bbox 724 2758 820 2811; x_wconf 74' lang='grc' dir='ltr'><strong>καὶ</strong></span> <span class='ocrx_word' id='word_1_224' title='bbox 852 2758 1122 2829; x_wconf 82' lang='grc' dir='ltr'><strong>ἀοράτων·</strong></span> <span class='ocrx_word' id='word_1_225' title='bbox 1160 2761 1257 2813; x_wconf 75' lang='grc' dir='ltr'><strong>καὶ</strong></span> <span class='ocrx_word' id='word_1_226' title='bbox 1295 2761 1378 2814; x_wconf 85' lang='grc' dir='ltr'><strong>ὅτι</strong></span> <span class='ocrx_word' id='word_1_227' title='bbox 1408 2762 1550 2831; x_wconf 73' lang='grc' dir='ltr'><strong>ὑπὲρ</strong></span> <span class='ocrx_word' id='word_1_228' title='bbox 1582 2763 1796 2826; x_wconf 82' lang='grc' dir='ltr'><strong>πάντας</strong></span> 
     </span>
    </p>
   </div>
   <div class='ocr_carea' id='block_1_30' title="bbox 201 2843 1794 2926">
    <p class='ocr_par' dir='ltr' id='par_1_30' title="bbox 201 2843 1794 2926">
     <span class='ocr_line' id='line_1_30' title="bbox 201 2843 1794 2926; baseline 0.008 -29"><span class='ocrx_word' id='word_1_229' title='bbox 201 2843 438 2913; x_wconf 72' lang='grc' dir='ltr'><strong>ἠξίωται</strong></span> <span class='ocrx_word' id='word_1_230' title='bbox 499 2848 679 2918; x_wconf 75' lang='grc' dir='ltr'><strong>τιμῆς</strong></span> <span class='ocrx_word' id='word_1_231' title='bbox 715 2865 860 2914; x_wconf 83' lang='grc' dir='ltr'><strong>τινος</strong></span> <span class='ocrx_word' id='word_1_232' title='bbox 899 2850 932 2921; x_wconf 78' lang='grc' dir='ltr'>ἢ</span> <span class='ocrx_word' id='word_1_233' title='bbox 980 2849 1226 2916; x_wconf 82' lang='grc' dir='ltr'><strong>ἔνώσεως</strong></span> <span class='ocrx_word' id='word_1_234' title='bbox 1275 2853 1308 2923; x_wconf 75' lang='grc' dir='ltr'>ἢ</span> <span class='ocrx_word' id='word_1_235' title='bbox 1341 2853 1592 2924; x_wconf 74' lang='grc' dir='ltr'><strong>υῐότητος</strong></span> <span class='ocrx_word' id='word_1_236' title='bbox 1623 2855 1655 2924; x_wconf 85' lang='grc' dir='ltr'><strong>ἦ</strong></span> <span class='ocrx_word' id='word_1_237' title='bbox 1694 2857 1794 2926; x_wconf 86' lang='grc' dir='ltr'><strong>χά-</strong></span> 
     </span>
    </p>
   </div>
   <div class='ocr_carea' id='block_1_31' title="bbox 209 2938 1190 3011">
    <p class='ocr_par' dir='ltr' id='par_1_31' title="bbox 209 2938 1190 3011">
     <span class='ocr_line' id='line_1_31' title="bbox 209 2938 1190 3011; baseline 0.007 -23"><span class='ocrx_word' id='word_1_238' title='bbox 209 2953 363 3006; x_wconf 76' lang='grc' dir='ltr'><strong>ριτος</strong></span> <span class='ocrx_word' id='word_1_239' title='bbox 399 2938 464 2991; x_wconf 80' lang='grc' dir='ltr'><strong>ὲκ</strong></span> <span class='ocrx_word' id='word_1_240' title='bbox 501 2939 602 3008; x_wconf 81' lang='grc' dir='ltr'><strong>τῆς</strong></span> <span class='ocrx_word' id='word_1_241' title='bbox 627 2942 886 3011; x_wconf 82' lang='grc' dir='ltr'><strong>τοιαύτης</strong></span> <span class='ocrx_word' id='word_1_242' title='bbox 921 2941 1190 3005; x_wconf 81' lang='grc' dir='ltr'><strong>ἐνῶσεως.</strong></span> 
     </span>
    </p>
   </div>
   <div class='ocr_carea' id='block_1_32' title="bbox 281 3027 1794 3106">
    <p class='ocr_par' dir='ltr' id='par_1_32' title="bbox 281 3027 1794 3106">
     <span class='ocr_line' id='line_1_32' title="bbox 281 3027 1794 3106; baseline 0.005 -25"><span class='ocrx_word' id='word_1_243' title='bbox 281 3027 346 3082; x_wconf 86' lang='grc' dir='ltr'><strong>Εἰ</strong></span> <span class='ocrx_word' id='word_1_244' title='bbox 376 3028 432 3081; x_wconf 81' lang='grc' dir='ltr'><strong>δὲ</strong></span> <span class='ocrx_word' id='word_1_245' title='bbox 461 3030 523 3082; x_wconf 81' lang='grc' dir='ltr'><strong>οὐ</strong></span> <span class='ocrx_word' id='word_1_246' title='bbox 561 3029 787 3100; x_wconf 78' lang='grc' dir='ltr'><strong>ταύτην,</strong></span> <span class='ocrx_word' id='word_1_247' title='bbox 821 3031 958 3084; x_wconf 84' lang='grc' dir='ltr'><strong>ἀλλὰ</strong></span> <span class='ocrx_word' id='word_1_248' title='bbox 992 3031 1089 3104; x_wconf 80' lang='grc' dir='ltr'><strong>τὴν</strong></span> <span class='ocrx_word' id='word_1_249' title='bbox 1126 3031 1270 3086; x_wconf 82' lang='grc' dir='ltr'><strong>κατὰ.</strong></span> <span class='ocrx_word' id='word_1_250' title='bbox 1323 3033 1508 3104; x_wconf 81' lang='grc' dir='ltr'><strong>σχέσιν</strong></span> <span class='ocrx_word' id='word_1_251' title='bbox 1557 3036 1794 3106; x_wconf 75' lang='grc' dir='ltr'><strong>φυσικὴν</strong></span> 
     </span>
    </p>
   </div>
   <div class='ocr_carea' id='block_1_33' title="bbox 204 3120 1793 3198">
    <p class='ocr_par' dir='ltr' id='par_1_33' title="bbox 204 3120 1793 3198">
     <span class='ocr_line' id='line_1_33' title="bbox 204 3120 1793 3198; baseline 0.006 -25"><span class='ocrx_word' id='word_1_252' title='bbox 204 3120 400 3186; x_wconf 66' lang='grc' dir='ltr'><strong>λέγετε</strong></span> <span class='ocrx_word' id='word_1_253' title='bbox 443 3121 642 3177; x_wconf 72' lang='grc' dir='ltr'><strong>ἕνωσιν</strong></span> <span class='ocrx_word' id='word_1_254' title='bbox 695 3124 792 3177; x_wconf 79' lang='grc' dir='ltr'><strong>τοῦ</strong></span> <span class='ocrx_word' id='word_1_255' title='bbox 828 3125 1005 3193; x_wconf 82' lang='grc' dir='ltr'><strong>Λόγου</strong></span> <span class='ocrx_word' id='word_1_256' title='bbox 1045 3126 1184 3196; x_wconf 82' lang='grc' dir='ltr'><strong>πρὸς</strong></span> <span class='ocrx_word' id='word_1_257' title='bbox 1222 3127 1315 3180; x_wconf 81' lang='grc' dir='ltr'><strong>τὸν</strong></span> <span class='ocrx_word' id='word_1_258' title='bbox 1370 3129 1624 3198; x_wconf 77' lang='grc' dir='ltr'><strong>Χριστὸν,</strong></span> <span class='ocrx_word' id='word_1_259' title='bbox 1671 3130 1793 3182; x_wconf 73' lang='grc' dir='ltr'><strong>ἐπεὶ</strong></span> 
     </span>
    </p>
   </div>
   <div class='ocr_carea' id='block_1_34' title="bbox 207 3212 1797 3295">
    <p class='ocr_par' dir='ltr' id='par_1_34' title="bbox 207 3212 1797 3290">
     <span class='ocr_line' id='line_1_34' title="bbox 207 3212 1797 3290; baseline 0.006 -24"><span class='ocrx_word' id='word_1_260' title='bbox 207 3214 352 3286; x_wconf 81' lang='grc' dir='ltr'><strong>αὕτη</strong></span> <span class='ocrx_word' id='word_1_261' title='bbox 382 3216 438 3268; x_wconf 75' lang='grc' dir='ltr'><strong>ἐν</strong></span> <span class='ocrx_word' id='word_1_262' title='bbox 477 3220 588 3280; x_wconf 87' lang='grc' dir='ltr'><strong>τοῖς</strong></span> <span class='ocrx_word' id='word_1_263' title='bbox 614 3212 922 3287; x_wconf 71' lang='grc' dir='ltr'><strong>ὁμὶουσὶοις</strong></span> <span class='ocrx_word' id='word_1_264' title='bbox 976 3219 1190 3288; x_wconf 79' lang='grc' dir='ltr'><strong>ὁρᾶται·</strong></span> <span class='ocrx_word' id='word_1_265' title='bbox 1241 3219 1352 3273; x_wconf 82' lang='grc' dir='ltr'><strong>πᾶν</strong></span> <span class='ocrx_word' id='word_1_266' title='bbox 1406 3219 1515 3290; x_wconf 81' lang='grc' dir='ltr'><strong>γὰρ</strong></span> <span class='ocrx_word' id='word_1_267' title='bbox 1565 3221 1701 3285; x_wconf 78' lang='grc' dir='ltr'><strong>ζῶον</strong></span> <span class='ocrx_word' id='word_1_268' title='bbox 1737 3225 1797 3277; x_wconf 79' lang='grc' dir='ltr'><strong>τὸ</strong></span> 
     </span>
    </p>
   </div>
   <div class='ocr_carea' id='block_1_35' title="bbox 1898 3212 3028 3295">
    <p class='ocr_par' dir='ltr' id='par_1_35' title="bbox 1904 3212 3028 3282">
     <span class='ocr_line' id='line_1_35' title="bbox 1904 3212 3028 3282; baseline 0.002 -16"><span class='ocrx_word' id='word_1_269' title='bbox 1904 3213 2020 3282; x_wconf 85' lang='lat' dir='ltr'><strong>ipsa</strong></span> <span class='ocrx_word' id='word_1_270' title='bbox 2071 3212 2128 3266; x_wconf 90' lang='lat' dir='ltr'><strong>in</strong></span> <span class='ocrx_word' id='word_1_271' title='bbox 2166 3212 2739 3267; x_wconf 75' lang='lat' dir='ltr'><strong>consubstantialibus</strong></span> <span class='ocrx_word' id='word_1_272' title='bbox 2771 3214 3028 3268; x_wconf 88' lang='lat' dir='ltr'><strong>videatur</strong></span> 
     </span>
    </p>
   </div>
   <div class='ocr_carea' id='block_1_36' title="bbox 206 3307 1797 3387">
    <p class='ocr_par' dir='ltr' id='par_1_36' title="bbox 206 3307 1797 3387">
     <span class='ocr_line' id='line_1_36' title="bbox 206 3307 1797 3387; baseline 0.004 -27"><span class='ocrx_word' id='word_1_273' title='bbox 206 3307 401 3376; x_wconf 82' lang='grc' dir='ltr'><strong>ὅμοιον</strong></span> <span class='ocrx_word' id='word_1_274' title='bbox 434 3309 645 3380; x_wconf 71' lang='grc' dir='ltr'><strong>ἀγαπᾷ,</strong></span> <span class='ocrx_word' id='word_1_275' title='bbox 677 3309 739 3362; x_wconf 79' lang='grc' dir='ltr'><strong>οὐ</strong></span> <span class='ocrx_word' id='word_1_276' title='bbox 769 3308 831 3362; x_wconf 84' lang='grc' dir='ltr'><strong>τὸ</strong></span> <span class='ocrx_word' id='word_1_277' title='bbox 863 3309 937 3380; x_wconf 82' lang='grc' dir='ltr'><strong>μὴ</strong></span> <span class='ocrx_word' id='word_1_278' title='bbox 987 3309 1193 3380; x_wconf 82' lang='grc' dir='ltr'><strong>ὅμοιον·</strong></span> <span class='ocrx_word' id='word_1_279' title='bbox 1235 3310 1269 3380; x_wconf 81' lang='grc' dir='ltr'>ἢ</span> <span class='ocrx_word' id='word_1_280' title='bbox 1304 3311 1444 3365; x_wconf 88' lang='grc' dir='ltr'><strong>κατά</strong></span> <span class='ocrx_word' id='word_1_281' title='bbox 1473 3331 1627 3372; x_wconf 86' lang='grc' dir='ltr'><strong>τινας</strong></span> <span class='ocrx_word' id='word_1_282' title='bbox 1659 3331 1797 3387; x_wconf 88' lang='grc' dir='ltr'><strong>συμ-</strong></span> 
     </span>
    </p>
   </div>
   <div class='ocr_carea' id='block_1_37' title="bbox 206 3397 1798 3475">
    <p class='ocr_par' dir='ltr' id='par_1_37' title="bbox 206 3397 1798 3475">
     <span class='ocr_line' id='line_1_37' title="bbox 206 3397 1798 3475; baseline 0.006 -24"><span class='ocrx_word' id='word_1_283' title='bbox 206 3397 504 3467; x_wconf 75' lang='grc' dir='ltr'><strong>ϐεὸηκυὲας</strong></span> <span class='ocrx_word' id='word_1_284' title='bbox 568 3400 733 3453; x_wconf 81' lang='grc' dir='ltr'><strong>τινῶν</strong></span> <span class='ocrx_word' id='word_1_285' title='bbox 771 3402 1121 3473; x_wconf 84' lang='grc' dir='ltr'><strong>ὁμοιότητας,</strong></span> <span class='ocrx_word' id='word_1_286' title='bbox 1163 3403 1320 3472; x_wconf 74' lang='grc' dir='ltr'><strong>δῆλον</strong></span> <span class='ocrx_word' id='word_1_287' title='bbox 1367 3405 1508 3475; x_wconf 81' lang='grc' dir='ltr'><strong>ὼςῆ</strong></span> <span class='ocrx_word' id='word_1_288' title='bbox 1563 3407 1704 3460; x_wconf 75' lang='grc' dir='ltr'><strong>κατά</strong></span> <span class='ocrx_word' id='word_1_289' title='bbox 1744 3425 1798 3460; x_wconf 88' lang='grc' dir='ltr'><strong>τι</strong></span> 
     </span>
    </p>
   </div>
   <div class='ocr_carea' id='block_1_38' title="bbox 207 3489 1799 3568">
    <p class='ocr_par' dir='ltr' id='par_1_38' title="bbox 207 3489 1799 3568">
     <span class='ocr_line' id='line_1_38' title="bbox 207 3489 1799 3568; baseline 0.006 -25"><span class='ocrx_word' id='word_1_290' title='bbox 207 3489 562 3563; x_wconf 71' lang='grc' dir='ltr'><strong>συμϐεϐηκὸς</strong></span> <span class='ocrx_word' id='word_1_291' title='bbox 584 3492 769 3562; x_wconf 84' lang='grc' dir='ltr'><strong>ὅμοιον</strong></span> <span class='ocrx_word' id='word_1_292' title='bbox 797 3495 888 3545; x_wconf 78' lang='grc' dir='ltr'><strong>τὸν</strong></span> <span class='ocrx_word' id='word_1_293' title='bbox 908 3495 1082 3564; x_wconf 83' lang='grc' dir='ltr'><strong>Λόγον</strong></span> <span class='ocrx_word' id='word_1_294' title='bbox 1103 3497 1324 3568; x_wconf 79' lang='grc' dir='ltr'><strong>Χριστῷ</strong></span> <span class='ocrx_word' id='word_1_295' title='bbox 1349 3494 1488 3552; x_wconf 68' lang='grc' dir='ltr'><strong>εἶναι</strong></span> <span class='ocrx_word' id='word_1_296' title='bbox 1514 3517 1671 3566; x_wconf 71' lang='grc' dir='ltr'><strong>φατε,</strong></span> <span class='ocrx_word' id='word_1_297' title='bbox 1705 3503 1799 3553; x_wconf 73' lang='grc' dir='ltr'><strong>καὶ</strong></span> 
     </span>
    </p>
   </div>
   <div class='ocr_carea' id='block_1_39' title="bbox 205 3582 1800 3661">
    <p class='ocr_par' dir='ltr' id='par_1_39' title="bbox 205 3582 1800 3661">
     <span class='ocr_line' id='line_1_39' title="bbox 205 3582 1800 3661; baseline 0.006 -27"><span class='ocrx_word' id='word_1_298' title='bbox 205 3583 271 3634; x_wconf 80' lang='grc' dir='ltr'><strong>οὐ</strong></span> <span class='ocrx_word' id='word_1_299' title='bbox 301 3582 435 3644; x_wconf 81' lang='grc' dir='ltr'><strong>Θεὸς</strong></span> <span class='ocrx_word' id='word_1_300' title='bbox 464 3584 618 3636; x_wconf 78' lang='grc' dir='ltr'><strong>ἔσται</strong></span> <span class='ocrx_word' id='word_1_301' title='bbox 651 3586 681 3638; x_wconf 87' lang='grc' dir='ltr'><strong>ὁ</strong></span> <span class='ocrx_word' id='word_1_302' title='bbox 713 3585 886 3650; x_wconf 85' lang='grc' dir='ltr'><strong>Λόγος</strong></span> <span class='ocrx_word' id='word_1_303' title='bbox 915 3587 1072 3660; x_wconf 79' lang='grc' dir='ltr'><strong>οὐσέᾳ</strong></span> <span class='ocrx_word' id='word_1_304' title='bbox 1105 3589 1199 3641; x_wconf 78' lang='grc' dir='ltr'><strong>καὶ</strong></span> <span class='ocrx_word' id='word_1_305' title='bbox 1224 3590 1634 3660; x_wconf 76' lang='grc' dir='ltr'><strong>συμϐεϐηκόσιν</strong></span> <span class='ocrx_word' id='word_1_306' title='bbox 1699 3592 1800 3661; x_wconf 81' lang='grc' dir='ltr'><strong>ὑφ-</strong></span> 
     </span>
    </p>
   </div>
   <div class='ocr_carea' id='block_1_40' title="bbox 210 3674 1799 3754">
    <p class='ocr_par' dir='ltr' id='par_1_40' title="bbox 210 3674 1799 3754">
     <span class='ocr_line' id='line_1_40' title="bbox 210 3674 1799 3754; baseline 0.007 -29"><span class='ocrx_word' id='word_1_307' title='bbox 210 3674 395 3736; x_wconf 78' lang='grc' dir='ltr'><strong>εστὼς</strong></span> <span class='ocrx_word' id='word_1_308' title='bbox 436 3675 497 3726; x_wconf 76' lang='grc' dir='ltr'><strong>τδ</strong></span> <span class='ocrx_word' id='word_1_309' title='bbox 541 3675 674 3728; x_wconf 77' lang='grc' dir='ltr'><strong>[διον</strong></span> <span class='ocrx_word' id='word_1_310' title='bbox 701 3677 1012 3748; x_wconf 81' lang='grc' dir='ltr'><strong>πρόσωπον·</strong></span> <span class='ocrx_word' id='word_1_311' title='bbox 1040 3679 1072 3748; x_wconf 71' lang='grc' dir='ltr'>ἢ</span> <span class='ocrx_word' id='word_1_312' title='bbox 1116 3680 1236 3732; x_wconf 78' lang='grc' dir='ltr'><strong>κατ’</strong></span> <span class='ocrx_word' id='word_1_313' title='bbox 1269 3680 1478 3744; x_wconf 76' lang='grc' dir='ltr'><strong>οὐσίαν,</strong></span> <span class='ocrx_word' id='word_1_314' title='bbox 1515 3684 1609 3735; x_wconf 71' lang='grc' dir='ltr'><strong>καὶ</strong></span> <span class='ocrx_word' id='word_1_315' title='bbox 1638 3683 1799 3754; x_wconf 79' lang='grc' dir='ltr'><strong>δῆλον</strong></span> 
     </span>
    </p>
   </div>
   <div class='ocr_carea' id='block_1_41' title="bbox 203 3763 1839 3844">
    <p class='ocr_par' dir='ltr' id='par_1_41' title="bbox 203 3763 1839 3844">
     <span class='ocr_line' id='line_1_41' title="bbox 203 3763 1839 3844; baseline 0.009 -30"><span class='ocrx_word' id='word_1_316' title='bbox 203 3763 286 3825; x_wconf 83' lang='grc' dir='ltr'><strong>ὡς</strong></span> <span class='ocrx_word' id='word_1_317' title='bbox 338 3764 371 3835; x_wconf 79' lang='grc' dir='ltr'>ἦ</span> <span class='ocrx_word' id='word_1_318' title='bbox 417 3765 508 3817; x_wconf 70' lang='grc' dir='ltr'><strong>τὸν</strong></span> <span class='ocrx_word' id='word_1_319' title='bbox 542 3767 714 3834; x_wconf 86' lang='grc' dir='ltr'><strong>Λόγον</strong></span> <span class='ocrx_word' id='word_1_320' title='bbox 745 3767 926 3836; x_wconf 84' lang='grc' dir='ltr'><strong>σάρκα</strong></span> <span class='ocrx_word' id='word_1_321' title='bbox 959 3770 1073 3822; x_wconf 81' lang='grc' dir='ltr'><strong>ἷστε</strong></span> <span class='ocrx_word' id='word_1_322' title='bbox 1107 3770 1326 3840; x_wconf 80' lang='grc' dir='ltr'><strong>ὁμοφυῆ</strong></span> <span class='ocrx_word' id='word_1_323' title='bbox 1357 3776 1424 3844; x_wconf 80' lang='grc' dir='ltr'><strong>τῇ</strong></span> <span class='ocrx_word' id='word_1_324' title='bbox 1451 3776 1611 3844; x_wconf 75' lang='grc' dir='ltr'><strong>σαρκὶ</strong></span> <span class='ocrx_word' id='word_1_325' title='bbox 1643 3775 1795 3838; x_wconf 81' lang='grc' dir='ltr'><strong>ὄντα,</strong></span> <span class='ocrx_word' id='word_1_326' title='bbox 1837 3809 1839 3811; x_wconf 64' lang='grc' dir='ltr'><strong>ι</strong></span> 
     </span>
    </p>
   </div>
   <div class='ocr_carea' id='block_1_42' title="bbox 207 3855 1798 3938">
    <p class='ocr_par' dir='ltr' id='par_1_42' title="bbox 207 3855 1798 3938">
     <span class='ocr_line' id='line_1_42' title="bbox 207 3855 1798 3938; baseline 0.009 -30"><span class='ocrx_word' id='word_1_327' title='bbox 207 3855 312 3908; x_wconf 75' lang='grc' dir='ltr'><strong>καὶ</strong></span> <span class='ocrx_word' id='word_1_328' title='bbox 356 3855 533 3910; x_wconf 75' lang='grc' dir='ltr'><strong>λείπει</strong></span> <span class='ocrx_word' id='word_1_329' title='bbox 583 3858 712 3926; x_wconf 81' lang='grc' dir='ltr'><strong>ὑμῖν</strong></span> <span class='ocrx_word' id='word_1_330' title='bbox 747 3861 779 3926; x_wconf 77' lang='grc' dir='ltr'>ὴ</span> <span class='ocrx_word' id='word_1_331' title='bbox 812 3857 933 3912; x_wconf 83' lang='grc' dir='ltr'><strong>θεία</strong></span> <span class='ocrx_word' id='word_1_332' title='bbox 963 3860 1134 3930; x_wconf 79' lang='grc' dir='ltr'><strong>Τριὰς</strong></span> <span class='ocrx_word' id='word_1_333' title='bbox 1177 3863 1256 3915; x_wconf 81' lang='grc' dir='ltr'><strong>ὲνὶ</strong></span> <span class='ocrx_word' id='word_1_334' title='bbox 1290 3863 1587 3936; x_wconf 81' lang='grc' dir='ltr'><strong>προσώπῳ·</strong></span> <span class='ocrx_word' id='word_1_335' title='bbox 1634 3867 1666 3938; x_wconf 80' lang='grc' dir='ltr'>ἢ</span> <span class='ocrx_word' id='word_1_336' title='bbox 1705 3868 1798 3921; x_wconf 76' lang='grc' dir='ltr'><strong>καὶ</strong></span> 
     </span>
    </p>
   </div>
   <div class='ocr_carea' id='block_1_43' title="bbox 203 3947 1798 4023">
    <p class='ocr_par' dir='ltr' id='par_1_43' title="bbox 203 3947 1798 4023">
     <span class='ocr_line' id='line_1_43' title="bbox 203 3947 1798 4023; baseline 0.006 -23"><span class='ocrx_word' id='word_1_337' title='bbox 203 3947 313 4018; x_wconf 80' lang='grc' dir='ltr'><strong>τὴν</strong></span> <span class='ocrx_word' id='word_1_338' title='bbox 343 3948 543 4019; x_wconf 83' lang='grc' dir='ltr'><strong>σάρκα,</strong></span> <span class='ocrx_word' id='word_1_339' title='bbox 574 3948 708 4003; x_wconf 77' lang='grc' dir='ltr'><strong>Θεὸν</strong></span> <span class='ocrx_word' id='word_1_340' title='bbox 752 3952 1038 4021; x_wconf 87' lang='grc' dir='ltr'><strong>ὁμοούσιον</strong></span> <span class='ocrx_word' id='word_1_341' title='bbox 1085 3953 1179 4006; x_wconf 83' lang='grc' dir='ltr'><strong>τοῦ</strong></span> <span class='ocrx_word' id='word_1_342' title='bbox 1239 3955 1416 4023; x_wconf 87' lang='grc' dir='ltr'><strong>Λόγου</strong></span> <span class='ocrx_word' id='word_1_343' title='bbox 1458 3955 1658 4021; x_wconf 78' lang='grc' dir='ltr'><strong>οἴεσθε,</strong></span> <span class='ocrx_word' id='word_1_344' title='bbox 1704 3959 1798 4012; x_wconf 73' lang='grc' dir='ltr'><strong>καὶ</strong></span> 
     </span>
    </p>
   </div>
   <div class='ocr_carea' id='block_1_44' title="bbox 207 4042 1800 4119">
    <p class='ocr_par' dir='ltr' id='par_1_44' title="bbox 207 4042 1800 4119">
     <span class='ocr_line' id='line_1_44' title="bbox 207 4042 1800 4119; baseline 0.008 -28"><span class='ocrx_word' id='word_1_345' title='bbox 207 4042 527 4112; x_wconf 82' lang='grc' dir='ltr'><strong>περιττεύει</strong></span> <span class='ocrx_word' id='word_1_346' title='bbox 580 4044 708 4114; x_wconf 79' lang='grc' dir='ltr'><strong>ὑμῖν</strong></span> <span class='ocrx_word' id='word_1_347' title='bbox 740 4045 772 4114; x_wconf 77' lang='grc' dir='ltr'>ἡ</span> <span class='ocrx_word' id='word_1_348' title='bbox 805 4044 937 4113; x_wconf 82' lang='grc' dir='ltr'><strong>ἁγία</strong></span> <span class='ocrx_word' id='word_1_349' title='bbox 993 4046 1162 4113; x_wconf 75' lang='grc' dir='ltr'><strong>Τριὰς</strong></span> <span class='ocrx_word' id='word_1_350' title='bbox 1225 4050 1322 4119; x_wconf 77' lang='grc' dir='ltr'><strong>μιᾷ</strong></span> <span class='ocrx_word' id='word_1_351' title='bbox 1367 4050 1684 4104; x_wconf 81' lang='grc' dir='ltr'><strong>ὑποστάσει·</strong></span> <span class='ocrx_word' id='word_1_352' title='bbox 1739 4052 1800 4117; x_wconf 80' lang='grc' dir='ltr'>ἐξ</span> 
     </span>
    </p>
   </div>
   <div class='ocr_carea' id='block_1_45' title="bbox 205 4133 1798 4212">
    <p class='ocr_par' dir='ltr' id='par_1_45' title="bbox 205 4133 1798 4212">
     <span class='ocr_line' id='line_1_45' title="bbox 205 4133 1798 4212; baseline 0.006 -26"><span class='ocrx_word' id='word_1_353' title='bbox 205 4133 462 4205; x_wconf 80' lang='grc' dir='ltr'><strong>ἀνάγκης</strong></span> <span class='ocrx_word' id='word_1_354' title='bbox 488 4133 584 4188; x_wconf 78' lang='grc' dir='ltr'><strong>οὖν</strong></span> <span class='ocrx_word' id='word_1_355' title='bbox 617 4135 785 4190; x_wconf 81' lang='grc' dir='ltr'><strong>δυάδα</strong></span> <span class='ocrx_word' id='word_1_356' title='bbox 817 4137 850 4208; x_wconf 76' lang='grc' dir='ltr'>ἢ</span> <span class='ocrx_word' id='word_1_357' title='bbox 902 4139 1140 4208; x_wconf 79' lang='grc' dir='ltr'><strong>τετράδα</strong></span> <span class='ocrx_word' id='word_1_358' title='bbox 1189 4143 1568 4210; x_wconf 68' lang='grc' dir='ltr'><strong>προσκυνεῖτε·</strong></span> <span class='ocrx_word' id='word_1_359' title='bbox 1614 4143 1714 4212; x_wconf 81' lang='grc' dir='ltr'><strong>τὴν</strong></span> <span class='ocrx_word' id='word_1_360' title='bbox 1741 4143 1798 4196; x_wconf 83' lang='grc' dir='ltr'><strong>δὲ</strong></span> 
     </span>
    </p>
   </div>
   <div class='ocr_carea' id='block_1_46' title="bbox 204 4225 1799 4301">
    <p class='ocr_par' dir='ltr' id='par_1_46' title="bbox 204 4225 1799 4301">
     <span class='ocr_line' id='line_1_46' title="bbox 204 4225 1799 4301; baseline 0.006 -23"><span class='ocrx_word' id='word_1_361' title='bbox 204 4225 378 4294; x_wconf 80' lang='grc' dir='ltr'><strong>ἁγίαν</strong></span> <span class='ocrx_word' id='word_1_362' title='bbox 409 4226 640 4297; x_wconf 84' lang='grc' dir='ltr'><strong>Τριάδα,</strong></span> <span class='ocrx_word' id='word_1_363' title='bbox 677 4228 896 4294; x_wconf 80' lang='grc' dir='ltr'><strong>πάντως</strong></span> <span class='ocrx_word' id='word_1_364' title='bbox 923 4231 1397 4301; x_wconf 84' lang='grc' dir='ltr'><strong>παραχαράττετε·</strong></span> <span class='ocrx_word' id='word_1_365' title='bbox 1429 4235 1477 4285; x_wconf 79' lang='grc' dir='ltr'><strong>εἰ</strong></span> <span class='ocrx_word' id='word_1_366' title='bbox 1507 4233 1564 4286; x_wconf 81' lang='grc' dir='ltr'><strong>δὲ</strong></span> <span class='ocrx_word' id='word_1_367' title='bbox 1591 4234 1799 4287; x_wconf 78' lang='grc' dir='ltr'><strong>τούτων</strong></span> 
     </span>
    </p>
   </div>
   <div class='ocr_carea' id='block_1_47' title="bbox 207 4315 1797 4392">
    <p class='ocr_par' dir='ltr' id='par_1_47' title="bbox 207 4315 1797 4392">
     <span class='ocr_line' id='line_1_47' title="bbox 207 4315 1797 4392; baseline 0.006 -26"><span class='ocrx_word' id='word_1_368' title='bbox 207 4315 321 4368; x_wconf 84' lang='grc' dir='ltr'><strong>τῶν</strong></span> <span class='ocrx_word' id='word_1_369' title='bbox 359 4317 609 4372; x_wconf 76' lang='grc' dir='ltr'><strong>ὲνὼσεων</strong></span> <span class='ocrx_word' id='word_1_370' title='bbox 657 4320 917 4390; x_wconf 77' lang='grc' dir='ltr'><strong>οὐδεμίαν</strong></span> <span class='ocrx_word' id='word_1_371' title='bbox 951 4322 1322 4392; x_wconf 81' lang='grc' dir='ltr'><strong>καταδέχεσθε</strong></span> <span class='ocrx_word' id='word_1_372' title='bbox 1375 4323 1555 4391; x_wconf 82' lang='grc' dir='ltr'><strong>λέγειν</strong></span> <span class='ocrx_word' id='word_1_373' title='bbox 1605 4324 1693 4378; x_wconf 69' lang='grc' dir='ltr'><strong>διὰ</strong></span> <span class='ocrx_word' id='word_1_374' title='bbox 1729 4325 1797 4377; x_wconf 70' lang='grc' dir='ltr'><strong>τά</strong></span> 
     </span>
    </p>
   </div>
   <div class='ocr_carea' id='block_1_48' title="bbox 205 4407 1794 4486">
    <p class='ocr_par' dir='ltr' id='par_1_48' title="bbox 205 4407 1794 4486">
     <span class='ocr_line' id='line_1_48' title="bbox 205 4407 1794 4486; baseline 0.006 -26"><span class='ocrx_word' id='word_1_375' title='bbox 205 4407 412 4471; x_wconf 78' lang='grc' dir='ltr'><strong>ἄτοπα,</strong></span> <span class='ocrx_word' id='word_1_376' title='bbox 437 4409 560 4462; x_wconf 77' lang='grc' dir='ltr'><strong>οὐδὲ</strong></span> <span class='ocrx_word' id='word_1_377' title='bbox 588 4410 688 4481; x_wconf 82' lang='grc' dir='ltr'><strong>τὴν</strong></span> <span class='ocrx_word' id='word_1_378' title='bbox 726 4413 866 4465; x_wconf 70' lang='grc' dir='ltr'><strong>κατὰ</strong></span> <span class='ocrx_word' id='word_1_379' title='bbox 911 4413 1160 4467; x_wconf 84' lang='grc' dir='ltr'><strong>σύνθεσιν</strong></span> <span class='ocrx_word' id='word_1_380' title='bbox 1206 4414 1400 4468; x_wconf 73' lang='grc' dir='ltr'><strong>ἕνωσιν</strong></span> <span class='ocrx_word' id='word_1_381' title='bbox 1427 4415 1517 4470; x_wconf 77' lang='grc' dir='ltr'><strong>διὰ</strong></span> <span class='ocrx_word' id='word_1_382' title='bbox 1560 4415 1628 4469; x_wconf 81' lang='grc' dir='ltr'><strong>τὰ</strong></span> <span class='ocrx_word' id='word_1_383' title='bbox 1659 4416 1794 4486; x_wconf 82' lang='grc' dir='ltr'><strong>ὑμέ-</strong></span> 
     </span>
    </p>
   </div>
   <div class='ocr_carea' id='block_1_49' title="bbox 204 4501 1799 4578">
    <p class='ocr_par' dir='ltr' id='par_1_49' title="bbox 204 4501 1799 4578">
     <span class='ocr_line' id='line_1_49' title="bbox 204 4501 1799 4578; baseline 0.006 -26"><span class='ocrx_word' id='word_1_384' title='bbox 204 4517 346 4570; x_wconf 86' lang='grc' dir='ltr'><strong>τερα</strong></span> <span class='ocrx_word' id='word_1_385' title='bbox 372 4501 643 4570; x_wconf 86' lang='grc' dir='ltr'><strong>δόγματα·</strong></span> <span class='ocrx_word' id='word_1_386' title='bbox 677 4505 725 4556; x_wconf 82' lang='grc' dir='ltr'><strong>εἰ</strong></span> <span class='ocrx_word' id='word_1_387' title='bbox 761 4506 838 4570; x_wconf 85' lang='grc' dir='ltr'><strong>δὲ,</strong></span> <span class='ocrx_word' id='word_1_388' title='bbox 881 4506 958 4570; x_wconf 81' lang='grc' dir='ltr'><strong>ὡς</strong></span> <span class='ocrx_word' id='word_1_389' title='bbox 1004 4506 1342 4577; x_wconf 79' lang='grc' dir='ltr'><strong>ὁμολογεῖτε,</strong></span> <span class='ocrx_word' id='word_1_390' title='bbox 1368 4509 1486 4571; x_wconf 84' lang='grc' dir='ltr'><strong>πῶς</strong></span> <span class='ocrx_word' id='word_1_391' title='bbox 1513 4509 1695 4578; x_wconf 84' lang='grc' dir='ltr'><strong>λέγειν</strong></span> <span class='ocrx_word' id='word_1_392' title='bbox 1718 4510 1799 4562; x_wconf 83' lang='grc' dir='ltr'><strong>δο-</strong></span> 
     </span>
    </p>
   </div>
   <div class='ocr_carea' id='block_1_50' title="bbox 1906 640 3494 710">
    <p class='ocr_par' dir='ltr' id='par_1_50' title="bbox 1906 640 3494 710">
     <span class='ocr_line' id='line_1_50' title="bbox 1906 640 3494 710; baseline 0.003 -18"><span class='ocrx_word' id='word_1_393' title='bbox 1906 640 2052 707; x_wconf 90' lang='lat' dir='ltr'><strong>apud</strong></span> <span class='ocrx_word' id='word_1_394' title='bbox 2092 641 2265 710; x_wconf 86' lang='lat' dir='ltr'><strong>ipsam</strong></span> <span class='ocrx_word' id='word_1_395' title='bbox 2295 643 2479 695; x_wconf 85' lang='lat' dir='ltr'><strong>omnia</strong></span> <span class='ocrx_word' id='word_1_396' title='bbox 2525 642 2907 706; x_wconf 85' lang='lat' dir='ltr'><strong>indivisibilia,</strong></span> <span class='ocrx_word' id='word_1_397' title='bbox 2950 645 3188 698; x_wconf 86' lang='lat' dir='ltr'><strong>naturali</strong></span> <span class='ocrx_word' id='word_1_398' title='bbox 3231 644 3494 698; x_wconf 90' lang='lat' dir='ltr'><strong>similitu-</strong></span> 
     </span>
    </p>
   </div>
   <div class='ocr_carea' id='block_1_51' title="bbox 1903 731 3491 806">
    <p class='ocr_par' dir='ltr' id='par_1_51' title="bbox 1903 731 3491 806">
     <span class='ocr_line' id='line_1_51' title="bbox 1903 731 3491 806; baseline 0.002 -21"><span class='ocrx_word' id='word_1_399' title='bbox 1903 731 2070 787; x_wconf 89' lang='lat' dir='ltr'><strong>dine:</strong></span> <span class='ocrx_word' id='word_1_400' title='bbox 2114 743 2210 786; x_wconf 86' lang='lat' dir='ltr'><strong>aut</strong></span> <span class='ocrx_word' id='word_1_401' title='bbox 2242 742 2302 787; x_wconf 87' lang='grc' dir='ltr'><strong>ιιι</strong></span> <span class='ocrx_word' id='word_1_402' title='bbox 2332 733 2556 788; x_wconf 88' lang='lat' dir='ltr'><strong>habitus</strong></span> <span class='ocrx_word' id='word_1_403' title='bbox 2587 733 2844 804; x_wconf 79' lang='lat' dir='ltr'><strong>imaginis</strong></span> <span class='ocrx_word' id='word_1_404' title='bbox 2876 735 2941 788; x_wconf 90' lang='lat' dir='ltr'><strong>ad</strong></span> <span class='ocrx_word' id='word_1_405' title='bbox 2970 736 3366 806; x_wconf 73' lang='lat' dir='ltr'><strong>archetypum:</strong></span> <span class='ocrx_word' id='word_1_406' title='bbox 3395 734 3491 804; x_wconf 88' lang='lat' dir='ltr'><strong>qui</strong></span> 
     </span>
    </p>
   </div>
   <div class='ocr_carea' id='block_1_52' title="bbox 1903 824 3490 896">
    <p class='ocr_par' dir='ltr' id='par_1_52' title="bbox 1903 824 3490 896">
     <span class='ocr_line' id='line_1_52' title="bbox 1903 824 3490 896; baseline 0.001 -18"><span class='ocrx_word' id='word_1_407' title='bbox 1903 824 2268 878; x_wconf 72' lang='lat' dir='ltr'><strong>similitudine</strong></span> <span class='ocrx_word' id='word_1_408' title='bbox 2295 825 2496 880; x_wconf 78' lang='lat' dir='ltr'><strong>iterum</strong></span> <span class='ocrx_word' id='word_1_409' title='bbox 2527 835 2586 880; x_wconf 89' lang='lat' dir='ltr'><strong>et</strong></span> <span class='ocrx_word' id='word_1_410' title='bbox 2615 827 2787 895; x_wconf 87' lang='lat' dir='ltr'><strong>ipsam</strong></span> <span class='ocrx_word' id='word_1_411' title='bbox 2813 835 3036 896; x_wconf 87' lang='lat' dir='ltr'><strong>coaptat</strong></span> <span class='ocrx_word' id='word_1_412' title='bbox 3067 827 3120 879; x_wconf 94' lang='lat' dir='ltr'><strong>in</strong></span> <span class='ocrx_word' id='word_1_413' title='bbox 3154 842 3490 896; x_wconf 86' lang='lat' dir='ltr'><strong>unoquoque</strong></span> 
     </span>
    </p>
   </div>
   <div class='ocr_carea' id='block_1_53' title="bbox 1902 915 3488 988">
    <p class='ocr_par' dir='ltr' id='par_1_53' title="bbox 1902 915 3488 988">
     <span class='ocr_line' id='line_1_53' title="bbox 1902 915 3488 988; baseline -0.001 -17"><span class='ocrx_word' id='word_1_414' title='bbox 1902 915 2167 986; x_wconf 84' lang='lat' dir='ltr'><strong>speciem.</strong></span> <span class='ocrx_word' id='word_1_415' title='bbox 2196 916 2252 970; x_wconf 92' lang='lat' dir='ltr'><strong>Si</strong></span> <span class='ocrx_word' id='word_1_416' title='bbox 2281 917 2448 986; x_wconf 78' lang='lat' dir='ltr'><strong>igitur</strong></span> <span class='ocrx_word' id='word_1_417' title='bbox 2479 919 2702 988; x_wconf 89' lang='lat' dir='ltr'><strong>quidem</strong></span> <span class='ocrx_word' id='word_1_418' title='bbox 2739 918 3049 974; x_wconf 89' lang='lat' dir='ltr'><strong>secundum</strong></span> <span class='ocrx_word' id='word_1_419' title='bbox 3081 917 3488 988; x_wconf 89' lang='lat' dir='ltr'><strong>appositionem</strong></span> 
     </span>
    </p>
   </div>
   <div class='ocr_carea' id='block_1_54' title="bbox 1904 1009 3488 1071">
    <p class='ocr_par' dir='ltr' id='par_1_54' title="bbox 1904 1009 3488 1071">
     <span class='ocr_line' id='line_1_54' title="bbox 1904 1009 3488 1071; baseline 0 -8"><span class='ocrx_word' id='word_1_420' title='bbox 1904 1009 2136 1064; x_wconf 90' lang='lat' dir='ltr'><strong>localem</strong></span> <span class='ocrx_word' id='word_1_421' title='bbox 2173 1009 2362 1066; x_wconf 80' lang='lat' dir='ltr'><strong>dicitis</strong></span> <span class='ocrx_word' id='word_1_422' title='bbox 2409 1011 2528 1067; x_wconf 80' lang='lat' dir='ltr'><strong>ﬁeri</strong></span> <span class='ocrx_word' id='word_1_423' title='bbox 2568 1013 2832 1068; x_wconf 89' lang='lat' dir='ltr'><strong>unionem</strong></span> <span class='ocrx_word' id='word_1_424' title='bbox 2883 1012 3051 1067; x_wconf 86' lang='lat' dir='ltr'><strong>Verbi</strong></span> <span class='ocrx_word' id='word_1_425' title='bbox 3088 1027 3215 1068; x_wconf 92' lang='lat' dir='ltr'><strong>cum</strong></span> <span class='ocrx_word' id='word_1_426' title='bbox 3241 1010 3488 1071; x_wconf 79' lang='lat' dir='ltr'><strong>Christo.</strong></span> 
     </span>
    </p>
   </div>
   <div class='ocr_carea' id='block_1_55' title="bbox 1901 1102 3490 1173">
    <p class='ocr_par' dir='ltr' id='par_1_55' title="bbox 1901 1102 3490 1173">
     <span class='ocr_line' id='line_1_55' title="bbox 1901 1102 3490 1173; baseline -0.004 -12"><span class='ocrx_word' id='word_1_427' title='bbox 1901 1116 2213 1173; x_wconf 85' lang='lat' dir='ltr'><strong>corpusque</strong></span> <span class='ocrx_word' id='word_1_428' title='bbox 2263 1116 2347 1160; x_wconf 92' lang='lat' dir='ltr'><strong>est</strong></span> <span class='ocrx_word' id='word_1_429' title='bbox 2377 1104 2616 1160; x_wconf 82' lang='lat' dir='ltr'><strong>Verbum</strong></span> <span class='ocrx_word' id='word_1_430' title='bbox 2643 1105 2916 1168; x_wconf 88' lang='lat' dir='ltr'><strong>divinum,</strong></span> <span class='ocrx_word' id='word_1_431' title='bbox 2951 1114 3006 1159; x_wconf 92' lang='lat' dir='ltr'><strong>et</strong></span> <span class='ocrx_word' id='word_1_432' title='bbox 3047 1104 3221 1159; x_wconf 88' lang='lat' dir='ltr'><strong>videri</strong></span> <span class='ocrx_word' id='word_1_433' title='bbox 3254 1112 3310 1159; x_wconf 90' lang='lat' dir='ltr'><strong>et</strong></span> <span class='ocrx_word' id='word_1_434' title='bbox 3341 1102 3490 1171; x_wconf 82' lang='lat' dir='ltr'><strong>tangi</strong></span> 
     </span>
    </p>
   </div>
   <div class='ocr_carea' id='block_1_56' title="bbox 1901 1194 3489 1260">
    <p class='ocr_par' dir='ltr' id='par_1_56' title="bbox 1901 1194 3489 1260">
     <span class='ocr_line' id='line_1_56' title="bbox 1901 1194 3489 1260; baseline 0.001 -16"><span class='ocrx_word' id='word_1_435' title='bbox 1901 1199 2104 1260; x_wconf 87' lang='lat' dir='ltr'><strong>potest,</strong></span> <span class='ocrx_word' id='word_1_436' title='bbox 2123 1202 2179 1249; x_wconf 93' lang='lat' dir='ltr'><strong>et</strong></span> <span class='ocrx_word' id='word_1_437' title='bbox 2197 1194 2252 1249; x_wconf 91' lang='lat' dir='ltr'><strong>in</strong></span> <span class='ocrx_word' id='word_1_438' title='bbox 2274 1195 2400 1250; x_wconf 91' lang='lat' dir='ltr'><strong>loco</strong></span> <span class='ocrx_word' id='word_1_439' title='bbox 2421 1201 2697 1258; x_wconf 85' lang='lat' dir='ltr'><strong>versatur,</strong></span> <span class='ocrx_word' id='word_1_440' title='bbox 2719 1203 2775 1249; x_wconf 88' lang='lat' dir='ltr'><strong>et</strong></span> <span class='ocrx_word' id='word_1_441' title='bbox 2790 1195 3086 1248; x_wconf 84' lang='lat' dir='ltr'><strong>limitatum</strong></span> <span class='ocrx_word' id='word_1_442' title='bbox 3098 1203 3206 1257; x_wconf 90' lang='lat' dir='ltr'><strong>est,</strong></span> <span class='ocrx_word' id='word_1_443' title='bbox 3227 1202 3489 1248; x_wconf 70' lang='lat' dir='ltr'><strong>etcaetera</strong></span> 
     </span>
    </p>
   </div>
   <div class='ocr_carea' id='block_1_57' title="bbox 1902 1283 3490 1341">
    <p class='ocr_par' dir='ltr' id='par_1_57' title="bbox 1902 1283 3490 1341">
     <span class='ocr_line' id='line_1_57' title="bbox 1902 1283 3490 1341; baseline 0.001 -4"><span class='ocrx_word' id='word_1_444' title='bbox 1902 1283 2177 1340; x_wconf 86' lang='lat' dir='ltr'><strong>absurda:</strong></span> <span class='ocrx_word' id='word_1_445' title='bbox 2227 1286 2275 1340; x_wconf 87' lang='lat' dir='ltr'><strong>si</strong></span> <span class='ocrx_word' id='word_1_446' title='bbox 2322 1301 2459 1340; x_wconf 84' lang='lat' dir='ltr'><strong>vero</strong></span> <span class='ocrx_word' id='word_1_447' title='bbox 2506 1285 2814 1341; x_wconf 83' lang='lat' dir='ltr'><strong>secundum</strong></span> <span class='ocrx_word' id='word_1_448' title='bbox 2871 1286 3123 1340; x_wconf 89' lang='lat' dir='ltr'><strong>habitum</strong></span> <span class='ocrx_word' id='word_1_449' title='bbox 3177 1283 3490 1340; x_wconf 78' lang='lat' dir='ltr'><strong>voluntarie</strong></span> 
     </span>
    </p>
   </div>
   <div class='ocr_carea' id='block_1_58' title="bbox 1897 1372 3488 1438">
    <p class='ocr_par' dir='ltr' id='par_1_58' title="bbox 1897 1372 3488 1438">
     <span class='ocr_line' id='line_1_58' title="bbox 1897 1372 3488 1438; baseline 0.001 -12"><span class='ocrx_word' id='word_1_450' title='bbox 1897 1373 2158 1438; x_wconf 88' lang='lat' dir='ltr'><strong>electum,</strong></span> <span class='ocrx_word' id='word_1_451' title='bbox 2183 1390 2293 1430; x_wconf 89' lang='lat' dir='ltr'><strong>non</strong></span> <span class='ocrx_word' id='word_1_452' title='bbox 2325 1373 2530 1430; x_wconf 87' lang='lat' dir='ltr'><strong>Christi</strong></span> <span class='ocrx_word' id='word_1_453' title='bbox 2561 1375 2736 1430; x_wconf 91' lang='lat' dir='ltr'><strong>solius</strong></span> <span class='ocrx_word' id='word_1_454' title='bbox 2762 1391 2887 1430; x_wconf 89' lang='lat' dir='ltr'><strong>cum</strong></span> <span class='ocrx_word' id='word_1_455' title='bbox 2936 1375 3049 1428; x_wconf 90' lang='lat' dir='ltr'><strong>Deo</strong></span> <span class='ocrx_word' id='word_1_456' title='bbox 3069 1373 3212 1428; x_wconf 34' lang='lat' dir='ltr'><strong>.unio</strong></span> <span class='ocrx_word' id='word_1_457' title='bbox 3236 1373 3364 1436; x_wconf 90' lang='lat' dir='ltr'><strong>erit,</strong></span> <span class='ocrx_word' id='word_1_458' title='bbox 3392 1372 3488 1428; x_wconf 88' lang='lat' dir='ltr'><strong>sed</strong></span> 
     </span>
    </p>
   </div>
   <div class='ocr_carea' id='block_1_59' title="bbox 1899 1465 3490 1525">
    <p class='ocr_par' dir='ltr' id='par_1_59' title="bbox 1899 1465 3490 1525">
     <span class='ocr_line' id='line_1_59' title="bbox 1899 1465 3490 1525; baseline 0 -7"><span class='ocrx_word' id='word_1_459' title='bbox 1899 1473 1956 1519; x_wconf 91' lang='lat' dir='ltr'><strong>et</strong></span> <span class='ocrx_word' id='word_1_460' title='bbox 1984 1465 2121 1522; x_wconf 83' lang='lat' dir='ltr'><strong>Abel</strong></span> <span class='ocrx_word' id='word_1_461' title='bbox 2150 1475 2206 1522; x_wconf 88' lang='lat' dir='ltr'><strong>et</strong></span> <span class='ocrx_word' id='word_1_462' title='bbox 2251 1467 2478 1525; x_wconf 80' lang='lat' dir='ltr'><strong>Henocb</strong></span> <span class='ocrx_word' id='word_1_463' title='bbox 2513 1477 2570 1523; x_wconf 93' lang='lat' dir='ltr'><strong>et</strong></span> <span class='ocrx_word' id='word_1_464' title='bbox 2614 1469 2731 1523; x_wconf 84' lang='lat' dir='ltr'><strong>Noe</strong></span> <span class='ocrx_word' id='word_1_465' title='bbox 2764 1477 2820 1524; x_wconf 90' lang='lat' dir='ltr'><strong>et</strong></span> <span class='ocrx_word' id='word_1_466' title='bbox 2849 1469 3130 1524; x_wconf 83' lang='lat' dir='ltr'><strong>Abraham</strong></span> <span class='ocrx_word' id='word_1_467' title='bbox 3162 1476 3217 1523; x_wconf 88' lang='lat' dir='ltr'><strong>et</strong></span> <span class='ocrx_word' id='word_1_468' title='bbox 3252 1467 3406 1521; x_wconf 86' lang='lat' dir='ltr'><strong>lsaac</strong></span> <span class='ocrx_word' id='word_1_469' title='bbox 3434 1473 3490 1520; x_wconf 92' lang='lat' dir='ltr'><strong>et</strong></span> 
     </span>
    </p>
   </div>
   <div class='ocr_carea' id='block_1_60' title="bbox 1895 1560 3490 1632">
    <p class='ocr_par' dir='ltr' id='par_1_60' title="bbox 1895 1560 3490 1632">
     <span class='ocr_line' id='line_1_60' title="bbox 1895 1560 3490 1632; baseline 0.002 -16"><span class='ocrx_word' id='word_1_470' title='bbox 1895 1560 2091 1621; x_wconf 69' lang='lat' dir='ltr'><strong>Iacob,</strong></span> <span class='ocrx_word' id='word_1_471' title='bbox 2116 1561 2319 1632; x_wconf 75' lang='lat' dir='ltr'><strong>Moysis</strong></span> <span class='ocrx_word' id='word_1_472' title='bbox 2353 1572 2411 1617; x_wconf 90' lang='lat' dir='ltr'><strong>et</strong></span> <span class='ocrx_word' id='word_1_473' title='bbox 2437 1561 2680 1626; x_wconf 87' lang='lat' dir='ltr'><strong>Samuel,</strong></span> <span class='ocrx_word' id='word_1_474' title='bbox 2713 1571 2771 1619; x_wconf 89' lang='lat' dir='ltr'><strong>et</strong></span> <span class='ocrx_word' id='word_1_475' title='bbox 2800 1563 2996 1627; x_wconf 84' lang='lat' dir='ltr'><strong>David,</strong></span> <span class='ocrx_word' id='word_1_476' title='bbox 3037 1572 3095 1618; x_wconf 88' lang='lat' dir='ltr'><strong>et</strong></span> <span class='ocrx_word' id='word_1_477' title='bbox 3136 1563 3490 1627; x_wconf 62' lang='lat' dir='ltr'><strong>Jeremiat,ct</strong></span> 
     </span>
    </p>
   </div>
   <div class='ocr_carea' id='block_1_61' title="bbox 1897 1653 3488 1726">
    <p class='ocr_par' dir='ltr' id='par_1_61' title="bbox 1897 1653 3488 1726">
     <span class='ocr_line' id='line_1_61' title="bbox 1897 1653 3488 1726; baseline 0.004 -20"><span class='ocrx_word' id='word_1_478' title='bbox 1897 1661 2226 1706; x_wconf 67' lang='lat' dir='ltr'><strong>caeterorum</strong></span> <span class='ocrx_word' id='word_1_479' title='bbox 2243 1653 2474 1708; x_wconf 80' lang='lat' dir='ltr'><strong>Palmm</strong></span> <span class='ocrx_word' id='word_1_480' title='bbox 2495 1662 2552 1707; x_wconf 92' lang='lat' dir='ltr'><strong>et</strong></span> <span class='ocrx_word' id='word_1_481' title='bbox 2573 1654 3018 1722; x_wconf 87' lang='lat' dir='ltr'><strong>patriarcharum</strong></span> <span class='ocrx_word' id='word_1_482' title='bbox 3038 1655 3288 1709; x_wconf 89' lang='lat' dir='ltr'><strong>omnium</strong></span> <span class='ocrx_word' id='word_1_483' title='bbox 3309 1672 3488 1726; x_wconf 87' lang='lat' dir='ltr'><strong>usque</strong></span> 
     </span>
    </p>
   </div>
   <div class='ocr_carea' id='block_1_62' title="bbox 1899 1743 3538 1819">
    <p class='ocr_par' dir='ltr' id='par_1_62' title="bbox 1899 1743 3538 1819">
     <span class='ocr_line' id='line_1_62' title="bbox 1899 1743 3538 1819; baseline 0.003 -22"><span class='ocrx_word' id='word_1_484' title='bbox 1899 1743 1966 1797; x_wconf 91' lang='lat' dir='ltr'><strong>ad</strong></span> <span class='ocrx_word' id='word_1_485' title='bbox 2021 1743 2289 1799; x_wconf 82' lang='lat' dir='ltr'><strong>Joannem</strong></span> <span class='ocrx_word' id='word_1_486' title='bbox 2335 1743 2662 1814; x_wconf 86' lang='lat' dir='ltr'><strong>Baptistam,</strong></span> <span class='ocrx_word' id='word_1_487' title='bbox 2721 1754 2780 1799; x_wconf 91' lang='lat' dir='ltr'><strong>et</strong></span> <span class='ocrx_word' id='word_1_488' title='bbox 2821 1760 3015 1799; x_wconf 91' lang='lat' dir='ltr'><strong>eorum</strong></span> <span class='ocrx_word' id='word_1_489' title='bbox 3048 1745 3142 1815; x_wconf 90' lang='lat' dir='ltr'><strong>qui</strong></span> <span class='ocrx_word' id='word_1_490' title='bbox 3190 1761 3220 1799; x_wconf 90' lang='lat' dir='ltr'><strong>a</strong></span> <span class='ocrx_word' id='word_1_491' title='bbox 3274 1746 3487 1802; x_wconf 84' lang='lat' dir='ltr'><strong>Joanne</strong></span> <span class='ocrx_word' id='word_1_492' title='bbox 3536 1817 3538 1819; x_wconf 6' lang='grc' dir='ltr'><strong>ς</strong></span> 
     </span>
    </p>
   </div>
   <div class='ocr_carea' id='block_1_63' title="bbox 1904 1832 3487 1904">
    <p class='ocr_par' dir='ltr' id='par_1_63' title="bbox 1904 1832 3487 1904">
     <span class='ocr_line' id='line_1_63' title="bbox 1904 1832 3487 1904; baseline 0.003 -19"><span class='ocrx_word' id='word_1_493' title='bbox 1904 1848 2080 1901; x_wconf 90' lang='lat' dir='ltr'><strong>usque</strong></span> <span class='ocrx_word' id='word_1_494' title='bbox 2116 1832 2182 1886; x_wconf 89' lang='lat' dir='ltr'><strong>ad</strong></span> <span class='ocrx_word' id='word_1_495' title='bbox 2214 1833 2268 1887; x_wconf 92' lang='lat' dir='ltr'><strong>id</strong></span> <span class='ocrx_word' id='word_1_496' title='bbox 2317 1833 2585 1903; x_wconf 87' lang='lat' dir='ltr'><strong>temporis</strong></span> <span class='ocrx_word' id='word_1_497' title='bbox 2623 1834 3080 1904; x_wconf 85' lang='lat' dir='ltr'><strong>complacuerunt</strong></span> <span class='ocrx_word' id='word_1_498' title='bbox 3107 1834 3161 1888; x_wconf 89' lang='lat' dir='ltr'><strong>in</strong></span> <span class='ocrx_word' id='word_1_499' title='bbox 3193 1835 3308 1889; x_wconf 84' lang='lat' dir='ltr'><strong>Deo</strong></span> <span class='ocrx_word' id='word_1_500' title='bbox 3335 1851 3349 1887; x_wconf 89' lang='lat'><strong>:</strong></span> <span class='ocrx_word' id='word_1_501' title='bbox 3374 1850 3487 1890; x_wconf 90' lang='lat' dir='ltr'><strong>non</strong></span> 
     </span>
    </p>
   </div>
   <div class='ocr_carea' id='block_1_64' title="bbox 1831 1901 3489 1996">
    <p class='ocr_par' dir='ltr' id='par_1_64' title="bbox 1831 1901 3489 1996">
     <span class='ocr_line' id='line_1_64' title="bbox 1831 1901 3489 1996; baseline 0.002 -18"><span class='ocrx_word' id='word_1_502' title='bbox 1831 1901 1872 1957; x_wconf 71' lang='grc' dir='ltr'><strong><em>Β</em></strong></span> <span class='ocrx_word' id='word_1_503' title='bbox 1901 1925 2049 1978; x_wconf 83' lang='lat' dir='ltr'><strong>enim</strong></span> <span class='ocrx_word' id='word_1_504' title='bbox 2073 1924 2283 1980; x_wconf 89' lang='lat' dir='ltr'><strong>dictum</strong></span> <span class='ocrx_word' id='word_1_505' title='bbox 2325 1901 2520 1980; x_wconf 78' lang='lat' dir='ltr'><strong>estde</strong></span> <span class='ocrx_word' id='word_1_506' title='bbox 2567 1941 2679 1980; x_wconf 92' lang='lat' dir='ltr'><strong>uno</strong></span> <span class='ocrx_word' id='word_1_507' title='bbox 2707 1901 2862 1981; x_wconf 79' lang='lat' dir='ltr'><strong>solo:</strong></span> <span class='ocrx_word' id='word_1_508' title='bbox 2903 1945 2922 1978; x_wconf 81' lang='grc' dir='ltr'><strong>ι</strong></span> <span class='ocrx_word' id='word_1_509' title='bbox 2959 1926 3372 1996; x_wconf 88' lang='lat' dir='ltr'><strong>Beneplacitum</strong></span> <span class='ocrx_word' id='word_1_510' title='bbox 3401 1936 3489 1984; x_wconf 88' lang='lat' dir='ltr'><strong>est</strong></span> 
     </span>
    </p>
   </div>
   <div class='ocr_carea' id='block_1_65' title="bbox 1902 2017 3486 2089">
    <p class='ocr_par' dir='ltr' id='par_1_65' title="bbox 1902 2017 3486 2089">
     <span class='ocr_line' id='line_1_65' title="bbox 1902 2017 3486 2089; baseline 0.003 -19"><span class='ocrx_word' id='word_1_511' title='bbox 1902 2017 2133 2072; x_wconf 87' lang='lat' dir='ltr'><strong>Domino</strong></span> <span class='ocrx_word' id='word_1_512' title='bbox 2154 2035 2322 2088; x_wconf 89' lang='lat' dir='ltr'><strong>super</strong></span> <span class='ocrx_word' id='word_1_513' title='bbox 2352 2020 2620 2072; x_wconf 84' lang='lat' dir='ltr'><strong>timentes</strong></span> <span class='ocrx_word' id='word_1_514' title='bbox 2645 2034 2796 2079; x_wconf 86' lang='lat' dir='ltr'><strong>eum,</strong></span> <span class='ocrx_word' id='word_1_515' title='bbox 2827 2027 2884 2072; x_wconf 91' lang='lat' dir='ltr'><strong>et</strong></span> <span class='ocrx_word' id='word_1_516' title='bbox 2911 2019 2966 2072; x_wconf 86' lang='lat' dir='ltr'><strong>in</strong></span> <span class='ocrx_word' id='word_1_517' title='bbox 2990 2020 3074 2072; x_wconf 89' lang='lat' dir='ltr'><strong>eis</strong></span> <span class='ocrx_word' id='word_1_518' title='bbox 3115 2022 3212 2088; x_wconf 92' lang='lat' dir='ltr'><strong>qui</strong></span> <span class='ocrx_word' id='word_1_519' title='bbox 3255 2028 3486 2089; x_wconf 86' lang='lat' dir='ltr'><strong>sperant</strong></span> 
     </span>
    </p>
   </div>
   <div class='ocr_carea' id='block_1_66' title="bbox 1901 2109 3492 2181">
    <p class='ocr_par' dir='ltr' id='par_1_66' title="bbox 1901 2109 3492 2181">
     <span class='ocr_line' id='line_1_66' title="bbox 1901 2109 3492 2181; baseline 0.003 -18"><span class='ocrx_word' id='word_1_520' title='bbox 1901 2124 2067 2180; x_wconf 88' lang='lat' dir='ltr'><strong>super</strong></span> <span class='ocrx_word' id='word_1_521' title='bbox 2093 2109 2476 2166; x_wconf 87' lang='lat' dir='ltr'><strong>misericordia</strong></span> <span class='ocrx_word' id='word_1_522' title='bbox 2505 2111 2625 2178; x_wconf 85' lang='lat' dir='ltr'><strong>eius</strong></span> <span class='ocrx_word' id='word_1_523' title='bbox 2644 2110 2716 2174; x_wconf 73' lang='lat'><strong>“;</strong></span> <span class='ocrx_word' id='word_1_524' title='bbox 2758 2128 2777 2160; x_wconf 77' lang='grc' dir='ltr'><strong>ι</strong></span> <span class='ocrx_word' id='word_1_525' title='bbox 2813 2117 2905 2163; x_wconf 90' lang='lat' dir='ltr'><strong>et:</strong></span> <span class='ocrx_word' id='word_1_526' title='bbox 2938 2128 2956 2160; x_wconf 80' lang='grc' dir='ltr'><strong>ι</strong></span> <span class='ocrx_word' id='word_1_527' title='bbox 2997 2109 3116 2164; x_wconf 84' lang='lat' dir='ltr'><strong>Non</strong></span> <span class='ocrx_word' id='word_1_528' title='bbox 3161 2120 3247 2166; x_wconf 86' lang='lat' dir='ltr'><strong>est</strong></span> <span class='ocrx_word' id='word_1_529' title='bbox 3296 2126 3492 2181; x_wconf 80' lang='lat' dir='ltr'><strong>perso-</strong></span> 
     </span>
    </p>
   </div>
   <div class='ocr_carea' id='block_1_67' title="bbox 1899 2201 3484 2272">
    <p class='ocr_par' dir='ltr' id='par_1_67' title="bbox 1899 2201 3484 2272">
     <span class='ocr_line' id='line_1_67' title="bbox 1899 2201 3484 2272; baseline 0.003 -17"><span class='ocrx_word' id='word_1_530' title='bbox 1899 2217 2094 2256; x_wconf 89' lang='lat' dir='ltr'><strong>narum</strong></span> <span class='ocrx_word' id='word_1_531' title='bbox 2127 2203 2382 2272; x_wconf 82' lang='lat' dir='ltr'><strong>acceptio</strong></span> <span class='ocrx_word' id='word_1_532' title='bbox 2405 2203 2551 2272; x_wconf 88' lang='lat' dir='ltr'><strong>apud</strong></span> <span class='ocrx_word' id='word_1_533' title='bbox 2574 2203 2750 2256; x_wconf 83' lang='lat' dir='ltr'><strong>Deum</strong></span> <span class='ocrx_word' id='word_1_534' title='bbox 2772 2202 2843 2266; x_wconf 78' lang='grc'><strong>⁵⁸,</strong></span> <span class='ocrx_word' id='word_1_535' title='bbox 2868 2201 2964 2255; x_wconf 90' lang='lat' dir='ltr'><strong>sed</strong></span> <span class='ocrx_word' id='word_1_536' title='bbox 2997 2202 3052 2256; x_wconf 94' lang='lat' dir='ltr'><strong>in</strong></span> <span class='ocrx_word' id='word_1_537' title='bbox 3085 2204 3239 2256; x_wconf 90' lang='lat' dir='ltr'><strong>omni</strong></span> <span class='ocrx_word' id='word_1_538' title='bbox 3258 2204 3484 2260; x_wconf 88' lang='lat' dir='ltr'><strong>natione</strong></span> 
     </span>
    </p>
   </div>
   <div class='ocr_carea' id='block_1_68' title="bbox 1901 2294 3477 2367">
    <p class='ocr_par' dir='ltr' id='par_1_68' title="bbox 1901 2294 3477 2367">
     <span class='ocr_line' id='line_1_68' title="bbox 1901 2294 3477 2367; baseline 0.003 -19"><span class='ocrx_word' id='word_1_539' title='bbox 1901 2294 2106 2350; x_wconf 90' lang='lat' dir='ltr'><strong>timens</strong></span> <span class='ocrx_word' id='word_1_540' title='bbox 2128 2310 2253 2350; x_wconf 90' lang='lat' dir='ltr'><strong>eum</strong></span> <span class='ocrx_word' id='word_1_541' title='bbox 2297 2305 2353 2351; x_wconf 91' lang='lat' dir='ltr'><strong>et</strong></span> <span class='ocrx_word' id='word_1_542' title='bbox 2376 2297 2565 2352; x_wconf 89' lang='lat' dir='ltr'><strong>colens</strong></span> <span class='ocrx_word' id='word_1_543' title='bbox 2591 2295 2864 2366; x_wconf 86' lang='lat' dir='ltr'><strong>justitiam</strong></span> <span class='ocrx_word' id='word_1_544' title='bbox 2891 2297 2992 2364; x_wconf 91' lang='lat' dir='ltr'><strong>ipsi</strong></span> <span class='ocrx_word' id='word_1_545' title='bbox 3023 2305 3286 2367; x_wconf 89' lang='lat' dir='ltr'><strong>acceptus</strong></span> <span class='ocrx_word' id='word_1_546' title='bbox 3309 2307 3429 2352; x_wconf 90' lang='lat' dir='ltr'><strong>est:</strong></span> <span class='ocrx_word' id='word_1_547' title='bbox 3459 2318 3477 2352; x_wconf 81' lang='grc' dir='ltr'><strong>ι</strong></span> 
     </span>
    </p>
   </div>
   <div class='ocr_carea' id='block_1_69' title="bbox 1899 2386 3483 2458">
    <p class='ocr_par' dir='ltr' id='par_1_69' title="bbox 1899 2386 3483 2458">
     <span class='ocr_line' id='line_1_69' title="bbox 1899 2386 3483 2458; baseline 0.003 -19"><span class='ocrx_word' id='word_1_548' title='bbox 1899 2387 2252 2442; x_wconf 80' lang='lat' dir='ltr'><strong>manifestum</strong></span> <span class='ocrx_word' id='word_1_549' title='bbox 2327 2389 2494 2458; x_wconf 78' lang='lat' dir='ltr'><strong>igitur</strong></span> <span class='ocrx_word' id='word_1_550' title='bbox 2544 2386 2694 2457; x_wconf 89' lang='lat' dir='ltr'><strong>quod</strong></span> <span class='ocrx_word' id='word_1_551' title='bbox 2748 2402 2931 2457; x_wconf 90' lang='lat' dir='ltr'><strong>neque</strong></span> <span class='ocrx_word' id='word_1_552' title='bbox 2974 2403 3041 2441; x_wconf 81' lang='lat' dir='ltr'><strong>ex</strong></span> <span class='ocrx_word' id='word_1_553' title='bbox 3096 2388 3200 2444; x_wconf 89' lang='lat' dir='ltr'><strong>hac</strong></span> <span class='ocrx_word' id='word_1_554' title='bbox 3254 2389 3483 2455; x_wconf 89' lang='lat' dir='ltr'><strong>unione,</strong></span> 
     </span>
    </p>
   </div>
   <div class='ocr_carea' id='block_1_70' title="bbox 1897 2479 3485 2550">
    <p class='ocr_par' dir='ltr' id='par_1_70' title="bbox 1897 2479 3485 2550">
     <span class='ocr_line' id='line_1_70' title="bbox 1897 2479 3485 2550; baseline 0.001 -17"><span class='ocrx_word' id='word_1_555' title='bbox 1897 2479 2038 2534; x_wconf 85' lang='lat' dir='ltr'><strong>nihil</strong></span> <span class='ocrx_word' id='word_1_556' title='bbox 2064 2480 2302 2550; x_wconf 84' lang='lat' dir='ltr'><strong>amplius</strong></span> <span class='ocrx_word' id='word_1_557' title='bbox 2322 2496 2388 2536; x_wconf 80' lang='lat' dir='ltr'><strong>ex</strong></span> <span class='ocrx_word' id='word_1_558' title='bbox 2412 2481 2534 2535; x_wconf 89' lang='lat' dir='ltr'><strong>istis</strong></span> <span class='ocrx_word' id='word_1_559' title='bbox 2553 2495 2721 2549; x_wconf 90' lang='lat' dir='ltr'><strong>super</strong></span> <span class='ocrx_word' id='word_1_560' title='bbox 2746 2479 3002 2536; x_wconf 79' lang='lat' dir='ltr'><strong>homines</strong></span> <span class='ocrx_word' id='word_1_561' title='bbox 3020 2480 3088 2534; x_wconf 89' lang='lat' dir='ltr'><strong>ab</strong></span> <span class='ocrx_word' id='word_1_562' title='bbox 3106 2482 3257 2535; x_wconf 91' lang='lat' dir='ltr'><strong>omni</strong></span> <span class='ocrx_word' id='word_1_563' title='bbox 3282 2482 3485 2537; x_wconf 65' lang='lat' dir='ltr'><strong>saeculo</strong></span> 
     </span>
    </p>
   </div>
   <div class='ocr_carea' id='block_1_71' title="bbox 1896 2571 3488 2642">
    <p class='ocr_par' dir='ltr' id='par_1_71' title="bbox 1896 2571 3488 2642">
     <span class='ocr_line' id='line_1_71' title="bbox 1896 2571 3488 2642; baseline 0.001 -17"><span class='ocrx_word' id='word_1_564' title='bbox 1896 2572 2160 2627; x_wconf 87' lang='lat' dir='ltr'><strong>timentes</strong></span> <span class='ocrx_word' id='word_1_565' title='bbox 2181 2573 2350 2628; x_wconf 88' lang='lat' dir='ltr'><strong>Deum</strong></span> <span class='ocrx_word' id='word_1_566' title='bbox 2373 2588 2429 2627; x_wconf 83' lang='lat' dir='ltr'><strong>et</strong></span> <span class='ocrx_word' id='word_1_567' title='bbox 2447 2573 2671 2642; x_wconf 77' lang='lat' dir='ltr'><strong>angelos</strong></span> <span class='ocrx_word' id='word_1_568' title='bbox 2697 2572 2802 2626; x_wconf 91' lang='lat' dir='ltr'><strong>erit</strong></span> <span class='ocrx_word' id='word_1_569' title='bbox 2826 2571 3080 2627; x_wconf 87' lang='lat' dir='ltr'><strong>Christo:</strong></span> <span class='ocrx_word' id='word_1_570' title='bbox 3113 2588 3224 2627; x_wconf 89' lang='lat' dir='ltr'><strong>non</strong></span> <span class='ocrx_word' id='word_1_571' title='bbox 3253 2573 3488 2642; x_wconf 87' lang='lat' dir='ltr'><strong>potestis</strong></span> 
     </span>
    </p>
   </div>
   <div class='ocr_carea' id='block_1_72' title="bbox 1899 2662 3486 2735">
    <p class='ocr_par' dir='ltr' id='par_1_72' title="bbox 1899 2662 3486 2735">
     <span class='ocr_line' id='line_1_72' title="bbox 1899 2662 3486 2735; baseline 0.001 -17"><span class='ocrx_word' id='word_1_572' title='bbox 1899 2662 2071 2735; x_wconf 82' lang='lat' dir='ltr'><strong>igitur</strong></span> <span class='ocrx_word' id='word_1_573' title='bbox 2093 2664 2316 2729; x_wconf 89' lang='lat' dir='ltr'><strong>dicere;</strong></span> <span class='ocrx_word' id='word_1_574' title='bbox 2347 2664 2516 2734; x_wconf 80' lang='lat' dir='ltr'><strong>elegit</strong></span> <span class='ocrx_word' id='word_1_575' title='bbox 2555 2663 2734 2732; x_wconf 90' lang='lat' dir='ltr'><strong>ipsum</strong></span> <span class='ocrx_word' id='word_1_576' title='bbox 2762 2664 2941 2718; x_wconf 91' lang='lat' dir='ltr'><strong>solum</strong></span> <span class='ocrx_word' id='word_1_577' title='bbox 2972 2663 3043 2719; x_wconf 91' lang='lat' dir='ltr'><strong>ab</strong></span> <span class='ocrx_word' id='word_1_578' title='bbox 3065 2665 3326 2720; x_wconf 90' lang='lat' dir='ltr'><strong>omnibus</strong></span> <span class='ocrx_word' id='word_1_579' title='bbox 3348 2664 3486 2720; x_wconf 79' lang='lat' dir='ltr'><strong>visi-</strong></span> 
     </span>
    </p>
   </div>
   <div class='ocr_carea' id='block_1_73' title="bbox 1896 2755 3487 2826">
    <p class='ocr_par' dir='ltr' id='par_1_73' title="bbox 1896 2755 3487 2826">
     <span class='ocr_line' id='line_1_73' title="bbox 1896 2755 3487 2826; baseline 0 -14"><span class='ocrx_word' id='word_1_580' title='bbox 1896 2757 2102 2812; x_wconf 88' lang='lat' dir='ltr'><strong>bilibus</strong></span> <span class='ocrx_word' id='word_1_581' title='bbox 2140 2764 2197 2811; x_wconf 85' lang='lat' dir='ltr'><strong>et</strong></span> <span class='ocrx_word' id='word_1_582' title='bbox 2241 2755 2652 2810; x_wconf 85' lang='lat' dir='ltr'><strong>invisibilibus:</strong></span> <span class='ocrx_word' id='word_1_583' title='bbox 2697 2765 2775 2820; x_wconf 91' lang='lat' dir='ltr'><strong>et,</strong></span> <span class='ocrx_word' id='word_1_584' title='bbox 2820 2770 2993 2825; x_wconf 88' lang='lat' dir='ltr'><strong>supra</strong></span> <span class='ocrx_word' id='word_1_585' title='bbox 3037 2771 3233 2812; x_wconf 88' lang='lat' dir='ltr'><strong>omnes</strong></span> <span class='ocrx_word' id='word_1_586' title='bbox 3286 2757 3487 2826; x_wconf 82' lang='lat' dir='ltr'><strong>dignus</strong></span> 
     </span>
    </p>
   </div>
   <div class='ocr_carea' id='block_1_74' title="bbox 1899 2845 3488 2917">
    <p class='ocr_par' dir='ltr' id='par_1_74' title="bbox 1899 2845 3488 2917">
     <span class='ocr_line' id='line_1_74' title="bbox 1899 2845 3488 2917; baseline 0.001 -15"><span class='ocrx_word' id='word_1_587' title='bbox 1899 2849 2122 2904; x_wconf 86' lang='lat' dir='ltr'><strong>habitus</strong></span> <span class='ocrx_word' id='word_1_588' title='bbox 2147 2853 2234 2903; x_wconf 90' lang='lat' dir='ltr'><strong>est</strong></span> <span class='ocrx_word' id='word_1_589' title='bbox 2260 2845 2493 2902; x_wconf 90' lang='lat' dir='ltr'><strong>honoris</strong></span> <span class='ocrx_word' id='word_1_590' title='bbox 2530 2846 2766 2917; x_wconf 86' lang='lat' dir='ltr'><strong>alicujus</strong></span> <span class='ocrx_word' id='word_1_591' title='bbox 2815 2854 2912 2901; x_wconf 90' lang='lat' dir='ltr'><strong>aut</strong></span> <span class='ocrx_word' id='word_1_592' title='bbox 2961 2847 3184 2904; x_wconf 90' lang='lat' dir='ltr'><strong>un-ionis</strong></span> <span class='ocrx_word' id='word_1_593' title='bbox 3218 2857 3314 2903; x_wconf 90' lang='lat' dir='ltr'><strong>aut</strong></span> <span class='ocrx_word' id='word_1_594' title='bbox 3345 2847 3488 2904; x_wconf 82' lang='lat' dir='ltr'><strong>lilia-</strong></span> 
     </span>
    </p>
   </div>
   <div class='ocr_carea' id='block_1_75' title="bbox 1900 2937 2896 3008">
    <p class='ocr_par' dir='ltr' id='par_1_75' title="bbox 1900 2937 2896 3008">
     <span class='ocr_line' id='line_1_75' title="bbox 1900 2937 2896 3008; baseline -0.003 -15"><span class='ocrx_word' id='word_1_595' title='bbox 1900 2940 2070 2994; x_wconf 86' lang='lat' dir='ltr'><strong>tionis</strong></span> <span class='ocrx_word' id='word_1_596' title='bbox 2098 2947 2197 2992; x_wconf 86' lang='lat' dir='ltr'><strong>aut</strong></span> <span class='ocrx_word' id='word_1_597' title='bbox 2221 2938 2413 3008; x_wconf 78' lang='lat' dir='ltr'><strong>gratia:</strong></span> <span class='ocrx_word' id='word_1_598' title='bbox 2439 2953 2506 2992; x_wconf 81' lang='lat' dir='ltr'><strong>ex</strong></span> <span class='ocrx_word' id='word_1_599' title='bbox 2538 2937 2632 2992; x_wconf 88' lang='lat' dir='ltr'><strong>tali</strong></span> <span class='ocrx_word' id='word_1_600' title='bbox 2667 2940 2896 2993; x_wconf 92' lang='lat' dir='ltr'><strong>unione.</strong></span> 
     </span>
    </p>
   </div>
   <div class='ocr_carea' id='block_1_76' title="bbox 1965 3028 3485 3092">
    <p class='ocr_par' dir='ltr' id='par_1_76' title="bbox 1965 3028 3485 3092">
     <span class='ocr_line' id='line_1_76' title="bbox 1965 3028 3485 3092; baseline 0.002 -8"><span class='ocrx_word' id='word_1_601' title='bbox 1965 3029 2023 3085; x_wconf 90' lang='lat' dir='ltr'><strong>Si</strong></span> <span class='ocrx_word' id='word_1_602' title='bbox 2053 3045 2189 3084; x_wconf 78' lang='lat' dir='ltr'><strong>vero</strong></span> <span class='ocrx_word' id='word_1_603' title='bbox 2223 3044 2335 3083; x_wconf 93' lang='lat' dir='ltr'><strong>non</strong></span> <span class='ocrx_word' id='word_1_604' title='bbox 2365 3029 2539 3092; x_wconf 90' lang='lat' dir='ltr'><strong>illam,</strong></span> <span class='ocrx_word' id='word_1_605' title='bbox 2566 3028 2663 3084; x_wconf 88' lang='lat' dir='ltr'><strong>sed</strong></span> <span class='ocrx_word' id='word_1_606' title='bbox 2697 3028 3006 3084; x_wconf 87' lang='lat' dir='ltr'><strong>secundum</strong></span> <span class='ocrx_word' id='word_1_607' title='bbox 3036 3031 3288 3086; x_wconf 86' lang='lat' dir='ltr'><strong>habitum</strong></span> <span class='ocrx_word' id='word_1_608' title='bbox 3321 3039 3485 3087; x_wconf 90' lang='lat' dir='ltr'><strong>natu-</strong></span> 
     </span>
    </p>
   </div>
   <div class='ocr_carea' id='block_1_77' title="bbox 1895 3120 3484 3188">
    <p class='ocr_par' dir='ltr' id='par_1_77' title="bbox 1895 3120 3484 3188">
     <span class='ocr_line' id='line_1_77' title="bbox 1895 3120 3484 3188; baseline 0.003 -14"><span class='ocrx_word' id='word_1_609' title='bbox 1895 3122 2066 3176; x_wconf 89' lang='lat' dir='ltr'><strong>ralem</strong></span> <span class='ocrx_word' id='word_1_610' title='bbox 2107 3121 2356 3176; x_wconf 83' lang='lat' dir='ltr'><strong>asseritis</strong></span> <span class='ocrx_word' id='word_1_611' title='bbox 2395 3121 2660 3175; x_wconf 87' lang='lat' dir='ltr'><strong>unionem</strong></span> <span class='ocrx_word' id='word_1_612' title='bbox 2707 3120 2876 3175; x_wconf 91' lang='lat' dir='ltr'><strong>Verbi</strong></span> <span class='ocrx_word' id='word_1_613' title='bbox 2905 3136 3030 3176; x_wconf 90' lang='lat' dir='ltr'><strong>cum</strong></span> <span class='ocrx_word' id='word_1_614' title='bbox 3060 3121 3285 3178; x_wconf 86' lang='lat' dir='ltr'><strong>Christo</strong></span> <span class='ocrx_word' id='word_1_615' title='bbox 3311 3164 3326 3188; x_wconf 93' lang='lat'><strong>,</strong></span> <span class='ocrx_word' id='word_1_616' title='bbox 3359 3139 3484 3178; x_wconf 89' lang='lat' dir='ltr'><strong>cum</strong></span> 
     </span>
    </p>
   </div>
   <div class='ocr_carea' id='block_1_78' title="bbox 3077 3215 3486 3270">
    <p class='ocr_par' dir='ltr' id='par_1_78' title="bbox 3077 3215 3486 3270">
     <span class='ocr_line' id='line_1_78' title="bbox 3077 3215 3486 3270; baseline 0.007 -3"><span class='ocrx_word' id='word_1_617' title='bbox 3077 3231 3090 3267; x_wconf 92' lang='lat'><strong>:</strong></span> <span class='ocrx_word' id='word_1_618' title='bbox 3136 3231 3301 3269; x_wconf 89' lang='lat' dir='ltr'><strong>omne</strong></span> <span class='ocrx_word' id='word_1_619' title='bbox 3334 3215 3486 3270; x_wconf 87' lang='lat' dir='ltr'><strong>enim</strong></span> 
     </span>
    </p>
   </div>
   <div class='ocr_carea' id='block_1_79' title="bbox 1901 3303 3491 3369">
    <p class='ocr_par' dir='ltr' id='par_1_79' title="bbox 1901 3303 3491 3369">
     <span class='ocr_line' id='line_1_79' title="bbox 1901 3303 3491 3369; baseline 0.005 -12"><span class='ocrx_word' id='word_1_620' title='bbox 1901 3304 2103 3358; x_wconf 86' lang='lat' dir='ltr'><strong>animal</strong></span> <span class='ocrx_word' id='word_1_621' title='bbox 2137 3304 2316 3358; x_wconf 89' lang='lat' dir='ltr'><strong>simile</strong></span> <span class='ocrx_word' id='word_1_622' title='bbox 2346 3303 2455 3359; x_wconf 87' lang='lat' dir='ltr'><strong>sibi</strong></span> <span class='ocrx_word' id='word_1_623' title='bbox 2495 3315 2643 3359; x_wconf 87' lang='lat' dir='ltr'><strong>amat</strong></span> <span class='ocrx_word' id='word_1_624' title='bbox 2670 3306 2739 3369; x_wconf 85' lang='lat'><strong>&quot;,</strong></span> <span class='ocrx_word' id='word_1_625' title='bbox 2770 3321 2880 3360; x_wconf 90' lang='lat' dir='ltr'><strong>non</strong></span> <span class='ocrx_word' id='word_1_626' title='bbox 2917 3305 3187 3362; x_wconf 88' lang='lat' dir='ltr'><strong>dissimile</strong></span> <span class='ocrx_word' id='word_1_627' title='bbox 3224 3325 3239 3362; x_wconf 90' lang='lat'><strong>:</strong></span> <span class='ocrx_word' id='word_1_628' title='bbox 3275 3317 3374 3363; x_wconf 90' lang='lat' dir='ltr'><strong>aut</strong></span> <span class='ocrx_word' id='word_1_629' title='bbox 3401 3324 3491 3365; x_wconf 84' lang='lat' dir='ltr'><strong>se-</strong></span> 
     </span>
    </p>
   </div>
   <div class='ocr_carea' id='block_1_80' title="bbox 1899 3395 3488 3467">
    <p class='ocr_par' dir='ltr' id='par_1_80' title="bbox 1899 3395 3488 3467">
     <span class='ocr_line' id='line_1_80' title="bbox 1899 3395 3488 3467; baseline 0.004 -18"><span class='ocrx_word' id='word_1_630' title='bbox 1899 3396 2144 3450; x_wconf 87' lang='lat' dir='ltr'><strong>cundum</strong></span> <span class='ocrx_word' id='word_1_631' title='bbox 2193 3395 2460 3466; x_wconf 87' lang='lat' dir='ltr'><strong>quasdam</strong></span> <span class='ocrx_word' id='word_1_632' title='bbox 2511 3396 2826 3452; x_wconf 90' lang='lat' dir='ltr'><strong>accidentes</strong></span> <span class='ocrx_word' id='word_1_633' title='bbox 2873 3398 3240 3467; x_wconf 88' lang='lat' dir='ltr'><strong>quorumdam</strong></span> <span class='ocrx_word' id='word_1_634' title='bbox 3289 3399 3488 3456; x_wconf 90' lang='lat' dir='ltr'><strong>simili-</strong></span> 
     </span>
    </p>
   </div>
   <div class='ocr_carea' id='block_1_81' title="bbox 1899 3487 3492 3560">
    <p class='ocr_par' dir='ltr' id='par_1_81' title="bbox 1899 3487 3492 3560">
     <span class='ocr_line' id='line_1_81' title="bbox 1899 3487 3492 3560; baseline 0.004 -18"><span class='ocrx_word' id='word_1_635' title='bbox 1899 3487 2142 3548; x_wconf 82' lang='lat' dir='ltr'><strong>tudines.</strong></span> <span class='ocrx_word' id='word_1_636' title='bbox 2178 3488 2410 3542; x_wconf 80' lang='lat' dir='ltr'><strong>evidens</strong></span> <span class='ocrx_word' id='word_1_637' title='bbox 2438 3488 2586 3558; x_wconf 86' lang='lat' dir='ltr'><strong>quod</strong></span> <span class='ocrx_word' id='word_1_638' title='bbox 2635 3491 2940 3543; x_wconf 88' lang='lat' dir='ltr'><strong>secundum</strong></span> <span class='ocrx_word' id='word_1_639' title='bbox 2987 3490 3196 3560; x_wconf 91' lang='lat' dir='ltr'><strong>aliquid</strong></span> <span class='ocrx_word' id='word_1_640' title='bbox 3232 3491 3492 3550; x_wconf 86' lang='lat' dir='ltr'><strong>accidens</strong></span> 
     </span>
    </p>
   </div>
   <div class='ocr_carea' id='block_1_82' title="bbox 1900 3579 3490 3642">
    <p class='ocr_par' dir='ltr' id='par_1_82' title="bbox 1900 3579 3490 3642">
     <span class='ocr_line' id='line_1_82' title="bbox 1900 3579 3490 3642; baseline 0.004 -9"><span class='ocrx_word' id='word_1_641' title='bbox 1900 3579 2079 3634; x_wconf 90' lang='lat' dir='ltr'><strong>simile</strong></span> <span class='ocrx_word' id='word_1_642' title='bbox 2108 3579 2350 3636; x_wconf 80' lang='lat' dir='ltr'><strong>Verbum</strong></span> <span class='ocrx_word' id='word_1_643' title='bbox 2397 3579 2621 3635; x_wconf 92' lang='lat' dir='ltr'><strong>Christo</strong></span> <span class='ocrx_word' id='word_1_644' title='bbox 2653 3595 2776 3635; x_wconf 86' lang='lat' dir='ltr'><strong>esse</strong></span> <span class='ocrx_word' id='word_1_645' title='bbox 2823 3581 3044 3642; x_wconf 87' lang='lat' dir='ltr'><strong>dicitis,</strong></span> <span class='ocrx_word' id='word_1_646' title='bbox 3093 3590 3152 3636; x_wconf 87' lang='lat' dir='ltr'><strong>et</strong></span> <span class='ocrx_word' id='word_1_647' title='bbox 3186 3597 3296 3637; x_wconf 90' lang='lat' dir='ltr'><strong>non</strong></span> <span class='ocrx_word' id='word_1_648' title='bbox 3340 3583 3490 3640; x_wconf 84' lang='lat' dir='ltr'><strong>Deus</strong></span> 
     </span>
    </p>
   </div>
   <div class='ocr_carea' id='block_1_83' title="bbox 1899 3670 3484 3744">
    <p class='ocr_par' dir='ltr' id='par_1_83' title="bbox 1899 3670 3484 3744">
     <span class='ocr_line' id='line_1_83' title="bbox 1899 3670 3484 3744; baseline 0.003 -19"><span class='ocrx_word' id='word_1_649' title='bbox 1899 3670 2007 3725; x_wconf 90' lang='lat' dir='ltr'><strong>erit</strong></span> <span class='ocrx_word' id='word_1_650' title='bbox 2040 3671 2281 3724; x_wconf 86' lang='lat' dir='ltr'><strong>Verbum</strong></span> <span class='ocrx_word' id='word_1_651' title='bbox 2332 3671 2641 3726; x_wconf 86' lang='lat' dir='ltr'><strong>substantia</strong></span> <span class='ocrx_word' id='word_1_652' title='bbox 2687 3681 2742 3726; x_wconf 90' lang='lat' dir='ltr'><strong>et</strong></span> <span class='ocrx_word' id='word_1_653' title='bbox 2785 3672 3170 3727; x_wconf 88' lang='lat' dir='ltr'><strong>accidentibus</strong></span> <span class='ocrx_word' id='word_1_654' title='bbox 3201 3674 3484 3744; x_wconf 88' lang='lat' dir='ltr'><strong>supposita</strong></span> 
     </span>
    </p>
   </div>
   <div class='ocr_carea' id='block_1_84' title="bbox 1899 3762 3485 3832">
    <p class='ocr_par' dir='ltr' id='par_1_84' title="bbox 1899 3762 3485 3832">
     <span class='ocr_line' id='line_1_84' title="bbox 1899 3762 3485 3832; baseline 0.003 -17"><span class='ocrx_word' id='word_1_655' title='bbox 1899 3762 2123 3832; x_wconf 83' lang='lat' dir='ltr'><strong>prOpria</strong></span> <span class='ocrx_word' id='word_1_656' title='bbox 2173 3777 2407 3832; x_wconf 86' lang='lat' dir='ltr'><strong>persona</strong></span> <span class='ocrx_word' id='word_1_657' title='bbox 2440 3781 2452 3816; x_wconf 86' lang='lat'><strong>:</strong></span> <span class='ocrx_word' id='word_1_658' title='bbox 2489 3771 2585 3817; x_wconf 88' lang='lat' dir='ltr'><strong>aut</strong></span> <span class='ocrx_word' id='word_1_659' title='bbox 2633 3763 2940 3818; x_wconf 90' lang='lat' dir='ltr'><strong>secundum</strong></span> <span class='ocrx_word' id='word_1_660' title='bbox 2988 3765 3350 3821; x_wconf 84' lang='lat' dir='ltr'><strong>substantiam</strong></span> <span class='ocrx_word' id='word_1_661' title='bbox 3373 3807 3390 3832; x_wconf 94' lang='lat'><strong>,</strong></span> <span class='ocrx_word' id='word_1_662' title='bbox 3426 3776 3485 3822; x_wconf 88' lang='lat' dir='ltr'><strong>et</strong></span> 
     </span>
    </p>
   </div>
   <div class='ocr_carea' id='block_1_85' title="bbox 1899 3854 3482 3926">
    <p class='ocr_par' dir='ltr' id='par_1_85' title="bbox 1899 3854 3482 3926">
     <span class='ocr_line' id='line_1_85' title="bbox 1899 3854 3482 3926; baseline 0.004 -19"><span class='ocrx_word' id='word_1_663' title='bbox 1899 3855 2127 3909; x_wconf 82' lang='lat' dir='ltr'><strong>evidens</strong></span> <span class='ocrx_word' id='word_1_664' title='bbox 2158 3854 2306 3924; x_wconf 92' lang='lat' dir='ltr'><strong>quod</strong></span> <span class='ocrx_word' id='word_1_665' title='bbox 2347 3855 2590 3909; x_wconf 86' lang='lat' dir='ltr'><strong>Verbum</strong></span> <span class='ocrx_word' id='word_1_666' title='bbox 2618 3871 2841 3910; x_wconf 88' lang='lat' dir='ltr'><strong>carnem</strong></span> <span class='ocrx_word' id='word_1_667' title='bbox 2879 3858 3086 3926; x_wconf 88' lang='lat' dir='ltr'><strong>putatis</strong></span> <span class='ocrx_word' id='word_1_668' title='bbox 3121 3873 3242 3912; x_wconf 89' lang='lat' dir='ltr'><strong>esse</strong></span> <span class='ocrx_word' id='word_1_669' title='bbox 3286 3869 3482 3914; x_wconf 84' lang='lat' dir='ltr'><strong>natura</strong></span> 
     </span>
    </p>
   </div>
   <div class='ocr_carea' id='block_1_86' title="bbox 1899 3945 3484 4017">
    <p class='ocr_par' dir='ltr' id='par_1_86' title="bbox 1899 3945 3484 4017">
     <span class='ocr_line' id='line_1_86' title="bbox 1899 3945 3484 4017; baseline 0.001 -17"><span class='ocrx_word' id='word_1_670' title='bbox 1899 3945 2050 4000; x_wconf 88' lang='lat' dir='ltr'><strong>carni</strong></span> <span class='ocrx_word' id='word_1_671' title='bbox 2083 3946 2287 4009; x_wconf 86' lang='lat' dir='ltr'><strong>simile,</strong></span> <span class='ocrx_word' id='word_1_672' title='bbox 2319 3956 2375 4000; x_wconf 89' lang='lat' dir='ltr'><strong>et</strong></span> <span class='ocrx_word' id='word_1_673' title='bbox 2405 3945 2562 4001; x_wconf 91' lang='lat' dir='ltr'><strong>deest</strong></span> <span class='ocrx_word' id='word_1_674' title='bbox 2596 3947 2755 4001; x_wconf 90' lang='lat' dir='ltr'><strong>vobis</strong></span> <span class='ocrx_word' id='word_1_675' title='bbox 2782 3945 2968 4000; x_wconf 82' lang='lat' dir='ltr'><strong>divina</strong></span> <span class='ocrx_word' id='word_1_676' title='bbox 2997 3947 3240 4002; x_wconf 80' lang='lat' dir='ltr'><strong>Trinitas</strong></span> <span class='ocrx_word' id='word_1_677' title='bbox 3271 3947 3324 4001; x_wconf 93' lang='lat' dir='ltr'><strong>in</strong></span> <span class='ocrx_word' id='word_1_678' title='bbox 3356 3964 3484 4017; x_wconf 85' lang='lat' dir='ltr'><strong>per-</strong></span> 
     </span>
    </p>
   </div>
   <div class='ocr_carea' id='block_1_87' title="bbox 1899 4037 3485 4102">
    <p class='ocr_par' dir='ltr' id='par_1_87' title="bbox 1899 4037 3485 4102">
     <span class='ocr_line' id='line_1_87' title="bbox 1899 4037 3485 4102; baseline 0.001 -9"><span class='ocrx_word' id='word_1_679' title='bbox 1899 4053 2032 4093; x_wconf 88' lang='lat' dir='ltr'><strong>sona</strong></span> <span class='ocrx_word' id='word_1_680' title='bbox 2064 4057 2076 4091; x_wconf 92' lang='lat'><strong>:</strong></span> <span class='ocrx_word' id='word_1_681' title='bbox 2110 4048 2205 4093; x_wconf 93' lang='lat' dir='ltr'><strong>aut</strong></span> <span class='ocrx_word' id='word_1_682' title='bbox 2249 4053 2495 4102; x_wconf 88' lang='lat' dir='ltr'><strong>carnem,</strong></span> <span class='ocrx_word' id='word_1_683' title='bbox 2535 4039 2704 4092; x_wconf 85' lang='lat' dir='ltr'><strong>Deum</strong></span> <span class='ocrx_word' id='word_1_684' title='bbox 2740 4037 3270 4092; x_wconf 86' lang='lat' dir='ltr'><strong>consubstantialem</strong></span> <span class='ocrx_word' id='word_1_685' title='bbox 3300 4039 3485 4094; x_wconf 88' lang='lat' dir='ltr'><strong>Verbo</strong></span> 
     </span>
    </p>
   </div>
   <div class='ocr_carea' id='block_1_88' title="bbox 1899 4130 3482 4200">
    <p class='ocr_par' dir='ltr' id='par_1_88' title="bbox 1899 4130 3482 4200">
     <span class='ocr_line' id='line_1_88' title="bbox 1899 4130 3482 4200; baseline 0.001 -14"><span class='ocrx_word' id='word_1_686' title='bbox 1899 4131 2227 4186; x_wconf 81' lang='lat' dir='ltr'><strong>existimatis</strong></span> <span class='ocrx_word' id='word_1_687' title='bbox 2253 4171 2267 4195; x_wconf 92' lang='lat'><strong>,</strong></span> <span class='ocrx_word' id='word_1_688' title='bbox 2313 4140 2371 4186; x_wconf 91' lang='lat' dir='ltr'><strong>et</strong></span> <span class='ocrx_word' id='word_1_689' title='bbox 2411 4139 2666 4200; x_wconf 88' lang='lat' dir='ltr'><strong>superest</strong></span> <span class='ocrx_word' id='word_1_690' title='bbox 2709 4130 2867 4184; x_wconf 81' lang='lat' dir='ltr'><strong>vobis</strong></span> <span class='ocrx_word' id='word_1_691' title='bbox 2916 4141 3103 4185; x_wconf 88' lang='lat' dir='ltr'><strong>sancta</strong></span> <span class='ocrx_word' id='word_1_692' title='bbox 3133 4131 3376 4186; x_wconf 87' lang='lat' dir='ltr'><strong>Trinitas</strong></span> <span class='ocrx_word' id='word_1_693' title='bbox 3425 4133 3482 4188; x_wconf 91' lang='lat' dir='ltr'><strong>in</strong></span> 
     </span>
    </p>
   </div>
   <div class='ocr_carea' id='block_1_89' title="bbox 1901 4221 3483 4293">
    <p class='ocr_par' dir='ltr' id='par_1_89' title="bbox 1901 4221 3483 4293">
     <span class='ocr_line' id='line_1_89' title="bbox 1901 4221 3483 4293; baseline 0.001 -16"><span class='ocrx_word' id='word_1_694' title='bbox 1901 4239 2008 4278; x_wconf 90' lang='lat' dir='ltr'><strong>una</strong></span> <span class='ocrx_word' id='word_1_695' title='bbox 2041 4223 2320 4293; x_wconf 79' lang='lat' dir='ltr'><strong>hypostasi</strong></span> <span class='ocrx_word' id='word_1_696' title='bbox 2364 4239 2378 4276; x_wconf 92' lang='lat'><strong>:</strong></span> <span class='ocrx_word' id='word_1_697' title='bbox 2419 4223 2737 4277; x_wconf 89' lang='lat' dir='ltr'><strong>necessario</strong></span> <span class='ocrx_word' id='word_1_698' title='bbox 2777 4221 2944 4292; x_wconf 88' lang='lat' dir='ltr'><strong>igitur</strong></span> <span class='ocrx_word' id='word_1_699' title='bbox 2970 4223 3144 4276; x_wconf 89' lang='lat' dir='ltr'><strong>Deum</strong></span> <span class='ocrx_word' id='word_1_700' title='bbox 3176 4222 3232 4276; x_wconf 93' lang='lat' dir='ltr'><strong>in</strong></span> <span class='ocrx_word' id='word_1_701' title='bbox 3263 4223 3483 4279; x_wconf 86' lang='lat' dir='ltr'><strong>duabus</strong></span> 
     </span>
    </p>
   </div>
   <div class='ocr_carea' id='block_1_90' title="bbox 1900 4313 3482 4384">
    <p class='ocr_par' dir='ltr' id='par_1_90' title="bbox 1900 4313 3482 4384">
     <span class='ocr_line' id='line_1_90' title="bbox 1900 4313 3482 4384; baseline 0.001 -16"><span class='ocrx_word' id='word_1_702' title='bbox 1900 4325 1996 4368; x_wconf 91' lang='lat' dir='ltr'><strong>aut</strong></span> <span class='ocrx_word' id='word_1_703' title='bbox 2023 4325 2261 4384; x_wconf 91' lang='lat' dir='ltr'><strong>quatuor</strong></span> <span class='ocrx_word' id='word_1_704' title='bbox 2290 4315 2541 4384; x_wconf 89' lang='lat' dir='ltr'><strong>personis</strong></span> <span class='ocrx_word' id='word_1_705' title='bbox 2571 4313 2819 4371; x_wconf 90' lang='lat' dir='ltr'><strong>adoratis</strong></span> <span class='ocrx_word' id='word_1_706' title='bbox 2852 4331 2866 4367; x_wconf 88' lang='lat'><strong>:</strong></span> <span class='ocrx_word' id='word_1_707' title='bbox 2902 4322 3149 4368; x_wconf 87' lang='lat' dir='ltr'><strong>sanctam</strong></span> <span class='ocrx_word' id='word_1_708' title='bbox 3197 4329 3330 4369; x_wconf 87' lang='lat' dir='ltr'><strong>vero</strong></span> <span class='ocrx_word' id='word_1_709' title='bbox 3355 4313 3482 4369; x_wconf 86' lang='lat' dir='ltr'><strong>Tri-</strong></span> 
     </span>
    </p>
   </div>
   <div class='ocr_carea' id='block_1_91' title="bbox 1899 4405 3484 4463">
    <p class='ocr_par' dir='ltr' id='par_1_91' title="bbox 1899 4405 3484 4463">
     <span class='ocr_line' id='line_1_91' title="bbox 1899 4405 3484 4463; baseline 0.001 -3"><span class='ocrx_word' id='word_1_710' title='bbox 1899 4406 2130 4460; x_wconf 89' lang='lat' dir='ltr'><strong>nitatem</strong></span> <span class='ocrx_word' id='word_1_711' title='bbox 2164 4407 2392 4460; x_wconf 91' lang='lat' dir='ltr'><strong>omnino</strong></span> <span class='ocrx_word' id='word_1_712' title='bbox 2435 4405 2651 4460; x_wconf 76' lang='lat' dir='ltr'><strong>vitiatis</strong></span> <span class='ocrx_word' id='word_1_713' title='bbox 2685 4422 2698 4458; x_wconf 91' lang='lat'><strong>:</strong></span> <span class='ocrx_word' id='word_1_714' title='bbox 2735 4405 2781 4460; x_wconf 92' lang='lat' dir='ltr'><strong>si</strong></span> <span class='ocrx_word' id='word_1_715' title='bbox 2826 4415 3012 4459; x_wconf 89' lang='lat' dir='ltr'><strong>autem</strong></span> <span class='ocrx_word' id='word_1_716' title='bbox 3064 4405 3270 4460; x_wconf 87' lang='lat' dir='ltr'><strong>nullam</strong></span> <span class='ocrx_word' id='word_1_717' title='bbox 3300 4421 3368 4461; x_wconf 83' lang='lat' dir='ltr'><strong>ex</strong></span> <span class='ocrx_word' id='word_1_718' title='bbox 3394 4406 3484 4463; x_wconf 92' lang='lat' dir='ltr'><strong>his</strong></span> 
     </span>
    </p>
   </div>
   <div class='ocr_carea' id='block_1_92' title="bbox 1902 4497 3486 4565">
    <p class='ocr_par' dir='ltr' id='par_1_92' title="bbox 1902 4497 3486 4565">
     <span class='ocr_line' id='line_1_92' title="bbox 1902 4497 3486 4565; baseline 0.001 -13"><span class='ocrx_word' id='word_1_719' title='bbox 1902 4498 2204 4552; x_wconf 82' lang='lat' dir='ltr'><strong>unionibus</strong></span> <span class='ocrx_word' id='word_1_720' title='bbox 2245 4512 2367 4553; x_wconf 89' lang='lat' dir='ltr'><strong>esse</strong></span> <span class='ocrx_word' id='word_1_721' title='bbox 2423 4497 2729 4552; x_wconf 87' lang='lat' dir='ltr'><strong>admittatis</strong></span> <span class='ocrx_word' id='word_1_722' title='bbox 2775 4504 3001 4565; x_wconf 88' lang='lat' dir='ltr'><strong>propter</strong></span> <span class='ocrx_word' id='word_1_723' title='bbox 3049 4497 3327 4563; x_wconf 87' lang='lat' dir='ltr'><strong>absurda,</strong></span> <span class='ocrx_word' id='word_1_724' title='bbox 3379 4514 3486 4554; x_wconf 84' lang='lat' dir='ltr'><strong>ucc</strong></span> 
     </span>
    </p>
   </div>
   <div class='ocr_carea' id='block_1_93' title="bbox 204 4586 1797 4669">
    <p class='ocr_par' dir='ltr' id='par_1_93' title="bbox 204 4596 1795 4669">
     <span class='ocr_line' id='line_1_93' title="bbox 204 4596 1795 4669; baseline 0.006 -24"><span class='ocrx_word' id='word_1_725' title='bbox 204 4596 359 4646; x_wconf 77' lang='grc' dir='ltr'><strong>κείτε</strong></span> <span class='ocrx_word' id='word_1_726' title='bbox 398 4597 494 4646; x_wconf 75' lang='grc' dir='ltr'><strong>ἐπὶ</strong></span> <span class='ocrx_word' id='word_1_727' title='bbox 528 4597 621 4649; x_wconf 79' lang='grc' dir='ltr'><strong>τοῦ</strong></span> <span class='ocrx_word' id='word_1_728' title='bbox 664 4597 842 4663; x_wconf 81' lang='grc' dir='ltr'><strong>Λόγου</strong></span> <span class='ocrx_word' id='word_1_729' title='bbox 886 4599 982 4652; x_wconf 80' lang='grc' dir='ltr'><strong>καὶ</strong></span> <span class='ocrx_word' id='word_1_730' title='bbox 1024 4601 1122 4668; x_wconf 89' lang='grc' dir='ltr'><strong>τῆς</strong></span> <span class='ocrx_word' id='word_1_731' title='bbox 1177 4601 1379 4669; x_wconf 78' lang='grc' dir='ltr'><strong>σαρκὸς</strong></span> <span class='ocrx_word' id='word_1_732' title='bbox 1422 4602 1654 4666; x_wconf 74' lang='grc' dir='ltr'><strong>ἕνωσιν,</strong></span> <span class='ocrx_word' id='word_1_733' title='bbox 1689 4603 1795 4656; x_wconf 83' lang='grc' dir='ltr'><strong>πά-</strong></span> 
     </span>
    </p>
   </div>
   <div class='ocr_carea' id='block_1_94' title="bbox 1898 4586 3485 4669">
    <p class='ocr_par' dir='ltr' id='par_1_94' title="bbox 1901 4588 3485 4660">
     <span class='ocr_line' id='line_1_94' title="bbox 1901 4588 3485 4660; baseline 0.001 -16"><span class='ocrx_word' id='word_1_734' title='bbox 1901 4589 2208 4644; x_wconf 82' lang='lat' dir='ltr'><strong>secundum</strong></span> <span class='ocrx_word' id='word_1_735' title='bbox 2240 4591 2697 4660; x_wconf 88' lang='lat' dir='ltr'><strong>compositionem</strong></span> <span class='ocrx_word' id='word_1_736' title='bbox 2743 4588 3008 4643; x_wconf 85' lang='lat' dir='ltr'><strong>unionem</strong></span> <span class='ocrx_word' id='word_1_737' title='bbox 3049 4598 3272 4659; x_wconf 79' lang='lat' dir='ltr'><strong>prapter</strong></span> <span class='ocrx_word' id='word_1_738' title='bbox 3300 4601 3485 4646; x_wconf 83' lang='lat' dir='ltr'><strong>vestra</strong></span> 
     </span>
    </p>
   </div>
   <div class='ocr_carea' id='block_1_95' title="bbox 204 4685 1790 4761">
    <p class='ocr_par' dir='ltr' id='par_1_95' title="bbox 204 4685 1790 4761">
     <span class='ocr_line' id='line_1_95' title="bbox 204 4685 1790 4761; baseline 0.004 -24"><span class='ocrx_word' id='word_1_739' title='bbox 204 4700 316 4753; x_wconf 87' lang='grc' dir='ltr'><strong>σης</strong></span> <span class='ocrx_word' id='word_1_740' title='bbox 371 4685 619 4750; x_wconf 78' lang='grc' dir='ltr'><strong>ὲνὼσεως</strong></span> <span class='ocrx_word' id='word_1_741' title='bbox 674 4691 875 4758; x_wconf 77' lang='grc' dir='ltr'><strong>τρόπον</strong></span> <span class='ocrx_word' id='word_1_742' title='bbox 947 4690 1354 4761; x_wconf 83' lang='grc' dir='ltr'><strong>ἀπαρνούμενοι</strong></span> <span class='ocrx_word' id='word_1_743' title='bbox 1411 4694 1470 4744; x_wconf 84' lang='grc' dir='ltr'><strong>ὲν</strong></span> <span class='ocrx_word' id='word_1_744' title='bbox 1537 4694 1790 4760; x_wconf 83' lang='grc' dir='ltr'><strong>ἑαυτοτς;</strong></span> 
     </span>
    </p>
   </div>
   <div class='ocr_carea' id='block_1_96' title="bbox 200 4773 1794 4858">
    <p class='ocr_par' dir='ltr' id='par_1_96' title="bbox 200 4773 1794 4858">
     <span class='ocr_line' id='line_1_96' title="bbox 200 4773 1794 4858; baseline 0.009 -32"><span class='ocrx_word' id='word_1_745' title='bbox 200 4773 407 4827; x_wconf 80' lang='grc' dir='ltr'><strong>οὐκοῦν</strong></span> <span class='ocrx_word' id='word_1_746' title='bbox 431 4775 590 4845; x_wconf 84' lang='grc' dir='ltr'><strong>δῆλον</strong></span> <span class='ocrx_word' id='word_1_747' title='bbox 610 4779 858 4848; x_wconf 73' lang='grc' dir='ltr'><strong>γέγονεν,</strong></span> <span class='ocrx_word' id='word_1_748' title='bbox 893 4783 968 4846; x_wconf 82' lang='grc' dir='ltr'><strong>ὡς</strong></span> <span class='ocrx_word' id='word_1_749' title='bbox 993 4784 1278 4854; x_wconf 80' lang='grc' dir='ltr'><strong>μόρφωσιν</strong></span> <span class='ocrx_word' id='word_1_750' title='bbox 1309 4786 1596 4850; x_wconf 73' lang='grc' dir='ltr'><strong>εὐσεϐείας</strong></span> <span class='ocrx_word' id='word_1_751' title='bbox 1633 4788 1794 4858; x_wconf 87' lang='grc' dir='ltr'><strong>μόνον</strong></span> 
     </span>
    </p>
   </div>
   <div class='ocr_carea' id='block_1_97' title="bbox 204 4865 1796 4948">
    <p class='ocr_par' dir='ltr' id='par_1_97' title="bbox 204 4865 1796 4948">
     <span class='ocr_line' id='line_1_97' title="bbox 204 4865 1796 4948; baseline 0.009 -31"><span class='ocrx_word' id='word_1_752' title='bbox 204 4865 575 4938; x_wconf 79' lang='grc' dir='ltr'><strong>ὑποκρίνεσθε</strong></span> <span class='ocrx_word' id='word_1_753' title='bbox 601 4909 618 4935; x_wconf 93' lang='grc'><strong>,</strong></span> <span class='ocrx_word' id='word_1_754' title='bbox 653 4870 752 4943; x_wconf 83' lang='grc' dir='ltr'><strong>τὴν</strong></span> <span class='ocrx_word' id='word_1_755' title='bbox 777 4872 1008 4944; x_wconf 82' lang='grc' dir='ltr'><strong>δύναμιν</strong></span> <span class='ocrx_word' id='word_1_756' title='bbox 1040 4876 1213 4946; x_wconf 75' lang='grc' dir='ltr'><strong>αὐτῆς</strong></span> <span class='ocrx_word' id='word_1_757' title='bbox 1242 4878 1541 4948; x_wconf 73' lang='grc' dir='ltr'><strong>ἠρνημένοι</strong></span> <span class='ocrx_word' id='word_1_758' title='bbox 1569 4879 1631 4932; x_wconf 84' lang='grc' dir='ltr'><strong>τὸ</strong></span> <span class='ocrx_word' id='word_1_759' title='bbox 1673 4879 1796 4932; x_wconf 85' lang='grc' dir='ltr'><strong>σύν-</strong></span> 
     </span>
    </p>
   </div>
   <div class='ocr_carea' id='block_1_98' title="bbox 202 4957 1792 5042">
    <p class='ocr_par' dir='ltr' id='par_1_98' title="bbox 202 4957 1792 5042">
     <span class='ocr_line' id='line_1_98' title="bbox 202 4957 1792 5042; baseline 0.009 -31"><span class='ocrx_word' id='word_1_760' title='bbox 202 4957 351 5011; x_wconf 69' lang='grc' dir='ltr'><strong>ολον·</strong></span> <span class='ocrx_word' id='word_1_761' title='bbox 377 4964 474 5012; x_wconf 86' lang='grc' dir='ltr'><strong>καί</strong></span> <span class='ocrx_word' id='word_1_762' title='bbox 503 4961 612 5033; x_wconf 83' lang='grc' dir='ltr'><strong>γὰρ</strong></span> <span class='ocrx_word' id='word_1_763' title='bbox 636 4961 701 5033; x_wconf 82' lang='grc' dir='ltr'><strong>δὴ</strong></span> <span class='ocrx_word' id='word_1_764' title='bbox 723 4965 818 5018; x_wconf 78' lang='grc' dir='ltr'><strong>καὶ</strong></span> <span class='ocrx_word' id='word_1_765' title='bbox 859 4968 918 5019; x_wconf 82' lang='grc' dir='ltr'><strong>ὲν</strong></span> <span class='ocrx_word' id='word_1_766' title='bbox 944 4969 1058 5030; x_wconf 82' lang='grc' dir='ltr'><strong>τοῖς</strong></span> <span class='ocrx_word' id='word_1_767' title='bbox 1085 4969 1234 5039; x_wconf 78' lang='grc' dir='ltr'><strong>ἑξῆς,</strong></span> <span class='ocrx_word' id='word_1_768' title='bbox 1274 4972 1470 5024; x_wconf 75' lang='grc' dir='ltr'><strong>τοιοίδε</strong></span> <span class='ocrx_word' id='word_1_769' title='bbox 1507 4972 1792 5042; x_wconf 76' lang='grc' dir='ltr'><strong>ἐλέγχεσθε</strong></span> 
     </span>
    </p>
   </div>
   <div class='ocr_carea' id='block_1_99' title="bbox 204 5053 1794 5136">
    <p class='ocr_par' dir='ltr' id='par_1_99' title="bbox 204 5053 1794 5136">
     <span class='ocr_line' id='line_1_99' title="bbox 204 5053 1794 5136; baseline 0.009 -34"><span class='ocrx_word' id='word_1_770' title='bbox 204 5053 291 5112; x_wconf 84' lang='grc' dir='ltr'><strong>εἰς</strong></span> <span class='ocrx_word' id='word_1_771' title='bbox 323 5053 632 5124; x_wconf 70' lang='grc' dir='ltr'><strong>φανέρωσιν</strong></span> <span class='ocrx_word' id='word_1_772' title='bbox 655 5056 751 5110; x_wconf 80' lang='grc' dir='ltr'><strong>τοῦ</strong></span> <span class='ocrx_word' id='word_1_773' title='bbox 780 5058 954 5127; x_wconf 88' lang='grc' dir='ltr'><strong>Λόγου</strong></span> <span class='ocrx_word' id='word_1_774' title='bbox 995 5060 1202 5129; x_wconf 75' lang='grc' dir='ltr'><strong>ταύτην</strong></span> <span class='ocrx_word' id='word_1_775' title='bbox 1243 5061 1495 5129; x_wconf 81' lang='grc' dir='ltr'><strong>λέγοντες</strong></span> <span class='ocrx_word' id='word_1_776' title='bbox 1524 5057 1662 5117; x_wconf 75' lang='grc' dir='ltr'><strong>εἶναι</strong></span> <span class='ocrx_word' id='word_1_777' title='bbox 1696 5063 1794 5136; x_wconf 76' lang='grc' dir='ltr'><strong>τὴν</strong></span> 
     </span>
    </p>
   </div>
   <div class='ocr_carea' id='block_1_100' title="bbox 205 5148 1792 5224">
    <p class='ocr_par' dir='ltr' id='par_1_100' title="bbox 205 5148 1792 5224">
     <span class='ocr_line' id='line_1_100' title="bbox 205 5148 1792 5224; baseline 0.004 -23"><span class='ocrx_word' id='word_1_778' title='bbox 205 5148 426 5212; x_wconf 67' lang='grc' dir='ltr'><strong>ἕνωσιν,</strong></span> <span class='ocrx_word' id='word_1_779' title='bbox 450 5149 545 5202; x_wconf 77' lang='grc' dir='ltr'><strong>καὶ</strong></span> <span class='ocrx_word' id='word_1_780' title='bbox 561 5151 638 5213; x_wconf 81' lang='grc' dir='ltr'><strong>εἰς</strong></span> <span class='ocrx_word' id='word_1_781' title='bbox 655 5151 948 5224; x_wconf 86' lang='grc' dir='ltr'><strong>πρόσωπον</strong></span> <span class='ocrx_word' id='word_1_782' title='bbox 977 5155 1075 5206; x_wconf 77' lang='grc' dir='ltr'><strong>οὐκ</strong></span> <span class='ocrx_word' id='word_1_783' title='bbox 1106 5150 1221 5207; x_wconf 80' lang='grc' dir='ltr'><strong>οἶδα</strong></span> <span class='ocrx_word' id='word_1_784' title='bbox 1254 5155 1371 5217; x_wconf 79' lang='grc' dir='ltr'><strong>πῶς</strong></span> <span class='ocrx_word' id='word_1_785' title='bbox 1393 5155 1792 5220; x_wconf 78' lang='grc' dir='ltr'><strong>ἀποκαλοῦντες</strong></span> 
     </span>
    </p>
   </div>
   <div class='ocr_carea' id='block_1_101' title="bbox 205 5243 1793 5320">
    <p class='ocr_par' dir='ltr' id='par_1_101' title="bbox 205 5243 1793 5320">
     <span class='ocr_line' id='line_1_101' title="bbox 205 5243 1793 5320; baseline 0.004 -24"><span class='ocrx_word' id='word_1_786' title='bbox 205 5245 406 5315; x_wconf 79' lang='grc' dir='ltr'><strong>αὑτήν.</strong></span> <span class='ocrx_word' id='word_1_787' title='bbox 425 5243 670 5316; x_wconf 49' lang='grc' dir='ltr'><strong>Τῷιγὰρ,</strong></span> <span class='ocrx_word' id='word_1_788' title='bbox 690 5249 844 5316; x_wconf 67' lang='grc' dir='ltr'><strong>φησι,</strong></span> <span class='ocrx_word' id='word_1_789' title='bbox 869 5247 930 5300; x_wconf 78' lang='grc' dir='ltr'><strong>τὸ</strong></span> <span class='ocrx_word' id='word_1_790' title='bbox 950 5247 1242 5318; x_wconf 80' lang='grc' dir='ltr'><strong>πρόσωπον</strong></span> <span class='ocrx_word' id='word_1_791' title='bbox 1265 5249 1484 5320; x_wconf 76' lang='grc' dir='ltr'><strong>ἐπέχειν</strong></span> <span class='ocrx_word' id='word_1_792' title='bbox 1505 5248 1598 5302; x_wconf 76' lang='grc' dir='ltr'><strong>τοῦ</strong></span> <span class='ocrx_word' id='word_1_793' title='bbox 1620 5250 1793 5318; x_wconf 78' lang='grc' dir='ltr'><strong>Λόγου</strong></span> 
     </span>
    </p>
   </div>
   <div class='ocr_carea' id='block_1_102' title="bbox 205 5335 1038 5408">
    <p class='ocr_par' dir='ltr' id='par_1_102' title="bbox 205 5335 1038 5408">
     <span class='ocr_line' id='line_1_102' title="bbox 205 5335 1038 5408; baseline 0.01 -22"><span class='ocrx_word' id='word_1_794' title='bbox 205 5335 302 5387; x_wconf 72' lang='grc' dir='ltr'><strong>τὸν</strong></span> <span class='ocrx_word' id='word_1_795' title='bbox 327 5335 584 5407; x_wconf 76' lang='grc' dir='ltr'><strong>Χριστὸν,</strong></span> <span class='ocrx_word' id='word_1_796' title='bbox 617 5336 823 5406; x_wconf 74' lang='grc' dir='ltr'><strong>ταύτην</strong></span> <span class='ocrx_word' id='word_1_797' title='bbox 857 5337 1038 5408; x_wconf 72' lang='grc' dir='ltr'><strong>ἴσμεν.</strong></span> 
     </span>
    </p>
   </div>
   <div class='ocr_carea' id='block_1_103' title="bbox 295 5598 1796 5673">
    <p class='ocr_par' dir='ltr' id='par_1_103' title="bbox 295 5598 1796 5673">
     <span class='ocr_line' id='line_1_103' title="bbox 295 5598 1796 5673; baseline -0.001 -19"><span class='ocrx_word' id='word_1_798' title='bbox 295 5603 460 5669; x_wconf 73' lang='grc' dir='ltr'><strong>Ἀλλ’,</strong></span> <span class='ocrx_word' id='word_1_799' title='bbox 492 5598 536 5656; x_wconf 81' lang='grc' dir='ltr'>ὣ</span> <span class='ocrx_word' id='word_1_800' title='bbox 571 5602 821 5671; x_wconf 69' lang='grc' dir='ltr'><strong>σοφισταὶ</strong></span> <span class='ocrx_word' id='word_1_801' title='bbox 861 5603 956 5658; x_wconf 71' lang='grc' dir='ltr'><strong>καὶ</strong></span> <span class='ocrx_word' id='word_1_802' title='bbox 985 5605 1046 5656; x_wconf 85' lang='grc' dir='ltr'><strong>οὐ</strong></span> <span class='ocrx_word' id='word_1_803' title='bbox 1073 5604 1249 5672; x_wconf 68' lang='grc' dir='ltr'><strong>σοφοὶ,</strong></span> <span class='ocrx_word' id='word_1_804' title='bbox 1277 5605 1417 5673; x_wconf 78' lang='grc' dir='ltr'><strong>τάχα</strong></span> <span class='ocrx_word' id='word_1_805' title='bbox 1449 5603 1505 5658; x_wconf 76' lang='grc' dir='ltr'><strong>δὲ</strong></span> <span class='ocrx_word' id='word_1_806' title='bbox 1535 5605 1628 5654; x_wconf 79' lang='grc' dir='ltr'><strong>καὶ</strong></span> <span class='ocrx_word' id='word_1_807' title='bbox 1662 5601 1796 5672; x_wconf 77' lang='grc' dir='ltr'><strong>πρὸς</strong></span> 
     </span>
    </p>
   </div>
   <div class='ocr_carea' id='block_1_104' title="bbox 204 5695 1793 5768">
    <p class='ocr_par' dir='ltr' id='par_1_104' title="bbox 204 5695 1793 5768">
     <span class='ocr_line' id='line_1_104' title="bbox 204 5695 1793 5768; baseline -0.004 -17"><span class='ocrx_word' id='word_1_808' title='bbox 204 5697 371 5752; x_wconf 71' lang='grc' dir='ltr'><strong>τοῦτο</strong></span> <span class='ocrx_word' id='word_1_809' title='bbox 415 5697 665 5768; x_wconf 79' lang='grc' dir='ltr'><strong>ἀδόκιμοι</strong></span> <span class='ocrx_word' id='word_1_810' title='bbox 694 5713 708 5727; x_wconf 92' lang='grc'><strong>·</strong></span> <span class='ocrx_word' id='word_1_811' title='bbox 756 5697 855 5766; x_wconf 82' lang='grc' dir='ltr'><strong>οὐκ</strong></span> <span class='ocrx_word' id='word_1_812' title='bbox 902 5695 1073 5759; x_wconf 71' lang='grc' dir='ltr'><strong>οὕτως</strong></span> <span class='ocrx_word' id='word_1_813' title='bbox 1120 5698 1267 5749; x_wconf 68' lang='grc' dir='ltr'><strong>ἐστὶν</strong></span> <span class='ocrx_word' id='word_1_814' title='bbox 1305 5699 1339 5764; x_wconf 81' lang='grc' dir='ltr'>ὴ</span> <span class='ocrx_word' id='word_1_815' title='bbox 1366 5700 1446 5758; x_wconf 75' lang='grc' dir='ltr'><strong>εἰς</strong></span> <span class='ocrx_word' id='word_1_816' title='bbox 1501 5696 1793 5764; x_wconf 77' lang='grc' dir='ltr'><strong>πρόσωπον</strong></span> 
     </span>
    </p>
   </div>
   <div class='ocr_carea' id='block_1_105' title="bbox 279 5877 832 5943">
    <p class='ocr_par' dir='ltr' id='par_1_105' title="bbox 279 5877 832 5943">
     <span class='ocr_line' id='line_1_105' title="bbox 279 5877 832 5943; baseline -0.002 -10"><span class='ocrx_word' id='word_1_817' title='bbox 279 5878 324 5910; x_wconf 68' lang='grc' dir='ltr'><strong>δ’</strong></span> <span class='ocrx_word' id='word_1_818' title='bbox 355 5877 494 5933; x_wconf 81' lang='lat' dir='ltr'><strong>Psal.</strong></span> <span class='ocrx_word' id='word_1_819' title='bbox 536 5893 707 5943; x_wconf 60' lang='lat' dir='ltr'><strong>cum,</strong></span> <span class='ocrx_word' id='word_1_820' title='bbox 751 5877 832 5933; x_wconf 77' lang='lat' dir='ltr'><strong>il.</strong></span> 
     </span>
    </p>
   </div>
   <div class='ocr_carea' id='block_1_106' title="bbox 1901 4678 3484 4751">
    <p class='ocr_par' dir='ltr' id='par_1_106' title="bbox 1901 4678 3484 4751">
     <span class='ocr_line' id='line_1_106' title="bbox 1901 4678 3484 4751; baseline 0.002 -17"><span class='ocrx_word' id='word_1_821' title='bbox 1901 4681 2176 4751; x_wconf 83' lang='lat' dir='ltr'><strong>dogmata.</strong></span> <span class='ocrx_word' id='word_1_822' title='bbox 2233 4679 2325 4744; x_wconf 91' lang='lat' dir='ltr'><strong>Si,</strong></span> <span class='ocrx_word' id='word_1_823' title='bbox 2360 4689 2419 4734; x_wconf 92' lang='lat' dir='ltr'><strong>ut</strong></span> <span class='ocrx_word' id='word_1_824' title='bbox 2465 4679 2812 4744; x_wconf 82' lang='lat' dir='ltr'><strong>convenitis,</strong></span> <span class='ocrx_word' id='word_1_825' title='bbox 2855 4678 3043 4748; x_wconf 90' lang='lat' dir='ltr'><strong>aliquo</strong></span> <span class='ocrx_word' id='word_1_826' title='bbox 3096 4679 3263 4734; x_wconf 88' lang='lat' dir='ltr'><strong>modo</strong></span> <span class='ocrx_word' id='word_1_827' title='bbox 3299 4681 3484 4737; x_wconf 82' lang='lat' dir='ltr'><strong>dicere</strong></span> 
     </span>
    </p>
   </div>
   <div class='ocr_carea' id='block_1_107' title="bbox 1901 4771 3484 4835">
    <p class='ocr_par' dir='ltr' id='par_1_107' title="bbox 1901 4771 3484 4835">
     <span class='ocr_line' id='line_1_107' title="bbox 1901 4771 3484 4835; baseline 0.001 -8"><span class='ocrx_word' id='word_1_828' title='bbox 1901 4772 2166 4828; x_wconf 78' lang='lat' dir='ltr'><strong>videmini</strong></span> <span class='ocrx_word' id='word_1_829' title='bbox 2203 4774 2272 4828; x_wconf 88' lang='lat' dir='ltr'><strong>de</strong></span> <span class='ocrx_word' id='word_1_830' title='bbox 2297 4772 2464 4828; x_wconf 88' lang='lat' dir='ltr'><strong>Verbi</strong></span> <span class='ocrx_word' id='word_1_831' title='bbox 2494 4782 2552 4826; x_wconf 89' lang='lat' dir='ltr'><strong>et</strong></span> <span class='ocrx_word' id='word_1_832' title='bbox 2579 4771 2764 4827; x_wconf 86' lang='lat' dir='ltr'><strong>carnis</strong></span> <span class='ocrx_word' id='word_1_833' title='bbox 2795 4771 2998 4824; x_wconf 90' lang='lat' dir='ltr'><strong>unione</strong></span> <span class='ocrx_word' id='word_1_834' title='bbox 3020 4811 3035 4835; x_wconf 94' lang='lat'><strong>,</strong></span> <span class='ocrx_word' id='word_1_835' title='bbox 3063 4786 3282 4826; x_wconf 91' lang='lat' dir='ltr'><strong>omnem</strong></span> <span class='ocrx_word' id='word_1_836' title='bbox 3321 4774 3484 4828; x_wconf 88' lang='lat' dir='ltr'><strong>unio-</strong></span> 
     </span>
    </p>
   </div>
   <div class='ocr_carea' id='block_1_108' title="bbox 1901 4862 3486 4937">
    <p class='ocr_par' dir='ltr' id='par_1_108' title="bbox 1901 4862 3486 4937">
     <span class='ocr_line' id='line_1_108' title="bbox 1901 4862 3486 4937; baseline 0 -17"><span class='ocrx_word' id='word_1_837' title='bbox 1901 4865 1991 4921; x_wconf 90' lang='lat' dir='ltr'><strong>nis</strong></span> <span class='ocrx_word' id='word_1_838' title='bbox 2043 4866 2284 4935; x_wconf 89' lang='lat' dir='ltr'><strong>speciem</strong></span> <span class='ocrx_word' id='word_1_839' title='bbox 2335 4865 2654 4937; x_wconf 81' lang='lat' dir='ltr'><strong>rejicientes</strong></span> <span class='ocrx_word' id='word_1_840' title='bbox 2708 4863 2763 4917; x_wconf 89' lang='lat' dir='ltr'><strong>in</strong></span> <span class='ocrx_word' id='word_1_841' title='bbox 2815 4862 3267 4934; x_wconf 87' lang='lat' dir='ltr'><strong>vobismetipsis;</strong></span> <span class='ocrx_word' id='word_1_842' title='bbox 3316 4865 3486 4936; x_wconf 86' lang='lat' dir='ltr'><strong>igitur</strong></span> 
     </span>
    </p>
   </div>
   <div class='ocr_carea' id='block_1_109' title="bbox 1900 4955 3482 5026">
    <p class='ocr_par' dir='ltr' id='par_1_109' title="bbox 1900 4955 3482 5026">
     <span class='ocr_line' id='line_1_109' title="bbox 1900 4955 3482 5026; baseline 0 -14"><span class='ocrx_word' id='word_1_843' title='bbox 1900 4958 2130 5013; x_wconf 82' lang='lat' dir='ltr'><strong>evidens</strong></span> <span class='ocrx_word' id='word_1_844' title='bbox 2172 4957 2377 5012; x_wconf 82' lang='lat' dir='ltr'><strong>factum</strong></span> <span class='ocrx_word' id='word_1_845' title='bbox 2417 4967 2500 5011; x_wconf 90' lang='lat' dir='ltr'><strong>est</strong></span> <span class='ocrx_word' id='word_1_846' title='bbox 2525 4996 2539 5017; x_wconf 89' lang='lat'><strong>,</strong></span> <span class='ocrx_word' id='word_1_847' title='bbox 2568 4956 2714 5026; x_wconf 85' lang='lat' dir='ltr'><strong>quod</strong></span> <span class='ocrx_word' id='word_1_848' title='bbox 2766 4955 2998 5008; x_wconf 78' lang='lat' dir='ltr'><strong>formam</strong></span> <span class='ocrx_word' id='word_1_849' title='bbox 3035 4956 3255 5024; x_wconf 89' lang='lat' dir='ltr'><strong>pictatis</strong></span> <span class='ocrx_word' id='word_1_850' title='bbox 3281 4958 3482 5012; x_wconf 84' lang='lat' dir='ltr'><strong>virtute</strong></span> 
     </span>
    </p>
   </div>
   <div class='ocr_carea' id='block_1_110' title="bbox 1904 5046 3483 5121">
    <p class='ocr_par' dir='ltr' id='par_1_110' title="bbox 1904 5046 3483 5121">
     <span class='ocr_line' id='line_1_110' title="bbox 1904 5046 3483 5121; baseline -0.003 -15"><span class='ocrx_word' id='word_1_851' title='bbox 1904 5051 2077 5121; x_wconf 89' lang='lat' dir='ltr'><strong>ipsius</strong></span> <span class='ocrx_word' id='word_1_852' title='bbox 2106 5063 2336 5119; x_wconf 89' lang='lat' dir='ltr'><strong>prorsus</strong></span> <span class='ocrx_word' id='word_1_853' title='bbox 2365 5048 2663 5118; x_wconf 83' lang='lat' dir='ltr'><strong>denegata,</strong></span> <span class='ocrx_word' id='word_1_854' title='bbox 2696 5055 2908 5100; x_wconf 88' lang='lat' dir='ltr'><strong>tantum</strong></span> <span class='ocrx_word' id='word_1_855' title='bbox 2942 5046 3199 5116; x_wconf 80' lang='lat' dir='ltr'><strong>etiingitis</strong></span> <span class='ocrx_word' id='word_1_856' title='bbox 3230 5066 3243 5101; x_wconf 87' lang='lat'><strong>:</strong></span> <span class='ocrx_word' id='word_1_857' title='bbox 3276 5049 3483 5104; x_wconf 87' lang='lat' dir='ltr'><strong>etenim</strong></span> 
     </span>
    </p>
   </div>
   <div class='ocr_carea' id='block_1_111' title="bbox 1903 5138 3482 5208">
    <p class='ocr_par' dir='ltr' id='par_1_111' title="bbox 1903 5138 3482 5208">
     <span class='ocr_line' id='line_1_111' title="bbox 1903 5138 3482 5208; baseline -0.003 -12"><span class='ocrx_word' id='word_1_858' title='bbox 1903 5152 2054 5196; x_wconf 87' lang='lat' dir='ltr'><strong>certe</strong></span> <span class='ocrx_word' id='word_1_859' title='bbox 2094 5151 2150 5196; x_wconf 86' lang='lat' dir='ltr'><strong>et</strong></span> <span class='ocrx_word' id='word_1_860' title='bbox 2185 5141 2496 5196; x_wconf 84' lang='lat' dir='ltr'><strong>successive</strong></span> <span class='ocrx_word' id='word_1_861' title='bbox 2522 5139 2812 5208; x_wconf 89' lang='lat' dir='ltr'><strong>probatum</strong></span> <span class='ocrx_word' id='word_1_862' title='bbox 2847 5148 2931 5192; x_wconf 89' lang='lat' dir='ltr'><strong>est</strong></span> <span class='ocrx_word' id='word_1_863' title='bbox 2969 5154 3070 5193; x_wconf 85' lang='lat' dir='ltr'><strong>vos</strong></span> <span class='ocrx_word' id='word_1_864' title='bbox 3103 5138 3291 5195; x_wconf 87' lang='lat' dir='ltr'><strong>dicere</strong></span> <span class='ocrx_word' id='word_1_865' title='bbox 3321 5140 3482 5194; x_wconf 83' lang='lat' dir='ltr'><strong>istam</strong></span> 
     </span>
    </p>
   </div>
   <div class='ocr_carea' id='block_1_112' title="bbox 1905 5230 3482 5301">
    <p class='ocr_par' dir='ltr' id='par_1_112' title="bbox 1905 5230 3482 5301">
     <span class='ocr_line' id='line_1_112' title="bbox 1905 5230 3482 5301; baseline -0.001 -13"><span class='ocrx_word' id='word_1_866' title='bbox 1905 5235 2165 5288; x_wconf 88' lang='lat' dir='ltr'><strong>unionem</strong></span> <span class='ocrx_word' id='word_1_867' title='bbox 2191 5249 2311 5288; x_wconf 90' lang='lat' dir='ltr'><strong>esse</strong></span> <span class='ocrx_word' id='word_1_868' title='bbox 2335 5231 2402 5286; x_wconf 85' lang='lat' dir='ltr'><strong>ad</strong></span> <span class='ocrx_word' id='word_1_869' title='bbox 2432 5230 2938 5285; x_wconf 83' lang='lat' dir='ltr'><strong>manifestationem</strong></span> <span class='ocrx_word' id='word_1_870' title='bbox 2970 5231 3155 5295; x_wconf 86' lang='lat' dir='ltr'><strong>Verbi,</strong></span> <span class='ocrx_word' id='word_1_871' title='bbox 3177 5231 3272 5286; x_wconf 88' lang='lat' dir='ltr'><strong>sed</strong></span> <span class='ocrx_word' id='word_1_872' title='bbox 3300 5231 3482 5301; x_wconf 89' lang='lat' dir='ltr'><strong>quoad</strong></span> 
     </span>
    </p>
   </div>
   <div class='ocr_carea' id='block_1_113' title="bbox 1893 5321 3483 5395">
    <p class='ocr_par' dir='ltr' id='par_1_113' title="bbox 1893 5321 3483 5395">
     <span class='ocr_line' id='line_1_113' title="bbox 1893 5321 3483 5395; baseline -0.002 -17"><span class='ocrx_word' id='word_1_873' title='bbox 1893 5340 2186 5395; x_wconf 84' lang='lat' dir='ltr'><strong>personam</strong></span> <span class='ocrx_word' id='word_1_874' title='bbox 2231 5324 2419 5377; x_wconf 90' lang='lat' dir='ltr'><strong>nescio</strong></span> <span class='ocrx_word' id='word_1_875' title='bbox 2469 5323 2752 5392; x_wconf 87' lang='lat' dir='ltr'><strong>quomodo</strong></span> <span class='ocrx_word' id='word_1_876' title='bbox 2790 5338 2914 5377; x_wconf 88' lang='lat' dir='ltr'><strong>eam</strong></span> <span class='ocrx_word' id='word_1_877' title='bbox 2964 5321 3302 5391; x_wconf 87' lang='lat' dir='ltr'><strong>appelletis:</strong></span> <span class='ocrx_word' id='word_1_878' title='bbox 3352 5337 3483 5391; x_wconf 86' lang='lat' dir='ltr'><strong>pro-</strong></span> 
     </span>
    </p>
   </div>
   <div class='ocr_carea' id='block_1_114' title="bbox 1894 5412 3484 5485">
    <p class='ocr_par' dir='ltr' id='par_1_114' title="bbox 1894 5412 3484 5485">
     <span class='ocr_line' id='line_1_114' title="bbox 1894 5412 3484 5485; baseline -0.001 -16"><span class='ocrx_word' id='word_1_879' title='bbox 1894 5424 2082 5485; x_wconf 70' lang='lat' dir='ltr'><strong>pterta</strong></span> <span class='ocrx_word' id='word_1_880' title='bbox 2116 5414 2261 5468; x_wconf 88' lang='lat' dir='ltr'><strong>enim</strong></span> <span class='ocrx_word' id='word_1_881' title='bbox 2287 5414 2430 5483; x_wconf 79' lang='lat' dir='ltr'><strong>quod</strong></span> <span class='ocrx_word' id='word_1_882' title='bbox 2472 5430 2765 5485; x_wconf 88' lang='lat' dir='ltr'><strong>personam</strong></span> <span class='ocrx_word' id='word_1_883' title='bbox 2790 5415 2993 5469; x_wconf 85' lang='lat' dir='ltr'><strong>retinet</strong></span> <span class='ocrx_word' id='word_1_884' title='bbox 3016 5412 3184 5468; x_wconf 82' lang='lat' dir='ltr'><strong>Verbi</strong></span> <span class='ocrx_word' id='word_1_885' title='bbox 3203 5413 3484 5480; x_wconf 87' lang='lat' dir='ltr'><strong>Christus,</strong></span> 
     </span>
    </p>
   </div>
   <div class='ocr_carea' id='block_1_115' title="bbox 1896 5507 2362 5562">
    <p class='ocr_par' dir='ltr' id='par_1_115' title="bbox 1896 5507 2362 5562">
     <span class='ocr_line' id='line_1_115' title="bbox 1896 5507 2362 5562; baseline 0 -1"><span class='ocrx_word' id='word_1_886' title='bbox 1896 5509 2058 5562; x_wconf 84' lang='lat' dir='ltr'><strong>istam</strong></span> <span class='ocrx_word' id='word_1_887' title='bbox 2087 5507 2362 5561; x_wconf 81' lang='lat' dir='ltr'><strong>novimus.</strong></span> 
     </span>
    </p>
   </div>
   <div class='ocr_carea' id='block_1_116' title="bbox 1965 5600 3488 5671">
    <p class='ocr_par' dir='ltr' id='par_1_116' title="bbox 1965 5600 3488 5671">
     <span class='ocr_line' id='line_1_116' title="bbox 1965 5600 3488 5671; baseline -0.001 -15"><span class='ocrx_word' id='word_1_888' title='bbox 1965 5603 2068 5656; x_wconf 73' lang='lat' dir='ltr'><strong>Sed</strong></span> <span class='ocrx_word' id='word_1_889' title='bbox 2097 5643 2109 5662; x_wconf 88' lang='lat'><strong>,</strong></span> <span class='ocrx_word' id='word_1_890' title='bbox 2140 5616 2173 5652; x_wconf 85' lang='lat'><strong>0</strong></span> <span class='ocrx_word' id='word_1_891' title='bbox 2201 5601 2462 5669; x_wconf 72' lang='lat' dir='ltr'><strong>sophistae</strong></span> <span class='ocrx_word' id='word_1_892' title='bbox 2488 5610 2544 5654; x_wconf 78' lang='lat' dir='ltr'><strong>et</strong></span> <span class='ocrx_word' id='word_1_893' title='bbox 2577 5618 2684 5655; x_wconf 81' lang='lat' dir='ltr'><strong>non</strong></span> <span class='ocrx_word' id='word_1_894' title='bbox 2722 5600 3024 5671; x_wconf 83' lang='lat' dir='ltr'><strong>sapientes,</strong></span> <span class='ocrx_word' id='word_1_895' title='bbox 3053 5615 3179 5655; x_wconf 75' lang='lat' dir='ltr'><strong>mox</strong></span> <span class='ocrx_word' id='word_1_896' title='bbox 3211 5609 3394 5655; x_wconf 89' lang='lat' dir='ltr'><strong>autem</strong></span> <span class='ocrx_word' id='word_1_897' title='bbox 3428 5611 3488 5655; x_wconf 86' lang='lat' dir='ltr'><strong>ct</strong></span> 
     </span>
    </p>
   </div>
   <div class='ocr_carea' id='block_1_117' title="bbox 1893 5692 3483 5764">
    <p class='ocr_par' dir='ltr' id='par_1_117' title="bbox 1893 5692 3483 5764">
     <span class='ocr_line' id='line_1_117' title="bbox 1893 5692 3483 5764; baseline 0.001 -18"><span class='ocrx_word' id='word_1_898' title='bbox 1893 5704 2119 5764; x_wconf 77' lang='lat' dir='ltr'><strong>propter</strong></span> <span class='ocrx_word' id='word_1_899' title='bbox 2173 5694 2276 5746; x_wconf 86' lang='lat' dir='ltr'><strong>hoc</strong></span> <span class='ocrx_word' id='word_1_900' title='bbox 2331 5693 2557 5761; x_wconf 80' lang='lat' dir='ltr'><strong>reprobi</strong></span> <span class='ocrx_word' id='word_1_901' title='bbox 2612 5711 2625 5747; x_wconf 93' lang='lat'><strong>:</strong></span> <span class='ocrx_word' id='word_1_902' title='bbox 2684 5710 2793 5747; x_wconf 87' lang='lat' dir='ltr'><strong>non</strong></span> <span class='ocrx_word' id='word_1_903' title='bbox 2845 5694 2919 5747; x_wconf 83' lang='lat' dir='ltr'><strong>ita</strong></span> <span class='ocrx_word' id='word_1_904' title='bbox 2969 5692 3143 5747; x_wconf 77' lang='lat' dir='ltr'><strong>estin</strong></span> <span class='ocrx_word' id='word_1_905' title='bbox 3187 5704 3483 5762; x_wconf 79' lang='lat' dir='ltr'><strong>personam</strong></span> 
     </span>
    </p>
   </div>
   <div class='ocr_carea' id='block_1_118' title="bbox 943 5872 2463 5942">
    <p class='ocr_par' dir='ltr' id='par_1_118' title="bbox 943 5872 2463 5942">
     <span class='ocr_line' id='line_1_118' title="bbox 943 5872 2463 5942; baseline -0.005 -8"><span class='ocrx_word' id='word_1_906' title='bbox 943 5879 989 5910; x_wconf 85' lang='lat'>&quot;</span> <span class='ocrx_word' id='word_1_907' title='bbox 1019 5878 1174 5933; x_wconf 76' lang='lat' dir='ltr'><strong>Deut.</strong></span> <span class='ocrx_word' id='word_1_908' title='bbox 1206 5893 1312 5942; x_wconf 79' lang='lat' dir='ltr'><strong>xvi,</strong></span> <span class='ocrx_word' id='word_1_909' title='bbox 1357 5877 1456 5940; x_wconf 80' lang='grc'><strong>17,</strong></span> <span class='ocrx_word' id='word_1_910' title='bbox 1515 5875 1672 5931; x_wconf 80' lang='lat' dir='ltr'><strong>Rom.</strong></span> <span class='ocrx_word' id='word_1_911' title='bbox 1706 5891 1765 5940; x_wconf 88' lang='grc' dir='ltr'><strong>ιι,</strong></span> <span class='ocrx_word' id='word_1_912' title='bbox 1808 5873 1887 5927; x_wconf 89' lang='lat' dir='ltr'><strong>ll.</strong></span> <span class='ocrx_word' id='word_1_913' title='bbox 1955 5873 1993 5904; x_wconf 75' lang='grc'>⁸¹</span> <span class='ocrx_word' id='word_1_914' title='bbox 2032 5872 2201 5927; x_wconf 71' lang='lat' dir='ltr'><strong>Et-cii.</strong></span> <span class='ocrx_word' id='word_1_915' title='bbox 2229 5889 2343 5941; x_wconf 83' lang='lat' dir='ltr'><strong>xm,</strong></span> <span class='ocrx_word' id='word_1_916' title='bbox 2381 5873 2463 5928; x_wconf 79' lang='grc'><strong>19.</strong></span> 
     </span>
    </p>
   </div>
  </div>
