4194 6446
709 439 842 504 1035
1939 437 2250 498 LEONTII
2293 439 2468 496 BYZA
2480 439 2694 499 NTINI
3837 451 3968 514 1535

702 550 834 606 unio
881 565 896 602 :
951 549 1095 604 sicut
1135 549 1280 604 enim
1324 547 1378 601 in
1414 546 1860 601 commistionem
1892 548 2027 601 unio
2054 587 2067 608 ,
2123 561 2278 599 com-
2309 552 2354 606 Α

2312 552 2354 606 Α
2384 547 2597 610 Ξνωσις·
2640 549 2828 619 ὥσπερ
2862 553 2970 622 γὰρ
3018 555 3051 623 ὴ
3106 555 3184 618 εἰς
3239 536 3437 628 φύρσιν
3487 557 3718 621 ἔνωσις,
3770 563 3968 631 φύρσιν

700 643 1017 696 mistionem
1066 641 1230 698 facit.
1262 646 1323 713 ut
1358 653 1539 707 poscas
1577 637 1712 692 unio
1742 655 1755 689 :
1787 645 1845 692 et
1885 638 2031 692 sicut
2064 638 2116 690 in
2148 652 2279 692 con-

2388 641 2553 700 ποιεῖ,
2588 636 2700 692 οἷον
2757 645 2788 710 ἡ
2828 643 2922 696 τοῦ
2955 645 3261 714 ὁξυκράτου
3285 666 3300 680 ·
3333 652 3428 702 καὶ
3460 648 3651 722 ὥσπερ
3684 655 3717 722 ἠ
3753 655 3833 716 είς
3874 656 3967 706 σύ-

698 744 928 790 ventum
967 735 1205 802 aliquem
1251 731 1384 784 unio
1409 770 1422 792 ,
1465 738 1804 784 conventum
1852 728 2012 789 facit,
2042 736 2102 782 ut
2126 728 2281 782 chori

2389 728 2577 780 στασίν
2609 747 2731 783 τινα
2781 732 2994 796 ἔπλωσις,
3029 734 3290 788 σύστασιν
3330 741 3497 801 ποιεῖ,
3531 734 3644 793 οἷον
3675 743 3709 812 ἡ
3756 743 3853 795 τοῦ
3885 760 3969 813 χο-

702 829 836 882 unio
867 847 878 880 :
917 833 974 881 et
1008 825 1151 879 sicut
1175 824 1230 877 in
1263 822 1716 876 assimilationem
1752 822 1904 881 unio,
1932 820 2285 874 assimilatio-

2389 819 2504 888 ροῦ·
2538 821 2634 872 καὶ
2670 820 2861 893 ὥσπερ
2896 825 2928 894 ἡ
2957 827 3036 886 εἰς
3068 827 3377 897 παράθεσιν
3405 829 3622 896 ἓνωσις,
3664 833 3969 904 παράθεσιν

702 933 827 973 nem
876 918 1044 980 facit,
1081 925 1141 971 ut
1182 917 1381 970 domus
1429 912 1564 967 unio
1600 931 1612 965 :
1647 923 1703 967 et
1752 913 1895 967 sicut
1935 913 1988 966 in
2028 923 2283 966 naturam

2388 911 2549 973 ποιεῖ,
2581 905 2694 964 οἷον
2739 913 2772 980 ή
2802 912 2895 966 τοῦ
2933 913 3106 967 οἴκοιν
3141 918 3236 971 καὶ⁹
3268 918 3459 991 ὥσπερ
3482 921 3516 990 ἠ
3544 922 3624 983 είς
3655 925 3817 989 φύσιν
3847 924 3970 977 τινὰ

698 1011 944 1081 aliquam
979 1010 1113 1062 unio
1156 1016 1410 1060 naturam
1444 1004 1615 1068 facit,
1651 1013 1713 1058 ut
1760 1006 2012 1075 corporis
2054 1006 2188 1058 unio
2215 1021 2284 1058 ex

2387 1000 2602 1066 ἕνωσις.
2649 1003 2809 1071 φύσιν
2854 1011 3017 1073 ποιεῖ,
3052 1003 3167 1063 οἷον
3213 1012 3246 1080 ἡ
3287 1011 3382 1065 τοῦ
3415 1011 3670 1082 σώματος
3712 1016 3825 1067 ἀπὸ
3862 1017 3969 1069 τῶν

706 1100 876 1154 variis
911 1097 1242 1160 elementis;
1295 1096 1369 1150 ita
1411 1097 1546 1150 unio
1592 1097 1648 1150 in
1697 1111 1992 1164 personam
2041 1095 2286 1149 novissi-

2389 1095 2670 1164 στοιχείων
2693 1113 2708 1127 ο
2738 1095 2884 1150 οὕτω
2915 1100 3011 1152 καὶ
3039 1101 3072 1170 ἡ
3103 1103 3183 1162 είς
3215 1103 3510 1171 πρόσωπον
3559 1104 3755 1167 ἓνωσις
3787 1106 3967 1158 καινό-

705 1205 848 1243 mam
879 1197 972 1242 aut
1006 1187 1310 1241 novissime
1355 1185 1614 1240 ostendet
1663 1186 1902 1253 aliquam
1943 1200 2236 1252 personam
2268 1200 2282 1236 :

2387 1187 2546 1255 τερόν
2579 1187 2694 1258 ιτιῆ
2737 1190 3066 1261 καινοτέρως
3107 1191 3271 1256 δείξει
3318 1210 3370 1246 τι
3403 1196 3714 1263 πρόσωπονο
3764 1197 3829 1249 ού
3866 1198 3969 1266 μὴν

707 1298 814 1334 non
863 1288 1014 1332 certe
1065 1279 1189 1332 loco
1220 1277 1304 1330 sui
1351 1277 1524 1346 ipsius
1571 1275 1863 1329 ostendere
1915 1274 2158 1340 aliquam
2205 1273 2288 1326 al-

2389 1278 2520 1346 τόγε
2552 1279 2673 1331 ἀντὶ
2719 1280 2914 1333 ἑαυτοῦ
2944 1281 3216 1336 δεικνύναι
3250 1284 3372 1338 τινὰ
3418 1284 3607 1357 ἕτερον
3650 1287 3966 1356 πρόσωπον,

707 1383 882 1426 teram
910 1384 1204 1441 personam
1227 1411 1240 1433 ,
1285 1376 1347 1420 ut
1379 1367 1589 1428 dicitis,
1624 1366 1758 1419 illud
1789 1373 1874 1418 est
1909 1365 2044 1418 unio
2074 1364 2126 1416 in
2160 1378 2272 1431 per-

2390 1369 2465 1432 ὦς
2488 1388 2644 1437 φατε,
2677 1372 2840 1426 τοῦτο
2883 1373 2916 1441 ἡ
2970 1373 3164 1435 ἓνωσίς
3214 1360 3331 1427 ἐστι
3386 1377 3420 1446 ή
3459 1377 3540 1438 είς
3585 1377 3970 1446 ττρόσωπον,ἡ

709 1480 922 1523 sonam.
951 1470 1042 1516 aut
1062 1460 1437 1514 manifestatio
1457 1459 1687 1512 alterius
1705 1471 1954 1526 personae
1973 1454 2286 1523 incognite,

2391 1463 2699 1531 φανέρωσις
2729 1464 2824 1517 τοῦ
2874 1464 3068 1534 ἑτέρου
3098 1465 3394 1532 προσώπου
3442 1466 3535 1520 τοῦ
3583 1468 3969 1538 ἀγνοουμένου,

708 1564 802 1617 sed
866 1577 896 1615 e
947 1557 1230 1614 contrario
1276 1556 1579 1610 occultatio
1624 1569 1877 1623 personae
1931 1552 1986 1604 in
2036 1551 2289 1617 antiper-

2391 1555 2528 1609 ἀλλὰ
2557 1556 2868 1608 τούναντίον
2891 1557 3204 1626 ἁπόκρυψις
3241 1560 3538 1630 προσώπου
3568 1563 3648 1624 είς
3677 1560 3971 1632 ἀντιπρόσ-

711 1668 939 1715 sonam,
989 1653 1167 1706 solum
1219 1661 1402 1703 autem
1455 1646 1697 1700 nominis
1745 1641 2097 1698 declaratio:
2153 1639 2289 1693 illud

2391 1665 2561 1709 ωπον,
2588 1647 2748 1716 μόνον
2775 1647 2830 1700 δὲ
2858 1647 3125 1718 ὀνόματος
3154 1650 3434 1719 ἐκφανσις·
3461 1652 3490 1705 ὃ
3519 1655 3613 1706 καὶ
3643 1654 3776 1707 ἄνευ
3806 1670 3972 1723 προσ-

704 1750 871 1801 ctiam
899 1745 1016 1799 sine
1047 1758 1283 1813 persona
1315 1749 1530 1809 poterat
1560 1736 1880 1791 annuntiari
1920 1751 1950 1788 a
1989 1734 2286 1803 propheta:

2392 1737 2544 1792 ώπου
2577 1738 2797 1791 δυνατὸν
2847 1734 2916 1810 ἦν
2954 1739 3322 1808 κηρύττεσθαι
3377 1743 3446 1795 δι’
3482 1743 3768 1812 ὑποφήτου
3801 1760 3820 1776 ο
3871 1743 3969 1796 τίνι

707 1855 815 1909 qua
850 1839 1062 1892 ratione
1092 1831 1545 1896 connectuntur?
1574 1830 1682 1883 Aut
1709 1843 1818 1896 qua
1855 1827 2072 1879 ratione
2113 1823 2289 1893 parti-
2323 1883 2363 1937 Β

743 1933 754 1937 -
917 1931 935 1937 -
975 1929 985 1937 .
1308 1926 1340 1937 μ.
1565 1921 1577 1932 .
1669 1930 1680 1937 .
2131 1917 2198 1937 ,,,
2227 1915 2288 1937 λ,

2323 1883 2366 1937 Β
2393 1832 2502 1901 γὰρ
2533 1833 2851 1901 συνέχεται;
2885 1831 2919 1902 ἢ
2949 1833 3057 1885 τίνι
3104 1838 3390 1899 κοινωνεῖ;
3436 1835 3469 1906 ἢ
3523 1836 3630 1890 τίνι
3664 1837 3879 1906 ἥνωται
3906 1836 3972 1887 τὰ

708 1931 938 2001 eipant?
962 1929 1068 1982 Aut
1105 1942 1211 1994 qua
1241 1926 1455 1979 ratione
1487 1921 1757 1974 uniuntur
1799 1927 1993 1972 mutuo
2029 1925 2090 1969 ut
2128 1917 2200 1970 sit
2226 1915 2292 1969 de
2325 1915 2364 1937 ”

2325 1915 2366 1937 ⁵³
2394 1922 2573 1976 τοιάδε
2633 1924 2868 1978 ἀντάλλα
2923 1925 3224 1995 πράγματα
3281 1925 3566 1996 ἀλλήλοιςς
3615 1929 3663 1979 εί
3724 1928 3828 1998 μὲν
3869 1927 3972 1996 γάρ

708 2024 832 2078 aliis
860 2022 1027 2074 rebus
1053 2019 1075 2071 ’ἔ
1115 2017 1170 2072 Si
1201 2015 1423 2085 quidem
1453 2013 1602 2068 enim
1652 2009 2021 2065 similitudine
2042 2047 2057 2070 ,
2087 2007 2292 2061 iterum

2391 2016 2694 2085 ὁμοιότητι,
2723 2016 2888 2069 πάλιν
2925 2015 3060 2081 Θεὸς
3095 2018 3128 2086 ἡ
3176 2016 3334 2089 σὰρξ,
3367 2017 3397 2088 ἢ
3433 2017 3570 2088 σὰρξ
3597 2021 3625 2072 ὁ
3653 2021 3849 2088 Λόγος
3893 2018 3973 2081 τίς

709 2118 853 2170 Deus
877 2129 1040 2173 caro,
1087 2125 1218 2165 caro
1253 2108 1496 2163 Verbum
1543 2105 1652 2159 erit
1686 2121 1699 2156 ε
1744 2102 1904 2171 quale
1934 2108 2118 2154 autem
2153 2112 2293 2166 opus

2394 2109 2450 2162 δὲ
2486 2109 2581 2160 καὶ
2621 2107 2783 2179 χρεία
2813 2103 2882 2179 ἦν
2921 2108 3022 2178 τῆς
3054 2109 3375 2180 ὁμοιότητος
3419 2110 3608 2180 οὔσης,
3647 2112 3723 2181 μὴ
3751 2113 3813 2163 ἐν
3841 2111 3975 2179 ἁλη-

709 2219 831 2265 erat
875 2204 1242 2264 similitudine
1277 2219 1403 2258 cum
1437 2216 1550 2256 non
1602 2200 1658 2253 in
1697 2197 1928 2251 veritate
1973 2189 2294 2261 principalis

2397 2202 2518 2271 θείᾳ
2557 2201 2618 2254 τὸ
2653 2202 2847 2273 κύριον
2881 2205 3198 2272 πρόσωπον,
3248 2202 3384 2255 ἀλλὰ
3422 2201 3484 2255 τὸ
3523 2203 3709 2271 ὅμοιον
3739 2204 3977 2272 ἐμφανι-

711 2316 970 2374 persoua,
1001 2299 1098 2352 sed
1146 2295 1347 2351 similis
1367 2292 1816 2346 manifestare-tur
1849 2284 1926 2338 illi
1961 2299 2084 2354 qua:
2108 2280 2294 2335 occul-

2398 2295 2591 2364 σθῆναι
2624 2294 2702 2362 τῷ
2738 2295 2814 2364 μὴ
2864 2297 3162 2364 σκαιωρεῖν
3215 2293 3530 2363 βουλομένῳ
3563 2293 3805 2363 μᾶλλονς
3844 2293 3893 2345 εἰ
3923 2292 3978 2344 δὲ

712 2373 814 2449 tari
848 2393 1071 2447 nolebat
1099 2388 1371 2458 amplius?
1405 2387 1463 2441 Si
1497 2399 1628 2437 vero
1659 2389 1745 2435 est
1779 2374 2200 2437 dissimilitudo,
2238 2373 2292 2425 in

2399 2384 2632 2455 ἀνόμοιά
2671 2386 2812 2447 ἐστι,
2846 2386 2904 2436 ἐν
2929 2385 3036 2437 τίνι
3067 2385 3099 2455 ἡ
3129 2384 3324 2437 ἓνωσις
3353 2385 3462 2436 τῶν
3489 2383 3832 2452 προσώπωνς
3861 2381 3980 2442 πῶς

706 2501 822 2556 quo
858 2492 1076 2538 constat
1126 2481 1260 2535 unio
1303 2473 1711 2548 personarum?
1765 2467 2058 2537 Quomodo
2109 2474 2294 2520 autem

2396 2480 2452 2533 δὲ
2484 2479 2544 2532 οὺ
2586 2477 2853 2546 πλάνησις
2891 2477 3053 2547 μόνον
3091 2475 3438 2544 ἐπιτήδευσις
3475 2477 3650 2539 ἔσται,
3677 2475 3738 2526 τὸ
3765 2472 3895 2527 ἄλλο
3929 2489 3979 2525 τι

717 2592 827 2635 non
881 2592 1128 2631 errorem
1186 2574 1362 2627 solum
1427 2567 1654 2623 inducet
1719 2561 2118 2632 investigatio,
2168 2573 2294 2614 cum

2397 2573 2567 2638 δεῖξαι
2589 2573 2666 2635 ώς
2687 2571 2838 2636 ἄλλο,
2871 2570 2966 2624 καὶ
3003 2568 3102 2639 οὐχ
3134 2567 3210 2631 ώς
3239 2568 3373 2622 αὐτὸ
3417 2567 3445 2621 ὃ
3493 2569 3610 2620 ἐστι
3631 2583 3646 2632 ;
3669 2567 3799 2632 Ναὶ,
3824 2567 3979 2635 φησὶ,

714 2669 925 2740 aliquid
954 2665 1105 2722 aliud
1140 2663 1468 2718 ostendetur
1495 2666 1558 2713 ut
1585 2655 1761 2720 aliud,
1788 2662 1844 2708 et
1878 2668 1991 2706 non
2021 2661 2082 2705 ut
2113 2651 2293 2720 ipsum

2395 2662 2474 2732 τῷ
2502 2661 2632 2731 θείῳ
2678 2662 2903 2730 ὀνόματι
2939 2661 3144 2731 ἥνωται
3177 2660 3364 2728 ἄμφωο
3400 2658 3608 2729 ἠξιώθη
3648 2659 3760 2729 γὰρ
3795 2659 3888 2711 καὶ
3922 2657 3983 2708 τὺ

715 2763 836 2817 est?
859 2762 1081 2829 Utique,
1112 2757 1312 2825 inquit,
1341 2754 1533 2807 divino
1562 2747 1787 2803 nomine
1807 2746 2077 2800 uniuntur
2096 2743 2293 2798 ambo:

2403 2753 2477 2822 μὴ
2512 2751 2671 2818 φύσει
2701 2751 2846 2804 θεῖον
2901 2750 2998 2802 τοῦ
3030 2749 3176 2802 θείου
3216 2748 3503 2818 ὀνόματος.
3537 2743 3691 2818 τΑρα
3720 2749 3823 2800 οὐκ
3869 2746 3983 2799 ἰδοῦ

715 2856 940 2926 dignum
965 2855 1111 2907 enim
1141 2850 1389 2904 habitum
1415 2855 1500 2901 est
1526 2843 1702 2898 divini
1732 2839 1984 2898 nominis
2010 2836 2160 2908 quod
2185 2851 2298 2890 non

2401 2843 2588 2912 σαφῶς
2616 2845 2696 2904 εἰς
2725 2842 2823 2913 τὴν
2849 2842 3109 2911 διακενῆς
3150 2829 3451 2908 ὀνομασίαν
3478 2840 3610 2907 ὑμῖν
3655 2837 3724 2891 τά
3770 2836 3986 2907 μεγάλα

715 2925 835 2995 erat
865 2950 1062 2994 natura
1112 2938 1384 2994 divinum.
1448 2935 1641 2989 Nonne
1685 2933 1858 3002 igitur
1901 2927 2194 2982 manifeste
2241 2925 2296 2979 in

2400 2934 2640 3006 Χριστοῦ
2669 2933 2960 3003 ἀξιώματα
2993 2933 3061 2985 ὲκ
3095 2931 3311 3002 μακρᾶς
3359 2929 3682 2999 διαιρέσεως
3708 2930 3987 2999 κατηντὴο

718 3047 914 3086 vanam
969 3027 1474 3084 denominationem
1506 3023 1666 3076 vobis
1714 3035 1926 3090 magnae
1971 3016 2177 3072 Christi
2208 3013 2298 3067 di-

2401 3044 2567 3092 κασι;
2600 3026 2831 3097 μηδενὸς
2853 3029 2961 3098 γὰρ
2993 3027 3146 3089 ὄντος
3183 3024 3334 3094 αὐτῷ
3366 3015 3488 3077 καθ’
3517 3023 3546 3076 ὅ
3583 3024 3832 3075 κοινωνεῖ
3863 3021 3989 3090 Θεῷ

716 3127 954 3197 gnitatrs
1007 3139 1073 3176 ex
1127 3121 1389 3174 diuturna
1457 3115 1818 3171 distinctione
1886 3107 2300 3164 occurrerunt?

2402 3121 2588 3192 ἐτέρου
2617 3101 2966 3191 πράγματος,
3015 3119 3155 3190 πλὴν
3202 3118 3295 3172 τοῦ
3335 3117 3597 3185 ὀνόματος
3637 3115 3822 3184 μόνον,
3863 3113 3987 3176 πῶς

716 3219 852 3272 Cum
901 3215 1045 3269 enim
1089 3213 1239 3266 nulla
1271 3211 1345 3264 sit
1374 3209 1477 3278 ipsi
1505 3208 1609 3261 alia
1653 3221 1744 3259 res
1783 3200 2090 3258 secundum
2129 3213 2293 3267 quam
2320 3212 2366 3273 ρ

2331 3212 2366 3273 C
2397 3214 2522 3282 οὐχὶ
2551 3212 2695 3265 κατὰ
2719 3211 2816 3281 τὴν
2846 3210 2957 3267 τῶν
2986 3211 3295 3281 ὁμωνύμων
3325 3209 3539 3268 ἕνωσιν,
3566 3207 3668 3276 τὴν
3697 3206 3837 3258 κατὰ
3860 3201 3987 3256 τοῦ·

719 3308 1011 3379 partieipet
1053 3307 1186 3366 Deo,
1229 3303 1334 3357 nisi
1369 3315 1570 3355 nomen
1605 3297 1818 3360 solum,
1863 3291 2147 3364 quomodo
2187 3305 2299 3343 non

2405 3323 2543 3376 νομα
2581 3306 2740 3376 μόνον
2773 3305 2926 3358 ἔσται
2952 3303 3091 3374 ἔχων
3123 3302 3221 3373 τὴν
3264 3301 3400 3371 πρὸς
3451 3299 3586 3352 Θεὸν
3621 3296 3911 3352 κοινωνίαν
3962 3297 3993 3349 ὁ

719 3399 1026 3452 secundum
1074 3397 1536 3462 homonymorum
1573 3386 1833 3441 unionem
1862 3383 2091 3462 habebit
2128 3380 2298 3433 Chri-

2404 3397 2814 3467 Χριστὸςέούχὶ
2847 3397 2903 3449 δὲ
2938 3396 3077 3449 κατὰ
3115 3394 3177 3448 τὸ
3223 3392 3586 3461 ὑποκείμενον
3629 3389 3708 3460 τῷ
3757 3389 3992 3457 ὀνόματι

720 3504 838 3545 stus
871 3487 1350 3558 participationem
1382 3499 1508 3537 eum
1539 3482 1652 3535 Deo
1681 3493 1802 3548 quae
1829 3476 1888 3530 fit
1917 3477 2070 3546 juxta
2097 3487 2302 3526 nomen

2405 3488 2914 3561 πρᾶγμαςΤαύτης
2955 3488 3002 3540 δ’
3040 3486 3135 3540 οὖν
3163 3486 3257 3539 καὶ
3287 3484 3509 3553 ἄγγελοι
3545 3481 3716 3536 πάλαι
3759 3481 3858 3533 καὶ
3894 3480 3995 3533 ἇν-

721 3584 933 3642 solum,
964 3597 1072 3634 non
1101 3590 1284 3633 autem
1339 3573 1647 3630 secundum
1695 3586 1809 3624 rem
1856 3567 2066 3622 nomini
2114 3565 2304 3640 subja-

2408 3579 2616 3649 θρωποι
2653 3579 2790 3630 ὅσιοι
2839 3577 2944 3629 ὑπὸ
2989 3575 3126 3628 Θεοῦ
3157 3574 3436 3644 ἠξίωνται,
3485 3571 3852 3642 προείρηταιο
3896 3567 3997 3618 καὶ

723 3686 936 3731 contem
963 3673 985 3725 ?
1017 3674 1256 3742 Hujusce
1302 3683 1433 3721 vere
1464 3674 1519 3720 et
1550 3663 1730 3734 angeli
1759 3661 1891 3715 olim
1941 3669 1998 3712 et
2046 3658 2306 3711 homines

2407 3670 2660 3738 δαίμονες
2695 3669 2754 3720 δὲ
2786 3667 2880 3720 καὶ
2916 3666 3078 3730 ξόανα
3110 3665 3205 3718 καὶ
3254 3661 3480 3718 πετεινά
3513 3663 3608 3714 καὶ
3656 3658 3865 3729 ἑρπετὰ
3895 3657 4027 3731 καὶ,

724 3769 845 3840 puri
881 3784 910 3820 a
963 3767 1072 3820 Deo
1103 3763 1251 3833 digni
1287 3759 1461 3814 habiti
1493 3765 1644 3821 sunt,
1677 3762 1806 3808 ante
1850 3760 1909 3805 ut
1940 3750 2150 3804 dictum
2180 3754 2302 3801 est:

2408 3761 2547 3814 λίθοι
2579 3759 2890 3829 ἠξιώθησαν
2934 3758 3038 3810 ὑπὸ
3086 3757 3197 3808 τῶν
3249 3755 3579 3824 ἀνθρώπων,
3625 3750 3739 3803 θεοί
3786 3765 3850 3800 τε
3898 3749 3999 3799 καὶ

704 3865 781 3914 ηοι
816 3859 1096 3912 daemones
1121 3864 1177 3909 et
1217 3852 1512 3907 simulacra
1544 3858 1600 3901 et
1636 3842 1880 3899 volatilia
1907 3850 1963 3894 ct
2001 3840 2219 3908 reptilia
2253 3848 2310 3892 ct

2394 3848 2592 3924 ’κύριοι
2624 3854 2718 3906 καὶ
2740 3852 2848 3904 υἱοὶ
2874 3851 3013 3904 Θεοῦ
3035 3849 3129 3903 καὶ
3156 3849 3296 3902 θεῶν
3335 3846 3641 3918 λεχθέντες.
3665 3844 3757 3896 Ἐν
3789 3841 4000 3902 τούτοις

726 3950 938 4020 lapides
983 3940 1134 4017 digni
1167 3945 1340 4000 habiti
1381 3951 1511 3996 sunt
1547 3940 1618 3994 ab
1663 3935 1985 3990 hominibus
2024 3931 2210 4000 diique
2254 3941 2310 3986 et

2409 3946 2502 4000 οῦν
2528 3949 2554 3999 ὁ
2595 3943 2942 4015 μακαρισμὸς
2969 3938 3206 4012 Χριστοῦ
3236 3938 3386 4007 παρὰ
3410 3937 3654 3999 πάντας
3684 3932 3848 3986 τοῦτὸ
3881 3931 4003 3981 ὲστι

728 4039 940 4092 domini
973 4045 1029 4090 et
1061 4035 1156 4088 filii
1204 4034 1297 4087 Dei
1343 4041 1400 4085 et
1433 4031 1664 4084 deorum
1691 4025 1824 4080 dicti
1862 4031 1994 4078 sunt
2038 4040 2051 4074 :
2089 4023 2145 4075 in
2187 4023 2309 4074 istis

2412 4041 2473 4092 τὸ
2516 4037 2864 4108 ύπερύψωμα
2889 4035 3061 4103 δῶρον
3097 4030 3286 4089 αὐτοῦ.
3315 4033 3349 4098 ἡ
3383 4027 3742 4098 ψευδώνυμος
3771 4021 4006 4089 θεοκλη-

731 4132 898 4198 ἓςςίιιιι·
940 4131 1045 4183 sita
1093 4133 1179 4180 est
1226 4121 1565 4178 beatificatio
1615 4115 1821 4172 Christi
1869 4129 2035 4183 supra
2080 4111 2313 4165 omnes?

2416 4129 2535 4191 aia;
2567 4125 2612 4179 ὣ
2657 4127 2758 4194 τῆς
2799 4123 3063 4192 αἰσχύνης
3107 4121 3218 4173 τῶν
3259 4118 3546 4188 δογμάτων
3579 4117 3591 4169 l
3620 4113 3668 4167 ὢ
3703 4113 3799 4167 τοῦ
3829 4111 4003 4182 λήρου

732 4225 855 4280 llaec
889 4232 975 4276 est
1002 4218 1347 4275 excelsitudo
1370 4217 1578 4270 donum
1609 4211 1804 4282 ipsius,
1829 4208 1965 4261 falsa
2001 4207 2094 4260 Dei
2125 4205 2316 4274 appel-

1339 4217 1578 4270 idonum
1609 4211 1804 4282 ipsius,
1829 4208 1965 4261 falsa
2001 4207 2094 4260 Dei
2125 4205 2316 4274 appel-
2413 4219 2525 4272 τῶν
2556 4216 2956 4289 προϐλημάτων
2982 4215 2995 4266 ε

731 4316 905 4371 latio?
939 4314 1081 4368 Proh
1109 4311 1496 4367 confusionem
1521 4303 1874 4375 dogmatuml
1907 4320 1941 4357 ο
1977 4302 2163 4356 futiles
2183 4314 2316 4369 pro-

734 4404 1040 4473 positiones
1067 4403 1080 4453 l

806 4496 1005 4549 Dicant
1052 4494 1220 4563 igitur
1269 4492 1451 4546 adhuc
1485 4491 1646 4546 nobis
1679 4508 1692 4542 :
1744 4491 1951 4561 quippe
1980 4489 2314 4557 homonyma

2494 4483 2818 4553 Λεγέτωσαν
2869 4480 2963 4535 οῦν
3019 4479 3155 4549 ἡμῖν
3208 4477 3311 4530 ἔτιο
3359 4475 3482 4528 ἐπεὶ
3531 4474 3600 4526 τὰ
3644 4469 3940 4542 ὁμώνυμα,
3976 4470 4009 4538 ἢ

736 4595 831 4641 aut
855 4602 977 4654 qua:
1024 4561 1156 4638 sunt
1184 4584 1432 4652 ejusdem
1476 4584 1798 4637 substantiae
1845 4597 1912 4634 ex
1945 4579 2168 4648 speciali
2214 4569 2392 4630 novD

2357 4569 2392 4626 D
2419 4575 2682 4647 ὁμοούσιά
2715 4575 2862 4626 ἐστιν
2891 4573 2948 4636 ἐξ
2981 4569 3155 4623 ἱδικοῦ
3185 4566 3446 4636 ὀνόματος
3479 4562 3905 4634 δμωνυμοῦντα,
3936 4561 4013 4622 ὡς

741 4679 888 4730 mine
921 4675 1066 4729 idem
1115 4651 1318 4728 nomen
1366 4673 1590 4733 habent.
1625 4681 1685 4726 ut
1709 4672 1886 4725 ludas
1928 4669 2218 4723 lscariotes
2258 4676 2316 4721 et

2435 4668 2637 4730 Ἰούδας
2673 4669 2700 4720 ό
2726 4662 3083 4734 Ἰσκαριώτης
3129 4660 3227 4713 καὶ
3280 4658 3481 4715 Ἰούδας
3510 4657 3540 4706 ὁ
3577 4654 3908 4721 ὰδελφόθεος
3931 4669 3943 4682 ·
3980 4651 4029 4720 ἢ’

739 4769 910 4823 Judas
953 4767 1124 4819 frater
1168 4765 1385 4819 Domini
1428 4781 1443 4817 :
1479 4764 1566 4817 vel
1606 4769 1735 4816 sunt
1784 4761 2035 4830 quaedam
2079 4759 2314 4812 diverste

2424 4758 2740 4829 ὲτεροούσιά
2773 4755 2888 4808 ἐστί
2935 4771 3055 4807 τινα
3104 4751 3213 4804 άπὸ
3257 4748 3439 4802 κοινοῦ
3479 4747 3748 4815 ὀνόματος
3775 4743 4015 4812 ὡμωνυ-

742 4861 1065 4915 substantia:
1108 4873 1232 4927 quae
1256 4873 1322 4912 ex
1357 4855 1636 4912 communi
1663 4853 1886 4908 nomine
1938 4853 2082 4906 idem
2114 4865 2317 4905 nomen

2430 4850 2653 4922 μοῦντα,
2677 4842 2790 4900 οἷον
2823 4846 2998 4914 ἀστὴρ
3027 4845 3056 4896 ὅ
3096 4859 3156 4895 τε
3191 4840 3477 4900 θαλάττιος
3529 4838 3625 4890 καὶ
3665 4835 3946 4904 οὐράνιος,
3985 4832 4015 4900 ἦ

744 4953 1010 5007 habeant.
1037 4959 1098 5005 ut
1143 4950 1300 5003 stella
1351 4949 1520 5013 maris
1565 4955 1623 5000 et
1668 4947 1825 5001 stella
1859 4945 1984 4999 caeli
2012 4985 2025 5006 ,
2057 4943 2144 4997 vel
2191 4948 2322 4996 sunt

2427 4939 2745 5013 ὲτεροούσιά
2775 4955 2839 5007 γε
2860 4955 2873 4968 ·
2900 4937 2994 4989 καὶ
3031 4935 3238 4988 τούτων
3279 4931 3506 5000 θάτερον
3537 4928 3655 4997 μὲν,
3687 4926 3799 4978 ἀπὸ
3830 4922 4018 4976 κοινοῦ

743 5044 996 5114 qmedam
1035 5042 1267 5095 diversae
1291 5040 1614 5093 substantiae
1649 5054 1884 5109 quorum
1916 5038 2150 5090 alterum
2193 5034 2320 5103 qui-

2429 5033 2711 5101 ὀνόματος·
2737 5031 2832 5082 καὶ
2876 5030 3085 5098 ἕτερον,
3128 5026 3188 5098 ἐξ
3223 5021 3392 5076 ίδικοῦ
3419 5019 3734 5085 ὁμωνυμεί,
3769 5010 3886 5068 οἷον
3918 5013 4019 5078 5r-

745 5139 894 5198 dem,
930 5153 998 5190 ex
1045 5135 1325 5189 communi
1362 5133 1584 5186 nomine
1609 5173 1623 5195 ,
1652 5142 1708 5185 et
1729 5133 1966 5185 alterum
1996 5144 2062 5182 ex
2096 5125 2322 5196 speciali

2432 5126 2587 5193 γελος
2639 5124 2698 5176 τό
2745 5139 2804 5173 τε
2855 5119 3094 5188 πνεῦμα,
3125 5117 3217 5169 καὶ
3267 5117 3295 5167 ὁ
3330 5113 3618 5181 προφήτης
3661 5109 3688 5158 ὁ
3723 5107 4021 5173 λεγόμενος

747 5230 894 5284 idem
938 5243 1140 5282 nomen
1180 5227 1366 5288 habet,
1403 5234 1464 5278 ut
1496 5224 1723 5294 angelus
1748 5225 1841 5292 qui
1877 5231 1962 5276 est
1993 5221 2242 5290 Spiritus,
2269 5225 2326 5272 ct

2432 5216 2739 5284 Μαλαχίας·
2763 5213 2796 5282 ἢ
2825 5212 3051 5281 θάτερον
3081 5208 3180 5279 μὲν
3200 5206 3382 5272 οὐσία,
3411 5204 3640 5269 θάτερον
3664 5199 3721 5252 δὲ
3745 5196 4022 5256 ἀνούσιον,

746 5321 1015 5390 prepheta
1042 5319 1136 5388 qui
1162 5286 1368 5371 dicitur
1395 5286 1688 5370 Malachias
1709 5286 1804 5368 aut
1828 5286 2068 5367 alterum
2096 5310 2324 5379 quidem

2435 5308 2510 5369 ὡς
2540 5306 2703 5366 λύκος
2745 5302 2808 5354 τό
2852 5318 2912 5352 τε
2957 5300 3094 5365 ζῶον
3130 5299 3223 5350 καὶ
3288 5295 3349 5347 τὺ
3404 5292 3611 5354 πάθος·
3665 5287 3810 5341 κατά
3865 5286 4024 5338 ποίαν

749 5413 1078 5468 substantia.
1099 5410 1334 5463 alterum
1359 5423 1491 5462 vero
1507 5407 1817 5461 substantia
1835 5420 2050 5465 carens,
2077 5413 2136 5456 ut
2161 5402 2326 5462 λύκος

2435 5399 2603 5450 τῶνδε
2629 5396 2736 5448 τῶν
2767 5395 2906 5448 κατὰ
2941 5392 3180 5460 τοΰνομα
3213 5388 3536 5458 ἠνωμένων,
3565 5385 3598 5452 ἡ
3632 5379 3726 5434 τοῦ
3754 5379 4025 5447 ὀνόματος

749 5501 842 5572 qui
879 5513 968 5554 est-
996 5499 1197 5553 animal
1241 5508 1296 5552 et
1344 5498 1540 5551 anima:
1590 5495 1862 5550 affectus:
1906 5495 2061 5564 juxta
2110 5491 2326 5558 qualem

2439 5487 2676 5558 Χριστοῦ
2701 5486 2838 5553 πρὸς
2865 5486 2924 5536 τὸ
2951 5484 3123 5550 ὄνομα
3151 5480 3244 5533 τοῦ
3271 5477 3405 5529 Θεοῦ
3445 5474 3539 5528 καὶ
3566 5474 3744 5539 Λόγου
3775 5471 3871 5523 καὶ
3893 5465 4025 5520 Tia-3

752 5596 1016 5648 unionem
1043 5593 1235 5646 harum
1261 5605 1441 5642 rerum
1471 5588 1777 5642 secundum
1802 5602 2002 5638 nomen
2025 5586 2328 5644 unitarum,

2440 5579 2533 5633 τοῦ
2562 5577 2699 5631 Θεοῦ
2735 5576 2928 5636 ἓνωσις
2954 5571 3109 5633 οὖσα,
3138 5571 3172 5639 ἦ
3207 5567 3328 5620 κατ’
3355 5563 3545 5618 οὐσίαν
3575 5559 3737 5614 αὐτόν
3757 5576 3813 5611 τι
3842 5573 4026 5627 κρειτ-

754 5689 942 5742 habita
999 5684 1132 5738 unio
1174 5681 1377 5737 Christi
1416 5680 1660 5734 nominis
1710 5693 1835 5732 cum
1863 5677 2088 5731 nomine
2133 5675 2230 5729 Dei
2278 5683 2334 5728 ct

2440 5671 2628 5731 τώσει,
2667 5669 2700 5740 ἢ
2735 5667 3084 5738 ὑπερυιῖμώσει
3123 5663 3155 5731 ἦ
3208 5661 3393 5728 ὀνήσει
3442 5671 3536 5720 τις
3578 5652 3748 5706 Οὐδὲν
3781 5649 3895 5718 γὰρ
3922 5649 4027 5700 τῶν

759 5776 924 5831 \‘erbi
946 5786 1000 5830 et
1022 5773 1280 5840 FiliiDei,
1308 5773 1487 5842 ipsum
1517 5771 1800 5824 meliorem
1821 5812 1834 5826 .
1867 5769 2333 5824 autexcelsiorem

2444 5737 2753 5834 ὁμωνύμων
2772 5737 3072 5814 ἀπολαύσει
3098 5752 3246 5814 τινὸς
3264 5749 3372 5803 τῶν
3399 5747 3494 5800 τοῦ
3515 5743 3834 5814 ὁμωνύμοψ
3869 5741 3919 5792 εί
3957 5737 4029 5807 μὴ

761 5869 948 5938 aliquo
984 5830 1149 5922 modo
1183 5830 1350 5920 faciet
1376 5873 1470 5919 aut
1495 5861 1704 5933 aliquid
1731 5862 1830 5932 ipsi
1864 5861 2149 5932 proderit?
2187 5859 2335 5914 Nihil

2448 5830 2554 5928 ἄρα
2608 5830 2740 5906 αὐτὸ
2777 5851 2840 5922 δὴ
2895 5848 3054 5904 τοῦτό
3092 5862 3259 5914 φασι,
3309 5839 3368 5893 τὸ
3413 5841 3482 5906 τῇ
3530 5831 3892 5906 ψευδωνυμίᾳ
3933 5830 4031 5896 τὴν
