4194 6446
197 410 333 481 1637

1095 416 1490 476 ADVERSUS
1529 416 2076 479 NESTORHXOS.
2099 443 2162 452 -
2197 419 2343 478 LIB.
2385 419 2500 478 ῐῐῐ.

3319 419 3457 485 1638

190 524 350 578 θείαν
373 524 531 590 δόξαν
559 523 946 597 συναρπάζειν,
972 526 1066 578 καὶ
1087 527 1458 597 ἀποφέρεσθαι
1490 528 1627 597 πρὸς
1650 526 1774 589 τοὺς

1877 528 2026 580 enim
2068 525 2449 596 homonyma“
2482 541 2529 578 .n
2581 526 2801 581 fruetur
2855 525 3043 595 aliquo
3086 540 3153 579 ex
3199 526 3286 581 bis
3329 543 3452 599 quae

190 615 525 683 ἀγνοοῦντας
555 616 656 687 τὴν
682 615 779 669 τοῦ
815 616 977 686 φύσει
1006 616 1144 671 Θεοῦ
1177 619 1313 688 πρὸς
1345 619 1470 682 τοὺς
1501 617 1772 688 ψευδωνύ-

191 725 332 777 μους
364 707 658 778 διάκρισιν·
709 709 758 761 εί
812 708 867 763 δὲ
915 708 1053 779 αὕτη
1101 710 1249 762 ἐστὶν
1305 711 1340 780 ἡ
1402 709 1614 779 μεγάλη
1647 708 1773 772 δόξα.

189 801 459 870 Χριστοῦ,
487 799 696 871 ταύτης
731 801 910 871 πολλῷ
944 802 1212 872 πρότερον
1244 799 1482 872 Χριστοῦ
1525 799 1773 864 διάϐολός

186 907 252 943 τι
302 893 399 943 καὶ
444 889 698 961 δαίμονες
732 891 1195 962 ἐπιθυμήσαντες,
1226 892 1581 961 ἀπήλαυσαν*
1637 892 1774 945 ἀλλὰ

192 980 287 1034 καὶ
318 979 434 1045 ζῶα
465 984 560 1036 καὶ
590 983 795 1052 ἑρπετά
822 982 1101 1054 ἠξίωνται,
1127 984 1203 1046 ὠς
1228 982 1466 1054 είρηται,
1490 984 1650 1052 τῆσδε
1673 1000 1686 1012 ·
1708 971 1771 1037 ἔκ

189 1071 411 1123 πάντων
432 1070 525 1124 οὖν
553 1072 820 1126 δέδεικται
852 1073 1066 1143 τρανῶς
1113 1072 1189 1135 ὼς
1224 1071 1258 1140 ἢ
1296 1072 1416 1125 οὐδὲ
1452 1073 1622 1143 τιμῆς
1649 1073 1769 1126 οὐδὲ

187 1160 349 1230 δόξης
388 1162 508 1215 οὐδὲ
541 1162 703 1215 ἄλλου
729 1164 873 1226 τινος
902 1164 1010 1215 τῶν
1038 1162 1257 1234 ὑψηλῶν
1285 1165 1381 1216 καὶ
1416 1162 1576 1217 θείων
1599 1164 1769 1232 ἠξίω-

186 1270 280 1305 ται
311 1253 481 1315 ὅντως
533 1256 625 1309 καὶ
656 1257 944 1325 πράγματι
987 1256 1250 1326 Χριστὸς’
1280 1256 1314 1326 ἢ
1361 1257 1519 1328 εἴπερ
1548 1258 1763 1322 ἀληθῶς

187 1344 245 1392 ἐν
293 1342 508 1411 μεθέξει
541 1345 647 1396 τῶν
674 1345 834 1398 θείων
863 1346 978 1398 ἐστὶ
1002 1346 1400 1416 προσηγοριῶν,
1428 1348 1507 1417 τῷ
1530 1348 1760 1418 πρώτως

185 1432 249 1483 αὖ
262 1436 352 1483 τὸν
383 1433 474 1484 τὸν
502 1433 717 1502 ἀληθῶς
754 1435 846 1487 καὶ
878 1437 1035 1503 φύσει
1070 1436 1197 1489 τάδε
1221 1437 1592 1506 οἰκειούμενον
1626 1438 1767 1508 ἔχειν

185 1526 246 1576 ὲν
297 1525 478 1591 ἑαυτῷ
508 1524 642 1578 θεοῦ
674 1526 865 1593 Λόγον·
896 1527 986 1580 διὰ
1021 1526 1174 1580 τοῦδε
1212 1526 1321 1597 γὰρ
1352 1530 1446 1581 καὶ
1486 1529 1666 1582 πάντα
1699 1529 1767 1584 τὰ

184 1614 324 1666 Θεοῦ
374 1615 516 1667 ἰδικᾶ
561 1617 721 1685 μόνον
773 1618 869 1671 καὶ
920 1617 1070 1687 αὐτῷ
1113 1619 1457 1687 συνεπόμενα
1512 1621 1767 1690 ἐξαίρετα

187 1706 433 1770 πλουτεῖ,
465 1710 555 1761 καὶ
584 1712 640 1762 ἐν
661 1709 839 1780 ἑαυτῷ
869 1712 1238 1766 ἐπιδείκνυται
1270 1712 1439 1777 ὅντως
1457 1715 1486 1766 ὁ
1510 1715 1762 1783 Χριστός.

1871 628 2001 673 sunt
2031 619 2347 689 homonymi
2384 636 2396 671 :
2432 620 2533 672 nisi
2565 628 2716 675 certe
2748 620 2881 673 illud
2914 621 3094 688 ipsum
3117 636 3239 674 esse
3266 621 3456 677 dicant

1871 710 2115 764 divinam
2158 710 2387 780 gloriam
2448 710 2580 764 falsa
2630 710 3003 766 nominatione
3047 713 3352 782 corripere,
3394 721 3453 767 et

1870 801 2098 872 gloriari
2147 817 2333 855 coram
2402 802 2509 856 iilis
2572 804 2668 872 qui
2726 802 2982 872 ignorant
3026 803 3451 858 distinctionem

1870 894 2038 962 hujus
2071 892 2218 963 quod
2261 902 2344 948 est
2376 903 2571 947 natura
2601 902 2657 947 et
2703 893 2872 964 hujus
2907 892 3054 962 quod
3102 901 3187 947 est
3232 896 3452 948 nomine

1879 979 2076 1034 ﬁctitio
2102 981 2265 1034 Deus.
2294 981 2350 1035 Si
2375 997 2507 1036 vero
2536 987 2652 1051 ipsa
2679 994 2763 1039 est
2793 998 2987 1051 magna
3017 982 3189 1052 gloria
3220 983 3450 1048 Christi,

1876 1073 2027 1127 illam
2073 1074 2245 1128 multo
2275 1084 2402 1128 ante
2444 1073 2730 1128 Christum
2774 1076 3029 1129 diabolus
3074 1084 3129 1129 et
3175 1077 3455 1129 d.emones

1874 1164 2257 1220 desiderantes
2316 1173 2688 1235 perceperunt
2742 1184 2756 1219 :
2814 1168 2912 1220 sed
2980 1178 3037 1221 et
3085 1166 3346 1220 animalia
3398 1172 3454 1219 et

1872 1258 2094 1326 reptiiia
2133 1259 2279 1312 illius
2319 1258 2483 1327 digna
2533 1257 2723 1312 habita
2773 1267 2941 1322 sunt,
2980 1266 3040 1311 ut
3080 1258 3291 1312 dictum
3321 1265 3450 1311 est:

1869 1363 1936 1402 ex
1965 1348 2230 1402 omnibus
2258 1348 2426 1417 igitur
2455 1357 2825 1403 monstratum
2856 1357 2943 1403 est
2965 1348 3114 1402 clare
3149 1358 3245 1401 aut
3273 1362 3455 1416 neque

1876 1439 2128 1504 honoris,
2178 1456 2361 1511 neque
2432 1441 2645 1511 glorias,
2691 1456 2871 1511 neque
2928 1441 3166 1510 alicujus
3221 1438 3456 1492 alterius

1875 1531 2075 1586 herum
2117 1548 2239 1602 quae
2280 1544 2412 1589 sunt
2435 1534 2656 1589 excelsa
2701 1544 2758 1588 et
2806 1532 2994 1587 divina
3025 1533 3253 1603 dignum
3291 1528 3455 1583 habi-

1874 1632 1990 1679 tum
2025 1625 2196 1680 fuisse
2231 1641 2360 1680 vere
2392 1635 2450 1681 et
2479 1627 2707 1680 realiter
2751 1625 3037 1680 Christum
3064 1664 3083 1688 ,
3118 1632 3216 1678 aut
3239 1624 3287 1679 si
3318 1635 3449 1676 vere

1870 1727 1956 1774 est
1983 1719 2036 1773 in
2071 1718 2495 1789 participatione
2536 1717 2848 1771 divinarum
2875 1715 3332 1784 appellationum,
3378 1710 3454 1765 il-

179 1795 278 1853 lud
312 1812 566 1858 constare
593 1819 661 1856 ex
698 1819 765 1858 eo
793 1805 939 1872 quod
971 1806 1207 1874 primum
1234 1806 1434 1859 habeat
1490 1809 1547 1861 in
1578 1808 1876 1879 semetipso
1906 1812 2151 1866 Verbum
2196 1812 2316 1875 Dei,
2354 1811 2474 1865 haec
2535 1826 2669 1865 vere
2702 1822 2899 1865 natura
2956 1811 3064 1865 sibi
3110 1809 3403 1863 vindicans
3436 1822 3453 1860 :

180 1892 309 1947 ideo
336 1896 486 1949 enim
550 1907 606 1950 et
673 1898 933 1953 omnibus
972 1899 1067 1953 Dei
1118 1901 1456 1970 specialibus
1500 1912 1716 1959 tantum
1767 1913 1823 1961 et
1884 1906 1989 1975 ipsi
2040 1906 2456 1975 pertinentibus
2508 1906 2744 1971 ditatur,
2780 1915 2845 1962 et
2891 1906 3010 1962 haec
3055 1907 3111 1960 in
3157 1903 3457 1972 semetipso

179 1988 408 2041 exhibet
434 2003 565 2041 vere
587 1988 864 2044 Christus.

257 2081 383 2132 Ἐτι
416 2081 523 2150 μὴν
548 2082 796 2146 λέγοντες
826 2076 969 2137 οῦτοι
996 2084 1151 2150 ἀξίας
1179 2086 1342 2140 αὑτὸν
1372 2088 1756 2157 μετειληφέναι

1930 2090 2147 2144 Rursus
2198 2103 2371 2158 porro
2433 2088 2684 2143 dicentes
2733 2088 2856 2169 isti.
2889 2087 3209 2158 dignitatem
3272 2090 3454 2157 ipsum

180 2171 405 2225 οἱασοῦν
436 2174 721 2243 μεγίστης,
746 2174 1229 2249 ἀποκρινέσθωσαν
1255 2179 1407 2247 ἡμῖν·
1436 2180 1581 2249 Αὕτη
1604 2183 1762 2233 ὁποία

184 2266 338 2320 ἐστὶν
362 2269 394 2335 ἡ
429 2266 583 2329 ἀξίας
614 2269 817 2334 φυσική
848 2284 954 2330 τις,
985 2268 1073 2320 οἵα
1099 2270 1132 2338 ἠ
1164 2269 1259 2321 τοῦ
1299 2269 1592 2341 ἀνθρώπου
1630 2274 1764 2342 πρὸς

183 2358 255 2410 τά
282 2361 455 2426 κτήνη
472 2358 593 2409 κατ’
619 2359 806 2410 οὐσίαν
822 2359 1085 2430 ὑπεροχὴ.
1114 2362 1248 2414 καθὸ
1273 2362 1509 2433 εἴρηται,
1540 2385 1557 2414 ι
1581 2366 1765 2419 Πάντα

186 2445 469 2511 ὑπέταξας
504 2445 764 2500 ὑποκάτω
802 2447 910 2500 τῶν
950 2450 1127 2503 ποδῶν
1174 2451 1339 2505 αὐτοῦ
1387 2454 1636 2524 πρόϐατα
1672 2457 1766 2508 καὶ

184 2535 321 2607 βόας
359 2537 603 2604 citing;
645 2556 664 2589 ι
702 2539 1192 2611 ἢσυμδεδηκῶσα,
1221 2543 1311 2597 οἵα
1360 2547 1394 2614 η
1447 2545 1543 2598 τοῦ
1591 2547 1765 2599 Σαοὺλ

189 2632 329 2703 πρὸς
358 2632 485 2694 τοὺς
512 2632 819 2700 ὁμοφύλους
860 2634 1068 2704 (idmst;
1090 2654 1103 2697 ;
1129 2638 1189 2691 Ei
1218 2640 1314 2706 μὲν
1350 2641 1457 2708 γὰρ
1490 2641 1767 2712 0051.656);-

188 2724 370 2789 κῶσα,
402 2724 630 2779 αὐτόθεν
663 2728 783 2780 οὐδὲ
822 2726 944 2780 θεία
976 2730 1098 2782 οὐδὲ
1138 2729 1418 2799 ἀξιόλογος
1449 2747 1463 2762 °
1494 2733 1623 2786 εἰδὲ
1664 2752 1765 2801 φυ-

192 2818 349 2886 σικὴ.
379 2817 538 2885 δῆλον
571 2817 647 2880 ὡς
677 2818 776 2871 οὐκ
806 2818 921 2871 ἔστι
952 2820 1120 2889 αὐτῆς
1151 2822 1399 2891 μετέχειν
1428 2823 1645 2892 ἀληθῶς
1670 2828 1766 2879 καὶ

190 2907 252 2961 οὐ
281 2908 685 2979 ψευδωνύμως,
730 2911 822 2963 τὸν
865 2910 939 2981 μὴ
990 2913 1252 2983 πρότερον
1304 2915 1400 2983 τῆς
1444 2916 1564 2968 κατ’
1597 2917 1768 2988 αὐτὴν

191 2996 425 3067 φύσεως,
458 3000 688 3068 τυχόντα
731 3018 746 3031 ·
788 3003 948 3071 εἰπερ
984 2999 1076 3056 οῦν
1134 3004 1372 3072 φυσικῆς
1425 3005 1580 3070 ἀξίας
1630 3006 1764 3061 Θεοῦ

189 3091 428 3162 Χριστδς
463 3092 775 3161 μετείληφε,
815 3093 907 3145 καὶ
940 3093 999 3145 τὸ
1026 3095 1170 3159 Θεὸς
1203 3095 1418 3162 φύσεως
1460 3097 1631 3166 ὄνομα
1671 3116 1768 3151 κυο

196 3184 330 3253 ρίως
359 3184 500 3247 ἐστὶ,
527 3184 686 3252 δῆλον
707 3185 782 3247 ὡς
806 3185 903 3253 τὴν
927 3184 1090 3254 φύσιν
1122 3187 1291 3257 αὐτὴν
1322 3187 1422 3256 τὴν
1453 3187 1603 3241 θείαν
1633 3207 1767 3258 κτη⁴

195 3279 431 3347 σάμενος
459 3278 674 3348 πρῶτον
695 3318 710 3340 ,
753 3274 821 3351 ἧς
846 3279 950 3332 ἰδία
978 3280 1124 3332 ἐστὶν
1157 3281 1188 3351 ἡ
1223 3279 1349 3345 ἀξία
1379 3282 1473 3333 καὶ
1505 3283 1536 3348 ή
1568 3283 1767 3348 ὀνομα-

196 3369 310 3431 σία,
340 3368 437 3421 καὶ
464 3368 634 3422 ταῦτα
661 3369 1113 3439 συνεκληρὼσατο
1137 3387 1149 3399 ·
1185 3370 1383 3423 οὐκοῦν
1409 3370 1583 3441 ὀρθῶς
1614 3372 1768 3436 δοξαν

198 3461 368 3530 ζομεν
400 3460 649 3515 σύνθεσιν
694 3463 790 3529 τῆς
818 3462 966 3524 θείας
995 3463 1089 3515 καὶ
1128 3462 1475 3533 ἀνθρωπίνης
1517 3463 1731 3531 gazam;
1755 3480 1766 3492 ·

194 3550 229 3623 ἢ
262 3555 311 3604 εί
344 3554 419 3621 μὴ
452 3552 571 3605 τάδε
595 3552 769 3613 οὕτως
796 3552 931 3621 ἔχει.
963 3555 1122 3614 αὐτὸς
1158 3556 1391 3623 τραπεὶς
1436 3556 1516 3616 είς
1563 3555 1770 3606 τοιάνδε

197 3644 351 3698 θείαν
382 3646 542 3713 φύσιν
570 3647 599 3698 ὁ
624 3644 930 3714 ἄνθρωπος,
966 3645 1197 3713 ἠξίωται
1229 3646 1325 3714 τῆς
1358 3647 1593 3713 φυσικῆς
1620 3647 1771 3710 θείας

196 3736 294 3787 καὶ
326 3733 624 3802 ὀνομασίας
653 3751 667 3764 ·
698 3728 793 3786 καὶ
836 3733 988 3787 ἔσται
1042 3732 1237 3796 οὕτως,
1287 3732 1406 3786 οὐδὲ
1464 3733 1773 3800 σωζόμενος

197 3826 361 3889 αὐτὸς
397 3825 477 3878 ἔτι
498 3827 527 3878 ὁ
557 3824 811 3888 ἀξιωθεὶς
848 3824 945 3894 τῆς
982 3823 1139 3888 ἀξίας
1163 3862 1177 3885 ,
1209 3824 1327 3877 οὐδὲ
1361 3823 1537 3892 μένων
1565 3826 1592 3876 ὁ
1621 3823 1774 3887 δεξά-

203 3934 367 3986 μενος
396 3915 495 3986 τὴν
526 3914 710 3985 χάριν,
738 3915 857 3968 οὐδὲ
888 3915 983 3968 δύο
1009 3915 1201 3984 φύσεις
1229 3915 1364 3978 ὅλως
1391 3915 1771 3982 ὑποκείμεναι,

197 4008 320 4062 οὐδὲ
355 4007 663 4079 σωζόμενον
687 4008 868 4070 αὑτοῖς
902 4007 1035 4071 ὅλως
1065 4006 1125 4060 τὸ
1176 4006 1515 4076 ἀνθρώπινον
1550 4009 1609 4059 ἐν
1638 4009 1775 4077 Χρι-

202 4099 336 4174 στῷ,
391 4101 573 4154 καίτοι
605 4100 940 4166 τούναντίον,
980 4100 1041 4153 τὸ
1075 4098 1217 4153 θεῖον
1252 4097 1348 4152 ἀπ’
1369 4098 1532 4151 αὑτοῦ
1576 4100 1775 4168 μᾶλλον

201 4201 477 4274 περιελεῖν
502 4201 855 4272 μαχομένοις.

282 4467 487 4531 Ἡδέως
512 4466 556 4520 δ’
588 4466 655 4520 ἂν
689 4463 868 4518 αὐτῶν
893 4462 973 4517 ἔτι
994 4462 1087 4517 καὶ
1109 4460 1230 4515 τόδε
1254 4459 1551 4531 πυθοίμην,
1591 4460 1651 4513 Εἰ
1685 4459 1776 4513 τὸν

202 4558 382 4629 Λόγον
405 4556 643 4628 Χριστὸν
672 4552 1003 4626 ὀνομάζουσί
1031 4571 1146 4618 πως
1174 4570 1188 4618 ;
1215 4551 1248 4623 ἢ
1279 4554 1373 4605 καὶ
1403 4553 1491 4605 τὸν
1521 4551 1777 4622 Χριστὸν,

202 4652 253 4705 εἰ
275 4651 414 4721 πρὸς
439 4647 519 4719 τῷ
546 4647 660 4717 Υἱῷ
681 4646 775 4700 καὶ
793 4644 931 4716 Θεῷ.
958 4645 1092 4714 φασὶ
1135 4644 1228 4696 καὶ
1255 4643 1448 4709 Λόγον,
1489 4641 1521 4713 ἢ
1547 4644 1697 4711 οὐχίς
1732 4642 1780 4693 εἰ

204 4743 309 4812 μὶν
326 4736 421 4795 οὖν
447 4740 568 4810 οὐχὶ
591 4780 607 4804 ,
641 4738 751 4793 ίδοὺ
779 4737 957 4790 πάντα
986 4738 1058 4789 τὰ
1087 4734 1311 4789 δοθέντα
1344 4734 1434 4786 ὑπ’
1480 4733 1660 4786 αὐτῶν
1694 4733 1773 4796 εἰς
1807 4773 1851 4827 D

200 4830 372 4903 τιμὴν
401 4828 639 4900 Χριστοῦ
670 4827 999 4899 ἀνέτρεψαν,
1025 4827 1118 4879 καὶ
1141 4825 1264 4880 οὐδὲ
1288 4823 1387 4894 τὴν
1409 4826 1550 4877 κατὰ
1576 4825 1637 4874 τὸ
1660 4823 1778 4875 ὅνο-

206 4938 285 4992 μα
316 4917 483 4989 ψιλὴν
510 4917 798 4972 κοινωνίαν
821 4916 1150 4985 παρέχουσιν
1182 4914 1251 4985 ἢν
1307 4911 1729 4983 προσποιοῦνται
1760 4928 1775 4943 ·

201 5013 253 5065 εί
280 5011 394 5082 γὰρ
421 5010 497 5081 μὴ
532 5009 713 5078 λόγος,
738 5007 860 5062 οὐδὲ
898 5005 1033 5060 Θεοῦ
1077 5005 1205 5069 Υἱὸς
1240 5004 1470 5075 φυσικὸς
1493 5043 1507 5064 ,
1540 5003 1660 5055 οὐδὲ
1704 5002 1781 5073 τῷ

202 5101 466 5173 ὀνόματι·
496 5102 545 5155 εί
567 5100 623 5154 δὲ
653 5100 826 5154 ταῦτα
868 5098 1287 5165 διαὸλεψάμενοι
1322 5096 1645 5163 ὀνομάζουσι
1688 5096 1784 5148 καὶ

205 5191 379 5263 Ᾱὸγον
404 5191 495 5245 τὸν
519 5190 778 5263 Χριστὸν,
800 5192 895 5244 καὶ
920 5190 1013 5243 τὸν
1040 5191 1212 5258 Λόγον
1233 5188 1486 5258 Χριστὸν,
1514 5190 1594 5249 είς
1613 5203 1782 5257 προσ-

204 5286 361 5339 ώπου
407 5283 732 5349 ἀντένδειξιν
760 5282 869 5353 ἄρα
893 5285 987 5338 καὶ
1033 5281 1468 5353 ἀντωνομασίαν,
1504 5280 1601 5349 τῆς
1654 5280 1786 5351 κλή-

208 5391 351 5439 σεως
375 5373 477 5445 τῆς
512 5374 714 5446 σαρκὸς
742 5375 849 5429 καῖ
883 5375 975 5427 τὸν
1023 5374 1195 5441 Λόγον
1239 5373 1403 5426 αὐτὸν
1458 5371 1785 5442 μεταλαϐεῖν

209 5483 378 5537 φασιν
399 5480 414 5495 ’
450 5468 510 5519 ὲν
530 5468 640 5537 ὅσῳ
666 5462 762 5521 οὖν
800 5467 864 5519 τὸ
908 5467 1038 5520 αὺτὸ
1071 5465 1203 5519 ίδιον
1235 5466 1527 5531 πρόσωπον
1566 5463 1786 5533 ἐπέχειν

206 5573 310 5630 την
344 5560 525 5629 σάρκα
550 5557 802 5629 βούλεται
832 5560 927 5612 καὶ
954 5557 1113 5612 τοῦτο
1144 5558 1471 5627 ἐμφανίσαι,
1497 5557 1787 5627 εὑρεθήσε-

207 5669 297 5709 ται
330 5652 492 5717 αὐτὸς
520 5654 581 5707 τὸ
606 5654 824 5725 ἐκείνης
868 5654 1080 5725 ἐπέχων
1103 5667 1119 5684 ⁸
1156 5652 1313 5708 τοῦτο
1358 5652 1413 5706 δὲ
1462 5649 1786 5705 ἀντικαταλο

295 5827 340 5858 ἰ’
370 5823 514 5882 Psal.
544 5844 660 5896 vni,
690 5827 738 5883 8.

1863 2194 2028 2249 quam
2060 2179 2350 2232 maximam
2395 2179 2760 2248 participasse
2790 2218 2805 2240 ,
2847 2178 3216 2247 respondeant
3240 2177 3398 2232 nobis
3433 2194 3450 2231 :

1862 2271 2052 2338 Qualis
2107 2280 2191 2325 est
2254 2271 2495 2339 dignitas
2564 2270 2706 2325 ista?
2772 2268 2913 2324 Num
2968 2285 3073 2338 qua
3141 2269 3450 2332 naturalis,

1864 2362 2044 2433 qualis
2094 2372 2182 2418 est
2247 2364 2490 2418 hominis
2545 2379 2713 2433 super
2770 2363 3027 2418 animalia
3066 2360 3450 2417 substantialis

1867 2459 2199 2524 prasstantia,
2239 2465 2401 2526 prout
2444 2456 2653 2511 dictum
2683 2465 2768 2510 est
2808 2473 2823 2508 :
2862 2475 2880 2505 ι
2917 2454 3110 2509 Omnia
3161 2453 3446 2523 subjecisti

1866 2546 1971 2600 sub
2032 2547 2265 2616 pedibus
2296 2548 2451 2616 ejus,
2492 2562 2623 2601 oves
2654 2558 2710 2601 et
2760 2546 2932 2600 boves
2979 2545 3267 2599 universas
3287 2544 3385 2599 “1
3425 2562 3448 2597 ι
3486 2556 3489 2559 ·

1867 2639 1948 2693 An
1982 2638 2257 2701 accidens,
2290 2639 2469 2707 qualis
2515 2653 2681 2708 supra
2722 2637 3066 2693 contribules
3110 2629 3292 2692 Saulis
3335 2635 3449 2689 cel-

1867 2730 2103 2785 situdo?
2144 2728 2200 2784 Si
2242 2731 2467 2800 quidem
2515 2731 2666 2785 enim
2715 2729 3003 2795 accidens,
3060 2744 3129 2784 eo
3173 2729 3292 2798 ipso
3347 2742 3452 2782 nec

1867 2822 2089 2889 divina,
2130 2838 2235 2877 nec
2273 2822 2656 2887 memoranda;
2698 2822 2744 2877 si
2792 2836 2927 2876 vero
2968 2819 3282 2880 naturalis.
3331 2834 3452 2873 Ina-

1866 2914 2126 2970 nifestum
2173 2924 2263 2970 est
2316 2930 2428 2969 non
2458 2930 2589 2970 vere
2633 2914 2861 2983 sineque
2910 2912 3131 2968 ﬁctione
3174 2927 3295 2966 eam
3325 2925 3451 2979 par-

1870 3005 2125 3073 ticipasse
2193 3004 2348 3059 illum
2412 3004 2506 3073 qui
2568 3005 2721 3074 prior
2780 3012 2976 3058 natura
3038 3018 3106 3058 ex
3164 3003 3256 3056 illa
3311 3016 3450 3056 con-

1868 3105 2046 3150 stante
2094 3111 2205 3151 non
2260 3104 2397 3150 erat.
2451 3095 2509 3151 Si
2570 3110 2703 3165 ergo
2752 3097 3060 3150 naturalem
3128 3093 3454 3163 dignitatem

1868 3187 1965 3241 Dei
2022 3186 2275 3242 Christus
2332 3187 2719 3256 partieipavit,
2782 3195 2841 3241 et
2897 3201 3096 3239 nomen
3148 3186 3292 3239 Deus
3351 3199 3454 3237 na—

1870 3284 1993 3332 tura
2036 3279 2318 3348 proprium
2362 3287 2467 3340 est,
2513 3286 2663 3346 patet
2700 3276 2875 3338 illum,
2914 3277 3029 3345 ipsa
3072 3276 3227 3345 prius
3266 3275 3454 3329 divina

1870 3369 2110 3438 positum
2132 3376 2352 3431 natura,
2371 3367 2529 3437 cujus
2556 3366 2773 3436 propria
2796 3374 2880 3420 est
2895 3363 3135 3435 dignitas
3155 3373 3212 3418 et
3230 3378 3453 3427 nomen,

1873 3470 1930 3515 ct
1964 3460 2081 3514 haec
2109 3460 2272 3513 simul
2301 3460 2557 3514 sortitum
2601 3473 2743 3513 esse.
2787 3459 2954 3513 Recte
2997 3458 3164 3528 igitur
3192 3456 3459 3526 praedica-

1873 3567 1997 3606 mus
2039 3551 2238 3606 divinae
2282 3567 2407 3605 cum
2450 3551 2688 3605 humana
2735 3550 3176 3618 coniunctionem
3224 3556 3451 3601 naturas.

1872 3644 1982 3698 Aut
2026 3644 2071 3697 si
2107 3658 2196 3697 res
2238 3644 2310 3697 ita
2352 3658 2411 3697 se
2458 3657 2569 3696 non
2600 3641 2787 3701 habet,
2833 3641 2998 3693 homo
3027 3639 3141 3708 ipse
3176 3639 3229 3692 in
3264 3638 3456 3708 hujus-

1876 3732 2025 3786 modi
2058 3732 2300 3786 divinam
2345 3739 2597 3786 naturam
2632 3746 2954 3791 conversus,
3001 3729 3199 3783 divina:
3244 3737 3460 3781 naturae

1876 3820 2197 3891 dignitatem
2241 3834 2367 3874 cum
2402 3819 2624 3873 nomine
2656 3817 2917 3871 obtinuit.
2969 3816 3036 3871 Et
3063 3816 3191 3871 inde
3232 3816 3338 3868 erit
3363 3823 3462 3869 aut

1874 3928 2056 3981 neque
2086 3921 2339 3966 servetur
2370 3911 2552 3964 adhuc
2586 3910 2702 3979 ipse
2743 3909 2836 3978 qui
2874 3906 3196 3977 dignitatem
3231 3920 3451 3974 prome—

1878 4004 2011 4065 ruit,
2048 4017 2152 4056 nec
2191 4011 2511 4072 permaneat
2542 4000 2636 4070 qui
2684 3999 2891 4069 recepit
2932 4000 3187 4068 gratiam,
3220 4014 3320 4052 nec
3346 3997 3458 4052 sint

1878 4094 2107 4147 omnino
2144 4093 2268 4147 dure
2316 4101 2527 4146 natura:
2582 4090 2862 4161 subjectae,
2904 4105 3007 4143 nec
3050 4090 3185 4159 ipsis
3228 4105 3461 4159 prorsus

1880 4192 2133 4239 servetur
2180 4182 2329 4252 quod
2382 4191 2469 4236 est
2517 4183 2817 4236 humanum
2862 4182 2917 4235 in
2972 4178 3216 4241 Christo.
3252 4180 3382 4235 licet
3425 4195 3459 4235 e

1880 4284 2069 4331 contra
2116 4274 2263 4345 quod
2317 4283 2403 4330 est
2452 4274 2704 4328 divinum
2754 4274 2825 4327 ab
2865 4273 2986 4343 ipso
3027 4272 3211 4343 potius
3239 4272 3458 4326 auferre

1880 4366 2238 4422 contendant.

1948 4454 2211 4508 Libenter
2248 4453 2427 4507 adhuc
2468 4453 2537 4507 ab
2582 4452 2666 4507 eis
2690 4452 2883 4507 ethoc
2913 4450 3364 4505 sciscitaremur:
3401 4449 3459 4505 Si

1880 4545 2121 4598 Verbum
2170 4544 2449 4613 appellant
2501 4542 2821 4607 Christum,
2878 4541 3194 4611 quomodo?
3252 4540 3347 4595 Vel
3405 4547 3463 4595 et

1880 4634 2183 4699 Christum,
2231 4645 2429 4704 praeter
2459 4633 2655 4687 Filium
2690 4644 2746 4687 et
2789 4633 2982 4697 Deum,
3017 4632 3209 4686 dicunt
3240 4642 3296 4685 et
3326 4630 3461 4684 Ver-

1882 4728 2035 4787 bum,
2073 4726 2157 4779 vel
2210 4741 2341 4779 non.
2400 4724 2455 4779 Si
2486 4724 2711 4794 quidem
2763 4739 2912 4789 non;
2960 4739 3092 4779 ecce
3148 4732 3347 4777 cuncta
3394 4720 3464 4775 ab

1880 4820 2013 4889 ipsis
2045 4833 2303 4872 concessa
2352 4815 2407 4871 in
2439 4817 2704 4871 honorem
2729 4816 2939 4871 Christi
2986 4824 3329 4878 everterunt,
3360 4828 3464 4868 nec

1879 4912 2052 4981 ipsam
2084 4910 2225 4965 hanc
2264 4910 2567 4979 simplicem
2603 4908 2906 4963 secundum
2941 4922 3141 4961 nomen
3174 4906 3467 4975 proferunt

1882 5002 2347 5065 communionem,
2381 5017 2545 5071 quam
2577 5000 2807 5071 lingunt.
2864 4999 2981 5053 Nisi
3016 4998 3165 5052 enim
3199 4997 3463 5061 Verbum,

1883 5111 1986 5151 nec
2034 5094 2127 5149 Dei
2160 5092 2333 5147 Filius
2359 5093 2647 5154 naturalis,
2702 5106 2804 5145 nec
2847 5090 3164 5144 nominalis.
3220 5088 3277 5142 Si
3311 5102 3462 5146 vero.

1887 5188 2010 5242 istis
2049 5184 2396 5257 perspectis,
2442 5184 2718 5254 appellent
2779 5181 3062 5238 Christum
3116 5180 3354 5262 Verbum
3410 5185 3470 5232 et

1890 5281 2129 5336 Verbum
2158 5279 2458 5343 Christum,
2497 5285 2630 5331 tunc
2654 5277 2721 5331 ad
2754 5290 3001 5346 persona!
3030 5274 3373 5342 negationem
3402 5286 3468 5325 ac

1892 5371 2409 5434 contradictionem,
2458 5385 2658 5423 nomen
2688 5369 2871 5424 carnis
2914 5376 2971 5423 et
3016 5370 3193 5437 ipsum
3224 5364 3466 5420 Verbum

1890 5468 2168 5536 accepisse
2198 5466 2408 5521 dicunt.
2461 5464 2520 5519 lu
2564 5479 2895 5534 quocunque
2940 5476 3071 5517 sane
3100 5463 3215 5529 ipsa
3245 5458 3470 5528 propria

1889 5575 2124 5628 persona
2154 5574 2374 5612 carnem
2397 5572 2676 5612 assumere
2706 5556 2839 5610 velit
2875 5553 3039 5624 idque
3085 5550 3281 5615 videri,
3326 5551 3467 5619 ipse,

1891 5650 2041 5721 quod
2067 5658 2152 5705 est
2194 5651 2401 5715 carnis,
2447 5648 2657 5705 habere
2701 5647 3028 5719 reperietur.
3084 5642 3190 5699 Sed
3219 5641 3336 5696 hate
3362 5638 3472 5695 erit
