4194 6446
703 435 843 502 1639

1975 438 2287 498 LEONTIl
2326 436 2637 498 ΒΥΖΛΝΤΙ
2650 438 2731 498 NI

3833 443 3973 506 16ἱο

705 552 959 626 quaedam
1004 547 1375 619 reciprocatio
1425 562 1790 618 personarum
1849 561 1904 605 et
1959 549 2281 611 nominum.

2389 549 2528 617 λαγή
2569 565 2651 609 τις
2692 547 2845 600 ἔσται
2875 545 3186 614 προσώπων
3209 547 3302 600 καί⁵
3329 545 3629 616 ὀνομάτων,
3666 545 3756 599 διὰ
3807 551 3971 601 ποίαν

691 649 847 718 juxta
895 652 1102 700 certam
1162 640 1635 709 dispensationem
1686 658 1700 694 :
1752 642 1955 697 etenim
2005 643 2049 697 si
2103 643 2281 696 solum

696 745 846 790 certe
877 731 1137 789 convenit
1182 731 1377 801 majori
1423 732 1647 786 nomine
1689 732 1958 787 minorem
1990 747 2281 802 personam

695 828 958 890 exaltare,
985 824 1121 894 quid
1157 839 1298 893 opus
1340 830 1427 878 est
1463 825 1726 893 majorem
1755 839 2047 892 personam
2079 823 2281 876 minori

696 918 920 972 nomine
954 917 1298 986 deprimere?
1331 915 1489 969 Nulla
1524 923 1617 968 est
1646 915 1796 968 enim
1831 915 2038 969 utilitas
2068 913 2280 985 gloriﬁ-

696 1021 822 1067 cato
871 1027 938 1066 ex
997 1009 1339 1080 ignobilitate
1385 1006 1749 1077 gloriﬁcantis
1804 1022 1952 1061 eum.
2011 1007 2123 1062 Sed
2179 1021 2281 1062 nec

698 1106 877 1173 ipsum
919 1102 1179 1166 Verbum,
1240 1115 1340 1155 suo
1373 1100 1599 1169 proprio
1642 1100 1866 1154 nomine
1901 1115 2121 1154 carnem
2165 1101 2282 1169 glo-

697 1196 940 1258 riiicans,
982 1209 1049 1248 ex
1104 1193 1224 1264 ejus
1279 1193 1501 1247 nomine
1541 1192 1772 1263 gloriam
1818 1207 2093 1262 quercus,
2146 1191 2277 1245 iliud

695 1286 931 1354 accepit.
1004 1285 1267 1350 Quaenam
1324 1284 1492 1353 igitur
1536 1296 1622 1339 est
1667 1301 1832 1340 causa
1882 1294 2066 1355 partes
2106 1284 2279 1336 advo-

693 1375 876 1438 candi,
925 1375 1132 1436 dicant,
1179 1375 1286 1428 nisi
1341 1382 1516 1426 totum
1556 1374 1850 1444 colligendi
1903 1373 2086 1428 ratio?
2142 1371 2278 1425 Dum

694 1481 827 1518 vero
868 1463 1068 1518 frustra
1095 1463 1306 1527 dicunt,
1357 1463 1540 1516 omnia
1569 1479 1702 1517 sane
1749 1478 2095 1533 quaecunque
2134 1463 2281 1516 Deus

697 1555 936 1609 Verbum
969 1562 1075 1618 est,
1134 1554 1250 1608 haec
1285 1563 1342 1608 et
1391 1570 1514 1609 esse
1563 1555 1844 1608 hominem
1891 1554 1995 1624 ipsi
2037 1555 2273 1610 unitum.

695 1644 831 1697 nihil
878 1644 1045 1698 Verbi
1103 1645 1412 1699 tribuentes
1461 1645 1684 1700 Christo
1722 1646 1796 1700 ab
1840 1646 1936 1700 illo
1985 1656 2275 1715 separato,

691 1733 972 1800 quomodo
1013 1732 1222 1802 pudore
1274 1750 1383 1788 non
1447 1733 1799 1788 afﬁcientur?
1827 1733 1963 1789 Nam
2030 1735 2099 1800 si,
2139 1749 2279 1804 prte-

693 1837 777 1880 ter
830 1826 1003 1896 ipsius
1055 1827 1421 1882 substantiam
1465 1828 1672 1896 aliquid
1719 1836 1804 1882 est
1852 1828 1998 1882 Dens
2031 1826 2273 1880 Verbum

693 1921 842 1989 quod
893 1919 1116 1973 Christo
1165 1921 1580 1986 communicat,
1635 1935 1705 1974 eo
1758 1921 1880 1990 ipso
1925 1919 2134 1988 aliquid
2192 1927 2277 1973 est

692 2011 951 2066 accidens
982 2021 1190 2066 tantum
1221 2029 1234 2065 :
1269 2011 1417 2081 quod
1471 2027 1580 2066 non
1615 2028 1684 2067 ex
1733 2028 1822 2067 me
1874 2013 2035 2078 dico;
2084 2011 2180 2066 sed
2231 2011 2277 2066 si

690 2102 825 2173 quid
875 2104 930 2158 in
966 2103 1086 2173 ipso
1134 2118 1364 2172 prorsus
1411 2104 1672 2159 accidens
1724 2113 1972 2175 putatur,
2018 2114 2278 2160 ueterum

691 2213 803 2251 non
838 2197 945 2251 erit
973 2197 1138 2251 Deus.
1181 2195 1236 2251 Si
1270 2207 1454 2251 autem
1489 2207 1690 2267 prazter
1733 2199 2100 2254 substantiam
2143 2199 2279 2254 Ver-

693 2289 822 2341 bum
854 2299 938 2341 est
969 2295 1179 2341 tantum
1230 2287 1541 2358 hypostasis
1579 2289 1694 2353 Dei,
1725 2289 1831 2343 hoc
1861 2289 2024 2344 etiam
2068 2290 2274 2344 dicant.

693 2383 773 2437 Eo
822 2382 969 2451 quod
1028 2396 1177 2434 nunc
1229 2381 1396 2435 homo
1452 2379 1712 2436 Christus
1763 2391 1851 2436 est
1889 2396 2017 2436 cum
2072 2381 2274 2447 Verbo,

693 2473 968 2544 quomodo
991 2489 1100 2527 non
1145 2473 1436 2528 evidenter
1485 2474 1798 2528 secundum
1840 2473 2162 2544 hypostasin
2195 2474 2274 2528 illi

695 2568 884 2621 uuitus
908 2567 1034 2621 est?
1080 2565 1175 2622 Vel
1223 2565 1369 2619 enim
1407 2566 1552 2636 apud
1585 2567 1824 2622 Verbum
1855 2568 2016 2620 aliam
2041 2567 2276 2622 similem

697 2658 938 2713 hominis
988 2674 1110 2714 esse
1165 2657 1360 2713 dicunt
1415 2658 1758 2728 hypostasin,
1811 2657 1942 2712 huic
1981 2657 2186 2724 datam,
2221 2668 2278 2714 et

691 2759 860 2808 erunt
902 2751 1014 2805 duo
1046 2750 1245 2814 Verba,
1284 2758 1342 2803 et
1383 2749 1488 2802 ista
1525 2748 1638 2803 duo
1673 2749 1772 2814 dii,
1824 2758 1880 2802 et
1913 2748 2025 2803 duo
2065 2748 2186 2813 ﬁlii,
2221 2759 2278 2805 et

693 2843 1050 2914 quaternaria
1090 2851 1277 2896 sancta
1324 2839 1612 2904 Trinitas;
1659 2841 1746 2895 vel
1771 2841 1816 2895 si
1864 2841 1981 2896 haec
2018 2857 2128 2895 una
2169 2841 2275 2894 bu-

695 2952 870 2990 mana:
907 2945 1118 2988 natura:
1161 2933 1587 2996 communicata,
1616 2931 1670 2985 id
1701 2942 1806 2996 est,
1837 2947 1960 2986 eam
1988 2947 2278 2989 assumens

693 3029 751 3082 in
784 3027 1098 3095 semetipsa,
1133 3024 1446 3080 communis
1469 3031 1555 3078 est
1582 3022 1748 3080 Verbi
1779 3033 1836 3079 et
1859 3026 2041 3079 carnis
2065 3025 2275 3081 Christi

693 3119 1026 3191 hypostasis,
1078 3127 1226 3172 recte
1257 3131 1359 3170 nos
1397 3130 1730 3171 veneramur
1760 3116 1815 3170 in
1861 3115 2084 3172 Christo
2108 3116 2275 3173 Verbi

693 3223 750 3268 et
777 3214 962 3266 carnis
1003 3209 1309 3264 secundum
1339 3207 1661 3279 hypostasin
1698 3208 1983 3263 unionem.
2014 3209 2122 3264 Sed
2155 3210 2278 3279 qui—
2306 3239 2348 3294 ε

694 3306 818 3360 dem
849 3321 935 3358 res
972 3305 1046 3357 ita
1073 3313 1175 3358 est.

765 3399 966 3453 Verqu
1008 3395 1226 3450 etiamsi
1274 3409 1385 3448 non
1435 3402 1584 3449 esset
1639 3394 1748 3448 ulla
1785 3385 2098 3450 confu'tatio
2139 3396 2278 3450 isto-

695 3506 817 3545 rum
861 3497 1319 3560 argumentorum
1359 3487 1428 3542 ab
1473 3487 1610 3557 ipsis
1647 3489 1939 3542 allatorum
1969 3489 2023 3542 in
2049 3489 2280 3560 gratiam

697 3585 950 3653 ipsorum
1003 3579 1328 3648 impietatis,
1378 3577 1662 3646 quomodo
1693 3594 1804 3632 non
1845 3579 1962 3632 sola
2004 3578 2284 3633 sulliceret

695 3676 764 3731 ad
797 3671 1173 3744 repellendam
1199 3685 1392 3725 eorum
1420 3669 1871 3738 superstitionem
1905 3671 1997 3725 illa
2038 3687 2160 3741 quae
2192 3687 2283 3727 se-

692 3765 886 3835 quitur
913 3777 983 3816 ex
1012 3761 1236 3815 illorum
1265 3759 1740 3829 propositionibus
1764 3760 2120 3815 absurditas?
2143 3759 2282 3815 Cum

695 3858 846 3913 enim
875 3869 1021 3910 unus
1051 3853 1126 3908 sit
1164 3852 1504 3923 proprietate
1541 3851 1743 3914 Filius.
1767 3859 1828 3905 ut
1867 3853 2081 3918 dicunt,
2109 3862 2290 3908 totus-

697 3965 808 4022 que
843 3959 1039 4002 natura
1069 3945 1242 4000 Filius
1279 3944 1400 4007 Dei,
1430 3950 1558 3996 ante
1582 3942 1867 3997 Christum
1895 3953 1952 3998 et
1981 3953 2104 4014 post
2124 3945 2288 4000 Chri-

695 4046 839 4091 stum
869 4035 1078 4103 absque
1112 4047 1277 4088 carne
1302 4031 1636 4095 intellectus,
1666 4047 1770 4086 una
1788 4033 2000 4088 scilicet
2028 4035 2286 4105 hyposta-

696 4127 793 4190 sis,
809 4139 1044 4192 cumquo
1061 4122 1168 4176 alia
1181 4120 1254 4176 sit
1270 4119 1582 4191 hypostasis
1599 4117 1826 4181 Christi.
1846 4129 2065 4190 totaque
2085 4132 2284 4176 natura

697 4216 872 4271 Filius
908 4211 1150 4266 hominis
1191 4216 1248 4265 et
1289 4209 1573 4264 incarnala
1607 4209 1845 4278 cognita,
1875 4209 1967 4262 sed
1999 4208 2173 4278 gratia
2197 4208 2283 4262 di-

696 4311 1065 4381 gnationeque
1088 4321 1224 4376 pura
1245 4320 1309 4360 ac
1349 4304 1586 4374 simplici
1617 4303 1790 4357 Filius
1813 4301 1908 4355 Dei
1948 4299 2119 4364 dicta,
2147 4315 2287 4369 quo-

697 4405 862 4459 modo
893 4417 1006 4456 non
1055 4413 1242 4454 essent
1267 4397 1379 4450 duo
1404 4397 1500 4450 ﬁlii
1527 4397 1644 4451 ista:
1671 4394 1794 4449 dum
1817 4395 2160 4464 hypostases,
2189 4406 2288 4462 per

697 4497 988 4552 distinctas
1021 4491 1320 4546 ﬁliationes
1349 4498 1405 4544 et
1445 4488 1737 4544 distinctos
1779 4497 1963 4556 patres
1989 4484 2284 4550 distincta},

2387 641 2494 710 ἄρα
2531 638 2883 708 οἰκονομίανς
2913 639 2971 694 El
3010 637 3119 708 γὰρ
3161 639 3228 708 δὴ
3283 641 3444 708 μόνον
3492 639 3704 709 ὑψῶσαι
3752 641 3860 693 ἔδει
3892 643 3972 712 τῷ

2389 730 2594 802 μείζονι
2619 729 2848 799 ¹ὀνόματι
2870 731 2932 782 τὸ
2957 726 3119 801 ἧττον
3152 731 3468 800 πρόσωπον,
3503 733 3587 795 τίς
3618 733 3651 802 ή
3689 734 3853 802 χρεία
3875 733 3969 785 τοῦ

2383 819 2723 875 ταπεινῶσαι
2750 819 2813 872 τδ
2845 822 3029 890 μεῖζον
3061 820 3356 890 πρόσωπον
3385 822 3464 892 τῷ
3495 824 3677 892 ἥττονι
3700 824 3967 894 ὀνόματι;

2382 916 2444 967 οὑ
2481 913 2588 983 γάρ
2626 929 2711 975 τις
2729 909 2926 982 ’ὄνησις
2953 913 3031 981 τῷ
3060 912 3406 978 δοξασθέντι,
3441 917 3504 967 ἐκ
3531 915 3628 984 τῆς
3665 916 3763 970 τοῦ
3813 917 3967 982 sagi-

2385 1022 2575 1068 σαντος
2606 1004 2772 1059 αὑτὸν
2801 1004 3017 1070 ἀδοξίας
3036 1020 3047 1032 ·
3081 1005 3197 1057 ἀλλ’
3233 1006 3358 1059 οὑδὲ
3385 1008 3544 1068 αὑτὸς
3569 1010 3595 1060 ό
3630 1007 3867 1073 δοξάσας
3890 1009 3966 1080 τῷ

2387 1101 2501 1168 ἰδίῳ
2517 1098 2744 1167 ὀνόματι
2767 1095 2864 1167 τὴν
2889 1099 3070 1166 σάρκα
3093 1099 3288 1165 Λόγος,
3318 1099 3475 1169 δόξης
3501 1101 3755 1171 δεόμενος
3783 1105 3849 1155 ὲκ
3875 1104 3967 1156 τοῦ

2360 1191 2644 1261 ,ὀνόματος
2669 1189 2840 1256 αὑτῆς
2870 1189 3028 1242 τοῦτο
3061 1191 3355 1262 μετείληφε
3375 1207 3391 1224 ο
3409 1193 3493 1254 τίς
3511 1191 3606 1244 οὑν
3630 1195 3663 1262 ἡ
3685 1195 3843 1248 αίτία
3868 1194 3969 1263 τῆς

2385 1281 2773 1351 μετακλήσεως
2803 1280 2912 1333 τῶν
2947 1283 3156 1352 μερῶν,
3188 1284 3419 1348 εἴποιεν,
3447 1285 3494 1337 εί
3531 1284 3606 1356 μὴ
3631 1286 3660 1337 ό
3689 1286 3852 1354 λόγος
3870 1287 3968 1354 τῆς

2378 1373 2471 1426 τοῦ
2508 1373 2629 1426 ὅλου
2663 1371 3008 1435 συνθέσεωςς
3051 1373 3109 1424 ὲν
3144 1373 3202 1425 δὲ
3235 1375 3316 1446 τῷ
3344 1375 3525 1443 λέγειν
3557 1376 3758 1440 αὐτοὺς
3796 1378 3922 1446 εικῆ
3949 1417 3966 1440 ,

2379 1463 2461 1516 ὅτι
2495 1464 2624 1529 Ναὶ,
2657 1463 2834 1516 πάντα
2878 1465 2982 1516 ὅσα
3003 1464 3152 1516 ἐστὶν
3179 1467 3207 1517 ὁ
3235 1464 3370 1528 Θεὸς
3395 1466 3568 1535 Λόγος
3591 1507 3605 1531 ,
3641 1470 3762 1521 εστὶ
3808 1467 3904 1521 καὶ
3939 1469 3967 1519 6

2379 1557 2603 1619 ένωθεὶς
2630 1555 2778 1625 αὑτῷ
2800 1555 3108 1626 ἄνθρωπος,
3139 1557 3305 1627 μηδὲν
3338 1556 3433 1609 τοῦ
3463 1558 3640 1625 Λόγου
3687 1557 3966 1619 διδοῦντας

2379 1647 2604 1716 Χριστῷ
2623 1647 3112 1718 διακεχωρισμένῳ
3156 1648 3366 1712 αὑτοῦ,
3419 1647 3538 1712 πῶς
3584 1650 3813 1713 ἑαυτοὺς
3864 1651 3966 1702 οὑκ

2377 1740 2854 1810 ἐντραπήσονταις
2885 1741 2934 1792 εί
2963 1739 3069 1810 γὰρ
3097 1739 3212 1794 ἐστι
3241 1759 3295 1793 τι
3323 1744 3351 1794 ὁ
3373 1739 3505 1803 Θεδς
3528 1740 3698 1808 Λόγος
3725 1741 3868 1812 πρὸς
3897 1743 3962 1810 τῇ

2377 1830 2538 1900 οὐσίᾳ
2569 1829 2737 1882 αὑτοῦ
2763 1829 2791 1882 ὂ
2820 1830 3145 1897 μεταδίδωσι
3201 1831 3422 1901 Χριστῷ
3446 1873 3460 1896 ,
3515 1829 3868 1902 συμϐεϐηκός
3910 1848 3964 1883 τι

2382 1920 2502 1972 κατ’
2535 1921 2713 1973 ἐκεῖνο
2738 1920 2899 1990 μόνον
2929 1922 3105 1984 ἐστὶν,
3129 1922 3190 1974 οὑ
3220 1921 3363 1989 λέγω
3396 1919 3489 1975 οῦν
3515 1923 3678 1985 αὑτός
3706 1939 3721 1954 ·
3754 1922 3893 1977 ἀλλὰ
3915 1924 3963 1975 εί

2381 2014 2440 2065 ὲν
2471 2011 2623 2082 αὑτῷ
2650 2013 2788 2075 ὅλως
2820 2013 3171 2082 συμϐεϐηκός
3211 2023 3264 2066 τι
3286 2017 3513 2079 νοεῖται,
3547 2017 3610 2068 οὑ
3637 2015 3774 2078 Θεὸς
3810 2015 3965 2067 ἔσται

2381 2103 2567 2157 λοιπόν
2593 2119 2606 2133 ·
2649 2105 2698 2156 εἰ
2727 2103 2788 2156 δὲ
2819 2103 3121 2166 ὑπόστασίς
3173 2105 3292 2156 εστι
3326 2103 3464 2158 Θεοῦ
3508 2106 3646 2174 πρὸς
3696 2108 3766 2177 τῇ
3805 2106 3965 2176 οὑσίᾳ

2387 2197 2546 2266 μόνον
2569 2199 2596 2248 ὁ
2625 2197 2820 2265 Λόγος,
2866 2200 2962 2250 καὶ
2991 2195 3152 2250 τοῦτο
3196 2197 3401 2251 εἴποιεν
3427 2214 3439 2227 ·
3468 2200 3552 2251 δτι
3575 2199 3670 2252 καὶ
3698 2201 3726 2251 ὁ
3754 2199 3965 2269 ἄνθρω-

2382 2305 2483 2350 πος
2513 2287 2748 2359 Χριστός
2771 2289 2887 2340 ἐστι
2909 2288 3003 2340 νῦν
3021 2289 3118 2342 σὺν
3143 2289 3222 2360 τῷ
3249 2290 3428 2360 Λόγῳ,
3458 2289 3577 2353 πῶς
3598 2291 3658 2342 οὑ
3681 2290 3806 2344 καθ’
3829 2291 3964 2343 ὑπό-

2383 2396 2571 2433 στασιν
2613 2380 2822 2450 ἥνωται
2867 2379 3018 2455 αὑτῷ
3070 2382 3288 2450 σαφῶςς
3325 2381 3358 2452 ἢ
3398 2383 3508 2455 γὰρ
3561 2382 3728 2452 ἄλλην
3769 2383 3965 2452 ὁμοίαν

2381 2471 2680 2524 ὑπόστασίν
2713 2488 2846 2541 φασι
2875 2469 2968 2524 τοῦ
2998 2471 3289 2542 ἀνθρώπου
3313 2475 3458 2528 κατὰ
3486 2475 3577 2528 τὸν
3599 2476 3772 2542 Λόγον
3822 2471 3964 2528 εἶναι

2378 2564 2476 2631 τὴν
2507 2562 2751 2617 δοθεῖσαν
2783 2564 2953 2632 αὑτῷ,
2978 2567 3072 2618 καὶ
3098 2565 3190 2618 δύο
3216 2566 3365 2634 λόγοι
3392 2563 3503 2619 εἷεν
3529 2608 3544 2626 ,
3581 2568 3676 2621 καὶ
3705 2567 3802 2624 δύο
3848 2567 3965 2620 θεοὶ

2379 2647 2546 2718 οὗτοι,
2579 2656 2674 2706 καὶ
2702 2653 2807 2706 υἱοὶ
2838 2654 2952 2716 δύο,
2983 2656 3081 2708 καὶ
3115 2659 3311 2728 τετρὰς
3357 2661 3391 2728 ἡ
3435 2659 3568 2728 ἁγία
3599 2661 3804 2730 Τριάς·
3840 2661 3876 2733 ἢ
3915 2662 3964 2714 εἱ

2379 2746 2518 2816 αῦτη
2555 2746 2655 2815 μία
2697 2746 3050 2817 μεταδοθεῖσα
3065 2753 3132 2820 τῇ
3154 2750 3396 2824 φύσειτῇ
3428 2753 3770 2825 ἀνθρωπεία.
3795 2755 3966 2824 ἤγουν

2380 2836 2886 2908 συμπαραλαϐοῦσα
2903 2841 2961 2891 ὲν
2978 2841 3174 2910 ἑαυτῇ,
3209 2843 3362 2913 κοινή
3399 2847 3514 2895 ἐστι
3545 2843 3638 2896 τοῦ
3666 2844 3843 2911 Λόγου
3871 2845 3965 2897 καὶ

2377 2931 2478 2999 τῆς
2509 2931 2710 3002 σαρκὸς
2747 2932 2988 3001 Χριστοῦ
3021 2933 3360 2997 ὑπόστασις,
3402 2934 3580 3004 ὀρθῶς
3632 2934 3866 3004 σέϐομεν
3909 2935 3966 2987 ἑν

2379 3021 2601 3092 Χριστῷ
2632 3025 2732 3091 τὴν
2760 3024 2885 3076 καθ’
2921 3025 3218 3078 ὑπόστασιν
3249 3025 3340 3077 τοῦ
3371 3026 3545 3093 Λόγου
3580 3027 3675 3078 καὶ
3700 3027 3800 3095 τῆς
3831 3041 3967 3098 σαρ-

2380 3115 2474 3177 κὸς
2507 3114 2703 3169 ἕνωσιν
2727 3116 2889 3186 ἡμεῖς
2931 3133 2944 3145 ·
2984 3116 3098 3169 ἀλλ’
3124 3116 3299 3180 οὑτως
3339 3117 3437 3186 μὲν
3466 3117 3613 3171 τάδε.

2455 3383 2519 3436 ΕΞ
2548 3383 2605 3435 δὲ
2631 3383 2723 3436 καὶ
2747 3383 2821 3454 μὴ
2846 3380 2914 3455 ἦν
2955 3402 3038 3448 τις
3077 3385 3358 3458 ἀνατροπὴ
3387 3387 3555 3442 τῶνδε
3589 3390 3700 3443 τῶν
3734 3393 3968 3463 είρημέ-

2383 3489 2490 3526 νων
2527 3473 2711 3536 αὑτοῖς
2741 3472 3166 3542 πειθανο).ογιῶν
3198 3476 3340 3548 ὑπὲρ
3363 3477 3462 3546 τῆς
3484 3478 3666 3532 αὐτῶν
3686 3481 3969 3546 ἀσεϐείας,

2385 3564 2503 3626 πῶς
2535 3564 2634 3617 οὑκ
2667 3563 2893 3634 ἀρκέσει
2937 3569 3032 3618 καὶ
3082 3569 3215 3639 μόνη
3272 3569 3410 3638 πρὸς
3457 3572 3816 3644 ἀποστροφὴν
3869 3576 3973 3645 τῆς

2384 3661 2506 3713 κατ’
2530 3660 2728 3722 αὑτοὺς
2751 3661 3177 3731 δεισιδαιμονίας
3205 3666 3238 3734 ἡ
3264 3665 3504 3736 ἑπομένη
3552 3671 3668 3731 τοῖς
3703 3670 3834 3741 παρ’
3867 3673 3973 3725 αὖ·
3992 3719 4006 3732 ,

2383 3750 2491 3802 τῶν
2524 3750 2758 3820 θέμασιν
2787 3753 3028 3818 ἀτοπίας
3063 3755 3182 3818 ἐνὸς
3210 3756 3318 3825 γὰρ
3365 3757 3495 3810 Υἱοῦ
3527 3758 3679 3822 ὄντος
3715 3760 3842 3831 ίδὲᾳ,
3895 3761 3974 3824 ὧς

2386 3858 2569 3908 φασιν,
2603 3843 2727 3895 ὅλου
2757 3860 2815 3895 τε
2845 3844 3004 3910 φύσει
3037 3845 3167 3898 Υίοῦ
3197 3846 3292 3898 τοῦ
3327 3849 3484 3911 Θεοῦ,
3516 3851 3623 3919 πρὸ
3649 3852 3890 3921 Χριστοῦ
3915 3871 3974 3907 τε

2386 3935 2480 3988 καὶ
2516 3935 2654 4005 μετὰ
2691 3936 2924 4004 Χριστὸν
2959 3939 3214 4008 ἀσάρκως
3253 3941 3568 4010 νοουμένου,
3620 3944 3791 4012 ἤγουν
3842 3948 3976 4014 μιᾶς

2387 4028 2780 4092 ὑποστάσεως,
2813 4031 2904 4082 καὶ
2932 4030 3123 4100 ἑτέρας
3162 4033 3512 4097 ὑποστάσεως
3554 4037 3654 4105 τῆς
3696 4037 3792 4089 τοῦ
3834 4041 3976 4111 Χρι-

2391 4119 2538 4183 στοῦ,
2564 4120 2692 4190 ὅλης
2721 4137 2780 4173 τε
2810 4121 2968 4189 φύσει
3005 4123 3134 4176 Υἰοῦ
3157 4125 3445 4191 ἀνθρώπου
3477 4128 3571 4180 καὶ
3591 4130 3860 4198 ἐνσάρκου
3889 4149 3977 4199 γι-

2389 4210 2759 4280 νωσκομένης,
2797 4213 2980 4283 χάριτι
3001 4213 3058 4265 δὲ
3084 4215 3178 4266 καὶ
3201 4215 3328 4286 δόξῃ
3353 4215 3482 4287 ψιλῇ
3515 4217 3650 4288 μόνῃ
3672 4219 3976 4290 λεγομένης

2389 4299 2522 4353 Υίοῦ
2553 4300 2687 4354 Θεοῦ
2714 4341 2730 4367 ,
2769 4301 2884 4366 πῶς
2913 4305 2975 4356 οὑ
3014 4304 3109 4358 δύο
3151 4306 3259 4358 υίοὶ
3289 4302 3398 4360 εἷεν
3429 4309 3485 4361 αἱ
3515 4309 3609 4362 δύο
3643 4310 3978 4374 ὑποστάσεις

2387 4388 2549 4447 αὗται
2570 4393 2820 4465 διάφοροί
2851 4411 2908 4446 τε
2932 4396 3027 4448 καὶ
3049 4397 3140 4448 ἐπὶ
3161 4398 3436 4469 διαφόροις
3455 4401 3721 4472 υίότησιν,
3743 4406 3840 4456 καὶ
3868 4405 3980 4457 ἀπὸ

2388 4488 2662 4559 διαφόρων
2695 4490 2900 4542 τοκέων
2924 4533 2938 4554 ,
2973 4493 3067 4543 καὶ
3121 4492 3479 4562 διωρισμέναι
3509 4497 3575 4563 τῇ
3608 4495 3845 4567 ὑπάρξει
3883 4500 3980 4552 καὶ

696 4597 752 4643 et
773 4582 1116 4641 subsistendi
1141 4581 1306 4635 modo
1327 4582 1557 4650 locoque
1583 4593 1801 4647 semper
1826 4575 2113 4631 discretae?
2136 4574 2282 4641 Qua-

2391 4579 2540 4649 τόπῳ
2572 4579 2691 4645 αεί;
2717 4572 2792 4632 ὧν
2815 4581 2862 4631 εί
2892 4581 2990 4648 μὲν
3011 4582 3111 4650 τὴν
3141 4582 3301 4649 φύσει
3334 4583 3486 4638 θείαν
3512 4585 3976 4655 προσκυνοῦντες,

700 4692 818 4729 rum
839 4673 884 4726 si
905 4671 1128 4742 quidem
1149 4685 1315 4722 unam
1334 4678 1530 4722 natura
1552 4668 1796 4721 divinam
1822 4673 2172 4730 venerantes,
2204 4667 2289 4718 al-

699 4777 873 4821 teram
905 4774 990 4818 est
1017 4761 1546 4816 consubstantialem
1595 4759 1703 4814 sibi
1751 4757 2054 4813 difﬁtentur
2090 4756 2287 4821 Judmi,

696 4858 902 4915 Christi
924 4854 1229 4911 adversarii
1253 4852 1527 4907 manifesti
1558 4861 1763 4917 erunt;
1789 4851 2040 4905 dicentes
2061 4859 2117 4904 et
2143 4849 2244 4919 ipsi
2274 4867 2286 4902 :

706 4971 722 5001 ι
751 4951 982 5019 l’roptcr
1005 4948 1216 5001 nullum
1230 4945 1435 5000 bonum
1454 4960 1595 5015 opus
1618 4944 1928 5013 lapidamus
1948 4952 2020 5006 te,
2044 4942 2138 4996 sed
2161 4942 2289 5011 quia

704 5048 758 5090 tu
792 5037 955 5090 homo
971 5051 1096 5090 cum
1117 5035 1216 5099 sis,
1241 5035 1377 5089 facis
1397 5034 1746 5103 temetipsum
1771 5033 1966 5087 Filium
1997 5033 2112 5086 Dei.
2137 5052 2154 5083 ι
2184 5031 2290 5085 Sed

698 5141 754 5183 ct
778 5129 821 5182 si
855 5129 1014 5182 istam
1045 5137 1105 5180 ut
1131 5128 1303 5181 Deum
1332 5127 1584 5189 adorant,
1621 5142 1784 5195 quam
1812 5124 2158 5179 solummodo
2185 5124 2291 5177 hu-

703 5237 918 5275 manam
953 5229 1261 5290 agnoscunt
1291 5233 1412 5271 esse
1448 5229 1724 5278 naturam,
1753 5217 1928 5272 Gra:ci
1955 5217 2288 5285 produntur,

701 5323 1010 5367 creaturam
1042 5313 1163 5366 loco
1200 5311 1481 5366 Creatoris
1505 5309 2152 5376 adorantes,'reipsaque
2184 5310 2293 5360 An-

703 5402 1079 5472 tlrropolatrx,
1121 5409 1176 5454 et
1222 5399 1648 5470 quaternionem
1681 5398 1995 5451 divinarum
2026 5395 2291 5465 hyposta-

698 5509 832 5550 seon
853 5510 920 5547 ex
950 5494 1126 5547 tribus
1165 5491 1734 5546 consubstantialibus
1751 5500 1806 5543 et
1831 5506 1938 5543 una
1960 5488 2289 5556 alienigena,

699 5584 1122 5640 constituentes.
1169 5585 1234 5636 Et
1260 5599 1370 5636 non
1393 5583 1616 5636 dicant:
1645 5582 1948 5636 Voluntate
1983 5580 2076 5634 Dei
2114 5580 2293 5631 homi-

702 5693 828 5730 nem
860 5677 1142 5732 Christum
1166 5676 1486 5731 adoramus.
1522 5675 1626 5731 Ubi
1665 5674 1814 5728 enim
1846 5674 2160 5728 docuerunt
2195 5687 2292 5725 nos

700 5770 889 5824 divina
925 5771 1146 5824 oracula
1177 5770 1455 5823 hominem
1483 5779 1540 5822 ut
1565 5770 1737 5823 Deum
1767 5767 2037 5821 adorare?
2064 5769 2125 5820 At
2162 5782 2290 5820 vero

708 5877 821 5919 non
852 5871 936 5917 est
966 5861 1120 5916 locus
1141 5880 1249 5932 quo
1270 5863 1455 5917 divina
1483 5862 1766 5930 Scriptura
1804 5876 1912 5916 non
1942 5872 2129 5932 arguat
2157 5862 2292 5918 tales

2393 4671 2494 4740 τὴν
2528 4671 2722 4742 ἑτέραν
2746 4671 2820 4735 ὡς
2850 4673 3135 4741 όμοοόσιον
3161 4675 3376 4739 ἑαυτοῖς
3416 4677 3977 4748 ἀποπροσποιοῦνται,

2406 4761 2643 4832 Ἑϐραῖοι
2667 4765 2858 4830 σαφεῖς
2887 4759 2996 4814 εἷεν
3026 4763 3386 4833 ἀντίχριστοι·
3407 4765 3659 4834 λέγοντες
3687 4769 3786 4822 καὶ
3801 4771 3976 4822 αὑτοί’

2400 4873 2418 4904 ι
2446 4853 2581 4922 Περὶ
2613 4853 2778 4906 καλοῦ
2815 4854 2974 4923 ἔργου
3014 4855 3074 4907 οὑ
3108 4855 3400 4927 λιθάζομέν
3422 4873 3504 4923 σε,
3531 4858 3646 4911 ἀλλ’
3677 4861 3760 4911 δτι
3792 4862 3856 4913 σὺ
3882 4861 3977 4914 ἄνα

2395 4943 2610 5010 θρωπος
2637 4941 2736 5005 ὢν,
2754 4948 2922 5005 ποιεῖς
2948 4944 3137 4998 ἑαυτὸν
3167 4947 3294 4998 Υἱὸν
3320 4947 3454 5000 Θεοῦ
3477 4964 3491 4978 ·
3521 4967 3539 4998 ι
3565 4951 3614 5000 εἰ
3638 4949 3696 5002 δὲ
3723 4953 3823 5005 καὶ
3848 4952 3980 5003 ταῦθ

2392 5051 2492 5104 την
2519 5033 2595 5097 ὡς
2624 5035 2757 5087 Θεὸν
2805 5035 3080 5099 σέϐουσιν,
3133 5039 3198 5107 ἦν
3244 5039 3402 5106 μόνον
3436 5039 3790 5109 ἀνθρωπίνην
3839 5037 3978 5094 εἶναι

2394 5126 2558 5195 φύσιν
2589 5127 2967 5195 γινώσκουσιν,
2996 5129 3257 5196 Ἕλληνες
3288 5130 3542 5200 πρόδηλοι
3567 5131 3851 5200 σεϐόμενοι
3886 5132 3981 5197 τὴν

2395 5219 2572 5270 κτίσιν
2604 5219 2756 5288 παρὰ
2791 5219 2884 5270 τὸν
2915 5219 3198 5284 κτίσαντα,
3257 5221 3354 5272 καὶ
3411 5221 3582 5285 ὅντως
3623 5223 3977 5294 ἀνθρωπολά-

2393 5327 2540 5378 τραι,
2567 5312 2661 5362 καὶ
2701 5311 2935 5380 τετράδα
2969 5311 3326 5374 σιινιστῶντες
3371 5313 3531 5365 θείων
3581 5313 3936 5366 ὑποστάσεων
3961 5355 3975 5376 ,

2393 5399 2456 5449 ἐκ
2487 5399 2655 5468 τριῶν
2704 5399 3004 5468 ὁμοουσίων
3042 5402 3136 5451 καὶ
3175 5401 3302 5468 μιᾶς
3336 5400 3681 5470 ὲτεροουσίου
3709 5415 3723 5429 ⁸
3757 5400 3855 5451 καὶ
3883 5402 3977 5450 οὐκ

2393 5492 2616 5554 εἴποιεν,
2661 5493 2744 5544 ὅτι
2790 5491 2948 5542 ’Λλλᾶι
2977 5490 3227 5561 βουλήσει
3255 5490 3391 5545 Θεοῦ
3422 5493 3511 5543 τὸν
3540 5492 3831 5560 ἄνθρωπον
3854 5491 3977 5552 Χρι-

2394 5583 2518 5634 στὸν
2547 5583 2960 5652 προσκυνοῦμεν
2983 5599 2994 5612 °
3023 5583 3128 5636 ποῦ
3161 5583 3268 5650 γὰρ
3292 5580 3443 5636 εἶπεν
3470 5585 3603 5653 ἡμῖν
3631 5583 3700 5635 τὰ
3731 5581 3857 5635 θεῖα
3881 5582 3978 5633 Λό-

2393 5693 2507 5742 για,
2562 5678 2889 5740 προσκυνεῖν
2939 5676 3096 5747 ἀνδρὶ
3127 5678 3203 5738 ὡς
3251 5677 3406 5745 Θεῴξ
3452 5675 3569 5730 ἀλλ’
3597 5677 3709 5730 οὐδ’
3739 5676 3890 5728 ἐστιν
3921 5667 3977 5726 οὗ

2396 5767 2469 5835 μὴ
2503 5765 2775 5835 ὲγκαλείή
2807 5765 2937 5830 ἁγία
2969 5766 3158 5835 ι’ραφὴ
3186 5767 3297 5824 τοῖς
3333 5766 3557 5818 τοιοῖσδε
3585 5781 3598 5793 ·
3648 5765 3743 5817 καὶ
3769 5780 3977 5833 παρετ-

2393 5861 2520 5929 γυᾴ,
2546 5859 2627 5910 ὅτι
2656 5877 2671 5907 ι
2707 5856 2982 5926 Κυρίῳτῷ
3006 5858 3123 5926 Θεῷ
3146 5874 3238 5909 σου
3262 5859 3685 5928 προσκυνήσεις,
3717 5857 3812 5909 καὶ
3839 5853 3977 5923 αὑτῷ
