4194 6446
207 446 346 516 16:9

1125 444 1520 504 ADVERSUS
1559 443 2106 504 NESTORIANOS.
2131 469 2200 480 ’-
2231 446 2379 507 LIB.
2419 449 2516 507 IV.

3321 451 3460 516 1650

205 564 323 615 ἔστι
349 559 508 630 φύσει
534 577 548 592 ·
578 559 670 612 καὶ
700 558 729 610 6
765 557 934 623 Λόγος
961 554 1017 606 δὲ
1044 555 1179 618 Θεδς
1203 554 1278 608 ὢν
1314 554 1499 622 φύσει,
1532 556 1592 607 οὐ
1623 554 1784 622 φύσει

1898 556 2082 624 gignit,
2130 565 2214 611 est
2237 556 2403 612 etiam
2451 561 2780 616 naturaliter
2816 578 2964 618 caro.
2998 560 3106 618 Sed
3136 567 3193 617 el.
3216 561 3458 617 Verbum

207 654 339 716 Υἱός
376 655 494 705 ἐστι
534 650 630 704 τοῦ
677 648 912 718 Πατρδς,
942 646 1078 700 ἀλλὰ
1123 649 1305 716 χάριτι
1337 649 1434 699 σὺν
1476 651 1542 718 τῇ
1585 648 1783 716 σαρκί·

205 748 266 798 ο)
308 744 441 806 Θεὸς
465 743 571 813 ἄρα
595 744 622 795 6
654 742 836 810 πατήρ
860 743 1030 804 ἔστιν,
1063 740 1173 791 εἴτε
1214 738 1308 791 οὖν
1341 740 1518 807 ὅμοιοι
1542 740 1652 790 εἴτε
1687 739 1788 791 ἀν-

206 834 388 903 όμοιος
408 835 546 885 εἰσιν
572 833 622 884 οἱ
648 832 755 884 υἱοὶ
779 832 870 883 καὶ
890 830 1082 892 οὕτως,
1115 829 1274 898 εἰπερ
1293 830 1350 880 αἱ
1375 830 1669 901 σφραγῖδες
1693 829 1789 882 καὶ

206 927 277 978 τὰ
314 925 595 995 ἀρχέτυπα
627 923 692 975 τὸ
733 921 852 974 κατ’
893 921 1127 990 ἀριθμὸν
1171 919 1430 988 διάφορον
1475 920 1710 989 ἔχουσιν,
1738 922 1788 973 εἰ

207 1021 304 1069 καὶ
351 1017 428 1086 μὴ
473 1016 536 1069 τὸ
569 1015 711 1068 κατὰ
757 1015 820 1066 τὸ
859 1010 996 1075 εἶδος
1041 1011 1392 1066 διαλλάσσονο
1430 1013 1524 1065 καὶ
1566 1012 1672 1064 οἶδε
1712 1013 1790 1081 τῷ

206 1107 434 1176 ἀριθμῷ
456 1103 1082 1174 διαφέροντες,δύναιντο
1110 1102 1174 1155 ἂν
1204 1102 1365 1164 εἶναι,
1394 1104 1488 1156 καὶ
1521 1106 1600 1163 είς
1624 1103 1791 1156 δυάδα

209 1197 348 1248 υἱῶν
397 1195 869 1265 συναριθμεῖσθαι,
923 1193 1113 1265 ὥσπερ
1160 1192 1368 1256 Παῦλος
1411 1195 1503 1245 καὶ
1553 1193 1778 1262 Πέτρος·

207 1285 241 1354 ἦ
274 1286 303 1336 ὁ
341 1284 623 1346 δακτύλιος
667 1285 761 1337 καὶ
809 1288 837 1336 6
880 1283 1070 1354 κηρὸς,
1120 1283 1156 1352 ἦ
1201 1283 1368 1351 πηλὸς
1418 1284 1510 1336 καὶ
1546 1283 1792 1351 μόλιϐδος

207 1377 683 1444 ὲντετυπωμένοι·
724 1377 860 1428 ἀλλὰ
901 1376 1066 1428 πάλιν
1127 1376 1225 1445 τὴν
1255 1375 1508 1444 διάφορον
1541 1375 1674 1444 ὓλην
1699 1376 1793 1427 ἀνι

216 1465 364 1516 ελεῖν
393 1481 523 1530 φασι
563 1464 656 1516 τὸν
682 1465 916 1534 ἀριθμὸν
935 1465 1046 1517 τῶν
1077 1465 1392 1533 σφραγίδων
1428 1464 1670 1530 ἠλιθίως,
1697 1465 1794 1517 καὶ

211 1556 350 1624 μίαν
375 1559 545 1608 ποιεῖν
572 1558 669 1618 τὰς
693 1556 895 1618 πολλὰς
915 1556 1157 1608 νοεῖσθαι
1178 1573 1192 1586 ·
1220 1555 1416 1608 οὐκοῦν
1445 1555 1505 1608 τὸ
1533 1555 1793 1628 διάφορον

206 1649 386 1716 αὐτῆς
421 1649 668 1716 εἴποιμεν
683 1649 900 1720 ,εἰσάξει
923 1649 1085 1701 αὐτόν
1110 1665 1122 1677 ⁸
1148 1651 1198 1701 εἰ
1221 1649 1328 1718 γὰρ
1363 1648 1440 1716 τῷ
1472 1648 1696 1718 ἐναντίῳ
1733 1649 1794 1700 τὸ

206 1739 476 1800 ἐναντίον,
494 1743 550 1791 ἐν
572 1740 728 1809 κηρῷ
755 1736 847 1792 οὖν
867 1740 1028 1808 τυχὸν
1051 1734 1412 1799 οὗσαιπᾰσαι,
1437 1739 1653 1802 πλείους
1683 1733 1792 1790 εἶεν

209 1830 548 1900 σφραγῖδες
586 1831 645 1882 ἐν
689 1830 967 1898 διαφόροις
1003 1829 1060 1882 δὲ
1092 1829 1246 1892 ὓλαις
1284 1828 1641 1891 τυπωθεϊσαι,
1693 1828 1792 1900 μία

207 1920 321 1970 εἰσι
349 1918 473 1970 καθ’
508 1921 651 1985 ὑμᾶς
671 1937 683 1948 ·
707 1919 852 1972 ’ἀλλὰ
895 1918 1069 1971 ταῦτα
1114 1919 1350 1989 δάκρυον
1378 1919 1671 1988 ὀφείλεται,
1700 1921 1794 1974 καὶ

207 2010 441 2077 γέλωτι
455 2011 604 2080 ὅμως
634 1995 782 2080 ἡμᾶς
804 2011 1073 2074 ὲκὸιὰζει.

819 2280 1066 2334 ΚΕΦΑΛ.
1104 2279 1196 2334 1Δ’.

289 2367 363 2419 Τί
386 2363 501 2431 οὖν,
532 2368 665 2437 φησί
690 2385 705 2433 ;
740 2368 833 2419 δύο
860 2369 1009 2436 λόγοι
1034 2371 1191 2432 εἰσὶν,
1224 2371 1328 2422 ὅτε
1363 2371 1674 2442 λεγόμενος,
1704 2376 1796 2427 καὶ

209 2461 242 2511 6
282 2459 654 2528 ἀκουόμενοςς
699 2459 862 2512 Ἀλλὰ
892 2462 1031 2513 κάπὶ
1074 2464 1300 2526 τούτων,
1329 2464 1543 2531 πρῶτον
1573 2468 1672 2534 μὲν
1702 2467 1796 2520 ἄλ-

208 2548 306 2610 λος
350 2551 378 2602 6
429 2549 755 2613 ἐνδιάθετος,
809 2553 903 2604 καὶ
945 2551 1103 2615 ἄλλος
1147 2555 1174 2606 6
1218 2553 1360 2606 κατὰ
1399 2554 1665 2608 διάνοιαν·
1703 2560 1796 2611 καὶ

207 2641 403 2710 ῑτερος
431 2643 459 2694 6
487 2642 848 2713 προφορικὸς,
882 2642 978 2695 καὶ
1006 2645 1033 2696 6
1066 2644 1171 2696 ὑπὸ
1214 2644 1433 2697 τοῦτονο
1465 2649 1492 2699 6
1514 2651 1792 2717 γραπτδς,

209 2734 312 2786 καὶ
339 2733 478 2803 μετὰ
504 2733 725 2796 τούτους
742 2735 771 2786 6
795 2735 1124 2801 ἀκουόμενός
1142 2736 1258 2786 ἐστι
1281 2755 1292 2766 ·
1309 2738 1403 2790 καὶ
1426 2738 1631 2790 τούτων
1659 2741 1715 2792 δὲ
1738 2741 1798 2793 τὸ

212 2825 429 2877 κοινόν·
458 2824 660 2894 ὁμοίως
705 2827 822 2886 ταῖς
861 2826 1153 2892 σφραγῖσιν
1180 2824 1238 2876 ἒν
1271 2825 1322 2878 τί
1347 2827 1466 2878 ἐστι
1492 2827 1553 2880 τὸ
1569 2828 1710 2881 κατὰ
1739 2827 1800 2880 τὸ

214 2920 624 2989 σημαινόμενον
647 2916 708 2971 τὸ
735 2917 865 2970 αὐτό
889 2934 901 2948 ο
931 2919 1007 2980 ὡς
1029 2920 1078 2970 εί
1105 2919 1211 2971 τῶν
1235 2918 1567 2987 πολυσήμων
1599 2935 1684 2981 τις
1709 2918 1796 2989 εἴη

213 3011 376 3078 λόγος
413 3013 512 3064 εἴτ’
540 3010 634 3064 οὖν
671 3010 1012 3080 ὁμωνύμωνο
1049 3011 1153 3064 κᾶν
1195 3011 1276 3064 ἑνὶ
1313 3012 1460 3080 μόνῳ
1503 3010 1727 3081 λέγηται
1762 3011 1796 3080 ἢ

210 3103 501 3170 ἀκούηται,
537 3105 636 3171 οὐχ
678 3097 759 3166 εἷς
787 3103 946 3170 λόγος
987 3101 1068 3156 ἔτι
1102 3101 1316 3169 λέγεται
1339 3119 1350 3132 ·
1395 3102 1497 3155 κᾶν
1541 3103 1639 3172 μιᾷ
1669 3119 1799 3172 προ-

1891 649 2037 716 quod
2081 659 2164 702 est
2213 650 2541 704 naturaliter
2584 651 2748 715 Deus,
2800 669 2910 708 non
2953 664 3038 710 est
3072 652 3252 707 Patris
3292 651 3466 705 Filius

1892 739 2176 802 naturalis,
2215 740 2314 794 sed
2344 741 2510 795 simul
2539 756 2665 796 cum
2697 757 2861 798 carne
2893 744 3063 797 Filius
3085 759 3185 813 per
3207 745 3460 814 gratiam.

1890 829 2011 882 Non
2052 829 2198 884 Deus
2235 831 2419 899 itaque
2449 841 2606 901 pater
2644 842 2750 898 est,
2785 835 2904 889 sive
2946 834 3156 888 similes
3197 835 3314 888 sive
3364 833 3466 886 als-

1893 919 2101 972 similes
2133 920 2243 974 sint
2277 922 2464 976 taliter
2494 922 2614 988 ﬁlii,
2653 923 2923 993 siquidem
2958 923 3137 992 sigilla
3167 931 3226 976 et
3268 922 3466 975 arche-

1893 1020 2021 1080 typa
2073 1011 2379 1065 secundum
2440 1028 2731 1067 numerum
2781 1014 3162 1068 diversitatem
3220 1011 3464 1074 habent,

1891 1101 2022 1156 licet
2076 1104 2376 1158 secundum
2441 1105 2680 1175 speciem
2735 1122 2847 1159 non
2902 1107 3199 1171 dill'erant;
3257 1115 3314 1160 et
3374 1105 3465 1159 isti

1892 1206 2126 1246 numero
2169 1191 2490 1248 differentes
2531 1209 2656 1249 esse
2701 1205 2929 1265 possent
2964 1205 3020 1250 et
3048 1197 3103 1250 in
3138 1195 3289 1251 duali
3326 1195 3468 1250 lilio.

1897 1298 2016 1336 rum
2055 1299 2288 1338 numero
2329 1287 2660 1355 computari,
2701 1288 2845 1342 sicut
2894 1288 3098 1342 Paulus
3139 1297 3196 1342 et
3244 1288 3466 1350 Petrus.

1893 1373 1980 1426 vel
2017 1375 2256 1428 annulus
2287 1383 2344 1428 ct
2388 1391 2536 1439 cera,
2587 1385 2684 1430 aut
2725 1378 2902 1432 lutunt
2941 1386 2998 1432 et
3039 1379 3327 1448 plumbum
3365 1379 3468 1432 im-

1893 1467 2179 1531 pressione
2233 1464 2464 1533 signata.
2505 1464 2612 1520 Sed
2654 1481 2875 1520 rursum
2915 1469 3101 1537 inepte
3149 1468 3346 1524 dicunt
3385 1468 3472 1523 di-

1893 1567 2110 1605 versam
2140 1555 2428 1610 materiam
2457 1571 2750 1611 numerum
2783 1557 3091 1627 sigillorum
3131 1560 3320 1614 tollere
3349 1548 3470 1614 eiii-

1895 1657 2131 1712 cereque
2155 1651 2215 1696 ut
2241 1645 2412 1699 multa
2442 1656 2774 1702 censeantur
2813 1664 3008 1702 unum.
3045 1650 3210 1719 Ergo,
3255 1651 3470 1705 dicere-

1895 1747 2038 1796 mus,
2083 1733 2232 1804 quod
2281 1733 2560 1790 diversum
2609 1746 2695 1792 est
2733 1740 2978 1795 materia:
3028 1739 3252 1794 adducit
3295 1756 3466 1795 eum:

1895 1821 2030 1878 Cum
2051 1824 2200 1879 enim
2223 1828 2498 1882 contraria
2525 1828 2832 1883 contrariis
2847 1831 3172 1900 probantur,
3197 1830 3243 1885 si
3269 1839 3470 1886 cuncta

1895 1915 2073 1986 sigilla
2121 1917 2178 1971 in
2221 1931 2402 1971 ceram
2449 1918 2801 1985 cecidissent,
2841 1922 3000 1989 plura
3037 1929 3224 1976 essent
3251 1921 3468 1991 sigilla:

1895 2010 1992 2066 sed
2022 2010 2078 2064 in
2105 2010 2343 2065 diversis
2375 2011 2622 2065 materiis
2651 2011 2938 2080 impressa,
2967 2013 3120 2083 juxta
3149 2028 3267 2075 vos,
3297 2027 3472 2066 unum

1896 2107 2045 2156 sunt.
2096 2100 2301 2155 Verum
2344 2099 2473 2155 talia
2514 2099 2634 2156 ﬁeri
2683 2100 2888 2156 debent
2917 2109 2972 2157 et
3003 2110 3187 2156 tamen
3225 2099 3393 2156 risum
3439 2116 3472 2156 a

1898 2192 2057 2249 uobis
2087 2192 2342 2249 eliciunt.
2667 2248 2669 2251 ,
2787 2187 2792 2190 ’

2517 2286 2666 2342 CAP.
2707 2287 2844 2342 XIV.

1972 2375 2113 2443 Quid
2147 2377 2330 2448 igitur,
2364 2378 2561 2434 aiunt?
2590 2377 2802 2433 Suntne
2829 2377 2942 2432 duo
2970 2378 3149 2432 Verba
3178 2386 3237 2432 et
3263 2379 3472 2433 dictum

1893 2481 1953 2527 et
1981 2469 2281 2526 auditum?
2478 2476 2676 2539 praeter
2716 2467 2819 2522 ista
2846 2467 3026 2537 primo
3057 2467 3280 2538 quidem
3323 2467 3473 2522 aliud
3507 2467 3520 2477 ί

1895 2570 1982 2628 est
2021 2560 2276 2614 intimum
2324 2558 2517 2622 menti,
2547 2564 2605 2611 et
2629 2555 2780 2610 aliud
2819 2556 2874 2609 in
2916 2555 3280 2625 cogitatione;
3327 2555 3474 2610 aliud

1899 2651 2048 2724 quod
2097 2664 2192 2706 ore
2224 2646 2504 2720 profertur
2537 2655 2593 2702 et
2620 2645 2772 2701 aliud
2802 2645 2872 2699 ab
2903 2643 3010 2699 isto
3047 2644 3297 2716 pendens
3335 2645 3478 2700 scri-

1898 2756 2090 2815 ptum;
2143 2750 2199 2797 et
2249 2748 2375 2811 post
2422 2739 2518 2794 illa
2562 2738 2717 2792 venit
2773 2737 3048 2792 auditum.
3098 2736 3206 2792 Sed
3254 2737 3480 2792 illorum

1899 2849 2144 2905 quoque,
2181 2838 2442 2901 tanquam
2479 2830 2536 2885 in
2580 2827 2799 2900 sigillis,
2841 2842 3136 2883 commune
3182 2837 3239 2883 et
3271 2827 3480 2898 aliquid

1901 2941 2109 2992 unum,
2159 2926 2217 2978 in
2258 2939 2325 2979 eo
2373 2921 2684 2979 consistens
2726 2919 2874 2990 quod
2925 2920 3072 2976 idem
3118 2918 3476 2989 signiﬁcetur.

1901 3020 2064 3074 Velut
2110 3017 2158 3072 si
2203 3015 2426 3085 quidam
2451 3023 2600 3069 esset
2625 3028 2811 3069 sermo
2845 3012 3002 3083 plura
3044 3010 3360 3081 signiﬁcans
3385 3021 3482 3066 aut

1901 3105 2180 3175 duplicem
2224 3118 2447 3158 sensum
2479 3101 2688 3168 ferens,
2719 3101 2826 3155 etsi
2871 3100 2968 3154 uni
3009 3109 3224 3155 tantum
3262 3098 3486 3154 dicatur

213 3194 365 3262 φορᾷ
399 3193 815 3260 ἐξαγγέλληται,
850 3189 988 3242 ἀλλὰ
1037 3189 1257 3251 πλείους
1298 3189 1447 3255 λόγοι
1476 3185 1614 3242 εἶναι
1647 3189 1795 3259 παρὰ

1901 3197 1986 3250 vel
2030 3194 2313 3258 audiatur,
2351 3207 2464 3248 non
2519 3191 2704 3246 adhuc
2757 3206 2904 3246 unus
2935 3205 3118 3246 sermo
3149 3189 3381 3256 dicitur;
3424 3198 3482 3246 et

215 3287 350 3337 πᾶσι
377 3286 487 3344 τοῖς
510 3282 867 3345 διαλεκτικοῖς
895 3281 1301 3352 ὡμολόγηνταιο
1327 3281 1481 3351 δῆλον
1505 3279 1594 3334 οὖν
1624 3281 1698 3343 ὡς
1721 3281 1796 3350 τῷ

215 3395 284 3446 ση
295 3376 604 3446 μαινομένῳ
649 3375 711 3428 τὸ
751 3376 957 3445 κυρίως
983 3373 1041 3427 ἓν
1061 3374 1156 3428 τοῦ
1199 3374 1358 3444 λόγου
1382 3375 1528 3442 ὲστίς
1559 3376 1607 3427 εἰ
1633 3375 1688 3428 δὲ
1713 3376 1796 3428 ὅτι

213 3467 508 3537 συμὸαίνει
549 3468 651 3520 τὸν
688 3467 850 3521 αὐτὸν
889 3467 985 3519 ἕνα
1012 3465 1091 3536 τῷ
1141 3465 1364 3536 ἀριθμῷ
1391 3467 1568 3534 λόγον,
1606 3467 1797 3519 λεκτόν

210 3578 274 3613 τε
307 3558 445 3613 εἶναι
491 3561 572 3630 τῷ
617 3559 846 3621 εἰπόντι,
884 3559 978 3610 καὶ
1022 3557 1288 3611 ἀκουστὸν
1334 3557 1414 3628 τῷ
1461 3557 1796 3628 παρεστῶτι,

221 3653 358 3708 εἴποι
389 3667 476 3713 τις
502 3649 676 3712 οὕτως
707 3648 804 3702 ἕνα
840 3648 1003 3701 αὑτὸν
1031 3643 1191 3713 εἶναι,
1225 3647 1326 3701 οὐκ
1373 3647 1486 3717 ἔχοι
1518 3648 1585 3701 ἂν
1611 3648 1801 3717 ὁμοιὸσ

212 3759 358 3810 τητα
393 3742 524 3811 ὑμῖν
555 3739 615 3792 τὸ
642 3740 1026 3807 παράδειγμα’
1063 3739 1183 3792 οὐδὲ
1207 3741 1314 3809 γὰρ
1366 3738 1684 3792 ὑπόκεινται
1707 3738 1800 3791 δύο

210 3837 339 3885 τινὰ
382 3831 602 3901 ἀριθμῷ
656 3831 865 3891 ἐνθάδε,
897 3831 1077 3883 εττουν
1113 3829 1207 3882 δύο
1254 3830 1400 3897 λόγοι
1445 3831 1527 3882 ἐνὶ
1574 3831 1799 3900 ὀνόματι

211 3923 620 3991 ὀνομαζόμενα,
666 3921 855 3991 ὥσπερ
901 3922 963 3974 τό
1011 3938 1068 3974 τε
1112 3921 1406 3990 πρόσωπον
1438 3905 1676 3989 Χριστοῦ
1705 3921 1799 3973 καὶ

122 4062 124 4064 τ
214 4016 315 4069 τοῦ
351 4018 522 4082 Λόγου
566 4014 660 4066 δύο
690 4013 855 4076 οὖσας
899 4013 1210 4081 ἀριθμητὰς
1239 4012 1587 4074 ὑποστάσεις,
1621 4012 1796 4065 ἐδόκει

216 4111 348 4176 ὑμῖν
373 4109 468 4161 ἕνα
500 4108 627 4159 Υἱδν
650 4108 860 4174 λέγειν
897 4107 1033 4159 ἀλλὰ
1057 4107 1367 4160 τούναντίον
1395 4104 1651 4176 βούλεσθε
1685 4106 1797 4158 δεῖ-

218 4205 331 4268 ξαι,
372 4201 432 4252 ἒν
464 4200 684 4270 ἀριθμῴ
719 4199 1077 4268 ὑποκείμενον
1121 4197 1376 4260 ἐνταῦθα,
1421 4198 1515 4251 δύο
1538 4198 1800 4268 ὀνόμασιν

217 4299 334 4350 ἀπὸ
376 4298 634 4366 διαφόρου
683 4296 921 4366 σχέσεως
969 4295 1511 4366 προσαγορευόμενόν
1559 4297 1799 4348 ἐστινιδ

216 4389 349 4458 γὰρ
375 4389 536 4450 αὑτδς
584 4382 662 4450 εἷς
714 4387 933 4457 ἀριθμῴ
978 4388 1136 4455 λόγος
1183 4388 1377 4456 μόνος’
1415 4387 1526 4438 ἀπὸ
1558 4387 1796 4455 σχέσεως

223 4481 325 4550 μὲν
351 4479 444 4532 τοῦ
473 4480 738 4542 εἰπόντος,
773 4480 989 4542 λεκτός’
1011 4479 1119 4531 ἀπὸ
1137 4477 1194 4529 δὲ
1213 4478 1450 4546 σχέσεως
1472 4477 1566 4530 τοῦ
1596 4480 1801 4545 ἀκροα-

1902 3286 2037 3341 licet
2088 3300 2199 3340 una
2247 3283 2556 3354 prolatione
2601 3279 2995 3346 annuntietur,
3054 3281 3242 3350 plures
3297 3288 3479 3334 tamen

1901 3392 2024 3431 esse
2059 3389 2348 3430 sermones
2374 3389 2407 3427 a
2433 3371 2650 3428 cunctis
2669 3371 2976 3428 dialecticis
2997 3370 3328 3426 admittitur.
3352 3371 3482 3424 Evi-

1900 3468 2038 3523 dens
2064 3466 2232 3537 igitur
2263 3474 2356 3520 est“
2380 3477 2554 3518 unum
2597 3461 2754 3518 verbi
2794 3461 3083 3533 proprium
3121 3462 3176 3517 in
3207 3462 3484 3533 signiﬁca-

1903 3559 2055 3613 tione
2098 3572 2241 3612 esse.
2278 3549 2334 3612 Si
2381 3569 2542 3621 vero,
2574 3569 2699 3609 cum
2735 3553 2939 3608 accidit
2968 3553 3226 3608 eumdem
3267 3567 3483 3609 sermo-

1905 3665 2056 3714 nem,
2087 3663 2322 3702 numero
2343 3661 2539 3713 unum,
2569 3660 2692 3701 esse
2721 3644 2930 3700 dictum
2957 3645 3205 3714 loquenti
3236 3653 3294 3699 et
3324 3645 3483 3700 audi-

1902 3751 2019 3797 tum
2069 3739 2372 3805 assistenti,
2421 3737 2591 3804 dicat,
2621 3736 2764 3807 quis.
2793 3736 2948 3790 illum
2990 3738 3072 3792 sie
3120 3752 3291 3791 unum
3335 3752 3481 3802 esse,

1901 3850 2012 3888 non
2049 3832 2278 3887 haberet
2323 3829 2744 3886 similitudinem
2791 3829 2952 3884 vobis
3001 3829 3110 3883 hoc
3146 3829 3480 3898 exemplum.

1900 3925 2022 3980 Non
2049 3924 2196 3979 enim
2221 3923 2314 3977 hic
2341 3923 2639 3992 subiacent
2669 3920 2781 3975 duo
2812 3919 3062 3990 quadam
3085 3934 3338 3987 numero,
3360 3935 3486 3991 quae

1902 4020 2015 4074 duo
2044 4019 2215 4074 verba
2257 4033 2369 4072 uno
2418 4017 2646 4071 nomine
2699 4015 2980 4081 dicantur,
3016 4015 3488 4085 quemadmodum

1901 4127 2194 4183 personam
2213 4110 2420 4166 Christi
2441 4117 2500 4165 ct
2518 4109 2684 4164 Verbi
2707 4108 2845 4164 duas
2870 4121 3113 4163 numero
3141 4107 3484 4179 hypostases,

1905 4218 2076 4258 unum
2104 4203 2304 4258 Filium
2331 4202 2516 4256 dicere
2544 4200 2706 4255 vobis
2746 4200 2949 4270 placet.
2997 4197 3108 4254 Sed
3147 4198 3492 4253 contrarium

1903 4292 2073 4346 vultis
2113 4291 2441 4356 ostendere;
2497 4305 2670 4344 unum
2722 4289 2814 4344 hic
2863 4301 3101 4344 numero
3153 4287 3490 4357 subjectum,

1905 4382 2128 4438 duobus
2169 4381 2490 4437 nominibus
2531 4396 2564 4436 a
2608 4381 2831 4436 diversa
2893 4379 3165 4434 relatione
3209 4387 3490 4434 vocatum.

1907 4475 2054 4529 Idem
2077 4473 2228 4528 enim
2266 4488 2502 4527 numero
2553 4472 2787 4527 verbum
2815 4485 2992 4526 unum
3041 4478 3130 4525 est
3169 4478 3419 4524 tantum:
3461 4487 3494 4526 a

217 4570 337 4632 τοῦ,
369 4571 634 4633 ἁκουστδς
667 4569 960 4640 ὠνομάσθη
983 4587 1000 4602 ο
1030 4569 1205 4622 πάλιν
1240 4569 1334 4623 οὖν
1377 4571 1472 4622 καὶ
1507 4569 1679 4630 οὕτως
1714 4569 1795 4629 είς

1900 4563 2233 4634 proferentis
2263 4562 2554 4627 relatione,
2599 4561 2847 4624 dictum;
2881 4560 2953 4615 ab
2988 4559 3274 4615 audientis
3303 4568 3493 4614 autent

219 4663 516 4732 πρόςωπον
546 4663 700 4731 ὑμῶν
737 4647 1127 4736 ἀπικαταρῤεῖ
1151 4661 1231 4714 ’τὰ
1275 4662 1514 4732 ὑμέτερα
1541 4659 1798 4714 ἀναπτύ-

221 4767 429 4820 σματα.

1906 4653 2200 4718 relatione,
2241 4654 2491 4709 auditum
2532 4653 2870 4708 nominatur.
2910 4653 3128 4708 Rursus
3157 4651 3326 4724 igitur
3351 4652 3408 4706 in
3431 4666 3496 4708 os

1907 4755 2151 4803 vestrum
2177 4746 2503 4802 relabuntur
2526 4755 2688 4818 sputa
2711 4751 2916 4798 vestra.

825 4922 3463 4952 ww

1587 5047 1955 5134 ΛΟΓΟΣ
2031 5035 2144 5133 AL

427 5183 714 5254 Terciptnc
737 5183 936 5239 αὐτῶν
959 5185 1239 5252 ἀσεϐείας
1261 5183 1509 5257 ἔλεγχος
1539 5187 2032 5258 παραιτουμένων
2052 5185 2254 5254 λέγειν
2283 5181 2578 5237 Θεοτόκον
2604 5177 2722 5245 τὴν
2745 5176 2926 5247 ἁγίαν
2958 5171 3284 5242 Παρθένον.

1555 5417 1916 5506 LIBER
2012 5416 2184 5506 IV.

542 5570 786 5632 Ipsorum
827 5581 1041 5620 sacram
1076 5565 1338 5637 Virginem
1371 5565 1662 5638 Deiparam
1700 5567 1869 5620 dicere
1898 5566 2254 5620 recusantium
2275 5568 2497 5630 quarta
2525 5559 2816 5626 impietatis
2842 5557 3187 5626 confutati0..

685 5785 1083 5841 ΚΕΦΑΛΑΙΟΝ
1127 5782 1421 5837 ΠΡΩΤΟΝ.

301 5875 411 5932 Bia.
447 5879 576 5950 γοῦν
613 5880 775 5942 αὐτὸς
806 5879 900 5932 καὶ
925 5881 981 5931 ἐν
1011 5879 1121 5940 τοῖς
1156 5877 1278 5947 ἑξῆς
1318 5877 1377 5930 τὸ
1409 5877 1539 5930 αὐτὸ
1567 5873 1805 5945 ἐνθύμη-

2442 5769 2667 5827 CAPUT
2701 5767 2988 5826 PRIMUM.

1991 5869 2127 5926 Vide
2159 5868 2327 5939 igitur
2355 5869 2468 5934 ινευ
2513 5866 2566 5919 in
2597 5867 2678 5921 cis
2714 5879 2834 5935 qum
2865 5859 3312 5920 sibi'suecedunt
3352 5859 3499 5915 idem
