4194 6446
645 425 777 496 1651

1914 421 2225 483 LEONTII
2268 421 2312 478 Β
2326 424 2350 476 ’ὶζ
2365 421 2675 480 ΖΑΝΤΙΝΙ

3785 418 3922 486 1652

638 541 818 595 latens
851 537 1150 608 cogitatum
1179 549 1370 590 eorum
1397 535 1490 603 qui
1538 551 1704 589 unam
1739 533 1932 589 dicunt
1963 535 2226 603 hyposta-

2339 551 2410 601 μα
2451 533 2835 601 κεκρυμμένον
2861 532 2969 584 τῶν
3002 532 3132 602 μίαν
3156 532 3424 600 λεγόντων
3471 533 3570 605 τὴν
3622 533 3927 588 ὐπῦστασιν

637 635 725 690 sin
762 631 972 688 Christi
1004 644 1068 684 ac
1099 628 1358 684 unionem
1382 629 1480 684 Dei
1510 627 1675 683 Verbi
1706 642 1832 680 eum
1863 641 2047 681 carne.
2081 625 2223 690 Quid

637 725 788 780 enim
823 720 1216 778 inveniendum
1249 730 1335 776 est
1369 722 1424 775 in
1460 734 1594 773 voce
1635 718 1894 787 Deipara.
1943 718 2053 771 illis
2083 733 2222 786 prae-

637 815 830 868 sertim
881 811 1280 867 adhibentibus
1331 809 1480 878 quod
1521 811 1674 879 juxta
1730 809 2120 878 preprietatem
2171 815 2226 862 et

635 904 935 958 veritatem
965 912 1072 968 est,
1105 903 1210 956 nisi
1248 902 1355 956 hoc
1391 901 1536 954 idem
1578 900 1727 970 quod
1767 902 1822 954 in
1862 901 2106 970 synthesi
2136 916 2225 954 se-

636 1004 896 1064 paratum
931 994 1265 1052 invenimus.
1293 1009 1404 1046 non
1440 993 1669 1047 delinito
1697 1008 1809 1061 quo
1836 1008 2000 1045 sensu
2027 1007 2224 1045 nomen

637 1085 902 1154 Deipara,
951 1085 1098 1138 sicut
1162 1099 1367 1138 nomen
1414 1084 1560 1136 Deus
1605 1084 1824 1135 diverse
1879 1082 2224 1145 adhibitum,

639 1175 1067 1245 explicationem
1099 1175 1290 1245 pietati
1320 1173 1661 1229 eonformem
1696 1174 1914 1228 habeat.
1947 1175 2105 1229 Nune
2131 1190 2230 1226 att-

641 1278 775 1332 tem,
813 1270 1041 1338 proprio
1067 1277 1123 1321 et
1159 1268 1380 1322 veritati
1433 1267 1703 1322 conformi
1735 1283 1901 1322 sensu
1932 1267 2063 1322 huic
2104 1267 2226 1320 voci

641 1360 946 1431 assignato,
977 1375 1100 1414 eam
1133 1360 1284 1414 omni
1319 1361 1602 1429 impietate
1632 1371 1929 1430 apertaque
1965 1359 2227 1428 blasphe-

641 1453 751 1507 mia
771 1455 1145 1522 repleverunt.
1173 1451 1256 1506 Ab
1283 1453 1366 1506 eis
1391 1462 1572 1506 tamen
1596 1451 1953 1520 quaerendum
1984 1461 2070 1504 est
2093 1452 2226 1520 quid

641 1548 777 1616 ipsis
824 1545 1100 1615 signiﬁcat
1152 1546 1274 1600 talis
1321 1544 1700 1600 denominatio
1729 1559 1950 1614 quoque
1986 1545 2227 1612 cogitatu

643 1638 780 1705 ipsis
816 1647 900 1692 est
929 1638 1192 1708 sumpta?
1218 1638 1301 1692 An
1333 1639 1478 1692 sicut
1507 1636 1743 1692 dicimus
1777 1637 2106 1705 mariparam
2135 1644 2229 1688 aut

641 1728 1027 1798 feminiparam
1102 1729 1392 1783 mulierem
1443 1744 1566 1796 qua:
1623 1742 1802 1780 mares
1859 1736 1955 1779 aut
1997 1725 2229 1779 feminas

640 1833 837 1887 parere
884 1819 1204 1876 consuevit.
1263 1819 1344 1872 sic
1398 1816 1678 1885 deiparam
1733 1823 1934 1870 vocant
1982 1824 2227 1870 sanetam

644 1908 895 1973 Mariam,
916 1924 1038 1963 eam
1065 1907 1132 1962 ad
1158 1908 1296 1962 deos
1321 1907 1627 1978 gignendos
1651 1915 1836 1961 natam
1862 1907 1964 1960 hac
1989 1906 2231 1960 dictione

643 2000 1066 2071 signiﬁcantes?
1108 2000 1205 2055 sed
1235 2010 1370 2054 tunc
1394 2015 1535 2068 quos
1573 1999 1709 2054 deos
1744 2001 2002 2070 genuerit
2047 1998 2234 2052 dicant

640 2101 698 2148 et
728 2107 842 2146 rem
878 2093 1119 2161 ignotam
1155 2091 1409 2145 doceant.
1455 2092 1538 2145 An
1571 2089 1718 2159 quod
1765 2091 1937 2144 Deum
1987 2091 2178 2158 genuit
2211 2090 2235 2142 ?

644 2185 700 2240 Si
733 2186 899 2240 etiam
937 2185 1028 2254 pio
1073 2200 1181 2238 una
1215 2185 1335 2238 vice
1379 2183 1577 2235 volunt
1610 2181 1756 2235 istud
1786 2180 2101 2251 signiﬁcare
2139 2195 2235 2246 per

643 2277 811 2332 talem
861 2277 1104 2345 Virginis
1151 2274 1684 2334 denominationem,
1725 2274 2007 2326 nescimus
2049 2278 2232 2324 tamen

645 2385 716 2424 an
767 2369 945 2439 possit
990 2368 1096 2421 hoc
1141 2366 1436 2422 ostendere
1487 2365 1618 2418 talis
1656 2363 1898 2418 nominis
1936 2363 2134 2416 forms.

723 2660 740 2692 ι
767 2638 1060 2710 Disperdet
1086 2637 1350 2693 Dominus
1377 2637 1559 2692 omnia
1584 2634 1727 2689 labia
1761 2633 1973 2698 dolosa,
1990 2634 2234 2702 linguam

644 2733 1074 2805 magniloquam,
1115 2745 1214 2785 eos
1260 2729 1353 2800 qui
1395 2729 1632 2783 dicunt:
1668 2726 1930 2796 Linguam
1991 2734 2236 2780 nostram

647 2823 1165 2896 magnilicabimus;
1201 2821 1348 2877 labia
1401 2830 1584 2876 nostra
1639 2837 1670 2876 a
1706 2819 1864 2875 nobis
1903 2827 2071 2882 sunt;
2109 2818 2240 2886 quis

644 2924 838 2972 noster
872 2914 1142 2969 Dominus
1157 2907 1590 2968 estr-lhDicitis
1606 2911 1789 2971 nobis.
1824 2926 1857 2966 ο
1880 2925 1980 2963 vos
2008 2910 2242 2964 auctori-

644 3015 757 3059 tate
813 3005 988 3074 legem
1046 3002 1308 3064 l'erentcs,
1358 3017 1468 3056 non
1519 3017 1589 3057 cx
1619 3016 1732 3056 uno
1763 3000 1862 3055 sed
1889 3017 1959 3055 ex
1987 3000 2242 3069 pluribus

644 3092 795 3148 natis
823 3109 1024 3149 nomen
1070 3092 1321 3163 accipere
1360 3092 1687 3162 parientem.
1735 3091 1996 3159 Nunquid
2049 3091 2239 3160 igitur,

647 3203 778 3241 cum
821 3185 1140 3255 unigenitus
1164 3186 1237 3241 sit
1261 3185 1408 3240 Sara.-
1438 3188 1610 3252 lsaac,
1642 3187 1811 3240 Annae
1853 3184 2094 3247 Samuel,
2120 3185 2233 3240 Eli-

645 3278 839 3334 sabeth
869 3277 1129 3340 Joannes,
1155 3286 1212 3332 et
1239 3278 1407 3332 Anna:
1424 3277 1613 3341 Maria,
1637 3278 1683 3331 si
1711 3278 1840 3346 quis
1870 3277 2008 3331 istos
2037 3285 2094 3330 et
2115 3291 2232 3330 om-

646 3386 768 3434 nes,
798 3371 961 3439 plane
986 3369 1311 3439 quicunque.
1365 3370 1452 3423 vel
1477 3383 1820 3438 quascunque
1864 3385 2034 3424 unum
2058 3369 2231 3423 lilium

647 3469 746 3515 aut
775 3461 942 3514 tiliam
977 3474 1142 3514 unam
1167 3470 1379 3514 tantum
1412 3460 1673 3516 habuisse
1689 3461 2031 3525 scribuntur,
2053 3461 2236 3514 nomi-

647 3551 990 3614 narevellet,
1035 3565 1104 3605 ex
1144 3554 1410 3620 progenie
1437 3551 1724 3621 prolisque
1751 3561 1954 3604 natura
2004 3567 2232 3615 vocans,

647 3656 762 3695 non
803 3641 1107 3708 mariparas
1135 3640 1220 3694 vel
1247 3639 1606 3710 feminiparas
1657 3641 1892 3696 auderet
1919 3641 2126 3696 dicere.
2165 3641 2235 3696 Et

648 3731 798 3799 quis,
827 3730 1034 3784 talibus
1095 3730 1320 3796 auditis,
1351 3731 1469 3794 haec
1497 3741 1680 3787 vestra
1739 3733 2078 3803 sophismata
2122 3749 2233 3788 non

649 3820 929 3890 conspuit,
960 3821 1193 3876 omiseri
1218 3823 1242 3874 ?
1272 3823 1377 3877 Sed
1417 3832 1474 3877 et
1505 3825 1552 3878 si
1573 3841 1662 3879 res
1687 3835 1750 3879 ut
1783 3825 1942 3879 fertis
1965 3836 2114 3890 sunt,
2135 3841 2234 3879 vos

653 3912 752 3980 qui
780 3912 995 3967 nescire
1029 3927 1097 3965 an
1122 3911 1383 3980 possibile
1409 3913 1481 3967 sit
1518 3913 1622 3968 hoc
1661 3915 1754 3968 tali
1786 3916 2030 3970 nominis
2055 3915 2235 3970 forma

648 4005 1021 4061 demonstrari
1052 4007 1261 4070 dicitis,
1287 4007 1569 4075 quomodo
1617 4022 1716 4061 vos
1738 4006 2140 4076 Christiparam
2181 4018 2238 4062 et

650 4097 1055 4164 hominiparam
1088 4111 1211 4150 eam
1266 4113 1387 4166 qua:
1425 4113 1620 4152 revera
1649 4097 1884 4168 Deipara
1912 4109 1996 4152 est
2038 4114 2238 4154 vocare

650 4191 994 4259 intelligitis?
1022 4189 1078 4245 Si
1109 4191 1259 4244 enim
1287 4205 1356 4243 ex
1377 4205 1489 4243 uno
1527 4198 1690 4259 partu
1716 4207 1827 4245 non
1855 4199 1939 4246 est
1977 4193 2239 4260 possibile

652 4283 1057 4350 parturientem
1091 4282 1349 4352 accipere
1372 4297 1600 4344 nomen,
1628 4283 1714 4337 vel
1743 4283 1932 4352 plures
1965 4283 2236 4346 Cliristos,

650 4375 738 4428 vel
772 4389 942 4443 puros
963 4373 1216 4427 homines
1240 4373 1446 4442 putatis
1485 4373 1770 4442 peperisse
1821 4389 2034 4428 sacram
2065 4373 2242 4443 Virgi-

652 4480 804 4530 nem,
846 4465 935 4519 vel
961 4479 1068 4519 nec
1095 4463 1314 4524 habetis
1341 4464 1470 4518 talia
1486 4466 1712 4518 nomina
1741 4465 1810 4520 de
1841 4481 1907 4520 ea
1935 4465 2239 4520 adhibendi

2268 1880 2307 1932 Β

2265 3217 2308 3274 C
2352 3185 2516 3253 γενὴς
2541 3189 2606 3254 τῇ
2642 3185 2830 3256 Σάρρᾳ
2859 3188 2887 3237 ὀ
2921 3185 3126 3246 Ἰσαὰκ,
3157 3188 3222 3253 τῇ
3264 3187 3433 3257 Ἀννῃ
3473 3188 3502 3238 ὁ
3543 3187 3828 3258 Σαμουὴλ,
3869 3195 3931 3260 τῇ

2329 626 2589 696 Χριστοῦ,
2625 627 2719 680 καὶ
2767 626 3018 679 σύνθεσιν
3064 626 3160 679 τοῦ
3215 626 3353 679 Θεοῦ
3410 628 3584 694 Λὸγου
3640 628 3776 695 πρὸς
3827 629 3926 696 τὴν

2330 718 2531 789 σάρκα.
2572 719 2638 770 Τί
2679 717 2788 787 γὰρ
2830 717 2978 769 ἔστιν
3005 718 3187 786 εὸρεῖν
3218 719 3276 769 ὲν
3305 720 3371 786 τῇ
3421 720 3713 784 Θεοτόκος
3743 723 3923 787 φωνῇ,

2331 809 2764 878 προστιθεμένου
2799 808 3034 877 μάλιστα
3066 809 3254 869 αὐτοῖς
3285 809 3378 860 τοῦ
3411 809 3619 879 κυρίως
3647 811 3744 862 καὶ
3779 811 3927 863 κατὰ

2329 900 2618 969 ἁλήθειαν;
2650 899 2683 969 ἢ
2722 900 2854 952 αὐτὸ
2903 898 3062 951 τοῦτο
3109 902 3248 969 ὅπερ
3280 900 3338 951 ὲν
3367 903 3432 969 τῇ
3467 901 3718 952 συνθέσει
3751 919 3927 971 κεχω-

2333 998 2590 1066 ρισμένον
2621 997 2957 1065 εὑρήκαμεν,
2999 994 3462 1065 ἀπροσδιορίστως
3489 994 3583 1047 τοῦ
3613 995 3926 1060 Θεοτόκος.

2329 1091 2404 1152 ὡς
2440 1091 2533 1143 τοῦ
2568 1090 2712 1154 Θεὸς
2744 1089 3005 1158 ὀνόματος
3052 1089 3338 1158 πολλαχῶς
3380 1088 3696 1156 λεγομένου,
3743 1092 3928 1157 σχέσει

2333 1200 2450 1246 πως
2481 1185 2579 1250 τὴν
2622 1182 2715 1234 ἐπὶ
2766 1183 2826 1233 τὸ
2875 1182 3100 1243 εὐσεϐὲς
3136 1181 3472 1251 διασάφησιν
3515 1173 3626 1251 ἔχει
3653 1199 3666 1212 ·
3721 1185 3842 1234 νυνὶ
3871 1183 3929 1235 δὲ

2331 1273 2426 1326 τοῦ
2489 1273 2695 1343 κυρίως
2751 1273 2844 1327 καὶ
2874 1269 3018 1325 κατὰ
3066 1272 3329 1343 ἀλήθειαν
3397 1275 3805 1342 προσκειμένου
3859 1277 3924 1341 τῇ

2339 1367 2512 1432 φωνῇ,
2557 1364 2738 1434 πάσης
2779 1363 3036 1425 ἀσεϐείας
3065 1365 3160 1415 καὶ
3193 1363 3648 1431 ἀπερικαλύπτου
3673 1365 3924 1433 βλασςηο

2337 1455 2465 1522 μίας
2497 1455 2667 1522 αὐτὴν
2701 1455 3117 1523 ἀνεπλήρωσαν.
3141 1456 3331 1522 Ὅμως
3369 1456 3672 1522 ὲρωτητέον
3701 1456 3929 1518 αὐτοὺς,

2333 1545 2384 1596 τί
2421 1543 2673 1613 βούλεται
2697 1547 2884 1605 αὐτοῖς
2909 1549 2941 1614 ἡ
2967 1545 3144 1598 τοιάδε
3165 1545 3451 1613 ὀνομασία,
3473 1549 3566 1599 καὶ
3597 1547 3742 1599 κατὰ
3768 1547 3929 1598 ποίαν

2332 1635 2515 1696 αὐτοῖς
2583 1635 2794 1690 ἔννοιαν
2828 1635 3179 1705 ἐξείληπτσιις
3231 1631 3412 1706 Ἀρα,
3451 1637 3526 1701 ὣς
3593 1655 3796 1708 φαμεν,
3830 1640 3930 1709 ἆῤ-

2336 1724 2638 1794 ρενοτὸκον,
2716 1726 2750 1795 ἢ
2822 1726 3118 1796 θηλυτόκον
3195 1729 3469 1793 γυναῖκα,
3520 1729 3621 1797 τὴν
3676 1728 3930 1780 είωθεῖαν

2336 1815 2575 1886 ἄρρενας
2622 1816 2656 1886 ἢ
2715 1817 2880 1886 θήλεα
2938 1817 3186 1882 τίκτειν,
3240 1818 3415 1879 οὕτως
3494 1820 3648 1871 αὐτοὶ
3708 1819 3926 1886 λέγουσι

2339 1906 2602 1958 Θεοτόκον
2651 1908 2751 1975 τὴν
2806 1909 2970 1975 ἁγίαν
3021 1909 3263 1978 Μαρίαν,
3314 1909 3472 1973 θεοὺς
3526 1909 3698 1980 αὐτὴν
3753 1927 3927 1979 πεφυ-

2339 1997 2498 2049 κυῖαν
2525 1996 2756 2058 τίκτειν,
2783 1997 2872 2050 διὰ
2906 1997 3005 2067 τῆς
3034 1999 3250 2051 τοιᾶσδε
3301 1999 3498 2065 λέξεως
3531 2001 3926 2071 σημαίνοντεςς

2337 2088 2432 2140 καὶ
2483 2087 2671 2149 ποίους
2737 2088 2897 2152 θεοὺς
2951 2089 3265 2158 ἐγέννησεν,
3315 2093 3654 2150 εἰπάτωσαν,
3714 2094 3810 2145 καὶ
3869 2094 3929 2145 τὸ

2337 2181 2701 2247 ἀγνοούμενον
2728 2179 3156 2235 διδασκέτωσαν.
3207 2183 3281 2235 ’Ἡ
3325 2185 3409 2236 ὅτι
3439 2183 3569 2236 Θεὸν
3599 2184 3892 2251 ἐγέννησεν
3909 2201 3936 2250 ;τ

2338 2271 2402 2325 Εἰ
2440 2273 2534 2325 καὶ
2582 2271 2719 2341 πρὸς
2759 2272 2906 2337 ἅπαξ
2937 2271 3098 2324 τοῦτο
3139 2273 3385 2326 ἐθέλουσι
3414 2277 3680 2345 σημᾶναι,
3710 2274 3802 2328 διὰ
3836 2275 3928 2328 τοῦ

2339 2362 2512 2424 οὕτως
2541 2361 2832 2430 ὀνομάζειν
2866 2362 2966 2433 τὴν
3000 2363 3310 2434 Παρθένον·
3343 2364 3458 2417 ἀλλ’
3484 2366 3583 2416 οὐκ
3619 2367 3848 2434 οἱδαμεν
3883 2370 3927 2418 εί

2337 2455 2559 2508 δύναται
2596 2453 2758 2506 τοῦτο
2784 2455 3023 2523 δηλῶσαι
3053 2456 3112 2508 τὸ
3139 2455 3350 2508 τοιοῦτο
3384 2457 3568 2526 σχῆμα
3602 2458 3696 2510 τοῦ
3726 2460 3929 2527 ὀνόμα-

2339 2564 2428 2612 τος
2441 2589 2452 2602 -
3110 2560 3112 2562 ’

2415 2655 2439 2687 ι
2475 2636 2881 2708 Ἓξολυῡρεὺσει
2917 2639 3124 2707 Κύριος
3157 2641 3337 2692 πάντα
3369 2640 3436 2692 τὰ
3473 2641 3626 2709 χείλη
3651 2641 3722 2694 τὰ
3751 2642 3926 2701 δόλια.

2340 2724 2595 2792 γλῶσσαν
2637 2727 2951 2798 μγαλορῤή
2963 2745 3118 2796 μονα,
3155 2730 3280 2790 τοὺς
3312 2731 3583 2792 είπίνταςο
3611 2731 3723 2802 Τὴν
3746 2733 3928 2798 γλὼσο

2345 2835 2445 2870 σαν
2473 2818 2631 2887 ἡμῶν
2664 2819 3112 2889 μεγαλυνοῦμεψ
3144 2821 3212 2873 τὰ
3241 2821 3391 2890 χείλη
3438 2823 3596 2891 ἡμῶν
3629 2827 3764 2892 παρ’
3800 2827 3938 2894 ἡμῖν

2341 2911 2492 2962 ἐστι·
2521 2911 2606 2974 τίς
2644 2912 2803 2980 ἡμῶν
2831 2912 3036 2982 Κύριός
3064 2916 3248 2975 iactv;
3283 2932 3298 2964 ι
3335 2914 3538 2966 Εἴπατε
3570 2918 3725 2984 ἡμῖν,
3752 2919 3804 2968 oi
3835 2921 3935 2969 αὑ-

2344 2999 2528 3072 οεντίᾳ
2575 3001 3020 3070 νομοθετοῦντες,
3057 3003 3130 3072 μὴ
3162 3002 3223 3068 ἐξ
3262 3003 3401 3066 ἑνὸς,
3435 3003 3548 3056 ἁλλ’
3575 3007 3640 3058 ὲκ
3668 3006 3945 3061 πλειᾶνων

2344 3093 2518 3145 τόκων
2544 3091 2836 3162 ὀνομάζειν
2875 3092 2973 3162 τὴν
2998 3093 3290 3146 τίκτουσαν
3315 3111 3327 3122 -
3355 3090 3462 3166 ἄρα
3496 3093 3591 3147 οὖν
3622 3099 3744 3148 ἐπεὶ
3776 3115 3908 3168 μονο

3910 3223 3934 3260 ξι

2352 3274 2633 3329 Ἐλισάεετ
2684 3278 2714 3327 ὁ
2770 3276 3044 3344 Ἰωάννης,
3101 3278 3167 3344 τῇ
3224 3277 3393 3346 Ἀννῃ
3446 3278 3480 3346 ἡ
3543 3278 3802 3348 Μαριὰμ,
3838 3286 3938 3332 καὶ-

2334 3366 2522 3430 ἁπλῶς
2570 3367 2771 3431 πάντες
2797 3369 2916 3419 ὅσοι
2950 3383 3009 3419 τε
3039 3367 3134 3418 καὶ
3160 3368 3282 3419 ὅσαι
3313 3368 3410 3419 ἕνα
3441 3369 3556 3420 υἱὸν
3589 3369 3622 3437 ἦ
3651 3371 3934 3442 θυγατέρα

2339 3459 2470 3528 μίαν
2501 3459 2663 3527 μόνον
2697 3460 3119 3529 ἐπιγράφονται,
3163 3460 3264 3530 ἤδη
3317 3461 3442 3510 καθ’
3490 3461 3658 3530 ὑμᾶς,
3705 3464 3938 3528 τούτους

2335 3553 2450 3619 εἴγε
2487 3567 2570 3613 τις
2619 3549 2909 3619 ὀνομάζειν
2953 3550 3151 3607 ἐθέλοι.
3207 3551 3271 3603 ἐκ
3328 3569 3384 3603 τε
3441 3552 3534 3605 τοῦ
3576 3557 3805 3608 τοκετοῦ
3843 3559 3937 3607 καὶ

2334 3641 2434 3710 τῆς
2469 3640 2684 3709 φύσεως
2717 3638 2812 3692 τοῦ
2839 3639 3126 3707 τεχθέντος
3171 3640 3371 3706 καλῶν,
3392 3643 3494 3694 οὐκ
3514 3644 3938 3713 ἀῤῥενοτόκους,

2335 3733 2369 3802 ἢ
2405 3733 2736 3802 θηλυτόκους
2786 3733 3051 3801 τολμήσοι
3087 3732 3299 3800 λέγειν;
3333 3735 3430 3786 καὶ
3457 3735 3542 3797 τίς
3571 3736 3841 3803 ἀκούσας,
3877 3741 3937 3791 οὐ

2338 3823 2646 3878 καταπτύει
2670 3822 2780 3875 τῶν
2811 3823 3072 3877 τοιούτων
3099 3824 3258 3892 ὑμῶν
3279 3827 3656 3896 σοφισμάτων,
3689 3823 3738 3880 ὦ
3763 3831 3936 3884 τάλα-

2343 3933 2462 3980 νες;
2486 3915 2548 3970 El
2599 3915 2657 3967 δὲ
2712 3914 2805 3968 καὶ
2850 3915 3026 3977 οὕτως
3071 3912 3217 3983 εἶχεν
3252 3916 3327 3978 ὣς
3365 3935 3500 3981 φατε
3534 3921 3583 3970 οί
3619 3920 3695 3988 μὴ
3733 3919 3936 3973 εἰδέναι

2339 4012 2388 4062 εί
2427 4007 2652 4062 δυνατὸν
2697 4007 2853 4060 τοῦτο
2899 4007 3189 4075 δηλοῦσθαι
3225 4008 3311 4060 διὰ
3357 4011 3600 4062 τοιούτου
3651 4012 3938 4081 σχήματος

2339 4102 2617 4171 λέγοντες,
2647 4100 2768 4162 πῶς
2797 4101 2956 4168 ὑμεῖς
3002 4100 3366 4168 Χριστοτόκον
3397 4102 3490 4154 καὶ
3518 4103 3946 4170 ἁνθρωποτόκον

2341 4192 2528 4246 καλεῖν
2557 4192 2656 4260 τὴν
2681 4189 2862 4253 ὅντως
2893 4188 3157 4241 Θεοτόκον
3201 4190 3505 4257 συνεὶδετε;
3542 4194 3590 4242 εί
3618 4192 3728 4261 γὰρ
3759 4194 3824 4245 ἐκ
3851 4194 3946 4245 τοῦ

2344 4286 2462 4348 ἑνὸς
2511 4284 2676 4337 τόκου
2724 4284 2785 4337 οὐ
2843 4282 3068 4334 δυνατὸν
3108 4283 3469 4349 ὀνομάζεσθαι
3507 4282 3606 4352 τὴν
3648 4285 3948 4337 τίκτουσαν

2343 4374 2576 4439 τοιάνδε,
2625 4373 2658 4440 ἢ
2713 4372 2930 4434 πλείους
2968 4372 3259 4440 Χριστοὺς,
3297 4372 3331 4441 ἣ
3394 4371 3581 4432 ἁπλῶς
3621 4372 3949 4442 ἀνθρώπως

2343 4464 2521 4517 οἴεσθε
2552 4465 2744 4515 τεκεῖν
2775 4461 2874 4530 τὴν
2912 4461 3078 4527 ἁγίαν
3112 4460 3413 4530 Παρθένον,
3446 4461 3480 4528 ἦ
3514 4461 3637 4514 οὐδὲ
3670 4463 3852 4515 ταῦτα
3877 4465 3950 4517 τὰ

652 4570 898 4620 causam,
923 4571 956 4609 ο
986 4554 1304 4609 miserrimi.
1333 4554 1440 4610 Sed
1465 4557 1718 4625 sequitur
1731 4573 1799 4611 ex
1826 4567 2010 4612 vestra
2036 4575 2234 4628 suppo-

2347 4555 2591 4622 ὀνόμιιτα
2623 4551 2796 4621 ἔχοιτε
2846 4550 3027 4618 λέγειν
3068 4550 3155 4600 ἐπ’
3191 4550 3382 4617 αὐτῆς,
3417 4549 3764 4602 ἀθλιώτατοι.
3785 4552 3950 4605 Ἀκό-

653 4648 856 4702 sitione
895 4661 1077 4716 neque
1121 4645 1351 4701 unicum
1393 4647 1616 4702 Patrem
1669 4650 1836 4704 unius
1871 4651 1993 4718 ejus
2027 4649 2151 4704 Filii
2184 4658 2240 4704 et

653 4737 824 4792 Verbi
883 4737 982 4792 Dei
1024 4739 1328 4808 genitorem
1393 4738 1544 4804 dici;
1581 4740 1712 4810 quia
1762 4740 1988 4795 unicum
2025 4749 2082 4795 et
2127 4757 2239 4794 non

655 4827 844 4895 plures
880 4827 1074 4896 genu-it
1103 4825 1261 4880 Deos.
1299 4826 1366 4880 Et
1389 4828 1668 4896 quomodo
1689 4844 1816 4882 eum
1870 4843 1990 4883 esse.
2021 4831 2242 4898 proprie

656 4917 753 4972 Dei
774 4919 1078 4987 genitorem
1107 4918 1332 4972 dicitis?
1353 4918 1453 4971 sed
1472 4934 1604 4973 vere
1621 4919 1872 4973 dicentes
1900 4939 1912 4973 :
1941 4937 1960 4971 ι
1993 4920 2104 4974 Vos
2121 4935 2241 4974 esse

656 5010 937 5079 sapientes
968 5009 1121 5063 stulti
1150 5009 1276 5064 facti
1301 5010 1458 5072 estis,
1498 5020 1556 5063 et
1593 5011 1944 5064 obscuratum
1993 5022 2076 5064 est
2102 5012 2244 5064 insi-

659 5099 817 5167 piens
833 5114 931 5153 cor
948 5107 1192 5153 vestrum
1210 5107 1274 5152 ιη.
1304 5119 1321 5150 ι
1357 5099 1514 5154 Tune
1534 5099 1682 5153 enim
1713 5100 2100 5154 tantummodo
2123 5102 2247 5169 plu-

659 5189 796 5243 ritas
850 5190 916 5243 ad
980 5189 1492 5243 denominationem
1541 5190 1886 5244 denominati
1938 5191 2243 5255 confertur,

658 5296 785 5335 cum
819 5280 1069 5351 subjecta
1099 5298 1211 5346 res,
1237 5297 1473 5336 numero
1495 5282 1720 5350 quidem
1743 5283 1951 5352 plures,
1979 5284 2243 5352 singulari

657 5380 844 5426 autem
871 5372 1197 5425 charactere
1256 5371 1498 5425 nominis
1535 5373 1784 5441 usurpati
1828 5381 2089 5442 tanquam
2123 5371 2209 5425 col

658 5461 842 5515 lectivi
870 5461 1251 5530 designantur.
1278 5462 1368 5517 Sic
1418 5462 1675 5516 videlicet
1711 5465 1841 5518 vitis
1879 5479 1988 5516 una
2025 5464 2242 5517 vineam

658 5567 769 5606 non
795 5555 1136 5617 constituet;
1176 5569 1279 5608 nec
1306 5554 1514 5608 vitibus
1555 5552 1798 5608 leraeem
1851 5555 2111 5625 depinget
2151 5555 2248 5608 ali-

660 5643 786 5712 quis
816 5645 978 5699 talem
1008 5648 1312 5716 regionem,
1362 5662 1464 5702 nec
1497 5644 1838 5715 frugiferam.
1874 5663 1976 5702 nec
2001 5648 2246 5713 piscibus

694 5827 758 5872 ’ἰ
799 5830 942 5886 Psal.
970 5845 1044 5892 χι,
1081 5828 1191 5889 με.
1274 5841 1310 5866 πι
1342 5829 1498 5882 (lein.
1537 5845 1570 5894 I,
1604 5827 1692 5882 εἳ.

2350 4644 2544 4696 λουθον
2606 4641 2660 4694 δὲ
2710 4645 2778 4710 τῇ
2823 4641 3067 4709 ἡμετέρᾳ
3109 4638 3386 4704 ὑποθέσει,
3435 4639 3568 4707 μηδὲ
3616 4640 3710 4691 τὸν
3782 4642 3954 4709 μόνον

2356 4738 2580 4804 Πατέρα
2610 4731 2705 4784 του
2742 4734 2904 4798 μόνου
2945 4729 3078 4782 Tir/3
3125 4729 3290 4782 αὑτοῦ
3318 4732 3413 4783 καὶ
3439 4732 3614 4796 Λόγου
3642 4731 3780 4784 Θεοῦ
3815 4751 3952 4800 τεν-

2352 4827 2554 4895 νήτορα
2601 4823 2889 4889 λέγεσθαι’
2942 4821 3064 4872 ἐπεὶ
3105 4821 3210 4874 ,ἕνα
3272 4823 3433 4888 μόνον
3483 4821 3576 4872 καὶ
3629 4821 3690 4872 οὐ
3724 4822 3953 4885 πλείοις

2351 4917 2508 4966 ἔτεκε
2550 4914 2679 4974 τοὺς
2726 4913 2879 4975 θεοὺς
2907 4929 2918 4940 ·
2957 4911 3048 4962 καὶ
3090 4911 3206 4973 πῶς
3253 4911 3419 4962 αἰτὶν
3448 4907 3588 4963 εἶναι
3614 4913 3705 4963 τὸν
3736 4915 3953 4981 κυρίως

2351 5006 2614 5060 Θεοτόκον
2630 5006 2819 5070 λέγετε
2839 5022 2851 5064 ;
2877 5023 2893 5053 ι
2925 5003 3063 5057 Ἀλλ’
3081 5003 3249 5063 ὄντως
3270 5004 3571 5066 φάσκοντες
3596 5000 3737 5056 εἶναι
3761 5007 3948 5073 σοφοὶ,

2353 5095 2714 5165 ἐμωράνθητε
2737 5111 2749 5124 ⁸
2781 5097 2876 5148 καί
2921 5093 3215 5160 ἐσκοτίσθη
3260 5096 3291 5162 ἡ
3335 5094 3592 5156 ἀσύνετος
3623 5094 3776 5161 ὑμῶν
3813 5114 3954 5167 καρ-

2354 5186 2462 5238 δία.
2496 5205 2514 5237 ι
2548 5185 2682 5237 Τότε
2716 5185 2826 5254 γὰρ
2851 5185 3011 5254 μόνον
3035 5183 3095 5236 τὸ
3122 5184 3323 5252 πλῆθος
3343 5185 3479 5253 πρὸς
3521 5185 3718 5254 κυρίαν
3740 5185 3953 5255 ὀνομα-

2357 5277 2478 5328 σίαν
2519 5276 2613 5327 τοῦ
2658 5274 3063 5344 ὀνομαζομένου
3116 5274 3510 5342 συμϐάλλεται,
3553 5275 3681 5325 ὅταν
3718 5276 3953 5329 πλείονὰ

2352 5383 2474 5418 τινα
2507 5367 2585 5434 τῷ
2619 5365 2838 5438 ἀριθμῷ
2875 5367 3232 5434 ὑποκείμενα,
3283 5364 3446 5434 ἑνικῷ
3495 5366 3807 5439 χαρακτῆρι
3850 5369 3950 5421 τοῦ

2354 5458 2613 5528 ὀνόματος
2641 5459 2734 5511 τοῦ
2757 5459 3056 5526 λεγομένου
3088 5458 3164 5519 ὡς
3193 5458 3544 5528 περιεκτικοῦ
3579 5460 3916 5528 σημαίνεται
3936 5475 3950 5486 ·

2357 5554 2499 5606 κατὰ
2537 5553 2732 5605 τοῦτον
2767 5553 2873 5622 γὰρ
2921 5551 3010 5604 τὸν
3063 5551 3287 5620 τρόπον,
3318 5550 3561 5618 ἄμπελος
3593 5551 3688 5616 μία
3723 5553 3817 5602 τὸν
3844 5553 3956 5618 ἀμ-

2361 5646 2576 5698 πελῶνα
2607 5647 2666 5696 οὐ
2707 5644 3038 5713 συστήσεται
3063 5659 3074 5669 ·
3107 5644 3230 5695 οὐδὲ
3281 5643 3663 5712 ἀμπελοφὸρον
3706 5639 3847 5696 εἶναι
3895 5647 3956 5696 τ’)
