4194 6446
197 430 340 504 1653

1153 438 1550 497 ADVERSUS
1587 435 2209 497 NESTOR‘IANOS.—
2243 436 2386 494 LIB.
2443 438 2532 494 ιτ.

3319 433 3454 497 1654

194 551 398 622 χωρίον
441 547 732 618 διαγράςρει
784 562 864 607 τις
909 545 1102 607 οὕτως.
1151 546 1274 598 οὐδὲ
1333 547 1702 614 καρποφόρον,
1744 546 1777 615 ἢ

1910 543 2179 596 ’ecundam
2217 557 2433 613 aquam.
2469 543 2573 596 Sed
2601 544 2715 597 haec
2755 551 2882 597 sunt
2933 542 3126 613 prima:
3154 551 3350 598 vestra:
3400 544 3456 599 in

192 641 514 708 ιλθυσγόνον
545 640 604 692 τὸ
647 639 809 708 ὕδωρ.
862 637 1020 689 ἈἏλὰ
1052 637 1219 689 ταῦτα
1251 639 1349 705 μὲν
1394 638 1459 688 τὰ
1505 637 1602 704 ei};
1637 635 1775 705 πρώ-

194 733 296 799 τῆς
326 731 481 800 ὑμῶν
530 729 652 782 καθ’
687 728 844 798 ἡμῶν
882 727 1176 797 μέμψεως⁸
1209 726 1556 791 ἐξεταζέσθω
1585 727 1638 780 δὲ
1687 730 1779 780 καὶ

196 823 266 876 τὰ
295 821 423 890 ἑξῆς
450 823 582 891 ὑμῖν
613 822 880 890 εἰρημένα
918 819 1234 888 βλάσφημα,
1272 818 1364 870 καὶ
1407 820 1483 889 μὴ
1520 817 1779 872 λανθανέ-

197 928 279 964 τω
309 910 462 973 τινὰς
491 910 565 979 μὴ
593 908 1045 980 στηλιτευόμενα.

811 1023 1060 1075 ΚΕΦΛΛ.
1103 1021 1176 1076 B'.

277 1115 386 1167 Τοῦ
445 1115 600 1179 Θε’ς
651 1113 940 1182 ὀνόματος,
975 1114 1128 1180 φασὶ,
1154 1113 1436 1181 πολλαχῶς
1491 1113 1786 1180 λεγομένου

209 1207 364 1275 παρὰ
407 1207 473 1275 τῇ
519 1204 635 1274 θείᾳ
675 1205 887 1274 Γραφῇ,
930 1197 1043 1255 οἷον
1090 1205 1344 1274 ἐπείπερ,
1370 1224 1388 1254 ‹
1431 1199 1522 1266 Εἷς
1561 1204 1691 1264 Θεὸς
1731 1204 1788 1266 ὃς

209 1295 494 1349 δικαιώσει
545 1296 848 1365 περιτομὴν
897 1298 965 1350 ἐκ
1009 1295 1246 1357 πίστεως
1283 1295 1376 1346 καὶ
1421 1293 1790 1364 ἁκροϐυστῖαν

210 1389 303 1441 δά
330 1391 428 1456 τῆς
455 1389 710 1449 πίστεως·
739 1407 757 1439 ι
791 1389 881 1440 καὶ
913 1388 1096 1451 πάλιν,
1123 1405 1143 1436 ι
1165 1388 1222 1440 ’0
1250 1386 1382 1449 Θεὸς
1410 1386 1542 1453 ἐστη
1572 1387 1632 1438 ὲν
1666 1402 1790 1438 συν-

208 1480 405 1547 αγωγῇ
437 1478 594 1541 θεῶν,
630 1479 688 1530 ἐν
730 1478 879 1548 μέσῳ
920 1478 977 1530 δὲ
1016 1476 1172 1540 θεοὺς
1200 1477 1485 1545 διακρινεῖ·
1522 1496 1541 1527 ι
1573 1477 1666 1528 καὶ
1694 1477 1786 1529 αὖ·

205 1571 309 1630 θις·
352 1588 370 1620 ι
411 1570 622 1637 Ὠσπερ
659 1569 766 1622 εἰσὶ
818 1569 931 1620 θεοὶ
959 1568 1144 1621 πολλοὶ
1186 1569 1280 1620 καὶ
1314 1567 1494 1636 κύριοι
1517 1566 1722 1629 πολλοὶ,
1766 1588 1785 1617 ι

205 1663 352 1713 κατὰ
394 1663 548 1712 ποῖον
575 1659 1322 1728 ὲξείληπταιγσημαινόμενον
1347 1660 1529 1721 αὐτοῖς
1559 1659 1792 1712 ἐνταῦθα

205 1751 268 1801 τι
294 1750 443 1815 Θεὸς
474 1751 644 1818 δνομα
673 1751 768 1802 ἐπὶ
812 1749 913 1818 τῆς
961 1749 1257 1816 Θεοτὸκου;
1296 1750 1454 1802 Κατά
1488 1750 1548 1801 τὸ
1578 1749 1794 1818 πρῶτον

205 1844 348 1913 ὅπερ
379 1842 498 1895 ἐστὶ
538 1843 700 1909 φύσει
745 1840 925 1908 λέγειν
971 1841 1134 1902 Θεὸν.
1172 1841 1203 1911 ἢ
1259 1842 1399 1893 κατὰ
1447 1841 1508 1894 τὸ
1539 1841 1792 1910 δεύτερον

207 1934 461 1986 τουτέστι
494 1934 661 1997 θέσει,
699 1933 732 2004 ἢ
767 1932 904 1987 κατὰ
945 1934 1004 1986 τὸ
1038 1933 1219 2004 τρίτον
1247 1933 1384 2002 ὅπερ
1414 1935 1533 1984 ἐστὶ
1574 1933 1633 1985 τὸ
1659 1934 1794 2001 ψευ-

207 2025 331 2090 δές;
367 2024 504 2078 ἀλλὰ
536 2025 676 2078 κατὰ
705 2027 766 2077 τὸ
793 2024 1043 2096 ὕστερον,
1077 2025 1179 2078 οὐκ
1228 2025 1296 2078 ἂν
1342 2027 1570 2088 εἴποιεν,
1601 2025 1721 2076 οὐδὲ
1745 2026 1794 2076 εἰ

207 2116 470 2186 δαίμονες
523 2117 788 2185 γένοιντο.
840 2117 980 2168 Ἀλλ’
1041 2117 1090 2169 εἰ
1127 2116 1269 2170 κατὰ
1320 2116 1382 2170 τὸ
1424 2116 1674 2184 δεύτερον
1706 2116 1795 2169 λέ-

209 2225 387 2274 γοιεν,
414 2209 651 2261 ἴστωσαν
679 2209 763 2260 ὃτι
793 2207 926 2269 Θεὸς
961 2207 1110 2260 θέσει
1143 2208 1240 2260 οὐκ
1267 2207 1518 2275 ἄγγελος,
1543 2207 1641 2259 οὐκ
1674 2206 1795 2259 ἄλο-

209 2315 311 2365 γον
351 2297 513 2361 ζῶον,
545 2297 608 2350 οὔ
651 2315 704 2350 τι
753 2298 862 2350 τῶν
918 2298 1233 2367 κτισμάτων
1281 2297 1478 2368 ἐλέχθη
1537 2297 1687 2366 παρὰ
1728 2301 1793 2368 τῇ

210 2390 339 2461 θείᾳ
376 2389 569 2461 Γραφῇ
619 2407 770 2443 ποτε.
811 2390 883 2441 Ἦ
927 2389 1343 2458 ἀνθρωποτόκον
1389 2389 1480 2442 οῦν
1520 2407 1650 2458 φασι
1697 2391 1796 2460 τὴν

214 2479 486 2551 παρθένον
514 2481 700 2549 φύσεις
727 2481 843 2534 ἀλλ’
866 2480 1224 2549 ἐπιλέλησμαι
1242 2481 1340 2549 τῆς
1362 2481 1674 2550 προσῗιήκης
1700 2479 1794 2532 τοῦ

211 2573 438 2639 κυρίως
461 2573 556 2626 καὶ
592 2572 738 2626 κατὰ
767 2571 1074 2636 ἀλήθειαν·
1114 2572 1173 2624 τὸ
1207 2571 1314 2642 γὰρ
1351 2572 1564 2638 κυρίως
1603 2570 1798 2640 παρεί-

212 2664 430 2734 ληπται
455 2664 640 2726 αὐτοῖς
673 2665 764 2715 ἔτει
795 2661 1028 2730 δηλώσει
1057 2660 1151 2714 τοῦ
1187 2663 1347 2728 φύσει
1373 2661 1507 2714 Θεὸν
1539 2677 1798 2730 γεγεννη-

217 2752 378 2806 κέναι
402 2752 499 2822 τὴν
533 2754 828 2824 Παρθένον·
862 2753 978 2805 ἀλλ’
1010 2754 1059 2805 εἰ
1088 2753 1359 2822 ἐνδέχεται
1387 2750 1564 2815 τοῦτο,
1598 2753 1692 2802 καὶ
1725 2751 1797 2821 μὴ

217 2848 522 2902 ἀπίκαται
547 2847 656 2909 τοῖς
687 2851 886 2910 κοινοῖς
917 2847 1351 2917 όμολογήμασιν,
1386 2845 1602 2914 ἴδωμεν.
1638 2844 1800 2912 Ὀμο-

219 2939 443 3006 λογοῦσι
467 2939 574 3010 γὰρ
595 2939 868 3009 ἄτρεπτον
892 2935 1030 2993 εἶναι
1055 2939 1146 2990 τὸν
1171 2939 1304 2991 Θεὸν
1319 2938 1491 3004 Λόγον
1520 2938 1610 2988 καὶ
1639 2935 1800 2987 ἀναλ-

219 3031 447 3084 λοίωτον
473 3029 617 3084 κατὰ
646 3032 742 3100 τὴν
772 3031 988 3085 ἔκθεσιν
1027 3030 1135 3083 τῶν
1167 3031 1358 3082 κοινῶν
1400 3027 1659 3098 Πατέρων
1699 3028 1799 3096 τῆς

222 3123 284 3172 ὲν
317 3119 525 3189 Νικαῐᾳ
573 3119 718 3186 λέγω
775 3119 1013 3172 συνόδου·
1050 3120 1078 3171 ὁ
1112 3119 1168 3171 δὲ
1201 3119 1470 3187 ἄτρεπτος
1511 3118 1605 3169 καὶ
1639 3117 1800 3169 ἀναλ-

220 3210 468 3272 λοίωτος,
497 3209 621 3262 οὔτε
653 3209 852 3280 χείρων
879 3209 1076 3262 ἑαυτοῦ
1105 3211 1418 3278 γενήσεται,
1459 3207 1582 3260 οὔτε
1611 3206 1798 3276 κρείτ-

219 3318 355 3362 των,
377 3301 494 3354 ἀλλ’
519 3302 607 3354 ἀεὶ
636 3301 779 3355 κατὰ
807 3301 868 3354 τὸ
898 3300 1028 3354 αὐτὸ
1066 3302 1236 3370 μένει,
1275 3299 1348 3370 μὴ
1397 3299 1798 3370 ἀλλοιούμενος,

222 3393 396 3453 ἀΐδιος
421 3391 517 3446 ὢν·
544 3394 634 3445 καὶ
661 3393 917 3446 οὐδέποτε
941 3395 1039 3445 οὐκ
1080 3393 1177 3457 ὢν,
1216 3393 1394 3462 ἀρχὴν
1426 3391 1520 3443 τοῦ
1561 3387 1700 3444 εἶναι
1732 3390 1806 3461 μὴ

221 3481 541 3551 δεξάμενοςο
580 3482 905 3550 θεασώμεθα
933 3484 1065 3551 γοῦν
1098 3485 1146 3535 εἰ
1179 3484 1252 3552 μὴ
1285 3483 1439 3535 λύσει
1463 3482 1714 3552 γέννησις
1744 3485 1808 3535 ὲκ

224 3574 487 3641 γυναικὸς
520 3576 973 3647 κατηγορουμένη
1010 3574 1104 3628 τοῦ
1133 3575 1269 3628 Θεοῦ
1291 3573 1468 3640 Λόγου
1498 3575 1531 3643 ἦ
1553 3576 1614 3627 τὸ
1643 3574 1808 3626 ἀΐδιον

227 3663 420 3728 αὐτοῦ,
459 3664 492 3733 ἦ
520 3663 581 3717 τὸ
629 3664 1010 3730 ἀναλλοίωτον,
1047 3667 1142 3719 καὶ
1174 3666 1406 3720 καθόλου
1439 3665 1510 3717 τὰ
1541 3666 1812 3734 προσόντα

229 3755 384 3826 αὖτῷ
431 3757 525 3809 καὶ
564 3755 975 3826 ὁμολογούμενα
1011 3759 1136 3826 παρ’
1165 3757 1324 3826 ἡμῶν
1351 3755 1548 3818 κοινῶς
1581 3755 1655 3818 ὡς
1689 3754 1810 3824 Θεῷ

231 3850 329 3901 καὶ
353 3849 464 3900 τῶν
502 3847 775 3901 ἁπάντων.

302 4018 422 4073 Νῦν
463 4019 566 4072 οὐκ
612 4020 677 4072 ἐκ
722 4018 818 4073 τοῦ
857 4023 932 4092 μὴ
967 4021 1216 4084 πολλοὺς,
1266 4021 1384 4074 ἀλλ’
1425 4021 1488 4074 ix
1523 4021 1617 4074 τοῦ
1681 4023 1815 4091 μηδὲ

230 4110 330 4164 τὸν
359 4111 454 4163 ινα
477 4110 639 4162 αὑτὸν
667 4110 759 4162 τὸν
794 4111 1054 4179 τεχθέντα
1099 4113 1306 4181 κυρίως
1337 4107 1476 4165 εἶναι
1501 4113 1653 4177 Θεὸν,
1683 4115 1814 4167 ἀνα-

232 4199 464 4268 τρέπειν
490 4201 589 4271 τὴν
629 4201 720 4253 ἐπὶ
752 4203 852 4270 τῆς
893 4202 1053 4269 ἁγίας
1101 4202 1380 4271 Παρθένου
1423 4202 1519 4272 τὴν
1545 4205 1646 4270 τῆς
1687 4204 1818 4256 Θεο-

233 4294 400 4346 τ5κου
428 4292 611 4361 φωνῆς
638 4291 846 4345 ῑννοιαν
885 4293 1088 4363 κυρίως
1117 4289 1284 4346 οὖσαν
1312 4295 1406 4346 καὶ
1429 4294 1644 4362 ἀληθῶς
1667 4295 1820 4362 λεγο-

241 4383 434 4452 μένην,
478 4382 833 4450 ιτολμήσατε.
874 4382 948 4435 Τδ
977 4384 1085 4453 γὰρ
1119 4383 1263 4448 Θεὸς
1291 4382 1487 4452 θνομα,
1519 4385 1821 4454 ὁμωνύμως

237 4472 536 4542 λεγόμενον
567 4472 659 4524 ἐπὶ
690 4472 962 4541 διαφόρων
988 4473 1145 4526 τινιῖιν
1178 4477 1243 4544 τῇ
1275 4474 1439 4543 οὐσία
1473 4476 1819 4545 παραγαγόν-

1883 650 1981 685 lius
2015 633 2460 702 reprehensionis
2491 645 2709 702 puncta.
2739 635 2896 688 Nunc
2924 646 3106 689 autem
3137 650 3462 690 recensean-

1884 734 1973 778 tur
1999 736 2055 779 et
2106 736 2401 795 sequentes
2457 735 2655 782 vestrae
2683 726 3058 797 blasphemiae,
3085 739 3142 786 et
3179 729 3456 786 neminem

1887 815 2056 870 lateat
2086 830 2177 869 eas
2210 831 2328 870 esse
2359 818 2664 872 damnatas.

2518 1020 2666 1074 CAP.
2701 1023 2766 1076 ll.
2862 1047 2870 1056 ε

1935 1101 2171 1166 Nomen
2207 1111 2372 1174 Deus,
2401 1110 2580 1174 aiunt,
2631 1113 2782 1165 vario
2838 1113 3002 1167 modo
3035 1111 3184 1183 apud
3216 1112 3461 1166 divinam

1894 1201 2235 1272 Set-ipturam
2275 1209 2575 1272 usurpatur
2605 1219 2619 1254 :
2655 1203 2806 1258 verbi
2867 1205 3061 1274 gratia,
3097 1203 3282 1259 «Unus
3319 1205 3466 1258 Deus

1889 1299 1984 1366 qui
2013 1295 2337 1367 justiﬁeabit
2381 1296 2862 1351 circumeisionem
2893 1311 2960 1351 ex
2990 1296 3101 1351 ﬁde
3146 1306 3203 1353 et
3247 1312 3465 1366 praepu-

1893 1388 2028 1442 tium
2063 1403 2160 1458 per
2197 1387 2359 1443 ﬁdem
2380 1396 2459 1442 ιι.»
2485 1387 2550 1444 Ει
2586 1403 2809 1442 rursum
2847 1405 2860 1440 :
2893 1389 3067 1442 «Deus
3092 1387 3247 1442 stetit
3277 1387 3330 1440 in
3386 1402 3468 1455 sy-

1891 1495 2102 1551 nagoga
2122 1482 2378 1545 deorum,
2396 1482 2449 1535 in
2473 1481 2657 1535 medio
2686 1488 2868 1534 autem
2889 1480 3022 1534 deos
3047 1479 3374 1550 diiudicat".
3399 1481 3468 1536 Et

1892 1576 2078 1630 adhuc
2110 1594 2124 1628 :
2165 1593 2181 1625 ι
2217 1575 2374 1630 Sicut
2395 1585 2526 1630 sunt
2555 1575 2632 1629 dii
2665 1575 2822 1628 multi
2856 1584 2914 1629 et
2937 1575 3146 1629 domini
3177 1574 3336 1628 multi
3363 1581 3410 1627 Ρ.
3445 1594 3462 1627 ι

1892 1667 2140 1735 Quonam
2165 1683 2333 1737 porro
2357 1682 2519 1721 sensu
2547 1667 2639 1720 hic
2671 1665 2913 1719 indicato
2945 1680 3144 1718 nomen
3170 1667 3312 1721 Deus
3344 1682 3469 1721 cum

1893 1761 2074 1831 agitur
2092 1760 2158 1813 de
2192 1759 2460 1828 Deipara?
2487 1759 2626 1813 Num
2659 1759 2714 1812 in
2748 1760 2945 1828 primo.
2972 1759 3025 1812 id
3059 1768 3161 1823 est,
3196 1760 3337 1813 Deus
3379 1776 3472 1814 na-

1897 1859 2057 1914 tura;
2093 1860 2187 1904 aut
2219 1849 2270 1903 in
2295 1849 2558 1914 secundo,
2594 1849 2650 1903 id
2709 1859 2790 1904 est
2829 1851 2972 1905 Dens
3011 1850 3339 1920 adoptione;
3379 1861 3473 1906 aut

1898 1945 1954 2000 in
1980 1945 2144 1999 tertio
2180 1945 2274 2015 qui
2307 1953 2392 1998 est
2407 1944 2576 1998 falsus
2603 1944 2625 1996 ?
2650 1943 2756 1998 Sed
2780 1945 2836 1998 in
2867 1952 3150 2014 postremo
3189 1960 3470 2013 nunquam

1897 2034 2170 2097 dicerent,
2206 2048 2275 2086 ne
2305 2031 2350 2087 si
2400 2031 2678 2086 daemones
2712 2031 2937 2100 quidem
2984 2032 3378 2098 essent.’Qnod
3427 2034 3472 2086 si

1896 2123 1954 2178 in
1988 2120 2234 2176 secundo
2263 2120 2534 2183 dicerent,
2567 2121 2744 2174 sciant
2771 2121 2941 2175 Deum
2988 2120 3284 2188 adoptione
3329 2139 3474 2178 nun-

1896 2224 2060 2280 quam
2081 2222 2260 2276 neque
2281 2207 2556 2276 angelum,
2587 2222 2765 2275 neque
2797 2207 3120 2261 irrationale
3135 2207 3360 2274 animal,
3382 2225 3476 2264 ne-

1895 2316 2002 2371 que
2027 2300 2192 2354 ullam
2254 2314 2324 2352 ex
2357 2298 2628 2353 creaturis
2652 2298 2978 2353 allirmntuin
3013 2299 3181 2354 fuisse
3213 2300 3268 2353 in
3289 2299 3474 2354 divina

1893 2393 2203 2461 Scriptura.
2226 2391 2368 2445 Νιιιιι
2395 2389 2564 2460 igitur
2587 2389 2896 2443 inbominis
2929 2389 3254 2459 genitricem
3281 2389 3476 2444 dicunt

1897 2479 2220 2550 Virginem?
2256 2478 2364 2532 Sed
2398 2477 2698 2531 obliviscor
2713 2477 2865 2530 verbi
2893 2479 3103 2547 proprie
3119 2487 3174 2532 et
3197 2479 3475 2534 ueraciter.

1896 2571 2032 2627 Nam
2073 2570 2305 2625 verbum
2328 2571 2540 2639 proprie
2561 2569 2630 2623 ab
2652 2569 2786 2639 ipsis
2816 2578 3112 2639 usurpatur
3147 2569 3215 2623 ad
3244 2569 3475 2624 demon-

1897 2662 2183 2718 strandum
2221 2661 2490 2730 virginem
2512 2661 2768 2730 genuisse
2799 2661 2968 2715 Deum
2997 2670 3214 2718 natura.
3257 2661 3367 2717 Sed
3394 2663 3480 2716 vi-

1898 2754 2128 2808 deamus
2161 2761 2346 2806 utrum
2383 2751 2708 2804 admittatur
2735 2751 2871 2804 illud
2896 2760 2950 2806 et
2996 2767 3106 2806 non
3156 2752 3482 2808 adversetur

1898 2840 2288 2898 communibus
2315 2839 2604 2895 confessis.
2649 2839 2915 2895 Fatentnr
2961 2842 3109 2896 enim
3141 2843 3312 2896 Deum
3344 2843 3486 2898 Ver-

1899 2935 2030 2990 bum
2072 2933 2468 2989 immutabilem
2508 2948 2628 2996 esse
2670 2941 2725 2986 et
2757 2934 2935 2988 omnis
2964 2935 3342 2989 conversionis
3385 2949 3485 2990 ex-

1898 3034 2133 3096 pertem,
2146 3026 2446 3078 secundum
2463 3025 2859 3092 expositionem
2873 3027 3246 3080 communium
3261 3027 3483 3083 Patrum

1897 3115 2121 3167 Nicena:
2140 3110 2352 3180 synodi.
2392 3110 2548 3175 Quod
2579 3109 2745 3179 igitur
2769 3119 2853 3164 est
2908 3111 3247 3168 immutabile
3274 3122 3328 3167 et
3352 3127 3486 3167 con-

1905 3202 2180 3258 versionis
2203 3215 2419 3270 expers,
2452 3216 2631 3269 neque
2665 3201 2847 3270 seipse
2885 3203 3066 3256 minor
3092 3218 3271 3272 neque
3317 3206 3489 3274 major

1909 3297 2023 3358 tiet,
2056 3293 2152 3348 sed
2184 3308 2402 3362 semper
2433 3292 2574 3345 idem
2605 3300 2812 3356 manet,
2843 3307 2952 3346 non
2982 3301 3248 3357 mutatus,
3278 3308 3402 3347 cum
3421 3295 3492 3348 sit

1906 3395 2164 3448 aeternus,
2194 3393 2251 3438 et
2277 3397 2555 3451 nunquam
2578 3397 2686 3435 non
2715 3381 3004 3444 exsistens,
3029 3397 3152 3436 cum
3193 3381 3489 3436 exsistendi

1909 3477 2127 3531 initium
2155 3490 2264 3529 non
2321 3473 2617 3541 acceperit.
2678 3471 3106 3527 Consideremus
3155 3472 3322 3542 igitur
3362 3487 3494 3527 num

1911 3569 2160 3639 objectus
2197 3564 2361 3619 Verbi
2397 3563 2493 3618 Dei
2527 3571 2720 3633 partus
2763 3578 2829 3617 ex
2886 3563 3116 3618 muliere
3157 3563 3332 3618 solvet
3380 3563 3495 3618 sive

1912 3661 2033 3730 ejus
2085 3657 2466 3719 mternitatem,
2533 3655 2649 3710 sive
2695 3654 3214 3719 immutabilitatem,
3277 3666 3332 3710 et
3388 3671 3498 3709 uno

1913 3751 2105 3816 verbo,
2140 3747 2288 3818 quod
2335 3747 2437 3816 ipsi
2491 3745 2784 3800 essentiale
2834 3756 2937 3812 est,
2981 3746 3236 3816 quodque
3283 3747 3385 3816 ipsi
3439 3757 3499 3802 ut

1915 3848 2027 3900 Deo
2057 3841 2376 3898 attribuitur
2411 3848 2526 3895 tum
2550 3855 2580 3894 a
2609 3838 2794 3905 nobis,
2822 3847 2933 3894 tum
2961 3841 3123 3895 simul
3169 3848 3225 3896 et
3277 3841 3346 3896 ab
3383 3857 3499 3896 om-

1916 3939 2096 3992 nibus.

1989 4028 2144 4082 Nunc
2169 4040 2277 4078 non
2310 4039 2376 4077 ex
2408 4037 2475 4077 eo
2505 4021 2651 4091 quod
2686 4036 2793 4075 non
2826 4022 2984 4076 multi
3011 4023 3123 4077 sint
3175 4022 3274 4087 dii,
3306 4022 3400 4078 sed
3433 4038 3502 4080 eo

1919 4119 2065 4190 quod
2095 4133 2195 4171 nec
2240 4130 2382 4168 unus
2423 4114 2539 4183 ipse
2581 4115 2804 4184 genitus
2853 4122 2909 4186 et
2937 4115 3157 4184 proprie
3205 4113 3350 4169 Deus
3407 4115 3500 4180 sit,

1921 4217 2245 4266 convertere
2271 4220 2389 4259 eam
2421 4220 2540 4274 qua:
2583 4205 2651 4258 de
2705 4214 2893 4281 sancta
2943 4204 3169 4274 Virgine
3215 4204 3361 4260 dicta
3420 4218 3506 4260 est

1923 4302 2144 4373 proprie
2163 4306 2218 4352 et
2241 4296 2507 4351 veraciter
2562 4295 2715 4349 vocis
2771 4296 3019 4362 Deiparae
3058 4295 3338 4350 notionem
3385 4298 3505 4351 ausi

1922 4394 2078 4449 estis.
2111 4392 2325 4446 Nomen
2345 4389 2492 4443 enim
2523 4387 2668 4443 Deus
2693 4387 2900 4456 pariter
2923 4403 3029 4442 una
3053 4387 3258 4443 dictum
3290 4387 3357 4442 de
3379 4387 3505 4457 qui-

1925 4478 2158 4534 busdam
2184 4485 2379 4530 natura
2435 4473 2822 4528 differentibus
2869 4474 3308 4538 introdueentes,
3339 4474 3508 4528 vultis

237 4580 354 4626 τες,
395 4562 648 4632 βούλεσθε
688 4564 745 4615 ἐν
770 4562 946 4632 τούτῳ
960 4580 1019 4616 τε
1043 4565 1137 4617 atat
1163 4564 1244 4634 τῷ
1271 4565 1524 4635 ἑπομένῳ
1553 4567 1678 4633 ἑξῆς
1698 4568 1807 4618 ὲπιε

1923 4571 1978 4625 in
2014 4569 2120 4622 hoc
2142 4569 2273 4620 etin
2300 4565 2551 4634 sequenti
2596 4573 2780 4618 vestro
2840 4565 3139 4618 tentamine
3193 4563 3506 4628 ostendere,

239 4653 539 4723 χειρήματι
585 4653 738 4721 ὑμῶν
779 4653 1071 4716 δεικνύναι,
1108 4654 1298 4724 ὥσπερ
1339 4653 1434 4706 οῦν
1481 4656 1575 4707 καὶ
1609 4656 1676 4708 δι’
1698 4657 1824 4724 ὅλης

240 4743 402 4810 ὑμῶν
439 4742 602 4811 τῆσδε
655 4744 755 4812 τῆς
797 4745 1123 4812 ὑποθέσεως,
1156 4747 1217 4798 οὐ
1253 4747 1345 4799 τὸν
1380 4744 1538 4815 φύσει
1567 4745 1700 4798 Θεὸν
1733 4748 1827 4799 ἐπὶ

240 4832 484 4903 Χριστοῦ
529 4820 818 4902 λεγόμενον
867 4836 1172 4903 σημαίνειν,
1219 4836 1333 4889 ἀλλ’
1372 4835 1498 4889 οὐδέ
1522 4852 1644 4889 τινα
1679 4838 1827 4905 ὅμως

237 4924 356 4978 τῖῦν
377 4923 744 4995 ψευδωνύμως
773 4926 1080 4994 λεγομένων
1103 4926 1240 4979 θεῶν
1274 4927 1495 4998 δηλαδήο
1527 4928 1689 4980 τοῦτο
1719 4931 1828 4997 γὰρ

242 5015 344 5070 καὶ
391 5016 610 5085 δαίμοσι
660 5018 1024 5087 παραιτητέον
1076 5017 1499 5089 ὡμολογήσατε·
1553 5020 1691 5072 ἀλλὰ
1738 5018 1827 5071 τὸν

244 5113 397 5168 θέσει
427 5113 584 5177 Θεὸν,
618 5111 708 5164 διὰ
748 5111 842 5165 τοῦ
883 5113 1086 5166 τοιοῦδε
1127 5113 1388 5182 ὀνόματος
1434 5115 1529 5166 ἐπὶ
1583 5113 1824 5181 Χριστοῦ

248 5201 634 5271 σημαίνεσθαι.
667 5201 826 5254 Θέσει
859 5202 914 5253 δὲ
954 5203 1084 5264 Θεὸς
1107 5243 1119 5265 ,
1160 5203 1235 5264 ὣς
1286 5220 1446 5270 φατε,
1495 5201 1618 5256 οὔτε
1652 5205 1825 5270 ἄγγε-

244 5294 358 5357 λος,
385 5291 509 5344 οῦτε
556 5292 684 5346 ἄλλο
725 5308 779 5343 τι
813 5291 972 5356 ζῶον,
1007 5292 1147 5363 πλὴν
1190 5293 1479 5363 ἀνθρώπου
1505 5333 1519 5356 ,
1571 5296 1636 5362 τῇ
1691 5293 1824 5363 ἁγίᾳ

247 5383 444 5454 Γραφῇ
493 5382 728 5452 εἴρηταιο
763 5381 960 5435 οὐκοῦν
1003 5382 1061 5447 ἐξ
1091 5383 1337 5452 ἀνάγκης
1381 5383 1502 5436 καθ’
1535 5384 1700 5453 ὑμᾶς,
1727 5383 1824 5436 ἇν-

248 5472 467 5541 θρωπός
497 5488 556 5525 τε
583 5474 611 5524 ὁ
635 5471 872 5542 τεχθεὶς,
920 5471 1016 5526 καὶ
1069 5472 1481 5544 ἀνθρωποτόκος
1522 5475 1558 5544 ἡ
1589 5473 1824 5526 τεκοῦσα

247 5565 597 5634 ἳεχθήσεται.
637 5564 699 5617 Et
749 5563 807 5618 δὲ
858 5564 1144 5634 ἄνθρωπος
1180 5568 1209 5618 ὁ
1247 5565 1480 5634 τεχθεὶς,
1536 5564 1630 5617 καὶ
1678 5563 1824 5616 θέσει

241 5653 384 5717 Οε6;
411 5671 426 5686 ο
460 5657 489 5708 ὁ
519 5655 575 5707 δὲ
606 5656 766 5724 φύσει
799 5655 931 5720 Θεὸς
960 5658 1285 5728 προστάττει
1313 5657 1477 5709 πᾶσιν
1518 5655 1827 5722 ἀνθρώποις

1930 4662 2071 4716 sicut
2118 4668 2175 4713 et
2206 4674 2308 4728 per
2356 4667 2526 4713 totam
2581 4657 2723 4710 hanc
2758 4664 2996 4710 vestram
3054 4656 3508 4725 propositionem,

1930 4764 2039 4802 non
2057 4755 2251 4800 natura
2282 4745 2453 4799 Deum
2484 4743 2551 4798 de
2591 4743 2812 4798 Christo
2838 4742 3048 4795 dictum
3089 4740 3354 4805 indicare,
3413 4741 3509 4796 sed

1928 4854 2032 4894 nec
2061 4836 2356 4907 quemdam
2412 4834 2671 4888 videlicet
2717 4848 2786 4886 ex
2817 4831 2958 4886 falso
2997 4832 3163 4886 dictis
3200 4831 3351 4898 diis;
3385 4847 3510 4884 nam

1929 4932 1999 4985 ab
2027 4931 2131 4984 hoc
2147 4929 2446 4982 abhorrere
2478 4927 2644 4978 etiam
2672 4923 2905 4978 dannoni
2942 4921 3179 4977 confessi
3201 4922 3376 4985 estis;
3417 4920 3513 4975 sed

1933 5025 2106 5078 Deum
2137 5019 2431 5088 adoptione
2460 5032 2558 5087 per
2607 5013 2919 5084 hujusmodi
2955 5027 3156 5068 nomen
3186 5012 3254 5067 de
3295 5011 3515 5068 Christo

1933 5110 2185 5166 indicari.
2239 5109 2382 5162 Deus
2437 5114 2619 5159 autem
2676 5103 2992 5176 adoptione,
3026 5112 3088 5157 ut
3151 5102 3336 5156 dicitis
3388 5101 3514 5170 ipsi.

1933 5216 2114 5271 neque
2155 5199 2400 5268 angelus,
2439 5210 2620 5264 neque
2671 5195 2846 5248 ullum
2885 5194 3086 5248 animal
3113 5202 3311 5262 praeter
3340 5191 3518 5246 homi-

1931 5309 2059 5348 nem
2083 5306 2234 5346 sacra
2266 5289 2549 5358 Scriptura
2593 5287 2775 5341 dictus
2831 5296 2934 5340 est.
2989 5285 3159 5354 Igitur
3203 5280 3518 5339 necessario

1929 5384 2238 5442 secundum
2266 5390 2508 5436 vestram
2541 5387 2802 5442 mentem,
2822 5387 2876 5432 et
2907 5377 3124 5448 genitus
3161 5374 3379 5430 dicetur
3411 5375 3515 5429 ho-

1932 5493 2026 5532 mo
2073 5485 2129 5529 et
2155 5473 2376 5543 pariens
2409 5472 2630 5526 dicetur
2659 5470 2903 5524 hominis
2928 5467 3173 5538 genitrix
3205 5484 3218 5521 :
3249 5466 3292 5521 si
3330 5472 3516 5518 autem

1928 5565 2152 5637 genitus
2179 5571 2265 5617 est
2283 5563 2468 5625 homo,
2502 5572 2586 5616 est
2611 5562 2752 5616 Deus
2772 5559 3087 5629 adoptione.
3113 5559 3283 5612 Porro
3303 5556 3394 5610 ille
3422 5555 3516 5623 qui

1931 5661 2016 5709 est
2036 5662 2234 5706 natura
2279 5651 2598 5722 Deusjnbet
2629 5649 2890 5705 omnibus
2929 5647 3250 5703 hominibus
3297 5661 3364 5701 ne
3398 5659 3516 5713 ser-

325 5819 360 5850 ι
385 5809 545 5866 lium.
572 5829 646 5873 Ill,
677 5813 764 5866 50.
851 5821 876 5848 ο
912 5813 1051 5867 Psal.
1114 5828 1290 5874 LXXXI,
1330 5812 1374 5863 l.
1450 5822 1476 5860 ιι
1510 5809 1528 5862 l
1567 5812 1693 5862 Cur.
1733 5826 1846 5872 vin,
1882 5810 1931 5859 Γ).
