4194 6446
220 450 359 521 1661

1189 460 1592 521 ADVERSUS
1632 462 2250 523 NESTORIANOS.—
2282 467 2426 526 LIB.
2473 468 2568 528 ΓΚ.

3358 468 3501 534 1662

213 567 331 637 γὰρ
383 565 595 619 Παῦλον
641 567 856 638 πατέρα
901 569 1333 639 ὶπιγραφόμενοι
1377 570 1468 623 διὰ
1504 568 1598 622 τοῦ
1634 568 1795 636 Εὐαγ-

1909 572 2056 625 enim
2086 584 2391 641 agnoscunt
2422 574 2649 629 Paulum
2686 585 2925 644 patrem;
2961 575 3052 645 qui
3082 578 3265 630 carnis
3286 589 3495 647 patress

213 658 429 725 γελίου,
471 659 614 711 οἵτε
669 660 796 721 τοὺς
839 659 937 726 τῆς
978 659 1182 730 σαρκὸς
1223 660 1502 729 πατέρας,
1548 659 1602 711 οἵ
1632 677 1689 712 τε
1722 660 1813 711 τὸν

214 749 450 819 Πατέρα
476 749 587 801 τῶν
616 750 964 819 πνευμάτων,
998 751 1053 804 οἵ
1079 768 1137 803 τε
1172 754 1237 804 ἐκ
1263 750 1357 804 τοῦ
1381 753 1633 804 διαδό).ου
1661 752 1715 804 λε
1727 752 1814 819 γό-

215 857 379 907 μενοι
400 839 783 910 γεγεννῆσθαι,
815 840 871 893 οἴ
891 857 951 894 τε
983 841 1041 907 ἒξ
1071 841 1314 911 ἐχιδνῶν,
1348 843 1470 895 καθ¹
1496 843 1687 912 ἑτέραν
1715 846 1813 912 μὲν

217 931 460 996 ἕκαστος
509 932 767 1001 γέννησιν
805 933 1164 1004 γεγέννηται,
1220 935 1312 987 καὶ
1342 934 1492 1004 ὅμως
1521 934 1618 1005 τῆς
1642 936 1813 1004 αὐτῆς

216 1022 454 1085 πάντες,
477 1023 649 1092 ἤγουν
668 1022 857 1090 ὁμοίας
880 1021 1247 1093 ἀνθρωπίνης,
1269 1023 1408 1075 είσὶν
1426 1023 1634 1085 οὐσίας.
1654 1023 1816 1091 Τιμό-

216 1112 347 1176 θεος
376 1113 433 1167 δὲ
464 1115 494 1166 ὁ
522 1113 689 1182 ἱερὸς,
719 1111 930 1166 Παύλου
960 1129 1020 1165 τε
1047 1113 1138 1165 καὶ
1162 1114 1370 1183 πατρὸς
1389 1113 1649 1184 Ἕλληνος
1677 1112 1811 1178 υἱὸς,

215 1205 316 1257 καὶ
348 1197 433 1266 εἷς
462 1203 538 1256 ὣν
565 1202 646 1274 τῷ
668 1203 908 1274 ἀριθμῷ,
948 1203 1170 1266 πλείους
1201 1203 1546 1275 ἐπεγράφετο
1574 1204 1812 1258 τοιούσδε

211 1296 487 1365 πατέρας.
517 1295 642 1357 Πῶς
667 1290 760 1347 οὖν
783 1295 955 1347 ταῦτα
978 1296 1317 1367 μαρτυρήσει
1342 1298 1452 1359 τοῖς
1474 1295 1603 1367 παρ’
1630 1296 1811 1367 opm;

210 1387 328 1438 Καὶ
382 1384 554 1450 οὕτως
600 1386 700 1454 μὲν
747 1385 912 1438 τάδε·
970 1386 1064 1439 τοῦ
1113 1385 1171 1439 δὲ
1220 1384 1401 1455 ’Λδὰμο
1441 1387 1670 1458 ἑτέρως,
1718 1389 1813 1442 καὶ

210 1477 366 1541 Εὔας
413 1478 617 1549 ἑτέρως
637 1519 652 1543 ,
687 1479 783 1531 καὶ
811 1476 920 1547 Σὴθ
949 1478 1151 1549 ἑτέρως
1178 1482 1625 1550 γεγεννημένων,
1681 1481 1812 1551 μίαν

207 1571 406 1632 αὐτοῖς
453 1570 602 1640 ὅμως
646 1567 787 1623 εἶναι
840 1570 942 1638 τὴν
980 1570 1142 1637 φύσιν
1188 1570 1283 1622 καὶ
1320 1572 1421 1636 τὴν
1450 1571 1620 1641 αὐτὴν
1652 1573 1809 1636 πᾶσι,

202 1662 294 1725 τίς
320 1662 569 1732 ἀντερεῖς
604 1660 746 1715 ὥστε
777 1662 898 1717 οὐδὲ
926 1656 1005 1716 ὧν
1031 1663 1088 1715 αἱ
1112 1664 1395 1733 γεννήσεις
1418 1663 1682 1731 διάφοροι,
1716 1665 1811 1718 καὶ

205 1753 267 1804 αἱ
289 1752 499 1806 οὐσίαι·
534 1752 711 1817 ἄλλως
739 1770 799 1806 τε
828 1755 878 1806 εί
905 1754 1000 1807 ἐπ’
1021 1753 1184 1809 ἄλλου
1214 1753 1311 1808 καὶ
1333 1753 1495 1808 ἄλλον
1514 1753 1808 1824 προσώπου

203 1842 602 1912 λαμϐάνοιντο,
637 1844 769 1906 ista;
796 1843 1036 1908 δείξουσι
1061 1844 1123 1897 τὸ
1153 1844 1277 1898 κατ’
1303 1845 1492 1897 οὐσίαν
1522 1844 1801 1917 διάφορον*

200 1936 303 1988 ἐπὶ
356 1935 416 1988 δὲ
467 1934 562 1988 τοῦ
609 1934 777 1989 αὐτοῦ
826 1936 1192 2006 ὑποκειμένου
1243 1936 1338 1989 καὶ
1375 1937 1496 1998 ταῖς
1522 1935 1801 2007 διαφόροις

198 2027 504 2097 γεννήσεσι
535 2031 1022 2099 κατηγορουμένου
1044 2069 1060 2094 ,
1111 2029 1229 2093 πῶς
1258 2030 1321 2082 τὸ
1347 2029 1479 2083 αὐτὸ
1510 2030 1799 2100 ἀδιάερορον

198 2118 402 2184 Eant;
456 2118 522 2173 Τί
562 2115 657 2173 οὖν
705 2119 781 2190 μὴ
824 2119 1105 2188 δείξαντες
1136 2121 1380 2193 πρῶτον,
1424 2123 1506 2175 ὅτι
1540 2123 1682 2176 κατὰ
1706 2122 1801 2176 δύο

198 2213 497 2281 γεννήσεις
517 2212 827 2283 διαφόρους,
852 2213 916 2267 οὐ
943 2213 1171 2268 δυνατὸν
1199 2215 1232 2286 ἢ
1259 2216 1319 2268 τδ
1345 2216 1478 2270 αὐτὸ
1502 2216 1560 2269 ἓν
1580 2216 1801 2269 ὑποκεί-

202 2321 375 2373 μενον
405 2303 759 2372 ὑφίστασθαι,
794 2304 832 2376 ἦ
862 2321 985 2359 τινα
1009 2306 1270 2376 όμοούτια
1297 2306 1569 2371 νοεῖσθαι,
1611 2307 1799 2371 ἁπλῶς

197 2399 267 2449 ὲκ
299 2395 406 2464 τῆς
435 2395 701 2466 διαφορᾶς
733 2397 835 2467 ήδη
863 2397 973 2452 τῶν
998 2399 1340 2469 γεννήσεων,
1372 2400 1631 2471 διάφορον
1656 2396 1796 2454 εἶναι

196 2486 300 2538 καὶ
346 2487 410 2539 τὸ
440 2486 574 2540 αὐτὸ
618 2486 678 2540 ἓν
712 2487 1057 2558 γεννώμενον
1093 2491 1459 2557 ὑποκείμενον
1491 2490 1792 2559 συνάγετε;

210 2579 621 2650 Ἀντιστρόφως
663 2581 774 2652 γὰρ
818 2581 949 2650 ὑμῖν
998 2582 1159 2651 ἡμεῖς
1201 2581 1474 2652 ἐροῦμεν,
1526 2582 1607 2636 ὅτι
1643 2585 1692 2636 εί
1721 2576 1796 2635 ὧν

186 2671 260 2723 ἀἱ
302 2674 593 2741 γεννήσεις
639 2673 930 2744 διάφοροι,
989 2675 1084 2727 καὶ
1128 2675 1161 2743 ἡ
1198 2673 1358 2728 οὐσία
1383 2674 1663 2744 διάφορος,
1690 2676 1797 2745 ἄρα

200 2763 304 2816 καὶ
351 2754 429 2815 ὧν
476 2761 772 2833 ἀδιάφορος
817 2766 851 2833 ἡ
891 2764 1183 2833 γέννησις.
1219 2763 1313 2818 καὶ
1346 2766 1406 2817 αἱ
1434 2765 1614 2819 οὐσίαι
1639 2767 1796 2821 ἀδιά-

196 2870 400 2923 φοροιο
450 2854 651 2909 οὐκοῦν
695 2855 996 2926 ὑπόχρονός
1027 2872 1089 2909 τε
1133 2851 1272 2910 οὖσα
1317 2858 1412 2911 καὶ
1446 2860 1796 2930 σπερματικὴ

194 2947 303 3000 καὶ
336 2945 427 3000 διὰ
457 2946 677 3018 μήτρας
704 2950 801 3003 καὶ
828 2949 1034 3019 ὁμοίως
1057 2950 1262 3020 ἔχουσα
1286 2951 1542 3019 γέννησις
1567 2953 1708 3005 δνων
1735 2970 1794 3005 τε

196 3038 301 3091 καὶ
345 3038 528 3091 κυνῶν
568 3037 674 3093 ’καὶ
712 3039 1023 3111 ἀνθρώπων
1074 3040 1167 3095 καὶ
1211 3040 1357 3094 συῶν
1392 3042 1487 3093 καὶ
1521 3042 1790 3111 πιθήκων,

195 3128 401 3199 ὁμοίαν
434 3129 602 3182 15:98:
636 3132 940 3201 παρίστησι
974 3132 1070 3187 καὶ
1098 3131 1201 3202 τὴν
1228 3131 1460 3196 οὐσίανς
1508 3131 1573 3184 Τί
1606 3131 1663 3184 δέ
1702 3148 1792 3201 μοι

1919 665 2011 731 qui
2066 672 2277 731 patrem
2326 664 2658 733 spirituum,
2715 666 2810 736 qui
2847 667 3113 722 dicuntur
3166 686 3233 724 ex
3279 671 3499 724 diabolo

1917 753 2064 817 nati;
2118 756 2323 824 quique
2380 772 2447 809 ex
2511 757 2733 826 viperis,
2785 758 2839 812 hi
2873 757 3177 812 secundum
3224 759 3499 815 diversam

1915 844 2149 912 quisque
2182 847 2597 914 generationem
2625 849 2792 916 geniti
2835 857 2986 911 sunt,
3007 858 3064 902 et
3091 858 3271 903 tamen
3308 866 3502 904 omnes

1916 934 2132 1001 similis,
2172 937 2425 993 humanm
2447 938 2729 1002 videlicet,
2777 951 2905 995 sunt
2936 941 3281 996 snbstantim.
3331 941 3500 995 Divus

1913 1032 2101 1085 autem
2153 1025 2497 1093 Timotheus,
2543 1028 2700 1083 Pauli
2751 1038 2808 1083 et
2859 1033 3033 1099 patris
3065 1032 3285 1102 gentilis
3328 1031 3495 1096 iiiius,

1914 1119 2046 1172 licet
2076 1134 2220 1172 unus
2268 1136 2522 1186 numero,
2568 1124 2759 1192 plures
2794 1132 2974 1178 tamen
3020 1126 3123 1179 hos
3162 1126 3497 1197 agnoscebat

1914 1220 2119 1278 patres.
2150 1210 2440 1275 Quomodo
2485 1212 2653 1280 igitur
2698 1213 2799 1268 ista
2833 1214 3269 1270 testificabuntur
3307 1217 3375 1271 tle
3407 1217 3496 1270 his

1914 1316 2036 1369 quae
2065 1317 2094 1355 a
2120 1302 2275 1355 vobis
2304 1303 2477 1356 sunt?
2505 1304 2571 1358 Et
2600 1306 2713 1360 haec
2735 1306 2960 1374 quidem
2995 1307 3101 1360 isto
3121 1308 3285 1361 modo
3312 1324 3326 1360 :
3355 1307 3493 1363 Cum

1914 1391 2076 1445 aliter
2114 1393 2307 1460 Adam,
2362 1396 2526 1450 aliter
2561 1395 2709 1460 Erae,
2752 1398 2913 1452 aliter
2960 1398 3092 1452 Seth
3139 1398 3309 1468 geniti
3360 1399 3492 1463 sint,

1915 1497 2077 1537 unam
2113 1493 2294 1539 tamen
2326 1487 2409 1540 eis
2433 1501 2555 1542 esse
2588 1496 2863 1555 naturam,
2890 1495 2948 1542 et
2976 1489 3197 1557 quidem
3220 1488 3492 1553 eamdem,

1912 1571 2038 1642 quis
2064 1574 2260 1641 neget?
2306 1574 2385 1628 ita
2424 1586 2485 1629 ut
2533 1592 2769 1645 quorum
2797 1577 3183 1646 generationes
3236 1578 3490 1645 diversas,

1912 1677 2104 1715 eorum
2146 1677 2254 1716 non
2300 1662 2426 1717 ideo
2465 1664 2578 1718 sint
2609 1664 2931 1719 substantiae
2968 1663 3221 1718 diversae.
3255 1664 3492 1717 Prmser-

1912 1755 2034 1815 tim,
2063 1754 2107 1807 si
2133 1770 2295 1808 unam
2325 1762 2381 1809 et
2422 1755 2582 1809 aliam
2615 1753 2811 1809 faciem
2846 1755 3212 1826 susceperint,
3239 1754 3379 1809 forte
3411 1755 3495 1808 in-

1911 1846 2164 1900 dicarent
2191 1846 2559 1901 diﬂ‘ercntiam
2590 1848 2737 1901 circa
2764 1848 3127 1904 substantiam
3165 1866 3179 1902 :
3213 1848 3267 1902 in
3297 1848 3492 1903 eodem

1903 1942 2087 1989 autem
2122 1936 2400 2007 subjecto,
2431 1938 2599 1992 etiam
2627 1938 2863 1992 diversis
2888 1939 3343 2008 generationibus
3389 1939 3493 1992 do-

1901 2035 2057 2089 nato,
2079 2028 2361 2097 quomodo
2408 2028 2555 2083 idem
2610 2029 2894 2085 diversum
2945 2030 3089 2084 erit?
3134 2030 3321 2100 igitur,
3366 2046 3490 2086 cum

1902 2132 2015 2172 non
2041 2117 2564 2174 demonstraveritis
2595 2119 2729 2173 illud
2762 2119 3021 2190 primum,
3044 2121 3255 2175 scilicet
3288 2134 3491 2174 secum-

1900 2206 2031 2262 dum
2057 2207 2199 2264 duas
2230 2209 2617 2279 generationes
2639 2210 2890 2264 diversas
2919 2210 3034 2265 ﬁeri
3074 2225 3185 2263 non
3218 2224 3379 2278 posse
3402 2209 3487 2262 vel

1902 2311 1963 2355 ut
1992 2316 2165 2354 unum
2199 2309 2257 2354 et
2289 2298 2434 2355 idem
2456 2301 2768 2370 subjectum
2808 2301 3101 2366 subsistat,
3131 2301 3219 2354 vel
3249 2309 3309 2354 ut
3330 2300 3493 2353 intel-

1897 2395 2099 2464 ligatur
2128 2393 2381 2463 qumdam
2402 2392 2973 2451 consubstantialitas.
2997 2391 3135 2463 quid
3165 2391 3493 2461 simpliciter

1894 2501 1962 2539 ex
1990 2485 2315 2539 diversitate
2337 2485 2758 2554 generationem
2797 2484 3082 2538 diversum
3121 2499 3342 2553 quoque
3367 2499 3489 2537 esse

1900 2590 2070 2629 unum
2121 2573 2269 2629 idem
2318 2573 2631 2644 subjectum
2690 2581 3022 2645 generatum
3076 2572 3394 2627 inducitis?
3446 2573 3490 2626 E

1897 2676 2089 2722 contra
2117 2668 2267 2722 enim
2300 2682 2403 2721 nos
2440 2667 2598 2721 vobis
2630 2666 2905 2728 dicemus,
2953 2667 2998 2721 si
3040 2681 3279 2736 quorum
3324 2679 3492 2735 gene-

1897 2757 2139 2812 rationes
2169 2755 2457 2820 dii'ferunt,
2497 2770 2692 2811 eorum
2735 2756 2924 2810 differt
2967 2770 3189 2825 quoque
3238 2756 3495 2810 substan-

1896 2849 1993 2914 tia,
2021 2862 2153 2920 ergo
2186 2857 2242 2902 et
2270 2862 2507 2916 quorum
2529 2847 2820 2917 generatio
2854 2862 2965 2901 non
2995 2856 3081 2901 est
3110 2847 3355 2911 diversa,
3386 2862 3491 2903 nec

1894 2955 2091 2994 eorum
2127 2954 2249 2993 esse
2277 2938 2648 2993 substantiam
2675 2936 2975 2991 diversam.
3012 2937 3185 3007 igitur
3215 2947 3491 3006 tempora-

1894 3032 1965 3089 lis
1990 3048 2116 3088 cum
2157 3033 2251 3097 sit,
2285 3041 2342 3085 et
2374 3046 2441 3084 cx
2472 3030 2708 3094 semine,
2742 3040 2802 3086 et
2834 3046 2933 3100 pcr
2974 3038 3205 3084 matrem
3237 3029 3489 3083 et-simiii

1897 3125 2084 3189 modo,
2117 3124 2405 3194 generatio
2435 3124 2743 3186 asinorum,
2768 3131 2824 3175 et
2853 3132 3152 3185 canum,et
3178 3122 3485 3186 hominum,

196 3220 411 3290 ἑτέρων
445 3219 479 3290 ἢ
515 3222 709 3292 ἑτέρας
741 3222 903 3292 χρεία
932 3224 1242 3292 γεννήσεως
1275 3223 1411 3293 πρὸς
1438 3204 1663 3288 ἔνδειξιν
1697 3223 1790 3276 τοῦ

1900 3224 1954 3270 et
1985 3231 2301 3285 porcorum,
2331 3224 2393 3269 et
2421 3214 2731 3277 simiarum,
2755 3213 2953 3268 ideone
2993 3213 3231 3268 similem
3285 3229 3480 3268 eorum

196 3311 267 3364 lx
320 3311 529 3379 τρόπου
571 3311 881 3381 γεννήσεως
905 3350 922 3375 ,
977 3314 1079 3381 τὴν
1121 3313 1389 3383 διαφορὰν
1426 3307 1586 3377 εἶναι,
1626 3313 1659 3381 ἦ
1694 3312 1792 3381 τὴν

193 3404 501 3475 ὁμοιότητα
545 3406 658 3457 τῶν
694 3406 930 3472 otiati-3v;
968 3403 1079 3459 Τοῦ
1107 3405 1218 3475 γὰρ
1244 3404 1411 3458 αὑτοῦ
1439 3405 1556 3468 ἑνὸς
1578 3404 1792 3472 ἀνθρὼ-

196 3512 307 3549 που
331 3535 348 3557 ,
404 3496 504 3565 μία
532 3498 654 3549 κατ’
678 3496 912 3568 ἀριθμὸν
940 3496 1037 3549 καὶ
1063 3497 1096 3566 η
1121 3496 1261 3565 αὐτὴ
1286 3496 1539 3565 γέννησίς
1563 3497 1679 3546 ἐστι
1702 3495 1795 3564 δη-

194 3582 371 3650 λαδησ
428 3582 580 3654 ψυχὴ
619 3583 677 3637 δὲ
723 3583 819 3638 καὶ
854 3585 1016 3655 σῶμα
1062 3586 1120 3638 αἱ
1154 3582 1575 3653 ωγγενηοείσαι
1603 3585 1794 3652 φύσεις

194 3675 327 3729 κατ’
357 3674 551 3743 αὐτὴν,
588 3674 838 3746 διάφοροί
866 3678 997 3731 εἰσι.
1038 3675 1177 3731 Καθ’
1204 3676 1349 3745 ὑμᾶς
1377 3675 1492 3739 οὖν,
1522 3676 1554 3747 ἢ
1587 3678 1650 3729 οὐ
1674 3677 1791 3730 διά-

195 3783 371 3837 φορον
390 3762 531 3845 εἶναι
553 3766 651 3838 τὴν
672 3768 860 3822 οὐσίαν
882 3768 1103 3831 τούτων,
1117 3770 1238 3822 ἐπεὶ
1261 3768 1395 3838 μηδὲ
1418 3769 1518 3836 τὴν
1538 3769 1789 3838 γέννησιν

196 3850 489 3928 φήσομεν-ο
540 3860 574 3930 ἢ
621 3860 878 3931 διάφορον
926 3860 1211 3928 λέγοντες,
1246 3858 1341 3913 δύο
1372 3859 1466 3912 καὶ
1491 3861 1781 3933 διαφόρους

192 3950 298 4014 τὰς
340 3951 437 4005 τοῦ
472 3952 592 4015 ἑνὸς
620 3951 911 4023 ἀνθρώπου
942 3955 1001 4005 ὲν
1025 3952 1212 4023 ταυτῷ
1240 3953 1610 4024 πιστεύσομεν
1639 3950 1785 4009 είναι

194 4041 502 4109 γεννήσεις.
558 4041 669 4095 Καὶ
717 4041 893 4094 ταῦτα
939 4041 1039 4108 μὲν
1083 4040 1239 4111 ὑμῶν
1273 4040 1338 4094 τὰ
1370 4041 1593 4113 κομψά’
1632 4042 1783 4111 ὅμως

199 4131 391 4199 μέντοι
446 4127 572 4183 οὔτε
598 4128 790 4199 εἴρηκέ
819 4146 904 4191 τις
935 4129 1067 4198 ὑμῖν
1093 4131 1178 4183 ὅτι
1206 4130 1300 4183 τὸν
1326 4131 1497 4198 Λόγον
1523 4130 1786 4194 ὡσαύτως

198 4219 411 4274 ἁπλοῦν
433 4261 449 4285 ,
500 4219 636 4273 ἀλλὰ
669 4220 809 4289 μετὰ
833 4220 936 4289 τῆς
963 4220 1232 4290 σαρκικῆς
1262 4220 1451 4283 οὐσίας
1485 4222 1550 4274 ιιι
1578 4222 1785 4294 μητρὸς

197 4312 347 4368 κατὰ
392 4312 492 4383 τὴν
530 4312 793 4384 δευτέραν
825 4313 994 4366 αὑτοῦ
1024 4313 1281 4383 γέννησιν
1326 4314 1362 4384 ἡ
1396 4313 1626 4384 δευτέρα
1656 4315 1785 4383 γένο

196 4418 358 4470 νησις
384 4402 687 4471 προήγαγε,
718 4403 1090 4471 δοκησίσοφος.

1900 3306 2275 3363 constituit-et
2318 3303 2687 3360 substantiam
2705 3306 2729 3359 Υ
2747 3305 2891 3371 Quid
2917 3320 3054 3361 vero
3078 3304 3211 3359 mihi
3245 3306 3369 3360 aliis
3393 3316 3490 3363 aut

1900 3399 2006 3453 alia
2048 3383 2405 3468 generatione
2452 3412 2593 3467 opus
2620 3407 2708 3451 est
2758 3396 2847 3469 ad
2875 3396 3371 3451 demonstrandum
3421 3414 3489 3451 ex

1903 3489 2069 3545 modo
2106 3488 2482 3559 generationis
2524 3502 2649 3543 esse
2692 3487 3065 3543 diﬂ‘erentiam
3097 3489 3184 3542 vei
3231 3488 3491 3543 similitu-

1902 3581 2090 3637 dinem
2140 3579 2622 3634 suhstautiarum?
2658 3577 2814 3633 Unus
2848 3579 2996 3649 enim
3046 3587 3105 3633 et
3145 3579 3291 3632 idem
3324 3579 3490 3632 homo

1903 3685 2029 3726 cum
2048 3671 2140 3735 sit,
2165 3662 2271 3723 una
2303 3683 2540 3721 numero
2578 3667 2884 3736 eademque
2911 3673 2997 3721 est
3025 3667 3149 3736 ejus
3177 3665 3489 3734 generatio,

1899 3769 2165 3831 utpatct:
2200 3760 2379 3815 anima
2427 3767 2613 3814 autem
2662 3766 2721 3813 et
2753 3772 2979 3828 corpus,
3038 3763 3252 3811 natura:
3296 3756 3355 3809 in
3405 3754 3490 3808 iti-

1897 3858 2082 3925 ipsum
2104 3855 2411 3926 congenita:
2436 3853 2722 3909 diil‘erunt.
2749 3853 2945 3924 igitur,
2973 3852 3041 3906 ad
3069 3860 3304 3907 vestram
3336 3865 3490 3904 men-

1893 3958 2044 4012 tem,
2091 3946 2176 4001 vel
2231 3960 2342 4000 non
2369 3945 2647 4000 diversam
2706 3958 2903 3999 eorum
2955 3943 3346 4006 substantiam,
3400 3952 3487 3995 ut-

1891 4048 2023 4109 pote
2064 4053 2303 4107 quorum
2333 4051 2446 4090 non
2486 4035 2705 4091 diversa
2728 4034 3039 4106 generatio,
3071 4033 3365 4097 dice.nus;
3404 4032 3489 4085 vel

1892 4129 2170 4185 diversam
2196 4136 2507 4183 asserentes
2557 4126 2950 4189 substantiam,
2985 4125 3127 4178 duas
3166 4138 3374 4191 easque
3403 4122 3490 4175 di-

1893 4237 2085 4279 versas
2109 4224 2276 4276 unius
2308 4219 2552 4274 hominis
2584 4221 2637 4274 in
2668 4220 2864 4275 eodem
2897 4218 3189 4273 credemus
3228 4231 3350 4270 esse
3393 4231 3492 4285 ge-

1899 4314 2241 4370 nerationes.
2273 4312 2343 4366 Et
2394 4312 2512 4366 inec
2543 4310 2770 4383 quidem
2802 4315 2987 4364 vestra
3023 4307 3287 4361 versutia.
3333 4305 3492 4359 Atta-

1903 4420 2029 4460 men
2058 4401 2481 4469 nemo'unquam
2500 4402 2662 4456 vobis
2673 4401 2813 4455 dixit
2836 4415 2895 4455 se
2911 4399 3228 4454 existimare
3251 4396 3492 4451 Verbum

195 4494 456 4564 simplex,
503 4493 600 4548 sed
650 4493 952 4549 secundam
1029 4495 1442 4565 generationem
1512 4497 1645 4550 illud
1694 4496 1992 4552 adduxisse
2059 4512 2187 4552 cum
2232 4494 2444 4551 carnali
2487 4492 2803 4549 substantia
2848 4507 2916 4547 ex
2965 4498 3143 4546 matre
3180 4486 3490 4545 secundum

194 4594 321 4662 eius
369 4588 668 4645 secundam
707 4591 1148 4661 generationem,
1202 4606 1237 4645 ο
1287 4592 1426 4646 falso
1482 4592 1665 4647 habiti
1711 4593 2014 4663 sapientes.

811 4725 1059 4779 ΚΕΦΔΛ.
1092 4727 1184 4792 ΕΓ.

268 4817 334 4869 Εἰ
367 4814 430 4867 τὸ
458 4815 680 4882 γεγονὸς
711 4813 847 4867 καθὸ
872 4817 1065 4884 γέγονε
1085 4855 1101 4877 ,
1132 4808 1406 4882 ’γενέσθαι
1440 4814 1605 4870 πάλιν
1634 4818 1786 4889 ἀμή-

193 4922 385 4978 χανοψ
423 4906 517 4959 καὶ
547 4906 609 4959 τὸ
637 4906 822 4969 eraso;
849 4903 930 4969 ὃν,
960 4906 1223 4976 τεχθῆναι
1252 4908 1416 4962 πάλιν
1443 4910 1508 4963 ἐκ
1530 4910 1789 4976 γυναικὸς

194 4996 506 5067 ἀμήχανονο
540 4994 679 5048 ἀλλὰ
708 4993 767 5048 τὸ
794 4994 1059 5066 πρότερον
1086 4994 1309 5066 ἀληθὲς,
1333 4998 1430 5051 καὶ
1453 4997 1515 5051 τδ
1532 4998 1787 5067 δεύτερον

193 5088 326 5157 ἄρα.
363 5086 426 5138 Et
453 5086 638 5139 πᾶσαν
665 5086 767 5156 τὴν
791 5086 1047 5157 γέννησιν
1070 5085 1259 5150 ἁπλῶς
1280 5087 1358 5151 ὡς
1376 5088 1438 5142 τὸ
1458 5083 1598 5141 εἶναι
1618 5088 1788 5142 usos.

195 5194 301 5233 σαν
330 5177 411 5248 τῷ
436 5177 767 5247 γεννωμένῳ
792 5180 1068 5249 ἀναιρεῖτε
1094 5178 1190 5231 τοῦ
1212 5179 1399 5244 ἁῐδίως
1418 5179 1571 5245 ὄντος
1586 5181 1785 5249 Λόγου,

191 5274 226 5340 ἢ
264 5270 363 5325 καὶ
389 5270 492 5341 τὴν
518 5271 748 5343 πρώτην
774 5272 1031 5342 γέννησιν
1068 5272 1153 5327 τὸν
1178 5274 1244 5328 ἐκ
1267 5274 1483 5345 Πατρός
1505 5275 1599 5329 ἀπ’
1617 5275 1785 5329 αὐτοῦ

189 5364 439 5417 ἁνελεῖτε
469 5364 547 5427 ὡς
574 5365 774 5419 ἀϊδίου.
806 5365 881 5418 To
905 5364 1015 5436 γὰρ
1041 5366 1229 5430 ὰῖδίως
1253 5365 1339 5433 ὃν,
1368 5367 1626 5438 τεχθῆναί
1648 5383 1785 5437 φατε

191 5455 517 5524 ἀμήχανον·
560 5454 638 5519 ὡς
670 5454 858 5510 λοιπὸν
889 5459 1026 5529 μηδὲ
1082 5457 1212 5511 Υἰὸν
1241 5454 1384 5513 εἶναι
1411 5457 1507 5512 τοῦ
1537 5459 1780 5530 Πατρός·

188 5549 251 5598 ο)
284 5546 397 5614 γάρ
428 5547 577 5599 ἔστιν
607 5546 736 5612 Υἱὸς
763 5549 895 5602 ἄνευ
918 5551 1256 5622 γεννήσεωςο
1292 5551 1416 5606 οὐδὲ
1446 5552 1539 5605 τὸν
1564 5552 1787 5622 Πατέρα

187 5631 337 5690 εἶναι
367 5636 623 5709 Πατέραο
665 5638 728 5692 οὐ
756 5638 869 5710 γάρ
898 5640 1200 5695 έστινᾰνευ
1218 5640 1350 5696 Υίοῦ
1381 5641 1590 5714 Πατὴρ,
1621 5642 1655 5713 ἢ
1685 5644 1785 5715 τὴν

187 5728 260 5781 ἐκ
291 5726 503 5797 [ἰατρὸς
550 5728 809 5799 γέννησιν
835 5728 1003 5783 αὐτοῦ
1029 5730 1451 5801 ὁμολογοῦντες,
1482 5732 1582 5786 οὐκ
1611 5734 1785 5788 ἀΐδιον

190 5811 336 5871 εἶναι
361 5817 545 5873 λοιπὸν
565 5820 859 5888 δηλώσετεο
886 5822 1048 5893 εἴπερ
1074 5824 1134 5876 τὸ
1155 5822 1341 5887 ἀϊδίως
1365 5822 1426 5877 ’ὸν
1449 5823 1540 5877 διὰ
1561 5824 1621 5877 τὸ
1641 5820 1783 5877 εἶναι

193 5910 381 5980 πάντη
413 5910 473 5963 οὐ
501 5910 724 5966 δυνατὸν
753 5911 785 5985 ᾗ
818 5914 1068 5971 ὁπωσοῦν
1096 5914 1314 5988 ἀληθῶς
1339 5915 1620 5986 τεχθῆναιι
1653 5918 1699 5969 εἰ
1726 5916 1779 5970 ὁὶ

1822 4713 1872 4773 υ

2543 4725 2697 4781 CAP.
2720 4726 2830 4781 -Vl.

1955 4818 2011 4874 Si
2036 4817 2309 4889 genitum.
2343 4818 2401 4872 in
2429 4824 2699 4888 quantum
2724 4825 2811 4871 est
2842 4814 3117 4886 genitum,
3148 4813 3491 4883 impossibile

1885 4917 1973 4966 est
2000 4910 2203 4965 iterum
2250 4909 2421 4980 gigni,
2486 4909 2694 4978 pariter
2714 4907 2865 4978 quod
2896 4916 3169 4962 aeternum
3213 4912 3298 4960 est
3339 4905 3489 4958 nasci

1886 5002 2092 5058 iterum
2146 5016 2217 5057 ex
2258 5001 2496 5056 muliere
2546 4999 2888 5070 impossibile
2930 4984 3067 5054 est:
3109 4996 3263 5067 atqui
3299 5013 3490 5050 vermn

1887 5094 2075 5165 prius;
2101 5110 2236 5165 ergo
2261 5076 2317 5150 et
2348 5095 2641 5163 posterius.
2664 5121 2735 5132 —
2757 5091 2816 5146 Si
2832 5105 3053 5146 omnem
3076 5089 3489 5161 generationem

1896 5186 2223 5258 simpliciter
2280 5194 2541 5254 tanquam
2585 5183 2970 5238 exsistentiam
3025 5181 3251 5258 dantem
3303 5178 3491 5250 genito

1894 5277 2089 5346 tollitis
2116 5292 2148 5331 a
2178 5277 2362 5332 Verbo
2383 5283 2614 5339 aeterno,
2651 5289 2786 5328 sane
2814 5283 2871 5328 et
2897 5273 3132 5342 primam
3162 5270 3489 5341 generatio—

1893 5383 2022 5425 nem
2056 5383 2181 5440 quze
2222 5377 2309 5422 est
2358 5382 2429 5421 ex
2456 5366 2620 5420 Patre
2664 5365 2735 5419 ab
2764 5380 2832 5419 eo
2883 5364 3112 5429 tolletis,
3165 5371 3227 5417 ut
3257 5369 3490 5419 aeterno.

1892 5461 2053 5528 Quod
2080 5461 2230 5516 enim
2270 5468 2355 5513 est
2383 5464 2678 5523 aeternum,
2703 5456 2854 5511 nasci
2886 5454 3229 5526 impossibile
3248 5452 3489 5507 aiiirma-

1893 5547 1968 5603 tis
1999 5566 2013 5602 :
2052 5547 2198 5601 unde
2234 5552 2406 5600 restat
2446 5553 2509 5598 ut
2539 5559 2643 5599 nec
2685 5543 2834 5598 ﬁlius
2859 5542 3164 5606 sitPatris;
3200 5557 3311 5594 non
3337 5538 3486 5593 enim

1892 5648 1978 5695 est
2007 5636 2179 5694 Filius
2211 5638 2331 5692 sine
2373 5636 2770 5707 generatione;
2835 5649 2939 5689 nec
2969 5635 3133 5688 Pater
3168 5632 3241 5687 sit
3294 5639 3483 5701 pater;

1893 5750 2002 5789 non
2032 5733 2181 5788 enim
2202 5742 2286 5786 est
2319 5740 2474 5800 pater
2495 5730 2614 5785 sine
2649 5728 2784 5784 ﬁlio.
2815 5728 2912 5783 Vel
2948 5729 3097 5783 illius
3116 5743 3183 5782 ex
3205 5726 3365 5782 Patre
3396 5738 3491 5795 ge-

1890 5824 2232 5879 nerationem
2279 5822 2643 5885 conﬁtentes,
2694 5831 2824 5876 tunc
2885 5836 2996 5875 non
3045 5829 3313 5875 .‘cternum
3363 5832 3486 5872 ease

1892 5917 2111 5971 tandem
2139 5916 2474 5977 Oblt‘ntif‘iis,
2509 5914 2780 5983 siquidem
2824 5911 2971 5982 quod
3020 5912 3089 5967 ab
3122 5921 3327 5965 a‘terno
3373 5918 3477 5977 est,
