4194 6446
710 414 846 480 1663

1983 405 2291 467 LEONTII
2335 396 2705 467 ΒΥΖᾹΝΤΙΝ
2715 407 2739 466 Ι

3852 406 3989 472 1664

706 547 773 584 cx
796 545 866 584 eo
891 527 1037 596 quod
1062 540 1290 595 semper
1313 525 1564 586 exsistat,
1588 521 1814 574 omnino
1850 517 2188 588 impossibile
2215 528 2299 573 est

2410 519 2484 588 μὴ
2531 518 2620 570 διὰ
2664 521 2726 570 τὺ
2769 513 2908 570 εἷναι
2939 518 3045 579 ἀεὶ,
3084 519 3223 572 ἀλλὰ
3251 519 3337 572 διὰ
3363 519 3425 572 τὸ
3449 520 3636 582 ἁπλῶς
3665 521 3765 591 ἢδη
3797 525 3988 590 «post-

707 619 1209 686 quomodocuuque
1258 631 1388 670 vere
1449 612 1620 668 nasci.
1672 611 1730 665 Si
1772 625 1956 666 autem
1990 625 2099 660 non
2128 623 2194 660 ex
2229 625 2296 662 eo

709 711 856 780 quod
884 723 1102 777 semper
1129 707 1379 768 exsistat,
1425 704 1518 758 sed
1565 719 1633 757 ex
1675 718 1743 756 co
1767 701 1919 770 quod
1972 700 2295 769 simpliciter

705 806 816 872 jam
843 801 1185 870 prteexsistat
1213 808 1269 852 et
1309 805 1438 849 ante
1473 796 1692 864 genitus
1717 793 1902 856 fuerit,
1933 807 2175 860 quorsus
2215 805 2301 844 se-

714 895 819 947 mel
849 892 1076 944 omnino
1115 887 1618 957 quomodoeuuque
1639 885 1823 936 adhuc
1846 882 1929 935 vel
1955 895 2285 950 quocunque

711 987 821 1040 alio
856 984 1018 1036 modo
1043 981 1188 1050 gigni
1229 980 1568 1049 impossibile
1599 975 1827 1030 dicitis?
1862 975 2000 1027 Illud
2040 974 2186 1026 euitn
2213 973 2298 1024 in-

713 1077 932 1130 dicabat
971 1083 1217 1127 vestrum
1259 1075 1474 1125 iterum.
1512 1070 1577 1121 Et
1627 1069 1730 1120 hoc
1760 1082 1858 1135 per
1891 1064 2103 1134 singula
2136 1076 2301 1131 expe-

713 1171 944 1222 riamur.
987 1167 1128 1221 Num
1178 1167 1346 1234 igitur
1373 1161 1697 1216 Timotheus
1742 1157 1987 1212 nondum
2024 1155 2132 1208 ulla
2182 1160 2302 1206 erat

711 1259 1067 1329 generatione
1094 1256 1332 1324 genitus,
1371 1269 1470 1306 nec
1505 1253 1573 1304 ab
1599 1251 1722 1303 aliis
1753 1248 2080 1318 parentibus
2121 1252 2297 1306 ortus,

714 1349 937 1417 quando
977 1348 1177 1402 Paulus
1200 1356 1354 1413 pater
1378 1343 1560 1395 dictus
1591 1341 1746 1394 illu-m
1780 1350 2100 1406 germanum
2128 1333 2300 1387 lilium

715 1441 769 1492 in
824 1439 928 1492 litle
979 1439 1030 1491 itt
1062 1436 1284 1490 Christo
1327 1435 1456 1488 Jesu
1521 1448 1618 1498 per
1661 1427 2019 1496 Evangeliqu
2071 1426 2304 1495 genuit?

715 1529 849 1593 Quis
877 1544 944 1580 ex
980 1526 1137 1580 vobis
1175 1523 1516 1576 manifestam
1549 1521 1691 1572 hanc
1721 1517 2014 1570 falsitatem
2042 1530 2149 1567 non
2173 1514 2306 1567 hor-

719 1615 839 1668 tet?
872 1615 946 1667 Ita
984 1614 1171 1682 igitur.
1207 1628 1240 1665 ο
1274 1627 1392 1672 vos,
1426 1619 1484 1662 et
1521 1609 1625 1660 hoc
1655 1605 1943 1674 intelligite
1980 1621 1993 1655 :
2031 1602 2301 1671 ex.parti-

717 1707 820 1758 Lus
845 1705 1057 1758 scilicet
1101 1701 1329 1763 Christi,
1366 1700 1596 1753 alteram
1640 1697 1865 1765 quidem
1908 1706 1963 1750 et
1993 1695 2299 1747 secundum

717 1797 950 1866 primam
993 1797 1112 1863 ejus
1159 1793 1572 1862 generationem
1626 1788 1865 1857 genitam
1912 1786 2085 1840 fuisse
2123 1795 2179 1839 et
2210 1801 2300 1839 se-

2400 609 2488 660 ναί
2517 626 2568 661 τι
2597 609 2692 660 καὶ
2717 609 3152 678 προγεννηθῆναί
3184 627 3337 671 ποτε,
3371 610 3491 673 πῶς
3521 610 3668 675 ἅπαξ
3698 612 3821 665 οὐδὲ
3849 614 3986 676 ὅλως

2399 698 2648 752 ὁπωσοῦν
2681 698 2763 751 ἔτι
2799 699 2920 753 οὐδὲ
2956 701 3077 753 καθ’
3103 701 3387 754 ὁντιναοῦν
3418 703 3604 770 ἕτερον
3633 705 3835 772 τρόπον
3863 722 3987 770 γεν-

2400 790 2632 857 νηθῆναι
2662 806 2715 842 τι
2740 789 2964 843 δυνατὸν
2991 790 3176 858 λέγετε
3207 808 3222 858 ;
3259 791 3419 845 τοῦτο
3441 794 3550 862 γὰρ
3578 793 3798 864 ᾐνίξατο
3831 795 3986 864 ὑμῶν

2398 883 2461 933 τὸ
2491 881 2699 941 πάλιν,
2732 883 2826 935 καὶ
2856 883 2979 936 τόδε
3006 885 3064 934 ὲν
3092 886 3204 946 τοῖς
3231 883 3546 937 καθέκαστα
3578 886 3984 953 βασανίσωμεν.

2398 969 2546 1044 Ἀρα
2573 971 2666 1026 οὖν
2696 975 2959 1043 Τιμόθεος
2989 974 3141 1028 οὔπω
3168 971 3236 1046 ἦν
3265 977 3490 1046 οὐδεμιᾷ
3517 979 3767 1046 γεννήσει
3796 994 3988 1045 γεγεν-

2399 1068 2654 1136 νημένος,
2673 1069 2772 1120 καὶ
2803 1067 2894 1136 ὐφ’
2925 1067 3133 1136 ἑτέρων
3161 1067 3440 1138 προελθὼν
3469 1071 3692 1134 γονέων,
3723 1071 3811 1122 ὅτε
3843 1072 3988 1123 Παῦ-

2401 1157 2490 1220 λος
2519 1158 2547 1208 6
2577 1157 3016 1226 ἐπιγραφόμενος
3043 1158 3209 1210 αὐτὸν
3233 1160 3456 1226 γνήσιον
3484 1160 3670 1211 τέκνον
3695 1162 3755 1212 ὲν
3782 1161 3992 1221 πίστει.

2402 1253 2460 1302 ὲν
2482 1250 2703 1317 Χριστῷ
2735 1247 2909 1316 Ἰησοῦ
2941 1249 3028 1301 διά
3057 1250 3150 1302 τοῦ
3183 1249 3518 1317 Εὐαγγελίου
3549 1253 3850 1319 ὲγέννησες
3893 1253 3988 1304 καὶ

2400 1343 2484 1404 τίς
2511 1341 2665 1410 ὑμῶν
2688 1342 2787 1412 τὴν
2813 1343 3068 1412 προφανῆ
3087 1342 3292 1412 ταύτην
3315 1342 3670 1411 ψευδολογίαν
3687 1344 3750 1396 οὐ
3770 1342 3988 1410 βδελύτ-

2401 1448 2579 1490 τεταις
2619 1431 2808 1494 Οὕτως
2834 1428 2949 1494 οὖν,
2983 1425 3028 1484 ὦ
3054 1426 3220 1496 οὗτοι,
3253 1433 3349 1484 καὶ
3376 1434 3493 1484 τόδε
3519 1433 3847 1486 νοείτεοτῶν
3877 1432 3987 1502 γὰρ

2403 1523 2642 1592 Χριστοῦ
2673 1523 2856 1591 μερῶν
2877 1523 2951 1575 ιτὸ
2985 1523 3088 1590 μὲν
3118 1525 3212 1576 καὶ
3237 1525 3377 1577 κατὰ
3403 1525 3501 1589 τὴν
3528 1526 3759 1594 πρώτην
3785 1523 3983 1576 ἑαυτοῦ

2403 1615 2657 1680 γέννησιν
2689 1611 3016 1681 γεννηθῆναι
3056 1615 3149 1666 καὶ
3193 1615 3334 1667 κατὰ
3362 1616 3462 1682 τὴν
3489 1616 3754 1684 δευτέραν
3780 1616 3986 1682 φαμὲν,

2402 1703 2464 1754 τὸ
2494 1702 2550 1754 δὲ
2577 1703 2664 1753 ἒτε
2673 1719 2766 1770 ρον
2793 1702 2974 1770 δῆλον,
3007 1703 3080 1765 ὼς
3108 1704 3227 1756 οὐδὲ
3256 1705 3448 1774 προὸνε
3474 1704 3506 1773 ἦ
3539 1704 3702 1774 ἑτέρᾳ
3731 1705 3987 1772 γεννήσει

2406 1794 2916 1861 προγεγεννημένον
2938 1833 2983 1858 ,-
2999 1796 3377 1864 pté‘t‘yswﬁm
3407 1798 3488 1864 τῇ.
3505 1797 3708 1864 ἀμφοῖν
3739 1812 3990 1865 συμπρο-

717 1888 960 1941 cuudum
995 1885 1295 1940 secundam
1349 1881 1627 1945 dicimus;
1677 1879 1908 1933 alteram
1968 1893 2103 1931 vero
2147 1885 2299 1946 patet

2404 1852 2607 1934 eiﬁelv'
2632 1883 2710 1952 τῷ
2735 1852 3032 1954 ἑτέρῳ-ὲν
3200 1852 3300 1953 τῆς
3339 1852 3690 1947 ὑπιστὰσεως
3736 1852 3845 1954 ὃλιρ
3888 1852 3988 1951 τῆς

716 1998 826 2036 non
876 1997 998 2035 esse
1048 1979 1535 2048 praeevsistentem,
1590 1991 1692 2028 nec
1730 1975 1900 2028 altera
1943 1971 2304 2042 generatione

715 2080 842 2125 ante
888 2071 1149 2138 genitam.
1206 2069 1320 2124 Una
1364 2066 1720 2136 generatione
1773 2063 2090 2125 ambarum,
2137 2060 2304 2114 simul

717 2177 841 2214 eum
871 2159 1324 2228 altera.pro,:redi
1351 2159 1404 2211 in
1440 2173 1549 2210 uno
1581 2156 1896 2225 hypostasis
1925 2163 2042 2212 toto
2066 2153 2300 2207 conﬁte-

2405 1973 2579 2041 αὐτῆς
2629 1975 3033 2044 δμολογοῦμεντ
3089 1979 3147 2028 ὲν
3191 1978 3300 2046 γὰρ
3353 1979 3450 2046 μιᾷ
3491 1980 3556 2045 τῇ
3597 1979 3663 2028 lx
3702 1977 3988 2046 Παρθένου

2404 2067 2684 2135 γεννήσει,
2719 2067 2816 2119 τοῦ
2851 2069 2949 2135 μὲν
2976 2067 3086 2119 τῶν
3117 2069 3302 2138 μερῶν
3326 2067 3563 2137 Χριστού
3593 2068 3858 2138 δευτέρα,
3893 2065 3987 2119 τοῦ

2406 2154 2462 2206 δὲ
2498 2154 2688 2226 πρώτη
2721 2158 2815 2209 καὶ
2846 2158 2985 2226 μόνη
3013 2161 3214 2211 νοεῖται
3243 2155 3380 2210 οὖσα
3405 2159 3676 2226 γέννησις.

716 2271 860 2309 mur.
889 2254 950 2308 ln
979 2270 1083 2308 una
1119 2254 1290 2314 enim,
1345 2253 1558 2306 scilicet
1617 2267 1683 2304 ex
1751 2250 1998 2319 Virgine,
2041 2247 2399 2319 generatione
2425 2293 2442 2317 ,
2502 2251 2737 2309 alterius
2773 2253 2996 2325 quidem
3053 2255 3295 2325 partium
3325 2253 3531 2311 Christi
3570 2263 3839 2311 censetur
3865 2268 3994 2312 esse

715 2348 1015 2403 secundam
1056 2345 1470 2415 generationem
1500 2342 1731 2397 alterius
1761 2341 1995 2412 primam
2021 2351 2076 2395 et
2099 2341 2296 2396 solam.

1347 2459 1502 2514 CAP.
1542 2458 1656 2512 VII.

786 2556 843 2610 Si
878 2555 1183 2609 substantia
1210 2554 1306 2608 Dei
1337 2551 1500 2604 Verbi
1542 2561 1670 2604 nata
1704 2556 1790 2604 est
1819 2549 2124 2603 secundum
2152 2550 2297 2604 veri-

717 2654 886 2700 tatem
937 2660 1006 2699 ex
1051 2643 1359 2699 substantia
1403 2641 1667 2710 Virginis,
1722 2655 1946 2694 necesse
1990 2649 2176 2693 autem
2212 2652 2298 2694 est

716 2740 899 2809 genita
945 2740 1018 2792 ita
1053 2753 1175 2792 esse
1208 2735 1410 2790 similia
1457 2733 1761 2787 secundum
1797 2733 2165 2786 substantiam
2213 2732 2298 2800 gi-

717 2827 1035 2896 gnentibus,
1079 2826 1163 2878 vel
1215 2826 1358 2878 Deus
1388 2823 1628 2876 Verbum
1658 2829 1744 2874 est
1789 2819 1954 2874 homo
1989 2820 2298 2873 secundum

718 2917 1121 2981 substantiam;
1174 2915 1259 2969 vel
1305 2915 1473 2982 Virgo
1517 2920 1602 2966 est
1633 2911 1780 2965 Deus
1815 2910 2123 2964 secundum
2171 2911 2303 2964 sub-

719 3008 1013 3068 stantiam;
1049 3021 1218 3075 porro
1267 3014 1566 3072 utrumque
1612 3003 1818 3071 pariter
1861 3011 1946 3055 est
1975 3001 2205 3068 impium
2249 3013 2304 3056 et

720 3099 1081 3168 impossibile.
1107 3098 1279 3165 Igitur
1303 3096 1610 3150 substantia
1641 3095 1734 3147 Dei
1761 3093 1923 3148 Verbi
1952 3109 2061 3146 non
2093 3093 2303 3147 veraci-

721 3203 803 3246 ter
824 3200 910 3245 est
941 3201 1065 3245 nata
1100 3207 1166 3243 ex
1187 3188 1494 3243 substantia
1526 3186 1784 3255 Virginis.
1821 3215 1892 3224 -—
1915 3184 2019 3239 Sed
2057 3186 2296 3253 pritntttn

719 3282 966 3349 quidem,
987 3281 1134 3334 aliud
1165 3289 1250 3334 est
1278 3281 1332 3332 in
1361 3279 1722 3332 substantiam
1740 3278 1907 3346 gigni,
1927 3278 2073 3332 aliud
2102 3291 2314 3330 secun-

719 3373 849 3427 dum
887 3373 1248 3426 substantiam
1285 3371 1451 3440 gigni.
1505 3371 1736 3437 Insuper
1789 3371 1936 3423 inter
1983 3370 2300 3437 genitos-ex

721 3463 1027 3516 substantia
1063 3461 1246 3513 mulae
1273 3458 1749 3513 suntdiﬂ‘erentiae
1779 3457 2213 3510 similitudinum
2245 3465 2302 3509 ct

719 3549 1232 3605 dissimilitudinum
1277 3547 1615 3602 adatuussim
1660 3545 1967 3614 indaganti,
2016 3555 2076 3598 ut
2117 3554 2172 3599 et
2203 3560 2302 3598 vos

718 3639 820 3708 ipsi
854 3653 1034 3706 nuper
1064 3637 1351 3691 dicebatis.
1388 3635 1635 3703 Namque
1683 3643 1797 3688 tum
1822 3633 2020 3688 similia
2053 3643 2167 3687 tum
2189 3634 2303 3688 dis-

717 3730 919 3785 similia
947 3729 1176 3799 giguuut
1218 3742 1318 3796 pro
1346 3726 1662 3780 diﬂ‘erentia
1698 3726 1913 3780 scilicet
1953 3725 2298 3779 diversorum

716 3821 1160 3890 generationum.
1209 3817 1265 3872 Si
1310 3817 1460 3872 enim
1489 3826 1547 3870 et
1577 3816 1886 3870 substantia
1930 3825 2051 3868 erat
2096 3814 2300 3868 Paulus

717 3911 811 3980 qui
863 3910 1198 3980 operabatur
1228 3909 1637 3978 generationem
1672 3907 1970 3970 Timothei,
2015 3922 2140 3960 eum
2183 3907 2300 3974 ipse

715 4010 863 4056 esset
892 4016 1113 4070 quoque
1145 4000 1476 4062 substantia,
1505 4007 1562 4053 et
1597 3999 1901 4053 secundum
1934 3999 2298 4054 substantiam

715 4095 911 4147 melior
943 4093 1097 4146 ﬁeret
1136 4102 1192 4146 et
1236 4091 1556 4160 gigneretur
1585 4091 1653 4144 ad
1681 4090 2152 4159 incorruptionem
2202 4108 2299 4159 per

717 4184 878 4238 tidem
910 4183 1040 4252 (non
1075 4183 1222 4236 enim
1273 4181 1577 4236 secundum
1609 4183 1866 4236 accidens
1901 4183 2122 4251 aliquod
2157 4183 2298 4237 facta

715 4285 803 4328 est
831 4273 1100 4342 spiritalis
1128 4283 1558 4326 naturaenostra:
1583 4273 1974 4341 regeneratio),
2005 4273 2134 4326 item
2161 4289 2299 4342 quo-

713 4383 822 4437 que
841 4367 962 4436 ejus
989 4365 1294 4420 secundum
1330 4379 1556 4419 carnem
1593 4373 1754 4432 pater
1795 4373 1918 4418 erat
1958 4364 2293 4429 substantia,

711 4469 768 4514 et
791 4457 1099 4512 secundum
1148 4458 1513 4510 substantiam
1547 4457 1738 4524 utique
1787 4456 2024 4525 genuit:
2061 4464 2118 4509 et
2144 4456 2295 4508 insu-
2329 4488 2369 4542 ο

715 4565 810 4620 per
850 4549 1097 4602 omnium
1139 4548 1573 4602 substantiarum
1606 4562 1791 4610 causa,
1830 4547 1945 4614 ipse
1976 4547 2094 4600 sine
2123 4561 2289 4600 causa

716 4643 872 4705 pater
899 4637 1166 4688 ontnium.
1216 4635 1322 4688 Sed
1357 4651 1502 4688 unus
1547 4634 1769 4703 quidem
1809 4633 1934 4688 ﬁdei
1980 4650 2111 4698 sum,
2162 4635 2300 4688 alter

718 4743 846 4781 vero
867 4727 1086 4796 corpori
1115 4743 1216 4780 suo
1248 4729 1437 4797 genuit
1465 4743 1588 4780 eum
1625 4727 1887 4788 similem,
1935 4726 2076 4778 alius
2111 4733 2298 4778 autem

721 4818 942 4886 imagini
972 4834 1104 4872 sure.
1141 4819 1310 4887 igitur
1340 4828 1395 4871 et
1427 4817 1472 4870 si
1521 4819 1682 4870 Pater
1710 4816 1779 4868 ab
1822 4825 2028 4868 aeterno
2060 4828 2128 4866 ex
2169 4813 2298 4866 sub-

719 4909 916 4962 stantia
946 4924 1042 4962 sua
1071 4907 1244 4977 gignit
1277 4908 1540 4974 Verbum,
1573 4917 1629 4961 et
1664 4907 1922 4960 Salomon
1955 4921 2022 4959 ex
2045 4907 2300 4962 substan-

721 5002 792 5052 tia
819 5000 1023 5053 dlt‘lllﬂ'
1044 5002 1298 5069 genuisse
1319 4999 1634 5063 Jeroboam,
1656 5014 1767 5052 non
1789 5001 1900 5068 jam
1926 4997 2000 5050 ita
2027 5013 2084 5051 se
2131 4999 2299 5052 habet

716 5099 952 5158 utetque
982 5089 1127 5143 [ilius
1146 5095 1213 5142 ad
1243 5099 1539 5157 utrumque
1571 5096 1785 5158 patrem
1817 5088 2000 5157 quoad
2035 5088 2295 5142 similitu-

629 5227 632 5229 ,
715 5181 924 5234 dinem.
964 5179 1100 5234 Cum
1152 5181 1301 5233 enim
1350 5180 1572 5234 dilTerat
1625 5179 1825 5234 modus
1871 5181 2290 5248 generationum

715 5271 1016 5325 secundum
1049 5271 1436 5333 substantiam,
1464 5281 1520 5324 et
1551 5271 1606 5324 in
1639 5271 2099 5325 diverszenaturte
2128 5272 2296 5326 rebus

715 5362 1070 5431 intelligatur,
1102 5363 1204 5418 etsi
1240 5362 1438 5417 similis
1486 5373 1636 5418 esset
1681 5363 1986 5416 secundum
2053 5363 2160 5417 hoe
2209 5364 2294 5432 ip-

715 5469 835 5505 smn
871 5453 1170 5518 generatio,
1203 5462 1444 5507 attamen
1481 5453 1793 5508 dill'ereutia
1821 5455 2196 5523 generationis
2229 5470 2293 5508 ex

716 5543 1022 5598 substantia
1075 5545 1415 5599 demonstrat
1463 5545 1689 5598 dill‘erre
1739 5554 1794 5598 et
1849 5545 2291 5599 similitudinem.

717 5635 850 5689 Nam
887 5635 954 5689 de
1006 5654 1117 5691 uno
1162 5637 1468 5706 eodemque
1527 5637 1754 5690 homine
1814 5635 2023 5689 dicitur
2059 5652 2125 5690 ex
2173 5637 2293 5706 ejus

715 5727 1020 5780 substantia
1051 5730 1195 5798 gigni
1229 5737 1285 5784 et
1333 5729 1526 5788 lilium,
1557 5739 1614 5781 ct
1663 5728 2076 5797 cogitationem,
2120 5737 2176 5782 et
2201 5728 2291 5783 di-

715 5817 974 5883 ctionem,
1008 5828 1058 5871 ct
1095 5819 1252 5888 pilos,
1280 5831 1332 5874 et
1362 5821 1697 5881 cicatricem,
1738 5829 1791 5873 et
1825 5820 2204 5889 operationem
2237 5828 2290 5874 et

3021 2457 3272 2511 ΚΕΦᾹΛ.
3310 2459 3385 2511 Ζ’.

2475 2547 2540 2602 Εἰ
2572 2548 2604 2615 ἡ
2633 2545 2790 2599 οὐσία
2823 2545 2919 2598 τοῦ
2949 2545 3086 2598 Θεοῦ
3114 2547 3306 2612 Λόγου
3325 2545 3520 2615 ἐτέχθη
3550 2543 3697 2598 κατά
3726 2543 3991 2618 ἀλήθειαν

2402 2641 2468 2692 ὲκ
2516 2642 2613 2708 τῆς
2666 2637 2854 2700 οὐσίας
2900 2638 3219 2708 Παρθένου,
3264 2638 3478 2706 ἀνάγκη
3507 2637 3564 2689 δὲ
3591 2637 3663 2689 τά
3686 2636 3991 2703 τικτόμενα

2405 2732 2576 2794 οὓτως
2627 2732 2790 2798 ὃμοια
2831 2725 2976 2782 εἶναι
3025 2731 3144 2782 κατ’
3185 2730 3374 2782 οὐσίαν
3423 2731 3537 2790 τοῖς
3579 2728 3902 2789 τίκτουσιν,
3952 2727 3991 2794 ἢ

2405 2827 2434 2876 6
2464 2825 2597 2884 Θεδς
2629 2825 2823 2890 Λόγος,
2859 2823 3146 2893 ἄνθρωπος
3177 2823 3277 2892 τὴν
3304 2822 3518 2884 οὐσίαν,
3554 2822 3587 2890 ἢ
3616 2823 3650 2892 ἡ
3680 2820 3990 2888 Παρθένοςο

2407 2915 2542 2977 Θεὸς
2575 2913 2674 2984 τὴν
2706 2915 2928 2969 οὐσίαν·
2983 2915 3098 2967 ἀλλ’
3138 2915 3398 2982 ἑκάτερον
3431 2915 3630 2981 ἐπίσης
3660 2910 3861 2974 ἀσεϐὲς
3895 2917 3994 2964 καὶ

2408 3007 2669 3059 ἀδύνατον
2695 3023 2710 3036 ’
2767 3008 2866 3060 οὐκ
2899 3007 3008 3075 ἄρα
3042 3009 3075 3074 ἠ
3105 3008 3264 3063 οὐσία
3294 3007 3388 3058 τοῦ
3417 3004 3552 3058 Θεοῦ
3581 3006 3757 3069 Λόγου
3792 3003 3990 3072 ἐτέχθη

2411 3098 2553 3149 κατά
2587 3097 2844 3166 ἀλήθειαν
2893 3100 2958 3150 ἐκ
2989 3099 3087 3166 τῆς
3119 3098 3310 3159 οὐσίας
3340 3097 3444 3161 τῆς
3476 3095 3779 3165 Παρθένου.
3829 3095 3997 3149 Ἀλλὰ

2405 3188 2622 3254 πρῶτον
2661 3191 2790 3258 μὲν,
2826 3188 3015 3257 ἕτερον
3061 3188 3122 3239 τὸ
3174 3190 3255 3248 εις
3298 3189 3485 3240 οὐσίαν
3533 3187 3798 3256 τεχθῆναι
3825 3228 3841 3252 ,
3898 3191 3993 3239 καὶ

2401 3279 2529 3332 ἄλλο
2577 3280 2663 3331 τὺ-
2688 3280 2810 3332 κατ’
2856 3281 3053 3332 οὐσίαν.
3083 3279 3365 3348 τεχθῆναι.
3401 3281 3521 3332 Ἐτι
3550 3279 3604 3332 δὲ
3651 3279 3762 3332 τῶν
3795 3281 3862 3332 ὲκ
3894 3280 3998 3347 τῆς

2399 3371 2586 3432 οὐσίας
2672 3371 3050 3437 τικτομένων,
3125 3371 3317 3424 πολλαί
3386 3373 3523 3423 εἰσιν
3611 3374 3668 3424 αι
3735 3372 3996 3439 διαφοραὶ

2399 3461 2508 3512 τῶν
2553 3461 2864 3528 ὀμοιώσεων
2921 3463 3018 3515 καὶ
3071 3464 3472 3532 ἀνομοιοτήτων
3523 3462 3602 3531 τῷ
3634 3479 3696 3530 γε
3745 3462 3996 3532 ἀκριϐῶς

2403 3549 2710 3612 ὲΞετάζοντι
2737 3592 2752 3611 ,
2804 3550 2878 3612 ὡς
2912 3551 3007 3603 καὶ
3051 3552 3207 3620 ὑμεῖς
3251 3553 3311 3602 ὲν
3357 3553 3467 3612 τοῖς
3515 3552 3706 3620 πρώην
3742 3552 3991 3618 ἐ).ἐγετε’

2396 3639 2469 3694 ,τὰ
2526 3640 2625 3707 μὲν
2677 3639 2788 3708 γὰρ
2841 3641 3047 3709 ὃμοια,
3106 3641 3175 3695 τὰ
3219 3641 3274 3694 δὲ
3328 3641 3556 3710 ἀνόμοια
3596 3642 3810 3707 τίκτει,
3859 3643 3998 3712 πρὸς

2404 3730 2503 3800 τὴν
2551 3731 2819 3799 διαφορὰν
2869 3733 3112 3803 δηλονότι
3163 3734 3274 3788 τῶν
3317 3736 3626 3805 έτεροφυῶν
3654 3739 3997 3804 γεννήσεων.

2401 3823 2466 3874 El
2514 3823 2622 3890 γὰρ
2675 3825 2769 3875 καὶ
2817 3823 2978 3878 οὐσία
3005 3820 3093 3893 ἦν-
3115 3828 3144 3877 6
3175 3827 3388 3888 Παῦλος
3415 3829 3444 3879 6
3470 3827 3708 3896 ἐνεργῶν
3737 3827 3841 3895 τὴν
3867 3829 3998 3895 γεὲν⁹

2402 3927 2557 3979 νησιν
2605 3911 2874 3980 Τιμοθέου
2903 3951 2942 3976 ,.
2975 3914 3180 3976 οὐσίας.
3219 3915 3313 3966 καὶ
3361 3913 3528 3966 αὐτοῦ
3558 3916 3710 3974 δντος
3743 3916 3843 3966 καὶ
3868 3916 3997 3968 κατ’

2399 4005 2591 4056 οὐσὲαν
2619 4005 2696 4065 είς
2727 4004 3035 4073 ἀφθαρσίαν
3061 4005 3150 4058 διὰ
3173 4008 3273 4074 τῆς
3299 4006 3533 4068 πίστεως
3561 4009 3995 4075 κρειττουμένου

2402 4096 2496 4147 καὶ
2543 4097 2886 4164 γεννωμένου
2939 4097 3040 4166 (οὐ
3087 4098 3197 4167 γὰρ
3236 4097 3300 4166 δὴ
3351 4099 3490 4150 κατά
3536 4098 3898 4167 συμϐεϐηκός
3943 4116 3995 4152 τι

2399 4186 2432 4252 ἡ
2468 4185 2812 4256 πνευματικὴ
2865 4186 2963 4254 τῆς
3007 4185 3225 4254 φύσεως
3271 4186 3430 4256 ἡμῶν
3480 4187 3704 4254 γέγονεν
3743 4190 3998 4255 ἀναγεν-

2399 4275 2598 4344 νησίς),
2642 4277 2736 4329 καὶ
2767 4279 2796 4329 6
2825 4277 2966 4330 κατά
2993 4277 3174 4346 σάρκα
3199 4277 3252 4330 δὲ
3282 4277 3686 4347 αὐτοῦνπατὴρ,
3709 4280 3878 4331 οὐσία
3904 4275 3993 4348 ἦν,

2399 4368 2493 4419 καὶ
2543 4367 2662 4420 κατ’
2690 4368 2880 4421 οὐσίαν
2925 4385 3044 4431 πως
3094 4369 3309 4421 ἔτικτε·
3361 4371 3457 4421 καὶ
3497 4369 3678 4437 πάσης
3707 4369 3768 4422 δὲ
3797 4371 3995 4433 οὐσίας

2399 4458 2604 4520 αἴτιος,
2659 4459 2900 4522 ἀναίτιος
2948 4459 3167 4512 πάντων
3218 4458 3313 4511 καὶ
3361 4459 3573 4529 Πατήρ.
3618 4458 3762 4510 Ἀλλ’
3810 4461 3841 4510 6
3894 4459 3995 4525 μὲν

2397 4551 2463 4618 τῇ
2511 4551 2694 4601 πίστει
2724 4589 2740 4613 ,
2791 4552 2820 4602 6
2847 4550 2903 4603 δὲ
2948 4549 3026 4618 τῷ
3058 4551 3274 4618 σώματι
3302 4549 3468 4602 αὐτοῦ
3504 4549 3798 4615 ἐγέννησεν
3823 4550 3996 4602 αὐτὸν

2402 4643 2587 4707 ὅμοιον
2612 4682 2625 4701 ,
2680 4642 2708 4691 6
2738 4642 2793 4692 δὲ
2824 4645 2888 4710 τῇ
2921 4643 3089 4694 εἰκόνι
3119 4639 3336 4694 ἑαυτοῦ.
3390 4641 3456 4692 Εἰ
3485 4640 3579 4692 καὶ
3605 4642 3635 4692 6
3661 4641 3863 4708 Πατὴρ
3890 4637 3990 4694 οὖν

2401 4731 2588 4792 ὰῖδίως
2641 4733 2703 4783 ὲκ
2755 4731 2858 4799 τῆς
2891 4732 3074 4794 οὐσίας
3103 4730 3300 4784 ἑαυτοῦ
3334 4731 3508 4782 τίκτει
3538 4731 3628 4783 τδν
3657 4732 3855 4798 Λόγον,
3895 4735 3995 4786 καὶ

2401 4821 2652 4888 Σολομῶν
2703 4823 2767 4874 ὲκ
2816 4822 2913 4890 τῆς
2959 4823 3147 4884 οὐσίας
3186 4822 3354 4874 αὐτοῦ
3404 4821 3624 4889 λέγεται
3653 4822 3864 4872 τίκτειν
3897 4825 3995 4875 τὶν

2413 4911 2723 4983 Ἰεροϐοάμ,
2761 4913 2862 4966 οὐκ
2907 4911 3011 4983 ήδη
3058 4914 3231 4976 οὕτως
3261 4913 3374 4982 ἔχει
3405 4912 3663 4981 ἑκάτερος
3694 4912 3807 4974 υίὸς
3845 4914 3995 4984 πρὸς

2400 5004 2658 5074 ἑκάτερον
2711 5006 2924 5074 πατέρα
2977 5004 3042 5056 τδ
3080 5004 3500 5074 ἀπαράλλακτον
3526 5021 3540 5034 ·
3575 5004 3837 5073 διαφόρου
3878 5005 3996 5074 γὰρ

2397 5094 2602 5164 τρόπου
2635 5094 2745 5147 τῶν
2776 5096 2896 5147 κατ’
2923 5095 3113 5147 οὐσίαν
3144 5095 3455 5162 γεννήσεων
3484 5095 3542 5145 ἐν
3573 5093 3902 5164 ὲτεροφυὲσι
3933 5111 3996 5149 τε

2397 5187 2692 5255 πράγμασι
2736 5187 3029 5257 νοουμένου
3057 5227 3076 5252 ,
3127 5188 3176 5238 εξ
3213 5188 3306 5239 καὶ
3339 5187 3505 5256 ὁμοία
3533 5188 3615 5255 εἴη
3650 5184 3792 5238 κατά
3824 5187 3996 5240 τοῦτο

2397 5279 2530 5331 αὐτὸ
2563 5280 2596 5347 ἡ
2625 5279 2878 5348 γέννησις
2904 5319 2919 5342 ,
2973 5279 3036 5330 τὸ
3081 5279 3146 5330 lx
3191 5277 3291 5345 τῆς
3332 5277 3522 5341 οὐσίας
3555 5272 3694 5329 εἶναι
3721 5277 3996 5346 διάφορον

2395 5369 2544 5436 ὅμως
2571 5369 2842 5421 δείκνυσιν
2867 5369 3096 5432 εἰκότως
3125 5370 3220 5421 καὶ
3246 5368 3345 5439 τὴν
3369 5371 3683 5439 ὁμοιότητα.
3713 5368 3845 5420 Ἰδοὺ
3877 5369 3997 5435 γὰρ

2397 5460 2490 5512 ἐπὶ
2517 5460 2634 5522 ἑνὸς
2664 5460 2757 5512 καὶ
2780 5458 2874 5512 τοῦ
2899 5459 3062 5513 αὐτοῦ
3087 5459 3381 5529 ἀνθρώπου
3406 5463 3470 5512 ὲκ
3492 5460 3591 5528 τῆς
3612 5460 3798 5520 οὐσίας
3820 5460 3992 5512 τοῦδε

2395 5549 2616 5617 λέγεται
2653 5551 2948 5620 γεννᾶσθαι
2986 5552 3114 5614 Υἱός
3144 5568 3204 5604 τε
3251 5553 3345 5604 καὶ
3389 5550 3652 5620 θεώρημα
3700 5551 3798 5602 καὶ
3835 5551 3992 5617 λέξις

2395 5643 2490 5690 καὶ
2516 5639 2699 5709 τρίχες
2727 5641 2821 5691 καὶ
2845 5639 3000 5691 οὐλαὶ
3029 5640 3125 5692 καὶ
3149 5639 3401 5709 ἐνέργεια
3428 5641 3521 5691 καὶ
3542 5640 3705 5708 ἔτερα
3726 5639 3989 5692 πλεῖσταο

2395 5725 2506 5798 ἆρα
2538 5729 2630 5782 οὖν
2683 5731 2857 5784 πάντα
2899 5729 3170 5800 ἀνθρώπῳ
3200 5726 3341 5784 εἶναι
3369 5732 3529 5800 ὃμοια
3581 5732 3646 5800 τῇ
3691 5730 3854 5798 οὐσίᾳ
3899 5748 3992 5781 νο-

2399 5821 2650 5891 μιστέονς
2689 5822 2807 5875 tuti
2839 5823 2916 5884 εἰς
2945 5823 3130 5876 οὐσῐαν
3166 5823 3258 5877 καί
3291 5823 3410 5876 κατ’
3444 5824 3632 5878 οὐσίαν
3662 5821 3784 5874 τινὰ
3815 5821 3988 5872 τῶνδε
