4194 6446
703 435 834 504 1567

1965 426 2273 486 LEONTII
2317 420 2722 480 BYZANTINI

3847 419 3983 480 1663

697 539 750 589 id
779 545 863 589 est
891 547 1000 586 non
1027 547 1126 585 sua
1155 529 1486 593 substantia,
1517 529 1613 584 sed
1643 545 1740 584 sua
1761 531 2090 590 voluntate;
2124 530 2291 596 igitur

2418 527 2673 578 ὀυτέστιν
2691 526 2752 578 οὐ
2782 527 2848 594 τῇ
2871 524 3056 595 οὐσία,
3094 523 3231 577 ἀλλὰ
3263 524 3411 594 μόνῳ
3443 525 3520 592 τῷ
3553 525 3754 578 θέλειν·
3784 526 3878 577 τοῦ
3905 527 3993 577 θέ-

699 624 1020 688 voluntatis,
1053 638 1161 676 non
1199 621 1521 676 substantiae
1552 622 1669 685 Dei,
1702 621 1852 690 facta.
1874 630 1959 676 est
1985 623 2292 691 generatio.

697 717 752 771 Si
791 728 976 771 autem
1006 714 1188 784 passio
1221 715 1384 768 simul
1416 722 1472 766 et
1503 714 1669 775 actio,
1701 715 1775 768 ita
1808 713 2023 768 scilicet
2053 715 2293 782 utgeni-

700 822 787 863 tus
822 809 893 860 sit
919 806 1138 876 patiens
1170 806 1391 875 quidem
1418 805 1748 868 substantia,
1779 821 1946 874 agens
1981 814 2166 858 autem
2201 821 2296 857 vo-

699 902 936 963 Inntate,
969 899 1170 970 genita:
1199 905 1490 968 sunt_ergo
1527 906 1584 950 et
1614 896 1918 950 substantia
1949 907 2006 950 et
2042 899 2298 970 voluntas

702 993 820 1058 Dei,
862 993 950 1046 illa
983 990 1204 1060 quidem
1239 989 1478 1059 patiens,
1509 989 1624 1042 haec
1651 1003 1782 1041 vero
1808 1003 1993 1056 agens.
2028 969 2296 1042 Siautcm

703 1099 883 1153 neque
908 1082 1094 1153 passio
1119 1097 1302 1150 neque
1329 1081 1496 1140 actio,
1523 1094 1705 1148 neque
1733 1079 2039 1133 substantia
2075 1079 2169 1132 Dei
2205 1093 2300 1131 nc-

703 1189 809 1244 que
838 1174 1114 1236 voluntas;
1157 1173 1338 1243 genita
1367 1180 1453 1226 est
1481 1189 1494 1224 :
1526 1170 1617 1224 dic
1661 1185 1794 1240 ergo
1837 1171 1968 1240 quid
1999 1172 2098 1225 Dei
2144 1172 2300 1241 geni-

705 1277 820 1320 tum
868 1266 961 1332 sit,
999 1281 1110 1334 quo
1145 1263 1359 1318 scilicet
1389 1263 1597 1333 genito,
1631 1262 1860 1332 prolirie
1908 1251 1974 1317 et
2015 1276 2140 1316 vere
2189 1261 2300 1316 diei

703 1356 882 1426 possit
909 1375 922 1410 :
951 1354 1172 1425 genitus
1219 1361 1305 1407 est
1340 1354 1504 1407 Deus.
1530 1381 1600 1392 ——
1624 1352 1772 1406 Proli'
1820 1352 2088 1422 insipiens
2121 1361 2302 1406 vestra

705 1448 1006 1518 sapientia!
1039 1446 1208 1500 Istius
1238 1445 1387 1498 modi
1415 1444 1746 1513 eloquentia:
1788 1445 1856 1496 ne
1901 1444 2152 1496 umbram
2177 1443 2304 1512 qui-

707 1540 830 1593 dem
863 1539 1004 1592 Deus
1033 1538 1086 1591 in
1123 1538 1334 1591 mundo
1364 1538 1674 1606 relinquat!
1711 1536 1858 1602 Quid
1891 1537 2040 1590 enim
2071 1537 2302 1592 misera-

709 1631 878 1684 bilius
911 1630 1017 1682 hoe
1043 1629 1248 1691 studio,
1278 1628 1426 1698 quod
1463 1644 1684 1683 omnem
1721 1629 1863 1683 hanc
1897 1637 2185 1701 mutuatur
2215 1617 2302 1684 in-

707 1722 1052 1776 commodam
1080 1721 1436 1790 aetiologiam.
1471 1731 1532 1774 ut
1568 1721 1717 1775 inani
1759 1721 2048 1776 mendacio
2080 1722 2301 1790 opinio-

707 1826 834 1867 nem
863 1810 1189 1866 substantiaa
1214 1810 1329 1862 veri
1365 1808 1659 1864 conciliet?
1681 1809 1748 1863 Et
1793 1808 1902 1862 hoc
1935 1823 2043 1862 non
2076 1817 2305 1877 propter

2400 621 2516 672 λειν
2542 622 2651 690 ἄρα
2679 619 2781 688 τῆς
2803 617 2990 682 οὐσίας
3017 617 3110 670 τοῦ
3132 618 3268 670 Θεοῦ
3293 620 3326 687 ὴ
3350 619 3623 688 γέννησις.
3653 619 3715 670 Ei
3733 619 3790 671 δέ
3816 619 3996 680 πάθος

2402 712 2497 765 καὶ
2527 713 2803 782 ἐνέργεια,
2836 709 3122 772 πεπονθὼς
3159 710 3259 779 μὲν
3289 714 3356 780 τῇ
3390 711 3572 780 οὐσία,
3605 711 3912 780 ἐνεργήσας
3939 711 3995 763 δὲ

2401 802 2477 872 τῷ
2515 803 2691 856 θέλειν
2723 801 3052 871 γεγέννηται
3076 841 3114 863 ,,
3143 801 3473 870 γεγέννηται
3502 803 3611 872 ἆρα
3645 804 3739 855 καὶ
3769 804 3802 868 ἠ
3836 803 3996 854 οὐσία

2402 893 2496 950 καὶ
2524 894 2586 945 τὸ
2613 893 2794 946 θέλειν
2822 879 2918 946 τοῦ
2940 892 3100 956 Θεοῦ,
3125 894 3157 960 ἡ
3186 892 3286 961 μὲν
3309 891 3582 955 παθοῦσα,
3608 893 3668 945 τὸ
3686 893 3744 950 δὲ
3761 893 3994 963 δράσαν.

2404 983 2468 1036 Et
2515 984 2574 1036 δὲ
2622 983 2746 1036 οὔτε
2782 984 2955 1046 πάθος
3001 983 3125 1035 οὕτε
3157 984 3430 1052 ἐνέργεια,
3465 982 3588 1036 οὕτε
3619 985 3652 1053 ἡ
3683 985 3842 1037 οὐσία
3872 982 3998 1036 οὔτε

2402 1074 2467 1126 τὸ
2497 1074 2675 1128 θέλειν
2699 1073 2794 1128 τοῦ
2822 1074 2960 1127 Θεοῦ
2993 1074 3285 1146 ἐγεννήθη,
3321 1075 3442 1126 είπὲ
3473 1076 3526 1126 τί
3557 1075 3650 1126 τοῦ
3678 1074 3818 1126 Θεοῦ
3848 1075 4003 1140 ὲγεν-

2403 1167 2538 1238 νήθη
2557 1210 2572 1230 ,
2608 1162 2668 1222 οὗ
2700 1168 3072 1236 γεννηθέντος,
3108 1169 3333 1238 κυρίως.
3355 1169 3495 1221 κατὰ
3526 1166 3785 1237 ἀλήθειαν
3813 1169 3844 1220 ὁ
3869 1167 4002 1225 Θεδ;

2407 1248 2695 1335 έγεννήθή.
2747 1259 2857 1312 Φεῦ
2893 1259 2996 1328 τῆς
3031 1260 3240 1327 ἀσόφου
3272 1260 3426 1330 ὑμῶν
3460 1259 3693 1328 σοφίαςί
3741 1260 4003 1329 τοιαύτης

2407 1345 2736 1420 λογιότητοέ
2774 1348 2926 1420 ’μηδὲ
2958 1350 3180 1403 εἴδωλον
3210 1351 3343 1416 Θεὸς
3370 1355 3431 1431 έν
3460 1353 3653 1422 κόσμῳ
3681 1339 4001 1406 καταλίποι.

2407 1445 2473 1496 Τί
2493 1443 2604 1513 γὰρ
2627 1443 2957 1516 ἀθλιώτερον
2974 1443 3187 1496 τοιᾶσδε
3204 1443 3462 1514 σπουδῆς,
3487 1446 3668 1496 πᾶσαν
3684 1447 3707 1496 ὲ
3715 1443 4008 1514 ρανιζομέο

2407 1548 2514 1606 νης
2552 1515 2906 1607 ἀπρόσφορον
2954 1515 3327 1604 αἰτιολογίαν,
3385 1537 3471 1594 ἴνα
3520 1536 3598 1606 τῷ
3643 1537 4007 1604 ἁνυποστάτῳ

2406 1629 2633 1700 ψεύδει,
2697 1629 2923 1699 δόκησιν
2977 1631 3334 1692 ὑποστάσεως
3391 1630 3656 1700 ἀληθείας
3704 1630 4007 1698 περιποιή-

2411 1738 2614 1792 σηται;
2666 1721 2762 1774 καὶ
2808 1722 2968 1775 τοῦτο
3001 1721 3061 1774 οὺ
3094 1721 3185 1774 διὰ
3213 1721 3406 1792 κέρδος
3438 1721 3628 1792 ἕτερον
3651 1761 3666 1784 ,
3702 1719 3825 1773 ἀλλ’
3857 1721 3892 1790 ἢ
3923 1720 4010 1771 ἵνα

2409 1815 2655 1886 κρηπῖδα
2684 1813 3043 1884 βλασφημίας
3076 1813 3245 1894 ἑαυτῇ
3275 1813 3635 1884 οἱκοδομήσῃ.
3663 1813 3897 1884 Πρῶτον
3918 1812 4010 1865 οὖν

707 1902 859 1956 aliud
888 1903 1125 1962 lucrum.
1153 1902 1257 1955 nisi
1283 1909 1342 1955 ut
1367 1900 1788 1955 fundamentum
1819 1876 2304 1970 blasphemizesibi

2418 1905 2566 1974 ὒμῶν
2597 1905 2922 1969 ἀκουστέον,
2949 1904 3041 1966 τίς
3067 1886 3329 1958 κοινωνία
3355 1904 3595 1966 διανοίας
3621 1903 3732 1956 τῶν
3755 1920 3820 1956 τε
3848 1903 4010 1974 μέχρι

709 2001 942 2047 astruat.
992 1992 1164 2062 Igitur
1206 1993 1448 2061 primum
1491 2007 1559 2046 ex
1632 1992 1789 2046 vobis
1829 1992 2171 2047 audiendum
2201 1999 2307 2047 est

709 2069 839 2156 quis
877 2086 1098 2139 intersit
1127 2066 1433 2138 consensus
1464 2083 1609 2138 inter
1643 2098 1708 2137 ea
1739 2100 1861 2152 quae
1890 2085 2000 2140 buc
2033 2099 2207 2153 usque
2237 2085 2306 2139 de

711 2176 1068 2246 generatione
1093 2185 1148 2228 et
1171 2174 1451 2244 generatis
1477 2175 1800 2238 senseratis,
1825 2185 1880 2229 et
1905 2191 1970 2228 ea
1991 2189 2114 2244 qua:
2140 2173 2306 2228 modo

711 2269 947 2323 dixistis.
980 2267 1408 2323 Generationem
1444 2265 1592 2320 enim
1614 2266 1838 2336 proprie
1863 2266 2087 2332 dictam,
2119 2267 2173 2322 id
2199 2275 2320 2338 est,

711 2374 833 2412 eam
855 2373 976 2428 quse
1009 2365 1095 2411 est
1123 2357 1191 2410 de
1211 2371 1319 2409 non
1349 2356 1764 2419 exsistentibus,
1799 2357 1914 2410 sive
1942 2372 2065 2424 qua:
2091 2355 2308 2424 simpli-

714 2451 854 2504 citer
883 2450 976 2503 dat
1023 2449 1404 2504 exsisteutiam
1436 2448 1644 2520 genito,
1686 2449 2091 2516 discernebatis
2122 2457 2306 2502 antea.

717 2543 831 2596 lloc
867 2541 1013 2596 enim
1057 2541 1178 2595 sine
1214 2530 1646 2606 intermissione,
1676 2541 1924 2612 qualibet
1971 2542 2098 2596 data
2146 2555 2309 2595 occa-

715 2637 872 2691 sione
901 2635 1305 2705 subjiciebatis;
1332 2635 1491 2689 Nunc
1519 2645 1703 2689 autem
1734 2634 2011 2704 quomodo
2037 2635 2154 2689 sive
2183 2648 2311 2702 pas-

717 2728 952 2790 sionem,
1001 2727 1118 2781 sine
1164 2728 1460 2791 actionem,
1511 2729 1625 2781 sive
1675 2738 1969 2796 utrumque
2010 2727 2197 2792 simul,
2243 2727 2314 2781 de

716 2831 978 2890 generato
1009 2819 1450 2880 cnnsiderantes,
1488 2833 1610 2873 esse
1638 2820 2053 2888 generationem
2088 2818 2310 2873 dicitis?

720 2914 775 2966 Si
806 2914 952 2967 enim
985 2913 1269 2981 generatio
1291 2913 1442 2982 juxta
1471 2927 1569 2965 vos
1592 2922 1675 2965 est
1701 2911 1847 2965 actio
1871 2912 1992 2979 cjus
2021 2911 2114 2980 qui
2147 2910 2316 2985 debet

723 3003 864 3066 ﬁeri,
899 3004 1014 3056 sive
1059 3003 1174 3056 luee
1221 3002 1504 3071 generatio
1553 3002 1645 3056 liat
1694 3017 1794 3071 per
1826 3003 2166 3056 voluntatem
2199 3001 2315 3055 sive

719 3107 1050 3163 quocunque
1083 3091 1266 3152 modo,
1301 3091 1468 3144 habet
1501 3100 1684 3146 autem
1724 3092 1943 3161 genitus
1987 3107 2149 3145 suum
2191 3107 2315 3146 esse

720 3185 789 3238 ab
833 3201 900 3238 eo
935 3186 1092 3252 cujus
1139 3194 1222 3238 est
1273 3185 1527 3238 voluntas
1575 3184 1971 3254 generationis,
2017 3185 2206 3254 igitur,
2259 3195 2315 3238 et

721 3276 839 3330 vult
867 3284 920 3330 et
951 3285 1073 3347 aget
1100 3292 1260 3328 suum
1290 3292 1412 3329 esse
1440 3275 1762 3344 priusquam
1791 3276 2021 3329 exsistat
2051 3292 2066 3328 :
2097 3285 2154 3329 et
2181 3275 2310 3329 dum

721 3369 965 3424 nondum
1001 3369 1238 3432 exsistit,
1273 3368 1578 3438 possidebit
1609 3383 1772 3421 suum
1811 3383 1936 3426 esse
1967 3376 2024 3422 et
2060 3367 2219 3422 velle.
2257 3353 2312 3422 Si

723 3470 908 3515 autem
945 3471 1000 3516 et
1045 3462 1212 3531 hujus
1240 3461 1654 3529 generationem
1685 3461 1996 3530 passionem
2021 3475 2143 3515 esse
2175 3459 2317 3514 dici-

727 3553 817 3613 tis,
848 3553 1048 3608 iterum
1099 3553 1305 3622 pariter
1349 3553 1669 3622 priusquam
1711 3552 2186 3622 exsistatpatiens
2214 3553 2315 3607 de~

729 3645 1120 3712 preltcndctur.
1169 3646 1364 3700 Nescio
1401 3656 1584 3700 autem
1633 3647 1687 3699 in
1732 3660 1844 3714 quo
1888 3645 2124 3715 patiens,
2175 3645 2315 3699 sicut

728 3751 830 3788 nec
876 3736 927 3788 in
966 3753 1076 3805 quo
1125 3724 1310 3805 agens,
1359 3751 1518 3789 suum
1559 3743 1681 3790 esse
1719 3736 2022 3806 prmtetulat
2066 3736 2162 3806 qui
2204 3751 2315 3789 non

726 3835 830 3892 est,
866 3827 1265 3904 qualiscunque
1309 3828 1396 3882 sit.
1437 3827 1491 3881 Si
1539 3837 1723 3883 autem
1775 3827 1963 3882 dicitis
2010 3828 2315 3882 secundum

729 3918 892 3972 hasce
926 3917 1068 3972 duas‘
1095 3920 1256 3972 simul
1289 3920 1681 3989 dispositiones
1708 3921 2122 3991 generationem
2147 3922 2315 3990 geniti

2406 1994 2502 2047 τοῦ
2531 1996 2626 2049 νῦν
2653 1995 2783 2064 ὑμῖν
2812 1995 2940 2064 περὶ
2961 1990 3272 2063 γεννήσεως
3319 1994 3412 2046 καὶ
3439 1993 3803 2061 γεννωμένων
3826 1991 4014 2057 δοξάν-

2408 2105 2544 2151 των,
2599 2088 2696 2142 καὶ
2744 2087 2857 2141 τῶν
2897 2085 3104 2158 ἀρτίως
3143 2086 3454 2157 εἰρημένιιῑν
3478 2101 3490 2114 ·
3532 2085 3631 2156 τὴν
3657 2086 3771 2155 γὰρ
3804 2084 4014 2156 κυρίως

2409 2179 2668 2250 γέννησιν
2701 2179 2799 2251 τὴν
2831 2180 2892 2244 ἐξ
2918 2181 3020 2232 οὐκ
3046 2179 3250 2240 ὄντων,
3290 2179 3323 2248 ἦ
3356 2177 3541 2240 ἁπλῶς
3573 2177 3636 2230 τὸ
3665 2173 3809 2229 εἶναι
3837 2175 4016 2229 διδοῦ-

2412 2286 2513 2323 σαν
2543 2269 2624 2340 τῷ
2645 2270 2975 2340 γεννωμένῳ
2995 2269 3328 2336 διεγνιῖ.κατε
3356 2270 3462 2341 πρὸ
3481 2268 3695 2322 τούτου*
3720 2268 3888 2322 τοῦτο
3908 2269 4017 2336 γὰρ

2412 2360 2508 2412 καὶ
2560 2362 2620 2413 ὲν
2646 2363 2764 2424 τοῖς
2793 2359 2924 2429 ἑξῆς
2957 2361 3071 2414 ἄνω
3099 2377 3159 2414 τε
3196 2361 3289 2414 καὶ
3317 2362 3470 2414 κάτω
3499 2359 3869 2413 ὑπεϐἀλλετεο
3922 2359 4019 2412 νῦν

2383 2450 2470 2544 ἠδὲ
2517 2450 2636 2514 πῶς
2683 2451 2718 2522 ἢ
2758 2451 2937 2514 πάθος
2973 2451 3006 2521 ἦ
3037 2451 3347 2526 ἐνέργειαν,
3387 2450 3420 2521 ἢ
3454 2449 3626 2520 ἄμφω
3661 2451 3734 2504 τὰ
3760 2443 4020 2515 δύο,’ὲπὶ

2412 2541 2508 2595 τοῦ
2535 2542 2882 2612 γεννωμένου
2907 2543 3186 2614 ὁρώμενα,
3209 2543 3402 2610 λέγετε
3427 2539 3571 2595 εἶναι
3599 2544 3700 2612 τὴν
3724 2544 4020 2612 γέννησιν;

2414 2634 2476 2688 Εἰ
2531 2633 2634 2704 μὲν
2664 2636 2774 2705 γὰρ
2806 2618 3065 2709 ἐνέργείά
3095 2635 3215 2688 ἐστι
3250 2635 3384 2687 καθ’
3415 2634 3563 2702 ὑμᾶς
3593 2633 3690 2686 τοῦ
3724 2635 4022 2704 μέλλοντος

2413 2726 2670 2794 γενέσθαι
2695 2765 2711 2790 ,
2765 2720 2877 2779 εῑῖε
2907 2727 2996 2779 διὰ
3022 2727 3118 2779 τοῦ
3149 2726 3326 2780 θέλειν
3346 2765 3360 2788 ,
3404 2729 3515 2780 εἴτε
3544 2726 3802 2780 ὁπωσοῦν
3833 2728 3869 2796 ἡ
3896 2727 4026 2794 γέν·

2415 2825 2572 2889 νησις
2598 2817 2766 2872 αὑτοῦ
2786 2859 2800 2884 ,
2836 2819 2952 2888 ἔχει
2982 2819 3038 2872 δὲ
3068 2819 3130 2872 τὸ
3157 2819 3296 2871 εἶναι
3326 2819 3358 2871 ὁ
3384 2820 3730 2889 γεννώμενος
3777 2815 3846 2873 οὗ
3873 2820 4027 2872 ἐστιν

2418 2914 2451 2982 ἡ
2480 2912 2697 2982 θέλησις
2727 2913 2791 2964 ὲκ
2817 2913 2918 2979 τῆς
2942 2914 3252 2982 γεννήσεως
3272 2952 3288 2976 ,
3325 2913 3436 2982 ἄρα
3466 2913 3578 2981 πρὸ
3602 2911 3698 2963 τοῦ
3727 2907 3896 2972 εἶναι,
3929 2909 4030 2962 καὶ

2419 3005 2566 3058 θέλει
2601 3005 2698 3058 καὶ
2727 3006 3018 3075 ἐνεργήσει
3049 3006 3110 3057 τὸ
3135 2999 3276 3058 εἶναι
3302 3003 3523 3057 ἑαυτοῦ·
3559 3004 3652 3056 καὶ¹
3675 3003 3840 3055 ἔσται
3867 3005 3929 3055 ὲν
3948 3003 4029 3071 τῷ

2424 3096 2667 3170 μὴεῖναι
2698 3099 2892 3152 ἑαυτὸν
2925 3097 3264 3166 κεκτημένος
3295 3099 3356 3149 τό
3380 3113 3440 3148 τε
3467 3091 3611 3148 εἶναι
3641 3098 3738 3146 καὶ
3761 3094 3822 3147 τὸ
3849 3093 4032 3145 θέλειν

2343 3218 2386 3276 c
2424 3191 2642 3246 ἑαυτοῦ.
2678 3191 2743 3242 Εἰ
2767 3190 2825 3242 δὲ
2855 3191 2949 3242 καὶ
2979 3189 3150 3259 ττὰθος
3177 3190 3367 3256 λέγετε
3394 3188 3590 3242 τούτου
3615 3185 3763 3240 εἶναι
3785 3194 3893 3256 τὴν
3914 3190 4033 3254 γέν-

2424 3300 2604 3354 νησιν,
2646 3282 2810 3335 πάλιν
2845 3281 3112 3361 timuiita);
3163 3283 3271 3351 πρὸ
3311 3280 3406 3332 τοῦ
3439 3275 3580 3332 εἶναι
3615 3279 3910 3340 πεπονθὼς
3937 3282 4031 3335 εὖ,

2429 3375 2723 3446 ρεθήσεται
2746 3370 2763 3403 "
2804 3377 2904 3426 οὐκ
2945 3371 3062 3426 οἶδα
3093 3375 3149 3426 δὲ
3188 3377 3244 3425 ὲν
3273 3373 3378 3426 τίνι
3411 3371 3603 3426 παθὼν
3624 3413 3638 3436 ,
3679 3372 3882 3442 ὥσπερ
3913 3375 4035 3426 οὐδὲ

2425 3471 2484 3519 ἐν
2530 3467 2638 3520 τίνι
2688 3469 3036 3538 ἐνεργήσας,
3094 3469 3156 3518 τὸ
3205 3461 3345 3518 εἶναι
3396 3466 3596 3519 ἑαυτοῦ
3652 3465 4035 3534 προὸαὶλεται

2427 3563 2454 3613 ὁ
2493 3559 2568 3630 μὴ
2595 3560 2672 3612 ὢν
2703 3561 2849 3620 ὅστις
2881 3560 2946 3612 ἂν
3119 3561 3182 3610 Ι-ἑί
3215 3559 3271 3610 δὲ
3304 3558 3421 3610 κατ’
3447 3558 3616 3626 ἄμφω
3643 3557 3840 3621 λέγετε
3873 3558 4034 3610 τᾶσδε

2426 3656 2526 3715 τὰς
2550 3653 2825 3714 διαθέσεις
2856 3651 2948 3704 τοῦ
2980 3651 3330 3720 γεννωμένου
3347 3639 3454 3718 ’τὴν
3473 3651 3732 3718 γέννησιν
3754 3651 4041 3719 προϊέναι,

2427 3744 2594 3798 διπλᾶ
2630 3745 2760 3814 ὑμῖν
2792 3743 2984 3813 ἕψεται
3040 3745 3218 3796 πάντα
3261 3744 3330 3794 τὰ
3364 3743 3540 3793 ἄτοπα
3580 3742 3680 3808 τῆς
3713 3742 4032 3802 ὑποὶέσεως

2426 3833 2566 3903 πρὸς
2621 3834 2699 3902 τῷ
2745 3835 2838 3884 καὶ
2859 3826 3255 3900 ξσυννπὰιρχειν
3289 3831 3405 3900 ἅμα
3436 3847 3494 3883 τε
3542 3832 3638 3882 καὶ
3681 3833 3743 3884 ἐν
3774 3831 3858 3900 τῷ
3891 3829 4038 3898 diu}

2427 3923 2495 3974 τὰ
2523 3923 2746 3975 ἐναντία
2779 3922 3005 3974 διδόναι.

729 4012 978 4082 prodire,
1015 4013 1100 4066 bis
1126 4028 1224 4066 vos
1256 4023 1564 4082 sequentur
1622 4014 1808 4068 omnia
1841 4007 2116 4068 —absurda
2182 4014 2615 4084 suppositionis;
2663 4025 3028 4084 praeterquam
3075 4013 3222 4083 quod
3274 4012 3436 4067 simul
3486 4013 3836 4067 coexsistent
3881 4024 3941 4066 et
3987 4015 4035 4066 in

729 4105 924 4158 eodem
957 4106 1208 4175 opposita
1243 4105 1473 4158 dabunt.

801 4225 869 4279 At
887 4226 1074 4280 fallor:
1094 4241 1218 4279 nam
1239 4227 1293 4279 in
1324 4241 1430 4280 non
1451 4226 1750 4282 exsistente
1780 4228 1897 4282 lure
1915 4228 2248 4298 supponitis,
2270 4237 2326 4282 et

731 4332 839 4371 non
874 4317 1232 4372 coexsistunt.
1251 4318 1368 4371 Non
1398 4320 1546 4372 enim
1579 4322 1856 4374 exsistunt
1883 4336 1947 4374 ea
1973 4337 2098 4390 qua:
2121 4334 2327 4392 suppo-

731 4418 940 4462 nuntur
957 4411 1012 4463 in
1025 4426 1134 4462 non
1151 4409 1468 4464 exsistcntc.
1485 4411 1606 4464 Non
1622 4412 1741 4466 scio
1760 4412 1927 4482 igitur
1939 4414 2219 4482 quomodo
2231 4429 2327 4467 cx-

2964 4093 3007 4116 ρ.

2508 4224 2653 4289 Πλὴν
2713 4222 3116 4292 έπιλέλησμαι’
3183 4222 3240 4272 έν
3282 4220 3500 4290 τῴγὰρ
3553 4220 3628 4290 μὴ
3681 4220 3801 4272 ὄντι
3868 4224 4039 4276 ταῦτα

2430 4314 2610 4366 οἴεσθε
2636 4331 2648 4342 ·
2679 4316 2773 4366 καὶ
2804 4315 2867 4366 οὐ
2901 4314 3268 4382 συνυπάρχει·
3299 4312 3420 4364 οὐδὲ
3450 4312 3560 4380 γὰρ
3584 4312 3833 4382 ὑπάρχει
3862 4315 3935 4366 τὰ
3985 4317 4038 4366 ἐν

2435 4409 2511 4478 τῷ
2548 4408 2622 4477 μὴ
2662 4407 2965 4477 ὑπάρχοντι
2995 4423 3007 4436 ·
3039 4407 3139 4458 οὐκ
3166 4399 3285 4458 οἶδα
3321 4402 3414 4456 οὖν
3449 4404 3565 4466 πῶς
3590 4405 3724 4457 ὄντα
3750 4405 3842 4476 εἴη
3877 4408 3938 4458 ὲν
3968 4408 4040 4476 τῷ

732 4501 981 4576 sistentia
1005 4512 1189 4554 essent
1215 4503 1266 4554 in
1286 4516 1396 4556 non
1421 4501 1721 4556 exsistente
1741 4519 1806 4556 ea
1828 4520 1950 4573 qua:
1967 4505 2132 4558 etiam
2155 4506 2211 4558 in
2231 4521 2314 4558 ex-

2437 4501 2511 4570 μὴ
2543 4501 2679 4561 ὄντι,
2711 4499 2746 4553 ἃ
2771 4502 2865 4553 καὶ
2886 4502 2942 4550 ἐν
2964 4502 3074 4561 τοῖς
3105 4494 3224 4551 οὖσι
3249 4499 3536 4567 γινόμενα,
3563 4499 3626 4550 οὐ
3661 4499 3882 4566 κυρίως
3914 4501 4042 4552 ὅντα

733 4591 1058 4645 sistentibus
1079 4608 1203 4646 cum
1239 4601 1388 4654 sunt,
1422 4609 1532 4647 non
1569 4595 1789 4663 proprie
1815 4598 2139 4650 exsisteutia
2170 4606 2318 4651 sunt.

711 4684 852 4741 Non
882 4693 965 4736 est
987 4699 1207 4753 quoque
1232 4684 1298 4737 ad
1329 4685 1381 4738 id
1415 4686 1835 4750 attendendum,
1857 4689 2254 4760 scilicetquod,
2280 4692 2326 4745 si

734 4778 879 4828 actio
911 4785 1006 4828 aut
1042 4778 1224 4845 passio
1250 4778 1418 4845 geniti
1450 4789 1534 4832 est
1558 4781 1862 4847 generatio,
1893 4782 2198 4835 secundum
2229 4785 2330 4837 hos

736 4881 875 4934 quos
905 4865 1278 4936 descripsistis
1302 4869 1522 4923 insanos
1545 4871 1737 4925 modos
1764 4882 1824 4926 ut
1854 4875 2219 4937 necessarios,
2242 4875 2329 4929 vel

737 4959 954 5027 genitus
978 4959 1185 5026 aliquid
1211 4960 1449 5027 patietur
1474 4963 1524 5014 in
1549 4963 1794 5031 seipsnm
1814 4980 1842 5017 a
1862 4963 2063 5034 seipso,
2081 4961 2216 5018 vel'a
2246 4966 2325 5035 gi-

736 5060 959 5118 gnente,
980 5051 1061 5103 vel
1084 5051 1152 5104 ab
1179 5053 1288 5104 alio
1315 5053 1607 5122 quopiam;
1633 5063 1689 5108 et
1715 5056 1935 5119 iterum,
1954 5058 2035 5111 vel
2068 5067 2193 5126 aget
2217 5059 2332 5126 ipse

685 5143 688 5146 ⁴
739 5143 794 5195 in
807 5144 1072 5211 seipsum,
1095 5145 1178 5197 vel
1199 5144 1603 5214 ingignentem,
1622 5148 1707 5200 vel
1723 5150 1775 5202 in
1792 5149 1958 5202 altum
1978 5152 2328 5219 quempiam;

735 5246 791 5290 ct
807 5235 939 5288 illud
962 5236 1055 5290 lict
1074 5237 1177 5290 hoc
1195 5239 1358 5292 modo
1374 5259 1385 5293 :
1401 5241 1484 5294 vel
1506 5241 1620 5310 ipse
1641 5241 1881 5311 seipsum
1902 5243 1955 5296 in
1975 5244 2333 5311 seipsum,vel

740 5329 794 5380 in
818 5328 1152 5396 gignenteni,
1187 5331 1271 5384 vel
1307 5331 1360 5383 in
1393 5331 1582 5394 alium,
1615 5334 1864 5402 gignens;
1893 5334 1976 5387 vel
2009 5350 2037 5386 a
2070 5336 2254 5402 scipso
2278 5337 2332 5388 in

739 5421 1004 5490 seipsum,
1035 5422 1175 5474 vela
1210 5431 1385 5490 patre,
1422 5425 1507 5478 vel
1542 5425 1610 5477 ab
1642 5425 1751 5477 alio
1776 5426 2015 5494 genitus.
2051 5426 2204 5480 Talia
2241 5443 2340 5479 au-

741 5523 850 5568 tern
895 5513 1114 5576 audire,
1142 5522 1198 5565 et
1232 5503 1434 5569 talibus
1466 5517 1802 5586 respondere
1834 5518 2046 5586 parcite
2089 5517 2270 5581 nobis,
2306 5534 2338 5571 ο

741 5610 988 5664 infandi!
1043 5609 1281 5663 fatemur
1315 5626 1422 5663 non
1473 5611 1617 5665 terre
1652 5613 1770 5666 sine
1817 5613 1920 5666 ira.
1961 5611 2339 5666 Obmutescite

723 5692 911 5770 ‘igitur
945 5711 1004 5755 ut
1049 5717 1149 5755 nos
1177 5704 1489 5772 roquamur.
1522 5691 1733 5758 Dicitur
1758 5705 1920 5766 enim
1953 5706 2183 5758 alterius
2212 5706 2326 5758 exi-

712 5801 715 5803 '
745 5794 822 5846 tio
843 5781 1304 5848 conﬁci-alterius
1338 5797 1748 5864 generationem
1779 5815 1791 5849 :
1820 5808 1874 5851 et
1905 5798 2079 5851 altero
2112 5806 2330 5866 agente,

744 5893 799 5942 et
826 5870 1001 5940 altero
1037 5887 1298 5957 Patientc,
1339 5888 1571 5942 alterum
1614 5891 1836 5958 Ρτθτείτδ
1869 5892 2139 5960 ε⁰¹“¹³¹”³’
2190 5891 2334 5944 sm”

2435 4594 2574 4645 εἰσίν
2597 4610 2609 4623 ι
2649 4594 2731 4644 ἔτι
2761 4594 2957 4662 μὴ⁴καὶ
2991 4591 3128 4658 τᾷδε
3174 4591 3528 4659 προσεκτέον,
3559 4589 3709 4652 ὠς-εἰ
3754 4593 4038 4662 ἐνέργεια,

2432 4687 2465 4756 ἦ
2499 4686 2667 4746 πάῧος
2692 4685 2787 4738 τοῦ
2812 4684 3156 4753 γεννωμένου
3214 4685 3247 4753 ή
3293 4675 3550 4752 γέννησίς
3597 4683 3735 4744 ἐστι,
3777 4683 3912 4736 καθ’
3947 4684 4038 4745 οὓς

2431 4778 2763 4847 διε-γράψατε
2817 4777 3138 4843 ἀλογίστους
3187 4777 3422 4842 τρόπους
3472 4774 3548 4836 ὡς
3595 4775 3966 4842 ἀναγκαίους,
4003 4777 4036 4843 ἦ

2435 4871 2525 4932 εἰς
2560 4869 2752 4921 ἑαυτόν
2777 4885 2831 4921 τι
2867 4868 3029 4920 πάθοι
3075 4867 3164 4934 ὑφ’
3207 4867 3400 4918 ἑαυτοῦ
3451 4867 3818 4936 γε’ννώμενοέ,
3845 4868 3881 4937 ἦ
3936 4869 4040 4918 ὺπδ

2437 4961 2531 5012 τοῦ
2555 4961 2828 5022 τεκόντος,
2880 4959 2913 5030 ἢ
2963 4959 3070 5011 ὑπό
3123 4976 3267 5021 τινος
3329 4959 3559 5027 ἑτέρου·
3624 4958 3960 5021 καὶ-πᾶλιν,
4005 4960 4036 5027 ἦ

2439 5053 2602 5114 αὐτὸς
2653 5055 2939 5123 ἐνεργήσει
2980 5055 3060 5113 εἰς
3103 5053 3315 5114 ἑαυτὸν,
3370 5054 3403 5120 ἢ
3463 5054 3541 5113 εἰς
3574 5053 3667 5104 τὸν
3700 5054 3965 5116 τεκόντα,
4007 5055 4040 5122 ἦ

2438 5145 2520 5204 εἷς
2551 5162 2673 5197 τινα
2697 5138 2883 5214 ἕτερον
2909 5162 2922 5174 ·
2954 5145 3109 5196 ἔσται
3151 5145 3206 5196 δὲ
3246 5143 3442 5208 οὕτως,
3475 5144 3507 5213 ἦ
3543 5145 3703 5205 αὐτὸς
3731 5147 3934 5198 εαυτον
3965 5150 4043 5207 εἰς

2395 5279 2402 5285 .
2439 5237 2688 5305 ἑαυτὸνῆ
2735 5237 2814 5296 εἰς
2852 5235 2944 5290 τὸν
2965 5237 3219 5297 τεκόντα,
3258 5235 3290 5305 ἦ
3321 5237 3400 5290 είς
3438 5235 3624 5305 ἕτερον
3654 5239 3956 5307 γεννήσας,
4010 5241 4042 5306 ἦ

2441 5330 2530 5395 ὑφ’
2566 5329 2764 5381 ἑαυτοῦ
2796 5331 2874 5391 εἰς
2912 5330 3128 5390 ἑαυτὸν,
3166 5329 3198 5398 ἢ
3253 5329 3343 5395 ὑφ’
3376 5329 3574 5381 ἑαυτοῦ
3625 5332 3706 5391 εἰς
3749 5332 3973 5396 ἑαυτὸν,
4010 5336 4042 5399 ἢ

2441 5420 2546 5480 ὑπὸ
2575 5421 2671 5471 τοῦ
2721 5421 2956 5490 ΙΙατρδς.
3001 5421 3034 5488 ἦ
3067 5421 3156 5488 ὑφ’
3185 5421 3377 5489 ἐτέρου
3412 5422 3722 5491 γεννηθείς.
3759 5423 3956 5475 Ταῦτα
3987 5425 4042 5474 ἑὲ

2441 5511 2663 5562 ἀκούειν
2712 5513 2743 5581 ἢ
2803 5513 3068 5572 τοιούτοις
3112 5511 3510 5582 ἀποκρίνεσθαι
3545 5513 3812 5579 φείσασθε
3857 5516 4042 5583 ἡμῶν,

2442 5596 2488 5654 ὧ
2515 5603 2808 5655 δεινόταῖοι
2843 5605 2854 5656 !
2905 5602 3280 5671 ὁμολογοῦμεν
3304 5605 3363 5655 οὐ
3398 5603 3584 5671 φέρειν
3630 5606 3862 5674 ἁνεμεσί
3892 5622 4042 5658 ’τω-

2446 5696 2685 5764 ιρεύσατε
2715 5695 2780 5763 δὴ
2813 5693 2904 5747 οὖν
2944 5697 3029 5747 ἵνα
3064 5697 3225 5764 ἡμεῖς
3278 5695 3627 5765 λαλήσωμεν.
3674 5699 3918 5764 Λέγεται
3948 5701 4042 5768 μὲν

2447 5797 2557 5864 γὰρ
2596 5794 2628 5864 ἢ
2665 5794 2826 5846 ἄλλον
2856 5792 3030 5863 φθορᾷ
3055 5792 3410 5862 συναίρεσθαι
3444 5795 3524 5856 εἰς
3560 5793 3724 5846 ἄλλου
3756 5794 4038 5862 γέννησιν.

2448 5892 2540 5940 καὶ
2603 5889 2795 5957 ἐτέρου
2853 5885 3246 5958 ἐνεργοῦντος·
3298 5886 3392 5940 καὶ
3457 5887 3647 5957 ἑτέρου
3709 5887 4035 5957 ειιιῑσνχοντσειςἶ
