4194 6446
745 424 878 489 1571

2009 428 2319 488 LEONTII
2362 429 2734 488 ΒΥΖΛΝΤΙΝ
2745 431 2769 488 Ι

3885 436 4031 498 1612

739 548 797 592 et
830 536 900 591 ab
933 535 1049 606 ipsa
1083 551 1315 592 carnem
1349 536 1458 591 sibi
1493 536 1793 607 copulavit.
1833 533 2003 590 Silcat
2045 550 2178 604 ergo
2209 549 2337 602 pro—

2446 537 2640 588 ἑαυτὸν
2673 539 2751 597 είς
2806 536 2904 604 τὴν
2949 537 3228 606 Παρθένον
3279 539 3541 592 ἑνδέδωκε
3569 557 3583 570 ·
3620 543 3714 594 καὶ
3762 543 3824 606 ἐξ
3852 546 4036 612 ,αὐτῆς

743 629 931 682 fanum
983 645 1046 682 os
1088 641 1330 682 vestrum
1367 628 1546 684 donec
1592 629 1913 700 aperiantur
1949 627 2092 681 Oculi
2140 625 2331 684 vestri.

741 731 822 782 ut,
853 737 977 776 cum
1025 720 1278 775 videritis
1313 721 1498 776 lumen
1542 721 1810 793 mysterii,
1853 730 1983 772 tunc
2028 719 2179 786 loqui
2224 733 2334 770 non

738 815 933 866 inanes
974 813 1294 882 phantasias
1347 813 1700 867 tenebrarum
1746 821 1983 864 terrena:
2031 808 2333 876 sapientiae,

741 905 836 957 sed
875 904 1143 973 magnalia
1168 904 1286 965 Dei,
1315 903 1556 982 possitis.

2442 628 2634 679 ἑαυτὸν
2664 627 2692 676 6
2735 628 2978 696 ἄσαρκος
3021 630 3301 699 σαρκικῶς
3335 633 3649 702 ἐμόρρωσε,
3702 633 3901 697 θεῖκῶς
3942 640 4035 686 καὶ

2442 718 2543 785 τὴν
2573 721 2668 770 ἀπ’
2711 719 2884 786 αὐτῆς
2926 720 3107 788 σάρκα
3159 719 3326 771 αὑτοῦ
3375 721 3554 790 ἑαυτῷ
3597 727 4032 793 συμπροήγσγε·

2444 810 2747 879 φιμωθήτω
2795 805 2888 861 οῦν
2942 811 3096 879 ὑμῶν
3141 811 3202 860 τὸ
3264 810 3491 880 βέϐηλον
3540 814 3698 884 ἄχρις
3745 815 4036 878 ἀνοιγῶσιν

2445 899 2601 968 ὑμῶν
2633 901 2682 951 οἱ
2735 899 3029 968 ὀφθαλμοὶ,
3073 902 3160 965 ἵνα
3206 902 3408 965 ἰδόντες
3443 903 3504 954 τὸ
3535 905 3649 972 φῶς
3694 905 3790 956 τοῦ
3827 923 4036 975 μυστη·

746 998 886 1067 ρίου,
925 999 1046 1050 τότε
1078 997 1260 1049 λαλεῖν
1287 998 1348 1050 οὐ
1377 998 1474 1061 τὰς
1505 997 1807 1064 φαντασίας
1839 996 1948 1049 τῶν
1975 995 2213 1049 εἰδώὶων
2241 994 2335 1047 τοῦ
2375 996 2601 1058 σκότους
2659 996 2759 1060 τῆς
2793 995 3042 1061 ἐπιγείου
3085 997 3300 1064 σοφίας,
3335 998 3473 1048 ἀλλά
3539 997 3606 1049 τὰ
3645 1000 3916 1066 μεγαλεῖα
3941 998 4034 1051 τοῦ

738 1093 876 1145 Θεοῦ
904 1091 1257 1161 ἐξισχύσητε.

1400 1204 1551 1259 CAP.
1594 1203 1665 1259 Χ.

812 1318 870 1374 Si
918 1320 1139 1389 proprie
1195 1327 1250 1372 et
1297 1319 1604 1374 secundum
1649 1318 1940 1374 veritatem
1985 1319 2203 1390 genitus
2254 1324 2343 1371 est

741 1411 890 1465 Deus
925 1409 1164 1464 Verbum
1199 1426 1264 1463 ex
1296 1408 1544 1479 Virgine,
1580 1421 1637 1465 et
1681 1411 1902 1481 proprie
1941 1419 2002 1465 ‘et
2033 1409 2339 1465 secundum

743 1504 1028 1556 veritatem
1065 1502 1247 1570 genita
1299 1511 1385 1555 est
1432 1517 1499 1554 ex
1534 1502 1651 1570 ipsa
1685 1517 1814 1556 caro
1849 1501 2100 1555 mortalis
2128 1509 2186 1555 et
2217 1517 2342 1555 cor-

744 1594 1022 1663 ruptibilis
1068 1604 1122 1648 et
1167 1594 1406 1648 animata
1464 1594 1646 1646 anima
1699 1595 1956 1648 rationali
2009 1603 2066 1648 et
2120 1593 2340 1648 intelle-

745 1685 934 1750 etuali,
978 1684 1064 1738 vel
1097 1700 1223 1737 caro
1260 1683 1592 1752 pneexsistit
1634 1682 1870 1753 Virgini,
1902 1683 1986 1738 vel
2024 1683 2166 1737 Deus
2199 1683 2338 1736 Ver-

745 1776 875 1828 bum
907 1775 1179 1844 posterior
1204 1783 1288 1828 est
1317 1774 1538 1845 Virgine
1572 1775 1769 1844 :‘quod
1803 1783 2101 1843 utrumque
2141 1773 2340 1827 absur-

3050 1200 3300 1254 ΚΕΦΑΛ.
3381 1200 3436 1254 1³,

2515 1311 2578 1362 Εἰ
2611 1310 2817 1381 κυρίως
2852 1311 2945 1362 καὶ
2973 1310 3118 1361 κατὰ
3167 1311 3431 1380 ἀλήθειαν
3473 1312 3667 1384 ἐτέχθη
3697 1315 3724 1366 6
3753 1314 3893 1377 Θεὸς
3933 1316 4037 1370 Λόο

2442 1418 2537 1468 γος
2569 1403 2634 1453 ὲκ
2664 1402 2761 1470 τῆς
2788 1401 3090 1472 Παρθένου,
3129 1403 3221 1453 καὶ
3253 1403 3456 1470 κυρίως
3490 1406 3582 1455 καὶ
3611 1406 3750 1456 κατὰ
3778 1406 4038 1474 ἀλήθειαν

2445 1492 2640 1564 ἐτέχθη
2673 1492 2731 1560 ἐξ
2791 1495 2962 1564 αὐτῆς
3007 1495 3040 1563 ἡ
3088 1493 3224 1563 σὰρξ
3275 1495 3509 1564 ἡθνητὴ
3535 1497 3624 1548 καὶ
3684 1496 3903 1568 φθαρτή
3945 1501 4037 1552 καὶ

2445 1585 2777 1654 ὲψυχωμένη
2831 1585 2974 1654 ψυχῇ
3033 1587 3128 1638 καὶ
3191 1585 3382 1656 λογικῇ
3440 1590 3534 1640 καὶ
3589 1592 3773 1659 νοερᾷ,
3825 1591 3859 1660 ἦ
3901 1594 4036 1660 σὰρξ

2443 1674 2789 1744 προῦπάρχει
2813 1674 2913 1743 τῆς
2945 1674 3247 1745 Παρθένου,
3273 1675 3306 1744 ἦ
3333 1678 3360 1728 6
3383 1675 3516 1738 Θεὸς
3553 1677 3724 1744 Λόγος
3753 1679 4044 1750 μεθυπάρο

2443 1781 2528 1834 χει
2576 1765 2676 1834 τῆς
2729 1766 3042 1834 Παρθένου·
3073 1770 3213 1837 ὅπερ
3244 1767 3447 1821 ἄτοπον
3472 1770 3752 1838 ἑκάτερον.
3800 1771 3946 1824 Ἀλλ’
3975 1772 4034 1825 οὐ

745 1867 876 1920 dum
906 1877 1010 1920 est.
1036 1895 1106 1905 —-
1129 1866 1233 1920 Sed
1282 1881 1392 1919 non
1428 1865 1731 1920 secundum
1776 1882 1942 1920 unam
1973 1866 2338 1934 eamdemque

2446 1856 2567 1909 καθ’
2610 1856 2708 1910 ἕνα
2744 1858 2838 1910 καὶ
2860 1858 2951 1910 τὸν
2975 1859 3138 1911 αὑτὸν
3179 1860 3277 1928 τῆς
3301 1863 3606 1930 γεννήσεως
3637 1861 3817 1928 λόγον,
3861 1865 4038 1932 ἀμφο-

745 1957 1120 2027 generationis
1147 1957 1420 2012 rationem
1456 1959 1742 2013 ambarum
1778 1959 1942 2014 unius
1979 1957 2076 2012 lilii
2103 1959 2343 2026 partium

745 2049 1157 2117 generationem
1191 2065 1257 2103 ex
1291 2048 1514 2119 Virgine
1560 2065 1704 2110 esse,
1737 2065 1882 2118 saepe
1915 2065 2148 2103 numero
2178 2064 2209 2103 a
2246 2064 2346 2103 n0-

746 2139 835 2194 bis
866 2139 1074 2194 dictum
1120 2147 1224 2205 est,
1263 2155 1298 2194 0
1347 2139 1582 2211 physici.
1615 2140 1758 2194 Vere
1807 2149 1987 2194 tamen
2035 2149 2121 2195 est
2169 2149 2345 2193 mater

746 2233 1052 2287 secundum
1110 2242 1404 2302 utramque
1470 2234 1778 2299 rationem,
1834 2242 1950 2286 tum
2008 2231 2233 2300 quidem
2286 2231 2342 2286 in

745 2335 1014 2394 quantum
1068 2326 1158 2379 ille
1208 2325 1408 2380 haheat
1456 2341 1523 2379 ex
1572 2341 1636 2379 ea
1691 2341 1810 2380 esse
1858 2325 2178 2384 carnaliter,
2225 2335 2342 2377 tum

749 2432 880 2470 vero
920 2417 972 2469 in
1007 2428 1274 2485 quantum
1321 2416 1523 2470 habeat
1561 2432 1684 2471 esse
1730 2417 2056 2486 simpliciter
2089 2431 2336 2470 carnem.

751 2509 825 2562 l'ta
861 2509 1008 2562 enim
1045 2525 1151 2562 una
1190 2520 1365 2563 mater
1407 2525 1531 2565 esse
1571 2510 1734 2564 unius
1771 2509 2059 2579 utriusque
2087 2509 2197 2579 jam
2243 2507 2342 2564 de-

748 2610 1048 2654 monstrata
1079 2611 1184 2654 est.
1217 2601 1388 2670 igitur
1432 2616 1564 2655 sane
1611 2602 1655 2656 si
1689 2601 1909 2671 proprie
1939 2608 1992 2654 et
2031 2599 2339 2655 secundum

750 2693 1034 2746 veritatem
1084 2708 1250 2747 carne
1299 2694 1470 2762 geniti
1505 2703 1634 2748 sunt
1674 2692 1944 2747 Zebedazo
1990 2691 2085 2744 lilii
2132 2692 2254 2760 ejus
2283 2697 2340 2745 et

752 2783 970 2850 proprie
1019 2791 1076 2836 et
1137 2783 1444 2838 secundum
1498 2784 1788 2839 veritatem
1845 2782 2153 2853 regenerati
2209 2790 2339 2838 sunt

751 2874 909 2944 primi
944 2890 1041 2943 per
1076 2873 1458 2945 Evangelium,
1503 2876 1606 2945 ipsi
1652 2875 2041 2945 praeexsistunt
2075 2875 2340 2946 simplici-

752 2973 866 3024 ter;
923 2965 1009 3017 vel
1060 2965 1174 3032 ipse
1222 2967 1498 3033 posterior
1527 2975 1612 3020 est
1659 2966 1812 3020 illis:
1845 2983 1971 3020 nam
2007 2966 2052 3019 si
2102 2967 2336 3020 alterum

748 3054 1023 3124 quoddam
1054 3057 1399 3123 pneexsistit.
1428 3057 1662 3110 alterum
1699 3057 1978 3125 posterius
2005 3065 2109 3119 est,
2136 3072 2169 3110 ο
2199 3057 2336 3112 falso

749 3147 920 3199 habiti
946 3147 1248 3215 sapientes!
1269 3158 1325 3200 et
1353 3163 1462 3202 non
1482 3147 1559 3201 ita
1588 3159 1674 3202 est
1701 3156 1760 3202 ut
1779 3148 1986 3212 dicitis,
2015 3148 2101 3203 vel
2120 3148 2225 3202 hoc
2246 3148 2332 3202 vel

2444 1946 2620 2017 τέρων
2654 1947 2762 2000 τῶν
2791 1949 2886 2000 τοῦ
2910 1948 3027 2010 ὲνδς
3057 1947 3188 2001 Υίοῦ
3219 1949 3405 2020 μερῶν
3425 1950 3526 2020 τὴν
3549 1951 3809 2021 γέννησιν
3839 1955 3944 2022 τὴν
3974 1957 4040 2006 ὲκ

2446 2039 2729 2110 Παρθένου
2759 2034 2924 2105 εἶναι,
2963 2039 3226 2102 πολλάκις
3257 2042 3390 2110 ἡμῖν
3423 2043 3662 2112 εἴρηται,
3700 2036 3747 2095 ὧ
3774 2044 4035 2111 ςευσικοί·

2449 2129 2668 2199 ἀληθῶς
2727 2131 2909 2200 μέντοι
2967 2132 3158 2203 μήτηρ
3201 2133 3322 2186 ἐστὶ
3384 2135 3510 2187 καθ’
3545 2135 3809 2203 ἑκάτερον
3844 2135 4036 2204 λόγον’

2443 2223 2537 2275 τοῦ
2577 2223 2677 2292 μὲν
2717 2221 2790 2286 ὡς
2821 2225 2878 2290 ἐξ
2908 2225 3081 2294 αὐτῆς
3137 2226 3418 2296 σαρκικῶς
3464 2223 3605 2280 εἶναι
3641 2228 3994 2299 ὑπάρξαντος
4023 2245 4038 2261 ·

2444 2313 2534 2367 τοῦ
2575 2315 2631 2367 δὲ
2687 2318 2782 2368 καὶ
2838 2317 2913 2378 ὡς
2972 2317 3161 2381 ἁπλῶς
3213 2320 3416 2389 σαρκὸς
3459 2314 3600 2372 εἶναι
3650 2321 4037 2390 ὑπᾶρξαντος·

2441 2407 2618 2469 οῦτως
2646 2407 2756 2478 γὰρ
2813 2408 2910 2478 μία
2940 2411 3125 2479 μήτηρ
3163 2411 3283 2472 ἑνὸς
3320 2416 3414 2463 τοῦ
3448 2415 3870 2482 συναμφοτέρου
3897 2417 4037 2466 ἀνα-

2442 2496 2714 2551 δέδεικται
2739 2519 2748 2530 ·
2781 2501 2890 2570 ἄρα
2919 2500 2982 2570 δὴ
3013 2497 3104 2554 οῦν
3133 2505 3180 2553 εἰ
3220 2502 3428 2572 κυρίως
3458 2506 3553 2557 καὶ
3582 2506 3728 2558 κατᾶ
3771 2507 4044 2576 ἀλήθειαν

2442 2588 2742 2660 ἐτέχθησαν
2772 2595 2938 2662 σαρκὶ
2967 2593 3245 2665 Ζεϐεδαίῳ
3266 2597 3316 2647 οι
3348 2596 3452 2648 υἱοὶ
3483 2596 3674 2658 αὑτοῦ,
3703 2597 3799 2649 καὶ
3831 2598 4045 2669 κυρίως

2444 2683 2704 2736 καὶκατὰ
2756 2684 3013 2755 ἀλήθειαν
3068 2688 3510 2757 ἁνεγεννήθησαν
3543 2689 3758 2759 πρῶτοι
3808 2691 3902 2743 διὰ
3947 2691 4043 2748 τοῦ

2443 2773 2780 2843 Εὑαγγελίου
2828 2774 3279 2846 προῦπάρχουσιν
3325 2779 3490 2832 αὑτοῦ
3525 2780 3713 2842 ἁπλῶς
3743 2797 3759 2810 ⁸
3793 2782 3828 2851 ἢ
3874 2782 4041 2843 αὐτὸς

2443 2864 2791 2936 μεθυπάρχει
2818 2869 3021 2931 αὐτῶν,
3050 2870 3236 2922 καίτοι
3295 2873 3346 2923 εἰ
3385 2870 3613 2943 θάτερον
3663 2874 4044 2944 προῦπάρχει,

2441 2959 2662 3010 πάντων
2721 2959 2780 3010 τὸ
2841 2960 3032 3028 ἕτερον
3090 2959 3465 3032 μεθυπάρχει,
3521 2963 3915 3033 δοκησίσοφοιο
3952 2967 4049 3017 καὶ

2438 3049 2536 3118 οὐχ
2567 3047 2642 3111 ὦς
2675 3067 2812 3117 φατε
2844 3051 2876 3120 ἢ
2913 3051 3033 3103 τόδε
3077 3051 3111 3121 ἥ
3160 3052 3313 3104 τόδεο
3349 3053 3572 3114 πάντως
3601 3054 3713 3124 γὰρ
3758 3059 3825 3125 τῇ
3862 3059 4047 3126 σχέσει

2437 3139 2557 3209 ἅμα
2585 3141 2703 3193 ἐστὶ
2737 3139 2862 3194 τάδε
2893 3141 2988 3194 καὶ
3014 3142 3328 3212 παρέπεται
3351 3160 3366 3174 ο
3409 3145 3471 3197 τὸ
3497 3146 3608 3213 γὰρ
3645 3149 4044 3218 προϋπάρχον,

750 3239 929 3293 illud:
966 3239 1194 3292 omnino
1260 3241 1408 3293 enim
1465 3241 1706 3294 naturali
1770 3241 2132 3309 dispositione
2179 3239 2344 3294 simul

2453 3233 2899 3303 μεθυπάρχοντος
2960 3237 3348 3307 προϋπάρχειο
3397 3237 3537 3290 ἀλλὰ
3577 3238 3762 3304 δῆλον,
3809 3241 3890 3303 ὡς
3925 3245 4048 3295 κατ’

750 3344 968 3397 unaque
999 3321 1130 3382 sunt
1171 3328 1288 3383 haec
1329 3338 1385 3382 et
1416 3340 1744 3399 sequuntur.
1777 3331 1932 3397 Quod
1961 3331 2108 3384 enim
2145 3346 2354 3400 praeer-

750 3420 914 3480 sistit,
954 3419 1275 3488 posteriori.
1328 3419 1434 3473 Sed
1478 3430 1629 3489 patet
1673 3422 1929 3476 eumdem
1975 3421 2080 3475 sub
2131 3420 2352 3474 diverso

753 3521 1028 3581 reSpectu,
1067 3513 1299 3564 relative
1331 3512 1397 3565 ad
1436 3511 1578 3567 illius
1621 3529 1752 3567 suos
1785 3521 1840 3568 et
1885 3513 1952 3566 ad
2002 3522 2187 3582 patres
2219 3527 2351 3566 suos

754 3603 957 3655 habere
981 3604 1218 3672 priorem
1246 3603 1405 3657 simul
1431 3614 1486 3658 et
1516 3601 1881 3674 posteriorem
1909 3605 2344 3675 generationem.

1405 3717 1558 3771 CAP.
1600 3717 1692 3771 XI.

824 3831 879 3884 Si
917 3833 1207 3901 progenies
1234 3833 1440 3896 carnis,
1473 3832 1764 3902 progenies
1795 3839 1879 3885 est
1912 3831 2009 3886 Dei
2042 3832 2347 3886 secundum

755 3922 1066 3984 veritatem,
1102 3931 1158 3975 et
1201 3937 1322 3976 esse
1351 3931 1439 3976 est
1481 3924 1646 3976 etiam
1681 3923 1775 3976 Dei
1807 3922 2111 3976 secundum
2143 3922 2350 3976 verita-

756 4022 902 4079 tem;
937 4014 980 4068 si
1013 4023 1199 4067 autent
1230 4031 1352 4069 esse
1395 4026 1452 4070 et
1485 4015 1595 4070 tals
1636 4030 1758 4070 esse
1793 4023 1879 4068 est
1919 4014 2148 4084 impium
2183 4015 2347 4068 simul

754 4115 810 4160 et
845 4105 1225 4174 impossibile;
1269 4121 1380 4158 non
1414 4121 1548 4176 ergo
1597 4107 1886 4175 progenies
1933 4104 2119 4160 carnis
2155 4121 2350 4175 proge-

757 4199 875 4252 nies
922 4207 1007 4252 est
1052 4215 1273 4268 quoque
1319 4199 1416 4253 Dei
1472 4200 1778 4254 secundum
1825 4198 2346 4253 veritatem.-——Sed

758 4294 911 4348 deest
951 4295 1142 4363 primae
1181 4303 1376 4350 vestrae
1421 4296 1784 4365 propositioni
1831 4295 2070 4350 Verbum
2101 4297 2303 4364 pariter
2327 4310 2346 4347 :

759 4389 970 4458 hocque
1005 4390 1086 4442 vel
1125 4388 1192 4443 de
1236 4388 1507 4443 industria
1540 4389 1623 4442 vel
1657 4387 2040 4456 imprudenter
2066 4386 2223 4440 vobis
2260 4401 2346 4440 ra-

757 4482 1152 4535 tiocinantibus
1185 4481 1618 4550 prmt‘ermissum
1655 4489 1759 4533 est.
1794 4478 1851 4533 Si
1877 4479 2023 4533 enim
2054 4481 2345 4549 progenies
2384 4497 2393 4504 ε

2454 3325 2582 3404 ἄλλο
2612 3330 2706 3380 καὶ
2765 3327 2894 3382 ἄλλο
2935 3328 2964 3378 6
3007 3331 3170 3392 αὐτὸς
3223 3332 3359 3399 πρὸς
3387 3332 3516 3393 τοὺς
3560 3333 3762 3395 αὐτοὺς
3804 3335 3962 3396 υἱούς
3990 3352 4052 3386 τε

2456 3419 2617 3481 ὄντας
2657 3420 2822 3473 αὐτοῦ
2854 3423 2949 3475 καὶ
2981 3423 3252 3490 πατέρας,
3289 3425 3391 3492 τήν
3418 3439 3478 3474 τε
3521 3429 3895 3493 προγενεσίαν
3935 3431 4050 3497 ἔχει

2453 3510 2549 3563 καὶ
2577 3510 3050 3581 ὐστερογενεσίαν.
3935 3515 3962 3525 ‘

3046 3719 3302 3776 ΚΕΦΛΛ.
3352 3720 3442 3774 K'.

2523 3828 2587 3880 Εἰ
2616 3829 2773 3902 τόκος
2802 3830 2830 3882 ό
2860 3830 2960 3897 τῆς
2990 3832 3213 3900 σαρκὸς,
3243 3833 3404 3894 τόκος
3432 3831 3528 3884 τοῦ
3555 3828 3690 3885 Θεοῦ
3726 3836 3882 3888 κατὰ
3923 3838 4053 3904 ἀλή-

2451 3917 2625 3983 θειαν,
2665 3921 2760 3971 καὶ
2785 3919 2846 3971 τὸ
2871 3917 3012 3971 εἷναί
3039 3924 3156 3973 ἐστι
3191 3922 3336 3973 κατὰ
3364 3921 3627 3992 ἀλήθειαν
3655 3923 3752 3974 τοῦ
3790 3925 3938 3978 Θεοῦ
3970 3944 3983 3957 ”
4007 3930 4053 3980 ει

2447 4010 2503 4062 δὲ
2525 4011 2586 4062 τὸ
2627 4008 2768 4064 εἶναι
2796 4014 2891 4064 καὶ
2930 4013 2989 4064 τὸ
3019 4012 3219 4064 τοιόνδε
3275 4009 3418 4066 εἶναι
3452 4014 3624 4067 ’τοῦτο
3671 4016 3881 4081 ἀσεϐὲς
3917 4019 4051 4088 ὁμοῦ

2450 4106 2544 4156 καὶ
2583 4105 2888 4174 ἀμήχανον,
2919 4105 3018 4156 οὐκ
3050 4104 3158 4174 ἄρα
3203 4107 3233 4157 ὁ
3281 4104 3444 4168 τόκος
3473 4106 3572 4172 τῆς
3623 4109 3859 4178 σαρκὸς,
3896 4111 4052 4171 τόκος

2449 4196 2566 4247 ἐστὶ
2605 4189 2749 4248 κατὰ
2801 4196 3062 4265 ἀλήθειαν
3130 4196 3228 4249 τοῦ
3275 4197 3437 4249 Θεοῦ.
3506 4197 3668 4251 mm
3735 4199 3926 4254 λείπει
3987 4205 4049 4270 τῇ

2450 4286 2642 4358 πρώτῃ
2677 4285 2832 4355 ὑμῶν
2869 4288 3134 4356 προτάσει
3158 4287 3220 4340 τὸ
3248 4288 3536 4354 ὡσαύτως
3557 4289 3693 4342 ἐστι
3721 4306 3737 4320 ⁶
3760 4281 3875 4357 ’καὶ
3897 4291 4054 4346 τοῦτο

2447 4378 2480 4446 ἣ
2505 4375 2695 4440 δεινῶς
2726 4378 2758 4447 ἢ
2788 4378 3016 4448 ἀμαθῶς
3051 4377 3205 4448 ὑμῶν
3224 4377 3627 4448 διαλεγομένων
3655 4382 4050 4453 παρεώραται.

2449 4470 2513 4520 Εἰ
2547 4470 2656 4540 γὰρ
2685 4471 2712 4521 6
2742 4470 2901 4532 τόκος
2925 4473 3024 4539 τῆς
3047 4471 3274 4540 σαρκὸς,
3317 4473 3480 4536 τόκος
3526 4471 3623 4524 τοῦ
3670 4473 3814 4526 Θεοῦ
3847 4477 4050 4532 ὡσαύ-

756 4575 959 4637 earnis,
995 4573 1288 4644 progenies
1310 4574 1514 4641 pariter
1535 4573 1631 4627 Dei
1659 4582 1764 4635 est,
1789 4572 2005 4626 scilicet
2035 4572 2340 4626 secundum

2450 4577 2563 4624 τως
2589 4562 2759 4623 ἐστὶν,
2787 4561 2957 4631 ἧγουν
2989 4563 3131 4616 κατὰ
3177 4562 3272 4613 τὸν
3323 4559 3488 4616 αὐτὸν
3536 4563 3631 4617 τοῦ
3667 4565 3840 4617 τόκου
3874 4570 4050 4635 Λόγον

755 4666 1004 4719 eamdem
1050 4665 1333 4734 progeniei
1366 4665 1640 4718 rationem
1674 4679 1782 4733 qua
1809 4673 1896 4718 est
1938 4679 2007 4716 ex
2039 4664 2222 4728 Patre,
2249 4680 2344 4717 ea-

758 4757 881 4809 dem
909 4757 1086 4824 reipsa
1113 4757 1335 4826 utrique
1358 4755 1699 4811 concedetis.
1725 4754 1782 4808 Si
1808 4767 1992 4809 autem
2021 4756 2270 4824 plurima:
2291 4764 2347 4808 et

758 4846 1062 4900 secundum
1099 4838 1386 4900 veritatein
1416 4845 1580 4901 dictae
1609 4846 1852 4901 rationes
1883 4845 2164 4916 progeniei
2195 4855 2342 4908 sunt,

759 4951 866 4988 non
889 4951 952 4988 ex
973 4937 1124 4989 omni
1152 4936 1364 4990 ratione
1397 4936 1676 5006 progeniei
1705 4944 1967 5004 sequetur
1986 4936 2177 4988 eadem
2200 4950 2347 5002 quae-

760 5026 884 5078 dam
917 5027 1122 5081 sentire
1156 5027 1224 5082 de
1267 5028 1338 5082 iis
1382 5043 1506 5098 quae
1562 5028 2058 5097 quomodocunque
2091 5025 2236 5095 gigni
2265 5026 2348 5079 di-

759 5127 983 5182 cuntur,
1011 5135 1111 5173 nec
1141 5120 1274 5174 illud
1305 5120 1462 5175 vobis
1483 5121 1774 5190 quisquam
1803 5118 2099 5180 concessit,
2135 5118 2346 5172 scilicet

762 5211 1085 5280 simpliciter
1119 5221 1175 5265 et
1209 5212 1369 5266 nuda:
1401 5213 1586 5266 carnis
1615 5223 1835 5282 partum
1877 5228 1998 5267 esse
2038 5221 2095 5267 et
2128 5221 2345 5282 partum

766 5302 894 5368 iiei;
931 5304 1023 5357 sed
1049 5319 1251 5373 neque,
1279 5304 1579 5373 conjuncta
1604 5319 1729 5358 cum
1761 5319 1927 5358 carne
1961 5305 2094 5369 Deo,
2129 5314 2345 5375 partum

765 5393 858 5446 Dei
894 5408 962 5446 ex
1003 5394 1226 5463 Virgine
1259 5395 1515 5448 eumdem
1555 5410 1678 5449 esse
1725 5396 2029 5450 secundum
2077 5397 2344 5450 rationem

762 5499 827 5538 ac
869 5495 1087 5553 partum
1130 5487 1346 5552 carnis;
1382 5487 1477 5540 sed
1512 5487 1654 5541 idem
1688 5488 1992 5542 secundum
2027 5503 2344 5551 numerum,

763 5577 998 5631 diversis
1039 5586 1222 5631 autem
1274 5580 1648 5648 generationis
1695 5579 2008 5634 rationibus
2051 5595 2181 5634 vere
2217 5596 2349 5634 con-

764 5679 871 5725 stat
893 5670 1198 5726 secundum
1227 5671 1417 5726 ambas
1441 5683 1670 5742 naturas
1697 5674 1930 5743 genitas.
1961 5671 2170 5727 Nomen
2198 5672 2348 5727 enim

763 5762 1159 5829 generationis,
1183 5773 1243 5817 ut
1265 5772 1323 5818 et
1352 5779 1448 5819 vos
1475 5764 1577 5835 ipsi
1605 5765 1922 5827 induxistis,
1956 5765 2347 5836 homonymum

764 5860 886 5908 est:
920 5853 973 5906 in
1007 5843 1354 5928 homonymis
1392 5867 1574 5912 autem
1610 5873 1719 5912 non
1753 5866 1839 5912 est
1877 5857 2002 5927 plus
2028 5857 2110 5909 vel
2144 5858 2347 5923 minus,

2447 4655 2540 4704 τὸν
2563 4657 2625 4706 ἐκ
2648 4655 2882 4724 Πατρὸς,
2909 4657 2977 4707 τὰ
3007 4657 3145 4709 αὐτὰ
3165 4656 3335 4719 ὅντως
3363 4657 3696 4726 ἀμφοτέροις
3719 4651 4046 4727 χαρίσεσθε.

2448 4747 2511 4798 Εἰ
2539 4746 2595 4798 δὲ
2629 4748 2816 4799 πολλοί
2848 4765 2909 4800 τε
2965 4751 3060 4801 καὶ
3093 4749 3216 4802 κατ’
3262 4750 3524 4820 ἀλήθειαν
3567 4750 3862 4820 λεγόμενοι
3900 4751 4050 4818 λόγοι

2447 4841 2608 4890 τόκου
2637 4841 2794 4897 εἰσιν.
2831 4843 2892 4916 οῦ
2917 4843 2985 4892 τὰ
3013 4843 3153 4894 αὐτὰ
3176 4845 3240 4898 ἐκ
3270 4843 3468 4905 παντὸς
3498 4843 3673 4908 Λόγου
3713 4844 3881 4896 τόκου
3921 4844 4050 4913 ἕψε-

2449 4949 2538 4983 ται
2571 4935 2714 4984 νοεῖν
2743 4949 2886 4994 τινα,
2921 4934 3015 4985 ἐπὶ
3067 4936 3183 4997 τοῖς
3213 4935 3466 4987 ὁπωσοῦν
3517 4935 3777 5004 τεχθῆναι
3802 4935 4049 5007 λεγομέ-

2449 5039 2560 5083 νοις
2590 5035 2602 5049 '
2637 5021 2761 5075 οὔτε
2787 5023 2844 5075 δὲ
2874 5023 3195 5093 τοῦτο’ὐμίν
3224 5041 3307 5086 τις
3335 5024 3569 5078 δέδωκεν
3602 5025 3683 5078 ὅτι
3725 5025 3921 5091 ἁπλῶς
3953 5029 4049 5080 καὶ

2448 5115 2663 5183 γυμνῆς
2712 5115 2916 5184 σαρκὸς
2958 5117 3139 5178 τόκος,
3190 5109 3347 5178 οὗτος
3395 5117 3492 5170 καὶ
3523 5118 3678 5179 τόκος
3713 5117 3854 5170 Θεοῦ
3901 5121 4046 5182 ἐστι,

2448 5208 2564 5258 ἀλλ’
2595 5207 2718 5260 οὔτε
2747 5210 2828 5262 ὃτι
2860 5208 3212 5278 συνημμένου
3253 5211 3319 5279 τῇ
3368 5210 3533 5278 σαρκὶ
3568 5207 3663 5260 τοῦ
3692 5208 3859 5272 Θεοῦ,
3893 5212 4048 5280 ὅμως

2447 5305 2476 5354 6
2505 5302 2668 5364 αὑτός
2699 5305 2814 5354 ἐστι
2851 5301 2994 5353 κατά
3048 5302 3140 5353 τὸν
3170 5301 3328 5368 λόγον
3369 5303 3398 5355 6
3429 5301 3584 5363 τόκος
3610 5300 3704 5353 τοῦ
3736 5302 3879 5355 Θεοῦ
3916 5307 3945 5356 6
3985 5308 4048 5357 ἐκ

2450 5394 2729 5463 Παρθένου
2760 5394 2838 5464 τῷ
2866 5394 3011 5463 τόκῳ
3036 5396 3134 5463 τῆς
3164 5394 3368 5460 σαρκός
3425 5411 3438 5423 ·
3459 5393 3573 5446 ἀλλ’
3598 5397 3627 5445 6
3678 5394 3845 5457 αὐτὸς
3904 5400 4048 5449 κατα

2451 5487 2702 5557 ἀριθμὸν,
2759 5489 2817 5540 ἐν
2873 5487 3148 5556 διαφόροις
3193 5486 3250 5538 δὲ
3299 5486 3476 5554 λόγοις
3544 5489 3857 5557 γεννήσεως
3920 5490 4050 5558 ἁλιε-

2451 5576 2558 5639 θῶς
2597 5579 2717 5630 κατ’
2767 5578 2932 5646 ἄμφω
2995 5577 3269 5642 συνεστὼς
3319 5581 3416 5641 τὰς
3476 5578 3762 5648 τεχθείσατ
3823 5581 4044 5646 φύσεις.

2451 5671 2524 5723 Τὸ
2559 5672 2666 5741 γὰρ
2709 5672 2808 5740 τῆς
2855 5675 3166 5743 γεννήσεως
3203 5674 3396 5744 δνομα,
3427 5674 3502 5736 ὡς
3571 5675 3668 5726 καὶ
3711 5674 3880 5744 ὑμεῖς
3911 5693 4048 5745 παρ-

2451 5764 2713 5834 ηγάγετε,
2747 5767 3064 5836 ὁμώνυμον·
3101 5770 3159 5820 ἐν
3213 5767 3270 5819 δὲ
3319 5769 3432 5831 τοῖς
3485 5767 3798 5838 ὁμωνύμοις
3854 5770 3920 5821 τὸ
3950 5769 4045 5836 μὲν

2457 5858 2661 5927 μᾶλλον
2692 5856 2850 5922 εἶναι,
2877 5863 2936 5913 τ),
2967 5861 3021 5912 ὀέ
3067 5877 3117 5913 τι
3169 5861 3262 5914 καὶ
3297 5855 3478 5931 ἦττον,
3543 5861 3645 5913 οὐκ
3695 5860 3848 5914 εστιν
3878 5879 3892 5892 ο
3929 5861 4046 5914 οῦδδ
