4194 6446
245 475 377 542 1681

1205 477 1600 539 ADVERSUS
1640 472 2185 536 NESTORIANOS.
2221 498 2284 507 --
2309 475 2446 534 ΠΒ
2501 475 2594 534 iV.

3364 463 3506 536 1682

241 601 458 665 λέγεται
490 601 647 670 ἴσμεν
673 619 685 664 ς
708 600 771 655 Εἰ
803 602 912 672 γὰρ
945 603 1103 670 μόνον
1134 602 1194 653 ὲκ
1227 599 1322 667 τῆς
1349 598 1443 652 τοῦ
1471 594 1610 651 εἶναι
1650 598 1822 656 αἰτίας

1938 593 2168 647 :nndnm
2202 593 2350 663 quod
2417 594 2643 654 dicitur,
2670 591 2914 646 scimus?
2952 589 3007 644 Si
3059 590 3208 644 enim
3264 599 3500 644 tantum-

245 693 340 759 τὴν
370 692 594 760 νεότητα
623 693 826 746 τούτων
856 693 1150 762 γνωρίζετε
1192 691 1354 754 εἶναι,
1388 691 1540 744 ἔσται
1576 691 1718 759 ὑμᾶς

240 783 490 851 ἀνάγκης
519 785 786 849 δοξάζειν.
825 787 900 847 ὡς
937 787 1139 848 Ἰούδας
1168 802 1224 838 τε
1255 785 1348 838 καὶ
1376 788 1403 837 6
1435 783 1679 845 διάϐολος
1707 785 1825 833 ἐπεὶ

241 875 349 922 υἱοὶ
395 873 644 938 λέγονται
703 875 997 939 ἁπωλεὲας,
1033 874 1164 944 παρ’
1194 875 1365 942 αὐτῆς
1433 873 1526 924 καὶ
1573 874 1633 924 τὸ
1687 867 1825 924 εἶναι

238 963 458 1017 ιλαεονο
478 967 524 1018 εἰ
546 965 601 1018 δὲ
621 967 712 1019 ml.
740 968 896 1034 ὑμεῖς
925 983 1082 1034 φατε,
1100 969 1180 1018 ὅτι
1203 966 1264 1016 τὸ
1296 965 1396 1033 μὲν
1418 959 1557 1016 εἶναι
1583 965 1611 1015 6
1627 963 1827 1024 Ἰούδας

252 1055 354 1108 καὶ
420 1057 470 1109 οἱ
522 1059 699 1110 λοιποὶ
731 1060 782 1110 ol
823 1058 944 1111 κατ’
973 1057 1134 1110 αὑτὸν
1182 1057 1244 1108 ἐκ
1271 1055 1406 1108 Θεοῦ
1438 1054 1594 1123 ἔσχον
1633 1069 1644 1080 ·
1683 1055 1740 1105 τδ
1773 1053 1828 1106 δὲ

246 1146 472 1199 τοιῶσδε
501 1143 666 1210 εἶναι,
689 1147 790 1200 οῦκ
818 1146 976 1216 ἔσχον
1001 1148 1065 1198 ὲκ
1090 1145 1226 1198 Θεοῦ
1255 1163 1267 1174 ·
1307 1144 1440 1196 καθὸ
1472 1143 1722 1211 λέγονταί
1753 1159 1829 1193 τι·

247 1254 341 1300 νες
364 1238 473 1290 υἱοὶ
504 1237 732 1298 σκότους
763 1239 856 1290 καὶ
892 1231 1136 1306 κατάρας
1169 1238 1233 1305 τῇ
1269 1233 1548 1303 ὁμωνύμῳ
1579 1232 1786 1300 υἱότητι
1815 1271 1826 1292 ,

246 1327 371 1380 καθ’
407 1328 646 1396 ἑκάτερα
694 1325 1023 1394 διεγνώκατε
1084 1325 1412 1395 λεγομένους
1466 1324 1613 1385 υἱούς
1639 1338 1650 1350 °
1688 1320 1829 1372 ἔν’ὂὲ

242 1421 358 1479 τοῖς
403 1419 740 1486 ὀμωνύμοις,
769 1417 923 1470 οὐδὲν
976 1417 1180 1483 μᾶλλον
1228 1413 1322 1467 τοῦ
1386 1413 1573 1483 ἐτέρου
1622 1412 1829 1482 κυρῖιυς

242 1508 560 1575 ὠνόμασται
588 1523 600 1536 ο
626 1507 682 1559 οῖ
703 1523 759 1558 τε
789 1507 897 1576 γὰρ
922 1506 1082 1558 πάλιν
1107 1506 1170 1557 ἐκ
1212 1505 1501 1573 μετανοίας
1533 1502 1670 1573 πρὸς
1693 1504 1820 1572 ἀρε·

251 1597 351 1665 τὴν
380 1598 474 1648 καὶ
501 1597 590 1650 διὰ
625 1599 862 1660 πίστεως
899 1597 977 1667 τῷ
1009 1595 1286 1665 Πνεῦματι
1327 1594 1786 1661 ἀναγεννηθέντες
1806 1633 1820 1655 ,

246 1688 353 1739 υἱοὶ
387 1689 696 1756 Νυμφῶ-,ος
729 1690 822 1743 καὶ
850 1690 1014 1741 τέκνα
1041 1687 1321 1757 βασιλείας
1365 1688 1456 1738 καὶ
1495 1688 1560 1738 τὰ
1604 1683 1825 1740 τοιαῦτα

243 1784 340 1837 καὶ
377 1783 506 1850 ὑμῖν
536 1783 938 1852 ὡμολόγηνται.

1926 685 2088 738 modo
2117 700 2185 737 ex
2210 699 2370 738 causa
2388 700 2498 737 sua:
2516 681 2850 738 exsistentia:
2873 680 3074 734 habere
3093 679 3226 733 istos
3249 695 3402 732 suam
3437 679 3502 732 fi-

1925 776 2207 830 liationem
2243 773 2463 838 ducitis,
2498 773 2808 828 necessario
2840 771 2994 826 vobis
3018 769 3370 826 sentiendum
3397 769 3506 824 erit

1925 877 1981 922 et
2011 867 2207 922 ludam
2239 876 2294 920 et
2319 867 2623 930 diabolum,
2662 867 2789 934 quia
2822 865 3084 919 dicuntur
3113 863 3208 918 lilii
3243 861 3520 934 perdide-

1927 959 2034 1023 nis,
2068 959 2136 1012 ab
2166 958 2280 1028 ipsa
2317 973 2539 1028 quoque
2574 958 2950 1011 exsistentiam
2980 955 3293 1026 accepisse;
3319 954 3450 1009 dum
3473 967 3506 1008 e

1928 1059 2121 1105 contra
2167 1057 2222 1104 et
2257 1065 2352 1104 vos
2380 1049 2570 1103 dicitis
2599 1064 2719 1104 esse
2762 1051 2985 1119 quidem
3026 1063 3186 1103 suum
3226 1045 3423 1101 Judam
3452 1053 3509 1100 et

1930 1142 2069 1196 alios
2113 1136 2419 1195 secundum
2459 1155 2612 1204 eum,
2660 1155 2690 1193 a
2735 1141 2847 1194 Deo
2896 1141 3134 1206 habere;
3170 1155 3292 1195 esse
3321 1149 3508 1193 autem

1934 1233 2070 1287 tales
2103 1233 2208 1287 hoc
2232 1248 2298 1286 ex
2324 1232 2436 1286 Deo
2455 1228 2578 1285 non
2605 1231 2830 1285 habere.
2849 1230 2922 1284 ,ιη
2947 1238 3215 1300 quantum
3244 1230 3513 1284 dicuntur

1931 1323 2154 1392 quidam
2207 1323 2302 1377 filii
2350 1324 2706 1377 tenebrarum
2757 1331 2814 1377 et
2865 1321 3267 1397 maledictionis
3317 1321 3509 1374 homo-

1933 1431 2093 1486 nyma
2123 1415 2407 1472 filiatione.
2439 1414 2542 1468 hos
2576 1413 2876 1474 secundum
2909 1422 3204 1481 utrumque
3229 1410 3339 1466 dici
3369 1408 3511 1463 ﬁlios

1934 1506 2252 1574 agnovistis.
2308 1507 2380 1560 ln-
2417 1509 2766 1580 homonymis
2810 1518 2992 1562 autem
3032 1515 3293 1561 neutrum
3335 1506 3510 1560 altero

1936 1597 2229 1665 specialius
2270 1598 2678 1657 denominatur.
2718 1599 2821 1666 Qui
2861 1601 3008 1654 enim
3035 1599 3234 1652 iterum
3265 1613 3365 1668 per
3397 1613 3512 1667 pa:-

1937 1687 2221 1742 nitentiam
2247 1689 2313 1742 ad
2333 1690 2619 1756 virtutem,
2637 1698 2693 1745 et
2715 1705 2810 1759 per
2829 1689 2989 1744 fidem
3013 1690 3068 1742 in
3101 1689 3366 1758 Spiritum
3387 1703 3512 1742 san-

1946 1789 2093 1833 etum
2152 1782 2454 1849 regenerati
2514 1791 2641 1836 sunt
2671 1824 2686 1849 ,
2717 1781 2816 1838 filii
2875 1782 3094 1852 Sponsi,
3123 1791 3179 1837 et
3207 1780 3302 1834 lilii
3335 1780 3508 1850 regni,

1940 1879 1994 1922 et
2017 1871 2120 1924 alia
2146 1872 2366 1936 similia,
2403 1883 2459 1926 et
2495 1889 2526 1926 a
2559 1874 2718 1930 vobis
2756 1874 2888 1944 ipsis
2913 1873 3082 1944 agniti
3109 1882 3258 1927 sunt.
3294 1942 3297 1944 _

313 1967 426 2019 Καὶ
475 1968 592 2029 πῶς
634 1968 693 2018 οῦ
737 1967 1005 2020 δεδώκατε
1044 1970 1104 2020 τὸ
1135 1969 1468 2037 ζητούμενον
1513 1969 1676 2037 ήμῖνς
1715 1963 1823 2016 ιὸοἰι

2009 1965 2072 2020 Et
2116 1967 2396 2036 quomodo
2444 1984 2554 2022 non
2592 1969 2942 2024 concessistis
2966 1969 3113 2038 quod
3141 1984 3243 2023 nos
3274 1969 3514 2038 postula-

241 2060 352 2127 γὰρ
379 2058 442 2110 τὸ
477 2058 698 2111 τοιῶσδε
724 2055 885 2118 εἶναι.
917 2062 1007 2112 καὶ
1033 2061 1238 2116 τοιοῦδέ
1266 2078 1406 2122 τινος
1437 2057 1822 2143 μετειληγὲναι

239 2151 385 2212 τινὰ,
426 2150 686 2213 πολλάκις
730 2151 829 2219 μὲν
863 2153 1101 2204 Ξνουτίου
1166 2152 1421 2214 πολλάκις
1471 2151 1526 2203 δὲ
1591 2155 1681 2201 καὶ
1729 2151 1821 2201 ἁν-

239 2244 548 2295 υποστάτου
577 2243 743 2306 τινὸς,
785 2243 901 2295 υἱὸν
929 2243 1084 2297 τοῦδε
1115 2243 1332 2314 αλῃὺὡς
1381 2237 1518 2294 εἶναι
1546 2241 1640 2292 καὶ
1668 2239 1824 2307 λέγε-

244 2335 372 2386 031i
401 2335 564 2385 α-ζτῆν
600 2337 780 2386 ποιεῖ’
814 2337 871 2386 ἐν
904 2336 1010 2402 γαρ
1040 2336 1150 2396 τοῖς
1199 2333 1534 2402 ὁμωνύμοις,
1563 2331 1638 2393 ὡς
1675 2329 1828 2400 εἴρη-

241 2441 354 2474 ται.
389 2423 490 2474 οὐκ
539 2423 685 2474 ἐστιν
717 2427 905 2483 ἓτερον
955 2424 1141 2493 ἐτέρου
1198 2421 1396 2490 μᾶλλον
1427 2418 1459 2488 ἢ
1493 2417 1828 2488 κυριώτερον

240 2513 572 2583 λεγόμενον·
610 2515 658 2566 ει
707 2515 816 2583 γὰρ
863 2515 956 2566 καιί
996 2515 1057 2566 τὸ
1109 2513 1248 2578 ζῶον
1293 2511 1385 2563 τοῦ
1440 2509 1826 2580 ’.εγραμμένου

245 2607 450 2673 μᾶλλον
501 2605 668 2668 δοκεῖ,
731 2607 822 2658 καὶ
869 2607 1220 2674 κυριωτέρως
1274 2603 1392 2655 τόδε
1443 2621 1494 2655 τι
1551 2601 1827 2669 λέγεσθαι,

245 2698 485 2768 ἀλλὀὐχ
532 2699 604 2761 ὼς
665 2700 958 2770 ὁμώνυμον
1009 2699 1131 2750 τότε
1161 2735 1176 2760 ,
1235 2696 1454 2758 ἀλλ’ὡς
1509 2695 1580 2747 οὒ
1625 2693 1830 2764 κυρίως

244 2788 638 2867 ὠνομασμένον
659 2788 720 2840 τὸ
742 2789 946 2858 κυρίως
972 2786 1277 2856 ὀνομασθέν
1304 2801 1316 2814 ·
1353 2785 1447 2837 δύο
1470 2784 1602 2852 γοῦν
1625 2783 1830 2851 κυρίως

243 2879 658 2950 ὠνομασμένων
687 2883 718 2949 ἡ
755 2880 1049 2949 ὁμωνυμία
1097 2879 1198 2948 οὐχ
1247 2878 1357 2944 ἕξει
1385 2876 1516 2928 ποτὲ
1542 2877 1603 2928 τὸ
1633 2874 1832 2945 μᾶλλον
1904 2888 1911 2893 ·

245 2975 344 3027 καὶ
367 2969 530 3044 ἦττον
550 2989 564 3002 ·
593 2972 656 3026 οὔ
686 2974 795 3044 γὰρ
829 2972 1030 3041 μᾶλλον
1062 2971 1208 3024 κύων
1234 2974 1261 3022 6
1291 2970 1547 3041 χερσαῖος
1601 2967 1634 3038 ἢ
1669 2968 1696 3019 6
1733 2967 1830 3019 ϐα-

245 3066 484 3130 )ἀττιος,
511 3059 675 3136 ἦττον
705 3063 893 3133 ζῶονῆ
915 3063 1082 3118 κύων.
1106 3063 1179 3115 Τὸ
1206 3063 1593 3131 γεγραμμένον
1616 3059 1728 3120 οῦν,
1756 3058 1833 3122 ὡς

246 3158 426 3212 αἴτιον
459 3158 492 3228 ἢ
526 3157 878 3226 παράδειγμα
913 3157 947 3226 ἦ
977 3171 1034 3207 τι
1072 3154 1316 3208 τοιοῦτον
1348 3153 1410 3206 τὸ
1444 3151 1644 3222 μᾶλλον
1674 3151 1788 3219 ἔχει
1818 3166 1830 3180 ·

248 3253 428 3316 ἄλλως
452 3268 509 3304 τε
532 3253 580 3304 εί
606 3251 703 3303 τοῦ
731 3247 871 3302 εἶναι
903 3247 1069 3302 αὑτοῦ
1101 3247 1278 3300 αἴτιον
1308 3242 1447 3299 εἶναι
1471 3245 1552 3297 δεῖ
1577 3244 1669 3296 τὸν
1698 3243 1834 3313 ἁλη-

249 3437 476 3505 θρὼπου
499 3437 688 3504 πατήρ
709 3453 720 3464 ο
753 3434 873 3486 οὐδὲ
899 3433 1089 3499 ἕτερον
1124 3431 1261 3490 ζῶον
1298 3427 1436 3493 ζῶον
1471 3428 1657 3498 ἓτερον
1687 3427 1838 3478 τέτο-

250 3542 313 3577 κε
339 3540 351 3553 ·
380 3524 560 3594 ψυχὴν
591 3524 700 3591 γὰρ
729 3523 988 3592 νοητικὴν
1017 3520 1050 3589 ἢ
1085 3519 1431 3589 αἰσθητικὴν,
1455 3519 1556 3570 οὐκ
1600 3516 1716 3586 ἔχει
1771 3515 1839 3568 τὰ

252 3617 550 3685 σπέρματα
579 3631 592 3644 ο
627 3614 760 3666 ἀλλὰ
820 3614 959 3683 μετὰ
1014 3613 1114 3682 τὴν
1164 3613 1445 3681 μόρφωσιν
1486 3610 1579 3662 καὶ
1627 3608 1840 3661 τελείαν

249 3706 614 3773 διορτάνωσιν
678 3703 772 3757 τοῦ
837 3702 1048 3773 ἀψύχου
1103 3695 1344 3772 ὲμὸρῦου
1375 3741 1390 3765 ,
1438 3698 1705 3769 ψυχοῦται
1779 3701 1839 3751 τὸ

250 3798 394 3858 ζῶον
426 3795 500 3863 (6)
528 3795 622 3848 καὶ
651 3795 887 3863 μάλιστα
908 3793 1195 3863 ἄνθρωπος
1230 3775 1335 3845 ὐττὺ
1359 3792 1455 3845 τοῦ
1513 3791 1841 3851 πλάττοντος

250 3887 478 3955 πνεῦμα
541 3885 836 3954 ἀνθρώπου
887 3887 947 3938 ὲν
999 3885 1152 3955 αὐτῷ
1210 3883 1348 3936 Θεοῦ
1383 3898 1397 3910 ·
1427 3883 1507 3935 διὸ
1557 3883 1650 3935 καὶ
1674 3880 1839 3950 φονέα

254 3976 421 4040 (dion,
460 3976 561 4046 τὴν
611 3974 748 4044 μετὰ
790 3977 890 4045 τὴν
920 3974 1296 4044 διαμόρφωσιν
1335 3971 1508 4024 αἴτιον
1535 3972 1634 4038 τῆς
1666 3968 1841 4038 ἑξαμ-

252 4066 531 4130 6λὼσεως,
559 4068 735 4136 κρίνει
759 4068 788 4117 6
820 4066 964 4128 θεῖος
999 4067 1164 4135 νόμος
1189 4082 1201 4097 ο
1245 4064 1352 4135 ἄρα
1380 4060 1474 4115 οῦν
1514 4056 1837 4133 σαρκοτόκοι

256 4157 418 4225 μόνον
449 4157 546 4208 καὶ
580 4156 815 4226 μάλιστα
848 4158 898 4209 οἱ
936 4157 1170 4219 πατέρες
1201 4171 1213 4184 ’
1251 4155 1426 4218 οὐδεὶς
1469 4155 1523 4206 δὲ
1556 4153 1842 4231 ἀνθρωπο-

252 4250 412 4311 τόκος
445 4247 570 4300 καθ’
600 4248 745 4317 ὑμᾶς
771 4251 918 4301 ἐστιν
943 4265 956 4277 '
992 4247 1136 4301 οὕτω
1159 4248 1222 4301 δὲ’
1251 4249 1371 4301 ἐπεὶ
1406 4249 1492 4317 ῥεῖ
1518 4245 1842 4317 καθημέραν

255 4342 350 4393 καὶ
383 4338 671 4409 ἀμείϐεται
699 4341 758 4393 τὸ
784 4339 966 4410 σῶμα,
994 4341 1090 4393 καὶ
1119 4340 1239 4393 οὐδὲ
1262 4341 1318 4392 ὲν
1340 4340 1418 4409 τῷ
1451 4343 1664 4409 σώματι
1692 4339 1846 4391 ἔσται

251 4447 336 4491 τις
402 4431 567 4498 μοῖρα
612 4428 689 4498 τῷ
742 4429 918 4498 χρόνῳ
948 4429 1058 4480 τῶν
1098 4428 1322 4494 γονέων,
1359 4429 1482 4480 οὐδὲ
1508 4429 1610 4497 τῆς
1639 4429 1845 4499 σαρκὸς

253 4521 368 4575 εἷεν
429 4524 712 4592 πατέρες·
771 4523 908 4576 ἀλλὰ
967 4526 1060 4577 καὶ
1122 4525 1303 4594 γέρων
1352 4525 1380 4576 6
1425 4524 1613 4576 Ἰσαὰκ
1664 4525 1840 4593 πάντη

252 4617 452 4686 ἐξέστη
510 4616 606 4667 τοῦ
661 4612 800 4676 εἶναι
840 4615 954 4679 υίὸς
1005 4615 1260 4686 ’Δὸραὰμ
1292 4616 1388 4667 καὶ
1415 4616 1464 4666 οἱ
1492 4614 1668 4667 λοιποί
1694 4631 1706 4643 ο
1750 4615 1842 4666 καὶ

253 4708 377 4769 πῶς
406 4707 624 4777 εἴρηται
672 4706 778 4760 ὑπὸ
822 4707 916 4759 τοῦ
947 4707 1107 4760 Θεοῦυ
1147 4727 1165 4758 ι
1209 4709 1280 4761 Σὺ
1306 4708 1363 4760 δὲ
1403 4707 1681 4778 ἀπελεύσῃ
1712 4709 1847 4776 πρὸς

251 4803 387 4864 τοὺς
419 4801 669 4871 πατέρας
703 4819 820 4867 σου,
861 4803 1090 4872 τραφεὶς
1117 4804 1175 4854 ὲν
1198 4805 1357 4872 γήρει
1389 4803 1570 4871 καλῷ;
1614 4823 1633 4854 ο
1682 4803 1845 4856 Ἀλλὰ

252 4894 433 4946 ταῦτα
462 4893 706 4963 πρόδηλα
737 4894 912 4946 ἄτοπα
933 4911 948 4924 ·
977 4895 1071 4946 καὶ
1105 4893 1215 4961 γὰρ
1257 4895 1418 4956 αὐτὸς
1454 4897 1481 4946 ὀ
1524 4894 1847 4956 Ἀπόστολος

251 4985 433 5052 λέγων
465 4986 594 5048 τοὺς
642 4985 741 5056 μὲν
777 4981 918 5038 εἶναι
951 4986 1050 5054 τῆς
1092 4986 1297 5054 σαρκὸς
1323 4972 1584 5054 πατέρας,
1621 4984 1712 5046 οὓς
1753 4987 1846 5038 καὶ

250 5080 492 5147 ἔσχομεν
521 5078 810 5141 παιδευτάς
837 5096 852 5110 ο
883 5080 976 5131 καὶ
1004 5079 1097 5130 τὸν
1122 5078 1257 5131 Θεὸν
1283 5079 1456 5145 λέγων
1486 5079 1705 5148 Πατέρα
1735 5077 1844 5130 τῶν

250 5168 588 5237 πνευμάτων
615 5165 750 5222 εἶναι
779 5170 960 5239 μόνον,
983 5170 1145 5232 αὑτός
1172 5186 1304 5238 φησι
1338 5169 1552 5240 μητέρα
1578 5167 1844 5236 Τιμοθέου

255 5260 522 5330 Εὑνίκην,
550 5261 646 5313 καὶ
669 5263 730 5314 οῦ
766 5263 866 5332 τῆς
897 5262 1101 5332 σαρκὸς
1133 5261 1403 5330 Τιμοθέου
1447 5263 1607 5330 μόνον
1630 5277 1644 5291 ο
1681 5261 1840 5328 δῆλον

249 5347 349 5404 οἷν
371 5351 448 5414 ὡς
470 5351 711 5421 ἀληθῶς,
737 5354 786 5405 εί
820 5354 914 5405 καὶ
946 5355 1022 5423 μὴ
1043 5352 1104 5405 τὸ
1133 5349 1272 5405 εἶναι
1305 5354 1435 5405 αὐτὸ
1464 5353 1673 5417 ἁπλῶς,
1708 5352 1844 5404 ἀλλὰ

251 5441 316 5492 τὸ
354 5441 708 5511 σαρκωοῆναι
769 5443 864 5495 καὶ
934 5443 1355 5513 σεσαρκωμένος
1405 5440 1546 5496 εἶναι
1582 5446 1610 5494 6
1670 5443 1842 5510 Λόγος

251 5533 420 5601 ἔσχεν
451 5535 514 5586 ὲκ
539 5535 638 5602 τῆς
662 5536 824 5602 ἁγίας
860 5536 1160 5604 Παρθένου,
1191 5536 1316 5598 Tir};
1347 5554 1402 5588 τε
1435 5535 1650 5601 ἁλι-θῶς
1674 5539 1842 5604 αὐτῆς

253 5628 374 5677 ἐστι
405 5641 418 5654 '
455 5626 549 5677 καὶ
616 5627 881 5694 νεώτερος
933 5628 1137 5697 ταύτης
1195 5630 1250 5680 ἐν
1305 5629 1381 5696 τῷ
1428 5628 1650 5679 τοιὼσδε
1677 5623 1838 5686 εἶναι,

253 5804 556 5872 ἀσωμάτου
582 5809 905 5873 φανήσεται.

333 5909 361 5938 ι
392 5895 524 5953 Gen.
570 5915 656 5966 λγ,
695 5901 778 5956 15.

1920 2059 2094 2113 ‘mus?
2127 2059 2266 2114 Ecce
2295 2061 2441 2114 enim
2474 2061 2768 2130 quemdam
2795 2077 2914 2116 esse
2952 2062 3050 2114 tali
3085 2061 3270 2124 modo,
3303 2070 3358 2114 et
3389 2076 3513 2129 par-

1933 2150 2160 2220 ticipare
2206 2167 2273 2205 ex
2312 2152 2498 2222 aliquo
2540 2155 2632 2207 tali
2677 2168 2818 2222 smpe
2864 2153 3089 2222 quidem
3135 2153 3511 2216 substantiali,

1933 2259 2074 2313 smpe
2112 2259 2243 2299 vero
2273 2261 2382 2299 non
2417 2246 2790 2312 snbstantiali,
2824 2245 2956 2300 facit
2985 2252 3045 2300 ut
3072 2261 3204 2301 vere
3234 2245 3379 2300 filius
3410 2245 3512 2300 hu-

1926 2337 2016 2408 jus
2050 2336 2120 2390 sit
2146 2344 2202 2390 et
2228 2337 2465 2393 dicatur.
2492 2338 2627 2393 Nam
2657 2338 2711 2392 in
2752 2338 3122 2409 homonymis,
3170 2348 3230 2393 ut
3274 2338 3386 2407 jam
3429 2337 3514 2392 di-

1929 2435 2078 2480 ctum
2119 2439 2224 2493 est,
2253 2438 2514 2483 neutrum
2545 2439 2629 2484 est
2677 2430 2848 2496 altero
2879 2431 3051 2499 magis
3091 2429 3175 2484 vel
3218 2428 3518 2498 specialius

1930 2519 2368 2574 denominatum.
2398 2520 2455 2574 Si
2485 2521 2633 2575 enim
2669 2520 2872 2574 animal
2904 2520 3123 2575 videtur
3158 2521 3367 2589 aliquid
3402 2521 3512 2576 dici

1932 2611 2104 2681 magis
2130 2620 2225 2665 aut
2250 2613 2542 2682 specialius
2570 2629 2733 2683 quam
2762 2621 2846 2668 est
2876 2613 3223 2683 inscriptum,
3256 2615 3368 2685 jam
3403 2630 3515 2670 non

1932 2709 2017 2756 est
2036 2711 2292 2772 tanquam
2313 2702 2728 2776 homonymum,
2749 2703 2844 2758 sed
2873 2713 3131 2773 tanquam
3164 2704 3389 2774 proprie
3415 2703 3517 2759 de-

1932 2794 2298 2858 nominatum,
2316 2795 2488 2850 altero
2507 2812 2614 2849 non
2630 2797 2857 2866 proprie
2880 2796 3253 2851 denominato.
3276 2797 3517 2867 Duorum

1938 2884 2106 2954 igitur
2143 2886 2364 2955 proprie
2411 2885 2824 2941 nominatorum
2854 2887 3207 2957 homonymia
3235 2902 3519 2956 nunquam

1935 2974 2617 3044 habebitplusautminus.
2643 2977 2760 3031 Non
2782 2977 2928 3031 enim
2947 2973 3100 3032 canis
3118 2979 3520 3033 terrestrisma-

1937 3067 2022 3138 gis
2054 3075 2140 3120 est
2166 3066 2320 3121 canis
2347 3083 2510 3136 quam
2529 3069 2682 3122 canis
2708 3069 2974 3132 marinus,
2998 3083 3178 3137 neque
3199 3069 3385 3124 minus
3403 3070 3525 3125 ani.-

1940 3159 2046 3211 mal
2067 3173 2230 3228 quam
2248 3159 2420 3213 canis.
2444 3160 2612 3229 Igitur
2631 3160 3048 3215 denominatum
3072 3171 3330 3232 tanquam
3354 3177 3521 3218 causa

1889 3303 1901 3316 ,
1939 3257 2033 3304 aut
2062 3250 2342 3320 exemplar
2374 3261 2470 3304 aut
2511 3251 2719 3320 aliquid
2741 3251 2946 3307 simile.
2988 3252 3304 3307 Praesertim
3331 3251 3376 3306 si
3401 3253 3524 3322 ejus

247 3344 360 3408 Θῶς
401 3343 692 3413 λεγόμενον
739 3344 917 3394 τεκεῖν
968 3340 1165 3402 πάντα,
1193 3337 1368 3400 οὐδεὶς
1397 3335 1684 3406 ἄνθρωπος
1737 3335 1835 3386 ἀνι
1865 3335 1903 3362 ν

1939 3356 2162 3396 causam
2211 3342 2549 3397 exsistentias
2593 3352 2810 3412 oportet
2845 3358 2968 3400 esse
3017 3359 3145 3400 eum
3183 3344 3279 3412 qui
3319 3343 3526 3398 dicitur

1937 3432 2192 3502 genuisse
2237 3433 2444 3497 omnia,
2496 3435 2680 3488 nullus
2726 3436 2891 3490 homo
2933 3444 3020 3490 est
3063 3435 3305 3490 hominis
3345 3443 3523 3504 pater,

1938 3540 2118 3595 neque
2154 3526 2324 3579 ullum
2372 3527 2572 3580 animal
2622 3527 2859 3582 alterum
2906 3529 3108 3583 animal
3143 3528 3375 3598 genuit:
3407 3527 3528 3592 ani-

1942 3630 2084 3668 mam
2126 3615 2271 3670 enim
2303 3616 2417 3670 sive
2449 3617 2878 3672 intellectualem
2912 3618 3029 3672 sive
3065 3618 3399 3672 sensitivam
3435 3631 3527 3670 se-

1941 3704 2088 3757 mina
2132 3719 2240 3756 non
2275 3703 2503 3758 habent.
2537 3703 2646 3758 Sed
2677 3713 2801 3774 post
2859 3705 3245 3760 formationem
3271 3715 3326 3759 et
3356 3705 3530 3775 perfe-

1943 3805 2084 3849 ctam
2106 3795 2481 3849 membrorum
2533 3795 2954 3866 dispositionem
3008 3798 3295 3851 irianimati
3348 3797 3529 3861 fetus,

1941 3886 2222 3941 animatur
2244 3887 2447 3940 animal
2470 3896 2525 3941 et
2562 3889 2868 3957 praesertim
2903 3889 3067 3941 homo
3093 3904 3121 3941 a
3151 3887 3360 3941 factore
3402 3901 3526 3950 suo,

1944 3976 2056 4030 Deo
2100 3976 2406 4046 inspirante
2453 3979 2510 4031 in
2563 3993 2633 4033 eo
2678 3979 2933 4048 spiritum
2987 3978 3249 4032 hominis.
3304 3977 3433 4032 ideo
3475 3985 3533 4032 et
3582 4042 3590 4051 ι

1945 4077 2205 4138 tanquam
2235 4069 2492 4125 animalis
2520 4057 2927 4125 interfectorem
2960 4070 3295 4125 condemnat
3327 4070 3415 4123 lex
3442 4068 3531 4122 di-

1945 4162 2071 4214 vina
2098 4177 2226 4216 eum
2255 4163 2351 4232 qui
2383 4173 2508 4233 post
2536 4163 2926 4218 formationem
2957 4170 3220 4232 procurat
3250 4162 3528 4216 abortum.

1947 4254 2119 4323 Igitur
2145 4256 2330 4309 carnis
2359 4239 2637 4325 genitores
2685 4265 2738 4309 et
2779 4256 3082 4325 prarsertim
3128 4263 3259 4309 sunt
3302 4262 3530 4324 patres:

1947 4346 2134 4401 nullus
2163 4355 2370 4411 autem,
2416 4347 2572 4416 juxta
2603 4363 2723 4410 vos,
2759 4347 3002 4402 hominis
3041 4349 3255 4418 genitor
3298 4354 3402 4402 est.
3453 4346 3533 4400 Ita

1949 4454 2083 4493 vero
2129 4439 2261 4513 quia
2299 4437 2420 4493 ﬂuit
2448 4441 2502 4492 in
2531 4439 2649 4494 dies
2678 4448 2734 4494 et
2766 4446 3011 4492 mutatur
3037 4453 3259 4508 corpus,
3297 4448 3354 4493 et
3384 4439 3534 4492 nulla

1951 4530 2134 4598 aliqua
2160 4544 2281 4584 sors
2306 4537 2598 4598 parentum
2629 4529 2684 4582 in
2717 4537 2982 4598 tempore,
3014 4544 3124 4582 non
3152 4535 3337 4582 eSsent
3364 4527 3533 4583 etiam

1881 4649 1928 4703 ι)
1953 4622 2136 4676 carnis
2162 4630 2454 4692 parentes:
2483 4621 2579 4676 sed
2601 4631 2656 4676 et
2677 4637 2843 4676 senex
2863 4622 3010 4676 Isaac
3033 4621 3212 4675 factus
3237 4630 3321 4675 est
3343 4635 3554 4675 exsors.

1957 4713 2245 4766 liliationis
2273 4713 2635 4783 Abrahaazet
2668 4714 2742 4766 ita
2779 4713 2892 4766 alii.
2931 4713 3217 4778 Quomodo
3266 4728 3400 4782 ergo
3442 4713 3532 4766 di-
3577 4760 3583 4764 .

1955 4811 2108 4855 ctum
2131 4811 2215 4856 est
2241 4817 2272 4855 a
2302 4801 2448 4856 Deo:
2488 4821 2506 4852 ι
2535 4802 2616 4856 Τυ
2647 4811 2831 4856 autem
2859 4802 2966 4855 ibis
2991 4801 3060 4855 ad
3075 4810 3258 4870 patres
3282 4809 3427 4866 tuos,
3446 4818 3535 4857 se-

1955 4894 2140 4962 pultus
2185 4893 2239 4947 in
2268 4902 2554 4948 senectute
2604 4893 2835 4946 bonax?
2871 4913 2889 4944 ι
2927 4893 3035 4948 Sed
3080 4903 3231 4963 patet
3270 4894 3387 4948 haec
3413 4909 3537 4948 esse

1956 4985 2215 5039 absurda.
2257 4984 2374 5054 Ipse
2422 4985 2572 5039 enim
2607 4986 2902 5054 Apostolus
2939 4985 3132 5039 dicens
3169 5001 3266 5039 eos
3310 4985 3536 5055 quidem

1953 5091 2074 5132 esse
2119 5077 2304 5130 carnis
2350 5084 2567 5144 patres,
2615 5091 2756 5144 quos
2805 5075 3103 5129 habuimus
3149 5075 3438 5145 magistros
3481 5084 3539 5130 et

1959 5170 2128 5222 Deum
2177 5183 2298 5222 esse
2347 5169 2645 5237 spirituum
2702 5185 2872 5222 unum
2928 5178 3158 5238 patrem,
3212 5168 3328 5236 ipse
3380 5174 3536 5222 vocat

1955 5261 2220 5314 Eunicem
2269 5259 2855 5314 matrem~Timothei.
2900 5268 2956 5313 et
3007 5274 3115 5312 non
3165 5267 3378 5312 tantum
3421 5272 3540 5312 ma-

1957 5363 2097 5404 trem
2175 5353 2357 5406 earnis
2435 5351 2730 5405 Timothei.
2815 5351 2971 5404 Patet
3050 5365 3182 5420 ergo
3261 5349 3538 5412 Verbum,

1955 5443 2084 5497 licet
2125 5442 2402 5512 acceperit
2449 5458 2480 5496 a
2521 5450 2709 5497 saneta
2754 5442 2976 5511 Virgine
3016 5457 3126 5495 non
3167 5440 3393 5509 quidem
3418 5453 3541 5494 esse

1953 5534 2298 5604 simpliciter,
2330 5533 2425 5588 sed
2463 5549 2583 5588 esse
2617 5536 2990 5601 incarnatum,
3021 5549 3142 5588 esse
3188 5544 3368 5587 tamen
3407 5546 3542 5586 vere

1955 5629 2076 5695 ejus
2111 5627 2326 5691 tilium;
2363 5634 2418 5678 et
2466 5627 2755 5696 apparebit
2789 5625 3126 5696 ipsa'junior
3168 5625 3222 5679 iu
3263 5632 3537 5694 quantum

1957 5729 2039 5772 est
2073 5720 2200 5780 tale,
2228 5720 2597 5788 compositum
2629 5719 2840 5774 scilicet
2872 5735 2936 5772 ex
2966 5717 3220 5787 simplici,
3258 5725 3312 5772 et
3342 5729 3544 5787 carpo-

1959 5823 2132 5862 ratum
2167 5825 2231 5863 ex
2268 5809 2614 5878 incorporeo.
