4194 6446
281 455 417 522 1685

1257 459 1648 520 ADVERSUS
1682 456 2232 518 NESTORIANOS.
2269 483 2337 491 -
2366 457 2514 516 LIB.
2559 457 2654 516 IV.

3392 449 3530 516 1686

275 570 446 623 αὐτοῦ
477 566 696 622 τέκνονο
724 569 816 622 καὶ
845 569 957 631 πῶς
987 567 1089 639 πρὸ
1135 569 1337 638 μικροῦ
1371 568 1468 637 τὴν
1518 567 1709 618 οὐσίαν
1759 567 1848 620 καὶ

1963 566 2236 634 cujusdam
2286 567 2457 635 magis
2500 565 2648 619 illius
2693 567 2842 618 esset
2884 560 3028 618 ﬁlius
3064 578 3228 633 quam
3269 565 3532 634 proprius

272 662 336 712 ο)
361 659 458 714 τὴν
496 662 755 729 ὁμοίωσιν
782 662 962 714 αἰτίαν
1005 661 1460 728 ἐλέγετεςὌ-»τως
1507 655 1600 710 οὖν
1660 659 1706 709 εἰ
1755 657 1852 724 μὲν

279 751 420 802 κατὰ
455 753 561 804 πᾶν
591 752 652 803 τὺ
690 748 825 805 εἶναι
869 755 962 805 καὶ
991 755 1050 804 ἐκ
1079 752 1277 826 παντὸς
1324 750 1419 803 105
1458 748 1598 800 εἶναι
1648 750 1681 817 ἡ
1717 747 1852 812 ἀλη-

278 841 380 908 (θὴς
411 842 529 894 ἐπι
562 843 814 913 γέννησίς
839 861 1002 907 τινος,
1035 843 1346 910 ἀναγκαίως
1393 845 1485 895 καὶ
1524 843 1556 911 ἡ
1595 839 1853 910 ὁμοίωσις

277 932 404 983 ὄλου
442 933 537 986 105
570 937 927 1004 γεννήσαντος
961 937 1096 1004 πρὸς
1133 935 1252 986 ὅλον
1284 921 1366 986 τᾶ
1390 934 1636 1002 γέννημα
1665 931 1815 983 ἔσται
1837 946 1852 977 '.

279 1025 328 1073 εἰ
357 1021 415 1074 δὲ
447 1025 589 1078 κατὰ
622 1026 681 1077 τὺ
717 1025 943 1078 τοιῶσδε
975 1022 1112 1078 εἶναι
1152 1026 1322 1095 μόνον
1362 1025 1418 1077 ἔν
1467 1041 1571 1076 τινι
1603 1023 1856 1091 μέρει,ὲκ

282 1114 487 1181 μέρους
519 1115 688 1168 δὲκαὶ
716 1116 808 1169 105
841 1112 993 1169 εἶναι.
1025 1115 1177 1168 τοῦδέ
1210 1125 1353 1176 τινος
1387 1115 1641 1166 συνθέτου
1672 1115 1705 1182 ἡ
1728 1114 1853 1180 γέν-

280 1204 438 1272 νησίς
456 1207 624 1269 ἐστιν,
661 1205 780 1274 οὐχὶ
808 1205 950 1258 κατὰ
987 1206 1096 1257 πᾶν
1123 1205 1183 1256 τὸ
1201 1200 1338 1256 εἶναι
1361 1201 1513 1256 ἔσται
1537 1203 1570 1270 ἠ
1594 1201 1853 1271 ὁμοίωσις

287 1296 424 1363 πρὸς
475 1295 558 1347 τε
584 1295 855 1364 γεννῆσαν
909 1289 1006 1347 τόὖ
1043 1292 1395 1363 γεννηθέντος
1420 1308 1434 1323 ·
1475 1293 1625 1362 ὅμως
1671 1290 1730 1343 δὲ
1788 1291 1853 1340 ἐκ

283 1385 488 1450 μέρους
509 1401 567 1436 τε
631 1386 723 1437 τοῦ
764 1385 912 1452 κατὰη
943 1384 1002 1437 τὸ
1043 1379 1204 1447 εἶναι,
1255 1383 1351 1436 κα)⁵
1400 1384 1464 1435 ἐκ
1508 1381 1708 1451 μέρους
1761 1378 1855 1431 τοῦ

257 1462 430 1525 ’κατὰ
482 1475 542 1526 τὸ
575 1475 800 1526 τοιῶσδε
851 1471 992 1528 εἶναι
1044 1473 1139 1526 105
1202 1473 1320 1535 ἐνὸς
1365 1472 1530 1524 αὑτοῦ
1564 1468 1858 1541 προσώπου

283 1566 562 1635 γεννήτωρ
586 1563 672 1634 εἴη
695 1564 862 1628 ὅντως
893 1567 921 1618 ὁ
952 1564 1218 1633 γεννήσας
1238 1579 1250 1591 ·
1288 1561 1477 1632 ὥσπερ
1516 1562 1610 1614 καὶ
1645 1559 1736 1612 ἐπὶ
1765 1561 1858 1611 ἀν-

280 1654 504 1724 θρώπου
539 1655 776 1725 ὁρῶμεν,
800 1655 895 1706 105
924 1654 1026 1725 μὲν
1056 1653 1306 1722 σώματος
1346 1653 1445 1721 τὴν
1494 1651 1746 1720 γέννησιν
1776 1650 1856 1712 είς

280 1747 343 1799 τὸ
369 1745 510 1799 εἶναι
548 1749 612 1800 ἐκ
632 1748 740 1799 τῶν
773 1748 976 1816 γονέων
1006 1745 1242 1816 ἔχοντος.
1299 1745 1400 1812 τῆς
1459 1743 1515 1795 δὲ
1544 1741 1726 1812 ψυχῆς
1759 1741 1858 1793 οὐκ

278 1840 361 1900 εἰς
395 1838 456 1891 τὸ
493 1834 633 1892 εἶναι
690 1838 878 1901 ἁπλῶς
911 1836 1091 1908 (τοῦτο
1123 1837 1233 1907 γὰρ
1258 1837 1321 1887 ἐκ
1349 1832 1484 1886 Θεοῦ
1517 1833 1629 1902 ἔχει
1662 1831 1736 1894 ὡς
1761 1831 1857 1883 καὶ

1954 670 2018 708 ex
2063 655 2186 722 ejus
2229 655 2537 708 substantia
2571 663 2752 708 natus.
2788 653 2857 707 Et
2887 653 3165 722 quomodo
3209 653 3370 721 paulo
3403 658 3533 707 ante

1953 745 2314 800 substantiam
2338 754 2392 800 et
2415 761 2522 799 non
2541 745 2960 800 similitudinem
2980 759 3201 798 causam
3219 743 3535 798 dicebatis?

1955 836 2154 905 Reipsa
2188 836 2370 906 igitur,
2406 838 2451 890 si
2493 838 2795 892 secundum
2845 844 3020 891 totum
3047 851 3187 900 esse,
3231 845 3288 891 et
3319 851 3384 890 ex
3419 844 3533 890 toto

1955 941 2097 990 esse,
2131 927 2218 981 illa
2262 939 2346 982 est
2380 944 2508 982 vera
2543 931 2826 1002 generatio
2866 928 3176 1000 cujusdam,
3219 928 3535 983 necessario

1957 1018 2065 1072 erit
2103 1029 2159 1072 et
2195 1020 2499 1074 similitudo
2551 1021 2734 1076 totius'
2760 1021 3036 1093 gignentis
3071 1020 3138 1075 ad
3173 1028 3348 1075 totum
3378 1019 3534 1090 geni-

1961 1117 2096 1161 tum.
2137 1108 2193 1162 Si
2226 1119 2408 1164 autem
2437 1110 2741 1164 secundum
2769 1111 2862 1165 tati
2895 1111 3060 1166 modo
3082 1124 3202 1166 esse
3235 1118 3445 1164 tantum
3477 1107 3534 1162 in

1958 1198 2191 1267 quadam
2239 1211 2416 1269 parte,
2460 1209 2516 1253 et
2563 1215 2629 1254 ex
2670 1211 2826 1270 parte
2867 1204 3086 1272 quoque
3125 1211 3210 1258 est
3251 1201 3540 1274 generatio

1959 1291 2241 1361 cujusdam
2274 1291 2586 1360 compositi,
2623 1301 2683 1346 ut
2716 1293 2857 1358 talis,
2887 1309 2997 1348 non
3025 1295 3327 1349 secundum
3357 1299 3536 1348 totum

1958 1397 2080 1436 esse
2115 1384 2220 1437 erit
2253 1383 2560 1438 similitudo
2595 1385 2767 1455 geniti
2803 1386 2870 1440 ad
2911 1385 3252 1456 gignentem;
3281 1393 3338 1440 et
3380 1391 3542 1455 parte

1958 1473 2181 1541 quidem
2213 1475 2521 1529 secundum
2552 1491 2694 1540 esse,
2725 1485 2880 1547 parte
2903 1486 3086 1531 autem
3118 1477 3420 1531 secundum
3444 1473 3561 1528 tali-

1960 1563 2124 1616 modo
2169 1578 2322 1627 esse,
2367 1565 2474 1618 erit
2518 1566 2768 1636 ejusdem
2812 1564 2976 1621 unius
3021 1580 3272 1636 persona:
3319 1564 3539 1636 genitor

1961 1653 2140 1722 reipsa
2176 1655 2272 1724 qui
2308 1654 2454 1708 illam
2482 1657 2704 1725 genuit:
2735 1657 2876 1710 sicut
2905 1657 2959 1709 in
2991 1656 3214 1711 homine
3245 1655 3535 1718 videmus;

1960 1747 2054 1815 qui
2091 1761 2288 1815 nempe
2318 1745 2482 1800 habet
2505 1762 2533 1799 a
2556 1746 2882 1816 parentibus
2909 1748 3318 1818 generationem
3343 1762 3540 1815 corpo-

1962 1836 2058 1900 ris,
2104 1848 2370 1906 quantum
2407 1836 2474 1891 ad
2505 1852 2649 1902 esse,
2681 1830 3101 1909 generationem
3121 1844 3304 1894 autem
3342 1837 3543 1892 anima

277 1932 307 1982 ὁ
346 1931 770 2000 πρωτόπλαστος
791 1899 1005 1998 Ἀδὰμ),
1037 1899 1151 1981 an"
1195 1899 1276 1990 εἰς
1302 1926 1362 1978 τὸ
1397 1927 1493 1978 σὺν
1517 1899 1594 1994 τῷ
1628 1923 1858 1977 διαπλα-

1963 1940 2069 1978 non
2113 1899 2378 1996 quantum
2422 1927 2489 1980 ad
2519 1942 2640 1982 esse
2673 1899 2999 1997 simpliciter
3033 1928 3160 1998 (hoc
3194 1927 3342 1984 enim
3371 1926 3542 1982 habet

280 2018 466 2072 σθέντι
514 2020 651 2091 αὐτῇ
699 2016 841 2073 εἶναι
894 2020 1128 2086 σώματι,
1189 2009 1251 2069 οὗ
1282 2017 1373 2067 καὶ
1412 2014 1581 2084 χωρὶς
1633 2013 1855 2064 δύναται

278 2107 448 2164 εἶναι·
469 2111 736 2178 λαμϐάνει
771 2111 878 2180 γὰρ
905 2109 1065 2161 105:0
1088 2105 1240 2177 παρὰ
1264 2105 1394 2171 τῶν,
1427 2107 1503 2170 ὡς
1537 2105 1732 2167 εἰπεῖν,
1760 2103 1854 2156 105

281 2205 383 2274 μὲν
421 2203 671 2274 σώματος
694 2203 902 2267 αἰτίων,
936 2204 1108 2272 αὐτῆς
1133 2201 1188 2253 δὲ
1220 2202 1319 2268 τῆς
1345 2199 1528 2270 ψυχῆς
1554 2201 1857 2269 νυμφοστὸο

275 2298 388 2349 λων
423 2296 583 2365 μόνον
609 2310 624 2326 ⁸
656 2296 751 2348 καὶ
790 2296 939 2364 ὅμως
991 2294 1156 2364 ἄμφω
1205 2292 1314 2344 τῶν
1371 2292 1584 2360 φύσεων
1623 2290 1696 2352 ὡς
1740 2291 1858 2352 ἐνὸς

273 2387 573 2458 ἀνθρώπου
620 2387 827 2459 κυρίως
889 2403 950 2438 τε
1013 2385 1108 2438 καὶ
1140 2385 1282 2438 κατὰ
1307 2383 1568 2454 ἀλήθειαν
1619 2387 1666 2437 οί
1703 2386 1858 2438 αὐτοὶ

275 2480 533 2546 λέγονται
566 2480 779 2541 τοκέες.
813 2479 878 2531 Τί
911 2473 1004 2532 οὖν
1035 2478 1180 2548 ὑμᾶς
1211 2475 1282 2529 τὰ
1311 2475 1370 2540 ἐξ
1401 2477 1659 2540 ἀπιστίας
1703 2479 1858 2546 τιμοῖ

277 2572 636 2643 βομϐήματα,
687 2570 819 2624 Θεὸν
882 2569 958 2641 μὴ
1017 2569 1196 2637 λέγειν
1231 2568 1407 2640 ὀρθῶς
1449 2571 1538 2622 τὸν
1597 2570 1858 2639 τεχθέντα

278 2667 707 2738 σεσαρκωμένον
736 2665 942 2733 Λὸγον;
977 2665 1139 2734 ἡνίκα
1171 2666 1266 2718 καὶ
1297 2663 1476 2734 ψυχὴν
1519 2665 1618 2730 τὴν
1645 2680 1859 2734 σαρκω-

280 2762 469 2812 υείσαν
495 2759 885 2821 ἀνενδοιάστως
911 2758 1224 2826 ὁμολογεῖτε
1259 2757 1618 2826 γεγεννῆσθαι
1652 2758 1716 2810 έκ
1749 2758 1859 2809 τῶν

275 2852 374 2903 105
409 2849 550 2903 εἶναι
612 2851 710 2920 τῆς
775 2851 976 2922 σαρκὸς
1034 2849 1224 2904 αίτίων
1263 2849 1356 2902 καὶ
1403 2851 1499 2901 σὺν
1527 2849 1604 2917 1:5
1645 2848 1859 2917 σώματι

277 2945 407 3005 105;
430 2943 629 3007 αὐτοὺς
656 2944 753 2998 καὶ
781 2943 953 3014 αὐτῆς
989 2943 1185 3007 τοκέας
1211 2941 1505 3010 ὀνομάζετε
1533 2959 1547 3007 ;

895 3235 1145 3288 ΚΕΦΛΛ.
1178 3236 1262 3288 Κ³.

369 3344 550 3409 Ἀλλὰ,
577 3349 761 3416 φησζν,
797 3347 858 3399 οὐ
906 3346 1226 3416 ψυχοτὸκον,
1269 3345 1386 3398 ἀλλ’
1439 3345 1855 3416 ἀνθρωποτὸ,κον

281 3440 466 3507 φαμὲν
494 3438 593 3508 τὴν
618 3439 898 3506 γεννῶσαν
920 3439 1231 3510 ἄνθρωπον.
1258 3438 1322 3489 Τί
1346 3434 1438 3491 οὖν
1473 3441 1546 3508 μὴ
1577 3438 1672 3492 καὶ
1700 3440 1858 3508 ὑμεῖς

281 3528 648 3596 Χριστοτόκον
679 3527 880 3598 μᾶλλον
917 3528 1134 3596 λέγετε;
1181 3528 1344 3590 Ἀλλ’,
1377 3523 1423 3581 ὦ
1463 3522 1633 3594 οὗτοι,
1661 3531 1721 3581 τὸ
1757 3529 1859 3598 μὲν

281 3619 620 3684 ἅνθρωπος,
653 3617 870 3684 φύσεως
908 3617 1076 3687 ὄνομα
1101 3634 1114 3648 ο
1165 3620 1225 3670 τὸ
1248 3618 1304 3670 δὲ
1341 3619 1618 3686 Χριστὸς,
1663 3621 1724 3672 οὐ
1753 3619 1856 3687 <sz-

286 3724 451 3770 σεως,
500 3707 638 3760 ἀλλὰ
696 3707 1032 3778 προσώπουο
1064 3707 1180 3770 πῶς
1233 3704 1326 3762 οὖν
1380 3709 1440 3760 τὸ
1500 3709 1598 3778 τῆς
1646 3709 1861 3777 φύσεως

280 3800 460 3868 ὃνομα
511 3797 607 3852 105
654 3798 961 3868 τεχθέντος,
1014 3801 1079 3853 ἐκ
1140 3798 1234 3852 τοῦ
1276 3798 1629 3869 προσωπικοῦ
1679 3800 1862 3868 σημά·

281 3906 510 3959 νωμεν.;

874 4006 1123 4062 ΚΕΦΑΛ.
1149 4007 1278 4060 KA'.

374 4100 538 4154 Ἀλλὰ
596 4100 684 4155 διὰ
716 4101 766 4154 τί
794 4096 908 4164 οὖν,
961 4102 1118 4171 φησὶ,
1160 4101 1234 4170 μὴ
1266 4099 1683 4166 ἀνθρωποτόκος
1707 4101 1860 4169 ὑμῖν,

282 4195 432 4264 ἥπερ
467 4193 728 4256 Θεοτὸκος
762 4194 936 4256 δοκεῖς
993 4194 1214 4265 Ῥητέον
1243 4188 1336 4246 οὖν
1367 4193 1444 4255 ὠς
1497 4195 1544 4246 εἰ
1599 4195 1698 4264 μὲν
1753 4194 1864 4246 τῶν

283 4288 385 4340 δύο
415 4285 652 4357 Χριστοῦ
702 4285 920 4354 φύσεων
958 4287 992 4355 ἡ
1030 4285 1348 4355 ἀνθρωπίνη
1391 4285 1494 4355 τῆς
1559 4285 1710 4350 θείας
1767 4289 1866 4340 ὲπ-

283 4379 560 4447 εκράτησε
593 4377 702 4446 πρὸ
741 4377 972 4430 Θανάτου
998 4393 1056 4429 τε
1094 4378 1188 4430 καὶ
1234 4377 1372 4446 μετὰ
1408 4375 1660 4442 θάνατον,
1701 4379 1865 4445 ἀνάγο

284 4481 394 4532 κης
426 4463 593 4534 οὔσης
627 4467 692 4518 ὲκ
725 4467 855 4535 μιᾶς
885 4466 1047 4534 μόνον
1085 4466 1194 4518 τῶν
1225 4451 1441 4534 φύσεων
1472 4468 1641 4520 αὐτοῦ
1668 4469 1868 4537 ὀνομά-

283 4556 478 4621 ζεσθαι
509 4557 601 4609 τὸν
637 4557 816 4620 τόκον,
842 4555 1023 4617 καλῶς
1053 4557 1467 4627 ἀνθρωποτόκον
1497 4560 1655 4626 φατέ.
1703 4560 1765 4613 Ei
1811 4560 1867 4612 δὲ

283 4648 380 4703 ἀεὶ
401 4649 460 4700 τὸ
491 4649 593 4719 τῆς
623 4648 778 4711 θείας
809 4647 1025 4716 φύσεως
1048 4649 1316 4719 ἄτρεπτον
1347 4639 1728 4720 κατεκράτησε
1770 4652 1866 4703 105

288 4744 390 4811 τῇς
449 4741 802 4812 ἀνθρωπίνης
855 4741 1071 4808 φύσεως
1123 4741 1389 4811 τρεπτοῦ,
1455 4743 1553 4794 καὶ
1590 4743 1740 4817 ’πρδς
1801 4744 1872 4796 τὰ

287 4833 579 4904 κρείττονα
639 4833 946 4901 μεταϐαλὸν
999 4833 1398 4896 συνεξεθέωσεν
1447 4833 1618 4903 αὐτὴν
1665 4834 1868 4901 ἐαυτῷ,

286 4926 485 4995 ὧσπερ
520 4927 614 4978 καὶ
647 4927 675 4977 ὁ
721 4925 942 4994 σίδηρος
973 4924 1279 4995 πυροῦσθαι
1314 4924 1551 4993 λέγεται,
1609 4927 1702 4977 καὶ
1752 4925 1872 4995 οὐχὶ

288 5018 351 5068 τὸ
402 5016 512 5087 πῦρ
565 5014 943 5086 σιδηροῦσθαι,
1007 5016 1124 5077 πῶς
1169 5015 1269 5066 οὐκ
1333 5017 1398 5066 ἐκ
1453 5016 1552 5085 τῆς
1602 5014 1870 5084 μενούσης

288 5107 556 5168 ὡσαύτως
591 5107 650 5158 ὲν
680 5109 793 5167 τοῖς
826 5105 981 5168 ἰδίοις
1013 5105 1194 5172 λόγοις
1233 5105 1322 5158 ἀεὶ
1355 5107 1594 5171 φύσεως,
1624 5107 1718 5157 καὶ
1771 5105 1871 5173 τὴν

289 5196 488 5264 ἑτέραν
513 5196 590 5258 εἰς
617 5195 819 5264 ἑαυτὴν
876 5195 1302 5265 μεταποιούσης,
1341 5195 1455 5247 ἀλλ’
1482 5197 1545 5247 ἐκ
1574 5196 1670 5255 τῆς
1717 5213 1873 5264 μεταο

291 5285 627 5356 ποιουμένης
670 5287 1000 5355 ὀνομαστέον
1051 5285 1114 5337 τὸ
1163 5285 1384 5354 τεχθὲν,
1415 5287 1446 5356 ἦ
1494 5285 1584 5337 τὸν
1613 5285 1768 5337 τόκον
1793 5326 1806 5351 ,
1842 5293 1874 5361 ἦ

290 5381 392 5449 τὴν
424 5378 719 5444 τεκοῦσαν,
753 5374 798 5432 ὦ
819 5374 997 5445 0510i;

864 5495 1115 5549 ΚΕΦΔΛ.
1155 5495 1280 5547 KB’.

367 5591 430 5643 1ιὶ
468 5592 496 5643 ὁ
527 5588 658 5651 Θεος
699 5589 871 5654 Λόγος
927 5586 1125 5656 ἐτέχθη
1176 5588 1239 5638 ἐκ
1295 5585 1394 5653 τῆς
1457 5585 1755 5655 Παρθένου,
1817 5586 1872 5636 ἐν

291 5683 476 5753 χρόνῳ
503 5681 698 5752 ἐτέχθη
721 5697 734 5709 ·
766 5681 873 5733 πᾶν
899 5678 955 5731 δὲ
999 5678 1057 5730 τὸ
1090 5682 1149 5730 ὲν
1179 5679 1355 5747 χρόνῳ
1393 5671 1711 5746 τικτόμενον
1747 5678 1870 5746 [prin

290 5791 389 5825 νου
450 5771 586 5837 πρὸς
623 5770 902 5822 τελείωσιν
952 5769 1160 5822 δεῖταιο
1199 5771 1246 5820 εί
1296 5769 1323 5819 ὁ
1357 5767 1488 5829 θεὸς
1516 5767 1623 5837 ἄρα
1664 5770 1728 5818 ἐκ
1780 5769 1875 5833 τῆς

294 5864 579 5935 Παρθένου
630 5865 849 5934 ἐτέχθη,
902 5864 1098 5934 χρόνου
1158 5864 1292 5932 πρὸς
1345 5860 1625 5913 τελείωσιν
1658 5860 1872 5931 ἐδεήθη,

1956 2032 1985 2070 a
2019 2018 2153 2081 Deo,
2182 2027 2240 2071 ut
2272 2018 2643 2088 protoplastus
2668 2017 2884 2088 Adam),
2913 2017 3007 2072 sed
3032 2029 3299 2088 quantum
3321 2018 3388 2072 ad
3415 2003 3560 2073 esse-

1955 2111 2305 2179 conjunclam
2362 2124 2487 2162 cum
2534 2123 2764 2178 corpore
2814 2109 2976 2164 simul
3034 2125 3159 2165 cum
3210 2109 3327 2180 ipsa
3381 2109 3541 2174 ficto.

1957 2201 2076 2254 sine
2105 2215 2215 2270 quo
2247 2199 2363 2269 ipsa
2403 2215 2525 2278 esse
2555 2209 2772 2268 potest:
2814 2200 2920 2255 hoc
2943 2201 3090 2255 enim
3119 2201 3320 2271 accipit
3347 2201 3419 2257 ab
3448 2201 3539 2270 iis,

1958 2302 2020 2347 ut
2051 2293 2126 2347 ita
2159 2292 2359 2355 dicam,
2401 2293 2652 2361 corporis
2687 2291 2911 2362 quidem
2953 2308 3152 2358 causae,
3186 2294 3382 2349 animm
3409 2288 3582 2350 νει-θ’

1956 2383 2315 2455 paranymphi
2359 2392 2593 2438 tantum.
2639 2385 2706 2438 Et
2739 2373 2921 2439 tamen
2974 2385 3262 2438 ambarum
3312 2393 3543 2439 natura-

1958 2494 2098 2542 rum,
2141 2487 2201 2531 ut
2231 2477 2393 2532 unius
2417 2476 2680 2541 hominis,
2714 2476 2940 2546 proprie
2969 2485 3025 2536 et
3051 2475 3356 2532 secundum
3392 2476 3542 2531 veri-

1958 2581 2124 2625 tatem
2151 2569 2316 2624 iidem
2339 2570 2603 2624 dicuntur
2622 2576 2900 2638 parentes.
2923 2567 3063 2634 Quid
3095 2568 3264 2640 igitur
3295 2576 3542 2624 vestrum

1958 2681 2024 2718 ex
2058 2662 2443 2718 incredulitate
2477 2661 2740 2716 bombum
2776 2669 3111 2731 compescet,
3139 2662 3236 2732 qui
3272 2677 3383 2716 non
3418 2663 3541 2716 vul~

1961 2757 2031 2810 tis
2059 2755 2245 2809 dicere
2278 2769 2411 2808 vere
2453 2754 2624 2807 Deum
2663 2752 2900 2807 Verbum
2929 2753 3072 2822 quod
3104 2755 3158 2807 in
3186 2755 3352 2808 carne
3382 2754 3540 2825 geni-

1960 2856 2076 2900 tum
2119 2855 2222 2910 est,
2261 2859 2385 2899 cum
2432 2844 2607 2913 ipsam
2651 2843 2892 2897 animam
2932 2844 3270 2899 incarnatam
3305 2845 3565 2902 libenter

1959 2937 2330 2992 confiteamini
2377 2936 2629 3005 generari
2675 2936 2743 2989 ab
2786 2936 2874 2989 his
2912 2937 3006 3004 qui
3048 2947 3175 2991 sunt
3209 2938 3544 2994 exsistenlire

1959 3027 2143 3080 carnis
2190 3040 2400 3085 causae,
2449 3034 2505 3078 et
2549 3023 2642 3094 qui
2686 3025 2933 3094 corporis
2974 3026 3195 3081 eosdem
3241 3037 3297 3083 et
3347 3029 3546 3084 anima:

1960 3130 2219 3192 parentes
2245 3122 2452 3177 vocatis
2477 3121 2496 3170 ’ἶ

2593 3240 2742 3294 CAP.
2781 3237 2896 3292 XX.

2035 3346 2126 3411 At,
2168 3347 2368 3417 inquit,
2412 3363 2523 3403 non
2571 3349 2766 3404 animae
2810 3357 3114 3419 parentem,
3158 3350 3258 3405 sed
3305 3348 3548 3404 hominis

1973 3445 2254 3505 parentem
2280 3439 2519 3494 dicimus
2541 3455 2660 3494 eam
2699 3455 2821 3509 quae
2851 3443 3040 3510 genuit
3069 3440 3369 3494 hominem.
3401 3437 3544 3506 Quid

1975 3525 2140 3595 igitur
2182 3543 2291 3581 non
2330 3536 2387 3582 et
2426 3546 2524 3584 vos
2564 3529 2767 3584 Christi
2806 3538 3085 3599 parentem
3115 3529 3300 3599 potius
3323 3530 3548 3585 dicitis?

1971 3619 2150 3683 -—At,
2179 3636 2212 3674 ο
2238 3636 2356 3686 vos,
2393 3621 2559 3676 homo
2592 3632 2676 3675 est
2714 3637 2911 3676 nomen
2956 3632 3184 3685 naturae,
3229 3621 3359 3675 dum
3385 3620 3547 3676 Chri-

1976 3720 2096 3764 stus
2146 3727 2256 3765 non
2306 3722 2520 3767 natura;
2566 3715 2660 3767 sed
2709 3727 2979 3782 personae.
3037 3711 3323 3778 Quomodo
3377 3711 3548 3783 igitur

1974 3819 2176 3859 nomen
2230 3812 2440 3862 natura:
2495 3805 2664 3876 geniti
2712 3820 2778 3859 ex
2831 3805 3055 3860 nomine
3117 3818 3365 3875 personae
3399 3803 3545 3858 indic

1969 3910 2222 3949 caremus
2250 3896 2273 3947 ?

2588 4009 2740 4064 CAP.
2766 4009 2908 4065 XXI.

2043 4098 2148 4153 Sed
2179 4108 2239 4153 ut
2263 4100 2397 4168 quid
2431 4116 2584 4170 ergo,
2614 4101 2814 4171 inquit,
2840 4117 2947 4156 non
2981 4103 3223 4156 hominis
3246 4117 3447 4172 parcns
3476 4118 3540 4158 ea

1973 4205 2094 4258 qua:
2124 4191 2278 4245 vobis
2299 4192 2534 4261 Deipara
2551 4191 2876 4247 videturi—
2895 4194 3195 4248 Dicendum
3215 4195 3382 4264 igitur
3395 4196 3540 4265 quod

1974 4284 2019 4337 si
2050 4299 2118 4338 ex
2147 4284 2363 4339 duabus
2386 4284 2595 4338 Christi
2626 4285 2841 4341 naturis
2883 4287 3123 4340 humana
3170 4287 3372 4341 divinae
3403 4303 3551 4356 prae-

1973 4375 2185 4440 celluit,
2211 4384 2326 4429 tum
2357 4385 2484 4430 ante
2523 4384 2755 4431 mortem
2798 4385 2912 4432 tum
2957 4387 3082 4446 post
3119 4385 3374 4442 mortem,
3418 4393 3547 4434 cum

1978 4481 2201 4521 necesse
2240 4469 2312 4522 sit
2343 4482 2410 4521 ex
2433 4483 2540 4522 una
2567 4477 2778 4522 tantum
2804 4476 3127 4522 naturarum
3152 4470 3271 4541 ejus
3293 4470 3548 4525 denomi-

1977 4561 2095 4614 nari
2122 4560 2300 4630 ipsum
2327 4569 2566 4630 partum,
2595 4569 2742 4614 recte
2766 4559 3008 4614 hominis
3029 4569 3312 4630 parentem
3339 4560 3545 4617 dicitis.

1974 4651 2029 4706 Si
2057 4660 2240 4705 autem
2275 4637 2494 4721 semper
2517 4652 2717 4706 divina:
2743 4661 2953 4706 natura:
2976 4652 3395 4708 immutabilitas
3415 4669 3552 4723 pra:-

1976 4742 2168 4796 celluit
2198 4743 2451 4796 humanae
2479 4751 2691 4798 naturae
2716 4743 3092 4821 mutabilitati,
3129 4753 3185 4798 et
3220 4744 3288 4799 ad
3317 4746 3548 4800 meliora

1975 4835 2313 4889 transferens
2351 4835 2405 4888 in
2444 4836 2625 4904 seipsa
2653 4852 2774 4890 eam
2805 4835 3104 4902 deificavit,
3152 4839 3298 4892 sicut
3341 4837 3549 4892 ferrum

1977 4924 2198 4993 igneum
2248 4933 2304 4978 et
2342 4939 2453 4977 non
2501 4924 2680 4993 ignem
2718 4924 2960 4979 ferreum
2998 4927 3114 4980 fieri
3147 4927 3374 4990 dicitur,
3408 4943 3550 4996 quo-

1974 5016 2140 5069 modo
2175 5031 2284 5069 non
2326 5031 2392 5070 ex
2435 5026 2793 5085 permanente
2851 5017 2907 5071 in
2953 5018 3194 5088 propriis
3243 5019 3554 5073 rationibus

1978 5108 2070 5161 Dei
2103 5118 2319 5170 natura,
2354 5117 2410 5161 ct
2439 5108 2666 5162 alteram
2703 5108 2755 5160 in
2780 5108 3016 5178 seipsam
3042 5111 3426 5175 transferente,
3455 5114 3550 5167 sed

1974 5215 2040 5252 ex
2079 5208 2272 5252 natura
2313 5201 2611 5262 translata,
2656 5199 3126 5254 denominandum
3161 5202 3268 5256 erit
3301 5202 3419 5258 εἰςο
3457 5219 3557 5274 ge-

1977 5290 2173 5350 nitum,
2205 5290 2319 5342 sive
2345 5297 2556 5358 partus,
2584 5291 2700 5345 sive
2737 5291 2985 5362 gignens,
3013 5308 3046 5346 0
3070 5307 3166 5346 vos
3186 5298 3219 5351 i-

2583 5491 2734 5545 CAP.
2767 5491 2931 5546 XXII.

2048 5584 2102 5636 Si
2133 5583 2276 5635 Deus
2300 5581 2539 5635 Verbum
2574 5581 2793 5650 genitus
2813 5593 2899 5636 est
2934 5600 3001 5637 ex
3039 5585 3281 5654 Virgine,
3325 5587 3380 5640 in
3413 5597 3556 5643 tem-

1981 5691 2110 5742 pore
2142 5673 2360 5742 genitus
2393 5681 2512 5734 est;
2551 5688 2719 5742 porro
2757 5674 3026 5744 quidquid
3072 5678 3317 5746 genitum
3365 5688 3451 5734 est
3497 5681 3556 5734 in

1983 5777 2245 5833 tempore.
2279 5773 2329 5817 et
2362 5776 2607 5834 tempore
2634 5765 2845 5836 indiget
2869 5767 2936 5820 ad
2959 5769 3380 5836 perfectionem.
3409 5771 3556 5842 Ergo

1982 5859 2024 5913 si
2062 5858 2207 5912 Deus
2240 5873 2306 5910 ex
2343 5857 2564 5929 Virgine
2586 5859 2808 5927 genitus
2836 5870 2941 5928 cst,
2969 5871 3216 5935 tempore
3248 5863 3454 5937 indiget
3485 5866 3566 5921 ad
