4194 6446
334 422 477 486 i705

328 644 457 685 tura
503 645 624 700 quae
655 631 802 684 circa
837 633 1280 690 subsiStentiam.

897 725 1149 778 ΚΕΦΑΛ.
1185 727 1306 780 Δι’.

412 815 578 868 Ἀλλά
604 832 740 882 φασι
779 816 876 869 καὶ
903 816 1019 870 τόδε
1048 817 1098 870 οί
1131 819 1310 871 πάντα
1343 818 1524 887 λέγειν
1565 819 1787 882 εἱδότες,
1823 820 1908 872 ἴθα

324 906 407 978 μὴ
438 911 503 978 τῇ
528 908 755 978 ἀληθείᾳ
773 910 1246 978 συμφθέγξωνται,
1277 911 1362 964 ἵνα
1393 914 1488 966 καὶ
1509 917 1621 977 τοῖς
1650 913 1709 979 ἐξ
1734 915 1907 982 ἀγρά-

321 1017 431 1067 φου
454 999 634 1052 αὐτῶν
663 1002 902 1071 ῥήμασιν
932 1003 1338 1073 ἐπεξέλθωμεν·
1370 1005 1452 1057 ὅτι
1501 1005 1613 1057 ίδοὺ
1640 1006 1733 1058 καί
1761 1004 1907 1058 κατὰ

318 1091 423 1152 τὰς
453 1090 729 1160 ὒμετέρας
759 1091 1047 1154 ὑποθέσεις
1063 1094 1155 1144 καὶ
1177 1096 1546 1158 κατασκευὰς.
1578 1097 1675 1150 καὶ
1710 1097 1775 1148 ὲκ
1802 1097 1905 1166 μέ-

319 1195 451 1247 ρους
485 1181 580 1231 καὶ
610 1181 750 1234 κατά
779 1199 830 1234 τι
874 1180 1086 1245 ἔξεστιν
1136 1185 1423 1254 ὀνομάζειν
1449 1187 1594 1250 τινός
1629 1203 1751 1240 τινα
1802 1203 1906 1257 μη-

319 1270 476 1340 τέρα.
536 1269 660 1333 Πῶς
687 1267 780 1323 οὖν
805 1273 855 1324 εί
907 1275 980 1343 μὴ
1019 1275 1262 1344 ἀσαρκον
1304 1275 1631 1346 γεννηθῆναι
1683 1278 1816 1330 θεὸν
1843 1268 1923 1342 ἐξ

316 1361 494 1428 αὐτῆς
549 1360 823 1427 δοξάζετε,
870 1363 1124 1431 λέγουσιν
1167 1369 1301 1436 ἡμῖν
1357 1367 1776 1437 ἀνθρωποτὼιον
1806 1370 1901 1422 καὶ

314 1450 385 1501 ὲκ
411 1450 611 1519 μέρους
639 1452 845 1520 ταύτην
881 1454 1162 1524 Παρθένον
1197 1457 1576 1525 ἀντιφέρεσθε,
1628 1460 1688 1512 τὸ
1709 1460 1899 1512 Θεοτόο

313 1556 413 1602 κος
438 1540 610 1611 ὄνομα
644 1543 807 1612 μόνον
830 1547 968 1615 αὐτῇ
1013 1548 1135 1599 κατ’
1167 1547 1445 1618 ἐξαίρετον
1464 1549 1899 1620 ἀποκληρώσαν-

313 1648 431 1693 τες,
500 1632 616 1684 ἀλλ’
643 1634 762 1687 οὑδὲ
795 1636 1164 1703 Χριποτόκον
1197 1638 1260 1689 ὲκ
1301 1637 1394 1689 τοῦ
1431 1640 1552 1690 ὅλου
1593 1639 1896 1706 φάσκοντας

309 1722 486 1793 αὐτὴν
513 1725 866 1795 οἰκειότερον,
902 1728 1269 1796 καταδέχεσθε
1294 1747 1307 1791 ;
1349 1731 1457 1783 Καὶ
1491 1731 1627 1800 πρὸς
1651 1731 1812 1784 τοῦτο
1834 1731 1893 1783 δέ

309 1831 497 1883 φαμεν
512 1815 694 1878 αὐτοῖς
723 1816 940 1887 πρῶτον
965 1820 1083 1887 μὲν,
1103 1818 1228 1880 Πῶς
1255 1819 1481 1872 δύνασθε
1501 1820 1675 1873 ἄθλιοι
1686 1821 1893 1890 ἀνθρω-

308 1905 545 1958 οπο-τόκον
557 1906 841 1976 ὀνομάζειν
851 1909 950 1978 τὴν
962 1908 1122 1975 ἁγίαν
1142 1910 1436 1980 Παρθένον,
1455 1912 1517 1964 ὲκ
1533 1912 1750 1981 μέρους,
1767 1913 1817 1964 οί
1833 1909 1890 1964 δὲ

306 1998 377 2050 ἑκ
395 1997 595 2068 μέρους
612 1999 783 2069 αὐτὴν
803 2001 1062 2055 Θεοτόκον
1089 2001 1375 2072 ὀνομάζειν
1405 2002 1480 2073 μὴ
1519 2004 1890 2074 καταδεξάμε-

1274 431 1668 491 ADVERSUS
1707 428 2254 490 NESTORIANOS.
2294 454 2359 468 --
2393 435 2534 494 LIB.
2582 438 2672 494 ιν.

327 537 636 595 secundum
664 549 917 592 naturam
952 541 1313 605 immutabile,
1360 558 1469 596 non
1504 544 1558 596 in
1591 541 1911 597 substantia:
1949 543 2258 612 adiunctis;
2301 559 2494 597 manca

3383 522 3388 528 ,
3455 446 3592 508 17m;

2613 557 2795 601 autem
2862 551 2916 602 in
2952 549 3058 604 illis
3084 551 3277 606 eodem
3312 554 3470 608 modo
3496 576 3587 612 na-

2573 725 2731 782 CAP.
2773 730 3032 786 XXXV".

2078 814 2189 869 Sed
2224 817 2417 871 dicunt
2450 818 2558 874 hoc
2581 836 2824 891 quoque,
2855 823 2945 878 isti
2981 836 3175 880 cuncta
3201 828 3386 886 dicere
3410 832 3594 887 scicn-

2009 915 2116 969 tes,
2144 923 2215 962 ne
2249 911 2468 964 veritati
2497 915 2858 968 consonantia
2914 915 3235 985 loquantur,
3278 930 3335 975 et
3383 931 3443 976 ut
3488 940 3576 978 eu-

2011 1016 2133 1054 rum
2183 1017 2299 1055 non
2359 1004 2564 1072 scripta
2630 1007 2800 1084 verba
2855 1006 3242 1079 impugncmus
3292 1027 3306 1066 :
3347 1028 3580 1084 nempe.

2007 1091 2312 1147 secundum
2348 1104 2559 1150 vestras
2601 1099 3013 1166 suppositiones
3048 1111 3102 1154 et
3146 1107 3586 1172 argumentatio-

2005 1197 2126 1245 nes,
2169 1192 2225 1236 et
2256 1198 2320 1237 ex
2352 1195 2507 1252 parte
2535 1195 2592 1240 et
2622 1187 2925 1241 secundum
2961 1191 3092 1258 quid
3123 1192 3256 1247 licet
3297 1177 3584 1250 nominare

2003 1274 2235 1345 alicujus
2278 1277 2517 1346 aliquam
2543 1287 2814 1344 matrem;
2862 1281 3139 1349 quomodo
3180 1284 3364 1354 igitur,
3394 1285 3436 1341 si
3473 1302 3582 1340 non

2002 1366 2403 1438 incorporalem
2429 1371 2673 1439 genitum
2703 1372 2877 1427 fuisse
2907 1373 3078 1428 Deum
3116 1389 3182 1429 ex
3206 1377 3295 1430 illa
3317 1379 3580 1443 cometis,

2001 1458 2451 1530 nobisinquiunt,
2468 1463 2706 1518 hominis
2731 1473 2957 1519 matrem
2988 1465 3153 1520 etiam
3175 1482 3239 1521 ex
3264 1479 3417 1537 parte
3434 1470 3582 1525 illam

1998 1547 2279 1617 Virginem
2298 1553 2590 1616 accusatis,
2607 1555 2700 1609 Dei
2720 1555 2903 1610 Matris
2917 1558 3335 1626 appellationem
3351 1559 3430 1614 illi
3460 1577 3576 1631 spe-

1998 1638 2214 1692 cialiter
2251 1643 2638 1715 attribucntes,
2685 1645 2779 1699 sed
2809 1645 3012 1702 Christi
3054 1658 3280 1705 matrem
3319 1651 3373 1705 in
3407 1661 3581 1706 totum

1997 1744 2099 1782 nos
2129 1732 2534 1804 propriemagis
2559 1736 2705 1789 illam
2733 1738 3068 1805 appellantes
3093 1757 3202 1794 non
3216 1743 3470 1812 accipith
3489 1744 3568 1798 3-

1996 1820 2062 1873 Et
2092 1821 2158 1874 ad
2184 1823 2297 1877 haec
2324 1825 2562 1893 primum
2588 1827 2708 1880 istis
2726 1827 2994 1884 dicimus:
3020 1818 3304 1896 Quomodo
3327 1835 3578 1903 potestis,

1993 1924 2026 1962 ο
2055 1913 2260 1976 miseri,
2289 1915 2530 1970 hominis
2548 1927 2776 1973 matrem
2801 1922 3085 1976 nominare
3119 1935 3363 1978 sanctam
3399 1925 3579 1997 Virgi-

1993 2015 2119 2054 nem
2161 2018 2224 2057 ex
2251 2015 2427 2073 parte.
2451 2008 2545 2075 qui
2571 2023 2637 2062 ex
2658 2019 2809 2077 parte
2837 2012 2981 2066 hanc
3011 2013 3106 2067 Dei
3130 2016 3355 2071 Matrem
3393 2019 3574 2072 nomi-

301 2105 393 2141 νοι
415 2106 430 2154 ;
450 2090 534 2143 Οὐ
557 2089 665 2159 γὰρ
697 2091 763 2144 δι’
783 2083 858 2144 ὧν
878 2109 961 2156 τις
987 2091 1164 2160 λόγων
1180 2094 1278 2155 τὰς
1306 2094 1600 2162 ὀνομασίας
1627 2097 1885 2148 ἀποσκευ‹

1999 2110 2129 2148 nare
2147 2112 2255 2150 non
2279 2100 2641 2154 consentitis?
2669 2117 2778 2156 non
2805 2103 2952 2157 enim
2980 2120 3080 2175 per
3118 2122 3279 2176 quam
3305 2109 3574 2166 rationem

302 2177 503 2243 ἅζεται
547 2180 657 2234 τῶν
702 2181 1090 2247 ὲναντίων,διᾴ
1113 2182 1320 2235 τούτων
1349 2185 1446 2236 καὶ¹
1492 2186 1892 2254 προϐάλλεσθαι

303 2267 538 2323 δύναται
566 2269 664 2334 τὰς
715 2270 872 2335 ιδίας,
901 2271 1042 2341 πλὴν
1072 2273 1122 2324 εί
1164 2272 1237 2342 μὴ
1272 2274 1390 2326 κατ’
1414 2273 1665 2338 ἐξουσίας
1693 2277 1894 2346 τρόπον

302 2361 471 2413 τοῦτο
497 2365 651 2432 ποιῇ.
685 2361 952 2432 Δεύτερον
977 2365 1032 2417 δὲ
1065 2366 1363 2419 ἀκούσεσθε
1383 2369 1512 2436 παρ’
1538 2368 1804 2437 ὴμῶν,ὼς
1833 2370 1893 2436 ἑξ

301 2454 533 2506 ἐκείνων
573 2455 860 2525 ὀνομάζειν
890 2456 999 2510 τῶν
1026 2459 1209 2530 μερῶν
1249 2459 1310 2512 τὸ
1353 2460 1493 2527 ὅλον,
1523 2462 1642 2526 ἔθος
1675 2467 1742 2534 τῇ
1772 2463 1892 2535 θεία

303 2547 504 2618 Γραφῇ
530 2548 869 2616 σαφέστατα,
891 2549 1001 2602 τῶν
1015 2552 1142 2603 κατ’
1174 2553 1530 2624 ἐπικράτειαν
1561 2550 1700 2608 εἶναι
1731 2557 1788 2607 ὲν
1811 2555 1893 2625 τῷ

305 2638 555 2709 συνθέτῳ
589 2642 931 2710 φαινομένων
951 2657 964 2671 ·
999 2643 1095 2696 καὶ
1124 2645 1235 2716 γὰρ
1261 2644 1719 2716 ὡμολογημένως,
1743 2647 1807 2700 ἐκ
1831 2665 1892 2700 τε

305 2730 488 2799 ψυχῆς
537 2732 631 2784 καὶ
696 2731 950 2801 σώματος
1011 2734 1120 2788 τῶν
1173 2735 1482 2804 ἀνθρώπων
1539 2736 1892 2792 συνεστώτων

308 2822 555 2887 πάντων,
609 2824 756 2893 ὅμως
812 2826 975 2894 ἡνίκα
1007 2827 1036 2878 ὀ
1099 2829 1242 2881 κατὰ
1298 2828 1530 2899 θάτερον
1585 2832 1752 2900 μέρος
1790 2833 1890 2900 τῆς

301 2913 616 2975 συνθέσεως
659 2917 1004 2987 ἐπεκράτησε
1051 2919 1147 2972 τού
1184 2919 1324 2988 βίον,
1357 2924 1450 2974 καί
1484 2923 1585 2991 τῆς
1608 2922 1754 2991 ζωῆς
1778 2924 1889 2976 τῶν

306 3000 616 3070 ἀνθρώπων
651 3004 829 3072 λόγος,
858 3008 1075 3078 εἴρηται
1107 3008 1183 3072 ὡς
1200 3011 1262 3062 ού
1284 3011 1357 3080 μὴ
1393 3013 1550 3082 μείνῃ
1576 3015 1635 3064 τὸ
1665 3013 1892 3083 Πνεῦμα

303 3109 416 3162 μου
436 3095 495 3146 ὲν
526 3098 640 3158 τοῖς
657 3097 965 3166 ἀνθρώποις
992 3099 1221 3165 τούτοις,
1275 3103 1362 3155 διὰ
1404 3105 1466 3155 τὸ
1517 3099 1656 3156 εἶναι
1691 3107 1889 3168 αὐτοὺς

1995 2185 2193 2255 aliquis
2231 2187 2714 2247 denominationes
2736 2195 3143 2250 contrariorum
3201 2199 3421 2268 rejicit,
3478 2215 3574 2271 per

1992 2276 2248 2331 eamdem
2297 2288 2479 2348 potest
2529 2284 2776 2354 proprias
2813 2287 3127 2354 admittere,
3171 2291 3279 2346 nisi
3327 2291 3432 2348 hoc
3477 2308 3577 2363 per

1996 2369 2276 2424 licentiam
2321 2371 2514 2429 faciat.
2568 2375 2826 2432 Secundo
2871 2391 3058 2436 autem
3096 2383 3283 2439 audite
3325 2401 3357 2441 e
3391 2387 3574 2452 nobis,

1992 2461 2454 2528 quemadmodum
2479 2481 2545 2519 ex
2571 2467 2660 2521 lr'is
2688 2469 2936 2536 partibus
2967 2479 3139 2526 totum
3181 2475 3455 2546 appellare
3484 2492 3576 2532 as-

1993 2553 2245 2606 sueverit
2271 2555 2527 2623 profccto
2548 2558 2847 2630 Scriptura
2881 2562 3091 2628 divina,
3116 2580 3239 2635 quae
3274 2567 3328 2622 in
3353 2583 3579 2639 compo-

1993 2641 2100 2695 sito
2127 2643 2398 2700 dominari
2429 2648 2710 2704 videntur.
2768 2653 3006 2720 Etenim,
3037 2664 3096 2709 ut
3150 2657 3251 2728 ipsi
3303 2659 3572 2726 fatemini,

1991 2745 2058 2784 ex
2089 2733 2270 2788 anima
2293 2745 2350 2791 et
2375 2753 2605 2808 corpore
2625 2756 2753 2795 cum
2789 2757 2981 2799 omnes
3013 2754 3270 2802 constant
3296 2749 3572 2816 homines,

1991 2832 2233 2880 attamen
2257 2828 2485 2898 quando
2505 2831 2559 2884 in
2584 2832 2815 2886 alteram
2843 2838 3133 2906 compositi
3164 2850 3374 2910 partem
3403 2842 3578 2897 domi-

1985 2914 2231 2970 nabatur
2263 2918 2390 2973 vita:
2433 2928 2490 2974 et
2524 2921 2882 2980 auimalitatis
2925 2925 3211 2983 hominum
3271 2933 3448 2999 ratio,
3485 2934 3572 2989 di-

1992 3014 2141 3059 ctum
2175 3017 2261 3062 est
2283 3010 2428 3078 quod
2456 3027 2566 3066 non
2603 3024 2819 3070 maneat
2853 3018 3084 3088 spiritus
3117 3037 3274 3077 meus
3303 3023 3356 3077 in
3389 3025 3536 3080 homi
3556 3058 3570 3066 -

1987 3094 2156 3150 nibus
2196 3096 2320 3151 istis
2351 3115 2418 3154 eo
2463 3102 2608 3170 quod
2659 3119 2788 3160 caro
2814 3106 2959 3174 sint;
2993 3125 3183 3165 verum
3234 3113 3356 3170 sine
3400 3115 3574 3170 dubio

303 3182 554 3253 σάρκαςο
584 3185 676 3237 καί
717 3203 801 3238 τοι
829 3186 1288 3258 ὼμολογημένως.
1315 3192 1415 3244 οὐκ
1468 3192 1692 3262 ἀψύχων
1721 3195 1885 3248 ὄντων

1991 3203 2102 3241 non
2145 3189 2353 3260 absque
2384 3194 2564 3248 anima
2591 3207 2750 3251 erant
2780 3200 2870 3254 isti
2902 3201 2996 3270 qui
3026 3205 3321 3261 carnaliter
3353 3216 3466 3262 tum
3493 3211 3575 3264 vi-

300 3281 416 3334 τῶν
444 3283 722 3352 σαρκικῶς
748 3282 1007 3352 βιούντων
1025 3286 1168 3352 τότε,
1193 3289 1309 3341 ἀλλ’
1337 3290 1803 3359 ἐπαρατηθὲντος
1823 3295 1885 3363 τῇ

1987 3279 2211 3346 vehant,
2230 3283 2323 3337 sed
2338 3283 2728 3364 dominabatur
2751 3299 2963 3347 natura:
2978 3308 3128 3350 caro.
3148 3296 3318 3353 Iacob
3345 3314 3570 3370 quoque

304 3374 467 3443 φύσει
495 3376 594 3445 τῆς
624 3377 855 3446 σαρκός·
897 3377 1088 3430 Ἰακὼϐ
1105 3379 1159 3431 δὲ
1189 3381 1348 3435 πάλιν
1380 3385 1437 3435 ἐν
1465 3389 1504 3435 ο¹
1530 3383 1730 3453 ψυχαῖς
1768 3389 1884 3439 εἰσ-

1991 3384 2116 3424 cum
2152 3375 2499 3444 septuaginta
2544 3377 2835 3436 animabus
2864 3382 3146 3454 ingressus
3169 3403 3290 3445 esse
3319 3379 3379 3445 in?
3403 3391 3568 3464 Egy-

299 3465 443 3517 τέναι
479 3466 558 3527 εἰς
623 3465 722 3536 τὴν
752 3467 1027 3535 Αἴγυπτον
1066 3470 1510 3542 ἀναγέγραπται,
1543 3473 1645 3527 οὑκ
1661 3476 1887 3545 ἀσωμά·

297 3572 412 3619 τως
427 3556 670 3624 δηλονότι
689 3561 788 3627 τὴν
817 3560 1124 3630 παρουσίαν
1147 3565 1327 3617 ἐκεῖσε
1360 3567 1726 3635 ποιησάντων,
1751 3568 1888 3622 ἀλλὰ

300 3648 413 3700 τῶν
451 3649 510 3713 ἐξ
559 3649 751 3703 Ἰακὼό
795 3655 861 3722 τῇ
910 3654 1055 3706 κατὰ
1083 3654 1144 3706 τὸ
1175 3658 1427 3724 κρεῖττον
1452 3659 1560 3711 τῶν
1601 3661 1658 3711 ὲν
1686 3662 1764 3729 τῷ
1792 3664 1888 3714 ἀν-

293 3739 510 3811 θρώπῳ
543 3743 789 3814 πολιτείᾳ
825 3749 1329 3817 μαρτυρουμένων
1359 3751 1464 3816 ἕως
1486 3753 1885 3824 πληθυνθέντες

297 3835 352 3885 οί
379 3834 486 3886 υἱοὶ
519 3834 755 3906 Ἰσραὴλ,
778 3837 984 3906 χυδαῖοι
1027 3841 1308 3908 ἐγένοντοο
1337 3843 1533 3897 οὐκοῦν
1559 3845 1785 3910 δεόντως
1817 3851 1880 3919 τῇ

291 3923 398 3978 τοῦ
419 3923 568 3978 θείου
591 3926 791 3996 μέρους
824 3929 1149 4002 ἐπικρατείᾳ
1177 3932 1342 3996 ὁσίως
1367 3951 1427 3986 τε
1460 3936 1554 3988 καὶ
1578 3939 1690 4000 τοῖς
1717 3939 1883 4007 ἱεροῖς

299 4017 481 4084 λόγοις
516 4018 848 4082 ἀκολούθως,
889 4020 1024 4074 Θεὸν
1049 4025 1142 4076 τὸν
1170 4025 1290 4077 ὅλον
1323 4027 1559 4095 Χριστὸν
1614 4029 1878 4099 ὀνομάζο-

304 4121 437 4176 μεν⁴
466 4107 701 4177 μάλιστα
729 4108 786 4162 δὲ
832 4111 924 4162 ὅτι
966 4113 1063 4164 καὶ
1111 4111 1174 4166 τὺ
1209 4114 1524 4169 ίδικώτατον
1572 4117 1705 4171 Θεοῦ
1738 4136 1878 4188 γνω-

299 4198 586 4269 ριστήριον
614 4202 670 4252 ὲν
703 4200 780 4270 τῷ
799 4203 1116 4268 ,κατάὺτδν
1145 4205 1275 4276 ὅλῳ,
1313 4209 1408 4261 καὶ
1451 4209 1554 4263 οὐκ
1585 4212 1642 4264 ἐν
1671 4211 1749 4282 τῷ
1798 4213 1881 4265 ἐνὶ

301 4287 466 4356 μόνον
497 4287 653 4359 μέρει
684 4289 1021 4362 θεωροῦμεν,
1043 4294 1184 4366 ὅπερ
1222 4296 1340 4349 ἐστὶ
1378 4297 1440 4351 τὸ
1458 4300 1843 4370 ἀναμάρτητον
1863 4319 1876 4333 °

297 4378 382 4432 ἔτι
411 4381 521 4449 μὴν
565 4383 660 4434 καὶ
698 4384 880 4437 πᾶσαν
909 4383 1186 4459 θεοπρεπῆ
1235 4389 1436 4461 πρᾶξιν
1480 4395 1540 4447 ὲν
1568 4393 1717 4469 αὐτῷ
1773 4395 1879 4468 ὅλῳ

295 4471 661 4543 γινώσκομεν.

370 4563 566 4636 Τρίτον
593 4567 648 4619 δὲ
684 4568 813 4638 ὑμῖν
839 4587 1020 4641 φαμεν
1047 4589 1061 4604 ο
1111 4574 1237 4638 Πῶς
1266 4577 1483 4630 πάντων
1510 4579 1620 4633 τῶν
1671 4581 1878 4653 κυρίων

287 4654 596 4722 ὀνομάτων.
632 4657 870 4726 μάλιστα
893 4661 1003 4714 τῶν
1030 4665 1366 4735 φερωνύμως
1408 4671 1700 4738 κειμένων,
1728 4673 1878 4740 ίδικῷ

1989 3469 2142 3529 ptum
2167 3465 2431 3519 scribitur
2460 3484 2570 3523 non
2605 3471 2939 3542 incorporali
2967 3481 3256 3545 praesentia
3291 3481 3368 3537 ibi
3398 3484 3569 3555 signi-

1990 3550 2170 3617 ﬁcata,
2221 3557 2313 3609 sed
2359 3557 2596 3615 ﬁliorum
2635 3563 2807 3620 Jacob
2838 3576 2992 3636 parte
3027 3585 3058 3624 e
3080 3570 3299 3628 duabus
3329 3550 3568 3634 hominis

1990 3643 2240 3710 partibus
2284 3649 2512 3706 meliore
2535 3653 2797 3720 indicata,
2846 3661 3154 3728 usquedum
3193 3668 3340 3721 aucti
3373 3667 3468 3724 ﬁlii
3495 3671 3570 3725 ls-

1988 3735 2122 3798 rael,
2174 3742 2458 3796 numerosi
2511 3742 2640 3798 facti
2676 3755 2828 3801 sunt.
2861 3749 3034 3820 Igitur
3061 3757 3457 3812 convenienter
3498 3776 3566 3818 ex

1985 3825 2188 3881 divina:
2237 3833 2410 3898 partis
2437 3839 2759 3903 prastantia
2792 3842 3054 3914 religioso
3075 3848 3244 3903 modo
3281 3859 3338 3906 et
3393 3857 3567 3912 sacris

1983 4098 2176 4155 butum
2207 4103 2261 4158 in
2293 4114 2413 4160 toto
2434 4106 2677 4176 Christo,
2699 4122 2755 4167 et
2791 4130 2898 4170 non
2933 4117 2988 4172 in
3021 4134 3128 4175 una
3156 4129 3368 4180 tantum
3404 4140 3564 4198 parte

1980 4191 2283 4255 cernimus,
2328 4197 2477 4264 quod
2528 4208 2614 4254 est
2650 4200 3116 4276 impeccabilitas;
3165 4211 3351 4270 adhuc
3395 4191 3558 4276 etiam

1979 4293 2200 4336 omnem
2228 4282 2428 4341 divina:
2472 4293 2896 4350 convenientem
2940 4307 3153 4356 natura
3190 4304 3468 4363 actionem
3500 4310 3557 4364 in

1981 4370 2087 4430 hoc
2127 4382 2243 4431 toto
2264 4379 2633 4449 agnoscimus.

2049 4593 2238 4650 Tertio
2263 4607 2445 4654 autem
2479 4603 2635 4657 vobis
2672 4606 2948 4664 dicimus:
2972 4610 3258 4678 Quomodo
3286 4634 3410 4676 cum
3437 4638 3554 4679 om-

1978 4683 2070 4736 nia
2105 4689 2326 4756 pr0pria
2360 4690 2475 4745 sint
2513 4695 2759 4761 nomina,
2791 4703 3100 4768 praesertim
3137 4721 3259 4776 qua:
3283 4709 3554 4780 signiﬁca-

291 4761 401 4796 τινι
435 4748 780 4818 γνωρίσματι
815 4753 968 4822 παρὰ
1005 4757 1131 4820 τοὺς
1185 4757 1405 4823 λοιποὺς
1443 4762 1552 4814 τῶν
1610 4766 1870 4835 ὁμοειδῶν

291 4837 386 4861 ...Α
443 4838 612 4861 ,⁸.--ε-
632 4856 685 4861 -.Α
703 4857 730 4861 ,Α
749 4842 797 4861 ιν
901 4860 906 4861 ,
1181 4848 1192 4861 ο
1359 4852 1383 4861 ..
1531 4853 1555 4861 ..
1793 4860 1796 4861 ,

2105 4748 2121 4754 _
2206 4748 2224 4756 _
2791 4748 3100 4768 r-"__---.--
3139 4748 3258 4776 ,νην
3283 4748 3326 4762 υ.
3368 4748 3553 4768 ...ηια-

1987 4774 2086 4830 Live
2115 4791 2426 4846 versantur,
2453 4784 2784 4852 particulare
2807 4798 2863 4844 et
2883 4793 3257 4861 praescindens
3287 4748 3431 4856 inbter
3463 4818 3553 4861 rc-

289 4837 392 4890 καὶ
443 4838 845 4912 ύπεξῃρημένῳ
886 4848 1325 4916 σημαινομένων,
1359 4852 1446 4904 ἵνα
1499 4853 1675 4918 οὕτως
1700 4860 1871 4910 νοοῖτο

292 4929 417 4980 κατ’
453 4930 587 4984 αύτό
622 4932 682 4984 τὸ
721 4934 1012 5002 πρόσωπον
1035 4937 1221 5003 ίόικῶς
1238 4937 1300 4996 οὗ
1325 4944 1472 4996 ἐστιν
1496 4946 1528 5015 ἡ
1561 4945 1751 5016 κλῆσις
1773 4950 1868 5002 τοῦ

289 5020 579 5089 ὀνόματος,
598 5022 696 5075 ἀνθ
705 5025 1016 5094 ρωποτόκον
1032 5027 1211 5097 λέγειν
1235 5032 1334 5101 τὴν
1359 5034 1631 5104 Παρθένον
1659 5039 1756 5108 τὴν
1774 5040 1867 5093 τοῦ

291 5109 429 5163 Θεοῦ
453 5112 629 5180 Λόγου
655 5114 953 5186 γενομένην
979 5119 1210 5189 Μητέρα
1235 5122 1489 5190 βούλεσθε
1516 5146 1530 5191 ;
1568 5130 1722 5189 Πᾶσα
1763 5132 1870 5202 γὰρ

291 5203 391 5254 καὶ
428 5203 590 5270 ἑτέρα
609 5205 848 5260 τεκοῦσα
876 5210 934 5261 ὲν
963 5211 1273 5282 ἀνθρώποις
1324 5220 1480 5288 γυνὴ,
1517 5219 1594 5289 τῷ
1641 5221 1869 5292 ὀνόματι

286 5293 466 5364 ’τούτῳ
518 5299 984 5370 προσαγορεύεταί
1021 5318 1082 5354 τε
1129 5307 1223 5358 καὶ
1272 5311 1621 5378 σημαίνεται.
1651 5316 1725 5367 Οὐ
1759 5319 1868 5388 γὰρ

287 5381 450 5435 τοῦτο
480 5384 653 5452 ίδικῆς
685 5403 851 5450 τινος,
885 5389 1021 5444 ἀλλὰ
1057 5394 1242 5463 πάσης
1284 5400 1545 5462 γυναικὸς
1578 5381 1863 5471 ὀνομασία..

289 5471 416 5532 Πῶς
448 5467 542 5524 οὖν
574 5472 727 5527 ἔσται
765 5475 953 5547 κύριον
987 5483 1089 5550 τῆς
1113 5474 1428 5553 Παδθένους
1478 5467 1722 5549 Ίόιάζειν
1756 5494 1867 5564 γὰρ

291 5563 370 5616 δεῖ
392 5564 460 5615 τὰ
495 5563 605 5618 τῶν
645 5567 1029 5623 ὺποστάσεων·
1063 5575 1156 5626 καὶ
1202 5577 1320 5639 πῶς
1361 5595 1414 5630 τι
1465 5581 1632 5649 αὐτὴν
1678 5587 1741 5637 ἐκ
1768 5587 1862 5639 τοῦ

289 5654 474 5706 διοινοῦ
533 5659 955 5727 προσαγορεύων
1004 5663 1296 5733 ὀνόματος,
1351 5669 1536 5734 ίδικῶς
1583 5677 1862 5743 σημαίνει,

286 5744 481 5814 ὥσπερ
497 5745 652 5799 εἴωθε
670 5751 736 5800 τὰ
755 5751 1090 5807 καθέκαστον
1107 5756 1348 5824 ὀνόματα
1368 5761 1562 5831 δηλοῦν
1585 5766 1674 5818 τὸν
1695 5767 1861 5838 δεῖνα;

287 5840 351 5894 Et
407 5838 514 5908 γὰρ
551 5841 644 5895 καὶ
690 5843 764 5904 ὡς
817 5844 1065 5899 ἐπίθετον
1119 5851 1370 5922 ληφθεὲη,
1426 5857 1541 5906 ἀλλ’
1591 5858 1665 5923 ὡς
1697 5862 1861 5920 iam?”

596 5930 598 5932 ’
683 5934 950 5998 ΡΑΤιιοι.
999 5939 1117 6000 Gn.
1165 5944 1510 6010 LXXXVI.

1975 4865 2155 4935 liquas
2183 4869 2394 4926 similes
2422 4889 2692 4942 personas
2723 4879 2991 4937 indicium
3023 4886 3366 4958 exhibentia;
3393 4893 3465 4949 ita
3494 4907 3553 4951 ut

1975 4956 2058 5010 sic
2089 4959 2427 5030 intelligatur
2448 4964 2505 5019 in
2537 4965 2687 5023 illam
2720 4970 2894 5041 ipsam
2923 4990 3214 5045 personam
3247 4956 3404 5052 cujus
3425 5001 3554 5056 pro-

1977 5047 2159 5117 prium
2188 5061 2294 5116 est,
2349 5055 2593 5113 nominis
2630 5063 2954 5130 appellatio,
2991 5066 3234 5126 hominis
3261 5047 3548 5145 parentem

1979 5136 2167 5194 dicere
2195 5140 2476 5210 Virginem
2503 5147 2600 5202 Dei
2625 5150 2789 5206 Verbi
2821 5153 3050 5211 Matrem
3074 5136 3284 5218 factani
3316 5175 3552 5222 conten-

1979 5224 2157 5282 ditis?
2181 5228 2372 5287 Omnis
2419 5235 2568 5289 enim
2616 5245 2674 5291 et
2713 5241 2820 5296 alia
2861 5245 3082 5314 pariens
3114 5248 3260 5305 inter
3292 5252 3552 5313 liotnines

1979 5319 2198 5383 mulier,
2223 5321 2329 5377 hoc
2358 5325 2556 5381 eodem
2592 5331 2816 5387 nomine
2848 5335 3054 5391 dicitur
3086 5349 3143 5394 et
3171 5341 3550 5418 signiﬁcatur;

1977 5425 2103 5464 nam
2132 5412 2366 5484 alicujus
2407 5419 2759 5486 partieularis
2803 5439 2914 5482 non
2943 5437 3048 5491 est,
3086 5433 3184 5486 sed
3211 5437 3394 5494 omnis
3425 5412 3552 5496 mu;

1972 5499 2128 5557 lieris
2178 5507 2642 5575 appellatiozcur
2696 5529 2809 5570 non
2860 5518 2970 5574 erit
3002 5525 3223 5594 propria
3271 5529 3554 5601 Virginis?

1972 5592 2317 5665 Distinguere
2335 5601 2483 5654 enim
2505 5614 2723 5672 oportet
2741 5623 2861 5678 quae
2877 5592 3233 5679 pertinentad
3250 5592 3557 5681 subsiszen-

1975 5685 2097 5748 tias,
2125 5695 2180 5740 et
2209 5692 2489 5757 quomodo
2535 5696 2763 5766 aliquid,
2820 5701 2962 5756 hanc
2987 5711 3270 5764 communi
3325 5717 3550 5777 nomine

1972 5780 2274 5846 appellans,
2315 5787 2726 5853 particularitcr
2751 5793 3043 5864 signiﬁcat,
3086 5801 3230 5856 sicut
3270 5819 3551 5870 assuetum

1972 5880 2057 5924 est
2104 5873 2315 5943 singula
2358 5879 2580 5935 nomina
2634 5884 2795 5941 talcm
2828 5891 3122 5957 quemdam
3173 5894 3461 5959 indicare?
3489 5905 3548 5964 δὲ

3104 5985 3180 6049 ει
