4194 6446
664 405 792 467 ΠΟῙ

1937 413 2242 474 LEONTII
2284 411 2688 472 BYILANTINI

3795 414 3939 478 1708

656 513 806 566 enim
864 523 920 566 ut
977 515 1284 584 cpithrttnn
1346 515 1609 576 sumitmy
1667 518 1760 570 Sed
1833 527 1888 572 ul
1939 520 2247 588 epithetum

2358 519 2610 571 ἐπίθετον
2644 519 3026 587 ἁντιστρέφειν
3054 519 3134 571 δεῖ
3167 519 3303 590 πρὸς
3334 517 3396 571 τὸ
3431 517 3794 589 ὑποκείμενον
3827 525 3943 573 τῶν

658 604 950 673 proprium
985 605 1163 658 averti
1207 606 1374 660 debet
1428 623 1458 660 a
1533 608 1697 660 solito
1784 609 2066 663 hominum
2120 627 2243 665 usu.

656 696 746 746 Sic
776 693 922 745 enim
969 695 1153 763 agitur
1205 697 1258 748 in
1307 697 1393 748 his
1439 713 1561 764 qua:
1596 697 1706 750 duo
1757 698 1975 751 nomina
2018 697 2243 762 habent,

657 785 876 837 duobus
907 788 1226 840 nominibus
1258 788 1324 839 ad
1364 804 1526 839 unam
1560 804 1852 856 personam
1904 791 2124 858 proprie
2155 806 2247 843 or-

655 875 880 939 dinatis;
921 887 976 928 ut
1003 880 1081 929 sol
1115 888 1171 929 et
1217 877 1506 946 hyperion,
1552 879 1917 947 plenilunium
1962 893 2021 936 et
2062 881 2191 934 luna
2231 899 2243 934 :

656 983 766 1020 non
811 971 956 1020 enim
1005 968 1058 1019 in
1095 966 1218 1020 aliis
1253 967 1369 1020 lnec
1403 969 1644 1037 epitheta
1701 980 1757 1021 ut
1795 971 2106 1024 communia
2155 988 2248 1025 su-

655 1059 852 1112 menda
884 1068 1034 1111 sunt.
1072 1058 1141 1112 Ut
1186 1069 1369 1113 autem
1411 1061 1614 1114 clarius
1646 1062 1960 1129 loquamur,
2004 1063 2249 1118 hominis

656 1161 828 1203 mater
855 1152 911 1204 c‘l
947 1151 1038 1202 Dei
1073 1151 1267 1213 Slater,
1297 1151 1515 1204 nomina
1546 1161 1676 1206 sunt
1701 1152 1944 1220 epitheta
1982 1169 2248 1223 persona-

656 1256 813 1306 rum;
843 1242 1088 1310 epitheta
1121 1253 1326 1308 autem,
1369 1252 1464 1295 aut
1490 1245 1802 1299 communia
1830 1257 1979 1309 sunt,
2019 1260 2080 1300 ut
2114 1248 2246 1301 Phi-

656 1334 872 1401 lopator
901 1333 1248 1397 Ptolemams,
1292 1341 1349 1387 et
1381 1333 1794 1404 Philadelphus,
1838 1338 2010 1400 alter;
2042 1338 2246 1391 etenim

657 1424 750 1477 alii
783 1423 993 1479 similes
1043 1424 1151 1479 illis
1177 1425 1305 1480 facti
1352 1438 1482 1480 sunt
1513 1438 1569 1481 et
1599 1427 1816 1482 fuerant
1873 1429 2250 1499 philopatorcs

655 1530 712 1570 et
741 1517 1108 1587 Philadelphi,
1159 1527 1215 1571 ct
1248 1517 1390 1573 forte
1415 1535 1639 1586 omnes;
1679 1530 1776 1574 aut
1831 1522 2050 1590 propria
2096 1532 2247 1588 sunt,

656 1619 715 1662 ut
740 1608 859 1662 sine
888 1617 1072 1664 matre
1106 1618 1267 1663 natus
1311 1611 1462 1665 solus
1507 1611 1703 1674 Adam,
1752 1623 1806 1666 ct
1844 1628 1996 1666 coma
2036 1614 2250 1667 validus

653 1698 808 1752 solus
835 1696 1090 1762 Samson,
1123 1709 1324 1768 praeter
1355 1715 1546 1754 omnes
1578 1700 1827 1768 ejusdem
1863 1708 2091 1754 naturze.
2123 1701 2251 1769 Epi-

657 1790 870 1844 thetum
897 1799 1080 1843 autem
1108 1805 1307 1842 nomen
1342 1789 1583 1844 hominis
1611 1791 1822 1848 matris.
1859 1798 1918 1844 ut
1964 1792 2247 1860 proprium

2349 608 2632 677 ὀ·.ομάτων
2655 625 2667 637 ⁸
2727 608 2873 660 οὓτω
2911 608 3020 677 γὰρ
3051 607 3164 676 ἔχει
3213 608 3309 660 καὶ
3348 609 3442 662 ἐπὶ
3473 607 3581 661 τῶν
3621 609 3942 678 ὃιωνύμων,

2346 701 2440 752 δύο
2471 701 2752 770 ὀνομάτων
2783 699 2905 754 καθ’
2927 700 2986 753 ἓν
3006 698 3300 770 προσώπου
3320 700 3526 770 κυρίως
3555 703 3939 770 τεταγμένων,

2349 794 2424 853 ὠ,
2455 793 2609 862 ἥλιος
2643 794 2673 845 ὁ
2711 793 2804 845 καὶ
2828 791 3090 862 ὐπιρίων,
3121 793 3213 844 καὶ
3237 791 3518 861 διχομηνὶς
3540 793 3573 860 ή
3603 793 3805 862 σελήνη
3835 811 3849 823 ·
3879 794 3940 843 οὔ

2351 881 2460 950 γάρ
2492 884 2608 935 ἐστι
2639 883 2732 935 καὶ
2787 881 2882 936 ἐπὶ
2911 881 3121 953 ἑτέρων
3147 883 3273 936 τάδε
3302 883 3370 934 τὰ
3397 882 3620 935 ἐπίθετα
3647 883 3721 944 ώς
3777 885 3944 936 κοινὰ

2348 975 2559 1030 λαϐεῖν.
2617 975 2964 1044 Σαφέστερον
2995 978 3052 1030 δὲ
3085 978 3281 1038 εἰπεῖν,
3309 976 3368 1027 τὸ
3397 977 3818 1044 ἀνθρωποτόκος
3847 979 3944 1028 καὶ

2349 1068 2638 1133 Θεοτόκος,
2675 1067 2920 1137 ὀνόματά.
2965 1071 3103 1121 είσιν
3142 1067 3372 1120 ὲπίοετα
3400 1067 3716 1136 προσώποις
3739 1083 3750 1096 ·
3781 1067 3858 1118 τὰ
3885 1067 3944 1119 δὲ

2350 1161 2598 1221 ἐπίθετα,
2627 1161 2660 1230 ἢ
2686 1160 2843 1213 κοινά
2865 1162 3037 1225 ἐστιν,
3071 1159 3147 1221 ὡς
3177 1159 3502 1227 φιλοπάτωρ
3521 1161 3548 1210 ὁ
3570 1159 3942 1226 Πτολεμαῖος,

2350 1254 2445 1305 καὶ
2478 1251 2799 1320 φιλάδελφος
2823 1251 3012 1321 ἕτερος
3032 1266 3046 1280 ο
3075 1250 3171 1303 καὶ
3196 1250 3304 1318 γὰρ
3321 1252 3417 1303 καὶ
3442 1249 3592 1303 ἄλλοι
3615 1250 3722 1300 τῶν
3751 1250 3947 1318 ὁμοει-

2349 1344 2456 1398 δῶν
2481 1344 2666 1407 αὐτοῖς
2700 1343 2960 1411 γεγόνασι
2998 1347 3091 1395 καὶ
3120 1337 3229 1394 εἷεν
3263 1341 3626 1412 φιλοπάτορες
3656 1343 3750 1393 καὶ
3815 1343 3944 1409 quia

2358 1435 2601 1502 άδελφοι,
2634 1438 2729 1490 καὶ
2759 1435 2947 1504 σχεδὸν
2985 1435 3188 1496 πάντες
3208 1450 3219 1463 ·
3254 1434 3284 1502 ἢ
3322 1433 3464 1485 ἰδικὰ
3495 1435 3664 1493 ἐστιν,
3692 1431 3768 1495 ὡς
3789 1433 3943 1500 ἀμη-

2350 1524 2614 1592 τρογενὴς
2647 1525 2808 1592 μόνος
2837 1523 2864 1574 ὀ
2907 1521 3076 1588 ’Λδὰμ
3100 1539 3106 1548 ·
3140 1520 3230 1574 καὶ
3259 1521 3611 1592 τριχοσθενὴς
3638 1524 3665 1573 ὁ
3693 1522 3935 1589 Σαμψὼι

2356 1615 2536 1684 μόνος,
2591 1615 2744 1685 παρὰ
2794 1616 2920 1678 τοὺς
2963 1616 3222 1684 ὁμοφυεῖς
3249 1615 3459 1675 πάντας
3482 1631 3494 1640 ·
3527 1615 3587 1665 τὸ
3622 1613 3677 1665 δὲ
3724 1614 3947 1678 ἀν’)ρω-

2353 1708 2582 1768 ποτὸκος
2615 1705 2869 1759 ἐπίθετον
2909 1707 3102 1775 ονομα.
3131 1706 3205 1768 ὼς
3253 1706 3352 1775 μὲν
3390 1706 3557 1757 ἰδικὸν
3591 1706 3687 1756 οὐκ
3727 1708 3788 1756 ἰν
3849 1705 3944 1755 12'-

2354 1815 2506 1867 γοιτο
2567 1799 2710 1851 κατᾶ
2777 1799 2876 1866 τῆς
2930 1797 3204 1868 ἀχράντου
3257 1795 3560 1866 Παρθένου,
3591 1799 3805 1867 μυρίων
3848 1798 3947 1849 καὶ

655 1897 766 1934 non
801 1881 1080 1935 diceretur
1126 1881 1180 1934 in
1230 1881 1577 1936 immaculata
1621 1883 1866 1952 Virgine,
1916 1884 2086 1936 multa
2117 1883 2247 1936 alia-

2356 1864 2562 1956 ἐτέρων
2589 1889 2767 1942 οὐσῶν
2810 1864 3252 1960 ἀνθρωιτοτόκων
3285 1864 3560 1953 γυναικῶν
3592 1864 3796 1958 δηλαδή
3817 1905 3833 1918 ·
3867 1889 3946 1951 ὡς

658 1991 779 2029 rum
809 1976 981 2030 millia
1009 1991 1134 2030 cum
1159 1976 1271 2030 sint
1293 1977 1590 2031 mulierum
1618 1977 1860 2031 hominis
1887 1986 2158 2043 matrum;
2197 1989 2255 2034 ut

655 2083 948 2122 commune
971 2076 1154 2122 autem
1179 2067 1223 2122 si
1261 2069 1390 2138 quis
1422 2068 1555 2123 illud
1585 2067 1790 2124 dixerit
1818 2078 1874 2124 et
1909 2069 1962 2123 in
1996 2071 2084 2124 illa
2110 2071 2254 2124 sicut

657 2162 710 2215 in
743 2161 978 2224 caeteris,
1035 2159 1310 2230 siquidem
1359 2177 1492 2216 vere
1550 2176 1846 2216 commune
1904 2163 1997 2227 sit,
2054 2163 2249 2217 eodem

657 2253 822 2308 modo
846 2255 901 2308 in
925 2253 1184 2308 omnibus
1208 2253 1262 2306 in
1288 2252 1496 2322 quibus
1520 2251 1836 2318 adhibetur,
1865 2261 2082 2322 oportet
2117 2254 2249 2307 illud

656 2347 953 2416 appellari,
1002 2355 1061 2401 et
1087 2344 1336 2400 eamdem
1365 2360 1482 2400 rem
1539 2345 1656 2414 pari
1702 2343 1864 2399 modo
1911 2346 2138 2398 omnino
2196 2354 2252 2399 et

655 2454 874 2508 semper
905 2439 1234 2510 signiﬁcare.
1263 2435 1381 2492 Non
1405 2438 1900 2515 enim_synonyma
1944 2447 2077 2492 sunt
2103 2454 2252 2508 qna:-

659 2532 809 2596 dam,
839 2547 965 2585 cum
998 2547 1109 2586 non
1143 2531 1460 2586 communia
1489 2529 1602 2584 sint
1632 2531 1842 2584 nomini
1873 2541 1930 2586 et
1959 2532 2041 2585 rei
2073 2531 2252 2585 nomi.

658 2626 745 2680 nis
769 2640 969 2679 causze.
1012 2624 1108 2679 Vel
1145 2624 1312 2693 igitur
1355 2631 1580 2677 steteras
1624 2622 2116 2686 mulieresomncs,
2151 2624 2249 2676 ho-

658 2719 824 2773 minis
850 2727 1052 2772 matres
1075 2731 1201 2772 cum
1249 2716 1340 2770 illa
1389 2716 1590 2780 dictas,
1622 2725 1680 2769 et
1725 2716 1873 2784 ipsas
1915 2732 2141 2772 necesse
2165 2726 2251 2771 est

657 2810 792 2862 deos
834 2808 1085 2863 homines
1136 2807 1355 2877 aliquos
1395 2821 1589 2876 parere
1630 2805 1854 2861 Christo
1907 2809 2143 2872 similes,
2192 2817 2251 2862 ut

660 2902 807 2955 illam
830 2916 897 2955 ex
932 2910 1085 2969 parte
1119 2900 1267 2970 ipsas
1293 2900 1484 2961 etiam,
1515 2907 1573 2954 et
1617 2915 1729 2954 non
1768 2915 1836 2953 ex
1893 2907 2009 2953 toto
2041 2899 2116 2954 ita
2147 2915 2241 2968 ap-

659 2991 882 3062 pellari;
929 2993 1015 3045 vel
1043 2991 1188 3044 illam
1218 2991 1391 3044 Deum
1426 2989 1706 3043 hominem
1735 3004 1956 3059 parere,
1985 3005 2097 3042 non
2151 3004 2249 3042 au-

665 3093 773 3134 tem
811 3096 878 3134 ex
903 3088 1054 3150 parte
1085 3079 1179 3134 sed
1211 3095 1280 3134 ex
1314 3087 1428 3133 toto
1458 3080 1534 3133 ita
1563 3079 1852 3148 appellari,
1896 3088 2026 3149 puta
2067 3077 2248 3132 homi-

659 3175 748 3228 nis
777 3161 1090 3243 parentem;
1122 3173 1165 3226 si
1203 3187 1313 3226 non
1335 3181 1519 3226 autem
1549 3171 1639 3225 illa
1673 3187 1741 3225 ex
1783 3179 1900 3225 toto
1928 3185 2108 3240 neque
2129 3171 2248 3225 istae

659 3283 726 3320 ex
755 3277 912 3336 parte
957 3264 1274 3319 dicerentur
1325 3263 1566 3318 hominis
1595 3274 1872 3333 parentes.
1915 3263 2023 3317 Sed
2059 3277 2239 3332 neque

662 3359 753 3413 illa
799 3372 1010 3412 merum
1053 3357 1267 3426 peperit
1301 3356 1617 3419 hominem,
1673 3369 1857 3425 neque
1909 3355 2028 3408 ista:
2067 3354 2242 3408 Deum

664 3454 966 3516 hominem,
998 3466 1242 3520 unquam
1287 3459 1650 3522 pepererunt,
1704 3449 1984 3520 quomodo
2025 3449 2132 3503 erit
2185 3449 2242 3504 in

661 3548 772 3603 illis
805 3545 1177 3600 communiter
1215 3541 1454 3598 hominis
1499 3543 1744 3613 parentis
1777 3557 1980 3597 nomen
2033 3540 2242 3596 adhibi-

663 3651 778 3692 tum
802 3635 1130 3705 ?Siquidem
1160 3634 1346 3703 agitur
1380 3649 1561 3702 neque
1596 3633 1726 3688 huic
1758 3634 1960 3703 regina:
1999 3634 2243 3704 proprie,

664 3744 842 3797 neque
868 3726 1244 3782 connnuniter
1269 3725 1535 3795 appellari
1564 3726 1824 3779 convenit
1866 3725 1970 3779 hoc
1999 3727 2243 3791 nomine,

664 3817 945 3872 latendum
985 3826 1070 3872 est
1118 3815 1268 3886 quod
1327 3817 1478 3870 nulla
1533 3817 1747 3870 ratione
1779 3816 2020 3871 hominis
2047 3831 2247 3886 parens

663 3925 792 3964 vere
823 3908 933 3963 dici
980 3907 1153 3978 possit
1193 3918 1381 3964 sancta
1416 3907 1514 3963 Dei
1537 3909 1764 3964 Parens.
1793 3909 1948 3964 Illius
1979 3924 2106 3963 cum
2154 3923 2244 3963 so-

662 4004 774 4056 lum
804 4001 1139 4072 particulare
1170 4016 1372 4056 nomen
1401 4001 1474 4056 sit
1507 4001 1659 4071 quod
1698 4017 1767 4056 ex
1793 4012 1954 4070 parte
1981 4009 2086 4066 est,
2136 4016 2246 4054 non

665 4102 880 4148 vstatur
905 4092 1040 4162 quin
1065 4101 1159 4146 aut
1190 4106 1290 4146 cur
1313 4091 1367 4146 in
1403 4092 1646 4146 nominis
1673 4091 2092 4146 similitudinem
2119 4105 2247 4145 cum

660 4186 766 4238 alia
788 4184 933 4239 inter
963 4183 1229 4238 mulieres
1256 4198 1367 4237 non
1393 4183 1708 4248 incurrens,
1733 4181 1806 4236 ob
1835 4181 1890 4235 id
1927 4181 1982 4235 in
2008 4180 2250 4236 hominis

664 4275 908 4342 parentis
928 4275 1152 4328 nomine
1194 4272 1547 4331 ostendatur.

733 4364 840 4420 Sed
877 4376 932 4420 ct
953 4365 1006 4419 id
1040 4365 1205 4436 igitur
1261 4365 1665 4420 observandum
1713 4375 1800 4421 est
1846 4365 2048 4429 adhuc,
2099 4366 2248 4437 quod

663 4460 706 4511 si
761 4474 1122 4527 personarum
1194 4459 1418 4512 nomina
1476 4460 1754 4528 propriam
1833 4459 2250 4514 subsistentiam

675 4551 916 4620 aliquam
995 4551 1229 4621 alicujus
1303 4549 1692 4621 signiﬁcantia,

662 4660 784 4714 qua:
843 4644 974 4698 huic
1033 4652 1088 4698 et
1145 4643 1270 4699 aliis
1305 4660 1628 4699 communes
1686 4653 1836 4706 sunt,
1897 4644 1992 4698 sed
2049 4661 2115 4698 ex
2169 4645 2254 4699 his

663 4751 784 4805 qua:
856 4735 1093 4805 propria:
1173 4736 1347 4789 solius
1398 4743 1527 4789 sunt
1583 4751 1833 4805 persona:
1907 4736 2201 4790 nominatae
2236 4777 2250 4800 ,

662 4829 857 4881 volunt
945 4827 1212 4897 intelligi;
1298 4829 1568 4897 siquidem
1649 4829 1910 4882 mulieres
1992 4827 2254 4882 dicuntur

667 4921 991 4984 innumerae,
1023 4930 1079 4974 et
1108 4920 1347 4975 hominis
1386 4930 1590 4975 matres
1614 4936 1945 4982 numerosze,
1975 4930 2032 4974 et
2076 4921 2248 4989 virgi-

666 5027 765 5066 nes
794 5010 978 5065 multze
1015 5019 1072 5064 et
1101 5012 1350 5080 plurimae
1380 5011 1564 5067 Mariae
1593 5021 1747 5076 sunt,
1781 5022 1836 5066 et
1870 5012 2045 5066 solum
2075 5011 2249 5080 parti-

664 5103 872 5167 rularc,
917 5101 1206 5171 proprium
1255 5110 1310 5156 et
1341 5103 1761 5172 signiticativum
1795 5102 2032 5156 maxime
2063 5109 2145 5154 est
2195 5100 2249 5154 in

667 5195 1012 5249 immaculata
1043 5205 1338 5263 ctsemper
1374 5195 1609 5264 gloriosa
1640 5196 1861 5264 Virgine
1915 5209 2114 5247 nomen
2153 5193 2247 5246 Dei

663 5286 930 5356 parentis.
956 5285 1113 5352 Quod
1145 5296 1202 5340 et
1231 5302 1300 5339 ex
1344 5287 1541 5354 seipsis
1592 5285 1870 5340 discerent
1917 5285 2247 5348 adversarii,

662 5379 717 5432 ni
747 5379 1178 5448 disputationem
1209 5378 1380 5432 solam
1415 5378 1793 5447 exquirerent.
1837 5377 1891 5431 Si
1919 5378 2067 5430 enim
2111 5375 2249 5431 sim-

663 5470 881 5536 pliciter
910 5469 1157 5523 mulieris
1190 5469 1428 5539 Virginis
1458 5479 1661 5523 sanctae
1686 5469 2012 5523 vocabulum
2047 5467 2247 5521 intelli-

664 5568 855 5625 gerent
890 5559 1001 5623 isti,
1049 5574 1330 5628 nunquam
1367 5560 1766 5612 contenderent
1805 5574 2006 5611 vanum
2039 5561 2106 5610 de
2149 5557 2252 5611 hac

660 5648 853 5715 quavis
891 5664 1126 5717 persona
1172 5659 1568 5704 commentum.
1601 5650 1654 5704 Si
1686 5665 1817 5704 vero
1849 5650 1942 5704 Dei
2000 5651 2250 5718 parentis

660 5740 1188 5795 vocabulumedocti
1221 5741 1422 5807 forent,
1486 5759 1611 5796 cum
1661 5743 1765 5797 alia
1811 5743 1936 5798 talis
1989 5758 2098 5796 non
2155 5743 2249 5806 sit,

663 5830 846 5887 statim
877 5830 1022 5885 illam
1057 5832 1230 5886 utDei
1259 5832 1481 5887 Matrem
1505 5844 1903 5888 venerarcntur
1927 5833 2248 5887 indubitan-

2352 1984 2407 2036 δὲ
2432 1983 2613 2037 κοινὸν
2641 1984 2692 2036 εί
2720 1985 2792 2054 φῇ
2825 2000 2909 2046 τις
2935 1981 3070 2036 αὐτὸ
3101 1983 3196 2036 καὶ
3229 1981 3349 2035 κατ’
3370 1982 3543 2049 αὐτῆς
3575 1981 3650 2045 ib;
3678 1983 3774 2034 καὶ
3816 1983 3949 2035 καθ’

2354 2075 2578 2145 ἐτέρων,
2617 2074 2776 2143 εἴπερ
2798 2073 3019 2144 ἀληθῶς
3046 2073 3200 2126 ἔσται
3232 2074 3436 2136 κοινὸν,
3469 2073 3613 2126 κατὰ
3651 2074 3744 2125 τὸν
3774 2076 3947 2126 αὐτ-’,ν

2357 2166 2558 2235 τρόπον
2578 2167 2638 2218 ὲν
2666 2167 2834 2218 πᾶσιν
2853 2159 2936 2228 οἷς
2964 2165 3262 2228 ἐπίκειται,
3280 2165 3364 2219 δεῖ
3389 2165 3520 2218 αὐτὸ
3551 2166 3946 2236 ὀνομάζεσθαι,

2352 2257 2447 2310 καὶ
2493 2257 2554 2310 τὺ
2596 2257 2727 2310 αὐτὸ
2788 2259 2928 2328 πρᾶγ
2946 2275 3024 2326 μα
3069 2256 3329 2318 ὡσαύτως
3359 2257 3535 2327 πάντη
3589 2257 3730 2311 κατὰ
3760 2258 3952 2311 scina

2351 2347 2670 2417 σημαίνεινθ
2710 2347 2770 2400 οὑ
2807 2347 2913 2415 γὰρ
2945 2344 3234 2416 συνώνυμα
3267 2345 3420 2398 ἔσται
3452 2347 3596 2410 τινὰ,
3634 2350 3711 2416 μὴ
3743 2366 3915 2400 κοινω
3935 2380 3946 2388 -

2350 2439 2546 2493 νοῦντα
2569 2438 2646 2509 τῷ
2673 2456 2730 2491 τε
2757 2439 2983 2507 ὀνόματι
3008 2440 3100 2493 καὶ
3127 2438 3204 2510 τῷ
3229 2439 3521 2510 πράγματι
3553 2438 3630 2508 τῷ
3656 2441 3824 2505 αἰτίῳ
3845 2438 3950 2492 τοῦ

2348 2533 2636 2602 ὀνόματος.
2679 2534 2745 2584 Ἢ
2785 2528 2877 2584 οὖν
2911 2533 3006 2585 καὶ
3051 2533 3150 2595 τὰς
3181 2533 3374 2594 λοιπὰς
3418 2535 3686 2600 γυναῖκας
3734 2534 3947 2594 aiax,

2349 2623 2808 2694 ἀνθρωποτὸκους
2875 2624 2972 2675 σὺν
3037 2625 3174 2694 αὐτῇ
3228 2618 3562 2690 λεγομένας,
3619 2622 3717 2675 καὶ
3771 2624 3950 2686 αὐτὰς

2348 2717 2566 2786 ἀνάγκη
2597 2715 2988 2787 θεανορώπους
3031 2719 3183 2778 τινὰς
3232 2719 3414 2768 τεκεῖν
3473 2715 3617 2769 κατὰ
3677 2718 3950 2785 Χριστὸν,

2351 2809 2542 2879 ὥσπερ
2580 2806 2720 2878 αὕτη
2779 2808 2886 2862 ἀπὸ
2945 2809 3148 2878 μέρους
3186 2825 3250 2860 τε
3282 2808 3377 2862 καὶ
3405 2809 3597 2873 αὑτὰς,
3635 2810 3729 2862 καὶ
3749 2811 3854 2862 οὐκ
3882 2813 3952 2862 ἐκ

2348 2897 2444 2952 τοῦ
2482 2900 2606 2952 ὅλου
2639 2899 2814 2962 οὕτως
2839 2899 3228 2968 ὀνομάζεσθαι,
3259 2898 3292 2968 ἦ
3331 2899 3469 2969 μηδὲ
3528 2900 3686 2968 τήνδε
3719 2899 3954 2952 σύνοεόν

2350 3007 2473 3044 τινα
2535 2992 2716 3043 τεκεῖν
2761 2989 3074 3060 ἄνθρωπον,
3126 2989 3260 3058 μηδὲ
3303 2990 3411 3042 ἀπὸ
3462 2991 3692 3059 μέρους·
3730 2989 3851 3041 ἀλλ’
3885 2993 3955 3042 ὲκ

2349 3082 2444 3136 τοῦ
2476 3081 2600 3136 ὅλου
2642 3081 2818 3144 οὕτως
2854 3081 3240 3150 ὀνομάζεσθαι,
3283 3081 3450 3149 ἦγουν
3490 3079 3950 3150 ἀνθρωποτὸκον·

2350 3179 2399 3228 εί
2437 3176 2494 3229 δὲ
2525 3175 2660 3246 μηδὲ
2715 3173 2858 3242 αὕτη
2908 3173 2967 3237 ἐξ
3029 3173 3174 3232 ὅλου.
3238 3174 3370 3244 μηδὲ
3414 3175 3619 3225 ἐκεῖναι
3649 3173 3716 3225 ὲκ
3742 3172 3954 3242 μέρους

2345 3270 2594 3340 εἴρηνται
2641 3267 3050 3338 ἁνϐρωποτὸκοι
3077 3281 3090 3294 ⁸
3124 3264 3238 3317 ἀλλ’
3269 3265 3394 3317 οὔτε
3429 3264 3569 3333 αὕτη
3598 3263 3755 3331 ψιλὸν
3783 3265 3955 3316 τέτο-

2345 3380 2439 3416 κεν
2466 3362 2778 3432 ἄνθρωπον.
2807 3359 2934 3412 οὕτε
2969 3360 3173 3411 ἐκεῖναι
3210 3356 3432 3408 σύνοεον
3483 3356 3703 3408 πώποτε
3739 3373 3948 3424 γεγεν-

2345 3453 2564 3522 νήκασι,
2589 3450 2708 3515 πῶς
2733 3451 2884 3503 ἔστη
2911 3453 2971 3503 ἐν
2992 3449 3182 3511 αὑταῖς
3212 3447 3407 3510 κοινῶς
3440 3447 3501 3500 τὸ
3522 3448 3956 3518 ἁνΟρωποτὸκος

2345 3543 2519 3612 ὄνομα
2550 3544 2841 3612 κείμενονς
2877 3540 3075 3595 οὐκοῦν
3121 3541 3379 3610 ἐπείπερ,
3425 3541 3564 3609 μήτε
3627 3539 3816 3602 ἰδικῶς
3885 3546 3954 3608 τῇ

2343 3637 2637 3708 Δεσποίνῃ,
2701 3635 2839 3705 μηδὲ
2871 3635 3066 3698 κοινῶς
3096 3632 3462 3703 ὀνομάζεσθαι
3491 3633 3704 3701 ἥρμοσε
3734 3631 3861 3683 τάδε
3894 3634 3959 3684 τὸ

2346 3729 2538 3800 δνομα,
2571 3729 2920 3798 ὡμολόγηται
2954 3727 3029 3790 ὡς
3061 3726 3184 3780 κατ’
3214 3727 3408 3778 οὐδένα
3444 3726 3602 3792 λόγον
3645 3724 3956 3794 ἀνθρωπο-

2346 3823 2505 3884 τόκος
2529 3820 2748 3891 ἀληθῶς
2785 3823 2852 3874 ἂν
2871 3821 3086 3888 λέγοιτο
3117 3821 3152 3888 ἡ
3189 3819 3322 3885 ἁγία
3355 3818 3619 3879 θεοτόκος
3640 3833 3654 3847 ο
3678 3817 3864 3885 αὐτῆς
3891 3817 3958 3870 ὃν
3981 3840 3996 3852 ·

2351 3915 2513 3984 μόνον
2555 3913 2739 3976 ίδικῶς
2762 3913 2824 3964 τὺ
2849 3913 3023 3981 ὄνομα
3060 3910 3122 3963 τδ
3171 3912 3236 3962 ὲκ
3284 3910 3490 3980 μέρους
3520 3909 3582 3962 οὐ
3607 3908 3955 3971 κεκώλυται,

2351 4005 2470 4069 πῶς
2497 4005 2532 4076 ἢ
2559 4003 2724 4059 πόθεν
2753 4005 2834 4066 είς
2866 4002 3192 4073 ὁμωνυμίαν
3243 4002 3370 4054 τινὰ
3419 4000 3558 4069 πρὸς
3607 4001 3807 4070 ἑτέραν
3835 4001 3957 4052 τῶν

2350 4096 2630 4164 γυναικῶν
2686 4097 2786 4150 οὐκ
2828 4095 3227 4164 ὲκπιπτούσης,
3280 4093 3424 4146 κατὰ
3447 4093 3566 4146 τάδε
3597 4093 3674 4155 ὡς
3719 4093 3817 4146 ἐπὶ
3851 4093 3954 4146 τοῦ

2349 4190 2450 4245 ἀνθ
2457 4191 2767 4262 ρωποτόκος
2797 4188 3035 4258 ἐδείχθη.

2435 4367 2598 4421 Ἀλλὰ
2628 4367 2724 4420 καὶ
2759 4365 2878 4418 τόδε
2912 4364 3044 4432 γοῦν
3077 4366 3380 4432 σκοπητέον
3411 4364 3514 4426 ἔτι,
3546 4364 3620 4425 ὡς
3653 4365 3701 4416 ει
3733 4364 3803 4416 τὰ
3837 4365 3952 4417 τῶν

2356 4457 2667 4527 προσώπων
2695 4457 2939 4526 ὀνόματα
2975 4454 3149 4525 ἱδικὴν
3183 4455 3483 4508 ὑπόστασίν
3509 4471 3634 4507 τινα
3663 4455 3821 4508 τοῦδέ
3867 4473 3954 4508 τι·

1781 4567 1890 4604 non
1971 4567 2002 4604 ο
2085 4551 2251 4606 rebus
2284 4561 2330 4616 υ
2358 4565 2449 4612 νος
2478 4549 2834 4619 σημαίνοντα,
2864 4548 2963 4600 οὐκ
2985 4549 3047 4598 ὲκ
3079 4547 3274 4598 κοινῶν
3296 4564 3461 4599 τινων
3492 4547 3528 4599 ἆ
3553 4550 3669 4598 ἐστι
3700 4547 3798 4600 καὶ
3827 4548 3952 4600 ἐτέ-

2359 4660 2494 4713 ροις,
2527 4640 2642 4694 ἀλλ’
2673 4639 2730 4705 ἐξ
2763 4639 2947 4692 ίδικῶν
2976 4641 3070 4690 καὶ
3099 4639 3264 4691 αὖτοῦ
3293 4641 3456 4708 μόνου
3485 4639 3674 4702 ὄντων,
3704 4640 3800 4692 τοῦ
3831 4642 3955 4694 ὀνο-

2361 4731 2568 4805 μαστοῦ
2606 4731 2901 4804 προσώπου
2968 4730 3115 4784 ϐέλει
3177 4731 3592 4799 λαμὸἁνεσθαι·
3631 4734 3793 4802 εἰπερ
3852 4736 3954 4786 καὶ

2355 4829 2615 4894 γυναῖκες
2650 4827 2902 4892 λέγονται
2938 4826 3176 4894 ἄπειροι,
3209 4826 3302 4876 καὶ
3352 4823 3762 4893 ἀνθρώποτόκοι
3801 4827 3952 4894 ἁμὲ-

2354 4934 2567 4987 τρητοι,
2601 4918 2696 4969 καὶ
2729 4917 2989 4986 παρθένοι
3041 4916 3250 4986 μυρίαι,
3286 4916 3540 4968 πλεῖσται
3591 4917 3683 4967 καὶ
3729 4918 3952 4986 Magia:

2356 5007 2496 5057 εἰσίο
2532 5003 2628 5056 καὶ
2662 5004 2824 5073 μόνον
2860 5002 3173 5056 ἰδικώτατον
3217 5007 3310 5057 καὶ
3341 5005 3681 5074 κυριώτατον
3712 5007 3808 5058 καὶ
3844 5025 3949 5076 σγ,-

2361 5095 2770 5164 μαντικώτατὸν
2823 5095 2937 5145 ἐστι
2969 5096 3034 5162 τῇ
3092 5095 3223 5164 ἁγίᾳ
3270 5096 3530 5163 ἁχράντῳ
3571 5097 3666 5148 καὶ
3718 5097 3953 5164 disab-2'51?

2358 5188 2619 5259 Παρθένῳ
2640 5187 2811 5252 ὗνομα
2839 5187 2898 5237 τὸ
2941 5187 3205 5248 aestiuo;
3233 5201 3245 5214 '
3275 5189 3412 5257 ὅπερ
3447 5189 3540 5239 καὶ
3577 5188 3671 5255 ἀφ’
3724 5189 3951 5240 ἑαυτῶν

2358 5281 2580 5348 μάθοιεν
2610 5280 2658 5330 οἱ
2694 5277 3071 5344 ἀντιλέγοντες
3108 5278 3183 5346 μὴ
3242 5279 3382 5348 πρδς
3431 5278 3547 5347 ἔριν
3612 5278 3787 5349 μόνην
3831 5283 3950 5334 ἀτ-

2354 5373 2685 5441 εσκληκὸτες
2713 5386 2727 5400 ο
2762 5373 2811 5422 εἰ
2868 5371 2976 5438 γὰρ
3020 5369 3208 5433 ἁπλῶς
3240 5372 3301 5423 τὸ
3333 5370 3471 5440 γυνὴ
3509 5372 3542 5440 ἡ
3599 5372 3885 5441 Παρθένιος
3914 5377 3948 5442 ἡ

2356 5465 2487 5530 ἁγία
2518 5463 2812 5516 ἀκούσειαν
2846 5465 2939 5514 καὶ
2968 5463 3146 5526 αὐτοὶ,
3189 5461 3344 5514 οὔπω
3386 5464 3740 5530 στηρίζονται
3771 5463 3859 5526 ἐφ’
3891 5465 3950 5516 ἓν

2355 5559 2414 5607 το
2437 5557 2492 5606 δέ
2528 5571 2581 5606 τι
2609 5555 2900 5623 πρόσωπον
2935 5553 3036 5620 τὴν
3066 5553 3404 5616 φαντασίαν·
3436 5555 3484 5604 εί
3515 5554 3568 5605 δὲ
3594 5554 3655 5605 τὸ
3678 5553 3949 5617 Geor-ﬁxe;

2355 5645 2696 5716 ὲνῃχηθεῐεν,
2735 5645 2900 5709 ἄλλης
2930 5645 3030 5696 οὐκ
3050 5643 3216 5710 οὔσης
3252 5646 3488 5708 τοιᾶσδε,
3513 5644 3676 5707 εὐθὺς
3715 5645 3808 5695 ἐπὶ
3841 5648 3946 5711 τὴν

2356 5737 2680 5806 Θεομὴτορα
2706 5735 2910 5804 ταύτην
2935 5734 3342 5788 ἀποϐλέπουσιν
3358 5733 3776 5804 ἀναμφιϐόλως,
3813 5738 3946 5803 περὶ

2356 5831 2522 5900 αὐτῆς
2571 5828 2926 5897 πεπεισμένοι
2982 5823 3120 5879 εἶναι
3174 5828 3236 5879 τὸ
3284 5828 3620 5898 λεγόμενον·
3667 5827 3763 5878 καὶ
3801 5827 3944 5879 οὔτι.
