4194 6446
318 442 456 507 ίῖο9

1260 441 1656 502 ADVERSUS
1693 439 2327 501 NESTORIANOS.-
2354 443 2497 502 LIB.
2543 445 2639 503 μ’.

3423 436 3558 500 1710

310 559 416 625 μὲν
439 556 563 609 τάδε
587 572 600 586 ·
637 556 756 619 πῶς
783 555 842 608 δὲ
885 555 981 608 καὶ
1037 554 1192 606 αὐτοὶ
1230 554 1647 621 ἀνθρωποτόκον
1686 553 1750 604 ἐκ
1791 552 1878 618 μέ.

1992 561 2094 615 ter,
2130 552 2184 605 in
2223 552 2313 606 illa
2342 568 2664 620 persuasum
2693 553 2961 608 habentes
3001 552 3217 622 impleri
3261 550 3368 607 hoc
3397 568 3555 610 voca~

311 667 443 716 pou;
468 650 640 718 αὐτὴν
682 650 862 716 λέγειν
894 647 1192 717 βούλονται,
1252 649 1582 700 εἰπάτωσαν.
1639 646 1701 696 El
1749 643 1884 711 μηδὲ

307 742 574 802 Θεοτὸκος
627 742 690 800 ἐκ
749 741 950 809 μέρους
998 741 1187 802 ὅντως,
1235 741 1437 806 ὃπουγε
1481 739 1548 790 τὰ
1587 738 1744 803 λόγια
1771 736 1884 822 ,καὶ

311 832 494 903 ψυχὴν
533 834 690 901 μόνον
726 836 813 887 τὸν
840 833 1148 902 ἄνθρωπον.
1185 833 1274 884 καὶ
1313 833 1490 900 σάρκα
1538 831 1714 898 μόνως
1755 828 1885 880 ἐκά-

312 924 475 976 λεσαν
499 940 515 954 ·
547 926 640 977 καὶ
669 926 702 994 ἡ
728 924 879 994 κοινὴ
915 924 972 977 δὲ
1012 925 1231 977 πάντων
1255 923 1471 990 χρῆσις,
1517 922 1620 981 ἕως
1654 918 1747 972 τοῦ
1788 918 1884 971 νῦν

317 1015 458 1083 μήτε
493 1014 929 1085 ἁνθρωποτόκος,
964 1017 1101 1082 μήτε
1137 1013 1403 1074 Θεοτόκος
1443 1015 1506 1063 ὲκ
1561 1011 1760 1080 μέρους
1791 1009 1883 1061 λέ-

313 1118 486 1169 γοιτο,
515 1103 764 1173 ἄτοκοςῆ
798 1102 1081 1172 ἀνώνυμος
1121 1102 1273 1154 ἔσται
1333 1100 1473 1152 κατά
1510 1115 1573 1166 γε
1609 1100 1668 1150 τὸ
1711 1098 1883 1168 ὄνομα

311 1202 374 1251 τὸ
405 1200 630 1264 φυσικὸν
659 1197 753 1250 τοῦ
782 1197 1064 1267 τεχθέντος
1095 1199 1155 1261 ὲξ
1177 1197 1343 1264 αὐτῆς
1364 1210 1378 1224 ·
1409 1195 1470 1247 τὸ
1493 1195 1600 1265 γὰρ
1627 1193 1880 1263 Χριστὸς,

314 1291 686 1358 προσωπικὸν,
727 1289 818 1341 καὶ
845 1289 906 1340 οὐ
940 1289 1188 1355 φυσικὸν,
1217 1288 1339 1340 οὐδὲ
1370 1287 1464 1340 τοῦ
1502 1286 1673 1347 εῐδους
1711 1283 1885 1352 ὄνομά

311 1379 483 1441 ἐστιν,
511 1379 598 1429 ἵνα
624 1378 836 1444 λέγοιτο
861 1379 1242 1446 Χριστοτόκος,
1267 1376 1406 1428 ἀλλὰ
1440 1374 1534 1428 τοῦ
1568 1374 1880 1444 προσώπου,

310 1469 388 1527 ὡς
417 1470 467 1518 εί
500 1469 591 1519 καὶ
631 1468 957 1530 Ἰαννοτόκος
987 1469 1020 1537 ἡ
1057 1467 1341 1519 Ἐλισάὁετ
1377 1466 1608 1530 λέγοιτο,
1658 1467 1794 1532 ὅπερ
1821 1464 1882 1516 οὐ

311 1559 408 1610 νῦν
434 1561 548 1610 ἐστι
602 1558 662 1610 τδ
699 1558 1029 1627 ζητούμενον
1077 1561 1230 1626 ἡμῖν,
1263 1558 1378 1610 ἀλλ’
1409 1559 1556 1619 ὅπως
1606 1556 1672 1609 ἂν
1698 1558 1760 1608 ἐκ
1785 1555 1886 1625 τῆς

312 1652 527 1716 φύσεως
558 1649 648 1700 τοῦ
679 1650 956 1718 τεχθέντος
993 1648 1222 1716 λέγοιτο.

387 1833 445 1883 Εἰ
482 1831 535 1884 δὲ
588 1832 680 1884 καὶ
715 1830 849 1900 πρὸς
890 1829 1014 1880 τάδε
1053 1845 1132 1890 τις
1188 1827 1332 1879 εἴποι
1373 1826 1453 1879 ὅτι
1499 1826 1590 1879 καὶ
1621 1824 1882 1887 θεοτὸκος

307 1924 490 1975 κοινόν
515 1940 566 1973 τι
612 1922 780 1989 ὖνομα
809 1921 916 1972 ἀπὸ
947 1920 1159 1988 φύσεως
1202 1917 1295 1970 τοῦ
1348 1917 1628 1987 τεχθέντος
1671 1915 1882 1968 ἐπικεί-

317 2031 477 2082 μενον
511 2014 602 2064 καὶ
631 2013 708 2082 τῷ
745 2012 920 2080 Πατρὶ
941 2011 1035 2062 καὶ
1054 2013 1120 2079 τῇ
1153 2009 1338 2079 Μητρὶ
1372 2009 1466 2061 τοῦ
1493 2008 1696 2076 Κυρίου
1740 2007 1880 2071 ἐστὶ,

307 2105 409 2160 καὶ
440 2106 618 2174 δέονῆ
659 2108 713 2155 εν
760 2105 960 2172 ἀμφοῖν
1011 2103 1202 2171 ὁμοίαν
1251 2100 1575 2170 θεωρεῖσθαι
1625 2099 1882 2168 γέννησιν

309 2199 498 2260 αὑτοῦ,
555 2198 586 2267 ἦ
624 2199 688 2266 τῇ
723 2199 1034 2268 κυριωτέρα
1064 2193 1530 2262 προσκυρωθῆναι
1570 2192 1633 2243 τὸ
1669 2191 1878 2260 ὄνομα·

307 2291 433 2339 ἐπεὶ
465 2287 557 2340 οὖν
594 2287 752 2354 μόνον
779 2302 838 2337 τε
868 2284 1000 2335 θεὸν
1023 2287 1114 2336 καὶ
1141 2285 1218 2344 εἰς
1249 2283 1310 2335 τὸ
1337 2278 1497 2346 εἶναι,
1526 2283 1574 2333 εἰ
1599 2281 1693 2333 καὶ
1716 2281 1876 2350 ἀχρό-

309 2396 438 2438 νως,
488 2379 580 2429 καὶ
615 2378 700 2428 ἀεὶ
743 2376 976 2446 προάγει
1017 2377 1044 2428 ὁ
1084 2375 1272 2445 Πατὴρ
1322 2373 1414 2426 τὸν
1468 2373 1614 2436 Υἱὸν,
1657 2372 1773 2434 πῶς
1819 2372 1881 2424 ού

314 2471 519 2540 μᾶλλον
573 2471 734 2530 αὐτὸς
795 2470 977 2530 ίδικῶς
1025 2467 1090 2521 ἂν
1127 2468 1338 2535 λέγοιτο
1381 2466 1646 2528 Θεοτόκος
1698 2467 1880 2535 μόνος,

307 2563 506 2624 κοινῶς
537 2561 592 2613 δὲ
621 2561 794 2624 οὐδεὶς
832 2562 928 2612 σὺν
955 2559 1140 2628 αύτῷς
1185 2558 1298 2611 ἀλλ’
1335 2558 1558 2625 εὔδηλον
1582 2555 1658 2618 ὡς
1690 2557 1750 2609 οὐ
1786 2556 1882 2610 δύ-

307 2671 468 2705 ναται
499 2656 563 2704 ἐκ
612 2655 713 2720 τῆς
748 2650 936 2713 οὐσίας
966 2653 997 2703 ὁ
1031 2650 1216 2719 Πατὴρ
1264 2648 1515 2716 λέγεσθαι
1553 2647 1780 2709 τοκεύς·
1819 2647 1880 2699 οὐ

309 2746 422 2815 γάρ
453 2745 638 2797 οὐσίαν
670 2744 860 2813 ἑτέραν
911 2742 1128 2812 ἀριθμῷ
1166 2742 1328 2811 ἑτέρα
1376 2741 1528 2793 ἔτεκε
1576 2741 1697 2794 θεία
1720 2757 1735 2771 ο
1758 2757 1878 2811 τρι-

308 2836 461 2900 θεΐας
494 2837 601 2905 γὰρ
622 2835 738 2886 τόδε
762 2852 777 2868 ο
828 2834 964 2888 ἀλλὰ
1006 2833 1113 2888 τῶν
1141 2833 1237 2902 τῆς
1267 2834 1436 2902 αὐτῆς
1476 2833 1648 2885 ὄντων
1691 2832 1882 2894 οὐσίας

315 2931 442 2997 μιᾶς
471 2929 742 2996 διαφόρων
776 2925 1082 2994 ἰδιωμάτων
1115 2924 1342 2994 Θάτερον
1368 2924 1601 2992 θατέρου
1630 2923 1802 2977 αίτιον
1825 2926 1882 2979 ἐν

310 3023 447 3088 αὐτῇ
466 3037 480 3050 ·
511 3021 570 3072 τὸ
600 3020 706 3088 γὰρ
730 3019 819 3069 νοῦ
841 3019 936 3070 καὶ
957 3019 1265 3086 ἐπιστήμης
1295 3017 1539 3069 δεκτικὸν
1567 3018 1663 3086 τῆς
1693 3017 1882 3080 οὐσίας

309 3115 498 3177 Δασὶδ,
533 3112 692 3164 τοῦτο
721 3114 891 3164 αἴτιον
922 3111 1014 3162 τοῦ
1069 3109 1336 3180 μουσικοῦ
1372 3109 1539 3162 αὑτοῦ
1573 3110 1879 3178 ἰδιώματος,

1989 642 2199 698 bulum.
2247 645 2314 699 Et
2361 645 2477 699 haec
2525 645 2748 714 quidem
2794 646 2949 700 satis.
2983 643 3274 712 Quomodo
3297 654 3558 700 autemet

1986 734 2075 789 isti
2123 735 2365 792 hominis
2393 737 2618 792 Matrem
2666 753 2733 792 ex
2773 747 2930 807 parte
2964 738 3111 793 illam
3142 738 3330 794 dicere
3365 736 3558 799 velint,

1981 826 2306 895 loquantur;
2341 829 2444 882 nisi
2469 845 2600 883 vero
2625 829 2720 884 Dei
2747 830 2920 884 Mater
2942 845 3009 884 ex
3058 839 3212 900 parte
3246 831 3318 886 sit
3343 843 3558 894 revera,

1983 916 2428 987 quandoquidem
2458 921 2756 989 Scriptura:
2782 922 3025 976 animam
3045 921 3226 976 solum
3251 920 3556 984 hominem,

1983 1015 2041 1060 et
2059 1022 2292 1062 carnem
2325 1009 2507 1064 solum
2533 1019 2824 1065 vocarunt.
2861 1011 2927 1067 Et
2973 1009 3255 1067 communi
3307 1011 3554 1064 omnium

1985 1111 2121 1162 usu;
2159 1098 2404 1167 quandiu
2435 1115 2613 1170 neque
2636 1102 2876 1156 hominis
2897 1103 3068 1158 Mater
3095 1117 3272 1172 neque
3296 1100 3391 1156 Dei
3441 1101 3553 1155 Ma-

1982 1194 2072 1240 ter
2093 1203 2160 1240 ex
2203 1198 2358 1258 parte
2405 1198 2654 1254 vocatur,
2690 1190 2811 1246 sine
2857 1199 3018 1261 partu
3069 1202 3127 1247 et
3178 1192 3298 1248 sine
3333 1191 3558 1246 nomine

1983 1278 2111 1340 erit,
2135 1278 2179 1332 si
2207 1294 2407 1334 nomen
2451 1281 2702 1335 naturale
2736 1281 3062 1336 observetur
3092 1283 3212 1352 ejus
3241 1282 3334 1352 qui
3361 1298 3428 1336 ex
3462 1282 3556 1336 illa

1985 1370 2201 1438 genitus
2257 1380 2360 1425 est.
2411 1369 2616 1426 Christi
2653 1372 2801 1426 enim
2847 1388 3072 1438 nomen,
3119 1389 3388 1444 persona,
3445 1362 3554 1430 non

1985 1471 2226 1528 naturm;
2258 1479 2438 1533 neque
2477 1467 2680 1534 speciei
2713 1481 2913 1522 nomen
2939 1475 3049 1531 est.
3083 1477 3146 1521 ut
3167 1467 3558 1523 dicaturChri-

1985 1551 2057 1604 sti
2092 1566 2313 1619 parens,
2333 1552 2431 1606 sed
2472 1569 2740 1622 personas,
2771 1564 2834 1611 ut
2867 1555 2910 1610 si
2949 1557 3176 1612 Joannis
3209 1568 3408 1626 parens
3441 1556 3558 1612 Eli-

1985 1640 2176 1696 sabetb
2199 1640 2495 1706 diceretur,
2542 1646 2688 1713 quod
2733 1663 2841 1700 non
2876 1658 2960 1702 est
2988 1665 3016 1701 a
3039 1650 3203 1703 nobis
3241 1651 3553 1719 qumsitum.

1983 1733 2080 1787 sed
2104 1733 2381 1802 quomodo
2417 1750 2485 1789 ex
2517 1747 2711 1790 natura
2751 1739 2917 1808 geniti
2948 1739 3247 1794 diceretur.

2057 1823 2112 1880 Si
2140 1841 2272 1880 vero
2301 1825 2368 1880 ad
2400 1827 2515 1882 haec
2538 1829 2740 1898 aliquis
2764 1830 2930 1896 dicat,
2963 1830 3311 1902 Deiparentis
3351 1849 3552 1890 nomen

1985 1931 2016 1970 e
2042 1917 2209 1987 geniti
2232 1927 2427 1972 natura
2462 1919 2779 1989 impositum
2811 1937 3103 1978 commune
3141 1925 3287 1980 Patri
3309 1937 3367 1981 et
3399 1926 3554 1980 Matri

1985 2008 2198 2063 Domini
2221 2025 2365 2072 esse,
2399 2020 2458 2066 et
2500 2021 2754 2080 oportere
2784 2024 2881 2069 aut
2908 2017 2968 2070 in
3007 2017 3280 2073 ambobus
3319 2020 3554 2076 similem

1985 2111 2283 2168 agnoscere
2317 2099 2468 2153 illius
2508 2101 2942 2171 generationem,
2976 2115 3076 2160 aut
3116 2107 3289 2178 magis
3315 2119 3555 2179 proprtu:
3641 2136 3645 2141 ·

1984 2191 2327 2259 generationi
2378 2208 2577 2248 nomen
2629 2195 2933 2265 assignari,
2982 2213 3110 2252 eam
3149 2199 3324 2270 igitur
3377 2202 3554 2257 solum

1984 2281 2154 2336 Deum
2177 2292 2232 2336 et
2253 2285 2652 2352 exsistentiam,
2695 2287 2795 2341 etsi
2825 2296 3026 2343 :eterne
3070 2299 3125 2344 et
3161 2307 3399 2360 semper,
3427 2309 3558 2362 pro-

1984 2373 2139 2429 ducit
2181 2373 2345 2430 Pater
2397 2377 2618 2443 Filium,
2659 2380 2950 2448 'quomodo
2984 2397 3092 2436 non
3147 2382 3238 2438 ille
3283 2387 3468 2455 potius
3502 2398 3559 2442 et

1983 2466 2204 2534 proprie
2239 2467 2410 2538 magis
2454 2469 2602 2524 solus
2649 2470 2927 2526 diceretur
2981 2473 3278 2543 Deiparcns
3305 2515 3321 2539 ,
3367 2478 3558 2534 simul-

1982 2569 2091 2624 que
2117 2556 2303 2610 nullus
2320 2573 2446 2611 cum
2473 2559 2606 2613 illo?
2637 2561 2836 2615 Verum
2864 2569 3016 2630 patet
3045 2579 3153 2618 non
3184 2580 3346 2633 posse
3369 2583 3406 2622 e
3426 2571 3557 2624 sub-

1983 2648 2185 2702 stantia
2219 2657 2433 2718 patrem
2468 2650 2576 2706 dici
2606 2664 2909 2722 parentem.
2958 2657 3075 2712 Non
3115 2661 3264 2715 enim
3298 2663 3556 2718 substan-

1983 2739 2116 2794 tiam
2145 2740 2304 2796 aliam
2350 2757 2582 2797 numero
2619 2745 2724 2799 alia
2759 2747 2950 2816 genuit
2978 2749 3166 2805 divina
3209 2753 3554 2823 substantia;

1978 2831 2185 2901 quippe
2259 2833 2508 2889 trideitas
2581 2835 2713 2892 illud
2782 2837 2965 2903 foret;
3012 2841 3108 2896 sed
3173 2859 3245 2898 ex
3305 2847 3551 2916 ejusdem

1982 2923 2146 2978 unius
2181 2924 2500 2983 substantia:
2564 2928 2795 2985 diversis
2841 2931 3368 3002 par-ticularitatibus
3449 2957 3553 2996 un:-

1983 3016 2211 3071 alterius
2250 3033 2414 3072 causa
2445 3028 2531 3074 est
2563 3020 2618 3075 in
2646 3021 2838 3078 eadem
2861 3025 3192 3081 substantia.
3225 3027 3382 3096 Quod
3406 3032 3554 3087 enim

1983 3107 2188 3162 mentis
2225 3116 2282 3162 et
2326 3109 2568 3166 scientiae
2597 3112 2960 3196 substantiam
2991 3116 3046 3170 in
3070 3117 3274 3173 Davide
3305 3123 3554 3192 cornple-

221 3231 227 3237 π
307 3211 368 3261 οὺ
399 3211 504 3278 μὴν
533 3207 721 3274 ἐτέρας
743 3205 933 3268 cisia;
964 3204 1224 3274 μουσικῆς
1254 3200 1288 3278 ᾗ
1319 3206 1394 3267 ὡς
1419 3204 1575 3258 οὐσία
1604 3221 1619 3235 ·
1651 3204 1744 3257 καὶ
1772 3203 1878 3274 γὰρ

1981 3199 2256 3266 ctebatur,
2293 3202 2398 3258 hoc
2440 3204 2665 3273 poetice
2706 3205 2872 3261 istius
2914 3209 3366 3276 partietuaritatis
3389 3229 3554 3270 causa

309 3305 404 3354 καὶ
427 3299 534 3351 τῶν
560 3297 816 3364 ἀμούσων
842 3295 1001 3348 οὐσία
1029 3297 1198 3349 ἐστίν.
1233 3297 1300 3348 Εἴ
1333 3313 1460 3348 ποτε
1486 3296 1578 3350 οὖν
1600 3296 1632 3365 ἢ
1668 3295 1880 3366 ἀνθρω-

311 3391 596 3461 ποτόκονῆ
635 3391 731 3443 καὶ
776 3390 1139 3460 Χριστοτὸκον
1186 3391 1396 3459 εἴπητε,
1442 3391 1566 3441 ὅσον
1596 3389 1749 3440 οὔπω
1781 3387 1882 3456 τῆς

308 3483 566 3544 ἀσεϐείας
615 3483 947 3551 ὑφήσαντες,
986 3480 1107 3532 οὐδὲ
1150 3479 1321 3542 οὕτως
1352 3478 1586 3549 ἐροῦμεν
1622 3477 1700 3540 ὡς
1736 3479 1881 3549 ίᾷιω-

304 3579 476 3645 τὰτην
505 3577 731 3643 ὀνόματι
758 3573 1078 3642 σημαίνετε·
1097 3573 1210 3625 τῶν
1236 3573 1344 3641 γάρ
1369 3573 1507 3624 κατὰ
1533 3572 1624 3624 τὸν
1668 3571 1881 3643 Ἰσραὴλ

303 3671 395 3721 διὰ
420 3668 512 3720 τοῦ
539 3665 797 3734 αἰσθητοῦ
833 3665 1006 3734 μύρου
1037 3665 1342 3736 χριομένων
1387 3663 1651 3731 βασιλέων
1699 3681 1756 3715 τε
1787 3664 1880 3716 καὶ

307 3762 501 3830 ἱερέων
536 3759 840 3826 λεγομένων
873 3757 1139 3809 πλείστων
1187 3755 1445 3825 χριστῶν,
1488 3757 1582 3807 καὶ
1633 3755 1740 3806 τῶν
1786 3753 1876 3809 διὰ

299 3853 407 3921 τῆς
465 3851 615 3914 θείας
647 3851 927 3919 ἐνεργείας
968 3850 1271 3918 χριομένων
1310 3847 1602 3918 προψητῶν
1643 3846 1738 3899 καὶ
1775 3845 1878 3914 τῆς

300 3943 459 4003 θείας
487 3941 906 4010 προχειρίσεως,
941 3936 1051 3992 οἷον
1082 3940 1267 4010 Κῦρος
1290 3941 1317 3991 ὁ
1347 3937 1570 4009 Περσῶν
1595 3936 1872 4007 βασιλεὺς,

296 4029 385 4097 οἷς
436 4034 654 4095 πλείους
703 4034 809 4084 εἰσὶ
870 4032 1126 4102 μητέρες,
1181 4033 1241 4084 οὐ
1293 4030 1712 4101 διακριθήσεται
1769 4028 1876 4081 οὐδ’

300 4125 476 4188 οὕτως
498 4141 511 4155 ·
555 4127 757 4187 πάσαις
783 4124 891 4194 γὰρ
927 4125 1004 4197 τῷ
1033 4125 1180 4195 αὐτῷ
1217 4124 1452 4203 ἐπιθέτῳ
1490 4122 1740 4190 ὀνόματι,
1779 4121 1878 4190 μία

301 4235 364 4271 τε
392 4221 486 4270 καὶ
511 4220 667 4288 κοινὴ
707 4219 860 4271 ἔσται
898 4218 1090 4289 κλῆσις
1121 4220 1218 4271 σὺν
1259 4219 1420 4288 αὐτῇ.
1459 4217 1724 4270 Συνθέτου
1767 4213 1876 4282 γὰρ

302 4311 630 4380 πράγματος
658 4311 722 4364 ἐκ
751 4327 811 4363 τε
837 4311 1073 4382 χρίσεως
1112 4311 1204 4364 καὶ
1236 4311 1527 4380 χριομένοιι
1559 4308 1674 4360 ἐστι
1701 4306 1876 4376 δηλω-

293 4402 454 4454 τικὸν
477 4402 652 4471 ὄνομα
706 4402 767 4454 τὸ
803 4402 1070 4470 Χριστόςι
1112 4403 1174 4456 οὐ
1207 4401 1313 4472 μὴν
1363 4401 1479 4463 οἵας
1510 4400 1627 4454 ἐστὶ
1659 4397 1877 4467 φύσεως

296 4498 332 4566 ῆ
377 4497 437 4547 τὸ
461 4497 670 4566 χρίσμα
699 4496 730 4566 ἢ
759 4496 818 4548 τὸ
839 4496 1063 4567 χρισθέν
1087 4513 1101 4527 °
1133 4495 1326 4550 οὐκοῦν
1351 4496 1472 4549 οὐδὲ
1501 4495 1673 4556 οὕτως
1701 4491 1872 4561 αὐτὴν

1983 3292 2124 3356 fuit,
2171 3310 2281 3349 non
2318 3295 2573 3365 equidem
2604 3297 2832 3353 alterius
2863 3299 3186 3357 substantia
3229 3305 3460 3373 poetica:
3493 3319 3555 3363 ut

1977 3385 2307 3440 substantia.
2368 3387 2583 3442 Etenim
2644 3398 2705 3443 et
2739 3405 2851 3444 non
2889 3399 3175 3460 poetarum
3243 3395 3554 3454 subszantia

1980 3483 2087 3531 est.
2137 3475 2193 3531 Si
2218 3476 2560 3549 forteigitur
2603 3480 2841 3535 hominis
2879 3491 2975 3536 aut
3015 3481 3223 3539 Christi
3266 3499 3552 3556 parentem

1981 3566 2251 3634 dixeritis,
2283 3586 2475 3639 parum
2506 3571 2663 3627 abest
2683 3574 2820 3642 quin
2846 3574 2914 3629 ab
2943 3575 3230 3646 impietate
3250 3578 3551 3648 desistatis,

1980 3674 2090 3713 non
2125 3660 2198 3715 ita
2233 3677 2335 3715 nos
2361 3662 2612 3718 dicemus
2646 3665 2794 3719 illam
2821 3681 2852 3720 τι
2881 3666 3040 3721 vobis
3065 3669 3289 3725 nomine
3320 3673 3554 3728 maxime

1981 3753 2208 3822 proprio
2257 3755 2576 3825 signiﬁcari.
2604 3757 2722 3812 Non
2769 3759 2923 3814 enim
2973 3777 3004 3814 a
3042 3763 3314 3818 matribus
3363 3781 3553 3836 regum

1979 3843 2147 3898 Israel
2174 3842 2423 3900 sensibili
2450 3858 2729 3918 unguento
2759 3863 3082 3914 unetorum,
3117 3864 3176 3907 et
3204 3855 3551 3910 sacerdotum:

1979 3932 2342 4001 plurimorum
2367 3937 2461 4005 qui
2491 3936 2690 3992 christi
2715 3947 2810 3992 aut
2831 3939 2982 3993 uncti
3002 3939 3134 3994 dicti
3158 3951 3308 4007 sunt,
3339 3954 3396 3997 et
3429 3958 3559 4014 pro-

1975 4024 2269 4094 phetarum
2298 4027 2394 4082 Dei
2429 4027 2791 4098 inspiratione
2825 4039 3119 4087 unctorum
3142 4074 3156 4096 ,
3186 4046 3289 4089 aut
3332 4034 3548 4090 illorum

1977 4129 2118 4183 quos
2147 4115 2295 4170 Deus
2318 4133 2481 4171 manu
2513 4118 2792 4187 perduxit,
2815 4122 2996 4190 qualis
3017 4122 3126 4177 fuit
3149 4122 3332 4195 Cyrus
3362 4127 3554 4181 Persa-

1977 4219 2098 4258 rum
2136 4221 2250 4270 τοι,
2283 4207 2486 4276 quibus
2511 4208 2758 4277 plurimaa
2794 4210 3019 4267 fuerunt
3057 4225 3282 4279 matres,
3309 4216 3390 4271 sic
3437 4219 3554 4288 ipsa

1978 4293 2340 4351 discernetur.
2407 4297 2675 4353 Omnibus
2717 4301 2865 4356 enim
2907 4318 3006 4372 per
3058 4304 3204 4358 idem
3244 4306 3552 4376 epitlxetum

1972 4402 2178 4442 nomen
2212 4405 2320 4444 una
2361 4399 2418 4445 et
2460 4395 2774 4448 communis
2801 4395 2908 4449 erit
2940 4398 3239 4466 appellatio
3271 4416 3397 4455 cum
3440 4404 3551 4459 illa.

1976 4479 2306 4550 Composita:
2338 4484 2486 4539 enim
2519 4501 2604 4539 res
2621 4502 2689 4540 ex
2722 4488 2978 4542 unctione
3002 4497 3057 4542 et
3079 4499 3246 4547 uncto
3267 4495 3553 4552 manifeste

299 4589 647 4657 ἐξονομάζειν
677 4589 826 4641 ἐστιν
859 4588 913 4641 εἷ
940 4607 1018 4660 τῳ
1069 4589 1246 4659 κυρίῳ
1267 4589 1362 4641 καὶ
1394 4588 1508 4654 ἰδίῳ
1541 4588 1711 4654 αὐτῆς
1745 4584 1864 4638 ὀνόο

1976 4569 2170 4628 Christi
2201 4589 2400 4630 nomen
2425 4584 2543 4642 est;
2589 4593 2698 4631 non
2733 4588 2887 4634 certe
2915 4582 3078 4636 unius
3111 4591 3197 4637 est
3223 4596 3433 4642 natura:
3465 4592 3553 4644 vel

302 4694 458 4745 ματι,
489 4677 598 4729 τῶν
621 4695 682 4729 τε
718 4678 1049 4752 συνωνύμων
1087 4679 1175 4730 καὶ
1207 4678 1518 4746 ὁμωνύμων
1537 4675 1708 4749 αὐτὴν
1750 4677 1868 4731 δια⁸

299 4769 510 4837 κρίνειν
541 4767 955 4839 βουληθείημεν.
989 4768 1325 4838 Ἀναγκαίως
1357 4765 1451 4822 οὖν
1480 4768 1544 4821 ἐκ
1573 4768 1662 4821 τοῦ
1695 4785 1872 4840 προσ-

295 4863 450 4922 όντος
509 4861 645 4931 αὐτῇ
701 4861 917 4929 άληθῶς
963 4863 1056 4916 καὶ
1106 4860 1282 4929 μόνως
1331 4861 1479 4930 παρᾶ
1533 4864 1629 4923 τὰς
1677 4860 1873 4923 λοιπάς

297 4951 483 5014 πάσας
515 4953 778 5018 γυναῖκας
813 4951 1142 5018 ὀνομαστέον
1183 4951 1283 5019 τὴν
1329 4951 1596 5020 ἄχραντον
1653 4952 1871 5020 Παρθέ-

297 5058 390 5100 νον
412 5057 428 5078 ν
458 5040 616 5093 τοῧτο
644 5040 701 5092 δέ
728 5042 845 5100 ἐστι
873 5041 954 5103 τὸ,
986 5040 1118 5092 Θεὸν
1144 5039 1305 5108 φύσει
1339 5039 1468 5092 ὄντα
1500 5043 1679 5095 τεκεῖν
1701 5041 1870 5108 ἀψευ-

297 5127 404 5191 ὄῷς
432 5128 684 5204 γεννήσει
722 5128 783 5181 ού
818 5129 1020 5198 φυσικῇ
1053 5124 1187 5197 οὔσῃ
1207 5125 1345 5180 Θεοῦ
1369 5127 1481 5179 ἀλλ’
1517 5127 1869 5198 ἐπιτηδευτῇ.

364 5392 458 5445 Διὸ
489 5390 552 5460 δὴ
592 5391 684 5443 καὶ
709 5389 973 5453 Θεοτόκος
1010 5391 1044 5460 ἠ
1079 5389 1353 5459 Παρθένος
1394 5390 1608 5460 άληθῶς
1639 5392 1736 5460 ἥδε
1771 5392 1866 5444 ἐπὶ

291 5482 504 5544 τούτοις
560 5482 761 5549 φαμὲν,
797 5480 878 5534 ὅτι
922 5474 1003 5542 εἷς
1031 5481 1059 5533 ὁ
1101 5481 1262 5543 τόκος
1298 5482 1396 5532 οὐκ
1432 5483 1495 5534 ἐκ
1537 5483 1766 5552 σπορᾶς,
1803 5483 1863 5533 οὐ

293 5575 436 5628 κατὰ
469 5573 650 5639 φύσιν,
699 5574 797 5642 οὐχ
845 5572 1030 5642 ὅμοιός
1069 5590 1175 5625 τινι
1217 5572 1326 5624 τῶν
1359 5574 1682 5644 ἀνθρώπων,
1731 5575 1867 5627 ἀλλᾶ

291 5667 438 5729 θεῖος
457 5665 545 5717 διὰ
567 5669 661 5734 τῆς
683 5665 958 5734 ἁρῤαγοῦς
997 5666 1210 5734 μήτρας
1241 5667 1584 5737 παρθενικώς
1616 5667 1828 5737 ἐδείχθη
1849 5686 1862 5698 ·

296 5757 414 5817 πῶς
440 5756 500 5807 ού
528 5757 730 5824 κυρίως
754 5755 1014 5808 Θεοτόκος
1035 5758 1123 5807 καὶ
1141 5755 1200 5820 ἐξ
1225 5757 1505 5811 αὐτοῦτοῦ
1532 5759 1734 5825 τρόπου
1763 5759 1864 5826 τῆς

294 5845 604 5915 ἀποτέξεως
626 5844 835 5912 λέγοιτο
854 5861 870 5912 ;
889 5845 1011 5897 Ἐπὶ
1035 5846 1246 5911 τούτοις
1267 5847 1321 5900 δὲ
1349 5847 1587 5917 λεγέσθω
1611 5851 1740 5920 ἡμῖν
1771 5852 1862 5903 καί

1972 4671 2313 4732 unguentum
2345 4665 2430 4721 vel
2457 4673 2707 4723 unctum.
2744 4668 2915 4737 Igitur
2947 4686 3057 4724 non
3084 4671 3232 4726 illam
3265 4676 3552 4734 nominare

1972 4751 2102 4807 licet
2131 4753 2175 4807 si
2226 4757 2453 4824 proprio
2483 4766 2542 4812 et
2568 4758 2889 4825 particulari
2938 4759 3086 4815 illius
3117 4763 3342 4820 nomine
3379 4765 3452 4822 ab
3483 4767 3552 4822 iis

1973 4859 2095 4914 qua:
2149 4861 2511 4917 synonymum
2563 4859 2621 4904 et
2675 4851 2857 4906 simile
2921 4869 3123 4908 nomen
3185 4856 3550 4914 obtinuerunt

1973 4934 2290 4991 discernere
2318 4938 2468 4992 illam
2513 4941 2873 4997 voluerimus.
2913 4944 3235 5001 Necessario
3275 4949 3442 5018 igitur
3483 4966 3550 5005 ex

1966 5041 2038 5081 eo
2067 5027 2213 5097 quod
2253 5028 2328 5083 illi
2381 5045 2509 5084 vere
2551 5045 2606 5085 et
2655 5034 2818 5086 unice
2846 5036 3088 5103 pertinet
3127 5037 3273 5092 inter
3307 5039 3550 5110 reliquas

1970 5135 2164 5176 omnes
2195 5121 2454 5177 mulieres
2483 5124 2818 5180 nominanda
2836 5135 2924 5180 est
2949 5127 3300 5185 immaculata
3328 5132 3493 5202 Virgo
3533 5155 3544 5186 :

1969 5211 2077 5265 hoc
2104 5222 2288 5267 autem
2312 5221 2414 5276 est,
2441 5215 2584 5283 quod
2610 5215 2780 5272 Deum
2794 5227 2988 5275 natura
3020 5223 3291 5289 pepererit
3309 5238 3436 5278 vere
3454 5239 3546 5294 ge-

1968 5303 2252 5358 neratione
2280 5320 2390 5358 non
2419 5308 2655 5362 naturali
2688 5324 2810 5377 quae
2825 5310 2919 5364 Dei
2937 5321 3039 5374 est,
3059 5311 3154 5366 sed
3178 5313 3547 5370 benevolenti.

2035 5393 2246 5449 Idcirco
2274 5404 2329 5450 et
2359 5397 2682 5468 Dei-parens
2714 5402 2828 5455 haec
2853 5403 3013 5473 Virgo
3039 5419 3168 5459 vere
3197 5414 3303 5469 est,
3338 5407 3405 5461 ad
3432 5408 3544 5463 haec

1969 5485 2277 5556 adjieimus,
2314 5491 2442 5558 quia
2482 5507 2625 5546 unus
2657 5494 2878 5562 genitus
2923 5513 3031 5550 non
3074 5514 3142 5551 ex
3174 5500 3403 5564 semine,
3437 5516 3550 5556 non

1969 5577 2270 5648 secundum
2317 5591 2593 5644 naturam,
2633 5599 2741 5637 non
2790 5585 2986 5640 similis
3032 5588 3194 5642 alicui
3241 5589 3548 5654 hominum.

1967 5669 2060 5724 sed
2107 5668 2327 5724 divinus
2356 5688 2422 5724 ex
2470 5674 2680 5743 integro
2713 5688 2873 5730 utero
2915 5677 3253 5747 virginaliter
3286 5681 3535 5738 emicuit.

1966 5760 2249 5824 Quomodo
2278 5776 2384 5813 non
2418 5765 2638 5832 pmpric
2667 5766 2991 5834 Dei-parens
3017 5769 3097 5822 vel
3125 5784 3192 5823 ex
3223 5771 3330 5825 isto
3358 5781 3550 5842 partus

1968 5853 2128 5907 modo
2157 5852 2472 5911 diceretur?
2502 5856 2578 5911 All
2615 5858 2729 5912 lucc
2765 5874 2790 5913 a
2828 5858 2989 5916 nobis
3018 5851 3237 5920 dicaiur
3260 5873 3314 5921 et
3348 5866 3550 5932 saepius
