4194 6446
673 436 811 502 1711

1933 423 2240 484 LEONTII
2282 421 2324 477 Β
2334 419 2648 484 ΥΖΑΝΤΙΝ
2660 422 2681 481 1

3795 419 3928 484 171?.

677 555 868 612 multis
891 551 1182 613 matrihns,
1207 563 1273 602 ex
1302 551 1410 602 tlne
1435 561 1600 617 quem
1632 541 1916 598 consecuti
1954 550 2106 596 erant
2139 537 2256 600 filii,

2365 537 2441 587 ῐτι
2465 535 2727 596 πολλάκις
2763 535 2978 597 πολλοῖς
3004 534 3112 588 τῶν
3147 534 3508 606 γεννητόρων,
3530 534 3591 588 ἐκ
3619 533 3713 588 τοῦ
3743 536 3928 590 τέλους

678 647 1043 717 epithetorum
1077 639 1498 710 appellationem
1525 635 1847 707 contigisse;
1877 635 1955 689 sic
1984 633 2130 685 enim
2164 631 2249 684 in-

675 735 1048 808 clytam-filio,
1085 733 1230 804 regis
1247 742 1531 794 matrem,
1577 739 1633 782 ct
1677 723 2244 798 pulchri-genitricem

672 832 912 886 dicimus
946 830 1138 892 istam;
1175 839 1369 892 nempe
1399 837 1509 876 non
1544 837 1642 890 per
1682 819 1944 873 virtutem
1977 833 2006 871 e
2041 815 2244 884 princi-

675 922 765 990 pio
788 928 884 974 aut
913 918 1169 986 inclytam
1193 912 1409 967 laudem
1443 925 1616 980 puero
1644 907 2118 980 priesuppositam,
2149 903 2245 959 scd

675 1022 861 1082 postea
896 1006 1319 1068 manifestatam,
1356 1012 1414 1057 c‘t
1459 1000 1779 1071 parentibus
1821 995 2246 1067 appellationem

671 1101 1064 1171 adjicientem;
1141 1094 1363 1165 quando
1436 1107 1568 1161 ergo
1621 1100 1677 1143 et
1737 1104 1872 1154 nos,
1930 1090 1972 1144 si
2047 1102 2248 1157 cogno-

672 1193 850 1246 vimus
907 1187 1210 1243 secundum
1273 1197 1492 1238 carnem
1544 1180 1863 1241 Christum,
1935 1178 2030 1232 sed
2099 1190 2246 1231 nunc

671 1281 898 1336 minime
938 1275 1336 1348 cognoscimus.
1373 1273 1509 1327 Cum
1559 1269 1779 1340 quidem
1816 1269 2066 1324 Verbum
2101 1267 2246 1321 Deus

669 1372 972 1429 secundum
1018 1376 1268 1422 naturam
1308 1365 1359 1418 in
1407 1365 1526 1433 ipso
1562 1365 1655 1425 sit,
1683 1371 1738 1416 et
1769 1377 1898 1416 caro
1940 1358 2243 1414 secundum

670 1475 921 1520 naturam
950 1470 1074 1530 post
1107 1457 1571 1514 resurrectionem
1622 1455 1737 1522 ipsa
1776 1452 1961 1505 divina
1990 1451 2130 1505 facta
2171 1451 2246 1506 sit

669 1561 723 1614 in
756 1555 1082 1627 perfectum,
1119 1567 1244 1606 cum
1284 1565 1394 1602 non
1439 1547 1740 1602 habeamus
1779 1560 1959 1613 neque
2000 1559 2067 1597 ex
2093 1550 2245 1613 parte

669 1664 844 1719 neque
881 1644 1184 1702 secundum
1222 1643 1459 1710 aliquam
1503 1638 1808 1698 rationem,
1853 1635 2136 1704 quidpiam
2191 1635 2243 1687 in

664 1758 732 1795 co
777 1747 874 1793 aut
906 1739 1050 1792 circa
1100 1751 1226 1790 eum
1273 1747 1505 1786 vacuum
1554 1729 1844 1782 divinitate
1889 1726 2148 1796 cogitare,
2188 1735 2245 1779 et

667 1833 1042 1892 benedictum,
1073 1843 1181 1880 non
1211 1826 1434 1894 quidem
1470 1838 1568 1892 per
1598 1821 1740 1874 hanc
1769 1835 1892 1888 quae
1922 1819 1976 1872 in
2017 1817 2110 1872 illo
2152 1833 2242 1872 se—

2355 629 2450 682 τοῦ
2467 631 2607 682 κατά
2621 629 2746 690 τοὺς
2765 630 2980 692 παῖδας,
3005 629 3039 698 ἡ
3064 629 3171 680 τῶν
3188 629 3453 682 ἐπιθέτων
3474 628 3736 696 ὀνομασία
3761 647 3925 698 προσ-

2354 720 2579 789 γιέγονεν
2607 738 2620 751 ·
2671 720 2844 784 οὕτως
2894 723 3003 791 γὰρ
3053 721 3408 779 κλυτόπαιδα,
3461 720 3557 773 καὶ
3603 721 3927 783 ἀνακτόκον,

2354 813 2449 866 καὶ
2487 812 2802 881 καλλίγονόν
2827 831 3008 882 φαμεν
3032 812 3189 882 τήνδε
3217 829 3231 842 ο
3265 813 3361 865 καί
3406 829 3488 864 τοι
3520 813 3620 865 οὐκ
3650 812 3710 877 ἐξ
3754 814 3925 881 ἀρχῆς

2353 903 2432 974 τῷ
2459 903 2646 973 βρέφει
2697 905 2797 972 τῆς
2824 905 3025 975 ἀρετῆς
3069 904 3103 972 ἢ
3143 902 3242 972 τῆς
3275 901 3428 968 ἀξίας
3459 903 3740 971 ἐνεργείας
3793 921 3926 971 συμ-

2356 994 2753 1063 προελθοὺσης,
2785 993 2900 1048 ἀλλ’
2932 993 3160 1064 ὕστερον
3200 994 3652 1064 ὲμφανισθείσης,
3695 995 3789 1045 καί
3819 997 3927 1056 τοῖς

2353 1088 2574 1156 γονεῦσι
2607 1089 2707 1159 τὴν
2727 1087 3027 1156 ὀνομασίαν
3058 1087 3518 1156 προσαγαγούσης
3540 1101 3553 1114 ·
3574 1086 3698 1137 επεὶ
3716 1081 3811 1138 οὖν
3837 1089 3928 1136 καὶ

2355 1180 2538 1247 ἡμεῖς,
2575 1181 2624 1231 εί
2649 1179 2744 1232 καὶ
2780 1178 3105 1246 ἐγνώκαμεν
3131 1175 3274 1230 κατά
3303 1177 3483 1246 σάρκα
3512 1174 3769 1245 Χριστὸν,
3796 1173 3927 1225 ἀλλὰ

2355 1271 2448 1324 νῦν
2488 1271 2670 1325 οὐκέτι
2722 1269 3064 1340 γινώσκομεν
3090 1286 3105 1301 ο
3151 1269 3244 1322 τοῦ
3292 1270 3392 1339 μὲν
3452 1269 3511 1320 ὲν
3564 1266 3716 1336 αὐτῷ
3753 1265 3926 1334 Λόγου

2353 1360 2488 1413 Θεοῦ
2523 1359 2667 1414 κατὰ
2695 1359 2859 1430 φῦσιν
2881 1360 3056 1422 ὄντος,
3083 1359 3183 1430 τῆς
3220 1359 3278 1412 δὲ
3323 1359 3466 1412 κατὰ
3516 1357 3682 1426 φύσιν
3729 1357 3928 1428 σαρκὸς

2359 1451 2499 1522 μετὰ
2525 1450 2627 1522 τὴν
2658 1451 2956 1506 ἀνάστασιν
2985 1449 3156 1518 αὐτῆς
3194 1448 3493 1515 θεωθείσης
3541 1449 3620 1509 είς
3640 1446 3702 1498 τὸ
3733 1461 3928 1498 παντε-

2353 1541 2443 1602 λές
2467 1557 2482 1571 °
2514 1541 2614 1593 οὐκ
2643 1541 2859 1609 ἔχοντες
2897 1538 3019 1591 οὐδὲ
3045 1539 3110 1591 ἐκ
3136 1537 3360 1607 μέρους,
3395 1537 3514 1589 οὐδὲ
3569 1536 3718 1588 κατά
3771 1535 3930 1600 λόγον

2353 1631 2494 1693 τινὰ,
2523 1632 2578 1683 τὶ
2607 1631 2716 1684 τῶν
2748 1629 2916 1683 αὐτοῦ
2947 1629 2982 1700 ἢ
3010 1627 3138 1698 περὶ
3157 1629 3340 1681 αὐτῶν
3364 1625 3567 1696 γυμνὸν
3592 1625 3925 1694 κατανοῆσαι

2354 1723 2636 1791 θεότητος·
2685 1720 3034 1791 χαρισθέντος
3065 1719 3161 1771 καὶ
3213 1717 3293 1787 τῷ
3340 1715 3414 1786 μὴ
3459 1715 3599 1767 κατά
3668 1713 3834 1782 φύσιν
3872 1715 3928 1764 ἐν

2351 1813 2502 1881 αὐτῷ
2527 1812 2657 1882 θείῳ
2680 1810 2776 1864 τοῦ
2797 1809 3059 1880 ὀνόματος
3089 1807 3183 1861 τοῦ
3211 1807 3350 1876 ὑπὲρ
3372 1807 3478 1859 πᾶν
3502 1806 3695 1874 ὄνομαο
3721 1803 3926 1870 Κυρίου

666 1925 908 1979 cundum
927 1931 1179 1975 naturam
1210 1916 1497 1970 habitabat
1524 1912 1890 1976 divinitatem,
1909 1912 2029 1980 ejus
2044 1926 2243 1965 nomen

2365 1923 2406 1960 τε
2434 1907 2526 1957 καὶ
2571 1904 2707 1957 Θεοῦ
2735 1903 3028 1972 γενομένου
3100 1900 3277 1970 Ἰησοῦ
3329 1900 3526 1953 τούτου
3579 1899 3639 1951 ὃν
3680 1896 3927 1951 Ἰουδαῖοι

667 2016 834 2070 fuerit
863 2027 1031 2080 super
1063 2023 1224 2062 omne
1257 2021 1477 2066 nomen,
1501 2011 1556 2056 et
1593 2001 1860 2056 Dominus
1896 2010 1951 2054 et
1986 2000 2131 2054 Deus
2170 1998 2248 2053 fa-

668 2118 790 2162 ctus
813 2107 884 2161 sit
903 2105 1065 2159 Jesus
1086 2101 1177 2155 ille
1207 2113 1370 2169 quem
1402 2094 1574 2152 Judaei
1609 2093 2032 2157 crucifixerunt;
2059 2105 2250 2145 neces-

669 2198 817 2253 sario
848 2195 1076 2250 minime
1103 2189 1678 2258 hominis-parentem,
1712 2185 1808 2240 sed
1840 2184 2248 2252 Dei-parentem

667 2297 900 2343 matrem
932 2288 1052 2358 ejus
1083 2285 1254 2340 solam
1296 2282 1649 2337 nominamus
1674 2289 1730 2334 et
1770 2294 2098 2334 veneramur
2128 2291 2243 2330 om-

668 2379 1136 2437 nino-colendam.
1173 2377 1309 2447 Ejus
1331 2375 1477 2429 enim
1509 2373 1602 2443 qui
1635 2389 1702 2426 ex
1736 2371 1828 2425 illa
1859 2369 2086 2440 prodiit,
2112 2378 2167 2422 et
2193 2368 2248 2421 in

667 2471 976 2528 substantia
1025 2478 1081 2525 et
1123 2469 1178 2522 in
1223 2468 1427 2521 unione
1466 2464 1820 2520 Diviuitatem
1867 2469 2248 2532 agnoscentes,

671 2576 846 2620 totum
883 2563 1036 2617 illum
1084 2561 1254 2615 Deum
1301 2557 1672 2628 glorificamus
1705 2564 1760 2608 et
1791 2554 2120 2618 adoramus;
2148 2553 2251 2608 etsi

669 2656 1052 2728 cognoscimus
1094 2650 1300 2707 servari
1351 2651 1496 2703 illam
1544 2663 1612 2703 ex
1651 2647 1993 2701 humanitate
2041 2654 2252 2714 partem

671 2749 912 2802 divinam
963 2746 1160 2799 factam
1214 2745 1266 2796 in
1317 2741 1540 2796 Christo
1586 2756 1655 2795 ex
1691 2740 1781 2793 illa
1828 2747 1978 2802 nato,
2014 2746 2069 2791 et
2113 2736 2256 2791 hanc

674 2839 1030 2895 iucfl'abilitcr
1055 2854 1221 2892 carne
1256 2835 1525 2914 indutam.
1551 2834 1647 2888 llla
1696 2833 1843 2887 enim
1887 2829 2254 2902 pnestantiori

675 2929 1070 2999 assumptione,
1101 2943 1210 2983 non
1255 2927 1629 2982 destructione
1658 2926 1843 2980 divina
1888 2924 2028 2978 facta
2069 2933 2176 2987 est,
2202 2931 2256 2977 et

677 3021 1060 3077 benevolentia
1084 3036 1193 3074 non
1223 3021 1528 3074 mutatione
1561 3020 1736 3072 altera
1762 3032 1892 3071 caro
1917 3016 2056 3070 facta
2079 3024 2183 3069 est.

747 3117 802 3171 Si
833 3131 986 3178 vero,
1015 3113 1296 3185 inquiunt,
1323 3112 1480 3181 quasi
1515 3126 1581 3165 ex
1611 3119 1764 3180 parte
1794 3107 2042 3178 quaadam
2073 3106 2262 3161 dican-

2348 1996 2736 2064 ἐσταύρωσαν·
2773 1995 2831 2060 ἐξ
2863 1992 3111 2062 ἀνάγκης
3152 1993 3342 2047 οὐκέτι
3386 1992 3478 2044 καὶ
3513 1990 3930 2060 ἀώρωποτόκον

2353 2090 2584 2161 μητέρα,
2620 2085 2755 2141 ἀλλὰ
2782 2087 3043 2140 Θεοτόκον
3061 2085 3291 2156 Μητέρα
3326 2085 3485 2155 μόνον
3507 2081 3850 2152 ὀνομάζομέν
3872 2097 3930 2134 τε

2351 2181 2444 2233 καὶ
2474 2176 2890 2248 προσκυνοῦμεν
2910 2175 3010 2248 τὴν
3037 2176 3346 2230 πάνσεπτον
3365 2193 3379 2206 ο
3407 2175 3500 2228 τοῦ
3533 2171 3640 2243 γὰρ
3670 2173 3730 2238 ἐξ
3761 2172 3929 2240 αὐτῆς

2352 2270 2796 2343 προελθόντοςπὸ
2832 2269 2930 2339 μέν
2957 2287 3040 2323 τοι
3058 2271 3179 2322 κατ’
3201 2270 3412 2328 οὐσίαν,
3441 2267 3502 2320 τὸ
3531 2267 3589 2318 δὲ
3623 2273 3764 2320 κατὰ
3801 2282 3929 2335 μετ-

2351 2363 2538 2416 ουσίαν
2586 2362 2730 2415 θεῖον
2774 2360 2996 2426 εἰδότες,
3031 2359 3151 2413 ὅλον
3186 2360 3351 2414 αὑτὸν
3375 2360 3509 2411 Θεὸν
3545 2358 3749 2411 τέλειον
3778 2357 3932 2421 δοξά-

2357 2453 2522 2524 ζομεν
2552 2453 2647 2506 καὶ
2680 2451 3096 2522 προσκυνοῦμεν
3123 2465 3138 2480 °
3175 2451 3222 2504 εῖ
3253 2451 3349 2504 καὶ
3371 2452 3718 2518 γινώσκομεν
3760 2450 3934 2502 σεσῶ-

2357 2546 2483 2600 σθαι
2518 2546 2580 2598 τὸ
2604 2544 2663 2610 ἑξ
2685 2543 3104 2616 ἀνθρωπότητος
3134 2543 3334 2597 θεωθὲν
3371 2545 3429 2596 ἐν
3456 2544 3535 2614 τῷ
3559 2543 3805 2613 τεχθέντι
3840 2542 3932 2596 ὑπ’

2355 2641 2526 2710 αὐτῆς
2549 2638 2790 2709 Χριστῷ,
2808 2639 2917 2691 *καὶ
2967 2638 3028 2691 τὸ
3079 2638 3378 2708 ἀφράστως
3407 2635 3691 2707 σαρκωθέν
3710 2651 3724 2668 ·
3756 2650 3937 2705 κρειτ-

2354 2731 2521 2786 τώσει
2571 2733 2681 2802 γὰρ
2728 2733 2822 2785 καὶ
2867 2732 2968 2784 οὐκ
3021 2730 3305 2800 ἀναιρέσει
3340 2729 3457 2782 τόδε
3501 2727 3802 2781 τεθέωται’
3839 2731 3934 2781 καὶ

2358 2821 2574 2875 εὐδοκία
2607 2821 2668 2874 οὐ
2705 2821 2882 2893 τροπὴ
2922 2821 2983 2874 τό
3013 2820 3201 2892 ἕτερον
3227 2819 3594 2888 σεσάρκωται.

2440 3120 2503 3173 Ei
2530 3118 2609 3183 δὲ,
2635 3116 2820 3186 φασὶν,
2836 3114 2969 3168 ὡσεὶ
2986 3114 3082 3167 καὶ¹
3105 3115 3167 3166 ἐκ
3193 3112 3396 3182 μέρους
3411 3111 3535 3164 τινὰ
3556 3111 3801 3178 λέγοιντο
3821 3109 3941 3162 dvo-

679 3219 769 3262 tur
814 3207 1057 3270 nomina,
1105 3205 1200 3259 sed
1234 3220 1335 3259 nos
1381 3205 1575 3264 Deum,
1624 3219 1732 3256 non
1779 3201 1938 3270 quasi
1973 3215 2039 3254 ex
2079 3208 2258 3269 parte,

2368 3230 2512 3283 ματα
2541 3229 2556 3277 ;
2586 3211 2700 3264 ἀλλ’
2735 3212 2897 3280 ἡμεῖς
2924 3207 3057 3261 Θεὸν
3094 3207 3192 3276 οὐχ
3231 3206 3306 3267 ὡς
3348 3207 3414 3258 ὲκ
3447 3205 3648 3274 μέρους
3681 3202 3773 3255 τὸν
3808 3204 3945 3273 Χρι-

678 3300 958 3354 Christum
994 3298 1360 3352 nominamus.
1395 3295 1451 3350 Si
1488 3296 1634 3350 enim
1671 3311 1797 3365 pars
1826 3293 2029 3349 Christi
2057 3291 2261 3346 dicitur

674 3391 951 3445 .Divinitas
978 3387 1046 3442 ad
1071 3387 1359 3441 clariorem
1379 3385 1832 3454 significationem
1866 3383 2014 3437 illius
2041 3396 2264 3452 compo-

680 3483 794 3546 siti,
829 3481 924 3537 sed
954 3479 1104 3536 omni
1136 3486 1291 3548 parte
1333 3487 1389 3531 et
1433 3486 1546 3532 toto
1579 3477 1685 3530 isto
1723 3474 2047 3544 intelligitur
2084 3473 2266 3544 perfe-

683 3575 827 3629 ctius
880 3571 1117 3627 Verbum
1171 3584 1316 3624 esse.
1369 3569 1488 3624 Non
1541 3567 1690 3622 enim
1741 3567 1980 3621 Verbum
2033 3563 2263 3620 inferius

682 3667 904 3722 Christo
933 3664 1192 3725 dicimus,
1228 3662 1323 3716 sed
1375 3661 1716 3731 simplicius;
1761 3658 1906 3728 quod
1947 3657 2094 3712 enim
2137 3671 2263 3726 pars

686 3759 888 3813 dicitur
910 3757 1082 3828 partis
1103 3772 1228 3811 cum
1254 3755 1344 3810 illa
1367 3753 1697 3822 cunjuncue,
1725 3749 1900 3820 ipsius
1923 3749 1988 3801 ad
2014 3747 2264 3802 eamdem

689 3855 909 3908 unionis
962 3853 1123 3908 istius
1146 3859 1208 3906 et
1271 3846 1692 3919 compositionis
1737 3844 1883 3898 modi
1911 3844 2086 3913 ipsius
2113 3841 2266 3912 prin-

686 3945 890 4014 cipium
917 3954 974 3998 et
1000 3943 1318 3998 coadunans
1338 3951 1392 3994 et
1419 3937 1700 4010 propriam
1727 3935 1969 3989 efliciens
1993 3933 2261 3988 cernitur.

690 4037 753 4090 Et
787 4033 934 4104 quod
963 4033 1248 4104 proprium
1275 4039 1449 4085 totum
1482 4029 1593 4099 agit
1617 4025 1786 4096 magis
1821 4034 2092 4094 estquam
2116 4021 2263 4092 quod

689 4139 870 4184 actum
899 4137 1005 4194 est,
1043 4136 1103 4182 ut
1128 4142 1254 4198 pars
1286 4124 1490 4196 proprii
1519 4123 1709 4186 totius,
1743 4130 1804 4174 ut
1833 4129 2027 4174 natura
2060 4118 2115 4171 in
2141 4116 2267 4171 aliis

690 4219 1035 4291 compositis;
1074 4216 1353 4290 quomodo
1397 4231 1508 4270 non
1553 4212 1776 4284 proprie
1816 4221 1871 4266 et
1912 4225 2041 4265 vere
2095 4209 2267 4279 magis

690 4313 830 4366 alius
862 4311 1034 4382 partis
1064 4322 1120 4364 et
1158 4311 1299 4380 ejus.
1339 4306 1485 4377 quod
1521 4304 1822 4362 secundum
1860 4303 2033 4374 ipsam
2063 4301 2267 4355 intelli-

689 4405 860 4473 gitur,
889 4402 1059 4455 totius
1112 4400 1405 4470 appellatio
1431 4411 1701 4467 personae,
1727 4405 1783 4450 et
1820 4392 2172 4449 subsistentis
2212 4393 2266 4446 in

692 4495 784 4547 illa
823 4493 1003 4547 omnis
1029 4489 1448 4561 compositionis
1479 4504 1547 4542 ex
1576 4503 1635 4543 se
1674 4484 2024 4542 efﬁceretur?
2061 4484 2266 4541 Ultimo

692 4594 874 4640 autem
909 4599 940 4637 a
983 4583 1144 4637 vobis
1175 4580 1229 4635 id
1261 4579 1553 4634 dicendum
1583 4587 1688 4643 est,
1733 4577 1878 4647 quod
1920 4577 1965 4631 si
1985 4575 2262 4632 Christum

692 4677 1043 4732 nominantes
1087 4674 1245 4728 illum
1297 4673 1588 4726 Dominum
1645 4681 1700 4725 et
1746 4670 1918 4724 Deum
1969 4667 2265 4738 significari

693 4769 870 4832 scitis,
911 4765 1117 4822 etnihil
1151 4763 1432 4819 inferioris
1462 4763 1517 4816 in
1543 4762 1840 4816 Divinitate
1869 4775 1969 4830 per
1996 4759 2270 4815 utrumvis

695 4876 894 4917 uomet.
942 4858 1011 4913 de
1057 4857 1154 4912 illo
1185 4854 1532 4918 existimatis,
1581 4853 1712 4923 quid
1747 4852 1961 4907 molesti
2001 4852 2158 4907 vobis
2185 4852 2268 4908 af-

695 4951 806 5004 fert
829 4947 1206 5017 Dei-parentis
1244 4945 1605 5008 vocabulum,
1657 4958 1756 5012 pro
1791 4941 2272 5012 Christi-parentis

695 5039 1004 5095 vocabulo?
1032 5039 1098 5093 Et
1130 5053 1230 5092 cur
1257 5053 1324 5092 ex
1374 5045 1488 5090 toto
1529 5035 1712 5104 potius
1749 5033 2270 5102 Christi-parentem

697 5131 976 5201 appellare
999 5129 1200 5184 vultis?
1220 5129 1277 5182 Si
1301 5131 1448 5183 enim
1474 5127 1619 5182 idem
1644 5134 1728 5180 cst
1745 5124 1998 5179 Christus
2021 5139 2085 5178 ac
2104 5124 2271 5189 Deus,

695 5231 753 5272 et
781 5220 924 5274 idem
950 5217 1437 5288 Christi-parentis
1459 5232 1521 5270 ac
1551 5216 1650 5270 Dei
1683 5213 1928 5284 parentis
1950 5212 2266 5282 appellatio.

699 5311 757 5366 Si
795 5326 926 5365 vero
951 5310 1096 5365 aliud
1117 5309 1248 5381 quid
1268 5309 1442 5364 Deum
1474 5306 1628 5360 scitis
1659 5321 1778 5359 esse
1798 5303 1948 5374 apud
1972 5303 2274 5366 Christum,

699 5402 938 5473 priorem
963 5410 1199 5455 vestram
1228 5399 1478 5454 eamdem
1495 5395 1890 5466 blasphemiam
1924 5392 2199 5458 fatemini;
2223 5403 2279 5447 et

701 5511 810 5548 non
853 5510 952 5564 per
985 5492 1346 5563 posteriorem
1389 5490 1610 5544 demum
1661 5486 1966 5542 incredulis
2011 5485 2176 5540 semel
2223 5496 2281 5540 et

699 5586 885 5658 impiis
911 5586 1115 5641 Judzeis
1147 5584 1373 5639 omnino
1413 5580 1715 5637 conformia
1757 5579 2069 5634 Christiane
2108 5579 2281 5633 disse-

697 5678 844 5733 ritis.
877 5677 984 5730 Sed
1024 5675 1245 5746 quando
1280 5675 1372 5729 illa
1402 5689 1526 5728 cum
1572 5673 1686 5727 Deo
1717 5671 1857 5726 bene
1902 5686 2003 5724 vos
2046 5668 2280 5722 confessi

700 5772 841 5825 estis
879 5779 935 5823 et
979 5768 1319 5832 ostendistis,
1349 5775 1588 5822 sanctam
1637 5774 1694 5819 et
1739 5766 1944 5834 justam
1992 5773 2048 5816 et
2096 5775 2280 5815 veram

703 5860 1129 5934 Dei-parentem
1178 5874 1369 5914 revera
1403 5869 1646 5913 sanctam
1689 5858 1966 5930 Virginem
1999 5853 2219 5908 Mariam
2251 5868 2280 5906 e

991 6115 1068 6127 ,εε-

2365 3305 2489 3356 στὸν
2514 3302 2886 3371 ὀνομάζομεν·
2922 3301 2970 3351 εἱ
3001 3299 3110 3368 γὰρ
3142 3298 3234 3349 καὶ
3260 3297 3425 3367 μέρος
3459 3295 3680 3362 λέγεται
3703 3294 3943 3363 Χριστοῦ

2363 3399 2397 3466 η
2431 3395 2624 3465 θεότης
2653 3393 2787 3462 πρὸς
2814 3395 3115 3460 σαφήνειαν
3137 3391 3235 3459 τῆς
3268 3387 3574 3450 συνθέσεως
3594 3386 3788 3448 αὑτοῦ,
3809 3385 3946 3438 ἀλλά

2365 3488 2562 3549 παντὸς
2598 3487 2799 3556 μέρους
2830 3484 2922 3537 καὶ
2953 3483 3075 3537 ὅλου
3121 3484 3325 3535 νοεῖται
3346 3479 3519 3548 αὑτῆς
3550 3479 3887 3548 τελειότερος
3917 3480 3947 3528 ὀ

2365 3580 2564 3646 Λόγος·
2598 3578 2658 3629 οὐ
2717 3578 2824 3647 γάρ
2880 3575 2968 3628 τὸν
3003 3575 3171 3642 Λόγον
3213 3575 3410 3643 ἥττονα
3443 3570 3679 3640 Χριστοῦ
3741 3586 3944 3639 φαμεν,

2365 3672 2479 3727 ἀλλ’
2510 3668 2878 3739 ἁπλούστερον
2898 3686 2910 3698 ο
2939 3667 2967 3720 ὅ
2989 3668 3098 3737 γάρ
3133 3685 3186 3718 τι
3231 3667 3408 3737 μέρος
3438 3664 3734 3735 λεγόμενον
3756 3662 3852 3716 τοῦ
3888 3679 3948 3714 τε

2368 3768 2465 3819 σὺν
2497 3764 2646 3832 αὐτῷ
2695 3761 3056 3830 συγκειμένου
3093 3759 3313 3827 μέρους,
3370 3757 3543 3825 αὐτῆς
3585 3756 3724 3824 προς
3784 3752 3952 3806 ἑαυτὸ

2367 3855 2613 3918 ένώσεως
2641 3852 2794 3906 τοῦδε
2817 3853 2910 3904 καὶ
2933 3851 3028 3904 τοῦ
3065 3854 3163 3921 τῆς
3190 3849 3492 3911 συνθέσεως
3528 3847 3696 3900 αὐτοῦ
3717 3845 3946 3915 τρόπον,

2367 3946 2537 4000 αῖτιόν
2573 3962 2631 3998 τε
2662 3945 2756 3998 καὶ
2805 3942 3122 3996 συνεκτικὸν
3182 3940 3277 3994 καὶ
3329 3938 3587 4008 κυριεῦον
3623 3937 3944 4005 θεωρεῖταιο

2367 4039 2460 4093 καὶ
2488 4039 2622 4105 ἄγον
2652 4035 2712 4089 τδ
2739 4037 2938 4089 οἰκεῖον
2968 4033 3087 4086 ὅλον
3121 4033 3322 4102 μᾶλλον
3353 4031 3383 4101 ἦ
3418 4031 3707 4100 ἀγόμενον,
3745 4029 3822 4090 ὡς
3859 4029 3951 4096 μέ-

2372 4145 2461 4197 ρος
2487 4127 2594 4180 ὐπό
2626 4123 2719 4178 τοῦ
2743 4125 2945 4177 οἰκείου
2977 4122 3124 4185 ὅλου,
3145 4122 3221 4184 ὡς
3261 4121 3423 4189 φύσις
3456 4122 3569 4181 τοῖς
3605 4118 3787 4180 ἄλλοις
3822 4135 3948 4169 συν-

2368 4217 2579 4280 θέτοις·
2609 4217 2728 4278 πῶς
2783 4215 2847 4267 οὐ
2876 4214 3080 4284 κυρίως
3127 4213 3219 4266 καὶ
3258 4212 3399 4265 κατά
3447 4209 3715 4280 ἀλήθειαν
3744 4207 3946 4277 μᾶλλον

2368 4311 2461 4364 τοῦ
2493 4324 2550 4363 τε
2587 4308 2774 4377 ἑτέρου
2829 4305 3030 4375 μέρους
3078 4305 3172 4356 καὶ
3231 4301 3324 4356 τοῦ
3379 4301 3498 4354 κατ’
3541 4301 3675 4355 αὐτό
3715 4301 3790 4362 ὼς
3823 4299 3948 4351 ὅλου

2369 4400 2683 4471 νοουμένου,
2724 4400 2821 4466 τὴν
2869 4396 3163 4465 ὀνομασίαν
3214 4395 3309 4448 τοῦ
3359 4397 3676 4465 προσώπου,
3728 4394 3823 4446 καὶ
3854 4393 3950 4445 τοῦ

2373 4491 2686 4561 ὑφεστῶτος
2725 4489 2852 4560 περὶ
2880 4487 3010 4542 αὑτὸ
3037 4486 3236 4548 παντὸς
3267 4483 3644 4552 συγκρίματος
3670 4482 3731 4547 ἐξ
3751 4482 3949 4536 ἑαυτοῦ

2377 4584 2688 4654 ποιήσοιτο;
2724 4582 2952 4649 ἔσχατον
2975 4577 3030 4629 δὲ
3063 4577 3189 4645 ὑμῖν
3218 4575 3312 4628 καὶ
3355 4574 3472 4626 τόδε
3500 4573 3744 4636 λεκτέον,
3796 4573 3877 4633 ὡς
3903 4577 3952 4625 εἰ

2370 4674 2605 4746 Χριστὸν
2630 4671 2987 4742 ὀνομάζοντες
3018 4668 3176 4720 αὐτὸν
3207 4665 3298 4719 τὸν
3324 4665 3530 4734 Κύριον
3551 4664 3644 4717 καὶ
3671 4663 3807 4716 Θεὸν
3834 4665 3952 4716 ῑστε

2376 4766 2758 4840 σημαίνεσθαι,
2812 4763 2905 4817 καὶ
2960 4762 3114 4814 οὐδὲν
3161 4753 3326 4830 ἦττον
3348 4760 3428 4819 είς
3462 4756 3694 4826 θεότητα
3725 4755 3816 4808 διὰ
3857 4753 3953 4808 θα-

2371 4859 2533 4928 τέρου
2563 4857 2669 4909 τῶν
2690 4855 2968 4923 ὀνομάτων
2993 4849 3122 4919 περὶ
3144 4847 3308 4902 αὑτοῦ
3335 4845 3639 4914 λογίζεσθε,
3665 4845 3721 4896 τί
3757 4843 3955 4912 δυσχεοε

2375 4951 2593 5020 ραίνετε
2626 4947 2718 5000 ἐπὶ
2760 4948 2825 5016 τῇ
2851 4943 3116 5004 Θεοτόκος
3153 4941 3330 5010 φωνῇ,
3362 4940 3484 4991 ἀντὶ
3517 4936 3621 5006 τῆς
3653 4935 3955 5006 Χριστοτό-

2376 5056 2474 5092 κου
2502 5056 2517 5103 ;
2560 5038 2656 5090 καὶ
2684 5036 2759 5098 ὡς
2788 5037 2851 5087 ὲκ
2876 5033 2970 5086 τοῦ
2996 5033 3119 5086 ὅλου
3155 5029 3356 5101 μᾶλλον
3408 5028 3776 5098 Χριστοτόκον
3808 5025 3954 5080 ἀίω-

2376 5131 2564 5184 καλεῖν
2605 5128 2908 5198 βούλεσθε;
2965 5126 3026 5177 Ei
3066 5123 3177 5194 γὰρ
3196 5121 3392 5176 ταυτὸν
3439 5120 3674 5188 Χριστὸς
3705 5117 3786 5183 τῷ
3809 5117 3954 5188 Θεῷ,

2379 5222 2473 5276 καὶ
2499 5224 2532 5292 ἠ
2567 5219 2928 5290 Χριστοτόκος
2958 5219 3027 5286 τῇ
3049 5216 3299 5283 Θεοτόκῳ
3324 5211 3592 5281 ὀνομασίᾳ
3614 5226 3631 5242 ο
3670 5211 3720 5262 εί
3752 5209 3814 5262 δὲ
3840 5209 3959 5262 ἓτε-

2383 5311 2474 5380 ρόν
2511 5327 2564 5360 τι
2612 5308 2729 5361 ἴστε
2768 5307 2899 5358 Θεὸν
2934 5305 3086 5374 παρὰ
3133 5302 3195 5354 τὸ
3244 5301 3499 5372 Χριστὸν,
3541 5297 3768 5368 πρώτην
3800 5297 3959 5367 ὑμῶν

2382 5400 2588 5468 ταύτην
2616 5401 2714 5467 τὴν
2741 5396 3091 5468 βλασφημίαν
3113 5393 3427 5464 ὁμολογεῖτε
3447 5408 3460 5421 ·
3493 5391 3590 5444 καὶ
3617 5390 3677 5444 οὗ
3703 5390 3837 5460 περὶ
3862 5390 3960 5460 τῆς

2381 5491 2643 5561 δευτέρας
2671 5487 2856 5542 λοιπὸν
2885 5488 2960 5550 ὡς
3005 5487 3183 5554 πάντη
3215 5485 3470 5544 ἀπίστοις
3498 5481 3646 5546 ἅπαξ
3695 5481 3793 5535 καὶ
3827 5481 3961 5534 ἀσε-

2383 5580 2535 5633 ϐέσιν
2599 5579 2907 5641 Ἰουδαίοις,
2953 5574 3354 5646 Χριστιανικῶς
3416 5571 3961 5642 προσδιαλεγόμεθα·

2385 5671 2500 5725 ἀλλ’
2555 5671 2678 5724 ἐπεὶ
2726 5670 2897 5723 ταῦτα
2953 5668 3049 5722 σὺν
3077 5667 3198 5736 Θεῷ
3245 5665 3425 5728 καλῶς
3449 5665 3578 5733 ὑμῖν
3614 5662 3965 5733 ὡμολόγηται

2386 5763 2482 5815 καὶ
2520 5763 2936 5821 ἀποδέδεικται,
2987 5762 3132 5813 ὅσιον
3166 5758 3262 5810 καὶ
3305 5757 3515 5810 δίκαιον
3565 5756 3660 5807 καὶ
3710 5753 3965 5823 ἀληθινὸν

2405 5855 2671 5910 Θεοτόκον
2695 5853 2859 5918 ὅντως
2882 5852 2977 5922 τὴν
3005 5851 3164 5918 ἁγίαν
3189 5849 3460 5920 Ησρῢέκον
3486 5847 3703 5917 Μαρίαν
3729 5848 3785 5899 ἐν
3809 5847 3960 5914 οὐρα·
