4194 6446
319 429 456 496 ma
1265 403 1658 499 Anvsnsus
1696 433 2327 499 NESTORIANOS.-—
2350 431 2491 491 LIB.
2537 431 2634 491 iV.
3425 429 3562 495 tm

317 547 430 606 νοῖς
458 539 768 610 ὑμνεῖσθαι,
801 542 894 596 καὶ
925 541 1018 596 ἰπὶ
1049 542 1152 612 γῆς
1176 547 1622 615 προσκυνεῖσθαι,
1648 545 1886 615 σώφρονι
1914 573 1928 608 λ

2021 539 2140 597 uelis
2170 538 2474 601 celebrari,
2515 550 2569 592 et
2605 538 2660 592 in
2706 545 2848 594 terra
2892 539 3150 608 adorari,
3194 541 3425 613 sapienti
3471 561 3560 600 re-

317 633 567 704 λογισμῷ
605 631 700 686 καὶ
735 631 1040 706 όμωλύντῳ
1070 634 1281 708 διανοίᾳ
1333 638 1541 708 χείλεσί
1592 656 1648 690 τε
1703 639 1888 704 ἁγνοῖς

2021 630 2224 684 lexione
2251 637 2308 684 et
2345 628 2547 682 invicta
2570 627 2897 697 cogitatione
2924 632 3187 702 purisque
3219 631 3382 686 labiis
3409 641 3464 687 ει
3495 632 3563 686 ab

320 726 417 778 καὶ
446 725 551 780 ὑπὸ
575 725 795 778 πάντων
843 725 1309 797 μακαριζομένην,
1337 725 1432 782 νῦν
1476 728 1532 782 δὲ
1559 729 1650 782 καὶ
1680 731 1759 791 είς
1790 729 1892 781 πά-

2021 721 2249 774 >muibns
2278 721 2493 775 beatam
2530 719 2841 790 pradieari,
2869 737 3019 777 nunc
3059 733 3240 778 autem
3271 733 3330 779 et
3363 723 3417 777 in
3448 737 3566 776 om-

323 827 426 878 61.;
453 816 552 878 τὰς
583 816 777 883 γενεὰς
813 815 922 869 τῶν
951 815 1184 871 αίὼνων.
1224 817 1421 890 ’Δμὴν.
1461 818 1645 872 Ταῦτα
1675 820 1772 888 μὲν
1801 814 1894 870 οὖν

2021 829 2093 867 ιεε
2123 815 2502 886 generationes
2545 812 2893 866 sa'culorum.
2939 812 3135 867 Amen.
3185 814 3313 868 Haec
3343 813 3566 884 quidem

323 907 458 974 παρ’
488 907 647 975 ἡμῶν
681 907 818 978 πρὸς
848 907 992 977 ὑμᾶς
1024 907 1124 977 τὴν
1160 909 1334 979 ἀληθῆ
1364 928 1421 963 τε
1451 911 1545 963 καὶ
1577 908 1896 979 πρέπουσαν

2021 903 2164 972 gitur
2205 918 2238 956 a
2272 903 2434 956 nobis
2462 902 2532 956 ad
2556 918 2662 956 vos.
2693 902 2838 957 dicta
2871 911 3002 958 sunt
3044 918 3228 957 veram
3263 911 3316 957 et
3364 918 3565 957 conve-

329 996 656 1068 ίδικωτάτην
712 997 1007 1067 ὀνομασίαν
1051 1002 1148 1069 τῆς
1179 999 1341 1068 ἁγίας
1384 1000 1658 1072 Παρθένου
1705 999 1898 1054 Θεοτό-

329 1105 429 1142 κου
454 1106 528 1142 πα
539 1105 726 1158 ραιταυ
736 1089 929 1159 μένους
937 1129 951 1142 .

895 1223 1150 1278 ΚΕΦΑΛ.
1198 1222 1328 1280 AH'.

333 1311 463 1364 ὀτι
489 1311 633 1365 οὐδὲ
683 1312 828 1387 Θεὸς
873 1316 908 1387 (ξ
957 1313 1210 1382 Χριστὸς
1242 1318 1482 1387 εἰκάζω(-
1531 1315 1900 1387 ὀνομάζεται,

719 1380 980 1449 τολμῶσι
1000 1380 1008 1382 ⁷
1024 1384 1510 1444 κατασκευάζειν.

408 1489 536 1552 Θεὸς
559 1485 628 1561 ἦν
656 1491 685 1544 ό
715 1491 889 1558 Λόγος
920 1507 933 1522 ⁸
967 1492 1190 1561 γέγονεν
1210 1492 1494 1564 ἄνθρωπος
1520 1511 1533 1525 ο
1557 1495 1606 1547 εί
1642 1496 1904 1560 Θεοτὸιιος

333 1581 370 1648 ἠ
407 1580 702 1652 Παρθένος,
736 1581 896 1650 δῆλον
928 1576 1091 1636 δτιοῦ
1134 1576 1204 1652 ἦν
1251 1585 1278 1636 ὁ
1312 1584 1510 1651 Λόγος,
1547 1583 1664 1638 ἐστι
1703 1587 1909 1657 Μήτηρ

335 1672 377 1739 ἡ
401 1671 692 1741 Παρθένος,
711 1673 831 1740 οὐχὶ
846 1669 907 1723 οὒ
934 1672 1161 1740 γέγονεν
1188 1689 1201 1702 °
1238 1675 1284 1726 εί
1306 1673 1362 1725 δὲ
1389 1673 1477 1726 διὰ
1510 1676 1599 1727 τὸν
1621 1675 1906 1746 ἄνθρωπον

336 1759 450 1827 ἔχει
480 1761 712 1831 μητέρα.
741 1761 836 1814 τοῦ
866 1760 1154 1832 ἀνθρώπου
1185 1763 1411 1834 Μητέρα
1433 1765 1508 1836 μὴ
1554 1765 1784 1834 ἔχοντος,
1817 1769 1907 1822 οὐ-

1997 995 2240 1049 nicntern
2292 993 2568 1063 propriam
2623 994 2854 1048 maxime
2909 993 3332 1065 appellationem
3367 1002 3570 1049 sanctae

1998 1084 2243 1156 Virginis
2257 1083 2624 1154 Dei-parentis
2659 1093 2933 1153 rogantes.

2546 1215 2696 1272 CAP.
2737 1214 2880 1271 XXX
2890 1214 3028 1271 Vlll;

2109 1309 2261 1380 Quod
2284 1307 2522 1363 Christus
2552 1325 2656 1361 non
2685 1309 2805 1361 bere
2828 1308 3036 1380 dicitur
3060 1306 3201 1361 Deus
3238 1323 3471 1361 asserere

2199 1383 2202 1386 ’
2619 1379 2954 1432 audentibus.

2059 1492 2218 1556 Deus
2250 1499 2370 1546 erat
2398 1490 2662 1556 Verbum,
2704 1489 2910 1545 factum
2953 1497 3038 1545 est
3080 1489 3274 1556 homo;
3305 1503 3376 1544 an
3411 1490 3579 1560 Virgo

2004 1583 2076 1637 sit
2125 1582 2296 1635 Mater
2322 1581 2439 1644 Dei,
2472 1596 2602 1635 sane
2632 1579 2796 1652 Virgo
2820 1582 2940 1650 ejus
2969 1590 3056 1636 est
3085 1581 3257 1636 Mater
3283 1581 3442 1651 cujus
3463 1589 3580 1658 erat

2005 1674 2270 1738 Verbum,
2303 1689 2411 1727 non
2454 1673 2612 1742 cujus
2638 1671 2844 1725 factum
2887 1681 3012 1727 est:
3045 1688 3114 1726 an
3150 1671 3452 1727 secundum
3482 1674 3582 1727 ho-

2009 1767 2209 1820 minem
2251 1775 2483 1819 matrem
2531 1762 2758 1828 b‘abeat,
2807 1763 3032 1833 homine
3065 1771 3295 1818 matrem
3343 1779 3451 1818 non
3485 1764 3583 1816 lia-

338 1845 398 1935 §k
438 1846 544 1915 ἄρα
578 1850 604 1900 ό
639 1849 810 1917 Λόγος
841 1848 1066 1904 δύναται
1097 1850 1243 1920 ἔχειν
1266 1853 1498 1924 μητέρα.
1549 1854 1708 1908 Ἀλλὰ
1727 1860 1822 1910 καὶ
1841 1851 1906 1911 οὗ

2021 1858 2197 1922 bente,
2246 1871 2378 1911 sane
2410 1855 2649 1909 Verbum
2696 1855 2930 1910 matrem
2975 1855 3179 1910 habere
3223 1871 3333 1909 non
3379 1863 3578 1925 potest.

335 1931 406 2004 ἦν
431 1939 522 1989 καὶ
557 1937 780 2006 γέγονεν
819 1939 848 1992 ὁ
897 1940 1088 2008 Λόγος,
1130 1940 1246 1995 ἐστι
1287 1945 1528 2014 μήτηρή
1583 1945 1859 2017 Παρθένος
1887 1963 1900 1977 ’

337 2028 435 2079 καὶ
465 2029 580 2096 ἅμα
615 2029 735 2098 μὲν,
771 2030 887 2083 ἀλλ’
916 2032 1014 2101 οὐχ
1045 2033 1244 2102 ὁμοίως
1264 2051 1279 2066 ο
1312 2033 1406 2087 τοῦ
1432 2036 1530 2103 μὲν
1562 2037 1669 2106 γὰρ
1707 2036 1906 2104 Λόγου,

335 2117 412 2179 ὡς
436 2117 494 2182 ἐξ
524 2119 695 2188 αὐτῆς
715 2121 1083 2192 ὲναρξαμὲνου
1102 2124 1432 2194 σαρκώσεως
1453 2143 1464 2154 ·
1502 2127 1598 2197 τῆς
1613 2127 1667 2182 δὲ
1683 2128 1908 2200 σαρκὸς,

336 2206 417 2271 ὡς
448 2208 508 2275 ἐξ
534 2210 705 2279 αὐτῆς
737 2203 1112 2285 ἐναρξαμένης
1145 2216 1455 2288 ὑπάρξεως.

919 2327 1171 2383 ΚΕΦΔΛ.
1203 2329 1328 2384 ΛΘ’.
1605 2356 1610 2360 ”

411 2408 570 2463 Κατὰ
600 2413 698 2482 μὲν
721 2414 812 2467 τὸν
859 2417 1169 2488 προφήτην,
1215 2420 1277 2472 τὸ
1338 2422 1688 2493 Ἐμμανουήλ
1716 2425 1910 2496 ὄνομα,

343 2505 571 2572 σημείου
611 2506 759 2558 ἐστὶν
790 2507 962 2578 ὄνομα
997 2509 1092 2562 τοῦ
1121 2512 1184 2564 ὲκ
1217 2515 1316 2582 τῆς
1356 2514 1635 2583 Παρθένου
1672 2517 1751 2584 τῷ
1781 2521 1917 2588 οἴκῳ

341 2596 505 2650 Δαϐὶδ
526 2599 845 2668 τικτομένου
867 2618 926 2654 τε
953 2603 1051 2655 καὶ
1069 2592 1348 2673 διδομένου
1384 2622 1398 2636 °
1441 2609 1584 2662 κατὰ
1611 2608 1668 2663 δὲ
1697 2610 1790 2663 τὸν
1817 2613 1910 2663 Al-

343 2686 592 2754 γύπτιον,
623 2689 715 2741 τοῦ
739 2690 965 2760 δοτῆρος
982 2693 1077 2745 τοῦ
1111 2696 1336 2764 σημείου
1369 2696 1504 2752 Θεοῦ
1535 2702 1650 2754 ἐστι
1697 2704 1759 2754 τὸ
1799 2703 1916 2756 ὅνο-

349 2794 426 2847 μα
453 2778 514 2830 τὸ
544 2779 912 2852 Ἐμμανουήλ.
957 2783 1094 2836 Ἀλλ’
1113 2785 1175 2838 ού
1203 2790 1423 2856 σημεῖόν
1456 2791 1604 2843 ἐστιν
1634 2794 1663 2843 ὁ
1701 2794 1916 2863 Ἐμμα-

345 2871 512 2940 νουήλ
536 2887 548 2898 ·
574 2872 747 2941 ὄνομα
768 2873 878 2945 γάρ
906 2875 1024 2928 ἐστι
1056 2876 1407 2944 ὑποστάσεως
1449 2899 1594 2946 τινος
1651 2903 1918 2955 σημαντιο

347 2961 465 3025 κδν,
499 2962 622 3014 καθ’
646 2964 713 3034 ἢν
731 2965 854 3034 μεθ’
883 2966 1040 3036 ἡμῶν
1055 2967 1165 3020 τῶν
1190 2969 1286 3020 ἀνθ
1296 2972 1492 3038 ρώπων
1519 2972 1651 3036 Θεὸς
1692 2978 1880 3042 γέγονε
1902 2992 1916 3008 ’

349 3051 465 3114 πῶς
495 3052 551 3104 δὲ
587 3054 808 3122 γέγονεν
840 3056 960 3125 μεθ’
987 3057 1165 3128 ἡμῶν,
1188 3060 1222 3130 ἢ
1273 3061 1429 3128 δῆλον
1477 3063 1552 3126 ὡς
1595 3066 1688 3118 καὶ
1727 3067 1920 3136 πρώην

349 3140 647 3213 διειστήκει
682 3147 867 3215 ήμῶν;
890 3147 1142 3217 διέστηκε
1168 3152 1224 3202 δὲ
1255 3152 1411 3221 ἡμῶν
1439 3153 1590 3217 Θεὸς,
1628 3156 1728 3208 οὐκ
1765 3159 1919 3226 ἐνερ-

2008 1949 2114 2005 Sed
2156 1959 2212 2003 et
2259 1950 2380 2018 ejus
2420 1956 2539 2002 erat
2585 1947 2828 2002 Verbum
2875 1955 2931 2001 et
2980 1948 3138 2018 cujus
3179 1953 3429 2002 sanctum
3473 1955 3580 2011 εει,

2006 2040 2124 2109 ejus
2154 2049 2238 2093 est
2272 2039 2443 2091 Mater
2472 2037 2664 2105 Virgo,
2713 2045 2770 2090 et
2813 2037 2978 2091 simul
3030 2036 3291 2106 quidem,
3344 2036 3439 2092 sed
3473 2053 3584 2091 non

2009 2128 2174 2183 simili
2201 2127 2384 2191 modo,
2422 2127 2583 2181 Verbi
2634 2126 2876 2196 quidem,
2929 2136 2991 2181 ut
3036 2142 3103 2182 ex
3154 2128 3246 2182 illa
3291 2127 3582 2191 incarnati,

1952 2263 1971 2270 -
2010 2217 2194 2272 carnis
2217 2233 2348 2271 vero
2380 2202 2440 2271 ιίι
2465 2232 2534 2271 ex
2563 2216 2656 2270 illa
2682 2216 3047 2271 substantiam
3078 2216 3419 2286 accipientis.

2568 2327 2718 2384 CAP.
2778 2327 3022 2383 XXXIX.

2084 2420 2396 2477 Secundum
2445 2421 2801 2490 prophetam,
2852 2435 3052 2476 nomen
3099 2420 3456 2483 Emmanuel,
3503 2431 3589 2475 est

2013 2528 2215 2568 nomen
2239 2511 2380 2584 signi
2411 2528 2480 2568 ex
2513 2513 2738 2582 Virgine
2769 2511 2903 2566 editi
2932 2524 2988 2566 et
3016 2512 3205 2567 domui
3239 2512 3409 2568 David
3449 2499 3592 2574 daWi,‘

2014 2604 2316 2660 secundum
2363 2604 2652 2674 Egyptium
2704 2618 2837 2658 vero
2884 2604 3206 2659 Emmanuel
3252 2619 3455 2660 nomen
3504 2613 3590 2660 est

2015 2697 2110 2752 Dei
2143 2697 2359 2765 signum
2393 2695 2595 2750 dantis.
2623 2694 2727 2749 Sed
2761 2694 3083 2749 Emmanuel
3106 2696 3324 2766 signum
3350 2711 3458 2750 non
3483 2706 3588 2760 est,

2017 2785 2288 2853 siquidem
2319 2799 2514 2838 nomen
2542 2793 2627 2837 est
2651 2783 2963 2854 signiﬁcans
2992 2785 3286 2855 quamdam
3333 2786 3591 2858 hyposta-

2017 2874 2126 2938 sin,
2157 2874 2451 2928 secuni’un
2483 2888 2648 2943 quam
2672 2874 2958 2930 nobiscum
2985 2875 3305 2932 hominibus
3335 2875 3476 2932 Deus
3497 2879 3594 2933 ad-

2017 2965 2196 3029 venit;
2248 2964 2526 3034 quomodo
2579 2981 2713 3020 vero
2771 2965 2996 3020 advenit
3041 2967 3364 3032 nobiscum,
3409 2984 3590 3023 annon

2018 3055 2249 3109 evidens
2272 3056 2416 3124 quod
2460 3065 2624 3110 antea
2662 3055 2850 3109 aberat
2879 3071 2911 3110 a
2942 3055 3137 3110 nobis?
3163 3057 3308 3112 Deus
3344 3057 3534 3112 aberat
3562 3074 3594 3112 ιι

2023 3145 2205 3208 nobis,
2242 3161 2350 3199 non
2378 3146 2604 3208 virtute,
2627 3162 2737 3200 non
2762 3146 3106 3214 habitudine,
3132 3164 3414 3218 nunquam
3439 3149 3592 3213 loco;

350 3229 494 3296 τεία,
527 3233 589 3283 οὑ
621 3236 821 3304 σχέσει,
857 3241 916 3288 οὺ
941 3237 1092 3308 τόπῳ
1122 3239 1343 3292 πώποτε
1373 3257 1386 3271 ·
1440 3242 1600 3308 φύσει
1625 3245 1756 3314 ἄρα,
1782 3245 1922 3299 ὥστε

2028 3244 2224 3288 natura
2258 3252 2406 3300 vero,
2446 3237 2716 3306 siquidem
2762 3246 2960 3292 nostra:
3008 3247 3220 3294 natura:
3248 3255 3403 3295 suam
3435 3251 3597 3296 natu-

352 3325 447 3375 καὶ
477 3323 637 3392 φύσει
688 3329 752 3397 τῇ
787 3329 1032 3400 ἡμετέρᾳ
1066 3330 1162 3402 νῦν
1193 3332 1396 3402 ἥνωται
1444 3335 1543 3406 τὴν
1590 3335 1770 3404 φύσιν,
1832 3341 1924 3392 καὶ

352 3413 503 3466 ἔστιν
519 3415 687 3479 ὄντως
707 3420 824 3486 μεθ’
854 3420 1012 3489 ἡμῶν
1034 3439 1048 3452 ·
1089 3427 1316 3492 σημεῖον
1345 3426 1404 3477 δὲ
1434 3428 1493 3478 οὐ
1525 3428 1749 3495 γέγονεν
1796 3429 1917 3498 μεθ’

352 3505 510 3573 ἡμῶν
535 3523 549 3537 ο
582 3508 696 3560 ἀλλ’
730 3510 841 3578 είγε
864 3513 958 3564 καὶ
983 3513 1090 3583 ἄρα
1107 3516 1163 3566 ἐν
1188 3518 1322 3584 ἡμῖν
1377 3533 1462 3580 τις
1497 3520 1658 3582 εἴποι,
1707 3523 1768 3574 ού
1803 3521 1923 3587 μεθ’

355 3596 589 3663 ὴμῶντδ
619 3604 842 3668 σημεῖον
869 3619 881 3631 ·
923 3603 1015 3655 τοῦ
1045 3604 1101 3656 δὲ
1134 3605 1448 3674 Ἑμμανοὺ,
1483 3611 1541 3660 τὸ
1567 3612 1696 3679 μεθ’
1757 3613 1926 3681 ἡμῶν

353 3686 792 3759 ὡμολογημένως
823 3693 1180 3762 σημαίνοντος
1215 3698 1355 3749 κατὰ
1392 3698 1698 3766 Ἐϐραίους,
1746 3703 1806 3755 τὸ
1832 3703 1921 3773 ἢλ,

357 3777 461 3829 ποῦ
495 3796 622 3832 ποτε
653 3782 896 3852 ἁκήκοαν
955 3787 1181 3854 σημεῖον
1241 3789 1551 3857 σημαίνειν,
1601 3793 1695 3844 καὶ
1743 3795 1803 3846 οὐ
1833 3795 1926 3848 τὸν

355 3867 489 3918 Θεὸν
521 3869 706 3936 σαφῶς
732 3869 909 3937 λέγειν
919 3889 942 3951 ί
1623 3878 1628 3887 ³

957 3985 1209 4042 ΚΕΦΑΛ.
1236 3990 1328 4045 Μ’.

427 4073 548 4124 Τῶν
581 4074 916 4142 τικτομένων
950 4077 982 4147 ἠ
1017 4079 1199 4146 φύσις,
1236 4079 1410 4142 θετοτς
1458 4083 1718 4154 ὀνόμασιν
1763 4089 1927 4142 οὖδα-

361 4164 464 4231 μοῦ
498 4165 904 4234 παραδηλοῦται
937 4183 950 4196 ·
995 4168 1066 4220 τὰ
1105 4173 1211 4238 γὰρ
1237 4169 1367 4225 θετὰ
1388 4175 1649 4244 ὀνόματα,
1701 4179 1812 4232 τῶν
1857 4185 1924 4253 τῇ

357 4253 517 4319 φύσει
570 4255 978 4322 συμϐαινόντων
1010 4257 1128 4312 ἔστι
1181 4265 1494 4332 σημαντικά
1523 4283 1534 4296 ·
1581 4268 1822 4322 τοιοῦτον
1869 4272 1958 4332 δὲ,

357 4342 456 4394 καὶ
471 4342 532 4394 τὸ
566 4343 912 4415 Ἐμμανουὴλ
941 4347 1134 4415 ὄνομα,
1160 4343 1252 4401 ire
1288 4350 1438 4403 θετὸν
1476 4354 1672 4423 ὄνομα.
1706 4359 1784 4411 Ού
1829 4361 1928 4430 τὴν

357 4432 522 4501 φύσιν
555 4431 648 4486 οὖν
680 4435 832 4504 δηλοῖ
879 4437 972 4489 τοῦ
1011 4439 1290 4503 λαϐόντος,
1343 4443 1435 4494 τοῦ
1496 4446 1846 4520 Ἐμμανουὴλ
1893 4453 1926 4522 ή

2024 3341 2138 3380 ram
2186 3327 2389 3392 univit,
2430 3337 2487 3381 et
2528 3342 2656 3380 vere
2691 3337 2774 3381 est
2826 3328 3136 3383 nobiscum.
3190 3329 3415 3400 Signum
3465 3347 3598 3385 vero

2022 3431 2133 3470 non
2167 3417 2394 3470 advenit
2423 3416 2732 3481 nobiscum,
2768 3416 2861 3470 sed
2894 3417 2937 3470 si
2978 3417 3200 3486 quando
3229 3418 3371 3473 forte
3409 3420 3600 3489 loque-

2026 3518 2180 3560 retur
2220 3507 2345 3577 quis
2393 3509 2446 3561 in
2476 3507 2656 3571 nobis,
2700 3523 2808 3560 non
2839 3519 2984 3563 esset
3025 3507 3242 3578 signum
3290 3509 3595 3564 nobiscum.

2025 3598 2214 3666 Quoad
2274 3599 2541 3652 Emmanu
2600 3599 2917 3668 signiﬁcans
2976 3599 3280 3654 secundum
3343 3601 3600 3655 Hebraeos

2026 3692 2394 3749 communiter
2429 3689 2572 3758 quod
2599 3699 2696 3744 est,
2747 3690 3037 3744 uobiscum.
3084 3691 3189 3746 Ubi
3221 3707 3461 3761 unquam
3503 3709 3601 3746 au—

2027 3777 2203 3832 ditum
2230 3788 2314 3834 est
2347 3779 2558 3848 signum
2595 3777 2923 3847 signiﬁcare,
2972 3794 3076 3835 nec
3124 3780 3293 3834 Deum
3327 3780 3602 3850 sapienter

2026 3868 2217 3939 loqui?
3367 3884 3370 3888 '

2651 3953 2809 4037 CAP.
2849 3980 2962 4034 XL.

2099 4070 2358 4124 Natorum
2392 4079 2588 4125 natura
2611 4087 2883 4140 nusquam
2929 4071 3249 4141 designatur
3290 4071 3605 4126 nominibus

2031 4160 2332 4230 impositis,
2360 4177 2487 4215 nam
2525 4162 2749 4216 nomina
2782 4159 3036 4230 imposita
3079 4171 3207 4215 sunt
3246 4161 3626 4232 signiﬁcativa'

2030 4252 2400 4306 accidentium
2431 4262 2640 4304 natura:
2667 4267 2679 4302 :
2707 4250 3020 4318 hujusmodi
3047 4259 3134 4305 est
3162 4266 3360 4304 nomen
3390 4251 3606 4306 Emma-

2030 4343 2180 4406 nuel.
2213 4351 2400 4412 utpote
2430 4357 2632 4396 nomen
2664 4342 3014 4412 impositum;
3059 4343 3352 4411 appellatio
3383 4343 3606 4397 Emma-

2031 4438 2158 4490 nuel
2178 4453 2309 4506 ergo
2332 4436 2636 4490 secundum
2675 4434 2988 4506 ﬁEgyptium
3014 4443 3264 4489 naturam
3286 4435 3607 4502 accipientis

356 4526 550 4595 κλῆσις
578 4529 719 4579 κατὰ
741 4527 833 4579 τὸν
863 4528 1158 4595 Αίγύπτιον
1183 4547 1197 4560 ο
1235 4531 1370 4585 ἀλλὰ
1400 4533 1534 4586 Θεοῦ
1578 4536 1679 4606 τὴν
1705 4555 1926 4610 συμμα-

2033 4546 2142 4584 non
2173 4530 2446 4599 designat,
2479 4528 2574 4582 sed
2610 4542 2731 4582 esse
2778 4527 3038 4580 unionem
3069 4526 3165 4580 Dei
3194 4541 3320 4579 cum
3353 4526 3607 4581 acciden-

357 4616 484 4685 χίαν
518 4611 679 4682 εἶναι,
711 4617 851 4684 μετὰ
878 4618 988 4670 τῶν
1019 4619 1319 4688 εἰληφότων
1368 4621 1430 4674 τὸ
1475 4624 1820 4698 Ἐμμανουὴλ
1852 4630 1931 4692 είς

359 4710 587 4776 σημεῖον
617 4708 856 4777 ἐκείνης.
903 4708 1044 4761 Ἀλλ’
1079 4710 1231 4763 οὐδὲν
1267 4710 1454 4782 ἕτερον
1483 4714 1654 4784 ὄνομα
1702 4718 1869 4771 ἰδικὸν
1903 4723 1932 4775 ὅ

357 4799 494 4865 φασί
517 4815 660 4862 τινες
678 4798 771 4852 καὶ
789 4799 991 4870 Κύριον
1019 4801 1184 4868 ἧγουν
1217 4805 1277 4854 τὸ
1295 4803 1418 4856 καθ’
1437 4805 1785 4871 ὑποστάσεως
1816 4811 1932 4875 ἐνὸς

358 4890 655 4959 προσώπου
693 4889 964 4961 κείμενον,
987 4893 1202 4960 φύσεώς
1232 4896 1349 4949 ἐστι
1375 4896 1670 4966 δηλωτικὸν
1695 4901 1881 4964 ἁπλῶς
1913 4919 1926 4933 ·

357 4979 483 5034 οὕτε
516 4981 626 5050 γὰρ
654 4981 965 5051 ὀριστικῶς,
1001 4983 1117 5036 ἀλλ’
1155 4984 1275 5038 οὐδὲ
1317 4990 1690 5057 σημαντικῶς,
1734 4990 1809 5054 ὡς
1861 4993 1934 5047 τὰ

357 5073 516 5126 κοινὰ
550 5073 645 5126 καὶ
666 5075 1048 5144 προσηγορικὰ
1103 5075 1214 5128 τισὶ
1244 5078 1516 5148 λεγόμενα
1543 5080 1803 5149 ὀνόματα,
1833 5086 1932 5140 ἐπὶ

357 5163 462 5231 τὴν
499 5163 687 5215 ούσίαν
739 5165 1054 5234 ἀναπέμπει
1083 5166 1183 5236 τὴν
1235 5168 1444 5228 ἔννοιαν
1475 5184 1490 5199 °
1547 5171 1662 5224 ἀλλ’
1692 5173 1812 5226 οὐδὲ
1871 5175 1933 5228 τὸ

360 5256 611 5309 ὁπωσοῦν
641 5256 783 5308 κατὰ
812 5258 1080 5311 πλειόνων
1109 5276 1123 5290 °
1152 5261 1342 5323 ξάνοον
1364 5262 1472 5332 γὰρ
1497 5265 1662 5316 ἵππον
1687 5265 1807 5317 τινὰ
1838 5267 1933 5319 καὶ

361 5344 609 5413 ποταμὸν
649 5345 741 5397 καὶ
765 5346 1069 5411 ἄνθρωπον,
1107 5349 1224 5400 ἔστι
1268 5352 1642 5421 φαντασθῆναι
1669 5354 1935 5407 ἀκούσανο

360 5450 461 5496 τας
497 5449 510 5465 ⁶
537 5435 644 5486 τῶν
671 5432 764 5487 οὗν
793 5438 1162 5506 προσωπικῶν
1190 5439 1471 5510 ὀνομάτων
1496 5444 1583 5495 ἀεὶ
1617 5445 1788 5507 θετοίς
1819 5461 1927 5496 τισι

361 5525 459 5577 καὶ
498 5526 871 5598 συμϐεϐηκόσι
905 5531 1025 5590 ταῖς
1079 5530 1289 5592 οὐσίαις
1331 5530 1634 5598 δηλούντων
1665 5535 1761 5596 τὰς
1799 5536 1932 5586 ὑπο-

363 5616 606 5678 στάσεις,
631 5616 738 5685 ἄρα
764 5633 828 5684 γε
863 5618 957 5670 καὶ
988 5619 1048 5670 τὸ
1082 5620 1452 5690 Ἐμμανουήλ,
1480 5625 1619 5674 κατά
1638 5622 1930 5689 προσώπου

363 5706 616 5777 κείμενόν
662 5709 801 5775 ἐστι,
852 5709 974 5761 καθ’
1008 5709 1036 5762 ὅ
1094 5712 1384 5780 πρόσωπον
1416 5713 1761 5781 συμϐέϐηκεν
1805 5713 1936 5780 ἡμῖν

368 5799 648 5855 κοινωνίαν
673 5799 815 5866 ἔχειν
846 5800 978 5868 πρὸς
1013 5801 1144 5854 Θεὸν
1167 5819 1180 5833 ·
1215 5803 1372 5874 εἴπερ
1402 5805 1628 5873 μεσίτης
1667 5805 1799 5856 Θεοῦ
1844 5807 1933 5856 καὶ

2036 4622 2183 4674 tibus
2236 4619 2561 4674 Emmanuel
2620 4618 2676 4671 in
2725 4618 2942 4687 signum
2995 4608 3341 4672 istius-Sed
3394 4617 3605 4671 nullum

2034 4712 2182 4767 aliud
2233 4727 2432 4765 nomen
2469 4711 2735 4780 speciale;
2764 4713 2909 4780 quod
2944 4711 3170 4780 quidam
3221 4712 3389 4781 igitur
3417 4712 3605 4766 Domi-

2033 4819 2166 4858 num
2197 4803 2654 4872 dicunt,positum
2682 4803 2785 4856 sub
2819 4802 3055 4872 imagine
3085 4803 3251 4857 unius
3277 4803 3604 4872 liypostasis,

2034 4894 2360 4963 simpliciter
2401 4895 2650 4964 designat
2700 4901 2972 4948 naturam.
3019 4893 3127 4948 Sed
3158 4909 3262 4949 nec
3303 4894 3605 4958 deﬁnitive,

2034 4998 2137 5036 nec
2165 4982 2546 5051 signiﬁcative,
2581 4991 2641 5034 ut
2681 4981 2903 5035 nomina
2927 4983 3240 5036 communia
3272 4990 3330 5037 et
3368 4984 3607 5053 appella-

2035 5074 2146 5127 tiva
2171 5073 2450 5142 aliquibus
2474 5073 2620 5126 dicta
2642 5071 2930 5128 remittunt
2971 5072 3360 5143 cogitationem
3380 5070 3433 5126 in
3452 5084 3611 5132 natu.

2034 5181 2149 5218 ram
2185 5162 2510 5232 plerumque
2542 5162 2680 5215 nihil
2717 5161 2942 5216 omnino
2989 5161 3253 5216 indicant.
3283 5163 3388 5217 Per
3415 5177 3607 5219 vocem

2035 5257 2180 5310 enim
2226 5255 2449 5318 ξάνθον
2475 5252 2717 5324 (ﬂavum)
2751 5253 3039 5308 audientes
3066 5253 3170 5308 sibi
3198 5266 3430 5324 possunt
3450 5253 3609 5310 ellin-

2005 5361 2162 5415 .gcre
2211 5360 2412 5414 equum
2457 5341 2771 5412 quemdam,
2812 5344 2896 5397 vel
2924 5343 3152 5398 ﬂuvium
3200 5353 3258 5398 et
3304 5345 3605 5400 hominem.

2034 5435 2169 5488 Cum
2195 5434 2360 5503 igitur
2380 5432 2602 5486 nomina
2632 5432 2942 5501 personalia
2971 5432 3177 5487 additis
3200 5432 3525 5503 quibusdam
3553 5443 3612 5490 et

2036 5527 2414 5582 accidentibus
2491 5525 2925 5580 substantiarum
2990 5541 3210 5596 semper
3290 5528 3611 5599 hypostases

2037 5621 2359 5688 designant;
2395 5632 2526 5686 ergo
2549 5627 2606 5671 et
2632 5632 2832 5675 nomen
2868 5617 3188 5675 Emmanuel
3217 5635 3464 5689 persona:
3511 5619 3610 5674 tri-

2037 5711 2223 5764 buitur
2260 5724 2354 5776 per
2397 5724 2560 5775 quam
2597 5708 2798 5761 accidit
2840 5707 3003 5762 nobis
3039 5710 3358 5764 societatem
3409 5710 3609 5764 habere

2038 5819 2159 5855 eum
2195 5802 2302 5854 Deo
2335 5820 2347 5854 :
2393 5803 2662 5872 siquidem
2695 5802 2788 5859 Dei
2821 5809 2877 5854 et
2924 5801 3207 5856 hominum
3254 5801 3366 5871 ipse
3408 5801 3601 5856 media.
