4194 6446
641 428 662 493 i
673 427 774 494 797

1909 429 2220 490 LEONTII
2261 428 2666 488 BYZANTINI

3765 430 3904 499 175.8

634 543 754 599 Dei.
783 541 1025 598 Evidens
1054 549 1135 597 est
1196 540 1342 610 quod
1374 539 1462 594 isti
1504 556 1603 611 per
1635 548 1966 611 potestatem
2013 542 2131 608 Dei,
2162 549 2218 595 et

2333 540 2454 594 Βεοῦ
2490 541 2836 613 ὠρίσθησαν;
2871 541 3028 612 δῆλον
3069 543 3176 614 γάρ
3214 544 3291 607 ὼς
3341 544 3434 599 καὶ
3480 539 3623 600 οῦτοι
3655 547 3905 616 ,δυνάμει

637 633 881 703 Spiritus
903 630 1354 688 sanctiﬁcationis
1383 631 1436 683 in
1494 630 1958 684 resuscitantibus
1988 645 2048 683 se
2081 645 2215 698 ope-

637 721 810 776 rantis
828 726 1211 775 surrexerunt.
1237 717 1374 772 Cum
1407 734 1516 771 non
1545 719 1617 771 sit
1653 719 1747 787 qui
1784 719 1908 772 vitae
1932 729 1990 772 et
2023 719 2220 772 mortis

637 819 962 881 potestatem
1002 807 1206 863 habeat
1233 817 1432 877 praeter
1473 807 1766 861 Dominum
1813 809 1908 877 qui
1943 819 2028 862 est
2065 808 2218 862 solus

635 910 834 957 natura
865 900 1094 970 spiritus
1123 900 1428 960 viviﬁcans,
1462 898 1595 970 e'rgo
1625 902 1680 955 in
1702 902 1794 955 illo
1824 903 1940 956 solo
1969 903 2077 955 Deo
2103 902 2216 956 vita

634 991 896 1061 erat,ipse
916 991 1756 1053 mortiﬁcatetviviﬁcat,occidit
1777 1001 1834 1046 et
1849 993 2036 1048 videre
2061 993 2213 1057 facit,

646 1082 872 1136 deducit
903 1083 970 1136 ad
1032 1082 1272 1136 inferum
1341 1094 1398 1139 et
1426 1085 1640 1138 reducit
1666 1099 1680 1146 τ
1709 1083 1939 1138 evidens
1975 1085 2218 1154 seipsum

636 1189 770 1241 ergo
791 1173 935 1242 quod
971 1189 1067 1242 per
1093 1176 1368 1243 propriam
1409 1175 1746 1229 resurrectio
1758 1192 1904 1240 nem,
1931 1178 2233 1232 constituit

637 1263 931 1317 Dominum
965 1264 1160 1319 Filium
1192 1266 1308 1327 Dei,
1341 1281 1449 1319 non.
1484 1267 1728 1322 moriens
1769 1284 1893 1322 cum
1945 1279 2098 1339 parte
2133 1271 2217 1338 ip-

639 1355 754 1409 sius
790 1355 1048 1418 humana,
1093 1357 1218 1410 ideo
1248 1357 1393 1411 Deus
1424 1357 1751 1413 immortalis
1785 1367 1925 1422 erat,
1955 1360 2050 1414 sed
2085 1374 2220 1428 ope-

638 1460 767 1499 rans
800 1462 865 1499 ex
897 1457 1045 1514 parte
1074 1448 1296 1515 propria
1330 1448 1382 1501 in
1402 1451 1616 1503 actione
1641 1450 1846 1511 divina,
1869 1451 2219 1504 etviviﬁcans

639 1543 846 1602 partem
880 1535 1052 1602 ipsius
1096 1544 1392 1589 mortuam.
1433 1537 1498 1590 Et
1538 1538 1643 1591 hoe
1677 1538 1913 1591 maxima
1950 1553 2077 1607 p:rs
2107 1539 2222 1592 vir-

638 1626 772 1680 tutis
827 1626 946 1690 Dei,
984 1626 1038 1680 in
1072 1643 1172 1681 nos
1258 1627 1550 1681 credentes
1610 1630 1914 1683 secundum
1940 1630 2217 1699 energiam

633 1717 982 1772 auctoritatis
1043 1717 1203 1772 fortis
1235 1735 1400 1788 quam
1452 1719 1708 1773 adhibuit
1738 1720 1791 1772 in
1814 1720 2054 1784 Christo,
2094 1735 2220 1774 sus-

636 1808 814 1863 citans
840 1824 965 1863 eum
1020 1825 1050 1864 a
1084 1811 1336 1863 mortuis.
1403 1811 1587 1864 lnfusa
1650 1819 1832 1864 autem
1869 1812 1924 1864 in
1977 1827 2078 1865 nos
2121 1827 2218 1881 per

634 1902 1043 1969 susceptionem
1084 1902 1260 1955 sancti
1310 1903 1561 1971 corporis
1595 1903 1736 1973 ejus,
1763 1903 2005 1958 viviﬁcat
2051 1905 2218 1958 etiam
2250 1877 2292 1932 Β

637 1999 824 2044 nostra
851 2006 1083 2058 corpora
1130 2001 1348 2061 mortua
1388 2003 1512 2061 post
1541 2000 1799 2054 mortem,
1851 2009 1953 2062 per
2002 1993 2221 2047 inhabi-

583 2145 585 2147 _
635 2087 843 2134 tantem
896 2081 1151 2150 spiritum
1199 2082 1291 2135 Dei
1326 2082 1378 2134 in
1429 2083 1610 2136 nobis.
1647 2083 1818 2153 Igitur
1870 2083 2220 2139 manifestum

635 2175 720 2220 est
767 2168 917 2236 quod
945 2185 1052 2222 non
1086 2168 1212 2222 ideo
1238 2170 1566 2239 simpliciter
1587 2173 1848 2237 surrexit,
1885 2173 2225 2243 gloriﬁcatus

635 2268 723 2313 est
766 2259 1034 2314 Dominus
1067 2260 1238 2315 Filius
1284 2261 1402 2324 Dei,
1440 2262 1536 2316 sed
1585 2263 1714 2332 quia
1761 2266 1980 2334 propria
2019 2266 2223 2322 virtute

638 2350 899 2413 surrexit,
949 2366 1074 2404 cum
1109 2361 1361 2404 mortuos
1410 2355 1518 2420 jam
1571 2355 1794 2418 multos,
1826 2364 1882 2408 et
1908 2356 2046 2410 alios
2096 2366 2224 2411 ante

638 2448 694 2492 et
722 2449 843 2508 post
870 2438 1154 2494 Christum
1179 2442 1468 2496 suscitabit
1496 2443 1726 2511 spiritus
1759 2444 2223 2501 sanctiﬁcationis

641 2532 698 2585 in
764 2533 970 2602 quibus
1039 2547 1151 2588 non
1211 2536 1720 2604 supereminentem
1788 2539 2222 2607 magnitudinem

641 2627 763 2695 ejus
797 2626 1114 2695 apparuisse
1165 2636 1224 2681 ut
1254 2644 1350 2697 per
1384 2628 1644 2682 virtutem
1673 2630 1854 2682 istam.
1893 2630 2014 2683 Non
2055 2630 2222 2700 igitur

642 2718 760 2770 sine
796 2717 1011 2772 ratione
1036 2733 1143 2773 nec
1175 2733 1276 2788 per
1302 2718 1698 2773 aceidentalem
1728 2720 1981 2788 gloriam,
2013 2735 2115 2775 nec
2160 2736 2227 2775 ex

645 2810 880 2876 quodam
927 2810 1100 2865 verbo
1156 2811 1633 2865 circumstantium
1677 2849 1693 2874 ,
1751 2812 2087 2866 constitutus
2139 2821 2223 2866 est

645 2896 822 2951 Filius
852 2897 1249 2960 Dei:Christus,
1274 2897 1389 2965 gsed
1441 2897 1724 2967 propriam
1746 2898 2006 2952 virtutem
2041 2900 2093 2952 in
2146 2916 2230 2954 re-

644 2988 993 3042 surrectione
1019 2988 1271 3057 corporis
1301 2988 1385 3043 sui
1435 2988 1739 3043 ostendens
1769 2989 2034 3044 virtutem
2072 3006 2229 3045 suam

645 3081 889 3135 divinam
913 3095 1056 3142 esse.
1109 3090 1165 3135 et
1201 3097 1300 3150 per
1360 3081 1623 3136 virtutem
1669 3082 2054 3147 substantiam,
2103 3099 2229 3137 nam

647 3174 786 3226 ﬁnes
847 3172 984 3226 liunt
1025 3171 1378 3226 deﬁnitiones
1436 3188 1624 3226 rerum
1678 3174 2105 3241 subjacentium,
2163 3191 2228 3228 ex

648 3263 1102 3318 substantialibus
1145 3265 1332 3319 verbis
1358 3265 1644 3334 excipiunt
1679 3266 1958 3334 sapientes
2019 3273 2078 3320 et
2127 3267 2230 3321 hoc

647 3370 811 3410 omne
843 3372 952 3409 non
981 3355 1146 3410 debet
1177 3357 1348 3411 latere
1364 3367 1600 3412 vestram
1638 3358 1899 3412 rusticam
1917 3358 2228 3415 scientiam.

652 3446 766 3500 lloc
806 3448 950 3500 idem
1006 3449 1416 3518 sapientissime
1475 3451 1676 3503 clamat
1699 3449 1981 3504 Christum
2033 3451 2229 3504 Filium

652 3539 820 3593 David
873 3555 994 3594 esse
1034 3540 1232 3594 Filium
1259 3540 1378 3606 Dei,
1405 3540 1612 3596 idcirco
1649 3557 1718 3596 ex
1763 3543 1853 3596 illa
1879 3542 2080 3596 virtute
2112 3545 2232 3611 ejus

652 3632 708 3686 in
761 3633 1206 3695 resurrectione,
1255 3632 1667 3686 demonstratur
1729 3633 1964 3687 similius
2039 3633 2131 3686 Dei
2177 3635 2231 3687 in

652 3724 979 3782 substantia.
1004 3722 1060 3778 in
1097 3723 1203 3777 hoc
1233 3724 1448 3794 signum
1487 3723 1755 3778 habemus
1805 3724 1872 3778 de
1900 3725 1991 3777 illo
2023 3734 2082 3778 ut
2134 3740 2228 3778 ve-

653 3815 855 3871 rissimi
886 3816 1003 3873 Filii
1027 3823 1223 3868 natura
1261 3815 1354 3868 Dei
1407 3824 1462 3868 et
1503 3814 1696 3868 Patris.
1752 3813 1843 3868 Sic
1873 3813 2091 3882 agnitus
2146 3822 2234 3868 est

653 3907 826 3962 Filius
868 3906 985 3965 Dei.
1013 3905 1315 3960 secundum
1345 3905 1600 3974 spiritum
1635 3903 2115 3968 sanctiﬁcationis,
2163 3920 2232 3958 ex

652 3997 1057 4052 resurrectione
1081 4006 1446 4050 mortuorum.

1285 4279 1434 4334 CAP.
1470 4280 1558 4336 IV.

725 4375 833 4430 Sed
887 4375 981 4444 qui
1012 4374 1321 4443 apostolum
1366 4382 1421 4426 et
1469 4370 1980 4440 arehipontiﬁcem,
2013 4372 2232 4442 inquit,

655 4465 780 4520 ﬁdei
811 4472 1015 4518 nostra:
1073 4479 1182 4515 non
1215 4462 1606 4530 intelligentes,
1641 4461 1786 4514 sicut
1827 4460 2032 4515 Paulus
2077 4476 2234 4514 man-

2319 633 2455 685 Θεοῦ
2507 635 2602 686 καὶ
2648 632 2737 688 διὰ
2769 634 2861 687 τοῦ
2893 634 3207 704 Πνεὺματος
3249 636 3349 704 τῆς
3377 635 3685 707 ἁγιωσύνης
3717 641 3808 691 τοῦ
3843 645 3906 694 ἐν

2319 727 2429 786 τοῖς
2477 726 2848 794 ἀναστήσασιν
2899 727 3097 790 αὐτοὺς
3137 727 3490 795 ἐνεργοῦντος
3545 730 3851 800 ἀνέστησαν
3883 750 3898 763 ο

2319 815 2478 882 εἴπερ
2512 815 2587 884 μὴ
2620 815 2736 868 ἐστι
2769 815 2916 883 ζωῆς
2952 817 3053 869 καὶ·
3073 815 3304 868 θανάτου
3332 817 3428 884 τὴν
3455 818 3706 881 ἐξουσίαν
3735 820 3900 890 ἔχων,

2321 903 2493 976 πάρεξ
2519 904 2612 956 τοῦ
2641 905 2870 974 Κυρίου,
2900 907 2958 968 ὃς
2989 907 3105 958 ἐστι
3126 905 3347 974 Πνεῦμα
3373 907 3434 958 τὸ
3453 908 3711 970 ζωοποιὸν
3738 910 3906 978 φύσει

2324 998 2484 1068 μόνον
2515 997 2606 1050 δνο
2649 997 2748 1050 καὶ⁸
2775 999 2882 1067 γὰρ
2908 999 2966 1049 ἐν
2997 997 3146 1068 αὑτῷ
3180 998 3326 1066 μόνῳ
3355 999 3433 1067 τῷ
3463 999 3582 1068 Θεῷ
3620 1001 3732 1068 ζωὴ
3786 997 3858 1069 ἦν
3885 1038 3904 1062 ,

2321 1089 2415 1141 καὶ
2448 1087 2609 1151 αὐτὸς
2633 1087 2854 1141 θανατοῖ
2884 1087 2981 1140 καὶ
3010 1089 3286 1155 ζωογονεῇ
3320 1089 3633 1142 ἀποκτείνει
3675 1091 3769 1143 καὶ
3799 1091 3906 1159 ζῇν

2321 1181 2484 1243 ποιεῖ,
2512 1180 2740 1246 κατάγει
2773 1181 2854 1242 είς
2881 1179 3008 1250 βου
3030 1179 3126 1231 καὶ
3144 1179 3334 1246 ἀνάγει
3361 1195 3376 1211 ο
3405 1179 3564 1248 δῆλον
3597 1179 3691 1233 οὖν
3715 1181 3792 1243 ὡς
3825 1181 3908 1249 τῷ

2321 1271 2514 1339 ἐατφτὺν
2535 1271 2877 1337 ἀναστῆσαι,
2911 1267 3258 1341 παρέστησεν
3289 1270 3486 1323 ἐαυτὸν
3521 1271 3647 1323 Υίὸν
3689 1269 3832 1323 Θεοῦ
3878 1274 3911 1324 ό

2320 1361 2523 1428 Κύριος
2549 1377 2563 1391 ⁸
2597 1361 2671 1430 μὴ
2709 1359 2988 1413 συνθανὼν
3011 1360 3090 1430 τῷ
3119 1360 3447 1432 ἀνθρωπίνῳ
3480 1360 3648 1413 αὑτοῦ
3691 1361 3856 1431 μέρει
3889 1401 3908 1426 ,

2318 1453 2451 1505 διότι
2472 1452 2736 1514 ἀθάνατος
2768 1449 2899 1514 Θεὸς
2921 1446 3010 1521 ἧν,
3041 1450 3158 1503 ἀλλ’
3189 1449 3426 1520 ἐνεργῶν
3453 1451 3560 1502 ἀπὸ
3589 1452 3784 1520 μέρους
3807 1453 3912 1522 τὴν

2324 1544 2468 1606 ίδίως
2492 1543 2642 1596 θείαν
2673 1544 2977 1610 ἐνέργειαν,
3008 1542 3101 1594 καὶ
3129 1541 3408 1605 ζωοποιῶν
3443 1543 3502 1594 τὸ
3535 1542 3702 1596 θανδν
3733 1545 3910 1596 αὐτοῦ

2272 1678 2281 1688 ,
2324 1633 2523 1700 μέρος·
2558 1633 2648 1682 καὶ
2681 1630 2835 1683 τοῦτό
2859 1632 2972 1682 ἐστι
3021 1630 3080 1683 τδ
3125 1631 3465 1701 ὑπερϐάλλον
3520 1633 3748 1700 μέγεθος
3805 1634 3913 1700 τῆς

2318 1720 2599 1790 δυνάμεως
2630 1721 2723 1774 τοῦ
2757 1721 2914 1785 Θεοῦ,
2940 1723 3020 1783 είς
3051 1723 3198 1791 ἡμᾶς
3223 1724 3352 1784 τοὺς
3377 1723 3735 1786 πιστεύοντας
3763 1725 3912 1777 κατά

2319 1811 2419 1881 τὴν
2473 1813 2756 1882 ἐνέργειαν
2795 1812 2890 1864 τοῦ
2932 1812 3167 1880 κράτους
3215 1814 3312 1876 τῆς
3371 1815 3556 1884 ἰσχύος
3613 1817 3805 1880 αὐτοῦ,
3840 1819 3914 1886 ἢν

2322 1905 2626 1972 ἐνήργησεν
2652 1907 2710 1956 ἐν
2737 1904 2813 1974 τῷ
2842 1903 3084 1973 Χριστῷ,
3120 1905 3340 1976 ἐγείρας
3365 1908 3529 1960 αὐτὸν
3551 1909 3615 1961 ἐκ
3645 1911 3863 1978 νεκρῶν
3897 1925 3913 1938 ·

2324 1994 2632 2065 ἐνδιδομένη
2669 1995 2778 2066 γὰρ
2809 1997 2902 2048 καὶ
2937 1997 3016 2058 εἰς
3073 1997 3221 2066 ἡμᾶς
3266 1996 3352 2049 διά
3400 1999 3501 2068 τῆς
3553 2000 3919 2070 μεταλήψεως

2322 2085 2418 2138 τοῦ
2464 2085 2621 2154 ἁγίου
2674 2084 2839 2139 αὐτοῦ
2875 2087 3149 2155 σώματος,
3205 2085 3461 2151 ζωοποιεῖ
3494 2089 3589 2141 καὶ
3625 2089 3694 2144 τά
3733 2090 3918 2160 θνητά

2327 2176 2557 2247 σώματα
2598 2177 2756 2246 ἡμῶν
2805 2178 2944 2247 μετά
2990 2177 3254 2241 θάνατον,
3289 2179 3378 2232 διὰ
3419 2180 3515 2233 τοῦ
3565 2181 3919 2246 ἐνοικοῦντος

2326 2267 2471 2321 θείου
2505 2268 2674 2321 αὐτοῦ
2715 2268 3029 2338 Πνεύματος
3059 2271 3116 2322 ἐν
3146 2271 3280 2340 ἡμῖν
3311 2287 3324 2300 ·
3359 2270 3559 2325 οὐκοῦν
3615 2273 3784 2340 σαφὲς
3830 2274 3920 2326 δτι

2324 2357 2386 2409 οὐ
2408 2358 2543 2410 διότι
2559 2359 2758 2428 ἀνέστη
2788 2360 2996 2425 ἁπλῶς,
3031 2360 3293 2430 ἐδοξάσθη
3316 2363 3442 2424 Υἱὸς
3472 2362 3609 2415 Θεοῦ
3624 2365 3652 2415 ό
3676 2362 3920 2434 Κύριος,

2326 2447 2441 2501 ἀλλ’
2473 2450 2555 2502 ὅτι
2608 2451 2716 2520 ἰδία
2749 2451 3009 2522 δυνάμει·
3060 2454 3176 2505 ἐπεὶ
3211 2455 3440 2523 νεκροὺς
3479 2455 3579 2524 ἥδη
3613 2454 3920 2518 πλείστους

2327 2539 2421 2592 καὶ
2459 2539 2652 2602 ἄλλους
2689 2540 2952 2611 πρότερον
2986 2543 3079 2594 καὶ
3112 2544 3252 2612 μετά
3280 2544 3519 2614 Χριστὸν
3546 2545 3814 2615 ἀνέστησε
3853 2548 3924 2597 τὸ

2328 2629 2555 2699 Πνεῦμα
2578 2631 2677 2700 τῆς
2711 2631 3046 2717 ἁγιωσύνης,
3077 2635 3134 2685 ὲν
3163 2627 3244 2696 οἷς
3282 2635 3343 2686 οὐ
3374 2635 3598 2702 λέγεται
3634 2636 3694 2688 τὸ
3735 2636 3890 2705 ὕπερ
3909 2666 3926 2677 -

2330 2723 2522 2781 ὁάλλον
2559 2724 2785 2792 μέγεθος
2818 2725 2985 2778 αὑτοῦ
3008 2766 3020 2789 ,
3050 2724 3240 2795 ὥσπερ
3270 2725 3412 2778 κατά
3441 2725 3540 2795 τὴν
3577 2729 3727 2795 ἰσχὺν
3776 2727 3929 2779 ταύ-

2329 2834 2450 2886 την,
2484 2817 2778 2886 ἐμφανίσαι
2804 2832 2817 2846 '
2847 2819 2946 2870 οὐκ
2972 2818 3184 2884 ἀλόγως
3224 2816 3340 2878 οὖν,
3380 2817 3502 2870 οὐδὲ
3547 2819 3658 2870 ἀπο
3685 2816 3786 2886 τῆς
3817 2834 3929 2869 τυ-

2331 2909 2533 2979 χούσης
2556 2909 2737 2976 δόξης,
2763 2908 2882 2961 οὺδέ
2912 2909 3018 2977 μὴν
3045 2911 3108 2961 ἐκ
3133 2909 3294 2975 λόγου
3331 2909 3478 2968 τινὸς
3505 2909 3614 2959 τῶν
3638 2908 3932 2976 συμϐεϐη-

2333 3002 2530 3063 κότων,
2561 3001 2770 3071 ὡρίσθη
2799 3001 2929 3058 Υίὺς
2957 3000 3091 3053 Θεοῦ
3126 3001 3378 3070 Χριστὸς,
3416 2999 3533 3052 ἀλλ’
3560 3003 3623 3052 ἐκ
3644 3001 3740 3069 τῆς
3773 3018 3878 3053 κατ
3897 3005 3934 3053 ἐι

2333 3094 2434 3161 τὴν
2462 3093 2757 3146 ἀνάστασιν
2791 3092 2884 3144 τοῦ
2915 3092 3164 3160 σώματος
3199 3092 3362 3144 αὑτοῦ
3381 3090 3664 3160 ἐνεργείας
3687 3131 3701 3155 ,
3732 3109 3936 3162 παρα.-

2335 3185 2540 3254 στήσας
2567 3183 2916 3248 6·ιτωςθείαν
2949 3183 3114 3236 αὑτοῦ
3170 3180 3312 3236 εἶναι
3343 3184 3442 3252 τὴν
3475 3183 3726 3253 δύναμιν,
3772 3185 3837 3236 ἐκ
3863 3185 3937 3236 δὲ

2335 3275 2436 3342 τῆς
2472 3275 2775 3344 δυνάμεως,
2800 3275 2899 3345 τὴν
2925 3274 3112 3328 οὐσίαν
3134 3292 3148 3306 ’
3167 3276 3218 3326 οἱ
3236 3275 3344 3345 γὰρ
3364 3275 3480 3343 ὅροι
3499 3275 3674 3327 είτουν
3701 3275 3939 3344 ὀρισμοὶ

2335 3366 2445 3418 τῶν
2498 3365 2874 3434 ὑποκειμένων
2932 3366 3277 3435 πραγμάτων
3307 3406 3320 3427 ,
3372 3367 3435 3417 ἐκ
3485 3365 3595 3417 τῶν
3647 3365 3942 3417 οὖσιωδεῖν

2337 3456 2702 3526 λαμϐάνονται
2726 3457 2924 3524 λόγων,
2954 3451 2998 3509 ὦ
3021 3458 3175 3524 σοφοὶ
3205 3456 3336 3527 παρ’
3366 3457 3581 3518 ἐαυτοῖς
3603 3472 3619 3486 ο
3651 3455 3943 3508 καὶτοῦτο

2337 3549 2456 3601 ὅλον
2479 3549 2578 3600 οὐκ
2595 3547 2794 3617 ὤφειλε
2825 3549 3006 3601 λαθεῖν
3027 3549 3126 3619 τὴν
3150 3547 3423 3617 ὑμετέραν
3453 3547 3642 3616 ἀμαθῆ
3679 3549 3944 3614 πολυμά-

2339 3638 2490 3692 θειαν
2514 3655 2528 3670 ο
2555 3639 2669 3691 τόδε
2700 3638 2792 3690 οῦν
2821 3639 2953 3691 αὐτὸ
2986 3640 3300 3705 σαφέστατα
3333 3637 3432 3707 βοᾷ
3466 3637 3556 3690 τδν
3591 3637 3720 3689 Υἰδν
3760 3636 3944 3689 Δαϐιδ

2339 3729 2574 3798 Χριστὸν
2600 3730 2691 3782 καὶ
2712 3729 2840 3781 Υἱὸν
2859 3726 2995 3780 Θεοῦ
3015 3723 3156 3782 εἶναι
3179 3745 3192 3758 ·
3221 3729 3356 3782 διότι
3377 3728 3437 3793 ἐξ
3467 3729 3635 3797 αὐτῆς
3656 3727 3757 3794 τῆς
3779 3744 3893 3781 κατ
3913 3732 3945 3782 'z

2339 3819 2437 3887 τὴν
2463 3819 2761 3871 ἀνάστασιν
2785 3817 2951 3870 αὑτοῦ
2980 3817 3262 3886 ἐνεργείας
3288 3859 3302 3882 ,
3335 3819 3521 3887 ὅμοιος
3557 3817 3678 3886 Θεῷ
3707 3819 3807 3885 τὴν
3835 3820 3946 3871 οἰ·-

2343 3909 2464 3962 σὶαν
2486 3908 2754 3962 δέδεικται
2775 3924 2789 3939 ⁸
2814 3909 2907 3961 καὶ
2934 3908 3094 3962 τοῦτο
3117 3910 3415 3978 τεκμήριον
3438 3909 3636 3978 ἔχομεν
3665 3909 3798 3978 περὶ
3826 3913 3943 3960 αἰν-

2337 4000 2456 4063 τοῦ,
2477 4000 2554 4063 ὡς
2578 4001 2952 4070 γνησιωτάτου
2979 4000 3111 4053 Υίοῦ
3143 4003 3302 4069 φύσει
3345 4000 3441 4052 τοῦ
3475 4001 3610 4053 Θεοῦ
3657 4001 3752 4052 καὶ
3813 4003 3944 4053 Πα-

2339 4093 2467 4162 τρός
2497 4107 2512 4122 ο
2542 4091 2719 4154 οὕτως
2751 4087 2844 4144 οὖν
2873 4092 3087 4162 ὡρίσθη
3115 4093 3244 4154 Tib;
3283 4092 3443 4158 Θεοῦ,
3497 4092 3640 4147 κατὰ
3700 4093 3949 4163 Πνεῦμα.

2342 4183 2674 4253 ἁγιωσύνης,
2699 4182 2758 4246 ἐξ
2782 4182 3130 4246 ἀναστάσεως
3151 4183 3384 4254 νεκρῶν.

2952 4273 3202 4328 ΚΕΦΑΛ.
3256 4278 3329 4328 Δ⁹.

2412 4365 2555 4419 Ἀλλ’
2586 4365 2636 4417 οἱ
2671 4365 2765 4417 τὸν
2809 4363 3108 4418 ἀπόστολον
3158 4366 3253 4416 καὶ
3299 4365 3562 4436 ἀρχιερέα
3584 4405 3600 4428 ,
3637 4366 3794 4432 φησι,
3833 4367 3948 4434 τῆς

2343 4455 2582 4517 πίστεως
2603 4455 2762 4525 ἡμῶν
2796 4454 2871 4526 μὴ
2903 4454 3293 4517 κατανοοῦντες
3316 4496 3330 4517 ,
3358 4455 3543 4517 καθὼς
3589 4455 3807 4518 Παῦλος
3847 4459 3947 4510 ἐν-

655 4558 750 4610 dat
785 4555 966 4616 nobis.
1029 4554 1218 4608 dicite.
1268 4553 1496 4618 Qualem
1556 4567 1797 4620 unquam
1839 4553 2017 4607 nostis
2048 4568 2232 4606 sacer-

2339 4542 2583 4598 τέλλεται
2612 4545 2764 4615 ὑμῖνί
2797 4545 3011 4608 εἴπατε,
3044 4548 3206 4599 Ποῖον
3232 4549 3347 4598 ίστε
3377 4549 3529 4618 ἱερέα
3553 4549 3834 4617 ταυτοφυῆ
3857 4552 3952 4619 τῷ

657 4647 838 4700 dotem
860 4645 1108 4714 ejusdem
1159 4656 1367 4697 naturae
1396 4657 1459 4697 ac
1512 4644 1788 4697 victimam
1825 4643 1847 4695 ?
1895 4645 1978 4696 vel
2023 4645 2242 4712 qualem

659 4733 966 4804 apostolum
993 4748 1098 4784 non
1129 4730 1449 4784 inferiorem
1489 4730 1726 4783 mittenti
1757 4731 1924 4784 eum?
1949 4731 2046 4785 Vel
2079 4731 2245 4801 igitur

659 4825 759 4895 qui
815 4832 901 4878 est
935 4823 1179 4878 Verbum
1222 4822 1290 4877 de
1350 4838 1460 4892 quo
1513 4822 1630 4876 haec
1682 4822 1964 4886 dicuntur,
2012 4838 2080 4876 an
2139 4823 2246 4878 erit

661 4914 892 4969 inferior
925 4923 1135 4967 natura:
1156 4921 1212 4966 et
1239 4912 1438 4966 ordine
1463 4912 1592 4975 Deo,
1627 4921 1689 4965 ut
1714 4911 1940 4966 videtur
1969 4913 2145 4966 Ario?
2188 4913 2246 4968 Si

664 5004 753 5057 ille
788 5019 894 5056 non
949 5011 1033 5055 est
1071 5000 1334 5065 Verbum,
1363 5000 1646 5069 oportebit
1690 5000 1930 5069 aliquem
1965 5001 2132 5054 alium
2159 5019 2250 5055 su-

663 5113 762 5166 per
797 5093 1032 5146 Verbum
1057 5093 1259 5161 ipsum,
1293 5092 1755 5162 prcsbyterumet
1801 5091 2094 5147 diacnnnm
2150 5093 2248 5148 Dei

665 5188 944 5257 Cognitum
996 5185 1200 5238 virtute
1259 5183 1443 5236 Verbi.
1477 5181 1585 5237 Sed
1631 5182 1764 5251 quid
1802 5184 2070 5252 majorum
2118 5185 2248 5255 reji-

667 5281 876 5334 cicntes
903 5277 1208 5331 divinitatis
1231 5277 1551 5340 verborum,
1585 5285 1639 5329 et
1671 5274 2032 5330 humiliornm
2057 5276 2251 5330 huma-

666 5372 878 5436 nitatis,
906 5371 1022 5424 hac
1057 5372 1234 5424 solum
1277 5368 1438 5423 nobis
1468 5366 1776 5437 producitis
1797 5367 1821 5420 τ
1846 5366 1956 5420 Nos
1981 5383 2114 5420 vero
2161 5367 2250 5420 di-

669 5466 844 5519 (imus
875 5473 1183 5518 creaturam
1204 5477 1323 5516 esse
1352 5460 1632 5515 Christum
1658 5459 1777 5521 Dei,
1812 5474 1975 5528 quem
1993 5460 2252 5515 novimus

669 5571 787 5609 csse
838 5563 1143 5608 creatorem
1193 5553 1461 5605 omnium.
1495 5551 1600 5604 Sed
1626 5567 1735 5604 non
1761 5567 1826 5605 ex
1856 5551 1937 5604 eis
1963 5566 2083 5618 qua:
2125 5560 2253 5604 sunt

675 5652 726 5703 in
770 5664 836 5700 eo
889 5646 1264 5717 gloriﬁcamus
1289 5655 1440 5699 certe
1495 5660 1618 5714 qua:
1670 5653 1800 5698 sunt
1830 5658 1959 5697 vere
2001 5641 2252 5712 inaaqna-

672 5737 912 5793 κάμοιμι
964 5753 1095 5791 vero
1139 5736 1348 5790 scimus
1389 5745 1444 5789 et
1485 5735 1656 5788 Deum
1699 5742 1756 5788 et
1805 5733 2148 5788 sacerdotem
2198 5743 2252 5787 et

678 5813 958 5878 victimam
992 5838 1112 5877 esse
1150 5822 1329 5892 ipsum
1348 5821 1649 5888 Christum,
1690 5839 1802 5876 non
1837 5837 1965 5876 vero
2011 5821 2138 5892 quia
2169 5839 2252 5875 sar

2348 4635 2750 4704 ίερατευομένῳ
2793 4635 2964 4700 ποτέ;
3010 4636 3188 4705 ἢτίνα
3228 4637 3525 4690 ἀπόστολον
3566 4638 3667 4706 οὐχ
3739 4639 3947 4692 ὑποτε-

2346 4727 2619 4796 ταγμένον
2650 4725 2729 4796 τῷ
2756 4727 3143 4780 ἀποστείλαντι
3163 4728 3329 4780 αὐτόν
3350 4745 3365 4792 ;
3389 4729 3422 4799 ἦ
3449 4725 3543 4781 οῦν
3568 4731 3597 4782 ό
3620 4730 3799 4798 Λόγος
3833 4730 3945 4794 ὢν,

2347 4820 2478 4889 περὶ
2504 4811 2565 4871 οῦ
2599 4819 2725 4872 τάδε
2766 4817 3007 4889 εἴρηται,
3040 4819 3201 4882 αὐτὸς
3229 4821 3408 4889 ἥττων
3455 4822 3574 4873 ἐστὶ
3622 4821 3785 4890 φύσει
3840 4827 3944 4876 καὶ

2347 4909 2499 4974 τάξει
2527 4909 2624 4962 τοῦ
2669 4908 2849 4972 Θεοῦ,
2891 4909 2969 4969 ὡς
3018 4909 3215 4979 Ἀρείῳ
3248 4911 3438 4978 δοκετ;
3490 4912 3540 4963 εί
3595 4913 3808 4976 ἐκεῖνος
3862 4915 3945 4984 μὴ

2350 4998 2518 5064 εστιν,
2544 5000 2732 5070 ἕτερόν
2758 5016 2882 5052 τινα
2912 5001 3061 5066 παρά
3079 5000 3171 5053 τὸν
3187 5002 3360 5068 Λόγον
3381 5002 3543 5054 αὐτὸν
3576 4997 3946 5072 είναιδεήσει,

2350 5090 2442 5144 τὸν
2467 5091 2783 5161 λειτουργόν
2808 5108 2869 5143 τε
2890 5091 2984 5143 καλ⁵
3015 5091 3262 5144 διάκονον
3289 5091 3426 5144 Θεοῦ
3449 5093 3744 5160 νοούμενον
3788 5096 3945 5163 ἐνερ-

2352 5182 2477 5252 γείᾳ
2505 5179 2600 5235 τοῦ
2634 5181 2832 5250 Λόγου.
2875 5182 3039 5236 Ἀλλά
3063 5183 3114 5235 τί
3135 5183 3200 5253 δὴ
3227 5183 3337 5235 τῶν
3381 5182 3644 5252 μειζόνων
3673 5186 3946 5252 ἀφέμενοι

2351 5273 2454 5343 τῆς
2483 5274 2740 5343 θεότητος
2780 5274 2994 5342 Λόγων,
3043 5275 3141 5328 καὶ
3185 5277 3295 5328 τῶν
3325 5275 3689 5345 πτωχοτέρων
3712 5280 3814 5343 τῆς
3841 5277 3943 5328 ἀν-

2353 5365 2723 5434 θρωπότητος,
2753 5364 2924 5418 ταῦτα
2957 5368 3090 5434 ἡμῖν
3120 5365 3278 5432 μόνον
3304 5366 3581 5436 παράγετε
3604 5382 3618 5429 ;
3642 5369 3809 5436 ἡμεῖς
3831 5368 3946 5435 γὰρ

2355 5461 2449 5512 καὶ
2481 5459 2690 5528 κτίσμα
2718 5459 2896 5528 φαμὲν
2927 5453 3068 5511 εἶναι
3097 5457 3234 5510 Θεοῦ
3273 5458 3365 5511 τὸν
3399 5459 3564 5511 αὑτὸν
3599 5459 3860 5528 Χριστὸν,
3886 5442 3947 5510 δν

2358 5552 2452 5604 καὶ
2479 5551 2722 5619 κτίστην
2752 5551 3010 5604 ἁπάντων
3023 5551 3246 5620 οἴδαμεν
3283 5568 3298 5583 ·
3346 5551 3461 5602 ἀλλ’
3489 5551 3589 5604 οὐκ
3621 5554 3686 5604 ἐκ
3715 5550 3813 5604 τοῦ
3844 5553 3946 5603 αὖ·

2355 5639 2450 5692 τοῦ
2479 5638 2590 5692 τῶν
2613 5641 2670 5692 ἐν
2697 5638 2847 5710 αὐτῷ
2874 5639 2940 5691 τὰ
2964 5639 3132 5700 ὕντως
3163 5640 3323 5693 ἄνισα
3348 5639 3667 5702 δοξάζοντες
3693 5639 3903 5709 δηλαδή
3927 5659 3941 5672 ο

2358 5730 2432 5798 τῷ
2471 5748 2550 5782 τοι
2587 5730 2714 5798 ἀρα,
2752 5731 2844 5782 καὶ
2882 5729 3016 5781 Θεὸν
3047 5733 3142 5783 καί
3175 5732 3329 5800 ἱερέα
3397 5731 3493 5783 καὶ
3521 5730 3692 5798 θῦμα,
3726 5731 3821 5783 τὸν
3853 5732 3947 5783 αὑ-

2364 5824 2449 5876 τὸν
2480 5821 2616 5875 εἶναι
2647 5822 2805 5894 ἴσμεν
2828 5822 3062 5890 Χριστόν
3089 5841 3100 5853 ’
3131 5822 3204 5892 μὴ
3234 5822 3341 5890 γὰρ
3367 5823 3449 5874 ὅτι
3480 5822 3664 5892 ἱερεὺς
3703 5822 3943 5891 λέγεται,
