4194 6446
284 425 424 489 ΠΞΘ

1240 425 1634 486 ADVERSUS
1669 422 2216 485 NES’I‘ORIANOS.
2239 449 2307 459 -
2334 427 2475 485 LID
2527 429 2585 488 ‘i'.

3398 430 3418 493 1
3429 432 3532 495 730

271 541 482 609 λάτρης
517 535 612 589 καὶ
645 535 961 605 λειτουργὸς
997 536 1156 607 μόνον
1190 537 1318 606 ὑμῖν
1349 535 1597 589 ἐντεῦθεν
1621 537 1849 591 νοείσθω

1963 536 2148 589 :erdos
2181 535 2410 595 dicitur,
2460 537 2720 590 adorator
2745 546 2800 590 et
2832 536 3176 592 sacriﬁcator
3222 539 3398 594 solum
3435 545 3532 600 Dei

274 630 439 693 Θεοῦ,
469 628 610 682 κατὰ.
637 627 730 680 τὸν
760 628 852 680 ἐπὶ
879 629 1076 689 παντὸς
1104 628 1290 698 ἱερέως
1327 627 1738 698 λαμϐανόμενον
1765 629 1850 680 )6-

265 735 372 785 γον
402 736 416 749 ·
458 719 573 772 ἀλλ’
594 719 675 771 ὅτι
703 716 797 769 τοῦ
834 717 998 770 αὑτοῦ
1038 717 1364 771 ’Λποστόλου
1409 719 1537 789 περὶ
1558 719 1650 772 τοῦ
1687 719 1847 771 αὐτοῦ

269 812 369 864 καὶ
398 809 559 863 πάλιν
576 807 825 876 λέγοντος
843 808 1030 876 ἱερέως
1059 807 1287 860 ἀκούετε
1311 825 1323 838 ’
1354 809 1607 860 Τοιοῦτον
1637 808 1852 878 ἔχοντες

271 901 540 972 ἀρχιερέα
559 940 576 963 ,
620 899 679 962 6;
709 899 962 952 ἐκάθισεν
988 901 1046 952 ἐν
1069 899 1219 970 δεξιᾷ
1242 900 1336 952 τοῦ
1367 900 1559 968 θρόνου
1599 901 1698 970 τῆς
1751 918 1850 970 με-

273 993 618 1064 γαλωσύνης,
647 994 704 1045 ἐν
729 993 839 1052 τοῖς
865 991 1228 1059 ἐπουρανίοις.
1251 992 1391 1044 Αὐτὸ
1419 991 1576 1044 τοῦτο
1599 992 1628 1045 6
1650 993 1854 1064 ύπορή-

275 1101 410 1136 σατε
433 1085 564 1153 ἡμῖν
594 1085 651 1134 ἐν
678 1083 895 1144 ἑαυτοῖς
930 1084 1206 1147 σκοπεῖτε,
1241 1085 1326 1135 ὅτι
1356 1082 1456 1134 οὐκ
1485 1083 1632 1136 ἔστιν
1663 1084 1853 1151 ἱερέως

273 1175 338 1226 τὸ
378 1173 668 1241 σύνθρονον
717 1167 858 1225 εἶναι
905 1170 984 1242 τῷ
1032 1173 1428 1244 ἱερατευομένῳ
1471 1172 1568 1225 καὶ
1597 1173 1854 1244 σύντιμον

272 1266 374 1318 καὶ
410 1264 684 1334 ὁμόδοξον,
705 1263 844 1318 ἀλὶὰ
870 1281 1012 1328 τινος
1045 1263 1295 1333 ίσοφυοῦς
1324 1265 1417 1317 καὶ
1445 1265 1748 1328 ίσοσθενοῦς
1778 1266 1854 1334 τῷ

274 1356 476 1425 ἐνδόξῳ
500 1356 621 1425 Θεῷ
651 1375 668 1389 ⁶
726 1357 922 1409 οῦκουν
955 1358 1063 1426 ἄρα
1111 1357 1188 1419 ὡς
1237 1357 1416 1425 ἱερεὺς
1456 1357 1854 1425 συγκαθέζεται

275 1446 401 1516 Θεῷ
448 1448 507 1498 ἐν
553 1447 802 1518 οὐρανοῖς
839 1447 868 1499 6
902 1448 1079 1518 ἱερεὺς
1111 1447 1206 1500 τοῦ
1246 1447 1381 1500 Θεοῦ
1427 1447 1715 1518 γενόμενος
1763 1450 1879 1521 ἐπὶ.

274 1539 405 1606 γῆς,
463 1538 555 1592 καὶ
597 1541 698 1606 τὴν
746 1538 884 1590 ἰδίαν
925 1539 1104 1606 σάρκα
1131 1539 1494 1608 ἱερουργήσας
1540 1538 1658 1608 Θεῷ
1685 1577 1701 1603 ,
1762 1540 1854 1592 καὶ

272 1627 572 1695 ἀναγαγὼν
599 1628 769 1695 αὐτὴν
814 1628 950 1698 πρὸς
992 1628 1145 1690 Θεὸν,
1183 1627 1298 1680 ἀλλ’
1344 1627 1418 1691 ὼς
1467 1629 1560 1680 καὶ
1605 1628 1736 1691 Θεὸς
1778 1627 1854 1682 ὢν

274 1717 500 1787 ἀληθῶς
530 1719 560 1770 6
586 1716 774 1780 αὑτός.

880 1829 1133 1883 ΚΕΦΛΛ.
1172 1829 1250 1884 Ε’.

349 1940 715 1993 Βασανιστέον
736 1939 793 1992 δέ
824 1940 918 1992 καὶ
947 1939 1010 1992 τὸ
1057 1938 1306 2010 ἀτρανῶς
1355 1938 1457 2008 μέν
1487 1941 1578 1992 καὶ
1604 1939 1857 2008 ἁθάρσως

275 2032 432 2100 εμως
479 2033 537 2082 ἐν
576 2029 819 2082 πλείοσιν
866 2030 1045 2082 αὐτῶν
1097 2029 1585 2100 ἐπιχειρούμενον·
1623 2029 1858 2082 δεδόσθω

275 2122 412 2190 γὰρ,
472 2120 642 2187 φασὶ,
687 2121 831 2173 κατὰ
882 2119 1187 2189 συνδρομὴν
1236 2117 1376 2172 εἶναι
1435 2121 1558 2172 καθ’
1589 2121 1734 2190 ὑμᾶς
1765 2121 1858 2172 καὶ

277 2212 412 2273 Θεὸς
456 2214 486 2263 6
507 2212 670 2272 αὺτὸς
714 2211 949 2281 Χριστός
983 2227 999 2242 ο
1028 2215 1057 2265 6
1083 2212 1140 2264 δὲ
1173 2210 1385 2280 Ἰησοῦς
1411 2252 1428 2276 ,
1455 2212 1507 2263 τί
1535 2212 1663 2282 ὑμῖν
1715 2208 1857 2264 εἶναι

277 2302 464 2366 60st;
492 2303 553 2354 ού
575 2302 684 2372 γὰρ
705 2302 772 2372 δὴ
798 2302 894 2356 καὶ
927 2303 1089 2356 αὐτὸν
1119 2303 1292 2370 Λόγον
1319 2303 1413 2354 καὶ
1446 2304 1622 2373 σάρκα
1649 2304 1818 2374 ἐρεῖτε
1840 2319 1855 2333 ·

280 2409 329 2444 ει
357 2394 469 2464 γὰρ
498 2395 592 2446 καὶ
626 2393 791 2457 αὐτὸς
824 2394 1027 2463 ὁμοίως
1073 2394 1204 2458 Θεὸς
1224 2435 1239 2461 ,
1289 2393 1448 2463 δῆλον
1474 2394 1550 2457 ὡς
1574 2396 1675 2448 οὐκ
1702 2394 1790 2448 ἀεὶ
1829 2396 1859 2448 6

279 2485 542 2555 Χριστὸς,
568 2485 698 2547 Θεός
726 2500 740 2514 ·
765 2484 856 2537 τὸν
881 2485 991 2553 γὰρ
1029 2484 1242 2555 Ἰησοῦν
1278 2488 1337 2539 ὃν
1365 2502 1502 2554 φατε
1529 2486 1662 2538 Θεὸν
1687 2525 1702 2551 ,
1733 2485 1858 2539 135-

277 2591 374 2628 τον
417 2576 514 2627 καὶ
555 2575 760 2643 Κύριον
799 2576 894 2627 καὶ
925 2576 1158 2644 Χριστὸν
1178 2576 1207 2628 6
1237 2575 1370 2637 Θεὸς
1401 2576 1648 2645 ἐποίησε,
1673 2574 1862 2641 σαφῶς

281 2670 501 2739 είρηται
535 2683 550 2698 ·
585 2669 684 2736 οὐχ
728 2664 756 2720 6
809 2662 877 2736 ἦν
902 2665 994 2719 οῦν
1035 2668 1064 2718 6
1127 2665 1333 2735 Ἰησοῦς
1384 2667 1562 2719 show
1613 2667 1813 2737 Κύριος
1843 2704 1859 2729 ,

282 2759 444 2810 τοῦτο
475 2759 668 2828 γέγονε
721 2758 967 2827 ποιηθεὶς
1019 2758 1254 2828 Χριστὸς
1286 2757 1380 2810 καὶ
1412 2759 1609 2827 Κύριος
1642 2776 1657 2790 ·
1686 2759 1863 2821 οὐδεὶς

282 2851 394 2921 γὰρ
431 2849 643 2918 γίνεται
688 2847 716 2900 6
759 2850 905 2900 ἐστιν
938 2865 952 2878 ο
993 2849 1100 2900 οὐδ’
1134 2849 1240 2919 ἄρα
1269 2847 1361 2900 οῦν
1394 2849 1523 2908 Θεὸς
1550 2849 1636 2901 ἀεί
1661 2851 1809 2901 ἐστιν
1835 2849 1864 2900 6

300 2938 544 3008 Ἰησοῦς,
577 2939 702 2991 ἐπεὶ
759 2939 896 3008 μηδέ
947 2937 1151 3008 Κύριός
1183 2942 1363 2991 ἐστιν·
1398 2942 1446 2992 εἰ
1475 2940 1533 2992 δὲ
1567 2940 1595 2991 6
1623 2940 1719 3010 μὲν
1760 2941 1864 3009 Ἰη-

289 3032 420 3092 σοῦς
443 3031 753 3101 ἄνθρωπος,
781 3031 811 3081 6
840 3031 894 3082 δὲ
937 3031 1172 3100 Χριστὸς
1217 3033 1350 3094 Θεὸς
1381 3032 1510 3100 ὑμῖν
1540 3036 1738 3085 νοεῖται
1765 3073 1781 3096 ,
1829 3032 1863 3102 ἦ

291 3123 457 3191 μόνον
515 3122 649 3182 Θεὸς
703 3120 858 3172 ἔσται
906 3120 1095 3192 ὥσπερ
1140 3123 1169 3174 ό
1237 3122 1445 3189 Λόγος,
1497 3125 1592 3175 καὶ
1622 3125 1652 3175 6
1695 3123 1866 3190 Λόγος

1961 627 2118 680 vobis
2153 628 2277 680 ideo
2335 638 2616 696 appareat,
2676 643 2799 681 nam
2841 629 3262 700 intelligendum
3302 633 3530 688 verbum

1958 731 2123 787 supra
2163 734 2382 772 omnem
2417 718 2896 781 sacerdotcm,scd
2937 721 3174 788 apostoli
3209 723 3312 792 ipsi
3342 723 3412 776 de
3434 738 3531 778 eo-

1959 806 2082 860 dem
2133 819 2190 861 et
2223 824 2416 862 rursus
2441 809 2700 878 loquente
2749 809 3037 864 sacerdote
3080 812 3289 877 audite.
3343 813 3532 868 Talem

1959 895 2228 950 habentes
2271 899 2586 966 pontiﬁcem
2635 902 2727 968 qui
2761 900 2919 954 sedet
2967 915 2998 953 a
3082 905 3292 958 dextris
3345 907 3532 961 throni

1959 988 2358 1058 magnitudinis
2388 989 2442 1042 in
2463 990 2636 1044 caelis.
2674 991 2981 1060 llocipsum
3008 993 3156 1062 quod
3185 993 3446 1065 eﬂugitis,
3473 999 3532 1052 in

1959 1079 2371 1148 vobismetipsis
2403 1079 2606 1144 videte,
2655 1082 2800 1148 quod
2826 1099 2937 1136 non
2967 1093 3052 1138 est
3079 1085 3385 1140 sacerdotis
3412 1103 3534 1141 esse

1961 1169 2016 1221 in
2072 1169 2272 1223 throno
2324 1184 2448 1222 cum
2510 1170 2620 1223 Deo
2658 1185 2795 1234 suo,
2835 1185 2938 1224 nec
2990 1173 3045 1226 in
3081 1175 3276 1228 eodem
3325 1176 3534 1230 honore

1959 1265 2016 1309 et
2066 1257 2258 1310 eadem
2308 1258 2504 1326 gloria,
2553 1257 2648 1312 sed
2697 1267 2784 1313 est
2813 1259 3061 1328 ejusdem
3084 1271 3294 1318 natura:
3346 1276 3403 1320 et
3433 1281 3532 1336 po-

1958 1346 2145 1400 tentiae
2198 1362 2324 1400 cum
2370 1346 2614 1417 glorioso
2646 1347 2789 1412 Deo;
2840 1349 3008 1420 igitur
3043 1359 3104 1403 ut
3145 1353 3405 1408 sacerdos
3441 1369 3532 1410 se-

1961 1436 2054 1490 det
2076 1451 2201 1490 cum
2226 1437 2339 1492 Deo
2363 1438 2416 1490 in
2458 1437 2615 1491 ctelis
2653 1439 2749 1508 qui
2765 1441 3022 1494 sacerdos
3043 1441 3140 1495 Dei
3171 1442 3347 1497 factus
3364 1455 3450 1498 est
3477 1445 3534 1500 in

1964 1535 2129 1591 terra,
2163 1537 2220 1580 et
2243 1529 2522 1598 propriam
2568 1545 2792 1584 carnem
2841 1547 3006 1601 quam
3039 1532 3372 1588 sacriﬁcavit
3422 1535 3538 1591 Deo

1961 1625 2251 1686 postquam
2313 1618 2620 1674 introduxit
2651 1620 2796 1690 apud
2853 1622 3049 1690 Deum,
3113 1623 3212 1678 sed
3257 1639 3382 1679 cum
3444 1625 3517 1680 sit

1960 1709 2108 1763 Deus
2139 1724 2303 1763 verus
2336 1709 2472 1778 ipse.

2596 1819 2749 1875 CAP.
2790 1819 2852 1874 ν.

1891 1909 1932 1964 Β
1962 1929 2162 1987 Striete
2191 1931 2357 1986 etiam
2384 1933 2812 1989 examinandum
2834 1949 2919 1990 est
2933 1947 3315 2006 argumentum
3345 1955 3539 1994 eorum

1957 2021 2104 2090 quod
2146 2021 2390 2090 plerique
2419 2022 2661 2077 obscure
2690 2024 2856 2078 simul
2901 2034 2957 2078 et
2992 2027 3296 2082 dubitative
3328 2037 3536 2084 tenent.

1957 2110 2324 2175 Concedatur,
2350 2111 2527 2177 aiunt;
2561 2114 2866 2168 secundum
2920 2132 3017 2170 vos
3065 2133 3164 2187 per
3198 2133 3532 2173 concursum

1958 2208 2017 2253 et
2046 2199 2217 2253 Deum
2255 2202 2435 2268 ipsum
2467 2200 2773 2255 Christum.
2803 2203 2965 2257 Iesus
3007 2216 3188 2257 autem
3217 2205 3353 2272 quid
3377 2204 3538 2259 vobis

1959 2305 2080 2345 esse
2111 2291 2331 2346 videtur
2357 2294 2380 2344 ‘!
2413 2293 2530 2346 Non
2554 2293 2702 2346 enim
2731 2305 2879 2348 certe
2911 2304 2968 2348 et
3003 2296 3179 2364 ipsum
3211 2296 3450 2350 Verbum
3480 2308 3539 2352 et

1960 2395 2179 2435 carnem
2199 2383 2416 2437 dicetis.
2447 2382 2502 2436 Si
2532 2385 2738 2437 ctenim
2763 2395 2820 2438 et
2853 2387 2970 2454 ipse
2996 2389 3225 2455 pariter,
3250 2389 3396 2444 Deus
3419 2405 3538 2444 ma»

1959 2468 2223 2522 nifestum
2248 2471 2512 2538 quodnon
2538 2487 2754 2539 semper
2786 2473 3174 2538 fuitClu-isins,
3201 2476 3362 2530 Deus.
3405 2477 3539 2530 Nam

1959 2562 2219 2616 eumdem
2251 2563 2437 2618 Jesum
2479 2579 2645 2634 quem
2693 2565 2877 2620 dicitis
2908 2567 3104 2631 Deum,
3165 2567 3310 2624 Deus
3346 2573 3545 2627 fecitet

1963 2651 2133 2708 Deum
2165 2664 2221 2709 et
2251 2655 2534 2710 Christum
2559 2674 2572 2722 ;
2598 2659 2702 2712 hoc
2721 2659 2870 2712 clare
2913 2660 3121 2713 dictum
3143 2671 3244 2714 est.
3279 2662 3398 2717 Non
3414 2679 3546 2734 ergo

1963 2747 2109 2816 quod
2131 2758 2252 2802 erat
2268 2749 2427 2803 Jesus
2451 2750 2567 2803 sive
2591 2751 2878 2815 Dominus,
2910 2751 3015 2806 hoc
3031 2753 3264 2807 eﬂectus
3281 2767 3367 2808 est
3387 2754 3546 2810 Chri-

1963 2849 2083 2893 stus
2109 2854 2174 2892 ac
2201 2840 2466 2895 Dominus
2499 2842 2695 2896 factus.
2730 2843 2906 2897 Nemo
2938 2846 3086 2898 enim
3135 2846 3198 2900 lit
3237 2847 3384 2915 quod
3410 2859 3498 2903 est
3529 2890 3544 2902 .

1963 2930 2083 2985 Non
2111 2945 2332 3000 semper
2389 2933 2557 3002 igitur
2603 2935 2748 2988 Deus
2797 2937 2903 2989 fuit
2953 2937 3136 3002 Jcsus,
3171 2954 3298 2992 cum
3327 2954 3438 2994 non
3475 2944 3548 2995 sit

1965 3021 2244 3074 Dominus.
2278 3021 2332 3075 Si
2380 3039 2621 3092 veroque
2685 3027 2847 3081 Jesus
2893 3027 3061 3080 homo
3113 3028 3257 3082 idetn
3293 3029 3552 3086 Christus

1966 3108 2114 3164 Deus
2151 3111 2310 3164 vobis
2357 3122 2529 3165 notus
2558 3120 2646 3165 est
2672 3154 2686 3176 ,
2711 3115 2799 3167 vel
2844 3116 3020 3168 solum
3049 3117 3192 3172 Deus
3215 3118 3326 3172 erit
3351 3129 3550 3188 utpote

287 3211 550 3282 Χριστὸς,
582 3212 676 3263 καὶ
713 3211 820 3283 πρὸ
853 3211 953 3279 τῆς
986 3211 1318 3281 σαρκώσεως
1345 3226 1362 3241 °
1393 3213 1427 3283 ἢ
1467 3213 1598 3276 Θεὸς
1630 3216 1730 3290 _xa‘t
1771 3217 1864 3267 ἆν-

1969 3199 2294 3262 Vcrbum,et
2325 3199 2560 3256 Verbum
2578 3203 2832 3257 Christus
2856 3215 2913 3258 et
2941 3217 3069 3261 ante
3093 3209 3549 3278 incarnationem,

291 3305 510 3374 θρωπός
533 3319 616 3365 τις
643 3302 829 3374 ἕτερος
864 3302 1016 3372 παρὰ
1044 3303 1134 3354 τὸν
1177 3301 1388 3372 Ἰησοῦν
1422 3305 1518 3355 καὶ
1546 3303 1756 3356 ἔσονται
1777 3303 1864 3355 δύο

1975 3290 2060 3342 vel
2091 3290 2256 3353 Deus,
2295 3302 2353 3344 et
2375 3292 2540 3345 homo
2566 3293 2691 3360 quis
2717 3294 2860 3348 alius
2881 3311 3052 3365 prope
3071 3297 3280 3363 Jesum,
3305 3309 3360 3354 et
3385 3313 3550 3356 erunt

291 3396 592 3464 ἄνθρωποι,
637 3397 773 3462 μιτᾶ
810 3397 910 3464 τὴν
938 3395 1159 3460 ποίησιν
1183 3395 1280 3446 τοῦ
1318 3394 1494 3464 Ἰησοῦ
1524 3397 1605 3457 εἰς
1641 3395 1876 3463 Χριστὸν

291 3491 353 3538 ὲν
386 3487 536 3553 αὐτῷ
572 3485 892 3553 φαινόμενοι
922 3499 936 3513 ’
968 3478 1087 3536 ὧνό
1110 3484 1209 3554 μὲν
1239 3483 1491 3546 σύνθετος
1519 3485 1616 3552 τὴν
1640 3485 1877 3537 ὑπόστα-

295 3594 404 3638 σιν,
440 3576 515 3638 ὣς
549 3591 687 3644 φατε
711 3592 725 3605 ·
754 3578 782 3627 ὁ
809 3575 868 3627 δὲ
889 3574 1117 3641 Ἰησοῦς,
1150 3575 1372 3646 ποιητὸς
1415 3576 1650 3646 Χριστός
1678 3592 1693 3606 ·
1733 3578 1781 3628 εἰ
1820 3575 1876 3629 δὲ

291 3668 566 3738 Χριστὸς,
625 3667 757 3730 Θεὸς
806 3667 902 3719 καὶ
953 3666 1238 3733 ἄνθρωπος
1283 3667 1454 3729 θντως
1507 3671 1755 3721 νοεῖται·
1784 3669 1876 3722 καὶ

291 3760 464 3822 οὕτως
491 3763 520 3813 6
546 3759 761 3829 Ἰησοῦς
793 3759 1088 3826 ἐπίκτητον
1115 3757 1508 3828 ἀνθρωπότητα
1547 3757 1745 3821 λαϐὼν,
1781 3760 1876 3813 καὶ

293 3847 531 3916 θεότητα
555 3850 652 3918 τὴν
676 3845 916 3916 Χριστοῦ
942 3887 956 3910 ,
983 3850 1135 3916 τρεῖς
1171 3847 1268 3916 μὲν
1298 3846 1622 3917 ἀνθρώπους
1648 3887 1663 3911 ,
1693 3847 1788 3900 δύο
1819 3849 1875 3901 δὲ

293 3937 454 4000 θεοὺς
488 3935 628 3991 εἶναι
665 3937 861 3991 ἐαυτὸν
890 3937 1239 4008 ἐπιδείξηται
1261 3934 1498 4007 Χριστὸς
1540 3939 1832 4006 γενόμενος
1858 3956 1872 3971 ·

303 4040 334 4101 ἡ
357 4032 438 4094 εἰς
471 4031 603 4082 Θεὸν
635 4032 729 4082 καὶ
770 4028 1060 4099 ἄνθρωπον
1098 4028 1427 4100 μερισθῆναι
1475 4030 1505 4081 6
1529 4029 1741 4099 Ἰησοῦς
1786 4029 1875 4083 λο-

292 4123 642 4192 γισθήσεται,
673 4123 932 4192 ποιηθεὶς
963 4121 1220 4190 Χριστός.

366 4215 550 4284 Φαμὲν
580 4209 670 4266 οὖν
697 4215 794 4265 σὺν
824 4211 901 4281 τῷ
947 4211 1184 4282 θεολόγῳ
1216 4211 1353 4280 πρὸς
1391 4211 1518 4264 τάδε
1549 4212 1642 4265 καὶ
1672 4215 1835 4282 ἡμεῖς
1856 4253 1871 4278 ,

289 4309 379 4361 ὅτι
414 4308 522 4359 πᾶν
551 4304 770 4373 πνεῦμα
797 4304 826 4356 6
853 4303 929 4374 μὴ
957 4303 1211 4370 ὁμολογεῖ
1236 4302 1442 4372 Ἰησοῦν
1471 4305 1530 4354 ἐν
1559 4306 1723 4374 σαρκὶ
1752 4304 1873 4373 ἐλη-

294 4396 516 4461 λυθότα,
547 4397 648 4448 οῦκ
678 4396 823 4447 ἔστιν
865 4396 928 4446 ἐκ
976 4394 1071 4446 τοῦ
1120 4391 1256 4445 Θεοῦ
1281 4408 1294 4423 '
1327 4395 1376 4444 εί
1409 4393 1468 4445 δὲ
1522 4395 1622 4464 οὐχ
1685 4396 1873 4464 ἕτερον

293 4488 565 4560 κηρύσσει
589 4526 604 4551 ,
633 4487 726 4539 τόν
755 4503 814 4539 τε
844 4486 1018 4554 Λόγον
1052 4484 1234 4556 σάρκα
1273 4483 1565 4554 γενόμενον
1591 4524 1606 4550 ,
1644 4485 1736 4537 καὶ
1785 4486 1873 4536 τὸν

1975 3379 2087 3434 duo
2131 3380 2403 3445 homines,
2435 3395 2764 3451 apparentes
2793 3387 2849 3438 in
2901 3388 2995 3441 illo
3033 3400 3157 3456 post
3187 3393 3573 3455 mutationem.

1975 3469 2133 3524 Jcsus
2165 3470 2222 3524 in
2258 3472 2537 3526 Christum
2565 3489 2797 3542 quorum
2825 3481 3177 3547 componitur
3217 3482 3550 3551 hypostasis,

1980 3571 2038 3615 ut
2087 3563 2290 3628 dicitis,
2336 3565 2498 3619 Jesus
2532 3568 2709 3620 lactus
2736 3567 2994 3622 Christus
3028 3571 3072 3624 si
3125 3589 3261 3627 vero
3298 3575 3552 3630 Christus

1977 3652 2121 3707 Deus
2146 3664 2200 3708 et
2223 3656 2388 3708 homo
2417 3672 2548 3709 vero
2579 3659 2848 3712 noscitur.
2884 3661 2948 3714 Et
2993 3664 3038 3717 si
3061 3663 3222 3718 .lesus
3263 3680 3552 3723 assumens

1977 3744 2374 3799 humanitatem
2415 3747 2687 3813 alienam,
2711 3759 2767 3803 et
2797 3750 3144 3807 divinitatem
3175 3753 3408 3821 Christi,
3439 3766 3553 3814 tres

1976 3837 2228 3892 homines
2250 3847 2454 3892 essent.
2502 3837 2757 3893 Christus
2817 3841 2995 3896 factus
3029 3848 3549 3918 ostendetseipsutn

1975 3943 2099 3982 esse
2125 3929 2272 3982 duos
2301 3933 2456 3994 deos,
2485 3931 2569 3983 vel
2604 3931 2763 3984 Jesus
2785 3937 3256 4002 argumentatione
3281 3937 3339 3991 in
3373 3938 3549 3996 Deum

1975 4031 2030 4076 et
2054 4023 2332 4077 hominem
2365 4025 2657 4092 partietur,
2688 4026 2870 4080 [actus
2892 4025 3176 4083 Christus.

2047 4207 2292 4262 Dicimus
2307 4223 2437 4262 vero
2474 4225 2601 4264 cum
2633 4211 2891 4281 theologo
2913 4211 2984 4266 de
3015 4209 3160 4279 istis,
3192 4214 3340 4284 quod
3365 4216 3546 4272 omnis

1974 4301 2202 4369 spiritus
2221 4300 2315 4369 qui
2334 4316 2445 4354 non
2462 4301 2758 4356 conﬁtetur
2783 4303 2837 4355 in
2859 4318 3080 4359 carnem
3095 4304 3282 4360 Jesum
3305 4307 3543 4376 venisse,

1975 4400 2192 4448 nonest
2220 4409 2250 4446 a
2282 4394 2515 4458 Deo,sed
2545 4394 2590 4448 si
2622 4394 2760 4448 nihil
2781 4395 2932 4449 aliud
2953 4397 3173 4451 nuntiat
3190 4397 3298 4452 nisi
3316 4398 3545 4454 verbum

1973 4501 2195 4540 carnem
2207 4485 2410 4542 factum
2423 4489 2673 4541 etJesum
2697 4488 2752 4541 in
2774 4503 2941 4544 carne
2961 4491 3200 4554 venisse.
3221 4492 3547 4551 evidensest

293 4583 508 4654 Ἰησοῦν
534 4585 592 4635 ἐν
615 4584 779 4653 σαρκὶ
800 4582 1116 4653 ἐληλυθότα,
1147 4580 1306 4651 δῆλον
1329 4580 1404 4642 ὡς
1421 4582 1512 4633 τὸν
1541 4581 1703 4636 αὐτὸν
1731 4576 1864 4634 οἶδεν

1973 4579 2121 4648 quod
2139 4581 2292 4635 novit
2309 4582 2486 4650 ipsum
2499 4583 2684 4636 Jesum
2700 4582 2756 4635 in
2769 4581 2988 4638 Christo
3003 4592 3060 4637 et
3074 4584 3352 4640 Christum
3367 4587 3546 4657 ipsum

290 4673 506 4746 Ἰησοῦν
531 4672 610 4744 τῷ
636 4672 878 4744 Χριστῷ,
899 4673 994 4725 καὶ
1017 4671 1250 4741 Χριστὸν
1282 4670 1371 4723 τὸν
1403 4670 1563 4722 αὐτὸν
1580 4671 1657 4740 τῷ
1676 4672 1837 4740 Λόγῳ
1859 4689 1869 4698 ·

292 4765 534 4837 Χριστός
561 4781 627 4819 τε
656 4765 766 4835 γὰρ
797 4767 898 4817 οὐκ
936 4763 1162 4818 ἄλλοθεν
1202 4763 1444 4830 λέγεται,
1480 4761 1514 4832 ἢ
1545 4763 1636 4814 διὰ
1676 4763 1739 4815 τὸ
1778 4780 1872 4815 κε-

293 4857 540 4928 κρίσθαι,
600 4858 692 4914 καὶ
744 4855 1057 4908 πιαίνεσθαι
1106 4857 1172 4924 τῇ
1209 4854 1428 4922 θεότητι
1483 4852 1578 4905 τοῦ
1628 4854 1804 4921 Λόγου
1836 4849 1869 4916 ή

293 4951 473 5023 σαρξο
507 4953 606 5004 καὶ
635 4949 879 5020 Ἰησοῦς,
918 4949 947 5001 6
992 4949 1108 5000 ἐστι
1180 4947 1369 5016 Σωτὴρ
1394 4985 1409 5010 ,
1462 4947 1559 5015 οὐχ
1605 4947 1871 5016 ἑτέρωθεν

295 5041 582 5109 κέκληται,
611 5040 646 5110 ἢ
674 5039 762 5092 διὰ
791 5039 851 5091 τὸ
881 5041 1150 5108 σωτήριον
1182 5038 1325 5105 ἔχειν
1351 5038 1592 5106 φυσικὴν
1621 5036 1868 5105 δύναμιν

289 5126 468 5189 οὕτως
499 5127 610 5196 γὰρ
639 5125 803 5178 αὑτοῦ
836 5127 929 5178 καὶ
961 5127 989 5178 6
1019 5125 1249 5192 ἄγγελος
1266 5126 1364 5194 τὴν
1388 5127 1711 5195 φερώνυμον
1736 5125 1869 5194 κλῆ-

293 5236 382 5272 σιν
401 5218 710 5289 ἐξηγήσατο
731 5217 906 5285 λέγων
924 5231 936 5245 ⁸
953 5236 971 5269 ι
997 5219 1105 5269 Καὶ
1129 5217 1412 5269 καλέσουσι
1431 5216 1494 5268 τὸ
1517 5217 1686 5286 δνυμα
1708 5217 1871 5270 αὑτοῦ

293 5309 529 5381 Ἰησοῦν·
563 5309 728 5370 αὐτὸς
769 5309 880 5378 γὰρ
929 5307 1092 5359 σώσει
1136 5307 1226 5359 τὸν
1264 5306 1390 5359 λαὸν
1422 5308 1585 5360 αὐτοῦ
1623 5309 1728 5360 ἀπὸ
1764 5307 1872 5360 τῶν

289 5400 581 5471 ἁμαρτιῶν
603 5399 801 5452 αὐτῶν.
838 5417 853 5447 ι
919 5397 978 5450 '0
1002 5397 1092 5450 οῦν
1126 5397 1265 5466 ἔχων
1295 5396 1544 5466 δύναμιν,
1599 5398 1658 5449 ού
1709 5399 1868 5465 μόνον

287 5491 390 5546 τοῦ
424 5493 499 5562 μὴ
538 5492 894 5562 ἁμαρτάνειν,
924 5490 1056 5541 ἀλλὰ
1077 5493 1172 5543 καὶ
1197 5490 1519 5560 λυτροῦσθαι
1548 5489 1657 5540 τῶν
1688 5491 1866 5558 ἁμαρ-

289 5585 446 5650 τιῶν,
477 5584 563 5646 τίς
592 5585 658 5636 ἂν
697 5583 782 5652 εἴη
818 5585 916 5651 τὴν
951 5584 1132 5651 φύσιν,
1164 5586 1212 5634 εἰ
1255 5584 1329 5653 μὴ
1363 5583 1530 5647 Θεός;
1565 5583 1734 5633 Τοῦτο
1757 5584 1864 5652 γὰρ

296 5675 659 5730 ούδὲἸουδαῖοι
683 5674 984 5744 ἠγνόησαν,
1005 5675 1251 5737 εἰπόντες
1285 5675 1365 5727 ὅτι
1399 5674 1612 5740 ιοὶδεὶς
1639 5672 1864 5727 δύναται

367 5820 406 5849 ⁸
435 5810 565 5864 Luc.
595 5826 647 5871 ν,
677 5809 767 5862 21.

1974 4671 2029 4724 in
2060 4671 2258 4726 Verbo.
2287 4673 2422 4726 Nam
2471 4673 2726 4728 Christus
2773 4690 2884 4728 non
2905 4676 3130 4731 aliunde
3156 4677 3382 4742 dicitur,
3410 4680 3518 4734 nisi

1973 4763 2100 4829 quia
2121 4778 2250 4817 caro
2264 4763 2429 4820 Verbi
2449 4774 2613 4819 uncta
2631 4765 2731 4819 l‘uit
2752 4775 2813 4818 ut
2827 4775 2985 4819 aucta
3002 4767 3372 4832 divinitate,et
3385 4768 3547 4824 Jesus

1972 4855 2064 4923 qui
2096 4863 2180 4907 est
2206 4855 2476 4921 Salvator,
2503 4872 2613 4910 non
2639 4856 2862 4912 aliunde
2900 4859 3239 4922 nominatur,
3287 4861 3393 4914 nisi
3415 4862 3546 4930 quia

1972 4956 2198 5015 propter
2243 4949 2474 5002 salutem
2514 4949 2679 5003 habet
2700 4950 2964 5004 virtutem
2996 4949 3301 5020 physicam.
3332 4953 3425 5007 Sic
3451 4968 3548 5006 an-

1970 5038 2126 5106 gelus
2148 5040 2267 5107 ejus
2297 5039 2486 5093 docuit
2515 5040 2660 5094 hanc
2684 5040 3191 5096 denominationem
3221 5043 3546 5113 signiﬁcati-

1970 5146 2246 5196 vamesse,
2270 5133 2510 5197 dicens,«
2531 5134 2839 5202 Etivocabis
2857 5151 3058 5191 nomen
3081 5139 3199 5208 ejus
3210 5137 3544 5208 Jesum,ipse

1971 5224 2118 5276 enim
2153 5224 2362 5276 salvum
2390 5224 2558 5278 faciet
2607 5226 2872 5294 pupulum
2920 5241 3078 5280 suum
3108 5241 3138 5279 a
3180 5228 3422 5295 peccatis
3449 5242 3544 5281 eo-

1971 5328 2114 5366 rum.
2139 5333 2155 5363 ι
2182 5313 2282 5379 Qui
2303 5329 2435 5385 ergo
2462 5315 2629 5370 habet
2662 5317 2919 5370 virtutem
2943 5333 3052 5371 non
3081 5319 3258 5372 solum
3282 5332 3391 5373 nou
3417 5333 3545 5387 pec-

1975 5405 2157 5464 candi.
2187 5404 2280 5458 sed
2313 5407 2586 5460 iiherandi
2618 5423 2646 5461 a
2696 5408 2959 5476 peccatis,
3015 5408 3194 5477 qualis
3215 5410 3321 5463 erit
3342 5419 3542 5464 natura

1973 5494 2075 5546 nisi
2106 5493 2289 5546 Deus?
2330 5494 2444 5548 Hoc
2485 5496 2631 5548 enim
2657 5495 2829 5550 Judaei
2854 5504 3249 5566 cognoverunt,
3273 5496 3543 5561 dicentes,

1971 5586 2117 5654 quod
2168 5606 2184 5635 ι
2221 5586 2393 5639 Nemo
2418 5596 2598 5655 potest
2647 5592 2932 5643 remittere
2960 5590 3179 5656 peccala
3238 5588 3340 5640 nisi
3391 5589 3544 5643 solus

1973 5675 2116 5728 Deus
2153 5683 2219 5726 ³³³»
2254 5684 2310 5728 et
2344 5675 2502 5731 Jesus
2531 5689 2779 5742 vocatur,
2808 5678 2997 5746 utipse
3026 5679 3167 5732 Deus
3188 5691 3307 5730 (sse
3337 5675 3544 5738 dicens:
