4194 6446
672 441 801 508 1731

1950 436 2256 502 LEONTII
2297 431 2701 492 BYZANTINI

3809 427 3954 490 173i

671 555 818 609 aNou
859 563 941 610 est
965 563 1164 626 przctcr
1185 553 1472 622 mejustus
1495 560 1550 606 et
1583 550 1856 614 Salvator,
1900 549 2029 618 quia
2096 547 2243 598 solus

2353 540 2577 607 ἀφιέναι
2611 535 2906 606 ἁμαρτίας,
2937 536 2983 587 εί
3019 535 3092 604 μὴ
3124 533 3286 604 μόνος
3316 536 3343 588 ὁ
3368 534 3523 599 Θεό;’
3558 554 3576 588 ι
3605 536 3699 590 καὶ
3726 535 3954 608 Ἰησοῦς

660 665 688 698 ιι
720 647 952 700 Domino
975 655 1002 683 ιι
1032 663 1078 710 ς»
1108 653 1164 699 et
1195 663 1207 697 :
1249 663 1266 693 ι
1296 645 1407 698 Nee
1425 659 1724 706 scnex,nce
1752 638 2103 713 angelus,scd
2132 637 2253 704 ipse

663 739 810 792 Deus
837 736 1192 799 salvavitnos
1230 743 1309 788 ο.»
1347 737 1404 789 Si
1436 751 1570 789 vero
1609 735 1808 802 aliquis
1853 732 1996 785 alius
2045 728 2252 783 dicitur

657 826 836 889 Jcsus,
865 826 1008 878 sicut
1044 825 1187 879 filius
1211 826 1324 879 Noe
1359 834 1415 879 et
1451 825 1545 893 qui
1576 823 2003 891 cognominatus
2045 828 2128 874 est
2152 820 2251 874 Ju-

658 927 778 970 stus
800 955 814 980 ,
847 916 1137 970 evidenter
1159 917 1302 985 quod
1321 915 1390 968 sit
1416 915 1497 968 vel
1527 931 1592 968 cx
1621 922 1776 983 parte
1807 911 2112 981 spiritualis
2134 927 2250 964 mc-

659 1007 908 1076 talepsis,
939 1009 1027 1059 vel
1068 1017 1293 1075 propter
1332 1008 1616 1069 virtutem,
1653 1007 1739 1058 vel
1791 1014 1952 1074 typus
1981 1004 2065 1057 vel
2097 1019 2251 1057 omo-

656 1098 878 1166 nymia.
945 1095 1100 1149 Sicut
1147 1097 1216 1150 de
1255 1097 1436 1152 Verbo
1486 1096 1691 1150 Christi
1747 1108 1857 1162 quo
1889 1093 2251 1145 nominantur

657 1187 958 1255 prephetzc,
989 1189 1303 1242 sacerdotes
1354 1179 1406 1241 et
1466 1203 1622 1256 reges
1674 1187 1820 1252 quod
1877 1201 1983 1238 non
2034 1200 2253 1252 semper

659 1279 827 1331 fuisse
855 1278 1138 1332 Christum
1166 1280 1376 1340 Jesum,
1405 1277 1710 1332 secundum
1757 1276 1924 1329 verba
1980 1275 2152 1338 Petri,
2195 1282 2250 1326 ct

659 1369 950 1423 Dominum
994 1378 1050 1422 et
1076 1369 1361 1422 Christum
1393 1369 1590 1423 fecisse
1623 1369 1810 1423 Jesnm
1855 1369 2027 1421 Deum
2055 1365 2248 1419 admo~

658 1462 791 1514 dum
824 1462 1085 1530 ingenue;
1122 1461 1166 1515 si
1199 1476 1333 1516 vero
1365 1463 1512 1531 quod
1548 1462 1697 1522 fecit,
1733 1462 1959 1530 dignum
1990 1469 2075 1512 est
2101 1457 2246 1526 quod

662 1564 768 1615 pra!
790 1547 1089 1602 exsistebat
1123 1558 1252 1603 ante
1279 1565 1500 1603 onmem
1531 1550 1897 1602 mutationem
1933 1557 2251 1618 etprogres-

657 1652 803 1691 sum.
837 1637 1008 1703 Igitur
1032 1639 1125 1707 qui
1158 1639 1292 1693 dicit
1322 1655 1430 1692 non
1463 1639 1707 1708 scipsum
1732 1639 1826 1693 sed
1851 1639 2069 1692 Patrem
2087 1652 2247 1690 suum

655 1742 925 1791 servasse,
944 1728 1138 1782 fecisse
1163 1738 1219 1781 et
1244 1729 1514 1783 formasse
1530 1737 1656 1781 ante
1681 1729 1914 1796 primam
1940 1735 2246 1780 creaturam

657 1816 752 1869 Dei
790 1817 994 1871 deinde
1030 1833 1170 1886 opus
1201 1820 1321 1887 ejus
1352 1818 1468 1870 ﬁeri
1512 1819 1730 1887 signum
1769 1817 1954 1886 populi
1989 1817 2129 1886 ejus,
2192 1823 2248 1869 ct

2351 627 2442 682 οὖν
2471 629 2808 699 ὠνόμασται,
2839 631 2912 689 ὼς
2935 627 3096 689 αὐτὸς
3123 625 3200 678 ὢν
3223 629 3252 680 6
3280 627 3412 690 Θεὸς
3442 631 3469 681 6
3497 630 3670 696 λέγων
3699 646 3714 661 ·
3767 650 3784 682 ι
3827 632 3957 683 Οὐκ

2351 721 2468 773 εστι
2502 720 2684 787 πάρεξ
2715 719 2848 789 ἐμοῦ
2881 718 3089 780 δίκαιος
3113 718 3207 769 καὶ
3235 717 3424 781 σώζων
3454 735 3468 750 ·
3500 721 3582 771 ὅτι
3609 721 3704 772 τοῦ
3732 722 3952 790 Κυρίου

2353 814 2385 882 ή
2415 831 2660 884 σωτηρια
2687 832 2703 863 ι
2742 827 2756 841 ·
2786 812 2880 863 καὶ
2915 830 2931 860 ι
2965 811 3040 864 Οὐ
3072 810 3336 881 πρεσδὺς,
3367 809 3474 861 οὐδ’
3513 810 3766 878 ἄγγελος,
3824 813 3952 865 ἀλλ’

2352 907 2514 970 αὐτὸς
2555 911 2583 960 6
2605 907 2805 976 Κύριος
2827 905 3033 958 ἔσωσεν
3061 905 3208 972 ἡμᾶς
3241 919 3255 933 ⁸
3297 923 3314 952 ι
3353 905 3399 956 εί
3435 904 3489 956 δὲ
3519 904 3614 956 καὶ
3645 906 3832 976 ἕτερός
3856 925 3954 968 τις

2352 1000 2572 1068 λέγεται
2593 998 2828 1067 Ἰησοῦς.
2857 997 3048 1064 ὥσπερ
3078 993 3172 1047 οὖν
3197 999 3224 1049 6
3252 995 3347 1047 τοῦ
3388 995 3564 1066 Ναυῆ,
3611 998 3708 1050 καὶ
3742 1001 3769 1050 6
3818 999 3954 1049 ἑπι-

2353 1090 2646 1160 λεγόμενος
2675 1086 2929 1152 Ἰοῦστος,
2969 1086 3128 1154 δῆλον
3157 1086 3231 1149 ὡς
3258 1085 3290 1156 ἢ
3316 1086 3426 1139 ἀπὸ
3462 1089 3662 1156 μέρους
3691 1105 3956 1158 πνευμα-

2351 1184 2511 1249 τικῆς
2541 1180 2917 1250 μεταλήψεως,
2951 1177 2982 1248 ἢ
3011 1178 3153 1230 κατὰ
3179 1178 3371 1247 τύχην,
3407 1177 3439 1246 ἧ
3481 1179 3652 1230 τύπον
3700 1182 3851 1231 ἐστὶν
3908 1181 3948 1249 ἡ

2351 1271 2640 1340 ὁμωνυμία
2666 1287 2680 1300 ·
2705 1269 2894 1338 ὥσπερ
2931 1270 3026 1337 καὶ
3067 1271 3158 1320 ἐπὶ
3202 1269 3311 1320 τῶν
3356 1269 3596 1338 χριστῶν
3629 1268 3954 1336 λεγομένων

2356 1360 2657 1430 προφητῶν
2688 1363 2781 1412 καὶ
2811 1360 3005 1426 ίερέων
3036 1361 3130 1412 καὶ
3163 1359 3429 1429 βασιλέων
3455 1376 3469 1391 ·
3513 1362 3573 1412 τὸ
3600 1361 3658 1413 δὲ
3689 1361 3763 1429 μὴ
3797 1357 3953 1414 εἶναι

2351 1455 2438 1508 ἀεὶ
2468 1453 2705 1522 Χριστὸν
2727 1452 2817 1504 τὸν
2846 1452 3057 1522 Ἰησοῦν
3087 1453 3174 1505 διὰ
3207 1452 3266 1504 τὸ
3294 1451 3577 1521 εἰρηκέναι
3595 1453 3685 1504 τὸν
3707 1453 3951 1520 Πέτρον,

2352 1545 2448 1598 καὶ
2481 1543 2685 1612 Κύριον
2714 1543 2806 1596 καὶ
2835 1545 3070 1612 Χριστὸν
3105 1543 3460 1611 πεποιηκέναι
3494 1543 3584 1595 τὸν
3615 1543 3824 1612 Ἰησοῦν
3847 1545 3953 1596 τὸν

2352 1635 2507 1698 Θεὸν,
2527 1633 2721 1704 εῠηθες
2746 1634 2866 1687 λίαν
2893 1649 2907 1663 ⁶
2943 1635 2993 1687 εί
3026 1634 3132 1704 γὰρ
3161 1633 3376 1695 πάντως
3411 1633 3717 1703 μεταϐολὴν
3744 1635 3777 1704 ἦ
3807 1651 3955 1703 προ-

2353 1725 2532 1790 κοπὴν
2563 1723 3036 1794 προῦποκειμένου
3072 1725 3328 1793 σημαίνει
3356 1725 3416 1775 τὸ
3444 1725 3720 1790 ἐποίησεν,
3745 1725 3949 1791 ἄραγε

2353 1817 2448 1870 καὶ
2471 1819 2498 1870 ὁ
2521 1816 2696 1884 λέγων
2724 1815 2824 1867 οὐκ
2851 1815 3013 1876 αὐτὸς
3044 1809 3200 1877 οὗτός
3229 1832 3323 1867 σου
3355 1817 3541 1884 Πατὴρ
3573 1815 3848 1884 ἐκτήσατὸ
3877 1831 3950 1867 σε

657 1908 849 1962 dicens
875 1927 885 1960 :
921 1909 1072 1962 «Tibi
1100 1911 1200 1963 soli
1223 1912 1444 1978 peccavi
1469 1919 1526 1963 et
1552 1911 1955 1963 malumeoram
1985 1919 2034 1963 te
2050 1909 2153 1962 feci
2173 1918 2243 1964 Ρ.»

2351 1909 2445 1960 καὶ
2493 1906 2717 1976 ἐποίησέ
2771 1923 2830 1958 σε
2865 1907 2960 1959 καὶ
2994 1905 3198 1958 ἔπλασὲ
3232 1923 3291 1958 σε
3323 1906 3541 1976 πρῶτον
3577 1906 3759 1975 κτῆμα
3794 1900 3949 1957 εἶναι

656 1998 714 2052 Si
771 2015 885 2054 non
954 2001 1160 2054 malum
1216 2001 1432 2066 fecerit,
1475 2002 1637 2055 simul
1700 2008 1821 2056 erat
1866 2009 1923 2054 et
1979 2015 2236 2068 peccans,

655 2092 748 2145 sed
774 2094 1026 2161 peccavit
1054 2094 1258 2163 primo,
1276 2094 1478 2148 deinde
1504 2095 1707 2148 malum
1721 2093 1872 2159 fecit,
1899 2094 2099 2161 etquis
2125 2093 2240 2145 haec

654 2181 921 2248 dedisset,
953 2200 1061 2238 non
1089 2201 1186 2254 per
1217 2192 1385 2239 totam
1418 2199 1631 2239 sacram
1663 2183 2006 2253 Scripturam
2053 2182 2241 2249 sophi-

653 2273 792 2327 stice
820 2275 980 2345 nugis
1004 2276 1292 2330 convictus
1314 2278 1516 2340 erit,et
1543 2277 1640 2346 qui
1666 2276 1803 2330 dicit
1835 2276 2006 2330 Deum
2041 2273 2241 2336 fecisse

654 2363 937 2419 hominem
962 2366 1029 2419 ad
1057 2367 1345 2436 imaginem
1370 2367 1490 2430 Dei,
1517 2382 1586 2419 an
1610 2367 1790 2434 primo
1818 2364 2126 2428 hominem,
2144 2363 2239 2418 de-

658 2455 786 2511 inde
812 2457 1105 2528 imaginem
1134 2457 1231 2512 Dei
1285 2459 1628 2513 factumesse
1661 2456 2059 2526 intelligemus.

2338 1998 2500 2062 Θεοῦ,
2534 1993 2656 2052 εἷτα
2685 1999 2900 2067 ποίημα
2924 1997 3092 2050 αὐτοῦ
3122 1999 3378 2064 γενέσθαι
3409 1999 3663 2067 σημαίνει
3691 1999 3784 2050 τὸν
3802 1999 3946 2050 λαὸν

2338 2090 2505 2146 αὑτοῦ
2563 2091 2658 2144 καὶ
2685 2092 2713 2143 6
2741 2088 2935 2151 είπὼν,
2988 2109 3004 2141 ι
3039 2091 3129 2142 Σοὶ
3164 2091 3309 2161 μόνῳ
3342 2091 3591 2160 ἥμαρτον
3620 2092 3714 2143 καὶ
3743 2091 3806 2142 τὸ
3832 2106 3949 2144 πο-

2338 2184 2506 2254 νηρὸν
2529 2183 2766 2236 ἐνώπιόν
2787 2200 2882 2236 σου
2904 2183 3160 2253 ἐποίησα,
3198 2202 3216 2234 ι
3261 2183 3321 2234 ού
3341 2184 3402 2235 τὸ
3431 2182 3666 2252 πονηρὸν
3697 2184 3946 2250 ποιήσας

2348 2275 2464 2345 ἅμα
2485 2270 2555 2346 ἦν
2579 2276 2678 2328 καὶ
2707 2274 2996 2344 ἁμαρτὼν,
3029 2273 3145 2327 ἀλλ’
3166 2274 3381 2344 ἥμαρτε
3422 2275 3636 2342 πρῶτον
3655 2313 3670 2332 .
3711 2268 3832 2325 εἶτα
3877 2272 3952 2326 τὸ

2349 2367 2592 2437 πονηρὸν
2626 2365 2853 2436 ἐποίησε
2874 2382 2888 2396 ·
2919 2368 3016 2419 καὶ
3043 2365 3126 2427 τίς
3147 2366 3316 2418 ταῦτα
3345 2366 3468 2427 δοὺς
3491 2405 3507 2427 ,
3542 2365 3602 2417 ού
3630 2365 3715 2417 διὰ
3751 2366 3951 2432 πάσης

2346 2459 2447 2529 τῆς
2481 2459 2639 2530 ἱερᾶς
2672 2458 2898 2529 Γραφῆς
2929 2457 3254 2526 σοφιστικῶς
3289 2457 3469 2528 ληρῶν
3501 2458 3894 2527 ἐλεγχθήσεται
3927 2479 3945 2526 ;

663 2552 758 2606 καὶ
784 2553 844 2604 ἐν
869 2553 950 2621 τῷ
982 2553 1240 2619 λέγεσθαι
1273 2553 1331 2606 δὲ
1363 2554 1587 2622 ποιῆσαι
1615 2553 1708 2606 τὸν
1734 2552 1871 2605 Θεὸν
1898 2551 1991 2603 τὸν
2030 2549 2321 2621 ἄνθρωπον
2339 2550 2460 2607 κατ’
2489 2553 2677 2606 εἰκόνα
2698 2550 2860 2618 Θεοῦ,
2889 2551 3108 2623 πρῶτον
3176 2549 3466 2622 ἄνθρωπον
3495 2591 3508 2615 ,
3570 2545 3688 2604 εἶτα
3745 2549 3951 2603 εἰκόνα

655 2644 793 2697 Θεοῦ
828 2645 1084 2712 γενέσθαι
1114 2645 1278 2697 αὑτὸν
1305 2647 1593 2714 νοήσομεν.

1311 2739 1465 2792 CAP.
1512 2739 1598 2794 Vl.

728 2829 936 2884 Divina:
951 2830 1251 2900 Scriptura:
1269 2832 1550 2888 Christum
1572 2840 1792 2896 vocant,
1811 2843 2049 2887 etunum
2070 2833 2240 2886 Deum

653 2933 712 2978 et
737 2938 904 2977 unum
933 2924 1235 2992 hominem,
1265 2935 1322 2980 et
1347 2942 1519 2980 unum
1543 2924 1854 2988 Christum,
1876 2923 1972 2979 sed
2017 2925 2107 2979 ille
2143 2922 2240 2992 qui

659 3032 801 3070 unus
831 3018 976 3072 Deus
1005 3019 1308 3073 secundum
1333 3028 1584 3073 naturam
1614 3025 1700 3073 est
1726 3018 1982 3072 similiter
2001 3025 2058 3071 et
2098 3030 2243 3070 unus

655 3105 844 3169 homo,
885 3107 1067 3176 quiet
1123 3125 1270 3164 unus
1316 3109 1543 3164 Christo
1592 3124 1692 3178 per
1737 3107 2108 3164 substantiam
2143 3105 2242 3161 Dei

656 3199 864 3251 unitam
913 3198 1124 3253 homini
1150 3209 1234 3254 est
1262 3215 1407 3254 unus
1424 3199 1894 3259 Christus.difl‘ert
1915 3193 2047 3268 ergo
2097 3212 2242 3251 unus

656 3287 805 3341 Deus
832 3288 901 3340 ah
939 3305 1049 3342 uno
1073 3289 1296 3344 Christo
1321 3289 1416 3342 sed
1439 3305 1550 3343 non
1577 3287 1765 3342 differt
1793 3287 1845 3340 in
1871 3301 1938 3340 eo
1960 3283 2103 3354 quud
2130 3297 2240 3337 non

655 3391 728 3444 sit
757 3390 924 3447 Deus,
956 3381 1051 3435 sed
1076 3382 1129 3435 in
1164 3398 1231 3436 eo
1254 3381 1400 3450 quod
1429 3381 1502 3434 sit
1536 3380 1724 3440 homo,
1751 3377 2009 3433 Christus
2054 3374 2243 3429 differt

655 3483 724 3536 ab
753 3495 821 3535 eo
843 3478 937 3548 qui
966 3485 1051 3530 est
1075 3474 1252 3529 solum
1279 3475 1423 3527 Deus
1439 3481 1495 3526 et
1523 3470 1836 3527 secundum
1864 3468 2239 3538 syllogismum

656 3591 724 3628 an
754 3571 942 3625 differt
977 3568 1046 3622 ab
1074 3567 1296 3620 homine
1341 3575 1539 3618 natura
1565 3563 1844 3626 Christus,
1885 3560 2018 3630 quid
2049 3557 2240 3613 dicitis

656 3679 780 3718 esse
800 3678 901 3732 per
927 3671 1200 3721 naturam,
1229 3659 1274 3711 si
1321 3673 1453 3711 vero
1483 3671 1581 3726 per
1597 3656 1714 3709 haec
1754 3669 1864 3708 non
1897 3661 2097 3706 natura
2121 3665 2240 3703 om-

657 3753 1270 3826 ninooportetdifferrc
1325 3751 1394 3804 ab
1437 3751 1660 3803 homine
1715 3748 1998 3802 Christum
2030 3743 2235 3809 dicitis,

658 3864 760 3904 nec
785 3848 952 3902 etiam
986 3859 1213 3900 necesse
1249 3851 1308 3896 ut
1347 3841 1542 3894 iisdem
1563 3838 1786 3894 differat
1810 3852 1840 3891 a
1868 3837 2001 3890 Deo.

1294 4125 1446 4180 CAP.
1487 4125 1599 4180 VII.

734 4221 1024 4278 Dominum
1067 4233 1125 4274 et
1173 4218 1456 4273 Christum
1512 4217 1645 4271 fecit
1688 4217 1832 4270 Deus
1866 4213 2078 4276 Jesum,
2139 4209 2234 4264 ubi

660 4315 819 4384 ponis
839 4313 1006 4367 Deum
1027 4311 1291 4373 Verbum,
1311 4326 1344 4363 ο
1359 4308 1609 4380 Ᾱῐεγριο,
1628 4324 1696 4361 an
1715 4305 2009 4360 Dominum
2027 4302 2236 4358 facien-

2958 2739 3206 2791 ΚΕΦΑΛ.
3246 2737 3321 2792 Ζ’.

2421 2833 2487 2884 Δί
2518 2830 2659 2885 θεῖαι
2698 2829 2916 2902 Γραφαὶ
2971 2832 3060 2885 τὸν
3118 2831 3351 2899 Χριστὸν
3405 2830 3648 2894 καλοῦσι,
3691 2833 3785 2884 καὶ
3833 2832 3949 2887 La

2349 2924 2507 2987 Θεὸν,
2560 2925 2657 2977 καὶ
2695 2923 2792 2977 ἕνα
2814 2922 3123 2994 ἄνθρωπον,
3185 2924 3280 2976 καὶ
3332 2922 3426 2974 Eva
3464 2923 3719 2991 Χριστόιο
3752 2925 3873 2977 ἀλλ’
3915 2929 3950 2978 ὁ

2353 3016 2452 3085 μὲν
2477 3010 2556 3076 εἷς
2589 3014 2743 3078 Θεὸς,
2785 3017 2929 3068 κατὰ
2973 3013 3134 3082 φύσιν
3187 3015 3333 3066 ἐστιν
3365 3007 3445 3075 εἷς
3485 3030 3497 3042 ·
3524 3013 3787 3077 ὡσαύτως
3837 3018 3950 3067 καὶ

2344 3110 2372 3161 6
2397 3104 2475 3169 εἷς
2510 3107 2816 3176 ἄνθρωπος’
2842 3108 2871 3159 6
2910 3107 2967 3159 δὲ
2998 3100 3080 3168 εἷς
3104 3105 3358 3176 Χριστὸς,
3385 3107 3526 3158 κατὰ
3550 3107 3646 3175 τὴν
3684 3108 3950 3162 ἑκούσιον

2344 3199 2539 3252 ἕνωσιν
2562 3198 2699 3251 Θεοῦ
2733 3199 2870 3268 πρὸς
2901 3198 3188 3270 ἄνθρωπόν
3222 3200 3367 3250 ἐστιν
3401 3192 3479 3260 εἷς
3525 3199 3784 3267 Χριστός·
3815 3199 3950 3252 δια-

2345 3287 2500 3357 φέρει
2530 3287 2639 3355 ἄρα
2668 3288 2696 3339 6
2723 3282 2806 3350 εἴξ
2853 3288 3006 3351 Θεὸς,
3041 3287 3135 3339 τοῦ
3199 3286 3316 3349 ἐνὸς
3369 3286 3632 3356 Χριστοῦ.
3673 3288 3837 3342 Ἀλλὰ
3873 3291 3946 3343 οὐ

2342 3377 2421 3447 τῷ
2458 3378 2533 3448 μὴ
2563 3374 2701 3430 εἶναι
2726 3378 2966 3449 Θεὸς,τῷ
2999 3378 3054 3431 δὲ
3093 3374 3235 3430 εῖναι
3271 3379 3367 3431 καὶ
3398 3380 3711 3451 ἄνθρωπος,
3741 3382 3951 3446 διαᾷὲ-
3985 3359 3988 3362 Α

2345 3488 2430 3542 ρει
2470 3470 2564 3522 τοῦ
2597 3467 2736 3523 εἶναι
2797 3472 2958 3542 μόνον
3008 3471 3161 3535 Θεὸς,
3210 3473 3464 3543 Χριστός·
3520 3473 3660 3527 κατὰ
3690 3473 3747 3526 δὲ
3778 3475 3948 3528 τόνδε

2340 3564 2430 3616 τὸν
2471 3563 2852 3633 συλλογισμὸν,
2911 3565 3003 3618 καὶ
3056 3564 3346 3635 ἀνθρώπου
3395 3566 3503 3631 ἄρα
3559 3565 3806 3635 διαφέροι
3861 3568 3942 3620 ἂν

2340 3655 2440 3725 τὴν
2493 3654 2676 3724 φύσιν,
2715 3655 2972 3724 Χριστός·
3026 3658 3074 3707 εἰ
3105 3655 3160 3707 δὲ
3193 3655 3288 3708 καὶ
3333 3655 3472 3708 Θεοῦ
3511 3657 3604 3708 καὶ
3636 3657 3945 3726 ἀνθρώπου

2339 3746 2581 3816 διασέρει
2614 3749 2679 3816 τῇ
2706 3746 2866 3815 φύσει
2895 3746 3150 3818 Χριστὸς,
3181 3747 3233 3799 τί
3263 3748 3327 3799 ἂν
3358 3747 3442 3818 εἴη
3471 3749 3664 3801 εἶπατε
3702 3750 3802 3818 τὴν
3827 3752 3946 3818 φύ-

2343 3857 2446 3892 σινο
2471 3841 2517 3891 εί
2550 3840 2607 3892 δὲ
2637 3839 2724 3891 διὰ
2751 3839 2876 3892 τάδε
2905 3840 2977 3908 μὴ
3006 3841 3070 3908 τῇ
3101 3838 3260 3904 φύσει
3289 3840 3504 3901 πάντως
3526 3840 3633 3892 δεῖν
3653 3841 3949 3910 διαφέρειν

2339 3930 2433 3983 τοῦ
2466 3929 2752 4000 ἀνθρώπου
2811 3930 3044 3999 Χριστόν
3102 3947 3259 3996 φατε,
3314 3930 3425 3982 οὐδ’
3486 3933 3596 4000 ἄρα
3645 3932 3740 3984 τοῦ
3790 3933 3938 3986 Θεοῦ

2338 4021 2673 4090 ἀναγκαίως,
2704 4022 2767 4075 ὲκ
2788 4020 2957 4074 τῶνδε
2983 4021 3250 4090 διαφέρει.

2965 4134 3217 4187 ΚΕΦΑΛ.
3251 4135 3324 4186 Z'.

2410 4226 2620 4298 Κύριον
2654 4227 2749 4280 καὶ
2780 4225 3022 4297 Χριστὸν
3054 4225 3313 4290 ἐποίησεν
3345 4225 3372 4275 ὁ
3401 4223 3535 4288 Θεὸς
3563 4225 3655 4277 τὸν
3697 4225 3939 4293 Ἰησοῦ-ιο

2338 4318 2442 4370 ποῦ
2468 4320 2692 4381 τάσσεις
2720 4318 2810 4370 τὸν
2838 4316 2972 4370 Θεὸν
3008 4317 3202 4386 Λόγον,
3238 4311 3284 4370 ὦ
3319 4316 3587 4382 Αἰγύπτιε
3626 4333 3642 4382 ;
3674 4319 3940 4375 ποιοῦντα

662 4419 770 4461 tem
835 4421 903 4459 an
946 4403 1237 4459 Dominum
1298 4402 1523 4463 factum,
1561 4416 1670 4453 non
1717 4398 1928 4452 faciens
1965 4395 2232 4466 speciales

2345 4409 2542 4479 Κύριον
2571 4427 2586 4474 ;
2617 4409 2649 4479 ἦ
2683 4407 3009 4478 ποιούμενον
3039 4408 3243 4479 Κύριον
3269 4427 3284 4472 ;
3318 4408 3393 4478 μὴ
3413 4409 3582 4461 ποιῶν
3612 4409 3789 4472 ίδικὰς
3819 4411 3939 4463 δια-

661 4493 1106 4557 distributiones,
1144 4490 1590 4566 respondendum
1625 4489 1690 4543 ad
1730 4487 2091 4557 quaestionem
2135 4503 2232 4554 pa-

661 4588 894 4640 rientem
917 4601 1067 4648 vere,
1091 4583 1184 4636 sed
1206 4584 1456 4636 cessione
1485 4583 1721 4651 propria:
1748 4590 1962 4635 naturae
1985 4579 2050 4632 ad
2075 4587 2235 4632 natu-

660 4695 776 4731 ram
829 4675 1073 4730 hominis
1117 4683 1172 4728 ct
1218 4675 1424 4728 unione
1465 4673 1520 4726 in
1552 4687 1714 4727 unam
1759 4670 2056 4741 specialem
2102 4667 2235 4722 olim

661 4769 1007 4842 hyposlasin.

1292 4879 1442 4934 CAP.
1489 4880 1623 4932 Vlll.

734 4972 1003 5026 Similiter
1033 4971 1079 5025 si
1114 4971 1403 5025 nobiscum
1442 4971 1718 5038 particeps
1763 4968 1941 5024 faetus
1973 4975 2060 5022 est
2116 4982 2238 5021 car-

662 5067 751 5120 nis
777 5074 834 5118 et
882 5064 1163 5134 sanguinis
1199 5063 1487 5127 Christus,
1525 5061 1816 5116 evidenter
1849 5068 2046 5114 natura
2071 5075 2237 5128 quam

665 5156 832 5210 habet
862 5155 1008 5208 inter
1039 5169 1140 5207 nos
1178 5165 1262 5207 est
1303 5154 1465 5206 homo
1494 5151 1768 5206 Christus.
1795 5150 1990 5219 Siquid
2037 5149 2234 5202 horum

667 5263 765 5302 seu
796 5248 960 5302 etiam
999 5246 1288 5315 aequaliter
1319 5245 1633 5314 participat,
1671 5244 1898 5297 omnino
1930 5250 2014 5296 est
2043 5241 2238 5295 eadem

665 5347 863 5393 natura
911 5339 1142 5406 integre,
1180 5348 1236 5391 et
1281 5337 1453 5390 solius
1502 5345 1711 5389 natura:
1751 5335 1986 5388 aliorum
2021 5350 2146 5387 cum
2175 5349 2243 5387 eo

663 5428 1260 5498 comparticipantium.
1323 5427 1493 5496 Igitur
1539 5434 1663 5495 post
1719 5435 1954 5493 quatuor
2003 5425 2243 5476 elemen—

665 5530 871 5583 torum,
902 5518 1155 5580 formica,
1195 5526 1252 5570 et
1279 5518 1494 5586 perdix,
1522 5527 1577 5571 ct
1608 5515 1827 5584 squilla,
1885 5525 1940 5568 et
1965 5514 2237 5584 panthera

665 5611 1022 5682 participant,
1049 5625 1118 5662 an
1147 5617 1278 5663 sunt
1306 5610 1488 5662 omnia
1529 5608 1778 5677 ejusdem
1811 5605 2059 5658 natm-zu?
2090 5603 2239 5672 aspi-

668 5717 730 5759 ce
764 5715 918 5772 ergo.
970 5716 1003 5754 o
1046 5709 1127 5762 tu,
1176 5700 1324 5769 quod
1370 5699 1690 5754 corumdem
1737 5697 1924 5767 pueris
1961 5707 2017 5749 et
2069 5695 2235 5750 simili

742 5848 768 5874 υ
803 5838 906 5892 ίέιι.
952 5840 1036 5902 45,
1075 5839 1158 5902 Η,
1199 5838 1275 5890 l2.
1355 5847 1374 5866 °
1421 5839 1521 5890 lsa.
1549 5855 1693 5904 Lxm,
1727 5840 1777 5892 9.
1860 5852 1886 5889 ι»
1924 5837 2063 5891 Ρδάί.
2095 5855 2141 5902 ι.,
2180 5837 2228 5890 6.

2341 4505 2531 4572 νομάς·
2564 4501 2855 4570 ἀπόκριναι
2887 4502 3023 4571 πρὸς
3055 4502 3155 4570 τὴν
3187 4500 3474 4569 ἐρώτησιν.
3511 4501 3778 4554 Ποιοῦντα
3835 4505 3938 4572 μὲν

2341 4597 2533 4660 ὅντως,
2564 4596 2702 4648 ἀλλὰ
2732 4598 2798 4665 τῇ
2857 4595 2956 4664 τῆς
2995 4594 3128 4656 ἰδίας
3183 4598 3400 4661 φύσεως
3435 4594 3636 4646 ἐνδόσει
3698 4598 3778 4657 είς
3835 4596 3938 4662 τὴν

2342 4686 2436 4738 τοῦ
2466 4684 2755 4754 ἀνθρώπου
2795 4684 2975 4754 φύσιν,
3012 4685 3105 4735 καὶ
3153 4683 3400 4754 ἐμπλοκῇ
3455 4683 3599 4736 κατὰ
3653 4685 3785 4753 μίαν
3834 4687 3937 4754 τὴν

2349 4775 2521 4844 ίδικὴν
2547 4775 2617 4828 αύ
2629 4775 2715 4827 τοῦ
2753 4775 2921 4827 πάλαι
2946 4774 3244 4827 ὑπόστασιν

2959 4886 3004 4937 Κ
3016 4885 3212 4939 ΙΞΦΑΛ.
3241 4887 3322 4938 ιιι.

2418 4977 2480 5028 Εἰ
2529 4975 2929 5046 παραπλησίως
2983 4977 3116 5046 ημῖν
3165 4974 3534 5046 κεκοινώνηκε
3583 4977 3789 5046 σαρκὸς
3835 4980 3934 5028 καὶ

2345 5066 2575 5135 αἵματος
2605 5069 2632 5118 6
2658 5066 2891 5134 Χριστὸς
2912 5108 2927 5131 ,
2981 5067 3138 5137 δῆλον
3171 5067 3253 5119 ὅτι
3307 5066 3568 5135 φύσειτῇ
3601 5066 3729 5119 καθ’
3783 5069 3934 5138 ἡμεῖς

2347 5156 2494 5208 ἐστιν
2527 5155 2816 5225 ἄνθρωπος
2847 5159 2875 5209 6
2897 5157 3152 5226 Χριστός.
3188 5158 3252 5210 El
3279 5173 3332 5208 τι
3363 5153 3457 5208 οῦν
3487 5156 3592 5209 τῶν
3623 5158 3807 5209 αὐτῶν
3835 5160 3932 5208 καὶ

2344 5245 2608 5309 ὡσαύτως
2639 5249 2901 5308 κοινωνεῖ,
2937 5247 3152 5310 πάντως
3183 5247 3276 5300 καὶ
3305 5248 3403 5316 τῆς
3431 5246 3602 5316 αὐτῆς
3630 5249 3748 5298 ἐστι
3797 5248 3934 5299 πάν-

2347 5355 2414 5406 τη
2447 5339 2687 5405 φύσεώς,
2718 5340 2813 5390 καὶ
2845 5340 3012 5408 μόνης
3041 5338 3150 5392 τῶν
3206 5341 3409 5407 ἐτέρων
3460 5339 3570 5390 τῶν
3635 5339 3728 5390 τοῦ
3765 5339 3933 5392 αὑτοῦ

2348 5443 2411 5477 συ
2421 5445 2456 5494 μ
2466 5428 2862 5496 μετασχόντων·
2897 5423 3006 5496 ἆρα
3034 5424 3129 5479 οὖν
3157 5427 3281 5478 ἐπεὶ
3308 5427 3416 5478 τῶν
3444 5427 3732 5495 τεσσάρων
3783 5444 3930 5479 στοι-

2339 5517 2526 5585 χείων,
2561 5517 2786 5587 μύρμηξ
2820 5535 2876 5570 τε
2914 5518 3008 5569 καὶ
3041 5517 3233 5587 πέρδιξ
3259 5517 3354 5569 καὶ
3385 5517 3546 5587 καρὶς
3590 5518 3684 5569 καὶ
3716 5517 3930 5589 πάρδα’

2339 5608 2422 5670 λις
2455 5610 2693 5678 μετέχει,
2727 5614 2825 5680 τῆς
2878 5610 3051 5677 αὐτῆς
3099 5611 3204 5662 είσι
3256 5609 3384 5662 τάδε
3435 5609 3653 5676 φύσεως
3701 5612 3931 5689 nam;

2341 5700 2540 5752 Σκόπει
2573 5698 2652 5764 δὲ,
2688 5693 2732 5752 ὦ
2761 5695 2935 5762 οὗτος,
2969 5698 3049 5750 ὅτι
3077 5700 3184 5751 τῶν
3215 5699 3313 5769 μὲν
3345 5698 3528 5753 αὐτῶν
3554 5701 3668 5762 τοῖς
3690 5699 3933 5764 παιδίοις
