4194 6446
668 431 804 492 1735
1852 377 1860 384 .
1929 427 2236 487 LEONTII

2343 427 2408 484 i'Z
2421 425 2681 486 ΑΝΤΙΝῙ
3775 417 3921 481 173G

661 546 768 612 ipsi
799 557 1052 602 naturam
1087 545 1258 602 totius
1294 547 1566 618 corporis.
1595 548 1754 617 cujus
1783 548 1826 601 si
1879 564 1986 601 non
2012 548 2081 600 sit
2106 561 2229 615 par-

2343 547 2431 612 τῆς
2461 541 2744 611 ὀμοούσιον
2779 541 2914 610 αὐτῇ
2944 540 3104 607 φύσιν
3145 538 3307 592 αὐτοῦ
3349 536 3443 590 τοῦ
3493 536 3615 590 ὅλου
3661 534 3918 606 σώματος

665 637 862 706 ticeps,
895 654 996 692 nec
1027 647 1112 692 est
1141 649 1309 710 caput
1343 655 1468 693 cum
1513 655 1620 693 non
1665 641 1866 709 dirigat
1893 639 2101 705 reliqua
2126 637 2232 689 cir-

2343 638 2503 688 ἱστιν·
2535 631 2601 706 ἦς
2645 636 2694 687 εἰ
2735 634 2809 702 μὴ
2844 635 3082 702 μετέχει,
3116 633 3224 685 οὐδ’
3261 632 3367 701 ἄρα
3399 631 3608 700 κεφαλή
3640 631 3803 686 ἐστιν.
3838 629 3925 690 ὡς

663 745 726 782 ea
755 729 938 793 illam;
970 729 1013 782 si
1052 745 1186 785 vero
1219 732 1500 800 particeps
1528 743 1612 786 est
1639 733 1759 800 ejus
1800 733 1893 800 qui
1947 740 2128 783 movet
2178 738 2235 783 et

2343 727 2474 796 μηδὲ
2507 726 2850 796 ἡγεμονοῦν.
2906 725 3090 777 λοιπὸν
3138 723 3259 776 καθ’
3289 723 3477 791 αὑτήν·
3518 723 3566 774 εἰ
3593 719 3648 773 δὲ
3697 721 3923 789 μετέχει

661 821 770 890 agit
799 837 999 890 corpus
1036 839 1144 877 non
1171 839 1300 877 vero
1336 823 1609 891 reliquum
1638 822 2044 892 dirigitur,'sed
2077 823 2234 890 prin-

2343 817 2429 870 τοῦ
2485 818 2760 877 κινοῦντος
2782 817 2876 869 καὶ
2904 817 3127 884 ἄγοντος
3173 815 3234 866 τὸ
3291 815 3472 882 σῶμα,
3505 812 3613 866 οὐδ’
3643 812 3749 880 ἄρα
3801 812 3922 862 λοιο

662 912 891 980 cipium.
920 913 1094 984 Igitur
1121 924 1180 967 ut
1205 913 1438 968 membri
1477 913 1652 968 nostri
1676 922 1732 967 et
1756 913 1941 967 carnis
1973 929 2087 966 sua:
2127 913 2234 965 Do-

2343 909 2440 960 πὸν
2476 907 3125 978 ἡγεμονευόμενον,ἁλλὰ
3154 906 3320 976 ἄρχον
3369 905 3535 957 ἐστίν·
3591 903 3785 956 οὐκοῦν
3846 903 3930 964 ὡς

2340 1001 2534 1069 μέλους
2568 1001 2666 1068 μὲν
2693 998 2850 1070 ἡμῶν
2889 996 3056 1068 οῦσης
3088 999 3176 1050 καὶ
3204 1000 3302 1066 τῆς
3349 998 3550 1068 σαρκὸς
3582 997 3773 1049 ἑαυτοῦ
3805 996 3928 1048 Κῦ-

2341 1108 2453 1162 ριος
2489 1093 2516 1144 6
2561 1091 2764 1157 Λόγος,
2820 1091 2867 1142 εἰ
2917 1092 3012 1143 καὶ
3061 1093 3263 1159 ταύτης
3315 1092 3414 1158 τῆς
3476 1088 3716 1157 κεφαλῆς
3764 1088 3932 1156 ἡμῶν

2340 1182 2655 1251 νοουμένης,
2687 1183 2778 1233 ἐπὶ
2805 1182 2897 1233 καὶ
2925 1182 3063 1251 αὑτὴ
3126 1181 3217 1234 ὑπ’
3239 1179 3403 1235 αὑτοῦ
3444 1180 3680 1248 λέγεται·
3713 1179 3934 1247 κεφαλὴ

2341 1275 2450 1344 γὰρ
2497 1275 2592 1325 καὶ
2627 1273 2868 1344 Χριστοῦ
2924 1275 2952 1326 6
2977 1273 3110 1338 Θεὸς
3163 1275 3400 1343 εἴρηται·
3435 1274 3494 1324 οὐ
3526 1273 3630 1342 μὴν
3657 1273 3750 1323 καὶ
3799 1272 3934 1324 ὅλου

2342 1364 2599 1434 Χριστοῦ·
2630 1362 2722 1418 τοῦ
2762 1365 2870 1436 γὰρ
2897 1365 3020 1418 ὅλου
3047 1365 3142 1417 καὶ
3179 1367 3212 1433 ὴ
3243 1364 3453 1432 κειξαλὴ
3496 1365 3656 1434 αὐτὴ,
3695 1364 3868 1433 ἤγουν
3903 1367 3938 1413 6

2342 1453 2536 1522 Λόγος·
2582 1455 2675 1508 καὶ
2725 1455 2886 1516 αὐτὸς
2947 1453 3144 1506 ἑαυτοῦ
3191 1458 3251 1507 οὐ
3287 1453 3556 1515 δεσπόζει·
3590 1455 3638 1505 εἰ
3670 1453 3725 1506 δὲ
3782 1451 3940 1505 καθὰ

2344 1545 2449 1612 φὴς
2478 1546 2538 1598 τὸ
2561 1545 2822 1608 δεσπόζον
2871 1545 2966 1598 τοῦ
2995 1543 3211 1606 λοιποῦ,
3264 1545 3360 1597 καὶ
3405 1547 3504 1613 τῆς
3541 1544 3790 1610 κεφαλῆς
3812 1543 3940 1624 .63-

2347 1636 2555 1700 σπόζει,
2600 1635 2722 1688 ἐπεὶ
2757 1635 2994 1706 Χριστοῦ
3032 1636 3242 1705 κεφαλὴ
3271 1638 3298 1688 6
3330 1635 3462 1698 Θεὸς
3504 1632 3643 1688 εἶναι
3688 1636 3938 1706 ἐρρήθη,

2343 1724 2450 1794 ἄρα
2480 1727 2696 1780 καὶτοῦ
2731 1728 2865 1780 Θεοῦ
2915 1728 3166 1793 δεσπόζει
3208 1731 3236 1782 6
3271 1729 3422 1790 Θεός·
3457 1728 3554 1781 τοῦ
3581 1728 3690 1796 γὰρ
3731 1727 3938 1797 σῶμα·

2342 1833 2435 1878 τος
2465 1818 2904 1890 ὑποτεταγμένον
2945 1819 3022 1889 τῷ
3043 1820 3163 1889 Θεῷ
3196 1821 3364 1889 ἤγουν
3400 1819 3640 1890 Χριστοῦ
3667 1819 3812 1881 ὅλου,
3851 1818 3941 1881 ὥς

2275 1895 2318 1950 Β
2351 1931 2513 1982 φατε,
2551 1914 2646 1965 καὶ
2677 1912 2776 1982 τὴν
2821 1911 3064 1982 κεφαλὴν
3096 1911 3284 1976 αὑτοῦ,
3313 1913 3481 1984 ἧγουν
3510 1911 3602 1964 τὸν
3637 1911 3787 1975 Θεὸν,
3848 1912 3948 1963 δεῖ

2349 2005 2666 2058 ὑποκεῖσθαι
2692 2003 2771 2074 τῷ
2814 2003 2964 2074 αὑτῴ
2993 2003 3134 2074 Θεῷ.

2975 2094 3230 2149 ΚΕΦΔΔ.
3254 2094 3353 2148 ll".

2426 2189 2487 2241 Εἰ
2518 2189 2591 2260 μὴ
2617 2189 2746 2249 Θεὸς
2764 2188 2857 2240 καὶ
2879 2185 3146 2254 δεσπότης
3164 2185 3260 2238 τοῦ
3280 2183 3518 2255 Χριστοῦ
3540 2186 3568 2237 6
3583 2183 3710 2246 Θεὸς
3728 2184 3945 2251 Λόγος,

2347 2280 2506 2351 δῆλον
2531 2283 2614 2334 ὅτι
2664 2281 2786 2332 οὐδὲ
2813 2279 2941 2342 ναὸς
2974 2277 3067 2332 τοῦ
3096 2277 3234 2329 Θεοῦ
3262 2278 3436 2342 Λόγου
3465 2278 3494 2329 6
3518 2276 3767 2346 Χριστός·
3798 2276 3848 2327 ει
3875 2276 3950 2327 δὲ

2346 2375 2472 2438 ναὸς
2523 2374 2619 2425 τοῦ
2667 2371 2802 2425 Θεοῦ
2852 2371 3027 2438 Λόγου
3065 2366 3150 2441 ᾖὸ
3193 2369 3421 2439 Ἰησοῦς,
3448 2369 3506 2435 ἐξ
3552 2369 3794 2437 ἀνάγκης
3831 2367 3947 2420 καὶ

2345 2467 2476 2529 Θεὸς
2497 2464 2660 2518 αὐτοῦ
2693 2465 2786 2517 καὶ
2839 2463 3102 2533 δεσπότης
3130 2463 3158 2515 6
3188 2461 3320 2524 Θεὸς
3345 2461 3535 2528 Λόγος.
3565 2459 3629 2513 Ἡ
3660 2459 3797 2529 σὰρξ
3831 2461 3951 2526 μό-

2345 2571 2411 2622 νη
2446 2554 2570 2617 ναὸς
2629 2552 2722 2606 τοῦ
2762 2551 2958 2619 Λόγου·
3009 2554 3038 2605 6
3069 2551 3179 2623 γὰρ
3228 2553 3461 2623 Χριστὸς
3501 2551 3625 2614 ναὸς
3660 2550 3775 2620 ἅμα
3837 2551 3950 2602 καὶ

2345 2644 2477 2707 Θεὸς
2503 2644 2725 2697 ἑνοικῶν
2752 2643 2830 2713 τῷ
2867 2642 2982 2714 ναῷ
3009 2645 3176 2696 ὲστιν·
3205 2643 3327 2696 οὔτε
3361 2643 3472 2710 γὰρ
3512 2642 3715 2714 χρίσμα
3745 2641 3947 2710 μόνον,

2344 2734 2470 2788 οὔτε
2519 2734 2950 2806 χρισθησόμενον
3002 2737 3030 2788 6
3067 2735 3303 2804 Χριστὸς
3363 2734 3602 2804 ἀληθῶς,
3642 2733 3776 2785 ἀλλὰ
3809 2735 3954 2802 χρίο

2349 2843 2461 2898 σμα
2519 2828 2614 2881 καὶ
2659 2828 2688 2880 6
2727 2825 3011 2897 χρισθέίς·
3048 2821 3116 2897 ἦν
3135 2826 3191 2880 δὲ
3248 2825 3309 2878 τὸ
3341 2825 3439 2895 μὲν
3471 2824 3688 2896 χρισθὲν
3721 2823 3785 2877 τὸ
3819 2827 3951 2876 ἁν-

2349 2918 2619 2988 θρώπινον
2646 2919 2740 2971 τοῦ
2789 2919 3016 2989 Κυρίου·
3053 2920 3114 2970 τὸ
3144 2919 3200 2970 δὲ
3254 2918 3486 2989 χρίσμα,
3530 2919 3631 2971 οὐκ
3673 2916 3954 2983 αἰσθητὸν

2345 3009 2543 3080 δηλαδή
2573 3027 2628 3064 τι
2660 3011 2818 3076 ὅλως,
2847 3010 2986 3065 ἀλλὰ
3011 3011 3073 3063 τὸ
3102 3011 3258 3065 Θετον
3303 3011 3489 3066 αὐτοῦ·
3537 3011 3669 3073 Θεὸς
3693 3011 3802 3080 ἄρα
3834 3013 3954 3063 καὶ

2301 3112 2306 3118 ’
2348 3103 2633 3170 ἄνθρωπος
2661 3105 2688 3156 6
2725 3103 2886 3164 αὐτὸς
2921 3104 3176 3172 Χριστός.

1301 3198 1452 3254 CAP.
1489 3199 1628 3254 XIV.

2912 3195 3166 3247 ΚΕΦΑΛ.
3198 3193 3292 3247 1Δ’.

744 3290 801 3346 Si
853 3290 1036 3345 omnia
1079 3307 1179 3360 per
1237 3291 1477 3345 Verbum
1534 3308 1642 3344 non
1683 3291 1858 3345 solum
1910 3290 2050 3345 facta
2083 3299 2235 3354 sunt,

2423 3285 2486 3338 El
2517 3285 2692 3338 πάντα
2743 3285 2829 3338 διὰ
2858 3285 2950 3338 τοῦ
3014 3287 3187 3352 Λόγου
3222 3285 3281 3338 οὐ
3333 3285 3492 3353 μόνον
3523 3287 3767 3354 γέγονεν.
3796 3287 3953 3343 ἀλλὰ

672 3380 768 3434 sed
833 3380 993 3444 llunt,
1047 3383 1278 3434 evidens
1303 3381 1559 3450 estquod
1594 3382 1754 3436 Jesus
1775 3391 1829 3435 et
1878 3381 2145 3435 Dominus
2191 3390 2244 3435 et

2351 3379 2448 3433 καὶ
2495 3379 2739 3448 γίνεται,
2788 3379 2946 3448 δῆλον
2982 3379 3064 3431 ὄτι
3124 3379 3219 3432 xal.
3247 3379 3275 3431 6
3318 3379 3527 3446 Ἰησοῦς
3579 3379 3674 3432 καὶ
3723 3379 3953 3450 Κύριος

669 3469 926 3527 Christus
943 3489 1042 3542 per
1062 3473 1230 3526 Deum
1254 3473 1496 3528 Verbum
1515 3474 1753 3528 ell'ectus
1773 3485 1879 3538 est,
1911 3484 1967 3528 et
1995 3475 2242 3530 omnium

2351 3473 2447 3525 καὶ
2475 3473 2707 3543 Χριστὸς
2733 3471 2821 3524 διὰ
2853 3471 2946 3523 τοῦ
2978 3469 3113 3523 Θεοῦ
3143 3470 3318 3538 Λόγου
3365 3471 3602 3538 ἐγένετο·
3629 3470 3845 3524 πάντων
3879 3473 3950 3526 δὲ

672 3578 796 3630 ηοω
835 3579 936 3632 per
961 3563 1202 3632 seipsum
1233 3563 1364 3617 facit
1417 3564 1564 3618 Deus
1599 3573 1654 3617 et
1685 3565 1948 3619 Dominus
1987 3574 2073 3619 est
2113 3567 2244 3620 Ver-

2349 3564 2458 3618 τῶν
2490 3563 2558 3617 δι’
2583 3562 2767 3627 αὑτοῦ,
2797 3562 2928 3624 Θεὸς
2991 3563 3086 3615 καὶ
3116 3562 3394 3630 Δεσπότης
3422 3564 3452 3614 6
3499 3564 3689 3629 Λόγος.
3747 3564 3811 3614 Εἰ
3839 3559 3954 3616 οὖν

675 3653 828 3707 bum.
863 3653 922 3707 Si
973 3653 1142 3722 igitur
1196 3655 1464 3708 Dominus
1494 3655 2243 3720 ethristus,sieutdicitur,

2348 3657 2415 3728 δὴ
2467 3655 2673 3726 Κύριος
2725 3657 2818 3708 καὶ
2863 3655 3140 3725 Χριστὸς,
3195 3654 3378 3716 καθὼς
3413 3655 3647 3724 εἴρηται,
3700 3657 3952 3726 ἐποιήθη

672 3746 852 3801 factus
872 3755 957 3800 est
977 3761 1006 3799 a
1026 3748 1158 3808 Deo,
1181 3746 1361 3811 Jesus,
1385 3747 1661 3815 quomodo
1683 3747 1865 3802 adhuc
1881 3764 1910 3802 a
1934 3748 2046 3802 Deo
2065 3747 2243 3801 domi-

2351 3747 2455 3800 ὑπὸ
2477 3746 2569 3799 τοῦ
2599 3744 2757 3811 Θεοῦ,
2777 3747 2804 3798 6
2833 3744 3058 3814 Ἰησοῦς,
3084 3744 3200 3808 πῶς
3225 3744 3304 3796 ἐτι
3329 3744 3432 3798 ὑπὸ
3460 3745 3552 3797 τοῦ
3580 3743 3713 3798 Θεοῦ
3736 3746 3956 3799 δεσπὸ-

674 3839 882 3893 natur?
908 3839 1027 3893 Non
1047 3839 1192 3892 enim
1229 3839 1499 3894 catholiee
1545 3839 1710 3908 potiri
1749 3840 1897 3894 omni
1937 3840 2244 3893 substantia

2352 3839 2507 3903 ζεται
2536 3856 2551 3905 ;
2574 3838 2649 3890 Οὐ
2671 3837 2780 3906 γὰρ
2807 3835 3108 3897 καθολικῶς
3137 3835 3198 3888 τὸ
3219 3835 3494 3904 κυριεύειν
3521 3835 3697 3905 πάσης
3712 3835 3811 3903 τῆς
3838 3853 3960 3888 πα-

673 3929 743 3983 ad
783 3939 1036 3983 naturam
1085 3943 1242 3984 suam
1295 3938 1582 4000 spectante
1610 3969 1624 3994 ,
1671 3930 1894 3983 videtur
1937 3930 2244 4000 signiﬁcare

2353 3914 2423 4000 ρᾶ
2447 3929 2546 3997 τὴν
2573 3927 2732 3995 φύσιν
2780 3925 2946 3980 αὑτοῦ
2997 3925 3182 3986 οὐσίας
3211 3923 3348 3994 ἔχων
3367 3926 3560 3994 ὁρᾶται
3590 3924 3796 3988 λοιπὸν,
3824 3923 3954 3977 ὦσ-

674 4023 825 4078 aliud
876 4023 1022 4077 sicut
1077 4023 1439 4093 intelligimus
1494 4023 1719 4093 proprie
1757 4023 1825 4078 de
1864 4023 2098 4076 Domino
2144 4024 2244 4076 Do-

2349 4037 2456 4092 περ
2484 4019 2711 4089 νοοῦμεν
2741 4019 2832 4071 ἐπὶ
2850 4017 2944 4070 τοῦ
2969 4017 3171 4087 κυρίως
3207 4017 3583 4094 Κυρίουηπρὸς
3603 4017 3660 4070 ὃν
3690 4016 3950 4088 εἴρηται,

675 4113 835 4178 mini,
891 4112 959 4166 ad
1015 4128 1180 4183 quem
1246 4112 1489 4177 dicitur,
1540 4111 1689 4182 quod
1743 4112 1929 4166 omnia
1992 4111 2070 4166 illi
2138 4110 2244 4166 sint

2356 4111 2481 4163 Ὀτι
2513 4108 2583 4163 τὰ
2615 4109 2908 4179 σύμπαντα
2932 4106 3197 4162 δοῦλασά·
3226 4107 3346 4160 εἰδὲ
3368 4107 3452 4160 ὅτι
3477 4108 3637 4160 τινῶν
3667 4108 3953 4178 κυριεύει,

673 4200 961 4272 subjecta;
995 4204 1040 4255 si
1086 4215 1218 4254 vero
1271 4201 1399 4270 quia
1455 4198 1788 4269 quibusdam
1839 4199 2083 4269 potitur,
2137 4215 2244 4252 non

2351 4204 2412 4256 οὐ
2448 4203 2553 4273 μὴν
2588 4203 2684 4254 καὶ
2727 4201 2946 4252 πάντων
2974 4198 3084 4252 τῶν
3111 4201 3244 4270 παρ’
3280 4199 3445 4252 αὐτὸν
3501 4199 3744 4270 ὥσπερὸ
3780 4201 3954 4264 Θεὸς,

675 4289 845 4360 igitur
876 4289 1136 4344 omnibus
1170 4291 1316 4344 circa
1370 4289 1550 4359 ipsum
1589 4296 1650 4342 ut
1699 4290 1864 4353 Deus,
1896 4289 2001 4344 hoc
2042 4289 2244 4344 dicitur

2351 4294 2509 4347 τοῦτο
2551 4294 2766 4365 εἴρηται
2803 4291 2898 4345 καὶ
2930 4291 3092 4352 αὐτὸς
3123 4290 3400 4358 γενέσθαι,
3437 4291 3533 4344 καὶ
3579 4291 3815 4355 Πιλᾶτος
3849 4295 3957 4345 καὶ

677 4382 856 4451 ipsum
884 4381 1087 4435 factum
1112 4396 1237 4434 esse
1263 4389 1321 4434 et
1353 4381 1562 4436 Pilatus
1601 4390 1658 4435 et
1706 4380 1955 4435 llerodes
1992 4389 2139 4435 certe
2193 4389 2244 4434 ut

2366 4384 2612 4454 Ἡρώδης
2659 4383 2788 4452 ἄρα,
2833 4383 2910 4445 ὼς
2962 4383 3026 4435 ἐκ
3071 4383 3273 4451 μέρους
3313 4381 3508 4435 τοιοίδε
3567 4380 3753 4450 κύριοί
3813 4383 3952 4444 εἱσι,

673 4489 744 4527 ex
771 4480 925 4542 parte
956 4471 1091 4526 tales
1121 4479 1281 4524 erant
1319 4471 1557 4534 Domini,
1597 4480 1654 4526 et
1675 4470 1806 4525 {acti
1863 4482 1992 4526 sunt
2025 4488 2055 4526 a
2093 4473 2244 4539 Deo;

2354 4479 2448 4530 καὶ
2496 4477 2722 4545 γέγοναν
2771 4475 2876 4527 ὑπὸ
2909 4472 3066 4526 Θεοῦ·
3101 4473 3181 4527 ἔτι
3225 4474 3332 4544 μὴν
3389 4475 3436 4526 εἰ
3469 4472 3545 4543 μὴ
3575 4472 3717 4526 κατὰ
3751 4473 3954 4528 τούσδε

675 4564 860 4619 adhuc
896 4563 1064 4634 igitur
1109 4563 1155 4616 si
1195 4580 1302 4616 non
1341 4563 1647 4618 secundum
1699 4563 1801 4618 llos
1846 4565 1962 4634 ipse
2017 4565 2244 4634 quadam

2358 4568 2458 4618 καὶ
2494 4566 2659 4628 αὐτὸς
2687 4565 2814 4637 ἀξίᾳ
2847 4566 2958 4619 τινὶ
2997 4564 3094 4618 καὶ
3134 4563 3484 4628 κωδικέλλοις
3508 4563 3668 4616 ἔλαϐε
3713 4565 3818 4633 τὴν
3845 4582 3956 4617 κυ-

675 4655 943 4724 dignitate
970 4663 1026 4708 et
1062 4654 1304 4725 glebulis
1331 4656 1545 4723 accepit
1589 4655 2021 4710 dominationem
2073 4659 2244 4713 factus

2355 4660 2581 4728 ριὸτητα
2611 4659 2857 4728 ποιηθεὶς
2906 4657 3134 4726 Κύριος,
3167 4657 3327 4728 δῆλον
3360 4657 3436 4719 ὡς
3464 4656 3604 4710 κατὰ
3650 4655 3754 4726 τὴν
3782 4657 3952 4727 ποίη-

676 4748 946 4802 Dominus
971 4747 1261 4800 evidenter
1297 4746 1602 4800 secundum
1637 4749 1914 4802 actionem
1956 4750 2074 4818 ejus-
2097 4788 2110 4812 ,
2157 4765 2244 4803 na-

2359 4767 2444 4802 σιν
2477 4751 2668 4811 αὐτοῦ,
2719 4748 2818 4819 τὴν
2852 4747 3014 4817 φύσιν
3051 4749 3226 4819 αὐτὴν
3274 4747 3379 4800 ὑπὸ
3430 4747 3526 4800 τοῦ
3575 4746 3713 4800 Θεοῦ
3745 4765 3951 4819 κυρια-

679 4848 857 4893 turam
905 4838 1078 4908 ipsam
1108 4838 1272 4891 aDeo
1307 4846 1366 4890 ut
1419 4838 1650 4890 domino
1710 4848 1770 4891 ut
1821 4837 2035 4892 dixerat
2071 4839 2244 4894 factus

2353 4840 2488 4904 κῶς,
2517 4839 2592 4904 ὡς
2643 4841 2840 4905 εἰπεῖν,
2874 4838 3120 4908 ποιηθεὶς
3146 4840 3204 4891 ὲν
3241 4838 3322 4908 τῷ
3377 4837 3680 4902 κτίζεσθαι,
3739 4839 3951 4908 Κύριός

679 4932 734 4984 in
782 4929 1136 4985 institutione
1178 4930 1444 4984 Dominus
1505 4939 1592 4984 est
1641 4931 1912 4996 omnium,
1962 4932 2244 4986 evidenter

2355 4933 2473 4986 ἐστι
2505 4932 2745 4998 πάντων,
2777 4931 3019 5002 δηλονότι
3051 4931 3216 5002 χωρὶς
3250 4929 3346 4983 τοῦ
3392 4929 3763 4996 ὑποτάξαντος
3795 4932 3951 5002 αὐτῷ

678 5024 802 5077 sine
828 5023 922 5076 illo
943 5022 1036 5091 qui
1055 5021 1106 5075 ei
1130 5021 1316 5075 omnia
1342 5021 1588 5090 subjicit.
1610 5021 1668 5075 Si
1701 5037 1834 5075 vero
1867 5038 1979 5076 non
2011 5022 2139 5076 licet
2164 5023 2244 5077 in-

2351 5025 2421 5078 τὰ
2464 5025 2665 5078 πάντα·
2721 5025 2769 5076 ει
2829 5023 2886 5077 δὲ
2939 5024 2999 5077 οὐ
3057 5023 3214 5092 θέμις
3257 5021 3616 5091 ἀνυποστὰτῳ
3656 5024 3950 5094 κυριότητι

677 5113 927 5170 vineibili
950 5113 1311 5168 dominationi
1335 5113 1511 5167 creari
1533 5129 1810 5183 quemque
1843 5114 1899 5168 in
1925 5115 2244 5184 Dominum,

2351 5117 2648 5170 οὐσιῶσθαί
2679 5134 2801 5170 τινα
2847 5117 3006 5184 φύσει
3054 5117 3134 5178 εἰς
3162 5113 3392 5184 Κύριον,
3423 5113 3580 5182 δῆλον
3612 5114 3691 5176 ὡς
3741 5115 3952 5180 ὲνδὸσει

677 5207 906 5262 evidens
939 5215 1026 5260 est
1057 5205 1205 5275 quod
1235 5204 1538 5274 judicando
1577 5214 1831 5259 naturam
1871 5204 2244 5262 dominantem

2353 5210 2713 5280 κυριευούσης
2755 5208 2973 5277 φύσεως
3024 5211 3103 5270 εἰς
3130 5208 3229 5277 τὴν
3258 5207 3558 5278 γενομένην
3589 5207 3756 5276 φύσιν
3784 5211 3947 5278 γεγέο

678 5299 858 5353 factus
907 5308 994 5352 est
1037 5298 1090 5352 in
1141 5304 1393 5350 naturam
1425 5296 1932 5366 supervenientem,
1985 5298 2244 5354 Dominus

2353 5318 2511 5370 νηται
2568 5299 2688 5366 μὲν,
2737 5300 2943 5370 Κύριος
2987 5299 3044 5352 δὲ
3082 5300 3230 5351 ἐστιν
3260 5299 3289 5350 6
3330 5297 3540 5368 Ἰησοῦς
3569 5292 3748 5361 οὗτος·
3778 5300 3862 5362 τίς
3894 5301 3947 5352 δὲ

664 1011 848 1064 minus
878 1021 962 1065 est
988 1012 1238 1075 verbum,
1272 1009 1527 1080 quamvis
1557 1010 1663 1063 hoc
1692 1016 1856 1076 caput
1880 1017 2127 1060 nostrum
2155 1005 2237 1057 in-

664 1100 961 1170 telligatur,
999 1100 1180 1155 adhuc
1223 1111 1281 1155 et
1313 1101 1447 1155 illud
1494 1118 1523 1154 a
1567 1101 1735 1153 verbo
1765 1098 1969 1152 dicitur
2003 1097 2232 1150 directa.

663 1189 781 1242 Non
805 1199 970 1258 caput
999 1190 1208 1245 Christi
1260 1191 1464 1244 dicitur
1513 1189 1678 1252 Deus,
1732 1203 1842 1241 non
1886 1202 2020 1240 vero
2070 1185 2240 1238 totius

663 1280 890 1346 Christi,
927 1299 1053 1336 nam
1085 1285 1255 1337 totius
1287 1284 1435 1336 illius
1462 1281 1747 1350 proprium
1797 1287 1985 1348 caput,
2039 1277 2094 1331 id
2153 1285 2239 1328 est

667 1373 931 1439 Verbum,
972 1383 1028 1430 et
1068 1377 1185 1444 ipse
1223 1392 1333 1429 non
1383 1376 1488 1430 sibi
1529 1375 1782 1446 imperat.
1833 1372 1891 1428 Si
1942 1385 2073 1424 vero
2097 1369 2240 1422 sicut

667 1465 808 1520 dicis
846 1467 992 1534 quod
1039 1467 1276 1536 imperat
1309 1468 1543 1536 reliquo,
1579 1468 1811 1534 imperat
1861 1462 2060 1531 capiti,
2112 1475 2238 1512 cum

665 1555 875 1610 Christi
902 1567 1067 1625 caput
1094 1558 1241 1611 Deus
1266 1573 1389 1610 esse
1413 1557 1650 1617 dicatur,
1678 1555 1844 1622 igitur
1865 1553 1978 1605 Deo
2006 1551 2242 1618 imperat

667 1645 832 1707 Deus,
885 1657 1010 1698 nam
1071 1647 1288 1716 corpori
1343 1647 1593 1714 subjecto
1642 1645 1777 1706 Deo,
1811 1641 1864 1695 id
1913 1639 2240 1693 estClirislo

667 1736 791 1798 toti,
827 1743 886 1788 ut
915 1735 1121 1800 dicitis,
1151 1747 1206 1791 et
1237 1746 1400 1806 caput
1429 1734 1772 1806 ipsius,idest
1794 1735 1986 1794 Deum,
2022 1737 2240 1799 oportet

668 1826 945 1897 subjicere
969 1827 1082 1882 Deo
1116 1827 1255 1896 ipso.

1293 2099 1444 2154 CAP.
1487 2099 1625 2152 XIII.

742 2187 798 2244 Si
828 2189 969 2244 Deus
987 2188 1228 2242 Verbum
1252 2205 1360 2241 non
1383 2199 1462 2241 est
1488 2189 1630 2241 Deus
1655 2194 1709 2240 et
1731 2185 1996 2240 Dominus
2015 2185 2240 2250 Christi,

668 2283 898 2338 evidens
912 2294 993 2338 est
1013 2283 1160 2354 quod
1179 2298 1286 2338 non
1301 2293 1384 2338 est
1399 2282 1661 2350 templum
1676 2281 1769 2335 Dei
1783 2279 1950 2336 Verbi
1964 2279 2240 2335 Christus.

669 2376 728 2430 Si
762 2390 896 2430 vero
932 2375 1194 2444 templum
1233 2375 1328 2428 Dei
1359 2375 1512 2427 verbi
1564 2381 1650 2428 est
1692 2373 1873 2435 Jesus,
1929 2373 2242 2426 necessario

671 2467 820 2521 Deus
847 2467 968 2536 ejus
1003 2475 1058 2519 et
1084 2465 1352 2520 Dominus
1373 2475 1459 2520 est
1487 2465 1631 2518 Deus
1660 2463 1924 2519 Verbum.
1956 2463 2096 2519 Caro
2128 2464 2244 2536 sola

671 2554 1048 2608 habitaculum
1082 2553 1271 2619 Verbi,
1304 2570 1430 2608 nam
1480 2554 1733 2610 Christus
1773 2555 2039 2624 templum
2061 2563 2144 2609 est
2167 2553 2246 2608 si-

671 2646 783 2702 mul
805 2654 862 2700 et
878 2646 1348 2702 Deushabitansin
1369 2647 1606 2716 templo;
1626 2663 1750 2701 nam
1770 2663 1878 2702 non
1892 2649 2006 2701 sola
2032 2649 2241 2713 unctio,

672 2752 775 2792 nec
807 2747 1007 2792 unctus
1063 2753 1192 2792 vere
1236 2737 1516 2799 Christus,
1557 2739 1652 2792 sed
1690 2741 1876 2792 unctio
1922 2748 1978 2792 et
2008 2753 2240 2808 ungens,

670 2837 792 2883 erat
811 2843 942 2882 vero
976 2843 1190 2900 ungens
1241 2829 1557 2884 humanitas
1603 2831 1842 2895 Domini,
1888 2831 2077 2885 unctio
2111 2845 2244 2884 vero

672 2937 784 2975 non
820 2937 950 2976 sane
977 2930 1061 2976 est
1083 2922 1292 2991 aliquid
1326 2923 1590 2977 sensibile
1624 2924 1867 2992 preprie,
1901 2923 1997 2977 sed
2041 2923 2244 2978 divini-

673 3013 802 3067 tatis
840 3015 980 3085 ejus.
1030 3013 1178 3068 Deus
1207 3014 1376 3084 igitur
1403 3024 1459 3069 et
1497 3015 1661 3069 homo
1689 3015 1833 3069 idem
1861 3015 2134 3070 Christus.

677 5398 764 5444 est
789 5403 924 5443 vero
950 5389 1054 5442 iste
1109 5389 1291 5443 .lesus.
1329 5387 1461 5454 Qua:
1487 5403 1619 5458 ergo
1649 5388 1957 5442 substantia
1991 5400 2078 5442 est
2109 5389 2256 5459 pby--

677 5482 792 5538 sica
862 5482 1155 5537 dominans
1222 5481 1448 5535 omnia?
1520 5481 1736 5546 Divina,
1814 5480 2254 5536 evidentissime.

677 5571 823 5640 Quid
882 5587 1015 5642 ergo
1062 5571 1130 5625 de
1180 5571 1312 5625 illo?
1343 5572 1403 5626 ln
1440 5571 1626 5627 Jcsum
1678 5573 1982 5626 concilians
2030 5583 2255 5627 creatur

678 5663 802 5734 ejus
844 5663 1112 5719 Verbum.
1166 5661 1361 5731 Seipso
1414 5663 1582 5732 igitur
1643 5663 1937 5732 acquirens
1989 5663 2144 5716 illum
2197 5673 2253 5717 et

682 5756 1057 5812 connaturalis
1094 5756 1144 5807 ei
1175 5771 1242 5808 ex
1289 5756 1570 5808 creatione
1601 5755 1732 5809 fecit
1764 5756 1917 5809 illum
1959 5756 2249 5809 Dominum

689 5862 810 5902 rere
830 5863 928 5916 per
943 5846 1207 5915 scipsum;
1235 5844 1660 5914 participatione
1687 5845 1854 5916 igitur
1885 5845 2048 5900 Verbi
2075 5844 2250 5914 ipsius

2351 5393 2386 5462 ἡ
2417 5391 2748 5461 κυριεύουσα
2799 5391 3015 5443 πάντων
3051 5390 3299 5459 φυσικῶς
3351 5391 3510 5443 οὐσία
3538 5408 3553 5455 ς
3583 5392 3617 5461 ἡ
3645 5391 3768 5444 θεία
3809 5410 3951 5460 προ⁹

2354 5483 2550 5552 δήλως·
2594 5484 2798 5550 ταύτης
2842 5484 2901 5537 δέ
2923 5483 3028 5547 τις
3079 5483 3152 5536 Τὸ
3201 5485 3279 5544 εἰς
3342 5483 3436 5534 τὸν
3483 5485 3693 5552 Ἰησοῦν
3741 5484 3948 5536 ἐνδόσι-

2358 5577 2456 5644 μόν
2481 5577 2595 5628 ἐστι
2619 5616 2634 5640 ,
2668 5580 2696 5629 6
2722 5578 2947 5646 κτίστης
2969 5575 3137 5628 αὐτοῦ
3190 5577 3385 5643 Λόγος·
3417 5575 3594 5645 ἑαυτῷ
3628 5576 3739 5646 γὰρ
3788 5593 3951 5646 περι-

2355 5667 2547 5730 κτίσας
2575 5667 2756 5735 αὑτὸν,
2789 5669 2884 5721 καὶ
2916 5668 3134 5737 συμφὺς
3181 5667 3316 5737 τῷδε
3347 5668 3443 5720 ἀπ’
3471 5667 3642 5736 αὐτῆς
3675 5672 3952 5732 ποιήσεως

2355 5756 2520 5807 αὑτοῦ
2557 5773 2568 5785 ·
2609 5756 2814 5826 Κύριον
2867 5756 3032 5808 αὑτὸν
3086 5755 3253 5817 ὅντως
3319 5755 3384 5806 δι’
3439 5757 3632 5808 ἑαυτοῦ
3693 5760 3940 5825 ἐποίησε·

2355 5850 2419 5918 τῇ
2449 5847 2668 5923 μεθέξει
2701 5847 2795 5910 οὖν
2818 5846 2982 5900 αὑτοῦ
3004 5845 3097 5899 τοῦ
3119 5847 3293 5916 Λόγου
3325 5850 3415 5902 καὶ
3437 5850 3491 5901 ἐν
3522 5848 3674 5918 αὐτῷ
3699 5850 3946 5916 γεγονὼς
