4194 6446
265 433 401 498 1737

1221 435 1618 496 ADVERSUS
1654 436 2182 502 NESTORIANOS
2238 447 2446 506 —-LIR
2513 453 2574 510 δ’.

3407 455 3544 524 1738

256 538 355 602 καὶ
384 546 484 609 ὢν,
538 545 742 615 Κύριος
779 547 808 599 6
846 546 1077 616 Ἰησοῦς,
1111 546 1230 611 πῶς
1259 549 1326 600 ἂν
1377 547 1466 618 εἴη
1496 548 1571 612 ὡς
1619 550 1850 618 γεγονὼς

1961 565 2019 611 et
2051 555 2229 612 factus
2251 570 2308 613 et
2334 563 2609 618 evsistens
2630 564 2897 620 Dominus
2919 565 3104 629 Iesus.
3137 573 3418 639 quomodo
3449 573 3551 629 tie-

254 639 352 691 t'nt'
410 638 600 698 αὐτου.
640 637 826 701 δουλος
895 637 990 690 τοῦ
1031 638 1392 708 πεποιηκότο,
1441 639 1605 692 αὑτὸν
1654 642 1856 711 Κυριον

255 731 337 792 si);
386 730 604 799 ποίημα
647 729 835 783 λοιπόν
866 749 881 796 ;
914 730 977 783 Et
1002 729 1111 800 γὰρ
1164 731 1225 782 τὸ
1287 729 1493 800 Κύριον
1523 727 1664 783 εἶναι
1697 733 1860 786 αὑ-ὸν

258 822 552 892 ἀναιρεθῇ.
594 821 691 879 καὶ
718 821 778 876 τὸ
831 821 1124 892 ποιηθῆναι
1169 821 1352 876 αὐτόν’
1387 821 1592 891 Κύριον
1625 821 1733 894 γὰρ
1762 825 1859 877 αὑ-

253 914 350 964 τὸν
385 917 660 982 ἐποίησεν·
703 915 754 966 εί
805 913 861 968 δέ
892 915 1010 967 ἐστι
1040 911 1255 982 ποίημά
1275 930 1336 966 τε
1372 915 1470 967 καὶ
1500 911 1727 984 Κύριος,
1756 914 1858 969 οὐκ

253 1003 439 1068 ἄλλως
463 1005 522 1059 δὲ
575 1006 782 1077 Κύριος
813 1007 1072 1079 ἐποιήθη,
1105 1008 1247 1079 πλὴν
1287 1009 1377 1064 διὰ
1420 1011 1520 1080 τῆς
1565 1009 1858 1074 οὖσιώδους

251 1095 428 1162 ἕξεως
485 1097 639 1150 τοὲδε
694 1098 864 1152 αὑτοῦ
921 1100 1017 1154 τοῦ
1056 1101 1390 1172 ποιήσαντος
1445 1101 1703 1172 αὐτὸν,ἢ
1762 1103 1858 1154 xui.

252 1186 453 1240 ἑαυτοῦ
507 1188 761 1244 δεσπόσει
812 1195 841 1248 6
889 1192 1050 1261 φύσει
1078 1193 1359 1265 Κύριο;,ῆ
1392 1194 1484 1248 καὶ
1539 1193 1602 1246 τὸ
1633 1194 1857 1263 ποιητὸν

253 1277 465 1346 Κύριον
497 1279 668 1350 ἦγουν
708 1282 768 1335 τὸ
801 1281 1146 1354 ἀνθρώπινον
1175 1285 1343 1339 αὑτοῦ
1402 1284 1857 1356 συνελευθερῶσαι

251 1369 441 1440 ἑαυτῷ
468 1373 565 1424 καὶ
596 1373 816 1427 πάντων
849 1375 1288 1441 κατεξουσιάσειο
1337 1377 1447 1448 ἄρα
1474 1377 1519 1429 δ’
1549 1376 1642 1430 οὖν
1671 1380 1766 1430 καὶ
1798 1379 1856 1430 ἐν

250 1463 320 1531 τῇ
362 1462 622 1535 συνηθείᾳ
693 1465 983 1538 ἐλεύθερον
1045 1469 1273 1538 ποιῆσαι
1309 1468 1464 1522 τόνδε
1500 1469 1688 1540 ἕτερόν
1731 1487 1856 1522 τινα

250 1551 384 1619 λέγο
420 1570 503 1616 τε,
559 1556 623 1608 ὲκ
657 1558 814 1610 τοδδε
863 1559 1030 1612 αυτοῦ
1065 1559 1161 1613 καὶ
1217 1559 1409 1613 δοῦλον
1435 1560 1712 1629 γενέσθαι,
1761 1563 1856 1615 τὸν

251 1644 552 1713 ποιηθέντα
589 1648 903 1721 ἑλευθερον,
930 1650 1288 1721 λογισόμεθα.

871 1741 1124 1796 ΚΕΦΔΛ.
1155 1742 1262 1794 ιε’.

322 1829 518 1901 Χωρὶς
545 1831 700 1885 τοῦδε
732 1832 1093 1898 δεστόζεσθαι
1127 1834 1234 1886 ὑπὸ
1261 1835 1359 1888 τοῦ
1413 1834 1552 1890 Θεοῦ
1598 1838 1700 1908 τὴν
1747 1839 1854 1892 ὑπ-

1962 658 2049 704 ret
2081 659 2143 706 ut
2181 650 2362 708 tactus
2393 656 2498 710 sub
2527 658 2668 726 ipso,
2706 674 2903 716 servus
2922 663 3170 734 ejusqui
3205 662 3340 719 fecit
3373 667 3543 723 etiam

1961 740 2232 798 Dominus
2260 752 2319 797 ut
2351 744 2458 800 alia
2495 751 2955 808 creatura?Nam
3006 753 3054 809 si
3095 755 3366 814 Dominus
3419 773 3543 814 esse

1960 837 2228 906 suscepit,
2273 838 2441 894 etiam
2485 849 2542 896 et
2583 840 2790 897 factum
2849 858 2993 910 esse,
3051 862 3180 904 nam
3229 848 3366 906 fecit
3414 861 3543 905 cum

1961 927 2276 995 Dominum,
2307 931 2353 985 si
2384 941 2470 987 est
2497 944 2755 992 creatura
2794 946 2852 991 et
2898 936 3189 1007 Dominus,
3219 957 3334 999 non
3379 943 3545 1000 aliter

1960 1019 2231 1077 Dominus
2266 1021 2446 1078 factus
2480 1034 2584 1092 est,
2617 1027 2726 1083 nisi
2777 1043 2880 1100 per
2908 1030 3234 1088 facultatem
3285 1035 3546 1092 substan-

1959 1112 2146 1167 lialem
2181 1115 2432 1185 ejusdem
2469 1118 2564 1188 qui
2609 1118 2742 1176 fecit
2782 1121 2961 1188 illum,
3018 1125 3105 1180 vel
3151 1125 3259 1181 sibi
3308 1126 3546 1198 imperat

1960 1206 2055 1276 qui
2081 1214 2287 1262 natura
2331 1208 2621 1275 Dominus,
2653 1212 2742 1267 vel
2771 1223 2926 1270 certe
2952 1215 3193 1273 humana
3245 1233 3375 1289 pars
3421 1221 3544 1291 ejus

1958 1295 2103 1356 facta
2158 1299 2423 1370 magistra
2449 1315 2571 1356 sese
2603 1302 2826 1371 liberat,
2878 1313 2937 1360 et
2985 1309 3172 1364 omnia
3224 1311 3542 1382 gubernat;

1959 1387 2128 1456 igitur
2157 1389 2213 1443 in
2239 1389 2434 1445 habitu
2465 1391 2705 1448 liberum
2747 1393 2932 1450 facere
2976 1397 3272 1467 quemdam
3304 1399 3542 1456 alterum

1959 1478 2235 1545 dicentes,
2279 1497 2348 1537 ex
2396 1484 2582 1555 seipso
2625 1501 2760 1542 vero
2810 1503 3034 1544 servum
3069 1489 3212 1559 ﬂeri,
3243 1494 3337 1563 qui
3364 1493 3544 1550 factus

1957 1581 2044 1628 est
2076 1573 2241 1640 liber,
2276 1577 2633 1635 concluditis.

2028 1843 2163 1902 Sinc
2191 1846 2573 1905 dominatione
2601 1757 3124 1910 oberdientiam
3159 1856 3392 1928 implere
3455 1859 3574 1914 vel.

248 1924 428 1994 ακοὴν
465 1923 777 1995 πληρῶσαι,
810 1926 843 1995 ἦ
883 1927 1274 1999 ἀναμάρτητον
1345 1928 1607 1997 γενέσθαι
1659 1933 1728 2000 τῇ
1758 1931 1850 1984 τοῦ

1961 1935 2376 2006 impeccabilem
2417 1940 2536 1996 ﬁeri
2579 1943 2685 1999 sub
2719 1946 2975 2002 custodia
3007 1949 3165 2020 legis,
3197 1913 3543 2020 impossibile

245 2015 420 2084 νόμου
447 2016 684 2086 φυλακῇ,
725 2017 985 2071 ἀδύνατον
1034 2017 1329 2090 ἀνθρώπῳ.
1391 2020 1456 2074 Ei
1502 2016 1596 2074 οὖν
1633 2020 1696 2075 τὸ
1766 2023 1857 2074 δε-

247 2105 552 2171 σπόζεσθαι
584 2107 775 2173 ἁπλῶς
820 2111 939 2163 ἐστι
1003 2110 1214 2165 τούτων
1276 2113 1474 2180 αἴτιον,
1531 2115 1702 2186 μόνης
1746 2115 1855 2167 ὑπ-

244 2198 429 2268 ακοῆς
473 2201 628 2273 χρεία
669 2197 738 2271 ἦν
800 2201 1000 2272 ἡμῶν,
1055 2204 1150 2257 καὶ
1201 2204 1302 2258 οὐκ
1349 2204 1665 2275 οἰκονομίας
1719 2205 1855 2276 Χριο

247 2290 382 2344 στοῦ
414 2292 494 2354 εἰς
539 2291 824 2346 δικαίωσιν
859 2294 1036 2363 ἠμῶψ
1077 2295 1200 2348 ἐπεὶ
1249 2297 1454 2359 πάντες
1514 2297 1677 2367 ἡμεῖς
1706 2297 1801 2350 καὶ
1824 2299 1854 2350 6

240 2382 498 2448 διάόολος
521 2385 708 2450 αὐτὸς,
737 2385 1122 2459 δεσποζόμεθα
1153 2388 1257 2442 ὑπὸ
1281 2386 1374 2442 τοῦ
1403 2386 1563 2449 Θεοῦ,
1599 2387 1853 2460 ἀναμάρι

245 2487 396 2545 τητα
451 2476 560 2546 ἄρα
625 2477 695 2531 τὰ
752 2476 954 2543 πάντα,
1019 2479 1115 2532 καὶ⁸
1159 2480 1218 2532 ἐν
1285 2479 1502 2550 φυλακῇ
1555 2478 1650 2532 τοῦ
1684 2480 1850 2549 νόμον

247 2569 500 2635 ἐγένοντο
561 2570 628 2623 ἄν
676 2613 690 2636 ,
747 2571 841 2624 καὶ
901 2571 1032 2625 ἄνευ
1094 2571 1188 2626 τοῦ
1245 2572 1485 2643 Χριστοῦ
1547 2571 1854 2626 ὑποτασσό-

247 2677 391 2730 μενα
418 2677 432 2694 ·
489 2662 585 2716 καὶ
641 2667 778 2732 μετὰ
835 2663 893 2716 δὲ
940 2664 1039 2734 τὴν
1067 2664 1347 2734 σάργωσιν
1419 2664 1512 2717 τοῦ
1557 2665 1734 2732 Λόγου
1776 2664 1852 2734 μὴ

244 2749 604 2803 ὑπακούοντα
661 2750 737 2821 τῷ
765 2752 912 2822 μόνῳ
941 2791 957 2815 ,
991 2754 1053 2806 οὺ
1088 2753 1397 2808 δικαιοῦταί
1435 2770 1565 2807 ποτε
1600 2771 1613 2785 °
1647 2754 1708 2806 τὸ
1757 2753 1852 2808 οὖν

245 2842 493 2898 ἐναντίον
545 2843 877 2911 δείκνυται,
939 2839 987 2898 ὦ
1046 2841 1187 2900 οἶνιεο⁹
1282 2846 1364 2899 ὅτι
1441 2846 1622 2916 σάρκα
1670 2846 1852 2916 ἁμαρ-

243 2937 369 3001 τίας
417 2932 586 2992 οὖσαν
613 2939 776 3008 φύσει
809 2939 1169 3011 δικαιωθηναι
1223 2940 1317 2994 καὶ
1344 2938 1750 2992 ὑποτάσσεσθαι
1776 2938 1854 3009 τῷ

245 3031 404 3101 νόμῳ
434 3029 530 3084 τοῦ
577 3031 713 3084 Θεοῦ
785 3032 845 3084 οὐ
883 3031 1215 3102 δυναμένην,
1264 3033 1366 3085 οὐκ
1391 3028 1460 3102 ἦν
1487 3030 1852 3100 δικαιωθῆναι

245 3121 345 3172 καὶ
376 3120 666 3193 πληρῶσαι
723 3123 907 3177 πᾶσαν
941 3123 1212 3192 ὑπακοὴν,
1267 3124 1318 3177 εί
1351 3124 1426 3196 μὴ
1465 3123 1556 3178 διὰ
1615 3126 1852 3197 μεταλήο

244 3213 396 3283 ψεως
417 3214 606 3279 οὐσίας
646 3216 1062 3288 ἀναμαρτήτου,
1093 3217 1220 3288 ἥτις
1249 3217 1397 3272 ἐστὶν
1442 3220 1476 3289 ὴ
1507 3218 1628 3272 θεία
1656 3220 1840 3290 μόνον.
1870 3251 1914 3309 c

854 3334 1106 3390 ΚΕΦΑΔ.
1129 3334 1245 3404 ις’.

317 3424 394 3479 Τὸ
410 3444 428 3477 ι
443 3426 672 3497 Ἔχρισέ
690 3427 789 3480 σεὸ
805 3426 961 3490 Θεὸς,
981 3427 1008 3479 6
1025 3428 1156 3492 Θεός
1179 3444 1295 3494 σου,
1329 3448 1347 3482 ι
1368 3429 1416 3482 εἰ
1443 3427 1518 3500 μὴ
1535 3428 1626 3482 τὸν
1642 3429 1851 3498 ἄνθρω-

245 3533 350 3572 πον
378 3517 526 3586 λέγει
555 3521 622 3590 τῇ
654 3520 830 3589 χρίσει
856 3518 947 3571 τοῦ
978 3519 1296 3590 Πνεύματος
1331 3519 1667 3591 τιμώμενον,
1705 3521 1843 3574 ἀλλὰ

243 3611 340 3663 τὸν
379 3610 512 3664 Θεὸν
543 3611 735 3679 Λόγον,
770 3612 909 3681 πρὸς
942 3611 1167 3682 ἀτιμίαν
1200 3612 1366 3666 αὑτὸν
1417 3613 1635 3683 ἔχρισεν
1659 3615 1688 3665 6
1720 3612 1847 3684 χρί-

247 3719 349 3765 σας
371 3701 552 3766 αὐτὸν,
587 3703 810 3770 μείζονα
841 3696 916 3756 ὧν
973 3702 1135 3755 ἔλαϐε
1177 3702 1266 3757 διὰ
1295 3703 1394 3772 τῆς
1431 3704 1666 3774 χρίσεως
1692 3703 1845 3774 ἔχον-

244 3811 316 3846 τα
346 3794 404 3847 ἐν
450 3796 515 3864 τῇ
552 3794 730 3866 οἰκείᾳ
757 3794 937 3864 φύσειο
970 3797 1080 3858 πᾶς
1136 3794 1246 3866 γὰρ
1282 3797 1311 3848 ὁ
1351 3796 1658 3865 χριόμενος,
1694 3797 1845 3866 χρίε-

242 3903 339 3939 ται
369 3887 456 3940 ἴνα
486 3885 626 3958 λάϐῃ
654 3885 774 3940 τινὰ
804 3885 840 3940 ἃ.
873 3889 930 3939 ὲν
961 3889 1027 3958 τῇ
1065 3886 1224 3955 φύσει
1267 3885 1416 3956 ἔχειν
1474 3887 1535 3939 οὗ
1597 3888 1844 3940 δύναται.

257 3976 422 4030 Ἀλλὰ
457 3978 510 4030 τί
547 3979 736 4047 γέγονε
766 3979 854 4032 διὰ
881 3979 977 4049 τῆς
1012 3979 1246 4050 κρίσεως
1269 3981 1371 4049 τὴν
1405 3978 1566 4048 φόσιν
1602 3979 1708 4031 ὑπὸ
1752 3979 1847 4032 τοῦ

242 4070 384 4124 Θεοῦ
415 4064 569 4132 οὗτος
601 4072 629 4122 ό
674 4069 938 4139 χρισθεὶς,
979 4072 1006 4123 6
1032 4070 1338 4141 Ψαλμῳδὸς
1367 4071 1657 4142 προσλέγει
1709 4072 1846 4141 τῷδε

243 4159 340 4216 οὖν
375 4162 724 4233 προσεκτέον
769 4162 900 4215 Θεὸν
926 4165 1034 4233 γὰρ
1080 4164 1176 4215 καὶ
1214 4165 1377 4217 αὑτὸν
1435 4165 1690 4232 ὀνομάζει
1739 4165 1848 4218 λοι-

244 4256 348 4309 πὸν
381 4256 471 4307 τὸν
501 4256 606 4308 ὑπό
648 4271 741 4307 του
773 4255 1086 4326 χρισθέντω
1122 4257 1336 4325 πέφυκε
1373 4255 1431 4309 δὲ
1481 4255 1605 4310 οὔτε
1649 4257 1846 4328 αἰσθη-

244 4349 341 4401 τὸν
370 4347 493 4400 οὔτε
524 4348 712 4416 νοητόν
739 4365 791 4399 τι
823 4347 954 4399 Θεὸν
981 4347 1151 4410 ὅντως
1185 4350 1399 4410 ποιεῖν,
1437 4347 1576 4416 πλὴν
1608 4349 1641 4418 ἡ
1674 4348 1846 4410 ὅντως

245 4437 465 4506 θεότηςο
499 4437 715 4504 ἀνάγκη
742 4431 834 4489 οὖν
863 4436 1094 4507 θεότητα
1141 4431 1279 4488 εἶναι
1309 4437 1409 4506 τὴν
1440 4437 1721 4508 χρίουσαν,
1755 4436 1845 4490 διὰ

244 4529 307 4581 τὸ
348 4547 366 4578 ι
407 4531 436 4581 ό
461 4529 591 4592 Θεός
626 4545 741 4583 σου·
783 4547 802 4580 ι
822 4529 914 4580 καὶ
945 4527 1176 4598 θεότητα
1201 4529 1262 4580 τὸ
1289 4529 1620 4598 χρίσμα,δια
1633 4528 1693 4582 τὸ
1710 4530 1832 4582 θεο-

1959 2034 2046 2080 est
2071 2025 2308 2084 homini.
2371 2028 2429 2085 Si
2461 2047 2596 2088 vero
2620 2033 2852 2104 simplex
2876 2037 3187 2094 dominatio
3222 2040 3425 2094 horum
3459 2051 3546 2096 est

1959 2131 2149 2183 causa,
2185 2120 2363 2176 solius
2418 2123 2758 2181 obedientize
2811 2141 2954 2196 opus
3005 2129 3278 2185 habemus
3326 2139 3385 2186 et
3428 2144 3542 2187 non

1955 2212 2285 2267 oeconomiae
2326 2211 2538 2270 Christi
2601 2216 2671 2273 ad
2732 2219 3192 2289 justiﬂcationem
3269 2231 3540 2278 nostram.

1958 2297 2256 2369 Postquam
2285 2317 2484 2359 omnes
2513 2321 2615 2360 nos
2638 2316 2696 2362 et
2735 2307 2992 2365 diabolus
3035 2311 3156 2381 ipse
3189 2311 3543 2368 dominamur

1957 2404 1988 2443 a
2019 2390 2155 2454 Deo,
2197 2390 2582 2462 impeccabilia
2607 2406 2741 2451 sunt
2786 2399 2993 2464 omnia,
3027 2409 3084 2455 et
3137 2403 3243 2457 sub
3291 2402 3543 2460 custodia

1957 2481 2097 2550 legis
2133 2490 2192 2536 ct
2230 2483 2350 2538 sinc
2399 2484 2623 2541 Christo
2674 2488 2947 2544 ordinata.
2993 2491 3063 2546 Et
3105 2501 3232 2562 post
3278 2493 3540 2549 incarna-

1958 2574 2352 2631 tionechrbi
2387 2578 2486 2648 qui
2513 2593 2626 2634 non
2661 2579 2932 2636 obediunt
2977 2583 3030 2638 ei
3076 2585 3204 2648 soli,
3254 2601 3541 2656 nunquam

1955 2663 2355 2735 justiﬁcantur.
2395 2667 2466 2724 Et
2488 2684 2586 2725 vos
2633 2669 2822 2727 dicitis
2860 2673 3206 2730 contrarium
3249 2677 3539 2746 possibile,

1957 2770 2181 2811 carnem
2210 2759 2554 2828 peccabilem
2598 2771 2798 2818 natura
2835 2765 3128 2836 justilicari
3189 2775 3244 2824 et
3291 2769 3540 2825 ordinari

1953 2846 2076 2918 lege
2104 2849 2240 2916 Dei;
2288 2867 2398 2906 non
2442 2863 2627 2924 potest
2662 2871 2764 2913 nec
2801 2857 3116 2930 juslilicari,
3148 2874 3251 2916 nec
3312 2861 3542 2931 implere

1956 2952 2178 2992 omnem
2209 2940 2606 3012 obedientiam,
2638 2946 2746 3001 nisi
2771 2962 2871 3018 per
2909 2947 3332 3005 descensionem
3388 2952 3544 3008 easi-

1954 3031 2174 3086 stentiae
2206 3031 2586 3102 impeccabilis
2621 3053 2746 3107 qua:
2776 3047 2863 3095 est.
2895 3041 3119 3096 nonnisi
3143 3040 3359 3097 divina.

2582 3343 2736 3402 CAP.
2771 3344 2910 3403 XVI.

2021 3431 2139 3488 Hoc
2165 3433 2394 3490 verbum
2434 3455 2453 3486 ι
2503 3435 2672 3492 Unxit
2703 3447 2756 3493 te
2801 3439 2968 3507 Deus,
3005 3441 3155 3498 Deus
3187 3450 3310 3500 tuus
3329 3455 3382 3511 ς,
3415 3464 3434 3497 ι
3491 3447 3538 3504 si

1950 3538 2062 3578 non
2105 3524 2241 3580 dicit
2284 3527 2563 3584 hominem
2617 3531 2949 3589 honoratum
2980 3536 3243 3595 unctione
3275 3539 3538 3611 Spiritus,

1951 3615 2047 3669 sed
2080 3616 2253 3671 Deum
2290 3618 2533 3674 Verbum
2562 3621 2634 3676 ad
2677 3623 2922 3682 dedecus
2959 3627 3120 3683 unxit
3143 3644 3273 3686 eum
3304 3647 3536 3702 ungens,

1950 3721 2052 3775 per
2086 3708 2404 3763 unctionem
2443 3713 2660 3782 accepit
2682 3715 2889 3785 majora
2922 3733 3089 3787 quam
3120 3719 3214 3774 illa
3245 3737 3368 3792 quae
3410 3735 3541 3781 sunt

1951 3799 2189 3866 propria:
2210 3808 2420 3855 natura:
2451 3817 2560 3866 res,
2615 3819 2741 3858 nam
2776 3807 2960 3862 omnis
2995 3819 3199 3865 unctus
3225 3813 3456 3883 ungitur
3480 3827 3541 3871 ut

1951 3884 2188 3954 accipiat
2231 3887 2482 3954 quaedam
2534 3905 2658 3960 qua:
2704 3908 2772 3947 ex
2804 3896 3031 3965 propria
3085 3908 3282 3957 natura
3333 3901 3540 3960 habere

1950 3978 2170 4045 nequit.
2203 3978 2314 4033 Sed
2335 3980 2547 4051 aliquid
2578 3982 2757 4041 {alitus
2781 3994 2867 4058 est
2899 4005 2998 4058 per
3016 3994 3340 4050 unctionem
3373 4008 3540 4053 natu-

1950 4084 2026 4122 rae
2049 4079 2151 4124 Iste
2175 4080 2378 4127 unctus
2402 4089 2432 4128 a
2455 4075 2590 4141 Deo,
2638 4088 2699 4132 ut
2728 4078 3020 4138 Psalmista
3045 4085 3375 4154 proclamat,
3409 4089 3542 4147 huic

1949 4160 2346 4231 adjiciendum.
2379 4165 2555 4221 Deum
2605 4169 2758 4226 enim
2804 4186 2936 4227 eum
2984 4176 3226 4246 appellat
3260 4179 3537 4251 reliquum

1949 4262 2202 4320 unctum,
2252 4255 2396 4328 fugit
2448 4274 2553 4314 nec
2607 4262 2948 4332 seusibilem,
2991 4282 3095 4324 nec
3131 4269 3539 4343 intelligibilem

1949 4345 2123 4402 Deum
2153 4364 2282 4405 vere
2325 4350 2528 4416 facere,
2561 4353 2668 4410 nisi
2697 4370 2826 4412 vere
2856 4358 3058 4428 deitas,
3084 4377 3312 4420 necesse
3338 4375 3425 4422 est
3451 4368 3539 4423 di-

1949 4440 2236 4498 vinitatem
2269 4459 2390 4500 esse
2411 4457 2709 4517 ungentem
2727 4459 2956 4524 propter
2985 4455 3154 4510 verba
3184 4457 3369 4514 citata.
3395 4461 3541 4518 Deus

1951 4541 2099 4597 tuus,
2122 4542 2178 4589 et
2196 4535 2538 4594 divinitatem
2561 4557 2683 4597 esse
2703 4545 3021 4602 unctionem
3046 4557 3273 4620 propter
3290 4551 3537 4610 divinam

244 4620 493 4690 ποιῆσαν
526 4621 620 4675 καὶ
681 4620 814 4673 Θεὸν
874 4615 1014 4672 εἶναι
1053 4620 1144 4672 τὸν
1201 4619 1496 4690 χρισθέντα
1549 4620 1837 4688 δεικνύειν,

1953 4627 2323 4693 sperationem
2358 4638 2414 4684 et
2464 4631 2638 4688 Deum
2671 4650 2792 4692 esse
2833 4615 3062 4694 unctum
3105 4615 3438 4711 monstrare,
3478 4657 3540 4707 et

244 4712 342 4767 καὶ
422 4711 520 4781 οὐχ
564 4711 870 4780 ὁμωνύμως
943 4710 1086 4764 οὕτω
1163 4711 1480 4781 λεγόμενον·
1539 4716 1638 4767 καὶ
1727 4717 1839 4788 γὰρ

1953 4729 2050 4770 ton
2098 4717 2357 4776 similiter
2400 4723 2480 4777 sic
2514 4725 2759 4793 dictum;
2806 4729 3066 4787 similiter
3090 4734 3356 4792 scribitur
3398 4710 3537 4799 etin

239 4806 696 4874 ὀμοιογραφεῖ.αι
733 4803 810 4872 τῷ
865 4802 1106 4874 Ἑϐραίῳ
1149 4805 1414 4875 ἑκάτερόν
1455 4823 1508 4859 τι
1536 4806 1692 4876 ἐντῷ
1731 4825 1840 4876 χω-

245 4897 350 4965 ρίῳ
372 4914 390 4946 ι
411 4895 564 4961 Θεὸς,
592 4914 610 4948 ι
636 4895 722 4948 διὰ
745 4895 855 4948 τῶν
873 4895 1276 4964 ἀνεκφωνήτων
1295 4897 1686 4967 χαραγμάτων⁹
1705 4897 1839 4950 Θεὸν

241 4989 301 5042 ὁὶ
325 4990 419 5041 καὶ
444 4987 729 5060 ἄνθρωπον
757 4989 848 5041 τὸν
875 4989 1236 5059 κεχρισμένον
1249 4991 1480 5060 οἰητὲινο
1500 4989 1576 5051 ὼς
1606 4989 1706 5059 μὲν
1726 4989 1837 5059 γὰρ

244 5077 605 5148 ὑποκείμενόν
626 5095 678 5130 τι
702 5076 780 5147 τῷ
809 5077 1092 5148 χρίσματι,
1154 5077 1439 5148 ἄνθρωπός
1492 5079 1639 5142 ἐστι,
1699 5078 1835 5131 καθὸ

241 5169 342 5224 καὶ
369 5169 452 5236 τὸ,
471 5188 490 5221 ι
519 5169 651 5232 Θεός
668 5185 761 5221 σου
791 5188 810 5221 ι
843 5170 1078 5241 εἶρηται’
1105 5168 1248 5232 ὡςδὲ
1267 5171 1327 5222 ὲν
1345 5168 1558 5238 μεθέξει
1586 5168 1677 5221 τοῦ
1711 5169 1832 5221 θεο-

239 5257 400 5312 ποιοῦ
452 5261 754 5332 χρίσματος
775 5259 870 5314 τοῦ
907 5260 1042 5314 καθ’
1070 5260 1202 5316 αὐτό
1257 5277 1318 5313 τε
1347 5260 1705 5329 οὐσιωμένου,
1739 5261 1832 5313 καὶ

239 5352 518 5416 οὑσιωδῶς
555 5353 709 5416 (me;
740 5354 798 5406 ἐν
821 5351 990 5422 αὐτῷ,
1022 5352 1158 5405 Θεὸν
1200 5352 1630 5425 ἀπηρτημένον.

857 5468 1110 5523 ΚΕΦΑΛ.
1143 5469 1244 5521 IZ'.

324 5558 566 5628 ’Δὶηθὼς
596 5559 736 5614 κατὰ
759 5560 819 5613 τὸ
835 5560 1146 5630 εἰρημένον,
1168 5579 1188 5613 ι
1209 5558 1274 5615 '0
1301 5560 1528 5630 ἁσεδὴς,
1549 5562 1676 5614 ὅταν
1704 5561 1835 5634 ἔλθῃ

239 5655 322 5719 si;
353 5649 514 5721 βάθος
553 5651 826 5716 ἀσεδείας,
859 5655 1210 5723 καταφρονεῖο
1241 5671 1261 5705 ι
1281 5654 1332 5707 οἱ
1366 5654 1615 5722 λέγοντες
1633 5654 1768 5707 Θεὸν
1800 5655 1834 5725 ἢ

240 5745 522 5815 Δεσπότην
545 5744 642 5798 τοῦ
669 5743 907 5814 Χριστοῦ
941 5745 1028 5798 τὸν
1058 5745 1193 5799 Θεὸν
1228 5747 1426 5815 Λόγον,
1457 5748 1556 5802 οὐκ
1583 5747 1678 5817 ἀφ’
1718 5743 1847 5795 ἑαυα-

307 5884 490 5940 qual.
513 5898 656 5950 κων,
681 5883 732 5937 8.
809 5887 856 5932 σι’
881 5884 1041 5939 Prov.
1069 5900 1220 5949 xvnl,
1245 5885 1298 5939 5.

580 5983 854 6046 ΡΑΤιιοι..
911 5984 1027 6045 (in.
1093 5981 1436 6048 LXXXVI.

1939 4804 2212 4865 Hebrum:
2256 4822 2557 4886 utrumque
2586 4816 2642 4873 in
2675 4818 2781 4875 hoc
2810 4820 2935 4878 loco
2968 4823 3114 4880 Deus
3144 4842 3245 4898 per
3276 4816 3536 4888 inelrabi-

1933 4900 2018 4956 les
2043 4900 2397 4973 charateres;
2453 4905 2626 4963 Deum
2678 4918 2734 4966 et
2789 4911 3070 4971 hominem
3125 4933 3250 4976 esse
3303 4931 3534 4979 unctum

1936 4992 2276 5048 censendqu
2304 5005 2424 5063 est,
2472 5007 2535 5054 ut
2570 5001 2721 5056 enim
2754 5005 2904 5074 quod
2930 5007 3234 5078 subjicitur
3280 5015 3532 5074 unctioni

1951 5081 2117 5138 homo
2144 5093 2263 5152 est,
2297 5087 2509 5144 idcirco
2547 5090 2754 5149 dicitur
2800 5096 2948 5152 Deus
2999 5110 3163 5167 tuus,
3215 5111 3276 5158 ut
3317 5119 3451 5160 vero
3474 5105 3532 5164 in

1948 5177 2375 5248 participatione
2397 5180 2604 5241 divinae
2621 5185 2925 5256 unctionis,
2955 5189 3069 5247 imo
3084 5203 3324 5264 acceptae
3337 5205 3395 5253 et
3411 5214 3533 5254 rea.

1951 5265 2077 5322 liter
2107 5269 2461 5328 subsistentis
2487 5273 2635 5331 Deus
2657 5277 2901 5348 perfecte
2931 5280 3160 5340 eﬂectus
3181 5295 3288 5342 est.

2551 5473 2706 5530 CAP.
2749 5476 2915 5534 XVII.

2551 5475 2594 5528 C
2647 5476 2706 5530 P.
2900 5519 2915 5534 .

2021 5560 2220 5616 Verum
2259 5562 2392 5618 illud
2431 5475 2730 5638 Scriptus
2749 5476 2998 5641 (finiam,
3035 5593 3055 5627 ι
3084 5575 3444 5648 lmpiuscum
3477 5581 3534 5642 in

1945 5652 2281 5722 profundum
2308 5659 2527 5714 venerit
2551 5659 2856 5733 impietatis
2869 5670 3178 5725 contemnit
3193 5671 3274 5740 «νς
3294 5690 3313 5726 ι
3334 5673 3429 5744 qui
3450 5674 3536 5731 di-

1946 5753 2080 5802 cunt
2107 5747 2279 5804 Deum
2327 5751 2414 5808 vel
2451 5754 2777 5828 magistrum
2822 5758 3031 5818 Christi
3055 5763 3232 5820 Deum
3256 5764 3532 5840 Verbum,

2978 5993 3058 6056 55
