4194 6446
264 451 380 515 ΠΗ

1205 447 1597 508 ADVERSUS
1635 447 2269 510 NESTORIANOS.-
2297 450 2436 508 LIB.
2489 450 2554 507 ‘7.

3377 449 3511 516 1742

256 565 518 617 επαύσατο
549 561 643 614 τοῦ
687 561 858 632 Ἰησοῦ
894 561 958 630 τῇ
987 559 1390 630 ἀνθρωπότητιι
1431 559 1809 630 ἆπιξάποεὲἡ..

1943 577 2006 614 us
2045 560 2166 630 ejus
2198 577 2307 614 non
2345 571 2698 630 permaneret
2730 561 2784 614 in
2828 559 3173 625 hominibus,
3224 559 3352 628 quia
3383 577 3510 615 caro

260 670 433 714 σαντος
462 652 556 705 τοῦ
602 651 760 712 Θεου,
811 649 886 719 μὴ
940 649 1123 717 μένειν
1151 647 1212 699 τὸ
1260 647 1484 717 Πνεῦμα
1545 649 1706 700 αὑτοῦ
1767 665 1819 701 ε»

253 740 574 808 ἀνθρώποις,
633 738 721 790 διὰ
774 737 834 788 τὸ
887 731 1024 787 εἶναι
1071 736 1267 798 αὐτοὺς
1332 735 1540 804 σάρκας
1591 736 1819 788 λοιπόν·

256 830 442 882 οὐκοῦν
466 832 532 899 τῇ
565 826 858 896 ἐπιγνώσει
883 827 975 880 τοῦ
1013 826 1312 894 συγγενοῦς
1350 826 1496 896 αὐτῷ
1529 829 1698 880 Λόγου
1733 829 1825 880 τοῦ

259 923 479 992 Πατρός,
523 923 657 992 πρὸς
688 921 747 973 τὸ
779 921 909 974 ῐδιον
947 920 1161 990 ἐπέπτη
1188 937 1202 951 °
1230 921 1292 972 τὸ
1338 920 1396 974 δὲ
1426 920 1711 988 ὁμοούσιον
1763 924 1822 974 οὐ

1931 663 2149 718 essent;
2186 654 2354 725 igitur
2374 654 2690 724 cognitione
2721 654 2798 709 illi
2829 651 3314 708 consubstantialis
3345 651 3510 706 Verbi

1932 744 2128 808 Patris,
2175 746 2244 799 ad
2283 745 2573 815 proprium
2594 743 2842 809 accedit;
2888 741 3378 798 consubstantialis
3404 757 3511 796 non

1933 835 2107 904 gloria
2133 837 2592 892 consubstantiali
2619 854 2631 901 ;
2662 835 2842 890 factus
2869 844 2955 889 est
2997 849 3131 904 ergo
3180 834 3300 904 ipse
3351 832 3515 890 Jesus

1937 939 2035 992 per
2089 925 2330 978 Verbum
2375 925 2622 980 divinum
2673 923 2942 979 Dominus
3003 931 3061 977 et
3111 921 3366 977 Christus
3413 937 3514 992 per

253 1014 370 1078 δόξα
404 1012 484 1082 τῷ
538 1012 840 1082 ὁμοουσίῳ·
876 1007 943 1083 ἦν
994 1011 1101 1082 ἄρα
1153 1010 1357 1080 Κύριος
1386 1011 1480 1065 διὰ
1523 1013 1613 1064 τὶν
1647 1014 1822 1080 Λόγον

1942 1015 2243 1069 unctionem
2312 1015 2586 1085 Spiritus;
2625 1016 2916 1070 Dominum
2947 1015 3095 1070 enim
3126 1030 3224 1084 per
3246 1014 3509 1070 Verbum.

253 1101 335 1152 τὸν
364 1101 506 1154 θεῖον
531 1103 558 1152 ὁ
612 1100 905 1168 γενόμενος
970 1101 1064 1152 καὶ
1114 1100 1352 1169 Χριστὸς
1391 1100 1480 1154 διὰ
1515 1101 1614 1170 τὴν
1647 1105 1827 1172 κρίσιν

1940 1111 1983 1156 3t
2014 1101 2299 1156 Christum
2341 1119 2439 1172 per
2484 1102 2748 1172 Spiritum
2789 1102 2920 1157 fecit
2954 1104 3101 1157 Deus
3140 1104 3292 1158 hunc
3322 1101 3514 1156 Jesum

251 1191 337 1244 τοῦ
401 1191 741 1260 Πνεύματος,
801 1191 967 1257 αὐτὸς
1020 1191 1263 1261 Ἰησοῦς·
1314 1193 1408 1244 καὶ
1454 1192 1661 1262 Κύριον
1722 1193 1830 1262 γὰρ

253 1283 406 1336 αὑτὸν
429 1283 518 1336 διὰ
547 1283 640 1336 τοῦ
685 1283 882 1350 Λόγου,
916 1283 1011 1335 καὶ
1051 1283 1290 1354 Χριστὸν
1331 1283 1420 1336 διὰ
1449 1279 1542 1336 τοῦ
1575 1283 1828 1350 Πνεύμαι-

252 1377 384 1437 τοςδ
411 1375 547 1438 Θεὸς
592 1377 817 1444 ἐποίησε
864 1374 1057 1428 τοῦτον
1107 1375 1199 1428 τὸν
1241 1375 1448 1443 Ἰησοῦν
1497 1376 1556 1428 ὃν
1589 1377 1829 1429 Ἰουδαῖοι

252 1469 598 1536 ἐσταύρωσαν
627 1483 641 1496 ·
696 1469 759 1535 τῇ
801 1484 859 1519 τε
904 1467 1109 1520 ἐνδόσει
1141 1465 1235 1518 τοῦ
1288 1468 1465 1533 Λόγου
1521 1466 1686 1519 αὐτοῦ
1735 1469 1827 1518 καὶ

254 1559 543 1628 περιθέσει
600 1557 694 1610 τοῦ
751 1556 1068 1626 Πνεύματος
1124 1555 1313 1622 αὑτοῦ,
1361 1557 1431 1611 τά
1460 1573 1518 1609 τε
1552 1557 1702 1618 ὲντδς
1737 1558 1832 1610 καὶ

250 1651 399 1713 ἐκτὸς
426 1651 589 1720 τῆσδε
608 1651 706 1720 τῆς
736 1650 896 1716 ἁγίου
920 1648 1156 1703 κιόωτοῦ
1188 1649 1554 1719 καταχρυσῶν
1579 1651 1608 1701 ό
1639 1649 1830 1719 Πατὴρ

251 1741 368 1812 θείᾳ
400 1743 741 1814 μαρμαρυγῇ
771 1757 785 1771 ο
828 1743 877 1792 εἰ
921 1741 978 1794 δὲ
1025 1740 1120 1792 καὶ
1170 1739 1284 1792 ἀπὸ
1323 1742 1634 1810 γεννήσεως
1670 1740 1829 1803 εὐθὺς

249 1832 483 1902 Χριστὸς
512 1834 610 1885 καὶ
668 1832 874 1904 Κύριος
907 1834 965 1885 ὲν
1002 1830 1156 1882 πόλει
1197 1830 1366 1883 Δα6’;δ
1395 1829 1724 1901 ὀνομάζεται
1788 1830 1866 1899 τῷ
1903 1830 2123 1899 ἀγγὲὶῳ
2183 1831 2723 1900 προαναφωνητικῶς
2756 1849 2770 1862 ο

1930 1207 2094 1260 quem
2135 1193 2309 1248 Judaei
2363 1193 2797 1258 crucitixeruut;
2823 1193 3029 1247 unione
3060 1208 3192 1248 vero
3218 1192 3384 1250 Verbi
3428 1192 3514 1262 ip-

1933 1285 2050 1338 sius
2079 1292 2136 1337 et
2182 1284 2423 1354 Spiritus
2453 1283 2755 1349 eﬂusione,
2786 1284 2936 1338 intus
2967 1283 3320 1354 exteriusque
3376 1284 3518 1338 hanc

1939 1384 2182 1429 sanctam
2227 1389 2412 1429 arcam
2447 1375 2610 1430 Pater
2649 1374 2946 1444 splendore
2969 1374 3158 1430 divino
3195 1374 3515 1438 exornavit;

1932 1476 1990 1520 et
2022 1466 2295 1536 siquidem
2340 1468 2525 1522 statim
2561 1474 2621 1520 ut
2654 1476 2820 1522 natus
2858 1476 2944 1522 est
2967 1465 3224 1522 Christus
3253 1475 3310 1521 et
3333 1465 3520 1520 Domi-

1933 1571 2039 1612 nus
2074 1559 2129 1612 in
2158 1559 2383 1613 civitate
2433 1560 2604 1614 David
2635 1561 2706 1614 ab
2745 1560 2945 1631 angelo
2977 1559 3391 1629 praenuntiante
3420 1571 3518 1611 vo-

1937 1656 2116 1713 catur;
2134 1658 2189 1702 et
2214 1649 2458 1714 Samuel,
2483 1660 2775 1720 antequam
2791 1660 2956 1722 ungat
2971 1652 3262 1722 quemdam
3281 1649 3518 1704 ﬁliorum

1937 1741 2112 1803 Jesse,
2146 1740 2303 1804 dicit,
2338 1760 2360 1792 ι
2382 1741 2480 1796 sed
2515 1758 2666 1796 nunc
2704 1752 2788 1797 est
2809 1743 3063 1798 Christus
3097 1743 3366 1798 Dominus
3389 1741 3460 1792 V?
3496 1759 3514 1791 ι

2829 1833 2924 1885 καὶ
2991 1834 3100 1904 γὰρ
3147 1834 3241 1884 καὶ
3269 1829 3521 1904 Σαμουὴλ

253 1923 380 1996 πρὶν
414 1924 601 1994 χρῖσαι
629 1922 751 1977 τινὰ
783 1925 890 1976 τῶν
919 1921 1050 1975 υίῶν
1099 1921 1301 1974 Ἰεσσαὶ
1335 1921 1542 1989 ἔλεγεν,
1566 1938 1585 1972 ι
1637 1921 1778 1974 Ἀλλ’
1805 1922 1838 1991 ἢ
1873 1922 1903 1974 6
1935 1922 2171 1992 Χριστος
2200 1921 2440 1992 Κύριοςς
2470 1941 2488 1973 ι

839 2016 1093 2070 ΚΕΦΑΛ.
1153 2013 1254 2070 ΙΘ’.

316 2115 382 2168 Ei
419 2111 494 2184 μὴ
524 2113 633 2181 ἄρα
686 2110 750 2162 ὲκ
801 2107 894 2162 τοῦ
945 2106 1264 2178 Πνεύματος
1307 2106 1499 2160 ἔλαϐεν
1531 2107 1560 2160 δ
1602 2107 1833 2176 Ἰησοῦς,

248 2207 392 2262 καθὰ
440 2195 685 2259 ’διδάσκει
733 2203 764 2255 6
807 2201 1131 2270 Αἰγύπτιος,
1164 2199 1225 2254 τδ
1273 2200 1520 2272 ἐνεργεῖν
1548 2194 1832 2264 δύνασθαι,

251 2296 398 2361 τίνος
427 2295 616 2348 ἕνεκεν
641 2284 879 2347 δέδωκεν
937 2291 1087 2361 αὐτῷ
1135 2290 1166 2343 δ
1225 2286 1418 2360 Πατὴρ
1464 2290 1525 2342 τὸ
1569 2287 1833 2361 Πνεῦμας

249 2390 323 2442 οὐ
357 2388 544 2458 μέτρῳ
572 2386 704 2456 γὰρ,
729 2384 883 2455 φησὶ,
917 2382 1133 2436 δίδωσιν
1163 2383 1194 2435 ὁ
1231 2381 1366 2446 Θεὸς
1398 2383 1460 2435 τὸ
1505 2381 1729 2452 Πνεῦμα
1753 2397 1768 2414 ·
1809 2383 1836 2436 6

249 2483 358 2551 γὰρ
385 2479 576 2550 Πατὴρ
625 2479 816 2548 ἀγαπᾷ
869 2476 960 2529 τὸν
993 2475 1120 2528 Υίδν
1149 2475 1245 2529 καὶ
1281 2475 1466 2529 πάντα
1509 2475 1743 2528 δέδωκεν
1771 2477 1828 2531 ὲν

245 2577 315 2644 τῇ
351 2573 502 2644 χειρὶ
552 2570 756 2625 αὐτοῦ’
806 2568 926 2632 πῶς
973 2565 1090 2635 οὖν,
1125 2569 1174 2622 εί
1226 2568 1303 2641 μὴ
1340 2569 1525 2640 μέτρῳ
1582 2569 1678 2622 καὶ
1709 2569 1836 2642 ἀξίᾳ

236 2659 458 2720 ’δίδοται
500 2665 648 2735 αὐτῷ
682 2662 788 2716 ὑπὸ
811 2660 950 2714 Θεοῦ
993 2661 1206 2733 Πατρὸς
1222 2661 1284 2714 τὸ
1314 2661 1574 2731 Πνεῦμας
1615 2663 1726 2730 Οὐχ
1760 2660 1837 2724 ὡς

249 2759 443 2820 ἄτονος
502 2756 796 2826 ἄνθρωπος
848 2753 985 2824 πρὸς
1041 2753 1328 2825 ἐνέργειαν
1366 2750 1533 2807 ’θείαν
1586 2753 1777 2807 ἔλαϐεν
1808 2755 1836 2805 ό

265 2847 480 2918 Ἰησοῦς
507 2847 568 2899 τὸ
600 2843 825 2914 Πνεῦμα
847 2861 862 2876 ο
893 2846 941 2896 εί
981 2843 1091 2914 γὰρ
1128 2844 1202 2914 μὴ
1237 2843 1351 2895 ἔστι
1390 2841 1593 2913 μέτρου
1621 2842 1838 2911 φύσεως

250 2940 449 3009 ἑτέρας
485 2937 671 2992 λαϐεῖν
694 2936 754 2990 τὺ
789 2937 1020 3006 Πνεῦμα
1068 2934 1130 2988 τὸ
1176 2937 1240 2988 ὲκ
1298 2934 1393 2988 τοῦ
1437 2935 1650 3004 Πατρδς
1677 2935 1840 2987 ἐκπο-

256 3031 582 3101 ρευόμενον,
605 3048 613 3057 -
634 3026 750 3081 ἀλλ’
778 3027 1021 3097 ὁμοφυῒα
1073 3026 1167 3078 καὶ⁵
1195 3025 1384 3095 ἀγάπῃ
1416 3025 1551 3096 μόνῃ
1579 3027 1644 3096 τῇ
1703 3009 1840 3094 πρὸς

252 3119 420 3172 αὐτὸν
444 3117 666 3179 δίδοται,
697 3116 858 3185 μόνος
892 3115 949 3168 δὲ
979 3117 1006 3168 δ
1047 3115 1176 3177 Yth;
1218 3115 1404 3186 ’Ilatpi.
1431 3116 1525 3169 καὶ
1562 3115 1639 3181 τῷ
1673 3115 1840 3168 lived-

250 3228 390 3281 ματι
441 3207 1049 3279 ὀμοούσιος,“δῆλον’ὼς
1097 3207 1184 3260 διὰ
1234 3207 1469 3277 φυσικὴν
1514 3201 1734 3276 ἀγάπην
1766 3207 1841 3279 τῷ

2567 2015 2726 2070 CAP.
2757 2015 2901 2070 XIX.

2011 2106 2066 2160 Si
2101 2106 2266 2176 igitur
2298 2121 2407 2160 non
2434 2119 2502 2160 ex
2537 2104 2747 2176 Spiritu
2763 2105 2984 2176 accepit
3008 2104 3190 2170 Jesus,
3216 2106 3521 2162 secundum

1938 2193 2246 2249 doctrinam
2270 2192 2549 2265 Egyptii,
2597 2202 2926 2264 potestatem
2982 2196 3248 2264 operandi
3298 2207 3525 2267 propter

1937 2283 2073 2353 quid
2109 2281 2263 2338 dedit
2293 2283 2370 2338 illi
2402 2283 2565 2347 Pater
2604 2281 2914 2352 Spiritum?
2943 2282 3079 2338 Nam
3118 2301 3136 2335 ι
3164 2299 3275 2340 non
3303 2301 3527 2342 meusu-

1938 2393 2019 2442 ra,
2053 2379 2254 2448 inquit,
2283 2377 2376 2433 dat
2413 2378 2576 2438 Pater
2607 2377 3049 2449 Spiritum.Nam
3082 2380 3406 2437 Pateramat
3431 2382 3524 2437 Fi-

1937 2471 2071 2527 lium
2115 2481 2171 2526 et
2197 2470 2384 2524 omnia
2430 2469 2585 2525 dedit
2627 2469 2683 2525 in
2708 2486 2872 2525 manu
2902 2472 3051 2528 illius
3093 2483 3140 2537 ι,
3175 2493 3195 2524 ι
3245 2475 3526 2544 quomodo

1938 2577 2091 2628 vero,
2122 2562 2166 2616 si
2197 2577 2308 2617 non
2343 2547 2729 2636 mensurgséd
2778 2563 3048 2635 dignitate
3093 2565 3256 2622 datus
3291 2574 3377 2622 est
3408 2567 3460 2624 ei
3494 2585 3526 2625 a

1939 2657 2053 2712 Deo
2075 2656 2357 2727 Spiritus?
2386 2656 2506 2711 Non
2536 2638 2682 2711 sicut
2712 2655 3011 2712 imbecillis
3043 2656 3208 2712 homo
3234 2656 3302 2713 ad
3333 2672 3525 2729 opera-

1943 2749 2149 2803 tionem
2200 2747 2445 2802 divinam
2494 2746 2709 2816 accepit
2756 2746 2917 2802 Jesus
2964 2747 3258 2817 Spiritum.
3299 2748 3358 2803 Si
3392 2747 3526 2804 vero

1941 2855 2050 2895 non
2093 2848 2178 2894 est
2216 2855 2491 2898 mensurae
2537 2839 2680 2894 alius
2707 2849 2918 2894 naturae
2960 2841 3211 2910 accipere
3259 2840 3526 2911 Spiritum

1940 2933 2036 3002 qui
2057 2949 2124 2988 ex
2145 2933 2305 2987 Patre
2334 2933 2607 3002 procedit,
2634 2933 2729 2987 sed
2754 2932 2916 2987 datur
2941 2933 3041 2988 soli
3065 2941 3276 2987 natura:
3292 2933 3456 2988 simili
3473 2943 3531 2992 et

1939 3026 2009 3079 ab
2033 3041 2100 3079 eo
2127 3025 2361 3088 dilectae,
2383 3026 2532 3080 solus
2566 3025 2741 3079 Filius
2766 3025 2915 3080 Patri
2941 3034 3001 3080 et
3023 3024 3257 3096 Spiritui
3287 3025 3530 3081 consub~

1941 3117 2241 3182 stantialis,
2272 3116 2500 3171 evidens
2527 3126 2613 3172 est
2651 3116 2798 3185 quod
2845 3125 3078 3186 propter
3102 3117 3409 3171 naturalem
3438 3117 3526 3172 dl~

1940 3207 2239 3262 lectionem
2287 3206 2744 3262 consubstantiali
2778 3206 2920 3262 Filio
2959 3207 3116 3261 dedit
3157 3208 3531 3263 consubstan-

249 3303 533 3373 ὁμοουσὶῳ
558 3301 673 3371 res
691 3301 889 3353 δέδωκε
914 3299 974 3353 τὸ
994 3298 1285 3369 ὁμοούσιον
1339 3298 1503 3351 αὑτοῦ
1547 3299 1775 3369 Πνεῦμα
1815 3300 1837 3351 ό

1948 3299 2129 3354 tialem
2168 3299 2435 3369 Spiritum
2471 3315 2631 3354 suum
2669 3299 2850 3364 Pater,
2899 3315 3023 3353 nam
3071 3299 3253 3354 omnia
3279 3300 3434 3356 dedit
3475 3304 3528 3361 ei

247 3371 715 3464 Πατήρ-ἠπάντα
763 3392 874 3463 γὰρ
905 3390 1135 3442 δέδωκεν
1185 3391 1243 3443 ὲν
1287 3393 1356 3461 τῇ
1411 3391 1553 3460 χειρὶ
1593 3390 1760 3443 αὑτοῦ
1811 3392 1837 3444 6

1944 3393 2104 3446 Pater
2155 3391 2208 3445 in
2245 3407 2434 3456 manu,
2467 3391 2538 3444 ita
2569 3402 2624 3447 ut
2669 3391 2883 3447 diceret
2910 3390 3106 3448 Filius:
3146 3410 3166 3444 ι
3195 3391 3388 3451 Omnia
3407 3410 3530 3464 qua)

244 3484 452 3555 Πατήρ
479 3500 493 3515 °
547 3482 688 3536 ὥστε
748 3483 927 3550 λέγειν
953 3480 1047 3533 τὸν
1081 3480 1229 3543 Υἱδν,
1265 3497 1283 3531 ι
1312 3481 1500 3534 πάντα
1541 3482 1638 3533 ὅσα
1669 3482 1780 3550 ἔχει
1810 3481 1840 3532 ὁ

249 3578 472 3648 Πατὴρ,
513 3576 625 3646 ἐμά
660 3578 797 3629 ἐστι.
850 3594 868 3626 ι

857 3666 1085 3718 ΚΕΦᾹΛ
1097 3704 1110 3718 .
1171 3665 1254 3718 κ’.

321 3760 601 3821 Ζωοποιός
631 3760 747 3812 ἐστι
780 3757 873 3810 τοῦ
930 3757 1137 3827 Κυρίου
1195 3759 1228 3827 ἡ
1285 3755 1425 3826 σὰρξ
1472 3759 1838 3827 πιστευομένη

245 3852 336 3904 ὅτι
374 3849 482 3904 ὑπὸ
510 3849 604 3901 τοῦ
628 3847 764 3900 Θεοῦ
793 3850 969 3915 Λόγου
1001 3847 1377 3918 ὲζωοποιήθη*
1410 3847 1586 3910 ἄλλως
1610 3849 1716 3917 γὰρ
1741 3851 1838 3900 οὐκ

244 3943 370 3995 ἐστι
451 3941 736 4002 ζωοποιός.
801 3939 939 3991 Ἀλλ’
993 3940 1094 3991 οὐκ
1142 3939 1397 4010 ἐνεργείᾳ
1451 3939 1546 3992 τοῦ
1606 3939 1838 4003 ζωτικοῦ

243 4033 435 4099 Λόγου
491 4031 585 4083 νῦν
634 4030 819 4093 ἁπλῶς
871 4029 1238 4101 ἐζωοποιήθη,
1290 4029 1481 4101 ὥσπερ
1547 4034 1605 4084 ὲν
1657 4034 1722 4102 τῇ
1747 4031 1838 4083 τοῦ

254 4124 442 4192 Ἀδὰμ
485 4122 849 4193 δημιουργίᾳ·
882 4122 994 4192 ὅτῳ
1028 4122 1138 4192 γὰρ
1185 4120 1252 4174 ἂν
1295 4122 1457 4176 πάλιν
1478 4123 1708 4192 δυνάμει
1746 4123 1841 4175 καὶ

242 4214 310 4266 τὺ
341 4212 587 4283 φθαρτὸν
625 4207 741 4281 εἷχε
762 4213 858 4266 καὶ
888 4211 984 4266 νῦν
1003 4213 1032 4263 ὁ
1060 4211 1384 4282 ἄνθρωπος·
1417 4213 1532 4266 ἀλλ’
1567 4214 1839 4284 ἐνοικήσει

244 4302 475 4370 φύσεως
486 4299 722 4370 ζωτικῆς
740 4304 820 4363 είς
833 4300 1017 4369 φῦσιν,
1034 4303 1156 4354 καθ’
1182 4303 1379 4356 ἕνωσιν
1395 4302 1592 4356 οὐσιῶν
1609 4303 1722 4367 δύο,
1739 4305 1840 4374 τὴν

244 4394 561 4447 ὑπόστασιν
603 4394 735 4462 μίαν
795 4393 1234 4447 ἁποδεικνῦσαν*
1273 4394 1350 4458 ὡς
1384 4395 1458 4466 μὴ
1487 4395 1691 4465 ίσχύειν
1731 4394 1843 4447 πώ-

243 4503 391 4540 ποτε
418 4485 605 4538 λοιπὸν
653 4486 714 4537 τὸ
756 4487 987 4556 δυνάμει
1025 4486 1449 4556 ὲναποκείμενον
1495 4486 1729 4558 φθαρτὸν
1773 4489 1839 4558 τῇ

243 4576 422 4647 φύσει
454 4579 520 4646 τῇ
580 4576 928 4650 ἀνθρωπίνῃ,
975 4580 1056 4640 εἰς
1098 4579 1161 4630 τὸ
1205 4579 1460 4648 ἐνεργείᾳ
1508 4579 1792 4650 προελθεῖν
1824 4593 1840 4609 ο

1939 3479 2103 3533 habet
2123 3480 2306 3544 Pater,
2338 3495 2456 3535 mea
2482 3489 2610 3560 sunt
2631 3493 2679 3534 ε.
2718 3500 2736 3533 ι

2581 3662 2735 3717 CAP.
2770 3662 2892 3718 XX.

2012 3751 2307 3810 Viviticans
2332 3762 2416 3808 est
2446 3754 2663 3810 Domini
2707 3770 2838 3810 caro
2863 3721 2988 3810 cum
3023 3755 3306 3811 credimus
3340 3770 3460 3811 eam
3496 3772 3526 3812 a

1943 3847 2053 3900 Deo
2093 3846 2270 3901 Verbo
2299 3845 2650 3900 vhiﬁcatam.
2687 3846 2864 3901 Aliter
2895 3847 3044 3902 enim
3089 3862 3203 3904 non
3223 3857 3312 3903 est
3341 3849 3527 3904 viviti-

1941 3952 2092 3992 caus.
2129 3936 2236 3991 Sed
2266 3953 2376 3991 non
2405 3937 2612 3991 virtute
2647 3937 2755 3990 vivi
2793 3937 2957 3992 Verbi
3003 3953 3154 3993 nunc
3200 3938 3528 4008 simpliciter

1939 4029 2212 4083 viviticata
2237 4068 2252 4092 ,
2285 4037 2348 4082 ut
2384 4029 2439 4083 in
2471 4030 2756 4084 creatione
2777 4019 2950 4084 Adam
2969 4026 3345 4101 {quacunque
3377 4032 3526 4085 enim

1942 4137 2135 4175 rursus
2171 4120 2378 4175 virtute
2423 4121 2838 4191 corruptionem
2880 4121 3114 4193 haberet
3151 4136 3303 4176 nunc
3337 4122 3525 4189 homo,

1941 4212 2038 4268 sed
2065 4213 2246 4267 univit
2289 4228 2404 4267 sua:
2437 4221 2651 4267 natura:
2693 4222 2948 4269 naturam
2994 4212 3390 4280 viviﬁcantem,
3427 4231 3528 4284 per

1945 4304 2204 4358 unionem
2246 4303 2481 4358 duarum
2507 4303 2966 4368 substentiarum,
2993 4296 3159 4359 unam
3207 4305 3528 4377 hypostasin

1941 4396 2320 4460 exhibentem,
2373 4406 2435 4451 ut
2466 4412 2751 4466 nunquam
2799 4395 3065 4466 deinceps
3095 4405 3282 4467 posset
3305 4397 3362 4451 in
3396 4412 3529 4467 0pc-

1943 4490 2156 4544 ratione
2219 4490 2323 4545 sita
2373 4491 2681 4557 corruptio,
2745 4497 2958 4543 natura:
3017 4488 3272 4544 humana:
3314 4487 3530 4558 ingredi

1943 4584 2288 4654 operatione,
2339 4591 2400 4636 ut
2439 4583 2677 4636 humana
2719 4579 3000 4652 hypostasi
3046 4580 3101 4636 in
3154 4579 3276 4650 ipso
3314 4581 3418 4634 sita
3447 4583 3531 4635 in-

241 4669 328 4730 ὡς
357 4667 503 4719 κατὰ
533 4667 881 4738 ἀνθρωπίνης
925 4667 1278 4730 ὑποστάσεως
1309 4669 1837 4738 συνεναποκειμὲνης

1945 4673 2320 4744 corruptionis
2359 4673 2590 4738 virtute,
2635 4673 2761 4726 vitae
2809 4673 3033 4742 propria
3066 4681 3287 4737 natura,
3315 4679 3374 4727 et
3401 4687 3530 4728 cum

242 4759 399 4827 αὐτῇ
439 4759 500 4809 ὲν
537 4761 600 4828 τῇ
628 4760 723 4826 τῆς
771 4759 1178 4829 ἁφθαρτοποιοῦ
1209 4760 1512 4829 δυνάμεως,
1547 4761 1646 4830 τῆς
1679 4762 1843 4813 αὑτο-

241 4855 422 4922 φύσει
453 4851 616 4920 ζωῆς,
645 4854 736 4903 καὶ
770 4852 846 4913 εἰς
879 4850 974 4920 τὴν
1001 4851 1171 4919 αὐτὴν
1214 4850 1366 4903 θείαν
1400 4850 1696 4903 ὑπόστασιν
1726 4867 1850 4904 συν-

239 4946 493 5018 εχούσης
531 4950 630 5016 τὴν
691 4944 1042 5014 ἀνθρωπείαν
1079 4944 1274 5014 φύσιν·
1327 4944 1473 4997 οὕτω
1508 4946 1642 5011 γοῦν
1703 4961 1847 5007 τινες

239 5043 349 5096 καὶ
383 5040 514 5101 τοὺς
541 5039 901 5108 φθοροποιοὺς
950 5038 1048 5107 τῆς
1087 5035 1324 5106 γαστρὸς
1351 5035 1578 5106 όποῦςῆ
1615 5035 1844 5104 βοτάνας

238 5135 314 5187 δι’
353 5131 554 5200 ἑτέραν
619 5132 740 5184 τινὰ
800 5130 1073 5197 ὠφέλειαν
1119 5129 1526 5200 προσφέροντες
1563 5146 1675 5182 τισι
1731 5131 1843 5192 τοῖς

244 5224 414 5283 ἰδίως
463 5223 772 5290 ἑφεκτικοῖς
820 5221 992 5289 αὐτῆς
1039 5221 1204 5273 εἴδεσι
1265 5221 1540 5288 μίξαντες,
1598 5221 1674 5282 είς
1724 5219 1842 5282 ἑνὸς

241 5310 560 5383 φαρμάκου
604 5309 867 5380 σύνθεμα,
918 5308 1091 5370 ἀδεῶς
1138 5309 1199 5362 τὸ
1260 5308 1446 5360 λοιπὸν
1512 5307 1838 5378 παρέχουσι·

241 5401 624 5473 φθοροποιίαν
678 5402 913 5472 γαστρὸς
970 5399 1155 5452 λοιπὸν
1190 5399 1293 5452 οὐκ
1339 5398 1725 5469 εὐλαϐούμενοι
1756 5398 1843 5450 διὰ

240 5498 315 5550 τὸ
375 5491 874 5562 συμπεπλεγμένον
929 5490 1220 5558 ὲφεκτικὸν
1269 5490 1367 5560 τῆς
1397 5489 1629 5558 γαστρὸς
1670 5490 1729 5542 ὲν
1763 5487 1843 5539 ἐνὶ

243 5587 352 5641 καὶ
387 5583 469 5653 τῷ
495 5583 645 5654 αὐτῷ
667 5582 944 5654 φαρμάκῳ
984 5583 1120 5652 ἅμα.

827 5676 1082 5729 ΚΑΦΑΛ.
1128 5676 1259 5730 KA'.

322 5767 451 5819 Οὐκ
487 5765 631 5819 ἐστιν
665 5766 950 5837 ἄνθρωπος
983 5768 1060 5837 μὴ
1087 5766 1164 5820 ὢν
1203 5785 1287 5830 τις
1337 5766 1621 5837 ἄνθρωπος
1644 5783 1658 5798 ·
1693 5766 1782 5819 καὶ
1812 5766 1840 5818 ὁ

286 5895 318 5933 7
343 5884 516 5957 Illeg.
547 5901 653 5951 va,
677 5885 729 5940 6.
813 5895 832 5922 ι
873 5884 1030 5940 Joan.
1073 5903 1152 5951 ut,
1184 5886 1272 5942 δε.
1351 5897 1374 5926 ⁸
1409 5885 1564 5941 Joan.
1593 5897 1705 5951 ιιι,
1745 5885 1826 5939 l5.

1951 4765 2068 4834 ipsa
2133 4764 2320 4819 divina
2379 4764 2660 4836 hypostasi
2729 4763 2937 4817 unitam
3004 4763 3304 4818 humanam
3367 4774 3532 4819 natu-

1949 4872 2097 4922 ram;
2127 4857 2207 4910 sic
2231 4855 2399 4925 igitur
2437 4855 2663 4926 quidam
2688 4841 2806 4910 sani
2832 4855 3092 4910 mortales
3124 4854 3409 4910 stomacho
3431 4855 3532 4910 hu-

1948 4963 2152 5010 mores,
2173 4948 2258 5002 vel
2285 4948 2525 5016 plantas,
2562 4947 2679 5002 sive
2715 4945 3008 5017 quamdam
3043 4946 3207 5000 aliam
3240 4946 3530 5003 utilitatem

1946 5040 2298 5103 adhibentes,
2332 5046 2388 5092 et
2419 5037 2754 5109 quibusdam
2779 5036 3218 5108 astringentibus
3241 5037 3534 5110 speciebus

1948 5132 2262 5194 miscentes,
2297 5144 2468 5184 unum
2496 5129 2851 5200 pharmacum
2877 5137 3219 5199 componunt
3246 5128 3394 5200 quod
3412 5130 3532 5186 sine

1947 5229 2097 5275 metu
2138 5221 2206 5275 de
2229 5229 2428 5275 caetero
2463 5220 2750 5278 adhibent.
2781 5219 3212 5291 Corruptionem
3259 5219 3531 5278 stomachi

1949 5312 2018 5368 de
2055 5320 2256 5368 cetero
2283 5325 2394 5366 non
2429 5311 2688 5367 timentes
2723 5321 2956 5384 propter
2985 5311 3300 5370 mistionem
3329 5312 3532 5372 astrin-

1950 5403 2128 5474 gentis
2148 5401 2277 5457 salsi
2312 5402 2368 5456 in
2404 5401 2601 5457 eodem
2637 5402 2954 5474 pharmace.

2021 5765 2138 5821 Non
2168 5763 2334 5820 homo
2357 5759 2453 5832 qui
2467 5774 2580 5818 non
2929 5758 3117 5826 homo,
3146 5764 3201 5814 et
3227 5753 3532 5830 suscipiens
