4194 6446
660 449 797 516 1743

1938 454 2247 514 LEONTII
2287 454 2694 515 ili'ZANTlNl

3800 455 3941 519 1744

659 560 1061 617 humanitatem
1113 561 1257 616 Deus
1310 561 1606 631 quemdam
1648 563 1932 620 hominem
1977 569 2244 635 suscepit.

2352 569 2643 639 λαμϐάνων
2673 569 2759 623 τὸν
2784 569 3071 641 ἄνθρωπον
3092 569 3228 633 Θεὸς
3257 571 3380 624 τινὰ
3405 571 3694 641 ἄνθρωπον
3716 573 3905 642 ὶαμῦἁ
3920 607 3940 615 ο

657 651 751 721 qui
779 651 1082 706 secundum
1125 658 1379 705 naturam
1407 660 1495 705 est
1530 652 1719 717 homo,
1766 655 2075 709 secundum
2114 672 2247 709 vero

657 739 1033 807 acceptionem
1053 746 1139 792 est
1161 754 1329 809 super
1359 740 1664 796 hominem.
1699 743 1754 796 Si
1788 760 1920 799 vero
1951 748 2246 815 quemdam

656 829 937 883 hominem
967 828 1151 884 adhuc
1183 831 1236 883 in
1283 840 1570 899 postermn
1611 834 1829 903 accepit
1875 836 2042 899 Deus,
2077 837 2245 893 bene-

654 920 797 975 dicis
822 962 836 983 ,
870 921 913 975 si
962 922 1014 974 in
1046 921 1492 990 apprehensione
1514 934 1569 977 et
1596 934 1718 994 post
1742 927 2244 995 apprehensionem

652 1015 780 1084 quis
805 1014 956 1067 visus
977 1021 1057 1067 est
1084 1022 1144 1067 ut
1190 1014 1355 1068 homo
1373 1057 1387 1081 ,
1423 1018 1703 1085 quomodo
1730 1018 2025 1088 quemdam
2066 1019 2246 1073 homi-

652 1120 780 1159 nem
822 1104 1034 1158 nudum
1091 1107 1327 1174 sumpsit
1393 1107 1683 1162 obtentum
1741 1123 1809 1161 ex
1864 1110 2245 1178 assumptione

655 1196 849 1252 illius?
900 1196 957 1251 Si
1003 1213 1137 1252 vero
1176 1199 1484 1253 secundum
1517 1210 1772 1254 naturam
1819 1200 1985 1255 homo
2016 1213 2099 1257 est
2144 1219 2246 1257 na-

653 1301 797 1351 tura.
831 1298 888 1345 et
942 1306 1040 1360 per
1089 1291 1525 1360 assumptionem
1559 1306 1727 1362 supra
1760 1293 2068 1355 hominem,
2103 1295 2244 1350 nihil

652 1381 802 1436 aliud
829 1383 935 1437 nisi
967 1382 1085 1452 ipsa
1106 1390 1303 1436 natura
1321 1397 1549 1453 prorsus
1575 1392 1846 1439 mutatum
1875 1399 1981 1451 est,
2020 1396 2077 1440 ut
2098 1396 2245 1442 esset

651 1474 800 1544 quod
845 1483 965 1529 erat
1009 1482 1208 1528 natura
1272 1490 1371 1544 per
1420 1477 1883 1545 assumptionem.
1937 1478 2072 1546 quid
2112 1493 2244 1548 ergo

651 1566 833 1620 factus
860 1573 968 1630 est,
993 1565 1079 1618 vel
1113 1565 1262 1619 enim
1292 1564 1500 1635 aliquid
1518 1566 1665 1621 aliud
1690 1568 1787 1637 qui
1815 1584 1920 1623 nec
1941 1568 2110 1629 Deus.
2142 1585 2243 1624 nec

597 1693 601 1697 ι
651 1658 819 1712 homo
847 1667 903 1711 et
933 1655 1082 1726 quod
1114 1658 1436 1727 assumpsit.
1469 1658 1675 1712 Tamen
1710 1660 1860 1728 apud
1898 1674 1997 1713 vos
2047 1670 2242 1715 natura

652 1763 761 1802 una
812 1757 898 1802 est
921 1746 1165 1812 Christo,
1211 1757 1270 1802 et
1312 1747 1427 1816 ipsa
1465 1747 1674 1812 divina,
1709 1755 1764 1800 et
1796 1762 1902 1800 una
1930 1746 2243 1818 hypostasis

653 1839 733 1895 illi
769 1839 1056 1896 evidenter
1076 1839 1242 1894 etiam
1268 1837 1474 1893 divina.

1259 1973 1411 2031 CAP.
1473 1975 1639 2030 xxu.
2273 1959 2316 2013 Β

722 2078 1000 2149 Scriptum
1029 2084 1115 2131 est
1148 2074 1279 2146 quia
1314 2084 1369 2130 et
1399 2075 1738 2143 sanctifians,
1773 2076 1826 2131 id
1856 2085 1940 2131 est
1969 2077 2240 2142 Christus,
2273 2101 2278 2107 -

649 2179 708 2228 et
751 2167 1116 2233 sanctificati,
1176 2182 1372 2223 onmes
1419 2184 1487 2223 ex
1540 2184 1672 2233 uno,
1728 2167 1943 2224 scilicet
1990 2185 2057 2223 ex
2108 2170 2241 2225 Deo.

649 2264 827 2330 Quam
850 2261 922 2317 ob
952 2275 1175 2316 causam
1202 2274 1313 2314 non
1340 2258 1622 2315 erubescit
1649 2260 1774 2314 illos
1801 2260 2002 2316 fratres
2022 2275 2242 2325 vocare,

650 2353 845 2408 dicens
873 2368 886 2404 :
930 2368 948 2400 ι
997 2348 1243 2403 Narrabo
1274 2362 1477 2402 nomen
1503 2355 1656 2402 tuum
1685 2348 1956 2403 fratribus
1979 2349 2184 2417 meisb;
2217 2369 2236 2401 ι

648 2452 706 2501 et
757 2444 999 2497 iterum:
1047 2459 1065 2492 ι
1112 2437 1250 2506 Quia
1292 2454 1425 2511 ergo
1478 2439 1635 2511 pueri
1686 2441 2245 2497 communicaverunt

650 2532 805 2587 carui
840 2539 898 2586 et
921 2529 1200 2601 sanguini,
1234 2540 1291 2585 et
1321 2529 1437 2600 ipse
1462 2530 1722 2585 similiter
1753 2532 2104 2602 participavit
2135 2534 2245 2588 eis-

651 2624 841 2678 dem°.
893 2641 913 2677 ι
957 2621 1064 2676 Sed
1101 2620 1354 2691 quamvis
1392 2638 1460 2676 ex
1503 2638 1613 2677 uno
1657 2639 1870 2688 onmes,
1911 2640 2022 2679 non
2048 2625 2242 2680 eodem

651 2714 848 2777 modo,
892 2712 987 2767 hic
1034 2711 1187 2767 enim
1228 2713 1586 2782 generatione
1641 2714 1994 2770 immaculata
2027 2724 2083 2771 et
2121 2716 2243 2772 sine

651 2804 930 2877 principio
963 2820 1031 2858 ex
1066 2803 1163 2859 illo
1200 2814 1316 2870 est;
1356 2805 1434 2859 illi
1463 2814 1647 2861 autem
1676 2809 1958 2864 creatione
1991 2819 2240 2877 tantum;

652 2912 764 2951 non
791 2896 939 2951 enim
984 2896 1235 2967 ejusdem
1283 2907 1497 2954 natura:
1532 2913 1661 2955 sunt
1695 2902 1842 2955 filius
1872 2902 2021 2972 figuli
2046 2913 2100 2957 et
2125 2919 2241 2971 vas,

651 2988 907 3060 quamvis
954 2997 1185 3057 uterque
1227 2988 1296 3043 ab
1328 2990 1421 3043 illo
1450 2991 1683 3045 oriatur.
1715 2993 1948 3063 Insuper
1974 2992 2018 3047 si
2048 3009 2244 3049 crcans

656 3091 710 3137 et
729 3081 902 3137 creati
928 3088 1126 3136 natura
1149 3081 1290 3136 inter
1308 3098 1365 3139 sc
1385 3083 1671 3150 dim-runt,
1697 3087 1975 3155 quomodo
1994 3088 2242 3159 ejusdem

653 3184 866 3230 naturae
929 3189 1051 3229 esse
1111 3185 1345 3245 possunt
1394 3178 1723 3231 naturaliter
1783 3178 2135 3235 sanctifieaus
2189 3188 2245 3234 et

2350 676 2453 721 νει,
2484 660 2577 712 τὸν
2614 661 2702 714 διὰ
2754 660 2852 729 μὲν
2891 660 2991 733 τὴν
3036 661 3199 730 φύσιν
3239 662 3370 715 ὄντα
3410 663 3723 735 ἄνθρωπον,
3756 666 3846 720 διὰ
3875 668 3940 719 δὲ

2347 752 2447 822 τὴν
2498 752 2659 821 λῆψιν
2720 752 2848 805 ὄντα
2894 753 3035 824 ὑπὲρ
3084 753 3396 824 ἄνθρωπον.
3449 756 3513 808 Εἰ
3550 756 3652 826 μὲν
3683 754 3781 811 οὖν
3811 776 3943 812 τινα.

2348 844 2478 896 ὄντα
2508 843 2795 915 ἄνθρωπον
2844 844 2946 915 ἥδη
2979 844 3208 915 ὕστερον
3238 847 3433 900 ἔλαϐεν
3478 849 3507 902 ὁ
3558 850 3711 913 Θεὸς,
3751 851 3942 914 καλῶς

2349 937 2558 1005 λέγεις’
2592 941 2640 990 εξ
2688 937 2741 990 δὲ
2768 941 2834 1009 τῇ
2867 938 3029 1009 λήψει
3072 940 3166 992 καὶ
3207 941 3345 1010 μετὰ
3398 941 3500 1011 τὴν
3548 942 3715 1011 λῆψιν
3742 943 3940 1016 ώρὰθη

2347 1045 2430 1091 τις
2461 1028 2536 1080 ὢν
2565 1028 2873 1099 ἄνθρωπος,
2906 1030 3025 1092 πῶς
3052 1047 3175 1083 τινα
3212 1031 3501 1100 ἄνθρωπον
3530 1032 3690 1085 ἔλαϐε
3725 1036 3945 1104 γυμνὸν

2348 1119 2612 1171 ἂτευκτον
2643 1120 2720 1172 ἔτι
2749 1124 2849 1190 τῆς
2890 1120 3254 1190 προσλήψεως
3293 1123 3456 1175 αὑτοῦ
3487 1141 3501 1189 ;
3537 1126 3585 1176 εἰ
3624 1125 3682 1177 δὲ
3712 1125 3803 1178 διὰ
3834 1129 3945 1195 τὴν

2349 1212 2513 1279 φύσιν
2540 1211 2828 1282 ἄνορωπῦς
2858 1217 2972 1266 ἐστι
2995 1216 3059 1284 τῇ
3080 1214 3242 1283 φύσει
3265 1216 3359 1268 καὶ
3378 1215 3464 1269 διὰ
3490 1216 3589 1287 τὴν
3608 1216 3773 1287 λῆψιν
3795 1218 3949 1288 ὑπὲρ

2348 1304 2659 1376 ἄνθρωπον,
2698 1306 2798 1358 οὐκ
2827 1306 2957 1360 ἄλλο
2989 1324 3043 1359 τι
3092 1306 3210 1359 ἀλλ’
3236 1308 3409 1380 αὐτὴν
3460 1308 3560 1378 τὴν
3596 1309 3761 1378 φύσιν
3801 1310 3946 1363 πάνυ

2345 1412 2454 1459 τως
2486 1397 2698 1467 ἐτράπη
2716 1397 2810 1449 οὖν
2838 1397 2934 1450 τοῦ
2968 1393 3110 1451 εἶναι
3142 1398 3171 1451 ὅ
3213 1394 3282 1471 ἦν
3311 1403 3375 1470 τῇ
3411 1400 3572 1469 φύσει
3599 1400 3687 1455 διὰ
3710 1402 3811 1472 τῆς
3835 1402 3944 1471 λή-

2346 1487 2493 1557 ψεως
2520 1504 2533 1516 ⁸
2561 1491 2614 1542 τί
2651 1485 2743 1543 οὖν
2773 1490 3025 1558 γέγονενς
3068 1491 3100 1562 ἢ
3128 1490 3239 1563 γὰρ
3265 1492 3456 1561 ἕτερον
3482 1510 3555 1559 τι,
3584 1493 3612 1545 ὃ
3636 1493 3755 1546 οὐδὲ
3777 1494 3944 1560 Θεὸς,

2348 1580 2465 1632 οὐδὲ
2501 1580 2790 1650 ἇνῠρωπός
2840 1581 3045 1633 ἔστιτὸ
3088 1583 3537 1652 προσλαόὁμενον
3584 1585 3754 1654 ἤγουν
3782 1601 3795 1614 ·
3826 1586 3949 1655 ἄρα

2348 1671 2442 1724 οὖν
2474 1671 2790 1741 καθ’ὒμᾶς,
2826 1674 2923 1726 καὶ
2984 1673 3145 1741 φύσις
3188 1675 3287 1744 μία
3352 1676 3473 1729 ἐστὶ
3527 1678 3776 1748 Χριστῷ,
3840 1677 3951 1733 καὶ

2347 1764 2484 1832 αὐτὴ
2534 1764 2655 1817 Θεία
2678 1782 2690 1794 ·
2730 1766 2824 1818 καὶ
2877 1766 3182 1831 ὑπόστασις
3219 1768 3276 1822 δὲ
3336 1768 3488 1837 αὐτῷ
3519 1769 3619 1837 μία
3647 1771 3949 1842 προδήλως

2347 1857 2441 1909 καὶ
2470 1856 2608 1927 αὑτὴ
2645 1856 2801 1915 Θεοῦ.

2915 1988 3168 2044 ΚΕΦΑᾹ.
3212 1990 3337 2047 KB'.

2416 2080 2731 2149 Γέγραπται
2760 2083 2844 2135 ὅτι
2878 2083 2974 2135 καὶ
2999 2085 3026 2136 ὁ
3055 2083 3321 2151 ἁγιάζων,
3362 2088 3532 2157 ἤγουν
3558 2087 3816 2158 Χριστὸς,
3842 2089 3951 2140 καὶ

2346 2171 2396 2225 οἱ
2427 2172 2802 2241 ἁγιαζόμενοι,
2837 2173 2897 2237 ἐξ
2929 2172 3047 2237 ἐνὸς
3080 2175 3305 2241 πάντες,
3328 2177 3533 2251 δηλαδὴ
3562 2180 3627 2232 ἐκ
3653 2178 3743 2231 τοῦ
3774 2180 3949 2233 θεοῦ·

2346 2262 2414 2317 δι’
2454 2265 2523 2336 ἣν
2579 2265 2759 2318 αἰτίαν
2804 2265 2928 2319 οὐδὲ
2981 2269 3373 2338 ἐπαισχύνεται
3416 2271 3617 2334 αὐτοὺς
3670 2272 3952 2342 ἀδελφοὺς

2347 2357 2533 2410 καλεῖν
2556 2357 2749 2425 λέγων,
2774 2377 2792 2408 ι
2819 2359 3143 2428 Ἀπαγγελῶ
3163 2361 3221 2414 τὸ
3247 2362 3420 2433 ὄνομά
3445 2380 3538 2416 σου
3557 2366 3667 2428 τοῖς
3682 2365 3802 2419 ἅδε)
3813 2367 3951 2435 φοῖς

2349 2467 2453 2521 μου
2475 2468 2489 2484 ο
2518 2471 2536 2503 ›
2562 2453 2654 2507 καὶ
2674 2452 2857 2518 πάλιν,
2882 2472 2899 2504 ι
2925 2454 3081 2506 Ἐπεὶ
3102 2450 3195 2508 οὖν
3217 2455 3285 2509 τὰ
3310 2456 3503 2510 παιδία
3536 2457 3953 2529 κεκοινώνηκεν

2346 2545 2577 2613 αἵματος
2610 2545 2704 2599 καὶ
2747 2545 2971 2615 σαρκδς,
3009 2547 3102 2598 καὶ
3150 2547 3312 2611 αὐτὸς
3356 2550 3754 2620 παραπλησίως
3800 2569 3956 2621 μετ-

2348 2637 2471 2706 έσχε
2506 2637 2615 2690 τῶν
2652 2637 2854 2692 αὐτῶν.
2884 2657 2903 2690 ι
2937 2638 3076 2692 Ἀλλ’
3103 2641 3153 2692 εἰ
3186 2640 3279 2694 καὶ
3302 2639 3363 2706 ἐξ
3403 2641 3530 2705 ἑνὸς
3565 2642 3784 2707 πάντες,
3816 2642 3953 2696 ἀλλ’

2345 2730 2441 2799 οὺχ
2480 2729 2770 2792 ὡπῦτωξ⁸
2800 2733 2829 2783 ὁ
2864 2731 2965 2802 μὲν
2996 2735 3105 2802 γὰρ
3135 2734 3230 2785 καὶ
3261 2734 3514 2803 γεννήσει
3546 2736 3639 2787 καὶ
3678 2735 3958 2805 ἀκρᾶν-τῳ

2346 2826 2439 2876 καὶ
2469 2824 2693 2895 ἀνάρχῳ
2725 2825 2874 2877 ἐστὶν
2920 2824 2979 2889 ἐξ
3017 2825 3218 2879 αὐτοῦ’
3258 2828 3303 2879 οἱ
3333 2828 3391 2880 δὲ
3430 2828 3610 2881 κτίσει
3655 2830 3841 2898 μόνον,
3876 2830 3953 2880 εὖ

2344 2914 2447 2983 τῆς
2485 2915 2655 2984 αὐτῆς
2686 2915 2743 2968 δὲ
2781 2913 3018 2982 φύσεως,
3055 2917 3083 2968 ὃ
3116 2933 3175 2969 τε
3229 2918 3343 2980 ait;
3384 2917 3481 2970 τοῦ
3513 2919 3801 2988 κεραμέως
3833 2921 3957 2973 καὶ

2345 3007 2377 3076 ἡ
2413 3006 2673 3076 στάμνος,
2730 3007 2907 3060 καίτοι
2936 3006 2994 3073 ἐξ
3022 3006 3188 3060 αὑτοῦ
3213 3008 3502 3077 γενόμενοι
3533 3009 3727 3078 ἄμφω”
3753 3009 3953 3074 didm;

2346 3098 2401 3151 δὲ
2431 3099 2460 3150 ὁ
2496 3099 2657 3168 φύσει
2700 3100 2966 3167 ἁγιάζων,
3003 3101 3097 3153 καὶ
3128 3102 3177 3153 οἱ
3210 3101 3374 3169 φύσει
3409 3101 3783 3170 ἁγιαζόμενοι,
3816 3104 3956 3166 πῶς

2347 3193 2641 3259 ὁμοφυεῖς
2673 3192 2834 3261 εἴπερ
2872 3191 2947 3260 μὴ
2982 3194 3076 3244 καὶ
3109 3195 3136 3245 ὁ
3164 3193 3366 3257 κτίζων
3398 3196 3490 3247 καὶ
3514 3198 3563 3248 οἱ
3598 3196 3927 3265 κτιζόμειίοι

652 3265 983 3321 naturaliter
1042 3266 1441 3322 sanetifieatus.
1485 3269 1597 3323 Cur
1652 3285 1785 3325 vero
1830 3270 2028 3325 fratres
2105 3273 2231 3327 illos

2352 3284 2434 3336 διὰ
2466 3284 2517 3336 τί
2563 3283 2619 3336 δε
2666 3284 2759 3337 καὶ
2818 3284 3003 3338 καλεῖν
3063 3286 3261 3350 αὐτοὺς
3312 3287 3573 3355 ἁδε>.;,;οὺς
3620 3290 3717 3341 οὑκ
3779 3292 3962 3343 Errat:-

652 3371 853 3412 vocare
889 3371 1000 3409 non
1034 3356 1356 3411 erubescit?
1385 3359 1520 3424 Quis
1548 3361 1695 3415 enim
1726 3362 1906 3431 pudor
1936 3365 2020 3418 vel
2050 3364 2241 3419 existi-

653 3456 840 3504 matur
889 3449 943 3504 in
989 3449 1060 3503 iis
1103 3452 1200 3522 qui
1247 3467 1476 3520 prorsus
1502 3452 1750 3522 ejusdem
1777 3464 1991 3510 natura:
2023 3464 2152 3509 sunt
2183 3472 2247 3511 ae

653 3542 983 3613 dignitatis?
1014 3544 1107 3598 Vel
1130 3560 1253 3614 qua:
1280 3543 1402 3598 laus
1430 3545 1758 3599 humiiitatis
1795 3547 1845 3599 ei
1876 3546 1971 3615 qui
2000 3547 2244 3616 seipsum

653 3642 816 3688 vocat
843 3632 991 3703 quod
1019 3641 1169 3688 totus
1205 3643 1293 3688 est
1332 3636 1665 3689 naturaliter
1704 3637 1841 3691 nihil
1872 3638 2113 3708 amplius
2154 3639 2247 3694 ha-

654 3724 844 3779 bens?
887 3724 1077 3793 Neque
1121 3725 1268 3779 enim
1307 3726 1401 3795 qui
1448 3736 1662 3781 tantum
1703 3729 2035 3782 naturaliter
2072 3730 2246 3785 forma

654 3813 803 3869 servi
826 3813 1065 3881 exsistit,
1091 3814 1162 3868 ab
1198 3814 1344 3868 inani
1374 3815 1549 3885 gloria
1576 3817 1792 3871 alienus
1837 3825 1922 3871 est
1959 3818 2251 3875 habendus

654 3906 898 3977 seipsum
935 3922 1158 3962 servum
1197 3921 1419 3962 vocans.
1448 3907 1579 3973 Quae
1607 3908 1911 3977 spiritualis
1943 3910 2252 3981 sympathia

653 3998 844 4069 pueris
862 4000 954 4069 qui
985 3997 1533 4053 communicaverunt
1558 3999 2018 4070 participantibns
2037 4003 2253 4057 earniet

655 4091 910 4161 sanguini
941 4100 1161 4156 natura,
1212 4090 1550 4160 participare
1587 4090 1723 4146 fecit
1756 4108 1884 4146 eum
1928 4093 2023 4163 qui
2057 4104 2251 4149 natura

653 4190 711 4240 et
759 4182 876 4253 ipse
921 4198 1151 4253 prorsus
1189 4183 1391 4237 similis
1416 4223 1431 4247 ,
1463 4191 1519 4237 et
1545 4197 1671 4237 cum
1698 4182 1955 4239 similiter
1982 4185 2167 4239 carnis
2198 4194 2254 4239 et

654 4273 944 4344 sanguinis
984 4282 1205 4328 natura.
1243 4274 1361 4327 Etsi
1404 4288 1540 4328 vero
1568 4289 1680 4331 non
1706 4275 1894 4342 vellet,
1931 4277 2019 4331 vel
2067 4278 2253 4346 potius

654 4369 763 4424 etsi
809 4382 922 4423 non
984 4369 1406 4439 participarent,
1456 4384 1570 4423 non
1619 4369 1819 4425 fierent
1868 4370 1958 4426 isti
2013 4371 2253 4427 infantes

658 4475 890 4530 prorsus
930 4460 981 4515 ei
1024 4460 1547 4526 consubstantiales,
1582 4462 1629 4516 si
1670 4461 1835 4516 Verbi
1887 4464 2110 4532 propria
2149 4478 2251 4517 na-

657 4560 783 4605 tura
830 4550 1110 4620 particeps
1156 4551 1335 4606 factus
1389 4560 1475 4605 est
1525 4551 1710 4607 carnis
1764 4562 1822 4607 et
1877 4569 1991 4608 non
2044 4554 2248 4625 quivis.

2350 3376 2643 3445 σχύνεται;
2685 3377 2770 3439 τίς
2825 3378 2933 3449 γὰρ
2994 3378 3223 3447 αἰσχύνη
3289 3381 3381 3432 καὶ
3447 3382 3813 3435 ὑποπτεύεται
3890 3387 3961 3435 ἐν

2345 3462 2649 3531 ὀμοονσίοις
2721 3463 2897 3533 πάντη
2968 3466 3060 3516 καὶ
3136 3466 3431 3537 ἰσοτίμοις;
3495 3468 3654 3537 ﬁsi;
3714 3470 3960 3535 ἔπαινος

2346 3554 2849 3626 ταπεινοφροσύνης
2925 3555 3001 3625 τῷ
3084 3557 3339 3612 καλοῦντι
3418 3561 3644 3625 ἑοῖ-στὶν,
3699 3563 3727 3614 ὅ
3777 3564 3962 3631 φύσει

2347 3649 2468 3711 ὅλος
2495 3648 2610 3700 ἐστὶ
2644 3649 2811 3719 μηδὲν
2843 3649 3004 3702 πλέον
3049 3650 3188 3720 ἔχων
3219 3652 3373 3705 τοῦδε
3401 3671 3415 3716 ;
3446 3655 3565 3707 οὐδὲ
3603 3655 3713 3726 γὰρ
3738 3659 3767 3709 ὁ
3799 3675 3961 3726 μορ-

2350 3741 2425 3810 φὴ
2477 3741 2664 3794 δούλου
2724 3743 2883 3811 φύσει
2954 3742 3030 3795 ὢν
3085 3744 3268 3814 μόνον,
3333 3745 3517 3798 δοῦλον
3577 3749 3772 3801 ἑαυτὸν
3844 3769 3967 3804 και

2350 3832 2458 3884 λῶν
2508 3833 2859 3896 ἁκενὸδοξος·
2892 3834 2975 3898 τίς
3022 3834 3078 3887 δὲ
3128 3836 3385 3905 γνωμικὴ
3442 3836 3668 3905 ἐποίησε
3716 3843 3965 3918 Capiti:

2353 3924 2469 3977 Οεια
2529 3925 2666 3995 πρὸς
2714 3925 2784 3977 τὰ
2834 3926 3275 3995 κεκοινωνηκότα
3324 3928 3512 3980 παιδία
3557 3930 3794 3997 αἳματος
3846 3936 3960 3984 καὶ

2354 4018 2555 4087 σαρκὶ-ς
2596 4017 2778 4085 φύσει,
2834 4016 2928 4070 τὸν
2982 4020 3048 4087 τῇ
3094 4018 3256 4085 φύσει
3304 4019 3497 4071 ἑαυτὸν
3534 4020 3710 4090 πάντη
3752 4023 3961 4090 ὅμοιον

2353 4109 2446 4162 καὶ
2492 4108 2658 4160 αὑτὸν
2716 4107 3114 4178 παραπλησξως
3166 4109 3267 4178 τῆς
3309 4111 3512 4179 σαρκὸς
3564 4113 3658 4163 καὶ
3701 4113 3959 4182 αἵματος

2354 4200 2514 4268 φύσει
2552 4202 2919 4268 κοινωνῆσαις
2964 4200 3081 4254 Κᾶν
3131 4201 3242 4272 γὰρ
3297 4204 3372 4274 μὴ
3421 4205 3693 4268 ἐϐούλετο,
3735 4209 3958 4274 μᾶλλον

2352 4290 2407 4344 δὲ
2436 4294 2529 4345 καὶ
2556 4296 2602 4345 εὶ
2640 4292 2714 4363 μὴ
2747 4294 3139 4364 ἐκοινώνησαν,
3207 4294 3347 4365 μηδὲ
3393 4296 3646 4362 ἐγένοντο
3671 4299 3813 4362 ὅλως
3852 4296 3959 4354 οὒ-

2351 4385 2520 4436 τοι.οἱ
2560 4384 2834 4454 ὀμοούσιοι
2859 4386 3047 4451 παῖδες
3079 4387 3252 4457 τῷδε’
3295 4390 3342 4440 εξ
3382 4388 3524 4459 λόγῳ
3571 4392 3670 4460 τῆς
3732 4394 3954 4459 οἰκείας

2355 4476 2568 4546 φύσεως
2600 4481 2999 4547 κεκοινώνηκεν
3029 4480 3224 4550 αἵματι
3261 4481 3356 4534 καὶ
3388 4482 3571 4553 σαρκὶ,
3614 4483 3840 4548 πάντως
3879 4487 3956 4538 ἂν

2356 4568 2455 4620 καὶ
2486 4569 2648 4638 μόνος
2692 4568 2767 4623 ὢν
2815 4571 2993 4623 τοῖσδε
3043 4569 3369 4640 ἐκοινώνησε
3395 4589 3407 4601 ·
3439 4575 3607 4641 σαφὲς
3635 4569 3731 4626 οὖν
3762 4576 3860 4627 καὶ
3894 4580 3959 4630 ἰν

657 4641 896 4698 Omnino
918 4641 1071 4696 solus
1099 4642 1167 4697 iis
1192 4642 1563 4712 participavit.
1583 4642 1729 4699 Sane
1749 4644 1920 4715 igitur
1940 4646 1995 4700 in
2021 4646 2141 4700 istis
2156 4647 2248 4717 qui

2357 4662 2571 4724 τούτοις
2619 4663 2679 4715 τὸ
2732 4664 3011 4734 ὑπερφυὲς
3060 4666 3196 4733 ἡμῖν
3239 4664 3334 4717 τοῦ
3384 4666 3829 4734 καταδεξαμένων
3892 4670 3958 4721 τὸ

657 4746 745 4793 est
759 4749 928 4805 supra
958 4743 1203 4790 nostram
1226 4743 1481 4790 naturam
1499 4737 1714 4807 accepit
1728 4738 1978 4793 eamdem
2000 4747 2254 4794 naturam

658 4828 757 4883 Dei
823 4825 1257 4890 humanisantis,
1295 4835 1353 4880 et
1398 4827 1678 4882 hominem
1734 4827 2115 4895 divinisantis,
2160 4830 2257 4901 qui

667 4918 904 4975 infantes
953 4918 1041 4974 sui
1073 4917 1248 4989 ipsius
1281 4926 1412 4973 sunt
1458 4920 1766 4975 secundum
1803 4936 2028 4977 carnem
2060 4925 2260 4978 fratres

661 5013 889 5069 dicens:
914 5031 931 5065 ι
952 5012 1095 5068 Ecce
1117 5026 1217 5083 ego
1241 5011 1465 5083 etpueri
1487 5028 1628 5083 quos
1651 5013 1802 5069 dedit
1829 5014 1963 5069 mihi
1990 5014 2197 5080 Deusd,
2232 5034 2250 5066 ι

661 5104 865 5162 deinde
905 5104 1158 5175 quamvis
1191 5106 1494 5161 secundum
1528 5106 1941 5177 generationem
1974 5109 2252 5163 carnalem

664 5198 777 5252 illis
836 5206 921 5252 est
978 5196 1185 5263 frater,
1237 5207 1511 5266 quatenus
1562 5214 1630 5254 ex
1685 5198 1859 5253 Adam
1920 5202 2254 5270 proveniens

663 5287 847 5359 primo
882 5296 1133 5357 parente,
1171 5286 1228 5342 in
1274 5303 1518 5359 praesens
1549 5290 1835 5357 saeculum,
1872 5290 1969 5347 sed
1997 5292 2254 5349 similiter

672 5377 849 5448 ipsius
864 5392 1067 5447 corpus
1085 5393 1153 5432 ex
1181 5379 1592 5435 resurrectione
1609 5396 1734 5435 cum
1751 5381 1971 5437 fecisset
1991 5384 2253 5452 spiritua-

660 5468 798 5524 liter
816 5478 1122 5536 mortuum,
1146 5479 1204 5526 et
1231 5471 1285 5525 in
1310 5480 1562 5527 nostrum
1587 5472 1774 5527 cibum
1795 5473 2050 5545 prarbens
2068 5485 2127 5530 ut
2148 5478 2263 5532 col—

666 5563 882 5619 locaret
918 5576 1017 5631 per
1040 5562 1223 5632 ipsum
1268 5563 1325 5617 in
1361 5562 1526 5619 nobis
1556 5563 1816 5619 virtutem
1849 5567 2161 5636 energicam
2193 5568 2261 5623 ad

663 5655 1134 5710 resurrectionem
1169 5662 1295 5725 post
1322 5665 1558 5711 mortem
1587 5654 1655 5710 ad
1683 5656 2030 5726 spiritualem
2061 5674 2260 5728 corpo-

667 5759 790 5798 rum
817 5746 1341 5813 revivifieationem,
1370 5729 1473 5819 ipsi
1504 5756 1702 5805 auctor
1729 5755 1815 5804 est
1841 5747 1898 5803 in
1919 5747 2083 5805 nobis
2103 5761 2257 5805 certe

739 5883 768 5922 ιι
803 5883 944 5939 l‘sal.
978 5902 1087 5952 xu,
1128 5885 1218 5939 ‘23.
1301 5896 1321 5924 ε
1365 5887 1527 5941 llebr.
1580 5906 1639 5957 tl,
1680 5889 1759 5943 li.

1837 5886 1990 5940 dlsa.
2047 5902 2159 5950 vm,
2213 5888 2292 5945 l8.

2355 4753 2592 4821 ὀμοερυὲς
2641 4755 2777 4821 ἡμῖν
2821 4753 2958 4807 Θεοῦ
3014 4755 3554 4826 ὲνανθρωπήσαντος,
3588 4757 3681 4808 καὶ
3717 4757 3813 4809 τὶν
3852 4760 3957 4812 ἄν-

2358 4843 2578 4915 Ορωπον
2635 4844 3049 4909 ἁποῦεώσαντος
3079 4846 3136 4908 ὃς
3169 4847 3262 4900 καὶ
3310 4848 3497 4901 παιδῖα
3542 4848 3699 4901 καλεῖ
3750 4848 3955 4903 τούσδε

2358 4937 2484 5000 τοὺς
2504 4938 2701 4990 ἑαυτοῦ
2733 4939 2872 4991 κατὰ
2893 4939 3070 5007 σάρκα
3101 4939 3597 5007 ἁδε).ςροὺς,ὶέγων,
3626 4960 3642 4990 ι
3668 4940 3805 4994 Ἰδοὺ
3838 4942 3960 5010 ἐγὼ

2363 5030 2461 5081 καὶ
2487 5030 2552 5083 τὰ
2581 5031 2768 5084 παιδία
2802 5032 2836 5085 ὅ.
2869 5049 2960 5101 μοι
2995 5033 3194 5084 ἔδωκεν
3220 5035 3247 5085 ὁ
3276 5032 3410 5095 Θεός
3430 5048 3445 5063 ⁸
3472 5051 3491 5083 ι
3527 5033 3651 5085 ἐπεὶ
3679 5033 3740 5087 δὲ
3773 5037 3823 5087 ει
3854 5038 3959 5088 καὶ

2361 5120 2506 5172 κατὰ
2555 5122 2828 5192 σαρκικὴν
2886 5123 3141 5193 γέννησιν
3198 5124 3423 5192 ἁδελφός
3465 5125 3614 5177 ἐστιν
3653 5126 3844 5189 αὐτοῖς
3899 5129 3963 5194 ἐξ

2376 5211 2547 5279 Ἀδὰμ
2575 5212 2852 5280 προελθὼν
2882 5212 2976 5264 τοῦ
3028 5213 3379 5285 προπάτορος
3418 5216 3499 5277 εἰς
3526 5215 3674 5268 τόνδε
3730 5219 3827 5269 τὸν
3872 5220 3962 5269 ὲνο

2364 5302 2580 5356 εστ-ὦτα
2613 5304 2805 5368 αἰῶνα,
2845 5304 2958 5356 ἀλλ’
2996 5305 3146 5375 ὅμως
3190 5305 3250 5358 τὸ
3281 5305 3474 5359 ἑαυτοῦ
3516 5306 3677 5373 σῶμα
3718 5308 3782 5373 ἐξ
3814 5310 3960 5361 ἀνα-

2370 5397 2612 5458 στάσεως
2643 5396 2835 5467 νεκρδν
2869 5398 3238 5467 πνευματικὶν
3266 5398 3519 5467 ποιήσας,
3549 5399 3643 5450 καὶ
3678 5398 3850 5452 τοῦτο
3878 5403 3963 5463 εἰς

2365 5486 2573 5552 τροφὴν
2606 5484 2736 5553 ἡμῖν
2766 5487 3029 5555 παρέχων
3055 5485 3151 5538 τοῦ
3182 5487 3415 5540 ἐνθεῖναι
3450 5487 3544 5541 καὶ
3582 5488 3718 5557 ἡμῖν
3753 5488 3826 5540 δι’
3859 5492 3963 5541 αὖ.

2365 5573 2457 5625 τοῦ
2520 5575 2751 5646 δύναμιν
2807 5579 2888 5640 εἰς
2945 5578 3241 5631 ἀνάστασιν
3309 5579 3447 5649 μετὰ
3494 5578 3598 5649 τὴν
3644 5581 3965 5650 νεκρόττχτα

2366 5665 2724 5737 ἐνεργητικὴν
2796 5667 3177 5737 πνευματικῆς
3232 5668 3503 5739 σωμάτων
3572 5669 3964 5726 ἁναὸιιίδσεις-ε.

2366 5756 2530 5819 αὐτὸς
2583 5757 2752 5822 αἴτιος
2799 5761 2929 5829 ἡμῖν
2969 5764 3085 5813 ἐστι
3131 5759 3319 5828 σαφῶς
3362 5759 3460 5829 τῆς
3514 5761 3731 5815 τοιᾶσδε
3774 5765 3832 5815 ἐν
3888 5762 3969 5833 τῷ
