4194 6446
220 435 352 500 1745

1184 438 1581 499 ADVERSUS
1617 436 2171 497 NESTORIANOS.
2205 461 2267 472 —
2291 438 2434 495 LIB.
2480 440 2542 492 ν.

3331 432 3390 492 1.7
3399 431 3466 498 ιδ

216 549 465 620 μέλλοντι
516 548 673 602 αἰῶνι
723 550 1100 620 πνευματικῆς
1134 549 1346 618 φύσεως
1382 552 1476 604 καὶ
1505 551 1792 621 ἀτελευτήο

1920 553 2065 620 iujus
2095 551 2153 605 in
2184 550 2372 604 futuro
2401 550 2602 604 sacculo
2639 547 2943 618 spiritualis
2976 554 3188 602 natura:
3216 553 3272 600 et
3297 551 3470 601 status

213 659 300 693 του
345 642 444 693 καὶ
492 642 771 711 ἀφθάρτου
837 644 1220 704 καταστάσεως
1262 644 1368 695 τῶν
1417 641 1511 696 νῦν
1553 646 1610 695 ἐν
1663 645 1793 712 ἡμῖν

214 731 472 800 φθαρτῶν
495 732 764 800 σωμάτων
781 751 792 762 ·
811 733 987 803 τούτῳ
1013 750 1096 785 τοι
1120 734 1212 786 καὶ
1237 735 1450 802 εῑρηται
1474 725 1627 796 οὗτος
1648 728 1708 787 οὗ
1731 733 1798 786 τὰ

213 822 402 874 παιδία
423 822 612 890 ἐσμὲν,
637 824 827 892 Πατὴρ
859 823 951 876 τοῦ
991 825 1278 893 μέλλοντος
1296 824 1491 889 αἰῶνος
1509 841 1522 853 ’
1559 825 1624 877 δι’
1655 826 1796 895 ἡμᾶς

211 913 319 983 γὰρ
346 913 443 976 οὓς
468 915 776 985 ἀφθάρτους
799 917 993 986 ἀνιστᾷ
1026 920 1423 985 πνευματικοῖς
1453 919 1672 986 σώμασι
1703 919 1800 971 καὶ

211 1006 337 1066 τοὺς
367 1006 568 1068 τόπους
596 1008 688 1059 καὶ
719 1007 788 1059 τὰ
819 1009 946 1075 περὶ
977 1009 1122 1076 ἡμᾶς
1153 1009 1328 1061 πάντα
1353 1007 1666 1078 κατάλληλα,
1688 1011 1800 1071 τοῖς

214 1096 654 1166 ὲνδιαιτωμένοις
703 1100 798 1152 καὶ
851 1099 1206 1167 περιπολοῦσι
1259 1101 1352 1152 καὶ
1384 1099 1651 1153 διαῦιοῦσι
1708 1102 1802 1154 καὶ

215 1191 404 1252 ἁπλῶς
458 1188 969 1260 ἐμπολιτευομένας
1007 1192 1212 1255 αὐτοῖς,
1264 1191 1516 1263 ἄφθαρτα
1558 1191 1802 1246 ἀποκαο-

217 1282 401 1351 ίστησι
454 1280 713 1350 σώματα·
751 1281 831 1334 ὅτι
860 1283 955 1334 καὶ
995 1281 1132 1353 αὑτὴ
1171 1285 1204 1352 ἡ
1231 1283 1408 1345 κτίσις
1439 1282 1806 1352 ὲλευθερωθή·

217 1387 373 1424 σεται
412 1372 522 1424 ἀπὸ
563 1372 660 1440 τῆς
718 1373 962 1433 δουλείας
1013 1375 1112 1442 τῆς
1164 1374 1370 1443 φθορᾶς
1410 1365 1617 1442 si;th
1638 1371 1798 1436 δόξαν

215 1465 316 1532 τῆς
343 1463 656 1536 ἐλευθερίας
685 1465 794 1518 τῶν
823 1466 1032 1518 τέκνων
1064 1463 1159 1517 τοῦ
1200 1465 1336 1517 Θεοῦ
1367 1465 1562 1517 τούτου
1594 1463 1687 1516 τοῦ
1717 1463 1807 1516 καὶ

215 1555 295 1616 ὡς
335 1555 625 1623 ἀνθρώπου
676 1555 904 1620 ἀδελφοῦ
937 1557 1029 1608 καὶ
1059 1554 1272 1626 [ἰατρὸς
1301 1555 1554 1622 λέγοντος
1576 1571 1590 1586 ’
1621 1573 1639 1605 ι
1673 1552 1804 1606 Ἰδοὺ

217 1644 332 1712 ἐγὼ
370 1649 464 1699 καὶ
493 1648 561 1700 τά
590 1648 775 1700 παιδία
810 1648 846 1700 ἆ
881 1665 968 1715 μοι
1001 1646 1202 1700 ἔδωκεν
1222 1649 1250 1700 6
1275 1648 1425 1709 956;.
1457 1666 1475 1699 ι

809 1824 1058 1877 ΚΕΦΑΛ.
1104 1826 1228 1878 Kl".

1899 644 2017 698 sine
2053 641 2158 696 {ine
2186 650 2241 694 et
2271 641 2392 695 sine
2421 642 2775 708 corruptione
2801 655 3094 709 corporum
3124 637 3344 692 nuncin
3377 653 3476 691 ne-

1898 735 1984 790 bis
2035 733 2508 802 corruptibilium.
2560 732 2690 787 Ideo
2737 732 2902 786 etiam
2953 732 2999 786 is
3041 731 3197 802 cujus
3238 729 3476 784 infantes

1899 843 2092 882 sumus
2118 825 2324 880 dicitur
2343 827 2506 879 Pater
2523 825 2694 878 futuri
2723 821 2930 885 saeculi,
2962 831 3188 891 propter
3212 835 3314 876 nos
3335 834 3476 890 quos

1901 915 2194 972 suscitabit
2236 915 2687 984 incorruptibiles
2717 915 2771 968 in
2803 911 3189 984 spiritualibus
3223 911 3475 980 corpori-

1902 1010 2029 1074 bus,
2058 1017 2114 1063 et
2146 1009 2286 1072 loca,
2313 1015 2370 1063 et
2401 1009 2585 1062 omnia
2612 1007 2772 1061 nobis
2794 1005 3159 1061 convenienta
3184 1002 3478 1057 habitanti-

1904 1101 2027 1165 bus,
2080 1108 2136 1155 et
2185 1099 2535 1154 volventibus
2580 1107 2636 1154 et
2677 1097 2989 1151 viventibus
3036 1105 3093 1151 et
3144 1109 3371 1166 prorsus
3421 1108 3478 1146 ιιι

1904 1192 2121 1247 civibus
2149 1190 2376 1255 habitis,
2406 1205 2639 1259 corpore
2663 1190 2719 1244 in
2745 1189 2950 1244 unione
2976 1170 3317 1257 incorrupta,
3349 1184 3479 1256 quia

1905 1295 1962 1340 et
2007 1286 2125 1355 ipsa
2173 1284 2385 1338 creatio
2417 1283 2746 1337 liberabitur
2779 1297 2810 1334 a
2849 1281 3115 1336 servitute
3175 1279 3371 1334 mortis
3413 1273 3477 1350 in

1905 1379 2134 1448 gloriam
2168 1377 2444 1432 libertatis
2485 1375 2725 1430 ﬁliorum
2770 1374 2912 1428 Dei°
2950 1373 3111 1428 istius
3142 1371 3236 1442 qui
3278 1368 3482 1426 dicitur

1907 1470 2149 1524 hominis
2181 1469 2350 1523 frater
2375 1476 2432 1523 et
2469 1477 2643 1539 pater.
2692 1485 2710 1517 ι
2753 1465 2892 1522 Ecce
2925 1480 3028 1535 ego
3061 1472 3117 1520 et
3149 1463 3306 1536 pueri
3343 1476 3482 1532 quos

1909 1561 2063 1617 dedit
2101 1561 2235 1614 mihi
2271 1562 2435 1614 Deus.
2483 1579 2501 1610 ι

2503 1821 2654 1878 CAP.
2697 1822 2886 1876 XXIII.

293 1916 355 1967 ΕΞ
393 1915 554 1977 αὐτὸς
586 1917 610 1967 ὁ
636 1918 692 1967 ἐν
711 1921 890 1987 μορφῇ
921 1917 1056 1970 Θεοῦ
1089 1917 1352 1988 ὑπάρχων
1377 1937 1395 1970 ι
1428 1915 1802 1986 Ἐταπεινώθη

1977 1915 2034 1973 Si
2078 1918 2172 1972 ille
2202 1918 2297 1986 qui
2325 1916 2625 1972 exsistebat
2669 1915 2724 1969 in
2773 1915 2951 1969 forma
2974 1911 3070 1966 Dei
3102 1930 3120 1962 ι
3167 1909 3488 1964 Humiliavit

221 2005 468 2070 κενώσας
518 2007 712 2060 ἑαυτὸν
752 2011 834 2072 εἰς
866 2010 968 2078 τὴν
1005 2010 1100 2062 τοῦ
1145 2009 1332 2064 δούλου
1379 2009 1617 2080 μορφὴν,
1651 2004 1804 2070 οὗτός

220 2103 374 2152 ὲστιν
406 2102 432 2152 6
458 2099 854 2171 ὐπερυψωθεὶς,
885 2104 978 2155 καί
1008 2096 1052 2169 ᾧ
1080 2104 1372 2172 ἐχαρὶσατο
1409 2103 1437 2154 6
1474 2099 1606 2161 Θεὸς
1635 2099 1807 2168 ὄνομα

218 2194 286 2245 τὸ
333 2193 478 2259 ὑπὲρ
508 2195 616 2246 πᾶν
663 2194 854 2263 ὖνομα,
897 2214 914 2246 ι
941 2195 1048 2265 ἄρα
1071 2212 1132 2262 γε
1167 2195 1195 2246 ὃ
1227 2194 1368 2246 κατά
1409 2193 1574 2261 φύσιν
1606 2189 1749 2261 εἶχεν
1778 2194 1806 2245 6

219 2284 420 2351 Λόγος,
470 2285 699 2354 ὕστερον
747 2287 888 2338 κατά
941 2287 1104 2356 χάριν
1144 2285 1324 2355 ἔσχεν.
1366 2285 1506 2337 Ἀλλ’
1553 2287 1600 2336 εἰ
1649 2284 1745 2352 μὲν
1779 2285 1807 2336 6

219 2375 390 2438 αὐτός
418 2378 579 2429 tam
610 2377 731 2429 καθ’
762 2378 957 2448 ἑτέραν
999 2379 1096 2448 μὲν
1130 2379 1238 2432 τῶν
1266 2378 1434 2431 αὑτοῦ
1465 2377 1682 2446 φύσεων
1715 2395 1806 2430 κε-

221 2467 420 2531 νωθεὶς
459 2471 540 2532 εἰς
565 2468 665 2539 τὴν
692 2470 852 2538 φύσει
892 2471 1090 2538 δούλην
1120 2469 1539 2540 ἀνθρωπότητα,
1573 2469 1808 2538 ὑψωθεὶς

220 2559 283 2612 δὲ
315 2558 414 2628 τὴν
443 2559 639 2628 ἑτέραν
683 2561 763 2616 εἰς
814 2561 912 2631 τὴν
957 2560 1118 2628 φύσει
1148 2559 1518 2624 δεσπόζουσαν
1553 2560 1805 2629 θεότητα,

222 2652 335 2719 ἄρα
379 2667 443 2718 γε
493 2651 594 2720 τῆς
636 2649 1021 2716 ταπεινώσεως
1077 2652 1289 2724 ἑτέρου,
1349 2653 1521 2723 έτέρῳ
1557 2655 1585 2705 6
1620 2652 1810 2722 μισθὸς

224 2744 552 2797 ἀποδέδοται
582 2743 791 2812 ἀλόγως
823 2762 883 2798 τε
920 2745 1016 2798 καὶ
1044 2746 1278 2809 ἀδίκωςο
1311 2745 1451 2816 πλὴν
1481 2749 1513 2815 ἡ
1545 2747 1813 2798 ταπείνω-

228 2823 340 2899 σις,
378 2835 474 2887 καὶ
500 2835 621 2888 καθ’
649 2836 794 2900 ὑμᾶς
821 2835 915 2888 τοῦ
956 2837 1132 2904 Λόγου
1169 2836 1349 2888 ἐστίν’
1385 2835 1524 2906 αὕτη
1555 2835 1609 2888 δὲ
1649 2834 1812 2905 μέχρι

226 2924 490 2986 θανάτου,
524 2924 622 2977 καὶ
675 2925 908 2979 θανάτου
961 2924 1194 2994 σταυροῦ
1246 2928 1462 2995 εἴρηται
1504 2925 1809 2994 προϐῆναι·

224 3015 323 3070 τοῦ
369 3016 544 3084 Λόγου
588 3016 697 3086 ἄρα
736 3017 842 3070 ἰδία
883 3019 1053 3087 χωρὶς
1087 3018 1362 3086 σαρκικῆς
1405 3017 1684 3085 συμφυΐας
1716 3017 1814 3068 καὶ

226 3108 330 3177 τῆς
355 3109 578 3160 οἱασοῦν
615 3110 1069 3172 συνυποστάσεως
1103 3110 1298 3181 ἑτέρας
1331 3109 1518 3172 οὐσίας
1554 3110 1622 3161 τα
1666 3108 1816 3178 πάθη

227 3200 326 3253 καὶ
355 3199 446 3253 τὸν
472 3201 698 3254 θάνατον
737 3199 873 3254 εἶναι
905 3203 1182 3269 συνάγετε.

819 3313 1068 3366 ΚΕΨΑΛ.
1109 3314 1238 3366 KA'.

301 3406 438 3460 Θεὸν
489 3403 667 3467 οὐδεὶς
712 3402 924 3472 ἑώρακε
969 3402 1226 3456 πώποτεο
1269 3404 1318 3456 εἰ
1352 3401 1443 3456 οὖν
1499 3403 1528 3456 6
1571 3402 1667 3455 ἐπὶ
1715 3401 1822 3471 γῆς

224 3497 438 3566 ὀφθεὶς,
470 3490 532 3550 οὗ
555 3496 654 3567 τὴν
685 3495 844 3560 δόξαν
869 3495 1162 3548 ἐθεάσαντο
1191 3496 1268 3557 ὡς
1296 3493 1639 3562 Μονογενοῦς
1666 3494 1822 3565 παρὰ

230 3588 472 3657 Πατρὸς,
515 3587 679 3649 αὑτός
725 3587 874 3639 ἐστιν
921 3587 950 3638 6
1000 3585 1162 3652 φύσει
1195 3585 1351 3648 Θεὸς,
1387 3585 1504 3647 πῶς
1536 3584 1735 3654 ἀληθὲς
1759 3585 1822 3638 τὸ

229 3674 812 3746 προομολογούμενον;
869 3674 1064 3727 Καίτοι
1114 3673 1185 3726 τὰ
1213 3674 1534 3743 ὲπαγόμενα
1563 3673 1822 3743 διασαφεῖ

228 3769 308 3830 ὡς
351 3768 513 3829 αὑτός
559 3767 754 3821 ἐστινὸ
784 3783 842 3819 τε
887 3765 1051 3834 φύσει
1087 3766 1195 3835 ἰδία
1237 3766 1489 3836 ἀόρατος,
1521 3767 1616 3819 καὶ
1657 3767 1821 3837 σαρκὶ

234 3859 345 3929 ἰδίᾳ
368 3859 562 3930 ὁρατὸς
597 3860 730 3929 ἡμῖν
750 3874 762 3886 ·
801 3858 1015 3929 εἴρηται
1044 3857 1150 3928 γὰρ
1178 3859 1260 3910 ὅτι
1287 3858 1420 3910 αὐτὸ
1443 3857 1604 3911 τοῦτο
1627 3857 1686 3910 τὸ
1712 3875 1823 3928 μη-

229 3953 360 4005 δένα
390 3952 700 4021 ἑωρακέναι
731 3951 882 4016 Θεὸν,
913 3953 941 4005 6
969 3951 1264 4022 μονογενὴς
1300 3951 1430 4014 Υἱὸς
1460 3953 1489 4003 6
1517 3950 1591 4005 ῶν
1623 3953 1702 4014 εἰς
1731 3951 1822 4003 τὸν

238 4045 437 4098 κόλπον
484 4044 580 4097 τοῦ
634 4044 869 4114 Πατρὸς,
920 4043 1084 4107 αὐτὸς
1131 4041 1477 4113 ἐξηγήσατο·
1515 4044 1574 4096 οὐ
1638 4042 1820 4113 μέντοι

233 4140 320 4191 ὃτι
357 4134 455 4187 καὶ
501 4132 656 4204 ὤφθη
705 4132 1053 4201 ἐθεασάμεθά
1100 4151 1182 4194 τε,
1213 4135 1274 4185 οὐ
1305 4135 1407 4203 τὴν
1443 4133 1606 4202 φύσιν
1653 4131 1821 4186 αὑτοῦ

232 4227 342 4294 ἔφη
362 4243 376 4257 ο
419 4225 578 4295 δῆλον
607 4224 740 4294 γὰρ,
778 4226 862 4278 ὅτι
898 4226 993 4278 καὶ
1022 4226 1050 4276 6
1086 4225 1211 4288 Υἱὸς
1235 4225 1483 4295 όμοφυὴς
1505 4225 1582 4296 τῷ
1606 4224 1823 4296 ἀοράτῳ

233 4319 416 4390 Ila-cpt
444 4317 543 4389 τὴν
581 4318 764 4386 φύσιν,
799 4317 938 4371 ἀλλὰ
976 4319 1077 4386 τὴν
1111 4318 1270 4384 δόξαν
1303 4317 1493 4383 αὑτοῦ,
1525 4321 1619 4371 καὶ
1660 4317 1822 4388 τήνδε

233 4410 296 4465 οὐ
342 4411 442 4481 τῆς
483 4410 721 4479 φυσικῆς
771 4410 927 4474 ἀξίας
975 4410 1110 4463 ἀλλά
1145 4410 1246 4478 τῆς
1274 4411 1533 4480 σχετικῆς
1563 4409 1698 4480 πρὸς
1731 4409 1821 4462 τὸν

236 4504 372 4557 [διον
404 4503 626 4573 Πατέρα
661 4502 867 4567 τάξεως
891 4517 904 4531 ·
933 4504 1068 4572 φησὶ
1087 4503 1195 4573 γὰρ
1216 4504 1299 4556 ὅτι
1327 4523 1344 4555 ι
1370 4503 1506 4566 Δόξα
1535 4504 1610 4566 ὡς
1641 4504 1818 4559 Μονο‹

1847 3248 1893 3309 C

1906 2011 2262 2080 semetipsum
2287 2010 2612 2064 exinaniens
2642 2008 2696 2062 in
2721 2007 2954 2062 formam
2977 2003 3144 2068 servi,
3171 2003 3263 2057 ille
3280 2012 3366 2058 est
3390 2017 3486 2056 su—

1907 2101 2298 2172 perexaltatus,
2331 2107 2388 2154 et
2422 2098 2574 2154 dedit
2607 2098 2684 2152 illi
2705 2097 2850 2152 Deus
2875 2109 3076 2150 nomen
3105 2092 3253 2162 quod
3281 2099 3366 2146 est
3393 2106 3486 2145 su-

1908 2206 2008 2260 per
2024 2205 2189 2245 omne
2205 2205 2428 2254 nomen,
2455 2209 2473 2240 ι
2497 2189 2661 2260 igitur
2676 2187 2823 2258 quod
2853 2201 2948 2257 per
2969 2193 3219 2240 naturam
3250 2182 3490 2237 habebat

1909 2281 2173 2346 Verbum,
2223 2282 2457 2337 ulterius
2502 2295 2601 2351 per
2653 2280 2884 2351 gratiam
2933 2276 3145 2331 habuit.
3191 2272 3300 2329 Sed
3327 2272 3374 2328 si
3398 2271 3490 2326 ille

1907 2385 1992 2431 est
2055 2375 2148 2446 qui
2209 2373 2515 2430 secundum
2586 2372 2815 2427 alteram
2874 2383 3099 2424 suarum
3167 2373 3490 2421 naturarum

1907 2468 2228 2522 exinanitus
2280 2467 2336 2520 in
2375 2463 3062 2525 servitutem-humanam,
3105 2459 3356 2514 elevatus
3397 2467 3494 2524 per

1908 2557 2138 2612 alteram
2183 2556 2239 2610 in
2270 2554 2519 2609 divinum
2567 2552 2972 2624 magisterium,
3012 2550 3178 2619 igitur
3209 2547 3495 2602 humilitas

1910 2662 1978 2700 ex
2014 2660 2124 2699 una
2169 2654 2343 2715 parte.
2371 2643 2549 2699 Alteri
2582 2643 2870 2714 praemium
2900 2641 3065 2697 datur
3114 2640 3239 2696 sine
3279 2637 3494 2693 ratione

1911 2746 1967 2794 et
1998 2739 2206 2810 justitia
2223 2745 2421 2808 praeter
2463 2736 2857 2800 humilitatem,
2904 2743 2961 2790 et
3003 2733 3151 2804 apud
3194 2747 3292 2786 vos
3329 2729 3495 2786 Verbi

1913 2841 2019 2897 est,
2062 2831 2160 2886 sed
2200 2830 2486 2884 humilitas
2511 2845 2686 2898 usque
2715 2828 2781 2882 ad
2817 2834 3052 2882 mortem
3082 2833 3138 2879 et
3167 2832 3401 2878 mortem
3439 2829 3500 2873 ut

1915 2924 2098 2978 crucis
2135 2922 2342 2978 dicitur
2370 2919 2717 2991 produxisse.
2756 2919 2921 2975 Verbi
2960 2931 3095 2987 ergo
3122 2913 3354 2988 propria
3381 2911 3501 2968 sine

1915 3017 2123 3072 carnali
2173 3025 2372 3070 natura
2415 3025 2473 3072 et
2512 3015 2632 3086 pari
2691 3010 3286 3069 consubstantialitatis
3329 3011 3508 3064 altera

1918 3108 2243 3164 substantia:
2270 3108 2554 3179 passiones
2584 3113 2640 3161 et
2667 3115 2902 3160 mortem
2927 3119 3050 3161 esse
3078 3103 3289 3175 eligite.

2526 3312 2680 3368 CAP.
2719 3308 2910 3368 XXIV.

1991 3409 2163 3462 Deum
2190 3421 2354 3462 nemo
2395 3420 2642 3475 unquam
2683 3404 2843 3468 vidit,
2886 3403 2932 3458 si
2974 3417 3108 3457 vero
3136 3401 3290 3456 visus
3327 3409 3412 3455 est
3446 3397 3502 3452 in

1924 3507 2090 3562 terra,
2127 3500 2285 3569 cujus
2311 3498 2538 3567 gloriam
2571 3496 2832 3552 viderunt
2853 3495 3008 3564 quasi
3048 3491 3302 3564 Unigenti
3335 3507 3365 3546 a
3395 3492 3501 3546 Pa-

1925 3601 2028 3656 tre,
2060 3591 2176 3660 ipse
2195 3597 2281 3644 est
2309 3599 2504 3644 natura
2528 3590 2693 3643 Deus.
2714 3587 3001 3654 Quomodo
3027 3601 3218 3641 verum
3245 3585 3349 3640 erit
3379 3598 3507 3638 ver-

1922 3681 2053 3734 bum
2085 3695 2252 3750 supra
2281 3680 2573 3750 allegatum
2593 3679 2621 3732 ?
2646 3678 2854 3732 Tamen
2901 3677 3189 3746 sequentia
3229 3673 3516 3746 explicant

1923 3772 2071 3842 quod
2120 3773 2237 3841 ipse
2281 3781 2367 3827 est
2408 3771 2633 3841 propria
2671 3780 2869 3825 natura
2903 3768 3220 3830 invisibilis,
3256 3774 3314 3822 et
3342 3780 3510 3821 carne

1923 3864 2149 3933 propria
2172 3863 2407 3918 visibilis
2428 3862 2606 3917 nobis.
2634 3861 2749 3916 Non
2767 3860 2994 3926 dicitur,
3017 3859 3164 3930 quod
3179 3857 3511 3927 illudipsum

1923 3955 2201 4008 neminem
2234 3954 2440 4008 vidisse
2485 3954 2678 4017 Deum,
2724 3952 3044 4023 unigenitus
3079 3950 3252 4004 Filius
3296 3948 3391 4018 qui
3424 3956 3512 4002 est

1924 4048 1977 4103 in
1995 4049 2116 4102 sinu
2134 4048 2329 4111 Patris,
2353 4047 2470 4116 ipse
2499 4046 2711 4110 docuit,
2738 4060 2850 4100 non
2876 4056 3058 4100 tamen
3086 4042 3246 4114 quod.
3266 4042 3419 4096 visus
3440 4041 3514 4094 sit

1923 4139 2108 4194 mirati
2132 4153 2343 4203 sumus,
2380 4152 2492 4191 non
2523 4146 2781 4191 naturam
2813 4136 2935 4206 ejus
2964 4135 3124 4190 dixit.
3157 4132 3404 4188 Evidens
3427 4138 3514 4186 est

1924 4244 2057 4300 ergo
2107 4227 2256 4299 quod
2306 4227 2453 4287 ﬁlius
2497 4227 2875 4282 connaturalis
2909 4224 3215 4281 secundum
3259 4230 3516 4277 naturam

1925 4322 2190 4378 invisibili
2221 4321 2391 4384 Patri,
2428 4319 2525 4376 sed
2558 4334 2658 4390 per
2684 4319 2915 4390 gloriam
2944 4334 3054 4373 non
3084 4317 3374 4388 dignitatis
3414 4331 3514 4371 na-

1928 4415 2141 4479 turalis,
2173 4413 2270 4469 sed
2302 4413 2514 4468 ordinis
2548 4412 2774 4467 relative
2816 4412 2885 4466 ad
2931 4412 3220 4481 proprium
3266 4411 3514 4465 Patrem.

1925 4507 2070 4561 Dicit
2114 4506 2262 4560 enim
2314 4506 2445 4574 quia
2500 4522 2521 4558 ι
2583 4503 2770 4559 Gloria
2813 4503 2971 4574 quasi
3023 4501 3306 4574 Unigenizi
3343 4517 3374 4555 a
3415 4501 3521 4556 Pa-

232 4595 428 4665 γενοῦς
451 4598 602 4666 παρά
618 4596 832 4666 Πατρός
853 4612 866 4625 ·
889 4615 907 4647 ι
931 4595 958 4646 6
974 4595 1029 4648 δὲ
1053 4615 1071 4646 ι
1099 4594 1226 4647 Ἐπὶ
1239 4594 1341 4662 γῆς
1360 4595 1544 4663 ὀφθεὶς
1569 4615 1587 4647 ›
1609 4599 1702 4650 καὶ
1727 4600 1814 4652 λα‹

1933 4596 2078 4652 ιτθτ.
2112 4615 2130 4646 ι
2160 4596 2265 4662 Qui
2292 4611 2428 4650 vero
2463 4615 2480 4647 ι
2518 4595 2671 4650 visus
2700 4604 2786 4650 est
2815 4595 2868 4648 in
2897 4594 3104 4649 terris‘
3145 4612 3166 4647 ι
3203 4601 3260 4648 et
3285 4587 3522 4663 loquens

233 4689 344 4741 λῶν
375 4689 630 4751 ἀπλανῶς
662 4689 896 4757 λέγων’(
919 4687 1066 4757 Ἐγὼ
1098 4689 1192 4741 καὶ
1209 4689 1236 4740 ὁ
1277 4687 1463 4758 Πατὴρ
1486 4689 1545 4741 ἓν
1569 4693 1743 4758 ἐσμεν
1763 4710 1775 4722 ·
1800 4713 1837 4746 »ί

234 4779 355 4847 καὶὓ
377 4795 396 4829 ι
420 4777 478 4831 '0
493 4777 754 4850 ἑωρακὼς
771 4779 890 4848 ἐμὲ,
915 4777 1124 4847 ἑώρακε
1143 4777 1234 4830 τὸν
1252 4778 1490 4846 Πατέρα·
1517 4797 1536 4828 ι
1561 4779 1620 4830 οὐ
1640 4781 1828 4847 σαφῶς

233 4872 390 4942 δηλοί
426 4873 508 4924 ὅτι
536 4873 564 4924 6
597 4871 682 4940 μὴΔ
711 4874 918 4925 ἐκεῖνον
955 4871 1088 4940 ὁρᾷν
1122 4869 1421 4938 δυνάμενος
1461 4870 1580 4922 οὐδὲ
1607 4871 1819 4935 τοῦτον,

233 4963 473 5032 ἀόρατος
498 4962 606 5034 ἄρα
638 4964 856 5032 θεότητι
879 4979 893 4992 ⁶
928 4965 1123 5035 ὁρατὸς
1172 4962 1553 5034 ἀνορωπότητι
1586 4963 1823 5038 Χριστὸς

236 5055 266 5106 6
293 5052 426 5116 Θεὸς
459 5055 553 5107 καὶ
586 5053 688 5106 οὐκ
717 5053 1026 5122 ἄνθρωπος.
1715 5039 1725 5050 ’

810 5166 1066 5218 ΚΕΦΑΛ.
1104 5163 1240 5216 κει.

313 5257 378 5310 Εἰ
407 5255 584 5309 πάντα
618 5255 916 5313 οἰκειοῦται
947 5257 1016 5308 τὰ
1056 5256 1154 5324 τῆς
1197 5255 1398 5322 σαρκὸς
1433 5254 1543 5306 ῐῗια
1570 5255 1597 5306 6
1634 5255 1824 5320 Λόγος,

237 5350 335 5402 καὶ
367 5349 584 5401 πάντων
619 5347 851 5417 ὴξῖωται
879 5348 986 5400 τῶν
1018 5346 1112 5400 τοῦ
1150 5347 1382 5416 Λόγουὴ
1416 5347 1576 5415 σὰρξ,
1616 5346 1725 5416 ἄρα
1760 5362 1824 5413 γε

238 5443 340 5496 καὶ
373 5440 432 5492 τὸ
465 5440 522 5506 ἐξ
553 5440 653 5493 οὐκ
693 5440 864 5493 ὄντων
905 5436 1045 5492 εἶναι
1089 5440 1117 5492 ὃ
1169 5441 1284 5493 ἐστι
1311 5441 1409 5508 τῆς
1439 5439 1640 5503 σαρκὸς
1667 5454 1828 5506 φυσι-

235 5535 337 5588 κόν
360 5550 373 5564 ο
410 5536 503 5585 καὶ
552 5533 614 5586 τὸ
658 5534 892 5601 span-:6;
931 5529 1070 5586 εἶναι
1114 5535 1207 5586 καὶ
1255 5534 1446 5604 ὁρατὸς
1478 5529 1617 5586 εἶναι
1650 5533 1744 5584 καὶ
1773 5530 1834 5596 τὸ

238 5625 626 5696 τεριέχεσθαν
658 5628 707 5679 εὶ
741 5625 797 5679 δὲ
842 5626 1142 5680 καὶταῦτα
1184 5643 1270 5689 τις
1304 5625 1443 5696 δοίη,
1486 5625 1600 5687 πῶς
1651 5626 1745 5678 καὶ
1799 5625 1832 5693 ἠ

239 5715 383 5787 σὰρξ
407 5717 511 5770 τῶν
537 5717 794 5771 ἐναντίων
828 5715 1239 5788 μεταλήψεται;
1281 5717 1344 5769 'II
1376 5717 1485 5786 γὰρ
1511 5715 1704 5786 ὁρατὴ,
1737 5715 1836 5768 οὐκ

1925 4696 2113 4757 aperte
2163 4688 2341 4742 dicit:
2379 4707 2397 4740 ι
2438 4688 2551 4759 Ego
2577 4696 2634 4741 et
2665 4678 2825 4742 Pate‘r
2850 4702 3021 4747 unum
3056 4685 3315 4750 sumush,
3363 4703 3383 4737 ο
3421 4691 3518 4738 et:
3566 4743 3569 4745 ί

1925 4780 2029 4846 Qui
2067 4779 2220 4834 videt
2293 4795 2402 4844 me,
2445 4779 2594 4832 videt
2625 4789 2683 4834 et
2715 4779 2933 4834 Patrem
2959 4779 3002 4841 ί,
3037 4797 3056 4830 ι
3096 4793 3208 4832 non
3232 4775 3524 4849 evidenter

1926 4873 2171 4928 ostendit
2213 4871 2361 4941 quod
2419 4872 2514 4942 qui
2563 4887 2674 4926 non
2721 4879 2903 4942 potest
2945 4871 3136 4925 videre
3181 4870 3368 4931 illum,
3422 4879 3526 4920 nec

1929 4964 2114 5028 istum,
2151 4978 2275 5016 nam
2318 4962 2621 5018 invisibilis
2651 4978 2752 5032 per
2777 4963 3126 5018 divinitatem
3151 4959 3392 5015 visibilis
3425 4973 3526 5027 per

1932 5055 2331 5110 humanitatem
2363 5054 2623 5109 Christus
2653 5056 2797 5110 Deus
2823 5065 2879 5110 et
2907 5070 3018 5109 non
3060 5054 3249 5110 homo.

2548 5164 2700 5220 CAP.
2753 5164 2921 5220 XXV.

2005 5259 2060 5314 Si
2079 5257 2264 5312 omnia
2289 5257 2509 5327 prppria
2527 5257 2710 5311 carnis
2733 5257 2837 5312 sibi
2860 5256 3239 5327 ap;:ropriavit
3262 5257 3524 5324 Verbum,

1931 5357 1989 5404 et
2013 5347 2263 5402 omnium
2297 5347 2465 5402 Verbi
2516 5347 2739 5417 dignata
2783 5357 2868 5403 est
2912 5363 3065 5412 caro,
3115 5358 3266 5403 certe
3303 5365 3371 5405 ex
3415 5364 3528 5404 non

1937 5438 2337 5495 exsistentibus
2363 5453 2486 5494 esse
2522 5438 2671 5508 quod
2697 5447 2896 5492 natura
2926 5431 3110 5494 carnis
3135 5447 3241 5505 est,
3265 5447 3321 5494 et
3353 5449 3530 5495 mula-

1942 5528 2132 5592 bilem,
2159 5534 2215 5581 et
2236 5523 2514 5581 visibilem
2543 5535 2603 5582 et
2641 5528 2945 5585 adhaerere.
2996 5528 3052 5584 Si
3080 5545 3213 5584 vero
3260 5531 3377 5586 hate
3405 5530 3532 5600 quis

1945 5621 2213 5687 dedisset,
2271 5619 2555 5690 quomodo
2605 5635 2734 5675 caro
2791 5622 3201 5677 contrariorum
3255 5623 3532 5693 particeps

1945 5715 2241 5769 erit?Nam
2276 5721 2362 5768 est
2395 5712 2651 5779 visibilis,
2676 5728 2787 5767 non
2821 5712 3143 5781 invisibilis;
3175 5723 3259 5771 est
3289 5713 3534 5768 mutabi-

317 5858 526 5914 σηοω.
566 5877 678 5921 \‘lll.
715 5862 804 5916 21.
889 5860 1090 5917 f.loau.
1127 5878 1165 5928 ι,
1210 5860 1292 5917 Η.
1375 5860 1634 5934 8Ilaruch
1697 5876 1774 5945 ut,

1917 5902 1919 5911 .
1957 5927 1961 5929 _
1997 5859 2022 5899 ιι
2049 5858 2204 5913 Joan.
2244 5874 2300 5926 χ,
2347 5857 2436 5913 50.
2525 5856 2727 5912 ann.
2765 5872 2872 5923 xxv,
2919 5858 2972 5912 9.
