4194 6446
708 434 840 500 1747

1976 446 2280 506 LEONTII
2330 445 2642 505 BYZANTI
2655 444 2733 503 .\'I
3838 436 3980 504 ιτιι

709 549 798 612 lis,
823 565 934 606 non
985 551 1362 608 immutabilis.
1397 553 1502 608 Sed
1534 553 1716 609 omnia
1753 564 2031 628 assumpta
2062 565 2211 619 sunt,
2242 553 2294 612 in

2407 553 2629 622 ἀόρατος
2649 569 2661 581 ”
2693 552 2784 605 καὶ
2809 553 2842 622 ἡ
2878 549 3111 622 τρεπτὴ,
3141 550 3243 604 οὑκ
3273 549 3562 619 ἄτρεπτος.
3609 547 3769 600 Ἀλλὰ
3801 551 3979 604 πάντα

705 657 998 712 personam
1056 643 1230 714 ipsius
1285 647 1470 701 carnis
1514 649 1857 710 exsistentia,
1909 648 2023 703 sive
2065 647 2287 704 dolores

707 734 942 805 physici,
993 735 1108 790 sive
1131 737 1300 792 alieni
1348 752 1629 800 excessus,
1672 738 1789 792 sive
1820 753 2014 794 omnes
2051 737 2288 794 circum-

708 826 961 892 stantiae,
1031 844 1160 883 nam
1233 829 1470 900 propria:
1535 830 1816 902 hypostasi
1878 845 1945 887 ea
2001 845 2290 886 assumens

705 920 1140 988 personiﬁcavit.
1205 919 1326 975 Non
1355 936 1490 976 vero
1512 921 1681 976 verba
1709 929 1920 976 natura:
1948 924 2132 976 carnis
2155 937 2289 977 con-

710 1009 920 1064 ciliavit
941 1019 1138 1064 natura
1162 1011 1355 1078 Verbi,
1377 1021 1582 1068 etcum
1607 1014 1887 1085 dignassct
1924 1013 2158 1070 ulterius
2186 1016 2290 1068 hu-

715 1099 1057 1163 manitatem,
1089 1100 1354 1158 divinitas
1385 1104 1437 1157 in
1473 1104 1751 1175 bypostasi
1783 1103 2098 1162 divinorum
2129 1115 2292 1161 natu-

713 1191 1264 1254 raliumidiomatum.
1293 1195 1546 1248 similiter
1560 1204 1645 1250 est
1661 1196 1743 1250 sui
1769 1195 1960 1261 solius,
1985 1197 2293 1252 secundum

715 1283 966 1352 quaedam
999 1285 1258 1354 specialia
1307 1286 1531 1356 physica
1571 1287 1896 1352 divinitatis,
1929 1303 2053 1343 nam
2094 1288 2296 1343 divini-

717 1377 859 1432 savit
914 1387 974 1432 ut
1022 1387 1216 1432 natura
1274 1378 1604 1442 divinisans,
1647 1381 1761 1434 haec
1821 1396 1952 1435 vero
2000 1381 2296 1436 divinisata

714 1477 799 1523 est
847 1478 908 1524 ut
960 1468 1142 1525 divina
1207 1472 1369 1534 facta,
1421 1481 1476 1525 et
1523 1473 1610 1526 illa
1659 1472 1874 1526 excelsa
1922 1483 2142 1538 natura,
2181 1473 2298 1533 hinc

715 1575 847 1615 vero
896 1579 1030 1625 non,
1071 1571 1126 1616 et
1168 1563 1258 1617 illa
1307 1564 1459 1618 dedit
1506 1565 1744 1634 propria,
1787 1565 1901 1620 haec
1932 1581 2062 1619 vero
2088 1567 2298 1634 accepit

718 1652 859 1706 dona
895 1655 1188 1718 naturalia,
1231 1655 1368 1708 nihil
1417 1655 1583 1726 igitur
1619 1656 1816 1710 horum
1859 1656 2017 1710 nobis
2051 1671 2298 1724 personae

719 1742 852 1797 unio
888 1743 1299 1799 distinctionem
1335 1753 1663 1800 naturarum
1691 1743 1884 1798 inlicit.

1292 1922 1699 2005 'CAP.XXVL

786 2013 842 2070 Si
887 2024 1082 2070 natura
1121 2016 1374 2071 Christus
1416 2026 1500 2071 est
1547 2017 1710 2078 Deus,
1766 2014 2042 2085 quomodo
2075 2013 2211 2068 dicit
2241 2015 2296 2068 in

715 2125 880 2164 cruce
911 2126 923 2163 :
963 2128 980 2160 ι
1021 2111 1166 2164 Deus
1200 2126 1374 2172 meus,
1409 2110 1554 2164 Deus
1584 2125 1761 2172 meus,
1803 2124 1974 2180 quare
2011 2123 2096 2161 me
2133 2108 2296 2162 derc-

716 2200 975 2270 liquisti?
1018 2219 1037 2252 ›
1071 2201 1190 2255 Non
1239 2201 1387 2256 enim
1438 2201 1583 2256 Deus
1634 2201 1730 2254 Dei
1775 2208 1971 2253 natura
2011 2196 2296 2261 intellecti,

713 2292 809 2347 sed
861 2308 992 2348 vero
1042 2302 1235 2348 natura
1282 2294 1449 2350 homo
1484 2301 1570 2348 est
1618 2291 1712 2361 qui
1761 2290 1896 2344 dicit
1945 2303 2076 2344 sane
2126 2289 2297 2342 Deum

713 2401 872 2440 suum
912 2385 1103 2440 Deum.
1139 2386 1276 2443 Cum
1314 2386 1480 2456 igitur
1507 2385 1722 2440 Patrem
1752 2391 2002 2437 nostrum
2041 2395 2300 2436 vocamus

715 2485 771 2528 et
820 2489 962 2528 nos:
1011 2493 1028 2524 ‹
1059 2476 1153 2544 qui
1193 2484 1280 2530 est
1319 2474 1373 2528 in
1403 2472 1559 2530 ccelis
1595 2474 1788 2536 Deum,
1827 2487 1958 2543 ergo
1997 2471 2206 2525 ideirco
2245 2479 2300 2525 et

715 2582 816 2619 nos
848 2569 1150 2624 secundum
1203 2582 1425 2622 carnem
1474 2576 1671 2621 natura
1707 2581 1898 2621 sumus
1928 2565 2021 2619 lilii
2056 2564 2174 2628 Dei,
2214 2566 2300 2619 vel

715 2671 821 2712 non
859 2657 1054 2712 certe?
1091 2657 1145 2712 Si
1179 2674 1289 2714 non
1328 2659 1674 2714 ostendimus
1706 2665 1915 2728 patrem
1947 2665 2145 2710 natura
2179 2671 2301 2711 esse

715 2750 896 2803 omnis
919 2751 1090 2805 nostri
1117 2768 1280 2820 quem
1313 2768 1572 2806 vocamtts
1599 2761 1829 2820 patrem,
1863 2766 1966 2805 nec
1987 2748 2302 2803 necessario

715 2840 823 2894 erit
871 2841 1014 2895 Deus
1057 2842 1238 2896 omnis
1267 2844 1392 2914 ejus
1433 2851 1642 2898 natura:
1662 2857 1825 2913 quem
1858 2852 2020 2899 vocat
2049 2840 2302 2897 Christus

717 2932 889 2986 Deum
919 2946 1103 2988 suum.

1301 3022 1456 3081 CAP.
1498 3023 1713 3080 XXVII.

787 3109 843 3165 Si
875 3120 1065 3166 natura
1094 3113 1264 3168 Deum
1298 3131 1419 3170 esse
1441 3115 1626 3171 Iesum
1655 3117 1924 3172 daemonia
1965 3116 2175 3185 vident,
2204 3120 2300 3184 ait,

2393 643 2743 707 οἰκειοῦνται,
2778 645 2857 705 είς
2899 642 3192 712 πρόσωπον
3239 641 3337 710 τῆς
3371 641 3568 694 ἑαυτοῦ
3599 646 3802 708 σαρκὸς
3832 646 3977 708 τινό-

2396 753 2554 806 μενσ,
2582 737 2692 788 εἴτε
2730 734 2934 805 φυσικὰ
2965 733 3138 800 πάθη,
3165 733 3276 786 εἴτε
3326 731 3598 802 ἐξωτέρας
3626 731 3836 802 ὕϐρεις,
3871 730 3982 783 εἴτε

2390 831 2418 882 ὃ
2444 846 2496 881 τι
2541 827 2788 898 οῧναὺτῇ
2844 825 3227 896 συμϐεὸηκός²
3263 828 3326 895 τῇ
3358 825 3468 894 γὰρ
3525 825 3633 894 ἰδία
3678 825 3982 876 ὑποστάσει

2393 921 2561 992 αὐτὴν
2586 918 2914 988 ἀνειληφὼς,
2935 918 3454 990 ὲπροσωττοποξησεν
3475 934 3489 947 ο
3525 917 3585 968 οὑ
3615 915 3804 984 μέντοι
3858 915 3983 977 τοὺς

2394 1014 2585 1081 λόγους
2617 1013 2717 1082 τῆς
2769 1011 2986 1082 φύσεως
3030 1008 3130 1077 τῆς
3166 1007 3388 1079 σαρκὸς,
3423 1008 3719 1059 οἰκειοῦται
3749 1007 3782 1075 ἡ
3821 1004 3984 1073 φύσις

2395 1101 2491 1155 τοῦ
2542 1103 2748 1170 Λόγου·
2782 1084 2879 1160 καὶ
2907 1098 3190 1164 ἀξιώσασα
3223 1101 3330 1169 γὰρ
3371 1098 3597 1168 ὕστερον
3633 1099 3734 1167 τὴν
3764 1097 3984 1166 ἀνθρωο

2396 1194 2629 1264 πότητα,
2697 1195 2732 1262 ἠ
2773 1191 2964 1261 θεότης
3013 1192 3151 1261 πρὸς
3205 1193 3272 1258 τῇ
3331 1190 3626 1243 ὑποστάσει
3676 1189 3774 1242 καὶ
3824 1187 3987 1239 θείων

2398 1283 2642 1354 φυσικῶν
2679 1281 3007 1352 ἰδιωμάτων,
3049 1281 3200 1349 ὅμως
3235 1279 3428 1340 ίδεάζει
3474 1279 3566 1330 καὶ
3611 1275 3810 1338 οὕτως,
3844 1273 3988 1327 κατά

2399 1393 2522 1430 τινα
2552 1375 2763 1446 φυσικά
2789 1375 2959 1444 αὑτῆς
3003 1373 3252 1445 ἐξαίρετα
3271 1388 3284 1401 ·
3319 1373 3352 1441 ἡ
3388 1371 3486 1438 μὲν
3514 1369 3623 1436 γὰρ
3646 1369 3882 1421 ὲΘέωσεν
3911 1367 3988 1425 ὡς

2401 1468 2644 1530 θεοποιὸς
2687 1469 2881 1536 φύσις’
2952 1467 2986 1534 ἠ
3039 1465 3097 1517 δὲ
3145 1463 3351 1531 seseex;
3415 1460 3489 1523 ὡς
3551 1459 3982 1525 Θεοποιουμένη”

2400 1559 2537 1627 καὶὴ
2567 1558 2664 1626 μὲν
2692 1555 2880 1624 ὑψώθη
2909 1554 3072 1623 φύσις
3095 1571 3107 1584 ·
3146 1555 3180 1622 ὴ
3204 1553 3260 1605 δὲ
3288 1552 3410 1620 οὐχί
3435 1568 3448 1580 ο
3485 1550 3580 1602 καὶ
3611 1551 3643 1618 ἡ
3682 1550 3782 1617 μὲν
3813 1548 3987 1599 ἔδωκε

2399 1648 2468 1700 τὰ
2493 1648 2626 1701 ίδια’
2658 1647 2692 1717 ἡ
2723 1647 2778 1697 δὲ
2809 1645 2968 1698 ἔλαϐε
2997 1643 3067 1696 τὰ
3092 1643 3300 1712 δόματα
3330 1643 3397 1694 τὰ
3425 1639 3635 1709 φυσικὰ
3655 1656 3668 1669 ·
3710 1637 3869 1689 οῦδὲν
3894 1633 3989 1688 οὖν

2401 1745 2465 1793 ἐκ
2489 1740 2652 1793 τῶνδε
2685 1741 2814 1808 ἡμῖν
2844 1741 2876 1808 ἡ
2921 1736 3013 1789 τοῦ
3044 1734 3341 1806 προσώπου
3376 1736 3568 1793 ἓνωσις
3585 1730 3683 1800 τὴν
3716 1729 3991 1798 διαφορὰν

2400 1833 2510 1885 τῶν
2541 1831 2758 1900 φύσεων
2791 1829 3130 1899 λυμαίνεται.

2967 1921 3223 1974 ΚΕΦΑᾹ.
3267 1920 3410 1984 KQ".

2472 2016 2535 2068 Εἰ
2567 2014 2726 2083 φύσει
2757 2013 2888 2075 Θεές
2917 2011 3216 2080 ὁΧριστὸς,
3237 2009 3352 2071 πῶς
3377 2009 3523 2074 λέγει
3554 2009 3613 2059 ὲν
3629 2004 3707 2074 τῷ
3740 2001 3990 2072 σταυρῷ,

2409 2125 2427 2158 ι
2459 2106 2558 2159 Θεέ
2589 2123 2711 2175 μου,
2729 2103 2830 2156 Θεέ
2851 2120 2973 2171 μου,
2995 2102 3080 2154 ἵνα
3100 2102 3153 2153 τί
3175 2117 3240 2171 με
3262 2097 3615 2167 ἐγκατέλιπες
3639 2113 3654 2160 ;
3693 2112 3712 2145 ι
3738 2093 3858 2145 οὐδὲ
3878 2093 3993 2160 γάρ

2402 2202 2517 2252 ἐστι
2539 2198 2670 2252 Θεοῦ
2691 2197 2821 2259 Θεὸς
2839 2195 2996 2264 φύσει
3013 2194 3300 2263 νοουμένου
3321 2211 3333 2223 ο
3359 2193 3464 2262 ἄρα
3486 2187 3579 2242 οὖν
3601 2188 3761 2256 φύσει
3777 2186 3994 2253 ἀνορω-

2404 2293 2499 2354 πὸς
2521 2294 2665 2344 ἐστιν
2692 2290 2720 2339 ὁ
2736 2287 2909 2356 λέγων
2931 2285 3128 2344 ἑαυτοῦ
3149 2283 3281 2338 Θεὸν
3303 2285 3393 2336 τὸν
3421 2283 3553 2336 Θεὸν
3584 2279 3791 2348 σαφῶς.
3833 2277 3996 2328 Ἐπεὶ

2401 2381 2495 2438 οὖν
2540 2384 2761 2454 Πατέρα
2821 2381 2978 2455 ἡμῶν
3026 2378 3122 2431 καὶ
3172 2379 3334 2448 ἡμεῖς
3365 2376 3456 2428 τὸν
3489 2376 3545 2427 ἐν
3581 2377 3694 2434 τοῖς
3734 2372 3994 2440 οὐρανοῖς

2401 2477 2536 2530 θεὸν
2583 2475 2877 2543 καλοῦμεν,
2912 2475 3022 2543 ἄρα
3054 2489 3116 2540 γε
3150 2469 3238 2524 διὰ
3283 2469 3400 2522 τόδε
3454 2467 3548 2519 καὶ
3591 2465 3751 2534 ἡμεῖς
3799 2463 3899 2514 καὶ
3937 2463 4001 2514 τὸ

2402 2568 2545 2623 κατά
2569 2571 2750 2639 σάρκα
2784 2567 2943 2636 φύσει
2982 2565 3090 2617 υἱοὶ
3135 2563 3295 2623 Θεοῦ,
3323 2561 3355 2630 ἦ
3383 2562 3441 2613 οὑ
3476 2561 3640 2628 ὃῆτα;
3673 2558 3731 2609 EI
3765 2555 3876 2624 γὰρ
3914 2555 4000 2623 μὴ

2404 2661 2562 2729 φύσει
2603 2657 2817 2726 πατέρα
2861 2655 2955 2709 τοῦ
3000 2655 3123 2708 ὅλου
3168 2652 3324 2723 ἡμῶν
3353 2650 3643 2720 δηλοῦμεν,
3678 2647 3735 2699 δν
3784 2644 4002 2698 καλοῦ-

2407 2771 2507 2824 μεν
2549 2752 2791 2822 Πατέρα,
2836 2749 2954 2802 οὑδὲ
2999 2747 3183 2816 πάσης
3210 2744 3431 2813 φύσεως
3464 2741 3630 2794 αὑτοῦ
3667 2739 3800 2793 Θεὸν
3842 2732 4005 2791 εἶναι

2405 2847 2657 2915 ἀνάγκη,
2685 2845 2743 2898 ὃν
2774 2841 2931 2897 καλεῖ
2956 2841 3087 2896 Θεὸν
3112 2838 3278 2894 αὑτοῦ
3313 2841 3340 2892 ὁ
3363 2836 3619 2908 Χριστός.

2983 3024 3238 3079 ΚΕΦΑΛ.
3278 3022 3404 3076 KZ’.

2476 3121 2539 3173 ΕΞ
2571 3119 2727 3188 φύσει
2764 3117 2899 3172 Θεὸν
2937 3113 3213 3186 εἷναιῇδει
3242 3113 3334 3168 τὸν
3371 3110 3582 3180 Ἰησοῦν
3609 3107 3676 3162 τὰ
3703 3105 4001 3168 δαιμόνια,

721 3202 998 3268 quomodo
1015 3203 1153 3257 dixit
1178 3223 1190 3258 :
1223 3224 1240 3256 ι
1259 3205 1467 3276 Adjuro
1481 3215 1531 3259 to
1547 3206 1716 3261 Deum
1734 3221 1802 3260 ne
1829 3215 2086 3276 torqueas
2100 3224 2201 3262 nos
2217 3207 2230 3257 i
2249 3248 2261 3261 .
2279 3229 2298 3261 ι

2407 3212 2561 3281 φησὶ,
2582 3210 2699 3273 πῶς
2727 3209 2929 3277 ἔλεγεν·
2955 3225 2974 3258 ι
2996 3204 3295 3275 Ἐξορκίζω
3321 3219 3379 3256 σε
3405 3203 3496 3255 τὸν
3518 3201 3651 3253 Θεὸν
3684 3199 3770 3252 ἴνα
3788 3196 3867 3266 μὴ
3896 3197 4008 3264 βα-

727 3292 810 3346 Sit
842 3293 1008 3363 igitur
1031 3296 1178 3364 quod
1212 3313 1318 3351 non
1353 3298 1614 3354 noverint
1649 3315 1776 3354 eum
1812 3300 1984 3354 Deum
2032 3300 2303 3355 immundi

723 3387 973 3454 Spiritus,
1010 3402 1116 3443 nec
1144 3405 1277 3460 ergo
1302 3390 1501 3460 aliquis
1532 3392 1677 3446 inter
1711 3393 1967 3448 homines
1998 3402 2182 3462 potest
2218 3393 2305 3447 di-

725 3495 850 3535 cere
893 3481 1186 3536 Dominum
1240 3493 1298 3538 et
1338 3484 1507 3538 Deum
1549 3484 1757 3549 Iesum,
1805 3484 1911 3538 nisi
1963 3484 2221 3554 quuatur
2249 3483 2305 3539 in

725 3571 934 3645 Spiritu
963 3577 1335 3640 sancto,sicut
1369 3577 1632 3647 scriptum
1663 3577 1810 3642 esti,
1841 3598 1859 3630 ι
1888 3578 2029 3644 Quid
2064 3595 2198 3634 vero
2227 3579 2308 3632 vi-

727 3667 895 3722 detur
932 3665 1092 3724 vobis
1125 3669 1351 3740 dignum
1394 3671 1500 3724 iide
1530 3669 1638 3724 dici
1667 3671 1737 3725 ab
1771 3671 2014 3726 inimicis
2055 3671 2308 3725 veritatis

727 3772 966 3832 semper,
987 3762 1331 3818 daemonibus
1354 3763 1532 3819 unicis
1551 3773 1607 3820 et
1630 3765 1907 3836 magistris
1938 3763 2209 3820 mendacii
2235 3764 2259 3817 ?
2281 3784 2298 3814 ›

1292 3941 1445 3998 CAP.
1501 3941 1740 3999 XXVIII.

801 4036 858 4092 Si
888 4050 1038 4102 caro,
1069 4052 1200 4092 caro
1225 4046 1311 4093 est
1349 4045 1406 4091 et
1444 4053 1554 4092 non
1593 4037 1874 4102 divinitas,
1920 4051 2048 4092 cum
2089 4052 2200 4092 non
2239 4035 2310 4090 sit

730 4127 992 4182 divinitas
1019 4142 1288 4184 conversa
1321 4129 1373 4184 in
1399 4145 1645 4193 carnem,
1679 4144 1783 4184 nec
1825 4131 2029 4184 iterum
2072 4130 2312 4199 complet

732 4217 1097 4273 substantiam
1155 4219 1368 4284 carnis,
1426 4218 1705 4289 quomodo
1772 4229 1997 4289 prapter
2059 4219 2310 4273 eamdem

732 4329 952 4370 causam
983 4356 998 4378 ,
1034 4329 1142 4369 non
1170 4314 1332 4368 homo
1357 4321 1443 4369 est
1467 4323 1523 4369 et
1546 4330 1656 4368 non
1685 4313 1994 4369 divinitas?
2019 4313 2153 4368 Nam
2184 4328 2311 4367 vere

732 4414 928 4460 natura
953 4405 1138 4460 carnis
1165 4413 1251 4458 est
1269 4403 1529 4467 carnalis,
1555 4412 1611 4458 et
1645 4411 1842 4457 natura
1864 4403 2227 4457 humanitatis
2253 4409 2314 4455 ut

733 4497 991 4552 humana:
1041 4504 1125 4551 est
1169 4495 1431 4558 humana,
1478 4494 1574 4549 sed
1621 4508 1732 4548 non
1775 4493 1894 4549 hate
1928 4494 2149 4564 propria
2211 4493 2312 4564 hy-

734 4588 998 4657 postasis,
1032 4602 1136 4641 nec
1165 4585 1373 4656 aliquid
1408 4585 1605 4640 horum
1633 4585 1689 4638 in
1717 4583 1940 4640 Christo
1969 4593 2053 4639 est
2091 4599 2310 4654 separa-
2338 4570 2387 4629 Ι)

734 4681 833 4737 tim
867 4681 937 4737 ab
983 4682 1161 4736 altero
1203 4679 1560 4735 submissum.
1603 4678 1738 4733 Nam
1788 4678 1842 4732 in
1886 4677 2012 4732 aliis
2052 4677 2310 4731 omnibus

732 4767 1052 4823 hominibus
1133 4783 1246 4821 non
1334 4768 1662 4838 simpliciter
1748 4769 1990 4824 hominis
2091 4776 2312 4830 natura,

731 4862 830 4918 sed
888 4863 1173 4933 cujusdam
1254 4877 1487 4933 quaeque
1564 4873 1761 4918 natura
1835 4864 2001 4916 unius
2079 4872 2313 4922 natum,

731 4966 788 5011 et
855 4955 1113 5010 similiter
1168 4968 1276 5009 nec
1336 4967 1466 5008 caro
1513 4967 1581 5007 ex
1630 4952 1737 5006 hoc
1802 4951 2126 5020 simpliciter
2183 4965 2310 5004 caro

733 5051 959 5113 dicitur,
997 5047 1336 5103 discernitur
1384 5047 1452 5101 ab
1496 5046 1677 5100 anima
1728 5045 1948 5114 propria
1999 5043 2308 5115 hypostasi,

735 5155 838 5193 nec
884 5137 1063 5192 anima
1108 5152 1141 5191 a
1193 5151 1380 5190 carne.
1412 5135 1572 5191 Ratio
1619 5135 1863 5206 mysterii
1919 5135 2312 5187 incarnationis

736 5228 984 5300 magistri
1025 5229 1200 5282 nostri
1243 5227 1349 5281 hoc
1409 5225 1592 5290 docet,
1636 5232 1693 5279 et
1737 5224 1806 5279 de
1846 5224 1953 5278 hoc
1999 5223 2160 5277 ﬁdem
2209 5239 2312 5276 no-

737 5331 909 5378 stram
958 5320 1220 5390 postulat,
1251 5319 1398 5388 quod
1435 5315 1902 5387 praeexsistentem
1943 5314 2193 5368 humanae
2211 5329 2312 5366 na-

738 5422 873 5469 tura:
924 5413 1238 5485 hypostasin
1289 5426 1444 5465 suam
1489 5417 1544 5463 et
1595 5418 1844 5464 naturam
1887 5418 2014 5461 ante
2059 5405 2254 5461 saecula
2291 5421 2320 5458 a

739 5523 902 5562 carne
931 5507 1169 5561 alienam
1187 5503 1427 5559 Verbum
1457 5502 1512 5555 in
1543 5500 1948 5570 posterioribus
1977 5497 2320 5568 temporibus

744 5598 850 5652 sibi
905 5612 1127 5651 carnem
1169 5608 1460 5650 assumens
1510 5593 1564 5646 in
1609 5593 1834 5661 propria
1871 5591 2149 5662 hypostasi
2207 5605 2317 5644 non

741 5689 1010 5760 simplicis
1056 5688 1299 5744 hominis
1334 5689 1628 5742 humanam
1664 5695 1916 5740 naturam
1948 5685 2173 5740 subivit.

2410 3303 2634 3372 σανίσῃς
2682 3303 2860 3372 huic;
2904 3321 2923 3353 ι
2961 3299 3143 3352 Ἔστω
3163 3297 3256 3350 οὖν
3279 3299 3356 3367 μὴ
3399 3294 3600 3347 εἰδέναι
3641 3291 3806 3344 αὑτὸν
3856 3288 4010 3340 Θεὸν

2405 3394 2474 3447 τὰ
2509 3393 2800 3464 ἀκάθαρτα
2861 3390 3184 3460 πνεύματα”
3231 3386 3352 3440 οὑδὲ
3397 3384 3506 3452 γὰρ
3547 3381 3657 3434 τῶν
3686 3379 4015 3449 ἀνθρώπων

2407 3508 2490 3554 τις
2515 3489 2743 3542 δύναται
2783 3489 2960 3540 εἰπεῖν
2997 3484 3209 3554 Κύριον
3252 3483 3432 3535 show
3461 3477 3595 3532 Θεὸν
3626 3479 3718 3528 τὸν
3756 3471 4012 3542 Ἰησοῦν,

2408 3584 2457 3635 εἰ
2502 3579 2578 3650 μὴ
2618 3583 2676 3632 ἐν
2710 3577 2991 3646 Πνεὺματι
3027 3575 3174 3644 ἁγίῳ
3200 3573 3372 3637 λαλεῖ,
3414 3568 3598 3631 καθὼς
3645 3565 4013 3634 γέγραπται·

2414 3692 2432 3724 ι
2466 3674 2532 3726 Τί
2558 3672 2652 3726 οὖν
2704 3671 2833 3741 ὑμῖν
2867 3669 3194 3733 ἀξιοπίστως
3234 3661 3487 3734 εξρῆσθαι
3540 3660 3688 3714 δοκεῖ
3724 3657 3829 3709 ὑπὸ
3892 3657 4017 3708 τῶν

2409 3765 2621 3836 ὲχορῶν
2671 3781 2731 3818 τε
2769 3765 2871 3832 τῆς
2914 3760 3177 3830 ἀληθείας
3227 3759 3336 3819 ἀεὶ,
3387 3755 3482 3809 καὶ
3512 3751 3682 3823 φίλων
3716 3749 3812 3803 καὶ
3851 3748 4017 3803 διδα-

2412 3858 2626 3912 σκάλων
2653 3854 2748 3911 τοῦ
2776 3855 3004 3926 ψεύδους
3024 3850 3346 3921 δαιμονίωνς
3382 3865 3405 3898 ι

2989 3945 3240 4000 ΚΕΦΑΛ.
3281 3942 3416 3995 KH'.

2484 4043 2548 4098 Ei
2583 4046 2616 4115 ἠ
2667 4041 2824 4114 σὰρξ.
2875 4039 3016 4106 σάρξ
3044 4039 3162 4093 ἐστι
3210 4035 3304 4091 καὶ
3334 4036 3397 4088 οὐ
3440 4033 3654 4103 θεότηε,
3685 4029 3808 4084 ἐπεὶ
3866 4031 4016 4101 μηδι

2411 4134 2627 4205 ἐτράπη
2670 4135 2702 4204 ή
2747 4133 2940 4199 θεότης
2977 4130 3056 4192 εἰς
3104 4127 3303 4196 σάρκα,
3357 4122 3492 4195 μηδὲ
3553 4121 3719 4174 πάλιν
3766 4136 4016 4173 συναναο

2414 4225 2613 4295 πληροί
2656 4226 2756 4294 τὴν
2802 4219 2992 4275 οὐσίαν
3037 4219 3134 4288 τῆς
3186 4215 3411 4287 σαρκὸς,
3448 4214 3562 4276 πῶς
3585 4212 3674 4265 διὰ
3697 4211 3798 4281 τὴν
3824 4212 4015 4278 αὐτὴν

2413 4317 2613 4380 αἰτίαν,
2651 4315 2774 4387 οὑχὶ
2827 4313 2921 4367 καὶ
2967 4313 2994 4366 ὁ
3041 4310 3327 4382 ἄνθρωπός
3367 4309 3486 4360 ἐστι
3537 4308 3632 4358 καὶ
3667 4305 3729 4356 οὗ
3771 4303 4012 4373 θεότης;

2415 4410 2526 4464 Καὶ
2573 4409 2682 4477 γὰρ
2727 4405 2942 4473 ἀληθῶς
2982 4403 3018 4474 ἦ
3077 4419 3136 4454 τε
3172 4403 3272 4470 τῆς
3320 4397 3542 4467 σαρκὸς,
3590 4394 3829 4464 σαρκική
3891 4396 4016 4446 ἔστι

2416 4499 2576 4568 φύσις
2598 4516 2613 4531 ·
2638 4498 2673 4568 ἠ
2705 4513 2764 4549 τε
2792 4496 2896 4565 τῆς
2931 4491 3352 4563 ἀνθρωπότητος
3387 4488 3462 4552 ὡς
3487 4486 3867 4556 ἀνθρωπείας,
3913 4488 4014 4537 ἀν-

2416 4589 2663 4661 Θρωπεία
2717 4587 2834 4640 ἐστὶ
2907 4585 3101 4654 φύσις·
3146 4582 3263 4635 ἀλλ’
3309 4582 3408 4651 οὐχ
3449 4578 3778 4639 ὑποστάσεις
3823 4577 4014 4630 ταῦτα

2421 4679 2608 4739 ἰδικαὶ,
2640 4677 2763 4730 οὐδέ
2804 4693 2855 4729 τι
2883 4674 3092 4728 τούτων
3132 4675 3189 4726 ὲν
3230 4669 3456 4741 Χριστῷ
3493 4670 3900 4736 ἀπεσχοινισμὲ
3917 4685 4015 4727 πως

2418 4771 2537 4822 ἐστὶ
2585 4769 2681 4821 τοῦ
2731 4767 2921 4835 ἑτέρου
2964 4765 3242 4833 ὑφεστως·
3286 4765 3383 4814 καὶ
3431 4763 3488 4813 ἐν
3529 4762 3641 4821 τοῖς
3667 4758 3858 4816 ἄλλοις
3899 4760 4014 4828 γὲρ

2419 4863 2552 4914 πᾶσι
2575 4859 2750 4929 ψιλοῖς
2782 4855 3113 4928 ἀνθρώποις,
3139 4855 3236 4923 οὑχ
3283 4856 3315 4924 ἡ
3347 4852 3439 4904 τοῦ
3467 4849 3758 4920 ἀνθρώπου
3789 4850 4012 4909 ἁπλῶς,

2418 4949 2555 5002 am
2585 4945 2740 5000 τοῦδέ
2801 4961 2947 5008 τινος
2969 4943 3173 5012 ἑκάστη
3194 4958 3255 4994 τε
3285 4940 3447 5009 φύσις
3476 4940 3846 4998 ὲνυποστατος
3880 4940 4014 5006 6ρὶ-

2418 5058 2507 5092 ται
2533 5056 2546 5070 ·
2579 5041 2675 5093 καὶ
2709 5040 2860 5108 ὅμως
2887 5035 3011 5090 οὔτε
3043 5037 3076 5105 ἡ
3117 5033 3255 5102 σὰρξ
3287 5034 3351 5082 ἐκ
3391 5029 3484 5083 τοῦ
3528 5029 3663 5094 σὰρξ
3696 5027 3894 5089 ἀπὶῶς
3923 5028 4014 5078 3.5-

2419 5131 2614 5199 γεσθαι
2650 5129 2978 5200 διακρίνοιτο
3008 5127 3108 5198 τῆς
3135 5125 3318 5195 ψυχῆς
3367 5123 3477 5193 ἰδίᾳ
3520 5118 3844 5181 ὑποστάσει,
3883 5118 4010 5171 οὔτε

2420 5225 2451 5293 ἡ
2508 5222 2657 5292 ψυχὴ
2711 5220 2810 5288 τῆς
2871 5218 3111 5288 σαρκός·
3170 5217 3198 5268 ὁ
3247 5214 3344 5266 τοῦ
3396 5210 3701 5283 μυστηρίου
3745 5208 3883 5274 γοῦν
3912 5211 4009 5277 τῆς

2418 5315 2887 5386 ὲνανθρωπήσεως
2925 5309 3022 5363 τοῦ
3085 5307 3360 5361 Δεσπότου
3414 5304 3570 5374 ἡμῶν
3625 5303 3784 5367 λόγος
3841 5300 4012 5352 τοῦτο

2419 5409 2695 5463 διδάσκει·
2737 5405 2834 5457 καὶ
2881 5401 3012 5472 περὶ
3059 5399 3250 5453 τούτου
3293 5397 3394 5466 τὴν
3433 5396 3616 5446 πίστιν
3652 5393 3801 5462 ἡμᾶς
3838 5393 4010 5443 drus-

2418 5505 2528 5556 τεῖ’
2559 5502 2632 5564 ὡς
2664 5500 2760 5568 τὴν
2784 5495 3252 5566 προϋπάρχουσαν
3279 5493 3375 5558 τῆς
3403 5485 3752 5556 ἀνθρωπείας
3786 5482 4006 5551 φύσεως

2419 5595 2717 5646 ὑπόστασιν
2759 5585 2956 5642 ἑαυτοῦ
3018 5583 3112 5637 καὶ
3154 5581 3318 5652 φύσιν
3358 5582 3384 5632 ὁ
3425 5578 3593 5643 Λόγος
3630 5573 3728 5643 τὴν
3760 5575 4007 5640 ἄσαρκον

2418 5686 2526 5756 πρὸ
2565 5683 2796 5744 αἰώνων,
2843 5680 2901 5731 ἐν
2934 5675 3183 5745 ὑστέροις
3214 5673 3427 5743 καιροῖς
3459 5667 3640 5738 ἑαυτῷ
3673 5671 3859 5737 σάρκα
3905 5681 4002 5716 πῖ-

745 5785 980 5854 ιιεϐαλὼν
1023 5785 1160 5853 αὐτῇ
1204 5786 1270 5853 τῇ
1309 5782 1413 5853 ἰδέᾳ
1454 5779 1750 5834 ὑποστάσει
1785 5782 1883 5834 οὑκ
1917 5780 2206 5852 ἀνθρώπου
2239 5780 2395 5849 ’ᾲιλοῦ
2432 5780 2528 5851 τὴν
2559 5776 2903 5847 ἀνθρωπείαν
2929 5771 3089 5841 φύσιν
3116 5768 3508 5835 ἐνυπέστητεν.

811 5916 823 5951 ι
863 5903 994 5959 Luc.
1029 5918 1142 5967 vui,
1167 5899 1256 5956 τε.
1338 5899 1404 5954 κι
1441 5901 1565 5955 Ccr.
1598 5917 1694 5967 xu,
1735 5901 1786 5953 5.
