4194 6446
244 421 380 487 ηις

829 541 1078 594 ΚΕΦΔΛ.
1119 539 1240 594 A8“.

311 657 378 710 El
413 658 444 724 ἡ
498 657 596 726 μὲν
644 655 800 726 σάρξ.
851 658 986 728 σάρξ
1033 661 1167 718 ἐστι.
1205 660 1296 713 καὶ
1330 662 1390 714 οὔ
1439 660 1666 732 θεότης·
1700 662 1727 714 ὁ
1768 661 1819 714 δὲ

240 748 553 819 ἂνθρωποι,
589 749 874 819 ἄνθρωπός
908 753 1023 805 ἐστι
1075 751 1169 806 καὶ
1212 753 1271 805 οὑ
1328 753 1543 820 θεότης.
1596 752 1711 814 πῶς
1763 756 1826 805 ἐκ

246 843 452 912 μέρους
504 845 604 912 τῆς
655 844 858 914 σαρκὸς
903 845 997 898 τὸν
1037 845 1325 914 ἄνθρωπον
1376 844 1701 914 ὁνομάζεις;
1737 845 1828 914 Τῷ

245 935 348 1004 μὲν
381 935 483 1003 τῆς
523 934 738 1004 φύσεως
788 935 932 1007 λόγῳ
977 937 1144 1006 ἄμφω
1189 939 1320 1007 ἡμῖν
1356 940 1553 990 νοεῖται
1583 938 1674 990 ἐπὶ
1697 939 1831 1008 Χρι-

245 1025 378 1080 στοῦ
405 1027 736 1098 διαφέροντα
776 1030 913 1099 πρὸς
967 1030 1065 1099 τὴν
1096 1030 1326 1099 θεότητα
1348 1045 1362 1059 °
1391 1030 1502 1082 εἴτε
1525 1029 1831 1099 ἀδιαῖιόρως

242 1119 304 1171 ἒν
323 1137 429 1173 τινι
460 1121 716 1191 σημαίνοι
756 1122 1061 1192 ἀμφότερα,
1094 1122 1204 1174 εἴτε
1261 1123 1337 1185 ὡς
1390 1123 1554 1193 μέρος
1585 1125 1617 1193 ἡ
1655 1123 1827 1192 σάρξ·

139 1247 150 1257 υ
241 1211 368 1264 ὅλον
402 1212 458 1264 δὲ
487 1212 702 1281 λέγοιτο
731 1215 758 1266 ὁ
783 1213 1071 1284 ἄνθρωπος
1091 1230 1104 1242 ·
1141 1213 1217 1284 τῷ
1248 1215 1304 1268 δὲ
1353 1217 1452 1285 τῆς
1482 1215 1834 1277 ὑποστάσεως

242 1301 393 1369 λόγῳ
441 1301 516 1361 ὡς
574 1302 738 1371 μέρος
773 1303 1040 1372 νοουμένη
1080 1304 1114 1373 ἡ
1164 1301 1322 1370 σὰρξ,
1373 1301 1534 1354 πάλιν
1573 1301 1834 1362 ὡσαύτως

243 1393 448 1460 ἔχουσα
497 1393 597 1462 τὴν
643 1393 853 1445 ἔννοιαν
907 1393 1041 1464 πρὸς
1083 1397 1183 1464 τὴν
1212 1390 1443 1462 θεότητα
1466 1391 1560 1445 τοῦ
1595 1389 1834 1459 Χριστοῦ

243 1481 633 1552 λογισθήσεται
658 1501 672 1514 ·
697 1485 790 1536 καὶ
809 1483 954 1536 ἔστιν
980 1486 1111 1554 ἡμῖν
1141 1483 1511 1546 ἀνυπόστατος
1529 1499 1542 1513 ο
1572 1482 1692 1535 οὐδὲ
1727 1482 1836 1552 γὰρ

242 1577 306 1625 ὲν
337 1575 414 1643 τῷ
445 1577 620 1644 Λόγῳ,
659 1575 778 1627 οὐδὲ
826 1576 982 1636 sm;
1021 1576 1114 1628 τοῦ
1138 1577 1336 1643 Λόγου,
1378 1576 1513 1629 ίδίαν
1543 1576 1838 1628 ὑπόστασιν

242 1665 730 1734 ἀποκεκλήρωται,
755 1665 871 1716 ἀλλ’
895 1664 1040 1718 ἔστιν
1060 1665 1134 1727 ὡς
1159 1665 1324 1734 μέρος
1360 1664 1708 1735 θεωρουμένη
1744 1663 1837 1719 τοῦ

244 1755 392 1819 Cibo;
420 1757 504 1808 άεί
524 1773 536 1785 ο
573 1759 599 1808 ό
616 1757 669 1808 δὲ
694 1756 978 1825 ἄνθρωπος
1002 1756 1294 1826 λεγόμενος
1318 1756 1408 1808 ἐπὶ
1430 1755 1689 1826 Χριστοῦ,
1719 1756 1840 1808 ἐπεὶ

242 1847 346 1915 οὐχ
379 1848 566 1908 ἁπλῶς
610 1849 776 1919 μέρος
811 1849 959 1901 ἐστὶν
998 1849 1253 1918 ὁλότητος
1302 1849 1675 1914 ὑποστάσεως,
1722 1847 1838 1901 ἀλλ’

1230 429 1624 490 ADVERSUS
1665 429 2214 491 NESTOIHA‘NOS.
2239 432 2474 491 —LIB.
2520 433 2583 490 ι’.

1858 547 1909 602 Λ

3380 421 3517 488 ιτεο

2519 541 2671 596 CAP.
2726 539 2916 594 XXIX.

1995 658 2048 709 Si
2069 673 2218 720 caro,
2232 672 2361 711 caro
2374 662 2524 710 estet
2548 669 2653 708 non
2681 653 2962 716 divinitas,
2979 653 3233 714 ethomo,
3253 650 3420 704 homo
3435 658 3520 705 est

1930 755 1984 799 ct
2013 764 2122 800 uou
2158 744 2734 816 divinitas,quomodo
2757 759 2825 798 ex
2855 751 3010 813 parte
3026 743 3210 798 carnis
3237 741 3519 800 hominem

1932 839 2141 892 vocas?
2163 837 2439 907 Conceplu
2472 846 2684 891 natura:
2722 835 2888 889 ambo
2919 833 3082 889 nobis
3115 839 3523 902 cognoscantur

1933 930 2002 984 de
2046 929 2291 993 Christo,
2324 928 2652 1005 differentes
2684 927 2832 981 circa
2865 924 3242 988 divinitatem,
3299 922 3415 978 sive
3443 921 3525 976 in-

1935 1024 2264 1079 differenter
2289 1022 2342 1075 in
2366 1021 2552 1090 aliquo
2580 1028 2815 1087 utraque
2841 1017 3134 1089 significat,
3171 1016 3289 1071 sive
3310 1023 3373 1070 ut
3397 1030 3524 1084 pars

1935 1129 2086 1178 caro,
2114 1120 2287 1167 totum
2312 1111 2516 1165 dicitur
2546 1109 2732 1163 homo.
2762 1106 3044 1177 Couceptu
3077 1107 3441 1178 hypostaseos
3465 1111 3526 1158 ut

1936 1222 2067 1276 pars
2116 1204 2334 1274 cognita
2384 1217 2538 1264 caro,
2587 1199 2791 1254 iterum
2841 1197 3038 1254 eodem
3101 1198 3267 1252 modo
3311 1195 3527 1250 habens

1937 1312 2164 1354 sensum
2197 1297 2264 1350 de
2294 1295 2586 1350 divinitate
2611 1293 2842 1355 Christi,
2877 1291 3156 1347 tribuetur
3175 1298 3232 1345 et
3256 1298 3341 1343 est
3363 1285 3528 1342 nobis

1939 1390 2296 1454 iaviueibilis,
2358 1405 2485 1442 nam
2545 1403 2729 1458 neque
2775 1387 2828 1440 iu
2881 1384 3087 1449 Verbo,
3139 1396 3320 1452 neque
3369 1388 3527 1434 extra

1941 1483 2184 1536 Verbum
2223 1481 2508 1550 propriam
2557 1478 2877 1550 hypeslasin
2933 1476 2987 1530 in
3037 1483 3249 1545 partem
3277 1470 3526 1536 habebit,

1939 1573 2034 1628 sed
2065 1582 2152 1628 est
2183 1583 2241 1627 ut
2265 1589 2391 1642 pars
2423 1583 2667 1642 spectata
2697 1569 2933 1624 viventis
2959 1582 3198 1636 semper.
3232 1565 3408 1620 Homo
3441 1562 3530 1618 di-

1942 1674 2066 1719 ctus
2109 1664 2163 1718 in
2201 1662 2446 1725 Christo,
2483 1678 2610 1716 cum
2656 1678 2767 1715 non
2819 1659 3148 1728 simpliciter
3177 1657 3250 1710 sit
3277 1671 3410 1725 pars
3443 1664 3530 1708 to-

1944 1757 2069 1810 talis
2107 1755 2440 1826 hypostasis,
2467 1752 2563 1808 sed
2587 1754 2639 1806 in
2669 1752 2894 1807 Christo
2922 1751 3121 1814 solum,
3149 1763 3258 1802 non
3279 1746 3530 1800 eamdem

1945 1849 1998 1902 in
2033 1848 2293 1903 omnibus
2341 1845 2662 1900 hominibus
2691 1843 2934 1899 custodit
2964 1843 3233 1897 rationem
3267 1840 3530 1911 hyposta-

243 1939 345 1990 ἐπὶ
379 1940 615 2007 Χριστοῦ
649 1942 830 2009 μόνον,
856 1942 1042 1994 οὐκέτι
1069 1941 1162 1994 τὸν
1191 1941 1354 1995 αὑτὸν
1385 1944 1498 2006 τοῖς
1532 1944 1708 1995 πᾶσιν·
1749 1943 1836 1992 άν-

1947 1938 2109 1992 ticam
2155 1945 2211 1991 et
2239 1937 2292 1991 in
2323 1935 2568 1998 Christo,
2603 1949 2713 1986 non
2746 1941 2803 1987 et
2826 1932 3166 1987 diversitatis
3197 1929 3528 2001 hypostasis,

241 2033 493 2103 θρώποις
541 2034 798 2102 φυλάττει
839 2035 999 2102 λόγον
1048 2034 1412 2088 ὑποστατικδν
1464 2034 1559 2088 καὶ
1595 2036 1685 2086 ἐπὶ
1713 2035 1842 2104 Χρι-

244 2124 381 2177 στοῦ
404 2143 418 2156 ο
455 2128 546 2179 καὶ
591 2127 911 2195 έτερίτητος
941 2128 1050 2198 γάρ
1085 2127 1478 2196 ὑποστατικῆς,
1531 2125 1720 2196 ὥσπερ
1747 2126 1838 2180 οὖν

244 2217 347 2268 καὶ
403 2218 670 2287 φυκικῆς,
715 2221 773 2270 ἐν
805 2217 958 2288 αὑτῷ
1026 2219 1276 2271 δείκνυσι
1313 2219 1486 2285 Λόγον
1523 2217 1644 2271 καθ’
1677 2220 1839 2271 αὑτὸν

241 2307 539 2377 νοούμενος
562 2325 573 2336 ·
601 2309 739 2378 ὅπερ
771 2310 868 2378 οὐχ
893 2309 1065 2373 οὕτως
1095 2309 1210 2379 εχει
1230 2324 1242 2336 °
1282 2310 1519 2379 ἐκμελὴς
1547 2309 1838 2380 γάρ-ἔσται

242 2400 402 2450 στᾶσα
454 2403 486 2470 ἠ
529 2401 776 2463 σύνθεσις
819 2401 921 2470 τῆς
977 2402 1229 2471 ὁλότητος
1257 2401 1351 2455 τοῦ
1384 2403 1676 2473 προσώπου
1703 2405 1832 2473 Χριο

243 2490 403 2549 ato-3,
435 2491 630 2558 φύσεσι
661 2510 721 2544 τε
760 2495 856 2546 καὶ
903 2494 1238 2548 ὑποστάσεσι
1279 2495 1679 2566 διακεκριμένη
1703 2511 1716 2523 ·
1745 2494 1838 2547 καὶ

240 2581 446 2651 ψευδὴς
508 2583 852 2652 ήὸμολογία
930 2584 1031 2654 τῆς
1108 2583 1358 2647 ὲνὼσεως
1423 2585 1534 2637 τῶν
1600 2584 1836 2654 φύσεων,

242 2676 429 2746 ἥνπερ
465 2676 706 2740 εὐσεϐῶς
760 2676 1060 2747 δοξάζομεν
1110 2677 1201 2730 ἐπὶ
1249 2676 1528 2747 Χριστοῧ’
1593 2695 1839 2731 καινοτοο

249 2769 436 2831 μεῖται
463 2768 575 2836 γάρ
607 2767 744 2838 πρὸς
780 2769 840 2820 τὸ
869 2769 1036 2821 πάλαι
1068 2768 1282 2838 ἔνδοξον
1311 2769 1399 2823 διὰ
1429 2769 1530 2839 τὴν
1558 2770 1839 2842 ἄφραστον

245 2860 444 2911 ἕνωσιν
490 2862 590 2930 τὴν
645 2861 782 2928 πρὸς
826 2859 962 2913 Θεὸν
1002 2862 1155 2929 παρᾶ
1202 2864 1413 2924 πάντας
1462 2859 1840 2931 ἀνθρώπουςό

246 2951 345 3003 ἐπὶ
392 2951 628 3021 Χριστοῦ
683 2951 981 3022 λεγόμενος
1030 2952 1341 3024 ἄνθρωπος,
1410 2953 1484 3024 μὴ
1533 2953 1654 3006 καθ’
1690 2955 1840 3022 ἡμᾶς

251 3044 568 3107 ἰδιάζουσαν
605 3044 743 3114 ἔχων
771 3047 865 3098 καὶ
890 3045 1316 3116 διακεκριμένην
1345 3047 1528 3116 πάσης
1557 3045 1838 3116 ὁμοειδοῦς

248 3137 348 3192 καὶ
409 3138 746 3208 ὲτεροειδοῦς
815 3139 1031 3207 φύσεως
1083 3140 1182 3210 τὴν
1240 3138 1433 3192 ἑαυτοῦ
1489 3126 1837 3208 ἀνθρωπείαν

1946 2039 2004 2084 ιιι
2041 2029 2331 2091 naturalis,
2369 2028 2425 2082 in
2456 2027 2576 2098 ipso
2603 2026 2850 2082 ostendit
2876 2025 3118 2081 Verbum
3154 2041 3255 2094 per
3284 2023 3530 2093 seipsum

1942 2124 2243 2193 cognitam,
2281 2121 2428 2193 quod
2475 2137 2584 2175 non
2615 2121 2696 2176 sic
2738 2120 2926 2178 habet.
2970 2115 3372 2174 lncouvcnicns
3398 2131 3532 2186 ergo

1939 2217 2051 2271 erit
2096 2218 2278 2270 omnis
2307 2215 2589 2286 synthesis
2635 2213 2971 2284 integritatis
3024 2225 3262 2282 persona
3295 2207 3530 2274 Christi,

1941 2311 2195 2377 separata
2273 2305 2488 2361 naturis
2533 2313 2590 2361 et
2650 2305 2927 2376 personis,
2965 2309 3022 2357 et
3066 2302 3199 2356 falsa
3259 2299 3531 2372 professio

1943 2401 2164 2455 uuionis
2192 2409 2516 2455 naturarum
2548 2414 2713 2468 quam
2742 2398 2828 2467 pie
2862 2394 3238 2467 gloriﬁcamus
3275 2396 3330 2448 in
3359 2391 3524 2448 Chri-

1940 2505 2047 2550 sto.
2084 2494 2390 2548 lunovatur
2435 2507 2568 2563 ergo
2604 2500 2800 2546 contra
2835 2490 3128 2559 antiquum
3166 2487 3432 2542 honorem
3469 2487 3528 2542 in

1940 2589 2278 2644 ineffabilem
2305 2587 2566 2643 unionem
2602 2585 2696 2640 Dei
2718 2601 2844 2640 cum
2892 2585 3150 2639 omnibus
3204 2583 3528 2638 hominibus

1939 2683 2034 2752 qui
2071 2682 2126 2735 in
2155 2681 2376 2736 Christo
2419 2681 2600 2736 dictus
2641 2680 2828 2742 homo.
2864 2679 3009 2732 inter
3040 2692 3140 2731 nos
3174 2693 3284 2730 non
3317 2676 3530 2731 habens

1940 2788 2233 2841 personam
2260 2771 2557 2825 humanam
2593 2770 2872 2840 propriam
2911 2778 2966 2822 et
2997 2775 3316 2836 reparatam
3347 2767 3530 2821 omnis

1939 2865 2142 2923 similis
2197 2873 2254 2919 et
2285 2863 2576 2937 dissimilis
2628 2873 2858 2923 naturw,
2911 2861 3006 2915 scd
3064 2874 3412 2916 communem
3472 2867 3531 2912 et

1940 2954 2342 3009 indivisibilem
2405 2954 2746 3025 hypostasim
2797 2953 2965 3007 \‘crbi
3010 2969 3038 3006 a
3087 2961 3284 3005 natura
3327 2967 3425 3006 sua
3473 2964 3531 3005 et

1941 3047 2009 3100 ab
2055 3047 2146 3100 illa
2185 3063 2294 3115 qua
2340 3063 2507 3116 super
2553 3047 2731 3116 ipsum
2766 3055 2869 3108 est,
2905 3045 3028 3102 ideo
3074 3045 3120 3099 si
3155 3052 3214 3096 ut
3258 3059 3326 3098 ex
3374 3051 3531 3112 parte

1939 3137 2200 3201 naturali,
2266 3137 2563 3190 humanam
2627 3144 2884 3189 naturam
2938 3152 3004 3190 ex
3056 3149 3222 3194 carne
3277 3142 3529 3198 vocatur,

249 3229 576 3294 ὑπόστασιν,
608 3231 746 3283 ἀλλὰ
773 3231 961 3302 κοινὴν
985 3231 1076 3284 καὶ
1099 3231 1406 3301 ἀδιαίρετον
1433 3232 1530 3301 τῆς
1557 3247 1614 3283 τε
1643 3231 1834 3283 ἑαυτοῦ

1942 3244 2068 3283 cum
2109 3229 2252 3283 nihil
2287 3229 2360 3283 sit
2404 3239 2720 3301 suspectum
2758 3229 2919 3284 nobis
2961 3224 3192 3291 fraudis,
3235 3236 3533 3300 utrumque

250 3326 351 3376 καὶ
395 3323 495 3392 τῆς
545 3323 686 3394 ὑπὲρ
730 3325 892 3378 αὑτὸν
939 3324 1154 3394 φύσεως
1202 3323 1364 3378 οὖσαν
1407 3324 1500 3377 τοῦ
1534 3325 1708 3391 Λόγου
1739 3325 1835 3393 τὴν

249 3413 588 3468 ὑπόστασιν·
634 3417 715 3468 διὸ
761 3419 806 3468 εἰ
851 3416 948 3484 μὲν
992 3416 1068 3478 ὡς
1117 3418 1179 3468 ὲκ
1221 3416 1422 3486 μέρους
1467 3414 1699 3483 φυσικοῦ
1739 3414 1839 3484 τὴν

249 3505 606 3575 ἀνθρωπείαν
641 3506 800 3574 φύσιν
847 3509 911 3558 ἐκ
939 3507 1038 3574 τῆς
1073 3508 1276 3577 σαρκὸς
1308 3507 1653 3576 ὀνομάζεται,
1684 3506 1836 3558 οὐδε-

252 3592 343 3653 νος
371 3594 616 3646 ὑπόπτου
651 3596 783 3664 ἡμῖν
815 3596 949 3665 πρὸς
991 3594 1344 3665 ῥᾳδιουργίαν
1375 3597 1682 3666 γινομένου,
1712 3614 1842 3649 ταυ-

251 3683 346 3736 τὸν
382 3685 538 3753 ἴσμεν
565 3688 852 3756 ἀμφότερα
874 3702 886 3715 °
920 3691 968 3740 εί
999 3688 1054 3740 δὲ
1078 3686 1155 3750 ὡς
1197 3689 1261 3740 ἐκ
1293 3689 1425 3756 μιᾶς
1461 3687 1570 3740 τῶν
1598 3688 1837 3742 ὑποστάυ

254 3789 395 3828 σεων
428 3776 488 3828 τὸ
514 3777 634 3831 ὅλον
694 3777 786 3831 τοῦ
824 3778 1060 3849 Χριστοῦ
1099 3774 1187 3832 οἷά
1223 3797 1369 3843 τινος
1396 3780 1558 3850 χοροῦ
1599 3779 1674 3843 ὼς
1706 3779 1835 3834 ίδιο-

1947 3324 2188 3389 scimus;
2236 3323 2280 3377 si
2330 3340 2484 3387 vero,
2544 3334 2602 3378 ut
2635 3341 2701 3379 ex
2741 3340 2849 3378 una
2904 3323 3273 3393 hypostascon
3315 3319 3534 3375 Christi

1950 3424 2148 3481 totum,
2197 3417 2382 3486 qualia
2431 3416 2718 3488 cujusdam
2771 3415 2925 3470 chori
2978 3423 3039 3470 ut
3089 3411 3534 3483 propriumsub-

1947 3509 2150 3564 sidium
2178 3510 2415 3564 volentis
2451 3508 2809 3564 introducere
2838 3507 3140 3559 humanum
3168 3505 3307 3574 ejus,
3333 3509 3388 3556 et
3421 3517 3534 3557 non

1951 3600 2138 3654 divina
2189 3610 2387 3655 natura
2416 3601 2776 3671 coniunctum
2813 3597 3005 3661 dicite,
3038 3611 3142 3650 nec
3173 3593 3320 3648 nude
3348 3592 3532 3668 homi-

1945 3705 2072 3746 nem
2111 3690 2346 3754 dictum,
2397 3705 2502 3745 nec
2540 3703 2762 3744 carnem
2799 3687 2853 3740 iu
2904 3687 3025 3740 loco
3066 3683 3308 3740 hominis
3352 3682 3535 3738 ultimi

1949 3781 2088 3836 nudi
2117 3781 2326 3840 dictam
2368 3780 2676 3851 accipietis.

253 3870 557 3924 ῦπόατατον
589 3871 901 3941 βουλόμενοι
930 3873 1171 3941 εἰσάγειν
1197 3867 1281 3926 τδ’
1301 3874 1643 3944 ἀνθρώπινον
1683 3874 1872 3940 αὑτοῦ,
1912 3876 2007 3928 καὶ
2029 3875 2090 3928 οὑ
2123 3874 2242 3945 θείᾳ
2273 3874 2434 3944 φύσει
2502 3875 2756 3928 σύνθετόν
2786 3891 2946 3944 φατε,
2969 3874 3090 3929 οὑδέ
3128 3873 3218 3927 τὸν
3245 3870 3534 3942 ἄνθρωπον

251 3964 550 4034 λεγόμενον
579 3964 822 4034 γυμνῶς,
850 3965 970 4018 οὑδὲ
1002 3967 1100 4036 τὴν
1138 3965 1318 4037 σάρκα
1346 3967 1468 4021 ἀντὶ
1500 3966 1596 4020 τοῦ
1631 3965 1923 4036 ἀνθρώπου
1955 3965 2162 4020 τελείου
2197 3966 2409 4037 γυμνοῦ
2439 3967 2740 4038 λεγομένην
2771 3966 3204 4036 καταδεξόμεθα.

851 4101 1103 4156 ΚΕΦΑΛ.
1145 4103 1225 4159 A'.

324 4216 586 4290 Είὴσάρξ
613 4215 800 4288 [σάρξ]
831 4216 968 4283 ἐστι,
989 4218 1078 4270 καὶ
1103 4219 1163 4270 οὑ
1193 4219 1406 4291 θειότης,
1424 4222 1453 4273 ὁ
1483 4221 1538 4275 δὲ
1551 4221 1840 4292 ἄνθρωπος

246 4313 442 4368 οὑκέτι
470 4311 756 4381 ἅνθρωπός
788 4313 904 4364 ἐστι
934 4311 1028 4365 καὶ
1053 4313 1114 4365 οὺ
1137 4311 1350 4382 θεότης,
1375 4315 1495 4366 εἰπὲ
1523 4314 1575 4366 τί
1613 4314 1711 4384 μὲν
1741 4315 1840 4384 τῆς

249 4403 458 4469 σαρκὸς
491 4405 524 4472 ἠ
550 4403 766 4474 θεότης,
793 4403 846 4456 τί
874 4403 931 4456 δὲ
967 4402 1064 4457 τοῦ
1091 4403 1381 4474 ἀνθρώπου
1405 4408 1436 4475 ἡ
1467 4406 1690 4476 θεότης;
1718 4400 1833 4477 Τῆς

250 4499 484 4565 σαρκός,
507 4494 706 4547 ταυτὸν
735 4492 794 4548 δέ
821 4495 970 4546 ἐστιν
1017 4495 1195 4547 είπεῖν
1228 4495 1323 4548 καὶ
1367 4495 1462 4548 τοῦ
1515 4496 1831 4568 ἀνθρώπου,

2541 4102 2696 4158 CAP.
2754 4102 2924 4158 XXX.

2017 4216 2075 4272 Si
2124 4232 2258 4272 caro
2300 4227 2386 4273 est
2434 4225 2492 4272 et
2526 4232 2637 4272 nou
2702 4217 2986 4283 divinitas,
3059 4234 3163 4274 nec
3216 4219 3382 4276 homo
3446 4230 3534 4279 est

1944 4310 2112 4365 homo
2143 4326 2248 4365 nec
2270 4309 2555 4376 divinitas,
2588 4310 2679 4365 die
2701 4310 2834 4380 quid
2873 4311 3060 4367 carnis
3087 4311 3367 4378 divinitas,
3395 4314 3531 4385 quid

1941 4403 2184 4459 hominis
2209 4403 2511 4458 divinitas?
2539 4403 2731 4470 Quoad
2761 4419 3007 4470 carnem,
3036 4404 3172 4460 illud
3226 4406 3406 4476 ipsum
3445 4407 3532 4462 di-

1939 4497 2179 4553 cendum
2207 4496 2357 4565 quod
2381 4496 2451 4552 de
2485 4496 2715 4552 homine
2748 4497 3244 4554 eonsubstantialis
3268 4499 3531 4556 divinitas

251 4587 724 4648 συνενυπόστατος
754 4586 787 4655 ἡ
819 4585 1013 4656 θεότης
1046 4589 1105 4639 ὲν
1147 4587 1404 4658 Χριστῷ·
1439 4590 1573 4642 ἀλλὰ
1605 4591 1703 4661 τῆς
1737 4591 1836 4661 μὲν

1943 4587 1998 4641 in
2039 4587 2288 4651 Christo,
2327 4588 2423 4643 sed
2448 4603 2600 4654 caro,
2635 4597 2697 4644 ιιι
2722 4588 2951 4655 dicitur,
2984 4605 3094 4645 non
3135 4606 3278 4646 nove
3317 4592 3530 4647 habens

252 4679 481 4747 σαρκὸς,
513 4678 589 4742 ὡς
642 4677 883 4750 εἴρηται,
939 4680 1271 4744 άκαινίστως
1321 4681 1550 4752 ἐχούσης
1592 4685 1736 4738 κατά
1779 4702 1838 4738 τε

249 4769 468 4837 φύσεως
502 4771 594 4822 καὶ
626 4773 981 4834 ὑποστάσεως
1021 4773 1200 4840 λόγον,
1231 4774 1324 4827 καὶ
1360 4775 1417 4826 ὲν
1449 4775 1599 4846 αὑτῷ
1625 4776 1700 4838 ὡς
1745 4777 1838 4829 καὶ⁵

248 4863 309 4915 ὲν
334 4866 445 4926 τοῖς
475 4864 703 4928 λοιποῖς,
731 4865 930 4934 μέρους
953 4881 1014 4918 τε
1046 4867 1141 4919 καὶ
1165 4866 1426 4938 διαφόρου
1451 4867 1838 4939 θεωρουμένης

249 4954 390 5023 πρ’›ς
431 4953 491 5005 τὸ
543 4954 696 5008 ὅλον·
747 4954 843 5008 τοῦ
897 4955 955 5009 δὲ
1009 4955 1324 5026 ἀνθρώπου,
1373 4961 1839 5026 συνενυπόστατός

248 5043 402 5094 ἐστιν
440 5045 473 5112 ἡ
507 5043 732 5114 θεότηςο
785 5046 1160 5108 καινισθέντος
1205 5049 1363 5118 παρὰ
1418 5050 1546 5112 τοὺς
1603 5050 1837 5114 πολλοὺς

247 5131 378 5186 καθ’
405 5134 735 5188 ὑπόστασιν’
770 5138 892 5189 ἀντὶ
946 5138 1056 5207 γάρ
1101 5138 1300 5204 ίδικῆς,
1334 5143 1524 5211 κοινήν
1548 5157 1562 5172 ο
1595 5144 1688 5195 καὶ
1717 5144 1838 5196 ἀντὶ

248 5221 620 5294 ἀνθρωπείας,
652 5225 804 5278 θείαν
836 5227 1184 5297 κτησαμένου
1217 5230 1522 5284 ὑπόστασιν
1542 5247 1556 5261 ·
1591 5235 1687 5287 κο)⁸
1713 5236 1838 5288 άντὶ

247 5311 377 5366 δλου
416 5314 803 5381 ὑποπατικοῦ,
837 5317 910 5380 ὡς
945 5319 1147 5390 μέρους
1171 5322 1229 5372 ὲν
1252 5321 1390 5392 αὑτῇ
1422 5321 1796 5393 θεωρουμένου
1818 5342 1832 5356 ·

248 5400 413 5456 τοῦτο
456 5404 566 5474 γάρ
616 5406 766 5476 αὐτῷ
797 5408 964 5471 ὅντως
1005 5410 1124 5462 ἐστὶ
1165 5410 1301 5478 πρὸς
1351 5413 1706 5483 ἀπαρτισμὸν
1737 5417 1837 5487 τῆς

245 5493 466 5558 τελείας
521 5500 958 5569 μακαριότητος·
1011 5501 1104 5554 καὶ
1161 5506 1606 5575 παρατηρητέον,
1647 5507 1727 5560 ὅτι
1772 5509 1834 5561 οὑ

247 5587 482 5640 πάντοτε
537 5590 669 5658 ἡμῖν
711 5590 744 5658 ἡ
793 5607 850 5643 τε
904 5591 1044 5663 σάρξ
1091 5593 1186 5646 τὸν
1219 5593 1506 5665 ἄνθρωπον
1537 5597 1602 5649 ἐκ
1634 5598 1836 5667 μέρους

247 5679 529 5749 σημαίνει,
559 5681 592 5751 ἦ
622 5683 650 5735 ὁ
673 5683 961 5754 ἄνθρωπος
999 5685 1098 5757 τὴν
1125 5688 1329 5759 σάρκα,
1357 5687 1474 5741 ἀλλ’
1506 5690 1668 5760 ἡνίκα
1699 5685 1837 5762 ’περὶ

245 5772 468 5840 φύσεως
502 5774 662 5843 μόνον
701 5777 786 5846 εἴη
819 5778 846 5828 ό
879 5776 1035 5844 λόγος
1059 5795 1073 5808 ο
1102 5780 1196 5833 καὶ
1226 5781 1275 5833 εί
1317 5780 1497 5847 τοῦτο,
1548 5785 1609 5836 οὐ
1648 5783 1738 5837 διὰ
1775 5786 1836 5838 τδ

243 5864 428 5919 πάντα
476 5867 564 5919 τὸν
618 5868 902 5938 ἄνθρωπον
936 5867 1074 5926 εἶναι
1107 5872 1287 5943 σάρκα
1313 5889 1326 5901 ·
1365 5874 1503 5929 ἀλλὰ
1534 5875 1621 5930 διά
1650 5877 1708 5930 τὸ
1741 5878 1835 5932 ἰπὶ

1941 4677 2186 4732 Verbum
2209 4679 2538 4733 naturaliter
2557 4688 2616 4733 et
2645 4679 3012 4750 hypostatice,
3037 4689 3100 4735 et'
3127 4682 3182 4736 in
3225 4682 3370 4752 ipso,
3391 4692 3452 4738 ut
3469 4683 3529 4739 in

1940 4769 2156 4823 caeteris
2197 4779 2425 4838 apparet
2475 4769 2652 4839 partis
2700 4777 2768 4825 etv
2809 4771 3152 4828 discriminis
3213 4774 3281 4828 ad
3326 4782 3526 4832 totum.

1937 4861 2129 4928 Quoad
2160 4861 2974 4927 hominem,cousuhstantialis
2997 4873 3082 4920 est
3104 4865 3372 4922 divinitas
3399 4885 3412 4922 :
3441 4885 3530 4925 re-

1937 4962 2201 5006 novatum
2237 4955 2288 5006 in
2323 4953 2578 5023 pluribus
2604 4954 2914 5009 secundum
2941 4956 3287 5028 hypostasin,
3317 4959 3373 5013 in
3406 4960 3527 5016 loco

1942 5046 2198 5115 propriae,
2225 5061 2598 5111 communem,
2620 5055 2677 5101 et
2699 5047 2823 5102 loco
2847 5047 3103 5104 humanae
3128 5050 3372 5105 divinam
3395 5067 3526 5121 per-

1938 5152 2130 5191 sonam
2173 5137 2451 5206 acquisiti,
2483 5147 2542 5191 et
2571 5138 2716 5203 loco,
2747 5139 2918 5196 totius
2959 5141 3312 5212 bypostatici,
3350 5145 3526 5214 parti-

1938 5227 2061 5282 cula
2112 5235 2360 5298 apparet,
2413 5229 2520 5284 hoc
2568 5239 2656 5284 est
2693 5229 2771 5284 illi
2823 5245 2955 5286 vere
3008 5235 3065 5286 in
3120 5233 3522 5303 perfectionem

1939 5319 2144 5373 ultimae
2194 5319 2577 5374 beatitudinis.
2633 5320 2703 5375 Et
2739 5321 3150 5379 observandum
3203 5326 3352 5396 quod
3413 5343 3526 5384 non

1938 5425 2158 5479 semper
2201 5412 2364 5466 nobis
2402 5429 2532 5468 caro
2566 5413 2849 5468 hominem
2889 5431 2958 5470 ex
3019 5426 3179 5486 parte
3226 5417 3522 5490 significat,

1937 5505 2025 5560 vel
2083 5505 2250 5558 homo
2295 5520 2544 5570 carnem,
2584 5509 2680 5562 sed
2729 5507 2955 5577 quando
2984 5508 3052 5563 de
3097 5520 3296 5565 natura
3344 5512 3524 5566 solum

1937 5611 2122 5652 sermo
2137 5607 2259 5655 est:
2285 5607 2342 5652 et
2355 5597 2401 5652 si
2426 5599 2552 5662 hoc,
2571 5613 2683 5654 non
2711 5601 2846 5670 quia
2869 5616 2968 5670 per
2981 5603 3167 5656 omnia
3195 5602 3361 5659 homo
3377 5613 3524 5659 esset

1937 5704 2088 5754 caro,
2127 5689 2224 5744 sed
2267 5691 2399 5760 quia
2444 5689 2498 5744 in
2535 5689 2762 5748 Christo
2813 5701 2874 5747 ut
2929 5693 3375 5764 distingueretur
3414 5711 3524 5750 una

1938 5792 2136 5838 natura
2174 5784 2482 5839 secundum
2540 5800 2790 5851 carnem,
2845 5801 3066 5841 omnem
3120 5789 3520 5844 humanitatem

1935 5875 2004 5930 ad
2043 5875 2412 5946 divinitatem,
2457 5886 2515 5932 ut
2543 5892 2813 5937 creatura.
2845 5879 2913 5934 ad
2967 5880 3295 5948 incrcatum,
3340 5888 3397 5935 et
3457 5891 3520 5938 ut
