4194 6446
686 370 817 437 1751

1951 389 2258 455 LEONTII
2299 399 2701 461 ΒΥΖᾹΝΊῚΝΙ

3824 403 3970 470 1752

681 495 728 550 si
758 495 1013 552 invidens
1059 514 1229 553 unum
1260 498 1326 554 ad
1369 498 1719 557 divinitatem
1749 507 2116 577 accipientem
2150 526 2278 578 pro-

2387 517 2620 586 Χριστοῦ
2653 516 2729 579 ὡς
2762 516 2893 586 μίαν
2938 516 3466 571 ἁντιδισστέλλεσοαι
3499 518 3663 586 φύσιν
3690 518 3830 571 κατὰ
3868 520 3968 585 riga

684 588 888 657 prium.

1279 860 1430 916 CAP.
1485 860 1679 918 XXXI.

756 947 812 1004 Si
853 949 1000 1020 quod
1033 960 1117 1004 est
1146 953 1330 1006 carnis
1359 953 1641 1019 divinitas,
1677 956 1781 1009 hoc
1813 964 1917 1020 est,
1952 967 2007 1011 et
2033 955 2275 1012 hominis

685 1040 969 1104 divinitas,
1003 1043 1175 1098 altera
1203 1060 1336 1100 vero
1367 1062 1498 1101 caro
1530 1063 1702 1117 prape
1733 1045 2109 1116 divinitatem,
2146 1067 2272 1105 nam

687 1149 816 1186 caro
854 1143 939 1188 est
988 1143 1044 1189 et
1087 1151 1196 1190 non
1249 1137 1530 1204 divinitas,
1575 1142 1855 1209 quomodo
1882 1158 1993 1197 non
2040 1144 2180 1198 alter
2219 1153 2275 1197 et

690 1226 858 1280 homo
887 1229 1044 1298 juxta
1097 1229 1470 1296 divinitatem,
1509 1249 1635 1288 cum
1671 1234 1838 1289 homo
1866 1245 2014 1291 esset
2045 1253 2154 1290 non
2186 1235 2271 1289 di-

688 1315 913 1372 vinitas.
969 1320 1106 1374 Vere
1137 1336 1270 1390 ergo
1301 1322 1446 1376 idem
1478 1334 1566 1379 est
1607 1327 1812 1391 carnis,
1847 1328 1892 1382 si
1935 1344 2064 1382 caro
2098 1328 2274 1382 solum

688 1407 975 1463 diceretur
1026 1427 1128 1465 nec
1157 1423 1216 1466 ut
1247 1413 1434 1478 homo,
1462 1424 1518 1470 et
1550 1417 1795 1470 hominis
1824 1418 2108 1484 divinitas,
2142 1419 2275 1488 quid

690 1511 822 1550 vero
851 1497 958 1552 illis
985 1505 1089 1563 est,
1120 1501 1225 1556 nisi
1263 1503 1439 1556 solum
1472 1506 1960 1561 consubstantialis
1983 1524 2082 1577 per
2115 1510 2278 1562 unio-

689 1599 812 1638 nem
840 1585 895 1639 in
923 1602 1240 1656 personam,
1265 1592 1382 1647 sive
1415 1601 1599 1648 utrum
1631 1595 1916 1650 hominum
1938 1597 2274 1668 signiﬁcare,

690 1677 806 1732 sive
838 1679 928 1733 illa
967 1691 1028 1734 ut
1075 1697 1142 1736 ex
1187 1694 1365 1752 parte,
1416 1686 1512 1740 illo
1543 1703 1677 1741 vero
1707 1697 1765 1740 ut
1795 1689 1922 1758 quis
1947 1691 2096 1744 dicet
2128 1691 2276 1744 illam

690 1773 1024 1829 eoexsistere
1063 1775 1118 1828 in
1176 1784 1292 1829 toto
1340 1777 1590 1848 physico,
1645 1780 1821 1832 altero
1863 1794 1996 1834 vero
2028 1797 2273 1844 rursum,

691 1877 822 1917 caro
849 1872 905 1917 et
921 1865 1109 1929 homo,
1132 1867 1412 1935 quomodo
1439 1884 1590 1934 vero,
1617 1869 1928 1926 divinitatis
1952 1871 2007 1924 in
2027 1871 2274 1937 Christo,
2313 1865 2352 1917 Ιῖ

693 1956 798 2011 nisi
832 1965 1061 2024 natura,
1106 1975 1232 2012 eum
1282 1975 1411 2014 caro
1443 1962 1596 2015 sitet
1629 1962 1815 2027 homo,
1866 1971 1923 2017 ct
1971 1979 2081 2018 non
2126 1963 2275 2018 Divi-

693 2047 857 2112 nitas,
898 2050 944 2104 si
994 2066 1119 2104 eum
1152 2068 1251 2106 vos
1284 2051 1493 2117 dicitis,
1540 2053 1635 2109 sed
1690 2055 1998 2112 secundum
2048 2056 2275 2110 alteram

695 2153 946 2199 naturam
979 2159 1112 2200 sane
1170 2145 1262 2200 illa
1330 2154 1418 2201 est
1463 2147 1636 2203 altera
1686 2157 1743 2202 et
1801 2165 1910 2202 non
1971 2151 2276 2205 secundum

693 2236 855 2288 aiiam
897 2235 1240 2306 hypostasin,
1294 2252 1419 2292 cum
1446 2245 1646 2293 natura
1682 2239 1752 2293 sit
1789 2239 2070 2306 divinitas,
2107 2240 2278 2295 altera

694 2336 889 2381 natura
941 2328 1281 2385 humanitas.

1272 2531 1424 2588 CAP.
1479 2533 1695 2591 XXXII.

769 2623 826 2678 Si
862 2623 1049 2679 carnis
1089 2641 1218 2694 pars
1256 2642 1365 2680 non
1402 2636 1523 2682 erat
1556 2627 1702 2683 Deus
1750 2628 2008 2694 Verbum,
2038 2629 2281 2684 hominis

695 2731 830 2771 vero
873 2733 1003 2787 pars
1047 2728 1213 2785 esset,
1247 2720 1530 2788 quomodo
1569 2739 1678 2776 non
1710 2723 1976 2786 arianiee,
2013 2724 2101 2778 vel
2131 2725 2280 2793 apol-

695 2806 928 2863 linarice
959 2809 1170 2864 sentis?
1211 2810 1316 2864 Sed
1351 2827 1452 2866 nec
1501 2813 1711 2880 carnis,
1748 2830 1853 2870 nec
1877 2815 2117 2871 hominis
2154 2831 2281 2886 pars

698 2900 998 2965 Verbum,
1100 2902 1244 2958 absit
1325 2920 1342 2958 :
1436 2919 1560 2960 nam
1692 2909 1740 2962 si
1766 2909 2057 2977 qnis'loeo
2083 2910 2281 2964 anima:

697 2993 851 3047 carni
877 2993 997 3048 sine
1029 2995 1146 3064 lege
1167 2994 1329 3049 daret
1351 2996 1592 3050 Verbum
1613 2999 1924 3054 secundum
1947 3011 2283 3055 memoratos

698 3083 856 3139 vobis
911 3085 1414 3155 hlasphematores,
1449 3089 1547 3143 sed
1605 3089 1864 3146 similiter
1904 3106 2009 3146 nec
2054 3091 2278 3162 quidem

2378 611 2578 677 σάρκα.
2603 610 2786 661 πᾶσαν
2833 610 2933 678 τὴν
2967 607 3370 679 ἀνθρωπότητα
3395 609 3533 680 πρὸς
3561 609 3659 679 τὴν
3684 610 3918 679 Θεότητι
3950 628 3964 640 ·

2374 697 2448 758 ὡς
2485 699 2709 766 κτιστήν
2740 715 2800 750 τε
2847 697 2984 767 πρὸς
3036 698 3100 751 τὸ
3144 698 3422 761 ἄκτιστον,
3470 700 3566 753 καὶ
3611 701 3686 763 ὡς
3716 701 3810 754 ἕνα
3838 702 3971 773 ὅρον

2378 791 2776 862 ἐπιδεχομένην
2801 791 2932 844 ἴδιον
2965 791 3116 863 παρᾶ
3147 791 3245 859 τὴν
3273 792 3524 859 θεότητα.

2961 883 3005 936 κ
3018 883 3140 938 an
3153 885 3218 938 A.
3253 885 3380 940 AA'.

2444 975 2506 1026 Ei
2531 975 2666 1044 ὅπερ
2690 973 2806 1028 ἐστὶ
2835 975 2937 1044 τῆς
2970 975 3172 1047 σαρκὸς
3209 976 3242 1044 ἡ
3273 976 3486 1046 θεότης,
3521 977 3681 1032 τοῦτό
3711 979 3829 1031 ἐστι
3867 978 3971 1031 καὶ

2376 1066 2470 1120 τοῦ
2510 1067 2799 1138 ἀνθρώπου
2829 1068 2862 1138 ή
2902 1067 3096 1137 θεότης
3118 1084 3133 1099 ο
3164 1068 3328 1138 ἑτέρα
3357 1070 3414 1123 δὲ
3445 1071 3478 1140 ἡ
3507 1069 3646 1142 σὰρξ
3683 1071 3834 1139 παρὰ
3865 1070 3972 1141 τὴν

2380 1159 2611 1228 θεότητα
2643 1157 2804 1229 (σὰρξ
2822 1160 2930 1230 γάρ
2961 1159 3076 1213 ἔστι
3114 1159 3207 1214 καὶ
3228 1155 3558 1232 οὑὌεότης).
3590 1161 3708 1226 πῶς
3738 1164 3838 1231 οὐχ
3858 1163 3978 1215 ἔτι·

2383 1268 2471 1320 ρος
2501 1255 2595 1304 καὶ
2618 1250 2644 1302 ὀ
2675 1250 2963 1322 ἄνθρωπος
2998 1256 3152 1323 παρὰ
3177 1253 3277 1323 τὴν
3308 1254 3576 1325 θεότητας
3615 1257 3846 1326 ἐπείπερ
3872 1256 3978 1308 ἄν·

2380 1343 2594 1413 θρωπος
2622 1343 2718 1395 καὶ
2750 1343 2812 1396 οὑ
2844 1342 3056 1415 θεότης.
3083 1345 3293 1408 Ὄντως
3319 1346 3430 1415 γὰρ
3463 1346 3660 1399 ταυτόν
3705 1347 3819 1399 ἐστι
3867 1347 3981 1414 τῆς

2380 1451 2438 1486 τε
2476 1433 2700 1504 σαρκὸς,
2733 1432 2838 1486 κᾶν
2885 1433 2961 1496 ὡς
2992 1433 3129 1504 σὰρξ
3178 1429 3339 1503 μόνον
3375 1434 3589 1503 λέγοιτο
3618 1437 3709 1489 καὶ
3742 1437 3840 1505 οὑχ
3895 1437 3981 1498 ὼς

2379 1525 2688 1594 ἄνθρωπος,
2741 1524 2836 1576 καὶ
2893 1522 2985 1576 τιῦ
3026 1523 3320 1594 ἀνθρώπου
3369 1527 3403 1596 ἡ
3435 1525 3628 1594 Θεότης
3651 1544 3664 1556 ο
3694 1525 3745 1578 τί
3772 1526 3828 1579 δὲ
3858 1522 3983 1595 εἲρά

2380 1619 2529 1670 ἐστιν
2564 1618 2768 1680 αὑτοῖς,
2796 1616 2830 1688 ἢ
2865 1617 3025 1687 μόνον
3053 1619 3458 1680 σὺνὺπόστατος
3482 1619 3569 1671 διὰ
3591 1620 3689 1687 τῆς
3721 1620 3986 1681 ὲνώσεως

2380 1710 2480 1778 τῆς
2529 1710 2650 1763 καθ’
2683 1710 3015 1763 ὑπόστασιν·
3049 1713 3158 1763 εἴτε
3201 1712 3369 1777 ἄμφω
3413 1710 3506 1763 τὸν
3537 1710 3827 1780 ἄνθρωπον
3870 1727 3987 1779 ση-

2385 1803 2650 1873 μαίνοιεν,
2703 1803 2815 1856 εἴτε
2848 1805 2914 1874 τῇ
2951 1803 3048 1874 μὲν
3089 1803 3166 1866 ὡς
3206 1803 3387 1873 μέρει,
3414 1804 3492 1873 τῷ
3521 1803 3573 1856 δὲ
3621 1803 3698 1865 ὡς
3728 1803 3836 1871 ὅλῳ
3869 1820 3986 1869 φυ-

2387 1897 2524 1969 σικῷ
2556 1895 2990 1966 συνυφεστασοαξ
3015 1913 3100 1959 τις
3127 1896 3272 1964 λέγει
3302 1896 3472 1966 αὑτήν
3495 1913 3506 1924 ·
3529 1896 3695 1966 ἕτερα
3719 1897 3775 1948 δὲ
3813 1894 3990 1948 πάλιν

2383 1992 2418 2060 ἦ
2442 2007 2502 2044 τε
2536 1988 2674 2061 σὰρξ
2705 1990 2798 2044 καὶ
2854 1991 2883 2042 6
2909 1989 3220 2060 ἄνθρωπος,
3276 1989 3398 2052 πῶς
3432 1991 3581 2042 ἐστιν
3626 1987 3840 2059 ἀληθῶς
3873 1989 3993 2058 τῆς

2385 2085 2639 2157 θεότητος
2673 2087 2732 2138 ὲν
2765 2083 3011 2155 Χριστῷ,
3035 2086 3082 2136 si
3121 2084 3196 2155 μὴ
3230 2084 3418 2153 φύσεις
3455 2081 3722 2150 Ἐπείπερ
3759 2082 3902 2153 σάρξ
3920 2083 3992 2134 τέ

2385 2180 2500 2232 ἐστι
2532 2179 2626 2232 καὶ
2659 2177 2970 2248 ἄνθρωπος,
3006 2178 3100 2231 καὶ
3134 2177 3199 2230 οὑ
3242 2176 3435 2244 θεότης
3477 2176 3626 2237 τάδε,
3660 2173 3844 2235 καθὼς
3879 2172 3995 2226 καὶ

2385 2273 2544 2344 ὑμεῖς
2573 2289 2732 2340 φατε.
2761 2270 2900 2325 ἀλλὰ
2952 2270 3096 2324 κατὰ
3136 2273 3301 2338 φύσιν
3328 2269 3542 2340 ἑτέραν,
3570 2269 3769 2337 δηλαδὴ
3803 2267 3990 2336 ἕτερά

2386 2366 2502 2416 ἐστι
2530 2363 2656 2416 τάδε
2688 2363 2856 2416 καὶοὺ
2891 2361 3013 2416 καθ’
3045 2362 3344 2415 ὑπόστασιν
3369 2360 3572 2426 ἄλλην
3609 2359 3771 2428 εἴπερ
3804 2357 3990 2426 φύσις

2385 2458 2420 2526 ἡ
2448 2456 2661 2524 Θεότης.
2690 2455 2786 2509 καὶ
2819 2454 2980 2525 φύσις
3008 2454 3171 2524 ὲτέρι
3198 2456 3231 2524 ἡ
3255 2451 3632 2524 ἄνθρωπότης.

2978 2547 3231 2601 ΚΕΦΛΔ.
3259 2545 3385 2600 AB'.

2456 2646 2518 2698 Ei
2548 2645 2647 2712 τῆς
2675 2642 2881 2714 σαρκὸς
2907 2640 3007 2712 μὲν
3045 2640 3210 2710 μέρος
3233 2639 3334 2690 οὑκ
3356 2633 3425 2708 ἦν
3453 2638 3481 2690 ό
3503 2635 3636 2700 Θεὸς
3657 2635 3850 2703 Λόγος.
3880 2634 4000 2688 τοῦ

2386 2743 2443 2796 δὲ
2471 2739 2760 2811 ἀνθρώπου
2789 2739 2854 2806 μέ
2867 2755 2958 2808 ρος
2989 2732 3080 2805 ἦν,
3111 2736 3229 2799 πῶς
3245 2731 3715 2804 οὑκἈρειανίζεις
3741 2731 3778 2800 ἢ
3813 2731 4000 2782 Ἀπιο-

2387 2831 2720 2900 λιναρίζεις;
2750 2827 2891 2881 Ἀλλ’
2917 2825 3042 2880 οὐδὲ
3067 2824 3169 2893 τῆς
3199 2822 3400 2895 σαρκὸς
3419 2821 3539 2874 οὐδὲ
3561 2819 3654 2872 τοῦ
3679 2819 4000 2888 ἀνθρώπευ

2391 2925 2557 2994 μέρος
2585 2925 2615 2976 6
2639 2922 2843 2988 Λόγος,¹
2870 2920 2945 2989 μὴ
2975 2917 3184 2986 γένοιτο
3211 2932 3223 2946 ·
3280 2916 3328 2967 εἰ
3359 2914 3472 2984 γάρ.
3498 2929 3583 2974 τις
3612 2911 3705 2964 καὶ
3729 2909 3853 2962 ἀντὶ
3877 2908 3957 2976 ψι
3991 2941 4006 2952 -

2387 3015 2488 3085 χῆς
2515 3016 2582 3085 τῇ
2641 3011 2806 3080 σαρκὶ
2837 3009 3094 3079 ὰοέσμιος
3143 3007 3261 3084 δοίη
3297 3005 3390 3058 τὸν
3445 3004 3618 3070 Λόγον
3650 3000 3790 3054 κατὰ
3845 3002 4003 3063 τοὺς

2391 3104 2867 3176 μνημονευθέντας
2900 3101 3032 3171 ὑμῖν
3067 3098 3460 3170 οεολοιδόρους,
3504 3095 3622 3149 ἀλλ’
3649 3095 3800 3163 ὅμως
3848 3093 4000 3145 οὐδὲ

699 3175 939 3230 hominis
985 3191 1114 3246 pars
1154 3191 1281 3231 eum
1334 3179 1585 3243 exhibet,
1622 3195 1749 3234 nam
1799 3182 1905 3234 tale
1955 3191 2132 3236 totum
2170 3199 2278 3236 non

2387 3175 2559 3257 οὕτως
2623 3193 2914 3265 ἀνθρώπου
2967 3193 3133 3262 μέρος
3187 3190 3252 3244 ἂν
3303 3187 3466 3244 αὐτον
3516 3185 3888 3254 παραστήσῃ·
3926 3181 4005 3235 οὗ

697 3268 866 3324 homo
899 3269 1008 3323 erit
1032 3269 1136 3323 hoc
1159 3285 1222 3324 ex
1243 3286 1407 3326 carne
1442 3271 1562 3326 sine
1612 3269 1794 3327 anima
1820 3281 1878 3327 et
1913 3273 2086 3328 divini
2114 3274 2281 3331 Verbi

695 3355 1109 3424 compositum;
1158 3359 1414 3428 corporis
1460 3359 1608 3414 enim
1661 3361 1843 3415 anima
1875 3364 2129 3418 rationali
2160 3365 2282 3419 ani-

697 3448 826 3506 mali
863 3448 979 3503 haec
1028 3460 1113 3504 est
1158 3450 1404 3506 hominis
1435 3451 1579 3507 ratio
1611 3461 1668 3507 et
1700 3452 1974 3518 deﬁnitio,
2015 3472 2126 3511 non
2155 3472 2285 3510 vero

695 3541 888 3596 divino
920 3542 1102 3598 Verbo
1132 3544 1357 3598 animali
1386 3562 1401 3610 ;
1433 3545 1480 3600 si
1508 3562 1644 3602 vero
1677 3549 1807 3618 quis
1835 3549 1982 3604 dicat
2007 3549 2284 3619 quomodo

697 3635 940 3689 Verbum
986 3652 1116 3704 pars
1163 3636 1392 3701 Christi,
1441 3639 1754 3704 evidenter,
1793 3648 1854 3693 ut
1889 3642 2062 3696 totius
2089 3650 2142 3696 ct
2173 3657 2282 3696 non

699 3737 758 3780 ut
808 3728 1051 3783 hominis
1094 3730 1416 3800 simpliciter
1454 3731 1615 3796 dicis,
1651 3743 1707 3787 et
1758 3733 1861 3788 hoc
1891 3733 2068 3787 solum
2103 3733 2170 3788 ad
2205 3734 2285 3788 in-

703 3819 1038 3887 dicationem
1083 3822 1313 3889 unitatis
1353 3839 1604 3894 persona:
1635 3824 1786 3878 illius
1818 3840 1886 3879 ex
1913 3825 2150 3881 diversis
2180 3841 2284 3881 na-

700 3912 842 3966 turis
891 3928 1012 3967 com
1022 3913 1233 3983 positae.

1267 4096 1419 4151 CAP.
1471 4095 1713 4152 XXXIII.

770 4191 828 4245 Si
879 4197 940 4244 ut
969 4205 1094 4260 pars
1127 4189 1313 4244 carnis
1351 4178 1461 4244 non
1487 4200 1574 4245 est
1600 4192 1744 4246 Deus
1775 4192 2038 4257 Verbum,
2071 4193 2152 4248 sic
2182 4209 2286 4248 nec

701 4298 830 4357 pars
877 4282 1122 4338 hominis
1171 4283 1451 4352 quomodo
1480 4299 1593 4337 non
1641 4285 1783 4338 alter
1813 4285 1979 4340 homo
2010 4285 2078 4340 ad
2111 4286 2284 4341 Deum

699 4376 968 4450 Verbum,
1019 4376 1218 4431 eodem
1257 4377 1425 4432 modo
1453 4385 1510 4431 et
1550 4377 1693 4431 alter
1744 4377 1892 4433 Deus
1924 4379 2169 4434 Verbum
2216 4378 2283 4434 ad

2387 3287 2497 3358 γὰρ
2527 3287 2588 3339 τὸ
2643 3285 2848 3338 τοιόνδε
2877 3283 2999 3337 ὅλον
3027 3282 3315 3351 ἄνθρωπος
3369 3277 3523 3330 ἔσται
3571 3274 3759 3328 λοιπὸν
3802 3273 3869 3325 τὸ
3926 3275 3999 3325 ἐκ

2391 3379 2593 3448 σαρκὸς
2615 3377 2826 3447 ἀψύχου
2867 3376 2962 3430 καὶ
3012 3375 3189 3440 Λόγου
3246 3372 3394 3426 θείου
3447 3365 3997 3439 συμπληρούμενον-

2392 3471 2646 3542 σώματος
2675 3470 2785 3542 γὰρ
2815 3471 3008 3538 λογικῇ
3065 3467 3212 3536 ψυχῇ
3245 3463 3628 3535 ὲψυχωμὲνον,
3659 3462 3686 3514 6
3728 3457 3824 3512 τοῦ
3891 3459 4001 3510 ἀνι

2389 3564 2609 3636 θρὼπου
2663 3563 2824 3631 λόγος
2863 3561 2960 3614 καὶ
2999 3557 3336 3631 ὅροςὲστίν·
3381 3556 3443 3609 οὐ
3471 3553 3591 3624 ,μὴν
3650 3551 3783 3619 θείῳ
3814 3549 3999 3618 Λόγῳ

2390 3651 2774 3721 ὲψυχωμένου·
2807 3651 2854 3702 εἰ
2887 3649 2944 3702 δὲ
2974 3649 3081 3716 ἂρα
3103 3646 3194 3700 καὶ
3221 3645 3370 3713 λέγοι
3414 3643 3498 3706 τίς
3545 3659 3664 3703 πως
3695 3640 3868 3709 μέρος
3894 3639 3998 3690 τὸν

2389 3743 2561 3810 Λόγον
2586 3739 2848 3812 Χριστοῦ,
2872 3739 3073 3809 δηλαδὴ
3098 3737 3173 3800 ὼς
3197 3736 3321 3790 ὅλου
3342 3753 3355 3765 ·
3411 3734 3506 3787 καὶ
3533 3733 3631 3801 οὑχ
3657 3731 3731 3792 ὡς
3765 3727 4001 3798 ἀνθρώ.

2388 3853 2493 3890 που
2552 3833 2741 3896 ἁπλῶς
2770 3849 2904 3903 φησι
2924 3848 2939 3863 ·
2988 3827 3268 3884 καὶτοῦτο
3303 3827 3464 3897 μόνον
3497 3824 3633 3894 πρὸς
3691 3820 3997 3892 σημασίαν

2387 3929 2483 3983 τοῦ
2523 3927 2580 3980 ἓν
2639 3922 2780 3980 εἶναι
2831 3923 3122 3994 πρόσωπον
3153 3919 3321 3974 αὑτοῦ
3361 3921 3426 3972 ἐκ
3458 3915 3733 3986 διαφόρων
3755 3910 3995 3983 φὺσεων

2391 4021 2581 4090 συγχεῖ
2589 4037 2770 4092 μενον.

2972 4108 3223 4162 ΚΕΦΑΛ.
3254 4105 3374 4159 Al“.

2462 4207 2521 4260 Εἰ
2545 4205 2734 4276 ὥσπερ
2783 4204 2947 4275 μέρος
2971 4203 3071 4255 οὑκ
3110 4202 3228 4253 ἐστι
3259 4200 3358 4268 τῆς
3391 4196 3596 4268 σαρκὸς
3645 4198 3674 4249 6
3701 4195 3837 4260 Θεδς
3875 4197 3991 4249 Λό-

2389 4317 2504 4366 γος,
2526 4297 2699 4361 οὑτως
2725 4295 2846 4350 οὑδὲ
2873 4295 3038 4366 μέρος
3059 4292 3154 4346 τοῦ
3181 4292 3496 4362 ἀνθρώπου,
3514 4292 3633 4352 πῶς
3665 4289 3765 4358 οὑχ
3788 4288 3990 4359 ἕτερος

2384 4381 2415 4445 6
2455 4392 2738 4460 ἄνθρωπος
2771 4386 2924 4457 παρὰ
2969 4386 3063 4438 τὸν
3105 4385 3238 4437 Θεὸν
3270 4383 3479 4450 Λόγον;
3510 4381 3702 4452 ὥσπερ
3734 4376 3828 4434 οὖν
3889 4383 3990 4433 καὶ

699 4456 958 4534 carnem;
1014 4483 1140 4522 nam
1196 4469 1344 4522 Deus
1386 4468 1626 4523 Verbum
1677 4485 1789 4524 non
1836 4480 1923 4523 est
1959 4485 2110 4534 caro,
2142 4469 2283 4525 sicut

2388 4456 2574 4550 ἕτερος
2601 4482 2629 4534 6
2653 4479 2788 4541 Θεὸς
2814 4456 2990 4544 Λόγος
3018 4477 3170 4546 παρὰ
3197 4475 3294 4544 τὴν
3321 4475 3500 4545 σάρκα
3520 4491 3533 4504 ·
3569 4475 3597 4526 6
3642 4472 3817 4541 Λόγος
3869 4475 3990 4545 γὰρ

698 4569 757 4616 et
801 4575 932 4614 caro
961 4568 1048 4614 est
1071 4574 1183 4613 non
1225 4559 1506 4624 divinitas,
1533 4576 1635 4614 nec
1667 4561 1872 4625 carnis,
1912 4577 2016 4616 nec
2040 4561 2282 4616 hominis

2387 4575 2517 4638 Θεός
2533 4554 2646 4627 ἐστι
2667 4572 2764 4627 καὶ
2779 4573 2837 4624 οὑ
2853 4574 2916 4625 σὰ
2927 4572 3009 4642 ρξ,
3035 4565 3326 4639 ὦσπεροῦν
3339 4571 3432 4622 καὶ.
3446 4571 3478 4637 ἠ
3498 4566 3685 4639 [σὰρξ]
3709 4567 3850 4637 σάρξ
3865 4570 3991 4621 ἐστι

635 4705 638 4709 .
702 4666 831 4721 pars
874 4651 1021 4705 Deus
1074 4651 1339 4715 Verbum,
1382 4667 1487 4706 nec
1536 4653 1844 4707 secundum
1875 4662 2151 4716 naturam,
2184 4668 2284 4707 nec

700 4743 1006 4798 secundum
1057 4759 1370 4812 personam.
1423 4743 1529 4799 Sed
1579 4743 1809 4810 Christi,
1859 4761 1986 4800 cum
2045 4745 2288 4800 hominis

703 4835 850 4890 nuda
899 4835 1085 4905 aliqua
1120 4835 1194 4890 sit
1226 4836 1539 4906 hypostasis
1566 4837 1782 4892 Domini
1817 4837 1992 4892 nostri
2035 4836 2283 4904 Christi;

702 4925 842 4981 alter
874 4925 1040 4996 igitur
1067 4927 1254 4981 carnis
1286 4935 1344 4981 et
1382 4927 1645 4991 hominis,
1680 4928 1891 4983 scilicet
1929 4927 2288 4983 humanitatis

703 5018 1012 5074 secundum
1044 5029 1297 5074 naturam
1336 5019 1515 5073 solum
1567 5028 1896 5075 nosceretur
1936 5020 2174 5074 Verbum
2231 5019 2284 5072 in

703 5111 949 5176 Christo,
975 5126 1087 5166 non
1123 5119 1307 5166 autem
1335 5110 1639 5166 secundum
1672 5127 1989 5181 personam,
2036 5113 2288 5181 quamvis

703 5219 804 5258 vos
839 5213 1056 5258 secreto
1097 5211 1326 5274 agentes
1375 5202 1444 5257 de
1479 5202 1784 5273 hypostasi,
1846 5203 2021 5258 siletis
2047 5203 2290 5258 dissimi-

704 5296 970 5352 litudines
1005 5305 1063 5350 et
1104 5295 1498 5350 similitudines
1521 5294 1856 5364 aliquorum,
1882 5304 1940 5349 et
1971 5301 2030 5348 ut
2080 5303 2290 5348 utrum-

705 5406 813 5461 que
839 5389 1082 5447 dicatur.
1117 5397 1176 5442 ut
1207 5390 1374 5443 unius
1405 5389 1484 5442 rei
1511 5396 1723 5442 natura:
1749 5403 2022 5444 concessa
2050 5387 2286 5442 discreta

705 5484 1050 5550 diversitate,
1077 5483 1294 5539 etalius
1325 5482 1403 5537 rei
1425 5496 1557 5535 sane
1573 5481 1882 5551 hyposlasis
1913 5480 2288 5535 diversitatem

705 5576 906 5634 furtive
927 5573 1176 5639 assertis,
1206 5582 1263 5628 et
1291 5587 1355 5628 ex
1376 5569 1650 5642 principio
1678 5570 1838 5626 vobis
1868 5572 1974 5625 boe
1995 5582 2081 5627 est
2109 5571 2287 5634 cordi,

704 5669 845 5726 duas
873 5669 1194 5738 bypostases
1236 5663 1532 5729 oshendite,
1560 5664 1899 5719 etunionem
1942 5665 2157 5719 Domini
2198 5683 2292 5721 no-

706 5761 805 5819 stri
840 5759 1048 5818 Christi
1096 5758 1367 5830 separatis
1394 5773 1557 5828 quam
1605 5773 1728 5813 cum
1777 5759 1896 5814 solo
1936 5759 2118 5813 Verbo
2145 5759 2287 5815 acci-

707 5870 838 5924 pere
893 5851 1188 5911 simulatis.
1240 5852 1344 5918 Qui
1390 5866 1522 5907 vero
1575 5851 1880 5908 secundum
1933 5860 2186 5924 naturam
2237 5860 2291 5910 ct

2390 4667 2484 4719 ml.
2504 4666 2566 4718 οὑ
2598 4665 2813 4732 Θεότης.
2850 4662 2986 4716 υὺδὲ
3018 4664 3116 4727 τῆς
3161 4661 3386 4730 σαρκὸς,
3415 4659 3535 4712 οὑδὲ
3569 4657 3664 4711 τοῦ
3684 4658 3990 4725 ἀνθρώπου

2393 4751 2561 4821 μέρος
2585 4751 2613 4801 ὁ
2640 4749 2773 4812 Θεὸς
2796 4749 2987 4817 Λόγος.
3011 4747 3134 4801 οὔτε
3165 4748 3306 4800 κατὰ
3328 4745 3511 4815 φύσιν,
3538 4745 3663 4798 οὔτε
3690 4745 3817 4798 καθ’
3849 4747 3993 4799 ὑπό-

2392 4859 2602 4905 στασιν,
2631 4840 2774 4911 ,ἀλλὰ
2790 4840 3028 4910 Χριστοῦ
3051 4855 3064 4869 θ
3099 4838 3227 4890 ἐπεὶ
3286 4837 3362 4908 μὴ
3403 4837 3694 4908 ἀνθρώπου
3729 4837 3866 4905 ψιλή
3902 4854 3992 4902 τις

2388 4923 2458 5000 ἦν
2481 4933 2514 5000 ἡ
2546 4930 2842 4992 ὑπόστασις
2899 4929 2994 4982 τοῦ
3025 4928 3305 4982 Δεσπότου
3343 4928 3499 4997 ἡμῶν
3548 4926 3790 4994 Χριστοῦ
3815 4944 3827 4956 ⁸
3859 4929 3992 4980 ἓτε-

2395 5038 2486 5091 ρος
2513 5017 2607 5074 οὖν
2637 5021 2734 5090 τῆς
2764 5037 2824 5072 τε
2856 5020 3062 5089 σαρκὸς
3090 5020 3188 5072 καὶ
3233 5017 3328 5071 τοῦ
3357 5016 3651 5088 ἀνθρώπου
3676 5017 3851 5087 {now
3885 5017 3990 5087 τῆς

2392 5112 2810 5184 ἀνθρωπότητος
2839 5111 2984 5164 κατὰ
3023 5108 3186 5178 φύσιν
3241 5109 3404 5179 μόνον
3453 5111 3629 5161 νοοῖτο
3656 5109 3725 5162 ἂν
3752 5111 3781 5161 6
3801 5109 3990 5176 Λόγος

2392 5207 2451 5257 ὲν
2480 5202 2720 5273 Χριστῷ,
2748 5205 2810 5257 οὑ
2840 5204 2948 5274 μὴν
2977 5205 3073 5256 καὶ
3103 5201 3226 5256 καθ’
3261 5202 3596 5255 ὑπόστασιν·
3627 5203 3675 5254 ei
3699 5200 3803 5254 καὶ
3819 5202 3991 5271 ὑμεῖς

2394 5293 2644 5359 ὑπούλως
2679 5294 2896 5363 ἔχοντες
2939 5293 3070 5365 περὶ
3128 5291 3227 5364 τὴν
3258 5291 3540 5355 ὑπόθεσιν,
3595 5292 3846 5344 σιωπᾶτε
3883 5292 3988 5353 τὰς

2392 5386 2718 5457 ἑτερότητας
2749 5384 2845 5439 καὶ
2873 5383 3210 5454 ταυτότητας
3241 5384 3404 5438 τινων
3434 5400 3519 5451 γε,
3555 5383 3650 5434 καὶ
3681 5382 3835 5445 ὅπως
3859 5383 3989 5435 sui.

2391 5497 2526 5548 τερα
2557 5478 2794 5546 λέγεται,
2834 5477 2921 5530 ἵνα
2946 5475 3037 5530 διὰ
3056 5477 3156 5544 τῆς
3179 5473 3273 5528 τοῦ
3304 5475 3423 5539 ἑνὸς
3452 5474 3780 5547 πράγματος
3808 5475 3986 5544 ἤγουν

2393 5572 2490 5640 τῆς
2551 5570 2768 5639 φύσεως
2811 5567 3248 5640 ὡμολογημένης
3297 5568 3618 5638 ἑτερότητος
3663 5566 3984 5637 λεληθότως

2395 5667 2488 5720 καί
2517 5665 2614 5736 τὴν
2634 5665 2794 5720 ἄλλον
2829 5664 3151 5736 πράγματος
3181 5663 3350 5732 ἤγουν
3377 5661 3476 5728 τῆς
3503 5657 3865 5720 ὑποστάσεως
3887 5658 3987 5727 τὴν

2396 5759 2692 5828 ἑτερότητα
2726 5756 3238 5826 παρεισενέγκοιτεο
3275 5755 3369 5807 καὶ
3409 5753 3471 5806 τὸ
3504 5751 3561 5815 ἐξ
3617 5752 3799 5821 ἀρχῆς
3852 5753 3987 5820 ὑμῖν

2398 5851 2708 5919 σπονδεῖον,
2733 5849 2825 5904 δύο
2855 5849 2952 5915 τὰς
2985 5848 3306 5912 ὑποστάσεις
3335 5847 3564 5917 δείξητε,
3597 5845 3691 5899 καὶ
3720 5843 3821 5917 τὴν
3848 5843 3989 5897 3w-
