4194 6446
287 399 424 463 1753

1275 402 1671 466 ADVERSUS
1710 407 2506 474 NESTORIANOS.—LIB.
2547 415 2645 474 Π.

3406 418 3542 483 ιτει

280 530 366 566 σιν
385 511 482 566 τοῦ
505 513 772 566 Δεσπότου
796 512 951 584 ἡμῶν
983 513 1224 584 Χριστοῦ
1255 516 1571 588 διαζεύξητε
1608 519 1676 590 ἢν
1704 522 1862 592 Λόγῳ

1990 527 2286 596 typostasin
2308 528 2519 596 aliquid
2573 529 2838 584 discernit
2871 529 3093 584 nonnisi
3126 530 3179 584 in
3212 531 3347 588 solis
3398 550 3544 591 acu-

282 605 430 676 μόνῳ
457 605 853 674 καταδέχεσθαι
878 606 1264 678 προσποιεῖσθε
1283 623 1296 638 ·
1329 610 1358 661 6
1387 609 1496 678 γὰρ
1529 611 1669 665 κατὰ
1692 612 1854 679 φύσιν

1963 613 2222 671 dentibus
2256 619 2518 672 unionem
2560 618 2710 673 illius
2738 619 2856 673 ﬁeri
2900 630 3074 690 putat.
3533 628 3536 632 ί

279 713 339 751 τε
374 697 468 749 καὶ
495 697 790 750 ὑπόστασιν
823 697 1114 768 διακρίνων
1141 717 1214 765 τι,
1252 701 1374 752 κατ’
1433 703 1586 756 οὐδὲν
1645 703 1725 758 ἔτι
1757 705 1789 775 ἢ
1821 707 1928 776 ἄρα
1968 709 2108 762 κατὰ
2147 711 2490 782 συμόεὗηκὸς
2532 713 2693 782 μόνον
2727 713 2824 768 τὴν
2869 716 3057 770 τούτου
3109 723 3403 790 συνάφειαν
3430 723 3540 776 οἴε-

277 802 394 839 ται.

287 969 3500 1002 .__.___.__________________________________.

1625 1088 1990 1178 ΛΟΓΟΣ
2068 1089 2212 1189 ς’.

285 1242 508 1310 “Extm-
540 1244 740 1299 αὐτῶν
774 1247 1053 1318 ἀσεϐείας
1102 1252 1310 1321 δεῖξις,
1363 1259 1654 1326 θεοφόρον
1698 1259 2013 1326 ἄνθρωπον
2054 1261 2150 1314 καὶ
2206 1264 2279 1314 οὺ
2316 1265 2464 1316 Θεέν
2501 1264 3052 1333 ἐνανθρωπήσωτα
3099 1266 3401 1337 λεγόντων
3444 1268 3548 1321 τὸν

1406 1350 1627 1416 Κύριον
1662 1351 1830 1420 ἡμῶν
1872 1353 2122 1408 Ἰησοῦν
2153 1356 2434 1424 Χριστόν.

1610 1620 1966 1708 LIBER
2070 1623 2240 1712 Vl.

358 1779 533 1839 Sexta:
569 1786 855 1854 impietatis
885 1787 1264 1841 demonstratio
1310 1805 1490 1842 eorum
1529 1789 1620 1856 qui
1657 1789 1835 1842 dicunt
1879 1789 2142 1843 hominem
2190 1790 2547 1870 Theo-phorum
2585 1811 2691 1850 esse
2725 1797 3009 1853 Dominum
3040 1814 3278 1856 nostrum
3305 1805 3485 1860 Iesum

1379 1883 1646 1936 Christum
1685 1893 1732 1936 et
1764 1900 1869 1936 non
1903 1883 2073 1938 Deum
2108 1886 2468 1941 incarnatum.

714 2162 1109 2222 ΚΕΦΛΛΛΙΟΝ
1146 2160 1442 2217 ΠΡΩΤΟΝ.

364 2256 428 2310 El
450 2255 645 2326 στολὴν
672 2256 787 2325 ἔχει
806 2259 836 2310 6
867 2256 1040 2324 Λόγος
1067 2256 1169 2324 τὴν
1207 2257 1407 2326 σάρκα,
1446 2253 1588 2306 κατᾶ
1639 2251 1700 2306 τὸ
1721 2255 1876 2324 εἰρη-

295 2348 458 2419 μένον
483 2343 632 2418 αὐτῷ
652 2349 740 2402 διὰ
757 2348 864 2402 τῶν
893 2349 1066 2415 λόγων
1091 2349 1256 2419 αὑτοῦ
1288 2348 1413 2417 περί
1435 2347 1651 2409 ἑαυτοῦ,
1681 2364 1700 2397 ι
1737 2347 1879 2398 Πλυ-

292 2441 378 2493 vel
396 2441 455 2492 ὲν
475 2439 604 2510 οἴνῳ
620 2441 720 2510 τὴν
745 2439 935 2512 στολὴν
963 2440 1152 2515 αὑτοῦ,
1187 2458 1206 2491 ›
1237 2440 1478 2510 δηλονότι
1499 2443 1527 2493 6
1547 2439 1881 2509 ἀναθεματί-

293 2532 404 2595 ζων
445 2533 538 2586 τὸν
580 2533 811 2600 λέγοντα
843 2532 1102 2604 θεοφόρον
1140 2532 1428 2604 ἄνθρωπον
1473 2533 1563 2585 τὸν
1625 2530 1878 2601 Χριστὸν,

295 2623 405 2691 πρὸ
434 2621 529 2674 τοῦ
555 2621 810 2689 λέγοντος
855 2622 948 2676 τὸν
978 2623 1251 2694 φοροῦντα
1277 2623 1689 2692 ἁναθεματίζει.
1739 2623 1880 2676 Ἀλλ’

294 2714 454 2785 εἰπερ
486 2717 519 2784 ἡ
557 2716 718 2784 στολὴ
753 2715 848 2768 τοῦ
883 2716 1057 2784 Λόγου
1105 2719 1255 2769 ἐστὶν
1299 2718 1331 2786 ἡ
1369 2716 1527 2785 σὰρξ,
1556 2719 1584 2769 ό
1624 2717 1680 2770 δὲ
1711 2716 1884 2784 Λόγος

297 2807 453 2871 Θεὸς,
488 2810 520 2878 ή
549 2808 608 2860 δὲ
635 2807 772 2878 σάρξ
805 2810 952 2860 ἐστιν
1010 2809 1039 2861 ό
1090 2809 1398 2878 ἄνθρωπος,
1447 2809 1567 2862 θεὸν
1595 2809 1882 2880 ἀνθρωπο-

298 2901 464 2972 φόρον
485 2902 779 2954 ἀκόλουθον
811 2901 1014 2970 μᾶλλον
1048 2903 1222 2955 εἰπεῖν
1249 2903 1341 2955 ἐπὶ
1367 2902 1603 2972 Χριστοῦ
1626 2917 1638 2930 °
1673 2903 1796 2959 τοὺς
1828 2901 1885 2954 δὲ

297 2990 830 3053 ἀποστόλους,α3τοῦ
863 2991 1280 3060 ἐνδυσαμένοις
1310 2990 1540 3058 δύναμιν
1593 2992 1651 3056 ἐξ
1715 2988 1886 3058 ὕψους

300 3086 621 3149 ἐπελθόντος
650 3088 836 3150 αὐτοῖς
875 3087 970 3139 τοῦ
1015 3086 1172 3155 ἁγίου
1203 3086 1518 3155 Πνεύματος
1575 3085 1667 3138 τοῦ
1717 3084 1883 3136 Θεοῦ’

298 3175 524 3240 τούτους
554 3177 699 3240 tsi/.6;
750 3179 843 3230 καί
870 3178 998 3240 τοὺς
1038 3177 1312 3240 τοιούτους
1347 3177 1647 3246 θεοφόρους
1679 3176 1885 3237 καλεῖν,

301 3270 389 3322 ἵνα
426 3271 488 3321 τὸ
525 3271 817 3340 ἐπίκτητον
863 3272 930 3340 τῇ
983 3269 1278 3323 ὑποστάσει
1336 3271 1402 3338 τῇ
1445 3268 1782 3338 ἀνθρωπίνῃ,
1853 3267 1884 3336 ἡ

302 3365 421 3418 θεία
476 3364 639 3433 φύσις
681 3365 881 3435 νοηθῇ·
918 3365 976 3417 ὲν
1009 3365 1066 3417 δὲ
1115 3366 1194 3435 τῷ
1255 3365 1467 3432 Κυρίῳ,
1513 3363 1784 3416 ἀνάπαλιν
1815 3364 1875 3413 τ’)

301 3461 597 3528 ἐπίκτητον
633 3461 697 3528 τῇ
731 3459 852 3526 θείᾳ
879 3457 1198 3521 ὑποστάσει,
1236 3457 1269 3526 ἡ
1307 3455 1467 3524 φύσις
1503 3457 1535 3524 ἠ
1567 3453 1884 3524 ἀνθρωπίνη

301 3554 536 3625 δοξασθῇ
562 3571 576 3583 ·
609 3554 773 3616 αὐτὸς
807 3554 915 3622 γὰρ
938 3552 1227 3606 ἐνεδύσατο
1249 3551 1310 3604 τὺ
1338 3551 1438 3619 τῆς
1478 3549 1752 3618 ἡμετέρας
1788 3545 1888 3614 φύ-

303 3667 463 3712 σεως.
491 3650 519 3700 6
551 3648 778 3710 ἐνδύσας
810 3649 955 3715 ἡμᾶς
972 3646 1202 3708 πάντας.
1229 3647 1290 3697 τὺ
1312 3646 1408 3714 τῆς
1443 3641 1643 3697 ἑαυτοῦ
1671 3640 1887 3710 φύσεως

305 3741 488 3811 σάρκα
508 3740 688 3794 λαϐὼν
721 3740 815 3793 καὶ
835 3739 958 3802 δοὺς
992 3736 1239 3807 Πνεῦμα.

919 3854 1166 3907 ΚΕΦΑΛ.
1200 3853 1272 3906 B'.

380 3948 475 4012 T6,
496 3949 626 4011 Θεὺς
657 3943 725 4019 ἦν
755 3949 815 3999 ὲν
843 3947 922 4016 τῷ
953 3947 1087 4016 Υἰῷ,
1123 3944 1262 3998 κατὰ
1300 3945 1360 3997 τὸ
1380 3947 1668 4015 εἰρημένον
1698 3945 1772 4016 μὴ
1800 3947 1889 3996 τὸν

306 4043 480 4111 Λόγον
510 4044 689 4110 λέγειν
722 4037 859 4094 εἶναι
898 4042 956 4092 ἐν
987 4038 1282 4107 ἀνθρώπῳ,
1322 4039 1396 4101 ὼς
1443 4039 1471 4089 6
1503 4038 1688 4109 φορῶν
1722 4041 1778 4090 ἐν
1815 4040 1890 4107 τῷ

306 4134 664 4206 φορουμένῳ·
698 4133 807 4185 οὐδ’
837 4131 1010 4191 ἄλλως
1046 4131 1152 4201 ἄρα
1176 4128 1400 4183 δύναται
1437 4130 1464 4181 6
1499 4129 1632 4193 Θεὸς
1667 4127 1805 4183 εἶναι
1834 4134 1890 4182 ἐν

305 4227 386 4296 τῷ
419 4224 660 4297 Χριστῷ.
691 4225 754 4277 Ei
783 4223 876 4277 οῦν
905 4223 1078 4286 οὕτως
1103 4225 1410 4294 ἀδιαφόρως
1443 4223 1517 4287 ὡς
1548 4226 1575 4276 6
1631 4223 1812 4294 φορῶν
1835 4225 1890 4275 ἐν

305 4318 389 4388 τῷ
415 4317 756 4387 φορουμὲνῳ,
779 4317 837 4368 ὲν
864 4314 1084 4386 Χριστῷ
1107 4310 1173 4385 ἦν
1196 4314 1350 4377 Θεὸς,
1369 4315 1510 4367 κατὰ
1536 4315 1894 4384 περιορισμὸν

309 4411 420 4478 ἄρα
455 4409 548 4461 καὶ
602 4406 897 4477 περίληψιν
934 4407 1029 4459 καὶ
1076 4407 1286 4476 σκέπην
1320 4405 1412 4458 καὶ
1444 4404 1710 4475 κάλυμμά
1746 4407 1894 4457 ἐστιν

310 4503 340 4553 6
363 4499 535 4566 Λόγος
565 4500 622 4551 ἐν
663 4500 732 4568 τῇ
767 4497 930 4567 σαρκί
956 4513 970 4527 ⁸
999 4500 1198 4567 τοπικῇ
1234 4513 1292 4549 τε
1326 4496 1629 4567 παραθέσει
1661 4497 1894 4566 πέρατος

312 4592 547 4661 θατέρου
592 4590 728 4661 πρὸς
760 4589 986 4659 θάτερον
1033 4589 1240 4658 ἥνωται
1278 4587 1554 4658 ἀλλήλοις.
1591 4589 1686 4641 καὶ
1725 4584 1838 4641 οἷον
1869 4591 1895 4640 6

310 4681 496 4750 φλοιὸς
526 4682 552 4750 ἦ
581 4681 642 4733 τὸ
672 4679 896 4750 ἔλυτρόν
950 4681 1067 4731 ἐστι
1094 4678 1368 4749 περίθεμα
1421 4679 1513 4732 τοῦ
1545 4679 1856 4748 ἁμυγδάλου
1881 4698 1890 4709 ·

312 4776 424 4844 ἄρα
453 4773 544 4826 οῦν
574 4773 1107 4841 καὶνπεριγρὰφεται
1129 4774 1194 4841 τῇ
1223 4771 1384 4840 σαρκὶ
1415 4771 1446 4841 ἢ
1485 4773 1592 4832 πᾶς
1613 4771 1644 4841 ἢ
1665 4772 1805 4826 κατὰ
1833 4778 1895 4825 τ“›

1905 2169 1952 2222 Β

2491 2164 2716 2222 CAPUT
2779 2166 3069 2223 PRIMUM.

2053 2258 2108 2314 Si
2152 2259 2346 2314 stolam
2384 2257 2552 2311 habet
2599 2259 2837 2313 Verbum
2889 2275 3137 2325 carnem,
3179 2261 3324 2318 sicut
3349 2263 3560 2321 dictum

1981 2359 2068 2404 est
2107 2350 2158 2403 ei
2199 2350 2252 2403 in
2299 2349 2650 2404 sermonibus
2681 2349 2748 2404 de
2786 2351 2900 2415 illo,
2941 2352 3084 2407 lavat
3115 2353 3171 2408 in
3202 2356 3332 2409 vino
3363 2358 3560 2411 stolam

1983 2457 2160 2506 suam,
2239 2441 2531 2496 evidenter
2576 2481 2589 2506 ,
2651 2443 2745 2510 qui
2811 2443 3240 2500 anathematizat
3285 2447 3561 2504 dicentem

1984 2533 2373 2603 TheOphorum
2411 2549 2532 2588 esse
2568 2533 2846 2588 hominem
2875 2535 2996 2590 loco
3027 2536 3266 2594 dicentis
3293 2538 3561 2596 ferentem

1983 2627 2428 2682 anathematizat.
2480 2625 2585 2681 Sed
2615 2626 2659 2680 si
2694 2627 2832 2682 stola
2887 2627 3058 2682 Verbi
3113 2640 3199 2684 est
3230 2645 3381 2695 caro,
3431 2633 3567 2689 Ver-

1987 2719 2116 2772 bum
2165 2727 2347 2773 autem
2397 2720 2562 2781 Deus,
2603 2734 2732 2773 caro
2778 2727 2862 2773 est
2914 2719 3102 2784 homo,
3160 2722 3331 2776 Deum
3384 2725 3567 2794 potius

1986 2808 2286 2863 dicendum
2325 2809 2379 2863 in
2404 2809 2623 2866 Christo
2650 2810 3162 2880 anthropophorum
3215 2826 3562 2884 sequentem,

1987 2901 2267 2970 apostolos
2331 2917 2463 2956 vero
2513 2903 2635 2972 ejus
2702 2903 2959 2958 inductos
3006 2904 3210 2960 virtute
3256 2923 3324 2960 ex
3369 2910 3483 2962 alto
3521 2907 3567 2975 ι,

1987 2994 2414 3060 superveniente
2467 2993 2521 3045 in
2578 3008 2675 3047 eos
2726 2992 2937 3062 Spiritu
3022 3006 3217 3049 sancto
3285 2997 3400 3050 Dei.
3459 2997 3569 3052 llos

1990 3092 2140 3137 recte
2185 3093 2242 3136 et
2290 3083 2497 3137 similes
2551 3085 2736 3137 vocari
2781 3085 3168 3152 TlieOphoros,
3217 3096 3276 3140 ut
3322 3089 3565 3142 alienum

1951 3206 1958 3214 ι
1990 3175 2242 3228 humanm
2287 3175 2586 3246 hypostasi,
2610 3185 2802 3229 natura
2827 3176 3014 3230 divina
3054 3179 3475 3247 intelligeroﬂtr,
3513 3179 3567 3232 in

1989 3267 2226 3321 Domino
2277 3284 2430 3332 vero,
2466 3262 2814 3322 c'contrario
2852 3270 3000 3338 quod
3048 3270 3290 3324 alienum
3322 3281 3407 3324 est
3431 3287 3460 3324 a
3489 3270 3570 3323 di-

1989 3361 2115 3415 vina
2141 3361 2421 3431 hypostasi
2462 3369 2661 3414 natura
2689 3362 2927 3416 humana
2965 3362 3390 3432 gloriﬁcaretur.
3432 3361 3567 3416 Nam

1995 3453 2109 3521 ipse
2150 3453 2328 3507 induit
2373 3463 2619 3507 nostram
2671 3462 2949 3519 naturam,
2981 3455 3074 3524 qui
3114 3453 3296 3508 induit
3325 3469 3424 3508 nos
3449 3469 3572 3507 om.

1993 3559 2111 3606 nes,
2150 3560 2437 3600 assumens
2467 3561 2692 3601 carnem
2741 3563 2854 3602 sure
2909 3556 3122 3602 naturae
3171 3556 3229 3603 ct
3270 3549 3409 3604 dans
3448 3545 3573 3616 Spi-

1993 3635 2179 3689 ritum.

2063 3934 2206 3986 Deus
2242 3945 2359 3988 erat
2393 3934 2447 3988 in
2473 3934 2611 3989 Filio
3005 3939 3214 3994 dictum
3248 3953 3310 4006 ω,
3347 3958 3455 3998 non
3485 3943 3575 3999 di-

1993 4041 2115 4078 cere
2153 4025 2393 4079 Verbum
2427 4041 2549 4081 esse
2583 4027 2637 4081 in
2669 4027 2894 4096 homine
2920 4039 2979 4084 ut
3010 4031 3193 4088 ferens
3222 4034 3278 4090 in
3311 4035 3442 4097 lato.
3473 4051 3578 4091 nec

1992 4116 2152 4168 aliter
2191 4130 2324 4168 vero
2357 4122 2540 4184 potest
2573 4116 2718 4171 Deus
2741 4132 2865 4172 esse
2897 4118 2953 4171 in
2981 4118 3228 4179 Christo.
3253 4118 3312 4175 Si
3337 4137 3470 4176 vero
3501 4121 3576 4176 ita

1993 4208 2111 4262 sine
2140 4207 2454 4262 diﬂ‘erentia
2487 4218 2548 4263 ut
2575 4208 2760 4271 ferens
2785 4210 2841 4264 in
2864 4211 2976 4267 lato
3009 4213 3156 4268 Deus
3181 4222 3316 4283 erat
3336 4215 3392 4268 in
3420 4214 3578 4270 Chri-

1995 4307 2102 4364 sto,
2140 4298 2443 4355 secundum
2463 4299 2668 4356 limites
2687 4315 2820 4370 ergo
2841 4309 2897 4356 et
2922 4305 3477 4372 comprehensionem
3521 4315 3579 4362 et

1997 4399 2374 4462 tegumentum
2405 4398 2460 4445 et
2483 4391 2667 4455 velum
2699 4399 2755 4445 et
2784 4391 3026 4448 Verbum
3070 4393 3125 4448 in
3173 4411 3360 4451 carne.
3393 4397 3577 4452 Locali

1996 4484 2364 4553 oppositione,
2395 4490 2641 4538 extrema
2677 4499 2804 4552 pars
2823 4487 2988 4540 unius
3020 4487 3210 4541 unitur
3231 4503 3356 4543 cum
3385 4481 3578 4554 aliera,

1999 4576 2162 4645 quale
2193 4575 2376 4644 pellis,
2422 4573 2508 4628 vel
2571 4574 2855 4628 indusium
2890 4585 2974 4630 est
3027 4577 3243 4631 clotura
3281 4579 3580 4650 amygdala:

1999 4665 2316 4735 etquidem
2369 4664 2612 4720 Verbum
2674 4665 2946 4720 limitatur
2992 4683 3291 4738 carneque-
3319 4669 3436 4724 sola
3492 4671 3580 4724 vel

2004 4759 2242 4812 maxima
2301 4774 2427 4828 pars
2453 4759 2595 4828 ejus,
2619 4757 2802 4813 adhuc
2831 4766 3016 4821 autem
3047 4760 3129 4815 sic
3187 4776 3299 4814 non
3337 4761 3408 4816 ad
3463 4777 3581 4816 ma-

313 4869 565 4922 πλεῖστον
583 4864 745 4918 αὑτοῦ
776 4865 804 4914 6
830 4863 1000 4930 Λόγος
1023 4881 1035 4895 ο
1058 4863 1139 4915 ἔτι
1162 4864 1267 4934 μὴν
1292 4863 1465 4925 οὕτως
1492 4866 1683 4926 οὖκεὲς
1706 4865 1767 4917 τὸ
1792 4884 1888 4933 φα-

2004 4851 2377 4906 nifestandum
2413 4849 2655 4905 Verbum
2679 4851 2908 4914 mundo,
2968 4851 3066 4906 sed
3115 4851 3184 4906 ad
3241 4853 3584 4908 absconden-

313 4958 616 5029 νερωθῆναι
646 4953 720 5024 τῷ
751 4955 941 5024 κόσμῳ
964 4955 1054 5006 τὸν
1080 4956 1271 5022 Λόγον,
1297 4958 1411 5010 ἀλλ’
1443 4959 1522 5018 εἰς
1545 4957 1606 5008 τὸ
1639 4959 1894 5009 ἐπικαλυ-

207 5102 215 5108 _
315 5049 539 5119 φθῆναι,
587 5050 680 5102 καὶ
709 5048 783 5118 μὴ
810 5047 1198 5116 γεγυμνῶσθαι
1250 5048 1386 5117 πρὸς
1433 5049 1765 5116 κατανόησίν
1788 5065 1896 5100 τινι

315 5139 472 5192 ἔσται
520 5139 809 5201 ἐπινοήσας
843 5134 1024 5204 ἐαυτῷ
1089 5136 1187 5205 τὴν
1241 5137 1551 5206 σάρκωσιν·
1615 5137 1788 5200 ἄλλως
1841 5137 1895 5191 δὲ

317 5229 484 5296 σῶμα
513 5228 606 5280 καὶ
639 5227 744 5296 πρὸ
777 5227 979 5294 σαρκὸς
1009 5231 1183 5281 νοοῖτο
1229 5229 1294 5280 ἂν
1324 5231 1351 5281 ὁ
1403 5230 1593 5297 Λόγος,
1628 5232 1674 5282 εἰ
1725 5229 1896 5291 οὕτως

316 5317 435 5387 ἔχει
465 5315 822 5383 ἐπιφάνειαν·
858 5314 946 5367 ῐνα
997 5314 1053 5366 δὲ
1101 5315 1276 5368 πάντα
1307 5315 1432 5385 δοθῇ
1458 5317 1588 5383 ἡμῖν
1613 5315 1794 5382 λέγειν
1833 5317 1901 5367 τὰ

2003 4946 2156 5008 dum,
2193 4955 2249 4998 et
2284 4959 2392 4996 non
2423 4943 2824 4998 dcnudandum
2862 4943 2994 4997 olim
3021 4943 3089 4998 ad
3140 4944 3582 5014 intelligentiam,

2001 5039 2110 5091 erit
2140 5036 2206 5090 ad
2244 5036 2620 5089 inventionem
2654 5035 3210 5100 suasincarnationis,
3256 5036 3416 5090 aliter
3453 5051 3582 5090 cor-

2003 5145 2106 5200 pus
2135 5136 2189 5183 et
2221 5128 2342 5182 loco
2369 5127 2553 5181 carnis
2595 5127 3000 5197 intelligeretur
3033 5127 3298 5189 Verbum,
3344 5127 3390 5182 si
3417 5127 3581 5182 talem

2004 5222 2173 5276 habet
2229 5219 2758 5283 manifestationem,
2791 5229 2851 5273 ut
2873 5220 3101 5274 omnino
3136 5219 3366 5274 daretur
3415 5221 3585 5274 nobis

2004 5314 2227 5369 dicendi
2267 5311 2735 5376 inconvenientia,
2763 5319 2819 5365 et
2849 5311 2928 5366 sic
2951 5311 3463 5382 nonTheophorus,
3489 5313 3585 5366 sed

315 5411 519 5469 ἄτοπα,
553 5409 646 5459 καὶ
671 5406 847 5470 οὕτως
897 5407 957 5459 οῦ
991 5406 1270 5478 θεοφόρος,
1318 5408 1432 5462 ἀλλ’
1464 5408 1496 5478 ἢ
1540 5407 1888 5479 ἀνθρωποφό·

1990 5408 2457 5477 mthr0popborus
2500 5414 2585 5460 est
2624 5421 2690 5460 ex
2743 5405 2854 5460 Deo
2882 5405 3047 5460 Deus.
3080 5406 3178 5461 Vel
3233 5406 3278 5460 si
3332 5404 3588 5460 Christus

323 5517 417 5571 ρος
453 5503 482 5552 6
506 5500 570 5552 ἐκ
624 5499 760 5552 θεοῦ
813 5499 976 5562 Θεός·
1014 5500 1046 5569 ἢ
1101 5502 1149 5552 εἰ
1181 5501 1416 5570 Χριστὸς
1460 5501 1622 5562 αὐτὸς
1651 5504 1678 5553 6
1704 5501 1888 5570 φορού⁴

2010 5506 2128 5576 ipse
2162 5505 2305 5558 latus
2325 5512 2445 5556 erat
2472 5501 2777 5556 secundum
2803 5516 2902 5555 vos
2930 5501 3026 5570 qui
3078 5509 3135 5555 et
3164 5499 3583 5569 'Theopborus,

269 5585 272 5589 ’
323 5609 488 5664 μενος
544 5587 611 5660 ἦν
662 5594 783 5644 καθ’
815 5593 959 5662 ὑμᾶς
997 5595 1026 5646 6
1073 5594 1168 5646 καὶ
1207 5593 1485 5666 θεοφόρος,
1516 5593 1608 5647 δύο
1643 5593 1787 5656 θεοῖς
1814 5611 1888 5661 μ;η

2010 5597 2230 5652 duobus
2265 5595 2371 5649 diis
2414 5596 2690 5664 particeps
2723 5603 2808 5648 est
2834 5593 3091 5650 Christus
3119 5594 3212 5648 uni
3267 5593 3488 5647 interim
3528 5605 3588 5645 se

322 5680 725 5754 σάξειΧριστός
747 5701 758 5714 ·
792 5685 871 5736 ἐνὶ
902 5684 979 5754 τῷ
1000 5685 1145 5737 ἔνδον
1175 5686 1339 5738 αὐτοῦ
1379 5687 1729 5754 χωρουμὲντιι,
1766 5687 1792 5737 ὃ
1822 5687 1878 5738 '3:

2012 5685 2350 5747 extendenti,
2381 5683 2505 5739 ideo
2541 5685 2690 5740 Deus
2711 5695 2830 5739 erat
2855 5685 2908 5738 in
2935 5683 3180 5749 Christo,
3207 5695 3264 5739 et
3307 5682 3469 5739 alteri
3499 5697 3587 5738 cx-

411 5816 580 5876 1Act.
614 5839 648 5887 ι,
686 5823 737 5876 8.
817 5834 855 5862 ιη
881 5823 921 5878 ll
953 5821 1078 5877 Cor.
1124 5840 1175 5889 γ,
1217 5823 1296 5876 l9.

792 5685 871 5736 ἐνὶ
902 5684 979 5754 τῷ
1000 5685 1145 5737 ἔνδον
1175 5686 1339 5738 αὐτοῦ
1379 5687 1729 5756 χωρονμὲντιι,
1766 5687 1792 5737 ὃ
1822 5687 1901 5738 ότι
