4194 6446
675 402 811 468 1759

1948 408 2256 469 LEONTII
2298 407 2700 467 BYZANTINI

3807 417 3945 480 1760

671 512 1016 568 sanctissima
1068 513 1339 568 Trinitate
1363 529 1583 584 passum
1611 528 1732 569 esse
1768 503 1975 569 carne?
2024 515 2081 570 Si
2111 515 2255 569 enim

2371 514 2620 576 πονθέναι
2651 514 2848 585 σαρκί;
2885 516 2946 568 El
2973 517 3082 588 γάρ
3107 518 3166 571 οὑ
3194 521 3342 592 τρεῖς
3366 521 3541 585 θεοὺς,
3573 525 3689 584 ἀλλ’
3715 528 3959 585 ὑποστά-

669 618 779 657 non
806 612 918 657 tres
944 603 1098 667 deos,
1141 603 1237 657 sed
1293 603 1556 672 personas
1601 605 1808 668 dicitis,
1852 611 2257 672 consequenter

668 693 965 749 dicendum
1019 704 1105 749 est
1148 711 1314 748 unum
1371 697 1456 749 vel
1492 714 1598 748 una
1651 695 1718 749 de
1761 695 2047 759 Trinitate,
2074 703 2257 749 atten-

666 787 850 841 dendo
883 787 951 841 ad
987 779 1274 857 personam
1322 788 1405 840 vel
1441 785 1507 839 ad
1554 788 1918 856 suppositum,
1969 802 2077 840 non
2127 801 2259 840 vero

668 894 805 931 unus
842 894 858 931 :
893 879 960 932 ad
991 878 1122 932 deos
1153 877 1334 942 enim,
1369 876 1484 932 sive
1529 887 1731 947 patres,
1777 878 1890 931 sive
1918 877 2058 931 filios
2089 877 2258 932 refer—

673 979 763 1023 tur
789 971 891 1025 hoc
922 984 1121 1024 nomen
1169 970 1473 1025 masculine
1505 980 1782 1040 sumptum
1823 987 2030 1040 :quare
2066 979 2255 1024 contra

671 1076 878 1113 morem
940 1061 1125 1116 dicere
1177 1077 1287 1115 non
1325 1063 1540 1116 audetis
1594 1063 1758 1116 alium
1799 1070 1854 1115 et
1914 1061 2083 1114 alium
2139 1077 2260 1116 esse

670 1150 972 1217 Christum,
1004 1167 1166 1221 quem
1191 1168 1310 1206 esse
1341 1153 1486 1205 aliud
1512 1162 1567 1206 et
1598 1152 1744 1206 aliud
1766 1153 2123 1207 confitemini.

740 1242 908 1297 Miror
937 1245 1220 1313 quomodo
1260 1246 1313 1298 in
1342 1259 1481 1314 quos
1528 1252 1784 1314 tanquam
1813 1247 1967 1299 vobis
2007 1246 2262 1314 proprios

674 1334 946 1389 incidistis
973 1337 1186 1404 Domini
1211 1332 1546 1406 hy‘postasim
1579 1337 1898 1401 scrutando,
1923 1337 1976 1390 in
2011 1337 2130 1391 istis
2160 1355 2260 1394 nos

674 1423 954 1475 erroribus
988 1422 1173 1492 impiis
1203 1424 1360 1492 quasi
1391 1440 1537 1478 nunc
1559 1434 1802 1478 versatos
1835 1425 2124 1480 ostendere
2157 1427 2259 1480 im-

682 1514 958 1582 pudenter
988 1515 1308 1567 moliantini.
1351 1515 1460 1569 Vos
1507 1515 1653 1569 enim
1708 1525 1820 1570 tres
1874 1516 2162 1572 distinctas
2203 1518 2257 1571 in

675 1605 1019 1660 sanctissima
1062 1607 1330 1661 Trinitate
1373 1608 1674 1662 admisistis
1733 1609 2085 1672 substantias,
2128 1625 2259 1678 qua-

676 1711 798 1750 rum
826 1714 930 1751 una
964 1715 1026 1752 ea
1044 1707 1127 1753 est
1154 1715 1273 1767 quae
1295 1701 1570 1754 incarnata
1591 1716 1710 1754 esse
1744 1701 1946 1754 dicitur
1985 1719 1996 1754 :
2035 1711 2092 1755 et
2127 1717 2258 1756 eon—

677 1788 986 1844 tendebatis
1019 1791 1352 1861 hypostasim
1389 1792 1524 1845 nihil
1563 1793 1709 1846 aliud
1757 1809 1877 1847 esse
1911 1809 2073 1862 quam
2118 1794 2260 1847 indi-

2362 620 2475 668 σεις
2503 607 2660 672 φατὲ,
2690 606 2985 660 ἀκόλουθον
3013 608 3084 662 ἐν
3107 609 3310 678 λέγειν,
3337 613 3368 682 ἥ
3395 616 3546 682 μίαν
3573 620 3673 687 τῆς
3695 621 3944 689 Τριάδῖδξ,

2358 696 2680 767 ἀφορῶντας
2717 697 2854 767 πρὸς
2885 697 2982 769 τὴν
3011 701 3313 754 ὑπόστασιν
3346 703 3378 772 ἦ
3411 705 3471 758 τὸ
3503 708 3820 776 πρόσωπον,
3854 713 3953 764 καὶ

2335 789 2436 862 ,μὴ
2463 789 2573 841 ἕνα
2599 805 2613 818 ·
2669 788 2803 858 πρὸς
2835 790 2994 853 Θεοὺς
3021 789 3131 861 γάρ
3166 792 3196 860 ἦ
3232 795 3476 864 πατέρας
3511 796 3544 865 ἢ
3580 798 3752 861 υἱοὺς,
3793 801 3952 853 τοῦτο

2358 880 2666 933 ἀποδίδοται
2710 882 3015 950 ἀρρενικῶς
3057 884 3347 953 λεγόμενον
3379 903 3392 916 ·
3452 886 3585 940 διότι
3631 890 3754 943 οὐδὲ
3789 893 3950 944 ἄλλον

2359 973 2454 1026 καὶ
2517 972 2675 1026 ἄλλον
2732 973 3179 1045 ἀπαρατηρήτως
3247 979 3313 1046 τῇ
3369 979 3564 1048 χρήσει
3621 980 3805 1048 λέγειν
3861 982 3950 1034 τὸν

2359 1065 2595 1133 Χριστὸν
2649 1063 2706 1116 ὂν
2754 1064 3100 1133 ὁμολογεῖτε,
3161 1067 3290 1120 ἄλλο
3340 1068 3431 1120 καὶ
3471 1070 3618 1134 ἄλλο,
3660 1074 3948 1142 ἀνέχεσθε.

2358 1155 2685 1223 Θαυμαστὸν
2714 1155 2861 1218 ὅπως
2892 1157 2950 1208 ὲν
2977 1150 3066 1218 αἷς
3098 1157 3256 1227 ὑμεῖς
3287 1159 3364 1222 ὡς
3389 1161 3617 1224 οἰκείαις
3644 1164 3947 1233 προήλθετε

2359 1243 2536 1307 δόξαις
2587 1244 2676 1296 ὅτε
2724 1246 2790 1298 τὰ
2835 1246 2963 1315 περὶ
2997 1245 3350 1318 ὑποστάσεως
3383 1249 3475 1301 τοῦ
3512 1252 3717 1320 Κυρίου
3749 1254 3950 1320 ὲξητά-

2361 1335 2482 1396 ζετε
2509 1375 2523 1399 ,
2576 1337 2634 1386 ὲν
2683 1333 2911 1397 ταύταις
2943 1334 3039 1387 νῦν
3073 1336 3219 1404 ἡμᾶς
3252 1335 3443 1406 ὥσπερ
3473 1338 3805 1401 ἀσεϐοῦντας
3840 1341 3949 1392 δειο

2361 1426 2544 1480 κνύειν
2578 1426 2916 1496 βουλόμενοι,
2947 1427 3047 1479 οὑκ
3075 1427 3445 1498 ὴρυθριάσατε
3466 1445 3480 1458 ο
3537 1430 3712 1492 ίδικάς
3743 1447 3804 1482 τε
3841 1431 3951 1501 γὰρ

2363 1518 2455 1570 καὶ
2504 1519 2652 1586 τρεῖς
2692 1517 2792 1577 τὰς
2826 1517 3013 1578 οὐσίας
3044 1517 3145 1585 τῆς
3173 1518 3338 1585 ἁγίας
3365 1520 3595 1588 Τριάδος
3625 1520 3786 1589 ὑμεῖς
3820 1521 3951 1573 ἐδώ-

2362 1621 2496 1658 κατε
2519 1621 2534 1634 ·
2585 1597 2658 1657 ὧν
2696 1606 2828 1674 μίαν
2859 1601 2998 1658 εἶναι
3035 1605 3134 1676 τὴν
3162 1606 3462 1676 λεγομένην
3489 1608 3946 1679 ἐνανορωτεῆσαι⁰

2361 1697 2456 1749 καὶ
2485 1696 2644 1749 τοῦτο
2674 1693 2812 1748 εἶναι
2843 1697 3142 1750 ὑπόστασιν
3174 1697 3390 1765 ἐλέγετε
3425 1699 3606 1768 μόνον,
3644 1701 3746 1768 τὴν
3777 1701 3953 1770 ὶδικὴν

2361 1788 2580 1840 οὑσίαν’
2620 1788 2760 1859 πλὴν
2791 1789 2851 1840 οὐ
2883 1787 2991 1858 γὰρ
3023 1790 3080 1840 ἐν
3104 1787 3278 1858 τούτῳ
3310 1786 3420 1842 εἷεν
3451 1790 3516 1843 ἂν
3544 1790 3828 1860 ἐλεύθεροι
3861 1792 3951 1843 τοῦ

677 1882 896 1935 viduam
927 1883 1314 1938 substantiam.
1341 1885 1611 1939 Praeterea
1645 1885 1772 1956 (non
1810 1887 1955 1940 enim
1999 1886 2121 1941 ideo
2142 1887 2251 1942 cri-

2371 1880 2710 1949 ὲγκλήματος
2731 1921 2744 1940 ,
2795 1882 2843 1932 εί
2877 1881 3005 1942 τοὺς
3034 1881 3477 1950 κατηγοροῦντας
3506 1881 3682 1951 ἔχοιεν
3714 1885 3953 1945 ἑαυτοῖς,

679 1973 848 2028 minis
909 1975 1180 2030 immunes
1241 1985 1369 2030 sunt
1424 1979 1665 2032 accusati
1714 1977 1859 2047 quod
1905 1989 2256 2034 accusatores

677 2065 917 2119 habeant
953 2067 1204 2121 cons‘cios
1241 2085 1253 2119 :
1286 2068 1390 2122 hoc
1422 2068 1642 2138 quidem
1685 2069 1841 2122 vobis
1893 2069 2255 2136 condonctur)

677 2158 743 2212 ad
784 2175 846 2212 ea
880 2176 1001 2228 quae
1047 2176 1143 2214 vos
1187 2161 1350 2215 nobis
1378 2163 1722 2230 exprobratis
1747 2164 2080 2232 respondere
2111 2179 2259 2217 nunc

678 2264 965 2318 possemus
999 2267 1012 2303 :
1040 2251 1158 2305 Non
1183 2253 1358 2305 solum
1402 2253 1666 2317 Verbum,
1708 2254 1813 2307 hac
1847 2254 2124 2308 locutione
2159 2271 2260 2308 nu-

679 2355 890 2393 merum
947 2337 1248 2393 masculine
1304 2341 1646 2410 exprimente
1683 2383 1697 2406 ,
1745 2358 1944 2412 nempe
2012 2360 2148 2396 unus
2196 2345 2259 2396 de

677 2431 1017 2486 sanctissima
1059 2431 1319 2485 Trinitate
1352 2432 1721 2502 designatum,
1777 2433 2017 2495 dicimus
2050 2435 2256 2500 Deum;

679 2521 775 2575 sed
814 2522 978 2575 etiam
1037 2523 1251 2577 Patrem
1274 2533 1329 2577 et
1375 2524 1642 2593 Spiritum
1677 2535 1924 2581 sanctum
1957 2529 2260 2583 masculine

679 2612 850 2666 Deum
883 2630 1140 2668 vocamus
1174 2633 1186 2666 :
1225 2630 1326 2668 nec
1375 2615 1499 2669 ideo
1527 2632 1624 2672 eos
1659 2626 1770 2671 tres
1795 2633 1916 2672 esse
1943 2618 2078 2672 deos
2109 2619 2260 2673 arbi-

682 2712 912 2757 tramur.
948 2704 1162 2758 Etenim
1207 2721 1387 2775 neque
1418 2709 1590 2762 sancti
1632 2709 1822 2763 Patres
1850 2709 2052 2774 nostri,
2079 2725 2260 2779 neque

681 2793 966 2865 Scriptura
997 2811 1172 2859 sacra,
1219 2799 1296 2852 sic
1330 2799 1479 2868 loqui
1512 2800 1580 2854 de
1606 2815 1933 2870 unaquaque
1977 2801 2142 2856 trium
2174 2801 2261 2854 di-

679 2889 821 2942 vinze
877 2898 1088 2944 natura:
1130 2906 1491 2958 personarum
1549 2891 1954 2945 abstinuerunt.
2008 2892 2262 2946 llfienim

679 2980 983 3034 masculine
1031 2982 1247 3035 Patrem
1279 2990 1336 3036 et
1372 2983 1570 3035 Filium
1606 2983 1931 3052 plerumque
1964 2983 2262 3052 appellant.

679 3072 807 3141 quia
835 3088 1104 3126 summam
1135 3073 1571 3143 uniuscujusque
1600 3089 1848 3143 persona:
1868 3075 2264 3144 perfectionem

682 3163 834 3218 ineo
871 3175 1145 3235 reponunt
1189 3167 1338 3235 quod
1376 3168 1814 3221 subslantialiter
1859 3169 2160 3237 respective
2195 3167 2260 3221 ad

682 3256 949 3311 attributa
985 3259 1298 3311 communia
1320 3299 1334 3323 ,
1368 3269 1423 3312 et
1453 3258 1821 3328 personaliter
1851 3259 2157 3326 respective
2196 3258 2262 3312 ad

683 3349 949 3402 attributa
976 3349 1223 3413 relativa,
1253 3349 1446 3403 eadem
1479 3356 1589 3403 tres
1618 3349 1890 3418 gaudeant
1925 3349 2265 3418 plenitudine

683 3437 991 3492 divinitatis
1024 3447 1078 3491 et
1101 3439 1423 3506 potestatis;
1453 3440 1533 3492 sic
1560 3439 1706 3493 enim
1737 3455 1794 3493 se
1821 3439 2026 3494 habent
2074 3441 2126 3493 in
2155 3441 2266 3494 Deo

685 3538 1026 3598 congregata:
1059 3528 1251 3599 synodi
1300 3529 1534 3584 Nicarnze
1561 3531 1750 3584 Patres
1783 3549 1794 3583 :
1829 3549 1848 3581 ι
1884 3546 1941 3584 se
1963 3531 2188 3585 credere
2211 3532 2267 3586 in

689 3637 856 3673 unum
886 3621 1057 3675 Deum
1085 3621 1302 3675 Patrem
1327 3623 1782 3690 omnipotentem,
1810 3630 1864 3676 et
1891 3623 1942 3675 in
1973 3639 2142 3675 unum
2167 3623 2272 3676 Do-

687 3712 898 3765 minum
921 3711 1108 3767 Jesum
1134 3713 1438 3777 Christum,
1469 3732 1485 3764 ι
1521 3714 1772 3783 quamvis
1799 3714 1866 3767 de
1885 3715 2272 3784 hypostasibus

686 3801 840 3854 etde
886 3804 1124 3872 prosapis
1156 3803 1488 3872 loquentes,
1543 3788 1906 3857 masculinum
1953 3820 2170 3872 semper
2215 3813 2271 3858 et

689 3901 944 3947 neutrum
974 3909 1148 3962 genus
1198 3905 1487 3962 usurpent,
1533 3904 1589 3948 et
1629 3895 1779 3949 circa
1814 3895 1955 3950 hanc
1984 3897 2269 3951 materiam

691 3982 824 4036 illud
861 3983 1038 4052 ipsum
1085 3984 1499 4052 composuerint
1542 3983 1883 4052 Symbolum,
1919 3986 2069 4038 velut
2108 4001 2270 4055 regu-

690 4074 794 4127 lam
834 4083 888 4128 et
928 4074 1165 4128 indicem
1193 4075 1510 4129 orthodoxae
1542 4075 1686 4128 circa
1711 4075 1878 4128 Deum
1921 4082 1978 4129 et
2026 4076 2271 4132 divinam

691 4167 1019 4222 Trinitatem
1055 4167 1342 4221 doctrinae.
1370 4167 1562 4236 Neque
1590 4166 1848 4222 dixerunt
1880 4183 1938 4223 se
1960 4169 2186 4224 credere
2217 4169 2274 4224 in

690 4272 852 4308 unum
882 4255 1107 4325 (neutro
1141 4258 1387 4325 genere),
1437 4256 1532 4310 sed
1558 4257 1751 4310 ambos
1791 4259 2092 4312 masculine
2131 4259 2270 4314 desi-

689 4357 1036 4416 gnaverunt,
1073 4349 1456 4418 exprimendo,
1495 4364 1620 4402 cum
1665 4363 1854 4404 vocem
1880 4365 2172 4406 numerum
2197 4353 2276 4406 si-

691 4439 1064 4508 gnificantem,
1095 4441 1306 4495 scilicet
1352 4457 1537 4503 unum,
1586 4452 1700 4494 tum
1729 4458 1929 4496 nomen
1965 4444 2277 4498 absolutum

2367 1971 2867 2040 συναμαρτήμονας
2897 1972 2946 2023 οἱ
2975 1972 3468 2042 κατηγορούμενοι·
3499 1973 3658 2026 τοῦτο
3681 1973 3783 2042 μὲν
3808 1975 3958 2043 ἀφεί-

2367 2064 2478 2117 σοω
2528 2065 2655 2133 ὑμῖν
2683 2079 2696 2092 °
2756 2063 2850 2115 καὶ
2906 2065 3035 2132 περὶ
3064 2063 3228 2117 τῶνδε
3259 2064 3324 2134 δὴ
3365 2063 3490 2117 τάδε
3519 2064 3701 2133 λέγειν
3735 2066 3958 2136 ἔχοιμεν

2367 2154 2501 2226 πρὸς
2533 2156 2676 2222 ὑμᾶς
2711 2154 2806 2207 καὶ
2835 2153 2930 2208 νῦν
2956 2170 2968 2182 ·
3021 2154 3098 2217 ὡς
3127 2154 3188 2206 οὑ
3221 2155 3380 2224 μόνον
3411 2156 3584 2228 ταύτῃ
3610 2158 3676 2226 τῇ
3708 2157 3806 2209 τοῦ
3835 2157 3959 2228 ἀρι-

2366 2244 2394 2296 0
2403 2243 2504 2312 μοῦ
2527 2247 2834 2314 σημαντικῇ
2859 2245 3396 2316 προσαγορευόμενον
3414 2263 3478 2316 ση
3489 2247 3660 2318 μασία
3677 2247 3768 2300 τὸν
3782 2247 3961 2316 Λόγον

2365 2333 2673 2405 ἀρρενικῶς
2727 2334 2822 2386 ἕνα
2864 2334 3168 2403 φάσκοντες
3201 2335 3302 2406 τῆς
3333 2325 3494 2402 ἁγίας
3521 2338 3789 2407 Τριάδος,
3825 2339 3961 2392 Θεόν

2368 2443 2570 2495 φαμεν,
2597 2425 2734 2478 ἀλλὰ
2761 2426 2856 2478 καὶ
2883 2426 3046 2479 αὑτὸν
3072 2426 3295 2498 Πατέρα
3323 2429 3416 2480 καὶ
3445 2428 3505 2480 τὸ
3528 2427 3687 2496 ἅγιον
3704 2429 3959 2499 Πνεῐμα,

2367 2518 2499 2570 Θεὸν
2548 2517 2858 2590 ἀρρενικῶς
2902 2517 3167 2588 λέγομεν·
3227 2521 3321 2573 καὶ
3371 2522 3433 2572 οὑ
3480 2521 3572 2574 διὰ
3605 2521 3765 2574 τοῦτο
3809 2525 3963 2589 τρεῖς

2369 2610 2526 2671 Θεοῦς
2571 2613 2731 2679 ἡμεῖς
2760 2609 2934 2662 ταῦτα
2963 2611 3221 2680 οἰόμεθα.
3251 2613 3384 2665 Οὐδὲ
3408 2613 3517 2684 γὰρ
3547 2616 3595 2667 οἱ
3619 2615 3760 2667 ὅσιοι
3785 2614 3965 2667 Πατέ-

2372 2719 2462 2773 ρες
2491 2703 2649 2772 ἡμῶν
2681 2699 2806 2778 οὔτε
2838 2703 2871 2772 ἡ
2903 2702 3035 2770 ἁγία
3067 2703 3284 2774 Γραφὴ.
3321 2704 3468 2758 ἔστιν
3497 2707 3607 2774 ὅπη
3636 2706 3817 2767 οὕτως
3842 2704 3965 2758 δια-

2368 2795 2621 2864 λέγεσθαι
2652 2794 2783 2866 περὶ
2811 2795 2929 2859 ἑνὸς
2959 2796 3192 2849 ἑκάστου
3221 2797 3330 2850 τῶν
3359 2798 3528 2867 τριῶν
3557 2799 3655 2868 τῆς
3679 2797 3837 2860 θείας
3859 2796 3968 2867 φύς

2371 2905 2507 2950 σεως
2539 2886 2850 2957 προσώπων
2883 2887 3308 2956 παρεφυλάξατο
3328 2901 3342 2914 ⁶
3380 2889 3476 2941 καὶ
3507 2889 3822 2960 ἀῤῥενικῶς
3850 2889 3967 2958 γὰρ

2370 2980 2459 3031 τὸν
2489 2980 2707 3048 Πατέρα
2739 2979 2835 3031 καὶ
2862 2978 2952 3030 τον
2987 2979 3112 3030 Υίδν
3142 2981 3200 3032 ἐν
3229 2979 3504 3042 πλείστοις
3535 2980 3836 3047 κέκληκανο
3872 2979 3968 3032 διὰ

2369 3069 2432 3121 τὸ
2461 3069 2521 3121 τὸ
2547 3069 2862 3122 παντέλειον
2885 3070 3117 3123 ἑκάστου
3149 3070 3402 3135 ὲνουσίως
3424 3087 3482 3124 τε
3506 3072 3651 3126 κατά
3672 3074 3734 3125 τὸ
3757 3074 3966 3135 κοινὸν,

2373 3163 2466 3215 καὶ
2495 3163 2875 3225 ὲνυποστάτως
2910 3163 3052 3216 κατά
3081 3163 3143 3216 τὸ
3172 3164 3337 3216 tam,
3358 3204 3372 3228 ,
3424 3165 3523 3232 τὴν
3553 3165 3725 3232 αὑτὴν
3759 3167 3820 3217 ὲν
3849 3167 3970 3226 τοῖς

2365 3251 2512 3320 τρισὶ
2563 3252 2852 3322 γνωρίζειν
2903 3254 3074 3306 ama:
3119 3255 3436 3324 τελειότητα
3473 3255 3727 3318 θεότητός
3761 3273 3821 3306 τε
3867 3256 3974 3308 καὶ

2368 3343 2690 3410 κυριότητος
2707 3359 2720 3371 ο
2753 3339 2898 3394 οὕτω
2924 3343 3034 3411 γάρ
3060 3359 3192 3412 φησι
3224 3345 3256 3412 ἡ
3279 3343 3661 3406 οεοσὺλλεκτος
3689 3345 3975 3414 ὁμήγυρις

2369 3436 2467 3502 τῆς
2527 3434 2584 3484 ὲν
2635 3431 2838 3500 Νικαίᾳ
2900 3433 3159 3498 συνόδου,
3217 3434 3497 3487 πιστεύειν
3550 3436 3630 3498 είς
3681 3436 3778 3487 ’ἑνα
3827 3436 3978 3487 Θεὸν

2371 3525 2591 3594 Πατέρα
2640 3525 3062 3595 Παντοκράτορα
3083 3566 3098 3587 ,
3147 3527 3240 3578 καὶ
3275 3527 3355 3589 εις
3384 3526 3480 3579 ἕνα
3514 3527 3722 3597 Κύριον
3754 3527 3978 3595 Ἰησοῦν

2370 3615 2635 3686 Χριστόνο
2702 3615 2885 3669 καίτοι
2943 3618 3044 3678 τὰς
3106 3617 3436 3681 ὑποστάσεις
3472 3620 3565 3670 καὶ
3597 3618 3666 3670 τὰ
3702 3618 3981 3687 πρόσωπα

2373 3706 2625 3776 θηλυκῶς
2660 3725 2718 3759 τε
2759 3709 2857 3760 καὶ
2889 3708 3190 3778 οὐδετέρως
3241 3710 3494 3776 λέγοντες
3529 3710 3614 3760 ἀεί
3637 3725 3651 3738 °
3709 3709 3802 3760 καὶ
3837 3710 3980 3775 περὶ

2372 3799 2579 3852 τούτων
2615 3801 2746 3852 αὐτὸ
2775 3800 2839 3870 δὴ
2885 3803 2978 3853 καὶ
3013 3799 3172 3853 τοῦτο
3203 3801 3545 3870 ἐκτιθέμενοι
3580 3801 3641 3852 τὸ
3669 3800 3976 3869 σύμϐολον,

2375 3891 2580 3943 κανόνα
2615 3892 2737 3942 τινὰ
2792 3891 2885 3944 καὶ
2933 3891 3189 3961 γνώμονα
3236 3892 3336 3961 τῆς
3383 3891 3511 3962 περὶ
3557 3891 3694 3943 Θεοῦ
3740 3893 3836 3944 καὶ
3872 3893 3982 3959 τῆς

2375 3984 2434 4034 ὲν
2464 3985 2529 4052 τῇ
2558 3981 2898 4052 Οεία’Τριάδι
2929 3983 3242 4052 ὀρθοδοξίας
3265 3999 3277 4012 ’
3327 3982 3450 4036 οὔτε
3487 3985 3566 4045 εἰς
3597 3984 3654 4035 ἒν
3690 3983 3983 4034 πιστεύειν

2376 4076 2716 4143 εἰρήκεισαν,
2749 4074 2863 4126 ἀλλ’
2894 4075 3063 4144 ἄμφω
3090 4075 3393 4145 ἀρρενικῶς
3422 4074 3718 4143 ἐκήρυξαν,
3745 4073 3898 4126 κατά
3917 4092 3983 4126 τε

2376 4166 2437 4218 τὸ
2489 4166 2726 4236 ἀριθμοῦ
2781 4167 3117 4236 σημαντικόν
3163 4167 3377 4234 ὄνομα,
3436 4169 3605 4236 ἡγουν
3637 4168 3696 4218 τὺ
3724 4167 3823 4218 ἓν·
3879 4169 3984 4220 καὶ

2378 4257 2521 4308 κατά
2571 4259 2629 4309 τὸ
2675 4257 3079 4327 ἀπολελυμένον
3129 4259 3224 4311 καὶ
3272 4259 3471 4323 ἱδικὸν,
3507 4260 3673 4329 ἦγουν
3710 4257 3847 4309 Θεὸν
3883 4260 3986 4309 καὶ

2380 4347 2616 4416 Κύριον·
2679 4346 2746 4399 τὰ
2792 4347 2846 4399 δὲ
2895 4347 3016 4418 ἱερὰ
3049 4350 3251 4415 Λόγια,
3289 4348 3382 4400 δύο
3412 4365 3470 4400 τε
3506 4349 3813 4418 ἀρρενικῶς
3839 4365 3985 4416 φησι

2380 4438 2640 4499 πολλάκις
2692 4439 2785 4490 καὶ
2834 4440 2962 4506 περὶ
3005 4437 3063 4488 ἓν
3097 4441 3331 4506 πρᾶγμα
3364 4439 3466 4506 τὴν
3497 4439 3782 4506 ἐνέργειαν
3815 4455 3986 4506 μερι-

689 4538 747 4584 et
776 4532 1062 4585 relativum
1085 4574 1098 4597 ,
1147 4533 1364 4589 scilicet
1417 4533 1581 4585 Deum
1612 4543 1668 4586 et
1703 4533 2002 4587 Dominum.
2040 4565 2110 4574 —-—
2140 4535 2268 4589 item

2383 4529 2645 4597 ζομένους
2667 4547 2679 4559 ·
2724 4531 2817 4582 καὶ
2859 4532 3033 4598 ὅμως,
3071 4531 3171 4582 οὑκ
3203 4530 3515 4596 ἀναγκαίως
3547 4527 3734 4580 τοῦτον
3763 4529 3986 4595 εἰσάγει

691 4623 975 4692 Scriptura
998 4635 1152 4678 sacra
1188 4626 1326 4678 duos
1360 4613 2278 4695 masculineinducits'epesmpius,

693 4715 750 4768 in
783 4731 950 4768 unum
973 4731 1112 4784 opus
1139 4728 1541 4784 cooperantes;
1579 4733 1681 4770 nec
1728 4727 1909 4771 tamen
1941 4719 2280 4783 necessario,

688 4807 842 4876 juxta
895 4822 1029 4871 vos,
1087 4807 1154 4860 ad
1194 4808 1646 4876 polytlieismum,
1691 4819 1948 4877 tanquam
1995 4810 2060 4863 ad
2115 4825 2278 4863 suum

693 4897 990 4951 terminum
1051 4908 1330 4968 spectant.
1406 4900 1656 4968 Exempli
1726 4902 1940 4970 gratia,
2012 4902 2276 4971 legitur:

703 5009 720 5040 ‹
757 4990 903 5044 Pluit
958 4991 1220 5048 Dominus
1273 4993 1454 5063 ignem
1509 5009 1541 5048 a
1585 4993 1724 5047 facie
1777 4994 1991 5047 Domini
2019 5005 2066 5046 ι’.
2112 5015 2129 5045 ι
2167 4995 2279 5048 Et:

699 5101 718 5132 ι
751 5082 897 5135 Dixit
941 5083 1203 5139 Dominus
1258 5087 1488 5140 Domino
1537 5101 1660 5140 meo
1679 5097 1727 5140 ει.
1769 5105 1788 5138 ›
1834 5087 1938 5140 Et:
1976 5105 1993 5135 ι
2032 5086 2197 5141 Unxit
2233 5096 2282 5141 te
2321 5135 2324 5139 .

695 5172 862 5231 Deus,
898 5171 1041 5226 Deus
1072 5182 1198 5226 tuus
1234 5183 1278 5226 τ.
1317 5192 1333 5223 ι
1368 5175 1432 5228 Et
1464 5176 1557 5228 alii
1592 5183 1798 5242 textus,
1825 5192 2062 5245 quorum
2097 5179 2285 5232 nullus

695 5273 810 5317 tres
825 5278 946 5316 esse
975 5263 1334 5330 deosasserit,
1363 5267 1446 5319 vel
1477 5276 1639 5337 negat
1669 5285 1834 5322 unam
1864 5285 1986 5323 esse
2018 5270 2073 5322 in
2105 5271 2284 5324 tribus

694 5355 1041 5410 divinitatem
1077 5365 1132 5409 et
1171 5360 1496 5426 potentiam.
1544 5359 1688 5412 Alibi
1731 5361 1880 5413 enim
1912 5361 2122 5414 dictum
2145 5371 2228 5415 est
2263 5381 2276 5416 :

697 5447 962 5502 Dominus
1028 5447 1171 5503 Deus
1217 5457 1343 5505 tuus
1393 5453 1656 5507 Dominus
1728 5471 1875 5509 unus
1903 5464 2006 5510 est.
2072 5475 2089 5506 ι
2171 5457 2283 5510 Et:

695 5537 954 5605 Sanctus,
979 5549 1218 5606 sanctus,
1252 5553 1473 5598 sanctus
1499 5545 1763 5600 Dominus
1777 5548 1921 5601 Deus
1942 5547 2183 5602 Sabaoth
2207 5551 2280 5603 ι.»

699 5629 767 5683 Et
796 5630 999 5685 similia
1028 5646 1058 5684 a
1086 5631 1291 5702 Spiritu
1317 5643 1509 5690 sancto
1573 5633 1857 5705 inspirata.
1911 5637 2054 5691 Num
2121 5639 2288 5709 igitur

701 5722 946 5788 Oportuit
988 5721 1254 5791 Spiritum
1285 5737 1536 5781 sanctqu
1571 5727 1760 5785 dicere
1845 5746 2012 5799 unum
2057 5731 2139 5783 vel
2180 5748 2288 5785 una

772 5851 802 5893 Ι)
830 5841 969 5899 Gen.
1000 5848 1234 5912 “1,31.
1305 5851 1490 5907 lPsaI.
1522 5867 1624 5918 Clx,
1662 5843 1740 5907 Ι.’
1798 5861 1819 5891 τ
1859 5853 2000 5908 Psal.
2040 5871 2182 5922 κων,
2211 5855 2260 5908 8.

2385 4621 2506 4672 καθ’
2532 4622 2675 4688 ὑμᾶς
2703 4621 2791 4672 τὸν
2819 4623 3020 4673 σκοπὸν
3048 4622 3145 4690 τῆς
3171 4621 3484 4682 πολυοεῖας·
3515 4621 3592 4690 ὡς
3613 4620 3987 4687 τὸ,ιἘ6ρεξε

2384 4711 2590 4781 Κύριος
2645 4713 2754 4786 πῦρ
2805 4715 2956 4782 παρά
3007 4713 3250 4782 Κυρίοψ
3282 4734 3299 4762 ι
3343 4715 3470 4775 καὶ,
3513 4731 3532 4763 ‹
3571 4707 3738 4764 Εἶπεν
3772 4712 3989 4780 Κύριος

2382 4804 2460 4874 τῷ
2510 4805 2698 4876 Κυρίῳ
2752 4821 2885 4872 μου·
2923 4824 2940 4854 ι
2999 4806 3114 4868 καὶ,
3159 4823 3176 4854 ε
3209 4806 3435 4875 Ἔκρισέ
3467 4822 3523 4857 σε
3554 4808 3582 4858 ὁ
3605 4805 3763 4866 Θεὸς,
3794 4805 3823 4856 ὁ
3846 4805 3990 4864 Θεός

2381 4915 2529 4950 σου’›
2571 4900 2662 4950 καὶ
2695 4897 2856 4966 ἕτερα
2885 4898 3136 4962 πλεῖστα,
3169 4890 3244 4950 ὧν
3271 4899 3425 4950 οὐδὲν
3458 4902 3604 4968 τρεῖς
3637 4895 3778 4950 εἶναι
3823 4898 3992 4959 θεους

2388 4989 2612 5052 ἔδειξεν.
2667 4989 2738 5040 Ἢ
2786 4990 2965 5041 ἀνεῖλε
3014 4989 3077 5042 τὸ
3125 4990 3254 5058 μίαν
3287 4986 3426 5041 εἶναι
3470 4991 3569 5060 τὴν
3603 4992 3659 5041 ἐν
3689 4992 3806 5053 τοῖς
3833 4991 3994 5058 τρισὶ

2389 5079 2620 5148 θεότητα
2651 5081 2746 5132 καὶ
2776 5079 3075 5148 κυριότητα
3099 5097 3112 5110 ·
3167 5082 3262 5132 καὶ
3290 5082 3399 5148 γὰρ
3431 5081 3697 5150 ἀλλαχόσε
3729 5081 3992 5150 εἴρηται·

2395 5192 2412 5223 ι
2451 5173 2650 5241 Κύριος
2684 5174 2712 5223 ὁ
2738 5172 2870 5235 Θεὸς
2902 5190 2994 5225 σου
3033 5173 3232 5243 Κύριος
3261 5170 3340 5236 εἷς
3370 5178 3510 5227 ἐστι·
3533 5194 3550 5225 ι
3587 5175 3738 5237 καὶ,‹
3770 5176 3995 5241 ’Δγιος,

2392 5267 2587 5333 ἀγιος,
2641 5265 2796 5332 ἅγιος
2846 5265 3048 5336 Κύριος
3099 5267 3366 5319 Σαϐαώο-
3402 5286 3418 5316 ι
3483 5266 3578 5318 καὶ
3635 5266 3704 5318 τὰ
3755 5267 3996 5319 τοιαῦτα

2381 5362 2446 5411 ἐκ
2478 5359 2572 5410 τοῦ
2621 5360 2776 5427 ἁγίου
2808 5359 2975 5411 αὑτοῦ
3008 5359 3344 5428 Πνεὺματος.
3381 5361 3470 5429 Μή
3501 5377 3553 5412 τι
3579 5359 3673 5413 οὖν
3701 5361 3834 5429 μίαν
3856 5364 3891 5427 ἦ
3914 5362 3992 5421 ἐν,

2387 5454 2420 5520 ἢ
2457 5451 2641 5517 ἁγίαν,
2680 5450 2712 5519 ἢ
2745 5452 2962 5521 κυρίαν,
2997 5452 3028 5520 ἦ
3066 5452 3220 5504 θείαν
3246 5453 3421 5504 εἰπεῖν
3448 5451 3770 5521 ἀναγκαίως
3798 5452 3997 5521 ἐδέησε

2388 5542 2467 5610 τῷ
2497 5541 2798 5611 Πνεὺματι,
2836 5543 2922 5595 ἴνα
2959 5543 3033 5612 μὴ
3065 5546 3177 5605 τοῖς
3210 5545 3340 5613 παρ’
3369 5545 3524 5612 ὑμῶν
3554 5544 3993 5613 ἐγκαλουμένοις

2398 5635 2736 5703 εὑθὺνηται;
2792 5634 2910 5697 πῶς
2957 5635 3011 5687 δὲ
3044 5635 3154 5706 ἄρα
3203 5637 3361 5706 ὑμεῖς
3393 5636 3548 5689 αὐτοὶ
3581 5637 3670 5688 τὸν
3699 5636 3929 5704 Πατέρα
3963 5637 3994 5703 ἦ

2398 5733 2489 5785 τὸν
2525 5730 2650 5782 Υἱὺν
2705 5730 2737 5798 ἢ
2787 5729 2847 5783 τὸ
2877 5729 3101 5799 Πνεῦμα
3134 5729 3194 5782 τὸ
3224 5729 3380 5797 ἅγιον
3412 5729 3893 5801 προσαγορεύετε.
3941 5731 3996 5781 tLi

2345 5857 2360 5891 ⁸
2398 5851 2500 5906 lsa.
2540 5869 2611 5915 γι,
2648 5851 2724 5908 3..
