4194 6446
688 471 826 538 1763

1977 456 2293 522 LEONTII
2331 455 2738 517 BYZANTINl

3824 450 3961 518 1764

681 601 903 658 semper
944 584 1312 650 arbitremur;
1340 600 1407 639 ex
1439 583 1628 638 verbis
1667 590 1849 636 autem
1896 577 2177 648 praedictis
2211 575 2262 629 id

2388 574 2477 632 lw;
2521 569 2577 622 δὲ
2621 567 2807 620 τοῦτον
2845 565 3133 634 ψιλοῦσθαί
3165 583 3221 619 τε
3260 566 3697 630 xalé).xo-3:51:,
3739 572 3836 622 καὶ
3870 571 3964 623 δά-

681 695 854 734 nnum
881 687 1050 750 patet,
1079 693 1276 746 nempe
1301 692 1409 730 non
1445 691 1544 746 per
1570 673 1813 744 gladium
1840 671 2007 733 forte,
2038 685 2139 723 nec
2170 683 2266 736 per

680 772 942 842 lapidem,
967 770 1060 825 sed
1092 784 1190 838 per
1222 771 1447 822 carnem
1487 776 1666 821 totum
1717 773 1930 819 sectum
1960 776 2083 815 esse
2112 759 2268 813 illum

680 868 987 928 hominem,
1046 863 1336 932 animaque
1393 870 1449 916 et
1494 876 1728 930 corpore
1777 859 2119 926 discerptum
2168 868 2268 922 per

682 957 818 1012 illud
843 957 1000 1026 quasi
1033 955 1316 1010 dissecans
1341 952 1795 1006 instrumentum.
1826 948 2088 1012 Proinde,
2121 946 2271 999 hunc

680 1032 1255 1108 hominem'tondcri,
1308 1044 1546 1112 discerpi
1586 1052 1640 1096 ct
1672 1040 1906 1096 lacerari
1958 1039 2268 1100 audientes,

681 1140 950 1210 putabitis
980 1139 1126 1192 istud
1160 1137 1241 1192 illi
1287 1137 1498 1190 homini
1532 1137 1585 1188 in
1616 1145 1849 1203 utraque
1891 1131 2067 1201 ipsius
2093 1136 2268 1198 parte,

683 1233 737 1287 id
769 1242 873 1297 est,
906 1243 1021 1287 tum
1059 1232 1113 1284 in
1146 1245 1399 1298 corpore,
1433 1237 1549 1281 tum
1585 1226 1644 1281 in
1675 1227 1860 1281 anima
1888 1225 2184 1288 accidisse,
2215 1230 2272 1276 et

682 1324 905 1393 quidem
948 1339 1040 1392 per
1062 1334 1276 1376 carnem
1299 1320 1453 1389 quasi
1484 1321 1593 1373 vim
1623 1318 1926 1371 tonsoriam
1951 1315 2269 1370 habentem.

682 1417 957 1470 Prwterea
987 1413 1054 1466 de
1083 1414 1150 1466 iis
1182 1413 1298 1481 qui,
1335 1413 1466 1466 licet
1491 1428 1519 1464 a
1541 1411 1789 1465 cruciatu
1828 1409 1992 1463 liberi
2015 1417 2268 1476 respectu

683 1507 886 1568 carnis,
918 1504 1125 1573 aliquid
1161 1513 1341 1558 tamen
1367 1505 1672 1573 patiuntur,
1705 1503 1747 1556 si
1783 1501 2101 1555 diceremus
2125 1499 2274 1551 hunc

684 1599 768 1652 vel
813 1597 964 1650 illum
986 1597 1379 1666 impassibilcm
1410 1597 1737 1650 remansisse
1768 1611 1931 1650 carne
1957 1595 2084 1661 (hoc
2108 1592 2275 1662 signi-

682 1690 883 1743 ﬁcante
919 1693 1014 1756 per
1043 1689 1306 1755 carnem),
1337 1687 1593 1741 similiter
1624 1687 1730 1740 dici
1756 1688 1912 1756 juxta
1942 1701 2040 1739 vos
2071 1685 2276 1754 poterit

683 1780 1041 1850 impassibilis
1079 1789 1333 1849 respectu
1368 1778 1564 1832 animae
1585 1795 1678 1849 per
1703 1795 1922 1832 carnem
1959 1794 1976 1832 :
2011 1777 2090 1831 illi
2124 1777 2274 1831 enim

682 1881 810 1941 post
833 1886 1055 1925 carnem
1083 1871 1220 1924 nihil
1252 1870 1404 1923 aliud
1437 1885 1604 1938 quam
1641 1870 1822 1922 anima
1863 1875 2136 1938 superest.
2165 1868 2273 1920 Ista

685 1965 910 2034 quidem
949 1965 1139 2032 ecquis
1169 1963 1371 2016 Stultus
1420 1977 1531 2016 non
1576 1961 1948 2032 intelligeret?
1973 1957 2116 2031 Ergo
2153 1959 2272 2013 evi-

686 2055 885 2108 denter
917 2055 1070 2124 pate't
1099 2067 1292 2107 vocem
1325 2068 1488 2105 carne
1513 2069 1623 2106 non
1652 2067 1755 2122 pro
1782 2053 2152 2105 instrumento
2174 2049 2270 2103 do-

684 2145 898 2201 ioritico
945 2144 1077 2209 dici,
1121 2159 1225 2199 nec
1278 2146 1376 2214 pro
1423 2152 1578 2212 parte
1636 2143 1732 2196 Dei
1773 2141 1938 2196 Verbi
1984 2141 2038 2194 in
2091 2141 2277 2210 seipso

685 2235 1044 2301 considerati,
1069 2233 1526 2306 .quandodicitur
1555 2249 1569 2284 :
1595 2231 1841 2288 Verbum
1877 2231 2127 2285 divinum
2154 2246 2279 2300 pas-

686 2346 811 2387 sum
846 2338 931 2384 est
965 2343 1164 2393 carne;
1190 2328 1336 2382 sicut
1366 2327 1602 2381 dicimus
1633 2343 1646 2379 :
1673 2325 1774 2380 llic
1805 2326 1894 2379 vel
1927 2325 2020 2378 ille
2054 2323 2280 2394 impegit

687 2424 840 2493 pede,
877 2422 961 2476 vel
992 2434 1295 2490 suspensus
1329 2427 1413 2473 est
1433 2434 1617 2472 nianu.
1652 2416 1909 2470 Dicentcs
1933 2415 2082 2470 enim
2105 2415 2276 2470 Deum

691 2512 954 2575 Verbum,
976 2510 1259 2565 Christum
1289 2522 1507 2577 semper
1542 2505 1959 2561 consideramus
1988 2505 2043 2559 in
2075 2505 2280 2561 unione

687 2613 1031 2667 naturarum,
1081 2610 1137 2656 et
1184 2611 1444 2671 tanquam
1494 2606 1708 2668 partem
1757 2597 1964 2652 Christi
2009 2597 2282 2652 habemus

689 2707 915 2746 carnem
959 2707 1066 2761 qua
1095 2705 1315 2760 passum
1361 2704 1483 2744 esse
1522 2690 1692 2743 Deum
1736 2688 1978 2742 Verbum
2009 2699 2284 2757 quatenus

688 2781 972 2837 Christum
1003 2783 1239 2836 dicimus
1272 2801 1285 2836 :
1319 2782 1464 2837 sicut
1489 2789 1544 2836 et
1573 2781 1856 2836 hominem
1891 2782 2048 2850 quasi
2081 2780 2283 2834 dividi-

690 2888 834 2936 mus,
871 2872 1108 2926 dicendo
1132 2872 1360 2927 Paulum
1391 2869 1670 2925 inﬁrmum
1693 2871 1918 2942 quidem
1939 2887 2064 2926 esse
2091 2887 2280 2938 carne,

691 2962 887 3032 spiritu
918 2973 1101 3016 autem
1133 2977 1351 3025 sanum,
1379 2969 1437 3016 et
1469 2976 1634 3016 carne
1667 2976 1698 3015 a
1718 2961 2050 3031 quibusdam
2086 2963 2284 3017 absen-

691 3060 822 3117 tem,
882 3053 1082 3122 spiritu
1126 3067 1257 3106 vero
1308 3053 1363 3105 in
1392 3052 1460 3106 iis
1512 3055 1864 3122 praesentem.
1905 3049 1972 3106 ln
2003 3068 2071 3109 eo
2115 3053 2285 3123 igitur

691 3160 857 3200 sensu
885 3145 1104 3201 Judzcos
1147 3159 1269 3198 esse
1324 3143 1570 3198 deicidas
1621 3143 2044 3213 intelligendum
2087 3151 2192 3209 est,
2229 3153 2286 3199 et

691 3239 799 3293 alia
834 3239 1056 3302 similia,
1103 3237 1252 3309 quod
1284 3235 1540 3290 Christus
1587 3236 1660 3290 sit
1707 3234 1855 3290 Deus
1910 3245 1967 3290 et
2017 3237 2282 3291 Verbum.

2369 660 2594 715 κνεσθαι
2648 659 2812 729 σαρκὶ
2860 658 3194 721 ἀκούσαντες
3221 697 3235 719 ,
3297 658 3590 729 ἄνθρωπον
3630 661 3754 713 κατ’
3795 663 3968 730 ἇμςω

2371 751 2624 821 νομίσετε
2653 792 2666 816 ,
2723 753 2889 819 ἦγουν
2944 748 3088 800 κατὰ
3129 748 3310 818 ψυχήν
3353 766 3412 801 τε
3463 750 3558 802 καὶ
3597 749 3759 818 σῶμα
3793 750 3968 802 ταῦτα

2377 843 2787 914 συμϐεϐηκέναι
2818 840 2896 910 τῷ
2919 839 3223 909 ἀνθρώπῳ,
3261 840 3396 892 ἀλλὰ
3425 839 3524 893 διὰ
3553 841 3786 908 σαρκὸς
3815 841 3970 910 ψιλό-

2373 937 2504 1008 θρου
2562 935 2795 1004 δύναμιν
2847 934 3111 1004 ὲχούσης’
3175 931 3255 984 ἔτι
3308 930 3417 1002 μὴν
3463 930 3556 983 ἐπὶ
3600 933 3711 984 τῶν
3742 930 3968 984 ἐλευθε-

2377 1033 2655 1102 ρουμένων
2704 1032 2767 1082 ἐκ
2817 1029 3053 1097 βασάνου
3088 1026 3186 1097 τὴν
3222 1025 3402 1095 σάρκα
3445 1024 3543 1076 καὶ
3575 1024 3864 1077 παθόντων
3902 1041 3970 1080 τι.

2372 1126 2422 1177 εἰ
2470 1124 2728 1193 λέγοιμεν
2779 1121 2860 1173 ὅτι
2909 1122 2937 1172 6
2983 1121 3132 1172 δεῖνα
3181 1118 3398 1187 ἀπαθὴς
3441 1116 3624 1185 ἔμεινε
3669 1115 3842 1185 σαρκὶ
3874 1114 3973 1167 διὰ

2373 1214 2624 1283 σαρκὸς,
2662 1214 2755 1266 καὶ
2807 1211 2962 1266 τοῦδε
2992 1211 3235 1272 δοθέντος
3259 1252 3273 1275 ,
3312 1209 3515 1278 ὁμοίως
3547 1208 3809 1274 λέγεσθαι
3845 1206 3970 1259 καθ’

2375 1307 2518 1377 ὑμᾶς
2549 1306 2702 1358 ἔσται
2721 1306 2817 1374 τὴν
2844 1304 3024 1374 ψυχὴν
3049 1301 3138 1355 διὰ
3168 1303 3264 1369 τῆς
3291 1297 3780 1367 σαρκόςάπαθὴς’
3816 1297 3972 1349 οὐδὲν

2375 1400 2484 1468 γὰρ
2516 1396 2664 1466 αὐτῷ
2704 1398 2842 1467 μετὰ
2870 1384 2970 1462 τὴν
2999 1395 3175 1464 σάρκα
3200 1393 3388 1464 ἕτερον
3417 1392 3802 1444 ὑπολείπεται·
3845 1390 3970 1442 τσῦ-

2374 1507 2483 1543 των
2535 1490 2591 1542 δὲ
2645 1491 2798 1552 ποῖος
2845 1489 3037 1559 ἄφρων
3084 1485 3525 1554 ἀνεπαίσθητοςις
3563 1483 3778 1537 Οὐκοῦν
3815 1483 3976 1552 δῆλον

2376 1582 2451 1646 ὼς
2477 1582 2539 1634 τὸ
2562 1582 2764 1650 σαρκὶ,
2803 1579 2926 1634 οὕτε
2955 1581 3029 1644 ὡς
3056 1581 3120 1633 δι’
3147 1579 3381 1649 ὀργάνου
3409 1577 3711 1629 παθοποιοῦ
3731 1578 3973 1645 εἴρηται·

2379 1673 2503 1727 οὗτε
2538 1674 2646 1743 μὴν
2679 1671 2754 1735 ὡς
2783 1675 2950 1742 μέρος
2978 1671 3146 1741 οὔσης
3177 1670 3273 1723 τοῦ
3302 1670 3438 1722 εεοῦ
3466 1670 3641 1737 Λόγου
3670 1669 3976 1722 καθἀὑτὶν

2381 1765 2673 1834 νοουμένου
2696 1767 2753 1818 ὲν
2765 1763 2845 1834 τῷ
2865 1763 3139 1834 λέγεσθαι,
3161 1763 3217 1816 '0
3237 1761 3372 1826 Θεὸς
3395 1763 3566 1829 Λόγος
3591 1760 3763 1814 ἔπαθε
3784 1761 3972 1830 capita"

2380 1855 2568 1926 ὥσπερ
2608 1858 2789 1927 φαμὲν
2837 1858 2919 1909 ὅτι
2967 1859 2996 1910 6
3036 1856 3182 1910 δεῖνα
3223 1855 3598 1924 προσέπταισε
3628 1854 3708 1924 τῷ
3736 1853 3902 1915 ποδὶ,
3940 1853 3971 1921 ἢ

2377 1948 2696 2018 ἐκρεμάσθη
2725 1951 2793 2020 τῇ
2823 1948 2997 2018 χειρί.
3031 1948 3141 2001 Καὶ
3168 1945 3423 2016 λέγοντες
3449 1945 3557 2016 γὰρ
3587 1946 3678 1997 τὸν
3707 1943 3846 1996 Θεὸν
3874 1943 3974 1996 Λό-

2377 2055 2504 2108 γον,
2553 2039 2791 2109 Χριστὸν
2822 2038 3054 2109 νοοῦμεν
3089 2038 3230 2107 μετὰ
3258 2036 3358 2106 τὴν
3387 2037 3585 2090 ἕνωσιν
3613 2035 3724 2088 τῶν
3755 2034 3974 2102 φύσεων

2377 2128 2481 2182 ἀεί·
2520 2114 2615 2183 καὶ
2646 2129 2721 2192 ὡς
2747 2129 2986 2200 Χριστοῦ
3022 2129 3186 2200 μέρος
3213 2129 3396 2198 φαμὲν
3421 2129 3522 2197 τὴν
3548 2128 3733 2197 σάρκα
3759 2123 3888 2178 καθ’
3911 2127 3975 2194 ἦν

2381 2220 2571 2274 παθεῖν
2605 2219 2700 2274 καὶ
2727 2220 2818 2272 τὸν
2845 2220 2979 2274 Θεὸν
3002 2221 3177 2287 Λόγον
3204 2219 3280 2282 ὡς
3308 2218 3543 2290 Χριστὸν
3568 2217 3826 2286 λέγομεν
3866 2214 3974 2268 ὥσ-

2381 2327 2486 2380 περ
2521 2310 2617 2363 καὶ
2665 2297 2759 2363 ἐπὶ
2787 2296 3112 2382 ἀνθρώπου,
3153 2311 3231 2374 ὡς
3262 2311 3326 2363 ὲκ
3356 2310 3556 2380 μέρους
3590 2306 3776 2378 φαμὲν
3810 2306 3978 2360 ἀσθε-

2379 2404 2492 2454 νεῖν
2528 2402 2628 2472 μὲν
2661 2402 2860 2472 σαρκὶ,
2910 2401 3176 2470 ὑγιαίνειν
3206 2400 3263 2453 δὲ
3299 2399 3514 2453 Παῦλον
3546 2399 3622 2468 τῷ
3655 2398 3940 2466 πνεύματι
3960 2413 3974 2427 ο

2383 2493 2476 2546 καὶ
2525 2496 2591 2564 τῇ
2641 2494 2808 2564 σαρκὶ
2861 2495 2962 2564 μὲν
3011 2493 3229 2547 ἀπεῖναι
3256 2508 3437 2556 τινων,
3477 2492 3553 2562 τῷ
3591 2491 3647 2544 δὲ
3687 2491 3978 2560 πνεύματι

2385 2589 2481 2640 σὺν
2514 2587 2700 2649 αὐτοῖς
2728 2583 2869 2640 εἶναι
2892 2603 2907 2618 ο
2946 2586 3090 2640 οῦτω
3119 2585 3250 2654 γοῦν
3280 2585 3376 2639 καὶ
3403 2584 3724 2646 θεοκτόνους
3754 2585 3981 2652 νοητέον

2384 2680 2674 2743 Ἰουδαίους
2701 2720 2716 2745 ,
2777 2681 2873 2735 καὶ
2920 2681 2992 2734 τὰ
3041 2681 3236 2750 ὅμοια,
3299 2681 3372 2742 ὡς
3418 2677 3657 2748 Χριστοῦ
3689 2677 3848 2740 ὄντος
3885 2677 3980 2728 τοῦ

2383 2772 2520 2825 θεοῦ
2558 2772 2653 2826 καὶ
2679 2773 2875 2840 Λόγου.
2932 2771 3169 2843 Χριστοῦ
3197 2768 3291 2826 οὖν
3323 2772 3592 2833 παθόντος
3641 2772 3785 2841 ὑπὲρ
3819 2774 3982 2841 ἡμῶν

2387 2868 2552 2936 σαρκὶ
2576 2905 2592 2929 ,
2653 2867 2798 2919 κατὰ
2851 2866 2942 2919 τὸν
2989 2864 3290 2920 ἀπόστολον
3319 2865 3547 2933 Πέτρον,
3581 2863 3743 2932 δῆλον
3776 2863 3855 2924 ὡς
3888 2865 3983 2915 καὶ

2385 2963 2517 3026 Θεὸς
2563 2966 2591 3016 6
2633 2964 2838 3030 Λόγος·
2876 2964 2974 3035 οὐχ
3001 2963 3077 3027 ὡς
3105 2962 3166 3015 τὸ
3196 2963 3396 3034 μέρος,
3431 2961 3547 3015 ἀλλ’
3570 2960 3654 3023 ὡς
3686 2962 3714 3012 6
3743 2961 3786 3012 Χ
3797 2957 3984 3029 ριστὸς

2385 3055 2598 3122 λέγοιτο
2642 3056 2838 3108 παθεῖν
2859 3072 2872 3086 ·
2915 3056 3010 3108 καὶ
3041 3054 3150 3125 γὰρ
3196 3055 3322 3118 ὅλος
3354 3054 3475 3107 Ἰὼϐ
3507 3053 3727 3120 λέγεται
3759 3050 3982 3110 παθεῖν,

2385 3147 2484 3216 τῆς
2502 3149 2704 3218 σαρκὸς
2729 3149 2896 3202 αὐτοῦ
2915 3149 3084 3220 μόνης
3109 3147 3394 3217 παθούσης
3419 3163 3432 3176 ·
3460 3165 3478 3196 ι
3513 3148 3627 3213 Τῆς
3656 3144 3765 3212 γὰρ
3797 3141 3986 3211 ψυχῆς

2388 3241 2580 3307 αὑτοῦ,
2607 3259 2626 3292 ›
2656 3243 2791 3311 φησὶ
2819 3241 2899 3312 τῷ
2922 3241 3177 3313 διαϐόλῳ,
3217 3260 3237 3293 ‹
3265 3241 3341 3312 μὴ
3373 3239 3506 3310 ἅψῃ,
3535 3257 3552 3289 ι
3591 3240 3617 3290 6
3642 3235 3868 3305 Κύριος-

692 3334 881 3403 itaque
924 3346 1047 3387 cum
1077 3330 1335 3385 Christus
1388 3345 1488 3399 pro
1528 3328 1690 3382 nobis
1729 3344 1926 3398 passus
1973 3329 2044 3383 sit
2095 3345 2284 3394 carne,
2321 3334 2476 3402 juxta
2508 3334 2818 3402 apostolum
2869 3335 3095 3390 Petrum
3144 3347 3192 3400 ιι,
3252 3343 3405 3405 patet
3441 3331 3985 3388 Vcrbumdiviuum,

692 3437 804 3476 non
831 3429 1108 3491 quatenus
1133 3427 1341 3488 partem
1386 3419 1618 3484 Christi,
1665 3419 1761 3474 sed
1812 3429 2090 3489 quatenus
2121 3420 2429 3488 Christum,
2497 3425 2716 3480 dicatur
2745 3441 2868 3481 esse
2930 3443 3177 3496 passum.
3243 3428 3419 3481 Totus
3459 3425 3608 3479 enim
3638 3423 3743 3478 Job
3775 3421 3988 3476 dicitur

696 3527 890 3584 passus
915 3527 1058 3578 esse,
1092 3511 1221 3565 licet
1249 3511 1362 3565 sola
1401 3512 1520 3581 ejus
1550 3526 1678 3566 caro
1702 3527 1859 3581 passa
1889 3513 1982 3579 sit,
2007 3513 2135 3582 quia
2159 3515 2279 3586 ejus
2317 3517 2554 3571 animam
2586 3534 2654 3572 ne
2679 3518 2937 3577 diabolus
2961 3529 3213 3592 tangeret
3236 3529 3492 3575 vetuerat
3516 3518 3798 3572 Dominus.

1350 3624 1502 3680 CAP.
1545 3627 1636 3681 ΙΙΙ.

765 3720 867 3786 Qui
907 3719 1156 3774 dicerent
1183 3736 1195 3771 :
1239 3718 1437 3772 Passus
1465 3729 1538 3770 est
1561 3735 1747 3782 came,
1793 3735 1893 3789 pro
1925 3719 2012 3773 his
2041 3720 2228 3775 verbis
2261 3739 2274 3773 ι

695 3813 812 3868 Νοη
842 3814 896 3866 in
923 3813 1138 3882 propria
1171 3818 1392 3873 natura,
1419 3811 1522 3863 sibi
1542 3810 2006 3865 contradicerent.
2045 3812 2099 3867 Si
2131 3813 2280 3866 enim

696 3915 952 3960 naturam
1001 3905 1146 3959 illam
1199 3904 1253 3957 in
1309 3919 1416 3972 qua
1473 3919 1668 3973 passus
1701 3911 1786 3957 est
1839 3905 1986 3959 Deus
2037 3906 2282 3960 Verbum

694 3999 851 4069 juxta
878 4014 996 4062 eos,
1047 3996 1328 4067 propriam
1383 3996 1558 4065 ipsius
1609 4012 1730 4051 esse
1758 4007 1959 4068 negant
1995 3998 2085 4066 (ue
2129 3999 2284 4053 illum

697 4101 954 4160 respectu
1006 4101 1216 4144 natura:
1276 4089 1594 4159 passibilem
1656 4104 1777 4143 esse
1841 4090 2283 4160 confiteantur);

698 4183 847 4251 quod
885 4191 1068 4235 autem
1103 4198 1208 4234 non
1246 4190 1330 4236 est
1374 4182 1680 4251 proprium,
1711 4189 1795 4235 est
1819 4182 2090 4248 alienum;
2140 4181 2285 4252 quod

698 4282 883 4329 autem
913 4273 1179 4334 alienum,
1230 4272 1460 4326 alterius
1487 4281 1573 4326 est
1601 4288 1762 4342 quam
1803 4273 1954 4328 illius
1990 4275 2147 4344 cujus
2178 4289 2289 4327 non

698 4378 784 4423 est
813 4369 1102 4438 proprium
1132 4385 1146 4420 :
1179 4383 1312 4437 ergo
1339 4367 1418 4420 illi
1467 4382 1579 4420 non
1606 4366 1786 4421 solum
1819 4366 1959 4420 duas
1992 4366 2292 4420 admittunt

699 4471 953 4524 naturas,
987 4460 1080 4513 sed
1125 4467 1180 4512 et
1219 4458 1358 4512 duas
1403 4472 1690 4528 personas,
1743 4473 1943 4527 nempe
1985 4473 2150 4511 uuam
2199 4458 2292 4512 Dei

706 4553 892 4616 Verbi,
933 4561 988 4605 et
1012 4553 1239 4605 alteram
1267 4551 1418 4604 iilius
1438 4551 1594 4621 cujus
1623 4560 1707 4604 est
1733 4559 1930 4604 natura
1954 4550 2006 4602 in
2033 4566 2139 4620 qua
2172 4566 2293 4619 pas-

702 4663 799 4701 sus
819 4658 905 4700 est
940 4648 1086 4700 Deus
1109 4645 1371 4699 Verbum.
1426 4645 1598 4714 Cujus
1646 4654 1829 4698 autem
1870 4645 1976 4699 nisi
2008 4645 2297 4699 evidenter

700 4731 985 4793 hominis!
1027 4737 1122 4791 Ille
1146 4751 1282 4789 vero
1338 4734 1540 4804 aliquis
1588 4735 1755 4788 homo
1804 4744 1889 4790 est
1933 4751 2186 4806 persona.
2227 4735 2297 4790 At

704 4832 931 4902 propria
966 4838 1052 4884 est
1087 4829 1284 4884 anima:
1319 4828 1700 4899 intelligentia,
1741 4825 2002 4898 tanquam
2031 4829 2292 4895 facultas;

703 4923 943 4995 preprire
997 4920 1383 4992 cogitationes,
1431 4930 1690 4990 tanquam
1754 4920 2297 4991 operationes;pro-

705 5017 887 5086 prium
920 5029 1142 5084 corpus,
1203 5022 1464 5082 tauquam
1522 5012 1990 5077 instrumentum;
2040 5011 2296 5080 proprius
2333 4997 2373 5049 ι)

706 5117 891 5163 autem
954 5107 1195 5161 hominis
1241 5115 1328 5160 est
1380 5105 1547 5169 titius,
1604 5113 1864 5172 tanquam
1905 5119 1972 5158 ex
2005 5119 2071 5157 co
2112 5112 2297 5169 ortus;

706 5201 970 5271 preprius
998 5199 1246 5269 ejusdem
1265 5214 1416 5269 ager,
1451 5207 1709 5266 tanquam
1767 5196 2042 5266 possessio
2081 5214 2094 5249 :
2133 5213 2199 5251 ex
2233 5196 2302 5250 iis

709 5301 892 5346 autem
922 5291 1183 5346 omnibus
1217 5305 1340 5360 qua:
1387 5305 1517 5344 vere
1562 5288 1790 5359 propria
1819 5289 1940 5358 ejus
1981 5296 2131 5352 sunt,
2177 5288 2299 5340 nul-

711 5385 824 5438 lum
885 5384 1078 5438 eodem
1134 5382 1308 5454 gradu
1334 5397 1499 5453 quam
1545 5381 1694 5435 aliud
1719 5381 2003 5451 proprium
2053 5380 2298 5450 ejusdem

710 5487 817 5541 est,
859 5477 1078 5530 etiamsi
1132 5477 1317 5530 omnia
1355 5476 1503 5530 circa
1537 5488 1711 5527 unum
1755 5471 2097 5526 dicerentur.
2142 5471 2298 5540 Patet

713 5585 841 5624 vero
863 5569 915 5624 id
942 5570 1290 5640 contingere,
1311 5567 1440 5636 quia
1466 5567 1713 5636 praprius
1731 5563 1788 5617 in
1811 5562 2103 5633 multiplici
2134 5579 2299 5617 sensu

711 5661 1000 5730 accipitur.
1026 5660 1298 5727 Quoniam
1340 5659 1511 5729 igitur
1540 5673 1672 5728 ager
1702 5672 1833 5712 vere
1854 5657 2114 5726 preprius
2135 5655 2302 5726 hujus

712 5763 798 5810 est
825 5755 980 5823 juxta
1005 5755 1310 5808 naturalem
1354 5767 1516 5806 suum
1554 5767 1803 5818 sensum,
1848 5750 2076 5804 relative
2113 5758 2299 5803 autem

786 5900 813 5927 ιι
852 5883 1038 5947 lPetr.
1079 5906 1152 5956 IV,
1197 5891 1240 5943 ι.

2315 3617 2361 3679 C

3005 3636 3261 3690 ΚΕΦΑΛ.
3300 3637 3373 3689 Γ’.

2456 3723 2521 3776 Ei
2551 3723 2813 3792 φάσκοιεν
2837 3725 2898 3778 τὸ
2921 3725 3106 3778 ἔπαθε
3127 3723 3332 3793 σαρκὶ,
3362 3723 3484 3778 ἀντὶ
3511 3724 3606 3776 τοῦ
3633 3725 3731 3776 οὐκ
3760 3725 3848 3788 εἰς
3872 3724 3994 3790 τὴν

2387 3819 2616 3871 οἰκείαν
2662 3818 2884 3871 οὐσίαν
2907 3856 2921 3880 ,
2963 3817 3222 3880 ἐναντίως
3258 3819 3472 3879 ἑαυτοῖς
3505 3817 3666 3868 τοῦτο
3693 3817 3990 3883 λέγουσι-ιε

2388 3911 2436 3962 εἰ
2483 3910 2593 3980 γὰρ
2634 3910 2732 3980 τὴν
2775 3909 2963 3963 οὐσίαν
3007 3908 3222 3980 ἐκείνην
3271 3909 3406 3962 καθ’
3436 3910 3503 3978 ἣν
3555 3907 3758 3961 ἔπαθεν
3789 3910 3819 3960 6
3851 3908 3993 3970 Θεὸς

2391 4001 2565 4071 Λόγος
2615 4004 2736 4056 κατ’
2788 4001 3018 4064 αὐτοὺς,
3067 4001 3167 4054 οὐκ
3211 4001 3345 4055 ἰδίαν
3381 4001 3546 4053 αὐτοῦ
3576 4001 3858 4067 λέγουσιν,
3900 4002 3996 4052 ἱνα

2395 4095 2469 4166 μὴ
2501 4094 2746 4165 παθητὸν
2771 4095 2894 4148 κατ’
2915 4094 3108 4148 οὐσίαν
3129 4093 3536 4164 ὁμολογήσωσι·
3566 4093 3626 4145 τὸ
3648 4093 3704 4145 δὲ
3732 4093 3808 4162 μὴ
3830 4093 3991 4157 ἴδιον,

2393 4185 2677 4258 ἀλλότριον
2702 4204 2717 4220 ⁸
2769 4187 2831 4240 τὸ
2863 4187 2921 4240 δὲ
2951 4186 3238 4256 ἀλλότριον
3271 4186 3435 4239 ἄλλου
3465 4186 3612 4248 τινὸς
3643 4186 3778 4254 παρ’
3806 4188 3995 4262 έκεῖνο

2393 4272 2454 4330 οῦ
2512 4280 2584 4348 μή
2631 4278 2783 4331 ἐστιν
2831 4277 2961 4331 ἴδιον
2987 4317 3000 4342 ,
3053 4279 3116 4331 οὐ
3155 4279 3318 4347 μόνον
3361 4277 3456 4331 δύο
3486 4277 3674 4338 οὐσίας
3705 4276 3994 4344 λέγουσιν,

2395 4371 2532 4425 ἀλλὰ
2566 4372 2661 4423 καὶ
2706 4371 2801 4424 δύο
2844 4370 3146 4441 πρόσωπα,
3181 4368 3277 4422 τοῦ
3305 4383 3365 4422 τε
3395 4369 3530 4422 Θεοῦ
3556 4370 3732 4437 Λόγου
3763 4370 3854 4433 ἒν,
3895 4372 3996 4423 καὶ

2397 4462 2455 4514 ἓν
2502 4462 2714 4516 ἐκείνου
2764 4457 2976 4524 οὗτινός
3019 4462 3136 4515 ἐστι
3191 4462 3224 4531 ἠ
3275 4460 3435 4514 οὐσία
3469 4461 3592 4513 καθ’
3619 4462 3686 4530 ἦν
3714 4461 3996 4514 πέπονθεν

2397 4557 2424 4607 6
2449 4554 2580 4617 Θεὸς
2604 4554 2794 4622 Λόγος
2832 4554 2978 4616 τίνος
3006 4554 3116 4623 γὰρ
3148 4553 3181 4625 ἢ
3213 4552 3376 4622 δῆλον
3407 4555 3491 4605 ὅτι
3518 4551 3848 4621 ἀνθρώπου;
3882 4555 3912 4605 6
3935 4553 3996 4605 δέ

2400 4665 2483 4708 τις
2514 4647 2826 4718 ἄνθρωπος,
2866 4647 3179 4717 πρόσωπον.
3223 4647 3362 4698 Ἀλλ’
3392 4647 3522 4708 ἴδιος
3554 4647 3651 4716 μὲν
3683 4647 3786 4714 τῆς
3812 4647 3999 4716 duxi;

2401 4739 2427 4789 6
2455 4737 2602 4800 νοῦς,
2633 4738 2706 4798 ὡς
2729 4738 2982 4808 δύναμις
3015 4736 3121 4790 ἴδια
3149 4737 3206 4789 δὲ
3231 4736 3298 4790 τὰ
3320 4738 3570 4807 νοήματα
3592 4738 3667 4800 ὡς
3689 4739 3945 4806 ἐνέργεια
3959 4757 3995 4791 ι’

2403 4829 2533 4882 ἴδιον
2563 4830 2618 4881 δὲ
2644 4829 2705 4882 τὸ
2731 4828 2890 4898 σῶμα
2924 4829 2998 4891 ὡς
3021 4827 3252 4897 ὄργανον
3277 4843 3290 4856 ·
3330 4828 3459 4890 ἴδιος
3489 4828 3546 4880 δὲ
3573 4827 3668 4880 τοῦ
3697 4827 3996 4896 ἀνθρὼπυ

2403 4936 2488 4981 τις
2537 4919 2648 4981 υἱὸς
2690 4917 2765 4981 ὼς
2805 4917 2864 4983 ἐξ
2898 4918 3098 4971 αὐτοῦ’
3136 4919 3264 4981 ἴδιος
3296 4917 3354 4971 δὲ
3389 4917 3484 4970 τοῦ
3514 4917 3679 4972 αὐτοῦ
3711 4918 3885 4984 ἀγρὸς
3923 4918 4000 4979 ὡς

2405 5012 2630 5079 κτῆμα·
2695 5011 2794 5063 καὶ
2841 5009 3060 5064 πάντων
3109 5010 3327 5079 ἀληθῶς
3376 5011 3548 5062 ὄντων
3602 5008 3773 5061 αὑτοῦ
3825 5010 3998 5069 ἰδζων,

2405 5101 2557 5154 οὐδὲν
2589 5102 2793 5154 τούτων
2819 5103 2993 5170 ὅμως,
3028 5101 3172 5154 κατὰ
3195 5102 3288 5155 τὸν
3314 5100 3407 5154 τοῦ
3438 5100 3629 5171 ἑτέρου
3656 5100 3839 5168 λόγον,
3865 5101 4002 5152 [διον

2405 5193 2500 5246 τοῦ
2531 5194 2695 5247 αὑτοῦ
2728 5195 2875 5254 ἐστι,
2917 5195 2964 5246 ει
3005 5197 3100 5247 καὶ
3133 5195 3229 5247 ἐπὶ
3258 5192 3353 5246 τοῦ
3385 5193 3502 5256 ἐνὸς
3538 5194 3716 5246 πάντα
3745 5193 4000 5261 λέγεται·

2407 5286 2566 5354 δῆλον
2600 5287 2656 5339 δὲ
2680 5287 2762 5340 ὅτι
2791 5286 2951 5340 τοῦτο
2977 5285 3295 5356 συμϐαίνει,
3322 5285 3409 5339 διὰ
3436 5285 3498 5338 τὸ
3525 5284 3621 5338 τοῦ
3651 5284 3806 5338 ἰδίου
3837 5285 4005 5336 πολύ-

2412 5396 2606 5448 σημον.
2647 5379 2798 5432 Ἐπεὶ
2828 5378 2920 5431 οῦν
2949 5377 2978 5428 6
3001 5379 3172 5446 ἀγρὸς
3207 5378 3336 5439 ἴδιος
3367 5375 3517 5429 τοῦδε
3551 5377 3692 5428 κατᾶ
3718 5377 3812 5427 τὸν
3837 5378 4006 5428 65x5?-

2407 5489 2467 5524 ον
2498 5472 2654 5540 λόγον
2683 5471 2923 5541 ἀληθῶς,
2958 5470 3102 5524 κατὰ
3126 5471 3185 5523 δὲ
3211 5470 3302 5524 τὸν
3327 5471 3492 5523 αὐτὸν
3517 5469 3611 5521 τοῦ
3638 5469 3816 5537 ἀγροῦ
3842 5469 4006 5537 λόγον

2408 5567 2506 5634 οὐχ
2537 5566 2740 5634 ὁμοίως
2775 5565 2884 5618 ἴδια
2910 5563 2979 5617 τὰ
3007 5563 3175 5617 λοιπὰ
3206 5564 3285 5633 τῷ
3314 5563 3465 5635 αὐτῷ
3493 5564 3634 5626 ἐστι,
3659 5565 3770 5616 πᾶν
3796 5563 3853 5616 δὲ
3877 5561 4005 5616 καθ’

2409 5657 2554 5726 ὑμᾶς
2587 5657 2646 5708 τὸ
2666 5657 2741 5728 μὴ
2772 5656 2902 5710 ἴδιόν
2932 5673 3069 5723 πως,
3106 5655 3270 5719 εὐθὺς
3293 5655 3572 5727 ἀλλότριον
3605 5655 3797 5720 ἁπλῶς
3829 5657 4005 5721 ἔσται,

2409 5749 2518 5818 ἄρα
2553 5751 2580 5802 6
2609 5750 2710 5820 μὲν
2739 5750 2907 5821 ἀγρὸς
2935 5750 3069 5815 ἴδιος
3099 5750 3292 5815 τοῦδε,
3324 5751 3353 5803 ό
3382 5748 3438 5802 δὲ
3471 5746 3594 5811 νοῦς
3627 5748 3722 5801 καὶ
3754 5750 3817 5802 τὸ
3845 5750 4002 5818 σῶμα
