4194 6446
183 476 320 551 1765

1148 477 1543 538 ADVERSUS
1583 477 2132 539 NESTORIANOS.
2156 506 2220 515 --
2244 482 2390 541 LIB.
2448 523 2458 544 ι
2489 484 2565 542 ll.

3321 481 3454 546 Πϐῦ

176 597 354 658 τοῦδε,
397 592 492 647 καὶ
523 593 593 646 τὰ
621 589 787 644 λοιπὰ
817 608 916 644 ουκ
948 589 1052 642 ίδια
1080 589 1233 642 ἔσται
1260 589 1460 642 αὐτοῦ·
1505 589 1676 644 ταῦτα
1711 589 1765 642 δέ

1892 593 1942 645 id
1979 608 2174 663 agrum
2215 603 2415 651 caetera
2450 612 2562 651 non
2619 595 2692 650 ita
2733 596 2954 666 pmpria
3001 596 3248 668 ejusdem
3289 610 3450 663 sunt;

176 688 324 741 οὕτω
348 687 592 756 φρονεῖν,
616 683 733 747 πῶς
759 683 858 736 οὐκ
889 681 956 734 ἂν
979 681 1164 749 σαφῶς
1189 685 1592 752 παραφρονεῖν;
1623 683 1768 753 Πλὴν

176 779 205 831 ὅ
234 795 296 830 τι
350 775 730 846 προσκυνητδς
762 777 895 843 ἡμῖν
942 774 1074 836 Θεδς
1109 774 1348 844 Χριστὸς
1391 774 1767 843 δοξαζόμενος,

177 869 207 921 ὃ
237 886 299 921 τε
336 867 461 921 καθ’
491 869 637 937 ὑμᾶς
669 866 956 937 ἄνθρωπος
987 865 1171 928 ἁπλῶς
1202 866 1494 934 νοούμενος
1517 878 1530 891 ⁸
1591 866 1622 936 ἢ
1675 867 1770 919 κα)⁸

179 961 232 1014 εί
274 978 329 1012 τι
375 961 566 1031 ἕτερον
601 960 785 1031 αὐτῷ,
833 960 972 1030 πλὴν
1002 957 1161 1018 Θεοῦ.
1198 959 1588 1029 περισσότερον
1622 959 1770 1026 ὅμως

179 1049 475 1122 ἀνθρώπου
523 1051 936 1119 φιλοτιμεῖσθε,
998 1050 1108 1104 ἰδοὺ
1163 1049 1297 1101 ίδίαν
1333 1047 1528 1100 ἑαυτοῦ
1558 1049 1772 1113 ἀληθῶς

183 1145 367 1213 σάρκα
401 1143 498 1198 καὶ
528 1143 690 1211 σῶμα
722 1142 1044 1212 παρίστησι,
1079 1140 1178 1211 τὴν
1205 1141 1332 1203 τοὺς
1357 1139 1520 1208 ἥλους
1553 1139 1646 1192 καὶ
1674 1141 1773 1206 τὴν

179 1238 386 1306 λόγχην
421 1236 760 1288 ὑποστᾶσαν·
794 1233 1001 1304 ταύτης
1030 1232 1140 1300 γὰρ
1165 1227 1305 1300 ἦσαν
1338 1232 1495 1300 μέλη.
1539 1232 1672 1301 Περὶ
1698 1225 1773 1282 ὧν

183 1343 343 1398 φησι⁶
378 1325 652 1394 ιὪρυξαν
685 1325 876 1395 χεῖράς
907 1341 1006 1394 μου
1039 1325 1135 1375 καὶ
1168 1322 1332 1384 πόδας
1363 1340 1517 1391 μου·›
1551 1324 1646 1373 καὶ
1674 1321 1775 1374 πά-

182 1419 268 1472 λιν
315 1419 417 1489 τὴν
454 1419 724 1489 μυστικὴν
767 1415 862 1468 τοῦ
902 1417 1000 1484 τῆς
1031 1414 1378 1484 εὐχαριστίας
1409 1414 1574 1482 ἄρτου
1606 1413 1774 1482 μετα-

183 1511 384 1581 ληψιν,
426 1508 562 1574 ἰδίας
597 1509 801 1580 σαρκὸς
832 1509 1069 1562 διάδοσιν
1099 1504 1239 1558 εἶναι
1265 1507 1537 1559 δείκνυσιν
1569 1506 1738 1558 εἰπών
1759 1521 1772 1534 ·

189 1622 209 1654 ι
237 1603 296 1656 Ὀ
324 1602 555 1674 τρώγων
583 1619 684 1672 μου
706 1602 805 1670 τὴν
833 1601 1037 1669 σάρκα,
1065 1597 1160 1651 καὶ
1184 1599 1354 1650 πίνων
1382 1615 1482 1667 μου
1502 1602 1562 1650 τὸ
1579 1594 1770 1667 αἵμασι

185 1695 421 1766 ἑτέρωθι
451 1694 531 1759 δέ,
573 1713 592 1746 ι
622 1693 795 1746 Τοῦτό
832 1709 932 1762 μου
959 1693 1077 1745 ἐστὶ
1103 1690 1164 1744 τὸ
1191 1690 1378 1759 σῶμα’
1413 1708 1431 1740 ι
1488 1690 1568 1743 ἔτι
1594 1690 1652 1743 δέ
1684 1689 1778 1742 καὶ

182 1789 287 1858 τὴν
318 1785 673 1857 Ἐκκλησίαν.
703 1786 882 1856 σάρκα
905 1783 1073 1838 αὐτοῦ
1101 1783 1238 1836 ίδίαν
1263 1782 1456 1835 οίεταιο
1491 1780 1650 1833 τοῦτο
1671 1781 1778 1852 γὰρ

183 1877 433 1932 διδάσκει
467 1877 693 1944 φάσκων
722 1877 750 1928 6
775 1871 1122 1934 Ἀπόστολοςο
1159 1889 1176 1922 ι
1209 1865 1398 1932 Οὐδεὶς
1427 1869 1535 1938 γὰρ
1561 1866 1777 1920 πώποτε

181 1971 287 2042 τὴν
319 1967 517 2023 ἑαυτοῦ
555 1967 732 2037 σάρκα
768 1966 1055 2037 ἐμίσησεν,
1092 1963 1207 2016 ἀλλ’
1238 1961 1494 2031 ἐκτρέφει
1526 1961 1620 2013 καὶ
1650 1959 1778 2012 Θάλ-

184 2079 284 2116 ττει
314 2062 487 2131 αὐτὴν
512 2103 528 2124 ,
566 2059 750 2121 καθὼς
782 2058 879 2111 καὶ
907 2059 936 2110 ὁ
963 2055 1196 2126 Χριστὸς
1220 2055 1323 2124 τὴν
1355 2053 1685 2120 Ἐκκλησίαν
1705 2067 1717 2080 ·
1753 2069 1773 2104 ι

187 2154 250 2209 ἐν
283 2154 460 2225 ἑτέρῳ
485 2153 543 2207 δέ
565 2171 578 2184 ο
621 2173 640 2206 ι
679 2150 875 2222 Ὑμεῖς
910 2153 1030 2204 ἐστε
1059 2148 1220 2218 σῶμα
1247 2145 1485 2217 Χριστοῦ
1516 2146 1610 2198 καὶ
1641 2144 1780 2215 μέλη

185 2247 258 2301 ἐκ
290 2246 516 2317 μέλους·
553 2266 572 2298 ι
629 2245 831 2314 σαρκὸς
872 2242 964 2295 οὖν
1016 2244 1110 2296 καὶ
1159 2240 1414 2311 σώματος
1447 2237 1612 2292 αὐτοῦ
1649 2237 1778 2291 ίδίου

184 2339 293 2409 τῆς
330 2337 662 2409 Ἐκκλησίας
691 2335 1096 2406 τυγχανούσης,
1132 2328 1244 2402 ἆρα
1276 2333 1340 2383 τὸ
1371 2331 1472 2383 οὐκ
1497 2329 1554 2382 ὃν
1587 2331 1620 2396 ἡ
1657 2329 1780 2381 Ἐκ-

189 2429 397 2500 κλησία
433 2427 601 2482 αὐτοῦ
628 2469 643 2490 ,
697 2428 797 2480 οὐκ
837 2427 968 2478 ἴδιον
1000 2426 1166 2478 αὐτοῦ
1199 2423 1322 2476 καθ’
1353 2423 1499 2490 ὑμᾶς
1530 2420 1785 2490 λογισθήο

193 2539 384 2585 σεται;
414 2522 526 2574 Καὶ
549 2522 671 2575 ἐπεὶ
700 2521 774 2592 μὴ
805 2519 946 2572 κατὰ
968 2518 1170 2585 ταύτην
1191 2519 1289 2586 τὴν
1315 2516 1492 2584 σάρκα
1513 2511 1790 2583 ἐσταυρώ-

192 2613 286 2683 Θη,
329 2613 444 2665 ἀλλ’
483 2613 620 2681 ὑπὲρ
646 2612 875 2683 ταύτης,
911 2610 1230 2678 ἀναγκαίως
1256 2607 1412 2660 ἔσται
1442 2608 1499 2658 ἐν
1529 2604 1787 2675 ἁὶλοτρία

193 2705 366 2776 σαρκὶ
400 2705 719 2769 πεπονθὼςς
755 2706 802 2756 εί
832 2706 944 2772 γὰρ
973 2703 1031 2755 rb
1059 2702 1160 2755 οὐκ
1188 2700 1320 2752 ἴδιόν
1348 2715 1486 2760 πως,
1510 2695 1788 2764 ἀλλότριον

193 2797 361 2858 εἰδοὺς
395 2794 517 2848 καθ’
554 2795 730 2863 ὑμᾶς·
771 2796 804 2864 ἡ
835 2793 890 2846 δὲ
920 2791 1243 2858 Ἐκκλησία,
1281 2788 1414 2842 ίδίαο
1448 2787 1508 2839 τὸ
1542 2787 1616 2857 μὴ
1650 2785 1791 2839 κατὰ

193 2889 298 2956 τὴν
331 2886 665 2956 Ἐκκλησίαν
701 2879 831 2939 ἴδιον
861 2884 1032 2953 αὐτῷ,
1067 2883 1284 2944 πάντως
1313 2879 1595 2948 ἀλλότριον
1623 2877 1788 2931 αὐτοῦ

196 2977 376 3030 ἔσται·
407 2977 674 3038 ὡσαύτως
701 2977 796 3029 καὶ
824 2978 871 3028 εἰ
899 2975 995 3044 τὴν
1023 2974 1202 3042 σάρκα
1230 2973 1437 3024 εἴποιτε
1465 2971 1602 3023 ἰδίαν
1625 2969 1788 3022 αὐτοῦ

198 3071 410 3142 κυρίως
445 3066 583 3124 εἶναι
623 3069 721 3141 τὴν
757 3067 1200 3138 καθηλωθεῖσαν,
1240 3067 1272 3134 ἡ
1310 3063 1608 3132 Ἐκκλησία
1639 3062 1790 3114 ἔσται

197 3161 306 3214 οὐκ
334 3160 440 3214 ἰδία
469 3159 656 3222 αὐτοῦ,
697 3160 820 3211 ἐπεὶ
858 3158 932 3226 μὴ
963 3154 1285 3224 καθηλὼοηθ
1321 3152 1381 3206 τὸ
1407 3152 1514 3222 γὰρ
1540 3153 1639 3204 οὐκ
1663 3152 1792 3204 ἴδιὸν

1873 698 2022 747 cum,
2067 685 2222 754 juxta
2267 701 2386 748 vos,
2418 688 2566 754 quod
2584 703 2694 742 non
2718 695 2805 743 cst
2829 689 2923 742 tali
2951 687 3116 742 modo
3147 691 3454 760 proprium,

1874 775 2062 830 statim
2101 778 2161 830 tit
2190 778 2516 846 simpliciter
2551 779 2795 833 alienum
2831 796 3004 850 :ergo
3038 779 3250 851 pra‘fati
3274 781 3456 834 homi-

1872 870 1962 923 nis
1996 885 2126 939 ager
2164 871 2390 939 quidem
2445 886 2573 924 vere
2607 872 2866 940 proprius
2894 873 3022 936 erit,
3071 887 3229 927 mens
3267 881 3454 927 autem

1877 960 1999 1028 ejus
2036 969 2095 1013 et
2129 976 2332 1029 corpus
2358 970 2415 1014 et
2449 963 2662 1032 reliqua
2689 962 2793 1032 ipsi
2837 978 2946 1016 non
2994 972 3158 1016 erunt
3195 962 3460 1033 propria?

1871 1047 1950 1101 ita
1983 1047 2201 1115 opinari
2240 1063 2422 1101 nonne
2464 1057 2548 1102 est
2579 1049 2870 1104 manifeste
2898 1049 3197 1118 desipere?
3227 1051 3458 1105 Prmter-

1871 1153 1974 1200 ea,
2029 1140 2120 1192 ille
2163 1155 2328 1209 quem
2387 1156 2487 1194 nos
2539 1149 2601 1194 ut
2647 1142 2818 1195 Deum
2849 1141 3192 1196 adorandum
3230 1156 3463 1196 venera-

1875 1245 2022 1294 mur,
2056 1247 2220 1301 quem
2258 1248 2356 1286 vos
2381 1242 2566 1286 autem
2589 1240 2649 1286 ut
2683 1233 2989 1302 simplicem
3031 1234 3252 1288 habetis
3276 1233 3461 1288 homi-

1876 1337 2002 1376 nem
2030 1323 2155 1392 (nisi
2196 1323 2340 1378 forte
2370 1324 2578 1394 aliquid
2624 1325 2676 1379 ci
2709 1326 2880 1390 aliud,
2932 1326 2978 1378 si
3021 1341 3130 1379 non
3181 1325 3458 1387 divinum,

1877 1413 2119 1468 humano
2155 1426 2335 1470 tamen
2374 1417 2633 1486 superius
2677 1417 3050 1488 largiamini),
3098 1433 3168 1472 en
3207 1418 3462 1474 Christus

1878 1505 2099 1574 propria
2133 1504 2217 1559 sui
2255 1506 2427 1576 ipsius
2476 1522 2607 1562 vere
2648 1522 2769 1562 esse
2799 1507 3142 1563 demonstrat
3168 1523 3369 1576 corpus
3407 1516 3464 1563 et

1880 1613 2102 1652 carnem
2121 1614 2278 1654 suam
2307 1601 2480 1655 clavis
2507 1609 2561 1654 et
2587 1601 2792 1656 lancea:
2817 1600 3067 1656 suilixam
3095 1618 3108 1654 :
3131 1601 3296 1671 hujus
3315 1601 3464 1656 enim

1877 1701 2038 1746 erant
2066 1697 2313 1748 membra
2339 1695 2408 1748 de
2435 1697 2639 1764 quibus
2665 1696 2800 1750 dicit
2827 1713 2842 1750 :
2881 1716 2898 1746 ι
2939 1695 3221 1750 Foderunt
3270 1711 3468 1751 manus

1881 1799 2034 1838 meas
2059 1793 2116 1840 et
2161 1785 2329 1854 pedes
2361 1801 2514 1840 meos
2532 1797 2580 1841 ν.
2625 1807 2643 1839 ι
2684 1790 2749 1842 Et
2775 1789 2977 1842 iterum
3001 1791 3285 1860 mysticam
3308 1789 3468 1859 panis

1882 1877 2232 1932 eucharistici
2255 1879 2700 1934 communionem
2733 1879 2968 1949 propriae
2998 1894 3112 1934 sua
3136 1881 3322 1934 carnis
3347 1894 3468 1934 esse

1889 1967 2238 2024 traditionem
2265 1970 2512 2024 ostendit
2536 1970 2767 2025 dicens:
2805 1987 2824 2021 ι
2861 1969 2964 2036 Qui
2985 1971 3468 2026 comeditcarnem

1884 2074 2063 2114 meam
2109 2070 2167 2116 et
2207 2061 2350 2116 bibit
2381 2076 2565 2117 meum
2597 2061 2921 2132 sanguinem
2946 2071 2994 2116 ι.
3031 2081 3050 2114 ι
3093 2063 3163 2117 Et
3194 2062 3417 2118 aliunde
3451 2079 3468 2118 :

1884 2153 2001 2207 Hoc
2028 2162 2115 2208 est
2145 2169 2348 2222 corpus
2375 2155 2555 2208 meum
2577 2162 2626 2208 I.
2668 2173 2686 2204 ι
2719 2156 2894 2225 Ipsam
2916 2167 3139 2226 quoque
3171 2153 3470 2226 Ecclesiam

1885 2259 1984 2312 pro
2004 2259 2102 2298 sua
2135 2245 2356 2314 propria
2375 2240 2548 2299 carne
2577 2222 2786 2312 habet;
2817 2229 2922 2301 hoc
2934 2222 3104 2300 enim
3145 2222 3474 2314 docei'Apo-

1885 2335 2062 2389 stolns
2091 2335 2280 2391 dicens
2319 2354 2331 2389 :
2376 2354 2396 2387 ι
2445 2335 2618 2391 Nemo
2651 2339 2798 2390 enim
2850 2353 3005 2391 suam
3043 2351 3265 2392 carnem
3316 2336 3470 2404 odit,

1887 2426 1982 2482 sed
2007 2429 2186 2482 nutrit
2215 2439 2271 2483 et
2297 2428 2448 2483 fovet
2490 2445 2651 2493 eam,
2695 2429 2840 2484 sicut
2888 2439 2945 2483 et
2979 2428 3236 2484 Christus
3284 2427 3476 2483 Eccle-

1888 2520 2024 2574 siam
2045 2530 2089 2573 ι.
2129 2539 2147 2571 ι
2199 2521 2266 2574 Et
2301 2520 2432 2575 alibi
2466 2539 2479 2575 :
2530 2539 2548 2572 ι
2583 2523 2692 2578 Vos
2737 2521 2875 2576 estis
2909 2536 3110 2591 corpus
3141 2519 3368 2584 Christi,
3420 2528 3478 2576 et

1889 2611 2134 2666 membra
2157 2628 2223 2666 ex
2245 2613 2496 2667 membro
2518 2625 2566 2667 α.
2601 2633 2618 2664 ι
2653 2611 2792 2667 Cum
2817 2623 3000 2668 autem
3034 2629 3165 2668 caro
3185 2623 3241 2668 et
3275 2628 3477 2683 corpus

1889 2702 2097 2758 Christi
2117 2705 2419 2774 proprium
2450 2706 2522 2759 sit
2561 2705 2831 2771 Ecclesia,
2877 2721 3009 2777 ergo
3049 2705 3316 2776 quidquid
3367 2722 3477 2760 non

1892 2803 1977 2848 est
2028 2795 2276 2850 Ecclesia
2329 2799 2471 2864 eius,
2502 2807 2562 2852 ut
2592 2814 2700 2852 non
2738 2798 3022 2868 proprium
3043 2799 3165 2867 ejus
3196 2799 3348 2866 juxta
3381 2812 3479 2851 vos

1894 2886 2232 2940 habebitur?
2273 2887 2341 2941 Et
2383 2887 2512 2957 quia
2560 2903 2671 2942 non
2719 2887 2776 2941 in
2822 2888 2925 2941 hac
2969 2900 3135 2941 carne
3171 2883 3483 2940 crucifixus

1891 2985 1996 3038 est,
2034 2975 2128 3030 sed
2155 2991 2256 3044 pro
2294 2991 2389 3041 ea,
2423 2992 2554 3046 ergo
2585 2976 2898 3030 necessario
2936 2984 3206 3046 sequetur
3238 2974 3390 3029 illum
3426 2975 3482 3029 in

1891 3067 2070 3121 aliena
2112 3082 2276 3122 carne
2312 3053 2534 3137 passum
2566 3068 2728 3123 esse?
2776 3067 2832 3122 Si
2867 3067 3028 3122 enim
3059 3065 3209 3136 quod
3251 3083 3361 3120 non
3398 3075 3483 3120 est

1896 3159 1989 3213 tali
2049 3159 2216 3214 modo
2257 3157 2564 3230 proprium,
2618 3160 2804 3214 statim
2862 3159 2923 3213 tit
2971 3158 3299 3230 simpliciter
3347 3158 3483 3213 alie-

201 3271 322 3318 πως
370 3253 668 3320 λεγόμενον
689 3293 703 3314 ,
751 3251 914 3313 εὐθὺς
950 3251 1079 3318 ὐμῖν
1110 3247 1288 3312 ἔδοξεν
1318 3242 1459 3299 εἶναι
1507 3244 1601 3297 καὶ
1635 3243 1789 3296 ἀλλά-ο

1897 3263 2053 3312 num,
2088 3257 2150 3302 ut
2177 3263 2274 3303 vos
2301 3249 2671 3314 contenditis;
2701 3245 3483 3305 .Eeelesia..vero.est'CiiriSti

199 3361 379 3416 τριον.
421 3339 640 3405 Ἀλλ’,ὧ
673 3340 818 3398 οὗτοι
841 3383 854 3404 ,
907 3343 1008 3395 οὐκ
1052 3342 1158 3394 ἰδία
1193 3340 1292 3410 μὲν
1319 3343 1420 3409 τῆς
1449 3338 1669 3407 φύσεως
1699 3337 1794 3390 τοῦ

201 3439 383 3504 Λόγου
417 3440 450 3506 ὴ
489 3435 664 3507 σὰρξ,
723 3438 821 3504 τῆς
863 3436 918 3488 δὲ
970 3435 1325 3500 ὑποστάσεως
1357 3431 1524 3485 αὐτοῦ
1573 3432 1798 3499 γέγονεν

202 3529 295 3582 ἐπ’
343 3528 589 3598 ἐσχάτων
638 3526 854 3596 ἀληθῶς
897 3525 1008 3578 τῶν
1043 3525 1252 3594 χρόνων
1288 3523 1392 3575 ἰδία
1419 3537 1434 3552 °
1474 3523 1710 3592 λέγομεν
1741 3523 1798 3575 δὲ

204 3619 305 3671 καὶ
354 3616 645 3687 ἀνθρώπου
699 3611 841 3669 εἶναι
897 3613 958 3666 τὸ
1009 3615 1196 3683 σχῆμα
1226 3611 1288 3664 τὸ
1319 3611 1502 3680 ὄρθιον
1525 3652 1538 3676 ,
1577 3613 1707 3663 ἴδιον
1741 3611 1800 3664 ὃν

203 3710 309 3777 τῆς
344 3709 560 3776 φύσεως
589 3711 688 3776 τῆς
713 3706 917 3776 ψυχῆς.
953 3708 1018 3775 τῇ
1048 3704 1105 3756 δὲ
1137 3706 1194 3756 ἐν
1222 3704 1438 3771 σώματι
1466 3704 1634 3772 αὐτῆς
1666 3704 1800 3757 ὐπο-

208 3803 403 3856 στάσει
439 3799 900 3870 ἐνθεωρούμενον.
923 3799 1114 3860 Ὅπως
1145 3795 1235 3849 οὖν
1264 3795 1422 3848 τοῦτο
1449 3797 1578 3867 περὶ
1600 3795 1801 3865 ταύτης

207 3893 431 3958 λέγεται
486 3893 535 3942 εί
585 3891 844 3957 ἐνοήσατε
869 3930 882 3954 ,
937 3888 1038 3940 οὐκ
1087 3886 1152 3940 ἂν
1188 3889 1318 3956 ἡμῖν
1351 3888 1476 3949 τοὺς
1508 3887 1615 3940 ὑπὸ
1643 3889 1802 3951 σκιᾶς

207 3988 307 4039 καὶ
354 3982 581 4056 ὀνείρων
626 3981 1026 4050 συλλογισμοὺς
1053 3979 1391 4045 ἀνεπλέξατε
1413 3996 1424 4009 ·
1464 3979 1599 4032 ἀλλὰ
1633 3979 1801 4033 ταῦτα

211 4079 313 4148 μὲν
346 4077 476 4146 περὶ
499 4075 725 4127 τούτων.
746 4075 834 4125 Ἐν
863 4073 918 4125 δέ
948 4073 1026 4142 τῷ
1053 4073 1194 4124 τέλει
1222 4071 1316 4123 τοῦ
1373 4071 1801 4140 ἐπιχειρήματος

209 4171 370 4238 ὑμῶν
396 4209 411 4232 ,
460 4169 520 4220 τὸ
563 4167 659 4219 τοῦ
698 4165 976 4235 ληθάργου
1013 4163 1184 4226 πάθος
1214 4163 1519 4232 ὑποστῆναι
1549 4163 1802 4229 δόξαντες

207 4259 296 4314 δι’
333 4261 666 4330 ἀπροσεξίαν
695 4298 708 4321 ,
763 4257 905 4326 πρὸς
948 4255 1164 4324 γέλωτα
1197 4255 1264 4308 ἂν
1295 4255 1442 4324 ἡμᾶς
1479 4254 1541 4306 οὐ
1577 4255 1802 4324 μέτριον

211 4355 645 4424 συνεκινήσατε,
701 4351 750 4402 εί
805 4347 880 4418 μὴ
931 4347 1011 4418 τῷ
1058 4346 1276 4418 φρικτῷ
1315 4345 1425 4400 τῶν
1457 4346 1804 4416 ζητουμένων

209 4441 802 4520 προκατεστελλὸμεϐα
847 4441 984 4522 πρὸς
1019 4439 1333 4494 εὐλάϐειαν.
1378 4439 1440 4491 Et
1473 4439 1581 4509 γαρ
1613 4437 1709 4490 καὶ
1737 4439 1804 4491 τὰ

214 4539 456 4609 μάλιστα
500 4535 714 4605 ψευδῶς
768 4533 986 4586 ᾶπαντα
1039 4532 1170 4594 ὑμῖν
1217 4530 1461 4601 εἴρηται,
1499 4529 1622 4582 ἀλλ’
1657 4531 1805 4598 ὅμως

1900 3338 2144 3406 propria,
2171 3338 2320 3408 quod
2363 3337 2532 3408 igitur
2565 3353 2674 3393 non
2695 3347 2781 3393 est
2814 3336 3008 3393 eodem
3029 3338 3194 3393 modo
3220 3353 3284 3394 ac
3302 3336 3488 3392 Eecie-
3517 3372 3523 3381 -

1899 3428 2022 3491 sia,
2082 3429 2375 3498 proprium
2437 3430 2638 3499 ipsius,
2674 3430 2751 3484 illi
2811 3439 2895 3484 est
2937 3429 3164 3485 omnino
3217 3429 3482 3484 alienum.

1899 3521 2056 3584 Item,
2088 3521 2132 3574 si
2157 3520 2356 3575 dixerit
2389 3536 2611 3576 carnem
2630 3521 2836 3576 Christi
2860 3522 3136 3591 propriam
3170 3522 3320 3576 illam
3361 3536 3485 3576 esse

1903 3628 2025 3682 quas
2054 3613 2223 3668 clavis
2246 3613 2501 3668 transﬁxa
2536 3623 2642 3679 cst,
2671 3615 2784 3684 jam
2834 3613 3080 3667 Ecclesia
3110 3627 3221 3666 non
3263 3613 3374 3666 erit
3406 3613 3486 3682 ip-

1903 3703 2020 3758 sius
2041 3703 2288 3774 propria,
2312 3704 2516 3774 quippe
2545 3719 2667 3773 qua:
2709 3703 2882 3757 clavis
2917 3718 3026 3757 non
3053 3710 3140 3756 est
3163 3700 3442 3780 perforata
3469 3717 3483 3754 :

1901 3771 2172 3864 quidquid
2221 3771 2370 3848 enim
2411 3771 2532 3849 non
2564 3771 2681 3849 itali
2714 3795 2876 3848 modo
2923 3784 3208 3864 propritnt
3258 3771 3485 3858 dicitur,

1897 3887 2009 3958 jam
2040 3895 2102 3939 ut
2129 3887 2370 3941 alienum
2398 3887 2852 3950 ducitis.Vcrum,
2877 3885 3016 3940 heus
3037 3901 3134 3940 vos
3158 3887 3170 3939 ι
3199 3900 3308 3939 non
3355 3901 3486 3955 pro-

1903 3979 2019 4048 pria
2041 3979 2264 4049 quidem
2300 3986 2512 4033 natura:
2539 3979 2706 4034 Verbi
2753 3987 2840 4033 cst
2866 3993 3021 4043 caro,
3067 3993 3318 4048 personae
3358 3992 3490 4032 vero

1903 4072 2024 4140 ejus
2063 4071 2116 4124 in
2170 4072 2493 4126 novissimis
2524 4061 2871 4141 temporibus
2919 4086 3050 4125 vere
3081 4070 3302 4140 propria
3348 4069 3489 4124 facta

1901 4170 2008 4217 est.
2058 4163 2150 4217 Sic
2195 4162 2435 4218 dicimus
2485 4164 2729 4219 hominis
2767 4179 2890 4219 esse
2939 4163 3188 4218 habitum
3241 4172 3485 4225 sectum,

1901 4253 1996 4323 qui
2026 4270 2139 4309 non
2171 4263 2256 4309 est
2301 4257 2559 4325 prOprius
2590 4263 2806 4310 natura:
2852 4255 3068 4319 animae,
3104 4255 3200 4310 sed
3237 4269 3488 4324 pcrsomc

1904 4355 2156 4415 respectu
2235 4349 2486 4418 corporis
2552 4355 2812 4418 spectatae
2871 4349 3281 4419 appropriatur.
3338 4347 3489 4416 Quo-

1904 4437 2070 4490 modo
2117 4437 2252 4492 illud
2293 4438 2440 4492 circa
2495 4437 2638 4492 hanc
2682 4438 2902 4492 dicatur
2941 4437 2990 4492 si
3051 4437 3486 4503 intellexissetis,

1905 4544 2017 4582 non
2086 4529 2222 4584 istos
2255 4529 2549 4586 nehuiosos
2573 4544 3016 4598 somnumosque
3074 4530 3490 4598 implicuissetis

208 4630 411 4683 τιυτδν
448 4627 547 4696 μὲν
584 4627 838 4693 συνᾴγειν
869 4624 1015 4692 ὑμᾶς
1046 4621 1412 4693 βουλομένους
1441 4620 1659 4693 ὁρῶμεν
1685 4621 1789 4674 νῦν

1908 4621 2272 4691 syllogismos.
2319 4620 2446 4676 Hzec
2481 4621 2706 4690 quidem
2748 4621 2896 4676 circa
2926 4621 3049 4676 ista.
3080 4621 3141 4676 In
3167 4622 3273 4676 tine
3303 4631 3488 4676 autem

208 4722 290 4785 ὼς
321 4721 420 4772 δύο
448 4737 508 4772 τε
552 4718 741 4779 οὐσίας
793 4718 886 4769 καὶ
932 4715 1029 4768 δύο
1057 4715 1330 4784 πρόσωπα
1365 4713 1533 4780 ἤγουν
1561 4713 1799 4766 ὑποστά-

213 4829 335 4875 σεις
386 4811 621 4879 λέγομεν
673 4807 767 4861 ἐπὶ
811 4805 905 4859 τοῦ
946 4806 1122 4872 Λόγου
1167 4805 1260 4857 καὶ
1296 4803 1398 4872 τῆς
1435 4803 1670 4871 σαρκός·
1709 4809 1798 4856 καί

208 4903 376 4958 τοῦτο
407 4902 483 4964 ὡς
515 4901 716 4956 ἆτοπῦν
744 4917 796 4952 τι
828 4899 1203 4969 συμπέρασμα
1238 4896 1333 4950 καὶ
1359 4894 1614 4965 ἀθέμιτον
1643 4895 1802 4960 δόξαν

209 4994 633 5064 διανοουμένους
667 4994 812 5063 ἡμᾶς
841 4991 1088 5060 ἐλέγχειν
1121 4986 1474 5051 σπουδάζετε,
1509 4987 1646 5057 ὅπερ
1674 4986 1802 5056 χοῖες

210 5088 313 5142 καὶ
342 5086 559 5157 τρίτην,
593 5085 680 5150 εἴη
709 5083 766 5136 δὲ
801 5082 876 5152 μὴ
907 5083 987 5144 είς
1017 5079 1230 5150 αὔριον,
1267 5080 1366 5150 τῆς
1402 5079 1668 5149 ὑμετέρας
1702 5080 1800 5146 μό-

213 5199 315 5252 νης
336 5181 455 5233 ἐστὶ
474 5177 776 5250 Ορησκείας
798 5177 856 5230 τὸ
878 5173 1438 5242 κεφαλαιωδέστατον·
1473 5171 1568 5228 καὶ
1593 5172 1808 5228 πάντων

217 5274 428 5344 μᾶλλον
466 5272 526 5326 τὸ
559 5271 658 5338 τῆς
682 5268 896 5322 τοιᾶσδε
925 5266 1084 5336 δόξης
1116 5265 1349 5324 ἄτοπον,
1394 5263 1662 5334 ὑμέτερόν
1691 5267 1806 5317 ἐστι

213 5363 652 5434 γνωριστήριον·
696 5362 828 5431 ἡμῖν
861 5359 1032 5422 ὅντως
1068 5359 1160 5411 καὶ
1196 5357 1318 5409 λίαν
1344 5355 1586 5424 ἁπεχϐἑς
1618 5371 1676 5406 τε
1714 5359 1804 5408 καὶ

213 5459 482 5526 πολέμιον
509 5472 521 5484 ·
563 5455 652 5508 διά
686 5471 768 5506 τοι
804 5452 916 5522 γὰρ
947 5450 1108 5504 τοῦτο
1137 5449 1272 5502 αὐτὸ
1306 5449 1400 5500 καὶ
1432 5446 1672 5500 τοσαῦτα
1710 5449 1804 5499 σὺν

211 5550 336 5621 Ε’;ᾧ
371 5551 501 5620 ὑμῖν
531 5544 1036 5615 ἀνταγωνιζόμεοα.

1908 4713 2081 4770 vestri
2105 4713 2555 4782 epicherematis,
2586 4713 2852 4784 lethargia
2886 4713 2957 4767 ob
2983 4714 3240 4768 inertiam
3266 4722 3489 4784 torpere

1908 4805 2033 4869 visi,
2067 4805 2240 4860 risum
2276 4806 2439 4860 nobis
2477 4806 2833 4860 immodicum
2872 4806 3222 4869 clieuissetis,
3253 4805 3300 4860 si
3333 4822 3488 4860 reve-

1909 4898 2084 4953 rentia
2135 4913 2322 4951 rerum
2369 4897 2436 4952 de
2472 4898 2677 4967 quibus
2705 4898 2884 4972 agitur
2924 4914 3026 4953 nos
3064 4898 3131 4952 ad
3180 4897 3489 4968 religiosam

1909 5006 2020 5046 non
2071 4998 2384 5043 revocasset
2431 4989 2888 5044 moderationem.
2942 4991 3192 5052 Etenim,
3239 4990 3491 5059 quamvis

1910 5081 2132 5136 nonnisi
2163 5081 2449 5135 mendacia
2478 5083 2801 5150 plerumque
2829 5082 3101 5145 dixeritis,
3129 5081 3494 5150 nihilominus

1911 5190 2010 5228 vos
2061 5189 2210 5228 nunc
2257 5173 2508 5228 videmus
2553 5173 2608 5228 id
2653 5174 2860 5229 inferre
2903 5175 3178 5239 volentes,
3232 5163 3494 5232 videlicet

1910 5280 2032 5330 nos,
2067 5265 2211 5319 sicut
2240 5264 2378 5319 duas
2402 5273 2648 5329 naturas,
2687 5265 2761 5320 ita
2785 5267 2898 5321 duo
2919 5267 3203 5337 supposita
3235 5283 3330 5322 seu
3355 5266 3495 5322 duas

1909 5372 2175 5427 personas
2229 5356 2523 5412 admittere
2563 5359 2710 5413 circa
2758 5359 2999 5414 Verbum
3043 5368 3100 5413 et
3141 5373 3397 5426 carnem;
3440 5369 3496 5415 et

1911 5449 2017 5503 hoc
2067 5449 2224 5518 quasi
2269 5450 2565 5505 absurdam
2613 5451 3022 5506 conclusionem
3077 5459 3134 5505 et
3179 5451 3496 5507 liaareticam

1908 5541 2228 5611 opinionem
2272 5541 2326 5595 in
2364 5558 2466 5596 nos
2498 5543 2793 5597 retundere
2830 5542 3129 5607 conamini,
3165 5543 3314 5612 quod
3349 5541 3493 5607 heri,

209 5656 270 5701 et
319 5646 527 5699 nudius
579 5644 776 5698 tertius
826 5642 925 5711 (ac
970 5640 1179 5694 utinam
1219 5652 1323 5689 nec
1368 5650 1543 5704 usque
1594 5651 1718 5688 cras
1753 5635 1803 5703 ἱ)
1846 5637 2204 5692 summarium
2237 5646 2322 5691 est
2358 5639 2526 5692 totius
2562 5649 2757 5693 vestrm
2823 5639 3105 5710 religionis
3165 5637 3485 5694 fundamen-

212 5751 334 5795 tum
367 5755 382 5792 :
437 5739 550 5792 imo
600 5734 837 5798 absurda
884 5734 985 5788 ista
1042 5733 1295 5788 doctrina
1321 5741 1406 5787 cst
1453 5731 1760 5800 praacipuns
1799 5730 2084 5788 character
2147 5749 2258 5803 quo
2290 5749 2388 5787 vos
2422 5735 2845 5806 dignoseimini;
2883 5736 3045 5790 nobis
3082 5751 3212 5792 vero
3246 5718 3332 5791 est
3366 5751 3498 5792 vere

284 5925 311 5956 ν
346 5915 491 5973 Ρεςιι.
533 5933 641 5982 ιιι,
673 5917 758 5974 t7.
837 5925 863 5954 ³
897 5915 1056 5972 Joan.
1082 5931 1156 5984 vr,
1196 5915 1282 5970 55.

1361 5924 1388 5964 δ’
1417 5914 1607 5969 Matth.
1634 5929 1782 5982 xxvi,
1807 5913 1899 5969 ‘26.

1983 5949 2002 5975 ι
2031 5914 2235 5984 Ephes.
2271 5916 2435 5983 v,‘29.
2509 5931 2525 5952 ·
2559 5916 2724 5972 [Cor
2757 5933 2848 5982 ιιι,
2881 5917 2969 5969 ‘27.
