4194 6446
690 463 821 525 17οἸ

1971 454 2276 516 LEONTII
2321 453 2630 512 BYZANTI
2645 453 2727 512 NI

3813 467 3831 529 1
3844 468 3949 532 Ἰῦὸ

681 594 739 644 et
781 599 1005 657 prorsus
1049 583 1236 637 odiosa
1279 589 1333 636 et
1381 579 1657 636 contraria
1712 597 1724 610 '
1763 579 1966 650 quippe
2009 579 2154 632 circa
2227 579 2329 632 hoc
2371 578 2548 646 ipsum
2613 588 2720 631 tam
2767 574 2971 630 acriter
3021 574 3314 630 adversum
3368 593 3464 632 vos
3520 593 3644 634 cum
3705 581 3818 636 Deo
3845 599 3948 652 pu-

683 693 933 750 gnamus.

1326 763 1477 821 CAP.
1528 764 1616 820 IV.

755 859 811 913 Si
858 857 1003 926 quod
1038 852 1244 911 dicitur
1271 873 1405 910 unus
1435 858 1498 909 de
1540 855 1618 910 SS
1685 857 1963 918 Trinitate,
2003 863 2087 910 est
2112 870 2268 908 com-

686 963 853 1002 mune
907 949 1216 1002 divinitatis
1255 957 1311 1001 et
1357 946 1717 1001 humanitatis
1753 947 1992 1010 Christi,
2036 947 2123 1000 vel
2165 947 2269 1000 sub

685 1034 883 1089 eodem
939 1045 1191 1103 respectu
1247 1042 1332 1088 est
1396 1051 1686 1089 commune
1737 1036 1886 1090 Patri
1933 1045 1990 1090 et
2037 1036 2268 1106 Spiritui

687 1138 900 1189 sancto,
933 1127 1020 1180 vel
1043 1126 1146 1180 sub
1170 1141 1282 1180 uno
1313 1135 1370 1181 et
1397 1128 1573 1180 altero
1612 1135 1886 1196 respectu,
1923 1143 2022 1193 pro
2052 1127 2270 1183 duobus

687 1217 891 1283 quibus
910 1224 1131 1271 constat
1166 1232 1336 1270 unum
1361 1218 1622 1272 Verbum.
1653 1219 1844 1283 Porro,
1871 1220 1916 1274 si
1948 1219 2052 1274 sub
2073 1220 2268 1274 eodem

688 1318 945 1380 respectu
976 1320 1060 1364 est
1098 1325 1409 1374 commune,
1439 1327 1572 1381 ergo
1607 1312 1786 1380 primo
1820 1327 1949 1366 caro
1979 1321 2063 1366 est
2090 1311 2270 1366 Verbo

691 1401 1220 1459 consubstantialis?
1249 1402 1390 1471 Ergo
1424 1402 1669 1456 secundo
1704 1402 1760 1456 in
1790 1403 1992 1457 divinis
2021 1412 2106 1456 est
2131 1417 2269 1470 qua-

690 1493 891 1556 ternio,
926 1508 1036 1545 non
1070 1491 1356 1547 Trinitas?
1383 1493 1438 1547 Si
1466 1501 1650 1547 autem
1685 1509 1795 1547 uno
1827 1494 1992 1548 modo
2026 1492 2268 1546 Verbum

688 1592 745 1639 et
789 1584 966 1638 altero
1016 1585 1182 1638 modo
1227 1601 1355 1639 caro
1406 1587 1778 1640 communicat
1826 1601 1950 1638 cum
2002 1584 2163 1638 Patre
2214 1593 2272 1638 et

692 1676 899 1746 Spiritu
921 1689 1140 1740 sancto,
1160 1678 1438 1746 quomodo
1457 1678 1588 1732 hinc
1611 1693 1721 1731 non
1753 1677 1969 1731 infertis
1995 1678 2134 1730 duas
2152 1691 2270 1731 esse

690 1777 919 1822 naturas
950 1769 1005 1822 in
1042 1769 1387 1823 sanctissima
1411 1767 1725 1822 Trinitate?
1753 1767 1910 1834 Quod
1952 1767 1998 1821 si
2033 1766 2271 1821 dicendo

689 1875 827 1912 unus
853 1859 917 1912 de
944 1858 1199 1912 Trinitate
1232 1859 1539 1926 intelligitis
1572 1858 1778 1927 aliquid
1811 1873 1980 1911 unum
2004 1873 2070 1910 ex
2097 1857 2270 1926 parti-

692 1952 797 2006 bus
820 1951 1155 2014 coalescens,
1183 1951 1424 2006 Vetbum
1451 1950 1700 2005 divinum
1728 1951 1782 2004 in
1808 1949 1992 2019 seipso
2018 1949 2273 2004 conside-

691 2053 894 2105 ratum,
912 2043 1020 2097 erit
1043 2042 1334 2096 dimidium
1360 2044 1516 2096 unius
1536 2043 1600 2096 de
1619 2040 1965 2097 Sanctissima
1985 2041 2271 2104 Trimtate;

2982 758 3236 812 ΚΕΦΛΛ.
3266 762 3346 813 Δ’.

2441 850 2503 902 Εἰ
2535 849 2596 901 τὸ
2621 843 2700 914 εἷς
2736 847 2848 914 τῆς
2887 847 3129 914 Τριάδος
3156 849 3469 919 λεγόμενον,
3502 852 3682 905 κοινὸν
3710 854 3812 922 τῆς
3834 856 3956 909 θεό-

2367 959 2530 1013 τητος
2552 941 2646 994 καὶ
2675 941 2772 1009 ’ἧς
2813 940 3233 1012 ἀνθρωπότητος
3262 942 3501 1011 Χριστοῦ
3545 946 3711 1007 ἐστιν,
3745 945 3779 1016 ἢ
3811 949 3956 1001 κατά

2368 1033 2459 1088 τὸν
2495 1033 2660 1086 αὑτὸν
2689 1033 2850 1100 λόγον
2895 1033 3012 1086 Lari
3042 1035 3221 1085 κοινὸν
3243 1034 3320 1103 τῷ
3353 1035 3518 1106 Πατρ
3554 1040 3649 1089 καὶ
3667 1038 3748 1104 τῷ
3780 1039 3956 1092 Ilvati-

2372 1121 2581 1192 ματι,ἦ
2613 1120 2736 1174 καθ’
2751 1120 2942 1189 ἕτερον
2973 1122 3066 1174 καὶ
3087 1121 3276 1191 ἕτερον
3305 1141 3418 1186 πως
3449 1124 3508 1188 ἐξ
3527 1127 3729 1192 άμςτοίν
3750 1130 3955 1180 ἀποτεο

2370 1213 2632 1282 λουμένου
2668 1213 2844 1280 Λόγου
2887 1212 3002 1273 ἑνός
3027 1227 3042 1240 ·
3074 1213 3189 1265 ἀλλ’
3211 1214 3260 1264 εἰ
3289 1213 3388 1281 μὲν
3427 1216 3569 1268 κατὰ
3594 1217 3684 1269 τὸν
3715 1218 3884 1272 αὑτὸν
3923 1222 3956 1289 ἡ

2373 1306 2644 1366 κο.νωνία,
2676 1305 2892 1372 πρῶτον
2918 1304 3015 1373 μὲν
3044 1304 3156 1366 πῶ,
3193 1306 3291 1374 οὐχ
3353 1307 3689 1378 ἑμοούσιοςή
3723 1310 3959 1380 σαρξτῷ

2370 1397 2563 1466 Λόγῳ;
2596 1391 2716 1448 εἶτα
2747 1396 2923 1448 δὲκαὶ
2951 1397 3152 1466 τετρὰς
3193 1399 3255 1450 οὑ
3287 1400 3456 1469 Tm;
3488 1400 3547 1452 τὸ
3589 1400 3780 1466 Οεῖον;
3825 1405 3875 1454 εί
3903 1405 3958 1455 δὲ

2372 1486 2493 1538 καθ’
2525 1486 2712 1556 ἕτερον
2740 1486 2989 1538 κοιλωνεί
3015 1486 3044 1536 ὁ
3065 1487 3236 1552 Λόγος
3258 1487 3352 1538 καὶ
3378 1488 3497 1557 καθ’
3526 1488 3714 1558 ἓτερον
3751 1492 3784 1557 ἡ
3818 1490 3959 1559 σὰρξ

2371 1579 2448 1647 τῷ
2477 1579 2654 1647 Ilath
2691 1580 2787 1632 καὶ
2817 1580 2862 1630 Π
2899 1578 3097 1646 ε’ματι
3146 1579 3258 1629 τεὼ⁸
3285 1579 3346 1632 οὑ
3394 1578 3487 1632 δύο
3505 1581 3604 1643 τὰς
3631 1582 3739 1647 φὺσ
3778 1601 3825 1644 σς
3919 1625 3952 1650 λ.

2373 1670 2775 1739 ἀγίαςτριάδος
2806 1671 2954 1736 ε’σάζ
2971 1686 3056 1722 ετε
3077 1687 3092 1734 ;
3115 1672 3163 1722 εί
3186 1669 3243 1722 δὲ
3257 1671 3332 1734 ὡς
3349 1671 3469 1725 ελον
3485 1675 3547 1725 ἐκ
3577 1689 3640 1741 με
3650 1675 3762 1742 ρῶν
3790 1674 3854 1726 ea
3872 1669 3959 1738 εἷς

2372 1760 2483 1829 τῆς
2509 1760 2752 1828 Τριάεος
2774 1761 2986 1828 λέγετε,
3005 1779 3032 1814 ο
3054 1761 3183 1827 Θεὸς
3205 1763 3374 1833 Λογος
3398 1763 3503 1818 γαθ
3543 1766 3761 1829 ἑαυυον,
3780 1767 3837 1836 ἥ,
3931 1785 3957 1818 ο

2373 1852 2510 1918 ἐνὸς
2541 1851 2652 1919 τῆς
2672 1853 2846 1922 ἁγίας
2882 1853 3123 1920 Τριάδος
3147 1855 3302 1907 ἔσται
3325 1872 3338 1885 ο
3362 1859 3410 1908 εί
3433 1856 3490 1909 δὲ
3516 1858 3625 1926 ἄρα
3653 1859 3956 1928 καὶὸμοοὲο

2376 1960 2490 1996 σιον
2515 1943 2596 1996 δτῖ
2628 1944 2808 2011 λέγειν
2838 1947 2903 1997 ὲκ
2939 1944 3052 2006 δύο,
3091 1946 3181 1998 καῖ
3211 1947 3303 1999 τόν
3328 1948 3548 2018 Πατέρα.
3588 1951 3681 2002 καὶ
3699 1949 3761 2001 τὸ
3791 1951 3958 2003 [ἰν-ῦ-

2381 2054 2454 2105 μα
2485 2035 2758 2103 λέγοντες,
2776 2036 2835 2101 ἒξ
2862 2037 3104 2106 μονάδων
3130 2035 3268 2092 εἶναι
3289 2040 3386 2110 τῆς
3419 2041 3579 2110 άγίας
3604 2042 3838 2113 Τριάδος
3867 2045 3957 2095 τὸν

691 2149 754 2188 ac
777 2134 823 2187 si
851 2135 990 2189 forte
1013 2134 1308 2188 dicendum
1333 2135 1406 2187 sit
1434 2133 1907 2188 consubstantiale
1937 2149 2004 2186 ex
2031 2131 2271 2198 duobus,

2377 2129 2547 2195 Λόγον
2593 2127 2882 2181 δεδώκατε.
2917 2128 3059 2182 Ἀλλ’
3107 2124 3152 2183 ὦ
3203 2130 3302 2201 τὴν
3330 2131 3569 2187 διάνοιαν
3627 2136 3804 2202 ἰσχνοὶ
3863 2136 3958 2188 καὶ

693 2235 826 2279 tunc
863 2226 1076 2279 Patrem
1120 2234 1176 2279 et
1213 2225 1482 2294 Spiritum
1526 2232 1780 2279 sanctum
1818 2238 1944 2278 cum
1978 2237 2047 2278 eo
2079 2238 2274 2276 nume-

693 2322 900 2380 rantes,
937 2331 968 2370 e
1005 2330 1099 2369 sex
1143 2313 1476 2368 monadibus
1504 2313 1915 2368 Sanctissimam
1943 2312 2272 2366 Trinitatem

693 2419 948 2463 constare
980 2407 1252 2462 inferetis.
1289 2407 1620 2476 Respondeo
1649 2407 1878 2472 vobis,o
1910 2406 2274 2476 intelligentia

694 2499 1022 2564 imbecilles,
1048 2509 1322 2554 accurata:
1345 2515 1476 2553 vero
1499 2499 1932 2569 supputationis,
1958 2508 2019 2553 ut
2040 2499 2269 2569 putatis,

693 2592 1015 2662 peritissimi
1043 2610 1056 2646 :
1089 2591 1291 2662 primo,
1321 2607 1427 2646 non
1466 2592 1521 2646 in
1551 2601 1820 2661 quantum
1855 2591 2066 2660 aliquid
2101 2607 2273 2646 unum

691 2701 816 2740 esse
865 2701 930 2739 ex
983 2685 1262 2754 pluribus,
1313 2686 1368 2737 in
1419 2693 1632 2738 tantum
1677 2699 1973 2739 commune
2025 2699 2151 2738 cum
2188 2683 2277 2737 his

694 2777 948 2846 pluribus
997 2777 1315 2830 necessario
1363 2785 1480 2841 est,
1523 2777 1616 2831 sed
1658 2778 1715 2830 in
1757 2786 2027 2846 quantum
2068 2776 2278 2830 dicitur

697 2886 866 2924 unum
892 2884 1018 2923 cum
1039 2869 1296 2938 pluribus
1327 2885 1473 2924 esse.
1501 2868 1559 2923 Si
1583 2885 1718 2940 ergo
1743 2883 1888 2925 unus
1911 2869 1979 2923 de
2000 2869 2276 2923 Trinitate

695 2961 940 3014 Verbum
967 2959 1178 3013 dicitur
1203 2958 1507 3028 respective
1535 2958 1603 3011 ad
1627 2972 1914 3026 personam
1943 2957 2276 3027 (respective

693 3053 844 3106 enim
871 3051 938 3105 ad
970 3059 1248 3116 naturam,
1283 3067 1392 3104 non
1430 3060 1600 3104 unu'm
1631 3064 1700 3103 ex
1726 3049 1925 3112 tribus,
1963 3047 2061 3102 sed
2105 3061 2276 3100 unum

695 3159 821 3199 cum
854 3143 1075 3197 duobus
1106 3143 1413 3196 mstimatur
1440 3141 1712 3207 Verbum)
1736 3183 1750 3207 ,
1778 3149 1837 3195 et
1861 3139 2072 3193 nullam
2109 3137 2279 3192 habet

692 3235 800 3292 sub
834 3244 1087 3305 respectu
1151 3234 1389 3304 propria:
1416 3249 1528 3288 suae
1555 3247 1827 3304 personae,
1863 3231 1980 3286 sive
2009 3239 2135 3285 ante
2161 3230 2278 3284 sive

696 3339 820 3398 post
853 3329 1311 3392 incarnationem,
1341 3343 1464 3380 cum
1496 3328 1658 3381 Patre
1695 3336 1752 3381 et
1786 3327 1997 3395 Spiritu
2023 3338 2278 3378 commu-

696 3423 949 3483 nitatem,
991 3419 1122 3486 quia
1167 3426 1477 3486 neuterque
1509 3416 1754 3471 Verbum
1796 3425 1913 3480 est;
1962 3429 2142 3484 neque
2179 3430 2281 3468 un-

694 3524 883 3579 quam,
917 3517 980 3562 ut
1022 3507 1353 3577 simpliciter
1396 3522 1670 3576 personae,
1713 3507 1811 3560 ulli
1847 3521 2097 3575 personae
2124 3520 2280 3560 com-

699 3599 1042 3652 municabit:
1086 3597 1368 3667 quomodo
1412 3597 1582 3651 vultis
1621 3596 1936 3661 Christum,
1985 3597 2112 3666 qui,
2163 3605 2278 3650 tum

695 3699 975 3759 quatenus
1006 3687 1340 3755 simpliciter
1369 3687 1631 3752 Verbum,
1658 3695 1773 3741 tum
1805 3696 2078 3756 quatenus
2099 3686 2280 3740 incar-

696 3791 882 3844 natus,
913 3796 1056 3833 unus
1085 3788 1170 3832 est
1209 3779 1278 3831 de
1323 3778 1670 3833 sanctissima
1702 3779 1996 3842 Trimtate,
2025 3793 2277 3832 commu-

697 3875 882 3928 nicare
928 3887 1054 3926 cum
1100 3870 1321 3926 duabus
1360 3871 1484 3924 aliis
1523 3871 1780 3940 personis
1818 3871 1872 3924 in
1912 3870 2018 3924 boc
2051 3870 2279 3939 praecise

695 3979 809 4033 quo
848 3970 934 4017 est
977 3975 1148 4014 unum
1197 3975 1266 4014 ex
1308 3959 1489 4013 tribus
1535 3959 1815 4013 distinctis
1843 3959 1995 4028 (nam
2024 3971 2280 4026 persona:

699 4055 901 4109 divina:
931 4070 1039 4107 non
1078 4059 1207 4106 sunt
1238 4066 1408 4104 unum
1440 4060 1694 4121 respectu
1723 4067 1822 4104 seu
1853 4059 2068 4104 ratione
2100 4048 2278 4118 hypo-

701 4155 934 4210 staseos,
967 4145 1062 4200 sed
1099 4161 1270 4198 unum
1309 4158 1436 4198 vere
1471 4152 1600 4198 sunt
1640 4143 1854 4197 ratione
1889 4157 1986 4196 seu
2021 4147 2276 4208 respectu

699 4248 940 4305 natura),
993 4239 1223 4292 relative
1269 4237 1336 4291 ad
1377 4251 1542 4306 quam
1590 4251 1702 4290 non
1747 4243 1877 4288 sunt
1917 4234 2054 4297 tria,
2101 4234 2176 4286 ita
2221 4240 2280 4287 ut

697 4348 867 4386 unum
912 4347 980 4386 ex
1027 4331 1203 4385 tribus
1241 4331 1493 4384 dicamus
1533 4343 1657 4383 esse
1692 4325 2046 4395 Christum)?
2084 4325 2144 4378 ln
2175 4324 2281 4377 hoc

693 4424 918 4493 quidem
961 4437 1129 4476 sensu
1163 4421 1445 4476 Christum
1473 4420 1700 4474 relative
1732 4418 1802 4472 ad
1839 4419 1975 4472 alias
2012 4431 2281 4486 personas

696 4514 902 4568 habere
981 4513 1365 4567 tantummodo
1433 4511 1854 4566 similitudinem
1915 4509 2276 4562 arbitramur.

692 4605 994 4662 Evidenter
1032 4607 1181 4660 enim
1212 4620 1492 4674 personat,
1531 4619 1642 4658 non
1677 4601 1987 4672 respective
2013 4599 2084 4654 ad
2125 4615 2279 4653 suam

695 4699 1062 4769 hypostasim,
1093 4697 1189 4751 sed
1219 4696 1525 4765 respective
1549 4695 1618 4748 ad
1647 4695 1794 4748 illam
1831 4708 1955 4762 qua:
1984 4692 2118 4761 ipsis
2148 4691 2280 4744 sub-

2378 2220 2506 2288 περὶ
2528 2219 2630 2288 τὴν
2661 2219 2769 2272 τῶν
2792 2221 3009 2274 τιοῶνδε
3038 2222 3426 2292 ἀκριϐολογίαν
3457 2224 3642 2286 δεινοδ,
3663 2226 3737 2287 ὼς
3753 2227 3933 2278 οἴεσθε

2378 2311 2594 2378 πρῶτον
2631 2313 2729 2382 μὲν
2752 2312 2810 2364 οὑ
2843 2313 2965 2366 καο’
2992 2313 3020 2364 ὃ
3043 2314 3102 2366 ’ἐν
3131 2330 3184 2366 τι
3215 2310 3358 2368 εἶναι
3389 2315 3482 2367 καὶ
3517 2318 3582 2369 ὲκ
3610 2319 3717 2368 τὼν
3748 2319 3957 2370 πολλων

2377 2399 2688 2469 λέγεταίτι,
2720 2405 2861 2457 κατά
2889 2404 3048 2458 τοῦτο
3088 2407 3306 2468 πάντως
3337 2408 3431 2461 καὶ⁵
3467 2411 3643 2462 κοινὸν
3667 2405 3816 2462 εἶναι
3846 2414 3959 2472 τοῖς

2379 2493 2593 2557 πολλοῖς
2620 2495 2836 2566 ἀνάγκη
2855 2513 2870 2528 ο
2903 2497 3040 2550 ἀλλὰ
3065 2500 3200 2553 καοδ
3223 2500 3282 2553 ἓν
3309 2499 3450 2554 εἶναι
3476 2503 3716 2570 λέγεται,
3744 2503 3840 2555 καὶ
3868 2506 3961 2557 σὺν

2378 2586 2595 2650 πολλοῖς
2653 2581 2790 2641 εἶναι
2815 2602 2828 2616 ⁸
2859 2591 2909 2642 εί
2965 2587 3060 2644 οὖν
3106 2587 3188 2654 εἷς
3227 2594 3322 2662 τῆς
3363 2596 3523 2661 ἁγίας
3547 2593 3776 2664 Τριάδος
3819 2599 3960 2648 κατὰ

2377 2679 2476 2748 τὴν
2533 2678 2833 2732 ὑπόστασιν
2866 2684 2894 2734 ό
2919 2683 3088 2748 Λόγος
3139 2685 3370 2755 εἴρηται,
3402 2686 3544 2738 κατά
3583 2686 3686 2754 γὰρ
3737 2688 3841 2754 τὴν
3874 2688 3962 2738 οὑ-

2381 2766 2502 2816 σῖαν
2535 2766 2634 2836 οὑχ
2699 2766 2758 2819 ἒν
2804 2771 2867 2820 ὲκ
2900 2771 3090 2840 τριῶν,
3141 2773 3256 2824 αλλ’
3302 2769 3381 2836 εἷς
3417 2777 3534 2844 ἄμα
3563 2778 3662 2829 σὺν
3730 2780 3839 2838 rei,
3869 2777 3961 2829 δύο

2377 2853 2707 2918 δοξάζεταιὸ
2729 2857 2896 2924 Λόγο,
2963 2861 3056 2912 καὶ
3081 2861 3181 2913 οὑκ
3213 2863 3325 2932 ἔχει
3354 2865 3476 2916 τινὰ
3510 2866 3794 2918 κσ.νωνίαν
3820 2866 3959 2919 κατὰ

2378 2948 2478 3016 τὴν
2507 2947 2714 3002 οίκείαν
2745 2951 3060 3018 ὑπόστασιν,
3080 2952 3203 3007 οὔτε
3220 2955 3326 3026 πρὸ
3354 2958 3556 3028 σαρκὸς
3571 2958 3706 3028 πρὸς
3735 2959 3828 3011 τὸν
3849 2961 3959 3011 Πα-

2379 3039 2515 3108 τέρα
2547 3041 2578 3108 ἢ
2611 3040 2670 3094 τὸ
2706 3041 2928 3112 Πνεῦμα
2963 3045 3084 3098 οὑδὲ
3099 3049 3238 3116 μετά
3255 3047 3351 3118 τὴν
3365 3051 3566 3118 σάρκω
3587 3052 3712 3104 ἐπεὶ
3732 3051 3808 3122 μὴ
3830 3052 3958 3104 ταῦ-

2380 3132 2490 3184 ταὸ
2518 3133 2690 3201 Λόγος
2716 3135 2882 3188 ἐστίν’
2904 3137 3025 3190 ουδὲ
3051 3138 3159 3208 μὴν
3187 3139 3374 3204 ἀπλως
3403 3141 3479 3205 ὠς
3501 3143 3798 3207 ὑπόστασις
3826 3146 3959 3196 ὑπο·

2384 3223 2571 3275 στάσει
2603 3228 2926 3295 κοινωνήσει
2973 3225 3194 3282 πώποτε
3218 3245 3232 3261 ·
3269 3231 3385 3296 πῶς
3414 3233 3700 3288 κοινωνίαν
3726 3236 3834 3288 εἴτε
3863 3237 3963 3289 καὶ

2381 3313 2457 3375 ὡς
2484 3312 2674 3377 ἁπλῶς
2713 3315 2910 3383 Λόγου,
2957 3317 3068 3371 εἴτε
3100 3320 3195 3373 καὶ
3223 3321 3298 3385 ὼς
3338 3326 3764 3394 σεσαρκωμένου
3790 3328 3967 3397 ἤγουν

2333 3466 2350 3482 ‘
2383 3405 2620 3474 Χριστοῦ
2649 3407 2914 3476 ἐρωτᾶτε,
2949 3407 3043 3462 τοῦ
3065 3410 3184 3476 ἑνὸς
3211 3412 3308 3483 τῆς
3359 3415 3522 3483 ἁγίας
3549 3417 3796 3484 Τριάδος,
3820 3419 3937 3487 πρὸ
3953 3438 3970 3480 ,-

2381 3495 2453 3549 τὰ
2479 3497 2642 3568 ἔτερα
2671 3497 2766 3551 δύο
2797 3500 3089 3569 πρόσωπα,
3122 3504 3246 3556 κατ’
3278 3504 3412 3557 αὐτὸ
3443 3505 3606 3560 τοῦτο
3640 3508 3774 3561 καθὸ
3810 3508 3873 3561 ἓν
3899 3510 3969 3562 ὲκ

2379 3588 2490 3640 τῶν
2529 3589 2698 3658 τριῶν
2729 3591 3000 3660 ἀνομοίων
3027 3593 3174 3646 ἐστίν
3199 3610 3211 3622 ·
3249 3595 3370 3648 οὑδὲ
3396 3597 3505 3667 γάρ
3532 3597 3591 3649 ἓν
3614 3599 3692 3669 τῷ
3721 3601 3889 3668 λόγῳ,
3931 3604 3967 3672 ἦ

2379 3682 2458 3735 τῶ
2475 3683 2694 3753 ἀριθμῷ
2719 3683 2818 3754 τῆ..
2841 3686 3313 3751 ὑποστάσεώςείσι
3329 3691 3420 3742 οτδ
3437 3691 3544 3759 γὰρ
3572 3693 3630 3744 ἓν
3662 3695 3870 3759 αὑτοῖς,
3895 3700 3969 3766 τῇ

2379 3775 2537 3845 οὐσία
2559 3776 2707 3828 ἐστὶν
2736 3775 2974 3846 ἀληθῶς,
3007 3781 3100 3830 καὶ
3128 3779 3206 3848 τῷ
3221 3783 3319 3850 τῆς
3351 3783 3538 3845 οὐσίας
3559 3784 3778 3854 ἀριθμῷ
3799 3803 3810 3814 ·
3834 3789 3970 3840 καθ’

2379 3865 2444 3934 ἦν
2457 3866 2711 3920 οὐδέποτε
2733 3868 2852 3920 οὑδὲ
2875 3869 2999 3940 τρία
3012 3871 3172 3934 εἰσὶν,
3191 3871 3278 3925 ῐνα
3295 3872 3392 3926 ἕνα
3406 3873 3512 3926 τῶν
3530 3874 3693 3943 τριῶν
3703 3874 3856 3943 λέγοι
3866 3880 3974 3930 ιιέν

2379 3957 2470 4010 τὸν
2498 3959 2734 4029 Χριστόν
2755 3976 2767 3991 ·
2821 3961 2916 4012 καὶ
2951 3960 3087 4030 πρὸς
3123 3961 3193 4014 τὰ
3237 3963 3398 4034 ἕτερα
3427 3963 3601 4028 οὑτως
3625 3965 3770 4034 ἔχειν
3796 3966 3973 4020 αὑτὸν

2381 4051 2696 4115 σκοποῦμεν
2721 4051 2819 4120 τὴν
2839 4052 3098 4122 ὁμοίωσιν
3124 4069 3136 4082 ·
3160 4053 3318 4123 δῆλον
3337 4056 3446 4126 γὰρ
3463 4057 3606 4120 ὠςαί
3629 4057 3971 4122 ὑποστάσεις

2379 4143 2439 4194 οὑ
2496 4144 2641 4196 κατὰ
2693 4143 2792 4214 τὴν
2826 4144 3148 4210 ὑπόστασιν,
3179 4147 3318 4198 ἀ).λά
3363 4149 3506 4202 κατὰ
3535 4147 3633 4217 τὴν
3665 4150 3724 4203 ὲν
3765 4150 3975 4216 αὑταῖς

2379 4233 2588 4299 οὐσίαν,
2627 4235 2758 4306 μίαν
2784 4235 3082 4307 ἕχουσιτὴν
3106 4238 3531 4307 ἀπαράλλακτον
3559 4238 3719 4308 φύσιν
3739 4258 3753 4272 ·
3779 4241 3846 4293 ἐκ
3869 4243 3974 4296 τοῦ

2381 4327 2490 4397 γάρ
2525 4329 2700 4398 τ-ἀντη
2733 4329 2957 4392 ταύταις
2985 4327 3125 4383 εἶναι
3151 4331 3281 4400 μίαν
3314 4330 3569 4402 ὓπαρξιν,
3588 4333 3681 4385 καὶ
3710 4333 3810 4404 τὴν
3831 4351 3976 4388 ταυ-

2380 4422 2580 4490 τότητά
2615 4439 2796 4493 φαμεν
2818 4440 2830 4452 ο
2861 4424 3121 4491 ὁμοίωσις
3147 4425 3246 4493 μὲν
3277 4424 3347 4491 γά
3408 4423 3499 4478 τοῦ
3535 4425 3666 4478 Υίοῦ
3705 4425 3842 4496 πρὸς
3873 4428 3974 4482 τὸν

2383 4516 2636 4586 Πατέραο
2698 4516 2794 4568 καὶ
2845 4515 3010 4568 εἰκὼν
3047 4512 3187 4568 εἶναι
3227 4517 3324 4569 τοῦ
3376 4518 3587 4588 [ἰατρὸς
3612 4520 3639 4570 ό
3670 4518 3792 4581 ne;
3837 4520 3974 4574 τότε

2382 4606 2727 4673 λέγεται,ὃτε
2765 4608 2862 4659 σὺν
2893 4610 2960 4676 τῇ
2995 4607 3174 4675 φύσει,
3202 4610 3297 4660 καὶ
3321 4610 3384 4661 τὸ
3409 4609 3604 4679 ἰδίωμα
3633 4609 3784 4663 τοῦδε
3819 4617 3975 4666 νοεῖ-

2382 4715 2494 4761 ται,
2537 4699 2704 4767 ἤγουν
2727 4699 2788 4750 τὸ
2811 4697 2871 4762 ἐξ
2911 4699 3087 4751 αίτίου
3109 4717 3122 4730 ο
3152 4699 3328 4762 οὕτως
3360 4702 3468 4771 γὰρ
3501 4702 3594 4754 καὶ
3620 4705 3713 4772 τῆς
3749 4703 3975 4768 εἰκόνος

693 4798 781 4842 est
814 4788 1135 4850 essentiam,
1179 4786 1342 4839 unica
1388 4784 1633 4855 gaudent
1674 4783 1998 4838 indivisibili
2037 4792 2274 4836 natura:

2384 4789 2411 4840 ὁ
2440 4786 2598 4854 λόγος
2629 4787 2768 4856 μετὰ
2805 4786 2900 4838 τοῦ
2945 4787 3127 4840 κοινοῦ
3155 4788 3255 4855 τῆς
3283 4790 3601 4858 ὁμοιώσεως
3634 4790 3744 4858 ἔχει
3783 4792 3885 4843 καὶ
3911 4795 3976 4846 τὸ

695 4895 765 4934 ex
801 4895 869 4933 eo
905 4878 1054 4947 quod
1103 4885 1288 4931 autem
1334 4876 1499 4930 unica
1529 4876 1609 4930 eis
1643 4875 1775 4929 insit
1807 4874 2135 4938 substantia,
2169 4873 2276 4926 hoc

695 4985 1082 5039 nuncupamus
1115 4969 1482 5023 identitatem.
1529 4968 1746 5022 Relatio
1775 4967 1894 5020 Filii
1942 4965 2010 5018 ad
2055 4965 2273 5018 Patrem

693 5073 780 5119 est
802 5061 1106 5118 similitudo
1137 5079 1149 5114 :
1173 5076 1239 5116 ac
1263 5060 1440 5115 Patris
1465 5061 1640 5129 imago
1665 5059 1836 5113 Filius
1860 5055 2025 5110 toties
2048 5055 2273 5119 dicitur,

690 5154 911 5224 quoties
936 5169 1062 5207 cum
1105 5161 1301 5206 natura
1345 5151 1508 5206 simul
1538 5151 1820 5220 proprium
1857 5148 2031 5218 ipsius
2057 5157 2276 5217 specta-

689 5253 784 5300 tur
819 5246 1170 5308 attributum,
1217 5244 1365 5314 quod
1406 5251 1492 5298 est
1530 5259 1638 5296 esse
1673 5259 1704 5296 a
1763 5241 2055 5311 principio.
2084 5238 2276 5306 Quoad

693 5337 871 5391 ideam
925 5335 1206 5406 imaginis,
1255 5343 1452 5404 praeter
1496 5348 1846 5388 communem
1897 5329 2279 5384 similitudinis

693 5430 987 5493 rationem,
1022 5429 1126 5482 hoc
1159 5426 1326 5481 habet
1361 5425 1616 5495 speciale,
1648 5439 1845 5493 nempe
1885 5421 2030 5491 quod
2065 5436 2173 5474 non
2207 5420 2277 5473 sit

690 5530 1042 5593 prototypus,
1073 5519 1167 5574 sed
1195 5517 1526 5587 exemplaris
1550 5516 1782 5570 imitatio
1807 5533 1820 5568 :
1850 5514 1996 5582 quod
2017 5523 2102 5568 est
2137 5513 2276 5566 ima-

691 5615 834 5685 ginis
879 5614 1211 5684 proprietas.
1259 5612 1397 5667 Cum
1448 5626 1582 5666 vero
1623 5609 1815 5664 ambas
1853 5609 1975 5663 illas
2011 5621 2277 5678 personas

692 5707 797 5760 sub
826 5713 1081 5776 respectu
1108 5721 1298 5759 earum
1327 5712 1538 5758 naturae
1566 5702 2004 5767 consideramus,
2028 5701 2142 5770 jam
2165 5715 2288 5779 non

693 5806 776 5850 est
810 5797 965 5852 locus
993 5797 1212 5852 dicendi
1241 5799 1681 5864 similitudinem,
1706 5799 1833 5869 quia
1859 5813 1968 5852 non
1999 5805 2084 5851 est
2109 5796 2275 5850 altera

693 5889 852 5944 alteri
880 5889 1078 5944 collata
1111 5909 1122 5944 :
1159 5892 1308 5945 nulla
1350 5892 1495 5946 enim
1533 5892 1813 5946 videbitur
1843 5891 2146 5957 distinctio,
2183 5890 2278 5945 sed

2385 4879 2460 4947 μὴ
2491 4879 2848 4948 πρωτότυπον
2883 4873 3026 4932 εἶναι
3074 4878 3189 4930 ἀλλ’
3218 4883 3282 4932 ὲκ
3332 4880 3794 4950 παραδείγματος,
3834 4883 3976 4938 ἴδιον

2378 4968 2546 5038 αὑτῆς
2570 4969 2700 5022 ὄντα
2719 4967 2876 5036 λόγον
2896 4985 2912 5000 ο
2934 4970 3023 5022 ὅτε
3048 4969 3104 5022 δὲ
3129 4970 3252 5022 καθ’
3271 4970 3440 5041 αὑτὴν
3459 4971 3557 5042 τὴν
3577 4973 3766 5027 οὐσίαν
3791 4974 3975 5045 ἄμφω

2377 5061 2486 5113 τῶν
2510 5061 2862 5114 ὑποστάσεων
2883 5061 3080 5126 αὑτοὺς
3099 5063 3348 5132 νοοῦμεν,
3365 5062 3490 5117 οὔτε
3505 5065 3760 5134 ὁμοίωσιν
3775 5066 3976 5121 λοιπίν

2379 5152 2685 5221 ἕστιλέγειν
2705 5170 2719 5183 ’
2751 5154 2876 5207 ἐπεὶ
2911 5155 2986 5226 μὴ
3020 5154 3342 5228 εστινὲτέρα
3357 5157 3494 5228 πρὸς
3517 5158 3710 5228 ἑτέραν
3741 5174 3979 5230 συγκρι-

2383 5246 2588 5314 νομένη
2609 5261 2622 5274 °
2653 5245 2883 5314 οὐδεμία
2923 5248 3032 5317 γὰρ
3064 5246 3365 5318 ὀφθήσεται
3394 5249 3671 5321 ἑτερότης,
3705 5248 3844 5303 ἀλλὰ
3872 5253 3974 5320 μό-

2383 5354 2473 5389 νον
2527 5337 2836 5407 ταυτότητα
2864 5339 3037 5408 αὑτῆς
3067 5339 3278 5402 ὲνιαίω,
3317 5339 3512 5410 ἴσμεν·
3548 5343 3598 5393 εί
3621 5336 3714 5395 οὖν
3754 5344 3851 5395 καὶ
3891 5343 3974 5413 μὴ

2380 5423 2525 5478 κατά
2571 5424 2730 5494 λόγον
2775 5426 2874 5498 τὴν
2923 5427 3195 5500 ἐρώτησιν
3243 5446 3620 5500 προσαγαγεον
3647 5429 3970 5500 δεδύνησθε,

2382 5516 2530 5585 ὅμως
2563 5518 2748 5583 μέντοι
2797 5519 2939 5572 κατὰ
2961 5519 3059 5589 τὴν
3093 5521 3231 5573 ἰδίαν
3251 5522 3537 5574 κοινωνίαν
3570 5521 3664 5574 τοῦ
3687 5525 3973 5577 Δεσπότου

2384 5610 2541 5679 ἡμῶν
2575 5609 2750 5679 Ἰησοῦ
2775 5611 3013 5681 Χριστοῦ
3031 5615 3427 5685 φανταζόμενοι
3448 5614 3571 5667 τάδε
3601 5615 3971 5678 πυνθάνεσθε.

2382 5701 2588 5773 ταύτην
2619 5701 2856 5772 λήψεσθε
2885 5704 3016 5774 παρ’
3047 5707 3080 5774 ἡ
3091 5705 3207 5774 μῶν
3231 5706 3330 5776 τὴν
3363 5707 3673 5778 ἀπόκρισιν,
3704 5708 3780 5772 ὡς
3802 5711 3835 5761 ό
3863 5711 3974 5764 Λό-

2385 5813 2478 5863 γος
2504 5794 2562 5848 ἓν
2594 5796 2885 5864 πρόσωπον
2934 5797 3054 5850 ὅλον
3082 5798 3364 5869 ὑπάρχων,
3421 5801 3520 5870 μία
3555 5815 3615 5851 τε
3663 5800 3972 5866 ὑπόστασις

2386 5889 2483 5957 τῆς
2507 5889 2670 5957 ἁγίας
2711 5890 2970 5960 Τριάδοςο
3006 5891 3065 5955 ἐξ
3097 5891 3447 5945 ὑποστάσεων
3477 5892 3586 5962 γάρ
3641 5893 3701 5944 οὑ
3749 5894 3974 5962 φύσεων
