4194 6446
226 372 362 440 1768
384 387 411 415 ⁸

1184 385 1581 448 ADVERSUS
1616 389 2412 456 NESTORIANOS.-LIB.
2455 400 2580 459 VII.

3323 411 3456 473 1768
3480 414 3510 454 δ

221 489 284 540 τὺ
326 488 612 558 τριαδικδν
647 491 1017 544 συνείλεκται·
1051 493 1342 565 ἐσαρκὼοη
1379 498 1408 548 6
1435 496 1623 568 πρώην
1644 500 1810 568 ἄσαρι

1921 517 2130 557 meram
2160 503 2363 576 ubique
2394 508 2599 564 scimus
2626 511 2817 568 adesse
2849 511 3221 570 identitatein.
3249 518 3510 584 Quamvis

221 595 319 641 κος
360 579 456 631 καὶ
492 580 606 633 εστι
639 582 893 652 Χριστὸς,
921 583 976 646 ὃς
1003 586 1065 637 ἐκ
1104 585 1304 655 μέρους
1331 588 1496 640 αὐτοῦ
1519 590 1686 658 ἧγουν
1718 595 1815 660 τῆς

221 675 355 741 μιᾶς
385 673 497 725 τῶν
525 676 577 726 ει
607 675 760 745 αὐτῷ
779 675 995 744 φύσεων
1019 678 1212 740 κοινῶς
1251 678 1311 731 τέ
1343 680 1459 732 ἐστι
1492 681 1586 733 καὶ
1619 681 1814 751 όμοοῦ-

215 775 336 824 σιος
368 763 465 815 καὶ
488 761 569 825 είς
596 767 662 834 τῇ
688 766 870 832 φύσει,
915 767 1012 820 σὺν
1042 766 1118 836 τῷ
1151 767 1325 838 [Ιατρῖ⁵
1353 769 1432 821 τῶ
1466 769 1680 839 ἀγαθῷ,
1723 771 1818 824 καὶ

213 852 294 924 τῷ
324 854 469 926 ἁγίῳ
498 855 664 910 αὑτοῦ
693 850 972 928 Πνεύματι
1006 859 1130 913 κατ’
1152 859 1342 914 οὐσίαν
1378 864 1563 924 αὐτοῖς
1595 863 1812 933 ἡνωμέ-

213 961 318 1007 νος
397 946 491 998 καὶ
521 943 646 999 οὔτε
679 947 1022 1018 πλεονασμὸν
1075 949 1107 1017 ἢ
1142 948 1320 1017 λεῖψιν
1365 950 1717 1004 ὐποστάσεων
1740 954 1807 1022 τῇ

212 1035 352 1108 ἁγίᾳ
385 1037 578 1109 Τριάδι
613 1037 981 1108 παρίστησιν
1030 1040 1189 1110 είπερ
1217 1042 1439 1108 ὁΛόγος
1490 1042 1588 1110 μία
1640 1059 1701 1096 τε
1747 1038 1816 1112 ἦν

214 1129 527 1192 ὑπόστασις
577 1130 684 1200 πρὸ
726 1133 930 1202 σαρκὸς
972 1133 1064 1186 καὶ
1117 1133 1256 1204 μετὰ
1307 1133 1519 1204 σάρκαο
1545 1133 1659 1190 ἀλλ’
1692 1135 1816 1189 οὐτε

209 1220 460 1274 ἐλάττων
487 1221 649 1284 αὐτὸς
685 1221 816 1292 μιᾶς
846 1224 1200 1289 ὑποστάσεως
1230 1218 1371 1278 εἶναι
1405 1224 1513 1296 πρὸ
1549 1226 1648 1295 τῆς
1681 1243 1815 1298 σαρ-

210 1311 309 1373 κὸς
336 1311 621 1365 δείκνυται
649 1313 709 1364 ὲν
747 1313 811 1383 τῇ
843 1313 977 1384 ἁγίᾳ
1000 1314 1190 1384 Τριάδι
1224 1314 1466 1384 δηλονότι
1486 1332 1500 1346 ο
1536 1315 1658 1368 οὐδὲ
1708 1315 1817 1385 γὰρ

211 1401 517 1471 πρόσθεσιν
563 1403 919 1467 ὑποστάσεως
974 1404 1363 1474 ὲπιδεξάμενος
1409 1405 1511 1474 τὴν
1557 1406 1653 1458 νῦν
1702 1405 1815 1476 ἔχει

207 1491 532 1564 τελειότητα
563 1495 663 1564 τῆς
697 1495 1061 1560 ὑποστάσεως
1084 1515 1098 1528 ·
1127 1496 1244 1550 ἀλλ’
1276 1498 1344 1567 ἢν
1371 1493 1485 1567 εἶχε
1519 1498 1677 1567 μόνον
1725 1498 1816 1551 κέ-

208 1600 434 1649 κτηται,
471 1585 568 1636 καὶ
608 1585 750 1654 μετὰ
781 1584 882 1658 τὴν
934 1587 1255 1658 προσθήκην
1301 1583 1370 1657 ἦς
1415 1587 1516 1640 οὐκ
1544 1582 1657 1658 εἶχε
1714 1589 1816 1657 φύ-

211 1691 386 1739 σεως·
421 1677 517 1728 καὶ
571 1677 742 1742 οὕτως
774 1680 931 1732 ἔσται
961 1679 1091 1750 ὑμῖν
1139 1681 1218 1743 είς
1269 1679 1425 1733 οὐδὲν
1469 1680 1812 1750 ἀναλυομένη

210 1768 372 1821 πᾶσα
409 1767 520 1820 τῶν
542 1767 859 1824 διπλώσεων
891 1772 984 1826 ἐπὶ
1015 1772 1116 1836 τὰς
1152 1771 1486 1841 τριπλώσεις
1509 1774 1543 1842 ἡ
1571 1772 1811 1844 ψηφολο-

1928 593 2095 662 igitur
2132 596 2273 650 hanc
2321 613 2545 655 movere
2590 604 2950 670 quaestionem
2984 608 3333 665 rationaliter
3362 611 3511 666 haud

1925 687 2243 752 potueritis,
2292 688 2422 759 quia
2467 696 2647 745 tamen
2691 708 2814 762 qua:
2843 696 2916 751 sit
2946 701 3375 756 communicatio
3403 702 3513 757 Do-

1925 776 2060 831 mini
2107 781 2282 834 nostri
2334 782 2463 835 .Iesu
2523 783 2727 839 Christi
2779 786 2836 840 in
2891 798 3074 844 vestra
3118 792 3514 863 imaginatione

1925 868 2195 937 quaeritis,
2217 870 2322 925 hoc
2339 873 2621 943 accipietis
2639 891 2669 929 a
2687 878 2846 932 nobis
2867 895 3220 950 responsum.
3248 885 3511 952 Verbum,

1925 957 2072 1028 quod
2105 967 2192 1014 est
2227 977 2395 1015 unum
2428 965 2775 1033 suppositum
2801 972 3134 1040 completum
3166 983 3226 1027 et
3256 990 3365 1028 una
3393 993 3512 1047 per-

1925 1061 2060 1102 sona
2087 1050 2447 1106 sanctissima:
2477 1052 2766 1110 Trinitatis
2795 1057 2882 1126 (ex
2911 1063 3163 1128 personis
3188 1063 3362 1128 enim,
3403 1080 3516 1120 non

1925 1154 1991 1193 ex
2020 1140 2234 1195 naturis
2261 1149 2453 1198 ternus
2479 1144 2758 1215 colligitur
2786 1153 3096 1221 numerus),
3135 1166 3263 1208 caro
3306 1155 3514 1212 [aetum

1925 1239 2031 1293 est,
2063 1245 2187 1284 cum
2223 1241 2384 1286 antea
2417 1234 2535 1287 sine
2582 1250 2748 1290 carne
2779 1248 2945 1304 esset,
2974 1247 3031 1294 et
3078 1255 3226 1298 nunc
3246 1254 3329 1300 est
3355 1241 3516 1312 Chri-

1925 1327 2064 1383 stus,
2102 1321 2196 1390 qui
2235 1337 2302 1374 ex
2331 1331 2486 1390 parte
2531 1324 2614 1377 sui
2662 1323 2859 1394 ipsius,
2909 1324 3170 1385 videlicet
3208 1335 3513 1391 secundum

1924 1425 2091 1465 unam
2119 1425 2149 1465 e
2183 1416 2300 1467 suis
2336 1412 2572 1480 naturis,
2606 1417 2920 1472 communis
2957 1429 3042 1473 est
3073 1422 3517 1479 consubstantia-

1924 1501 2104 1572 lisque
2129 1507 2185 1558 et
2217 1521 2360 1560 unus
2389 1514 2585 1561 natura
2618 1523 2743 1562 cum
2791 1508 2954 1565 Patre
2989 1513 3199 1582 Optimo
3228 1524 3283 1570 et
3322 1525 3516 1571 sancto

1924 1594 2044 1664 ejus
2078 1593 2310 1664 Spiritu,
2351 1598 2564 1653 ratione
2609 1601 2863 1656 essentia:
2897 1602 3030 1672 ipsis
3069 1605 3277 1661 unitus.
3324 1607 3515 1678 Neque

1924 1693 2279 1752 augmentum
2314 1686 2399 1740 vel
2431 1685 2873 1744 imminutionem
2919 1693 3079 1748 aﬂ‘ert
3117 1713 3352 1752 numero
3384 1715 3514 1768 pcr-

1924 1788 2179 1828 sonarum
2221 1776 2583 1833 sanctissima:
2613 1778 2903 1837 Trinitatis
2931 1801 2942 1836 :
2971 1784 3246 1855 siquidem
3276 1789 3515 1847 Verbum

205 1857 331 1925 γία,
387 1859 482 1911 καὶ
517 1861 667 1913 πᾶσα
704 1862 736 1930 ἠ
777 1863 920 1932 ὑμὰς
947 1862 1042 1916 τοῦ
1074 1863 1365 1930 ἀλογίστου
1398 1863 1553 1934 ὑμῶν
1575 1864 1805 1917 καταλόο

1916 1863 2077 1916 unica
2108 1872 2234 1918 ante
2264 1865 2725 1934 incarnationem,
2749 1871 2914 1926 unica
2935 1883 3059 1942 post
3078 1876 3512 1936 incarnationem

207 1967 310 2016 γον
348 1951 588 2018 εὐλόγως
638 1953 772 2022 ἡμῖν
816 1953 1315 2024 παραλογισθεῖσαο
1348 1949 1428 2018 εἷς
1461 1956 1568 2027 γὰρ
1593 1955 1728 2018 ὅλως
1752 1957 1815 2008 ἐκ

207 2042 410 2110 τριῶν.
434 2035 479 2095 ὦ
514 2043 736 2115 δοκήσει
774 2046 953 2114 σοφοὶ,
1011 2046 1071 2098 οὐ
1123 2047 1266 2100 κατὰ
1299 2047 1590 2101 κοινωνίαν
1625 2048 1654 2100 6
1690 2048 1817 2117 Χρι-

208 2128 372 2193 στός·
402 2126 483 2194 εἷς
513 2132 577 2202 δὴ
637 2133 735 2186 σὺν
765 2136 880 2196 τοῖς
925 2133 1134 2199 λοιποῖς
1183 2135 1276 2190 δύο
1315 2137 1631 2205 προσώποις
1674 2137 1813 2189 κατὰ

206 2222 312 2293 τὴν
340 2221 629 2276 κοινωνίαν
655 2227 754 2294 τῆς
785 2226 916 2294 μιᾶς
937 2226 1046 2278 τῶν
1084 2227 1142 2280 ὲν
1168 2227 1318 2298 αὐτῷ
1355 2227 1594 2297 φύσεως,
1614 2227 1674 2279 οὐ
1705 2227 1814 2298 μὴν

205 2313 320 2366 τῶι
349 2316 407 2366 ὲν
437 2315 587 2386 αὐτῷ
612 2315 706 2369 δύο
740 2317 959 2385 φύσεων
985 2336 997 2348 ·
1038 2319 1136 2374 οὐκ
1163 2320 1217 2372 εἴ
1237 2319 1358 2373 τιδὲ
1389 2321 1463 2390 μὴ
1501 2321 1566 2373 ὲκ
1590 2319 1814 2371 πάντων

206 2404 318 2459 τῶν
344 2407 543 2460 ἑαυτοῦ
568 2411 816 2463 κοινωνεῖ
833 2427 960 2477 τινι,
987 2411 1105 2464 οὐδὲ
1129 2411 1308 2466 κοινὸν
1337 2411 1490 2465 ἔσται
1505 2411 1643 2480 πρὸς
1664 2411 1802 2472 αὐτό,

1925 1951 2030 2007 fuit
2061 1969 2318 2023 persona,
2349 1965 2404 2011 et
2434 1957 2612 2026 ipsum
2643 1974 2754 2014 non
2786 1963 3029 2019 caruisse
3063 1966 3341 2038 hypostasi
3386 1977 3513 2030 ante

1927 2043 2365 2100 incarnationem
2412 2047 2701 2104 evidenter
2734 2050 3148 2110 demonstratur
3182 2059 3238 2112 in
3282 2062 3513 2118 sanctis-

1923 2137 2060 2190 sima
2117 2136 2440 2192 Trinitate:
2497 2141 2542 2195 si
2589 2143 2736 2196 enim
2772 2125 3083 2214 perfectam
3143 2166 3291 2208 nunc
3344 2154 3514 2210 habet

1923 2227 2296 2298 hypostasim,
2352 2245 2465 2284 non
2527 2233 2674 2301 quod
2732 2234 3095 2306 hypostaseos
3153 2253 3512 2314 augmentum

1924 2320 2252 2390 susceperit,
2283 2321 2378 2377 sed
2413 2338 2577 2392 quam
2619 2327 2775 2396 prius
2801 2329 3057 2398 habebat,
3101 2334 3205 2390 hac
3231 2337 3347 2392 sola
3376 2354 3512 2408 gau-

1927 2409 2039 2478 det,
2071 2413 2240 2467 etiam
2267 2422 2393 2483 post
2417 2415 2716 2474 a'dditionis
2743 2421 2889 2477 illius
2915 2441 3078 2494 quam
3107 2441 3217 2482 non
3245 2429 3508 2499 habebat,

206 2512 448 2558 naturae.
477 2502 546 2559 Et
579 2505 658 2560 sic
681 2505 841 2562 vobis
867 2509 923 2561 in
949 2508 1183 2562 nihilum
1237 2507 1460 2562 redacta
1493 2505 1605 2560 ruit
1637 2505 1819 2559 omnis
1849 2506 2287 2574 duplicationum
2319 2523 2487 2580 supra
2514 2513 2916 2584 triplicationes
2945 2531 3330 2593 congestarum
3373 2542 3510 2599 sup-

208 2597 469 2668 putatio,
521 2608 577 2654 et
627 2608 748 2656 tota
789 2601 882 2657 illa
926 2602 1419 2658 innumerabilium
1475 2600 1814 2656 calculorum
1854 2616 2090 2668 summa,
2167 2605 2375 2660 erroris
2409 2608 2608 2664 merito
2648 2628 2679 2666 a
2743 2615 2908 2671 nobis
2950 2621 3226 2677 convicta.
3264 2622 3508 2694 Etenim,

205 2707 240 2747 ο
277 2707 379 2748 vos
417 2695 473 2748 in
504 2704 689 2750 vestra
731 2698 996 2766 opinione
1038 2700 1336 2769 sapientes,
1413 2697 1667 2752 Christus
1707 2713 1850 2751 unus
1895 2707 1981 2752 est
2022 2713 2086 2752 ex
2144 2698 2345 2768 tribus,
2397 2705 2516 2759 sine
2563 2714 3089 2784 communicatione,
3135 2733 3280 2775 unus
3323 2731 3508 2778 autem

204 2795 294 2841 est
363 2802 490 2842 cum
555 2789 772 2846 duabus
811 2791 936 2846 aliis
976 2794 1230 2862 personis
1270 2808 1370 2862 per
1406 2793 1963 2848 communicationem
1997 2795 2180 2862 unius,
2230 2813 2341 2852 non
2391 2815 2526 2855 vero
2555 2805 2841 2875 utriusque
2888 2823 3112 2866 suarum
3147 2822 3499 2892 naturarum;

205 2881 464 2952 quamvis
514 2891 699 2938 autem
756 2884 967 2954 aliquid
1011 2886 1170 2942 alteri
1206 2901 1317 2940 non
1359 2884 1731 2940 communicet
1795 2901 1862 2938 ex
1938 2885 2194 2940 omnibus
2240 2888 2377 2955 suis,
2429 2906 2537 2943 non
2576 2892 2700 2948 ideo
2733 2911 3024 2956 commune
3069 2917 3192 2960 cum
3239 2907 3337 2964 illo
3397 2928 3510 2968 non

203 2973 334 3030 erit.

841 3076 1096 3130 ΚΕΦΛΛ.
1139 3075 1216 3130 Ε’.

281 3169 348 3222 Ei
385 3169 442 3222 τὺ
473 3164 562 3236 εἷς
590 3168 700 3238 τῆς
735 3166 976 3235 Τριόδος
1033 3168 1098 3220 ἐκ
1151 3167 1408 3236 Θεότητος
1463 3169 1558 3221 καὶ
1610 3165 1812 3236 σαρκὸς

209 3262 564 3331 σημαίνεται,
610 3259 728 3323 πῶς
757 3260 856 3313 οὐκ
892 3259 1047 3313 ἔσται
1074 3258 1173 3329 τῆς
1197 3257 1425 3329 Τριάδος
1450 3260 1542 3313 καὶ
1563 3261 1596 3329 ή
1635 3257 1806 3326 σάρξς

208 3358 258 3408 εἰ
284 3355 345 3408 δὲ
383 3355 416 3426 ἡ
443 3353 576 3421 ἁγία
608 3351 782 3421 Τριὰς
802 3353 942 3406 κατά
971 3370 1024 3405 τι
1051 3353 1219 3423 μονάς
1251 3353 1390 3416 ἐστι,
1412 3353 1515 3406 οὐκ
1544 3352 1695 3404 ἔσται
1720 3353 1811 3404 καὶ

206 3447 310 3518 τῆς
346 3444 579 3514 μονάδος
615 3445 648 3514 ὴ
685 3442 826 3513 σάρξ
849 3460 864 3474 ο
895 3444 942 3496 εί
977 3443 1033 3495 δὲ
1062 3442 1161 3512 τῆς
1196 3442 1426 3512 μονάδος
1452 3445 1487 3513 ἡ
1520 3440 1677 3513 σὰρξ,
1698 3459 1812 3494 κτι-

211 3538 316 3608 στὴ
343 3536 400 3590 δὲ
433 3536 595 3605 αὕτη,
631 3536 749 3598 πῶς
781 3536 1039 3598 ἄκτιστος
1086 3537 1118 3604 ὴ
1155 3535 1359 3604 μονάς;
1403 3535 1564 3588 Ἀλλὰ
1609 3535 1693 3592 τίς
1745 3533 1810 3585 ἂν

207 3630 298 3684 εἴη
330 3627 489 3697 λόγος
529 3628 657 3697 ὑμῖν
690 3627 720 3680 6
761 3626 1047 3696 παριστῶν
1101 3626 1164 3678 τὸ
1214 3625 1354 3679 κατά
1397 3643 1451 3678 τι
1493 3625 1804 3686 κοινωνοῦν,

207 3703 437 3784 παντως
462 3719 718 3775 καὶκατὰ
744 3717 920 3770 πάντα
952 3719 1229 3771 κοινωνεῖν
1259 3717 1608 3785 ἀναγκαίωςς
1641 3717 1688 3769 εἰ
1712 3713 1806 3769 οὖν

207 3816 243 3881 ἡ
280 3810 421 3881 σὰρξ
452 3809 824 3878 κεκοινώνηκε
855 3810 922 3878 τῇ
947 3808 1166 3876 Θεότητι
1198 3808 1343 3860 κατὰ
1374 3808 1474 3878 τὴν
1509 3808 1808 3861 ὑπόστασιν

207 3902 307 3956 τοῦ
345 3902 548 3968 Λόγου,
581 3901 656 3962 ὡς
680 3899 772 3953 διὰ
794 3898 956 3952 τοῦτο
989 3901 1086 3953 καὶ
1118 3898 1337 3968 ἀληθῶς
1369 3900 1467 3952 σὺν
1499 3897 1648 3968 αὐτῷ
1670 3894 1807 3952 εἶναι

212 3992 349 4063 μιᾶς
405 3993 512 4044 τῶν
567 3986 816 4056 μονάδων
869 3990 970 4060 τῆς
1008 3989 1172 4057 ἁγίας
1221 3987 1473 4059 Τριάδος,
1506 3989 1672 4057 ἤγουν
1706 3989 1806 4060 τῆς

210 4083 589 4152 ὑποπατικῆς
611 4081 988 4152 ἁριθμήσεως,
1013 4082 1099 4144 τίς
1118 4082 1147 4132 6
1183 4079 1502 4150 βιαζόμενος
1523 4078 1678 4148 λόγος
1694 4097 1808 4132 κοιν-

210 4173 460 4247 τωνῆσαι
501 4175 671 4245 αὐτὴν
701 4174 797 4228 καὶ
834 4171 913 4242 τῷ
945 4172 1194 4226 οὐσιῶδει
1226 4173 1384 4244 Λόγῳ
1405 4174 1502 4243 τῆς
1531 4173 1804 4244 θεότητος,

208 4264 386 4338 ἦγονν
429 4265 509 4336 τῷ
552 4266 654 4336 τῆς
679 4265 896 4334 φύσεως
924 4265 1069 4334 λόγῳ
1097 4264 1242 4317 κατὰ
1274 4264 1336 4318 τὸ
1366 4264 1656 4335 μοναδικὺν
1706 4265 1806 4335 τῆς

211 4359 507 4430 ὑπάρξεως
543 4359 646 4426 τῆς
672 4358 823 4422 Θείας
860 4357 1526 4428 ωμπεριλαμὸανομένην
1581 4360 1677 4413 σὺν
1712 4359 1802 4412 αὺ-

207 4455 317 4523 τῇς
357 4451 425 4504 δι’
457 4450 590 4506 αὐτὸ
623 4451 737 4520 γὰρ
781 4450 846 4521 δὴ
890 4449 1052 4503 τοῦτο
1079 4450 1389 4504 τούναντίον
1432 4450 1614 4523 φαμὲν
1646 4452 1806 4522 ἡμεῖς

205 4544 328 4606 τοῖς
351 4541 638 4613 ὑμετέροις
659 4559 674 4574 ·
699 4543 787 4594 ὅτι
841 4543 967 4595 ἐπεὶ
989 4541 1187 4610 ἐκείνῳ
1206 4541 1284 4612 τῷ
1299 4541 1459 4612 Λόγῳ
1493 4539 1631 4615 ἔφθη
1666 4542 1808 4597 κατὰ

210 4635 318 4706 τὴν
356 4625 607 4687 εὐδοκίαν
648 4635 750 4702 τῆς
798 4633 1112 4703 οἰκονομίας
1143 4633 1411 4704 ὲνωθῆναι
1457 4637 1524 4704 τῇ
1577 4636 1741 4706 σαρκὶ
1774 4637 1807 4705 ἡ

213 4721 438 4796 θεότης,
496 4724 620 4778 καθ’
670 4723 699 4776 6
746 4724 843 4778 καὶ
887 4723 1024 4793 πρὸς
1074 4722 1276 4794 ἑαυτήν
1326 4739 1444 4788 πως
1489 4724 1811 4797 διαφέρεται

215 4817 392 4885 ἤγουν
419 4815 563 4870 κατὰ
585 4813 686 4885 τὴν
719 4814 1040 4882 ὑπόστασιν,
1062 4814 1498 4886 ὡμολογημένως
1529 4817 1630 4868 οὐκ
1657 4815 1811 4869 ἔσται

213 4907 358 4979 πρὸς
381 4905 554 4978 αὐτὴν
592 4902 736 4961 κατὰ
793 4905 952 4976 λόγον
973 4901 1162 4969 οὐσίας
1209 4905 1541 4960 κοινωνοῦσα
1581 4905 1706 4959 καθ’
1751 4906 1810 4958 δν

216 5000 362 5068 πρὸς
386 4995 586 5066 ἑαυτὴν
613 4993 690 5066 μὴ
711 4991 1065 5065 διαφέρεται·
1103 4996 1152 5047 ει
1177 4994 1286 5065 γὰρ
1317 4994 1436 5047 οὐδὲ
1461 4993 1580 5046 καθ’
1613 4993 1810 5062 ἑαυτὴν

214 5085 573 5160 Θεωρουμένη
598 5089 632 5156 ὴ
664 5085 858 5157 Θεότης
892 5088 952 5140 ἰν
987 5086 1322 5158 ἀμφοτέροις
1367 5089 1479 5148 τοῖς
1511 5087 1686 5154 λόγοις
1713 5085 1810 5138 αὐ-

212 5183 341 5252 τῆς,
371 5179 546 5250 ἤγουν
573 5179 688 5242 τοῖς
712 5178 814 5246 τῆς
835 5179 1026 5241 οὐσίας
1050 5179 1144 5232 καὶ
1159 5179 1509 5241 ὑποστάσεως
1531 5178 1808 5232 δείκνυται

214 5268 562 5326 κοινωνοῦσα
584 5269 664 5340 (ἓν
684 5269 792 5340 γὰρ
816 5272 937 5325 κατ’
967 5270 1097 5324 ἄλλο
1124 5271 1261 5335 ἐστὶ,
1289 5271 1383 5324 καὶ
1398 5271 1526 5339 τρία
1543 5270 1664 5323 καθ’
1691 5269 1810 5322 ἓτε-

220 5359 316 5429 ρόν
336 5356 500 5428 iactr
535 5357 654 5422 πῶς
674 5357 754 5428 τῷ
788 5358 918 5429 παρ’
941 5359 1112 5429 αὐτὴν
1138 5359 1252 5412 ὄντι
1277 5361 1374 5414 σὺν
1397 5363 1462 5431 τῇ
1485 5361 1650 5432 σαρκὶ
1688 5361 1808 5413 κατ’

215 5451 509 5521 ἀμφθιερα
561 5451 922 5522 κοινωνήσεις
950 5452 999 5504 εί
1045 5451 1154 5522 γὰρ
1182 5452 1342 5505 τοῦτο
1389 5451 1497 5522 εἴη,
1538 5453 1706 5513 ὅντως
1743 5451 1808 5504 ἂν

222 5544 288 5613 τῇ
331 5542 496 5612 σαρκὶ
522 5541 660 5614 μόνῃ
686 5541 745 5594 τό
767 5557 828 5594 τε
857 5541 1000 5614 ὑπὲρ
1029 5542 1163 5595 Θεόν
1185 5561 1306 5607 πως
1339 5544 1433 5596 καὶ
1466 5542 1811 5614 ἀσυγκρίτως

221 5632 680 5704 ἀπλὼτιρον,καὶ
730 5634 933 5704 ἑαυτῆς
977 5634 1375 5704 ὑπερκείμενον
1423 5634 1808 5705 ἐμαρτύρησεν

219 5725 292 5780 ἂν
387 5723 610 5797 θεότης·
647 5725 740 5780 καὶ
790 5727 915 5779 τάδε
954 5727 1051 5794 μὲν
1081 5726 1255 5790 οὕτως
1277 5745 1289 5757 ⁸
1340 5729 1386 5779 εἰ
1419 5727 1473 5779 δὲ
1515 5727 1591 5798 τῷ
1623 5727 1806 5798 λεπτῷ

218 5815 317 5869 τοῦ
350 5815 708 5888 θεωρήματος
742 5815 871 5877 ἴσως
920 5817 1020 5868 οὐκ
1055 5814 1362 5882 εὐγνωστον
1391 5818 1518 5887 ὑμῖν
1557 5818 1616 5871 τὸ
1649 5818 1804 5886 λεγόο

510 5909 763 5971 Psmm.
834 5908 951 5969 Gn.
999 5907 1347 5970 LXXXVI.

2578 3073 2729 3140 CAP.
2783 3089 2842 3142 V.

1992 3167 2048 3223 Si
2081 3169 2196 3225 haec
2225 3173 2414 3240 verba,
2449 3192 2586 3229 unus
2626 3179 2690 3232 de
2737 3181 3014 3251 Trinitate,
3064 3190 3397 3261 significant,
3439 3211 3509 3251 ex

1915 3257 2208 3316 divinitate
2237 3271 2292 3317 et
2319 3278 2506 3330 carne,
2552 3283 2760 3338 ergone
2793 3272 3082 3334 Trinitatis
3105 3257 3215 3335 erit
3250 3257 3418 3340 caro?
3448 3287 3505 3342 Si

1914 3364 2045 3404 vero
2087 3352 2330 3410 Trinitas
2371 3358 2477 3412 sub
2511 3360 2700 3431 aliquo
2734 3377 2988 3435 respectu
3023 3371 3096 3425 sit
3125 3389 3340 3442 monas,
3371 3393 3506 3450 ergo

1915 3443 2166 3498 monadis
2213 3461 2344 3500 caro
2394 3449 2548 3502 erit?
2585 3450 2642 3506 Si
2686 3463 2872 3510 autem
2917 3462 3168 3518 monadis
3224 3460 3298 3520 sit
3348 3443 3503 3534 caro,

1913 3548 2036 3586 cum
2065 3547 2194 3590 caro
2226 3538 2300 3592 sit
2321 3548 2530 3606 creata,
2557 3546 2841 3612 quomodo
2873 3550 3117 3608 increata
3142 3557 3249 3613 erit
3273 3563 3506 3616 monas?

1912 3627 1981 3679 At
2009 3639 2119 3697 quo
2145 3643 2470 3698 argumento
2505 3636 2818 3703 probabitis
2873 3644 3019 3712 quod
3047 3646 3152 3701 sub
3181 3648 3370 3720 aliquo
3412 3669 3500 3707 re-

1911 3727 2104 3788 spectu
2124 3736 2416 3780 commune
2437 3736 2540 3792 est,
2560 3728 2696 3783 illud
2714 3732 2819 3786 sub
2837 3734 2987 3789 omni
3006 3753 3236 3806 prorsus
3250 3753 3504 3812 reSpectu

1911 3827 2205 3870 commune
2233 3819 2551 3874 necessario
2579 3823 2740 3876 esse?
2779 3823 2836 3879 Si
2866 3841 3001 3896 ergo
3035 3843 3163 3884 caro
3193 3836 3504 3889 communi-

1911 3904 2058 3960 cavit
2089 3905 2292 3961 Deitati
2331 3908 2386 3963 in
2423 3897 2658 3979 persona
2688 3911 2872 3980 Verbi,
2905 3915 2980 3972 ita
3012 3928 3075 3972 ut
3102 3936 3234 3976 vere
3272 3939 3397 3979 cum
3435 3941 3505 3983 eo

1909 3994 1983 4048 sit
2011 4010 2120 4050 una
2143 4012 2209 4051 ex
2232 4000 2566 4056 monadibus
2589 4004 2954 4062 sanctissimae
2983 4002 3296 4080 Trinitatis,
3317 4016 3370 4071 id
3393 4029 3501 4084 est,

1908 4101 1976 4141 ex
2006 4103 2368 4158 personarum
2406 4108 2675 4150 numero:
2704 4113 2834 4151 num
2866 4092 2993 4155 ideo
3019 4117 3247 4161 necesse
3285 4117 3371 4162 est
3414 4110 3501 4165 di-

1909 4181 2068 4233 catur
2093 4179 2288 4235 eadem
2317 4197 2448 4237 caro
2490 4188 2932 4245 communicasse
2965 4191 3243 4250 divinitati
3287 4197 3504 4255 ratione

1909 4271 2187 4336 essentia,
2215 4272 2270 4327 id
2297 4281 2403 4339 est,
2427 4274 2640 4332 ratione
2667 4289 2900 4347 natura,
2931 4281 2986 4336 in
3010 4284 3220 4341 unitate
3242 4287 3505 4344 substan-

1914 4363 2004 4418 tia:
2056 4363 2260 4418 divina:
2313 4364 2480 4420 simul
2531 4383 2655 4421 cum
2714 4369 2807 4424 illa
2855 4373 3298 4441 comprehensa?
3348 4378 3503 4436 Hanc

1915 4456 2063 4509 enim
2107 4457 2281 4526 ipsam
2327 4457 2396 4512 ob
2446 4473 2666 4513 causam
2714 4477 2816 4516 nos
2863 4471 3058 4519 contra
3089 4479 3189 4522 vos
3219 4468 3499 4527 dicimus:

1877 4539 2037 4601 'cum
2074 4563 2172 4617 per
2202 4549 2422 4603 obviam
2458 4551 2829 4609 Providentia:
2859 4556 3204 4614 voluntatem
3237 4562 3390 4618 unita
3421 4565 3497 4619 sit
3555 4629 3562 4637 .

1913 4637 2065 4690 carni
2110 4636 2376 4692 divinitas
2425 4639 2528 4694 sub
2574 4640 2666 4696 illo
2717 4653 2974 4713 respectu
3023 4663 3136 4717 quo
3172 4649 3409 4720 aliquam
3444 4654 3500 4708 in

1914 4725 2093 4795 seipsa
2119 4727 2533 4785 distinctionem
2563 4730 2826 4799 admittit,
2863 4733 3075 4792 scilicet
3099 4742 3406 4810 respective
3430 4743 3502 4798 ad
3533 4797 3536 4800 .

1913 4814 2294 4888 hypostasim:
2324 4818 2645 4877 fatebuntur
2672 4839 2865 4882 omnes
2898 4843 3020 4883 eam
3055 4845 3181 4885 cum
3203 4846 3367 4888 carne
3388 4850 3501 4891 non

1913 4909 2352 4966 communicasse
2393 4915 2701 4982 respective
2727 4917 2795 4971 ad
2833 4933 2988 4973 suam
3033 4929 3310 4989 naturam,
3341 4926 3500 4996 cujus

1914 4999 2130 5055 ratione
2179 5001 2388 5056 nullam
2444 5004 2686 5060 admittit
2718 5007 2774 5060 in
2827 5009 3006 5077 seipsa
3057 5010 3494 5072 distinctionem.

1911 5089 2069 5157 Quod
2116 5089 2161 5145 si
2206 5091 2554 5148 divinitatem
2600 5097 2654 5149 in
2708 5097 2890 5166 seipsa
2934 5101 3336 5160 consideratam
3382 5120 3497 5161 non

1913 5182 2327 5238 demonstratur
2366 5186 2780 5241 communicare
2829 5189 2932 5243 sub
2974 5189 3194 5252 duobus
3238 5196 3356 5249 suis
3411 5211 3500 5251 re-

1913 5277 2213 5344 spectibus,
2251 5277 2302 5330 id
2336 5286 2442 5342 est,
2495 5279 2600 5333 sub
2648 5291 2906 5350 respectu
2949 5286 3065 5337 tum
3114 5294 3348 5356 naturas,
3380 5295 3496 5342 tum

1913 5367 2272 5438 hypostaseos
2317 5368 2506 5436 (unum
2534 5369 2683 5424 enim
2725 5382 2809 5426 est
2850 5372 2953 5426 sub
2997 5376 3195 5444 priori,
3228 5379 3332 5431 tria
3363 5393 3500 5432 vero

1913 5457 2016 5511 sub
2050 5455 2366 5527 posteriori)
2395 5475 2408 5510 :
2440 5459 2721 5528 quomodo
2755 5461 2832 5516 illi
2867 5463 2962 5531 qui
2993 5463 3048 5520 in
3079 5481 3144 5520 ea
3174 5481 3301 5521 cum
3325 5482 3496 5523 carne

1913 5544 2080 5607 inest,
2125 5543 2230 5596 sub
2259 5543 2465 5613 duplici
2507 5555 2761 5617 respectu
2809 5553 3285 5609 communicabit?
3307 5557 3423 5612 Hoc
3450 5555 3497 5614 si

1911 5643 2078 5698 esset,
2115 5634 2231 5688 sola
2271 5650 2437 5690 carne
2487 5639 2696 5708 aliquid
2729 5641 3141 5710 quodammodo
3170 5661 3228 5701 se
3257 5648 3376 5716 ipsa
3412 5650 3497 5704 di-

1913 5726 2120 5789 vinius,
2169 5735 2228 5780 et
2279 5727 2607 5798 simplicius,
2658 5741 2716 5786 et
2763 5736 3126 5792 excellentius
3162 5742 3500 5799 ostendisset

1913 5820 2194 5876 divinitas.
2247 5820 2316 5874 Et
2355 5821 2429 5875 ita
2476 5823 2701 5893 quidem
2732 5841 2788 5882 se
2823 5843 2912 5884 res
2955 5829 3184 5885 habent.
3226 5831 3492 5900 Quoniam

3047 5921 3157 5981 55“
