4194 6446
683 426 813 488 17ὑὸ
840 435 862 465 °

1918 428 2227 487 LEONTll
2274 428 2444 485 Bi'Zl
2464 429 2677 487 ΧΤΙΧΙ

3793 434 3954 500 1768⁴

687 557 836 605 vero,
868 541 939 595 ob
970 550 1421 611 argumentorum
1444 540 1831 604 subtilitatem,
1864 540 2021 594 vobis
2044 541 2269 594 fortasse

2387 559 2571 610 psum,
2600 545 3069 615 παχυμερεστέρῳ
3100 546 3242 614 ὑμᾶς
3280 545 3565 613 ἐλεγκτέον
3600 547 3677 619 τῷ
3711 551 3959 618 παραδεί-

684 648 791 687 nan
821 642 953 705 sunt
980 634 1119 687 bene
1159 642 1285 685 nota
1316 649 1437 702 qua:
1470 632 1607 697 dixi,
1649 649 1738 687 res
1758 633 1916 689 vobis
1948 631 2273 687 clucidanda

684 735 771 780 est
802 726 1056 794 exemplo
1088 724 1192 777 sub
1228 739 1426 778 sensus
1461 724 1639 796 magis
1666 726 1917 779 cadente.
1964 724 2108 795 Ignis
2131 726 2274 794 parti

685 833 813 888 pars
862 816 992 869 ferri
1046 815 1425 885 conglutinata
1480 815 1888 884 quodammodo
1932 830 2099 869 unam
2146 830 2273 870 cum

684 911 775 964 illa
808 906 974 963 edicit
1024 908 1387 978 bypostasim,
1436 923 1561 977 qua:
1610 908 1665 961 in
1716 925 1818 962 suo
1856 923 1976 963 esse
2011 910 2175 963 simul
2206 925 2273 964 ex

683 1001 809 1069 igne
844 1008 903 1054 et
944 999 1092 1053 ferro
1119 1000 1463 1069 completur:
1492 1010 1568 1065 et,
1598 1014 1722 1053 cum
1754 999 1895 1069 ignis
1928 1007 2077 1055 totus
2110 999 2167 1053 in
2208 1016 2272 1055 ea

684 1093 821 1148 insit
876 1094 1089 1148 ratione
1141 1108 1255 1146 suae
1304 1100 1536 1154 naturte,
1588 1106 1791 1160 ergone
1833 1094 1987 1162 juxta
2029 1108 2130 1147 vos
2161 1092 2272 1148 dici

692 1185 897 1254 poterit
919 1184 1031 1255 igni
1067 1184 1275 1239 ferrum
1303 1198 1423 1237 esse
1454 1182 1968 1238 consubstantialc?
1998 1184 2055 1239 Si
2088 1192 2272 1239 autem

688 1274 823 1329 illud
886 1274 1241 1330 evidentibus
1293 1272 1731 1328 demonstratum
1787 1281 1873 1329 est
1923 1274 2269 1340 rationibus,

682 1366 937 1436 proinde,
972 1382 1036 1419 ex
1071 1364 1320 1419 omnium
1350 1361 1629 1429 confesso,
1654 1364 1805 1419 aliud
1845 1372 1930 1419 est
1959 1365 2270 1420 communi-

680 1461 826 1514 catio
872 1475 981 1528 qua
1010 1457 1162 1511 varia
1190 1456 1325 1510 ferri
1359 1455 1515 1525 igniti
1540 1470 1772 1525 corpora
1811 1471 2000 1510 secum
2032 1456 2269 1511 invicem

677 1566 850 1603 unum
915 1548 1162 1603 elIiciunt
1208 1548 1263 1600 in
1313 1546 1623 1616 hypostasi,
1678 1553 1736 1600 et
1780 1546 1929 1600 aliud
1978 1548 2111 1602 nnio
2160 1564 2271 1618 qua

676 1656 852 1694 unum
879 1646 1182 1693 censentur
1214 1651 1338 1690 cum
1370 1636 1453 1689 eis
1476 1634 1684 1704 quibus
1712 1636 2151 1706 unumquodque
2179 1643 2265 1690 est

678 1730 1175 1786 consubstantialis
1224 1727 1276 1783 in
1321 1727 1603 1783 communi
1652 1736 1871 1781 natura.
1924 1728 2066 1797 Ergo
2116 1736 2265 1783 recte

2384 650 2514 701 ματι
2538 649 2549 662 ·
2583 634 2706 687 ἐπεὶ
2724 636 2833 703 γὰρ
2862 636 3019 706 μέρει
3044 638 3213 707 πυρὸς
3236 638 3409 707 μέρος
3431 637 3656 708 σιδήρου
3684 641 3828 694 κατά
3849 656 3959 692 τινα

2380 724 2682 779 ὑπόστασιν
2712 725 2865 780 τοῦδέ
2891 745 3038 792 τινος
3085 729 3181 782 τοῦ
3231 730 3435 799 μύδρου
3468 732 3740 801 συνῆπται
3759 747 3773 761 ·
3801 732 3861 785 τό
3910 733 3962 787 δὲ

2377 809 2521 867 εἶναι
2550 816 2723 887 ταύτῃ
2752 817 2816 870 ἐκ
2844 820 3016 889 πυρός
3046 835 3103 872 τε
3133 820 3227 872 τοῦ
3251 820 3433 874 κοινοῦ
3465 822 3560 875 καὶ
3578 822 3804 893 σιδήρου
3827 823 3955 893 πλη·

2379 905 2573 975 ροῦται
2604 924 2618 939 ο
2650 909 2774 961 ἐπεὶ
2818 910 2880 962 τὺ
2922 910 3035 982 πῦρ
3067 910 3188 963 ὅλον
3235 910 3415 964 ἔνεστι
3456 912 3600 966 κατὰ
3637 914 3738 985 τὴν
3782 914 3960 983 φύσιν,

2376 998 2641 1063 πῶςόὑκ
2701 1000 2857 1054 ἔσται
2897 1002 3077 1070 λέγειν
3122 1006 3218 1057 καὶ
3269 1003 3348 1075 τῷ
3402 1005 3539 1075 πυρὶ
3593 1007 3685 1061 τὸν
3752 1008 3963 1079 σίδηρον

2374 1091 2663 1161 όμοούσιον
2702 1094 2824 1149 καθ’
2850 1096 3027 1166 ὑμᾶςς
3052 1097 3116 1150 Et
3149 1097 3207 1150 δὲ
3248 1099 3408 1151 τοῦτο
3438 1100 3705 1171 πρόδηλον
3742 1102 3856 1172 ἔχει
3881 1105 3965 1156 τὸν

2376 1185 2619 1255 ἔλεγχον,
2644 1186 3088 1259 ὡμολογημένως
3109 1190 3236 1244 καθ’
3268 1190 3466 1264 ἑτέραν
3494 1196 3788 1248 κοινωνίαν
3813 1197 3881 1248 τά
3910 1215 3965 1251 τε

2376 1274 2434 1325 ἐν
2456 1272 2534 1340 τῷ
2602 1274 2790 1345 μόὸρῳ
2837 1276 3071 1344 σώματα
3117 1276 3353 1349 διάφορα
3391 1278 3456 1333 τὸ
3496 1279 3557 1334 ἓν
3596 1279 3739 1335 εἶναι
3788 1282 3968 1351 ἔχουσι

2376 1361 2473 1416 σὺν
2502 1360 2753 1433 ἀλλήλοις
2778 1365 2837 1415 ἐν
2853 1366 2919 1434 τῇ
2950 1364 3247 1419 ὑποστάσει
3272 1383 3286 1397 °
3311 1369 3406 1422 καὶ
3423 1370 3551 1423 καθ’
3587 1372 3786 1439 ἑτέραν
3841 1373 3965 1426 ἐνω-

2377 1470 2463 1507 σιν
2487 1455 2649 1508 πάλιν
2671 1454 2729 1507 ἓν
2780 1458 2985 1510 νοεῖται
3014 1456 3137 1510 τάδε
3164 1459 3262 1512 σὺν
3296 1461 3413 1523 τοῖς
3444 1461 3656 1515 ἑαυτῶν
3707 1463 3969 1530 ἑκάτερον

2375 1547 2683 1616 ὁμοουσίοις
2713 1548 2771 1599 ἐν
2806 1550 2958 1618 κοινῇ
3000 1552 3069 1620 τῇ
3100 1549 3294 1617 φύσει·
3326 1551 3426 1621 τῆς
3453 1548 3548 1606 οὖν
3574 1554 3811 1623 Τριάδος
3838 1556 3967 1625 ἀλη-

2375 1636 2485 1700 θῶς
2507 1638 2673 1708 ἔφητε
2694 1639 2773 1691 ὃτι
2799 1638 2915 1691 ἐστι
2944 1639 3037 1693 καὶ
3073 1641 3105 1710 ἡ
3136 1640 3302 1711 σάρξο
3357 1644 3488 1711 μιᾶς
3519 1644 3626 1714 γὰρ
3662 1645 3774 1698 τῶν
3805 1647 3970 1715 τριῶν

2369 1729 2770 1783 ὑποστάσεων·
2814 1730 2932 1783 ἀλλ’
2983 1732 3106 1803 οὐχὶ
3140 1732 3235 1787 καὶ
3280 1734 3381 1804 τῆς
3425 1736 3675 1805 μονάδος,
3726 1730 3772 1789 ὦ
3802 1732 3967 1798 οὗτοι,

677 1823 898 1879 dixistis
948 1821 1236 1876 Trinitatis
1267 1836 1389 1875 esse
1426 1833 1675 1881 carnem,
1718 1818 1834 1871 hare
1863 1818 2012 1872 enim
2046 1836 2155 1875 una
2183 1829 2269 1877 est

2376 1820 2609 1893 πρώτως
2634 1822 2803 1893 ἦγουν
2829 1823 3019 1894 οίκείῳ
3044 1824 3188 1894 λόγῳ
3210 1865 3223 1879 .
3268 1825 3410 1878 Ἀλλ’
3437 1826 3471 1894 ἡ
3522 1827 3694 1898 Τριάς
3732 1830 3876 1881 κατά
3925 1846 3971 1881 τι

681 1915 852 1968 trium
898 1925 1285 1983 personarum.
1329 1908 1437 1964 Sed
1472 1909 1627 1982 (pace
1670 1918 1857 1963 vestra
1895 1909 2103 1979 dicam)
2136 1927 2267 1968 caro

2378 1882 2473 1969 κᾶι
2508 1882 2696 1985 μονάς.
2733 1916 2906 1980 ἔστιν,
2969 1882 3471 1984 [σωςηξατέδΛλλά
3503 1882 3624 1973 κατ’
3657 1882 3840 1973 έκεῖνο
3869 1921 3967 1974 οὑκ

675 2023 787 2063 non
827 2013 914 2061 est
938 2002 1193 2058 monadis
1220 2000 1484 2071 primario
1519 2015 1616 2055 seu
1649 2001 1703 2055 in
1724 2000 1949 2070 proprio
1983 2017 2169 2058 sensu.
2202 2034 2269 2046 —

2377 2005 2525 2061 ἔστιν
2551 2006 2755 2076 ’δμοίως
2776 2008 2841 2078 τῇ
2868 2006 3061 2077 Τριάδι
3090 2008 3186 2061 καὶ
3205 2008 3375 2080 μονὰς
3394 2011 3431 2081 ἠ
3462 2009 3598 2082 σὰρξ
3630 2011 3731 2066 σὺν
3761 2012 3965 2077 αὐτοῖς,

675 2102 768 2167 At,
810 2098 994 2155 forsan
1027 2095 1298 2166 inquitis:
1328 2093 1572 2148 Trinitas
1601 2092 1707 2147 sub
1738 2092 1978 2161 quodam
2012 2104 2266 2165 respectu

2377 2099 2483 2152 ἀπε
2493 2097 2797 2168 ρίσκεπτοι.

672 2204 760 2249 est
798 2208 1013 2248 monas.
1036 2221 1106 2231 —
1128 2189 1335 2244 Verum
1382 2187 1485 2242 sub
1529 2187 1625 2241 illo
1646 2194 1905 2255 respectu
1938 2203 2132 2245 monas
2161 2205 2273 2246 non
2305 2201 2394 2250 est
2464 2204 2594 2248 caro
2633 2190 2834 2247 eodem
2872 2191 3039 2247 modo
3064 2207 3129 2248 ac
3190 2191 3445 2262 Trinitas,
3484 2193 3625 2250 hens
3656 2208 3759 2250 vos
3797 2192 3971 2249 medi-

680 2285 780 2339 tari
812 2283 1100 2339 vobiscum
1132 2279 1468 2335 nescientes.

1320 2391 1476 2450 CAP.
1532 2394 1620 2447 Vl.

750 2489 808 2546 Si
861 2488 954 2543 ille
1002 2503 1141 2541 unus
1177 2486 1241 2539 de
1283 2484 1541 2539 Trinitate
1580 2498 1647 2538 ex
1676 2483 1970 2540 divinitate
2006 2492 2062 2539 et
2100 2497 2267 2539 carne

676 2582 1049 2653 compleatur,
1082 2576 1443 2649 impassibilis
1466 2592 1598 2631 vero
1623 2575 1869 2631 Trinitas
1914 2584 2267 2648 agnoscatur,

675 2673 957 2746 quomodo
983 2687 1097 2727 non
1124 2671 1232 2725 erit
1265 2668 1645 2738 impassibilis,
1683 2682 1811 2723 cum
1842 2666 2127 2732 divinitas,
2153 2676 2270 2723 tum

676 2765 856 2821 caro?
885 2764 941 2819 Si
975 2770 1163 2817 autem
1198 2758 1559 2830 impassibilis
1598 2767 1831 2828 utraque
1863 2759 1959 2825 sit,
1985 2759 2113 2829 quis
2143 2772 2271 2829 pas-

677 2870 774 2912 sus
824 2866 911 2910 est
951 2870 1054 2925 pro
1097 2853 1306 2907 nobis?
1344 2851 1479 2921 quid
1513 2849 1805 2906 dicebatur
1841 2850 2104 2921 passibile
2143 2861 2273 2906 ante

678 2946 1195 3005 resurrectionem?
1246 2945 1423 3000 Nemo
1477 2942 1634 2997 vobis
1686 2942 1925 2997 asseruit
1976 2958 2151 2997 unum
2205 2942 2275 2997 de

679 3037 953 3094 Trinitate
1005 3051 1072 3091 ex
1121 3034 1414 3089 divinitate
1463 3040 1521 3087 et
1566 3046 1735 3087 carne
1800 3032 2069 3101 compleri
2116 3033 2275 3101 juxta

2982 2392 3238 2446 usus.
3273 2395 3364 2461 ς’.

2451 2484 2514 2538 ΕΙ
2565 2484 2629 2537 τὸ
2664 2480 2753 2550 εἷς
2795 2481 2907 2552 τῆς
2946 2483 3188 2553 Τριόδος
3234 2484 3303 2538 ἐκ
3345 2483 3599 2555 θεότητος
3641 2487 3739 2542 καὶ
3771 2492 3970 2560 σαρκὸς

2379 2574 2824 2646 ἀναπληροῦται·
2862 2574 3082 2646 ἀπαθὴς
3110 2575 3167 2629 δὲ
3194 2577 3229 2647 η
3255 2575 3427 2645 Τριάς
3455 2576 3833 2647 ὡμολόγηται,
3858 2579 3973 2643 πῶς

2378 2666 2480 2719 οὐκ
2512 2665 2666 2719 ἔσται
2719 2664 2939 2739 ἀπαθὴς
2979 2668 3015 2737 ή
3048 2666 3241 2737 θεότης
3273 2667 3369 2720 καὶ
3400 2668 3435 2738 ἠ
3455 2667 3629 2739 σάρξ;
3659 2670 3709 2722 εί
3737 2670 3796 2724 δὲ
3828 2671 3972 2727 ἀπα-

2376 2756 2494 2830 θὴς,
2548 2759 2632 2822 τίς
2672 2761 2700 2812 ό
2730 2758 2921 2813 παθὼν
2951 2759 3095 2829 ὑπὲρ
3126 2759 3322 2829 ἡμῶν;
3353 2760 3449 2814 καὶ
3482 2761 3535 2813 τί
3564 2760 3626 2814 τὸ
3677 2761 3974 2833 λεγόμενον

2373 2850 2623 2921 παθητὸν
2668 2851 2775 2921 πρὸ
2824 2851 2929 2921 τῆς
2990 2852 3380 2917 ἀναστάσεως;
3413 2852 3555 2906 ’Δλλ’
3610 2852 3790 2918 οὐδεὶς
3849 2856 3975 2925 ὑμῖν

2376 2941 2825 3011 ἀναπληροῦσθαι
2841 2942 2907 2996 ἑκ
2936 2941 3193 3011 θεότητος
3213 2942 3308 2995 καὶ
3331 2942 3537 3012 σαρκὸς
3558 2944 3815 3014 κατάστὴν
3841 2946 3974 3016 ὑμε-

2374 3034 2542 3105 τέραν
2568 3033 2798 3103 ἐκληψιν
2825 3033 3025 3087 δέδωκε
3049 3032 3144 3088 τὸν
3175 3032 3272 3087 ἕνα
3306 3034 3406 3103 τῆς
3429 3034 3663 3105 Τριάδος
3680 3051 3695 3067 ⁶
3719 3035 3845 3089 οὐδὲ
3868 3035 3975 3104 γὰρ

680 3138 920 3185 vestram
957 3125 1495 3196 interpretationem.
1544 3124 1737 3194 Neque
1781 3123 1931 3178 enim
1984 3124 2269 3181 divinitate

2379 3124 2451 3188 ὡς
2486 3123 2739 3187 ἐλλιπῶς
2773 3124 2927 3187 ὄντος
2970 3123 3067 3177 τοῦ
3116 3124 3296 3193 Λόγου
3338 3126 3439 3195 τῆς
3504 3126 3764 3197 θεότητος
3810 3128 3873 3182 ὲν
3898 3127 3975 3198 τῷ

671 3219 903 3275 carebat
932 3216 1179 3274 Verbum
1204 3216 1263 3270 in
1288 3215 1452 3280 Filio,
1487 3215 1723 3280 ratione,
1751 3223 1867 3269 tum
1893 3222 2125 3280 naturae,
2153 3224 2269 3270 tum

682 3311 1061 3381 hypostaseos,
1096 3320 1277 3375 neque
1313 3303 1623 3374 respective
1664 3302 1732 3357 ad
1776 3301 2100 3357 Trinitatem
2142 3320 2269 3373 per-

680 3414 944 3455 sonarum
999 3397 1086 3452 vel
1141 3396 1207 3451 ad
1270 3396 1541 3451 unitatem
1602 3403 1817 3449 natura:
1875 3394 2269 3465 incompletum

676 3500 801 3547 erat
854 3491 1097 3547 Verbum
1145 3488 1202 3544 in
1236 3489 1421 3559 seipse
1460 3487 1579 3541 sine
1616 3502 1784 3541 carne
1832 3486 2267 3553 consideratum,

680 3591 977 3653 antequam
1022 3594 1154 3633 caro
1195 3578 1263 3633 ab
1293 3578 1413 3647 ipso
1448 3586 1845 3640 assumeretur,
1894 3575 2109 3645 ipsique
2146 3592 2273 3646 pas-

672 3672 862 3729 sibilis
899 3668 1226 3741 impassibili
1272 3666 1617 3739 hypostatice
1666 3665 1944 3720 uniretur.
1978 3665 2099 3719 Non
2122 3667 2269 3720 enim

681 3765 749 3820 ad
798 3763 1197 3835 perfectionem
1240 3760 1331 3815 vel
1369 3758 1839 3828 complementum
1891 3758 2270 3828 assumptione

681 3855 957 3927 passionis
1003 3864 1061 3908 et
1108 3850 1389 3923 passibilis
1434 3850 1549 3905 Deo
1596 3859 1737 3919 Opus
1765 3857 1903 3903 erat.
1936 3851 2035 3915 Ac,
2066 3848 2180 3903 sive
2212 3850 2271 3903 in

682 3946 1131 4018 impassibilitate
1175 3959 1288 4014 qua
1332 3941 1609 4013 gaudebat
1649 3949 1707 3996 et
1748 3948 1876 3995 ante
1925 3950 1981 3995 et
2017 3950 2140 4011 post
2182 3941 2270 3994 in-

681 4036 1082 4098 carnationem,
1115 4032 1234 4087 sive
1266 4032 1321 4085 in
1352 4029 1539 4087 carnis
1570 4029 1923 4100 passionibns
1950 4029 2272 4085 considere-

685 4135 773 4181 tur
804 4126 1072 4190 Verbum,
1108 4123 1256 4178 idem
1286 4138 1416 4177 vere
1446 4122 1778 4177 ostenditur.
1808 4122 1877 4175 At
1909 4121 2138 4176 minime
2166 4137 2270 4177 nos

679 4233 749 4274 ex
795 4216 885 4271 his
928 4230 1053 4285 qum
1096 4222 1216 4268 tum
1263 4220 1392 4268 ante
1437 4211 1873 4267 incarnationem
1916 4211 2105 4276 Verbi,
2154 4219 2268 4265 tum

682 4308 1021 4387 posthcarnis
1067 4307 1189 4377 ejus
1230 4305 1701 4360 resurrectionem
1732 4304 2081 4369 admisimus,
2107 4319 2269 4358 revo-

680 4403 822 4458 catis
850 4400 1091 4454 dieendo
1136 4396 1466 4467 simpliciter
1505 4396 1901 4466 impassibilem
1932 4411 2052 4451 esse
2080 4395 2265 4450 Trini-

2377 3215 2491 3285 Υἱῷ
2516 3216 2656 3269 κατὰ
2683 3216 2847 3283 φύσιν
2892 3215 2925 3286 ἢ
2969 3215 3288 3282 ὑπόστασιν,
3331 3217 3425 3269 καὶ
3455 3218 3535 3281 είς
3560 3218 3655 3270 τὸν
3675 3219 3776 3288 τῆς
3807 3237 3973 3291 προσο

2379 3308 2596 3378 ωπικῆς
2620 3307 2852 3379 Τριάδος
2873 3307 3185 3378 ἀριθμόν,ἢ
3214 3307 3316 3377 τῆς
3346 3310 3584 3380 φυσικῆς
3613 3310 3867 3381 μονάδος,
3899 3313 3973 3382 μὴ

2379 3398 2761 3463 συντελοῦντος
2788 3398 2883 3452 τοῦ
2909 3398 3088 3467 Λόγου
3136 3400 3298 3467 μόνον
3329 3400 3456 3455 καθ’
3486 3401 3655 3455 αὑτὸν
3686 3403 3971 3473 ἀσάρκως,

2378 3492 2410 3561 ἡ
2443 3492 2739 3558 πρόσθεσις
2755 3491 2854 3559 τῆς
2897 3491 3105 3563 σαρκός
3130 3491 3284 3561 αὑτῷ
3316 3491 3743 3562 προσείληπται,
3776 3496 3974 3547 humo-

2379 3580 2550 3631 στᾶσα
2585 3578 2875 3648 τῷάπαθεϊ
2905 3578 3107 3650 αὑτῷή
3140 3578 3391 3649 παθητὴ·
3416 3581 3479 3632 οὑ
3502 3581 3614 3651 γὰρ
3644 3584 3727 3644 είς
3752 3582 3949 3636 τελείω

2378 3685 2462 3721 σιν
2490 3670 2585 3722 καὶ
2608 3669 2891 3741 πλήρωσιν
2921 3670 3042 3742 θεῷ
3058 3671 3264 3734 πάθους
3285 3673 3383 3724 καὶ
3409 3672 3657 3742 παθητοῦ
3680 3674 3973 3743 ἐπίκτησις

2376 3759 2534 3829 χρεία
2554 3775 2567 3789 ο
2603 3760 2699 3811 καὶ
2725 3759 2793 3811 τὰ
2823 3758 2955 3827 γοῦν
2970 3760 3069 3829 τῆς
3098 3759 3207 3829 πρὸ
3238 3758 3442 3828 σαρκὸς
3475 3760 3572 3812 καὶ
3606 3760 3750 3828 μετὰ
3790 3762 3972 3830 σάρκα

2378 3849 2650 3912 ἀπαθείας
2681 3850 2845 3904 αὑτοῦ
2882 3852 2910 3903 ό
2930 3850 3124 3918 Λόγος,
3150 3849 3245 3903 καὶ
3271 3848 3341 3903 τά
3368 3848 3471 3919 τῆς
3486 3849 3691 3920 σαρκὸς
3717 3850 3775 3904 δὲ
3803 3850 3975 3906 αὑτοῦ

2379 3942 2551 4010 πάθη,
2582 3945 2611 3996 ὁ
2640 3943 2803 4005 αὑτὸς
2830 3942 3048 4012 ἀληθῶς
3080 3941 3479 3996 ἐπιδείκνυται*
3514 3941 3653 3995 ἀλλὰ
3700 3944 3974 4014 μηδαμῶς

2378 4034 2521 4101 ἡμᾶς
2543 4034 2606 4085 ὲκ
2632 4032 2743 4085 τῶν
2773 4032 2879 4101 πρὸ
2925 4032 3026 4101 τῆς
3058 4030 3391 4102 σαρκώσεως
3434 4030 3531 4084 τοῦ
3574 4032 3774 4100 Λόγου,
3801 4035 3835 4105 ἢ
3864 4033 3976 4087 τῶν

2381 4124 2520 4193 μετά
2548 4122 2646 4195 τὴν
2670 4124 2970 4177 ἀνάστασιν
2987 4123 3086 4193 τῆς
3114 4122 3318 4193 σαρκὸς
3340 4121 3508 4175 αὑτοῦ
3526 4123 3977 4195 ὡμολογημένων

2381 4213 2761 4282 συναρπάζετε
2804 4213 3059 4281 λέγοντες
3110 4212 3297 4274 ἁπλῶς
3348 4213 3431 4266 ὅτι
3480 4212 3701 4284 ἀπαθὴς
3749 4217 3784 4284 η
3840 4216 3977 4283 ἁγία

2377 4304 2549 4376 Τριάς
2566 4322 2578 4336 ·
2607 4304 2855 4376 φανερῶς
2873 4303 2983 4375 γὰρ
3005 4304 3133 4372 ὑμῖν
3156 4302 3274 4356 τόδε
3292 4302 3689 4373 ὁμολογοῦμεν,
3719 4304 3805 4357 ὅτι
3829 4306 3975 4359 κατά

2376 4396 2468 4448 τὸν
2499 4394 2690 4466 καιρὸν
2733 4393 2831 4465 τὴς
2872 4396 3141 4463 ὲνσάρκου
3186 4392 3489 4462 ἐπιδημίας
3537 4393 3631 4445 τοῦ
3658 4393 3836 4461 Λόγου
3880 4396 3971 4447 ἐπ’

682 4500 851 4545 tatem
882 4509 895 4543 :
934 4489 1082 4544 clare
1130 4486 1280 4541 enim
1314 4486 1643 4556 proﬁtemur
1667 4494 1723 4539 et
1750 4500 1874 4550 nos,
1900 4500 1969 4539 ex
1994 4501 2106 4556 quo
2134 4484 2269 4540 Ver-

2376 4486 2477 4555 γῆς
2502 4484 2693 4555 ὥσπερ
2724 4484 2824 4537 οὐκ
2871 4485 3114 4554 ἄσαρκος
3141 4478 3211 4553 ἦν
3241 4483 3392 4536 πᾶσα
3430 4484 3463 4552 ἡ
3496 4482 3629 4551 ἀγία
3661 4484 3837 4553 Τριὰς
3864 4485 3947 4537 τῶ

681 4581 811 4634 bum
861 4593 991 4632 caro
1036 4577 1243 4631 factum
1296 4574 1565 4629 habitavit
1612 4575 1669 4628 in
1728 4575 1916 4638 terris,
1967 4575 2111 4629 sicut
2162 4579 2272 4628 ndn

679 4670 798 4724 sine
844 4682 1013 4723 carne
1061 4666 1167 4719 fuit
1210 4665 1473 4719 universa
1510 4678 1873 4734 personarum
1904 4662 2171 4728 Trinitas,
2198 4663 2274 4715 ita

680 4776 782 4815 nec
816 4756 1217 4829 impassibilem
1265 4755 1435 4811 fuisse
1480 4770 1700 4809 omnem
1749 4754 1914 4825 hujus
1956 4770 2271 4825 personam,

678 4854 809 4923 quia
842 4850 1124 4923 passibilis
1163 4857 1249 4905 est
1277 4847 1508 4911 Christi,
1552 4847 1707 4917 juxta
1737 4844 1875 4899 illud
1923 4845 2100 4900 sancti
2142 4861 2274 4915 apo-

677 4945 804 5000 stoli
850 4943 1129 4999 dicentis:
1169 4960 1186 4991 ι
1226 4940 1295 4993 Et
1322 4939 1539 5009 primus
1576 4953 1644 4993 ex
1676 4936 2089 4992 resurrectione
2115 4951 2264 4990 mor-

680 5048 900 5091 tuorum
920 5037 967 5089 b.
1011 5055 1029 5088 ι
1068 5034 1170 5089 Hic
1195 5033 1343 5089 enim
1376 5041 1459 5087 est
1484 5032 1663 5102 ipsum
1692 5029 1939 5085 Verbum
1964 5030 2110 5099 quod
2144 5037 2265 5083 erat

678 5128 732 5181 in
760 5126 1059 5196 principio.
1090 5120 1457 5194 lmpassibilis
1477 5136 1610 5175 vero
1632 5128 1716 5175 est
1742 5119 1950 5185 divina,
1981 5131 2097 5172 tum
2121 5120 2261 5190 ejus,

678 5229 795 5273 tum
834 5218 1037 5281 Patris,
1076 5225 1191 5270 tum
1220 5214 1463 5283 Spiritus
1502 5213 1679 5267 sancti
1720 5220 1941 5275 natura,
1987 5226 2108 5280 qua:
2146 5212 2262 5267 sive

2375 4578 2747 4642 ὑποστάσεων,
2773 4576 2945 4637 οὕτως
2979 4576 3101 4629 οὐδὲ
3125 4575 3342 4645 ἀπαθὴς
3362 4570 3432 4645 ἦν
3462 4576 3612 4627 πᾶσα
3637 4574 3813 4643 αὐτῆς
3836 4578 3977 4629 ὑπόο

2377 4686 2584 4735 στασις,
2620 4671 2668 4722 εί
2723 4667 2964 4736 παθητὸς
3020 4670 3049 4719 ό
3099 4667 3336 4737 Χριστὸς
3390 4657 3534 4720 κατᾶ
3566 4666 3660 4719 τὸν
3714 4671 3977 4737 φήσαντα

2374 4760 2550 4827 ἅγιον,
2594 4778 2611 4810 ι
2644 4760 2739 4814 atat
2762 4758 2978 4830 πρῶτος
3002 4757 3061 4822 ἐξ
3085 4757 3437 4819 ἀναστάσεως
3462 4757 3673 4827 νεκρῶν
3692 4772 3708 4789 ο
3739 4777 3759 4808 ι
3815 4756 3975 4823 οὗτος

2373 4852 2483 4921 γάρ
2506 4852 2622 4904 ἐστι
2654 4851 2749 4905 καὶ
2776 4853 2805 4904 ό
2837 4851 3007 4919 Λόγος
3032 4849 3251 4913 αὑτδςνό
3278 4849 3337 4899 ὲν
3367 4850 3512 4919 ἀρχῆ
3532 4865 3546 4879 ’
3581 4849 3802 4920 ἀπαθὴς
3826 4852 3889 4905 δὲ
3910 4854 3975 4904 ἂν

2374 4944 2407 5012 η
2432 4941 2553 4994 θεία
2599 4942 2761 5012 φύσις
2818 4944 2935 4995 ἐστὶ
2969 4940 3136 4994 αὐτοῦ
3172 4958 3233 4993 τε
3262 4941 3357 4993 καὶ
3384 4940 3479 4993 τοῦ
3510 4940 3720 5008 ἀγαθοῦ
3752 4944 3973 5015 Πατρὶς

2374 5032 2585 5086 καὶτοῦ
2616 5033 2775 5102 ἀγίου
2808 5033 3129 5101 Πνεύματος
3163 5031 3355 5097 αὑτοῦ,
3397 5032 3521 5101 ἥτις
3550 5034 3610 5085 ὲν
3642 5033 3883 5105 ἀσάρκῳ
3910 5051 3969 5086 τε

2374 5123 2469 5174 καὶ
2501 5124 2899 5195 σεσαρκωμένῃ
2923 5126 2987 5193 τῇ
3021 5123 3161 5193 αὐτῇ
3186 5120 3482 5175 ὑποστάσει
3513 5122 3612 5175 τοῦ
3652 5124 3830 5191 Λόγου
3867 5125 3970 5196 τῆς

2372 5214 2630 5283 ἀληθείας
2667 5216 2760 5267 εστ
2770 5233 2816 5267 ιν
2836 5215 2943 5269 ἀεί.

677 5320 803 5365 ante
825 5310 938 5365 sive
987 5315 1111 5379 post
1159 5305 1623 5369 incarnationem,
1668 5304 1723 5357 in
1770 5302 1965 5358 eadem
1998 5318 2233 5372 persona
2264 5306 2429 5361 Verbi
2458 5307 2705 5361 veritatis
2730 5322 2903 5377 usque
2930 5314 3133 5361 manet.

1312 5418 1465 5475 CAP.
1507 5418 1618 5473 Vll.

747 5540 805 5596 Si
836 5539 931 5594 ille
963 5554 1103 5591 unus
1136 5536 1201 5589 de
1236 5533 1494 5589 Trinitate
1516 5548 1585 5587 ex
1616 5530 1821 5586 deitate
1844 5540 1900 5585 et
1926 5546 2089 5586 carne
2112 5547 2259 5586 com-

676 5633 916 5702 pleatur,
941 5627 1221 5699 quomodo
1254 5642 1365 5681 non
1411 5626 1522 5681 erit
1564 5624 1655 5677 ille
1688 5637 1833 5676 unus
1863 5622 1931 5676 de
1964 5622 2255 5688 Trinitatc,

2977 5419 3222 5475 ΚΕΦΔΔ.
3277 5422 3353 5475 Z'.

2442 5532 2504 5585 Εί
2533 5534 2594 5586 τὸ
2625 5527 2713 5598 εἷς
2742 5531 2854 5599 τῆς
2893 5530 3139 5600 Τριάΰος
3188 5534 3253 5586 ὲκ
3306 5533 3559 5604 θεότητος
3599 5538 3695 5590 καὶ
3752 5537 3965 5610 nupti;

2367 5625 2806 5694 ἀναπληροῦται,
2862 5624 2979 5688 πῶς
3006 5626 3108 5679 οὑκ
3159 5626 3311 5679 ἔσται
3360 5623 3498 5690 όεῖς
3546 5631 3647 5697 τῆς
3700 5629 3962 5699 Τριάδης,

674 5725 820 5781 sicut
864 5723 1031 5787 Deus,
1080 5722 1155 5776 ita
1199 5728 1256 5775 et
1303 5718 1512 5774 homo?
1547 5724 1603 5773 et.
1641 5716 1686 5770 si
1718 5716 1821 5769 hoc
1843 5722 1948 5779 est,
1978 5715 2257 5785 quomodo

2376 5715 2557 5787 ὥσπερ
2582 5716 2717 5780 Θεὸς
2740 5716 2911 5781 οὕτως
2944 5719 3039 5772 καὶ
3083 5718 3391 5790 ἄνθρωπος,
3420 5721 3516 5772 καὶ
3544 5719 3836 5789 όμοούστις
3864 5721 3963 5774 καὶ

747 5866 780 5910 δ
807 5864 1020 5932 Coloss.
1050 5879 1088 5931 ι,
1126 5864 1209 5917 18.
