4194 6446
693 349 824 409 1768
849 345 873 384 ⁸

1329 466 1477 520 CAP.
1541 468 1634 521 IX.

762 552 966 608 Dicunt
1002 556 1168 610 etiam
1218 574 1230 609 :
1276 555 1331 611 Si
1380 557 1688 613 secundum
1739 562 2104 616 substantiam
2153 575 2262 614 non

695 657 919 711 passum
953 653 1036 698 est
1055 645 1320 714 Verbum,
1347 649 1697 704 manifestum
1733 661 1816 705 est
1841 651 1972 704 illud
1999 666 2107 704 non
2137 650 2266 706 sub—

691 735 1022 790 stantialiter
1067 753 1189 794 esse
1223 755 1476 809 passum;
1523 743 1568 796 si
1610 759 1738 798 vero
1772 760 1882 798 non
1934 743 2266 799 substantia-

689 821 840 888 liter,
863 826 1089 881 minime
1119 842 1337 896 passum
1360 837 1444 885 est
1478 847 1490 883 :
1523 833 1845 887 substantia:
1873 833 2021 887 enim
2048 832 2265 903 proprie

688 921 818 966 sunt
866 915 1169 983 passiones.
1205 916 1276 972 At
1309 934 1544 989 persona
1581 922 1748 976 etiam
1780 923 2021 978 Verbum
2064 923 2266 977 dicitur

687 1020 808 1059 esse
842 1021 1102 1075 passum:
1135 1012 1435 1080 assumpsit
1462 1012 1611 1067 enim
1657 1015 1976 1084 passibilem
2006 1024 2266 1070 naturam

685 1097 742 1150 in
790 1113 945 1153 suam
981 1102 1158 1170 ipsius
1178 1103 1515 1173 bypostasim
1539 1122 1663 1159 cum
1694 1107 1918 1176 propria
1945 1121 2042 1161 sua
2071 1114 2266 1160 natura

687 1189 1015 1258 impassibili
1044 1202 1136 1249 :ct
1167 1203 1380 1250 natura:
1423 1197 1688 1252 attributa
1722 1198 1790 1253 de
1837 1214 2070 1268 persona
2118 1209 2266 1262 recte

688 1280 797 1335 dici
842 1283 1044 1342 solent.

1346 1401 1498 1457 CAP.
1550 1403 1617 1457 Χ.

760 1501 923 1566 Ecce,
946 1502 1224 1572 inquiunt,
1257 1505 1422 1562 Pater
1443 1519 1628 1562 vester
1653 1507 1913 1580 Cyrillus,
1933 1511 2102 1565 Deum
2132 1512 2268 1566 Ver-

686 1589 818 1643 bum
862 1606 1081 1660 passum
1125 1607 1248 1648 esse
1294 1595 1509 1659 dicens,
1557 1605 1614 1651 ct
1644 1600 1922 1667 quomodo
1950 1599 2084 1652 illud
2121 1600 2270 1655 dicat

686 1695 811 1736 esse
868 1685 1137 1751 possibile
1199 1685 1594 1755 interrogatus.
1653 1703 1712 1742 se
1767 1689 2016 1743 defendit
2064 1691 2267 1759 passim

685 1773 1075 1842 respondendo
1123 1775 1362 1830 Verbum
1417 1793 1638 1832 carnem
1671 1786 1871 1834 natura
1915 1795 2130 1848 passam
2161 1781 2268 1836 sibi

687 1867 1098 1934 appropriasse.
1146 1867 1202 1922 Si
1247 1883 1382 1938 ergo
1419 1884 1518 1937 per
1565 1871 2070 1940 appropriationem
2120 1871 2270 1926 illius

687 1958 782 2026 qui
832 1972 861 2010 a
902 1957 1107 2012 Iudaeis
1138 1973 1335 2028 passus
1364 1968 1468 2023 est,
1504 1961 1784 2028 passibilis
1813 1970 1897 2016 est
1935 1965 2078 2017 Deus
2113 1962 2168 2016 in
2201 1977 2270 2017 eo

688 2063 822 2102 vere
876 2050 1205 2114 immanens,
1257 2065 1389 2120 ergo
1423 2059 1479 2106 et
1513 2066 1614 2121 per
1662 2051 1834 2106 solam
1867 2054 2270 2124 apprOpriatio-

686 2154 812 2193 nem
860 2139 1010 2195 illius
1047 2142 1141 2210 qui
1174 2157 1238 2195 ex
1288 2141 1519 2196 muliere
1556 2150 1722 2197 natus
1755 2151 1859 2207 est,
1905 2151 2069 2198 natus
2091 2155 2176 2199 est
2200 2159 2266 2199 ex

685 2231 921 2285 muliere
953 2246 1183 2287 manens
1229 2235 1284 2286 in
1325 2234 1445 2302 ipso
1487 2234 1651 2288 Deus.
1685 2232 1808 2288 Non
1837 2233 2003 2304 igitur
2033 2243 2181 2290 recte
2209 2247 2269 2291 ut

684 2321 916 2376 deicide
937 2321 1214 2376 habentur
1235 2321 1431 2388 Judaei,
1471 2323 1729 2392 quamvis
1756 2323 2046 2390 dicantur;
2085 2340 2268 2395 neque

682 2418 770 2466 est
813 2410 1048 2480 Deipara
1101 2411 1291 2481 Virgo,
1345 2413 1603 2481 quamvis
1646 2412 1866 2468 dicatur
1917 2431 1929 2466 :
1980 2429 2110 2468 nam
2159 2416 2264 2471 sibi

683 2502 1047 2571 appropriare
1087 2517 1310 2572 passum
1371 2511 1428 2558 et
1477 2515 1822 2572 generatum,
1867 2521 1980 2561 non
2018 2515 2102 2562 est
2153 2509 2265 2576 pati

682 2593 772 2648 vel
819 2593 1096 2664 generari.
1150 2594 1221 2648 At
1267 2609 1371 2650 nos
1421 2595 1669 2664 realiter,
1717 2612 1830 2652 non
1880 2611 2033 2652 mera
2083 2599 2269 2654 carnis

683 2685 1140 2753 appropriatione
1201 2702 1422 2756 passum
1474 2703 1597 2744 esse
1651 2689 1735 2744 vel
1788 2697 1979 2744 natum
2033 2689 2268 2746 dicimus

681 2773 950 2831 Verbum.
984 2774 1123 2831 Cum
1155 2777 1317 2847 plura
1349 2779 1402 2833 in
1446 2781 1668 2835 unicam
1706 2781 1977 2852 integram
2007 2781 2267 2854 hyposta-

683 2863 789 2918 sim
823 2864 1116 2929 uniuntur,
1155 2867 1424 2921 attributa
1454 2867 1890 2939 uniuscujusque
1921 2870 1990 2924 de
2022 2877 2135 2925 tota
2164 2871 2267 2926 bac

683 2951 972 3023 bypostasi
1024 2954 1321 3024 praedicari
1373 2966 1626 3025 possunt,
1670 2958 2135 3028 quemadmodum
2196 2960 2264 3015 de

683 3041 1008 3098 hominibus
1051 3044 1298 3100 dicitur:
1335 3064 1354 3099 :
1387 3046 1612 3103 Videbit
1648 3049 1831 3104 omnis
1862 3065 1991 3104 caro
2021 3053 2264 3104 salutare

1539 355 1846 417 LEONTII
1890 361 2292 424 BYZAN’I‘INI
2333 361 2499 418 AIlV.
2539 359 2855 421 NESTOR.
2896 361 3038 422 LIIl.
3075 360 3209 424 VII.

2294 469 2347 529 Λ

3765 355 3900 421 1768
3922 355 3946 404 δ

2987 471 3238 528 ΚΕΦᾹΛ.
3262 468 3340 524 9'.

2440 566 2607 620 Φασὶν
2635 563 2745 616 ἔτι·
2782 563 2830 614 εἰ
2853 562 2973 616 κατ’
3007 563 3197 615 οὐσίαν
3231 562 3332 613 οὐκ
3361 562 3597 630 ἔπασχεν
3628 560 3657 612 6
3681 559 3856 626 Λόγος
3884 562 3946 630 τῇ

2375 659 2560 729 σαρκὶ,
2585 656 2741 726 δῆλον
2767 654 2849 707 ὅτι
2879 653 3142 714 ἀνουσίως
3168 651 3403 722 ἔπασχεν
3422 669 3436 682 ·
3483 654 3530 704 εἰ
3568 652 3625 705 δὲ
3663 649 3947 710 ἀνουσίως,

2372 747 2493 800 οὐδὲ
2539 744 2772 798 ἔπαθενο
2831 740 3019 804 οὐσίας
3065 740 3174 810 γὰρ
3233 739 3303 793 τά
3355 739 3503 809 πάθη
3547 738 3771 809 κυρίως.
3813 736 3951 789 Ἀλλ’

2375 837 2668 890 ὑποστάσει
2689 832 2781 886 καὶ
2818 833 2846 884 6
2879 831 3047 901 Λόγος
3071 831 3290 900 λέγεται
3320 831 3510 884 παθεῖν
3534 847 3548 859 ·
3582 828 3952 900 προσελάϐετο

2372 927 2482 998 γὰρ
2510 923 2755 996 παθητὴν
2798 923 2988 978 οὐσίαν
3037 922 3116 985 εἰς
3166 919 3264 992 τὴν
3295 920 3492 974 ἑαυτοῦ
3527 921 3826 973 ὑπόστασιν
3859 922 3953 971 σὺν

2372 1021 2438 1089 τῇ
2487 1018 2665 1086 οἰκείᾳ
2685 1018 2752 1086 τῇ
2799 1014 3002 1069 άπαθεῖ
3026 1029 3038 1041 ’
3071 1012 3166 1066 καὶ
3203 1012 3271 1067 τὰ
3296 1012 3394 1080 τῆς
3423 1013 3613 1075 οὐσίας
3642 1009 3953 1079 κατηγορῇ.

2378 1126 2520 1180 ματα
2556 1106 2737 1162 εἰώθει
2755 1109 2856 1178 τῆς
2886 1103 3237 1166 ὑποστάσεως
3290 1103 3717 1174 κατηγορεῖσθαι
3751 1101 3950 1171 ὀρθῶς.

3007 1390 3260 1446 ΚΕΦΑΛ.
3291 1387 3356 1448 I'.

2458 1485 2611 1556 ‘I6ob,
2649 1493 2836 1562 φασὶν,
2892 1495 2922 1547 6
2977 1494 3245 1566 ὑμέτερος
3299 1494 3485 1565 πατὴρ
3535 1493 3811 1564 Κύριλλος
3866 1494 3956 1546 τὸν

2375 1583 2507 1637 Θεὸν
2537 1582 2710 1651 Λόγον
2733 1583 3060 1638 πεπονθέναι
3099 1583 3265 1655 σαρκὶ
3295 1584 3492 1652 λέγων,
3521 1583 3807 1637 καὶτοῦτο
3842 1584 3956 1644 πῶς

2377 1691 2510 1744 φησι
2535 1673 2761 1728 δυνατὸν
2787 1670 2927 1730 εἶναι
2961 1674 3313 1743 άπαιτηθεὶς,
3355 1675 3481 1728 κατ’
3535 1673 3814 1728 οἰκείωσιν
3860 1676 3956 1740 τῆς

2377 1765 2709 1829 πεπονθυίας
2751 1765 2917 1835 φύσει
2938 1765 3144 1836 σαρκὸς
3170 1765 3331 1818 αὐτοῦ
3365 1764 3478 1821 ἅνω
3507 1767 3602 1819 καὶ
3630 1764 3784 1817 κάτω
3821 1767 3958 1816 ἀπο-

2372 1858 2650 1926 λογεῖται·
2702 1860 2752 1911 εἰ
2808 1853 2902 1911 οὖν
2945 1858 3012 1926 τῇ
3075 1856 3349 1910 οἰκειώσει
3393 1854 3488 1908 τοῦ
3534 1854 3804 1917 παθόντος
3853 1853 3958 1907 ὑπὸ

2372 1947 2640 2004 Ἰουδαίων
2676 1948 2919 2018 παθητὸς
2945 1949 2974 2001 6
3001 1946 3134 2010 Θεὸς
3165 1946 3194 1998 6
3219 1949 3277 1999 ὲν
3309 1945 3458 2016 αὑτῷ
3490 1947 3670 2016 μένων
3710 1945 3955 2014 άληθῶς,

2372 2041 2479 2110 ἄρα
2506 2057 2568 2109 γε
2593 2039 2689 2092 καὶ
2721 2041 2786 2109 τῇ
2817 2035 3092 2091 οἰκειώσει
3136 2036 3232 2090 τοῦ
3271 2037 3624 2107 γεννηθέντος
3654 2039 3722 2091 ὲκ
3755 2055 3956 2106 γυναι-

2372 2133 2488 2196 κὸς,
2519 2132 2778 2201 γεννητὸς
2816 2130 2878 2196 ἐξ
2905 2129 3077 2201 αὐτῆς
3104 2131 3133 2183 6
3175 2131 3235 2183 ἐν
3265 2127 3414 2200 αὐτῷ
3444 2127 3579 2193 Θεὸς
3619 2129 3816 2199 μόνον’
3854 2128 3958 2184 οὐκ

2373 2224 2482 2294 ἄρα
2534 2219 2629 2276 οὖν
2695 2221 2912 2290 ἀληθῶς
2969 2219 3215 2274 νοοῦνται
3266 2219 3540 2273 θεοκτόνοι
3574 2220 3845 2286 Ἰουδαῖοι,
3906 2222 3959 2275 εἰ

2374 2315 2467 2368 καὶ
2516 2313 2796 2381 λέγονται·
2854 2311 2978 2364 οὐδὲ
3027 2310 3360 2381 Θεοτόκοςή
3405 2309 3711 2379 Παρθένος,
3764 2315 3814 2364 εἰ
3861 2309 3960 2365 καὶ

2369 2405 2585 2474 λέγεται
2605 2421 2617 2432 -
2647 2404 2707 2458 οὑ
2753 2402 2862 2473 γὰρ
2887 2401 2949 2456 τὸ
2985 2401 3318 2455 οἰκειοῦσθαι
3345 2401 3406 2454 τὸ
3434 2402 3642 2473 πάσχον
3665 2402 3700 2471 ἢ
3734 2401 3801 2454 τὸ
3826 2419 3960 2471 γεν-

2369 2494 2629 2565 νώμενον,
2661 2493 2764 2563 ἤδη
2802 2488 3049 2560 παθείνῆ
3088 2487 3420 2559 γεννηθῆναί
3449 2490 3588 2542 ὲστι.
3625 2489 3766 2542 Ἀλλ’
3792 2489 3959 2558 ἡμεῖς

2367 2584 2558 2646 ὅντως,
2607 2585 2706 2654 οὐχ
2739 2583 2927 2648 ἁπλῶς
2967 2578 3240 2634 οἰκειώσει
3295 2583 3393 2652 τῆς
3442 2582 3646 2653 σαρκὸς
3691 2580 3890 2634 παθεῖν
3922 2579 3958 2652 ἢ

2367 2675 2694 2748 γεννηθῆναι
2745 2673 2835 2729 τὸν
2865 2674 3047 2743 Λόγον
3089 2673 3306 2742 φαμέν-
3365 2672 3480 2726 ἀλλ’
3525 2670 3714 2745 ἐπειδὴ
3762 2673 3858 2725 ἐπὶ
3889 2674 3957 2742 τῇ

2369 2769 2562 2824 ἑνὼσει
2598 2769 2761 2824 τινῶν
2793 2770 2859 2839 τῇ
2889 2769 2969 2830 εἰς
3013 2767 3144 2836 μίαν
3196 2766 3570 2835 ὑποστατικὴν
3602 2765 3842 2835 όλότητα
3885 2764 3957 2818 τὰ

2366 2862 2608 2933 ὀνόματα
2653 2860 2886 2914 ἑκάστου
2934 2858 3044 2912 τῶν
3090 2861 3147 2912 ὲν
3186 2859 3321 2928 αὐτῇ
3379 2857 3606 2921 δύναται
3663 2857 3808 2910 κατὰ
3855 2853 3954 2909 τοῦ

2367 2953 2494 3007 ὅλου
2529 2951 2812 3024 φέρεσθαι,
2831 2951 3021 3022 ὥσπερ
3051 2951 3112 3004 τὸ
3134 2951 3260 3018 περί
3286 2949 3589 3019 ἀνθρώπων
3617 2949 3920 3018 λεγόμενον
3937 2962 3954 2980 ⁸

2368 3045 2464 3099 καὶ
2485 3043 2678 3113 ὸψεται
2710 3044 2860 3097 πᾶσα
2893 3043 3029 3114 σὰρξ
3078 3044 3139 3096 τὸ
3177 3044 3444 3113 σωτήριον
3477 3042 3714 3114 Κυρίοψ
3769 3043 3870 3103 καὶ
3897 3040 3958 3096 τὸ

682 3135 905 3190 Domini
935 3147 995 3202 6;
1037 3155 1057 3189 ι
1092 3145 1150 3192 et
1181 3135 1284 3191 Lot
1317 3137 1528 3192 dicitur
1561 3155 1574 3191 :
1621 3157 1639 3190 :
1674 3139 1906 3194 Salvans
1961 3141 2110 3195 salva
2155 3143 2275 3196 ani-

2375 3136 2666 3208 εἰρημένον
2718 3132 2799 3206 τῷ
2853 3133 3010 3188 Λώτ·
3039 3152 3058 3184 ι
3119 3133 3316 3196 Σὼζων
3389 3133 3528 3198 σῶζε
3577 3133 3678 3202 τὴν
3717 3129 3954 3188 σεαυτοῦ

685 3241 832 3281 mam
869 3236 1016 3282 tuam
1059 3227 1108 3282 ἀ.
1138 3247 1156 3279 ι
1196 3228 1510 3298 Aliquando
1554 3238 1740 3284 autem
1784 3231 2050 3286 attributa
2094 3234 2265 3287 totius

684 3319 1063 3388 pmdicantur
1120 3319 1189 3375 de
1213 3322 1513 3389 partibus:
1559 3323 1706 3377 sicut
1748 3322 1988 3377 dicimus
2034 3323 2271 3380 fractum

685 3410 859 3466 fuisse
903 3411 1053 3467 hunc
1093 3412 1298 3477 virum,
1342 3415 1594 3483 quamvis
1625 3415 1693 3470 de
1734 3415 1987 3470 membro
2021 3419 2272 3487 corporis

685 3503 854 3574 hujus
891 3512 1104 3559 tantum
1130 3504 1295 3559 modo
1318 3513 1541 3575 agatur;
1569 3515 1626 3562 et
1646 3508 1946 3577 superbum
1979 3523 2100 3565 esse
2125 3509 2271 3566 hunc

684 3593 775 3648 vel
808 3594 967 3649 illum
1014 3593 1318 3659 hominem,
1365 3596 1622 3665 quamvis
1650 3596 1701 3650 id
1731 3597 1904 3653 solius
1941 3598 2015 3653 sit
2050 3600 2267 3655 animae.

686 3683 973 3739 Interdum
1002 3699 1140 3739 vero
1179 3685 1328 3755 quod
1359 3695 1445 3740 est
1475 3687 1759 3756 proprium
1781 3689 1876 3742 uni
1903 3689 2075 3746 totius
2103 3691 2268 3760 parti,

685 3775 844 3830 alteri
867 3777 1036 3830 etiam
1061 3776 1200 3846 parti
1239 3777 2048 3845 attribuimns;sicutdicimus
2079 3798 2093 3835 :
2129 3780 2272 3849 Quot

687 3866 887 3920 anima:
943 3866 1142 3922 occisa:
1191 3874 1324 3922 sunt
1365 3868 1418 3922 in
1469 3870 1880 3940 expugnatione
1926 3871 2267 3928 Jerusalem!

685 3957 952 4022 Quamvis
998 3957 1052 4011 id
1098 3957 1426 4028 corporibus
1475 3966 1690 4013 tantum
1743 3971 2037 4031 competat.
2081 3962 2216 4018 Item
2253 3978 2268 4017 :

690 4044 806 4099 Non
827 4043 936 4099 fert
969 4045 1225 4116 injuriam
1253 4060 1458 4116 corpus
1487 4047 1763 4115 liberum;
1793 4049 1924 4104 licet
1948 4052 2062 4105 sola
2087 4050 2270 4106 anima

687 4134 921 4204 pudoris
937 4135 1013 4190 sit
1034 4149 1226 4205 capax.
1249 4135 1328 4190 Ex
1350 4135 1437 4189 his
1479 4137 1740 4193 omnibus
1764 4145 1917 4208 patet
1941 4139 2049 4194 dici
2086 4155 2268 4210 posse,

683 4240 853 4280 carne
901 4224 1111 4282 Christi
1155 4241 1334 4295 passa,
1370 4227 1549 4296 ipsum
1585 4227 1828 4284 Verbum
1869 4244 1991 4285 esse
2024 4245 2265 4300 passum,

683 4331 786 4384 per
823 4315 1107 4379 unionem,
1167 4332 1278 4372 non
1313 4333 1413 4388 per
1459 4334 1668 4374 meram
1717 4321 2266 4393 appropriationem;

683 4416 1011 4478 generatum
1043 4423 1176 4463 vero
1204 4424 1324 4470 esse
1344 4411 1539 4465 eodem
1565 4426 1753 4477 sensu,
1783 4427 1847 4466 ac
1873 4412 2100 4482 insuper
2129 4429 2267 4482 qua-

2375 3227 2582 3297 Ιἶιυχήν·
2623 3247 2641 3276 ι
2671 3224 2803 3280 ποτὲ
2830 3225 2888 3279 δὲ
2919 3225 3010 3278 καὶ
3041 3225 3108 3278 τὰ
3140 3225 3232 3277 τοῦ
3264 3225 3387 3278 ὅλου
3412 3224 3554 3278 κατὰ
3579 3224 3692 3277 τῶν
3723 3222 3915 3294 μερῶν
3934 3237 3951 3254 ο

2374 3317 2564 3387 ὥσπερ
2596 3315 2779 3386 φαμὲν
2816 3315 2900 3368 ὅτι
2929 3313 3168 3384 ἐκλάσθη
3199 3316 3228 3366 6
3268 3314 3577 3387 ἄνθρωπος,
3618 3314 3804 3366 καίτοι
3860 3311 3958 3384 μό-

2373 3425 2464 3463 νον
2493 3408 2555 3461 τὸ
2588 3406 2901 3478 σωματικὸν
2934 3405 3096 3477 μέλος
3121 3403 3278 3458 τοῦδε
3301 3419 3316 3435 ·
3367 3406 3464 3458 καὶ
3480 3405 3562 3458 ὅτι
3621 3403 3956 3475 ὑψηλόφρων

2375 3499 2662 3572 ἄνθρωπος
2691 3501 2720 3553 6
2747 3498 2917 3562 δεῖνα,
2967 3497 3145 3553 καίτοι
3192 3496 3330 3568 μόνῃ
3383 3498 3449 3566 τῇ
3485 3496 3663 3566 ψυχῇ·
3709 3495 3846 3548 ποτὶ
3899 3495 3955 3547 δι

2376 3590 2472 3645 καὶ
2501 3590 2569 3644 τὰ
2599 3589 2693 3643 τοῦ
2718 3590 2911 3662 ἑτέρου
2948 3586 3058 3643 τῶν
3089 3590 3149 3643 ιν
3180 3586 3262 3659 τῷ
3293 3588 3374 3640 ὲνί
3409 3587 3516 3657 ὅλῳ
3543 3584 3686 3640 κατὰ
3714 3583 3813 3639 τοῦ
3851 3586 3955 3640 σὺν

2372 3679 2523 3751 αὐτῷ
2549 3679 2760 3751 ἑτέρου,
2790 3677 2978 3751 ὥσπερ
3001 3675 3258 3750 λέγομενο
3291 3678 3461 3732 Πόσαι
3507 3676 3678 3748 ψυχαί
3721 3676 3959 3731 κατεκό-

2377 3789 2559 3843 πησαν
2617 3771 2677 3825 ἐν
2735 3774 2802 3843 τῇ
2857 3770 3058 3826 ἁλώσει
3135 3770 3553 3843 Ἰεροσολύμωνί
3628 3770 3809 3823 καίτοι
3888 3771 3958 3823 τὰ

2376 3863 2606 3932 σώματα
2631 3860 2795 3932 μόνον
2814 3876 2828 3890 °
2861 3862 2956 3915 καὶ
2987 3861 3150 3915 ὅτιοὺ
3181 3862 3339 3932 φέρει
3373 3861 3471 3931 τὴν
3495 3860 3654 3931 ὓϐριν
3697 3860 3761 3912 τὸ
3795 3860 3959 3928 σῶμα

2373 3953 2434 4006 τὸ
2495 3953 2804 4024 ιλεύθερον,
2837 3952 3070 4023 καίτοιή
3123 3952 3269 4023 ψυχὴ
3313 3953 3704 4022 ἐπαισχύνεται
3762 3954 3954 4022 μόνον·

2381 4043 2542 4114 δῆλον
2570 4043 2648 4107 ὡς
2679 4043 2818 4109 ἔστι,
2856 4045 2950 4097 καὶ
2977 4045 3074 4114 τῆς
3120 4047 3324 4115 σαρκὸς
3357 4043 3597 4116 Χριστοῦ
3645 4043 3956 4114 παθούσης,

2374 4134 2554 4203 λέγειν
2581 4134 2675 4187 τὸν
2707 4135 2895 4206 ἀπαθῆ
2932 4135 3097 4190 αὑτὸν
3131 4136 3303 4205 Λόγον
3334 4136 3530 4193 παθεῖν
3567 4135 3660 4190 διὰ
3686 4136 3794 4206 τὴν
3818 4136 3956 4189 ἔνω-

2374 4242 2485 4278 σινο
2514 4225 2575 4278 οὐ
2600 4225 2665 4279 δι’
2685 4225 2961 4280 οἰκείωσιν
2996 4225 3158 4297 μόνον
3179 4240 3194 4256 ⁸
3220 4227 3552 4300 γεννηθῆναι
3605 4227 3664 4280 δὲ
3729 4229 3828 4282 καὶ
3868 4227 3958 4282 διὰ

2371 4317 2511 4380 τόδε,
2536 4317 2631 4371 καὶ
2679 4316 2756 4380 ὡς
2797 4315 2936 4371 ἰδίαν
2976 4317 3071 4371 καὶ
3122 4315 3289 4372 αὐτὸν
3335 4318 3652 4375 ὑποστάντα
3694 4319 3956 4388 γέννησιν

2376 4410 2473 4462 σῦν
2494 4409 2632 4480 αὐτῇ
2654 4426 2669 4441 ·
2696 4409 2797 4462 οὐκ
2816 4411 2898 4472 εἰς
2928 4408 2989 4462 τὸ
3019 4405 3158 4462 εῖναι
3179 4405 3369 4480 ὥσπερ
3406 4408 3570 4478 αῦτη,
3613 4409 3734 4462 ἀλλ’
3770 4411 3855 4481 εἰς
3895 4408 3954 4462 τὸ

684 4509 849 4561 tenus
870 4499 1150 4568 pr0priam
1171 4515 1324 4554 suam
1347 4503 1756 4572 generationem
1780 4503 2118 4575 bypostaticc
2140 4520 2264 4559 cum

2372 4496 2654 4569 ινσᾶρκως
2673 4493 2849 4551 εἰναι·
2907 4500 3004 4552 καὶ
3051 4498 3410 4570 μορφωθῆναι
3466 4500 3566 4569 τὴν
3605 4499 3745 4552 ἰδίαν
3791 4500 3954 4568 ἀόρα-

683 4602 851 4642 carne
903 4589 1201 4657 c0pulavit,
1237 4605 1347 4644 non
1404 4600 1464 4644 ut
1495 4592 1645 4646 carni
1695 4592 1894 4648 similis
1936 4593 2114 4658 ﬁeret,
2169 4595 2266 4668 sed

683 4686 746 4732 ut
792 4679 952 4733 ﬁeret
997 4679 1053 4733 in
1110 4695 1315 4746 carne;
1359 4692 1415 4736 et
1467 4682 1700 4736 formam
1744 4683 2023 4754 accepisse
2072 4685 2263 4739 invisi-

683 4767 854 4826 bilem
891 4768 1064 4838 ipsius
1106 4769 1467 4841 hypostasim,
1509 4773 1730 4844 quando
1772 4789 1904 4829 caro
1938 4791 2098 4831 suum
2143 4791 2264 4831 esse

682 4857 737 4912 in
777 4874 842 4913 ca
896 4860 1150 4933 sumpsit.

1319 4974 1474 5032 CAP.
1530 4975 1627 5034 XI.

754 5063 860 5118 Per
911 5064 1063 5119 aliud
1105 5066 1323 5134 patiens
1365 5067 1479 5136 pati
1533 5068 1671 5123 nihil
1723 5083 1792 5122 ex
1832 5067 1900 5122 iis
1939 5069 2105 5124 etiam
2143 5084 2265 5139 qua:

682 5161 882 5209 natura
915 5164 1046 5209 sunt
1087 5156 1394 5226 passibilia,
1435 5167 1618 5227 potest
1651 5177 1663 5212 :
1705 5159 1888 5228 passio
1928 5161 2074 5214 enim
2111 5161 2165 5214 in
2197 5175 2265 5214 eo

683 5255 896 5302 tantum
921 5247 1141 5302 videtur
1175 5249 1229 5302 in
1264 5264 1377 5318 quo
1399 5250 1751 5318 supervenit;
1793 5267 1905 5305 non
1935 5262 2119 5307 autem
2155 5251 2265 5306 ullo

681 5339 847 5395 modo
883 5339 963 5394 illi
1009 5340 1155 5394 inest
1204 5355 1302 5410 per
1345 5357 1506 5410 quem
1555 5342 1776 5396 accidit.
1826 5342 2044 5409 Quanto
2093 5343 2266 5413 magis

684 5431 1025 5502 impassibile
1072 5431 1314 5488 Verbum
1375 5447 1540 5488 carne
1577 5448 1699 5488 esse
1742 5450 1964 5503 passum
2001 5435 2119 5489 sine
2160 5434 2262 5488 im-

680 5523 889 5594 pietate
927 5524 1034 5579 dici
1082 5524 1292 5594 nequit.
1339 5523 1529 5579 Sciant
1574 5525 1876 5580 adversarii
1911 5527 2084 5596 magis
2142 5541 2263 5580 esse

683 5615 837 5686 pium
893 5624 950 5671 et
999 5617 1112 5672 Dco
1145 5615 1368 5687 dignius
1425 5616 1533 5670 dici
1581 5615 1822 5672 Verbum
1878 5633 2096 5687 passum
2139 5631 2261 5686 csse

757 5765 778 5804 ε
824 5751 958 5810 Luc.
991 5768 1071 5834 In,
1124 5755 1176 5810 6.
1254 5755 1467 5815 διαειι.
1526 5772 1634 5822 .ux,
1679 5759 1761 5812 l7.

2372 4607 2465 4643 τον
2492 4591 2790 4645 ὑπόστασιν
2833 4591 2920 4645 ὅτε
2957 4593 2990 4662 ἡ
3027 4590 3164 4662 σάρξ
3195 4591 3255 4644 τὸ
3290 4588 3431 4646 εἶναι
3487 4595 3545 4659 ὲν
3588 4592 3733 4669 αὐτῇ
3782 4594 3951 4665 ὲλάμς

2373 4683 2522 4738 ϐανε.

2955 4972 3205 5044 κεσΑΑ.
3245 4975 3346 5028 ιΑο.

2437 5063 2515 5116 Δι’
2552 5064 2740 5134 ἑτέρου
2767 5063 3020 5136 πάσχειν,
3045 5069 3201 5138 φησί,
3239 5069 3571 5131 πεπονθότος
3591 5070 3719 5126 οὐδέ
3750 5089 3803 5125 τι
3845 5069 3955 5130 τῶν

2367 5155 2527 5221 φύσει
2567 5157 2828 5228 παθητῶν
2859 5158 3113 5213 δυνατόν·
3143 5161 3275 5215 αὐτὸ
3318 5162 3428 5234 γὰρ
3461 5162 3525 5232 δὴ
3556 5163 3620 5216 τὸ
3653 5163 3854 5227 πάθος,
3876 5164 3957 5215 ’ἰν

2366 5241 2410 5315 ᾧ
2439 5248 2682 5316 γέγονεν,
2706 5250 2902 5320 ὁρᾶται
2926 5251 3109 5320 μόνον,
3126 5253 3250 5306 οὔτε
3266 5253 3321 5306 δὲ
3340 5253 3408 5306 δι’
3434 5248 3496 5308 οὗ
3539 5253 3776 5322 γέγονεν
3804 5251 3956 5323 αὐτῷ

2371 5341 2494 5394 οὔτε
2523 5343 2597 5406 ὡς
2631 5342 2871 5396 ἔνεστιν·
2901 5345 3052 5414 πόσῳ
3093 5341 3185 5399 οῦν
3221 5346 3422 5415 μᾶλλον
3445 5349 3474 5400 6
3509 5348 3734 5418 ἀπαθὴς
3763 5349 3958 5415 Λόγος,

2371 5435 2470 5486 οὐκ
2496 5433 2672 5504 ὀρθῶς
2725 5436 2887 5506 σαρκὶ
2916 5435 3125 5504 λέγοιτο
3180 5439 3373 5491 παθεῖν
3414 5441 3527 5501 τοῖς
3595 5440 3955 5503 εὗσεῦοῦσιν;

2375 5526 2640 5579 Ἴστωσαν
2696 5521 2790 5578 οὖν
2841 5528 2916 5586 ὡς
2959 5528 3161 5597 μᾶλλον
3196 5530 3306 5591 τοῖς
3351 5546 3417 5596 γε
3463 5529 3958 5599 θεοπρεπεστέρως

2369 5615 2656 5673 εὐσεϐοῦσι
2684 5617 2774 5675 τὸν
2805 5618 2977 5687 Λόγον
3003 5618 3196 5677 παθεῖν
3223 5619 3432 5688 λέγοιτο
3463 5623 3629 5691 ωρκὶ
3653 5624 3713 5676 ἐν
3735 5619 3960 5692 Χριστῷ
