4146 6452
2616 98 2621 105 '
2692 48 2874 247 /

506 474 571 539 17
1516 492 1614 553 DE
1654 494 2130 559 RECEPTIONE
2168 502 2766 571 ILERETICORUM.
3709 522 3774 584 18

496 590 666 646 τοῦτο
709 595 808 647 καὶ
860 594 1381 671 Ὑδροπαραστάται
1430 603 1745 660 καλοῦνται.
1783 608 1886 661 Τὸν
1914 611 2092 681 γάμον

2197 614 2678 687 Hydroparastata:
2748 637 3159 696 nuncupantur.
3229 632 3457 701 Nuptias
3544 637 3770 692 nomine

498 685 770 753 πορνείαν
822 691 1318 758 προσαγορεύουσι.
1378 694 1460 749 Τὰ
1504 698 1658 768 παρά
1708 698 1846 753 Θεοῦ
1912 720 2096 773 παρα-

497 776 798 845 σχεθέντα,
830 780 908 844 ὡς
944 784 1166 852 πονηρὰ
1205 788 1630 858 μυσαττόμενοι.
1660 785 1821 845 Οὗτοι
1852 793 2098 863 ἀρχηγὸν

495 879 602 945 τῆς
634 880 904 947 αἱρέσεως
929 881 1089 952 ἔσχον
1116 884 1216 939 ἕνα
1241 886 1351 939 τῶν
1384 889 1645 960 μαθητῶν
1682 892 1969 946 Ίουστίνου
2001 894 2096 947 τοῦ

498 970 802 1042 φιλοσόφου
842 974 941 1027 καὶ
974 975 1278 1046 μάρτυρος.
1312 980 1449 1033 Φασὶ
1475 980 1535 1033 δὲ
1573 982 1657 1035 ὅτι
1686 984 1825 1053 μετά
1852 985 1913 1037 τὸ
1956 1002 2099 1056 μαρ-

496 1062 691 1133 τύριον
742 1065 837 1118 τοῦ
872 1067 1030 1135 ἁγίου
1080 1069 1369 1123 ’ῐουστίνου
1417 1074 1663 1138 ἀποστὰς
1717 1077 1819 1147 τῆς
1870 1077 2097 1149 Ἐκκλη-

500 1157 652 1220 σίας,
682 1157 886 1228 ἐφεῦρε
911 1162 1121 1230 ταύτην
1154 1162 1258 1233 τὴν
1287 1163 1501 1234 αἵρεσιν
1533 1164 1601 1219 ⁸³.

496 1271 875 1337 Βαλεντῑνος
925 1272 1025 1326 καὶ
1066 1274 1451 1351 Βασιλείδης,
1474 1281 1529 1332 ol
1557 1280 1657 1333 καὶ
1700 1278 1962 1351 Ἐρμιιῖοι
1992 1300 2097 1337 κα-

1148 1348 1459 1417 λούμενοι.

587 1453 651 1505 ’0
688 1454 791 1523 μὲν
822 1455 1150 1527 Βασιλείδης
1192 1458 1222 1510 ὁ
1270 1458 1568 1527 Αἰγύπτιος
1609 1463 1902 1536 ἀσώματον
1940 1466 1997 1518 ἒν
2024 1468 2094 1538 Υῇ

496 1546 746 1615 φανῆναι
781 1547 874 1601 τὸν
903 1550 1141 1619 Χριστὸν
1162 1551 1529 1620 ὲμυθεύσατο,
1562 1556 1734 1619 πάθος
1767 1558 1924 1611 οὐδὲν
1955 1560 2093 1613 ὑποο

496 1637 789 1706 μείναντα·
815 1640 1038 1709 Σίμωνα
1067 1640 1124 1694 δὲ
1161 1642 1255 1695 τὸν
1286 1646 1602 1715 Κυρηναῖον
1625 1647 1703 1711 ὡς
1742 1648 1905 1702 αὐτὸν
1939 1668 2097 1720 νομι-

494 1728 707 1781 σθέντα
730 1728 812 1799 τῷ
833 1730 1052 1803 σταυρῷ
1077 1734 1489 1804 προσπαγῖψαν
1509 1737 1601 1790 τὸν
1623 1739 1858 1805 Χριστὸν
1886 1740 1943 1793 δὲ
1968 1740 2097 1794 θεώο

498 1837 670 1888 μενον
704 1822 993 1892 πῦρῤωθεν
1016 1864 1032 1888 ,
1070 1824 1239 1896 γελᾷν
1284 1826 1393 1879 τῶν
1434 1828 1706 1883 Ἰουδαίων
1750 1830 1849 1900 τὴν
1879 1831 2091 1886 ἄνοιαν.

494 1913 719 1981 Χρῆναι
757 1916 984 1981 φάσκων
1013 1917 1114 1971 οὐκ
1140 1920 1220 1980 εἰς
1252 1918 1344 1973 τὸν
1374 1921 1762 1991 σταυρωθέντα
1794 1924 2090 1985 πιστεύειν,

494 2003 617 2056 ἀλλ’
657 2008 740 2068 είς
768 2007 863 2059 τὸν
895 2009 1279 2079 ἐσταυρῶσθαι
1313 2012 1563 2077 δόξαντα.
1609 2014 1859 2083 Ἥρνεῖτο
1905 2015 1961 2068 δὲ
1990 2019 2093 2087 τῆς

494 2098 703 2166 σαρκὸς
727 2099 831 2167 τὴν
864 2100 1161 2154 ἀνάστασιν
1185 2143 1199 2164 ,
1233 2103 1442 2158 ἀθετῶν
1490 2104 1583 2158 τὸν
1627 2105 1791 2177 νόμον
1825 2108 1920 2161 καὶ
1963 2110 2092 2174 τοὺς

492 2191 813 2261 προφήτας·
840 2193 1092 2263 μετέχειν
1114 2193 1173 2246 δὲ
1203 2194 1373 2259 ἀδεῶς
1393 2196 1762 2251 εἰδωλοθύτων
1792 2200 2088 2271 ἐπέτρεψε,

490 2279 592 2332 καὶ
648 2282 832 2333 πάντα
880 2284 1148 2351 πράττειν
1196 2283 1527 2354 ἀδιακρίτως
1556 2285 1624 2338 τὰ
1654 2287 1936 2355 αἴσχιστα,
1967 2304 2092 2358 γοη-

488 2370 651 2433 τείας
683 2371 779 2423 ut
807 2372 1027 2441 ἐπῳδὰς
1058 2373 1155 2427 καὶ
1180 2375 1523 2445 μαγγανείας
1550 2377 1747 2431 τελεῖν.
1801 2377 1858 2431 ’0
1889 2377 2089 2431 Βαλεν-

490 2467 646 2526 τίνος
681 2463 755 2532 (9)
788 2464 845 2517 δὲ
880 2464 1044 2533 βυθὸν
1093 2468 1189 2519 καὶ
1239 2466 1399 2535 σιγὴν
1445 2468 1827 2539 προϋπάρχειν
1867 2469 2090 2524 πάντων

494 2555 736 2609 ὑπέθετο
759 2573 773 2586 ·
808 2555 1103 2626 ἀσώματον
1127 2558 1185 2610 δὲ
1215 2560 1309 2612 καὶ
1341 2560 1506 2623 αὐτὸς
1535 2560 1625 2613 τὸν
1651 2560 1886 2631 Χριστὸν
1926 2578 2088 2631 τερα-

491 2648 745 2709 τεύεται,
785 2648 948 2715 σῶμα
987 2649 1223 2718 ψυχικὸν
1275 2649 1426 2719 παρὰ
1470 2650 1569 2703 τοῦ
1609 2651 1957 2723 Δημιουργοῦ
1992 2669 2088 2705 κο-

497 2743 838 2811 μισάμενον.
868 2742 1009 2811 ὅπερ
1040 2741 1211 2795 ἁπτὸν
1240 2741 1336 2794 καὶ
1364 2742 1557 2811 ὁρατὸν
1603 2743 1677 2812 μὴ
1708 2742 1767 2795 ὃν
1794 2742 2085 2814 πρότερον,

493 2832 733 2900 γέγονεν
783 2831 1031 2901 ὕστερον.
1088 2833 1187 2887 Ἐκ
1239 2832 1444 2885 τούτων
1504 2834 1755 2905 Ἐρμαῖοι
1810 2850 2088 2905 προσαγο-

498 2922 765 2991 ρεύονται
790 2965 805 2985 ,
836 2923 947 2976 ἀπὸ
988 2923 1137 2987 τινος
1190 2923 1335 2977 οὕτω
1392 2926 1689 2995 κληθέντος
1725 2925 1985 2995 λαχόντες
2026 2924 2089 2978 τὸ

492 3017 699 3084 ὄνομα.
774 3017 960 3070 Πᾶσαν
1017 3017 1219 3084 πρᾶξιν
1282 3018 1668 3089 ἀπειρημένην
1723 3019 2084 3090 ἐργάζονται,

494 3111 700 3179 ἑορτὰς
730 3110 1000 3174 ὲκτόπους
1045 3110 1371 3175 καλοῦντες,
1416 3113 1512 3165 καὶ
1552 3113 1831 3175 ἐσθίοντες
1879 3112 2090 3165 εἰδωλό-

492 3204 660 3257 θυτα.
706 3204 829 3255 Ἔτι
860 3204 918 3257 δὲ
954 3204 1106 3272 λέγει
1160 3204 1222 3257 τὸ
1270 3205 1430 3275 σῶμα
1479 3205 1572 3258 τοῦ
1624 3208 1833 3276 Κυρίου
1881 3205 2088 3261 ἄνωθεν

490 3294 904 3364 κατενηνέχθαι
927 3336 942 3360 ,
990 3296 1085 3348 καὶ
1120 3296 1196 3359 ὡς
1232 3296 1319 3349 διὰ
1356 3297 1600 3369 σωλῆνος
1643 3298 1787 3369 ὕδωρ
1828 3300 1919 3352 διὰ
1969 3299 2090 3353 Μα-
2118 3328 2164 3390 C

492 3388 625 3457 ρὶας
650 3388 754 3458 τῆς
779 3390 1055 3459 παρθένου
1087 3390 1479 3460 διεληλυθέναι.
1505 3392 1616 3445 Καὶ
1644 3391 1803 3446 τοῦτο
1834 3392 1889 3445 δὲ
1918 3409 2085 3462 τερα-

487 3480 741 3545 τεύεται,
770 3481 902 3533 ἄλλο
932 3480 1094 3552 σῶμα
1117 3482 1450 3555 ἐγείρεσθαι,
1474 3484 1615 3553 ὅπερ
1645 3484 2085 3553 προσαγορεύου-

493 3588 550 3623 σι
580 3574 977 3641 πνευματικὺν,
1012 3574 1111 3627 καὶ
1135 3575 1257 3644 οὐχὶ
1286 3574 1445 3627 τοῦτο
1464 3592 1477 3605 ·
1511 3576 1609 3628 καὶ
1633 3575 1741 3627 τῶν
1770 3575 2089 3643 γνωστικῶν

486 3666 550 3716 δὲ
583 3664 738 3731 λέγει
789 3664 984 3717 ἑαυτὸν
1030 3664 1194 3719 εἶναι.
1241 3668 1349 3719 Καὶ
1395 3669 1422 3720 ὁ
1458 3666 1813 3743 Βαρδησάνης
1848 3668 1916 3720 τὰ
1948 3668 2089 3721 αὐτά

486 3759 643 3827 λέγει
680 3759 1010 3830 Βαλεντίνῳ.
1047 3755 1218 3825 Οὗτος
1258 3761 1316 3815 δὲ
1355 3763 1384 3814 ὁ
1418 3762 1755 3824 Βαλεντῖνος,
1789 3761 2088 3824 ἐπίσκοπος

485 3853 726 3922 γέγονεν
760 3853 1046 3922 Αἰγύπτου
1086 3854 1153 3907 ¹⁸.

1102 3965 1470 4022 Νικολαῗτατ.

574 4085 644 4138 Ἠ
660 4085 773 4139 τῶν
788 4085 1137 4140 Νικολαϊτῶν
1164 4086 1288 4157 αἶρε
1300 4104 1403 4150 σις,
1428 4084 1537 4139 ἀπὸ
1553 4083 1829 4138 Νικολάου
1845 4083 1963 4147 ἐνὸς
1975 4081 2086 4135 τῶν

486 4177 639 4231 ἑπτὰ
678 4177 990 4249 [διακόνων]
1044 4178 1369 4247 κατάγεται.
1402 4176 1508 4230 Τοῦ
1560 4176 1831 4230 Νικολάου
1875 4174 2086 4244 ὡραίαν

484 4272 738 4337 γυναῖκα
812 4270 1075 4339 ἔχοντος,
1136 4269 1343 4339 ταύτην
1396 4268 1476 4339 τῷ
1530 4268 1843 4338 βουλομένῳ
1903 4267 2085 4337 γῆμαι

2200 706 2585 767 fornicationis
2606 714 2834 772 donant.
2859 718 2902 772 A
2962 721 3075 775 Deo
3114 723 3347 779 traditos
3370 725 3526 781 cibos
3561 726 3772 782 abomi-

2199 809 2405 856 nantur
2431 811 2692 873 tanquam
2719 808 2911 863 malos.
2933 809 3231 867 Auctorem
3282 816 3507 871 haeresis
3538 832 3651 871 suae
3670 818 3772 871 ha-

2200 891 2445 949 buerunt
2489 911 2661 951 unum
2707 914 2737 952 e
2765 899 3052 971 discipulis
3110 903 3311 959 Justini
3346 906 3660 977 philosophi
3716 917 3773 963 et

2199 987 2476 1058 martyris.
2503 989 2783 1079 Aiuntque
2826 993 2979 1048 illum
3008 1007 3133 1066 post
3159 1000 3335 1053 sancti
3359 999 3563 1055 Justini
3616 1016 3764 1054 mar-

2198 1080 2402 1147 tyrium
2428 1080 2761 1138 abscessisse
2789 1085 2859 1139 ab
2911 1087 3182 1155 Ecclesia,
3211 1100 3377 1160 atque
3423 1093 3765 1163 excogitasse

2198 1168 2341 1224 hanc
2366 1171 2641 1227 hmresim.

2196 1282 2361 1354 380
2399 1284 2705 1342 Valentinus
2738 1297 2788 1342 et
2812 1287 3090 1357 Basilides,
3123 1300 3172 1345 et
3227 1292 3455 1348 Ilermwi
3489 1292 3767 1364 appellati.

2264 1462 2533 1518 Basilides
2557 1462 2865 1534 Egyptius,
2907 1466 3297 1537 incorporeum
3333 1467 3389 1521 in
3425 1476 3571 1522 terra
3593 1483 3766 1537 appa-

2198 1554 2377 1609 ruisse
2402 1554 2683 1611 Christum
2728 1558 3009 1613 fabulatus
3034 1567 3138 1621 est,
3168 1575 3273 1614 nec
3300 1558 3605 1629 quidquam
3636 1576 3765 1629 pas-

2196 1660 2319 1699 sum
2342 1662 2498 1713 esse;
2528 1648 2623 1702 sed
2679 1647 2959 1705 Simonem
3010 1649 3331 1721 Cyrenteum
3370 1666 3470 1721 pro
3518 1651 3638 1720 ipso
3667 1652 3769 1705 ha-

2194 1737 2372 1792 bitum
2439 1738 2657 1795 atﬁxum
2683 1740 2856 1797 fuisse
2887 1742 3071 1809 cruci;
3098 1742 3379 1797 Christum
3407 1744 3770 1797 veroeminus

2194 1844 2319 1886 cum
2346 1840 2622 1896 cerneret,
2665 1832 2856 1889 risisse
2884 1834 3202 1889 Iudaeorum
3235 1836 3771 1891 dementiam.Addit

2196 1931 2457 1992 oportere
2492 1939 2601 1978 non
2637 1924 2691 1978 in
2722 1925 3047 1981 cruciﬁxum
3076 1927 3328 1993 credere,
3358 1938 3414 1984 at
3436 1929 3491 1983 in
3525 1944 3651 1983 eum
3674 1930 3767 1997 qui

2198 2013 2383 2067 crucis
2404 2015 2736 2084 supplicium
2789 2017 3087 2085 pertulisse
3122 2027 3347 2088 putatus
3407 2028 3509 2075 est.
3541 2019 3622 2073 Ad
3654 2020 3771 2074 haec

2197 2104 2418 2173 negavit
2440 2106 2625 2161 carnis
2649 2106 3114 2162 resurrectionem
3137 2125 3150 2161 :
3189 2107 3500 2178 repudiavit
3516 2108 3692 2178 legem
3714 2118 3771 2161 et

2198 2195 2529 2265 prophetas:
2559 2197 2848 2267 percipere
2872 2198 3139 2254 audacter
3160 2199 3466 2271 idolothyta
3490 2199 3767 2269 permisit.

2195 2287 2492 2357 omniaque
2532 2288 2849 2358 turpissima
2889 2305 3148 2361 peragere
3186 2292 3521 2361 promiscue,
3552 2305 3769 2346 necnon

2195 2394 2460 2451 peragere
2481 2382 2807 2453 praestigias,
2827 2382 3246 2450 incantationes,
3270 2384 3555 2439 veneﬁcia.
3575 2384 3773 2440 Valen-

2197 2468 2347 2524 tinus
2390 2484 2526 2525 vero
2580 2471 2814 2541 Bythum
2853 2482 2909 2526 et
2944 2472 3107 2544 Sigen
3140 2475 3356 2530 cunctis
3389 2475 3768 2545 pneexsistere

2195 2560 2433 2615 censuit.
2468 2560 2751 2615 Christum
2794 2563 2910 2632 ipse
2952 2564 3116 2618 etiam
3150 2564 3539 2635 incorporeum
3577 2563 3769 2634 prodi-

2195 2649 2344 2720 giose
2373 2652 2834 2719 comminiscitur,
2864 2655 3071 2725 quique
3120 2670 3322 2725 corpus
3351 2656 3585 2711 animale
3605 2671 3635 2710 a
3668 2656 3771 2709 De-

2196 2745 2412 2817 miurgo
2437 2748 2734 2817 acceperit,
2765 2750 2911 2820 quod
2940 2766 3066 2806 cum
3092 2751 3247 2822 prius
3270 2766 3373 2806 nec
3394 2752 3538 2823 tangi
3562 2768 3665 2807 nec
3688 2752 3770 2805 vi—

2195 2834 2314 2891 deri
2339 2848 2544 2906 posset,
2574 2850 2761 2910 postea
2787 2842 2992 2898 factum
3012 2844 3083 2898 sit
3105 2844 3403 2899 obnoxium
3429 2844 3597 2899 tactui
3615 2853 3671 2899 et
3691 2845 3772 2898 vi-

2195 2928 2302 2982 sui.
2335 2929 2414 2983 Ex
2453 2931 2542 2986 his
2570 2932 2803 2989 Πετηιωί
2834 2947 3260 3008 nuneupantur,
3298 2953 3501 2993 nomen
3531 2937 3710 2992 sortiti
3740 2954 3771 2991 ιι

2194 3022 2429 3089 quodam
2447 3023 2525 3078 sic
2543 3026 2835 3095 appellato.
2860 3028 3088 3085 Omnem
3109 3031 3382 3085 actionem
3396 3032 3619 3085 vetitam
3643 3046 3773 3099 ope-

2196 3124 2390 3169 rantur
2432 3134 2445 3170 :
2483 3118 2621 3173 festa
2665 3120 2957 3176 insolentia
2999 3131 3227 3188 vocant,
3276 3123 3573 3179 comedunt
3610 3122 3771 3193 idolis

2196 3206 2496 3263 immolata.
2518 3210 2666 3265 Idem
2692 3212 2853 3266 docet
2872 3228 3074 3283 corpus
3105 3214 3318 3268 Domini
3352 3230 3590 3284 superne
3616 3213 3768 3268 dela-

2198 3309 2312 3355 tum
2361 3300 2551 3366 fuisse,
2574 3318 2639 3356 ac
2668 3319 2767 3372 per
2799 3304 3023 3357 Mariam
3052 3305 3322 3375 virginem
3356 3304 3765 3375 pertransiisse,

2194 3392 2368 3446 instar
2414 3409 2569 3462 aqua:
2603 3409 2702 3462 per
2734 3395 2948 3449 tubum.
2990 3395 3049 3449 Id
3093 3397 3257 3450 etiam
3299 3396 3539 3465 portenti
3587 3395 3765 3449 simile

2192 3481 2366 3552 ﬁngit,
2395 3484 2543 3537 aliud
2566 3498 2772 3553 corpus
2799 3485 2957 3556 381
2994 3486 3269 3550 suscitari,
3299 3486 3445 3555 quod
3480 3486 3763 3556 spiritualc

2189 3573 2497 3637 nominant,
2520 3590 2629 3628 non
2662 3585 2844 3630 autem
2895 3577 3016 3632 hoc.
3066 3576 3134 3632 Se
3174 3577 3341 3632 etiam
3371 3577 3439 3632 de
3471 3576 3765 3632 Gnostico-

2189 3680 2311 3718 rum
2334 3680 2432 3719 seu
2464 3667 2695 3722 scientia
2720 3668 3075 3738 przeditorum
3118 3684 3351 3724 numero
3398 3685 3519 3724 esse
3564 3669 3768 3740 gloria-

2189 3765 2299 3811 tur.
2350 3757 2487 3812 Cum
2536 3759 2831 3815 Valentino
2875 3761 3068 3815 eadem
3106 3761 3357 3831 loquitur
3406 3760 3766 3815 Bardesanes.

2188 3850 2360 3904 Porro
2394 3850 2721 3906 Valentinus
2746 3852 2955 3907 exstitit
2982 3852 3201 3925 Aigypti
3236 3852 3551 3923 episcopus.

2825 3968 3128 4024 Nicolaitw.

2258 4080 2491 4137 llaeresis
2538 4083 2951 4147 Nicolaitarum,
2999 4099 3029 4139 a
3058 4084 3285 4139 Nicolao
3337 4100 3448 4140 uno
3493 4099 3525 4139 e
3554 4092 3763 4153 septem

2187 4173 2438 4230 diaconis
2456 4176 2723 4245 originem
2743 4176 2995 4245 sumpsit.
3017 4176 3066 4230 ls
3078 4192 3201 4231 cum
3217 4177 3505 4246 pulchram
3520 4176 3768 4231 duxisset

2185 4281 2434 4331 uxorem,
2471 4267 2726 4337 permisit
2756 4277 2816 4321 ut
2842 4267 2938 4336 qui
2983 4268 3149 4322 vellet
3184 4283 3307 4323 eam
3350 4269 3454 4322 sibi
3482 4266 3765 4322 matrimo-

486 4360 827 4431 ἐπέτρεψεν.
845 4363 1041 4415 ’ἰστέον
1060 4362 1232 4415 δὲκαὶ
1251 4361 1432 4425 τοῦτο,
1457 4360 1542 4413 ὅτι
1561 4360 1739 4423 οὐδεὶς
1762 4358 1872 4412 τῶν
1902 4358 2080 4412 ἄλλων

2195 4360 2276 4413 nio
2330 4361 2633 4430 copularet.
2696 4360 2992 4415 Sciendum
3046 4361 3213 4415 etiam
3262 4361 3367 4417 hoc
3409 4369 3515 4425 est,
3550 4360 3764 4414 nullum

1794 4490 2031 4545 VARIAE
2066 4490 2365 4548 LECTION
2373 4492 2474 4547 ES.

580 4592 629 4624 ¹³
648 4591 744 4645 τὸν
768 4589 1277 4661 γάμον-αἵρεσιν.
1308 4587 1508 4644 desunt
1547 4587 1604 4641 in
1640 4585 1701 4641 C.
1781 4585 1825 4617 “
1857 4585 2173 4650 Βαλεντῖνος
2204 4587 2296 4641 καὶ
2326 4586 2638 4657 Βασιλείδης
2670 4616 2738 4627 -
2764 4588 3059 4657 Αἰγύπτου.
3086 4586 3287 4641 desunt
3317 4585 3371 4640 in
3397 4584 3460 4641 C.

2066 4727 2303 4783 NOTAE.

488 4824 679 4879 exerit
715 4820 1000 4892 editorum,
1034 4820 1389 4892 Bibliotheca:
1413 4819 1555 4888 juris
1598 4819 1852 4876 canonici
1886 4820 2090 4892 veteris
2122 4822 2165 4878 D
2193 4819 2263 4875 de
2298 4821 2408 4876 illis
2436 4821 2640 4892 scribat
2672 4821 3034 4892 Epiphanius,
3078 4823 3305 4876 Romam
3360 4836 3534 4892 usque
3566 4836 3765 4891 perva-

488 4893 859 4963 negligentia.
904 4890 944 4944 li
990 4890 1577 4963 hosceSaccophoros
1610 4891 2086 4963 inanrcophoros

490 4961 883 5025 mutaverunt,
927 4976 982 5030 p.
1012 4961 1137 5023 708,
1170 4961 1293 5026 740,
1321 4962 1787 5031 quemadmodum
1830 4971 1887 5016 et
1936 4961 2000 5031 ρύ

492 5036 552 5089 in
586 5035 731 5102 ρἐτη
762 5032 991 5096 ibidem,
1027 5033 1283 5101 ἄρκτους,
1320 5032 1407 5086 vel
1434 5033 1637 5101 ᾶρκους
1677 5032 1731 5085 ἰη
1761 5031 1961 5102 ἄρτους
1996 5046 2062 5085 ve

488 5106 721 5174 ὅρκους,
755 5118 810 5170 p.
859 5102 983 5165 702,
1031 5102 1171 5174 Ἰάδι
1214 5102 1479 5174 Ἀγαπίου
1512 5102 1568 5174 in
1601 5103 1824 5174 ἀγάπης
1860 5118 1914 5171 p.
1954 5102 2078 5156 771.

490 5172 802 5229 Rasihuem
819 5172 1062 5242 Dionysii
1092 5172 1447 5227 Alexandrini
1467 5172 1521 5226 in
1549 5172 1793 5240 βασιλίδα
1817 5174 2078 5242 reginam,

488 5255 552 5301 et
583 5244 778 5324 magni
818 5234 1002 5324 Basilii
1047 5243 1477 5324 chorepiscop‘os
1516 5234 2077 5324 in_archiep_iscopos,

490 5334 552 5387 p.
583 5312 719 5377 ’τοις
746 5312 987 5387 denique
1018 5313 1184 5387 τέκνα
1218 5312 1451 5387 inme.
1482 5329 1536 5387 ρ.
1561 5314 1682 5368 768.
1715 5313 1798 5367 Ad
1829 5314 1946 5367 haec
1961 5329 2082 5387 ver-

491 5382 713 5447 terunt,
748 5400 802 5453 p.
840 5385 944 5439 704
979 5391 1035 5437 et
1070 5384 1192 5450 748,
1228 5383 1366 5451 μέλη
1407 5383 1545 5447 mel;
1588 5398 1653 5437 ac
1677 5399 1820 5452 smpe
1846 5382 2079 5452 τετράδα

488 5465 750 5527 quatuor
792 5464 1061 5522 tempora,
1107 5463 1168 5527 ut
1204 5453 1897 5527 alia__consimilis_farina3
1938 5453 2078 5527 bene

492 5524 674 5581 multa
729 5533 1079 5594 praatercam;
1135 5524 1190 5577 in
1229 5524 1431 5593 quibus
1473 5524 1597 5593 quis
1623 5524 1819 5594 risum
1858 5524 2079 5579 teneat?

489 5593 836 5665 —-Aquarii.
880 5595 1224 5665 Ἀκκοφόροι.
1271 5594 1576 5665 Turrianus
1604 5593 1943 5665 Saceophori,
1979 5610 2089 5663 quo

488 5664 672 5722 etiam
721 5665 886 5719 modo
929 5665 1166 5719 habetur
1203 5664 1257 5718 in
1297 5664 1437 5718 Bibl.
1470 5665 1573 5719 PP.
1628 5664 1732 5719 Sed
1761 5679 1886 5719 cum
1923 5664 2090 5718 iidem

491 5738 617 5791 sint
668 5736 726 5789 hi
780 5745 945 5804 atque
992 5735 1291 5790 Encratitze
1327 5750 1392 5789 ac
1439 5735 1937 5805 Hydroparastatze,
1980 5750 2091 5788 non

2194 4892 2331 4945 sisse
2368 4910 2382 4946 :
2416 4891 2553 4960 Ἤδη
2615 4892 2671 4945 δὲ
2714 4891 2804 4945 καὶ
2845 4894 2939 4945 ἐπὶ
2980 4893 3041 4946 τὸ
3092 4893 3198 4946 τῶν
3240 4891 3526 4960 Ῥωμαίων
3575 4892 3762 4961 μέρος.

2192 4961 2296 5032 Qui
2343 4977 2476 5032 ergo
2518 4978 2548 5016 a
2600 4962 2803 5018 Grmcis
2848 4962 3034 5018 Graece
3096 4962 3646 5032 ’Υδροπαραστάταις
3695 4963 3763 5016 ab

2192 5031 2390 5103 iisdem
2424 5031 2857 5097 barbariuscule,
2882 5031 3274 5103 γἈκκαοφόροι.
3319 5041 3447 5086 sunt
3473 5031 3759 5103 appellati;

2191 5102 2330 5156 nihil
2371 5101 2706 5172 SaccOphori
2746 5105 2829 5158 vel
2871 5101 3132 5165 Saccitaa',
3173 5101 3285 5157 nisi
3326 5104 3465 5155 forte
3493 5116 3559 5154 eo
3591 5102 3763 5169 respi-

2190 5173 2301 5227 ciat
2352 5172 2445 5226 illa
2486 5188 2612 5237 vox,
2658 5189 2769 5242 quo
2801 5173 2908 5227 alia
2948 5174 3165 5228 videtur
3205 5173 3506 5242 respicere;
3561 5185 3761 5242 nempe

2187 5244 2250 5296 τὸ
2284 5242 2607 5311 Apotactitaa
2639 5262 2650 5297 :
2677 5240 2941 5313 tanquam
2996 5245 3031 5298 ii
3086 5240 3326 5297 haeretici
3387 5240 3537 5293 velut
3578 5240 3761 5307 specie

2188 5315 2430 5383 pietatis.
2456 5329 2725 5367 summam
2760 5313 3051 5384 quamdam
3086 5314 3337 5384 ἄσκησιν,
3373 5324 3437 5363 ac
3471 5317 3763 5384 pauperta—

2190 5376 2299 5438 iem
2347 5376 2871 5458 p_ractexerent_:'u_ti
2941 5392 3070 5458 post
3116 5376 3326 5450 aliquot
3366 5376 3761 5458 spculafece-

2184 5464 2318 5580 Eunt
2349 5446 2649 5523 'Pauperes
2699 5454 2767 5509 de
2811 5446 3100 5524 Lugdune,
3158 5446 3225 5505 ac
3274 5449 3400 5503 novi
3452 5446 3757 5501 Manichmi.

2228 5541 2413 5580 οιιιιιιιτ.

2228 5541 2413 5580 011881³.

2261 5596 2335 5669 (_9)
2358 5598 2446 5669 Ba
2464 5594 2741 5669 lsrtiroc.
2779 5594 2864 5669 ΕτΔ
2890 5591 3182 5669 Philastrio
3220 5591 3296 5669 l)_e
3321 5584 3630 5669 Valentino,
3661 5583 3759 5669 Δ[ξε

2189 5661 2428 5733 ogdoade
2463 5681 2585 5735 ergo
2613 5674 2661 5718 et
2696 5665 2894 5735 decade
2918 5675 2967 5735 et
2999 5661 3299 5735 duodecade
3338 5661 3759 5735 consisterentri-

2190 5723 2338 5806 ginta
2367 5723 2591 5806 ianva:
2631 5734 2909 5806 deliberat.
2953 5732 3501 5806 Rectiuslegcretur,
3531 5723 3755 5806 delirat,

492 5815 741 5875 apparet
789 5795 936 5859 unde
995 5806 1069 5859 ita
1100 5804 1232 5859 dicti
1275 5805 1407 5875 sint,
1466 5795 1677 5875 velutfa
1714 5795 2094 5875 sacco;lbene
2190 5795 2252 5861 ἶιι
2278 5805 2598 5871 inTatiano,
2624 5804 2825 5858 {Eonas
2850 5812 3024 5857 autem
3051 5795 3322 5863 nuntiatis,
3354 5799 3490 5853 sicut
3520 5795 3757 5849 Marcion

490 5874 1189 5956 εὐὶειημιᾌκκαοφόροι,
1218 5890 1356 5956 voce
1390 5874 1924 5956 Latino-Graeca,_.ab
1952 5891 2093 5956 aqua
2192 5876 2457 5930 deliravit.

494 5961 673 6019 quam
703 5947 761 6001 in
788 5945 1068 6017 mysteriis
1096 5946 1364 6002 oﬂ'errent
1390 5962 1402 5999 :
1431 5945 1596 6017 idque
1612 5945 1917 6016 praesertim
1948 5945 2095 6016 quod
