4146 6488
1318 52 1491 231 \

399 477 469 544 19
1524 478 1900 541 TIMOTHEI
1940 479 1986 539 P

2089 478 2414 539 ,SBYTERI
2451 480 2560 539 CP.
3565 478 3636 540 20

384 592 879 649 Laresiarcbarum
906 602 1193 663 tantopere
1231 592 1508 647 exstitisse
1547 600 1829 644 auctorem
1849 603 1964 642 ma-

2089 588 2439 659 ιὶρεσιαρχῶν
2470 589 2916 657 φαίνεταιοῦτως
2940 594 3111 659 αῐτιος
3133 594 3314 664 πάσης
3339 591 3636 664 βδιλυκτῆς

385 682 730 753 gistrumque
760 684 942 739 omnis
972 682 1344 747 exsecranda,
1376 683 1604 751 impurae
1631 696 1696 734 ac
1711 679 1963 735 nefandae

386 776 641 830 actionis.
666 776 885 832 Primus
924 777 1070 831 enim
1102 777 1220 845 ipse
1249 775 1652 846 pronuntiavit,
1678 773 1787 828 nisi
1832 773 1962 842 quis

387 867 638 937 quotidie
663 866 881 920 libidini
914 882 1133 936 operam
1166 866 1405 929 dederit,
1429 882 1542 919 non
1593 880 1755 935 posse
1790 863 1961 917 vitam

389 958 653 1026 consequi
692 958 1104 1027 sempiternam.
1133 959 1311 1025 Atque
1334 973 1401 1011 ex
1429 956 1548 1024 ipso
1570 954 1667 1025 qui
1712 952 1962 1008 Gnostici

391 1050 759 1119 appellantur,
784 1050 950 1120 quiet
972 1051 1296 1113 Borboritm,
1327 1050 1497 1104 totius
1526 1064 1628 1103 nec
1657 1048 1953 1100 nominan-

392 1139 475 1193 dae
496 1140 852 1209 impudicitiae
880 1141 1227 1195 occasionem
1250 1136 1814 1208 sumpserunt.Tanta
1834 1152 1967 1191 vero

395 1229 616 1284 illorum
653 1240 737 1285 est
772 1233 830 1286 in
876 1233 1126 1287 moribus
1162 1232 1403 1295 (traditas,
1436 1241 1496 1286 ut
1529 1232 1797 1285 Dominus
1830 1244 1970 1301 quo-

393 1334 503 1389 que
564 1320 733 1374 unius
784 1321 1045 1375 Ecclesiae
1069 1322 1263 1392 angelo
1297 1338 1390 1376 seu
1426 1322 1691 1391 episcopo
1725 1321 1965 1375 dixerit:

396 1416 614 1487 Aliquid
644 1419 762 1471 boni
792 1417 971 1484 habes,
1006 1420 1133 1488 quia
1169 1418 1324 1472 odisti
1372 1418 1517 1489 facta
1550 1416 1967 1481 Nicolaitarum,

399 1523 516 1577 qua:
554 1516 603 1561 et
638 1525 730 1578 ego
751 1508 836 1562 odi
864 1518 903 1565 ³.

788 1628 1128 1684 Montanista:
1155 1647 1244 1684 seu
1284 1630 1594 1701 Pepuziani.

476 1742 770 1797 Montanus
787 1759 845 1798 se
866 1745 1212 1799 Paracletum
1233 1747 1607 1816 nuncupavit;
1630 1746 1767 1801 duas
1786 1762 1974 1802 secum

405 1833 563 1888 duxit
612 1836 957 1899 meretrices,
1005 1836 1313 1891 Priscillam
1335 1845 1391 1890 et
1437 1837 1811 1902 Maximillam,
1841 1853 1978 1908 quas

2067 680 2163 733 καὶ
2182 682 2435 751 μυσαρᾶς
2454 682 2548 734 καὶ
2568 684 2806 754 ἁρρήτου
2825 685 3078 756 πράξεως
3103 685 3445 750 διδάσκαλος.
3466 684 3639 747 Αὐτὸς

2068 768 2181 839 γὰρ
2212 770 2309 823 καὶ
2341 770 2654 842 προήρξατο
2694 774 2787 827 τοῦ
2818 774 3022 844 λέγειν,
3065 778 3149 831 ὅτι
3182 776 3278 830 ἐὰν
3318 776 3481 847 μήτις
3515 773 3641 829 καθ’

2068 862 2305 930 ἑκάστην
2323 863 2537 933 ἡμέραν
2556 864 2815 938 λαγνεύῃ,
2834 867 2979 939 ζωῆς
2997 870 3071 937 μὴ
3092 867 3354 922 δύνασθαι
3388 866 3641 937 μετέχειν

2065 955 2161 1023 τῆς
2191 956 2431 1009 αἱωνίουο
2472 956 2561 1021 Ἐξ
2590 958 2755 1012 αὑτοῦ
2789 960 2898 1031 γὰρ
2929 963 2977 1015 οἰ
3001 962 3288 1031 λεγόμενοι
3321 959 3642 1021 Γνωστικοὶ,

2068 1047 2117 1098 οἱ
2147 1048 2240 1099 καὶ
2270 1046 2617 1118 Βορὸορῖται,
2650 1050 2834 1121 πάσης
2858 1053 3099 1124 άρῤήτου
3126 1052 3422 1116 ἀκολασίας
3452 1053 3646 1107 ἐλαὸον

2068 1137 2169 1200 τὰς
2202 1138 2481 1208 ἀφορμάς.
2546 1139 2798 1212 Τοσαύτη
2842 1142 2900 1195 δὲ
2942 1142 3121 1196 αὐτῶν
3172 1142 3427 1216 βδελυρία
3475 1143 3644 1205 ἐστὶν,

2070 1228 2145 1291 ὡς
2177 1229 2397 1281 καὶτὸν
2441 1229 2647 1300 Κύριον
2700 1232 2876 1286 εἰπεῖν
2922 1235 3051 1304 μιᾶς
3110 1234 3435 1306 Ἐκχλησίας
3480 1234 3649 1304 ἦγουν

2071 1319 2392 1384 ἐπίσκοπον,
2424 1319 2665 1393 [ἀγγέλῳ
2697 1323 2866 1393 ἤγουν
2895 1326 3202 1398 ὲπισκόπῳ]
3243 1328 3325 1381 ὅτι
3356 1328 3561 1395 Ἔχεις
3592 1342 3650 1380 τι

2073 1411 2267 1466 καλὸν
2298 1412 2436 1483 (l0),
2469 1412 2559 1467 ὅτι
2590 1415 2793 1483 μισεῖς
2827 1415 2899 1470 τὰ
2930 1417 3075 1487 ἔργα
3117 1416 3236 1472 τῶν
3255 1416 3648 1480 Νικολαϊτῶν,

2078 1504 2117 1558 ἁ
2164 1505 2325 1572 κάγὼ
2346 1504 2505 1575 μισῶ
2540 1506 2603 1561 ⁸⁵.

2325 1646 2753 1713 Μοντανισταί,
2790 1650 2845 1701 οἰ
2867 1649 2963 1701 καὶ
2993 1648 3409 1709 Πεπουζὶανοί.

2150 1757 2430 1821 Μοντανὸς
2461 1760 2822 1831 Παράκλητον
2846 1762 3037 1815 ἑαυτὸν
3067 1760 3528 1834 προσηγόρευσεν·
3564 1758 3659 1812 δύο

2082 1852 2349 1919 πορνικάς
2372 1853 2717 1920 ἐπαγόμενος
2738 1856 3028 1922 γυναῖκας,
3051 1853 3388 1925 Πρίσκιλλαν
3420 1852 3529 1923 (Η)
3561 1852 3659 1905 καὶ

406 1926 769 1997 prophetides
815 1928 1152 1997 appellavit:
1193 1929 1470 1998 Pepuzam
1518 1930 1761 1984 viculum
1806 1931 1981 2003 Phry—

2089 1941 2450 2011 Μαξίμιλλαν,
2493 1942 2559 2006 ἃς
2590 1945 2681 1997 καί
2705 1945 3048 2016 προφήτιδας
3084 1946 3392 2017 ὠνόμασεν·
3426 1943 3521 1999 καὶ
3557 1944 3661 1996 Πέ-

406 2020 509 2089 giae
556 2020 863 2074 nominavit
909 2020 1215 2075 Jerusalem
1255 2022 1461 2092 :382
1501 2024 1985 2079 matrimoniorum

408 2111 687 2166 mandavit
723 2112 1074 2176 solutionem,
1112 2122 1169 2168 et
1196 2129 1227 2167 a
1263 2114 1595 2183 quibusdam
1638 2115 1780 2171 cibis
1809 2117 1986 2171 absti-

410 2204 694 2270 nentiam;
732 2205 943 2260 Pascha
970 2207 1269 2275 pervertit;
1326 2216 1438 2262 tres
1490 2209 1987 2265 consubstantialis

411 2296 721 2351 divinitatis
768 2297 1090 2368 hypostases
1117 2299 1171 2352 in
1201 2314 1368 2354 unam
1429 2300 1645 2355 confert
1691 2316 1986 2371 personam

413 2390 721 2445 confusam.
773 2389 867 2444 Isti
920 2392 1249 2461 sanguinem
1274 2394 1511 2448 miscent
1544 2409 1670 2448 cum
1702 2394 1881 2449 farina
1918 2396 1986 2450 ad

414 2480 901 2535 communionem:
958 2498 1153 2537 verum
1212 2484 1532 2555 hujusmodi
1564 2485 1988 2556 perceptionem

414 2587 529 2642 pra!
559 2572 896 2627 verecundia
924 2583 1143 2644 negant.

1053 2683 1353 2739 Manichari.

486 2798 532 2851 A
558 2797 717 2852 Mane
766 2798 934 2853 Persa
970 2799 1100 2852 orti.
1130 2799 1195 2853 Hi
1233 2800 1553 2869 blaspheme
1593 2813 1807 2871 ponunt
1854 2803 1994 2858 duas

417 2890 743 2945 divinitates
786 2892 935 2961 paris
979 2893 1243 2961 potentia:
1290 2893 1509 2963 sibique
1544 2904 1737 2949 mutuo
1759 2894 1993 2965 opposi-

420 2995 532 3041 tas:
564 2987 790 3040 alteram
824 2987 1073 3054 luminis,
1103 2987 1332 3043 alteram
1362 2989 1718 3043 tenebrarum
1754 2988 1998 3043 eﬂ'ectri-

416 3093 560 3133 cem.
589 3077 772 3133 Solem
797 3087 854 3133 et
882 3080 1069 3133 lunam
1104 3080 1238 3135 deos
1268 3081 1499 3135 faciunt.
1528 3081 1818 3134 Diabolum
1842 3080 1995 3151 prin-

419 3172 598 3240 cipem
633 3173 876 3227 materiae
928 3183 1292 3244 nuncupant;
1328 3190 1391 3230 ac
1450 3175 1694 3245 nuptias,
1730 3175 1995 3229 daemonis

2087 2034 2314 2100 πουζαν,
2344 2036 2624 2107 κωμήδιον
2654 2038 2921 2108 Φρυγίας,
2962 2038 3324 2109 Ἰερουσαλὴμ
3351 2038 3659 2109 ὠνόμασεν,

2087 2128 2181 2181 καὶ
2211 2129 2426 2197 γάμους
2452 2128 2754 2201 ἐπέτρεπεν
2783 2130 3030 2197 λύεσθαι,
3055 2132 3151 2185 καὶ
3181 2131 3496 2204 βρωμάτων
3528 2131 3666 2183 ἀπο-

2088 2220 2211 2289 χάς·
2241 2219 2336 2272 καὶ
2370 2221 2430 2273 τὸ
2466 2220 2658 2291 Πάσχα
2697 2222 2982 2293 διέστρεψε
3010 2239 3023 2253 ·
3063 2224 3157 2277 καὶ
3207 2224 3308 2285 τὰς
3347 2225 3497 2293 τρεῖς
3526 2222 3664 2275 ὐπο-

2092 2310 2312 2372 στάσεις
2367 2312 2465 2383 τῆς
2516 2313 2807 2382 όμοουσίου
2860 2315 3150 2386 Θεότητος,
3206 2317 3287 2378 εἰς
3328 2314 3385 2367 ἓν
3421 2314 3672 2383 συναιρεῖ

2090 2403 2386 2472 πρόσωπον
2418 2404 2701 2475 χεόμενον.
2736 2406 2947 2471 Οἴτινες
2988 2404 3127 2479 αἷμα
3165 2406 3542 2479 συμφύρουσιν
3573 2405 3667 2458 ἀλ-

2092 2493 2268 2562 φίτοις
2305 2496 2387 2558 εἰς
2428 2496 2769 2569 μετάληψιν·
2820 2492 2880 2552 οὗ
2940 2499 3039 2571 τὴν
3101 2498 3319 2570 μέθεξιν
3376 2498 3667 2570 ἀρνοῦνται

2090 2586 2401 2657 αἰδούμενοι
2436 2587 2501 2641 ’⁸.

2706 2702 3043 2772 Μανιχαῖοι.

2180 2814 2315 2867 Ἀπὸ
2340 2815 2620 2879 Μάνεντος
2656 2814 2752 2869 τοῦ
2787 2815 2997 2887 Πέρσου
3020 2814 3379 2886 τυγχάνοντες
3407 2814 3471 2867 "'.
3509 2804 3671 2867 Οὗτοι

2098 2904 2349 2975 ἰσοσθενῆ
2368 2906 2460 2958 καὶ
2480 2906 2761 2961 ἀντίθετον
2785 2906 2955 2960 δυάδα
2981 2905 3362 2977 βλασφημοῦσι
3392 2903 3671 2973 θεότητος·

2093 2995 2193 3067 τὴν
2221 2998 2319 3066 μὲν
2352 2998 2552 3066 φωτὸς,
2580 2998 2679 3071 τὴν
2702 3000 2759 3053 δὲ
2786 3000 3014 3063 σκότους
3042 3000 3356 3069 παραίτιον.
3381 2998 3492 3052 Καὶ
3520 2997 3675 3067 ἥλιον

2097 3088 2192 3139 καὶ
2223 3087 2455 3160 σελήνην
2490 3089 2820 3144 θεοποιοῦσι·
2870 3091 2967 3145 καὶ
3016 3091 3106 3144 τὸν
3157 3089 3402 3143 διάεὶολον
3438 3088 3674 3158 ἄρχοντα

2096 3180 2194 3248 τῆς
2243 3179 2378 3252 ὕλης
2424 3181 2913 3254 προσαγορεύουσι·
2946 3185 3039 3236 καὶ
3081 3183 3173 3236 τὸν
3216 3182 3415 3251 γάμον,
3447 3179 3676 3250 νομοθε-

416 3264 613 3332 legem.
644 3264 994 3334 lniquitatem
1039 3276 1239 3321 vocant
1268 3268 1648 3338 erogationem
1682 3268 1737 3322 in
1765 3283 1986 3337 egenos.

2101 3271 2223 3325 σίαν
2278 3270 2376 3324 τοῦ
2420 3272 2675 3343 δαίμονος
2720 3276 2781 3307 ⁸⁸·
2834 3276 2929 3329 καί⁵
2963 3277 3061 3346 τὴν
3096 3276 3176 3338 εἰς
3221 3274 3349 3337 τοὺς
3390 3272 3679 3342 δεομένους

418 3354 706 3410 Aﬂirmant
753 3357 1049 3411 Dominum
1084 3375 1182 3429 per
1228 3360 1676 3415 incarnationem
1720 3360 1863 3415 nihil
1894 3361 1999 3414 hu-

419 3462 641 3500 manum
669 3450 968 3519 accepisse.
1020 3450 1279 3515 Crucem,
1316 3457 1587 3517 (mortem,
1626 3453 1999 3507 resurrectio~

418 3558 547 3597 nem
580 3543 773 3613 ipsius,
808 3555 1069 3615 tanquam
1093 3547 1269 3602 solius
1288 3548 1571 3617 opinionis
1594 3562 1680 3601 res
1704 3546 1997 3601 infamant.

420 3632 634 3686 Docent
656 3634 962 3689 animarum
994 3636 1537 3707 transmigrationem
1561 3638 1616 3691 in
1647 3636 1814 3701 feras,
1846 3652 1999 3701 aves,

420 3725 697 3795 pecudes;
742 3736 942 3783 cuncta
977 3737 1238 3783 asserunt
1290 3744 1413 3783 esse
1456 3730 1735 3791 animata,
1793 3730 1999 3799 ignem,

422 3832 634 3881 aerem,
664 3826 889 3885 terram,
915 3836 1137 3889 aquam,
1170 3820 1430 3889 virgulta,
1481 3821 1736 3883 arbores,
1766 3823 1999 3877 semina.

422 3908 581 3965 Unde
599 3911 695 3980 qui
719 3912 863 3966 inter
886 3928 984 3968 eos
1020 3913 1355 3968 sacratiores
1385 3922 1535 3972 sunt.
1590 3913 1685 3982 qui
1715 3921 1769 3966 et
1804 3913 2000 3977 Electi,

422 4015 623 4069 panem
651 4018 761 4057 non
787 4003 1066 4075 frangunt,
1100 4021 1203 4059 nec
1227 4012 1417 4058 secant
1461 4005 1619 4068 olus;
1650 4002 1745 4058 sed
1776 4004 1845 4057 iis
1904 4004 1998 4074 qui

424 4094 543 4148 hate
584 4094 798 4151 faciunt
846 4098 1242 4169 imprecantur.
1307 4097 1608 4167 Praestigiis
1658 4106 1893 4150 utuntur
1948 4104 2006 4150 et

426 4185 891 4255 divinationibus,
949 4207 1051 4247 nec
1080 4193 1364 4248 abstinent
1419 4206 1450 4244 a
1474 4190 1801 4245 sceleribus.
1830 4189 2006 4244 Caete-

427 4287 605 4334 terum
638 4282 817 4353 ipsum
847 4300 904 4339 se
934 4284 1219 4341 Christum
1261 4282 1478 4337 vocavit
1526 4298 1655 4335 vere
1708 4281 2007 4336 Antechri-

430 4383 577 4439 stus;
611 4374 1027 4447 discipulosque
1056 4378 1321 4449 premisit
1353 4375 1448 4444 qui
1484 4376 1661 4445 ipsum
1688 4372 1850 4445 383
1874 4389 2007 4444 pra:-

503 4523 528 4551 ο
557 4511 728 4581 Apoc.
766 4530 843 4578 ιι,
867 4514 920 4567 6.

2102 3364 2389 3435 μετάδοσιν
2410 3407 2424 3431 ,
2463 3366 2724 3421 καλοῦσιν
2751 3368 3005 3438 ἀνομίαν.
3053 3368 3158 3421 Τὸν
3190 3367 3247 3420 δὲ
3292 3364 3497 3437 Κύριον
3527 3364 3681 3417 οὐδὲν

2096 3456 2379 3527 εἰληφέναι
2414 3458 2773 3529 σαρκωθὲντα
2797 3499 2811 3524 ,
2850 3458 3221 3529 ἀνθρώπινον.
3259 3457 3370 3510 Καὶ
3397 3456 3490 3510 τὸν
3518 3470 3681 3507 σταυ-

2100 3548 2215 3620 ρὸν,
2256 3549 2351 3602 καὶ
2389 3548 2480 3603 τὸν
2515 3548 2745 3604 θάνατον
2765 3592 2779 3617 ,
2812 3552 2907 3604 καὶ
2938 3550 3037 3621 τὴν
3072 3550 3390 3613 ἀνάστασιν,
3420 3546 3495 3611 ὡς
3522 3546 3684 3614 δόκη-

2100 3658 2184 3692 σιν
2206 3640 2545 3711 διασύρουσι.
2572 3642 2777 3712 Ψυχῶν
2798 3641 2854 3695 δὲ
2880 3641 3378 3711 μετενσωμάτωσιν
3404 3640 3487 3699 εἰς
3509 3636 3685 3706 θῆρας

2101 3734 2195 3787 καὶ
2230 3733 2411 3805 πτηνὰ
2448 3735 2545 3788 καὶ
2584 3736 2758 3805 κτήνη
2795 3731 3205 3803 δογματίζουσι·
3247 3729 3341 3782 καὶ
3377 3728 3557 3781 πάντα
3602 3727 3689 3779 λέ-

2105 3842 2295 3893 γοντες
2319 3825 2639 3895 ἔμψυχα,τδ
2668 3826 2802 3893 πῦρ,
2824 3825 2918 3876 τὸν
2949 3823 3113 3892 ἀέρα,
3134 3822 3235 3889 τὴν
3265 3820 3388 3891 γῆν,
3416 3819 3479 3871 τὸ
3512 3817 3681 3886 ὕδωρ.

2107 3918 2203 3970 καὶ
2235 3916 2278 3947 ¹⁹
2306 3915 2472 3984 φυτὰ,
2502 3917 2597 3968 καὶ
2624 3914 2843 3986 δένδρα,
2870 3916 2966 3967 καὶ
2998 3912 3316 3982 σπέρματα.
3346 3910 3438 3963 Διὸ
3480 3911 3530 3961 οἰ
3556 3910 3687 3980 παρ’

2102 4009 2285 4071 αὐτοῖς
2326 4006 2747 4078 μυστικώτεροι,
2775 4005 2891 4058 oi"
2914 4006 3010 4058 καὶ
3052 4003 3325 4069 ἐκλεκτοὶ,
3372 4003 3475 4056 οὐκ
3525 4000 3690 4071 ἄρτον

2103 4099 2328 4161 κλῶσιν,
2341 4099 2401 4152 ού
2418 4099 2675 4169 τέμνουσι
2698 4098 2954 4167 λάχανον·
2984 4096 3124 4150 ἀλλὰ
3141 4097 3255 4159 τοῖς
3274 4094 3450 4148 ταῦτα
3468 4092 3688 4147 ποιοῦσι

2108 4190 2455 4262 καταρῶνται
2485 4191 2620 4260 (12).
2643 4191 2925 4261 Γοητείαις
2953 4190 3050 4244 καὶ
3080 4189 3366 4261 μαντείαις
3389 4189 3433 4219 ²¹
3458 4187 3689 4257 κέχρηνο

2107 4300 2223 4348 ται,
2263 4282 2358 4335 καὶ
2392 4282 2728 4352 ἀμπλακιῶν
2759 4284 2823 4314 ἰ’
2853 4283 2954 4336 οὐκ
3001 4281 3316 4351 ἀπέχονται.
3349 4278 3587 4351 Χριστὸν
3632 4276 3691 4329 δι

2114 4374 2306 4428 ἑαυτὸν
2352 4374 2464 4447 (15)
2511 4378 2540 4431 ὁ
2598 4377 2971 4448 Ἀντίχριστος
3020 4375 3469 4447 προσηγόρευσεν
3497 4373 3565 4403 ³³·
3597 4371 3692 4424 καὶ

1719 4627 1959 4684 νΑιιιλΕ
1999 4626 2408 4685 LECTIONES.

432 4799 489 4853 in
509 4797 573 4853 C.
666 4801 709 4833 ¹⁷
738 4799 800 4854 C.
833 4798 954 4853 sine
984 4800 1369 4868 τυγχάνοντες.

434 4869 699 4938 γανείαις.

504 4727 548 4759 ⁸⁸
586 4729 651 4781 Ἥ
675 4729 787 4781 τῶν
823 4728 1161 4782 Νικολαϊτῶν
1180 4757 1251 4768 -
1283 4725 1445 4797 μισῶ.
1469 4726 1680 4781 Desunt
1710 4725 1764 4779 in
1785 4724 1848 4780 C.
1930 4726 1973 4756 ¹⁶
2004 4724 2280 4786 Μοντανὸς
2306 4723 2657 4793 παράκλητον
2681 4753 2750 4761 -
2774 4722 3094 4823 ἀρνοοῦνται
3128 4720 3457 4791 αἰδούμενοι.
3485 4720 3696 4775 Desunt

509 4797 549 4827 ρ
666 4801 709 4827 ιιι
738 4799 777 4827 ρ
833 4798 953 4827 ειη..
984 4800 1346 4827 -..υ.,ι...,...-..,
1481 4796 1583 4827 ηρ
1646 4796 1807 4827 mi..-“
1871 4794 1910 4827 ί·
1966 4795 2179 4827 num.-.
2304 4794 2408 4827 ηρ
2464 4795 2529 4827 ...ι
2576 4794 2715 4827 ...υκαι
2840 4794 3101 4827 antas“:
3146 4792 3199 4827 in
3236 4791 3277 4827 [ἵ
3376 4789 3487 4827 ul".
3551 4805 3693 4827 ..ην-

775 4801 800 4850 ι.
833 4798 954 4853 sine
984 4794 1369 4868 τυγχάνοντες.
1481 4796 1524 4827 ³⁸
1544 4796 1605 4851 C.
1646 4796 1829 4866 νόμον.
1871 4794 1933 4850 C.
1966 4795 2203 4862 λέγουσι.
2304 4796 2344 4826 ¹⁹
2369 4794 2431 4849 C.
2464 4795 2532 4847 τὰ
2576 4812 2627 4861 ιρι

775 4870 845 4901 ’ν
873 4868 915 4923 C
948 4870 1281 4923 ὲκπλακιῶν.
1356 4867 2216 4940 ¹¹Χριστὸν--προσηγόρευσεν.
2243 4865 2451 4921 Desunt
2480 4866 2536 4919 in
2564 4866 2627 4919 (Σ.

2304 4796 2344 4826 ¹⁹
2369 4794 2431 4849 C.
2464 4789 2736 4861 τὰ’φυτά.
2815 4789 2859 4824 ὀ
2881 4794 2930 4845 οἱ
2950 4794 3105 4848 deest
3146 4792 3202 4845 in
3236 4789 3299 4846 CL
3376 4793 3420 4822 ἰ
3447 4789 3509 4845 C.
3550 4805 3693 4859 μαγ-

1952 4976 2183 5032 NOTAE.

508 5098 782 5183 (19)"on
823 5100 985 5183 ἔχεις
1026 5118 1084 5182 tt
1132 5102 1353 5183 aea/tor.
1383 5100 1556 5183 Hunc
1580 5100 1659 5181 uin
1691 5098 1916 5183 modum
1947 5097 2016 5153 ab
2050 5096 2095 5151 D
2124 5097 2592 5183 incantationibus
2620 5111 2701 5183 ac,
2737 5093 2986 5183 magicis,

435 5169 745 5240 Epiphanio
768 5169 1025 5224 laudatur
1053 5171 1111 5224 in
1160 5171 1356 5226 baaresi
1383 5171 1800 5233 Nicolaitarum,
1833 5170 2016 5240 Ἔχεις

435 5238 499 5293 δέ
519 5238 570 5294 τι
605 5241 792 5311 καλὸν,
821 5242 1137 5311 μότιημισεῖς
1162 5244 1230 5295 τὰ
1280 5241 1418 5311 ἔργα
1446 5241 1555 5294 τῶν
1583 5240 1943 5311 Νικολαϊτῶν,
1978 5238 2017 5292 ὃ.

436 5312 535 5364 καὶ
566 5310 678 5377 ἐγὼ
700 5308 877 5381 μισῶ.
906 5308 1125 5381 vulgati
1161 5308 1511 5381 libri,'r'AD.a
1540 5312 1697 5381 τοῦτο
1731 5311 1899 5381 ἔχεις,
1924 5310 2014 5381 ότι

440 5382 619 5450 μισεῖς
653 5377 723 5432 τά
752 5378 889 5450 ἔργα
917 5377 1414 5442 τῶνΝικολαῖτῶν.
1452 5381 1488 5435 ἃ
1525 5380 1680 5449 κάγὼ
1717 5377 1879 5450 μισῶ.
1912 5377 2015 5434 Sed

436 5452 532 5504 hoc
560 5450 740 5515 habes,
770 5452 898 5522 quia
915 5452 1070 5505 odisti
1094 5453 1235 5522 facta
1260 5451 1671 5516 Nicolaitarum,
1696 5466 1813 5522 qua:
1839 5459 1888 5503 et
1922 5467 2014 5521 ego

438 5523 529 5592 odi
563 5521 764 5592 (Apoc.
786 5536 845 5584 ιι,
878 5521 953 5587 6).
986 5520 1506 5592 Ubiconspicienda
1535 5520 1725 5577 Versio
1754 5520 2011 5577 Arabica.

438 5656 479 5671 ,Α
512 5591 1059 5671 (Ηλεηρίσκιλλᾳν.
1106 5591 1540 5671 Μειειιηοτρίιοεί
1571 5593 1711 5647 mira
1744 5592 1801 5671 in
1831 5593 2013 5671 virum

437 5659 753 5785 gisciil‘l‘um
793 5662 1046 5786 Igperies
1088 5659 1457 5717 mutatam'in
1502 5662 1709 5719 Catena
1759 5663 2011 5727 Joannis,

508 5746 562 5786 ο.
671 5771 685 5786 .
714 5747 766 5785 v.
869 5773 881 5784 .

438 5742 562 5800 cap.
598 5742 685 5794 ιι,
714 5747 766 5785 v.
793 5742 881 5786 ιδ.

512 5800 624 5871 (12)
647 5802 1045 5875 Ιιξαταρῶντᾳι.
1063 5803 1160 5858 Est
1178 5803 1376 5859 vitiose
1399 5803 1545 5875 apud
1576 5803 2010 5875 Theodoretum,

434 5881 505 5921 ex
541 5885 651 5940 quo
675 5870 789 5947 fere
817 5872 922 5947 ista
946 5873 1233 5947 desumpta
1260 5882 1412 5947 sunt,
1435 5870 1783 5947 ⁷ὲπαίρονται
1812 5891 1826 5927 :
1864 5874 2010 5947 apud

432 5950 601 6002 quem
648 5942 815 5999 etiam
844 5942 913 6001 de
952 5959 1095 6015 aegra
1134 5942 1557 6003 Manichaeorum
1600 5942 1911 6013 curatione,
1944 5945 2011 6000 ab

3076 5091 3239 5146 uibus
3269 5098 3458 5144 essent
3500 5088 3694 5154 dediti,

2124 5168 2271 5236 quod
2303 5179 2497 5223 auctor
2544 5159 2907 5235 sequentibus
2956 5159 3197 5233 explicat
3225 5160 3321 5214 καὶ
3367 5159 3699 5230 ἀμπλακιῶν

2123 5239 2223 5291 οὐκ
2255 5240 2571 5306 ἀπέχονται.
2603 5236 2841 5292 Counsr.

2196 5310 2307 5380 (15)
2349 5299 2598 5362 Τῖιίθηυε
2623 5306 2809 5380 Codex
2839 5322 2852 5358 :
2882 5305 3052 5380 ρῦτος
3086 5302 3268 5380 τοίνυν
3288 5301 3317 5354 ὁ
3342 5299 3702 5380 Μάνης-διδά-

2126 5371 2346 5442 σκαλός,
2380 5381 2475 5432 καὶ
2506 5378 2739 5448 Χριστὸν
2764 5374 2959 5429 ἑαυτὸν
2994 5373 3431 5448 προσηγόρευσε,
3458 5371 3554 5448 κα)
3597 5387 3697 5438 μαι

2125 5440 2825 5520 θητὰςίπροκηρύττοντας
2876 5440 3293 5520 προαπέστειλε.
3325 5440 3461 5520 “Hic
3520 5441 3703 5520 itaque

2121 5510 2306 5573 Mimas
2344 5510 2659 5589 prwceptor,
2695 5525 2828 5589 etise
2871 5510 3137 5571 Christum
3168 5510 3491 5589 Δαρρείίιιινὶι,
3522 5526 3585 5589 a_c_
3616 5510 3701 5563 dio

2120 5579 2452 5661 scipulos'qui
2474 5579 2600 5661 aitte
2618 5579 2971 5661 priedicarent
2993 5579 3269 5657 praemisit.
3320 5581 3500 5661 Etiam
3525 5579 3703 5661 '[heo-

2123 5650 2461 5716 do'retus'ait
2504 5650 2711 5714 Christi
2751 5650 3049 5726 usurpasse
3083 5668 3309 5726 nomen,
3362 5659 3509 5726 ut_e_t_.
3540 5650 3703 5726 Para-

2123 5732 2274 5788 cleti.
2314 5731 2647 5810 Ἐτόλμησεν
2676 5730 2715 5810 ὁ.
2733 5720 3106 5810 παμπόνηρος,
3137 5723 3328 5810 ὲαυτδν

2120 5791 2583 5925 προσαγορεῦσαι,
2632 5798 2727 5852 καὶ
2782 5791 3008 5868 Πνεῦμᾶ
3049 5796 3247 5878 .ἆγιον-
3264 5791 3553 5879 ὀνομάσαι,
3608 5792 3702 5843 καὶ

2119 5873 2364 5927 ἀπεστάλ
2400 5888 2455 5924 αι
2502 5871 2673 5940 ἔφησε
2706 5869 2846 5922 κατὰ
2863 5868 2962 5939 τὴν
2983 5866 3357 5940 του-Σωτηρος
3382 5862 3697 5940 υπόσχεσιν.

2120 5942 2361 6016 Seipsum
2381 5930 2949 6016 quoqtie'nrquissimu's
2975 5930 3543 6006 Christum’appellare
3565 5946 3679 6004 pne
