4146 6450
422 509 489 574 21

1476 506 1575 568 DE
1618 501 2095 565 RECEPTIONE
2130 497 2730 562 HERETICORUM.
3648 506 3719 568 22

436 625 699 699 μαθητὰς
729 623 1237 697 προκηρύττοντας
1260 620 1422 675 αὐτὸν
1458 615 1911 689 προαπέστειλεν.
1940 605 2049 665 (ιῦ-

2154 610 2491 665 nuntiarent.
2549 611 2649 667 Hic
2697 630 2821 668 cum
2854 617 3201 685 promisisset
3258 634 3315 674 se
3354 618 3524 673 filium
3578 622 3725 691 regis

435 735 524 780 τος
582 716 708 768 υἱὸν
756 714 859 768 τοῦ
914 713 1194 784 βασιλέως
1249 711 1475 783 Περσῶν
1506 708 1839 764 ἀσθενοῦντα
1876 708 2044 777 θερα-

439 806 640 859 πεύειν
678 805 1092 875 ὑποσχόμενος,
1126 798 1249 855 εἶτα
1289 801 1485 871 νεκρὸν
1524 798 1922 871 ἐργασάμενος,
1955 813 2046 866 μι-

443 900 575 952 σθὸν
613 898 714 951 τοῦ
745 898 1029 968 δράματος
1061 897 1294 967 ὲκδοράν
1323 893 1698 964 ἀπηνέγκατο.
1743 891 1856 945 Καὶ
1885 888 2047 942 τοῦτο

443 988 506 1041 δὲ
534 988 791 1055 λέγουσι·
845 988 947 1059 τὴν
976 988 1082 1056 γῆν
1124 986 1232 1040 ὑπὸ
1265 984 1449 1039 Σάκλα
1496 982 1642 1045 τινὸς
1678 979 2047 1052 βαστάζεσθαι

443 1080 542 1132 ἐπὶ
562 1079 663 1133 τοῦ
696 1078 879 1149 ὤμου,
907 1080 1002 1131 καὶ
1032 1081 1163 1132 ὅταν
1192 1076 1453 1148 ἀτονήσῃ,
1489 1074 1821 1145 μεταφέρειν
1847 1072 1892 1103 ³³
1922 1072 2049 1125 ταὺ-

443 1187 554 1241 την
582 1172 665 1234 εἰς
695 1171 788 1225 τὸν
815 1170 982 1224 ἀλλον
1020 1165 1193 1240 ὦμον·
1230 1167 1326 1220 καὶ
1356 1167 1534 1236 τούτῳ
1566 1170 1647 1236 τῷ
1678 1164 1867 1236 τρόπῳ
1900 1162 2048 1231 γίνε-

447 1261 581 1315 σθαί
620 1279 757 1330 φασι
806 1263 902 1315 τὸν
942 1261 1188 1332 σεισμόν.
1235 1259 1348 1314 Kal.
1393 1258 1557 1311 τοῦτο
1611 1257 1870 1327 εἰρήκασι
1918 1255 2048 1324 περὶ⁵

442 1353 646 1423 ψυχῶν
676 1355 745 1386 ⁸⁸·
785 1355 870 1408 ὅτι
902 1355 931 1407 ὁ
963 1352 1170 1423 Κύριος
1208 1353 1289 1414 είς
1325 1349 1604 1419 σωτηρίαν
1648 1348 1749 1417 τῆς
1784 1345 1967 1415 ψυχῆς
2001 1345 2048 1377 ³⁵

448 1446 714 1516 μηχανὴν
768 1444 1189 1516 ὲμηχανεύσατο
1243 1443 1478 1513 ἔχουσαν
1537 1440 1751 1493 δώῗεκα
1806 1440 2047 1501 κάδους.

442 1533 576 1601 ἥτις
636 1534 743 1587 ὑπὸ
792 1535 893 1602 τῆς
952 1536 1192 1605 σφαίρας
1228 1533 1570 1604 στρεφομένη
1623 1530 1889 1599 ἀνιμᾶται
1938 1528 2049 1581 τῶν

446 1624 815 1695 θνησκόντων
842 1624 943 1689 τάς
985 1626 1186 1696 ψυχὰς,
1219 1626 1315 1679 καὶ
1332 1624 1534 1685 ταύτας
1562 1624 1591 1675 ὁ
1622 1622 1795 1692 μέγας
1821 1619 2050 1691 φωστὴρ

445 1715 792 1784 προσὸαλὼν
824 1716 870 1745 ’⁸
906 1717 1027 1778 ταῖς
1059 1716 1243 1768 ἀκτῖσι
1273 1712 1562 1783 καθαρίζει
1593 1713 1688 1763 καὶ
1726 1710 2050 1781 μεταδίδωσι

444 1806 518 1872 τῇ
552 1802 781 1873 σελήνῃ,
818 1804 913 1857 καὶ
951 1802 1126 1866 οὕτως
1156 1802 1459 1874 πληροῦται
1488 1802 1584 1871 τῆς
1603 1803 1648 1834 ’⁷
1694 1801 1927 1872 σελήνης
1954 1804 1981 1854 ὁ
2003 1801 2049 1832 ’⁸

444 1892 637 1955 δίσκος
659 1894 689 1945 ὁ
718 1894 853 1963 παρ’
881 1896 1014 1962 ἡμῖν
1047 1893 1613 1964 προσαγορευόμενος.
1647 1889 1809 1962 [Add.
1843 1889 2050 1945 COMBE-

443 2000 644 2048 nsws,
689 1984 931 2039 Historia
979 1985 1474 2049 Monothelitarum,
1516 1984 1615 2039 451
1665 2000 1679 2036 :
1718 1983 1947 2037 Ἑαυτὸν
1988 1984 2045 2036 δὲ
2080 1963 2120 2019 Β

444 2080 829 2148 Παράκλητον
858 2081 887 2131 ό
915 2079 1114 2148 μιαρὸς
1141 2078 1355 2147 Μάνης,
1386 2077 1481 2130 καὶ
1507 2076 1807 2129 ἀπόστολον
1845 2073 2044 2145 Ἰησοῦ,

445 2172 935 2241 προσηγόρευσεν·
981 2170 1040 2233 ὃς
1085 2168 1345 2223 οὐδέποτε
1382 2168 1559 2237 λόγων
1601 2165 1901 2239 Κυριακῶν
1945 2167 2044 2219 ὲπ-

448 2262 718 2333 ακηκοὼς
760 2264 1105 2334 εὑρίσκεται,
1145 2261 1264 2315 ἀλλ’
1303 2261 1424 2315 οὐδὲ
1462 2262 1707 2334 Γραφαῖς
1753 2261 2049 2332 κυριακαίς

445 2356 767 2427 χρώμενος.
798 2356 957 2427 Παρά
986 2356 1043 2409 δὲ
1068 2357 1422 2429 Μαρκίωνος,
1452 2357 1549 2410 καὶ
1575 2356 1684 2408 τῶν
1709 2355 1815 2425 πρὸ
1838 2355 2046 2408 ἐκείνου

446 2447 852 2518 αἰσχροποιῶν,
890 2450 984 2500 καὶ
1012 2448 1318 2511 δυσσεὸὦν,
1346 2448 1445 2500 καὶ
1477 2447 1584 2501 τῶν
1620 2446 1761 2500 κατά
1805 2444 2048 2516 Περσίδα

450 2540 678 2608 μάγων,
712 2541 813 2603 τὰς
840 2541 1100 2611 ἀφορμὰς
1128 2540 1335 2603 λαϐὼν,
1370 2539 1687 2610 δογματίζει
1721 2539 1815 2592 δύο
1851 2540 2046 2608 ἀρχὰς,

445 2630 528 2692 ὡς
558 2630 705 2700 ἔφην
729 2647 743 2660 ·
773 2632 869 2683 καὶ
909 2632 1013 2701 τὴν
1046 2632 1149 2702 μὲν
1197 2632 1347 2702 μίαν,
1375 2632 1522 2699 λέγει
1558 2630 1648 2683 τὸν
1690 2629 1784 2682 ἐπὶ
1830 2630 2049 2681 πάντων

446 2720 611 2773 Θεόν·
642 2722 745 2791 τὴν
777 2722 834 2775 δὲ
859 2722 1078 2794 ἑτέραν,
1111 2726 1338 2795 κρατεῖν
1366 2723 1457 2775 τὸν
1489 2722 1611 2775 καθ’
1648 2723 1794 2792 ἡμᾶς
1820 2721 2048 2790 κόσμον,

445 2810 560 2873 ἓως
584 2812 782 2883 τρίτης
812 2811 908 2864 τοῦ
940 2811 1203 2882 οὐρανοῦ·
1232 2813 1326 2867 καὶ
1352 2812 1543 2866 τοῦτον
1572 2808 1712 2865 εἶναι
1744 2811 1835 2864 τὸν
1866 2810 2049 2864 διάὁοο

446 2907 566 2973 λον,
594 2908 691 2961 τὸν
719 2908 935 2963 διδόντα
960 2909 1053 2962 τὸν
1076 2909 1241 2980 νόμον
1270 2908 1348 2981 τῷ
1375 2910 1607 2980 Μωῡσῇ·
1638 2909 1733 2962 καὶ
1762 2909 1887 2971 τοὺς
1911 2924 2051 2978 προσ

449 3001 642 3072 φήτας
691 3001 859 3055 αὑτὸν
892 3002 1317 3069 ἀπεσταλκέναι,
1371 3003 1775 3074 μὴ.δεχόμενος
1819 3002 1912 3055 τὸν
1961 3000 2051 3053 διὰ

448 3092 749 3155 Μωῡσὲως
791 3091 1015 3147 δοθέντα
1065 3094 1266 3165 νόμον,
1310 3094 1343 3165 ἢ
1394 3095 1523 3156 τοὺς
1561 3094 1871 3164 προφήτας·
1916 3089 2052 3144 ἀλλά

450 3183 830 3255 βλασφημῶν,
858 3186 933 3250 ὡς
960 3189 988 3240 ὀ
1017 3187 1310 3259 Μαρκίων,
1334 3190 1429 3240 καὶ
1451 3188 1500 3239 οἱ
1536 3185 1714 3239 λοιποὶ
1750 3186 2052 3257 ὁμόφρονες

450 3250 632 3349 αὐτῷ,
666 3250 765 3333 καὶ
796 3279 1092 3348 ἐξάγιστοι.
1115 3250 1466 3334 ’Ἂνὰστασιν
1498 3280 1557 3333 δὲ
1593 3280 1653 3333 οὐ
1690 3250 1958 3332 πιστεῦει·
1990 3278 2052 3330 τὸ
2080 3250 2125 3309 C

452 3370 750 3439 βάπτισμα
774 3371 838 3424 οὐ
879 3371 1270 3441 παραδέχεται·
1309 3372 1542 3442 μαγείαν
1586 3370 1880 3435 ὲκθειάζει·
1913 3369 2052 3423 πάν-

451 3480 559 3525 τας
586 3463 718 3525 τοὺς
744 3462 1010 3532 δαίμονας
1029 3462 1346 3535 θεραπεύει·
1374 3463 1534 3525 θεοὺς
1557 3461 1776 3532 ὀμνύει·
1808 3462 1879 3515 τά
1910 3460 2053 3533 βρώ-

456 3571 617 3625 ματα
641 3554 718 3617 ὡς
750 3555 1015 3626 ἀλλότρια
1045 3559 1378 3627 καταρᾶται.
1414 3557 1479 3609 Oi
1515 3556 1561 3609 δ’
1600 3556 1695 3611 ἀπ’
1728 3555 1898 3609 αὑτοῦ
1936 3556 2058 3608 θεο-

459 3650 692 3715 στυγεῖς
719 3648 1016 3718 Μανιχαῖοι
1039 3649 1466 3719 καινοτομοῦσιν
1486 3650 1701 3711 ἑαυτοῖς
1729 3646 2057 3718 δαιμονιώδη

459 3738 672 3809 βιϐλία,
705 3739 851 3809 ἀπερ
898 3742 1006 3793 εἰσὶ
1046 3740 1199 3794 τάδε·
1226 3748 1295 3795 α’.
1346 3741 1420 3793 Τὸ
1454 3740 1563 3805 ζῶν
1594 3740 1949 3808 Εὑαγγέλιον·
1989 3736 2054 3807 β’.

453 3829 532 3884 '0
585 3829 868 3901 θησαυρός
918 3834 1017 3902 τῆς
1062 3831 1234 3902 ζωῆς·
1274 3832 1345 3901 γ’.
1419 3832 1486 3885 Ἠ
1547 3832 1656 3885 τῶν
1727 3831 2060 3883 Ἐπιστολῶν

453 3922 626 3991 ὑμᾶς·
650 3922 717 3977 δ’.
756 3923 820 3975 Ἢ
844 3922 958 3976 τῶν
1000 3923 1342 3994 μυστηρίων·
1376 3929 1438 3978 ε’.
1480 3923 1546 3976 Ἢ
1576 3923 1878 3989 ἐπτάλογος
1920 3922 2062 3977 Ἀλο⁴

455 4016 607 4084 γὶου·
649 4022 727 4081 ς’.
769 4016 836 4068 Ἡ
882 4014 995 4069 τῶν
1033 4016 1245 4085 Εὺχῶν·
1272 4013 1339 4081 ζ’.
1378 4016 1443 4069 Ἥ
1471 4015 1581 4070 τῶν
1621 4015 1957 4084 κεφαλαίων*
1988 4020 2059 4084 η’.

470 4108 540 4161 Ἡ
583 4108 697 4161 τῶν
730 4109 1018 4175 Γιγάντων
1055 4108 1443 4181 Πραγματεία·
1471 4107 1537 4162 θ’.
1578 4107 1652 4159 Τὸ
1686 4106 1830 4160 κατά
1858 4106 2062 4175 Θωμᾶν

457 4200 827 4267 Εὖαγγέλιον·
864 4198 916 4253 ι’.
951 4199 1025 4252 Τὸ
1059 4199 1205 4251 κατὰ
1254 4197 1522 4251 Φίλιππον
1564 4197 1900 4265 Εὑαγγέλιον
1922 4212 1936 4227 ·
1970 4201 2058 4249 ια’.

455 4294 529 4346 Δί
563 4294 807 4363 Πράξεις
849 4293 1105 4364 Ἀνδρέου
1142 4291 1237 4345 τοῦ
1264 4290 1589 4344 ἀποστόλου·
1623 4289 1711 4360 ιβ’.
1755 4289 1820 4341 Ἠ
1863 4304 2062 4340 πεντε-

458 4387 773 4458 καιδεκάτη
831 4386 969 4458 πρὸς
998 4385 1286 4448 Λαοδικεῖς
1328 4382 1644 4454 Ἐπιστολή·
1686 4387 1775 4451 ιγ.
1808 4381 1891 4435 Τὰ
1924 4384 2063 4435 Παι-

455 4481 606 4534 δικὰ
651 4480 931 4549 λεγόμενα
968 4478 1075 4532 τοῦ
1106 4478 1350 4546 Κυρίου,
1381 4476 1418 4531 ἃ.
1447 4474 1744 4539 συνέταξαν
1792 4475 1842 4527 οἱ
1881 4475 2060 4539 αὐτοὶ,

2150 702 2443 755 Persarum
2496 712 2853 773 azgrotantem
2909 710 3134 765 sanitati
3197 710 3610 777 restituturum,
3660 728 3724 766 ac

2147 804 2338 864 postea
2382 796 2545 850 morti
2602 798 2945 865 tradidisset,
2999 803 3312 858 mercedem
3344 804 3609 859 facinoris
3641 820 3726 858 re-

2150 887 2278 940 tulit
2329 890 2787 946 excoriationem.
2846 894 2903 947 Id
2948 911 3170 965 quoque
3205 897 3397 951 aiunt:
3435 905 3641 951 terram
3694 913 3723 950 a

2147 978 2387 1049 quodam
2416 980 2572 1036 Sacla
2600 986 2810 1053 portari
2837 986 3099 1054 humero;
3133 1005 3260 1043 eum
3292 988 3513 1059 quando
3537 988 3725 1043 labore

2148 1069 2437 1136 defecerit,
2489 1072 2796 1130 transferre
2844 1076 2993 1131 illam
3058 1078 3114 1133 in
3168 1078 3337 1133 alium
3388 1079 3723 1142 humerum,

2149 1160 2393 1231 hincque
2459 1163 2595 1218 oriri
2642 1172 2802 1221 terra;
2858 1176 3090 1223 motum.
3145 1170 3221 1225 De
3277 1171 3570 1223 animabus
3622 1169 3727 1224 hoc

2148 1253 2442 1320 dixerunt,
2495 1256 2643 1326 quod
2673 1258 2940 1315 Dominus
2989 1261 3057 1316 ad
3110 1262 3343 1317 salutem
3377 1261 3573 1315 animae
3603 1276 3723 1314 mo-

2148 1345 2283 1401 litus
2305 1346 2473 1402 fuerit
2506 1350 2818 1405 machinam
2847 1352 3148 1408 habentem
3202 1352 3496 1407 duodecim
3529 1352 3719 1413 cados,

2150 1454 2273 1508 qua:
2304 1439 2395 1493 ubi
2429 1456 2461 1494 a
2491 1441 2707 1509 sphaera
2727 1444 2988 1509 vertitur,
3037 1447 3225 1501 haurit
3274 1460 3338 1499 ac
3368 1443 3556 1499 evehit
3604 1444 3724 1498 ani-

2151 1548 2269 1588 mas
2335 1534 2732 1602 morientium;
2809 1552 3014 1607 easque
3094 1545 3404 1606 assumptas
3455 1535 3727 1590 luminare

2150 1641 2407 1697 magnum
2452 1628 2624 1683 radiis
2664 1637 2896 1699 purgat,
2948 1638 3005 1683 et
3062 1629 3231 1683 tradit
3298 1629 3485 1695 lunae;
3536 1627 3728 1698 sicque

2152 1719 2463 1787 completur
2518 1719 2664 1774 luna:
2723 1721 2887 1788 quia
2944 1719 3108 1775 nobis
3157 1719 3467 1790 appellatur
3512 1718 3722 1775 discus.

2154 1806 2353 1879 [Porro
2381 1807 2652 1864 scelestus
2698 1807 2882 1865 Manes
2930 1810 3276 1865 Paracletum
3314 1824 3373 1863 se
3396 1807 3727 1880 appellavit,

2153 1914 2219 1953 ac
2266 1898 2474 1955 Christi
2516 1901 2866 1970 apostolum;
2917 1917 3083 1972 quem
3128 1918 3414 1972 nunquam
3452 1900 3727 1956 audivisse

2149 1991 2320 2045 verba
2366 1991 2651 2046 Dominica
2678 2032 2693 2056 ,
2741 2006 2804 2046 ac
2836 2008 2906 2046 ne
2962 2008 3124 2047 usum
3168 1992 3395 2062 quidem
3441 1991 3728 2061 Scriptura

2149 2096 2307 2136 sacra
2336 2081 2630 2150 repereris.
2678 2082 2917 2152 Accepta
2961 2099 3094 2138 vero
3144 2098 3174 2137 a
3222 2082 3523 2148 Marcione,
3552 2097 3729 2152 eoque

2148 2173 2563 2243 antiquioribus
2595 2175 2845 2244 turpium
2900 2176 3247 2241 auctoribus,
3305 2175 3623 2248 impiisque,
3665 2190 3731 2229 ac

2149 2267 2395 2323 Persidis
2426 2267 2623 2338 magis,
2647 2270 2857 2324 erroris
2888 2271 3141 2337 materia,
3193 2270 3325 2335 duo,
3364 2281 3426 2325 ut
3464 2268 3602 2334 dixi,
3633 2267 3731 2322 do-

2149 2362 2238 2409 cet
2272 2358 2582 2428 principia;
2619 2360 2853 2415 alterum
2889 2361 3135 2430 quidem,
3163 2377 3291 2416 eum
3320 2361 3413 2432 qui
3443 2367 3528 2416 est
3560 2374 3730 2430 super

2149 2449 2357 2512 omnia,
2395 2450 2604 2517 Deum;
2639 2453 2900 2516 alterum,
2936 2454 3083 2523 quod
3115 2462 3306 2509 nostro
3350 2454 3483 2508 huic
3512 2450 3725 2507 mundo

2149 2540 2216 2594 ad
2248 2542 2466 2595 tertiam
2503 2559 2677 2613 usque
2728 2546 2852 2600 οωιί
2899 2555 3114 2615 partem
3166 2546 3519 2606 dominetur:
3566 2543 3732 2598 illud-

2150 2649 2281 2703 que,
2310 2634 2594 2689 diabolum
2629 2636 2726 2701 ait,
2761 2637 3013 2692 Mosaicae
3043 2649 3330 2693 auctorem
3365 2637 3524 2707 legis,
3560 2652 3590 2689 a
3622 2650 3733 2704 quo

2149 2726 2302 2779 missi
2340 2727 2452 2780 sint
2483 2728 2799 2797 prophetae;
2843 2745 2969 2784 cum
3025 2729 3141 2800 ipse
3173 2746 3274 2785 nec
3322 2730 3506 2784 datam
3560 2725 3733 2798 Moysi

2150 2818 2349 2887 legem,
2386 2834 2489 2872 nec
2536 2820 2838 2890 prophetas
2895 2822 3133 2892 accipiat
3167 2841 3180 2876 :
3241 2821 3337 2877 sed
3366 2820 3732 2891 blasphemet,

2156 2910 2236 2964 uti
2272 2910 2541 2975 Marcion,
2572 2912 2804 2982 ejusque
2839 2914 3050 2984 reliqua
3078 2914 3400 2984 sequacium
3424 2911 3735 2983 impurissi-

2150 3018 2236 3055 ma
2255 3002 2473 3056 cohors.
2512 3002 2687 3057 Porro
2725 3019 2837 3057 non
2880 3004 3061 3059 credit
3089 3004 3581 3069 resurrectionem,
3619 3018 3730 3057 non

2152 3093 2349 3163 recipit
2384 3093 2680 3163 baptisma,
2718 3095 2955 3165 magiam
2987 3095 3240 3150 divinum
3272 3096 3407 3167 quid
3433 3096 3733 3158 existimat,

2153 3200 2346 3240 omnes
2380 3185 2659 3242 dazmones
2702 3188 2858 3252 colit,
2886 3204 2987 3258 per
3025 3188 3160 3243 deos
3185 3190 3358 3260 jurat,
3414 3198 3737 3243 exsecratur

2156 3294 2312 3333 escas
2354 3288 2413 3333 ut
2439 3280 2664 3335 alienas.
2713 3281 2824 3334 Deo
2851 3290 3035 3335 autem
3066 3281 3306 3336 odibiles
3337 3281 3594 3350 discipuli
3617 3282 3738 3350 ejus

2157 3370 2465 3434 Manichaei,
2481 3371 2878 3426 daemoniorum
2894 3372 3055 3442 383
3072 3372 3322 3427 doctrina
3347 3374 3540 3442 plenos
3568 3372 3739 3426 libros

2158 3461 2521 3517 eduntzsunt
2552 3479 2683 3518 vero
2740 3465 2868 3519 isti:
2917 3466 2964 3519 l.
3022 3465 3381 3536 Evangelium
3445 3466 3652 3521 vivum.
3682 3466 3736 3519 2.

2161 3553 2482 3609 Thesaurus
2536 3556 2682 3609 vitm.
2728 3556 2782 3609 5.
2832 3557 3228 3626 Apostolorum
3284 3558 3637 3612 universitas.
3682 3558 3735 3612 4.

2159 3643 2565 3714 Mysteriorum.
2593 3646 2645 3699 5.
2673 3645 3006 3718 llcptalogus
3036 3648 3235 3718 Alogii.
3257 3648 3309 3702 6.
3328 3648 3735 3703 Precationum.

2162 3736 2211 3788 7.
2238 3736 2644 3805 Capitulorum.
2673 3738 2726 3792 8.
2768 3739 2876 3793 Res
2897 3748 3047 3808 gesta
3071 3738 3391 3810 Gigantum.
3433 3739 3487 3794 9.
3515 3739 3740 3794 Thema:

2161 3828 2544 3898 Evangelium.
2603 3829 2688 3884 10.
2735 3830 2973 3901 Philippi
3030 3831 3412 3903 Evangelium.
3468 3831 3554 3884 ll.
3606 3831 3739 3887 Acta

2161 3919 2396 3974 Andreae
2449 3920 2704 3989 apostoli.
2762 3921 2849 3976 12.
2896 3922 3319 3988 Quintadecima
3375 3922 3610 3991 epistola
3673 3923 3741 3975 ad

2163 4012 2553 4066 Laodicenses.
2583 4012 2666 4066 15.
2702 4012 2806 4079 Qui
2872 4015 3187 4084 appellatur
3221 4014 3375 4069 Liber
3407 4014 3469 4066 de
3509 4014 3742 4083 infantia

2163 4104 2418 4171 Domini,
2490 4121 2656 4175 quem
2711 4106 2880 4161 iidem
2931 4106 3037 4176 ipsi
3093 4115 3572 4176 composuerunt,
3630 4122 3744 4174 quo

2162 4197 2369 4253 Christi
2417 4196 2879 4264 incarnationem,
2946 4198 3096 4253 inani
3128 4199 3332 4268 specie.
3364 4212 3477 4251 non
3505 4197 3744 4251 veritate

2165 4289 2471 4344 exhibitam
2502 4290 2826 4359 probarent.
2862 4288 3019 4356 Quod
3046 4298 3229 4344 autem
3269 4290 3389 4345 hrec
3424 4288 3559 4343 falsa
3604 4288 3738 4353 sint,

2165 4381 2295 4437 audi
2335 4382 2670 4451 apostolicas
2719 4381 3162 4437 Constitutiones
3200 4380 3393 4453 [Liber
3421 4382 3453 4436 6
3504 4380 3740 4435 Constit.

2166 4473 2608 4543 Apostolicarum
2638 4472 2813 4529 Clem.
2860 4488 2910 4528 c.
2940 4472 3031 4545 16]
3060 4496 3070 4528 :
3103 4472 3281 4527 Videte
3312 4490 3375 4527 ne
3418 4472 3575 4526 libros
3614 4458 3742 4542 quos

459 4571 723 4634 θέλοντες
778 4571 1008 4641 δόκησιν
1064 4569 1347 4638 ἀποφῆναι
1387 4568 1487 4641 τὴν
1530 4568 1809 4638 σάρκωσιν
1860 4567 2055 4633 αὐτοῦ,

2169 4567 2319 4636 impii
2349 4567 2517 4619 nostri
2543 4567 2887 4635 inscriptione
2920 4567 3250 4629 munierunt,
3282 4565 3601 4635 approbetis.
3625 4562 3744 4617 Non

459 4662 563 4715 καὶ
593 4662 698 4714 οὐκ
748 4662 808 4714 ὲν
862 4661 1114 4732 ἀληθείᾳ.
1181 4660 1305 4713 Ὅτι
1343 4660 1400 4713 δὲ
1439 4659 1614 4713 ταῦτα
1669 4658 1841 4728 ψεύδη
1897 4661 2061 4725 εἰσὶν,

2172 4657 2311 4709 enim
2344 4656 2559 4709 nomina
2591 4655 2949 4726 apostolorum
2981 4654 3250 4709 attendere
3290 4654 3503 4719 debetis,
3530 4652 3621 4707 sed
3648 4669 3746 4706 na-

461 4754 634 4807 ἀκουε
668 4753 783 4805 τῶν
811 4751 995 4825 [λεία.
1023 4752 1357 4825 Διατάξεων]
1410 4750 1810 4806 ἀποστολικῶν·
1855 4749 2055 4819 Ὁρᾶτε

2174 4756 2350 4802 turam
2381 4766 2580 4813 rerum,
2613 4759 2661 4803 et
2682 4751 3002 4803 sententiam
3043 4765 3317 4819 nunquam
3353 4767 3386 4803 a
3430 4756 3567 4802 recto
3591 4748 3749 4817 deﬂe-

460 4848 538 4899 τὰ
579 4846 675 4897 ἐπ’
706 4844 955 4913 ὀνόματι
988 4844 1157 4911 ήμῶν
1198 4848 1336 4914 παρ’
1384 4844 1624 4898 ἀσεϐῶν
1657 4841 2055 4911 κρατυνθέντο

2168 4855 2316 4893 mam.
2366 4837 2568 4893 Scimus
2606 4840 2745 4893 enim
2772 4838 3039 4894 Simonem
3067 4848 3119 4891 et
3163 4837 3430 4893 Cleobium
3461 4844 3745 4892 venenatos

455 4938 700 5003 βιϐλία.
743 4935 833 5005 μὴ
866 4937 1333 5007 παραδέχεσθαι.
1373 4938 1456 4990 Οὐ
1498 4936 1607 5005 γὰρ
1640 4935 1766 5001 τοῖς
1812 4935 2055 5002 ὀνόμασι

2174 4930 2332 4986 libros
2359 4934 2571 4986 nomine
2595 4932 2792 4987 Christi
2817 4940 2864 4985 et
2887 4930 3269 5001 discipulorum
3292 4932 3402 5001 ejus
3427 4930 3746 4999 composuis-

462 5027 593 5099 χρὴ
640 5025 802 5097 ὑμᾶς
852 5027 1181 5095 προσέχειν
1226 5027 1345 5081 τῶν
1389 5025 1772 5087 ἀποστόλων,
1802 5023 1964 5077 ἀλλὰ
1994 5021 2055 5089 τῇ

2169 5040 2245 5090 se,
2274 5041 2401 5096 quos
2428 5025 2497 5079 ad
2516 5041 2604 5079 vos
2625 5022 2954 5093 decipiendos
2978 5024 3067 5093 qui
3093 5021 3359 5077 Christum
3380 5021 3661 5082 dilexistis,
3682 5036 3745 5072 ac

462 5122 659 5191 φύσει
694 5119 818 5173 τῶν
869 5119 1253 5190 πραγμάτων,
1293 5118 1391 5177 καὶ
1438 5117 1514 5189 τῇ
1556 5117 1759 5188 γνώμῃ
1796 5116 1871 5185 τῇ
1904 5117 2055 5171 ἀδια-

2173 5134 2266 5171 nos
2292 5133 2468 5171 servos
2526 5118 2662 5187 ejus,
2717 5115 3115 5184 circumferunt.
3180 5114 3349 5185 Atque
3374 5114 3534 5168 etiam
3562 5111 3745 5181 priscis

461 5212 738 5282 στρόβῳ·
773 5211 1025 5279 οῑδαμεν
1082 5210 1215 5281 γὰρ,
1268 5211 1358 5264 ὅτι
1418 5213 1474 5265 οἱ
1528 5208 1662 5276 περὶ
1705 5209 1940 5276 Σίμωνα
1970 5210 2055 5261 ita:

2175 5208 2495 5279 temporibus
2543 5209 2763 5278 quidam
2820 5205 2979 5260 libros
3005 5210 3334 5277 apocryphos
3398 5205 3743 5273 scripserunt,

464 5305 792 5370 Κλεόὄιον,
820 5302 962 5371 ιὼδη
994 5303 1417 5368 συντάξαντες
1440 5302 1653 5366 βιϐλία
1692 5300 1784 5353 ἐπ’
1825 5301 2055 5369 ὀνόματη

2173 5298 2387 5370 Maysis,
2424 5299 2626 5363 Enach,
2660 5297 2855 5361 Adam,
2888 5297 3067 5362 Isaiae,
3104 5295 3472 5360 David,Eliw,
3501 5311 3563 5347 ac
3587 5295 3747 5346 trium

464 5394 766 5465 Χριστοῦ,
806 5394 906 5449 καὶ
944 5393 1064 5449 τῶν
1082 5393 1370 5465 μαθητῶν
1402 5392 1612 5458 αὐτοῦ,
1640 5392 2055 5461 περιφέρουσιν

2176 5390 2643 5463 patriarcharum:
2698 5389 2856 5444 libros
2892 5390 3027 5455 dico,
3086 5388 3378 5459 pestiferos,
3426 5402 3489 5440 ac
3535 5386 3747 5440 veritati

1784 5500 2020 5557 VARl/E
2052 5500 2454 5557 LECTIONES.

460 5598 1038 5727 "Egintéegacpépet.
1117 5597 1163 5629 ’⁵
1186 5596 1624 5670 τοῦτο-ψυχῶν.
1672 5596 1876 5653 desunt
1926 5595 1983 5650 in
2016 5594 2080 5651 C.
2156 5594 2203 5627 ’³
2228 5593 2292 5650 C.
2334 5594 2543 5667 ψυχῶν.
2623 5593 2669 5625 ’⁸
2689 5591 2753 5649 C.
2784 5591 3125 5666 προσλαϐὼν.
3204 5589 3337 5647 "’C.
3387 5589 3543 5647 addit
3587 5588 3729 5659 φασί.

593 5710 612 5725 .
634 5686 758 5727 sme
775 5686 826 5730 οο

2026 5735 2255 5793 NOTAE.

462 5832 724 5900 sumpsit,
758 5846 820 5883 ac
851 5838 1102 5884 sanctum
1126 5828 1385 5899 Spiritum
1413 5832 1711 5891 nominare,
1732 5831 1914 5884 dicens
1946 5831 2073 5883 mis-
2173 5828 2414 5900 Christo,
2442 5845 2510 5900 ac
2540 5830 2658 5899 ejus
2684 5826 2935 5900 doctrina
2961 5824 3397 5900 acinstitutione
3408 5821 3739 5900 audivisset,

463 5889 781 5970 um'juaéta
812 5902 955 5969 quod
984 5889 1237 5955 Salvator
1269 5902 1615 5970 promisisset.
1658 5889 1790 5966 Qua:
1826 5909 2073 5954 monstra
2177 5899 2293 5968 ipse
2328 5889 2547 5970 penitus
2568 5889 2884 5970 'profanus,
2933 5913 2996 5970 ac
3030 5894 3315 5970 in_Christi
3346 5893 3612 5966 religione
3638 5889 3745 5944 ho~

467 5964 754 6029 confinxit
820 5964 1065 6041 nequam
1116 5964 1302 6037 homo,
1344 5970 1439 6025 ubi
1496 5986 1593 6040 per
1651 5964 1953 6041 discipulos
2005 5971 2072 6026 de
2173 5964 2649 6039 spes,‘utiauctor
2686 5966 3029 6039 perstringit.
3065 5964 3300 6027 Counar.
