4146 6458
484 460 555 532 93
1617 466 1993 526 'I‘IMOTHEI
2031 468 2055 527 Ι

2160 468 2502 528 ΞΞΒΥΤΕΒΙ
2542 470 2650 530 CP.
3668 464 3740 528 24

482 578 776 630 contrarios
854 577 1004 631 Tales
1060 594 1199 630 nunc
1263 576 1419 630 libros
1471 578 1751 633 ediderunt
1821 580 2050 650 infames

2160 584 2242 646 εἰς
2293 582 2531 651 ἀπάτην
2570 582 2758 652 υμῶν,
2809 584 2927 637 τῶν
2982 585 3402 652 πεφιληκότων
3454 580 3733 649 Χριστὸν,

481 666 731 732 Ιιωνειὶοἰ,
779 670 964 738 quibus
1003 668 1401 723 calumniantur
1451 672 1631 723 mundi
1687 674 2051 739 creationem,

414 812 419 817 ,
482 760 717 828 nuptias,
739 760 1142 828 providentiam,
1189 758 1473 812 liberorum
1494 760 1911 830 procreationem
1930 801 1946 823 ,
1974 760 2054 815 le-

480 864 615 918 gem,
673 856 987 920 prophetas:
1043 852 1382 922 scribuntque
1430 853 1481 905 in
1519 855 1597 907 Itis
1654 855 1779 923 ipsis
1836 854 2053 907 nomina

481 942 721 1011 quwdam
745 942 994 1007 barbara,
1018 951 1074 995 ut
1107 943 1188 997 illi
1234 946 1445 1015 quidem
1489 948 1660 1007 aiunt,
1697 945 2051 1016 angelorum:

481 1043 540 1085 ut
567 1044 742 1087 autem
772 1052 950 1089 verum
984 1037 1271 1106 fateamur,
1333 1039 1653 1102 dwmonum,
1704 1041 1896 1108 potius,
1929 1058 2062 1110 quo—

486 1143 601 1179 rum
626 1128 879 1181 instinctu
912 1137 960 1183 et
1005 1131 1185 1201 aﬁlatu
1214 1132 1290 1184 ita
1313 1134 1664 1200 scripserunt.
1707 1130 1892 1201 Fugite
1938 1149 2060 1200 ergo

486 1220 670 1273 ltorum
711 1220 1029 1287 doctrinam,
1082 1240 1147 1275 ne
1194 1222 1466 1293 suppliciis
1522 1240 1724 1287 eorum,
1758 1225 1847 1293 qui
1874 1224 1948 1276 ita
1990 1225 2059 1277 ad

483 1307 778 1377 fallendum
798 1310 981 1379 ﬁdeles
999 1323 1048 1365 et
1074 1313 1260 1383 probos
1294 1314 1507 1367 Domini
1537 1314 1706 1367 nostri
1748 1313 1872 1367 Iesu
1898 1315 2057 1367 disci-

482 1399 632 1467 pulos
651 1404 996 1472 scripserunt,
1030 1407 1314 1475 participes
1357 1405 1709 1478 efﬁciamini.]

2161 672 2261 723 καὶ
2299 671 2457 739 ἡμᾶς
2495 674 2639 739 τοὺς
2674 674 2861 729 αὑτοῦ
2904 673 3185 739 δούλους.
3238 673 3345 727 Καὶ
3374 674 3445 725 ἐν
3479 671 3601 737 τοῖς
3629 684 3739 723 πα-

2158 762 2353 828 λαιοῖς
2394 763 2463 817 δέ
2499 781 2659 830 τινες
2694 765 3091 835 συνέγραψαν
3128 764 3343 830 ,βιϐλία
3381 763 3733 830 ἁπόκρυφα,

2159 855 2476 921 Μωῢσέως.
2501 856 2600 908 καὶ
2642 855 2846 925 Ἑνὼχ,
2877 855 2977 909 καὶ
3008 856 3203 924 Ἀδὰμ,
3243 855 3491 909 Ἡσαΐου
3525 870 3612 914 τε,
3638 849 3738 904 καὶ

2165 946 2362 1007 Δαόὶδ,
2415 945 2514 999 καὶ
2572 948 2802 1010 Ἠλίου,
2835 947 2933 999 καὶ
2965 944 3083 999 τῶν
3121 945 3300 1013 τριῶν
3336 940 3734 1012 πατριαρχῶν.

2165 1039 2499 1107 Φθοροποιὰ
2528 1039 2615 1106 δὲ,
2641 1040 2739 1093 καὶ
2785 1039 2896 1107 τῆς
2928 1041 3215 1107 ἀληθείας
3250 1038 3376 1111 [Ed.
3408 1033 3734 1097 Clementis,

2164 1130 2360 1201 ἐχθρά]
2388 1131 2667 1187 ἀντίθετα
2712 1131 2987 1186 τοιαῦτα·
3020 1132 3119 1185 καὶ
3154 1130 3268 1185 νῦν
3304 1128 3647 1195 ἐπενόησαν
3684 1126 3737 1177 ol

2164 1222 2532 1292 δυσώνυμοι,
2580 1223 3010 1289 διαϐάλλοντες
3055 1221 3480 1292 δημιουργίαν,
3526 1218 3735 1285 νόμον,

2163 1317 2495 1386 προφήτας·
2526 1317 2801 1387 βάρϐαρά
2846 1334 2982 1370 τινα
3026 1317 3288 1385 ὀνόματα
3314 1311 3734 1383 ἐγγράφοντες

2162 1410 2264 1463 καὶ
2291 1408 2372 1478 ὡς
2402 1411 2575 1465 αὑτοί
2609 1424 2821 1480 φασιν,
2864 1409 3160 1479 ἀγγέλων·
3205 1406 3274 1461 τὸ
3318 1406 3369 1459 δ’
3403 1402 3628 1472 ἀληθὲς
3655 1401 3736 1453 sl-

481 1492 645 1558 πεῖν,
694 1496 995 1565 δαιμόνων
1019 1540 1034 1565 ,
1071 1499 1189 1553 τῶν
1258 1500 1464 1565 αὐτοῖς
1514 1503 1935 1571 ὑπηχούντων.
1979 1496 2094 1557 Ὧν
2130 1507 2502 1576 ἀποφεύγετε
2525 1506 2640 1575 τὴν
2704 1506 3126 1561 διδασκαλίαν·
3154 1505 3256 1557 ἵνα
3287 1501 3373 1573 μὴ
3391 1498 3737 1572 μετάσχητε

480 1587 592 1654 τῆς
651 1592 930 1658 τιμωρίας
991 1592 1107 1645 τῶν
1178 1596 1332 1648 αὐτὰ
1381 1596 1907 1665 συγγραψαμένων
1972 1599 2072 1654 ἐπὶ
2112 1602 2334 1670 ἀπάτῃ,
2362 1604 2461 1657 καὶ
2519 1605 2819 1669 ἀπωλείᾳ,
2853 1600 2970 1655 τῶν
2998 1598 3233 1654 πιστῶν
3266 1598 3368 1652 καὶ
3416 1594 3740 1667 ἁμέμπτων

482 1682 586 1737 τοῦ
625 1685 847 1751 Κυρίου
887 1683 1215 1757 μαθητῶν.]

900 1799 1223 1855 Eunomiani
1244 1803 1349 1855 sive
1376 1804 1633 1858 Anommi.

550 1914 859 1970 Eunomius
890 1917 1003 1970 Arii
1060 1917 1167 1970 fuit
1202 1916 1527 1989 discipulus.
1580 1920 1737 1975 Illum
1773 1921 2059 1977 Eudoxius

478 2006 739 2070 Arianus,
795 2016 1085 2077 postquam
1146 2008 1331 2063 sedem
1387 2009 2057 2081 Constantinopolitanam

482 2097 791 2162 invasisset,
821 2097 1085 2152 facilitate
1120 2097 1438 2167 Constantii
1470 2100 1703 2166 abusus,
1730 2103 2056 2174 episcopum

477 2190 658 2261 Cynici
684 2191 996 2245 constituit.
1024 2192 1075 2246 ls
1121 2209 1252 2263 ergo
1298 2194 1611 2249 Eunomius
1654 2205 2057 2265 praeceptorem

483 2282 840 2351 hlasphcmiis
891 2300 1181 2353 superans,
1212 2285 1426 2340 addidit
1458 2285 1659 2340 Filium
1709 2302 1831 2341 esse
1857 2304 1923 2341 ex
1947 2303 2058 2342 non

480 2376 846 2437 exstantibus,
874 2376 1219 2441 mutabilem,
1241 2393 1487 2443 servum,
1525 2378 1834 2434 secundum
1864 2380 2050 2433 omnia

480 2466 627 2521 Patri
658 2467 1012 2521 dissimilem.
1067 2466 1175 2522 Sed
1207 2483 1319 2522 non
1368 2468 1612 2524 ferentes
1663 2470 2057 2540 Hellespontii,

481 2559 803 2613 detulerunt
872 2575 1001 2613 eum
1063 2560 1130 2613 ad
1188 2560 1573 2615 Constantium
1642 2562 2055 2632 imperatorem.

480 2650 685 2720 Dogma
710 2651 857 2703 enim
889 2651 1198 2705 Constantii
1230 2660 1353 2705 erat
1382 2653 1626 2707 Verbum
1652 2654 1825 2709 Deum
1864 2656 2057 2724 appel-

480 2739 579 2793 lari
605 2740 807 2796 debere
844 2742 1112 2797 duntaxat
1160 2744 1419 2809 similem,
1466 2760 1575 2798 non
1634 2740 2058 2798 veroidissimi-

480 2829 620 2895 lem,
669 2848 850 2902 neque
908 2836 1463 2891 consubstantialem.
1516 2835 1630 2890 Hoc
1688 2836 1854 2907 384
1888 2836 2059 2906 igitur

482 2924 647 2978 modo
676 2925 984 2981 Eunomius
1017 2927 1070 2980 in
1104 2928 1359 2983 exsilium
1416 2929 1677 2984 mittitur.
1739 2930 1911 2983 Porro
1968 2942 2058 2983 se-

480 3024 719 3070 ctatores
740 3019 878 3087 ejus,
912 3022 967 3072 in
1003 3035 1110 3073 una
1144 3020 1501 3074 immersione
1554 3036 1653 3075 eos
1682 3022 1775 3089 qui
1829 3022 2060 3075 initian-

2438 1811 2798 1879 Εὐνομιανοὶ
2825 1810 2956 1880 ἤτοι
2997 1810 3295 1878 Ἀνόμοιοι
3320 1804 3455 1876 (14).

2235 1923 2499 1992 Εὐνόμιος
2538 1925 2754 1996 Ἀρείου
2801 1926 3030 1993 γέγονεν
3082 1923 3354 1994 μαθητής.
3397 1916 3601 1972 Τοῦτον
3636 1914 3737 1968 Εὐ-

2160 2016 2332 2081 δόξιος
2365 2020 2393 2069 ὁ
2444 2018 2724 2089 Ἀρειανὸς
2754 2018 2847 2071 τὸν
2880 2017 3069 2087 θρόνον
3100 2016 3354 2086 ἁρπάσας
3400 2014 3737 2066 Κωνσταντι-

2159 2110 2495 2171 νουπόλεως,
2548 2109 2647 2181 τὴν
2690 2109 3073 2163 Κωνσταντίου
3127 2105 3382 2177 εὑρηκὼς
3424 2104 3730 2173 εὐχέρειαν,

2160 2201 2457 2253 ἐπίσκοπον
2507 2201 2745 2264 Κυζίκου
2786 2202 3127 2269 καθίστησιν.
3166 2193 3335 2261 Οὗτος
3366 2193 3459 2250 οὖν
3502 2199 3530 2249 ὁ
3574 2194 3736 2249 Εὐνό-

2163 2307 2287 2359 μιος
2325 2290 2419 2342 τὸν
2466 2290 2789 2344 διδάσκαλον
2817 2293 2938 2353 ταῖς
2974 2289 3343 2359 βλασφημίαις
3386 2285 3732 2356 ὑπερϐαλὼν,

2159 2383 2219 2436 τὸ
2246 2382 2304 2447 ἐξ
2338 2383 2438 2435 οὐκ
2465 2382 2655 2446 ὄντων,
2700 2382 2796 2436 καὶ
2827 2382 3076 2453 τρεπτὸν,
3110 2381 3204 2432 καὶ
3233 2378 3438 2439 δοῦλον,
3473 2379 3567 2429 καὶ
3593 2376 3736 2430 κατὰ

2160 2474 2341 2527 πάντα
2375 2474 2630 2543 ἀνόμοιον
2655 2472 2733 2543 τῷ
2760 2474 2936 2543 Πατρὶ
2973 2473 3064 2524 τὸν
3100 2471 3214 2524 υἱὸν
3245 2469 3607 2541 προσέθηκεν.
3640 2468 3735 2520 Ὃν

2163 2566 2237 2635 μὴ
2268 2568 2587 2633 ἐνεγκόντες
2613 2568 2661 2618 οἱ
2700 2565 3128 2635 Ἑλλησπόντιοι,
3164 2562 3538 2616 διαϐάλλουσιν
3571 2560 3735 2613 αὑτὸν

2160 2656 2295 2725 πρὸς
2327 2656 2704 2709 Κωνστάντιον
2730 2655 2820 2708 τὸν
2854 2654 3097 2725 βασιλέα.
3125 2650 3234 2708 Ἦν
3264 2653 3372 2723 γὰρ
3399 2651 3733 2720 δογματίσας

2159 2746 2188 2796 ὁ
2220 2746 2624 2810 Κω·.·στάντιος,
2654 2744 2840 2814 ὅμοιον
2875 2745 2970 2797 καὶ
3017 2744 3181 2813 μόνον
3230 2741 3735 2811 προσαγορεύεσθαι

2160 2836 2251 2889 τὸν
2273 2836 2405 2888 Θεὸν
2436 2836 2630 2905 Λόγον,
2657 2838 2751 2888 καὶ
2786 2838 2923 2907 μήτε
2958 2836 3235 2905 ἀνόμοιον,
3265 2837 3403 2904 μήτε
3425 2833 3732 2905 ὁμοούσιον.

2161 2925 2345 2994 Τούτῳ
2373 2925 2466 2978 οὖν
2502 2924 2581 2995 τῷ
2605 2926 2792 2997 τρόπῳ
2821 2927 2848 2977 ὁ
2882 2924 3148 2992 Εύνόμιος
3178 2924 3471 2995 ὑπερόριος
3498 2924 3733 2990 γίνεται.

2159 3020 2222 3071 Ol
2248 3014 2341 3070 οὖν
2386 3017 2566 3088 τούτῳ
2616 3018 2954 3085 πειθόμενοι,
3002 3021 3082 3080 εἰς
3128 3018 3258 3087 μίαν
3288 3016 3581 3070 κατάδυσιν
3610 3014 3736 3076 τοὺς

480 3115 572 3160 tur
597 3108 899 3176 baptizant,
926 3119 1090 3179 atque
1120 3126 1319 3179 aquam
1352 3110 1519 3180 capiti
1558 3111 1914 3166 infundentes
1964 3128 2055 3167 us-

2163 3109 2498 3179 μυουμένους
2545 3109 2889 3179 βαπτίζουσι,
2922 3111 3015 3162 καὶ
3047 3109 3191 3179 ὕδωρ
3222 3110 3285 3179 τῇ
3328 3106 3537 3177 κεφαλῇ
3569 3123 3737 3159 κατα-

481 3214 588 3267 que
612 3198 679 3251 ad
716 3200 1060 3265 umbilicum,
1092 3201 1161 3255 ad
1195 3212 1388 3255 ventre
1421 3202 1688 3256 inferiora
1712 3203 1896 3257 omnia
1925 3220 2051 3274 per-

478 3290 667 3344 venire
715 3306 823 3344 non
856 3292 1046 3346 sinunt
1079 3307 1235 3361 aquae
1258 3292 1589 3347 effusionem
1619 3310 1632 3359 ;
1667 3294 1823 3349 nefas
1848 3295 2052 3365 quippe

478 3394 601 3433 esse
634 3389 968 3439 asseverant.
1001 3389 1061 3435 ut
1102 3381 1359 3452 genitalia
1412 3382 1660 3437 membra
1719 3384 2055 3438 charismate

479 3473 918 3545 incorruptionis
971 3476 1271 3530 donentur.
1324 3476 1496 3531 [idem
1542 3486 1736 3533 carent
1790 3480 2050 3545 ecclesia,

479 3568 860 3634 tabernaculo,
900 3586 1198 3641 synagoga;
1243 3572 1337 3626 sed
1374 3573 1429 3625 in
1459 3574 1693 3627 occultis
1731 3574 2053 3629 terraelocis

478 3673 935 3733 congregantur:
987 3662 1246 3731 quocirca
1292 3665 1448 3719 multi
1500 3682 1597 3721 eos
1655 3667 1935 3737 Troglitas
1987 3682 2052 3722 ac

480 3753 845 3824 Troglodytas
875 3761 1095 3809 vocant.

1081 3870 1451 3925 Paulianistw.

546 3982 650 4049 Qui
684 4000 714 4038 a
738 3984 907 4039 Paulo
929 3984 1306 4041 Samosateno.
1357 3986 1600 4042 Humilia
1634 3997 1689 4043 et
1724 3994 1886 4043 terra:
1942 3987 2045 4041 ad-

477 4076 744 4131 haerentia
791 4076 859 4131 de
904 4076 1124 4132 Christo
1191 4078 1474 4139 sentiunt,
1527 4080 1685 4148 quasi
1738 4080 2053 4133 communis

476 4169 783 4225 secundum
810 4178 1064 4226 naturam
1084 4172 1157 4226 sit
1187 4172 1377 4237 homo,
1409 4188 1475 4227 ac
1518 4170 1739 4226 initium
1796 4186 2054 4240 sumpse-

478 4261 553 4315 rit
583 4277 650 4315 ex
674 4261 863 4316 Maria.

1054 4375 1483 4430 Photinianistte.

2158 3202 2375 3271 χέοντες
2409 3203 2602 3272 μέχρις
2647 3202 2917 3271 ὀμφαλοῦ,
2948 3204 3061 3265 τοῖς
3092 3202 3199 3254 ἀπὸ
3245 3200 3482 3271 γαστρὸς
3516 3199 3611 3252 καὶ
3630 3199 3735 3261 ἕως

2158 3294 2309 3347 κάτω
2354 3295 2625 3363 ἐνέπαφον
2658 3294 2870 3348 ποιοῦσι
2908 3293 3004 3347 τοῦ
3052 3292 3245 3356 ὓδατος
3288 3294 3388 3363 τὴν
3422 3291 3732 3361 περιχυσιν·

2157 3388 2257 3440 οὐκ
2288 3382 2431 3438 εἶναι
2460 3387 2681 3457 Οεμιτδν
2700 3386 2950 3455 λέγοντες
2979 3388 3046 3439 τὰ
3075 3385 3367 3440 παιδοποιὰ
3391 3384 3595 3454 ὄργανα
3625 3381 3733 3451 (l5)

2156 3481 2340 3549 τυχεῖν
2378 3478 2687 3548 ἀφθαρσίας
2729 3480 3086 3551 χαρίσματος.
3145 3470 3305 3531 Οὗτοι
3352 3477 3453 3530 οὐκ
3507 3474 3737 3542 Ἐκκλη-

2159 3572 2300 3635 σίαν,
2347 3572 2407 3623 οὐ
2447 3571 2671 3641 σκηνὴν,
2703 3573 2764 3623 οὐ
2823 3570 3149 3639 συναγωγὴν
3201 3569 3455 3633 ἔχουσιν,
3506 3565 3621 3619 ἀλλ’
3675 3565 3735 3616 ὲν

2157 3664 2422 3731 κρυπτοῖς
2452 3678 2563 3714 τισι
2592 3661 2780 3723 τόποις
2802 3661 2901 3729 τῆς
2927 3662 3029 3729 γῆς
3056 3659 3402 3724 συνάγονται·
3432 3657 3553 3710 ὅθεν
3582 3656 3625 3707 Τ
3633 3672 3737 3726 ρωο

2157 3754 2345 3821 γλίτας
2376 3754 2471 3806 καὶ
2513 3752 2907 3823 Τρωγλοδύτας
2933 3752 2982 3803 οἱ
3027 3750 3215 3803 πολλοὶ
3244 3749 3468 3811 τούτους
3493 3748 3733 3817 λέγουσι.

2714 3861 3169 3917 Παυλιανισταί.

2228 3984 2290 4036 0t
2321 3982 2428 4035 ἀπὸ
2459 3980 2672 4034 Παύλου
2698 3978 2791 4032 τοῦ
2816 3977 3197 4047 Σαμωσατέως
3219 3994 3233 4009 ·
3266 3977 3502 4031 ταπεινὰ
3525 3978 3619 4031 καὶ
3640 3996 3735 4049 χαι

2161 4074 2399 4143 μαιπετῆ
2440 4071 2568 4141 περὶ
2608 4069 2702 4122 τοῦ
2740 4067 2976 4138 Χριστοῦ
3022 4068 3416 4139 φρονήσαντες,
3448 4067 3523 4132 ὡς
3552 4067 3734 4121 κοινοῦ

2156 4164 2253 4236 τὴν
2287 4164 2448 4231 φύσιν
2493 4161 2785 4232 ἀνθρώπου
2816 4160 3139 4229 γενομένου,
3170 4162 3263 4214 καὶ
3291 4161 3394 4232 τὴν
3425 4161 3599 4232 ἀρχὴν
3627 4161 3737 4216 ἀπὸ

2088 4286 2091 4289 ·
2157 4256 2375 4328 Μαρίας
2403 4257 2700 4328 ἐσχηκότος
2725 4256 2814 4310 η’.

2654 4371 3081 4425 Φωτειανισταὶ
3120 4369 3257 4441 (16).

546 4486 820 4543 Photinus
850 4489 1145 4560 episcopus
1173 4487 1363 4544 Sirmii
1412 4488 1721 4558 imperante
1772 4487 2049 4544 Constan-

2230 4487 2497 4549 Φωτεινὸς
2541 4465 2841 4549 ἐττίσκοπος
2870 4485 2963 4539 τοῦ
2992 4487 3227 4557 Σερμίου
3261 4484 3403 4540 κατὰ
3440 4484 3540 4556 τὴν
3576 4486 3733 4538 Κων-

478 4582 577 4645 ῑίο,
609 4581 763 4636 Pauli
788 4582 1212 4646 Samosatensis,
1276 4581 1504 4636 Sabellii
1548 4580 1764 4653 Libyci,
1812 4590 1869 4637 et
1897 4580 2050 4635 Mon-

2158 4580 2409 4634 σταντίου
2466 4578 2769 4649 βασιλείαν,
2810 4578 2909 4648 τὴν
2957 4577 3177 4631 Παύλου
3220 4576 3316 4632 τοῦ
3351 4576 3734 4648 Σαμωσατέως

1761 4714 2000 4771 νΑιιιΑῑ
2054 4712 2462 4771 LECTIONES.

547 4832 615 4864 ιν
637 4831 701 4885 οι
724 4830 832 4884 ἀπὸ
852 4828 1459 4899 Παύλου-ἐσχηκότος.
1490 4828 1699 4885 Desunt
1727 4829 1784 4885 in
1816 4829 1878 4886 C.

1968 4943 2208 5003 NOTIE.

546 5041 659 5114 (H)
706 5040 1021 5114 ’Ardpowt.
1088 5039 1380 5114 E‘xpendat
1429 5039 1763 5114 diligensgac
1792 5040 2053 5114 eruditus

474 5109 669 5179 lector,
695 5126 841 5181 num,
866 5109 1145 5164 Ammonii
1186 5124 1382 5181 manus
1434 5109 1721 5179 scripserit
1755 5113 2050 5181 Ἀνόμοιοι,

474 5183 691 5239 Catena:
726 5182 780 5253 in
814 5180 1103 5253 Joannem,
1137 5196 1190 5253 νΣ
1236 5180 1302 5233 18
1341 5197 1361 5253 _:
1402 5181 1460 5253 Ὀ
1496 5181 1624 5253 Tib;
1655 5182 1729 5250 τῷ
1758 5180 1938 5253 Ila-cpt
1964 5182 2053 5235 διὰ

476 5253 632 5306 τοῦτο
661 5252 896 5322 μάλιστα
922 5250 1138 5322 λέγεται
1169 5250 1301 5311 ἴσος,
1325 5250 1400 5322 ὡς
1436 5250 1717 5322 ὁμοούσιος
1737 5268 1751 5282 ·
1779 5252 1856 5306 διὸ
1879 5250 2052 5306 uara-

478 5320 733 5392 γέλαστοι
764 5322 820 5392 oi
867 5320 1060 5392 ἄνομοι
1100 5321 1390 5391 Ἀρειανοὶ,
1439 5322 1489 5373 οἱ
1525 5321 1600 5392 μὴ
1644 5321 1899 5391 λέγοντες
1941 5323 2053 5377 ἴσον

479 5390 572 5448 τὸν
595 5393 723 5446 Υιὸν
754 5390 832 5461 τῷ
859 5391 1056 5461 Πατρί.

551 5462 665 5531 (15)
700 5461 776 5517 Τὰ
807 5460 1157 5515 «alaeam
1193 5461 1437 5531 ὄργανα.
1488 5460 1629 5516 Hinc
1678 5462 1865 5518 forsan
1910 5463 2053 5518 ratio

479 5533 637 5589 reddi
672 5531 869 5603 possit,
893 5547 1063 5603 quare
1099 5532 1431 5603 Eunomiani
1474 5532 1757 5603 spadones
1784 5543 2055 5589 vocentur

482 5604 539 5657 in
572 5601 999 5674 illa‘percelehri
1028 5603 1162 5674 lege
1189 5601 1411 5657 Codicis
1451 5601 1821 5658 Theodosiani
1859 5621 1872 5656 :
1905 5603 2054 5673 quod

483 5675 698 5729 scilicet
727 5673 879 5727 velut
910 5673 1183 5741 spadones
1226 5681 1411 5727 essent
1437 5675 1650 5743 ratione
1685 5674 1966 5743 baptismi.
1999 5682 2056 5728 et

483 5743 742 5812 genitalia
778 5743 1028 5797 membra
1075 5743 1546 5799 abominarentur.
1588 5742 1854 5798 Consulas
1888 5744 2054 5799 velim

483 5814 747 5870 Jacobum
798 5812 1200 5869 Gothofredum
1257 5813 1323 5867 ad
1370 5829 1497 5868 eum
1539 5812 1821 5876 Codicem,
1876 5822 1914 5869 t.
1963 5815 2053 5878 Vl,

483 5900 539 5954 p.
571 5884 843 5953 154,155,
877 5899 941 5940 ac
976 5884 1261 5942 decernas.
1295 5885 1563 5957 Equidem
1607 5885 1902 5958 aliquando
1934 5900 2058 5942 cor-

2157 5040 2427 5112 rigebam,
2457 5040 2784 5112 spatalones,
2811 5056 2933 5112 quae
2956 5048 3040 5095 est
3063 5054 3168 5095 vox
3205 5055 3273 5094 ex
3304 5038 3492 5112 Graeco
3515 5038 3731 5112 Latina,

2158 5109 2270 5166 non
2298 5109 2498 5181 ignotae
2536 5111 2788 5183 originis,
2824 5109 3438 5183 optimequeconvenit
3467 5125 3593 5183 cum
3620 5110 3733 5164 Eu-

2158 5180 2341 5237 nomii
2364 5180 2947 5251 Eunomia‘norumque
2987 5180 3240 5235 doctrina
3290 5191 3346 5235 et
3373 5180 3642 5251 moribus,
3671 5188 3735 5234 ut

2157 5253 2450 5330 perspicue
2470 5253 2886 5330 _demon_s_tran_t
2920 5252 3092 5330 multa
3122 5251 3243 5305 loca
3267 5250 3544 5330 .(lregorii
3590 5250 3731 5330 Nys-

2158 5320 2305 5385 seni,
2329 5323 2643 5393 Epiphanii,
2682 5321 3024 5389 Theodoriti,
3050 5320 3343 5393 Augustini
3381 5329 3546 5390 atque
3592 5320 3730 5375 alio-

2159 5408 2282 5447 rum
2296 5436 2306 5446 .

2231 5463 2342 5532 (16)
2378 5462 2821 5517 Φωτειανισταί.
2869 5462 3097 5517 Rectius
3147 5472 3295 5517 esset
3338 5461 3733 5515 Φωτεινιασταὶ

2155 5548 2222 5588 ex
2250 5531 2592 5588 Balsamone.
2633 5534 2885 5588 Invenies
2915 5542 3099 5588 tamen
3126 5534 3304 5589 dictos
3330 5531 3640 5593 Φωτιανοὺς
3674 5532 3732 5586 in

2158 5604 2383 5659 Socrate
2422 5604 2521 5657 lib.
2545 5620 2617 5667 tv,
2647 5619 2766 5673 cap.
2796 5604 2883 5669 12,
2909 5612 2965 5657 et
2996 5605 3265 5667 Φωτινοὺς
3295 5602 3438 5673 apud
3466 5601 3732 5672 Cyrillum

2157 5673 2587 5745 Alexandrinum
2607 5671 2870 5728 Enc‘omio
2906 5675 2962 5728 in
2987 5674 3298 5745 Deiparam.
3324 5671 3499 5745 Vulgo
3517 5671 3730 5745 Φωτει-

2157 5747 2351 5816 νιανοὶ,
2384 5751 2445 5797 ιιι
2480 5744 2645 5816 infra,
2672 5752 2728 5800 et
2747 5742 3105 5812 Φωτινιανοὶί
3120 5742 3586 5816 quemadmodum
3617 5742 3735 5796 Φω-

2158 5815 2354 5881 τεινὸς,
2389 5814 2645 5879 Φωτινός.
