4146 6458
528 497 595 559 27
1654 506 2029 568 ΤΙΜΟἹἩΕΙ
2071 508 2541 571 PRESBYTERI
2581 511 2688 571 cp.
3707 502 3779 565 28

530 614 730 670 mines.
774 613 1035 669 Mundum
1061 629 1128 669 ex
1154 614 1267 669 Deo
1309 629 1432 670 esse
1456 628 1655 688 negat;
1692 620 1872 690 rejicit
1912 637 2097 675 resur-

2225 622 2387 687 ’έλους
2438 622 2646 675 ἐκτισα.
2698 620 2819 674 Ἔτι
2867 620 3037 687 λέγει’
3094 619 3157 672 Οί
3197 616 3420 687 ἄγγελοι
3455 616 3547 669 τὸν
3578 614 3781 685 κόσμον

532 705 860 760 rectionem.

1118 1004 1196 1059 De
1223 1005 1537 1063 Menandro.

603 1114 903 1171 Menander
926 1115 1236 1186 discipulus
1281 1119 1545 1187 Simonis,
1578 1121 1871 1188 Samarita,
1908 1138 1940 1178 e
1985 1123 2109 1179 vico

532 1205 849 1276 Caperetae;
888 1224 998 1261 non
1037 1210 1218 1263 solum
1269 1211 1463 1266 eadem
1525 1214 1700 1267 sensit
1745 1230 1871 1269 cum
1897 1231 2109 1284 praece-

532 1307 692 1367 ptore
744 1315 866 1363 suo,
902 1300 998 1355 sed
1034 1311 1090 1355 et
1136 1304 1330 1373 majori
1362 1320 1527 1373 quam
1556 1306 1651 1360 ille
1696 1306 1983 1376 impietate
2012 1309 2112 1363 de-

534 1398 722 1444 tentus
750 1400 855 1447 est.
889 1393 1035 1447 Dixit
1061 1409 1118 1447 se
1141 1409 1263 1448 esse
1292 1394 1668 1461 Servatorem,
1702 1399 1797 1467 qui
1822 1398 1889 1452 ad
1929 1399 2111 1453 homi-

534 1496 666 1535 num
699 1483 932 1538 salutem
962 1486 1182 1540 caelitus
1214 1488 1416 1541 missus
1435 1486 1605 1541 fuerit
1637 1505 1703 1543 ex
1730 1490 2111 1548 invisibilibus

536 1571 775 1626 sazculis.
802 1573 971 1628 Docet
1000 1577 1170 1629 etiam
1210 1591 1322 1630 non
1364 1578 1474 1631 alio
1507 1578 1671 1633 modo
1714 1595 1878 1649 posse
1914 1598 2110 1651 quem-

535 1677 703 1730 quam
754 1665 994 1720 evadere
1023 1684 1052 1720 a
1084 1670 1272 1723 mundi
1311 1670 1696 1726 conditoribus
1726 1674 1960 1745 angelis,
2002 1676 2111 1731 nisi

536 1754 694 1821 prius
728 1753 929 1809 (luctus
959 1757 1128 1811 fuerit
1164 1775 1263 1828 per
1298 1762 1563 1830 magicam
1602 1764 1859 1831 peritiam
1905 1780 2027 1834 qua:
2054 1767 2108 1821 in

534 1858 601 1897 ea
632 1853 780 1899 secta
830 1847 1088 1912 traditur,
1128 1865 1334 1919 perque
1396 1852 1731 1920 baptismum
1780 1872 1945 1924 quem
1994 1857 2112 1927 ipse

2212 712 2433 767 ἔκτισαν
2477 713 2728 774 καὶτοὺς
2775 711 3123 781 ἀνθρώπους.
3179 711 3288 764 Καὶ
3339 709 3431 762 τὸν
3482 708 3688 777 κόσμον
3721 706 3781 760 δὲ

2210 805 2361 873 λέγει
2394 804 2468 876 μὴ
2502 801 2643 858 εἶναι
2682 806 2746 858 ἐκ
2775 801 2932 857 Θεοῦ·
2964 803 3057 857 καὶ
3083 802 3183 873 τὴν
3229 802 3527 855 ἀνάστασιν
3554 798 3611 852 δέ
3648 802 3783 853 ἀπο-

2184 920 2194 928 ·
2212 896 2485 951 ϐάλλεται.

2711 1008 2851 1077 Περὶ
2896 1006 3269 1074 Μενάνδρου.

2283 1126 2592 1194 Μένανδρος
2624 1124 2871 1195 μαθητὴς
2910 1123 3102 1192 γέγονε
3137 1124 3401 1191 Σίμωνος,
3434 1117 3785 1191 Σαμαρείτης

2211 1218 2514 1287 τυγχάνων,
2544 1215 2652 1268 ἀπὸ
2692 1215 2887 1285 κώμης
2930 1213 3256 1284 Καπερέτας
3301 1210 3642 1283 ὁρμώμενος.
3683 1211 3781 1270 Ὃς

2212 1310 2273 1361 ού
2308 1309 2468 1377 μόνον
2489 1308 2558 1360 τά
2586 1308 2724 1360 αὐτὰ
2743 1305 2821 1376 τῷ
2848 1305 3153 1374 διδασκάλῳ
3175 1304 3492 1374 ἐφρόνησεν,
3523 1300 3660 1355 ἀλλά
3690 1300 3785 1353 καὶ

2214 1400 2374 1454 πλέον
2401 1400 2607 1453 ἐκείνου
2646 1399 2937 1469 ἠσέϐησεν,
2979 1400 3173 1452 ἐαυτὸν
3210 1397 3385 1463 λέγων
3421 1396 3654 1464 Σωτῆρα
3694 1391 3787 1444 ἐπὶ

2211 1496 2277 1564 τῇ
2308 1493 2415 1545 τῶν
2440 1492 2743 1562 ἀνθρώπων
2776 1490 2979 1545 ἄνωθέν
3016 1489 3181 1543 ποθεν
3214 1488 3273 1551 ἐξ
3306 1486 3554 1557 ἀοράτων
3577 1483 3788 1537 αίώνων

2213 1584 2631 1653 ἀπεσταλμένον
2666 1583 2932 1653 σωτηρίᾳ,
2991 1582 3257 1635 διδάσκων
3305 1579 3379 1649 μὴ
3428 1577 3599 1640 ἄλλως
3629 1576 3789 1627 δύνα-

2217 1680 2339 1733 σθαί
2364 1695 2508 1740 τινα,
2545 1680 2640 1730 καὶ
2682 1676 2861 1730 αὐτῶν
2897 1677 3004 1730 τῶν
3035 1675 3383 1746 κοσμοποιῶν
3410 1673 3656 1741 ἀγγέλων
3686 1686 3791 1723 πει
3852 1720 3859 1725 .

2219 1772 2546 1843 ριγενέσοαι,
2580 1769 2655 1841 μὴ
2694 1771 2959 1841 πρότερον
2986 1769 3072 1823 διά
3100 1770 3199 1839 τῆς
3221 1768 3359 1838 πρὸς
3388 1765 3571 1819 αὐτῶν
3607 1779 3788 1833 παρα-

2216 1864 2509 1933 δεδομένης
2541 1863 2782 1932 μαγικῆς
2810 1862 3106 1932 ἐμπειρίας
3135 1859 3373 1931 ἀχθέντα
3398 1898 3413 1921 ,
3447 1857 3541 1911 καὶ
3568 1855 3657 1908 διὰ
3693 1853 3787 1907 τοῦ

535 1934 754 1991 confert
780 1955 791 1989 ε
828 1939 1142 2008 hujusmodi
1170 1942 1425 1998 homines
1446 1944 1641 1999 donari
1669 1946 2109 2013 immortalitate,

2225 1954 2642 2025 μεταδιδομένου
2664 1954 2791 2023 παρ’
2810 1954 2977 2005 αὐτοῦ
3003 1952 3398 2022 βαπτίσματοςο
3418 1948 3643 2009 τούτους
3655 1961 3787 1998 κατ-

536 2043 641 2085 nec
675 2045 921 2099 unquam
948 2032 1195 2088 interire.

1105 2144 1184 2198 De
1229 2145 1515 2201 Ebionazis.

607 2252 673 2308 Hi
711 2254 946 2311 humilia
992 2257 1059 2313 de
1112 2258 1335 2313 Christo
1369 2260 1700 2330 praedicant.
1734 2263 1920 2333 Ipsum
1963 2266 2113 2320 enim

536 2364 738 2419 purum
768 2365 1236 2423 communemque
1281 2354 1562 2409 hominem
1619 2367 1871 2423 censent,
1926 2360 2021 2427 qui
2051 2376 2117 2415 ex

538 2457 837 2514 progressu
870 2444 1091 2499 virtutis
1144 2446 1509 2517 387justus
1540 2448 1777 2504 effectus
1806 2450 1900 2515 sit,
1948 2462 2119 2521 atque

536 2550 639 2605 per
660 2536 1113 2606 coniunctionem
1147 2539 1329 2594 viriet
1362 2540 1543 2595 Mariae
1566 2543 1808 2612 genitus.
1843 2544 1958 2599 Hoc
1986 2561 2118 2599 vero

537 2626 782 2683 haereses
833 2640 1049 2684 cuncta:
1110 2630 1436 2700 loquuntur.
1483 2633 1612 2699 lste,
1670 2634 1994 2700 Cerinthus,
2059 2647 2119 2692 et

536 2716 923 2787 Carpocratcs,
968 2720 1113 2774 idem
1148 2722 1342 2776 dicunt
1372 2738 1435 2777 ac
1491 2725 1762 2779 sentiunt.
1809 2726 1950 2781 Hinc
1981 2744 2119 2797 pau-

539 2825 703 2881 peres
734 2811 1131 2867 nominantur:
1165 2814 1217 2869 id
1244 2814 1450 2885 quippe
1474 2816 1619 2885 apud
1669 2816 1930 2873 Hebraeos
1955 2820 2120 2874 ell‘er-

540 2902 879 2957 turnomine
925 2903 1243 2959 Ebionazus.
1292 2906 1371 2959 Ad
1430 2906 1547 2961 bmc
1578 2906 1779 2962 docent
1827 2910 2117 2964 Dominum

538 2994 790 3064 putative
840 2994 1048 3050 factum
1096 3012 1220 3051 esse
1264 2997 1586 3064 hominem;
1621 3011 1679 3054 et
1729 3016 1854 3055 cum
1904 3003 2120 3057 electus

540 3087 861 3157 recognitus
910 3088 1132 3154 fuisset,
1187 3090 1553 3145 exelectione
1597 3091 1798 3146 Filium
1849 3093 1945 3147 Dei
1997 3110 2119 3149 esse

537 3186 829 3242 vocatum,
863 3188 1093 3249 propter
1123 3197 1251 3235 eum
1283 3180 1567 3236 Christum
1587 3183 1681 3252 qui
1732 3199 1763 3237 e
1802 3200 2019 3241 summo
2049 3187 2117 3240 ad

2221 2048 2583 2118 αξιουμὲνους
2609 2047 2932 2110 ἀθανασίας,
2964 2046 3040 2109 ώς
3074 2044 3272 2115 μηκέτι
3299 2041 3681 2113 ἀποθνήσκειν.

2745 2158 2887 2225 Περὶ
2925 2158 3287 2213 Ἐὄιοναίων.

2288 2265 2446 2325 Οὗτοι
2469 2268 2703 2323 ταπεινά
2725 2287 2789 2323 πε
2802 2270 2853 2339 pl.
2885 2267 3124 2339 Χριστοῦ
3152 2264 3457 2333 δοξάζουσι.
3490 2261 3660 2316 Ψιλὸν
3682 2258 3793 2329 γάρ

2220 2364 2383 2418 αὑτὸν
2429 2365 2523 2416 καὶ
2555 2362 2735 2415 κοινὸν
2774 2358 3034 2429 ἡγοῦνται
3075 2358 3382 2428 ἄνθρωπον,
3419 2354 3561 2408 κατὰ
3595 2368 3795 2423 προκο-

2220 2457 2330 2525 πὴν
2361 2456 2524 2526 ἤθους
2566 2455 3016 2523 δεδικαιωμένον·
3058 2453 3118 2517 ἐξ
3164 2451 3357 2522 ἀνδρὸς
3396 2448 3454 2502 δὲ
3503 2445 3795 2505 κοινωνίας

2220 2549 2314 2601 καὶ
2342 2548 2443 2618 τῆς
2488 2546 2705 2617 Μαρίας
2739 2545 3087 2615 γεγενῆσθαι.
3120 2543 3233 2596 Καὶ
3265 2542 3438 2593 πᾶσαι
3467 2539 3524 2591 δέ
3555 2539 3611 2591 al.
3642 2534 3798 2606 αἱρέ-

2222 2658 2335 2704 σεις
2360 2639 2516 2693 τοῦτο
2544 2640 2780 2708 λέγουσι·
2810 2640 2904 2691 καὶ
2935 2632 3112 2702 οὗτος,
3140 2636 3169 2688 ὁ
3199 2632 3477 2705 Κήρινθος
3522 2631 3617 2684 xal.
3649 2630 3801 2698 Καρ-

2222 2730 2504 2801 ποκράτης
2532 2730 2593 2784 τὸ
2616 2730 2748 2783 αὐτὸ
2776 2730 2997 2798 λέγουσι
3028 2728 3123 2782 καὶ
3158 2723 3471 2797 φρονοῦσιν.
3505 2722 3669 2775 Ὅθεν
3704 2720 3801 2773 καὶ

2222 2825 2429 2893 πτωχοὶ
2492 2822 2867 2893 ὀνομάζονται.
2923 2821 3093 2874 Τοῦτο
3137 2821 3247 2891 γὰρ
3305 2816 3403 2871 καὶ
3461 2813 3616 2885 παρά
3686 2813 3801 2873 τοῖς

2232 2915 2505 2985 Ἑϐραίοις
2537 2914 2864 2982 ὀνομάζεται
2907 2912 3223 2974 Ἐϐιοναῖος.
3258 2908 3423 2963 Ἀλλὰ
3449 2907 3543 2961 καὶ
3578 2904 3801 2974 δοκήσει

2220 3007 2473 3076 γενέσθαι
2532 3007 2817 3079 ἄνθρωπον
2875 3005 2967 3058 τὸν
3024 3004 3253 3075 Κύριον,
3304 3001 3401 3056 καὶ
3441 2996 3802 3069 ἐπιλεχθέντα

2222 3098 2497 3164 ἐκλεκτὸν,
2532 3097 2651 3152 κατ’
2677 3096 2909 3166 ἐκλογὴν
2939 3095 3052 3148 υἱὸν
3083 3095 3217 3147 Θεοῦ
3249 3091 3521 3164 κληθέντα
3564 3088 3672 3143 ἀπὺ
3703 3084 3802 3138 τοῦ

2222 3189 2429 3244 ἄνωθεν
2464 3192 2543 3253 είς
2573 3190 2733 3243 αὑτὸν
2760 3190 2986 3258 ἥκοντος
3010 3183 3251 3257 Χριστοῦ
3282 3187 3340 3237 ἐν
3377 3181 3510 3235 εῖδει
3542 3193 3800 3249 περιστε-

540 3266 699 3323 illum
726 3271 879 3324 venit
933 3270 987 3324 in
1034 3272 1218 3341 specie
1248 3273 1539 3328 columba.
1595 3275 1765 3329 Iidem
1804 3277 1946 3331 nihil
1999 3278 2120 3332 ani-

2226 3286 2344 3354 ρᾶς.
2378 3277 2539 3337 Οὗτοι
2564 3282 2686 3335 ούδέ
2716 3281 2960 3353 ἔμψυχον
2991 3277 3317 3350 τρώγουσιν’
3352 3270 3695 3373 ἐρωτώμενοι
3722 3266 3804 3373 δέΓ

542 3370 750 3417 ιιιαιυηι
794 3364 1134 3419 comedunt:
1195 3382 1437 3435 cumque
1486 3368 1900 3439 interrogantur
1946 3387 2120 3441 quare

541 3466 654 3507 non
687 3452 1005 3516 comedant,
1054 3455 1429 3523 reSpondent:
1466 3457 1596 3511 ldeo
1648 3474 1759 3512 non
1819 3462 2119 3526 sumimus,

541 3545 805 3616 quoniam
855 3546 1242 3616 prodierunte
1283 3562 1587 3618 congressu
1640 3560 1697 3605 et
1732 3555 2122 3613 commistione

543 3651 867 3708 corporum.

648 3745 729 3801 De
762 3745 1033 3813 Cerintho,
1068 3765 1132 3803 ea:
1165 3767 1267 3819 quo
1313 3748 1663 3809 Cerinthiani.
1696 3754 1804 3809 Alii
1838 3757 2018 3811 dicunt

1100 3819 1413 3875 Ebionwum
1444 3839 1571 3877 esse.

616 3927 727 3986 Iste
757 3933 917 4001 quasi
950 3947 1019 3987 ex
1050 3933 1487 3991 revelationibus
1518 3939 1731 4009 magnis
1760 3956 1859 4008 per
1893 3942 2125 4011 angelos

546 4019 711 4078 factis
750 4022 1022 4093 loquitur.
1052 4024 1303 4081 Mendaci
1351 4044 1611 4083 sermone
1643 4029 1949 4086 introducit
2002 4042 2126 4099 post

546 4115 1019 4172 resurrectionem
1051 4134 1281 4189 regnum
1334 4119 1543 4175 Christi
1587 4130 1867 4175 terrenum
1903 4141 1915 4177 :
1966 4140 2033 4179 ac
2069 4126 2124 4179 in

548 4225 797 4264 errorem
822 4208 1134 4265 inducendo
1156 4211 1353 4267 asserit
1382 4213 1740 4267 habitandam
1772 4214 1973 4269 iterum
2002 4231 2125 4271 esse

551 4299 784 4369 hujusce
839 4302 1024 4356 saeculi
1075 4301 1511 4374 Hierosolymam
1567 4319 1667 4372 per
1720 4305 1871 4359 mille
1924 4322 2123 4372 annos,

550 4410 677 4449 cum
710 4395 1133 4464 cupiditatibus,
1164 4395 1568 4465 voluptatibus,
1616 4397 1827 4465 nuptiis
1879 4406 1936 4452 ct
1968 4397 2127 4452 festi-

548 4486 837 4542 vitatibus.
867 4487 1065 4542 Fertur
1091 4486 1295 4541 dixisse
1320 4496 1543 4541 sanctus
1575 4487 1932 4558 Polycarpus,
1971 4490 2122 4558 quod

551 4580 849 4651 aliquando
877 4595 1003 4635 cum
1032 4580 1371 4650 evangelista
1413 4580 1654 4633 Joannes
1701 4579 1758 4633 in
1814 4580 2014 4636 balneo
2046 4582 2126 4635 la-

2229 3377 2377 3430 Διατί
2406 3378 2467 3430 οὐ
2498 3376 2763 3447 τρώγετε’
2802 3373 3041 3443 Ἐπειδὴ,
3079 3370 3265 3439 φασὶν,
3297 3368 3361 3421 ἐκ
3388 3364 3674 3421 συνουσίας
3710 3359 3805 3412 καὶ

2230 3470 2526 3541 ἐπιμίξεως
2558 3470 2826 3540 σωμάτων
2855 3463 2993 3522 εἶναι
3025 3465 3195 3527 αὐτὰ,
3228 3459 3318 3514 διὰ
3348 3458 3508 3513 τοῦτο
3536 3456 3597 3509 ού
3632 3467 3803 3525 μεταο

2230 3566 2295 3619 λα
2304 3564 2577 3635 μϐάνομεν
2609 3562 2811 3616 αὐτῶν.

2231 3762 2368 3830 Περί
2402 3760 2715 3830 Κηρίνθου,
2756 3755 2855 3822 ἀφ’
2903 3748 2975 3830 οὗ
3010 3747 3556 3830 κρ-Κηρέγθιςινοί.
3602 3745 3807 3799 Ἄλλοι

2474 3818 2543 3881 δὲ
2576 3818 2866 3895 λέγὸυσίν
2908 3823 2997 3874 ὅτι
3044 3818 3371 3884 Ἐὔιοναῖός
3399 3818 3551 3870 ἐστι.

2303 3936 2468 4003 Οὗτος
2508 3940 2656 4007 λέγει
2696 3937 2770 3999 ὼς
2802 3935 2868 3988 δι’
2903 3932 3303 4001 ἀποκαλύψεων
3333 3930 3587 3999 μεγάλων
3615 3928 3682 3981 δι’
3712 3927 3809 3995 ἁγ-

2231 4034 2403 4101 γέλων
2450 4029 2831 4099 δεδειγμένων.
2879 4024 3226 4094 Ψευδόμενος
3272 4021 3581 4089 ἐπεισάγει,
3626 4019 3810 4089 λέγων

2235 4124 2375 4194 μετά
2400 4123 2499 4192 τὴν
2530 4122 2824 4175 ἀνάστασιν
2872 4117 3117 4185 ἐπίγειον
3150 4111 3291 4168 εἶναι
3319 4114 3383 4167 τὺ
3413 4113 3679 4184 βασίλειον
3709 4112 3809 4166 τοῦ

2231 4210 2492 4281 Χριστοῦ·
2526 4211 2621 4264 καὶ
2648 4210 2810 4263 πάλιν
2853 4207 3171 4278 ἐπιθυμίαις
3210 4206 3305 4260 καὶ
3334 4205 3547 4276 ἡδοναῖς
3576 4204 3675 4271 τὴν
3710 4202 3811 4255 Ἰε-

2233 4303 2512 4375 ρουσαλὴμ
2557 4303 2657 4373 τὴν
2696 4300 2840 4354 κατά
2884 4302 3065 4371 σάρκα
3107 4298 3531 4367 πολιτευομένην
3572 4294 3810 4366 ἀριθμὸν

2231 4395 2624 4469 χιλιονταετίας
2668 4396 2725 4447 ἐν
2754 4394 2918 4464 γάμῳ
2968 4392 3167 4464 ἑορτῆς
3217 4390 3444 4445 πλανῶν
3480 4389 3630 4457 λέγει
3662 4387 3814 4456 γενέ-

2233 4491 2378 4544 σθαι.
2408 4490 2545 4543 Φασὶ
2572 4488 2631 4542 δέ
2657 4490 2740 4541 ὅτι
2774 4490 2869 4540 καὶ
2897 4489 2924 4540 ὁ
2953 4486 3107 4555 ἅγιος
3131 4485 3490 4556 Πολύκαρπος
3523 4478 3698 4545 εἶπεν,
3723 4481 3813 4533 ὅτι

2234 4582 2364 4635 ποτὲ
2392 4581 2683 4651 λουομένου
2712 4583 2769 4633 ἐν
2793 4579 3057 4649 βαλανείῳ
3082 4577 3177 4631 τοῦ
3203 4575 3591 4646 εὐαγγελιστοῦ
3625 4574 3813 4627 Ἰωάν-

551 4678 727 4735 varet,
762 4687 827 4725 ac
864 4672 1151 4728 didicisset
1181 4672 1508 4727 Cerinthum
1558 4672 1726 4726 etiam
1762 4673 1959 4739 lavari,
1983 4675 2121 4729 exsi-

2230 4694 2345 4741 vou,
2380 4675 2643 4743 μαθόντος
2664 4675 2747 4728 ὃτι
2770 4673 2863 4727 καὶ
2894 4670 3165 4745 Κήρινθος
3189 4670 3427 4728 λούεται,
3459 4667 3812 4736 ἀποπηδῆσαι

551 4763 703 4821 lierit
737 4764 953 4834 388e
991 4765 1137 4829 loco,
1183 4763 1407 4833 fugerit,
1466 4764 1861 4835 monueritque
1900 4782 1997 4821 eos
2032 4768 2129 4836 qui

553 4871 678 4910 cum
709 4856 829 4926 ipso
859 4864 1019 4910 erant
1040 4856 1126 4911 bis
1150 4855 1374 4910 verbis:
1402 4855 1721 4925 Fugiamus,
1768 4873 1838 4911 ne
1867 4857 2128 4914 balneum

553 4946 829 5006 concidat.
852 4958 1197 5016 cunctosque
1254 4946 1712 5015 comprehendat,
1742 4949 2004 5017 quoniam
2044 4952 2130 5005 in-

555 5043 648 5093 tus
666 5046 753 5094 est
785 5037 1087 5093 Cerintbus
1146 5037 1408 5092 inimicus
1438 5037 1709 5092 veritatis.
1756 5038 1926 5094 Aiunt
1960 5041 2129 5096 etiam

553 5128 625 5185 ab
657 5128 776 5199 ipso
806 5129 1108 5183 tumultum
1151 5128 1485 5182 concitatum
1539 5128 1730 5193 fuisse,
1783 5131 2006 5200 quando
2041 5132 2135 5188 Ja-

555 5218 732 5273 cobus
760 5219 991 5290 ejusque
1023 5218 1159 5272 socii
1190 5218 1536 5287 scripserunt
1555 5219 1906 5276 Antiochiam
1939 5240 1952 5276 :
1990 5222 2127 5289 Qui-

556 5308 686 5365 dum
723 5326 787 5364 ea:
819 5311 964 5364 nobis
1003 5311 1267 5371 exierunt,
1295 5310 1568 5365 turbantes
1605 5329 1693 5366 vos
1720 5314 1772 5367 ι).
1807 5314 1955 5369 Idem
2002 5332 2131 5371 cum

558 5400 724 5458 Petro
751 5402 1080 5472 disceplavit
1117 5402 1187 5457 ob
1219 5401 1541 5457 Cornelium
1566 5414 1613 5456 ο.
1643 5404 1763 5459 Alia
1814 5408 1935 5461 vice
1959 5409 2132 5463 exsti-

562 5496 629 5550 tit
654 5505 850 5551 auctor
874 5497 1147 5551 tumultus
1190 5504 1382 5552 contra
1414 5496 1643 5552 Paulum
1695 5501 1957 5555 concitati
2000 5501 2133 5556 Hie-

2229 4766 2323 4820 106
2360 4767 2530 4819 τόπου
2568 4764 2663 4819 καὶ
2708 4767 2936 4832 φυγεῖν,
2971 4763 3366 4834 παραινοῦντος
3406 4763 3518 4823 τοῖς
3550 4758 3667 4828 μετ’
3706 4760 3811 4811 αὐ-

2230 4858 2346 4923 τοῦ,
2377 4857 2663 4926 Φύγωμεν,
2702 4856 2776 4927 μὴ
2818 4856 2914 4909 καὶ
2940 4855 3002 4908 τὸ
3036 4854 3318 4924 βαλανεῖον
3351 4852 3627 4923 συμπέσῃ,
3661 4849 3811 4903 ἔνδον

2230 4951 2382 5013 ὄντος
2410 4949 2683 5020 Κηρίνθου
2726 4948 2821 5003 τοῦ
2868 4948 2969 5017 τῆς
3002 4947 3260 5017 ἀληθείας
3292 4944 3511 5017 ἐχθροῦ,
3539 4947 3635 4999 καὶ
3666 4943 3810 5015 λάϐῃ

2232 5043 2358 5105 τοὺς
2380 5041 2613 5104 πάντας.
2639 5042 2778 5095 Φασὶ
2805 5040 2862 5093 δὲ
2903 5040 2985 5093 ὃτι
3012 5032 3170 5102 οὗτος
3211 5038 3309 5108 τὴν
3342 5037 3590 5108 ταραχὴν
3618 5035 3809 5105 εἰργά-

2240 5150 2390 5199 σατο,
2426 5135 2515 5187 ὅτε
2555 5136 2604 5187 οἱ
2646 5133 2776 5204 περὶ
2816 5130 3073 5186 Ἰάκωϐον
3107 5130 3453 5201 γεγράφασιν
3484 5132 3564 5194 είς
3603 5127 3808 5181 Ἀντιό-

2236 5226 2493 5297 χειαν,ὄτι
2510 5225 2603 5289 Ἐξ
2620 5224 2789 5294 ἡμῶν
2800 5224 2843 5255 ³³
2860 5222 3121 5291 ἐξῆλθον
3147 5221 3557 5292 ταράσσοντες
3570 5218 3726 5289 ἡμᾶς
3738 5217 3805 5271 ⁸⁸.

2242 5317 2308 5369 '0
2347 5317 2507 5379 αὐτὸς
2535 5317 2591 5370 δέ
2621 5319 2716 5370 καὶ
2746 5316 2825 5387 τῷ
2852 5316 3046 5386 Πέτρῳ
3072 5314 3369 5387 διεκρίνετο
3398 5315 3528 5385 περὶ
3552 5312 3645 5366 τοῦ
3674 5313 3811 5380 Κορ-

2235 5409 2440 5480 νηλίου.
2471 5410 2695 5463 ’Δλλοτε
2731 5410 2788 5463 δέ
2820 5408 2917 5463 καὶ
2946 5408 3091 5462 κατὰ
3128 5408 3340 5463 Παύλου
3372 5406 3544 5470 αῐτιος
3575 5406 3676 5475 τῆς
3712 5420 3810 5456 τα-

2242 5504 2416 5577 ραχῆς
2447 5504 2540 5558 τοῦ
2579 5504 2725 5577 ἱεροῦ
2756 5503 2981 5573 γέγονεν
3026 5505 3084 5557 ἐν
3122 5502 3520 5573 Ἰεροσολύμοις
3547 5502 3635 5555 ὅτε
3666 5500 3812 5553 ἐκεί-

562 5589 855 5659 rosolymis
904 5588 961 5643 in
1006 5590 1234 5660 templo,
1292 5588 1514 5657 quando
1562 5591 1803 5645 totondit
1857 5606 1916 5647 se
1952 5589 1999 5646 ἀ.
2042 5593 2121 5649 Ail

2244 5613 2393 5667 ρατο.
2431 5596 2540 5649 Kal.
2586 5595 2678 5649 τὸν
2707 5596 2946 5666 Χριστδν
2990 5595 3049 5650 δέ
3091 5594 3240 5665 λέγει
3282 5593 3665 5665 σταυρωθῆναι
3710 5592 3810 5664 μὲν

633 5728 663 5769 b
692 5728 811 5782 Act.
843 5745 933 5795 xv,
958 5728 1049 5783 24.

1127 5741 1151 5767 ο
1179 5730 1297 5784 Act.
1326 5744 1395 5794 XI,
1428 5728 1480 5783 2.
1561 5728 1587 5769 ἀ
1615 5731 1733 5787 Act.
1778 5749 1886 5797 ΠΙ,
1910 5732 2000 5799 24,
2034 5732 2125 5800 26,
2156 5734 2245 5789 27.

1848 5845 2082 5903 γΑιιιλε
2125 5846 2417 5905 LECTION
2428 5849 2529 5903 ES.

634 5937 678 5969 ³¹
718 5932 880 5990 Turr.
912 5936 1016 6007 leg.
1051 5936 1221 6008 ὑμῶν.
1302 5937 1344 5968 ⁸³
1382 5935 1440 5990 L.
1470 5935 1632 6005 ὑμᾶς·
