4146 6446
255 493 326 557 ιθ
1285 482 1382 545 DE
1421 482 1899 544 RECEPTIONE
1936 481 2534 544 HERETICORUM.
3464 470 3535 533 3’)

259 605 424 677 μήπω
451 600 507 653 δὲ
551 595 889 669 ὲγηγέρθαι,
925 594 1151 665 μέλλειν
1180 594 1238 648 δὲ
1268 595 1616 661 ἀνίστασθαι,
1647 597 1736 649 ὅτε
1762 596 1857 649 καὶ

1967 609 2183 664 quoque
2209 592 2495 649 Christum
2510 591 2735 662 quidem
2762 590 2917 646 cruci
2949 586 3168 644 aﬂixum
3216 583 3407 647 fuisse,
3435 581 3536 637 sed

258 700 294 768 ἡ
317 693 545 749 καθόλου
577 690 799 758 γίνεται
825 690 1163 753 ἀνάστασις.

869 890 1257 961 Σατορνῖνος.

176 982 219 1053 ξ
327 999 505 1070 Οὗτος
540 1008 689 1060 κατά
720 1006 909 1059 πάντα
940 1006 1257 1078 Μενάνδρου
1298 1005 1395 1060 τοῦ
1426 1006 1720 1079 γενομένου
1753 1024 1860 1079 μα-

256 1100 425 1170 θητοῦ
457 1101 709 1170 Σίμωνος
747 1099 850 1151 τοῦ
883 1098 1082 1168 Μάγου
1111 1099 1431 1170 ἐφρόνησεν.

837 1206 1303 1283 Καρποκράτης.

329 1319 507 1389 Οὗτος
543 1323 641 1378 τὸν
674 1326 990 1379 Γνωστικὺν
1032 1327 1392 1398 ἐπικέκληται
1425 1329 1640 1401 πατέρα
1671 1330 1736 1363 ³⁸⁸
1768 1332 1864 1386 καὶ

254 1416 409 1485 λέγει
462 1418 725 1488 φανερῶς
754 1418 861 1480 τὰς
908 1418 1165 1487 μαγείας,
1202 1420 1278 1482 ὡς
1320 1421 1414 1474 ἐπὶ
1446 1423 1703 1492 μεγάλοις
1731 1441 1864 1494 σεμ-

256 1508 587 1579 νυνόμενος
626 1511 723 1562 καὶ
763 1510 863 1573 τὰς
910 1510 1234 1581 περιεργίας
1255 1512 1355 1577 τὰς
1384 1514 1477 1567 ἐπὶ
1509 1514 1748 1585 φίλτρων
1780 1532 1866 1583 γι-

256 1600 501 1669 νομένας
550 1601 797 1671 δημοσία
843 1601 1166 1670 ἐξαγγέλλει
1206 1606 1301 1657 καὶ
1337 1605 1580 1659 διδάσκει
1613 1607 1866 1671 ὑπούλως

257 1694 359 1747 καὶ
391 1694 806 1757 ιίῖινυποει-τόλως⁹
839 1696 933 1746 καὶ
968 1695 1153 1748 πᾶσαν
1185 1697 1583 1767 αἰσχρουργίαν
1618 1698 1714 1750 καὶ
1748 1714 1857 1750 πα·-

260 1786 508 1853 ράνομον
554 1785 763 1855 πρᾶξιν
813 1784 1209 1855 συμὸουλεύων
1262 1788 1549 1842 ἐπιτελεῖν.
1603 1790 1769 1859 Λέγει
1797 1793 1867 1845 ’δὲ

258 1879 357 1930 καὶ
392 1876 557 1930 τοῦτο
590 1880 618 1931 ό
653 1878 870 1939 ἀνόσιος
904 1879 1349 1950 Καρποκράτης,
1387 1881 1470 1933 ὄτι
1521 1881 1617 1935 ἐὰν
1674 1884 1750 1953 μή
1784 1901 1867 1946 τις

1964 686 2212 741 nondum
2241 685 2637 751 resurrexisse,
2659 693 3114 740 resurrecturum
3128 692 3264 734 vero
3289 686 3536 747 tempore

1965 779 2392 836 resurrectionis
2421 779 2776 834 universalis.

2584 887 2927 943 Saturninus.

2033 1002 2145 1057 Isle
2180 1002 2374 1057 eadem
2400 1001 2562 1071 plane
2592 999 2770 1055 sensit
2788 1013 2913 1053 cum
2939 994 3239 1051 Menandro
3265 990 3541 1061 discipulo

1969 1093 2218 1148 Simonis
2250 1093 2409 1164 Magi.

2553 1204 2934 1275 Carpocrates.

2034 1322 2086 1377 Is
2112 1321 2509 1377 Gnosticorum
2567 1329 2724 1390 pater
2752 1316 3087 1387 appellatur.
3128 1310 3321 1383 Magia:
3374 1324 3543 1380 opera

1965 1422 2155 1484 aperte
2182 1412 2414 1483 profert,
2456 1412 2637 1481 iisque
2676 1420 2939 1479 tanquam
2968 1405 3184 1477 magnis
3232 1403 3401 1459 rebus
3428 1402 3546 1473 glo-

1965 1507 2143 1561 riatur
2176 1524 2191 1561 :
2252 1520 2470 1560 necnon
2498 1502 2741 1573 ineptias
2775 1500 3112 1572 philtrorum
3146 1497 3368 1568 publice
3401 1510 3544 1565 pra:-

1966 1599 2135 1663 dieat,
2168 1614 2232 1653 ac
2255 1598 2420 1653 docet
2445 1596 2679 1651 subdole
2707 1602 2763 1650 et
2794 1608 3008 1649 secure.
3038 1590 3272 1646 Omnem
3297 1589 3535 1659 turpitu-

1967 1688 2153 1743 dinem
2179 1702 2519 1758 pravamque
2545 1685 2824 1741 actionem
2858 1696 3126 1753 peragere
3157 1680 3375 1734 suadet.
3428 1678 3547 1732 I-Ioc

1967 1782 2135 1836 etiam
2158 1781 2295 1836 dicit
2321 1782 2572 1850 impurus
2591 1778 2963 1848 Carpocrates
2996 1794 3009 1831 :
3038 1774 3155 1829 Nisi
3182 1773 3309 1843 quis
3341 1770 3547 1826 volun-

1971 1882 2135 1929 tatem
2166 1880 2497 1929 cunctorum
2531 1871 2845 1925 daemonum
2896 1865 3331 1935 angelorumque
3371 1862 3440 1917 ad
3478 1859 3547 1916 ll-

259 1971 527 2042 ἐκτελέσῃ
554 1971 619 2023 τὸ
652 1970 865 2040 θέλημα
905 1972 1165 2025 ἁπάντων
1197 1971 1304 2025 τῶν
1348 1973 1617 2043 δαιμόνων
1637 1975 1733 2027 καὶ
1760 1975 1864 2027 τῶν

1971 1978 2099 2016 nem
2130 1961 2296 2032 389
2322 1959 2666 2031 perduxerit,
2693 1958 3013 2012 nullatenus
3031 1961 3213 2025 potest
3246 1952 3547 2009 ascendere

258 2061 517 2129 ἀγγέλων
536 2103 551 2125 ,
583 2063 648 2115 οὗ
680 2062 907 2115 δύναται
936 2063 1075 2126 ὅλως
1110 2063 1417 2133 ὑπερϐῆναι
1442 2068 1521 2129 εἰς
1545 2066 1638 2119 τὸν
1662 2065 1871 2121 ἀνώτα-

258 2170 378 2206 τον·
406 2154 672 2223 οὐρανὸν,
720 2155 845 2206 οὐδὲ
898 2156 998 2219 τὰς
1064 2159 1264 2227 Ἀρχὰς
1313 2161 1406 2211 καὶ
1447 2159 1545 2223 τάς
1587 2160 1869 2224 Ἐξουσίας

260 2247 579 2317 παρελθεῖν.
616 2248 730 2300 Καὶ
749 2240 909 2310 οὗτος
934 2249 993 2301 δὲ
1019 2250 1112 2302 τὸν
1143 2251 1347 2322 Κύριον
1368 2256 1431 2307 ἐκ
1464 2253 1866 2325 συνουσιασμοῦ

257 2338 413 2407 λέγειν
438 2341 809 2411 γεγενῆσθαι.

252 2475 396 2544 Περὶ
424 2477 681 2553 Μάρκου
728 2479 840 2533 τοῦ
866 2481 1133 2553 ἀνοσίου
1166 2482 1549 2551 κακόφρονος
1580 2484 1681 2537 καὶ
1707 2488 1863 2553 αἰρε-

456 2548 746 2617 σιάρχου,
779 2551 883 2603 καὶ
914 2551 1036 2605 τῶν
1064 2548 1418 2621 ὁμοφρόνλών
1452 2554 1663 2609 αὐτοῦ.

325 2655 569 2714 ³³οὖτοι
624 2662 903 2733 νυμφῶνα
968 2667 1469 2734 κατασκευάζουσι,
1513 2668 1609 2722 καὶ
1653 2687 1865 2740 μυστα-

253 2757 470 2823 γωγὶαν
498 2758 616 2825 (19)
656 2757 996 2825 ἐπιτελοῦσι,
1031 2763 1150 2831 μετ’
1182 2761 1534 2833 ὲπιρῤήσεών
1562 2780 1726 2817 τινων
1748 2764 1862 2836 (20)

251 2847 696 2918 ὶπιτελουμένην
714 2849 805 2913 ⁸⁸⁸,
824 2851 922 2902 καὶ
946 2852 1320 2921 πνευματικὸν
1351 2853 1530 2923 γάμον
1563 2854 1863 2923 φάσκουσιν

252 2936 398 2992 εἶναι
448 2942 513 2993 τὸ
569 2941 667 2994 ὑπ’
716 2943 901 2996 αὐτῶν
938 2943 1261 3013 γινόμενον·
1296 2944 1392 2998 καὶ
1439 2945 1663 3014 ἄγουσιν
1693 2946 1860 3017 ὓδωρ,

250 3035 351 3086 καὶ
395 3033 789 3103 βαπτίζοντες,
830 3036 1005 3100 οὕτως
1045 3036 1429 3105 ἐπιλέγουσιν·
1471 3040 1567 3102 El;
1596 3040 1658 3093 τὸ
1690 3040 1863 3111 δνομα

251 3124 348 3177 τοῦ
393 3125 693 3193 ἀγνώστου
740 3128 950 3199 πατρὸς
997 3128 1109 3182 τῶν
1142 3129 1302 3194 ὅλων,
1330 3132 1412 3194 είς
1459 3131 1723 3203 ἀλήθειαν
1754 3151 1862 3204 μη-

251 3218 392 3287 τέρα
424 3220 540 3273 τῶν
574 3222 824 3285 πάντων,
868 3224 950 3286 εἰς
994 3224 1089 3276 τὸν
1133 3223 1470 3279 κατελθόντα
1510 3226 1591 3289 είς
1615 3226 1709 3280 τὸν
1750 3229 1860 3299 Ἰη-

1972 2056 2027 2109 in
2046 2070 2366 2124 supremum
2396 2054 2619 2116 cmlum,
2639 2067 2745 2106 nec
2772 2049 3126 2118 Principatus
3154 2057 3214 2101 et
3241 2047 3551 2101 Potestates

1971 2146 2348 2216 praetergredi.
2385 2145 2536 2199 Idem
2562 2158 2785 2213 quoque
2810 2141 3111 2195 Dominum
3154 2146 3339 2193 ortum
3389 2141 3550 2206 putat

1968 2254 1998 2294 e
2025 2237 2350 2293 concubitu.

1965 2483 2043 2539 De
2064 2483 2245 2538 Marco
2290 2483 2472 2553 impio,
2510 2483 2761 2542 dementi.
2823 2482 3202 2550 hazresiarcha,
3260 2482 3428 2551 iisque
3459 2481 3550 2551 qui

2406 2554 2545 2607 idem
2574 2571 2693 2607 cum
2715 2553 2809 2607 illo
2837 2554 3093 2607 sentiunt.

2038 2667 2103 2722 Hi
2153 2668 2455 2723 thalamum
2506 2676 2813 2738 apparant,
2862 2676 2920 2723 et
2976 2665 3372 2738 mystagogiam
3423 2679 3551 2719 cum

1965 2760 2298 2829 quibusdam
2354 2760 2805 2816 invocationibus
2857 2761 3201 2816 solemnibus
3242 2757 3550 2821 celebrant,

1964 2852 2224 2922 quodque
2259 2852 2470 2908 faciunt
2513 2869 2636 2908 esse
2668 2854 2826 2907 aiunt
2856 2853 3176 2923 Spiritualcs
3200 2851 3424 2920 nuptias
3455 2867 3468 2903 :
3496 2858 3555 2904 et

1963 2945 2205 2999 aﬂ‘erunt
2256 2960 2477 3015 aquam,
2530 2961 2594 3000 ac
2645 2945 2989 3016 intingentes
3027 2942 3391 3013 pronuntiant
3417 2939 3549 2994 sic:

1963 3036 2023 3090 In
2057 3036 2277 3092 nomine
2308 3038 2481 3108 ignoti
2517 3039 2694 3109 patris
2728 3039 3124 3092 universorum
3163 3077 3176 3101 ,
3225 3035 3279 3091 in
3317 3031 3554 3087 veritate

1963 3134 2290 3180 cunctorum
2348 3136 2540 3192 matre,
2592 3128 2647 3183 in
2679 3143 2747 3182 eo
2779 3128 2873 3197 qui
2926 3127 3215 3182 descendit
3254 3127 3311 3180 in
3336 3126 3549 3181 Iesum.

1962 3222 2243 3293 Adjiciunt
2265 3238 2399 3278 vero
2424 3223 2693 3278 Hebraica
2724 3224 2975 3287 nomina,
2999 3231 3061 3277 ut
3098 3238 3195 3278 eos
3215 3222 3312 3293 qui
3332 3221 3557 3276 initian-

256 3311 415 3364 σοῦν·
450 3314 552 3366 καὶ
592 3314 869 3384 Ἑϐραϊκὰ
894 3314 950 3368 δὲ
973 3315 1220 3385 ὀνόματα
1247 3317 1615 3386 ἐπιλέγουσιν,
1638 3319 1776 3389 πρὸς
1804 3320 1864 3374 τδ

1970 3325 2061 3369 tur
2092 3315 2149 3369 in
2175 3316 2441 3386 majorem
2475 3314 2743 3369 inducant
2784 3322 3095 3384 stuporem.

260 3402 467 3471 μᾶλλον
482 3404 533 3435 ⁸⁸
566 3405 928 3473 καταπλῆξαι
963 3408 1091 3469 τοὺς
1123 3406 1501 3476 τελουμένους.

828 3525 971 3592 Περὶ
1013 3526 1303 3596 Ἀπελλῆ.

344 3635 625 3706 Ἀπελλῆς
656 3637 915 3708 μαθητὴς
947 3638 1059 3692 τῶν
1096 3638 1385 3710 δογμάτων
1409 3642 1734 3713 Μαρκίωνος
1773 3646 1867 3715 γέ-

256 3746 451 3797 γονεν.
484 3724 665 3791 Οὗτος
696 3728 797 3793 τὰς
826 3734 1171 3801 προφητείας
1205 3732 1263 3797 ἑξ
1293 3734 1676 3805 ἀντικειμένου
1716 3736 1864 3805 λέγει

258 3820 623 3890 πνεύματοςο
654 3820 988 3889 πειθόμενος
1024 3821 1418 3890 ἀποφθέγμασι
1443 3825 1719 3895 παρθένου
1747 3824 1865 3877 δαί-

260 3928 452 3981 μονος,
501 3906 573 3983 ἧς
624 3910 803 3979 δνομα
837 3909 1142 3979 Φιλουμένη
1166 3924 1178 3937 ·
1211 3909 1378 3978 μηδὲν
1408 3909 1466 3963 δὲ
1501 3909 1638 3973 ὅλως
1666 3910 1865 3982 ἀληθὲς

253 4005 585 4075 εἰρηκέναι·
636 4002 950 4056 καὶπολλὰ
1004 4002 1195 4055 ἀσεϐεῖ
1237 4002 1382 4057 κατά
1434 4019 1496 4056 τε
1541 4002 1636 4057 τοῦ
1696 4004 1864 4076 νόμου

254 4096 535 4161 Μωσέως,
572 4094 671 4148 καὶ
696 4093 809 4147 τῶν
834 4093 1156 4163 προφητῶν.

588 4208 733 4276 Περὶ
769 4207 1064 4263 Θεοδότου
1100 4206 1209 4262 τοῦ
1239 4207 1529 4274 σκυτέως.

328 4322 542 4376 Τοῦτον
569 4323 665 4375 τὸν
706 4320 963 4374 Θεόδοτόν
1006 4337 1173 4385 φασιν
1206 4320 1304 4391 τῆς
1351 4318 1446 4373 τοῦ
1484 4319 1867 4389 Σαμωσατέως

254 4416 534 4484 αἱρέσεως
575 4414 829 4483 ἀρχηγὸν
872 4414 970 4466 καὶ
1032 4412 1249 4482 πατέρα
1300 4410 1580 4479 γενέσθαι,
1640 4410 1865 4481 πρῶτον

254 4510 489 4561 εἰπόντα
524 4509 623 4562 τὸν
654 4507 898 4578 Χριστὸν
934 4506 1092 4573 ψιλὸν
1118 4506 1430 4574 ἄνθρωπον.
1471 4506 1569 4567 ’ος
1624 4503 1722 4556 καὶ
1760 4502 1867 4556 ὑπὸ

257 4600 547 4671 Βίκτωρος
582 4599 895 4652 ἐπισκόπου
942 4596 1163 4669 Ῥώμης
1187 4597 1283 4651 τοῦ
1309 4598 1587 4668 μάρτυρος
1617 4596 1725 4649 ἀπὸ
1752 4612 1866 4648 κοι-

2615 3520 2694 3575 De
2727 3520 2931 3591 Apelle.

2039 3635 2262 3705 Apelles
2285 3633 2595 3704 discipulus
2625 3634 2949 3705 dogmatum
2996 3635 3296 3692 Marcionis
3328 3634 3455 3690 fuit.
3505 3637 3557 3692 Is

1968 3728 2200 3782 credens
2229 3727 2581 3782 sermonibus
2604 3726 2873 3783 dzemonis
2896 3728 2989 3797 qui
3020 3728 3075 3782 in
3092 3728 3307 3799 virgine
3330 3729 3557 3784 nomine

1967 3818 2291 3873 Philumene
2318 3818 2625 3883 habitabat,
2672 3819 2749 3873 ait
2792 3820 3116 3889 prophetias
3143 3836 3264 3876 esse
3295 3836 3326 3875 a
3358 3821 3554 3891 spiritu

1968 3914 2263 3979 contrario,
2286 3928 2389 3967 nec
2416 3912 2722 3983 quidquam
2752 3914 2870 3968 veri
2897 3913 3291 3983 pronuntiasse
3319 3931 3332 3966 :
3359 3914 3559 3969 multa-

1967 4017 2075 4073 que
2104 4003 2272 4073 impie
2314 4002 2526 4077 prol’ert
2578 4004 2849 4059 adversus
2902 4004 3081 4075 legem
3126 4003 3295 4059 Mosis
3326 4012 3383 4059 et
3426 4019 3559 4073 pro-

1969 4097 2187 4167 phetas.

2444 4210 2518 4263 De
2557 4209 2817 4263 Theodoto
2844 4210 3096 4263 ceriaria.

2040 4321 2198 4374 Hunc
2231 4319 2579 4374 Theodotum
2608 4321 2765 4374 aiunt
2808 4319 3037 4375 haeresis
3070 4317 3418 4372 Samosaleni
3460 4333 3557 4371 cx-

1967 4412 2172 4467 stitisse
2206 4421 2486 4467 auctorem
2543 4428 2607 4467 ac
2648 4423 2884 4482 patrem,
2936 4412 3289 4482 primumque
3328 4410 3556 4475 dixisse,

1966 4504 2245 4559 Christum
2268 4520 2389 4559 esse
2424 4504 2587 4575 390
2616 4520 2833 4558 merum
2870 4503 3172 4559 hominem.
3202 4502 3252 4556 Is
3284 4518 3312 4555 a
3336 4501 3560 4556 Victore

1966 4602 2228 4670 episcopo
2255 4600 2504 4654 Romano
2537 4608 2592 4654 et
2630 4608 2870 4670 martyre
2894 4594 3407 4652 excommunicatus
3434 4592 3557 4647 fuit.

253 4692 460 4754 νωνῐας
491 4690 741 4758 ἐγένετο.
790 4689 1003 4751 Παῦλος
1032 4690 1090 4742 δὲ
1131 4691 1160 4743 ό
1203 4690 1574 4759 Σαμωσατεὺς
1610 4686 1863 4757 μαθητὴς

1969 4693 2172 4747 Paulus
2218 4708 2351 4747 vero
2399 4690 2829 4753 Samosatensis,
2877 4687 3188 4757 discipulus
3225 4686 3368 4756 ejus,
3418 4683 3561 4738 hanc

250 4782 457 4835 τούτου
497 4783 822 4851 γενόμενος,
866 4780 1139 4852 ἠθέλησεν
1172 4780 1479 4834 άνανεῶσαι
1519 4780 1726 4849 ταύτην
1766 4779 1866 4850 τὴν

252 4874 514 4942 αἵρεσιν·
549 4874 705 4935 ὅστις
746 4874 845 4925 καὶ
886 4870 1171 4942 καθῃρέθη
1207 4871 1312 4923 ὑπὸ
1349 4870 1593 4923 συνόδου.
1631 4871 1770 4923 Φασὶ
1807 4870 1866 4922 δὲ

264 4966 593 5021 ’Λνατόλιον
626 4965 740 5035 (2i)
796 4966 891 5017 τὸν
956 4962 1301 5035 όμολογητὴν
1354 4962 1708 5033 ἀπατηθῆναι
1765 4964 1869 5017 ὑπὸ

1974 4782 2229 4837 haeresim
2268 4781 2444 4836 voluit
2471 4797 2766 4845 renovare,
2792 4788 2957 4849 atque
2984 4794 3014 4833 a
3036 4776 3246 4849 synodo
3275 4775 3563 4845 depositus

1974 4882 2077 4928 est.
2105 4873 2301 4927 Fertur
2332 4888 2500 4942 porro
2534 4871 2851 4926 Anatolium
2873 4869 3246 4924 confessorem
3266 4866 3560 4937 deceptum

1978 4967 2147 5022 fuisse
2176 4967 2245 5021 ab
2282 4965 2676 5035 Asclepiodoto
2703 4973 2759 5019 et
2789 4964 2968 5018 altero
2993 4960 3236 5033 quodam
3274 4960 3563 5015 Theodoto

1582 5095 1814 5152 νΑιιιλιΕ
1862 5098 2269 5155 LECTIONES.

323 5197 373 5267 ⁸⁸,
403 5195 469 5251 F.
498 5193 614 5267 τῶν
649 5191 971 5267 Γνωστικῶν
1012 5194 1106 5267 καὶ
1150 5193 1356 5267 πατὴρ.
1426 5193 1471 5223 ³⁸
1592 5210 1778 5267 praem.
1816 5197 2177 5267 Μαρκοσαῖοι,
2218 5197 2326 5253 ἀπὸ
2356 5196 2607 5264 Μάρκου,
2639 5195 2733 5249 τοῦ
2777 5191 3150 5265 συμφοιτητοῦ
3184 5189 3558 5261 Κολορδάσου.

252 5270 321 5320 ⁸⁵⁸
348 5266 416 5325 C.
451 5264 953 5332 Ἐπιτελουμένων.
1031 5262 1076 5294 ³⁸
1108 5262 1306 5331 μᾶλλον
1326 5263 1479 5320 deest
1507 5265 1561 5318 in
1594 5262 1654 5319 (Ξ.

1804 5374 2040 5434 NOTA‘J.

327 5494 455 5563 (19)
498 5490 969 5563 Μυσταγωτίακ.
1017 5490 1089 5546 Ut
1138 5505 1240 5563 pro
1285 5490 1537 5563 ecclesia
1568 5491 1868 5545 thalamum

256 5560 565 5623 baberent,
594 5577 661 5615 ac
685 5560 1003 5631 praestigiis,
1040 5576 1180 5630 quas
1208 5561 1477 5615 describit
1499 5562 1864 5631 Epiphanius,

258 5638 464 5689 haeres.
497 5634 594 5697 ⁸54,
624 5632 1034 5687 Eucharistiam
1059 5646 1216 5685 suam
1240 5632 1607 5695 celebrantes,
1632 5632 1698 5687 ad
1721 5648 1870 5686 scor-

261 5708 542 5761 tationem
602 5707 868 5759 seductas
913 5700 1276 5755 mulierculas
1316 5703 1660 5772 pellicerent.
1699 5702 1870 5758 Addit

260 5788 464 5831 auctor
496 5772 652 5844 apud
675 5772 863 5828 Gretz.
890 5772 961 5827 de
988 5772 1154 5844 libro.
1184 5773 1342 5842 cujus
1369 5772 1635 5829 studiosis
1666 5788 1866 5844 novam

264 5842 664 5901 remissionem
690 5853 1050 5914 peccatorum
1073 5842 1214 5914 falso
1237 5845 1643 5911 promitterent,
1671 5843 1739 5900 de
1760 5860 1869 5914 quo

268 5920 395 5973 item
435 5911 733 5973 Theodor.
767 5915 804 5969 Ι.
844 5930 902 5981 ιι,
930 5930 980 5970 c.
1012 5915 1064 5970 7.
1096 5911 1330 5969 Gesner.

2046 5493 2165 5566 (20)
2205 5492 2737 5562 Ἐπιτελουμένην.
2764 5492 3067 5566 Utcunque
3100 5487 3389 5566 tolerabile
3423 5503 3561 5566 {ve-

1973 5558 2097 5621 rum
2126 5558 2289 5635 longe
2314 5558 2542 5633 praestat
2569 5558 2671 5617 ὲπι
2714 5558 3089 5632 τελουμένοις,
3124 5568 3220 5615 aut
3247 5559 3343 5612 ἐπὶ
3368 5558 3564 5613 τελουη

1979 5635 2545 5772 μέίῒίΐἈνατόλιον.
2573 5705 2690 5759 Imo
2719 5701 3010 5765 Νατάλιον,
3041 5718 3107 5755 ex
3130 5699 3357 5772 Eusebii
3390 5700 3552 5772 Πίσᾳ,

1969 5776 2067 5832 lib.
2101 5770 2155 5839 ν,
2196 5790 2317 5901 οὲι).
2356 5774 2459 5841 28;
2497 5791 2559 5830 ac
2593 5773 2957 5835 Theodorito,
3014 5772 3211 5829 Ilazret.
3249 5770 3420 5840 fabul.
3454 5770 3554 5826 lib.

1970 5864 2029 5913 ιι,
2065 5862 2188 5917 cap.
2260 5886 2274 5901 .
