4146 6444
361 517 428 583 49
1406 538 1503 596 DE
1538 539 2016 604 RECEPTIONE
2055 546 2653 611 H/ERETICDRUM.
3586 564 3655 627 56

363 632 599 702 χομὲνων
647 634 945 691 ἀπάθειαν
969 656 984 671 ο
1024 641 1124 694 καὶ
1180 642 1364 713 μόνοις
1396 646 1609 713 γίνεται
1650 650 1819 718 θεατὴ
1860 653 1980 712 τοῖς

2013 657 2264 712 A-nerint
2309 677 2322 711 :
2364 662 2498 715 solis
2553 662 2828 732 ejusmodi
2886 664 3209 721 hominibus
3261 670 3650 738 aspectabilem

365 728 618 789 τοιούτοις
646 728 999 799 ἀνθρώποις,
1039 736 1327 807 σαρκικῶς
1349 738 1440 790 ὑπ’
1472 740 1656 794 αὐτῶν
1688 743 1968 814 ὁρωμένη.

1522 740 1656 794 ὒτών
1688 743 1968 814 ὁρωμένη.
2073 765 2218 814 esse,
2254 762 2311 807 et
2339 755 2637 809 carnaliter
2660 756 2729 811 ab
2756 757 2865 812 illis
2892 760 3159 829 conspici.

437 826 509 883 ς’.
545 820 827 889 Λέγουσιν
877 826 964 878 ὃτι
1012 830 1169 898 τρεῖς
1223 831 1585 901 ὑποστάσεις,
1621 836 1834 905 Πατρὸς
1879 841 1972 889 καὶ

2145 842 2197 893 6.
2230 842 2311 895 lla
2344 843 2513 897 etiam
2560 846 2865 915 loquuntur
2897 820 3071 904 :Tres
3101 851 3444 922 hypostases,
3476 855 3653 909 Patris

362 910 498 1005 riui
524 916 622 966 καὶ
654 915 821 983 ἁγίου
856 918 1208 989 Πνεύματος,
1233 923 1313 985 εἰς
1350 924 1479 994 μίαν
1509 926 1811 982 ὑπόστασιν
1835 931 1972 982 ἀνα-

2074 942 2130 987 et
2157 934 2285 988 Filii
2304 943 2354 989 et
2387 935 2627 1005 Spiritus
2647 940 2843 1005 sancti,
2868 940 2923 994 in
2951 957 3116 996 unam
3147 945 3505 1000 resolvuntur
3534 963 3654 1000 ntu-

359 1002 586 1097 λύονται
621 1006 721 1059 καὶ
752 1009 1200 1078 μεταϐάλλονται
1223 1031 1238 1046 ·
1269 1016 1510 1083 ἧκαὶῖὄτι
1556 1020 1589 1089 ἡ
1636 1019 1759 1073 θεία
1808 1022 1972 1090 φύσις

2077 1032 2382 1092 tanturque
2427 1002 2792 1097 bypostasim.
2832 1002 2902 1085 Et
2934 1032 3123 1087 divina
3158 1045 3357 1089 natura
3414 1038 3651 1091 vertitur

357 1096 624 1200 ipf-Etim!
656 1101 756 1154 καὶ
806 1104 1218 1174 μεταϐάλλεται
1260 1109 1342 1172 είς
1379 1111 1518 1181 ὅπερ
1561 1112 1629 1165 ἂν
1678 1113 1839 1185 ἐθέλῃ
1874 1120 1971 1168 καὶ

2074 1127 2237 1187 atque
2298 1096 2673 1176 commutatur
2704 1124 2761 1177 in
2817 1124 3109 1193 quodlibet
3162 1128 3401 1182 voluerit
3430 1138 3487 1183 et
3534 1135 3651 1199 pla-

361 1188 645 1257 βούλεται,
691 1193 785 1247 ἵνα
831 1197 1119 1270 συγκραθῇ
1150 1201 1269 1263 ταῖς
1298 1201 1501 1273 ἑαυτῆς
1530 1202 1714 1268 ἀξίαις
1744 1205 1968 1277 ψυχαῖς.

2073 1208 2273 1274 cuerit,
2326 1220 2385 1265 ut
2436 1213 2865 1268 commisceatur
2911 1231 3036 1269 cum
3067 1217 3358 1274 animabus
3404 1221 3519 1289 ipsa
3566 1222 3650 1274 di-

2074 1316 2218 1370 gms.

430 1374 501 1437 ζ’.
541 1377 819 1446 Λέγουσιν
875 1382 961 1434 ὃτι
1000 1382 1227 1455 σπέρμα
1261 1386 1358 1439 καὶ
1389 1384 1563 1455 Λόγος
1596 1386 1855 1443 ἐνέπεσεν
1890 1394 1968 1454 εἰς

2144 1394 2195 1447 7.
2218 1396 2489 1451 Asserunt
2532 1414 2725 1454 semen
2780 1416 2844 1456 ac
2872 1402 3115 1457 Verbum
3145 1404 3406 1459 incidisse
3459 1406 3514 1459 in
3545 1406 3653 1459 Ma-

354 1470 463 1537 τὴν
490 1472 740 1541 Μαρίαν
770 1476 869 1528 καὶ
896 1476 981 1529 ὅτι
1012 1476 1075 1530 τὸ
1101 1477 1266 1549 σῶμα
1286 1479 1316 1531 ὃ
1338 1480 1605 1534 ἀνέλαϐεν
1635 1482 1694 1548 ἐξ
1736 1484 1907 1554 αὐτῆς
1941 1487 1971 1537 ὁ

2076 1485 2213 1540 riam
2245 1503 2259 1541 :
2296 1497 2353 1543 et
2376 1506 2581 1561 corpus
2605 1493 2755 1561 quod
2787 1509 2854 1548 ex
2884 1494 3002 1564 ipsa
3042 1496 3311 1550 Dominus
3331 1500 3648 1567 assumpsit,

360 1560 595 1631 Κύριος,
628 1565 906 1636 δαιμόνων
934 1565 1002 1641 ἦν
1030 1570 1486 1645 πεπληρωμένον,
1512 1575 1605 1627 καὶ
1632 1575 1887 1642 ἐξέϐαλεν
1903 1578 1969 1631 τὰ

2072 1577 2298 1646 plenum
2356 1560 2529 1636 fuisse
2593 1560 2968 1647 daemonibus;
3023 1599 3148 1653 qua:
3210 1584 3482 1639 daemonia
3519 1560 3652 1655 ipse

357 1656 645 1725 δαιμόνια,
684 1662 782 1713 καὶ
810 1661 988 1726 οὓτως
1023 1666 1160 1719 αὐτὸ
1194 1668 1505 1722 ἐνεδύσατο.

1360 1686 1505 1722 σατο.
2072 1669 2320 1738 ejecerit,
2347 1671 2537 1742 sicque
2567 1672 2813 1727 induerit
2838 1674 2997 1730 illud.

428 1757 506 1817 η’.
544 1751 818 1817 Λέγουσιν
850 1756 933 1809 ὅτι
960 1757 1053 1811 τὸν
1075 1759 1364 1831 ἄνθρωπον
1398 1762 1457 1815 ὃν
1481 1761 1745 1817 ἀνέλαϐεν
1776 1764 1842 1817 ἐκ
1869 1764 1970 1829 τῆς

2144 1760 2197 1814 8.
2226 1759 2514 1818 Allirmant
2550 1763 2698 1832 quod
2728 1763 3013 1818 hominem
3045 1782 3211 1835 quem
3253 1766 3323 1821 de
3363 1766 3532 1822 Maria
3572 1784 3651 1821 as-

357 1842 589 1911 Μαρίας
618 1844 649 1895 ὁ
683 1847 914 1917 Κύριος,
951 1851 1085 1904 ποτὲ
1120 1851 1222 1922 μὲν
1266 1854 1431 1906 αὑτὸν
1470 1855 1551 1918 είς
1574 1853 1793 1926 πνεῦμα
1834 1873 1967 1926 μετ-

2073 1850 2613 1919 sumpsitDominus,
2644 1854 2945 1924 aliquando
2972 1855 3030 1909 in
3057 1856 3337 1926 spiritum,
3358 1858 3651 1927 aliquando

358 1934 593 1989 ἔϐαλλεν
617 1939 689 2001 ⁸⁷,
715 1942 851 1994 ποτὲ
877 1942 935 1995 δὲ
975 1945 1058 2007 είς
1092 1944 1273 2016 σῶμα·
1303 1946 1441 2000 διότι
1470 1948 1517 1980 ⁸⁸
1548 1948 1684 2002 αὐτὸ
1709 1948 1771 2002 τὸ
1805 1948 1968 2018 σῶμα

2012 2007 2040 2018 _
2075 1941 2132 1995 in
2164 1957 2365 2012 corpus
2382 1945 2631 2000 mutabat
2673 1963 2685 1998 :
2720 1946 2851 2015 quia
2892 1946 3070 2017 ipsum
3103 1964 3305 2018 corpus
3320 1950 3539 2006 Domini
3563 1951 3649 2005 in-

355 2029 456 2082 τοῦ
490 2031 707 2101 Κυρίου
742 2007 1293 2109 ἀπερίγραπτονῆν,
1327 2039 1582 2110 καθάπερ
1619 2040 1655 2111 ἡ
1699 2040 1821 2095 θεία
1856 2007 1964 2111 (έο-

1751 2040 1821 2094 εία
1856 2044 1964 2111 φύ-
2001 2007 2042 2062 Β
2074 2032 2561 2105 circumscriptum
2597 2050 2739 2105 erat,
2774 2039 2921 2095 sicut
2947 2052 3148 2095 natura
3180 2040 3388 2097 divina.

359 2136 467 2183 σις.

427 2211 499 2265 θ’.
534 2216 814 2282 Λέγουσιν
863 2219 947 2271 ὅτι
995 2222 1137 2291 μετά
1182 2221 1284 2294 τὴν
1330 2222 1428 2277 τοῦ
1460 2223 1716 2295 δαίμονος
1766 2226 1963 2278 τούτου

2144 2214 2199 2269 9.
2225 2214 2341 2271 Hoc
2368 2216 2663 2286 proferunt
2695 2236 2708 2272 :
2734 2220 2865 2275 Post
2892 2220 3162 2278 daemonis
3192 2223 3360 2293 hujus
3408 2224 3652 2278 homini-

356 2305 453 2359 τοῦ
486 2313 937 2381 συνουσιωμὲνου
988 2317 1103 2379 τοῖς
1156 2316 1469 2388 ἀνθρώποις
1492 2361 1507 2385 ,
1539 2318 1628 2373 διὰ
1659 2319 1762 2391 τῆς
1790 2321 1964 2390 χρέμ-

2072 2309 2199 2377 bus,
2222 2317 2282 2364 ut
2308 2309 2382 2364 ita
2410 2310 2614 2376 dicam,
2636 2313 3125 2381 consubstantiati,
3156 2331 3259 2385 per
3281 2314 3442 2387 503
3470 2330 3653 2372 screa-

350 2397 507 2469 ψεὼς
537 2419 601 2455 τε
641 2405 741 2457 καὶ
777 2406 1145 2473 ἀποπτύσεως
1192 2411 1492 2484 γινομένης
1522 2412 1732 2479 δίωξιν,
1780 2413 1966 2467 οὐκέτι

2073 2411 2191 2457 tum
2224 2419 2289 2458 ac
2334 2413 2561 2473 sputum
2608 2404 2812 2461 factam
2855 2408 3260 2478 expulsionem,
3320 2411 3531 2481 jejunio
3556 2420 3653 2463 aut

351 2493 538 2547 δεῖται
576 2498 867 2563 νηστείας,
908 2499 942 2570 ἢ
980 2500 1148 2571 ἄλλης
1184 2504 1429 2574 ψυχικῆς
1458 2505 1493 2577 ἢ
1525 2508 1849 2578 σωματικῆς
1876 2510 1969 2577 ἐγ-

2071 2494 2180 2549 alia
2202 2494 2401 2551 animae
2424 2498 2513 2552 vel
2532 2499 2785 2568 corporis
2804 2499 3145 2557 abstinentia
3170 2517 3281 2556 non
3311 2503 3549 2572 amplius
3569 2503 3652 2557 in-

354 2589 630 2657 κρατείας
660 2592 688 2642 ό
718 2591 1014 2662 ἄνθρωπος
1048 2596 1187 2667 πρὸς
1215 2598 1596 2668 παιδαγωγίαν
1635 2601 1731 2655 τοῦ
1780 2600 1968 2673 σώμα-

2073 2585 2225 2656 diget
2250 2586 2419 2641 homo
2451 2588 2519 2643 ad
2541 2591 2791 2659 corporis
2817 2592 3258 2664 castigationem,
3280 2594 3375 2649 sed
3411 2610 3513 2648 nec
3529 2604 3652 2665 eget

351 2696 471 2743 τος·
503 2682 628 2734 ἀλλ’
658 2684 785 2737 ούδέ
820 2684 1173 2752 διδασκαλίας
1203 2689 1305 2760 τὴν
1341 2690 1522 2762 ψυχὴν
1567 2692 1966 2764 ρυθμιζούσης⁸

2072 2677 2325 2734 doctrina
2346 2680 2591 2734 animum
2616 2681 2922 2749 fet-mante;
2969 2700 3095 2739 cum
3142 2684 3401 2740 videlicet
3440 2694 3498 2741 et
3526 2702 3652 2742 cor-

351 2773 433 2837 ὡς
476 2777 576 2828 καὶ
600 2776 702 2829 τοῦ
729 2777 989 2849 σώματος
1022 2780 1475 2855 ἠλευθερωμένου
1498 2786 1598 2856 τῆς
1636 2787 1747 2839 τῶν
1772 2787 1964 2842 παθῶν

2072 2784 2177 2839 pus
2225 2768 2521 2826 liberatum
2563 2771 2734 2827 fuerit
2794 2773 2862 2829 ab
2908 2774 3211 2828 aﬂ‘eetuum
3246 2774 3558 2846 tyrannide,
3597 2785 3652 2828 et

351 2868 759 2940 ἐπικρατείας,
794 2874 890 2927 καὶ
918 2873 1021 2942 τῆς
1052 2875 1234 2947 ψυχῆς
1262 2878 1470 2949 μηκέτι
1498 2879 1765 2952 δεκτικῆς
1794 2879 1966 2950 οὔσης

2072 2862 2256 2917 anima
2283 2864 2394 2934 jam
2433 2880 2605 2934 capax
2639 2881 2747 2919 non
2780 2866 2855 2921 sit
2912 2867 3308 2923 declinationis
3345 2867 3402 2921 in
3434 2869 3590 2939 pejus
3633 2884 3647 2920 :

344 2960 459 3029 τῆς
486 2962 587 3014 ἐπὶ
610 2962 684 3016 τά
716 2963 897 3035 χείρω
930 2966 1130 3037 ροπῆς⁶
1164 2967 1238 3031 ὡς
1262 2968 1360 3023 καὶ
1387 2969 1492 3039 τῆς
1528 2969 1714 3043 ψυχῆς
1742 2972 1840 3025 καὶ
1868 2971 1969 3026 τοῦ

2076 2967 2337 3027 tanquam
2368 2968 2484 3013 tum
2516 2958 2700 3014 anima
2722 2969 2842 3014 tum
2870 2974 3106 3029 corpore
3130 2960 3190 3014 in
3225 2969 3477 3018 motuum
3527 2975 3650 3014 om-

350 3051 619 3122 σὼματος
649 3057 711 3106 ἐν
750 3054 1001 3127 ἀπαθείᾳ
1029 3056 1217 3112 λοιπδν
1250 3059 1581 3130 γινομένων.

1544 3077 1581 3113 ρ,
2071 3049 2228 3105 nium
2259 3055 2535 3106 vacuitate
2555 3052 2824 3123 deinceps
2839 3053 3181 3109 constitutis.

428 3151 482 3197 ι’.
521 3147 807 3214 Λέγουσιν
826 3149 909 3201 ὅτι
944 3148 1088 3219 μετά
1101 3149 1202 3222 τὴν
1233 3149 1543 3225 λεγομένην
1574 3155 1709 3226 παρ’
1736 3155 1967 3209 ἐκείνων

2144 3143 2233 3198 10.
2267 3142 2418 3198 Istud
2451 3159 2672 3214 quoque
2703 3162 2717 3198 :
2760 3145 2891 3200 Post
2915 3145 3063 3199 illam
3110 3162 3277 3216 quam
3307 3155 3509 3202 vocant
3545 3147 3648 3201 im-

348 3238 671 3305 ἀπάθειαν,
704 3240 900 3296 λοιπὸν
931 3243 1028 3297 καὶ
1063 3243 1133 3297 τὰ
1173 3244 1438 3314 μέλλοντα
1472 3249 1718 3318 προορᾷν
1765 3250 1814 3301 oi
1866 3249 1963 3302 ἄν-

2072 3233 2619 3303 perpessibilitatem,
2637 3234 2840 3289 deinde
2861 3235 2932 3290 ab
2959 3236 3281 3291 hominibus
3308 3235 3495 3290 futura
3514 3251 3653 3305 pra:-

346 3331 574 3402 θρωποι
604 3333 893 3388 δύνανταιο
926 3338 1023 3390 καὶ
1055 3336 1155 3400 τὰς
1182 3338 1454 3409 ἀοράτους
1475 3339 1737 3411 δυνάμεις
1772 3342 1964 3410 αίσθη·

2013 3371 2035 3391 ,
2074 3323 2249 3378 videri
2282 3340 2477 3394 posse;
2535 3323 2877 3381 sensibiliter
2910 3325 3078 3379 etiam
3136 3325 3290 3380 cerni
3341 3324 3650 3379 invisibiles

2013 3405 2036 3430 Α
2109 3418 2120 3428 ι
2162 3425 2173 3430 -
2230 3427 2236 3430 _
2366 3418 2400 3430 Λ
2522 3419 2533 3430 .
2674 3419 2687 3430 .
2832 3418 2864 3430 Δο
2906 3418 2918 3429 υ
2970 3417 2984 3430 ι
3150 3418 3183 3430 ιι
3314 3416 3350 3430 ι.
3483 3416 3495 3428 ο

342 3425 462 3488 τῶς
496 3426 816 3497 καθορῶσι.
846 3428 938 3482 Διδ
957 3431 1053 3483 καὶ
1078 3430 1340 3503 ἐξαπίνης
1369 3433 1673 3503 πηδῶντες,
1703 3435 1966 3504 δαίμονας

2009 3416 2036 3430 "
2068 3418 2326 3473 virtutes.
2361 3418 2633 3485 Quocirca
2673 3418 2921 3474 haeretici
2953 3417 3022 3472 de
3067 3418 3274 3488 quibus
3298 3416 3646 3481 disserimus,

344 3518 725 3589 ὑπερϐαίνειν
746 3522 1145 3590 φαντάζονται,
1169 3527 1262 3578 καὶ
1276 3528 1391 3590 τοῖς
1418 3527 1705 3592 δακτύλοις
1724 3528 1966 3594 τοξεύειν

2068 3509 2370 3579 derepente
2421 3511 2698 3575 saltando,
2741 3511 3020 3566 daamones
3064 3508 3394 3579 supergredi
3460 3508 3651 3578 imagi-

342 3610 479 3674 τοὺς
518 3610 801 3681 δαίμονας
833 3616 1294 3685 σχηματίζονται.

2068 3611 2309 3668 nantur;
2345 3602 2661 3673 digitosque
2687 3608 3030 3673 componunt
3064 3601 3225 3671 quasi
3253 3599 3533 3655 daemones
3557 3616 3648 3656 sa-

2067 3699 2203 3768 gitta
2238 3697 2601 3768 configerent.

422 3796 496 3842 ια’
506 3832 521 3843 .
560 3789 838 3858 Λέγουσιν
860 3790 947 3845 ὅτι
973 3794 1007 3862 ή
1037 3792 1188 3865 ψυχὴ
1220 3793 1316 3847 τοῦ
1345 3794 1472 3866 παρ’
1503 3795 1689 3858 αὐτοῖς
1713 3812 1966 3866 πνευμα-

2142 3791 2229 3845 il.
2254 3791 2455 3846 Dicunt
2494 3791 2733 3845 animam
2764 3788 3007 3844 hominis
3038 3786 3184 3859 apud
3210 3788 3360 3858 ipsos
3390 3786 3649 3857 spiritua-

342 3882 509 3937 τι.κοῦ
544 3882 874 3953 ἀνθρώπου,
922 3886 1062 3953 μετά
1093 3888 1195 3957 τὴν
1235 3886 1540 3957 λεγομένην
1570 3890 1701 3957 παρ’
1736 3889 1964 3942 ἐκείνων

2067 3885 2156 3949 lis,
2192 3892 2319 3953 post
2342 3883 2548 3938 dictam
2585 3883 2782 3938 iisdem
2821 3881 3306 3952 tranquillitatem,
3341 3879 3544 3935 mutari
3590 3880 3646 3933 in

342 3979 660 4041 ἀπάθειαν,
700 3976 1107 4047 μεταϐάλλεται
1147 3979 1227 4042 είς
1250 3978 1351 4049 τὴν
1385 3978 1534 4033 θείαν
1566 3980 1659 4032 καὶ
1686 3981 1967 4051 ἀκήρατον

1495 3996 1534 4033 ιν
1566 3980 1659 4032 καὶ
1686 3981 1967 4051 ἀκήρατον
2067 3978 2313 4033 divinam
2346 3976 2830 4045 immortalemque
2853 3983 3132 4030 naturam.

344 4076 543 4145 φύσιν.

414 4170 512 4239 ιβ’.
554 4168 838 4235 Λέγουσιν
883 4165 984 4237 τὴν
1012 4166 1107 4221 τοῦ
1136 4168 1293 4235 ἁγίου
1328 4167 1581 4236 σώματος
1605 4169 1701 4221 καὶ
1730 4166 1965 4237 αἵματος

2142 4156 2227 4210 12.
2268 4156 2427 4221 Item,
2456 4156 2601 4210 sacri
2622 4155 2877 4226 corporis
2904 4164 2961 4209 et
2988 4154 3274 4226 sanguinis
3302 4154 3507 4210 Christi
3527 4154 3644 4209 veri

340 4261 604 4332 Χριστοῦ
648 4260 748 4313 τοῦ
776 4259 1037 4330 ἀληθινοῦ
1064 4258 1201 4312 Θεοῦ
1231 4259 1390 4329 ἡμῶν
1424 4259 1588 4326 ἁγίαν
1634 4258 1963 4329 μετάληψιν,

2081 4247 2177 4301 Dei
2214 4247 2391 4301 nostri
2424 4254 2675 4301 sanctam
2715 4245 3156 4315 perceptionem,
3187 4245 3326 4299 nihil
3385 4244 3645 4316 adjuvare

342 4353 525 4423 μηδὲν
577 4350 820 4418 ὠφελεῖν
864 4350 899 4421 ἢ
940 4349 1202 4419 βλάπτειν
1256 4350 1382 4411 τοὺς
1430 4348 1599 4413 ἀξίως
1649 4348 1682 4418 ἢ
1726 4348 1964 4415 ἀναξίως

2067 4354 2163 4399 aut
2186 4344 2387 4400 laedere
2437 4359 2537 4399 eos
2592 4343 2688 4414 qui
2722 4343 2886 4413 digne
2930 4341 3017 4396 vel
3065 4340 3290 4411 indigne
3340 4338 3649 4394 communi-

337 4445 565 4497 τούτων
611 4441 1165 4512 μεταλαμϐάνοντας
1198 4440 1294 4493 καὶ
1322 4442 1404 4494 ὃτι
1452 4441 1541 4494 διὰ
1589 4439 1750 4494 τοῦτο
1803 4442 1966 4512 μόνον

2067 4446 2229 4504 cant;
2255 4438 2516 4509 quodque
2549 4437 2622 4491 ob
2652 4436 2709 4491 id
2752 4436 2933 4490 solum
2965 4449 3129 4489 nemo
3186 4448 3431 4502 unquam
3486 4446 3646 4501 sepa-

336 4538 440 4606 τῆς
473 4533 969 4604 ἐκκλησιαπικῆς
1003 4532 1293 4596 κοινωνίας
1334 4532 1597 4586 οὐδέποτε
1641 4532 1762 4586 δέον
1794 4534 1967 4604 χωρί-

2067 4532 2179 4587 rari
2199 4532 2401 4587 debeat
2433 4534 2504 4586 ab
2522 4530 2897 4586 ecclesiastica
2933 4527 3346 4593 communione,
3377 4541 3504 4580 cum
3558 4540 3648 4578 res

337 4631 569 4695 ζεσθαι,
620 4626 930 4697 ἀδιαφόρου
962 4626 1156 4679 τούτου
1194 4625 1584 4696 τυγχάνοντος.
1622 4626 1733 4680 Καὶ
1758 4627 1858 4697 οὐχ
1888 4626 1965 4690 ὡς

2067 4628 2139 4684 sit
2166 4627 2512 4683 indifferens.
2546 4625 2785 4682 Proinde
2840 4623 2931 4680 isti
2987 4639 3053 4678 ea
3085 4638 3197 4676 non
3242 4627 3469 4675 sumunt
3521 4634 3646 4672 cum

338 4719 651 4786 ζωοποιῶν
688 4718 1183 4787 μεταλαμϐάνουσι
1231 4719 1443 4771 τούτων
1477 4719 1615 4787 μετά
1647 4717 1816 4787 φόϐου
1865 4721 1961 4771 καὶ

2009 4712 2041 4766 ἶ)
2067 4724 2268 4777 timore
2295 4736 2361 4775 ac
2388 4718 2687 4783 ﬁde,velut
2716 4716 2957 4782 vivifica,
2983 4724 3318 4785 ettanquam
3334 4709 3498 4784 404
3526 4728 3646 4781 qua:

336 4815 604 4873 πίστεως
638 4812 712 4875 ⁸⁹,
754 4810 833 4873 ὡς
860 4808 998 4863 Θεοῦ
1059 4809 1488 4881 σεσαρκωμὲνου
1537 4809 1709 4863 ὄντων
1756 4827 1814 4864 τε
1868 4811 1966 4863 καὶ

1574 4827 1709 4863 ντων
1756 4827 1814 4864 τε
1868 4811 1966 4863 καὶ
2069 4813 2181 4869 sint
2214 4827 2279 4867 ac
2313 4826 2436 4867 esse
2459 4809 2763 4865 credantur
2786 4807 3062 4863 incarnati
3090 4807 3211 4862 Dei.

338 4904 809 4974 πιστευομένων.

412 5009 507 5070 ιγ’.
545 5000 798 5068 Λέγουσι
834 4998 937 5067 τὴν
970 4996 1082 5050 τῶν
1127 4997 1330 5066 χειρῶν
1373 4996 1640 5068 ἐργασίαν
1668 4997 1746 5061 ὡς
1780 4997 1966 5068 βδελυ-

2139 4990 2226 5045 15.
2262 4988 2599 5045 Eorumdem
2620 5001 2805 5043 sermo
2825 4995 2936 5052 est,
2959 5000 3225 5041 manuum
3241 4983 3642 5054 operationem,

342 5098 446 5165 ράν
509 5090 1002 5162 ἀποστρέφεσθαι.
1071 5091 1180 5143 Καὶ
1248 5090 1655 5159 πνευματικοὺς
1712 5089 1965 5144 ἐντεῦθεν

2068 5093 2131 5139 ut
2154 5083 2357 5139 {tedam
2388 5097 2449 5137 se
2488 5078 2753 5135 aversari.
2777 5078 2959 5149 Atque
2992 5078 3125 5133 hinc
3147 5092 3207 5133 se
3228 5084 3431 5131 vocant
3478 5077 3646 5146 spiri-

338 5190 593 5251 ἐαυτοίδς
645 5183 1058 5251 ὀνομάζουσιν,
1101 5184 1165 5236 οὐ
1220 5182 1500 5253 κρίνοντες
1545 5183 1773 5238 δυνατὸν
1837 5185 1961 5238 οὐδὲ

2068 5177 2268 5243 tuales,
2297 5174 2681 5246 necjudicant
2722 5170 2840 5228 ﬁeri
2890 5187 3054 5243 posse
3086 5180 3183 5226 aut
3231 5183 3449 5239 atquum
3502 5183 3645 5233 esse,

337 5285 585 5340 δίκαιον.
634 5281 808 5351 ἔργου
840 5277 1031 5331 λοιπὸν
1077 5276 1341 5345 αἰσθητοῦ
1372 5278 1500 5341 τοὺς
1539 5279 1820 5342 τοιούτους
1868 5283 1965 5346 ἐφ-

2069 5280 2129 5324 ut
2157 5269 2422 5338 deinceps
2447 5266 2714 5322 sensibile
2744 5280 2886 5335 opus
2912 5264 3187 5334 attingant
3206 5262 3299 5332 qui
3332 5262 3470 5315 tales
3494 5270 3644 5324 sunt,

341 5376 656 5430 ἁπτεσθαν
693 5369 1028 5432 ἀθετοῦντες
1055 5370 1153 5421 καί
1179 5371 1237 5420 ἐν
1264 5368 1440 5439 τούτῳ
1472 5368 1571 5441 τὴν
1598 5368 1708 5423 τῶν
1725 5369 1962 5422 ἀποστό-

2066 5370 2125 5415 et
2170 5361 2227 5414 in
2270 5361 2377 5415 hoc
2416 5358 2585 5415 etiam
2619 5357 2917 5428 repudiant
2960 5356 3340 5426 apostolorum
3386 5352 3644 5408 traditio-

344 5470 451 5521 λων
484 5466 829 5538 παράδοσιν.

579 5466 829 5538 ράδοσιν.
2066 5470 2214 5509 nem.

417 5560 505 5611 ιδ’.
557 5536 837 5623 Λέγουσιν
864 5555 949 5608 ὅτι
984 5552 1128 5623 μετά
1164 5551 1263 5621 τὴν
1301 5550 1608 5622 λεγομένην
1648 5551 1779 5623 παρ’
1812 5551 1959 5603 ἐκεί-

2140 5548 2227 5601 14.
2260 5546 2338 5600 De
2376 5544 2447 5599 iis
2494 5543 2745 5599 referunt
2794 5541 2966 5611 quod,
3021 5546 3147 5610 post
3202 5545 3452 5592 vocatam
3504 5536 3648 5593 inter

346 5670 455 5701 νων
513 5648 841 5709 ἀπάθειαν,
883 5644 1044 5714 ὕπνῳ
1104 5642 1287 5713 πολλῷ
1338 5641 1643 5706 ἐκδιδόντες
1706 5644 1959 5705 ἑαυτοὺς,

2067 5638 2217 5709 ipsos
2248 5638 2549 5691 affectuum
2580 5633 2937 5697 vacuitatem,
2965 5630 3140 5684 multo
3165 5643 3361 5683 somno
3382 5626 3648 5683 dedentes

352 5749 476 5801 :95;
511 5738 644 5790 κατ’
680 5736 980 5790 ἐπίπνοιαν
1016 5732 1115 5786 τοῦ
1150 5733 1505 5802 ἐνεργοῦντος
1553 5732 1741 5794 αὐτοῖς
1793 5748 1961 5802 πονη-

2067 5747 2146 5793 sc,
2165 5727 2378 5785 somnia
2400 5726 2507 5784 sibi
2536 5723 2782 5780 immissa
2798 5737 2898 5792 per
2916 5720 3121 5775 malum
3142 5718 3450 5775 daemonem
3477 5718 3570 5789 qui
3594 5720 3646 5773 in

1676 5886 1915 5941 VARM“.
1958 5885 2369 5943 LECTIONES.

424 6014 467 6041 ’τ
496 6014 592 6067 Al.
646 6013 935 6080 μετέϐαλε.
1015 6011 1063 6041 ⁵⁸
1096 6010 1179 6064 Al.
1221 6010 1313 6064 καὶ
1342 6009 1465 6062 ὅτι..
1524 6009 1565 6039 ⁸⁹
1598 6007 1764 6061 Abest
1793 6022 1822 6060 τι
1853 6006 2033 6061 Turr-
