4146 6478
562 506 624 571 51
1682 516 2059 577 TIMOTHEI
2101 517 2132 574 Ε

2232 515 2573 576 ΕΞΒΥΤΕΙΠ
2613 518 2723 576 CP.
3752 513 3823 577 52

561 628 630 682 iis
659 638 939 691 oneratur,
972 628 1272 698 praedicant
1311 630 1453 685 sicut
1488 631 1839 701 prophetias;
1870 648 2008 703 quas
2039 631 2132 686 do-

2243 629 2339 700 ρού
2368 631 2624 695 δαίμονος
2666 630 2988 701 γινομένους
3036 630 3303 701 ὀνείρους,
3354 631 3429 695 ὼς
3481 634 3817 705 προφητείας

559 729 689 771 cent
709 718 861 772 credi
890 716 1094 771 debere
1118 727 1377 787 tanquam
1407 735 1438 773 a
1486 719 1693 789 Spiritu
1727 731 1921 778 sancto
1967 723 2139 793 inspi-

559 817 708 864 ratas
747 810 992 879 :hasque
1017 808 1347 876 amationes,
1386 822 1606 868 sanctas
1635 822 1834 885 putant
1866 823 1923 868 et
1968 816 2139 869 nomi-

559 912 715 966 nant,
756 901 859 970 ipsi
888 900 1230 972 decipientes
1258 919 1323 959 ac
1351 905 1592 976 decepti.

629 1084 717 1141 15.
741 1084 1081 1155 Praecipiunt
1112 1100 1224 1141 non
1251 1084 1385 1140 dare
1417 1086 1825 1158 eleemosynam
1844 1087 2133 1154 mendicis,

558 1193 663 1233 nec
687 1178 874 1234 viduis
909 1190 1006 1235 aut
1029 1177 1278 1248 pupillis,
1310 1192 1414 1233 nec
1442 1179 1513 1233 iis
1539 1179 1633 1249 qui
1656 1180 1713 1233 in
1745 1181 1914 1235 variis
1939 1179 2137 1235 aerum-

558 1272 648 1328 nis
678 1282 777 1328 aut
798 1288 1096 1343 corporum
1128 1274 1253 1328 labe
1283 1273 1577 1329 constituti
1610 1282 1761 1340 sunt,
1805 1274 1891 1329 vel
1957 1274 2014 1328 in
2058 1275 2138 1329 la-

558 1372 782 1420 tronum
817 1375 915 1421 aut
967 1366 1336 1421 Barbarorum
1397 1366 1779 1432 incursiones,
1820 1367 1905 1422 vel
1944 1367 2138 1438 hujus-

558 1456 709 1512 modi
759 1458 896 1514 alias
957 1459 1300 1515 calamitates
1351 1458 1673 1514 inciderunt
1721 1478 1735 1515 :
1796 1461 1893 1517 sed
1948 1462 2136 1531 potius

558 1551 695 1621 ipsis
729 1552 835 1608 sibi
862 1563 1063 1610 cuncta
1096 1556 1377 1626 praebere;
1418 1554 1684 1624 quoniam
1707 1555 1814 1625 ipsi
1853 1571 1979 1611 vere
2023 1556 2137 1611 sint

556 1659 829 1715 pauperes
853 1646 1073 1716 spiritu.

630 1736 716 1792 16.
756 1737 1116 1795 Arbitrantur
1164 1742 1311 1811 quod
1334 1783 1349 1807 ,
1384 1758 1511 1797 cum
1543 1743 1744 1813 aliquis
1774 1751 1899 1812 post
1932 1742 2134 1797 dictam

559 1830 1051 1900 imperpessionem
1105 1848 1165 1887 se
1196 1833 1367 1887 tradit
1396 1832 1615 1889 deliciis
1662 1849 1727 1889 ac
1778 1832 2018 1898 libidini,
2077 1833 2134 1887 id

557 1929 710 1974 caret
733 1922 893 1993 culpa
917 1931 973 1977 et
1002 1923 1282 1993 periculo;
1330 1923 1479 1994 quod
1506 1924 1554 1978 is
1592 1938 1702 1978 non
1736 1924 1976 1993 amplius
1998 1922 2134 1978 sub-

550 2013 731 2082 jectus
749 2014 821 2068 sit
860 2014 955 2069 ulli
1014 2016 1445 2085 perturbationi,
1481 2016 1579 2071 sed
1606 2015 1885 2071 licentiam
1931 2015 2133 2071 habeat

555 2104 740 2160 vetitis
763 2105 1056 2163 aﬂ‘ectibus
1087 2108 1363 2163 lascivire.

625 2196 786 2270 5.05
840 2198 928 2254 l7.
956 2198 1279 2255 Gloriantur
1305 2201 1448 2256 scire
1487 2215 1548 2256 se
1603 2200 1660 2255 in
1711 2217 1950 2272 quonam
1985 2211 2130 2258 statu

554 2300 903 2346 mortuorum
951 2291 1151 2347 anima;
1180 2292 1495 2348 constituta:
1526 2292 1672 2359 sint;
1734 2302 1791 2348 et
1843 2294 1951 2349 sibi
1996 2294 2133 2365 ipsis

552 2382 743 2439 cordis
802 2385 1121 2456 cognitores
1145 2384 1446 2453 videntur;
1505 2386 1648 2441 adeo
1702 2396 1762 2441 ut
1806 2403 1904 2457 per
1949 2390 2133 2459 conje-

550 2488 739 2532 cturas
789 2476 1185 2548 ingeniumque
1218 2487 1372 2533 certo
1419 2477 1611 2534 norint
1659 2478 1947 2534 hominum
1993 2480 2130 2535 aﬂ'e-

549 2578 695 2624 ctus.

622 2659 708 2714 18.
738 2659 835 2715 Isti
868 2660 1134 2717 mulieres
1162 2673 1498 2733 promovent
1529 2665 1585 2719 in
1617 2680 1731 2719 sua:
1762 2662 1992 2720 haresis
2018 2680 2131 2719 ma-

548 2754 783 2823 gistras;
810 2769 915 2809 nec
931 2755 1112 2811 solum
1138 2756 1276 2811 viris
1310 2756 1661 2828 simpliciter,
1714 2758 1814 2813 sed
1849 2758 2018 2813 etiam
2048 2774 2129 2813 sa-

546 2845 871 2901 cerdotibus
894 2861 990 2902 eas
1018 2861 1253 2918 praesse
1280 2851 1644 2920 permittunt;
1682 2866 1922 2921 cumque
1965 2857 2131 2919 caput

548 2952 710 2992 suum
736 2937 999 2993 mulieres
1026 2938 1259 3005 faciunt,
1285 2957 1421 2997 vero
1451 2941 1617 3013 capiti
1641 2940 1864 2998 Christo
1891 2942 2004 2997 Deo
2026 2957 2129 2995 no-

549 3038 665 3085 stro
691 3028 944 3087 inferunt
973 3030 1236 3087 dedecus.

621 3211 707 3268 19.
734 3212 906 3269 Iidem
941 3213 1268 3284 interrogati
1297 3214 1367 3270 de
1406 3216 1646 3286 propriis
1707 3217 1825 3272 suis
1861 3216 2132 3289 dogmati-

2240 723 2634 795 κηρύττουσιν·
2670 724 2765 777 καὶ
2813 723 3017 787 ταύτας
3059 723 3135 786 ὡς
3172 725 3281 777 ἀπὸ
3311 724 3406 777 τοῦ
3447 726 3605 794 ἁγίου
3648 725 3820 780 Πνεύ-

2241 832 2412 885 ματος
2454 816 2891 887 ὲμπνευσθείσας
2942 816 3258 870 διδάσκουσι
3306 818 3697 872 πιστεύεσθαι·
3731 819 3819 871 ὲν-

2240 907 2607 979 θουσιασμοὺς
2643 909 2871 972 τούτους
2900 909 3095 976 ἁγίους
3132 909 3446 979 νομίζοντες
3485 911 3582 963 καὶ
3621 910 3819 982 ὀνομά-

2238 997 2441 1062 ζοντες·
2471 999 2791 1063 ἀπατῶντες
2826 1000 2921 1053 καὶ
2947 999 3319 1071 ἀπατώμενοι.

2314 1097 2394 1144 ιε’.
2422 1092 2657 1161 Λέγουσι
2691 1093 2766 1164 μὴ
2791 1092 2992 1146 διδόναι
3022 1091 3393 1165 ἐλεημοσύνην
3437 1096 3551 1159 τοῖς
3581 1111 3813 1166 προσαι-

2235 1183 2410 1249 τοῦσι,
2449 1185 2588 1255 μήτε
2626 1186 2735 1256 μὴν
2781 1187 2986 1255 χήραις
3040 1185 3074 1256 ἢ
3109 1185 3394 1254 ὀρφανοῖς,
3434 1188 3575 1258 μήτε
3617 1189 3733 1251 τοῖς
3756 1189 3814 1241 ὲν

2235 1275 2518 1344 διαφόροις
2551 1278 2944 1347 περιστάσεσιν
2972 1277 3004 1347 ἢ
3046 1276 3195 1348 λώϐῃ
3248 1278 3517 1348 σωμάτων
3543 1279 3817 1332 καθεστῶ-

2239 1367 2397 1439 σιν,ἢ
2430 1368 2700 1442 λῃστῶνῆ
2736 1368 3032 1440 βαρϐάρων
3063 1371 3390 1441 ἐπιδρομαῖς
3426 1372 3460 1441 ἦ
3494 1388 3605 1424 τισι
3632 1372 3816 1425 τοιαύ-

2235 1476 2358 1523 ταις
2381 1462 2692 1531 συμφοραῖς
2745 1461 3249 1533 περιπεπτωκόσιν·
3283 1462 3398 1515 ἀλλ’
3428 1462 3611 1526 αὐτοῖς
3640 1463 3816 1517 ἀπαν-

2235 1568 2304 1605 τα
2346 1553 2545 1623 μᾶλλον
2581 1553 2861 1624 παρέχειν·
2898 1554 3034 1608 διότι
3084 1553 3240 1609 αὐτοί
3277 1556 3419 1609 είσιν
3474 1556 3551 1620 ὡς
3600 1555 3814 1626 ἀληθῶς

2234 1644 2286 1696 οἱ
2315 1644 2523 1714 πτωχοὶ
2550 1644 2629 1713 τῷ
2657 1645 2950 1717 πνεύματι.

2307 1733 2403 1800 ις’.
2438 1737 2712 1805 Λέγουσιν
2753 1738 2834 1791 ὅτι
2882 1739 2943 1791 τὸ
2989 1738 3255 1794 ἐκδιδόναι
3282 1739 3405 1794 τινά
3449 1741 3642 1794 ἑαυτὸν
3678 1742 3816 1812 μετά

2234 1826 2335 1899 τὴν
2374 1828 2679 1899 λεγομένην
2713 1829 2988 1884 ἀπάθειαν
3014 1831 3095 1894 είς
3120 1831 3334 1902 τρυφὴν
3364 1832 3458 1885 καὶ
3492 1832 3811 1900 ἀκολασίαν,

2234 1914 2542 1987 ἀνεύθυμόν
2568 1918 2685 1971 ὲστι
2717 1919 2813 1971 καὶ
2855 1919 3157 1973 ἀκίνδυνον·
3185 1920 3258 1983 ὡς
3290 1921 3489 1991 μηκέτι
3520 1923 3817 1994 ὑποκειμέ-

2237 2023 2329 2059 νου
2361 2006 2525 2061 αύτοῦ
2552 2007 2716 2063 πάθει
2744 2009 2873 2062 τινί·
2899 2009 3017 2063 ἀλλ’
3040 2010 3224 2065 ἀδειαν
3256 2012 3420 2065 αὐτοῦ
3458 2012 3673 2083 ἔχοντος
3701 2016 3813 2080 τοῖς

2234 2100 2713 2172 ἀπηγορευμένοις
2740 2102 2972 2157 πάθεσιν
3001 2104 3436 2158 ἀκολασταίνειν.

2310 2191 2396 2257 ιζ’.
2426 2194 2693 2262 Λέγουσιν
2739 2195 2942 2249 εἰδέναι
2980 2198 3036 2249 ἐν
3079 2197 3208 2267 ποίᾳ
3244 2199 3583 2253 καταστάσει
3619 2200 3675 2253 αί
3701 2198 3814 2251 τῶν

2232 2281 2677 2354 τελευτησάντων
2724 2285 2898 2358 ψυχαὶ
2968 2288 3360 2359 καθεστήκασι·
3422 2291 3516 2344 καὶ
3584 2293 3814 2356 ἑαυτοὺς

2235 2378 2674 2449 καρδιογνώστας
2710 2380 3111 2450 φαντάζονται·
3143 2383 3287 2437 ὥστε
3322 2385 3520 2439 εἰδέναι
3566 2386 3813 2456 ἀκριϐῶς

2231 2471 2321 2525 διά
2360 2472 2683 2543 στοχασμῶν
2713 2474 2807 2527 καὶ
2831 2473 2979 2544 ἠθῶν
3017 2474 3117 2539 τάς
3160 2476 3267 2529 τῶν
3293 2476 3596 2548 ἀνθρώπων
3629 2478 3812 2532 διαθέ-

2234 2581 2367 2629 σεις.

2307 2660 2400 2731 ιη’.
2443 2655 2606 2714 Οὗτοι
2657 2663 2923 2729 γυναῖκας
2973 2659 3330 2725 διδασκάλους
3371 2661 3480 2715 τῶν
3526 2662 3816 2733 δογμάτων

2230 2752 2331 2822 τῆς
2361 2753 2498 2819 ἰδίας
2530 2754 2797 2826 αἱρέσεως
2841 2754 3261 2826 προϐάλλονται·
3296 2754 3356 2807 ού
3403 2755 3564 2822 μόνον
3602 2755 3815 2825 ἀνδρῶν

2231 2843 2441 2907 ἁπλῶς,
2489 2844 2625 2899 ἀλλά
2676 2844 2772 2898 καὶ
2815 2845 3007 2917 ἱερέων
3038 2845 3241 2909 ταύτας
3292 2846 3547 2917 ἐξάρχειν
3589 2846 3815 2918 ἐπιτρέ-

2234 2952 2448 2999 ποντες·
2488 2936 2733 3008 κεφαλὴν
2765 2937 2977 2991 ἑαυτῶν
3022 2939 3122 3001 τάς
3162 2942 3431 3007 γυναῖκας
3470 2938 3814 3010 ποιούμενοι.

2233 3028 2328 3080 καὶ
2352 3028 2453 3097 τὴν
2490 3027 2661 3092 ὅντως
2687 3027 2929 3100 κεφαλὴν
2954 3027 3190 3099 Χριστὸν
3224 3029 3314 3082 τὸν
3341 3028 3471 3082 Θεὸν
3499 3028 3658 3100 ἡμῶν
3686 3030 3809 3083 ἀτι-

2236 3119 2524 3189 μάξαντες.

2303 3211 2389 3266 ιϐ’.
2414 3204 2572 3265 Οὗτοι
2602 3211 2949 3285 ἐρωτώμενοι
3004 3212 3133 3283 περὶ
3157 3212 3264 3266 τῶν
3298 3212 3446 3267 ἰδίων
3475 3212 3654 3267 αὐτῶν
3684 3212 3817 3281 δογ-

549 3302 673 3369 bus,
710 3319 773 3359 ea
803 3305 1109 3376 abnegant;
1156 3313 1214 3360 et
1258 3305 1537 3376 intrepide
1582 3307 1953 3377 alacriterque
2000 3324 2129 3363 ana-

2236 3304 2446 3373 μάτων,
2493 3304 2708 3375 ἔξαρνοι
2754 3305 3016 3373 γίνονται·
3051 3305 3144 3360 καὶ⁵
3177 3304 3349 3370 ἀδεῶς
3382 3306 3479 3360 καὶ
3512 3305 3820 3377 προθύμως

550 3396 917 3451 thematizant
947 3404 1185 3453 cunctos
1212 3397 1309 3468 qui
1337 3396 1413 3452 ita
1429 3399 1516 3454 vel
1551 3400 1801 3455 sentiunt
1831 3401 1916 3455 vel
1942 3417 2131 3457 sense-

549 3496 716 3555 runt;
770 3490 1071 3560 jurantque
1118 3490 1329 3562 absque
1380 3491 1603 3557 timore,
1654 3492 1802 3563 quod
1858 3493 2129 3563 ejusmodi

549 3579 810 3651 dogmata
843 3580 1069 3637 oderint
1101 3590 1270 3652 atq-ue
1323 3594 1651 3639 aversentur
1683 3602 1696 3638 :
1732 3585 1892 3655 quasi
1930 3584 2130 3655 nempe

550 3687 731 3742 neque
765 3672 1073 3742 perjurium
1123 3689 1305 3744 neque
1339 3675 1834 3732 anathematismus
1872 3678 1981 3747 jam
2040 3678 2131 3731 lae-

550 3762 684 3817 dere
725 3762 944 3817 valeant
972 3778 1070 3818 eos
1103 3764 1197 3833 qui
1228 3775 1354 3834 post
1388 3766 1797 3823 immunitatem
1828 3768 1896 3822 ab
1918 3768 2133 3822 allecti-

550 3851 678 3916 bus,
714 3850 796 3904 uti
822 3850 1116 3917 allirmant,
1145 3853 1463 3923 spirituales
1512 3856 1643 3911 facti
1666 3865 1833 3922 sunt;
1891 3870 2128 3927 cumque

549 3960 617 3998 ex
660 3943 951 3999 doctorum
1000 3961 1229 4000 suorum
1256 3946 1554 4004 traditione
1604 3949 1770 4004 liceat
1817 3948 1952 4017 ipsis
1983 3950 2130 4019 peje-

550 4052 697 4099 rare,
722 4045 887 4106 atque
915 4037 1383 4094 anathematizare
1414 4056 1494 4095 se.

689 4151 765 4205 De
800 4151 950 4204 sectis
983 4167 1163 4205 eorum
1216 4153 1307 4221 qui
1345 4162 1604 4205 vocantur
1647 4152 1984 4206 llmsitantes.

619 4330 834 4386 Petiisti
879 4346 911 4385 a
941 4331 1126 4396 nobis,
1184 4330 1385 4386 dilecte
1427 4330 1619 4396 frater,
1676 4339 1737 4385 ut
1775 4329 1877 4384 tibi
1935 4328 2128 4401 paucis

549 4423 854 4479 indicarem
880 4424 1179 4480 schismata
1212 4440 1411 4479 eorum
1436 4424 1531 4495 qui
1556 4440 1614 4480 se
1638 4423 1965 4479 Haesitantes
1986 4439 2130 4478 nun-

549 4526 911 4587 cupaverunt,
949 4526 1086 4588 quot
1130 4517 1223 4572 illa
1260 4518 1391 4581 sint,
1447 4532 1680 4588 quaeque
1737 4516 1974 4571 habeant
2028 4531 2129 4570 no-

550 4608 721 4671 mina,
756 4616 812 4662 et
841 4607 1006 4679 406
1037 4607 1320 4677 quodnam
1369 4617 1535 4663 sectae
1583 4606 1985 4663 etsehismatis
2030 4622 2129 4662 eu-

2233 3396 2694 3467 ἀναθεματίζουσι
2719 3398 2929 3461 πάντας
2961 3398 3088 3460 τοὺς
3118 3397 3261 3451 οὕτω
3289 3397 3619 3469 φρονοῦντας
3644 3397 3676 3468 ἢ
3717 3400 3818 3451 καὶ

2233 3489 2632 3559 φρονήσαντας·
2657 3489 2751 3542 καὶ
2785 3488 3076 3560 ὀμνύουσιν
3104 3487 3344 3557 ἀφόϐως,
3377 3487 3452 3551 ὡς
3485 3488 3556 3540 τά
3583 3486 3819 3542 τοιαεια

2230 3580 2478 3651 δόγματα
2528 3581 2749 3652 μισοῦσι
2808 3582 2903 3636 καὶ
2935 3581 3407 3651 ἀποστρέφονται·
3438 3578 3513 3643 ὡς
3545 3582 3683 3651 μήτε
3711 3582 3819 3651 τῆς

2233 3671 2521 3741 ἐπιορκίας
2550 3672 2685 3742 μήτε
2717 3670 2813 3725 τοῦ
2839 3670 3290 3740 ἀναθεματισμού
3330 3671 3591 3741 βλάπτειν
3622 3671 3817 3725 λοιπὸν

2229 3760 2545 3832 δυναμένων
2594 3762 2721 3823 τοὺς
2769 3762 2909 3828 μετά
2953 3761 3051 3830 τὴν
3096 3759 3390 3823 ἀπάθειαν,
3419 3759 3497 3822 ὡς
3528 3759 3683 3813 αὐτοὶ
3714 3759 3813 3812 λέ-

2230 3870 2407 3919 γουσι,
2434 3852 2841 3921 πνευματικοὺς
2886 3850 3249 3919 γενομένους·
3295 3851 3575 3919 ἐπιορκεῖν
3607 3866 3667 3902 τε
3715 3849 3817 3903 καὶ

2229 3943 2655 4013 ἀναθεματίζειν
2683 3943 2911 4006 ἑαυτοὺς
2943 3942 3031 3996 ἐπ’
3053 3943 3237 4006 ἀδείας
3268 3942 3504 4013 ἐχόντων
3535 3944 3714 3997 αὐτῶν
3744 3944 3815 3997 ὲκ

2228 4038 2327 4105 τῆς
2361 4037 2469 4090 τῶν
2496 4035 2836 4090 διδασκάλων
2871 4035 3054 4089 αὐτῶν
3082 4036 3461 4108 παραδόσεως.

2230 4152 2370 4217 Περὶ
2406 4150 2523 4204 τῶν·
2555 4147 3054 4290 σχισμάτωνμὲῶν
3079 4148 3473 4218 καλουμένων
3505 4150 3813 4218 Διακριγο-

2983 4238 3123 4273 νων.

2983 4238 3123 4273 νων.

2302 4338 2551 4409 ᾜτησας
2579 4336 2625 4369 ⁶⁶
2652 4335 2823 4406 ἡμᾶς.
2850 4334 3046 4403 ἀδελφὲ
3107 4334 3359 4406 ἀγαπητὲ
3378 4373 3393 4392 ,
3426 4334 3694 4405 γνωρίσαι
3724 4350 3812 4387 σοι

2226 4428 2317 4482 διά
2344 4425 2593 4499 βραχέων
2622 4429 2691 4479 τὰ
2714 4426 2994 4495 σχίσματα
3033 4423 3144 4477 τῶν
3176 4424 3406 4487 ἑαυτοὺς
3446 4421 3815 4492 Διακρινομέ-

2227 4537 2356 4583 νους
2384 4516 2717 4582 καλούντων,
2756 4517 2900 4570 πόσα
2927 4534 2986 4570 τε
3020 4516 3195 4572 ταῦτα
3218 4518 3500 4586 τυγχάνει,
3536 4516 3635 4569 καὶ
3663 4513 3815 4577 τίνες

2227 4611 2436 4666 τούτων
2473 4611 2530 4665 αἱ
2565 4608 2891 4681 ὀνομασίαι,
2924 4609 3014 4663 καὶ
3048 4609 3101 4661 τί
3134 4607 3197 4662 τὸ
3226 4608 3459 4662 ἑκάστου
3508 4606 3815 4677 σχίσματος

544 4703 745 4771 jusque
771 4671 1089 4772 sit
1120 4699 1315 4770 Operae
1349 4701 1594 4770 pretium
1648 4699 1820 4771 igitur
1859 4700 1993 4755 duxi
2032 4715 2128 4770 pe-

2232 4704 2411 4775 δόγμα
2455 4702 2626 4756 ἐστίν.
2662 4671 3006 4771 ”Δναγκαῖον
3039 4696 3135 4754 οὖν
3167 4699 3469 4771 ἡγησάμην
3503 4671 3814 4759 σπουδαίως

552 4794 801 4848 titionem
844 4801 953 4848 tua:
995 4793 1246 4849 discendi
1281 4792 1496 4862 cupidae
1545 4792 1831 4847 charitatis
1879 4792 2129 4849 studiose

550 4885 801 4957 implere.
842 4887 1023 4956 Atque
1040 4886 1172 4941 hinc
1194 4886 1399 4941 inchoo
1432 4901 1769 4941 sermonem.

622 4978 915 5047 Postquam
963 4988 1151 5033 sancta
1196 4976 1669 5033 Chalcedonensis
1698 4977 1943 5049 synodus
1998 4994 2131 5033 con-

2229 4794 2329 4867 τὴν
2369 4793 2586 4865 αῐτησιν
2614 4795 2714 4865 τῆς
2743 4795 2843 4865 σῆς
2873 4790 3210 4864 φιλομαθοῦς
3247 4790 3469 4862 ἀγάπης
3498 4786 3810 4861 πληρῶσαι,

2229 4888 2534 4960 ἀρχόμενος
2567 4886 2662 4940 τοῦ
2696 4886 2859 4955 λόγου
2887 4884 3161 4941 ἐντεῦθεν.

2303 4981 2417 5049 Τῆς
2446 4982 2608 5051 ἁγίας
2639 4980 2751 5051 (44)
2782 4981 2841 5035 ὲν
2882 4977 3189 5049 Καλχηδόνι
3237 4977 3456 5031 συνόδου
3508 4990 3812 5046 συγκροτη-

1854 5092 2085 5151 VARIE
2123 5095 2525 5153 LECTIONES.

2098 5234 2328 5292 ΝΟΤΛΕ.

621 5162 666 5193 ⁸⁸
689 5162 1020 5234 ᾜτησα.....
1048 5162 1296 5217 ἐντεῦθεν
1319 5162 1519 5217 desunt
1543 5162 1597 5216 in
1624 5162 1683 5218 C.

624 5326 736 5397 (Η)
777 5324 892 5392 Τῆς
917 5326 1113 5396 ἁγίας,
1144 5337 1255 5398 etc.
1290 5325 1489 5381 Totum
1521 5325 1671 5398 hunc
1699 5327 1879 5398 locum
1915 5327 1970 5382 in
2014 5329 2124 5398 epi-

551 5395 738 5452 tomen
800 5395 1091 5453 redactum
1150 5397 1464 5452 inseruerat
1536 5395 1756 5451 Nicetas
1829 5395 2129 5453 Choniaies

552 5466 839 5521 Thesauro
865 5483 988 5531 suo,
1019 5468 1168 5523 libro
1194 5481 1363 5531 nono,
1401 5474 1469 5523 ut.
1489 5466 1748 5536 colligere
1795 5467 1924 5522 licet
1967 5484 2033 5523 ex
2061 5469 2129 5524 iis

551 5551 675 5604 quae
710 5537 905 5592 scribit
934 5538 1134 5593 Petrus
1165 5536 1494 5591 Lambecius
1544 5535 1919 5591 Coinmentar.
1944 5537 2012 5593 de
2041 5538 2130 5591 Bi-

551 5605 751 5660 blioth.
798 5606 935 5661 Caes.
977 5607 1076 5662 lib.
1106 5624 1202 5669 vn,
1233 5622 1338 5660 ms.
1393 5606 1518 5670 125,
1555 5623 1611 5660 n.
1648 5607 1937 5663 8:Nicetaz
1991 5606 2130 5663 Cho-

552 5677 717 5729 uiata:
744 5675 1129 5746 Fragmentum
1165 5677 1493 5741 historicum,
1521 5677 1670 5746 cujus
1698 5677 1880 5731 titulus
1910 5687 1959 5731 et
1981 5679 2130 5746 prin-

553 5746 932 5817 gipiqmgToﬁ
983 5746 1304 5812 Χωνίὰτου,
1349 5747 1419 5817 ἐκ
1469 5747 1867 5817 τοῦίέννάτου
1913 5746 2122 5817 τόμου.

551 5813 744 5886 Χρεῲν
762 5814 819 5869 δὲ
848 5817 1066 5886 είδέναι,
1094 5818 1171 5879 ὡς
1198 5817 1297 5886 τῆς
1328 5816 1490 5886 ἀγίας
1508 5816 1710 5886 ταύτης
1744 5817 1962 5871 συνόδου
1983 5813 2126 5872 ’καθ-

553 5834 744 5884 Λρεων
762 5834 819 5869 οε
848 5834 1066 5881 ειοεναι,
1094 5834 1171 5879 ως
1272 5835 1297 5880 ς
1328 5834 1490 5883 αγιας
1508 5834 1710 5886 ταυτης
1744 5834 1962 5871 συνοοου
1992 5834 2125 5872 καυ-

553 5884 762 5959 αιρέαει
803 5885 1093 5959 Διόσκορον
1139 5834 1519 5959 ύπῗὲαλούσης
1545 5886 1636 5959 τδν
1671 5887 1961 5959 γενόμενον
2007 5889 2125 5939 Ἀν-

551 5954 787 6025 τιοχείας
818 5954 1134 6027 ἐπίσκοπον,
1168 5960 1214 6013 οξ
1245 5957 1433 6013 τούτου
1472 5954 1992 6030 ἀντιλαμϐανόμενοι
2025 5960 2123 6030 τῆς

2230 5329 2525 5399 καθολικῆς
2571 5328 2900 5400 Ἐκκλησίας
2942 5326 3280 5400 ἀπέστησαν,
3317 5328 3408 5381 καὶ
3447 5327 3810 5400 ᾼιακρινομέ-

2230 5417 2354 5462 νους
2382 5396 2672 5467 ὠνόμασαν
2705 5396 2954 5461 ἑαυτούς,
2994 5399 3058 5451 ὲκ
3084 5396 3178 5451 τοῦ
3210 5397 3284 5467 μὴ
3327 5396 3668 5467 συντίθεσθαι
3697 5401 3810 5463 τοῖς

2230 5465 2642 5539 δογματισθεῖσι
2673 5468 2827 5540 παρὰ
2866 5469 2979 5540 τῶν
3008 5470 3065 5520 ὲν
3104 5465 3411 5540 Χαλκηδόνι
3447 5465 3812 5540 συνελθόντων

2233 5536 2516 5609 ῌατέρων,
2585 5540 2679 5593 καὶ
2742 5536 2821 5603 εἰς
2859 5536 3069 5591 δώδεκα
3116 5539 3465 5609 διῃρέθησαν
3497 5536 3766 5609 τμήματα
3793 5556 3808 5569 ·

2233 5604 2309 5662 ὧν
2334 5604 2397 5662 οἷ’
2417 5609 2538 5678 μὲν,
2580 5610 3002 5679 Εὑτυχιανισταὶ
3045 5604 3353 5677 λεγόμενοι,
3403 5605 3667 5679 Εὑτύχιον
3711 5609 3812 5679 καὶ

2235 5675 2525 5748 Διόσκορον
2570 5675 2850 5749 δέχονται·
2886 5678 2934 5732 οἳ
2983 5679 3078 5731 καὶ
3111 5675 3348 5745 λέγουσι,
3374 5686 3481 5731 etc.
3527 5675 3695 5749 Plura
3744 5678 3813 5731 de

2235 5751 2337 5833 hoc
2354 5747 2859 5833 {rq’gmentogaliau
2884 5752 2939 5803 in
2965 5764 3205 5833 prc‘meus
3235 5749 3375 5800 enim
3416 5747 3651 5833 nondum
3682 5748 3811 5833 mihi

2232 5816 2363 5874 satis
2419 5816 2601 5891 liquet.
2650 5816 2973 5889 Quanquam
3019 5818 3089 5891 de
3146 5817 3407 5872 Dioscoro
3464 5816 3809 5891 Ἀντιοχείας

2233 5906 2453 5947 crassus
2471 5884 2643 5946 'error
2661 5884 2765 5957 est,
2802 5884 2966 5961 quem
3000 5889 3139 5969 quis.
3160 5904 3266 5943 non
3304 5884 3656 5943 sustulisset?
