4146 6508
425 441 496 504 53
1466 453 1561 511 DE
1603 453 2077 512 RECEPTIO‘NE
2116 454 2713 515 lirERETlCORUM.
3641 446 3707 512 54

430 558 629 626 θεξσης,
654 557 755 609 καὶ
786 557 1095 630 Διοσκόρου
1139 560 1239 613 τοῦ
1282 560 1695 632 Ἀλεξανδρείας
1725 560 2022 630 γενομένου

2154 572 2351 632 ςνθεοιιι
2392 563 2517 625 fuit,
2550 572 2607 616 et
2657 562 2955 616 Dioscorus
3008 558 3356 615 Alexandria
3414 558 3711 630 episcopus

432 648 752 711 ἐπισκόπου.
793 649 971 721 ψήφῳ
1008 652 1204 724 δικαίᾳ
1240 654 1347 706 ὑπὸ
1388 654 1487 723 τῆς
1518 652 1779 724 ρηθείσης
1811 654 2031 707 συνόδου

2158 662 2287 708 usta.
2307 652 2583 706 sententia
2612 668 2712 721 per
2745 652 2949 706 dictam
2986 650 3253 722 synodum
3281 651 3568 721 depositus
3599 663 3709 717 est,

435 740 895 809 καθαιρεθέντος,
948 744 1002 796 οἱ
1059 744 1259 797 τούτου
1308 744 1837 816 ἀντιλαμϐανόμενοι
1865 784 1881 809 ,
1930 748 2033 798 ἀπε

434 836 674 901 έστησαν
705 836 812 905 τῆς
841 837 1012 903 ἁγίας
1046 840 1352 910 καθολικῆς
1373 841 1463 894 καὶ
1504 839 1874 909 ἀποστολικῆς
1910 839 2035 891 Ἐκ-

431 926 687 994 κλησίας,
724 926 823 979 καὶ
850 926 1153 996 ὠνόμασαν
1177 929 1405 988 ἑαυτοὺς
1434 928 1916 997 Διακρινομένους,
1950 925 2037 978 διὰ

432 1016 495 1068 τὺ
522 1016 917 1085 διακρίνεσθαι
951 1019 1153 1081 αὐτοὺς
1195 1020 1474 1072 κοινωνεῖν
1505 1021 1571 1087 τῇ
1608 1017 1875 1087 καθολικῇ
1917 1017 2038 1070 Ἐκ-

436 1107 642 1177 κλησίᾳ.
679 1108 940 1178 ⁸⁸,χάριν
980 1109 1082 1178 τῆς
1122 1109 1593 1180 μνημονευθείσης
1624 1108 1868 1161 συνόδου.
1899 1108 2041 1161 Ταύ-

434 1216 537 1269 την
576 1197 692 1269 γὰρ
742 1198 820 1261 ὡς
858 1199 1146 1269 όρθόδοξον
1168 1200 1384 1271 δέχεται
1415 1201 1449 1271 η
1481 1200 1764 1270 ἁγιωτάτη
1813 1200 2041 1271 Ἐκκλη-

438 1291 552 1343 σία⁸
584 1292 787 1361 ῶσπερ
815 1287 913 1345 οὖν
941 1293 1041 1345 καὶ
1067 1292 1169 1356 τὰς
1196 1294 1303 1364 πρὸ
1330 1293 1502 1363 αὐτῆς
1534 1292 1698 1360 ἁγίας
1730 1294 1880 1363 τρεῖς
1913 1308 2041 1345 συν-

434 1384 622 1447 όδους·
662 1386 769 1456 τὴν
811 1386 873 1437 έν
907 1386 1120 1457 Νικαίᾳ
1160 1386 1329 1456 φημὶ,
1365 1386 1475 1439 τῶν
1502 1385 1919 1456 τιη⁹Πατέρων,
1945 1383 2043 1438 καὶ

437 1474 547 1543 τὴν
603 1478 663 1527 ἐν
723 1475 1317 1528 Κωνσταντινουπόλει
1360 1474 1473 1528 τῶν
1530 1481 1638 1547 ρν’,
1689 1476 1784 1528 καὶ
1843 1473 1942 1544 τὴν
1982 1473 2043 1527 ὲν

453 1565 677 1635 Ἐφέσῳ
710 1567 822 1619 τῶν
876 1573 945 1630 σ’,
977 1563 1045 1638 ἧς
1094 1568 1363 1638 ἡγεμόνες
1401 1567 1647 1637 ὑπῆρχον
1679 1568 1729 1619 ot
1755 1565 2044 1619 όσιὼτατοι

444 1656 720 1725 ποιμένες
752 1658 1086 1723 Κελεστίνος
1114 1659 1144 1711 ό
1171 1661 1271 1729 τῆς
1313 1658 1624 1728 Ῥωμαίων,
1659 1658 1755 1711 καὶ
1775 1656 2046 1727 Κύριλλος

443 1752 477 1802 ὁ
503 1751 606 1819 τῆς
649 1751 1095 1822 Ἀλεξανδρείας.
1137 1754 1202 1806 Οἱ
1232 1753 1328 1806 οὖν
1358 1752 1643 1822 λεγόμενοι
1684 1749 2044 1818 Διακρινόμε-

447 1861 535 1895 νοι
564 1844 914 1905 ἀποστάντες
943 1845 1042 1913 τῆς
1067 1844 1235 1912 ἁγίας
1264 1844 1358 1897 τοῦ
1402 1842 1541 1897 Θεοῦ
1584 1841 1882 1910 καθολικῆς
1928 1841 2049 1893 Ἐκ-

449 1935 695 2004 κλησίας
720 1976 736 1998 ,
794 1935 1132 2008 διῃρέθησαν
1174 1938 1255 2000 είς
1301 1936 1568 2005 τμήματα
1604 1934 1690 2004 ιβ’,
1720 1926 1796 1987 ὧν
1835 1934 1890 1984 αἱ
1934 1932 2049 1985 ὀνο·

451 2028 658 2097 μασίαι
693 2028 836 2081 εἰσὶν
864 2024 1052 2081 αὗται.
1084 2028 1303 2097 Πρῶτοι
1327 2025 1775 2095 Εὐτυχιανισταί·
1807 2023 2050 2093 δεύτεροι

462 2119 789 2187 Ἀκέφαλοι·
822 2121 1000 2191 τρίτοι
1046 2119 1449 2184 Ἰουλιανισταὶ,
1501 2119 1549 2171 οἱ
1606 2118 1701 2171 καὶ
1743 2116 2048 2170 Γαῖανίταιο

449 2211 712 2279 τέταρτοι
783 2210 1175 2264 Ἰουλιανισταὶ
1224 2209 1447 2279 ἕτεροι,
1500 2210 1671 2279 ἡγουν
1722 2208 2047 2262 Γαῖανίταιβ

453 2304 714 2371 πέμπτοι
750 2303 1081 2373 Σεὸηρίται,
1113 2305 1163 2356 οἱ
1199 2304 1296 2356 καὶ
1355 2302 1650 2371 Ἀγνοϊται·
1693 2300 1845 2354 ἕκτοι
1872 2301 2052 2369 ἕτεροι

454 2397 791 2466 Σεόηρίται,
827 2397 889 2449 οἱ
913 2396 1010 2449 καὶ
1042 2395 1466 2450 Κονδοϐαυδίται
1491 2395 1625 2463 (45)·
1653 2392 1874 2462 ἕϐδομοι
1905 2391 2052 2445 ἄλλοι

452 2487 785 2557 Σεϐηρίται,
821 2488 993 2557 ἡγουν
1026 2486 1395 2550 Θεοδοσιανοὶ,
1431 2487 1482 2539 οἱ
1512 2486 1609 2539 καὶ
1638 2484 2050 2539 Παυλιανισταί·

452 2579 641 2645 δγδοοι
682 2580 837 2634 ἄλλοι
890 2579 1209 2650 Σεὸηρίται,
1265 2581 1433 2651 ἤγουν
1461 2578 1826 2638 Θεοδοσιανοὶ,
1862 2578 1913 2630 οἱ
1960 2577 2055 2631 καὶ

470 2672 792 2739 ’Δγγελίται
832 2672 929 2724 καὶ
964 2671 1317 2742 Δαμιανίται·
1348 2672 1528 2724 ένατοι
1558 2670 1709 2726 ἄλλοι
1734 2670 2051 2740 Σεὸηρίται,

453 2765 631 2835 ἤγουν
676 2764 1062 2824 Θεοδοσιανοὶ,
1094 2766 1142 2817 οί
1181 2765 1276 2818 καὶ
1326 2764 1606 2836 Πετρίται*
1642 2764 1860 2817 δέκατοι
1906 2762 2057 2817 ἄλλοι

454 2856 789 2927 Σεῦηρίται,
821 2857 991 2926 ἤγουν
1027 2856 1389 2921 Θεοδοσιανοὶ,
1424 2857 1474 2909 οι
1500 2856 1597 2909 καὶ
1626 2855 1948 2909 Κονωνίται·
1972 2856 2057 2908 ένο

454 2949 689 3002 δέκατοι
720 2949 878 3001 ἄλλοι
904 2949 1203 3020 Σεὸηρίται
1225 2991 1243 3013 ,
1284 2950 1452 3018 ἤγουν
1491 2948 1852 3008 Θεοδοσιανοὶ,
1886 2950 1933 2999 οἱ
1962 2946 2057 2999 καὶ

453 3041 876 3095 Φιλοπονιακοί·
898 3041 1197 3095 δωδέκατοι
1220 3041 1369 3095 ἄλλοι
1391 3040 1706 3110 Σεϐηρίται,
1732 3040 1902 3109 ἡγουν
1928 3039 2057 3091 Θεο-

453 3132 726 3195 δοσιανοὶ,
761 3134 810 3185 οἱ
842 3133 939 3185 καὶ
970 3131 1245 3186 Νιοὸίται.
1267 3126 1432 3185 Οὗτοι
1462 3132 1663 3194 πάντες
1689 3129 1885 3193 κοινῶς
1916 3132 2056 3183 ἀπο-

458 3229 802 3295 στρέφονται
842 3226 945 3298 τὴν
1001 3226 1174 3295 ἁγίαν
1210 3227 1268 3279 ὲν
1301 3224 1609 3296 Καλχηδόνι
1648 3223 1867 3276 σύνοδον
1892 3263 1908 3289 ,
1960 3222 2057 3274 καὶ
2084 3240 2126 3298 C

454 3317 719 3386 δέχονται
751 3319 835 3380 είς
861 3318 1165 3372 ἐπίσκοπον
1193 3317 1486 3389 Διόσκορον
1513 3316 1607 3369 τὸν
1656 3314 1746 3369 ὑπ’
1784 3315 1955 3385 αὐτῆς
1978 3314 2057 3367 δι-

459 3408 640 3470 καίως
671 3408 1187 3475 ἀναθεματισθέντα
1224 3408 1299 3471 ὡς
1334 3408 1613 3479 ὁμόφρονα
1653 3403 1929 3475 Εὑτυχοῦς
1961 3402 2056 3456 τοῦ

459 3499 774 3564 αέρετικοῦ.
820 3500 967 3552 Ἀλλ’
1023 3500 1075 3553 oi
1132 3500 1232 3570 μὲν
1286 3498 1704 3569 Εὐτυχιανισταὶ
1766 3496 2058 3566 Διόσκορον

458 3591 583 3657 ἅμα
607 3590 706 3644 καὶ
738 3589 993 3659 Εὑτυχέα
1020 3590 1289 3660 δέχονται,
1318 3590 1394 3653 ὡς
1416 3590 1485 3643 τὰ
1509 3587 1878 3658 πεπραγμένα
1903 3589 1961 3639 ὲν
1989 3588 2059 3657 τῇ

457 3682 598 3749 ἁγία]⁵
630 3682 839 3752 συνόδῳ
863 3686 930 3752 τῇ
956 3684 1016 3735 ὲν
1045 3682 1352 3752 Καλχηδόνι
1378 3680 1625 3752 δηλοῦσιν
1646 3680 1711 3712 η·
1738 3681 1788 3733 οἱ
1808 3679 1866 3733 δὲ
1882 3678 2061 3732 λοιποὶ

461 3773 678 3835 πάντες
710 3774 1013 3845 Διόσκορον
1063 3774 1165 3844 μὲν
1195 3773 1464 3843 δέχονται,
1502 3772 1749 3843 Εὐτυχέα
1796 3772 1853 3825 δὲ
1886 3772 1947 3824 οὐ
1972 3770 2060 3824 δέ·

458 3884 681 3935 γονται.
712 3868 839 3919 Τῶν
870 3868 928 3920 δὲ
956 3867 1268 3938 δεχομένων
1309 3866 1601 3936 Διόσκορον
1644 3864 1828 3935 μόνον,
1863 3865 1913 3917 οἱ
1962 3862 2061 3933 μὲν

474 3959 784 4027 Ἀκέφαλοι
815 3960 880 4012 οὐ
916 3959 1166 4029 δέχονταί
1191 3959 1398 4030 Πέτρον
1420 3958 1512 4011 τὸν
1543 3958 1765 4026 Μογγδν
1786 3955 1878 4010 τὸν
1908 3956 2063 4024 γενό-

465 4067 640 4120 μενον
670 4050 777 4118 τῆς
826 4051 1002 4119 αὐτῆς
1040 4050 1253 4113 πόλεως
1308 4047 1722 4118 Ἀλεξανδρείας
1764 4044 2062 4099 ἐπίσκοπον

460 4142 562 4194 ἐπὶ
606 4143 865 4211 Ζήνωνος
906 4140 1004 4194 τοῦ
1046 4140 1331 4210 βασιλέως·
1367 4142 1418 4194 oi
1457 4139 1737 4193 Belomo‘t.
1773 4137 2064 4207 Διόσκορον

461 4234 781 4302 δεχόμενοι,
812 4234 912 4286 σὺν
939 4233 1091 4305 αὐτῷ
1113 4233 1359 4302 δέχονται
1381 4233 1475 4286 καὶ
1505 4232 1596 4286 τὸν
1622 4229 2064 4302 μνημονευθέντα

463 4326 708 4394 Πέτρον.
734 4324 907 4377 Πάλιν
934 4323 1378 4395 τῶψδεχομένων
1405 4324 1610 4394 Πέτρον
1634 4323 1729 4376 καὶ
1754 4323 2062 4393 Διόσκορον,

462 4419 518 4471 o!
555 4417 663 4486 μὲν
706 4416 1115 4481 Ἰουλιανισταὶ,
1151 4418 1320 4488 ἤγουν
1356 4415 1657 4477 Γαῖανίται,
1692 4414 1809 4484 ἅμα
1844 4413 2064 4467 Διοσκό-

465 4529 551 4579 ρῳ
589 4510 691 4562 καὶ
736 4509 935 4579 Πέτρῳ
963 4509 1213 4579 δέχονται
1268 4508 1556 4562 Ἰουλιανόν
1600 4506 1693 4559 τὸν
1746 4506 2067 4577 Ἀλικαρνα-

2134 748 2228 815 qui
2275 746 2327 800 ei
2362 745 2878 815 patrocinabantur,
2928 753 3279 799 recesserunt
3307 760 3337 798 a
3389 752 3579 799 sancta
3621 760 3713 798 ca-

2138 834 2349 889 tholica
2369 843 2425 888 et
2444 834 2750 904 apostolica
2783 834 3050 899 Ecclesia,
3091 834 3351 905 ipsosque
3380 850 3437 890 se
3461 834 3711 889 nomina-

2138 932 2339 977 verunt
2362 923 2709 988 Hasitantes,
2758 939 2826 978 eo
2850 924 2997 993 quod
3052 924 3371 980 hasitarent
3400 927 3712 981 communi-

2139 1030 2267 1069 care
2295 1015 2580 1070 catholica
2610 1015 2902 1082 Ecclesiae,
2942 1025 3170 1087 propter
3201 1030 3562 1074 memoratam
3584 1038 3712 1094 syn-

2140 1107 2330 1161 odum.
2380 1108 2531 1162 Hanc
2564 1108 2771 1177 quippe
2821 1109 2975 1163 velut
3013 1109 3378 1166 orthodoxam
3430 1114 3713 1183 amplecti-

2142 1209 2231 1253 tur
2257 1199 2607 1253 sanctissima
2650 1199 2919 1265 Ecclesia,
2975 1217 3087 1255 non
3130 1218 3290 1258 secus
3315 1219 3380 1258 ac
3426 1211 3539 1259 tres
3576 1207 3713 1262 alias

2141 1300 2359 1347 sanctas
2380 1307 2503 1361 qua
2519 1307 2639 1346 eam
2665 1302 3066 1363 pracesserunt
3096 1312 3109 1348 :
3138 1296 3436 1364 Nicanam,
3465 1298 3711 1369 inquam,

2143 1385 2367 1440 Patrum
2417 1401 2660 1451 cccxvm,
2712 1385 3379 1458 Constantinopolitanam
3429 1392 3716 1462 episcopo-

2146 1490 2269 1529 rum
2304 1491 2388 1539 CL,
2419 1484 2475 1531 et
2497 1476 2829 1545 Ephesinam
2857 1494 2918 1532 cc
2975 1480 3305 1546 antistitum,
3339 1483 3429 1536 cui
3481 1483 3716 1551 prafue-

2146 1577 2277 1622 runt
2308 1569 2641 1624 sanctissimi
2694 1578 2946 1638 pastores
2977 1570 3292 1627 Celestinus
3334 1573 3616 1629 Romanus
3658 1582 3717 1629 et

2144 1657 2382 1729 Cyrillus
2421 1659 2847 1713 Alexandrinus.
2892 1658 2996 1725 Qui
3023 1676 3156 1731 ergo
3205 1672 3473 1718 vocantur
3509 1665 3718 1719 Diacri—

2146 1750 2371 1804 nomeni
2427 1765 2526 1804 seu
2569 1750 2916 1816 Hasitantes,
2955 1761 3245 1823 postquam
3281 1765 3630 1810 secesserunt
3684 1772 3715 1809 a

2150 1849 2337 1894 sancta
2364 1841 2459 1895 Dei
2494 1840 2763 1896 catholica
2794 1842 3060 1909 Ecclesia,
3101 1844 3264 1898 divisi
3293 1854 3423 1899 sunt
3448 1846 3504 1900 in
3540 1854 3718 1901 sectas

2151 1931 2475 1997 duodecim,
2540 1948 2774 2003 quarum
2828 1950 2957 1988 ecce
3000 1935 3244 1991 nomina.
3308 1936 3502 2001 Primi,
3553 1939 3722 2008 Euty-

2151 2022 2481 2087 cbianista;
2532 2023 2783 2089 secundi,
2834 2025 3135 2095 Acephali;
3169 2027 3339 2093 tertii,
3393 2029 3717 2092 Julianista.

2151 2113 2337 2183 quiet
2383 2113 2691 2181 Gaianita;
2728 2117 2935 2185 quarti,
2962 2117 3266 2173 Julianista
3297 2120 3411 2184 alii,
3434 2121 3527 2190 qui
3554 2122 3720 2176 etiam

2151 2204 2458 2271 Gaianita;
2488 2206 2692 2275 quinti,
2730 2206 3015 2273 Severita,
3050 2208 3216 2264 iidem
3245 2210 3519 2281 Agnoita;
3557 2214 3718 2277 sexti,

2152 2296 2247 2351 alii
2304 2295 2586 2361 Severita,
2624 2298 2718 2367 qui
2769 2298 3240 2368 Condobaudita;
3277 2303 3518 2372 septimi,
3553 2303 3720 2359 Seve-

2154 2386 2273 2441 rita
2300 2386 2416 2451 alii,
2443 2402 2542 2441 seu
2592 2387 2985 2455 Theodosiani,
3037 2388 3198 2460 407
3233 2390 3450 2460 ipsique
3504 2392 3724 2447 Paulia-

2153 2478 2346 2543 nista;
2380 2478 2587 2544 octavi,
2625 2479 2719 2533 alii
2752 2479 2956 2534 iterum
2991 2479 3275 2547 Severita,
3334 2484 3422 2537 vel
3467 2483 3724 2537 Theodo-

2155 2568 2319 2632 siani,
2376 2568 2471 2638 qui
2521 2569 2732 2639 pariter
2774 2570 3041 2641 Angelita
3069 2586 3133 2625 ac
3176 2572 3532 2637 Damianita;
3567 2574 3720 2638 noni,

2155 2660 2339 2714 adhuc
2367 2660 2632 2717 Severita
2681 2678 2745 2717 ac
2790 2660 3184 2729 Theodosiani,
3223 2680 3438 2719 necnon
3469 2666 3721 2731 Petrita;

2156 2754 2381 2819 decimi,
2409 2755 2695 2810 Severiani
2722 2773 2964 2828 quoque,
3003 2768 3099 2813 aut
3135 2758 3529 2822 Theodosiani,
3558 2769 3724 2829 atque

2155 2848 2473 2914 Couonita;
2503 2849 2801 2914 undecimi,
2823 2850 3077 2906 similiter
3103 2850 3386 2917 Severita,
3423 2868 3519 2908 seu
3548 2852 3726 2908 Theo-

2157 2942 2396 3006 dosiani,
2419 2941 2663 3011 itemque
2688 2943 3066 3013 Philoponiaci
3090 2962 3103 2998 :
3126 2944 3440 3001 duodecimi
3462 2944 3721 3015 denique,

2157 3034 2251 3087 alii
2281 3033 2562 3099 Severita,
2588 3033 2703 3088 sive
2729 3033 3097 3089 Theodosiani
3117 3075 3131 3098 .
3164 3035 3442 3105 quietiam
3470 3034 3722 3089 Niobita.

2158 3122 2224 3176 Hi
2259 3138 2453 3177 omnes
2494 3140 2604 3177 uno
2652 3139 2925 3180 consensu
2971 3124 3233 3197 rejiciunt
3296 3134 3542 3180 sanctam
3594 3139 3725 3196 syn—

2159 3214 2326 3269 odum
2362 3214 2888 3283 Chalcedonensem,
2916 3231 2979 3271 ac
3006 3215 3062 3270 in
3098 3216 3420 3287 episcopum
3454 3215 3728 3287 recipiunt

2158 3306 2507 3370 Dioscorum,
2555 3307 2651 3377 qui
2697 3307 2766 3361 ab
2789 3323 2853 3363 ea
2879 3308 3028 3377 juste
3077 3308 3416 3363 anathemati
3443 3308 3728 3379 subjectus

2157 3405 2241 3453 est
2272 3398 2343 3452 ob
2373 3413 2561 3467 parem
2605 3414 2730 3453 cum
2762 3398 3009 3470 Eutyche
3062 3397 3322 3453 haretico
3370 3398 3724 3454 sententiam.

2158 3485 2363 3540 Etvero
2422 3487 2855 3557 Eutychianista
2916 3488 3241 3543 Dioscorum
3293 3504 3419 3544 cum
3481 3488 3728 3560 Eutyche

2160 3578 2497 3648 suscipiunt,
2532 3586 2609 3632 ut.
2634 3579 2809 3648 liquet
2830 3594 2898 3634 ex
2922 3581 3074 3635 Actis
3096 3581 3273 3636 sancti
3311 3581 3531 3636 concilii
3562 3580 3728 3636 Chal-

2162 3671 2493 3726 cedonensis
2533 3688 2547 3725 :
2579 3671 2779 3742 reliqui
2810 3681 2996 3728 autem
3019 3688 3213 3729 omnes
3250 3674 3576 3729 Dioscorum
3635 3672 3731 3728 ad-

2162 3764 2413 3829 mittunt,
2439 3764 2743 3836 Eutychem
2765 3781 2876 3821 non
2905 3766 3224 3820 admittunt.
3252 3765 3425 3821 Porro
3450 3782 3516 3822 ex
3548 3767 3617 3821 iis
3635 3766 3729 3836 qui

2162 3856 2344 3910 solum
2376 3856 2696 3911 Dioscorum
2719 3857 3015 3926 recipiunt,
3047 3858 3309 3928 Acephali
3338 3859 3561 3928 quidem
3619 3874 3730 3913 non

2164 3946 2441 4016 recipiunt
2488 3947 2716 4001 Petrum
2765 3946 3043 4017 Mongum,
3099 3948 3196 4018 qui
3256 3949 3507 4019 ejusdem
3576 3948 3733 4002 urbis

2162 4038 2507 4094 Alexandria
2535 4039 2828 4110 episcopus
2844 4039 2949 4093 fuit
2970 4041 3073 4095 sub
3099 4040 3320 4096 Zenone
3354 4041 3687 4111 imperatore
3714 4057 3729 4093 :

2164 4138 2221 4185 at
2250 4130 2451 4200 reliqui
2485 4130 2735 4185 Dioscori
2799 4138 3173 4201 susceptores,
3231 4146 3355 4185 cum
3388 4130 3507 4200 ipso
3561 4130 3736 4184 susci-

2165 4221 2326 4290 piunt
2351 4228 2715 4275 memoratum
2742 4220 2988 4275 Petrum.
3049 4222 3261 4276 Rursus
3314 4222 3462 4276 inter
3488 4235 3584 4275 eos
3636 4220 3730 4289 qui

2165 4313 2391 4368 Petrum
2429 4322 2487 4369 et
2532 4313 2856 4369 Dioscorum
2881 4322 3240 4379 venerantur,
3292 4314 3594 4369 Julianista
3634 4330 3732 4369 seu

2165 4401 2451 4467 Gaianita,
2487 4418 2598 4458 una
2644 4417 2771 4457 cum
2826 4402 3090 4458 Dioscoro
3146 4411 3203 4458 et
3239 4404 3405 4459 Petro
3446 4412 3734 4474 acceptum

2168 4494 2376 4550 habent
2410 4495 2691 4551 Julianum
2715 4493 3084 4551 Halicarnassi
3123 4496 3463 4566 episcopum,
3492 4504 3548 4551 et
3575 4496 3737 4552 Gaia-

466 4598 566 4651 cro-3
597 4600 905 4667 γενόμενον
942 4600 1261 4665 ἐπισκοπον,
1296 4599 1391 4652 καὶ
1425 4598 1655 4651 Γαῖανδν
1689 4598 1781 4650 τὸν
1814 4597 2055 4664 Ἀλεξαν-

2166 4604 2299 4643 num
2324 4588 2670 4644 Alexandria
2700 4607 2713 4643 :
2746 4591 2929 4645 cateri
2954 4590 3118 4646 hosce
3142 4591 3417 4646 Julianum
3436 4591 3734 4646 Gaianum-

461 4689 664 4758 ὀρείας
689 4708 703 4720 ο
746 4690 798 4741 οί
831 4690 888 4742 δὲ
929 4690 1110 4743 λοιποὶ
1149 4692 1374 4753 τούτους
1411 4690 1512 4759 μὲν
1535 4730 1549 4755 ,
1595 4688 1883 4742 Ἰουλιανόν
1918 4705 2062 4757 φημι

468 4785 571 4832 καὶ
604 4780 843 4833 Γαῖανὸν
872 4780 934 4831 οὐ
968 4779 1214 4849 δέχονται
1242 4796 1257 4811 ο
1286 4779 1536 4850 δέχονται
1565 4779 1623 4832 δὲ
1645 4778 1761 4849 ἅμα
1792 4779 2070 4850 Διοσκόρῳ

468 4873 572 4925 καὶ
604 4872 807 4943 Πέτρῳ
838 4872 1079 4942 Σεὸἧρον
1112 4872 1205 4925 τὸν
1232 4873 1529 4943 γενόμενον
1585 4871 1914 4941 Ἀντιοχείας
1947 4870 2068 4923 ὲπί-

473 4981 712 5018 σκοπον.
763 4963 935 5017 Πάλιν
987 4964 1455 5035 τῶνηδεχομένων-
1491 4962 1731 5034 ἣϐἦρον
1782 4962 1921 5032 μετὰ
1976 4964 2069 5014 Δι-

470 5056 717 5127 οσκόρου
756 5055 853 5109 καὶ
880 5055 1113 5127 Πέτρου,
1150 5058 1200 5109 οἱ
1228 5056 1328 5126 μὲν
1359 5054 1634 5124 Ἀγνοῖται
1660 5054 1910 5123 δέχονται
1950 5053 2070 5122 ἅμα

2168 4698 2275 4752 que
2325 4682 2605 4752 rejiciunt,
2635 4681 2800 4753 408
2850 4682 2945 4737 sed
3000 4699 3123 4737 cum
3167 4684 3430 4739 Dioscoro
3464 4693 3520 4739 et
3575 4684 3735 4739 Petro

2167 4772 2466 4827 admittunt
2491 4772 2781 4836 Severum,
2817 4773 2914 4842 qui
2961 4772 3271 4829 Antiochia
3320 4774 3616 4844 episcopus
3644 4790 3739 4829 ex-

2166 4865 2331 4920 stitit.
2359 4864 2563 4918 ltcrum
2587 4880 2781 4919 eorum
2815 4865 2909 4934 qui
2939 4865 3200 4920 Severum
3230 4881 3354 4921 cum
3385 4867 3649 4921 Dioscoro
3674 4881 3738 4920 ac

2166 4957 2333 5011 Petro
2384 4957 2648 5022 retinent,
2683 4957 2930 5027 Agnoita
2960 4959 3199 5030 jungunt
3252 4959 3318 5014 iis
3373 4958 3735 5013 Themistium

2166 5050 2510 5105 Alexandria
2529 5050 2847 5119 diaconum,
2876 5052 3253 5108 Theodosium
3295 5060 3480 5107 autem
3505 5052 3740 5105 Alexan-

1805 5163 2038 5220 VARIAE
2070 5162 2475 5218 LECTIONES.

548 5254 715 5325 “7C.
776 5254 891 5325 Τῆς
957 5256 1121 5323 ἁγίας
1192 5257 1251 5309 ὲν
1301 5258 1491 5325 Χαλκη

1494 5255 1604 5309 δόνι
1663 5255 1879 5308 συνόδου
1949 5252 2430 5324 συγκροτηοείσης.

2496 5254 2590 5327 καλ
2648 5255 3160 5327 Διοσκόρουᾼψήφῳ
3221 5256 3312 5327 ὑπ’
3378 5254 3549 5327 αὐτῆς
3610 5254 3741 5306 καθ-

467 5323 913 5397 αιρεγθέντοςεοί
955 5327 1148 5397 τούτου
1192 5323 1733 5397 ἀντιλαμϐανόμενοι,
1767 5324 2081 5397 ἀπέστησαν
2094 5323 2206 5397 ’τῆς
2237 5324 2407 5397 alia;
2436 5323 2910 5397 Ἐκκλησίαςνκαὶ
2948 5323 3492 5397 ὠνόμασανέαυτοίθς
3520 5327 3741 5394 Διακρι-

468 5396 769 5467 νομένους,
810 5394 897 5447 διὰ
928 5396 999 5467 τδ-
1020 5393 1398 5467 διακρίνεσθαι
1440 5393 1637 5457 αὐτοὺς
1670 5396 2042 5467 κοινῳνεῖνμτῇ
2084 5393 2217 5464 ἁγίᾳ
2263 5393 2591 5467 ξΕκκλησί-ᾳο
2622 5393 2817 5467 οἱκαὶ
2849 5393 3175 5467 διῃρέθησαν
3220 5396 3300 5457 είς
3324 5394 3602 5467 ξμήματα
3646 5393 3736 5467 ιβᾏ

468 5465 681 5527 οὕτως.
719 5464 928 5520 Catera
969 5463 1191 5520 desunt.
1268 5468 1312 5498 ⁶²
1340 5466 1401 5522 C.
1461 5464 1855 5535 Atocxoptavot,
1909 5464 2105 5535 οἵτινες
2155 5463 2292 5535 μετὰ
2340 5464 2778 5535 τὸνῌῐιροτερίου
2808 5463 3079 5519 τοίἵθείου
3110 5466 3286 5535 φόνον,
3321 5464 3587 5535 Τιμοθέου
3644 5463 3739 5515 τοῦ

470 5534 719 5601 ἐπίκλην
777 5535 1040 5605 Αίλούρου
1089 5535 1385 5605 δεξαμένου
1431 5535 1584 5606 τινας
1623 5532 1732 5606 τῶν
1768 5533 2070 5606 ΔΠροίιιερίου
2129 5532 2423 5606 κληρικῶν,
2460 5532 2603 5604 ἆπερ
2634 5532 2793 5597 αὐτὸς
2850 5535 3008 5601 ἦθελε
3045 5534 3378 5606 πράξαντας,
3438 5533 3738 5605 ἀπέσχισαν

470 5605 712 5664 ἑαυτοὺς
740 5606 833 5657 καὶ
860 5602 1040 5659 οὐδενὶ
1074 5602 1446 5671 κοινώνοῦσιν,
1474 5605 1587 5659 ἀλλ’
1610 5604 1730 5659 οὐδὲ
1760 5602 2136 5673 βαπτίζονται,
2169 5602 2245 5665 ὡς
2277 5603 2453 5670 λόγος.

2016 5721 2250 5779 NOTAE.

549 5815 676 5881 (ιῦ)
727 5813 1429 5888 Κονδοσαιιδίταιτᾉρυιί
1466 5815 1837 5885 Nicephorum
1876 5815 2085 5870 Callist.
2127 5814 2224 5869 lib.
2260 5831 2405 5879 xvni,
2450 5830 2566 5885 cap.
2611 5816 2699 5877 ις),
2738 5815 3179 5877 Κοντοόαεδέται.
3235 5817 3423 5888 majori
3459 5816 3749 5885 scriptura.

471 5900 655 5956 quam
690 5885 1168 5955 pronuntiationis
1206 5884 1542 5941 diversitate.
