4146 6496
380 492 439 549 ἶιῗ
1412 507 1511 565 DE
1544 503 2019 566 RECEPTIONE
2057 503 2633 565 HIERETICORUM
2644 555 2655 565 .
3580 504 3649 564 58

384 602 533 672 ἑορτῇ
563 604 679 655 τῶν
699 607 885 674 ἁγίων
907 610 1243 679 Θεοφανίων,
1269 614 1437 685 ἧγουν
1462 614 1660 683 φώτων
1682 615 1749 676 ⁸⁷,
1778 613 1968 683 ἀρύον-

2078 612 2175 666 sed
2222 612 2277 666 in
2312 612 2451 667 festo
2502 624 2819 667 sanctorum
2854 613 3365 683 Theophanioruni,
3418 630 3516 667 seu
3563 616 3649 665 lu-

381 709 467 745 ται
500 694 697 762 ὕδατα,
732 700 834 752 καὶ
862 701 1044 756 ταῦτα
1070 704 1447 773 φυλάττοντες,
1474 708 1531 758 ὲν
1555 707 1742 769 αὐτοῖς
1776 703 1968 774 βαπτί-

2077 703 2314 768 minum,
2352 718 2547 773 aquam
2581 705 2867 770 hauriunt,
2906 722 3068 775 quam
3104 716 3344 769 servant,
3369 714 3428 759 ut
3458 705 3508 757 in
3536 706 3651 774 ipsa

381 783 582 845 ζουσιν.
619 786 763 842 Οὔτε
790 792 849 844 δὲ
888 795 1263 866 προσκομιδὴν
1290 789 1435 850 οὗτοι
1464 796 1509 828 ⁸⁸
1540 797 1786 851 ποιοῦσιν
1812 814 1826 829 ο
1856 796 1972 850 ἀλλ’

375 875 592 943 ἔχοντες
639 885 941 939 κοινωνίαν
975 889 1405 960 πεφυλαγμένην
1434 892 1500 943 ὲκ
1529 890 1638 944 τῶν
1682 890 1975 946 παλαιοτέ-

380 984 490 1037 ρων
519 972 757 1042 χρόνων,
787 978 934 1033 κατὰ
964 981 1159 1053 ἑορτὴν
1183 981 1278 1036 τοῦ
1308 984 1503 1054 Πάσχα
1543 985 1740 1057 μοῖραν
1776 1001 1975 1058 μικρο-

374 1059 550 1130 τάτην
580 1062 643 1128 ἐξ
678 1066 855 1139 αὐτῆς
880 1069 1274 1141 λαμϐάνουσιν.

447 1156 521 1217 γ’·
568 1155 978 1225 Ἰουλιανισταὶ,
1002 1162 1171 1232 ἤγουν
1198 1162 1505 1217 Γαῖανίται·
1540 1164 1741 1228 οἵτινες
1772 1163 1833 1218 τὸ
1863 1163 1974 1219 σῶ-

379 1260 459 1311 μα
507 1245 607 1298 τοῦ
669 1249 954 1303 Δεσπότου
1008 1253 1250 1322 Χριστοῦ
1307 1254 1526 1322 λέγουσι
1576 1255 1798 1309 κτιστὸν
1851 1254 1971 1325 μὲν,

372 1334 667 1408 ἄφθαρτον
697 1338 754 1393 δὲ
796 1342 859 1406 ἐξ
900 1344 1074 1414 αὐτῆς
1108 1346 1209 1412 τῆς
1241 1347 1517 1417 άχράντου
1560 1346 1899 1416 συλλήψεως.

444 1428 510 1483 δ’.
560 1430 791 1503 Ἕτεροι
853 1434 1275 1503 Ἰουλιανισταὶ,
1334 1439 1505 1510 ἦγουν
1562 1438 1879 1491 Γαῖανίταιο
1921 1438 1973 1491 οἱ

368 1520 635 1588 λέγοντες
666 1525 725 1577 τὸ
759 1527 921 1596 σῶμα
968 1528 1062 1581 τοῦ
1094 1529 1334 1601 Χριστοῦ
1378 1530 1440 1583 οὐ
1492 1530 1651 1601 μόνον
1696 1530 1973 1601 ἄφθαρτον

366 1613 433 1677 ιξ
460 1615 637 1684 αὒτῆς
667 1620 771 1686 τῆς
807 1620 1079 1689 ἀχράντου
1114 1622 1431 1692 συλλήψεως
1452 1663 1467 1687 ,
1500 1621 1639 1676 ἀλλὰ
1678 1623 1773 1675 καὶ
1817 1622 1975 1675 ἄκτι-

369 1721 524 1761 στον.
592 1708 883 1781 Ἑκάτεροι
944 1712 1001 1764 δὲ
1070 1714 1450 1767 Ἰουλιανισταὶ
1503 1713 1815 1783 ἐκλήθησαν
1864 1714 1973 1768 ἀπὸ

378 1799 685 1855 Ἰουλιανοῦ
738 1804 838 1857 τοῦ
900 1806 1346 1878 ’Λλικαρνασέως
1397 1808 1818 1878 καταρξαμένου
1875 1808 1970 1862 τοῦ

361 1890 652 1961 δόγματος
676 1895 881 1949 αὐτῶν·
910 1898 1191 1951 Γαῖανίται
1221 1899 1277 1953 δὲ
1302 1900 1408 1953 ἀπὸ
1434 1900 1665 1954 Γαῖανοῦ
1686 1901 1781 1954 τοῦ
1816 1916 1971 1969 γενο-

365 1985 545 2054 μένου
573 1987 758 2041 αὐτῶν
789 1988 952 2043 πάπα
976 1991 1035 2043 ὲν
1070 1991 1469 2066 Ἀλεξανδρείᾳ,
1503 1993 1802 2063 δεξαμένου
1833 1993 1966 2047 Ἰου-

360 2075 559 2129 λιανδν
604 2080 699 2130 καὶ
741 2079 803 2131 τὸ
835 2080 1015 2148 δόγμα
1045 2081 1233 2136 αὐτοῦ.
1264 2082 1374 2145 Οὓς
1415 2085 1465 2136 οἱ
1517 2082 1751 2137 ἐναντίοι
1786 2080 1967 2136 αὐτῶν

360 2170 798 2236 Φαντασιαστάς
845 2176 940 2226 καὶ
975 2176 1318 2246 Μανιχαίους
1361 2175 1645 2230 καλοῦσιν.
1686 2176 1799 2229 Καὶ
1822 2168 1969 2229 οὗτοι

360 2259 422 2312 δὲ
467 2261 602 2322 τοὺς
632 2260 915 2325 ἐναντίους
936 2263 1142 2327 αὐτῶν,
1166 2264 1591 2336 Φθαρτολάτρας
1621 2266 1716 2319 καὶ
1737 2266 1970 2317 Κτιστο-

360 2352 579 2423 λμάτρας
611 2354 972 2424 ὀνομάζουσι.

436 2453 500 2500 ε’.
531 2446 859 2517 Σεσηρίται,
903 2449 955 2501 oi.
998 2451 1094 2503 καὶ
1153 2452 1446 2519 Ἀγνοῖται·
1482 2453 1531 2506 οί
1570 2452 1829 2522 λέγοντες
1872 2455 1967 2509 τὸν

362 2540 472 2609 μὲν
510 2539 652 2593 Θεὸν
683 2540 860 2608 Λόγον
910 2543 1094 2596 πάντα
1124 2542 1432 2611 γινώσκειν,
1465 2545 1562 2616 τὴν
1593 2545 1650 2599 δὲ
1680 2546 1969 2617 ἡνωμένην

358 2631 520 2700 αὐτῷ
554 2632 685 2685 καθ’
714 2632 1024 2686 ὑπόστασιν
1065 2634 1463 2705 ἀνθρωπότητα
1512 2635 1685 2690 πολλὰ
1726 2637 1965 2704 ἀγνοεῖν·

357 2722 570 2785 οῐτινες
626 2723 739 2777 ἀπὸ
788 2724 884 2777 τοῦ
940 2725 1215 2795 δόγματος
1259 2726 1537 2794 Ἀγνοῖται
1566 2725 1967 2799 ὠνομάσθησαν

360 2811 474 2867 ὑπὸ
505 2812 620 2864 τῶν
656 2811 923 2865 ἐναντίων
960 2812 1163 2866 αὐτῶν.

443 2910 522 2969 ς’.
564 2903 794 2973 Ἐτεροι
824 2905 1146 2975 Σεϐηρίται,
1178 2907 1226 2959 οί
1254 2905 1348 2959 καί⁵
1382 2905 1803 2960 Κονδοϐαυδίται
1829 2909 1895 2969 ⁶⁹,
1918 2910 1966 2961 οἱ

359 2994 628 3064 λέγοντες
678 2996 778 3048 ἕνα
826 2995 961 3049 Θεὸν
1012 2990 1153 3049 εἶναι
1208 2996 1286 3066 τῷ
1332 2996 1575 3069 ἀριθμῷ,
1613 2998 1709 3051 καὶ
1741 2998 1864 3068 οὐχὶ
1900 3002 1965 3071 τῇ

360 3087 793 3158 ἀπαραλλάκτῳ
837 3089 1066 3158 ἰσότητι·
1111 3091 1203 3141 τὶν
1242 3089 1405 3142 αὐτὸν
1440 3090 1662 3160 Πατέρα
1696 3092 1791 3144 καὶ
1839 3091 1966 3145 Υίὸν

361 3180 463 3233 καὶ
496 3178 733 3249 Πνεῦμα
780 3178 935 3247 ἅγιον
969 3179 1243 3248 λέγοντες.
1284 3182 1493 3243 Οἴτινες
1544 3181 1966 3235 Κονδοὸαυδίται

2075 796 2377 865 baptizent.
2414 796 2535 851 Non
2583 797 2753 852 etiam
2807 796 3019 852 faciunt
3041 797 3377 852 oblationem
3408 816 3421 851 :
3457 813 3651 852 verum

2073 896 2413 942 reservatam
2469 888 2539 943 ab
2580 888 2993 959 antiquioribus
3050 890 3398 959 temporibus
3442 890 3653 944 habent

2072 978 2552 1044 Communionem,
2579 997 2643 1035 ac
2680 981 2735 1035 in
2776 980 2916 1036 festo
2942 982 3165 1037 Pascha:
3195 980 3480 1035 minimam
3527 996 3653 1050 par-

2076 1073 2298 1127 ticulam
2327 1089 2394 1128 ex
2416 1090 2480 1129 ea
2508 1083 2752 1129 sumunt.

2142 1165 2195 1219 5.
2242 1166 2567 1228 Julianistae,
2605 1182 2703 1221 seu
2764 1166 3064 1233 Gaianitae;
3098 1182 3339 1236 quorum
3395 1165 3651 1221 doctrina

2073 1268 2157 1312 est
2181 1298 2195 1321 ,
2228 1273 2428 1327 corpus
2451 1256 2657 1311 Christi
2679 1258 2897 1312 Domini
2946 1273 3066 1312 esse
3096 1257 3320 1326 quidem
3379 1265 3647 1319 creatum,

2073 1359 2130 1404 at
2156 1350 2577 1419 incorruptibile
2612 1366 2679 1405 ex
2711 1351 2826 1421 ipsa
2864 1350 3213 1404 immaculata
3262 1336 3669 1418 conceptionea

2142 1441 2196 1496 4.
2223 1440 2329 1495 Alii
2378 1442 2704 1505 Julianistaz,
2737 1441 3152 1506 autGaianitw;
3194 1440 3289 1510 qui
3319 1440 3651 1509 proﬁtentur

2074 1549 2276 1603 corpus
2302 1533 2468 1606 410
2494 1534 2698 1589 Christi
2746 1551 2774 1588 a
2808 1542 3090 1588 momento
3118 1533 3397 1603 impolluti
3447 1546 3643 1586 conce-

2073 1630 2199 1691 ptus
2242 1638 2353 1676 non
2382 1624 2559 1677 solum
2595 1623 3014 1693 ineorruptibile
3054 1638 3196 1690 esse,
3232 1638 3427 1677 verum
3479 1620 3649 1675 etiam

2074 1712 2399 1766 increatum.
2432 1713 2662 1783 Utrique
2690 1723 2872 1767 autem
2918 1712 3219 1783 nuncupati
3256 1720 3383 1766 sunt
3415 1708 3650 1765 Juliani-

2074 1812 2192 1868 stte,
2222 1820 2253 1858 τι
2284 1805 2504 1860 Juliano
2535 1805 3025 1869 llalicarnassensi,
3079 1806 3173 1875 qui
3225 1805 3421 1875 dogma
3456 1816 3647 1857 eorum

2075 1895 2439 1966 excogitavit;
2466 1894 2730 1949 Caianitae
2757 1910 2909 1956 vero,
2944 1911 2973 1947 ιι
3005 1894 3233 1958 Gaiano,
3275 1893 3369 1963 qui
3429 1906 3652 1946 eorum-

2074 1989 2199 2044 dem
2233 2004 2371 2058 papa
2422 1989 2765 2044 Alexandriae
2825 1988 3060 2051 exstitit,
3112 1987 3319 2056 quique
3371 1984 3649 2040 Julianum

2070 2083 2302 2152 ejusque
2350 2081 2661 2136 doctrinam
2696 2082 2982 2150 amplexus
3037 2086 3140 2134 est.
3194 2079 3305 2132 Hos
3344 2072 3651 2131 adversarii

2070 2187 2264 2228 eorum
2290 2171 2700 2226 Phantasiastas
2732 2180 2933 2225 vocant
2956 2178 3013 2225 et
3034 2168 3384 2222 Manichams.
3422 2166 3523 2236 Ipsi
3553 2181 3651 2219 ve-

2070 2280 2134 2319 ro
2188 2263 2296 2319 sibi
2347 2264 2706 2318 adversantes
2763 2263 3049 2317 nominant
3100 2261 3540 2316 Phthartolatras
3593 2266 3651 2313 et

2068 2357 2436 2420 Ctistolatras,
2466 2372 2560 2410 seu
2593 2356 3004 2425 Corrupticolas
3023 2362 3079 2409 et
3107 2352 3460 2409 Crealicolas.

2141 2453 2192 2505 Pi.
2268 2449 2562 2513 Severitze,
2645 2449 2738 2518 qui
2808 2457 2864 2502 et
2938 2446 3204 2517 Agnoitaa.
3266 2443 3553 2499 Aﬂirmant
3617 2457 3649 2497 a

2069 2543 2254 2600 Verbo
2315 2541 2538 2611 quidem
2575 2541 2687 2593 Deo
2744 2547 2943 2594 cuncta
2985 2536 3281 2608 cognosci;
3337 2549 3529 2589 verum
3580 2532 3649 2586 ab

2070 2636 2222 2691 unita
2252 2635 2356 2704 ipsi
2381 2633 2687 2688 secundum
2732 2630 3071 2703 hypostasim
3108 2627 3449 2683 humanitate
3495 2626 3651 2696 igno-

2069 2727 2180 2780 rari
2209 2726 2401 2778 multa.
2432 2724 2602 2793 ldque
2640 2723 2711 2777 ob
2743 2723 2942 2792 dogma
2970 2719 3273 2775 adversarii
3324 2734 3515 2773 eorum
3543 2730 3646 2771 no-

2068 2834 2194 2872 men
2224 2817 2581 2887 Agnoitarum
2616 2815 2750 2885 ipsis
2779 2815 3183 2884 imposuerunt.

2140 2911 2193 2965 6.
2233 2910 2339 2964 Alii
2370 2910 2655 2971 Severitm,
2690 2908 3126 2965 Condohaudita:
3162 2906 3335 2970 dicti;
3396 2918 3649 2958 asseren-

2071 3010 2153 3056 tes
2184 3001 2356 3056 Deum
2418 3017 2590 3055 unum
2625 3016 2745 3054 esse
2776 3014 3030 3060 numero,
3085 3012 3196 3051 non
3231 3004 3417 3049 autem
3466 2990 3648 3046 omni-

2070 3093 2229 3147 moda
2248 3094 2559 3162 aequalitate
2581 3110 2595 3157 ;
2617 3092 2873 3147 eumdem
2908 3093 3146 3150 Patrem,
3172 3088 3394 3148 Filium,
3439 3092 3495 3138 et
3524 3082 3649 3151 Spi-

2071 3188 2239 3241 ritum
2297 3194 2546 3240 sancttnn
2599 3185 2865 3239 dicentes.
2919 3183 3002 3237 Ab
3062 3179 3390 3235 adversariis
3444 3190 3647 3230 nomen

360 3272 784 3343 ὠνομάσθησαν
818 3273 927 3326 ὑπὸ
974 3273 1086 3326 τῶν
1126 3274 1389 3327 ἐναντίων
1438 3273 1657 3337 αὐτῶν,
1699 3274 1788 3327 διὰ
1820 3274 1881 3327 τὸ
1908 3277 1966 3328 ὲν

2069 3276 2614 3332 Condobauditarum
2671 3289 2955 3342 accepere,
2997 3271 3124 3340 quia
3165 3264 3646 3334 Constantinopoli

360 3367 479 3427 τοῖς
512 3362 845 3433 λεγομένοις
880 3363 1256 3417 Κονδοσαύδου
1304 3366 1364 3417 ὲν
1394 3365 1963 3419 Κωνσταντινουπόλει

360 3456 513 3525 ἔχειν
542 3457 747 3519 αὐτοὺς
780 3458 1166 3525 συνακτήριον,
1190 3456 1352 3509 κάκεῖ
1384 3456 1713 3524 συνάγεσθαι
1739 3457 1861 3521 τοὺς
1895 3458 1965 3512 τὰ

360 3551 562 3619 πρῶτα
614 3551 678 3601 ὲν
726 3549 917 3612 αὐτοῖς
950 3548 1258 3619 φέροντας·
1290 3544 1437 3603 οὗτοι
1471 3550 1528 3602 δὲ
1578 3552 1625 3603 οἱ
1677 3550 1965 3619 λεγόμενοι

358 3642 827 3702 Κονδοὸαυδίται,
855 3643 951 3694 καὶ
973 3642 1024 3694 οί
1052 3642 1381 3713 καλούμενοι
1424 3643 1715 3710 Ἀγνοῖται,
1747 3643 1964 3713 πρῶτον

361 3733 464 3803 μὲν
506 3731 811 3786 ἐκαλοῦντο
843 3731 1211 3795 Θεοδοσιανοὶ,
1250 3731 1534 3802 δεχόμενοι
1560 3732 1842 3785 Θεοδόσιον
1872 3732 1963 3785 τὸν

356 3828 666 3896 γενόμενον
700 3824 885 3880 αὐτῶν
931 3824 1125 3878 πάπαν
1193 3824 1633 3895 Ἀλεξανδρείας·
1681 3823 1964 3894 ἀναθεμα-

355 3918 632 3988 τίσθησαν
682 3918 740 3970 δὲ
792 3918 928 3988 παρ’
975 3916 1169 3972 αὑτοῦ·
1216 3919 1265 3971 οἱ
1315 3918 1413 3988 μὲν
1452 3917 1724 3985 Ἀγνοῖται
1770 3918 1858 3972 διὰ
1903 3920 1963 3972 τὺ

357 4013 543 4081 δόγμα
581 4013 691 4083 τῆς
720 4012 969 4077 ἀγνοίας·
994 4013 1045 4064 οἱ
1096 4012 1154 4065 δὲ
1184 4013 1640 4078 Κονδοῦαυδίται,
1672 4012 1763 4066 διὰ
1791 4014 1853 4066 τὸ
1888 4013 1963 4085 μὴ

354 4104 621 4169 δέξασθαι
662 4103 868 4166 αὐτοὺς
900 4103 996 4155 τὸν
1032 4104 1161 4173 περὶ
1192 4102 1294 4172 τῆς
1328 4103 1494 4170 ἁγίας
1539 4104 1771 4173 Τριάδος
1801 4103 1962 4172 λόγον

354 4196 578 4249 {tv-512‘
612 4194 791 4249 αὑτοῦ
838 4193 1150 4248 ἐκδοθέντα.
1189 4194 1354 4248 Ὅθεν
1396 4195 1582 4247 οὐκέτι
1622 4195 1964 4250 Θεοδοσιανοὶ

355 4290 657 4343 καλοῦνται
694 4288 803 4342 ὑπὸ
847 4286 960 4340 τῶν
1013 4287 1274 4340 ἐναντίων
1309 4288 1508 4341 αὐτῶνθ
1550 4288 1738 4359 ἐπειδὴ
1782 4289 1843 4341 οὐ
1875 4288 1963 4341 δὲ-

353 4400 547 4452 χονται
569 4423 585 4445 ,
617 4381 699 4444 ὠς
729 4381 988 4450 εἴρηται,
1021 4379 1302 4432 Θεοδόσιον
1332 4394 1345 4408 ⁸
1381 4379 1498 4433 ἀλλ’
1522 4382 1569 4433 οἱ
1620 4380 1719 4448 μὲν
1759 4382 1822 4433 ἐκ
1868 4381 1963 4434 τοῦ

350 4474 640 4543 δόγματος
671 4471 956 4539 Ἀγνοῖται
984 4487 999 4503 ο
1026 4473 1076 4524 οί
1107 4472 1163 4524 δὲ
1187 4472 1251 4524 ἐκ
1280 4470 1371 4524 τοῦ
1402 4472 1565 4524 τόπου
1598 4472 1964 4526 Κονδοδαυδί-

351 4584 462 4620 ται.
505 4564 891 4636 Συμφωνοῦσι
923 4564 981 4618 δὲ
1020 4563 1274 4635 ἀλλήλοις
1312 4564 1566 4635 ἑκάτεροι
1596 4566 1678 4628 εἰς
1708 4565 1799 4618 τὸν
1834 4567 1964 4636 περὶ

353 4659 577 4730 Πατρὸς
600 4659 701 4712 καὶ
726 4656 860 4710 Υἱοῦ
884 4658 982 4710 καὶ
1009 4658 1168 4725 ἁγίου
1198 4656 1516 4727 Πνεύματος
1545 4657 1725 4726 λόγον,
1764 4657 1821 4710 ἓν
1840 4659 1964 4727 δόγ-
1996 4638 2038 4693 θ

356 4769 430 4819 μα
466 4751 703 4821 ἔχοντες
733 4766 748 4778 '
778 4748 1115 4817 διαφωνοῦσι
1144 4749 1203 4801 δὲ
1233 4751 1311 4811 είς
1342 4748 1403 4801 τὸ
1446 4748 1578 4820 περὶ
1610 4748 1712 4818 τῆς
1739 4750 1962 4817 ἀγνοίας

351 4843 559 4912 δόγμα.
593 4842 862 4911 Δέχονται
892 4841 988 4894 καὶ
1004 4840 1243 4910 Σεὸῆρον
1263 4841 1514 4911 ἑκάτεροι
1548 4840 1640 4893 τὸν
1668 4842 1962 4912 γενόμενον

364 4936 717 5005 ’Δντιοχείας
753 4933 1079 4986 ἐπίσκοπον·
1138 4934 1221 4987 διὸ
1261 4934 1357 4988 καὶ
1404 4934 1699 5004 Σεϐηρίται
1745 4937 1962 5004 ὠνομά-

353 5027 597 5096 σθησαν.

421 5122 492 5187 ζ’.
550 5119 753 5173 Ἀλλοι
808 5116 1110 5191 Σεὸηρίται
1171 5119 1222 5171 οἱ
1282 5117 1379 5173 καὶ
1433 5118 1806 5182 Θεοδοσιανοὶ,
1866 5119 1963 5172 xui

2070 3370 2126 3423 in
2188 3370 2311 3423 loco
2372 3367 2733 3422 Condobaudi
2795 3366 3072 3435 appellato
3129 3363 3335 3416 habent
3402 3360 3646 3414 collectae

2066 3463 2260 3524 (edem,
2306 3460 2526 3527 illicque
2559 3466 2965 3528 congregantur
2990 3456 3081 3524 qui
3117 3456 3322 3524 primas
3372 3455 3516 3505 inter
3550 3466 3646 3503 eos

2067 3555 2272 3609 ferunt.
2330 3555 2503 3607 Porro
2564 3551 2654 3604 isti
2703 3548 3137 3604 Condobandita:
3183 3544 3389 3606 vocati,
3446 3551 3501 3597 et
3548 3541 3646 3610 qui

2065 3657 2461 3714 nuncupantur
2486 3644 2755 3713 Agnoitae,
2778 3642 2956 3711 primo
2988 3640 3427 3708 indigitahantur
3460 3635 3614 3690 Theo
3638 3667 3644 3672 ε

2065 3740 2301 3804 dosiani,
2366 3747 2425 3791 nt
2487 3737 2581 3805 qui
2634 3742 3005 3803 sequerentur
3060 3732 3218 3804 411
3270 3729 3644 3784 Theodosium

2064 3831 2409 3887 Alexandriae
2442 3844 2639 3899 papam
2670 3830 2913 3897 ipsorum
2945 3845 2957 3880 :
2987 3825 3081 3881 sed
3108 3832 3299 3895 postea
3326 3823 3394 3877 ab
3416 3837 3482 3876 eo
3517 3837 3649 3875 ana-

2065 3926 2307 3980 themate
2336 3923 2585 3993 percussi
2615 3931 2776 3986 sunt;
2824 3919 3073 3989 Agnoitaa
3126 3918 3370 3987 quidem.
3419 3923 3648 3985 propter

2064 4019 2261 4089 dogma
2303 4016 2371 4070 de
2414 4014 2759 4085 ignorantia;
2792 4010 3229 4067 Condobaudita:
3285 4024 3439 4072 vero,
3499 4005 3646 4074 quod

2064 4124 2175 4162 non
2204 4106 2560 4162 admitterent
2588 4103 2897 4159 doctrinam
2932 4102 2999 4155 ab
3037 4101 3157 4170 ipso
3191 4100 3397 4155 editam
3427 4096 3495 4150 de
3518 4110 3615 4149 san

2066 4211 2149 4255 cta
2186 4197 2475 4253 Trinitate.
2506 4194 2647 4249 Hinc
2674 4210 2786 4248 non
2837 4192 3074 4262 amplius
3130 4187 3501 4244 Theodosiani
3546 4201 3647 4239 vo-

2065 4301 2263 4347 cantur
2305 4292 2373 4345 ab
2403 4287 2739 4344 adversariis
2772 4287 2924 4351 suis;
2959 4282 3436 4355 quandoquidem,
3472 4287 3533 4334 ut
3559 4278 3647 4332 di-

2065 4394 2214 4441 ctum
2258 4391 2361 4445 est,
2398 4396 2510 4435 non
2558 4379 2835 4449 recipiunt
2865 4377 3275 4439 Theodosium;
3318 4372 3414 4427 sed
3457 4370 3645 4440 primi,

2065 4494 2131 4533 ex
2161 4477 2434 4547 dogmate,
2457 4472 2739 4543 Agnoitm;
2769 4470 3129 4541 posteriores,
3157 4482 3225 4521 ex
3260 4467 3405 4529 loco,
3448 4462 3649 4516 dicun—

2068 4584 2157 4629 tur
2184 4570 2636 4629 Condobauditze.
2683 4568 2917 4636 Utrique
2975 4577 3160 4620 autem
3209 4561 3550 4617 concordant
3590 4558 3647 4611 in

2068 4679 2321 4719 sermone
2356 4663 2424 4717 de
2460 4662 2643 4723 Patre,
2680 4659 2843 4723 Filio,
2878 4666 2937 4713 et
2979 4657 3185 4727 Spiritu
3225 4663 3438 4718 sancto,
3494 4665 3647 4705 eam-

2069 4756 2193 4812 dem
2229 4752 2536 4809 doctrinam
2584 4759 2881 4815 tenentes;
2947 4747 3285 4803 dissentiunt
3310 4760 3442 4799 vero
3499 4742 3648 4797 circa

2067 4848 2263 4919 dogma
2285 4845 2352 4900 de
2377 4842 2708 4915 ignorantia.
2744 4841 2814 4896 At
2860 4840 3131 4896 Severum
3179 4835 3488 4893 Antiochiae
3527 4833 3649 4903 epi-

2068 4955 2296 5009 scopum
2328 4936 2552 5006 utrique
2580 4934 2894 5004 suscipiunt
2928 4931 3116 4987 :unde
3162 4930 3330 4986 etiam
3388 4926 3650 4983 Severitae

2070 5027 2339 5084 nominati
2379 5026 2627 5079 fuerunt.

2143 5120 2195 5173 7.
2220 5116 2328 5171 Alii
2372 5114 2656 5181 Severitze,
2684 5112 2854 5168 iidem
2894 5110 3294 5177 Theodosiani,
3331 5119 3387 5165 et
3434 5104 3650 5161 Paulia-

1682 5252 1917 5307 VARIJE
1959 5251 2365 5307 LECTIONES.

422 5379 468 5410 "
494 5378 681 5440 ἤγουν

716 5369 915 5438 φώτων
941 5367 1143 5424 desunt
1176 5364 1325 5438 inC.
1402 5367 1448 5398 ⁸⁸
1471 5360 1617 5419 οὗτοι
1637 5365 1794 5438 deest
1824 5366 1878 5438 in
2034 5364 2095 5438 _‘_°
2121 5363 2183 5418 C.
2214 5362 2652 5438 liovﬁqﬁauSitat,
2687 5362 2738 5438 οἱ
2779 5361 3027 5438 λέγοντες
3054 5359 3150 5438 ἕνα
3187 5347 3538 5438 ρεὲνηείναι
3569 5351 3646 5419 τῷ

350 5421 746 5516 detegit:th
767 5421 1423 5516 obxtrﬁvdnapgndftqi
1461 5438 1685 5516 ἰσότητι.
1751 5435 2190 5516 Κονδοιόαυδίται,
2218 5434 2293 5516 δὲ.
2323 5433 2593 5516 λέγονταιλ
2626 5421 2712 5485 διὰ
2753 5433 2810 5484 τὸ
2841 5421 2896 5482 ἓν
2939 5421 3050 5493 τοῖς
3081 5423 3446 5481 Κονδοὸαύδου
3488 5421 3643 5489 λεγο-

350 5502 636 5588 μίὲνοὶέὲζν
676 5502 1257 5566 Κωνσταντινουπόλει
1298 5502 1443 5577 ἔχειν
1472 5502 1670 5570 αὐτοὺς
1700 5507 2081 5576 συνακτήριον,
2132 5505 2293 5558 κάκεῖ
2330 5502 2679 5571 συνάγεσθαι.

1899 5642 2134 5699 NOTAE.

348 5752 640 5812 xta-vinum,
688 5754 930 5815 negatur
958 5742 1244 5815 baptizare
1300 5740 1624 5815 Acephalos,
1667 5738 1744 5815 uti
1792 5737 1960 5815 etiam

352 5807 803 5876 ltioscorianosvz
831 5813 1011 5884 Neque
1032 5807 1465 5884 baptiznnturjtt
1502 5808 1658 5884 vulgo
1689 5807 1958 5884 Aceplmli.

354 5898 436 5944 sic
474 5890 683 5947 edita:
726 5885 826 5940 sed
870 5880 1162 5955 scripserit
1218 5883 1309 5955 ille
1345 5880 1565 5949 :Neqne
1596 5881 1959 5955 baptizantur,

356 5976 404 6015 at
438 5962 604 6031 uulgo
644 5949 1166 6027 (Acaphali),'quod
1220 5953 1398 6022 ipsum
1453 5961 1533 6007 est
1572 5949 1716 6021 quod
1768 5965 1960 6018 reprac-

2068 5741 2347 5788 sentamus
2376 5747 2444 5786 ex
2497 5728 2842 5784 Meursianis.
2872 5726 2929 5779 In
2957 5722 3079 5778 aliis
3110 5720 3282 5776 multa
3314 5726 3443 5774 sunt
3469 5716 3650 5788 diver-

2070 5786 2149 5867 sa,
2186 5812 2247 5856 ut
2276 5817 2414 5871 opus
2438 5800 2612 5871 aliud
2642 5793 3089 5871 praeferant,_-_vel
3139 5798 3288 5871 certe
3324 5787 3527 5871 multis
3559 5786 3649 5840 di-

2071 5863 2285 5927 versam
2314 5863 2731 5927 irditionemfac
2762 5864 3041 5920 nonnullis
3058 5863 3383 5927 auctiorem,
3417 5863 3648 5928 quibus-

2074 5945 2197 5998 dam
2232 5942 2666 5997 dimitnttiorcm.
2707 5940 2938 5994 Cousur.
