4146 6506
557 431 623 497 59
1677 436 2052 496 TIMOTIIEI
2095 438 2577 498 PRESBYTERL
2611 439 2721 497 ΕΡ.
3748 435 3816 497 60

559 548 744 612 ηἰειως
777 549 831 600 hi
866 563 1028 618 supra
1057 547 1234 601 dictos
1268 545 1533 600 Severum
1558 554 1613 600 et
1634 546 2009 601 Theodosium
2049 546 2144 601 ad-

2251 546 2636 600 Παυλιανισταί
2663 546 2730 578 ’θ’
2756 544 2807 597 oi
2832 541 3113 614 δεχόμενοι
3143 543 3382 613 Σεὸῆρον
3412 545 3507 597 καὶ
3540 544 3820 601 Θεοδόσιον

558 640 808 699 mittunt.
840 648 1001 709 atque
1031 654 1156 692 eum
1177 639 1244 693 iis
1266 639 1493 693 Paulum
1536 640 1686 709 quia
1719 640 2009 710 nigredine
2044 656 2137 695 co-

557 732 910 797 gnominatus
935 739 1036 785 est.
1065 730 1125 783 In
1154 729 1409 784 doctrina
1441 730 1508 785 de
1532 732 1715 794 Patre,
1741 731 1902 796 Filio,
1930 739 1985 785 et
2008 730 2137 801 Spi-

557 825 667 877 ritu
717 832 907 877 sancto
967 824 1327 877 consentiunt
1365 839 1491 877 cum
1540 823 2012 891 Condobauditis;
2069 826 2137 879 ab

557 915 693 983 ipsis
742 930 875 968 vero
924 914 1285 979 dissentiunt,
1341 916 1399 969 in
1438 931 1504 970 eo
1567 916 1715 985 quod
1771 916 2042 985 recipiant
2078 926 2139 971 ut

554 1007 845 1075 episcopos
871 1005 1245 1059 Theodosium
1288 1015 1344 1061 et
1371 1006 1625 1071 Paulum,
1662 1022 1789 1061 cum
1836 1015 2138 1077 utrumque

555 1098 811 1169 rejiciant
838 1097 1295 1154 Condobauditae.

518 1305 525 1311 ·
627 1275 680 1330 8.
709 1277 814 1331 Alii
847 1276 1137 1342 Severitae,
1156 1294 1374 1334 necnon
1419 1278 1815 1343 Theodosiani,
1852 1278 2138 1349 Angelitaa,

556 1368 920 1435 Damianitze;
964 1370 1059 1439 qui
1088 1370 1367 1440 recipiunt
1396 1379 1733 1424 memoratos
1781 1369 2046 1425 Severum
2079 1387 2142 1425 ac

557 1456 973 1522 Theodosium,
1020 1474 1240 1528 unaque
1308 1460 1631 1514 Damianum
1683 1478 1696 1513 :
1742 1460 1946 1530 quique
1986 1460 2143 1513 aiunt

557 1551 750 1615 alium,
795 1551 1015 1620 quidem
1044 1551 1207 1623 412
1245 1568 1365 1606 esse
1412 1552 1650 1617 Patrem,
1687 1554 1855 1606 alium
1919 1552 2139 1617 Filium,

559 1643 729 1696 alium
756 1643 1103 1697 Paracletum
1137 1644 1406 1713 Spiritum
1439 1652 1722 1709 sanctum;
1757 1661 1868 1698 non
1898 1660 2019 1699 esse
2048 1660 2145 1698 au-

562 1743 672 1787 tem
739 1733 940 1788 horum
979 1750 1255 1803 quemque
1310 1752 1409 1805 per
1432 1752 1488 1789 se
1538 1737 1712 1791 Deum
1767 1745 1988 1801 natura,
2047 1736 2142 1791 sed

561 1841 911 1879 communem
948 1827 1153 1881 habere
1207 1828 1399 1891 Deum,
1436 1828 1551 1881 sive
1578 1827 1931 1882 divinitatem
1986 1829 2143 1883 inex-

2236 639 2367 700 τοὺς
2398 636 2743 708 εἰρημένους,
2771 635 2865 688 καὶ
2892 634 2997 686 σὺν
3023 636 3208 697 αὐτοῖς
3230 633 3446 687 Παῦλον
3471 636 3564 689 τὸν
3590 637 3835 709 ἐπίκλην

2236 729 2331 782 τοῦ
2370 729 2618 783 Μελανοῦ
2654 729 2722 780 τί.
2756 727 2965 789 Οἴτινες
2992 728 3048 779 ἐν
3083 727 3183 795 μὲν
3211 726 3288 796 τῷ
3326 728 3455 795 περὶ
3482 727 3693 799 Πατρὸς
3722 730 3819 783 καὶ

2238 818 2369 873 Υίοῦ
2399 820 2495 872 καὶ
2526 819 2681 887 ἁγίου
2710 817 2850 871 Πνεύ
2862 835 3028 887 ματος
3054 817 3283 886 δόγματι
3309 817 3659 887 συμφωνοῦσι
3705 822 3819 883 τοῖς

2239 910 2715 975 Κονδοόαυδίταις,
2749 908 3086 978 διαφωνοῦσι
3115 909 3173 962 δέ
3217 909 3352 978 πρὸς
3383 910 3628 973 ἐκείνους
3653 912 3710 963 ἐν
3742 912 3813 983 τῷ

2240 1003 2435 1065 αὖτοὺς
2474 1001 2571 1070 μὲν
2602 1002 2859 1071 δέχεσθαι
2888 999 3165 1053 Θεοδόσιον
3205 1000 3300 1052 καὶ
3334 999 3548 1053 Παῦλον
3582 1002 3659 1064 εἰς
3699 1003 3811 1056 ἐπιν

2243 1094 2499 1157 σκόπους⁸
2518 1094 2645 1157 τοὺς
2667 1094 2723 1146 δὲ
2744 1092 3174 1155 Κονδοὸαυδίτας
3217 1094 3562 1163 ἀμφοτέρους
3584 1095 3823 1150 ἀποϐάλ-

2242 1183 2457 1237 λεσθαι.

2312 1287 2383 1349 η’.
2422 1279 2607 1331 Ἀλλοι
2634 1278 2950 1350 Σεὸηρίται,
2985 1279 3037 1331 oi
3064 1278 3158 1330 καὶ
3182 1277 3543 1342 Θεοδοσιανοὶ,
3570 1280 3664 1332 καὶ
3701 1281 3824 1345 Ἀγ-

2242 1374 2459 1441 γελίται
2478 1374 2549 1437 ⁷²,
2578 1372 2674 1425 καὶ⁵
2706 1372 3051 1441 Δαμιανίται·
3078 1372 3126 1423 οἱ
3145 1370 3427 1440 δεχόμενοι
3456 1371 3696 1441 Σεόἧρον
3726 1373 3822 1425 καὶ

2244 1465 2524 1518 Θεοδόσιον
2554 1465 2679 1528 τοὺς
2717 1463 3211 1535 μνημονευθέντας,
3258 1462 3353 1515 καὶ
3393 1465 3665 1533 Δαμιανὸν
3725 1466 3824 1518 σὺν

2244 1556 2446 1619 αὐτοῖς·
2474 1556 2671 1619 οἵτινες
2701 1554 2951 1621 λέγουσιν
2973 1553 3135 1607 ἄλλον
3168 1556 3265 1624 μὲν
3295 1549 3435 1608 εἶναι
3457 1556 3548 1608 τὸν
3582 1556 3821 1627 Πατέρα,

2245 1648 2340 1701 καὶ
2390 1647 2550 1700 ἄλλον
2589 1647 2679 1700 τὸν
2706 1646 2856 1711 Υίὸν,
2907 1646 3003 1700 καὶ
3058 1646 3216 1699 ἄλλον
3242 1646 3336 1699 τὸν
3372 1648 3730 1717 Παράκλητον
3763 1649 3827 1701 τὸ

2246 1737 2471 1809 Πνεῦμα
2494 1739 2555 1791 τὸ
2582 1739 2765 1807 ἅγιον·
2818 1740 2893 1809 μὴ
2942 1735 3082 1792 εἶναι
3114 1740 3170 1791 δὲ
3200 1740 3405 1793 τούτων
3433 1742 3665 1793 ἕκαστον
3701 1742 3826 1794 καθ’

2249 1831 2441 1884 ἑαυτὸν
2498 1831 2630 1883 Θεὸν
2688 1830 2867 1899 φύσει,
2900 1830 3014 1883 ἀλλ’
3052 1831 3194 1900 ἔχειν
3251 1832 3428 1885 κοινὸν
3450 1832 3603 1895 Θεὸν,
3658 1834 3827 1902 ἧγουν

562 1918 872 1977 sistentem.
935 1935 1034 1987 per
1100 1920 1259 1989 cujus
1309 1919 1793 1989 participationem
1849 1918 2142 1973 indivisam

2251 1918 2480 1989 Θεότητα
2514 1920 2877 1989 ἐνύπαρκτον,
2923 1922 3015 1973 καὶ
3054 1921 3257 1990 ταύτης
3311 1922 3606 1992 μετέχοντα
3654 1923 3829 1976 ἀδιαι-

561 2011 946 2080 unusquisque
979 2012 1052 2065 sit
1082 2012 1247 2066 Deus.
1284 2012 1579 2082 Appellant
1608 2028 1741 2066 vero
1780 2012 2021 2074 Patrem,
2060 2012 2148 2066 Fi-

561 2102 721 2165 lium,
750 2112 1003 2157 sanctum
1034 2104 1325 2173 Spiritum,
1348 2104 1697 2174 hypostases;
1728 2120 2021 2158 commune
2055 2119 2150 2160 e0-

562 2209 684 2246 rum
715 2194 905 2257 Deum,
952 2196 1322 2251 substantiam
1356 2204 1413 2250 et
1450 2206 1727 2251 naturam.
1753 2196 1924 2251 Porro
1973 2194 2149 2267 Ange-

560 2282 669 2337 litae
695 2283 762 2337 ab
794 2284 1131 2340 adversariis
1161 2288 1339 2341 vocati
1373 2295 1525 2351 sunt,
1562 2304 1629 2340 ex
1650 2288 1774 2341 loco
1802 2286 2149 2341 Alexandriae

562 2375 711 2429 dicto
746 2377 1001 2447 Angelio,
1040 2378 1231 2447 inquo
1259 2380 1504 2434 collecta:
1542 2379 1715 2433 aedem
1744 2379 2019 2433 habentes
2052 2379 2148 2448 qui

564 2467 731 2536 primi
759 2468 905 2524 inter
928 2484 1027 2524 eos
1059 2480 1188 2524 sunt
1207 2479 1634 2541 congregantur.
1685 2471 2019 2540 Nuncupant
2047 2486 2149 2524 au-

563 2566 673 2611 tem
697 2574 793 2615 eos
813 2560 1123 2615 adversarii
1142 2560 1554 2617 Sabellianistas
1570 2562 1730 2616 simul
1749 2571 1803 2617 et
1820 2562 2147 2617 Tetraditas.

562 2648 736 2704 Iidem
774 2652 1211 2707 Damianitarum
1236 2654 1461 2709 nomine
1496 2654 1915 2723 insignitisunt,
1948 2672 2015 2709 ex
2046 2655 2151 2709 Da-

565 2742 751 2796 miano
775 2744 1041 2814 episcopo
1070 2745 1311 2801 illorum.
1338 2746 1502 2800 initio
1537 2747 1790 2808 Paulum,
1817 2747 1977 2817 cujus
2000 2762 2153 2800 men-

564 2832 771 2886 tionem
817 2834 1072 2901 fecimus,
1121 2853 1221 2907 pro
1265 2840 1528 2907 episcopo
1580 2839 1893 2904 ducebant;
1948 2839 2150 2894 deinde

564 2922 720 2978 illum
771 2926 1107 2995 reiecerunt,
1134 2942 1202 2982 eo
1224 2928 1372 2998 quod
1415 2930 1885 2984 communieasset
1946 2940 2153 2986 sancta:

565 3016 851 3071 catholica:
871 3026 925 3071 et
948 3020 1267 3087 apostolicae
1295 3021 1580 3085 Ecclesiaa,
1616 3029 1972 3090 sanctamque
1991 3022 2151 3077 Chal-

564 3108 937 3164 cedonensem
986 3110 1258 3182 synodum
1291 3111 1683 3181 approbasset;
1738 3112 1957 3165 tametsi
1986 3127 2152 3181 quam

565 3200 804 3254 maxime
830 3210 1023 3271 postea
1063 3203 1361 3257 recesserit
1410 3218 1442 3257 a
1472 3211 1661 3257 sancta
1695 3202 1970 3257 catholica
2024 3218 2153 3272 apo—
2179 3242 2222 3299 Ο

564 3293 869 3363 stolicaque
925 3295 1188 3354 Ecclesia.
1261 3303 1425 3366 atque
1479 3295 1839 3368 abnegaverit
1891 3304 2145 3350 sanctum

564 3384 1016 3442 Chalcedonense
1042 3389 1366 3444 concilium.

635 3580 690 3636 9.
716 3581 823 3636 Alii
857 3582 1146 3647 Severitze,
1178 3599 1275 3637 seu
1310 3583 1710 3647 Theodosiani,
1737 3582 1868 3637 item
1899 3583 2146 3638 Petritar.

566 3671 629 3725 ιιι
653 3672 975 3741 episcopum
1011 3672 1325 3741 suscipiunt
1352 3682 1699 3741 postremum
1727 3673 1977 3728 Petrum.
2016 3673 2151 3728 Sus-

568 3761 785 3831 cipiunt
824 3778 1044 3833 quoque
1090 3763 1489 3827 Theodosium,
1540 3764 1828 3830 Severum,
1884 3764 2146 3831 Petrum;

569 3868 921 3924 nequaquam
955 3854 1303 3918 Damianum,
1331 3870 1435 3908 nec
1464 3855 1697 3908 Paulum
1733 3872 1745 3905 :
1773 3868 2011 3923 quorum
2053 3853 2152 3908 do-

569 3947 764 4002 ctrina:
797 3956 1125 4018 repugnant.
1151 3944 1501 4001 Conﬁtentur
1527 3945 1688 4016 413
1716 3946 1865 4000 enim
1889 3946 2060 3999 Deum
2082 3962 2150 4001 ex

569 4039 827 4102 veritate,
887 4039 1199 4094 substantia
1235 4046 1291 4092 et
1340 4046 1538 4092 natura
1584 4053 1863 4107 quemque
1917 4054 2017 4109 per
2047 4053 2148 4093 se:

570 4130 813 4194 Patrem,
841 4131 1091 4200 inquam,
1113 4129 1336 4191 Filium,
1378 4138 1545 4198 atque
1576 4128 1845 4198 Spiritum
1874 4137 2147 4183 sanctum.

570 4224 710 4279 Item
736 4224 1069 4293 profitentur
1119 4233 1233 4277 tres
1266 4222 1592 4294 hypostases
1629 4236 1693 4275 ac
1722 4229 1834 4275 tres
1861 4236 2150 4290 personas,

571 4324 629 4370 et
667 4331 1113 4385 unamquamque
1132 4314 1470 4386 hypostasim
1498 4314 1671 4367 Deum
1694 4328 1817 4367 esse
1838 4327 1987 4377 vere,
2018 4312 2153 4367 sub-

573 4406 923 4471 stantialiter,
972 4406 1322 4460 naturaliter.
1382 4406 1564 4461 Unum
1622 4404 1818 4468 Deum,
1876 4420 2155 4474 unamque

574 4495 940 4550 substantiam
975 4511 1039 4550 ac
1070 4505 1325 4549 naturam
1347 4495 1566 4549 Patrem
1584 4502 1643 4547 et
1692 4494 1893 4549 Filium
1926 4502 1985 4548 et
2022 4509 2153 4548 san-

2249 2010 2444 2079 ρέτως,
2474 2008 2612 2064 εἶναι
2644 2012 2778 2065 Θεὸν
2807 2011 3061 2065 ἕκαστον.
3106 2011 3347 2064 Καλοῦσι
3373 2012 3429 2065 δὲ
3459 2014 3549 2065 τὸν
3582 2012 3680 2082 μὲν
3709 2014 3826 2065 Παο

2246 2104 2385 2172 τέρα
2403 2103 2499 2156 καὶ
2526 2102 2617 2157 τὸν
2639 2103 2765 2155 Υίὸν
2796 2104 2889 2156 καὶ
2912 2103 2973 2156 τὸ
3005 2104 3162 2171 ἆγιον
3189 2103 3416 2173 Πνεῦμα
3475 2105 3825 2167 ὑποστάσεις·

2249 2195 2308 2247 τὸ
2327 2195 2381 2249 δὲ
2411 2194 2586 2248 κοινὸν
2616 2194 2798 2247 αὐτῶν
2829 2195 2991 2260 Θεὸν,
3023 2196 3211 2249 οὐσίαν
3240 2196 3333 2249 καὶ
3365 2198 3548 2265 φύσιν.
3575 2196 3829 2265 Ἀγγελί-

2250 2302 2339 2337 ται
2380 2284 2438 2337 δὲ
2483 2284 2795 2354 ἐκλήθησαν
2827 2283 2931 2337 ὑπὸ
2957 2284 3067 2337 τῶν
3096 2285 3357 2339 ἐναντίων
3397 2286 3598 2348 αὐτῶν,
3636 2287 3699 2338 ἐκ
3731 2284 3830 2338 τοῦ

2250 2375 2416 2428 τόπου
2468 2374 2609 2428 οῦτω
2668 2375 3005 2443 καλουμένου
3082 2374 3366 2442 Ἀγγελίου
3452 2377 3510 2429 ὲν
3571 2374 3831 2439 Ἀλεξαν-

2250 2466 2559 2538 δρείᾳμε),
2582 2468 2638 2518 ἐν
2666 2461 2710 2535 ᾧ
2736 2466 3096 2536 συνακτήριον
3130 2466 3348 2537 ἔχοντες
3369 2467 3419 2519 οἱ
3445 2467 3513 2519 τὰ
3545 2466 3737 2537 πρῶτα
3765 2468 3831 2519 ἐν

2252 2560 2430 2622 αὐτοῖς
2467 2560 2723 2627 φέροντες
2766 2559 3111 2626 συνάγονται.
3144 2557 3391 2612 Καλοῦσι
3434 2558 3490 2611 δὲ
3538 2558 3735 2619 αὐτοὺς
3776 2559 3830 2611 οἱ

2252 2650 2483 2704 ἐναντίοι
2529 2652 2708 2705 αὐτῶν
2761 2653 3218 2718 Σαϐελλιανιστὰς
3271 2657 3389 2725 ἅμα
3423 2656 3514 2710 καὶ
3565 2655 3833 2725 Τετραδί-

2251 2756 2353 2802 τας
2384 2739 2519 2810 (49).
2569 2742 2633 2792 Οἱ
2664 2741 2819 2794 αὐτοὶ
2849 2742 2905 2795 δὲ
2938 2744 3265 2814 Δαμιανίται
3296 2744 3695 2815 ὠνομάσθησαν
3719 2744 3834 2797 ἀπὸ

2253 2832 2529 2901 Δαμιανοῦ
2562 2834 2655 2886 τοῦ
2701 2835 3005 2889 ἐπισκόπου
3039 2836 3239 2891 αὐτῶν.
3274 2830 3435 2891 Οὗτοι
3470 2837 3685 2909 πρῶτον
3715 2835 3837 2888 ἐδέ-

2253 2942 2409 2994 χοντο
2444 2925 2536 2978 τὸν
2588 2928 3036 2997 μνημονευθέντα
3088 2929 3307 2983 Παῦλον
3361 2931 3443 2993 εις
3504 2929 3832 2987 ἐπίσκοπον.

2255 3016 2522 3089 ’Υστερον
2552 3018 2608 3072 δέ
2643 3018 2832 3072 τοῦτον
2873 3020 3238 3086 ἁπεϐάλοντο,
3281 3022 3369 3076 διὰ
3409 3021 3469 3074 τὸ
3498 3020 3837 3089 κοινωνῆσαι

2254 3108 2417 3161 αὐτὸν
2445 3112 2510 3179 τῇ
2542 3110 2673 3181 ἁγίᾳ
2698 3110 2963 3182 καθολικῇ
3001 3113 3096 3165 καὶ
3131 3112 3466 3181 ἀποστολικῇ
3506 3110 3835 3182 Ἐκκλησία,

2255 3201 2349 3252 καὶ⁵
2372 3199 2629 3266 δέξασθαι
2663 3202 2764 3273 τὴν
2808 3202 2968 3271 ἁγίαν
3002 3206 3060 3257 ἐν
3098 3204 3406 3277 Καλχηδόνι
3454 3204 3696 3257 σύνοδον·
3720 3203 3837 3257 κᾶν

2256 3289 2305 3341 εἰ
2359 3288 2428 3341 τὰ
2470 3290 2705 3360 μάλιστα
2741 3293 2904 3347 πάλιν
2957 3294 3168 3366 ἀπέστη
3197 3296 3297 3365 τῆς
3327 3295 3491 3363 ἁγίας
3534 3293 3838 3362 καθολικῆς

2253 3381 2350 3436 καὶ
2386 3383 2753 3455 ἀποσωλικῆς
2799 3384 3129 3456 Ἐκκλησίας
3155 3427 3170 3451 ,
3203 3384 3301 3440 καὶ
3330 3385 3686 3456 ἀπηρνήσατο
3732 3380 3839 3454 τὴν

2254 3479 2417 3549 ἁγίαν
2448 3482 2506 3535 ὲν
2537 3481 2847 3552 Καλχηδόνι
2877 3482 3116 3537 σύνοδον.

2325 3567 2389 3626 θ’.
2423 3570 2607 3623 Ἄλλοι
2642 3570 2939 3642 Σεσηρίται
2965 3611 2981 3636 ,
3016 3573 3187 3644 ἤγουν
3240 3571 3587 3625 Θεοδοσιανοὶ
3609 3614 3624 3638 ,
3655 3572 3707 3625 oi
3737 3572 3840 3626 καὶ
3915 3556 3919 3559 ’

2256 3663 2535 3735 Πετρίταιο
2565 3667 2615 3718 oi
2643 3664 2924 3736 δεχόμενοι
2957 3665 3049 3719 τὸν
3078 3665 3310 3735 ἔσχατον
3346 3666 3557 3736 Πέτρον
3592 3667 3672 3728 είς
3709 3665 3839 3719 ἐπί-

2255 3774 2473 3811 σκοπον·
2511 3757 2705 3819 οἵτινες
2736 3758 3021 3827 δεχόμενοι
3066 3756 3348 3810 Θεοδόσιον
3372 3800 3387 3824 ,
3422 3758 3520 3811 καὶ
3549 3757 3824 3827 Σεϐῆρον,

2253 3847 2349 3901 καὶ
2376 3848 2606 3919 Πέτρον,
2629 3848 2901 3917 Δαμιανὸν
2929 3848 2992 3901 οὺ
3016 3847 3569 3921 προσδέχονται,οῦδέ
3594 3848 3837 3902 Παῦλονο

2254 3939 2625 3993 ἐναντιοῦνται
2662 3939 2721 3993 δὲ
2748 3939 2826 4008 τῷ
2862 3924 3097 4010 δόγματι
3133 3939 3433 4011 ἑκατέρων.
3471 3939 3842 4013 Ὀμολογοῦσι

2253 4029 2363 4099 γὰρ
2393 4028 2527 4081 Θεὸν
2557 4028 2697 4081 κατὰ
2729 4028 3015 4100 άλήβειαν,
3056 4031 3151 4084 καὶ
3177 4031 3367 4084 οὐσίαν
3390 4032 3486 4086 καὶ
3511 4032 3674 4101 φύσιν
3704 4031 3842 4085 ἕκα-

2256 4137 2380 4174 στον
2411 4120 2532 4175 καθ’
2564 4122 2788 4175 ἑαυτόν·
2827 4123 2919 4177 τὸν
2962 4122 3183 4194 Πατέρα
3208 4141 3282 4193 φη
3293 4125 3354 4194 μὶ
3382 4164 3397 4189 ,
3452 4125 3549 4178 καὶ
3581 4125 3670 4178 τὸν
3705 4124 3844 4179 Υίὸν

2254 4212 2351 4266 καὶ
2381 4213 2443 4265 τὸ
2485 4213 2640 4282 ἆγιον
2690 4213 2949 4284 Πνεῦμαο
3004 4218 3157 4286 τρεῖς
3192 4216 3520 4279 ὑποστάσεις
3562 4218 3658 4269 καὶ⁸
3705 4216 3845 4286 τρία

2256 4302 2526 4373 πρόσωπα
2553 4303 2965 4373 ὁμολογοῦντες,
2988 4306 3082 4358 καὶ
3103 4305 3342 4376 ἑκάστην
3375 4307 3671 4360 ὑπόστασιν
3701 4305 3847 4360 Θεὸν

2256 4388 2398 4447 εἶναι
2442 4394 2583 4447 κατὰ
2626 4394 2917 4465 ἀλήθειαν,
2964 4397 3059 4449 καὶ
3113 4397 3304 4451 οὐσίαν
3342 4399 3437 4452 καὶ
3483 4397 3664 4467 φύσιν.
3699 4396 3847 4450 Ἕνα

2258 4484 2389 4537 Θεὸν
2416 4484 2510 4538 καὶ
2542 4486 2671 4556 μίαν
2700 4486 2889 4541 οὐσίαν
2915 4487 3008 4540 καὶ
3043 4486 3204 4557 φύσιν
3232 4488 3324 4541 τὸν
3352 4489 3578 4559 Πατέρα
3620 4488 3713 4541 καὶ
3741 4486 3847 4542 τὸν

573 4599 721 4641 ctum
745 4586 1013 4657 Spiritum
1048 4588 1263 4651 dicunt,
1309 4603 1419 4642 non
1451 4602 1707 4652 numero,
1754 4587 1851 4641 sed
1901 4585 2148 4654 perfecta

2257 4577 2385 4631 Υἱὸν
2410 4578 2502 4631 καὶ
2526 4580 2586 4632 τὸ
2611 4579 2766 4648 ἅγιον
2796 4580 3022 4652 Πνεῦμα
3045 4582 3313 4649 λέγουσιν,
3334 4583 3433 4635 οὐκ
3456 4579 3850 4653 ἀριθμῷ,άλλὰ

574 4679 910 4749 mqualitate.
936 4678 1046 4734 Hos
1067 4680 1331 4750 Angelitae
1365 4689 1421 4734 et
1454 4679 1806 4734 Paulianistm
1851 4678 2148 4733 Tritheitas

2258 4671 2325 4740 τῇ
2356 4671 2761 4743 ἀπαραλλάκτῳ
2813 4673 3041 4743 ἰσότητι.
3066 4674 3175 4739 Οὒς
3227 4677 3276 4728 οἱ
3317 4674 3632 4743 Ἀγγελίται
3663 4674 3753 4727 καὶ
3782 4674 3846 4728 οἱ

573 4771 896 4826 nominant:
926 4771 1029 4840 ipsi
1050 4787 1181 4826 vero
1220 4771 1340 4825 vice
1372 4786 1534 4825 versa
1566 4771 1709 4837 illos,
1744 4768 2023 4825 interdum
2055 4768 2148 4825 Sa-

2261 4765 2652 4819 Παυλιανισταὶ
2686 4767 2973 4837 Τριθεῒτας
2995 4770 3350 4839 ὀνομάζουσι·
3377 4770 3471 4823 καὶ
3498 4762 3645 4822 οὗτοι
3672 4766 3848 4821 πάλιν

575 4859 869 4927 bellianos,
897 4862 1176 4917 interdum
1200 4862 1539 4917 Tetraditas.

2253 4857 2494 4920 ἐκείνους
2538 4858 2669 4911 ποτὲ
2699 4858 2797 4929 μὲν
2813 4858 3224 4924 Σαδελλιανοὺς,
3244 4861 3375 4914 ποτὲ
3396 4860 3453 4913 δὲ
3479 4859 3843 4931 Τετραδίτας.

648 4953 733 5008 10.
775 4952 882 5008 Alii
918 4954 1202 5017 Severitze,
1242 4969 1341 5008 seu
1378 4952 1773 5014 Theodosiani,
1806 4968 2027 5008 necnon
2059 4951 2148 5009 Co

2330 4957 2384 5005 ι’.
2425 4951 2611 5005 ’Ἄλλοι
2656 4951 2977 5022 Σεὸηρίται,
3018 4953 3187 5022 ήγουν
3236 4952 3601 5012 Θεοδοσιανοὶ,
3638 4952 3686 5003 oi
3731 4952 3842 5004 xui.

577 5045 814 5113 nonitaa;
843 5047 938 5116 qui
970 5061 1079 5100 una
1107 5061 1235 5100 cum
1264 5044 1579 5099 Theodosio
1613 5054 1669 5099 et
1690 5042 1897 5099 Severo
1922 5043 2148 5113 probant

2257 5044 2590 5097 Κονωνίται·
2624 5046 2673 5098 oi
2710 5044 2994 5115 δεχόμενοι
3013 5044 3294 5097 Θεοδόσιον
3325 5044 3421 5097 καὶ
3450 5042 3713 5113 Σεὸἧρον,
3737 5043 3846 5095 καὶ

1853 5157 2087 5212 νΑιιιΑῖ
2126 5157 2530 5216 LECTIONES.

646 5252 693 5284 ⁷⁰
714 5251 773 5307 C.
810 5250 849 5304 ε’
884 5252 1287 5323 Παυλιανισταὶ,
1308 5254 1361 5323 οἱ
1386 5252 1663 5323 δεχόμενοι
1696 5249 2019 5323 Παῦλονλτὸν
2052 5251 2279 5323 ἐπίκλην
2308 5252 2399 5305 τὸν
2420 5252 2686 5308 Μελανόν.
2764 5254 2803 5323 τι
2832 5252 2933 5305 Ed.
2965 5250 3055 5304 τὸν
3079 5251 3345 5307 Μελανόν.
3420 5252 3466 5283 τ’
3502 5249 3841 5319 Ἀγγελίται,

582 5323 632 5374 oi
659 5323 927 5391 λέγοντες,
960 5322 1118 5376 ἄλλον
1147 5322 1246 5391 μὲν
1280 5318 1416 5374 εἷναι
1444 5318 1534 5374 τὸν
1566 5322 1805 5391 Πατέρα,
1840 5321 1935 5374 καὶ
1965 5322 2058 5373 τὸν
2086 5318 2247 5391 Υίὸνξ
2275 5323 2453 5376 καὶτὸ
2480 5324 2635 5393 ἅγιον
2660 5322 2908 5390 Πνεῦμα.

2098 5414 2326 5471 ΝΟΤΔΕ.

552 5492 599 5581 ⁵,
653 5511 765 5579 (48)
808 5511 1112 5581 Ἀηελζου
1139 5510 1209 5562 ἐν
1248 5508 1692 5577 Ἀλεξανδρείᾳ.
1748 5507 2058 5581 Dorotheus
2100 5508 2158 5562 in
2259 5508 2399 5581 _Hist.
2430 5507 2591 5573 eccl.,
2629 5509 2729 5581 lib.
2757 5525 2910 5581 xviii,
2947 5524 3068 5578 cap.
3124 5510 3212 5575 49,
3248 5510 3344 5581 qui
3392 5526 3460 5565 ex
3507 5510 3614 5565 hoc
3662 5509 3845 5565 nostri

582 5578 834 5652 Synopsi,
864 5582 933 5652 de
987 5580 1549 5652 Marcigevangelistaz
1612 5578 1875 5652 martyrio
1922 5578 2158 5652 Alexan-
2259 5578 2380 5652 loco
2399 5594 2514 5652 sua
2542 5579 2735 5652 procul
2763 5580 3262 5652 dubiomutuatur.

522 5658 523 5661 “
560 5646 955 5720 cria—pupa;
994 5651 1101 5702 ἀπὸ
1126 5649 1232 5703 τῶν
1265 5646 1619 5720 καῖουμὲνων
1651 5646 1923 5720 Βουκόλον
1943 5648 2153 5720 τόπων,
2333 5646 2446 5719 (49)
2480 5646 2992 5720 Σὰϐελλιανιστὰς
3017 5649 3139 5719 ἅμα
3156 5650 3255 5704 καὶ
3282 5650 3649 5719 Τετραδίτας.
3677 5653 3845 5720 Quod

584 5720 688 5791 ξως
710 5718 816 5791 τῷν
838 5717 1188 5791 καλουμένων
1218 5717 1511 5787 Ἀγγέλων,
1536 5719 1834 5791 ἐκεῖ-ἐκάη.
1860 5718 1904 5771 Α
1932 5717 2043 5771 loco
2064 5719 2155 5787 qui
2258 5717 2459 5791 partim
2483 5718 2822 5791 confundere
2860 5717 3144 5791 person—as,
3181 5717 3391 5790 partim
3406 5717 3843 5791 quaternitatcn.

585 5786 811 5841 Bucolus
849 5786 1058 5851 dicitur,
1086 5806 1248 5859 usque
1272 5786 1341 5843 ad
1371 5807 1485 5844 eum
1521 5791 1611 5859 qui
1637 5786 1967 5859 Angelorum
2000 5786 2157 5841 voea-
2256 5786 2379 5843 loco
2414 5789 2699 5845 Trinitatis
2727 5786 2987 5847 invehere
3015 5786 3352 5846 viderentur.

587 5867 693 5922 tur,
723 5868 942 5926 tractus,
977 5861 1045 5913 ibi
1089 5858 1383 5915 coinbuslus
1441 5858 1541 5915 est.
1578 5858 1733 5915 Adde
1782 5858 2153 5928 Nicephorum
