4146 6446
375 498 440 563 bi

1433 510 1529 569 DE
1568 510 1857 572 RECEPT
1863 511 1989 570 ΙοΝ
1998 512 2043 570 Ε
2085 514 2683 581 ILERETICORUM.
3596 524 3667 587 62

386 622 482 665 συν
516 615 714 677 αὐτοῖς
768 616 1011 670 Κόνωνα
1058 617 1395 671 ἐπίσκοπον·
1436 620 1634 683 οἵτινες
1679 621 1776 672 καὶ
1832 620 1987 672 αὐτοὶ

2097 623 2373 681 Cononem
2428 629 2782 699 episcopum;
2836 630 3043 700 quique
3101 628 3438 684 conﬁtentur
3490 631 3664 687 Deum

386 704 716 773 ὁμολογοῦσι
761 708 903 762 Θεὸν
950 707 1097 764 εἶναι
1150 710 1296 764 κατά
1339 710 1621 781 ἀλήθειαν,
1656 713 1751 764 καὶ
1799 712 1991 765 οὐσίαν

387 797 482 849 καὶ
508 798 679 864 φύσιν
711 799 957 854 ἕκαστον
976 819 992 833 ο
1025 802 1117 855 τὸν
1144 802 1366 872 Πατέρα
1399 802 1564 871 λέγω,
1594 803 1689 855 καὶ
1720 802 1812 855 τὸν
1843 802 1989 865 Υίὸν,

387 893 483 943 καὶ
514 890 580 943 τὸ
613 890 776 959 ἅγιον
820 893 1089 964 Πνεῦμα·
1126 896 1280 965 τρεῖς
1322 894 1651 957 ὑποστάσεις
1687 895 1786 966 τὴν
1828 896 1992 961 άγίαν

389 980 602 1048 Τριάδα
651 982 752 1033 καὶ
780 982 916 1052 τρία
940 985 1214 1054 πρόσωπα
1234 1000 1248 1013 ⁸
1284 982 1363 1036 ἐτι
1400 983 1507 1054 μὴν
1530 985 1624 1037 καὶ
1653 987 1803 1052 τρεῖς
1836 1000 1992 1047 τινας

387 1070 473 1140 τῷ
506 1071 735 1143 ἀριθμῷ
774 1074 973 1137 οὐσίας
1021 1075 1115 1127 καὶ
1164 1074 1355 1143 φύσεις
1394 1077 1515 1138 ίσας
1553 1076 1992 1147 ἀπαραλλάκτως

391 1166 539 1215 κατὰ
584 1165 688 1235 τὴν
744 1166 985 1237 θεότητα
1028 1166 1299 1235 λέγοντες.
1329 1168 1477 1221 Μίαν
1501 1167 1555 1221 δὲ
1591 1169 1799 1233 οὐσίαν,
1825 1170 1993 1240 ἤγουν

391 1254 587 1323 φύσιν,
615 1259 713 1309 καὶ
744 1257 881 1327 μίαν
909 1258 1161 1329 θεότητα,
1191 1261 1359 1331 ἤγουν
1398 1260 1530 1314 Θεὸν
1569 1259 1669 1330 τὴν
1705 1261 1865 1329 ἁγίαν
1896 1263 1992 1315 καὶ

389 1347 694 1417 ὁμοούσιον
742 1349 959 1420 Τριάδα
1004 1349 1385 1418 ὁμολογοῦσιν,
1434 1351 1537 1404 οὐκ
1583 1350 1825 1422 ἀριθμῷ,
1855 1350 1992 1405 ἀλλὰ

390 1442 461 1510 τῇ
513 1440 941 1512 ἀπαραλλάκτῳ
987 1442 1087 1512 τῆς
1137 1442 1399 1513 θεότητος
1459 1443 1775 1513 ταυτότητι.
1828 1444 1992 1515 Τρεῖς

389 1532 449 1585 δὲ
476 1531 643 1595 θεοὺς
676 1532 710 1603 ῆ
735 1532 1003 1603 θεότητας
1038 1534 1221 1602 λέγειν
1247 1534 1667 1605 παραιτοῦνται.
1700 1535 1812 1590 Καὶ
1842 1531 1991 1590 οὗτοι

391 1624 450 1676 δέ
480 1624 732 1693 Σεὸἦρον
756 1625 853 1678 καὶ
885 1625 1167 1678 Θεοδόσιον
1189 1625 1491 1695 δεχόμενοι,
1524 1626 1648 1679 οὔτε
1693 1626 1989 1697 Δαμιανὸν,

393 1715 521 1769 οὕτε
544 1716 788 1782 Παῦλον,
821 1717 945 1771 οὔτε
971 1718 1063 1770 τὸν
1088 1717 1318 1789 ἔσχατον
1342 1718 1549 1789 Πέτρον
1572 1719 1843 1791 δέχονται.
1871 1722 1991 1773 Κα-

394 1808 555 1861 λοῦσι
585 1809 645 1861 δὲ
673 1810 771 1863 καὶ
804 1809 1030 1871 τούτους
1068 1811 1120 1863 οί
1148 1809 1424 1879 Δαμιανοῦ
1455 1811 1550 1863 καὶ
1582 1810 1820 1877 Παύλου,
1857 1813 1992 1882 Τρι-

396 1900 625 1962 θεϊταςο
652 1902 749 1953 καὶ
779 1894 932 1953 οῦτοι
972 1901 1029 1954 δὲ
1058 1903 1310 1966 ἐκείνους
1342 1900 1688 1974 ὀνομάζουσι,
1724 1903 1857 1956 ποτὲ
1893 1904 1991 1974 μὲν

396 1991 807 2057 Σαὸελλιανοὺς
836 1994 930 2046 καὶ
950 1995 1330 2058 Μοντανιστάς
1353 1997 1445 2048 καὶ
1476 1997 1872 2060 Φωτεινιανοὺς
1898 1998 1993 2049 καὶ

396 2082 745 2153 Νοητιανοῦς
789 2085 887 2136 καὶ
924 2085 1406 2155 Ἀρτεμονιάστας,
1459 2086 1592 2139 ποτέ
1620 2086 1677 2139 δὲ
1718 2087 1993 2154 Τετραδί-

396 2189 498 2235 τας
532 2173 735 2237 αὐτοὺς
771 2174 1273 2247 προσαγορεύουσι.
1321 2175 1636 2229 Διίστανται
1669 2177 1723 2231 δὲ
1757 2179 1864 2231 άπὸ
1891 2179 1993 2231 Πέ-

396 2282 530 2335 τρου
570 2264 670 2317 τοῦ
712 2266 945 2335 ἐσχάτου
973 2267 1068 2319 καὶ⁸
1102 2266 1211 2319 τῶν
1256 2268 1354 2321 σὺν
1390 2268 1561 2338 αὐτῷ,
1610 2268 1745 2321 διότι
1788 2272 1988 2323 ἐκεῖνοι

400 2360 501 2427 μὲν
539 2360 982 2431 παραιτούμενοι
1015 2364 1164 2432 τρεῖς
1213 2362 1395 2431 λέγειν
1442 2363 1622 2426 θεοὺς,
1656 2364 1825 2434 ἤγουν
1871 2365 1993 2419 θεό-

394 2469 570 2522 τητας
599 2456 778 2523 τρεῖς,
810 2454 905 2507 τὸν
939 2455 1161 2526 Πατέρα
1192 2456 1288 2508 καὶ
1314 2456 1405 2509 τὸν
1444 2458 1571 2510 Υἰὸν
1613 2458 1708 2510 καὶ
1738 2458 1800 2510 τὸ
1834 2457 1993 2526 ἅγιον

396 2543 649 2612 Πνεῦμα,
688 2546 1092 2613 παραιτοῦνται
1114 2548 1211 2601 καὶ
1244 2548 1306 2601 τὸ
1335 2548 1513 2617 λέγειν
1542 2551 1695 2618 τρεῖς
1720 2549 1797 2619 τῷ
1832 2550 1991 2621 ἀριθ-

396 2632 483 2701 μῷ
521 2635 719 2698 οὐσίας
747 2636 921 2705 ἤγουν
957 2635 1149 2705 φύσεις
1192 2638 1341 2700 τινὰς
1375 2638 1496 2700 ῐσας
1529 2639 1988 2709 ἀπαραλλάκτως.

393 2718 561 2777 οὗτοι
594 2725 652 2777 δὲ
683 2726 747 2777 τὸ
793 2727 892 2796 μὲν
928 2727 1110 2796 λέγειν
1168 2732 1320 2798 τρεῖς
1349 2728 1505 2793 θεοὺς
1539 2731 1708 2801 ἤγουν
1728 2732 1992 2803 θεότητας

396 2816 805 2887 παραιτοῦνται
831 2835 845 2846 ·
889 2822 1039 2889 τρεῖς
1072 2819 1131 2871 δὲ
1182 2819 1262 2890 τῷ
1312 2820 1532 2891 ἀριθμῷ
1594 2823 1784 2885 οὐσίας
1827 2826 1992 2895 ἤγουν

397 2908 599 2978 φύσεις
620 2908 780 2973 τινὰς
822 2911 945 2974 τσας
973 2913 1353 2983 ὁμολογοῦσιν.
1382 2906 1565 2977 Οὗτοι,
1589 2916 1638 2966 οἱ
1662 2914 1770 2968 ἀπὸ
1803 2916 1992 2969 Κόνω-

393 3020 508 3065 νος,
569 3003 753 3073 φημὶ,
799 3003 1072 3075 πρότερον
1116 3006 1398 3074 δεχόμενοι
1452 3005 1523 3058 τὰ
1582 3007 1991 3077 συγγράμματα

407 3096 666 3149 Ἰωάννου
705 3096 804 3149 τοῦ
851 3096 1261 3167 ’Δλεξανδρείας
1292 3098 1710 3168 γραμματικοῦ,
1742 3098 1837 3152 τοῦ
1868 3100 1991 3153 ἐπί-

392 3186 534 3255 κλην
557 3187 883 3252 Φιλοπόνου,
912 3188 982 3241 τά
1004 3190 1149 3242 κατὰ
1186 3190 1455 3262 Ἐλλήνων
1479 3191 1718 3243 αὐτῶν⁷⁸
1741 3207 1991 3262 γεγραμ-

2092 728 2213 768 esse
2261 717 2567 771 secundum
2594 720 2907 782 veritatem,
2936 719 3299 774 substantiam
3328 728 3384 774 et
3412 731 3664 776 naturam

2094 819 2367 874 quemque
2408 824 2421 857 :
2450 807 2668 862 Patrem
2698 808 2841 873 dico,
2875 809 3095 873 Filium,
3138 816 3194 863 et
3239 807 3505 878 Spiritum
3534 824 3664 864 san-

2093 904 2241 949 ctum
2280 914 2293 949 :
2329 904 2443 952 tres
2475 898 2797 969 hypostases
2817 909 3057 954 sanctam
3085 900 3432 964 Trinitatem,
3465 917 3529 956 ac
3555 910 3665 957 tres

2092 1003 2360 1057 personas
2390 1007 2403 1042 :
2439 991 2651 1046 addunt
2672 1007 2805 1045 vero
2833 1002 2945 1047 tres
2996 1008 3116 1047 esse
3142 1009 3376 1047 numero
3411 994 3666 1049 substan-

2093 1079 2198 1133 tias
2223 1087 2281 1133 et
2299 1089 2525 1135 naturas
2550 1081 2756 1150 absque
2780 1081 3225 1135 dissimilitudine
3246 1081 3484 1151 aequales
3511 1083 3665 1152 juxta

2092 1167 2461 1224 divinitatem.
2492 1170 2665 1226 Unam
2691 1186 2823 1225 vero
2847 1170 3233 1235 substantiam,
3261 1186 3358 1225 seu
3390 1180 3663 1235 naturam,

2093 1276 2371 1331 unamque
2403 1262 2746 1317 divinitatem
2793 1263 2909 1317 sive
2961 1263 3133 1316 Deum
3174 1270 3416 1316 sanetam
3448 1272 3504 1316 et
3536 1278 3667 1317 con-

2093 1355 2513 1410 substantialem
2540 1355 2869 1409 Trinitatem
2894 1356 3250 1420 conﬁtentur,
3278 1370 3390 1408 non
3411 1370 3662 1415 numero.

2092 1446 2189 1501 sed
2226 1446 2534 1501 invariabili
2585 1446 2896 1501 divinitatis
2942 1446 3253 1501 identitate.
3282 1446 3352 1500 At
3385 1456 3499 1500 tres
3531 1446 3665 1501 deos

2091 1546 2188 1593 aut
2208 1537 2525 1593 divinitates
2557 1538 2738 1593 dicere
2781 1547 3060 1593 recusant.
3092 1538 3271 1606 Atque
3299 1538 3355 1591 hi
3400 1537 3664 1592 Severum

2092 1648 2156 1687 ac
2192 1631 2565 1686 Theodosium
2597 1631 2973 1697 admittentes,
3030 1646 3135 1686 nec
3174 1630 3522 1695 Damianum,
3562 1646 3665 1685 nec

2091 1725 2346 1790 Paulum,
2396 1740 2501 1779 nec
2550 1724 2806 1778 ultimum
2862 1724 3085 1778 Petrum
3132 1720 3296 1794 414
3335 1722 3662 1790 suscipiunt.

2094 1816 2331 1870 Eosdem
2378 1815 2629 1870 Damiani
2684 1815 2948 1884 Paulique
2978 1815 3199 1869 asseclre
3247 1813 3548 1867 'l‘ritlieitas
3572 1828 3668 1866 vo-

2093 1915 2238 1961 cant.
2288 1907 2396 1977 Ipsi
2432 1907 2558 1961 illos
2599 1915 2920 1975 nuncupant
2960 1905 3255 1974 aliquando
3302 1904 3665 1967 Sabellianos,

2094 1999 2474 2060 Montanistas,
2521 1999 2903 2063 Pbotinianos,
2958 1997 3253 2052 Noetianos
3311 2003 3367 2051 et
3408 1998 3666 2049 Artemo-

2094 2090 2320 2153 niastas,
2367 2090 2663 2159 aliquando
2710 2089 3039 2144 Tetraditas.
3099 2089 3370 2144 Caeterum
3427 2104 3455 2141 a
3504 2088 3668 2141 Petro

2094 2190 2395 2252 postremo,
2432 2183 2611 2252 iisque
2642 2183 2736 2252 qui
2768 2183 2818 2236 ei
2847 2182 3149 2247 adhaerent,
3192 2182 3247 2236 in
3284 2197 3351 2233 eo
3399 2179 3669 2235 dissident

2093 2274 2242 2343 quod
2275 2275 2376 2337 illi,
2413 2290 2537 2329 cum
2583 2276 2763 2329 nolint
2819 2284 2931 2329 tres
2975 2274 3108 2329 deos
3162 2288 3392 2345 ponere,
3417 2288 3515 2327 seu
3555 2280 3669 2327 tres

2094 2366 2437 2432 divinitates,
2473 2368 2715 2431 Patrem,
2750 2377 2806 2422 et
2855 2367 3076 2430 Filium,
3121 2375 3177 2421 et
3225 2365 3491 2435 Spiritum
3545 2380 3670 2419 san-

2097 2470 2269 2526 ctum,
2330 2460 2615 2530 refugiunt
2655 2459 2818 2514 etiam
2848 2460 3097 2529 proferre
3124 2466 3237 2512 tres
3273 2472 3504 2511 numero
3539 2455 3671 2509 sub-

2098 2553 2330 2608 stantias
2379 2568 2475 2606 seu
2528 2559 2757 2605 naturas
2801 2551 3066 2620 quasdam
3108 2550 3245 2604 citra
3287 2548 3668 2602 diversitatem

2095 2644 2355 2713 aequales.
2392 2643 2458 2697 Hi
2498 2659 2631 2697 vero
2680 2643 3052 2711 deprecantur
3106 2641 3329 2710 quidem
3382 2648 3492 2693 tres
3538 2638 3670 2692 deos

2094 2750 2192 2789 seu
2236 2733 2553 2787 divinitates
2590 2733 2973 2802 pronuntiare,
3014 2739 3069 2786 at
3118 2741 3232 2785 tres
3270 2745 3502 2784 numero
3535 2728 3669 2782 sub-

2094 2825 2325 2879 stantias
2369 2825 2454 2879 vel
2500 2832 2729 2879 naturas
2756 2825 2996 2894 aequales
3030 2824 3387 2879 conﬁtentur.
3421 2823 3537 2886 Isti,
3574 2821 3669 2891 qui

2094 2934 2123 2972 a
2148 2917 2393 2982 Conone,
2425 2918 2671 2987 inquam,
2706 2933 2829 2972 cum
2854 2918 3010 2987 prius
3044 2917 3444 2987 approbassent
3469 2915 3672 2984 scripta

2092 3008 2319 3062 Joannis
2362 3008 2705 3063 Alexandriae
2737 3006 3095 3062 Grammatici
3136 3015 3501 3077 cognomento
3548 3003 3675 3058 Phi—

2092 3100 2302 3170 loponi,
2355 3108 2469 3154 tum
2521 3117 2642 3169 quae
2668 3100 2844 3155 edidit
2868 3100 3136 3155 adversus
3164 3098 3380 3153 Graecos
3410 3113 3506 3151 seu
3537 3111 3673 3166 gen-

2104 3192 2251 3254 tiles,
2321 3200 2435 3245 tum
2484 3192 2613 3255 alia,
2663 3192 2884 3246 tandem
2939 3191 3193 3246 eumdem
3242 3189 3672 3245 Grammaticum

397 3277 563 3345 μένα,
595 3278 740 3348 μετὰ
780 3280 875 3331 καὶ
918 3280 1027 3332 τῶν
1064 3280 1241 3335 ἄλλων
1290 3280 1456 3334 αὑτοῦ
1511 3283 1987 3352 συγγραμμάτων,

2097 3284 2321 3353 ejusque
2341 3299 2509 3350 opera
2530 3284 2873 3350 abjecerunt.
2912 3284 2964 3338 ls
2986 3284 3192 3353 quippe
3215 3282 3457 3337 Joannes
3483 3280 3677 3336 Gram-

396 3370 567 3422 αὐτόν
590 3386 651 3422 τε
680 3370 777 3423 τὸν
810 3373 1210 3441 γραμματικὸν
1255 3371 1482 3442 ἔσχατον
1511 3373 1866 3438 άπεῦάλοντο,
1896 3374 1992 3426 καὶ

394 3461 468 3512 τὰ
501 3462 933 3533 συγγράμματα
966 3462 1155 3519 αὑτοῦ.
1197 3464 1258 3517 '0
1287 3464 1397 3534 γὰρ
1420 3465 1713 3536 εἰρημένος
1732 3483 1994 3537 γραμμα-

393 3555 555 3615 τικὸς
609 3555 874 3624 Ἰωάννης
903 3557 963 3608 ἐν
1002 3558 1117 3619 τοῖς
1142 3556 1281 3626 πρὸς
1311 3556 1580 3627 ’Έλληνας
1616 3557 1863 3627 βιϐλίοις.
1899 3561 1994 3612 καὶ

397 3648 455 3697 ἐν
486 3649 606 3709 τοῖς
646 3645 838 3709 ἄλλοις
864 3646 1034 3699 αὐτοῦ
1068 3664 1500 3719 συγγράμμασιν
1518 3649 1769 3719 ἐπήγαγε
1794 3649 1991 3718 λέγων,

396 3740 470 3791 τὰ
504 3738 745 3807 σώματα
776 3738 847 3791 τά
880 3739 1121 3809 αἰσθητὰ
1166 3740 1341 3793 ταῦτα
1385 3742 1563 3795 πάντα
1596 3741 1692 3793 καὶ
1722 3740 1992 3812 ὁρώμενα,

398 3831 546 3882 κατά
581 3847 640 3881 τε
672 3830 811 3900 ὕλην
836 3831 930 3883 καὶ
958 3827 1099 3894 εἶδος
1130 3834 1196 3885 ἐκ
1237 3832 1331 3885 τοῦ
1363 3836 1438 3904 μὴ
1470 3833 1622 3897 ὁντος
1648 3835 1728 3897 εἰς
1756 3836 1815 3886 τὸ
1855 3827 1995 3888 εἶναι

399 3923 761 3994 παραχθῆναι
780 3923 888 3975 ὑπὸ
907 3923 1004 3975 τοῦ
1023 3924 1159 3977 Θεοῦ
1178 3940 1191 3952 ·
1211 3924 1429 3995 φθαρτά
1448 3944 1508 3979 τε
1526 3927 1703 3980 ταῦτα
1716 3927 1994 3995 γενέσθαι,

399 4015 495 4067 καὶ
520 4014 852 4085 φθείρεσθαι
877 4016 1021 4069 κατά
1049 4033 1108 4069 τε
1142 4016 1276 4087 ὓλην
1304 4020 1395 4071 καί
1423 4014 1584 4083 εἶδος,
1612 4020 1705 4073 καὶ
1725 4022 1845 4073 ἀντὶ
1872 4021 1998 4073 τού-

396 4126 510 4160 των
546 4108 721 4179 ἕτερα
743 4108 977 4177 σώματα
1004 4110 1296 4182 κρείττονα
1322 4110 1533 4165 τούτων
1559 4111 1670 4165 τῶν
1701 4114 1997 4183 ὁρωμένων

398 4201 666 4269 ἄφθαρτα
713 4203 807 4253 καὶ
852 4201 1052 4255 αἰώνια
1078 4202 1183 4255 ὑπὸ
1206 4202 1302 4255 τοῦ
1336 4203 1471 4257 Θεοῦ
1493 4205 1556 4274 δη
1568 4205 1956 4275 μιουργεῖσθαι
1978 4223 1992 4236 ·

400 4294 732 4345 συντέλειαν
765 4292 946 4361 λέγων
972 4292 1069 4346 τοῦ
1108 4294 1386 4364 ὁρωμένου
1410 4295 1619 4366 κόσμου
1657 4298 1825 4367 ἤγουν
1854 4315 1999 4370 παρ-

398 4385 644 4450 έλευσιν,
688 4387 789 4437 καὶ
834 4384 1025 4438 καινοῦ
1055 4386 1265 4455 κόσμου
1296 4386 1533 4454 γένεσιν.
1579 4388 1905 4443 Ἀνάστασίν
1939 4407 1999 4443 τε

394 4478 620 4551 νεκρῶν
644 4476 895 4546 ὁρίζεται
924 4473 1064 4530 εἶναι
1112 4482 1210 4547 τὴν
1248 4478 1356 4531 τῶν
1386 4478 1620 4547 λογικῶν
1655 4479 1841 4549 ψυχῶν
1865 4480 2000 4551 πρὸς

398 4571 569 4639 σῶμα
608 4570 899 4638 ἄφθαρτον
943 4569 1141 4623 ἕνωσιν
1177 4569 1486 4624 ἀδιάλυτον.
1528 4570 1719 4624 Κόνων
1748 4571 1805 4624 δὲ
1834 4572 1929 4624 καὶ
1951 4574 1999 4625 οἱ

2094 3373 2329 3426 maticus
2372 3374 2427 3426 in
2476 3373 2636 3427 libris
2671 3373 2938 3427 adversus
2980 3381 3172 3442 gentes
3209 3387 3273 3425 ac
3309 3371 3363 3424 in
3403 3371 3527 3425 aliis
3560 3370 3677 3425 suis

2093 3461 2472 3516 voluminibus
2506 3463 2607 3515 ista
2636 3462 2853 3516 induxit
2880 3478 2893 3514 :
2924 3461 3119 3516 Omnia
3148 3476 3380 3530 corpora
3406 3461 3523 3515 haec
3551 3474 3677 3514 sen-

2095 3551 2251 3605 sibus
2278 3560 2334 3606 et
2366 3552 2616 3621 aspectui
2648 3554 2919 3622 exposita,
2958 3554 3260 3608 secundum
3296 3552 3583 3606 materiam
3611 3567 3677 3607 ac

2095 3644 2327 3699 formam
2371 3660 2439 3698 ex
2489 3659 2599 3698 non
2641 3654 2892 3700 exstante
2928 3645 2994 3699 ad
3030 3645 3407 3700 exsistentiam
3440 3645 3677 3699 adducta

2095 3751 2217 3790 esse
2272 3751 2371 3805 per
2415 3736 2621 3802 Deum;
2672 3737 3060 3807 corruptibilia
3091 3748 3275 3791 autem
3309 3737 3451 3791 facta
3483 3736 3675 3802 fuisse,

2096 3835 2154 3881 et
2194 3827 2475 3897 corrumpi
2518 3828 2671 3897 juxta
2735 3829 3022 3882 materiam
3070 3836 3127 3883 et
3180 3829 3450 3895 formam;
3511 3837 3677 3896 atque

2100 3919 2156 3972 in
2202 3920 2385 3973 locum
2430 3936 2623 3974 eorum
2659 3920 2765 3974 alia
2796 3937 3031 3991 corpora
3076 3922 3164 3976 his
3214 3938 3336 3991 qua:
3368 3929 3679 3975 cernuntur

2101 4013 2486 4081 praestantiora
2543 4013 2991 4083 incorruptibilia
3050 4024 3368 4084 mternaque
3417 4014 3595 4068 creari
3647 4029 3678 4068 a

2099 4103 2261 4174 415
2284 4104 2397 4159 Deo
2429 4120 2442 4157 :
2466 4107 2999 4161 consummationem
3025 4106 3337 4176 intelligens
3361 4122 3456 4160 seu
3494 4114 3677 4160 trans-

2100 4196 2237 4249 itum
2310 4197 2593 4265 conspicui
2639 4198 2854 4263 mundi,
2888 4198 3126 4267 novique
3185 4207 3390 4251 ortum.
3441 4196 3522 4252 Ad
3565 4196 3681 4251 hazc

2100 4289 2568 4343 resurrectionem
2593 4300 2941 4344 mortuorum
2974 4290 3169 4344 deﬁnit
3191 4306 3336 4354 esse,
3372 4288 3679 4343 animarum

2102 4380 2455 4434 rationalium
2498 4397 2622 4435 cum
2668 4397 2903 4451 corpore
2948 4381 3361 4451 incorruptibili
3418 4381 3681 4434 unionem

2102 4473 2566 4529 iudissolubilem.
2599 4474 2791 4530 Conon
2822 4491 2955 4531 vero
2982 4476 3187 4544 quique
3224 4489 3348 4528 eum
3379 4473 3498 4542 ipso
3528 4478 3678 4538 sunt,

2103 4565 2569 4635 quemadmodum
2643 4566 2906 4630 diximus,
2968 4566 3099 4621 licet
3162 4565 3318 4635 prius
3366 4564 3682 4619 laudassent

396 4668 501 4716 σὺν
539 4660 722 4730 αὐτῷ,
752 4661 830 4724 ὼς
876 4661 1130 4731 εἴπομεν,
1176 4666 1442 4733 πρότερον
1471 4662 1753 4734 δεχόμενοι
1775 4663 1845 4716 τά
1872 4680 1995 4733 συγ-

2106 4654 2542 4709 commentarios
2586 4654 2641 4707 in
2694 4655 2899 4723 quibus
2952 4654 3067 4709 haec
3123 4654 3379 4723 dogmata
3430 4652 3680 4717 tradidit,

395 4751 726 4820 γράμματα
758 4750 818 4800 ἐν
853 4742 932 4811 οἷς
958 4749 1132 4802 ταῦτα
1178 4750 1524 4819 ἐδογμάτισε,
1571 4752 1665 4803 καὶ
1706 4750 1867 4805 αὑτὸν
1908 4751 2002 4803 τὸν

394 4842 715 4894 ⁴Ινιλόττονον
756 4839 941 4903 ζῶντά
988 4856 1047 4892 τε
1084 4842 1181 4894 καλ⁵
1227 4841 1367 4909 μετὰ
1408 4840 1666 4910 τελευτὴν
1707 4841 2002 4913 ἐγγράφως

399 4934 501 4986 καὶ
574 4931 852 5001 ἀγράφως
901 4931 1318 5001 μακαρίζοντες,
1367 4933 1676 4986 τελευταῖον
1731 4933 1896 4987 αὐτόν
1939 4950 2001 4986 τε

398 5026 629 5078 ἐκεῖνον
675 5023 775 5075 καὶ
816 5022 885 5075 τά
930 5025 1344 5093 συγγράμματα
1396 5024 1562 5078 αὐτοῦ
1617 5026 1995 5079 άπεὸάλοντο·

395 5117 609 5184 λόγους
643 5114 943 5184 ἐγγράφως
973 5116 1357 5181 ἐκδεδωκότες,
1392 5118 1449 5169 ἐν
1482 5112 1563 5181 οἷς
1614 5118 1887 5187 λέγουσιν,
1918 5120 2000 5172 ὅτι

394 5208 474 5261 τὰ
517 5204 762 5272 σώματα
796 5204 867 5257 τὰ
909 5204 1150 5275 αἰσθητὰ
1192 5204 1368 5258 ταῦτα
1408 5206 1502 5259 καὶ
1544 5207 1820 5277 ὁρώμενα,
1858 5207 2002 5260 κατά

400 5297 509 5365 μὲν
558 5294 666 5361 τὴν
708 5291 844 5362 ῦλην
887 5293 949 5346 οὐ
991 5293 1300 5364 φθείρεται,
1339 5294 1474 5349 ἀλλὰ
1511 5295 1732 5365 μένουσι
1767 5297 1836 5349 τὰ
1862 5296 2001 5349 αὐτὰ

397 5388 503 5440 καὶ
548 5383 816 5455 ὁρώμενα
865 5387 947 5449 εἰς
996 5387 1086 5438 ἀεὶ
1122 5386 1199 5457 μὴ
1250 5387 1625 5457 φθειρόμεναο
1663 5389 1804 5441 κατά
1842 5388 1901 5442 δὲ
1942 5388 2003 5441 τὸ

396 5478 551 5543 εἶδος
610 5479 778 5548 μόνον
826 5478 1163 5551 φθείρονται.
1195 5481 1308 5533 Καὶ
1349 5480 1514 5534 πάλιν
1547 5481 2006 5552 ἀναμορφοῦσθαι

396 5574 506 5641 τὴν
560 5570 747 5640 αὐτὴν
782 5569 916 5640 ὕλην
962 5571 1212 5639 λέγουσι,
1247 5573 1499 5642 κρεῖττον
1540 5568 1678 5637 εἶδος
1710 5574 2009 5644 δεχομένην

397 5665 700 5733 ἄφθαρτον
744 5662 839 5715 καὶ
870 5663 1114 5717 αἰώνιον.
1176 5662 1398 5716 Γένεσιν
1439 5665 1541 5734 μέν
1580 5664 1675 5718 τοῦ
1729 5664 2007 5735 ὁρωμένου

399 5758 626 5823 κόσμου
674 5752 916 5821 λέγουσι,
948 5755 1097 5809 κατά
1126 5770 1187 5807 τε
1228 5752 1360 5825 ὓλην
1388 5755 1484 5809 καὶ
1522 5751 1683 5822 εῐδος,
1715 5756 1922 5827 φθορὰν
1954 5756 2010 5809 δὲ

2102 4745 2397 4815 ipsumque
2442 4745 2813 4814 Pliiloponum
2873 4745 3227 4815 superstitem
3274 4759 3338 4799 ac
3401 4750 3681 4797 mortuum

2103 4852 2201 4906 per
2220 4846 2385 4907 atque
2405 4846 2560 4891 extra
2574 4838 2779 4906 scripta
2793 4837 3012 4890 beatum
3038 4834 3682 4905 prtedicassent,demum

2100 4929 2357 4984 eumdem
2380 4929 2534 4983 illum
2558 4928 2843 4997 ipsiusque
2865 4928 3069 4997 scripta
3094 4927 3493 4997 repudiarunt:
3522 4925 3681 4980 libris

2103 5022 2290 5088 editis,
2316 5023 2371 5076 in
2405 5022 2611 5091 quibus
2650 5020 2995 5075 contendunt
3029 5036 3261 5091 corpora
3294 5020 3412 5075 hac
3436 5026 3684 5088 aspecta-

2106 5115 2237 5169 bilia
2266 5123 2323 5168 et
2356 5112 2662 5176 sensibilia,
2689 5114 2840 5183 juxta
2869 5112 3149 5167 materiam
3172 5111 3396 5181 quidem
3421 5126 3529 5165 non
3555 5125 3683 5164 cor-

2107 5206 2310 5275 rumpi,
2334 5204 2428 5259 sed
2457 5220 2679 5258 manere
2695 5204 2910 5268 eadem,
2934 5212 2989 5257 et
3008 5211 3325 5272 conspecta,
3355 5217 3683 5273 semperque

2106 5297 2456 5365 incorrupta;
2491 5294 2794 5350 secundum
2825 5310 2957 5349 vero
2992 5294 3224 5349 formam
3266 5293 3528 5348 duntaxat
3556 5311 3682 5351 cor-

2108 5387 2309 5457 rumpi.
2364 5387 2683 5456 Rursusque
2734 5386 3021 5441 reformari
3086 5385 3335 5440 eamdem
3396 5387 3683 5442 materiam

2105 5488 2321 5549 putant,
2380 5479 2705 5549 recipiendo
2753 5478 3188 5548 przestantiorem
3235 5477 3464 5532 formam
3498 5479 3709 5559 incor-.

2106 5573 2428 5644 ruptibilem
2458 5589 2523 5628 ac
2546 5574 2959 5643 sempiternam.
2983 5570 3266 5641 Adjiciunt
3302 5579 3484 5625 ortum
3524 5573 3684 5629 istius

2106 5668 2282 5720 oculis
2317 5665 2584 5736 propositi
2612 5664 2763 5719 orbis
2806 5663 3124 5733 contingere
3168 5663 3474 5719 secundum
3507 5675 3681 5721 mate-

2109 5757 2245 5810 riam
2286 5765 2343 5811 et
2366 5756 2620 5821 formam,
2668 5755 2915 5826 ejusdem
2964 5763 3149 5809 autem
3186 5755 3473 5813 interitum
3507 5766 3683 5814 trans-

1713 5870 1945 5925 VAlll.’E
1985 5869 2389 5926 LECTIONES.

477 5940 522 5970 ⁷³
556 5940 643 5992 An
677 5936 862 6009 αὖτῷἳ
