4146 6494
500 540 571 603 63
1600 538 1670 596 ΤΙ
1685 540 1891 599 MUTH
1900 542 1969 599 El
2020 543 2079 601 Pl

2180 543 2484 602 SBYTERI
2522 542 2629 601 (ΣΡ.
3692 542 3765 606 64

503 656 750 723 itumque
802 651 1107 707 secundum
1160 651 1332 705 solam
1394 652 1649 705 formam.
1687 654 1753 709 Ut
1794 654 1943 707 enim
1989 671 2075 708 rc-

2182 655 2346 708 αύτοῦ
2396 656 2563 725 ἤγουν
2608 654 2939 725 παρέλευσιν
2980 656 3123 709 κατὰ
3170 658 3331 727 μόνον
3370 657 3429 711 τὸ
3459 655 3617 722 εἶδος.
3650 662 3765 733 Τὴν

501 748 749 811 tulimus,
786 742 1072 799 materiam
1106 757 1327 812 semper
1358 742 1607 799 eamdem
1662 760 1888 799 manere
1948 761 2079 815 pro-

501 840 749 894 ﬁtentur.
785 837 857 892 At
878 835 1359 891 'resurrectionem
1404 844 1752 891 mortuorum
1784 837 2077 903 deﬁniunt,

500 931 749 1001 corporis
783 930 1015 1001 hujusce
1065 945 1190 984 cum
1236 931 1419 984 anima
1469 930 1729 985 rationali
1772 932 2079 986 secundam

500 1022 1055 1091 indissolubilemque
1083 1021 1370 1075 unionem.

590 1113 677 1166 ll.
754 1112 861 1166 Alii
920 1112 1217 1177 Severitaa,
1298 1127 1395 1167 seu
1451 1112 1858 1178 Theodosiani,
1913 1113 2081 1168 iidem

499 1204 873 1274 Philoponiaci
899 1222 913 1270 ;
940 1204 1104 1275 416
1125 1204 1219 1273 qui
1244 1204 1570 1258 accedentes
1588 1204 1793 1259 Severo
1819 1215 1875 1259 et
1898 1204 2082 1260 Theo-

497 1298 653 1353 dosio
698 1299 995 1367 episcopis,
1044 1313 1145 1367 pro
1192 1296 1421 1352 doctore
1478 1307 1767 1352 assumunt
1812 1300 2081 1353 Joannem

497 1390 885 1459 Philoponum,
937 1390 1216 1459 ipsiusque
1260 1390 1481 1459 scriptis
1519 1390 1821 1451 inhaerent;
1857 1407 1921 1444 ac
1954 1406 2080 1444 eum

495 1492 827 1552 sequuntur,
875 1498 986 1536 non
1029 1483 1207 1536 solum
1261 1483 1317 1535 in
1374 1482 1627 1536 doctrina
1672 1482 1741 1537 de
1790 1482 2079 1547 Trinitate,

495 1572 592 1627 sed
621 1574 787 1627 etiam
825 1573 879 1627 in
903 1574 1259 1642 opinionibus
1294 1572 1361 1627 de
1384 1574 1859 1628 consummatione
1891 1572 2081 1627 mundi

495 1665 591 1736 qui
631 1666 807 1721 oculis
835 1666 1165 1736 percipitur,
1191 1666 1371 1735 deque
1405 1668 1653 1736 ejusdem
1686 1667 1839 1721 orbis
1867 1682 2082 1721 necnon

498 1758 669 1813 futuri
705 1770 851 1824 ortu,
905 1775 969 1814 ac
1016 1759 1083 1813 de
1110 1758 1523 1814 resurrectione
1571 1769 1940 1815 mortuorum.
1986 1760 2079 1815 Isti

498 1864 601 1903 nec
645 1849 992 1911 Damianum,
1022 1863 1123 1902 nec
1154 1847 1406 1911 Paulum,
1440 1864 1541 1902 nec
1568 1849 1823 1903 ultimum
1859 1849 2082 1904 Petrum

496 1956 596 2011 pro
646 1941 761 1995 suis
814 1941 1038 1995 habent.
1092 1939 1344 2009 Cumque
1403 1941 1559 2010 prius
1615 1940 1895 1995 Cononem
1940 1941 2082 1995 reci-

2182 746 2290 814 γάρ
2321 746 2475 814 ὕλην,
2524 746 2600 809 ὡς
2637 746 2889 815 εἴπομεν,
2943 746 3031 799 ἀεὶ
3097 746 3377 816 διαμένειν
3443 751 3765 819 ὁμολογοῦσι

2182 834 2277 903 τὴν
2328 834 2522 904 αύτήν.
2582 835 2903 889 Ἀνάστασιν
2944 835 3002 888 δὲ
3051 836 3262 905 νεκρῶν
3300 838 3574 909 όρὲζονται
3621 838 3764 897 εἶναι

2180 927 2279 996 τὴν
2333 924 2427 978 106
2482 924 2736 995 σώματος
2776 926 2968 979 τούτου
3003 929 3118 995 (50)
3178 929 3317 1000 πρὸς
3365 930 3464 1002 τὴν
3530 931 3761 1005 λογικὴν

2179 1016 2358 1086 ψυχὴν
2393 1016 2656 1087 δευτέραν
2680 1016 2876 1069 ἕνωσιν
2905 1018 3226 1073 ἀδιάλυτον.

2253 1115 2341 1162 ια’.
2389 1109 2572 1161 ’Ἄλλοι
2620 1109 2935 1179 Σεὸηρίται,
2985 1111 3156 1181 ῆγουν
3191 1112 3553 1180 Θεοδοσιανοὶ,
3583 1117 3631 1169 0!
3666 1117 3767 1169 καὶ

2181 1200 2563 1254 Φιλοπονιακοι
2585 1216 2597 1229 ·
2632 1201 2831 1264 οἵτινες
2866 1202 3149 1273 δεχόμενοι
3182 1204 3422 1276 Σεόἦρον
3451 1207 3543 1259 κα)⁵
3572 1207 3765 1261 Θεοδό-

2185 1310 2299 1345 σιον
2348 1295 2705 1359 ἐπισκόπους,
2740 1295 2989 1363 δέχονται
3023 1297 3103 1359 εἰς
3145 1297 3467 1352 διδάσκαλον
3495 1300 3586 1353 τὸν
3611 1300 3766 1354 Φιλύ⁹

2183 1404 2343 1440 πονον
2379 1387 2659 1456 Ἰωάννην,
2704 1388 2799 1439 καὶ
2839 1388 2907 1439 τὰ
2938 1389 3130 1441 τούτου
3172 1391 3602 1461 συγγράμματα,
3630 1393 3764 1445 ἀκο-

2182 1478 2499 1541 λουθοῦντες
2525 1478 2671 1547 αύτῷ
2700 1481 2759 1532 ού
2795 1480 2955 1549 μόνον
2994 1482 3051 1532 ὲν
3080 1482 3158 1549 τῷ
3189 1483 3316 1550 περὶ
3342 1482 3572 1553 Τριάδος
3596 1482 3762 1551 λόγῳ,

2182 1570 2317 1623 ἀλλὰ
2349 1570 2443 1622 καὶ
2475 1570 2533 1621 ὲν
2570 1571 2683 1631 τοῖς
2732 1571 2863 1639 περί
2892 1572 3206 1635 συντελείας
3228 1573 3321 1625 106
3353 1573 3640 1643 ὁρωμένου
3668 1572 3765 1625 κό-

2185 1680 2347 1733 σμου,
2384 1664 2477 1715 καὶ
2512 1662 2779 1729 γενέσεως
2804 1661 2899 1715 106
2922 1680 2982 1716 τε
3003 1664 3283 1734 ὁρωμένου
3314 1664 3522 1734 κόσμου
3553 1664 3762 1717 καὶτοῦ

2186 1754 2495 1823 μέλλοντος,
2545 1753 2640 1806 καὶ
2680 1753 2891 1827 νεκρῶν
2929 1755 3303 1819 ἀναστάσεως.
3342 1750 3503 1809 Οὗτοι
3553 1756 3608 1808 δὲ
3639 1754 3766 1807 οὔτε

2184 1845 2479 1917 Δαμιανὸν,
2521 1845 2645 1898 οὔτε
2687 1846 2924 1912 Παῦλον,
2982 1844 3109 1899 οὔτε
3156 1847 3250 1899 τὸν
3293 1845 3523 1917 ἔσχατον
3557 1847 3768 1918 Πέτρον

2183 1938 2450 2007 δέχονται.
2502 1938 2777 2007 Πρότερον
2814 1938 2872 1991 δὲ
2917 1937 3197 2009 δεχόμενοι
3236 1939 3486 2002 Κόνωνα,
3534 1939 3766 2010 ὕστερον

496 2042 719 2103 pcrent,
770 2042 960 2102 postea
1018 2032 1367 2103 rejecerunt,
1421 2048 1488 2087 eo
1536 2032 1684 2101 quod
1737 2032 2079 2102 repudiasset

2185 2029 2345 2081 αὐτὸν
2404 2028 2783 2092 ἁπεδάλοντο,
2841 2028 2929 2082 διὰ
2982 2028 3046 2081 τὸ
3100 2028 3500 2082 ἀποϐάλλεσθαι
3556 2031 3769 2082 ἐκεῖνον

497 2126 761 2181 Joannem
814 2126 1181 2195 Philoponum
1227 2126 1485 2197 illiusque
1520 2128 1744 2197 scripta.
1800 2128 1968 2183 Iidem
2026 2129 2079 2182 in

494 2219 850 2274 sermonibus
900 2222 994 2289 qui
1044 2222 1111 2274 ad
1161 2222 1492 2276 Trinitatem
1541 2222 1848 2290 pertinent,
1888 2222 2080 2275 conci-

494 2321 634 2366 nunt
681 2328 805 2366 cum
855 2311 1173 2379 Cononitis;
1215 2329 1280 2367 ac
1307 2313 1592 2368 Tritheita:
1619 2314 1687 2367 ab
1714 2313 1987 2384 Angelitis
2018 2323 2075 2369 et

494 2403 845 2458 Paulianistis
866 2403 1261 2458 nominantur:
1286 2419 1427 2473 quos
1460 2403 1563 2473 ipsi
1594 2403 1759 2457 modo
1791 2404 2081 2459 nominant

494 2493 860 2558 Sabellianos,
903 2494 1068 2549 modo
1114 2494 1448 2549 Tetraditas.
1498 2494 1702 2549 Verum
1744 2493 1801 2547 in
1845 2492 1913 2548 iis
1958 2509 2082 2562 quas

490 2592 744 2654 spectant
790 2584 858 2639 ad
906 2586 1437 2639 consummationem
1495 2584 1739 2639 visibilis
1778 2584 1993 2646 mundi,
2026 2594 2083 2639 et

494 2677 564 2733 ad
616 2680 1084 2735 resurrectionem
1136 2689 1486 2733 mortuorum
1538 2679 1818 2735 contraria
1864 2694 1928 2732 ac
1972 2678 2081 2733 Co-

493 2772 699 2825 nonitre
748 2780 1008 2826 tenentur
1060 2772 1357 2826 sententia.
1415 2771 1485 2825 Et
1529 2770 1814 2825 Cononitae
1856 2770 2080 2840 quidem

494 2864 597 2918 hos
644 2864 1071 2932 Philoponiacos
1101 2864 1380 2933 appellant
1411 2862 1764 2923 Sadduceeos.
1802 2862 2079 2917 Simonia-

494 2971 615 3019 nos,
659 2954 926 3019 Gentiles,
972 2956 1411 3019 Valentinianos,
1464 2955 1866 3019 Marcionistas,
1910 2954 2082 3008 Mani-

494 3046 695 3100 chaeos.
721 3046 963 3099 Rursum
984 3062 1116 3100 vero
1138 3046 1517 3116 Philoponiaci
1542 3046 1737 3100 iisdem
1762 3046 2080 3101 nominibus

494 3138 764 3193 hmresum
796 3146 851 3192 et
872 3138 1217 3209 Paganorum
1241 3137 1545 3194 Cononitas
1597 3138 1842 3203 donant;
1871 3154 2078 3207 cogno-

496 3229 777 3299 minatque
834 3246 951 3293 eos,
1009 3230 1249 3294 Graecos,
1299 3230 1650 3292 Manichznos,
1702 3231 2075 3293 Simonianos,

495 3322 932 3387 Valentinianos,
952 3324 1333 3377 Marcionistas
1351 3333 1407 3377 et
1426 3322 1924 3393 Hermogeniastas.
1949 3322 2079 3388 Quze

492 3415 716 3486 quidem
760 3415 983 3470 nomina
1027 3416 1407 3485 Philoponiaci
1453 3418 1746 3486 imponunt
1786 3416 1948 3487 417
1978 3414 2082 3470 Co-

492 3505 723 3570 nonitis,
754 3505 1083 3576 objicientes
1118 3507 1227 3561 illis
1255 3507 1515 3561 similiter
1572 3506 1856 3562 materiam
1902 3507 2079 3561 sensi-

491 3597 623 3652 bilis
674 3597 838 3652 istius
869 3598 1061 3651 mundi
1112 3614 1302 3653 carere
1341 3599 1588 3653 interitu.
1617 3599 1858 3669 Qumque
1887 3599 2080 3654 eadem

492 3691 718 3745 nomina
741 3690 1025 3745 Cononitaa
1056 3691 1360 3759 praedicant
1382 3692 1448 3747 de
1484 3692 1911 3762 Philoponiacis,
1932 3692 2080 3761 quod

493 3797 604 3835 non
651 3780 1024 3835 confiteantur
1064 3781 1330 3835 horumce
1374 3797 1667 3851 corporum
1716 3781 2081 3836 resurrectio-

493 3886 639 3924 nem.
670 3870 869 3926 Adhrec
894 3871 1128 3938 utrique,
1166 3871 1555 3940 Philoponiaci
1597 3883 1653 3926 et
1689 3871 1995 3934 Cononitae,
2022 3887 2081 3925 se

494 3962 728 4017 invicem
775 3961 1115 4033 Origenistas
1154 3971 1376 4020 vocant.
1411 3964 1546 4017 Nam
1600 3976 1726 4015 cum
1769 3962 2083 4016 invenerint

494 4058 872 4126 Philoponiaci
922 4059 973 4111 in
1008 4058 1166 4114 libris
1204 4057 1481 4129 Origenis,
1510 4056 1761 4111 eamdem
1793 4057 2080 4111 materiam

496 4151 550 4203 in
597 4148 783 4203 futuro
830 4150 1031 4205 saeculo
1098 4150 1414 4213 reformari,
1465 4150 1702 4218 ideoque
1758 4150 2080 4203 eorumdem

492 4257 787 4310 corporum
835 4241 953 4297 fore
1031 4243 1522 4305 resurrectionem,
1555 4241 1856 4296 Cononitas
1889 4240 2084 4310 appel-

492 4332 749 4387 laverunt
772 4333 1135 4405 Origenistas.
1173 4334 1375 4393 Contra
1407 4334 1692 4389 Cononitaa
1721 4332 1868 4388 nacti
1900 4333 1953 4386 in
1984 4348 2083 4387 co-

494 4424 619 4479 dem
669 4425 927 4497 Origene,
975 4428 1211 4482 aliorum
1249 4443 1549 4498 corporum
1584 4425 2079 4491 resurrectionem;

493 4527 579 4573 est
625 4520 774 4574 enim
824 4520 880 4574 in
932 4522 1226 4577 sententiis
1274 4522 1594 4576 inconstans
1644 4519 1760 4584 vir;
1815 4518 2082 4587 Philopo-

496 4612 668 4667 niacis
721 4613 1161 4683 Origenistarum
1192 4629 1395 4669 nomen
1432 4613 1776 4667 indiderunt.
1808 4610 2080 4666 Caeterum

2196 2123 2451 2193 Ἰωάννην
2466 2123 2554 2176 τὸν
2577 2122 2871 2174 Φιλόπονον
2897 2123 2993 2174 καὶ
3017 2121 3089 2175 τὰ
3116 2123 3304 2174 τούτου
3330 2121 3764 2191 συγγράμματα.

2183 2217 2292 2269 Καὶ
2326 2217 2382 2268 ὲν
2412 2214 2510 2284 μὲν
2537 2217 2650 2277 τοῖς
2683 2216 2812 2284 περὶ
2837 2213 3067 2285 Τριάδος
3101 2214 3304 2281 λόγοις,
3343 2214 3622 2285 συνᾴδουσι
3652 2217 3770 2277 τοῖς

2183 2307 2550 2370 Κονωνίταις’
2598 2307 2696 2360 καὶ
2743 2307 3028 2379 Τριθεΐται
3059 2307 3424 2376 ὀνομάζονται
3473 2308 3570 2361 καὶ
3606 2308 3770 2360 αὐτοὶ

2182 2401 2288 2454 ύπὸ
2314 2400 2425 2454 τῶν
2467 2400 2797 2469 Ἀγγελιτῶν
2844 2401 2939 2453 καλ⁸
2973 2400 3405 2454 Παυλιανιστῶνο
3438 2399 3771 2470 ὀνομάζουσι

2180 2493 2237 2545 δὲ
2265 2494 2359 2547 καὶ
2382 2493 2538 2545 αὐτοὶ
2576 2490 2840 2556 ἐκείνους,
2869 2493 3001 2545 ποτε
3042 2492 3141 2562 μὲν
3178 2492 3598 2555 Σαϐελλιανοὺς.
3632 2492 3772 2544 ποτὲ

2180 2583 2238 2637 δὲ
2256 2581 2609 2653 Τετραίίτας.
2652 2582 2741 2635 Ἐν
2770 2582 2828 2634 δὲ
2858 2584 2971 2644 τοῖς
2997 2581 3127 2651 περὶ
3158 2581 3476 2645 συντελείας
3502 2582 3597 2635 106
3625 2584 3773 2652 ὁρω-

2186 2677 2350 2749 μένου
2390 2676 2623 2746 κόσμου,
2664 2676 2760 2730 καὶ
2806 2676 3020 2747 νεκρῶν
3050 2676 3426 2740 ἀναστάσεως,
3455 2676 3774 2729 ἐναντιοῦν-

2179 2787 2270 2823 ται
2299 2770 2503 2832 αύτοίς,
2531 2772 2645 2830 τοῖς
2670 2770 3006 2832 Κονωνίταις
3037 2770 3199 2839 φημε.
3242 2770 3479 2834 Τούτους
3501 2770 3551 2823 οἱ
3578 2770 3774 2823 Κονωο

2180 2860 2346 2926 νίται,
2388 2861 2516 2922 τοὺς
2552 2859 2979 2922 Φιλοπονιακοὺς
3022 2859 3192 2928 λέγω,
3246 2859 3479 2915 καλοῦσι
3536 2859 3777 2912 Σαδδου-

2180 2953 2369 3014 καίους
2405 2952 2500 3005 καὶ
2534 2951 2908 3020 Σιμωνιανοὺς
2953 2952 3050 3005 καὶ
3089 2951 3359 3024 Ἕλληνας
3410 2952 3505 3005 καὶ
3534 2950 3778 3005 Οὐαλεν-

2179 3045 2448 3106 τινιανοὺς
2466 3044 2559 3097 κα)⁸
2581 3043 3003 3115 Μαρκιωνιστὰς
3020 3046 3114 3098 καὶ
3135 3044 3776 3115 Μανιχαίους.ζΚὰκεῖνοι

2180 3136 2361 3200 πάλιν,
2390 3140 2438 3190 οἱ
2468 3137 2866 3199 Φιλοπονιακοὶ,
2890 3141 3002 3201 τοῖς
3022 3140 3205 3202 αὐτοῖς
3234 3139 3462 3208 ὀνόμασι
3488 3138 3600 3191 τῶν
3617 3139 3778 3209 αἰρέο

2182 3247 2317 3282 σεων
2335 3231 2429 3282 καὶ
2454 3230 2722 3298 Ἑλλήνων
2750 3231 2875 3293 τοὺς
2904 3231 3213 3294 Κονωνξτας
3234 3229 3730 3301 προσαγορεύουσιν
3751 3246 3770 3260 ο

2106 3354 2148 3411 C
2181 3321 2449 3390 ’Έλληνας
2473 3322 2669 3383 αὐτοὺς
2691 3322 2784 3375 καὶ
2809 3322 3144 3391 Μανιχαίους
3174 3322 3267 3374 καὶ
3284 3321 3653 3390 Σιμωνιανοὺς
3672 3321 3775 3373 καὶ

2185 3414 2665 3477 Οὐαλεντινιανοὺς
2691 3414 2787 3467 καὶ
2816 3414 3245 3485 Μαρκιωνιστάς
3274 3415 3366 3466 καὶ
3407 3414 3773 3484 Ἑρμογενια-

2185 3508 2318 3573 στας
2352 3508 2774 3571 ἀποκαλοῦντες.
2800 3508 2910 3561 Καὶ
2940 3509 2991 3560 οἱ
3028 3508 3127 3578 μὲν
3150 3506 3529 3561 Φιλοπονιακοὶ
3552 3505 3621 3557 τὰ
3645 3505 3771 3557 ὀνό-

2184 3618 2330 3671 ματα
2373 3600 2544 3653 ταῦτα
2578 3603 2691 3663 τοῖς
2740 3602 3075 3664 Κονωνίταις
3128 3601 3480 3670 ἐπιφέρουσι,
3512 3600 3773 3667 λέγοντες

2180 3693 2367 3756 αὐτοῖς
2393 3694 2487 3762 τὴν
2510 3692 2642 3761 ὓλην
2676 3692 2771 3745 τοῦ
2800 3692 3061 3757 αἰσθητοῦ
3090 3694 3290 3746 τούτου
3321 3694 3531 3763 κόσμου
3562 3693 3773 3762 ὁμοίως

2180 3785 2562 3854 ἀτελεύτητον.
2602 3787 2665 3837 Οἱ
2694 3785 2751 3837 δὲ
2782 3784 3085 3837 Κονωνίται
3127 3784 3197 3837 τὰ
3235 3786 3373 3838 αὐτὰ
3399 3786 3637 3855 ὀνόματα
3658 3783 3772 3837 τῶν

2178 3875 2587 3929 Φιλοπονιακῶν
2618 3874 3007 3944 κατηγοροῦσι,
3044 3875 3131 3928 διὰ
3158 3875 3219 3927 τὸ
3251 3876 3325 3946 μὴ
3355 3877 3535 3945 λέγειν
3568 3876 3774 3938 αὐτοὺς

2179 3968 2291 4021 τῶν
2346 3968 2614 4036 σωμάτων
2652 3966 2859 4019 τούτων
2913 3967 3233 4021 ἀνάστασιν.
3271 3968 3417 4040 Πρὸς
3470 3970 3679 4030 τούτοις
3707 3969 3770 4022 δὲ

2180 4060 2457 4130 ἑκάτεροι,
2485 4058 2598 4111 οἵτε
2634 4058 3039 4119 Φιλοπονιακοὶ,
3062 4060 3155 4112 καὶ
3183 4061 3233 4113 οἱ
3258 4062 3584 4128 Κονωνίται,
3625 4063 3771 4130 Ὦρι-

2180 4149 2477 4217 γενιαστὰς
2520 4148 2787 4219 ἀλλήλους
2820 4150 3204 4219 ὀνομάζουσιν.
3238 4153 3551 4222 Εὑρηκότες
3578 4152 3687 4222 γὰρ
3714 4152 3769 4205 οἱ

2141 4247 2151 4258 '
2179 4241 2566 4294 Φιλοπονιακοὶ
2599 4242 2690 4295 τὸν
2728 4242 3011 4312 Ὠριγένην
3038 4244 3268 4311 λέγοντα
3311 4247 3391 4298 ὅτι
3422 4247 3453 4315 ἡ
3492 4245 3630 4316 αὑτὴ
3661 4244 3767 4314 ὕλη

2180 4337 2240 4389 ὲν
2264 4334 2342 4404 τῷ
2374 4334 2620 4403 μέλλοντι
2670 4334 2829 4388 αἰῶνι
2872 4337 3313 4408 ἀναμορφοῦται,
3344 4340 3441 4392 καὶ
3470 4339 3561 4392 διὰ
3605 4337 3767 4393 τοῦτο

2182 4424 2293 4477 τῶν
2326 4424 2505 4477 αὐτῶν
2538 4425 2810 4494 σωμάτων
2847 4425 3054 4493 γίνεται
3088 4430 3120 4493 ὴ
3145 4429 3465 4492 ἀνάστασις,
3495 4428 3766 4482 ἐκάλεσαν

2180 4518 2309 4577 τοὺς
2336 4517 2648 4580 Κονωνίτας
2686 4519 3115 4588 Ὠριγενιαστάς.
3155 4520 3328 4574 Πάλιν
3370 4522 3422 4574 ol
3459 4521 3764 4574 Κονωνῑται

2184 4608 2439 4679 εὑρόντες
2487 4610 2578 4664 τὸν
2624 4610 2909 4680 Ὠριγένην
2957 4612 3188 4679 λέγοντα
3252 4613 3429 4667 ἄλλων
3493 4614 3766 4683 σωμάτων

495 4703 877 4773 Philoponiaci
925 4705 1227 4761 admittunt
1263 4706 1584 4775 episcopum
1632 4703 1927 4773 quemdam
1984 4718 2079 4757 no-

2186 4702 2511 4755 ἀνάστασιν’
2551 4702 2887 4773 παλίμϐολος
2914 4706 3023 4776 γὰρ
3047 4706 3075 4757 ό
3115 4708 3255 4778 ἀνήρ
3291 4697 3437 4778 (31)·
3470 4708 3767 4778 ὠνόμασαν

496 4792 643 4849 mine
689 4794 1013 4865 Georgium,
1098 4795 1343 4864 itemque
1386 4794 1561 4849 libros
1594 4794 1663 4848 ab
1732 4793 1829 4847 illo
1876 4791 2078 4846 editos.

2187 4794 2315 4856 τοὺς
2353 4793 2778 4856 Φιλοπονιακοὺς
2833 4795 3262 4865 Ὠριγενιαστάς.
3308 4797 3565 4869 Δέχονται
3620 4796 3677 4849 δὲ
3715 4798 3770 4849 οἱ

495 4884 880 4938 Φιλοπονιακοὶ
906 4885 1207 4940 ἐπίσκοπόν
1235 4904 1360 4942 τινα
1398 4885 1671 4958 Γεὼργιον
1700 4886 1944 4955 ὀνόματι,
1985 4885 2083 4939 καὶ
2117 4886 2243 4949 τοὺς
2269 4885 2463 4955 λόγους
2489 4886 2616 4948 τοὺς
2663 4886 2755 4939 ὑπ’
2789 4888 2954 4941 αὐτοῦ
2984 4889 3320 4954 ἐκδοθέντας.

2002 4996 2047 5051 Ν
2052 4998 2237 5055 ΟΤΑΞ.

570 5090 681 5161 (50)
717 5090 827 5144 Τού
857 5089 1132 5159 σώματος
1159 5090 1401 5145 τούτου.
1435 5092 1621 5147 lreumi
1668 5099 1798 5145 sunt
1838 5090 1941 5145 ista
1968 5091 2069 5146 lib.

501 5180 556 5226 ν,
588 5177 705 5231 cap.
736 5161 789 5223 2,
833 5163 923 5231 qui
950 5162 1068 5215 huic
1096 5161 1312 5215 mortali
1361 5160 1819 5216 immortalitatem
1848 5163 2075 5215 circum—

504 5236 618 5295 dat,
656 5230 718 5286 iet
770 5230 1098 5302 corruptibili
1136 5232 1547 5301 incorruptelam
1606 5234 1839 5302 gratuito
1895 5233 2076 5285 donat.

506 5304 714 5368 Grtece,
754 5302 813 5366 ὃς
869 5301 1038 5364 ὅντως
1079 5302 1387 5372 (interpres
1435 5301 1640 5371 τούτῳ)
1668 5303 1746 5371 τῷ
1776 5302 1954 5371 θνητῷ
1983 5302 2081 5372 τὴν

503 5373 800 5426 ἀθανασίαν
862 5375 1159 5443 περιποιεῖ,
1186 5372 1279 5425 καὶ
1330 5372 1407 5440 τῷ
1444 5372 1667 5443 φθαρτῷ
1717 5372 1827 5443 τὴν
1865 5373 2078 5443 ἀφθαρ-

502 5442 1087 5569 σίανζπροζαρίζεται.
1136 5442 1218 5497 An
1259 5442 1711 5515 προσχαρίζεται,
1746 5442 1834 5496 vel
1869 5442 2076 5496 προῖκα

502 5528 625 5569 ram
664 5531 811 5567 εται.

533 5531 811 5567 αοιιεταιε

498 5528 1102 5652 χαεξὲῗτῗῖἆλίμϐολος
1127 5581 1238 5652 γὰρ
1270 5585 1303 5634 ὁ
1330 5581 1505 5649 ἀνήρ.
1539 5583 1686 5638 Nihil
1731 5584 2077 5639 constantius

501 5652 909 5714 aﬂirmaverim,
943 5668 1106 5722 quam
1153 5652 1444 5722 Origenem
1475 5654 1530 5707 in
1561 5655 1910 5723 dogmatibus
1959 5654 2075 5707 suis

503 5723 671 5777 fuisse
722 5724 1144 5793 inconstantem,
1196 5723 1471 5793 przecipue
1520 5725 1667 5779 circa
1718 5724 2082 5778 resurrectio-

502 5808 650 5846 nem.
678 5792 835 5863 rAudi
881 5792 1170 5847 Maximum
1203 5793 1268 5847 ad
1298 5792 1462 5863 caput
1484 5811 1555 5847 vn
1579 5794 1705 5848 libri
1735 5794 1812 5847 De
1840 5793 2084 5847 ecclesia-

502 5864 635 5917 stica
666 5862 985 5934 Ιιὶεζιζτεήἱα,
1021 5863 1295 5934 Αἱρετικοὶ
1319 5862 1465 5928 τινες
1506 5864 1630 5916 τότε
1674 5865 1979 5933 γεγόνασιν,
2007 5864 2083 5926 ὡς

502 5934 551 5985 0l
585 5931 714 6001 περὶ
745 5930 977 6003 ᾼΣεμωνα
1022 5930 1113 5987 τὸν
1146 5935 1338 6002 μάγον,
1368 5936 1462 5987 καὶ
1494 5936 1620 5997 τοὺς
1647 5930 1925 6003 συναύτῷ
1946 5949 1958 5960 ο
1995 5934 2083 5986 οἴ-

504 6000 917 6072 τινεςαιθέριον
944 6000 1202 6075 ἔφασκον,
1232 6004 1347 6073 εἴγε
1380 6006 1472 6059 καὶ
1501 6005 1693 6075 (abest
1740 6020 1767 6059 a
1816 6000 1915 6059 ms.
1958 6005 2080 6073 καὶ)

2182 5092 2289 5159 ἄρα
2337 5091 2555 5145 ἔσεσθαι
2608 5092 2767 5162 σῶμα
2809 5094 2929 5155 ταῖς
2964 5092 3193 5163 ψυχαῖς.
3240 5096 3436 5149 Ἰστέον
3463 5097 3520 5150 δὲ
3564 5099 3645 5151 ὅτι
3673 5101 3771 5153 καὶ

2196 5164 2480 5235 Ὠριγένης
2507 5163 2567 5214 τὸ
2596 5163 2726 5216 αὑτό
2757 5180 2920 5232 φησιν
3045 5162 3148 5217 τινι
3173 5166 3317 5228 (MS.
3349 5171 3493 5235 τισι)
3523 5169 3631 5221 τῶν
3666 5171 3769 5222 αύ-

2185 5232 2280 5287 106
2313 5234 2794 5301 συγγραμμάτων·
2841 5236 2898 5285 ὲν
2933 5233 3112 5296 ἄλλοις
3160 5236 3217 5289 δὲ
3253 5238 3347 5290 καὶ
3385 5232 3517 5291 αὐτὸ
3565 5256 3769 5292 παντε-

2188 5303 2298 5366 λῶς
2328 5304 2659 5376 άπαρνεῖται
2681 5344 2693 5360 ,
2730 5304 2916 5376 πᾶσαν
2946 5308 3287 5376 σωματικὴν
3339 5308 3501 5376 φύσιν
3535 5312 3614 5370 εἱς
3669 5311 3768 5361 ἁν-

2190 5373 2462 5448 υπαρξίαν
2490 5375 2692 5448 χωρεῖν
2724 5373 3088 5448 δογματίζων.
3123 5373 3370 5432 [heretici
3405 5380 3621 5448 quidam
3654 5390 3769 5434 tum

2181 5442 2417 5519 fuerunt,
2474 5442 2771 5519 ut_"S_imon
2826 5444 3014 5513 Magna
3072 5456 3120 5498 et
3173 5450 3287 5518 ejus
3334 5442 3638 5511 sectatores,
3678 5453 3770 5519 qui

2181 5518 2465 5590 lethargum
2498 5513 2741 5590 dicebant
2777 5530 2965 5583 corpus
2997 5526 3134 5590 certe
3165 5513 3370 5588 quidem
3405 5521 3597 5573 animis
3620 5513 3767 5590 [utu-

2180 5601 2318 5661 r‘um.
2355 5582 2637 5661 Sciendum
2684 5592 2759 5661 est
2814 5582 2995 5661 autent
3046 5582 3327 5661 Origenem
3383 5607 3589 5661 quoque
3620 5582 3767 5643 idem

2180 5656 2350 5728 dicere
2400 5656 2455 5706 in
2515 5654 2882 5728 quibusdame
2917 5658 3023 5709 suis
3079 5654 3257 5722 libris;
3317 5654 3455 5728 quod
3490 5654 3667 5714 tamen
3709 5661 3765 5712 in

2184 5725 2305 5776 aliis
2329 5740 2550 5801 prorsus
2593 5733 2770 5801 negat.
2802 5724 2989 5801 docens
3031 5745 3237 5783 omnem
3270 5724 3581 5801 corpoream
3609 5740 3767 5801 uatu-

2184 5811 2303 5866 ram
2332 5796 2386 5847 in
2419 5791 2641 5866 nihilum
2664 5791 2835 5866 abire.
2872 5797 2942 5851 Ut
2975 5808 3158 5853 autem
3186 5807 3226 5851 t.
3256 5802 3297 5855 ῐ.
3332 5791 3519 5855 vocem
3560 5799 3764 5866 παλίμ-

2184 5864 2340 5926 6ολος
2371 5863 2834 5939 restit‘ui_L_ibello
2860 5868 3145 5939 synodico,
3174 5886 3240 5923 ex
3268 5871 3658 5939 παλίμδουλος,
3689 5863 3761 5923 ita

2185 5950 2351 6009 nunc
2384 5932 2749 6009 δυσξύμϐολος
2797 5932 2987 6009 reddo
3008 5938 3240 6009 Georgio
3270 5932 3520 5997 Cedr'cno
3553 5942 3607 5996 in
3639 5940 3759 5993 Vita

2186 6005 2385 6059 Leonis
2416 6004 2681 6072 Armenii,
2710 6021 2810 6074 pro
2833 6004 3248 6078 δυσξύμϐουὶῖος.
