4146 6442
490 474 559 539 57
1599 473 1975 533 ΤΙΜΟἸἩΕΙ
2014 474 2055 533 Ρ

2157 474 2487 535 ἱΒΒΥΤΕΗΙ
2527 475 2640 535 CP.
3680 480 3750 542 68

487 585 727 639 aemulati
777 584 1024 639 facinora
1067 583 1182 637 Arii
1217 583 1446 654 ejusque
1492 582 1914 653 discipulorum,
1946 583 2055 653 pari

2170 583 2382 647 Οἶτινες
2417 582 2487 637 τὰ
2541 583 2952 656 ἐπιτηδεύματα
3004 586 3217 655 Ἀρείου
3244 603 3304 640 τε
3346 586 3442 642 καὶ
3470 588 3581 642 τῶν
3608 590 3751 645 ὲκεί-

487 693 611 731 cum
654 678 721 731 iis
761 677 993 736 ratione,
1035 686 1188 729 extra
1224 673 1600 729 ecclesiastica
1634 681 1788 743 septa
1832 674 2067 728 colloca-

487 778 619 822 runt
654 784 733 822 se.
764 767 847 820 llli
897 766 1099 833 quippe
1142 764 1297 817 mille
1343 764 1630 817 machinas
1676 763 2062 826 admoverunt,

486 859 671 913 studio
724 856 1094 927 propellenda:
1124 856 1192 909 ab
1219 856 1464 910 Ecclesia
1497 864 1699 909 sancta
1738 863 1793 909 et
1820 870 2067 909 (ecume-

486 951 623 1003 nica:
666 949 899 1002 Nicaeum
968 946 1185 1017 synodi.
1247 947 1339 1000 lsti
1388 962 1519 1001 vero
1565 946 1841 1000 consimili
1901 945 2067 1000 modo

485 1042 809 1110 multiplicia
861 1041 1303 1095 machinamenta
1332 1049 1388 1094 et
1436 1040 1734 1094 verborum
1766 1039 2067 1094 certamina

485 1136 886 1204 exeogilarunt,
942 1135 1231 1202 cupientes
1285 1132 1354 1186 ab
1404 1132 1648 1187 Ecclesia
1682 1132 1885 1202 ejicere
1916 1147 2066 1186 (ecu-

486 1228 759 1281 menicam
814 1236 1059 1281 sanctam
1091 1226 1362 1296 synodum
1392 1224 1925 1280 Chaicedonensem.
1964 1225 2067 1279 Ve-

485 1334 605 1371 rum
651 1318 797 1387 quod
850 1326 1041 1372 contra
1089 1327 1306 1371 sanctos
1357 1318 1548 1371 Patres
1587 1317 1761 1370 moliti
1807 1324 1955 1381 sunt,
2008 1316 2065 1370 in

485 1410 633 1480 ipsos
651 1410 899 1463 divinum
930 1410 1159 1463 immisit
1186 1409 1572 1477 convertitque
1596 1407 1890 1477 judicium,
1916 1407 2064 1477 quod

482 1516 579 1556 eos
611 1511 769 1555 extra
796 1500 1067 1555 Ecclesias
1085 1498 1397 1553 constituit.
1423 1496 1690 1550 Acuerunt
1720 1495 2065 1565 enim,juxta

482 1593 782 1662 Scriptura:
805 1593 1112 1655 oraculum,
1142 1590 1376 1660 linguam
1406 1606 1558 1642 suam
1582 1590 1715 1642 sicut
1742 1589 1997 1657 serpentis
2020 1587 2061 1641 ί.

484 1684 829 1739 Intenderunt
879 1702 1063 1738 arcum
1107 1700 1216 1736 rem
1262 1699 1550 1747 amaram;
1596 1690 1654 1734 ut
1696 1682 1945 1751 sagittent
2007 1682 2063 1734 in

480 1779 693 1831 occultis
742 1780 1166 1831 immaculatum.
1214 1773 1593 1827 Firmaverunt
1641 1774 1739 1827 sibi
1769 1790 2063 1827 sermonem

481 1891 706 1945 nequam
735 1888 750 1925 :
789 1879 1143 1925 narraverant
1190 1876 1246 1920 ut
1296 1868 1669 1920 absconderem
1702 1866 1935 1937 laqueos.
1970 1865 2063 1920 Di-

2170 691 2262 727 νου
2298 675 2556 745 μαθητῶν
2590 674 2956 747 ζηλώσαντες,
2991 678 3193 748 ὁμοίως
3236 679 3467 745 ἐκείνοις
3497 680 3601 749 ἔξω
3642 682 3750 737 τῶν

2168 764 2640 835 ὲκκλησιαστικῶν
2687 767 2995 836 περιϐόλων
3044 770 3273 834 ἑαυτοὺς
3305 773 3595 844 ἐποίησαν.
3637 776 3751 829 Κὰ-

2168 858 2339 909 κεῖνοι
2372 859 2481 929 γὰρ
2538 859 2744 930 μυρίας
2783 860 3033 930 μηχανὰς
3084 863 3450 931 ἐπεδείξαντο,
3484 866 3751 938 ὲξωθῆσαι

2167 946 2266 1016 τῆς
2310 947 2637 1018 Ἐκκλησίας
2674 951 3080 1016 σπουδάσαντες
3113 953 3214 1023 τὴν
3249 954 3413 1022 ἁγίαν
3443 958 3538 1009 καὶ
3570 959 3753 1012 οίκου·

2172 1041 2401 1111 μενικὴν
2457 1041 2515 1094 ἐν
2570 1042 2778 1113 Νικαία
2836 1044 3075 1098 σύνοδον.
3109 1046 3220 1099 Καὶ
3267 1042 3413 1101 οὗτοι
3460 1049 3517 1102 δὲ
3546 1052 3749 1121 ὁμοίως

2171 1131 2552 1203 πολυτρόπους
2592 1136 2931 1205 μαγγανείας
2976 1138 3071 1189 καὶ
3097 1137 3432 1211 λογομαχίας
3459 1134 3751 1214 ἐπετήδευ-

2170 1240 2290 1291 σαν,
2324 1224 2575 1289 ἐξελάσαι
2596 1227 2696 1297 τῆς
2741 1228 3069 1299 Ἐκκλησίας
3090 1230 3414 1301 προθέμενοι
3440 1233 3537 1305 τὴν
3566 1237 3747 1290 οίκου-

2171 1318 2399 1388 μενικὴν
2451 1318 2615 1386 ἁγίαν
2667 1320 2726 1373 ὲν
2776 1321 3084 1391 Καλχηδόνι
3137 1322 3376 1378 σύνοδον.
3441 1326 3585 1378 Ἀλλ’
3612 1328 3747 1399 ὅπερ

2166 1410 2310 1462 κατὰ
2348 1409 2455 1462 τῶν
2492 1410 2665 1478 ἁγίων
2693 1412 2955 1483 Πατέρων
2983 1412 3401 1481 ἐϐουλεύσαντο,
3437 1419 3519 1480 είς
3548 1419 3747 1483 αὐτοὺς

2167 1500 2201 1570 ή
2230 1500 2349 1553 θεία
2379 1502 2711 1573 περιέστησε
2741 1502 2944 1575 ψῆφος,
2974 1504 3079 1569 ἔξω
3130 1522 3234 1558 που
3264 1506 3373 1559 τῶν
3410 1507 3747 1579 Ἐκκλησιῶν

2166 1593 2365 1656 αὐτοὺς
2399 1596 2815 1664 καταστήσασα.
2862 1597 3201 1665 Ἠκόνησαν
3219 1599 3349 1670 γὰρ,
3391 1601 3532 1653 κατὰ
3565 1602 3625 1654 τὸ
3662 1620 3745 1668 γε-

2166 1685 2520 1754 γραμμένον,
2570 1687 2686 1753 τὴν
2741 1687 3038 1757 γλῶσσαν
3079 1689 3281 1743 αὐτῶν
3345 1692 3488 1746 ὡσεί
3535 1694 3742 1762 ὄφεως.

2179 1778 2515 1835 Ἐνέτειναν
2573 1782 2754 1847 τόξον
2802 1781 3040 1853 πρᾶγμα
3078 1784 3313 1853 πικρὸν,
3345 1788 3451 1841 τοῦ
3494 1806 3743 1843 κατατο-

2168 1872 2203 1935 ξ
2206 1873 2378 1927 εῦσαι
2408 1875 2478 1927 ἐν
2495 1875 2867 1944 ἁποκρύφοις
2885 1875 3127 1945 ἄμωμον
3144 1894 3157 1907 ·
3182 1877 3590 1945 ἑκραταίωσαν
3606 1880 3743 1934 ἐαυ-

480 1974 690 2026 τεηιηι,
718 1963 842 2028 Quis
883 1962 1067 2015 videbit
1099 1961 1222 2013 eos?
1251 1958 1488 2013 Scrutati
1515 1967 1637 2013 sunt
1668 1960 2045 2029 iniquitatem;

2157 1966 2274 2032 τοῖς
2331 1969 2519 2037 λόγον
2577 1969 2874 2035 πονηρόν·
2916 1966 3313 2035 διηγήσαντο
3350 1970 3459 2023 τοῦ
3520 1973 3739 2040 κρύψαι

480 2060 777 2129 defecerunt
812 2065 1100 2110 scrutantes
1128 2053 1292 2126 5,19
1322 2053 1579 2105 scrutinia
1616 2054 1659 2104 ε.
1692 2053 1894 2106 Verum
1928 2067 2055 2121 per-

479 2152 557 2221 git
600 2150 820 2203 divinus
864 2163 1045 2202 sermo
1078 2164 1091 2199 :
1133 2146 1355 2215 Sagitta:
1383 2143 1724 2215 parvulorum
1752 2144 1905 2213 factw
1934 2153 2057 2197 sunt

478 2243 650 2313 plaga:
694 2258 871 2294 eorum
909 2257 926 2294 :
965 2249 1012 2292 et
1046 2238 1334 2307 inﬁrmata:
1363 2245 1485 2289 sunt
1512 2246 1697 2289 contra
1736 2252 1820 2289 eos
1864 2236 2057 2305 lingua:

478 2349 660 2385 eorum
706 2333 755 2385 h.
798 2331 1055 2399 Dissipati
1100 2337 1245 2392 sunt,
1295 2344 1385 2380 nec
1434 2328 1731 2395 compuncti
1783 2324 1825 2377 ί.
1853 2326 2057 2381 Lartala

478 2433 661 2477 autem
702 2431 786 2475 est
836 2421 930 2474 Dei
972 2419 1238 2478 Ecclesia.
1290 2433 1412 2486 qua:
1458 2426 1776 2470 sanctorum
1832 2417 2055 2470 Patrum

479 2513 776 2567 vindictam
832 2512 1029 2565 intuita
1076 2511 1147 2565 sit
1191 2528 1202 2563 :
1248 2521 1303 2563 et
1333 2509 1607 2563 exaltatus
1649 2520 1731 2563 est
1769 2510 1932 2572 Deus,
1966 2526 2059 2564 ve-

478 2606 638 2659 ritate
661 2604 1163 2659 ecclcsiasticorum
1197 2602 1515 2672 dogmatum
1541 2603 1881 2657 conlirmata.
1912 2602 2056 2668 Qua-

476 2706 704 2769 propter
755 2698 1029 2767 fugiamus
1079 2696 1318 2750 hostium
1370 2694 1628 2749 Ecclesiae
1671 2695 1769 2749 Dei
1814 2696 2056 2765 argutias

477 2800 535 2846 et
568 2792 1028 2861 disceptationes;
1065 2791 1568 2859 amplcctamurque
1611 2797 1855 2842 sanctam
1890 2799 2056 2857 atque

478 2883 875 2938 meumenicam
895 2883 1161 2953 synodum
1182 2881 1531 2936 Chalcedone
1560 2881 1805 2935 habitam
1830 2899 1843 2947 ;
1864 2897 2055 2952 quem-

476 2976 774 3029 admodum
814 2975 1160 3029 etNiczenam
1198 2983 1511 3029 sanctorum
1538 2975 1762 3027 Patrum
1805 2990 2050 3037 cccxvm,

474 3078 529 3122 et
555 3067 1219 3137 Constantinopolitanam
1253 3083 1314 3121 οι.
1342 3069 1586 3131 Patrum,
1619 3083 1682 3121 ac
1720 3066 2051 3135 Ephesinam

475 3162 730 3233 primam,
784 3162 941 3231 cujus
992 3161 1255 3229 prmsides
1324 3161 1656 3215 exstiterunt
1718 3160 2051 3216 sanctissimi

474 3255 808 3309 Caelestinus
870 3254 1151 3307 Romanus
1195 3261 1251 3307 et
1304 3252 1539 3326 Cyrillus
1592 3252 2049 3309 Alexandrinus:

2160 2059 2419 2128 παγίδας
2440 2077 2452 2089 ·
2497 2055 2699 2123 εἶπαν,
2739 2060 2833 2124 Τίς
2864 2058 3073 2127 ὄψεται
3128 2061 3385 2125 αὐτούς;
3417 2061 3741 2131 ἐξηρεύνη-

2159 2164 2281 2201 σαν
2315 2149 2606 2218 ἀνομίαν·
2666 2149 2954 2213 ἐξέλιπον
3017 2150 3449 2219 ἐξερευνῶντες
3505 2154 3741 2222 ἐξερευ-

2158 2237 2526 2309 νήσεις(54).
2597 2237 2757 2291 Ἀλλὰ
2814 2239 2958 2292 κατὰ
3010 2240 3101 2292 τὸν
3162 2240 3305 2294 θεῖον
3346 2243 3523 2311 λόγον,
3552 2247 3737 2309 eum;

2156 2331 2391 2395 νηπίων
2429 2330 2807 2398 ἐγενήθησαν
2854 2334 2914 2384 αἱ
2968 2333 3196 2402 πληγαί
3243 2332 3460 2400 αὐτῶν,
3500 2336 3597 2389 καί
3645 2335 3741 2401 ἐξ·

2158 2420 2514 2489 ησθένησαν
2540 2422 2635 2475 ἐπ’
2664 2423 2887 2489 αὐτοὺς
2930 2426 2991 2477 αἱ
3048 2423 3325 2495 γλῶσσαι
3373 2426 3595 2481 αὐτῶν.
3649 2430 3740 2481 Δι-

2156 2514 2564 2581 εσχίσθησαν,
2609 2514 2709 2567 καί
2753 2516 2825 2568 οὐ
2876 2518 3320 2587 κατενύγησαν.
3355 2519 3652 2591 Ηὺφράνθη
3683 2520 3739 2572 δὲ

2155 2606 2251 2659 τοῦ
2291 2606 2426 2659 Θεοῦ
2461 2609 2495 2677 ἡ
2546 2606 2871 2677 Ἐκκλησία,
2923 2608 3024 2679 τὴν
3090 2610 3200 2664 τῶν
3251 2613 3423 2680 ἁγίων
3481 2613 3740 2683 Πατάρων

2156 2699 2439 2768 ἐκδίκησιν
2477 2699 2833 2770 Θεωρήσασα·
2870 2700 2964 2753 καὶ
3014 2701 3201 2774 ὑψώθη
3235 2705 3263 2756 ὁ
3291 2704 3443 2770 Θεὸς,
3478 2708 3578 2775 τῆς
3604 2704 3739 2776 ἁλη-

2157 2789 2306 2852 θείας
2373 2790 2483 2843 τῶν
2556 2791 3029 2862 ὲκκλησιαστικῶν
3080 2792 3365 2863 δογμάτων
3423 2793 3737 2864 βεδαιωθεί-

2156 2899 2276 2953 σης.
2304 2882 2569 2952 Φύγωμεν
2598 2879 2690 2936 οῦν
2737 2883 2835 2945 τὰς
2868 2883 3199 2954 λογομαχίας
3228 2885 3337 2937 τῶν
3369 2887 3584 2957 ἐχθρῶν
3634 2887 3731 2957 τῆς

2169 2976 2496 3045 Ἐκκλησίας
2539 2977 2633 3029 τοῦ
2667 2976 2803 3029 Θεοῦ
2827 2994 2839 3007 ·
2878 2977 3251 3047 ἀσπαζόμενοι
3301 2978 3401 3049 τὴν
3447 2978 3610 3047 ἁγίαν
3645 2980 3739 3032 καὶ

2153 3067 2541 3138 οἱκουμενικὴν
2600 3071 2657 3122 ἐν
2708 3068 3017 3138 Καλχηδόνι
3075 3069 3328 3123 σύνοδον·
3397 3069 3589 3141 ὥσπερ
3646 3073 3738 3125 καὶ

2152 3160 2252 3231 τὴν
2280 3161 2337 3214 ἐν
2371 3160 2419 3212 Ν
2427 3160 2578 3233 ικαία
2605 3161 2714 3213 τῶν
2742 3168 2845 3231 τιη¹
2881 3160 3050 3229 ἁγίων
3094 3161 3388 3231 Πατέρων,
3422 3163 3515 3215 καὶ
3539 3162 3638 3233 τὴν
3680 3163 3737 3215 ὲν

2156 3254 2723 3308 Κωνσταντινουπόλει
2773 3254 2881 3308 τῶν
2920 3261 3015 3326 ρν’,
3057 3255 3150 3307 καὶ
3197 3258 3296 3325 τὴν
3323 3258 3381 3309 ἐν
3435 3256 3649 3328 Ἐφέσῳ
3677 3255 3737 3309 τὸ

474 3357 851 3418 praetereaque
875 3347 1021 3400 illam
1045 3346 1520 3415 Constantinopoli
1544 3355 1925 3416 congregatam
1949 3344 2053 3399 sub

2157 3346 2371 3417 πρῶτον
2416 3346 2925 3418 συναθροισθεῖσαν,
2959 3342 3027 3417 ἦς
3074 3348 3340 3419 ἡγεμόνες
3395 3348 3643 3419 ὑπῆρχον
3689 3352 3737 3403 ot

475 3440 677 3495 divinae
714 3441 994 3494 memoria:
1021 3440 1353 3511 imperatore
1383 3440 1695 3494 Justiniano
1727 3448 1970 3493 sanctam
1999 3448 2053 3493 ct

476 3533 843 3587 universalem
901 3534 1191 3604 synodum,
1243 3549 1365 3603 qua:
1433 3532 1632 3586 robore
1673 3547 1738 3586 ac
1790 3532 2051 3585 ﬁrmitate

476 3627 630 3681 auxit
669 3634 887 3681 sanctas
914 3626 1308 3695 generalesque
1336 3634 1575 3693 quatuor
1608 3622 1849 3693 synodos
1878 3624 2051 3692 ipsam

475 3720 867 3791 praecedentes,
912 3733 1215 3788 earumque
1270 3717 1543 3786 dogmata.
1599 3715 1882 3786 Siquidem
1938 3716 2054 3770 haec

475 3813 709 3867 concilia
742 3811 1035 3881 complexi,
1085 3811 1415 3878 illorumque
1464 3808 1687 3863 decreta
1725 3809 2051 3862 inconcussa

476 3905 768 3969 servando,
823 3920 944 3958 cum
996 3913 1265 3958 aeternum
1322 3900 1656 3970 supplicium
1694 3901 2049 3964 evitabimus,

478 4004 591 4049 tum
632 3996 984 4049 interminata
1018 4008 1423 4064 consequemur
1446 3992 1589 4046 bona
1623 3991 2052 4046 :intercessione

475 4098 678 4143 saneta:
733 4089 1101 4158 gloriosaeque
1136 4087 1383 4142 Dominae
1426 4094 1631 4140 nostra:
1677 4100 1895 4155 semper
1941 4086 2051 4139 vir-

475 4180 617 4250 ginis
673 4197 738 4235 ac
792 4197 982 4237 revera
1039 4182 1289 4251 Deiparae
1339 4179 1525 4234 Marire
1578 4196 1591 4232 ε
1654 4194 1776 4249 quae
1840 4180 2051 4233 utinam

476 4272 850 4343 adipiscamur
882 4274 1069 4328 cuncti
1119 4289 1240 4339 nos,
1272 4272 1445 4342 gratia
1499 4280 1665 4340 atque
1711 4269 2051 4339 benignitate

474 4366 659 4435 magni
681 4366 775 4420 Dei
807 4366 1229 4435 Servatorisque
1256 4364 1430 4419 nostri
1461 4362 1625 4434 420
1654 4362 1784 4417 Jesu
1811 4360 2047 4425 Christi;

476 4473 601 4512 eum
628 4474 737 4529 quo
755 4459 926 4525 Patri,
954 4475 1062 4515 una
1086 4475 1210 4513 cum
1240 4467 1432 4514 sancto
1456 4456 1783 4524 vivincoque
1814 4454 2048 4525 Spiritu,

476 4548 654 4603 honor
679 4559 734 4604 et
757 4552 953 4620 gloria,
982 4566 1131 4606 nunc
1155 4561 1211 4606 et
1239 4565 1457 4620 semper
1486 4559 1542 4605 et
1572 4549 1628 4603 in
1648 4550 1847 4604 saecula
1880 4564 2051 4603 saecu-

476 4640 677 4695 lorum.
722 4642 916 4696 Amen.

552 5053 573 5095 ί
607 5055 749 5109 Psal.
780 5070 992 5119 cxxxrx,
1026 5056 1077 5108 4.
1161 5061 1184 5096 Β
1226 5056 1366 5111 Psal.
1394 5071 1539 5117 LXIII,
1570 5056 1690 5108 4-7.
1765 5056 1791 5094 ιι
1819 5056 1955 5110 ibid.
1995 5058 2046 5111 9.

2153 3439 2435 3493 ὁσιώτατοι
2470 3439 2796 3501 Κελεστίνος
2824 3440 2852 3492 ό
2896 3438 2996 3509 τῆς
3039 3437 3347 3509 Ῥωμαίων,
3391 3439 3487 3493 καὶ
3539 3440 3738 3513 Κύριλ-

2154 3530 2244 3594 λος
2275 3534 2303 3585 ό
2335 3532 2433 3603 τῆς
2473 3531 2898 3604 Ἀλεξανδρέων·
2942 3534 3039 3586 σὺν
3072 3534 3265 3597 αὐταῖς
3306 3534 3363 3589 δὲ
3404 3535 3501 3587 καὶ
3544 3534 3645 3606 τὴν
3680 3537 3738 3589 ἐν

2154 3623 2725 3677 Κωνσταντινουπόλει
2773 3624 3267 3695 συναγηγερμένην
3326 3624 3421 3678 ἐπὶ
3480 3623 3574 3677 τοῦ
3638 3624 3737 3694 τῆς

2154 3712 2305 3776 θείας
2352 3713 2560 3783 λήξεως
2614 3712 2878 3783 βασιλέως
2922 3712 3310 3767 Ἰουστινιανοῦ
3344 3713 3508 3782 ἁγίαν
3542 3714 3735 3767 καὶοί·

2153 3804 2486 3874 κουμενικὴν
2514 3803 2754 3869 σύνοδον,
2801 3804 2903 3875 τὴν
2946 3803 3281 3873 κυρώσασαν
3308 3806 3404 3858 καὶ
3430 3806 3737 3876 βεϐαιῶσα-

2156 3911 2255 3947 σαν
2290 3896 2388 3958 τὰς
2422 3894 2529 3966 πρὸ
2574 3894 2748 3963 αὐτῆς
2792 3895 2958 3963 ἁγίας
3002 3896 3097 3947 καὶ
3125 3897 3514 3966 οίκουμενικὰς
3542 3896 3585 3951 δ’
3612 3916 3735 3952 συνο

2152 3984 2330 4047 όδους,
2364 3986 2460 4036 καὶ
2505 3986 2575 4036 τὰ
2606 3983 2814 4037 τούτων
2864 3984 3135 4054 δόγματα.
3171 3986 3388 4051 Ταύτας
3425 3988 3534 4060 γάρ
3575 4005 3729 4060 περι-

2154 4076 2538 4146 πτυσσόμενοι,
2600 4076 2697 4129 καὶ
2761 4078 2886 4139 τοὺς
2934 4076 3140 4142 τύπους
3186 4078 3367 4133 αὐτῶν
3404 4080 3735 4143 ἁσαλεύτους

2153 4168 2533 4236 φυλάττοντες,
2560 4169 2657 4239 τῆς
2688 4169 2785 4239 μὲν
2816 4169 3037 4223 αίωνίου
3070 4171 3345 4237 κολάσεως
3373 4173 3533 4236 ἐκτὸς
3565 4191 3733 4245 γενη-

2154 4261 2381 4330 σόμεθα,
2416 4260 2813 4329 ὲπιτευξόμεθα
2849 4263 2907 4315 δὲ
2944 4262 3054 4316 τῶν
3086 4263 3456 4335 άτελευτήτων
3479 4265 3728 4334 ἀγαθῶν·

2152 4353 2466 4424 πρεσδείαις
2486 4353 2586 4423 τῆς
2605 4354 2765 4421 ἁγίας
2780 4354 2991 4421 ἐνδόξου
3008 4357 3304 4429 Δεσποίνης
3322 4358 3478 4428 ήμῶν
3499 4360 3731 4431 ἁειπαρ-

2152 4446 2305 4499 θένου
2324 4449 2418 4500 καὶ
2442 4446 2583 4500 κατὰ
2608 4446 2866 4517 ἀλήθειαν
2884 4448 3149 4502 Θεοτόκου
3171 4450 3412 4525 Μαρίας·
3432 4445 3507 4504 ὧν
3523 4453 3730 4521 γένοιτο

2152 4541 2360 4603 πάντας
2383 4541 2533 4611 ἡμᾶς
2556 4542 2853 4611 ἐπιτυχεῖν,
2877 4542 3062 4613 χάριτι
3085 4543 3181 4597 καὶ
3213 4543 3595 4615 φιλανθρωπίᾳ
3632 4544 3728 4598 τοῦ

2154 4633 2390 4703 μεγάλου
2424 4632 2558 4685 Θεοῦ
2600 4634 2696 4687 καὶ
2739 4634 2991 4705 Σωτῆρος
3032 4634 3187 4705 ἡμῶν
3236 4635 3414 4706 Ἰησοῦ
3458 4635 3722 4707 Χριστοῦ,

2084 4718 2129 4775 D
2158 4721 2278 4792 μεθ’
2307 4715 2368 4774 οὗ
2402 4720 2479 4791 τῷ
2513 4721 2708 4792 Πατρὶ,
2748 4723 2844 4775 σὺν
2870 4721 2948 4794 τῷ
2962 4723 3120 4796 Δἁγίῳ
3155 4724 3251 4777 καὶ
3278 4723 3530 4796 ζωοποιῷ
3561 4724 3729 4780 Πνεύ-

2162 4786 2293 4882 ματι
2326 4786 2462 4882 τιμη
2495 4814 2590 4867 καὶ
2634 4786 2783 4880 δόξα,
2820 4786 3044 4870 νῦν-δίαί
3077 4786 3165 4870 άεὶ
3194 4786 3299 4871 καὶὴ
3324 4818 3408 4881 είς
3442 4786 3568 4881 τοῦς
3598 4817 3729 4871 αίῶ-

2154 4919 2253 4966 νας
2283 4902 2391 4956 τῶν
2418 4902 2651 4956 αἰώνων.
2688 4902 2882 4975 Ἀμήν.

2136 5060 2150 5098 ί
2189 5059 2330 5113 Psal.
2359 5075 2539 5125 πτειν,
2567 5058 2655 5113 16.

2000 5210 2240 5268 NOTAE.

550 5361 661 5431 (54)
705 5358 1167 5431 Ἐξερευνῶντες
1188 5356 1647 5431 Αέξερευνήσεις.
1694 5354 1854 5431 Apud
1870 5354 2041 5431 liam-

480 5427 808 5495 besium,De
834 5429 1139 5484 bibliotheca
1174 5427 1440 5487 Cmsarea,
1475 5427 1570 5479 lib.
1598 5444 1709 5492 vm,
1741 5427 1952 5497 p.427,
1984 5427 2041 5479 in

481 5503 587 5556 line
636 5500 817 5569 operis
866 5500 1183 5555 Damasceni
1234 5497 1315 5569 De
1345 5498 1641 5569 hwresibus.
1674 5495 1756 5551 οὐ*
1797 5495 2040 5566 ζητήσει,

477 5573 599 5626 οὐδὲ
629 5566 964 5641 ὲξερανήσει,
1008 5572 1069 5623 οὺ
1112 5566 1448 5637 φανερώσει·
1482 5568 1590 5638 ὅσῳ
1623 5570 1730 5639 γὰρ
1761 5570 2041 5634 agnam,

2146 5354 2596 5433 iocobrqihzleiov
2643 5355 2935 5433 ἀγνοεῖται,
2974 5367 3105 5421 etc.,
3132 5360 3520 5433 ανεξεράνητος
3548 5362 3654 5433 γὰρ
3689 5364 3723 5433 ἡ

2156 5424 2655 5511 Ἰζριάςῄϐοξιίιηῐε
2702 5426 2995 5511 scriptura2
3038 5445 3140 5511 pro
3169 5424 3530 5511 ἐξερευνήσει,
3560 5424 3725 5504 ’ἐρευλ

2149 5498 2324 5561 νᾶται,
2350 5496 2788 5566 ἀνεξερεύνητος,
2816 5504 2876 5551 ut
2909 5496 3082 5554 cuivis
3103 5496 3328 5571 apparet
