4146 6448
436 500 501 566 71
1558 500 1936 561 TIMOTHEI
1977 502 2451 565 PRESBYTERI
2491 504 2599 565 CP.
3629 498 3697 562 72

505 614 559 667 3.
601 611 707 678 Qui
730 622 914 665 autem
942 616 1228 679 unguntur
1249 622 1406 661 sacro
1442 620 1745 679 unguento,
1779 610 1835 663 hi
1866 617 2012 676 sunt;

2199 613 2269 681 γ’.
2313 616 2375 667 Οἱ
2407 614 2464 667 δὲ
2507 612 2785 683 χριόμενοι
2815 614 2892 683 τῷ
2929 614 3067 682 ἁγίῳ
3116 614 3297 685 μύρῳ,
3331 616 3470 668 εἰσιν
3514 608 3695 669 οὔτ-ρι’

431 701 1054 767 Τθεεατεειίιοᾶροαιίιω,
1079 718 1176 757 seu
1205 702 1537 767 Tetraditaa;
1565 701 1876 766 Novatiani,
1900 703 2015 758 sive

435 797 791 862 Sabbatiani;
830 795 1057 859 Ariani;
1103 794 1515 859 Macedoniani;
1550 794 1977 865 Apollinaristaa.

503 980 557 1033 4.
596 979 698 1046 Qui
728 994 860 1033 vero
905 995 1009 1033 nec
1040 987 1344 1049 unguntur,
1369 995 1474 1033 nec
1501 979 1882 1049 baptizantur.
1917 978 2014 1034 sed

432 1070 816 1124 tantummodo
883 1070 1161 1139 propriam
1216 1071 1472 1125 haeresim
1521 1072 2014 1135 anathematizant,

433 1165 520 1220 isti
559 1175 688 1219 sunt
719 1183 730 1219 :
766 1164 1044 1219 Meletiani
1098 1164 1473 1230 schismatici;
1523 1165 1579 1218 hi
1610 1164 1833 1234 quidem
1864 1165 2017 1219 nullo

430 1275 619 1313 errore
649 1258 995 1323 detinentur,
1018 1273 1213 1312 verum
1242 1258 1594 1313 anathemate
1614 1257 1821 1313 feriunt
1852 1274 2015 1313 suum

430 1352 707 1407 schisma:
760 1350 1076 1405 Nestoriani
1132 1368 1144 1403 :
1195 1350 1654 1420 Eutychianistae,
1711 1366 2015 1421 eorumque

430 1445 617 1499 socius
644 1444 962 1508 Dioscorus,
998 1442 1255 1505 Severus,
1292 1443 1551 1505 Jacobus.
1579 1453 1636 1498 et
1660 1445 1843 1498 caeteri
1874 1443 2014 1498 Ace-

428 1537 575 1606 phali
615 1555 627 1590 :
666 1536 1050 1598 Marcianistze,
1084 1536 1178 1604 qui
1231 1551 1261 1589 a
1303 1535 1584 1589 Marciano
1634 1536 1923 1605 trapezita,
1959 1543 2015 1590 et

428 1630 765 1694 Messaliani,
790 1629 1057 1689 Euchitm,
1081 1627 1243 1699 422
1274 1628 1666 1691 Enthusiastte,
1698 1628 2010 1691 Choreutae,

429 1723 797 1794 Lampetiani,
839 1720 1191 1791 Adelphiani,
1229 1735 1293 1773 ac
1344 1720 1713 1775 Eustathiani.

844 1922 1022 1979 Sextae
1062 1922 1257 1993 synodi
1299 1938 1473 1977 canon
1504 1922 1593 1977 95.

599 2038 706 2093 Eos
742 2039 832 2109 qui
875 2038 1129 2091 accedunt
1173 2038 1244 2091 ad
1285 2047 1482 2091 rectam
1515 2036 1695 2105 ﬁdem,
1730 2044 1839 2092 etc.

504 2155 554 2210 5.
595 2153 732 2210 Cum
781 2153 934 2208 hisee
964 2152 1242 2223 praedictis
1264 2152 1759 2207 constitutionibus
1782 2168 2013 2207 concor-

426 2250 557 2303 (lant
584 2264 845 2313 canones,
883 2256 1111 2303 octavus
1148 2247 1406 2302 Nierenus
1440 2254 1495 2301 et
1523 2246 1775 2303 decimus
1803 2263 2009 2315 nonus,

424 2340 721 2396 Laodiceni
756 2339 1026 2409 septimus
1053 2347 1107 2392 et
1140 2348 1387 2405 octavus,
1419 2339 1613 2410 synodi
1644 2339 1711 2393 de
1735 2338 2009 2394 Constan-

427 2433 811 2502 tinopolitanae
845 2431 1039 2500 primm
1067 2431 1358 2499 septimus,
1400 2447 1465 2485 ac
1491 2430 1724 2486 Nicrena:
1754 2431 2013 2486 secunda:

424 2530 677 2576 octavus.
702 2522 771 2575 Et
792 2536 922 2575 vero
948 2520 1096 2591 leges
1118 2520 1311 2575 civiles
1346 2520 1419 2574 ita
1443 2521 1751 2575 decernunt
1779 2540 1790 2574 :
1824 2520 1880 2575 Si
1913 2521 2011 2576 Ju-

424 2612 575 2667 dreus
605 2618 667 2666 ut
714 2610 917 2681 elIigiat
970 2611 1384 2665 accusationem
1410 2612 1500 2665 vel
1539 2611 1813 2673 debitum,
1847 2610 2009 2666 Chri-

425 2707 660 2759 stianam
686 2702 945 2773 amplecti
970 2703 1213 2758 voluerit
1246 2703 1596 2773 religionem,
1622 2702 1915 2757 admittere
1941 2703 2009 2757 il-

424 2796 538 2850 lum
585 2810 696 2848 non
728 2803 965 2864 oportet,
1008 2792 1187 2847 donec
1222 2794 1493 2849 innocens
1524 2794 1678 2848 visus
1727 2792 1914 2856 fuerit,
1948 2807 2012 2847 ac

425 2886 673 2941 debitum
723 2886 974 2941 solverit.
1015 2886 1334 2955 lterumque
1376 2886 1495 2939 vult
1537 2886 1625 2940 lex
1654 2885 1891 2955 gentiles
1917 2886 2014 2938 ba-

425 2976 650 3047 ptizari,
682 2987 739 3031 et
770 2992 964 3032 eorum
989 2977 1201 3031 liberos
1229 2976 1284 3030 in
1336 2985 1527 3031 tenera
1567 2984 1748 3039 aztate,
1803 2976 2012 3046 absque

423 3085 614 3134 mora;
655 3069 863 3123 liberos
893 3084 1025 3122 vero
1056 3068 1302 3134 adultos,
1337 3077 1467 3123 ante
1518 3068 1705 3122 doceri
1736 3069 1891 3139 juxta
1922 3085 2013 3123 ca-

423 3163 658 3216 nonieas
686 3160 1026 3231 Scripturas.
1060 3161 1289 3216 Necnon
1310 3176 1504 3215 rursus
1529 3160 1689 3231 jubet
1710 3160 2013 3216 Samaritas

423 3252 765 3323 huiusmodi,
812 3269 912 3323 per
950 3254 1239 3308 biennium
1289 3253 1579 3309 Catechesi
1631 3256 1881 3311 institui:
1914 3273 2010 3311 eos

2120 704 2800 781 Τεσσαρεσκαιδεδατίται,
2838 706 3010 775 ἤγουν
3035 705 3358 775 Τετραδίται
3376 718 3391 734 ·
3420 705 3699 759 Ναυατια-

2118 796 2219 861 vol,
2251 796 2420 866 ἡγουν
2468 795 2865 850 Σαϐϐατιανοί·
2918 797 3218 869 Ἀρειανοίο
3272 796 3696 851 Μακεδονιανοί·

2132 890 2625 961 Ἀπολιναριασταί.

2188 982 2251 1036 δ’.
2279 985 2339 1035 Οἱ
2369 982 2425 1035 δὲ
2452 984 2593 1053 μήτε
2626 981 2926 1053 χριόμενοι,
2958 982 3097 1054 μήτε
3121 981 3528 1053 βαπτιζόμενοι,
3562 981 3699 1038 ἀλλὰ

2122 1075 2285 1143 μόνον
2327 1074 2821 1143 ἀναθεματίζοντες
2873 1075 2972 1145 τὴν
3006 1076 3143 1128 ἰδίαν
3173 1076 3407 1145 αἵρεσιν,
3438 1076 3575 1128 εἰσὶν
3611 1071 3701 1130 οὗ·

2116 1182 2231 1219 τοιο
2295 1166 2623 1219 Μελετιανοὶ
2670 1167 2720 1220 οἱ
2774 1167 3162 1237 σχισματικοίο
3209 1163 3357 1221 οὗτοι
3414 1168 3697 1233 κακόδοξοι

2121 1258 2220 1329 μὲν
2256 1260 2357 1311 οὐκ
2396 1260 2554 1323 εἰσιν,
2607 1258 2746 1315 ἀλλά
2786 1260 3248 1330 ἀναθεματίζουσι
3308 1260 3369 1313 τὸ
3405 1260 3537 1314 ἴδιον
3582 1262 3701 1331 σχί-

2119 1369 2233 1424 σμα
2249 1368 2262 1382 ·
2286 1352 2641 1425 Νεστοριανοί
2662 1369 2675 1383 ο
2704 1353 3146 1425 Εύτυχιανισταὶ,
3172 1354 3267 1408 καὶ
3291 1356 3319 1408 ό
3343 1354 3551 1408 τούτων
3575 1372 3695 1408 κοι-

2117 1446 2285 1510 νωνὸς
2327 1446 2641 1517 Διόσκορος,
2688 1447 2949 1517 Σευῆρος,
2983 1447 3259 1512 Ἰάκωϐος,
3292 1448 3386 1500 καὶ
3432 1446 3485 1498 ot
3521 1446 3697 1500 λοιποὶ

2129 1540 2457 1608 Ἀκέφαλοι·
2489 1540 2917 1611 Μαρκιανισταὶ,
2970 1541 3020 1591 οἱ
3066 1539 3175 1593 ἀπὸ
3236 1539 3554 1609 Μαρκιανοῦ
3598 1538 3695 1593 τοῦ

2114 1636 2472 1707 τραπεζίτου,
2498 1636 2593 1688 καὶ
2626 1634 3015 1697 Μεσσαλιανοὶ,
3043 1633 3137 1686 καὶ
3184 1632 3480 1702 Εὐτυχίται
3502 1632 3568 1697 ⁷⁸,
3601 1634 3696 1685 καὶ

2127 1730 2558 1794 Ἐνθουσιασταὶ,
2592 1729 2687 1782 καὶ
2714 1728 3005 1800 Χορευταὶ,
3032 1727 3123 1781 καὶ
3167 1727 3567 1797 Λαμπετιανοὶ,
3599 1728 3696 1779 καὶ

2128 1822 2487 1893 Ἀδελφιανοὶ,
2516 1821 2611 1874 καὶ
2641 1819 3023 1874 Εὑσταθιανοί.

2499 1934 2613 2005 Τῆς
2636 1933 2689 2000 ς’
2723 1934 2940 1987 συνόδου
2972 1931 3152 1986 κανὼν
3191 1937 3288 1999 ιιεν.

2210 2048 2355 2114 Τοὺς
2394 2047 2905 2115 προστιθεμένους
2928 2043 3005 2113 τῇ
3040 2044 3373 2115 ὀρθοδοξίςι,
3406 2062 3458 2098 κ.
3478 2060 3529 2097 τ.
3547 2044 3597 2097 λ.

2184 2140 2245 2196 ε’.
2285 2142 2524 2205 Ταύταις
2552 2143 2673 2205 ταῖς
2709 2140 3138 2211 προειρημέναις
3159 2137 3432 2202 διατάξεσι
3462 2153 3693 2208 συμφω-

2112 2233 2311 2294 νοῦσιν,
2341 2233 2369 2285 ὃ
2414 2249 2472 2284 τε
2508 2232 2608 2301 τῆς
2638 2233 2694 2283 ὲν
2725 2229 2929 2301 Νικαίᾳ
2961 2227 3145 2283 κανὼν
3182 2235 3253 2300 η’,
3289 2230 3385 2282 καὶ
3419 2228 3506 2296 ιθν,
3540 2230 3636 2283 καὶ
3660 2232 3687 2282 ὁ

2111 2327 2211 2397 τῆς
2251 2327 2309 2377 ὲν
2356 2324 2647 2394 Λαοδικείᾳ
2692 2319 2874 2376 κανὼν
2900 2320 2964 2386 ζ’,
2996 2321 3089 2373 καὶ
3116 2320 3187 2392 η’,
3215 2321 3308 2374 καὶ
3336 2321 3364 2372 ὁ
3396 2320 3498 2391 τῆς
3536 2322 3693 2373 Κων-

2116 2414 2613 2476 σταντινουπόλεως
2655 2412 2713 2465 τὸ
2745 2412 2962 2479 πρῶτον
2997 2410 3175 2465 κανὼν
3200 2411 3264 2477 ζ’,
3298 2410 3392 2465 καὶ
3431 2413 3459 2464 ὁ
3504 2414 3603 2482 τῆς
3633 2414 3692 2464 ὲν

2110 2506 2319 2576 Νικαία
2355 2504 2417 2557 τὸ
2456 2504 2709 2573 δεύτερον
2740 2501 2923 2555 κανὼν
2963 2502 3171 2569 ὄγδοος,
3211 2502 3307 2556 καὶ
3341 2503 3389 2555 ot
3422 2501 3693 2555 πολιτικοὶ

2110 2597 2167 2651 δὲ
2194 2598 2345 2668 νόμοι
2375 2596 2784 2667 διαγορεύουσιν
2815 2594 3012 2660 οὕτως,
3043 2596 3125 2648 ὅτι
3155 2592 3285 2649 Ἐάν
3327 2593 3581 2658 Ἰουδαῖος
3604 2594 3694 2647 διὰ

2110 2690 2171 2745 τὸ
2213 2693 2404 2759 φυγεῖν
2448 2689 2763 2761 ἐγκλημαῆ
2808 2688 2989 2760 χρέος,
3036 2688 3241 2760 θελήσῃ
3279 2687 3690 2759 χριστιανῆσαι,

2110 2784 2169 2836 οὐ
2200 2784 2279 2835 δεῖ
2311 2782 2474 2835 αὐτὸν
2501 2781 2917 2852 προσδέχεσθαι,
2952 2780 3055 2844 ἕως
3087 2781 3155 2834 ἂν
3198 2780 3491 2843 ἀνεύθυνος
3524 2783 3688 2849 φανῇ,

2113 2879 2206 2931 καὶ
2230 2877 2293 2930 τὸ
2335 2878 2496 2948 χρέος
2539 2874 2848 2947 καταϐάλῃ.
2883 2876 2994 2929 Καὶ
3032 2874 3195 2928 πάλιν
3230 2873 3375 2926 θέλει
3408 2874 3535 2937 τοὺς
3564 2873 3691 2926 Ἐλ-

2110 2970 2279 3041 ληνας
2340 2967 2718 3039 βαπτίζεσθαι,
2776 2966 2871 3020 καὶ
2928 2966 2997 3020 τά
3046 2966 3211 3019 τέκνα
3276 2965 3456 3019 αὐτῶν
3522 2966 3694 3037 χωρὶς

2112 3063 2377 3133 ἀναϐολῆς
2416 3062 2590 3134 μικρά
2611 3064 2738 3115 ὄντα
2759 3079 2773 3091 ⁶
2814 3062 2881 3115 τὰ
2915 3061 2972 3114 δὲ
3004 3060 3189 3115 τέλεια
3226 3059 3690 3130 προδιδάσκεσθαι

2113 3156 2255 3212 κατὰ
2276 3156 2372 3219 τάς
2398 3155 2692 3218 κανονικάς
2717 3154 2964 3226 Γραφάς.
3010 3154 3121 3207 Καὶ
3158 3152 3321 3206 πάλιν
3364 3152 3457 3205 ἐπὶ
3489 3150 3693 3203 διετίαν

2112 3249 2255 3303 θέλει
2283 3250 2408 3313 τοὺς
2454 3249 2731 3312 τοιούτους
2771 3246 3119 3318 Σαμαρείτας
3148 3244 3507 3315 κατηχεῖσθαι
3527 3257 3542 3272 ⁸
3568 3244 3694 3306 τοὺς

422 3362 555 3399 vero
595 3346 690 3415 qui
733 3345 801 3398 ab
856 3345 1164 3400 bmresibus
1214 3354 1345 3401 sunt
1396 3348 1783 3412 convertendi,
1816 3349 2007 3403 decem

2114 3345 2170 3399 δὲ
2213 3344 2503 3415 μέλλοντας
2530 3343 2638 3397 ἀπὸ
2684 3343 2951 3414 αἱρέσεων
2972 3340 3351 3410 ἐπιστρέφειν,
3383 3338 3517 3391 δέκα
3551 3338 3693 3408 ἠμέ-

422 3446 519 3492 ant
546 3435 867 3505 quindecim
910 3435 1031 3491 dies
1075 3436 1330 3506 jejunare
1363 3436 1680 3501 hortantur,
1728 3447 1786 3492 et
1815 3455 2009 3495 vacare

422 3528 685 3600 precibus
707 3543 867 3583 mane
891 3543 954 3583 ac
983 3527 1228 3598 vesperi,
1264 3528 1623 3600 Psalmosque
1649 3529 1888 3585 discere.

496 3720 550 3775 6.
585 3720 765 3789 Atque
787 3719 905 3773 haec
931 3718 1001 3772 ab
1034 3719 1103 3774 iis
1139 3726 1485 3773 statuuntur.
1531 3718 1797 3774 Videmus
1843 3736 2009 3790 porro

422 3824 575 3867 nunc
606 3811 662 3863 in
691 3810 905 3879 magnis
959 3816 1015 3862 et
1039 3809 1451 3865 universalibus
1474 3811 1758 3873 Ecclesiis,
1796 3812 2011 3865 scilicet

425 3902 483 3957 in
540 3900 1008 3971 patriarchatihus
1055 3908 1112 3953 et
1171 3902 1790 3974 metropolibus,&.23
1849 3910 2012 3957 caete-

424 3994 636 4061 risque,
668 3992 815 4061 quod
846 3993 1160 4056 Armenios,
1186 3993 1487 4059 Jacobitas,
1518 3996 1900 4059 Nestorianos,
1926 4012 2012 4051 re-

426 4086 607 4154 liquos
638 4086 966 4154 Acephalos,
996 4086 1188 4157 eisque
1247 4088 1477 4153 Similes,
1510 4088 1734 4158 quando
1773 4103 2012 4143 conver-

426 4186 621 4231 tuntur
641 4178 709 4232 ad
750 4177 1116 4232 orthodoxam
1140 4178 1324 4243 ﬁdem,
1367 4181 1664 4250 inungunt,
1702 4190 1758 4234 et
1782 4195 1893 4233 non
1917 4179 2013 4234 ba-

424 4266 675 4337 ptizant;
712 4268 808 4323 sed
848 4266 1096 4322 efﬁciunt
1143 4277 1205 4322 ut
1251 4269 1497 4339 ipsorum
1522 4268 1693 4323 duces
1724 4278 2011 4323 auctores-

425 4374 533 4430 que
560 4360 1051 4415 anathematizent.
1084 4361 1264 4429 Atque
1297 4362 1405 4417 hoc
1436 4362 1601 4415 modo
1622 4359 1910 4415 deﬁnitum
1926 4368 2012 4415 est

426 4460 655 4523 propter
692 4454 870 4524 justas
902 4454 1357 4523 necessariasque
1379 4468 1595 4508 causas.

496 4542 548 4596 7.
580 4541 651 4597 At
682 4543 942 4598 nonnulli
970 4546 1201 4597 omnino
1225 4543 1508 4612 baptizant
1534 4543 1846 4608 Armenios,
1916 4555 2009 4595 oc-

424 4634 649 4690 casione
668 4646 918 4706 accepta,
954 4652 1065 4690 non
1097 4651 1127 4689 a
1148 4634 1363 4705 magnis
1388 4635 1665 4701 ecclesiis,
1710 4634 1808 4689 sed
1840 4649 1907 4688 ex
1930 4634 2003 4689 li-
2032 4663 2082 4723 ο

424 4725 525 4781 bro
557 4726 786 4783 Joannis
836 4728 1203 4797 metropolitze
1249 4727 1478 4792 Nicaeni,
1509 4727 1605 4797 qui
1653 4728 1908 4783 scribens
1932 4726 2003 4782 ad

423 4818 744 4874 Zachariam
772 4836 981 4889 magnae
1006 4818 1285 4873 Armenia:
1310 4818 1668 4883 catholicum,
1697 4821 1771 4873 ita
1801 4818 1870 4874 de
1894 4818 2004 4873 illis

421 4910 670 4980 loquitur
708 4927 720 4962 :
760 4909 910 4973 Quod
941 4925 1107 4979 neque
1154 4909 1511 4962 ordinationes
1545 4909 1791 4973 habeant,
1818 4910 1908 4962 sed
1940 4910 2003 4962 ab

423 5001 567 5053 omni
623 4998 784 5053 alieni
813 5001 919 5053 sint
982 5002 1317 5055 ordinatione
1349 5018 1367 5055 :
1397 5001 1453 5054 id
1502 5018 1623 5055 vero
1663 5004 1782 5055 hinc
1820 5000 2001 5071 liquet.

421 5090 562 5145 Nam
582 5098 794 5144 sanctus
821 5090 1103 5162 Gregorius
1127 5092 1394 5147 Armenia:
1433 5096 1725 5163 episcopus,
1756 5104 1806 5148 et
1835 5095 2005 5149 Leon-

425 5184 526 5236 tius
551 5182 879 5236 beatissimus
899 5184 1319 5255 archiepiscopus
1356 5184 1611 5240 Caesarea?
1634 5187 2003 5259 Cappadociw,

424 5276 512 5339 qui
539 5284 785 5328 sanctum
816 5274 1126 5346 Gregorium
1151 5276 1417 5329 ordinavit
1447 5277 1769 5348 episcopum,
1792 5287 2007 5349 pactum

2115 3456 2234 3510 ρας,
2265 3439 2297 3511 ἢ
2325 3437 2623 3492 δεκαπέντε
2656 3435 2963 3507 νηστεύειν,
2994 3434 3089 3488 καὶ
3119 3432 3403 3503 σχολάζειν
3448 3433 3573 3494 ταῖς
3604 3431 3694 3483 εὑ-

2111 3536 2234 3605 χαίς
2255 3530 2399 3604 πρωῒ
2430 3530 2521 3585 καὶ
2540 3531 2797 3601 ἑσπέρας,
2820 3529 2915 3583 καὶ
2944 3527 3238 3600 μανθάνειν
3264 3525 3531 3597 Ψαλμοὺς
3561 3541 3694 3596 προ-

2110 3625 2426 3697 τρέπονται.

2184 3721 2259 3785 ς’.
2299 3720 2409 3774 Καὶ
2444 3717 2619 3773 ταῦτα
2662 3717 2762 3787 μὲν
2804 3708 2955 3768 οὗτοι
3000 3714 3404 3767 διατάσσονται.
3448 3711 3694 3783 Ὀρῶμεν

2111 3813 2168 3867 δὲ
2192 3811 2285 3869 νῦν
2308 3813 2367 3865 ὲν
2399 3814 2517 3873 ταῖς
2546 3807 2809 3880 μεγάλαις
2839 3806 2931 3859 καὶ
2955 3803 3275 3866 καθολικαῖς
3313 3803 3688 3873 Ἐκκλησίαις.

2112 3906 2281 3975 ἥγουν
2318 3905 2376 3956 ὲν
2416 3880 2528 3963 τοῖς
2574 3898 2995 3969 πατριαρχείοις
3026 3895 3123 3949 καὶ
3151 3897 3273 3959 ταῖς
3310 3894 3686 3967 μητροπόλεσι

2113 3996 2208 4048 καί
2234 3995 2356 4055 ταῖς
2392 3991 2627 4053 λοιπαῖς,
2658 3991 2741 4043 ὅτι
2780 3989 2910 4051 τοὺς
2953 3987 3276 4059 Ἀρμενίους
3299 3988 3395 4041 καὶ
3438 3986 3691 4041 Ἰακωϐί-

2112 4102 2209 4147 τας
2234 4083 2327 4137 καὶ
2355 4082 2752 4151 Νεστοριανοὺς
2781 4082 2885 4135 ’καὶ
2914 4082 3041 4143 τοὺς
3074 4080 3294 4145 λοιποὺς
3333 4081 3687 4150 Ἀκεφάλους,

2112 4177 2207 4230 καὶ
2233 4176 2359 4237 τοὺς
2391 4172 2610 4243 ὁμοίους
2642 4173 2846 4236 αὐτοῖς,
2896 4174 3331 4245 ἐπιστρέφοντας
3358 4176 3438 4237 είς
3469 4174 3568 4244 τὴν
3597 4174 3691 4240 ὀρ-

2112 4266 2329 4332 θόδοξον
2377 4266 2584 4327 πίστιν,
2634 4264 3053 4329 καταξιοῦσι⁷⁶⁹
3084 4268 3180 4320 καὶ
3211 4266 3270 4319 ού
3325 4266 3650 4336 βαπτίζουσι

2110 4356 2326 4411 ποιοῦσι
2352 4355 2409 4411 δὲ
2446 4355 2873 4427 ἀναθεματίζειν
2898 4358 3025 4422 τοὺς
3056 4357 3320 4428 ἐξάρχους
3352 4358 3550 4412 αὐτῶν.
3582 4358 3691 4412 Kal.

2110 4448 2271 4505 τοῦτο
2306 4448 2559 4519 ὲτυπώθη
2597 4450 2742 4521 ἀρτι,
2775 4450 2842 4503 δι’
2873 4450 3055 4512 αίτίας
3076 4448 3333 4518 εὐλόγους
3358 4449 3684 4518 ἀναγκαίας.

2182 4539 2248 4605 ζ’.
2273 4540 2428 4604 Τινὲς
2446 4540 2499 4593 δὲ
2522 4540 2739 4605 τελείως
2760 4538 3080 4611 βαπτίζουσι
3096 4540 3223 4604 τοὺς
3239 4539 3577 4610 Ἀρμενίους,
3592 4540 3689 4611 τὴν

2110 4634 2369 4705 ἀφορμὴν
2404 4632 2776 4702 λαμϐάνοντες
2810 4632 2910 4686 οὐκ
2936 4632 3045 4687 ἀπὸ
3068 4632 3179 4685 τῶν
3209 4632 3462 4703 μεγάλων
3486 4632 3688 4703 ἔκκλη-

2113 4724 2265 4788 σιῶν,
2298 4722 2415 4778 ἀλλ’
2445 4722 2555 4777 ἀπὺ
2575 4723 2669 4775 τοῦ
2700 4723 2862 4793 λόγου
2892 4723 2985 4777 τοῦ
3018 4722 3420 4794 μητροπολίτου
3454 4722 3690 4785 Νικαίας

2124 4815 2371 4871 Ἰωάννου
2407 4815 2543 4885 (57),
2580 4814 2638 4878 ὃς
2666 4816 2895 4886 γράφων
2935 4814 3071 4884 πρὸς
3122 4813 3401 4884 Ζαχαρίαν
3428 4813 3521 4865 τὸν
3556 4812 3692 4866 καθ-

2112 4909 2292 4963 ολικὸν
2323 4910 2421 4979 τῆς
2472 4908 2716 4978 μεγάλης
2753 4907 3071 4979 Ἀρμενίας,
3122 4906 3293 4968 οὕτως
3344 4907 3477 4976 περὶ
3508 4905 3688 4959 αὐτῶν

2114 5018 2318 5070 φησιν·
2370 5000 2500 5053 ’Ὅτι
2553 5000 2697 5053 οὐδὲ
2741 5000 3169 5068 χειροτονίας⁷⁸
3222 5000 3496 5069 ἔχουσιν,
3552 4998 3689 5053 ἀλλ’

2113 5094 2421 5161 ἀλλότριοι
2467 5095 2586 5146 εισι
2635 5092 2843 5159 πάσης
2896 5092 3265 5162 χειροτονίας
3288 5092 3335 5123 ⁷⁸
3354 5109 3367 5121 °
3397 5091 3595 5159 δῆλον
3622 5089 3692 5142 δὲ

2112 5186 2428 5241 ἐντεῦθεν-⁸
2494 5187 2527 5239 ό
2582 5185 2693 5256 γὰρ
2753 5184 2920 5255 ἅγιος
2970 5186 3297 5254 Γρηγόριος
3355 5186 3691 5249 ἐπίσκοπος

2128 5278 2451 5346 Ἀρμενίας,
2492 5277 2591 5331 καί
2639 5278 2918 5343 Λεόντιος
2945 5280 2978 5331 d
3018 5279 3464 5347 μακαριώτατος
3494 5277 3693 5348 ἀρχιδ-

1724 5406 1957 5463 VARIJE
1993 5406 2402 5462 LECTIONES.

498 5499 542 5529 ⁷⁸
568 5501 626 5553 1η
676 5501 912 5557 Balsam.
961 5502 1213 5573 Εὑχίται.
1290 5502 1569 5557 “'Deest
1622 5502 1817 5573 μύρου.
1896 5504 1941 5534 ⁷⁵
1974 5502 2077 5556 Ed.
2133 5502 2494 5574 χειροτονίαν.

2573 5501 2620 5533 ⁷⁸
2645 5499 2748 5555 Ed.
2782 5500 3105 5572 ἱερωσύνης.

1934 5645 1979 5699 Ν
1991 5642 2172 5699 ΟΤΑῢ.

467 5729 626 5807 ,(ξὶῗλ
683 5731 984 5807 Ἰωάνῃ-ου.
1038 5735 1134 5787 Est
1186 5733 1489 5807 ἁμάρτημα
1535 5735 1887 5807 μνημονικὸν,
1936 5743 2011 5807 ιιι

425 5795 559 5852 dixi.
589 5795 782 5869 'Atque
831 5804 1006 5856 simile
1055 5795 1260 5857 notabo
1298 5795 1711 5874 i'nfe'rius‘ad'p.
1760 5795 1883 5859 453.
1931 5806 2008 5860 lla

424 5876 608 5944 autem
653 5888 868 5927 errasse
904 5876 1164 5928 videntur
1202 5876 1523 5929 Anastasius
1561 5876 1918 5931 Caesariensis
1952 5888 2007 5928 et

422 5931 582 6007 Nico,
641 5944 788 6014 quod
839 5945 1067 6001 Joannis
1136 5947 1377 6016 Epistola
1440 5956 1497 6002 et
1545 5947 1837 6002 Invectivae
1882 5946 2007 6001 dua:

2112 5736 2302 5795 lsaaei.
2330 5734 2398 5788 ad
2426 5733 2833 5806 Armenismum
2859 5735 3068 5804 pariter
3089 5744 3421 5806 spectarent,
3460 5751 3522 5790 ac
3554 5737 3694 5792 forte

2113 5808 2276 5877 simul
2327 5805 2603 5877 compingi
2650 5806 2915 5877 solerent.
2962 5805 3144 5862 Habes
3192 5822 3257 5861 ea
3299 5806 3573 5877 Opuscula
3639 5812 3692 5864 it.

2111 5876 2375 5933 Auctario
2398 5876 2433 5929 2
2459 5876 2881 5933 Combetisiano.
