4146 6494
364 460 443 523 73

1402 460 1739 523 JOANNES
1777 459 1997 521 MAXE‘.

2101 458 2244 519 [US.
2264 480 2332 492 —
2349 458 2680 519 NOTITIA.
3603 465 3670 527 7‘

385 575 699 639 πὲσκοπος
738 573 1117 642 Καισαρείας
1143 574 1593 640 Καππαδοκίας,
1616 578 1649 629 ό
1684 575 1791 628 τὸν
1820 575 1991 645 ἅγιον

2101 573 2391 627 securitatis
2422 572 2561 624 inter
2587 587 2643 625 se
2680 570 2913 624 inierunt
2993 589 3056 625 ac
3102 572 3438 642 deﬁnierunt,
3478 585 3534 629 ut
3566 577 3671 632 Ar-

353 667 732 735 κΓρηγόριον
788 667 1235 734 χειροτονήσας
1277 667 1637 731 ἐπίσκοπον,
1692 666 1993 736 διαθήκην

390 758 738 823 dogs-alsia;
769 760 1089 827 ἀναμέσων
1112 757 1311 812 αὐτῶν
1335 759 1764 828 ποιησάμενος,
1800 759 1992 828 διωρίο

387 867 543 902 cato
570 850 684 902 τὸν
717 850 835 918 τῆς
876 854 1189 920 Ἀρμενίας
1222 851 1371 905 κατὰ
1402 850 1613 919 καιρὸν
1650 852 1995 905 ἐπίσκοπον

389 942 505 1006 τὴν
545 945 940 1011 χειροτονίαν
984 944 1317 1013 λαμϐάνειν
1339 944 1458 998 ὑπὸ
1488 944 1600 1012 τῆς
1637 944 1995 1010 Ἑκκλησίας

392 1034 493 1085 καὶ
533 1035 644 1087 τοῦ
666 1034 999 1103 ἀρχιερέως
1023 1036 1393 1103 Καισαρέων,
1426 1036 1496 1101 ἐξ
1521 1032 1598 1107 ἧς
1630 1036 1729 1090 καὶ
1761 1038 1999 1102 αὺτόςὸ

389 1125 565 1194 ἅγιος
594 1129 934 1195 Γρηρόριος
962 1129 1033 1181 ἐν
1066 1127 1225 1197 ἀρχῇ
1255 1128 1371 1197 τὴν
1422 1131 1756 1197 ἱερωσύνην
1782 1128 1998 1195 ’ἐδέξα-

392 1235 491 1270 το·
521 1220 729 1285 καθὼς
756 1221 861 1273 καὶ
891 1221 962 1273 ἐν
986 1219 1065 1285 τῷ
1088 1222 1307 1285 ,ϐιϐλίῳ
1332 1222 1440 1276 τοῦ
1467 1222 1638 1276 οἴκου
1655 1224 1701 1253 ’⁷⁷
1720 1222 1819 1276 καί
1848 1238 1995 1291 μαρ-

389 1311 643 1378 τυρίῳ⁷⁸
671 1312 781 1365 τοῦ
829 1312 1005 1380 ἁγίου
1038 1316 1088 1365 Γ
1083 1313 1371 1381 ρηγορίου
1416 1314 1549 1382 περὶ
1589 1315 1817 1369 τούτων
1849 1312 1999 1366 πάνυ

392 1419 519 1456 των
552 1404 818 1471 ἀκριϐῶς
846 1404 1203 1473 διαγορεύει.
1233 1401 1411 1461 Οὗτοι
1440 1404 1509 1458 δὲ
1549 1408 1637 1470 είς
1669 1406 1888 1474 μυρίας
1914 1407 2000 1459 al-

388 1495 602 1561 ρέσεις
634 1497 1095 1565 περιπεσόντες,
1142 1496 1239 1550 καὶ
1270 1497 1337 1550 ὲκ
1366 1495 1474 1564 τῆς
1497 1496 1825 1565 καθολικῆς
1867 1498 1998 1551 Ἑκ-

394 1589 671 1655 κλησίας
696 1588 1230 1656 ἀλλοτριωθέντες,
1271 1588 1369 1641 καί
1409 1588 1477 1641 ἐκ
1521 1587 1633 1654 τῆς
1652 1587 1998 1657 Καισαρέων

2098 667 2286 721 menia:
2318 682 2411 736 pro
2439 673 2670 736 tempore
2712 665 2981 737 episcopus
3005 667 3392 721 ordinationem
3414 672 3672 742 acciperet

2098 758 2162 811 ab
2188 756 2428 811 Ecclesia
2466 766 2514 810 et
2544 755 2786 828 pontiﬁce
2833 756 3256 823 Cazsariensium,
3300 774 3365 812 ea:
3418 778 3523 831 qua
3560 762 3673 834 ipse

2096 858 2314 904 sanctus
2350 846 2632 919 Gregorius
2658 864 2861 919 quoque
2899 866 2932 902 ιι
2954 850 3213 920 principio
3240 854 3547 921 suscepisset
3577 872 3670 909 sa-

2098 940 2388 993 cerdotium
2415 956 2433 994 :
2460 940 2901 1011 quemadmodum
2927 942 3107 1006 etiam,
3128 943 3185 995 in
3213 940 3346 996 libro
3372 942 3451 998 De
3485 946 3595 1001 vita
3623 957 3673 1001 et

2102 1034 2360 1104 martyrio
2383 1034 2554 1087 sancti
2579 1032 2840 1103 Gregorii,
2862 1042 3107 1087 accurate
3136 1036 3245 1089 haec
3276 1039 3454 1091 omnia
3486 1040 3674 1093 edisse—

2102 1133 2311 1178 runtur.
2343 1124 2438 1178 Illi
2457 1140 2578 1179 vero
2607 1126 2661 1178 in
2717 1126 2937 1178 htereses
2978 1124 3288 1181 innumeras
3321 1127 3577 1199 prolapsi,
3625 1137 3675 1183 et

2102 1216 2167 1269 ab
2192 1216 2428 1271 Ecclesia
2460 1215 2717 1271 catholica
2747 1216 2989 1283 alienati,
3019 1233 3265 1289 nequeam
3289 1218 3529 1275 Ecclesia
3559 1220 3675 1276 Ca:-

2098 1310 2328 1363 sariensi
2347 1308 2513 1380 424
2530 1318 2793 1363 sumentes
2819 1309 3241 1375 ordinationem;
3260 1327 3432 1366 nonne
3462 1314 3676 1368 omnino

2100 1404 2511 1457 consecrationis
2546 1412 2596 1456 et
2625 1403 2972 1457 ordinationis
3013 1412 3248 1475 expertes
3272 1413 3433 1471 sunt;
3485 1408 3677 1476 quique

2101 1511 2196 1566 per
2245 1496 2386 1565 ipsos
2439 1496 2796 1566 baptizantur,
2840 1512 3059 1565 prorsus
3086 1497 3299 1561 ethnici,
3326 1505 3377 1551 et
3418 1497 3676 1569 baptismo

2098 1589 2331 1643 destituti
2352 1588 2377 1642 ?

406 1681 795 1745 Ἐκκλησίας
846 1681 1227 1749 χειροτονίαν
1286 1678 1374 1749 μὴ
1433 1679 1870 1749 λαμϐάνοντες.
1912 1678 2064 1745 ’πῶς
2101 1683 2211 1735 οὐκ
2258 1679 2379 1734 εἰσὶ
2421 1680 2733 1748 παντελῶς
2779 1681 3003 1751 ἀνίεροι
3059 1684 3157 1737 ναὶ
3202 1683 3673 1754 ἀχειροτόνητοι·

395 1776 499 1826 καὶ
538 1775 590 1825 ci
613 1771 685 1835 ἐξ
712 1770 917 1825 αὐτῶν
953 1772 1405 1844 βαπτιζόμενοι,
1439 1770 1753 1837 παντελῶς
1786 1772 2013 1827 ἐθνικοὶ
2046 1773 2145 1826 καὶ
2182 1774 2578 1837 ἀϐάπτιστοι;

472 1867 588 1918 Καὶ
634 1865 684 1916 οἱ
741 1865 840 1933 μὲν
870 1863 999 1925 τοὺς
1040 1864 1365 1934 Ἀρμενίους
1396 1863 1776 1934 βαπτίζοντες,
1813 1860 1997 1915 ἐντεῦ-

2176 1863 2228 1919 8.
2270 1864 2541 1935 Equidem
2573 1864 2671 1934 qui
2704 1862 2997 1919 Armenios
3050 1844 3357 1934 baptizant,
3394 1867 3527 1923 hinc
3583 1884 3680 1925 su-

397 1957 497 2009 Θεν
546 1954 647 2026 τὴν
688 1954 1003 2025 μαρτυρίαν
1052 1955 1414 2025 λαμϐάνουσι,
1446 1956 1541 2009 καὶ
1581 1954 1777 2025 ἑτέρας
1807 1953 2001 2024 ὁμοίας

398 2049 783 2119 εἰσφέρουσιν.
816 2050 881 2100 Οἱ
933 2048 992 2100 δὲ
1036 2048 1131 2101 τοῦ
1180 2049 1327 2102 θείου
1362 2049 1535 2121 μύρου
1589 2047 1998 2113 καταξιοῦντες,

400 2145 526 2204 ταῖς
556 2141 670 2193 τῶν
706 2140 944 2193 συνόδων
977 2142 1313 2212 μαρτυρίαις
1354 2140 1762 2195 ἀκολουθοῦσιν.
1806 2141 1999 2210 Ἡμεῖς

399 2233 458 2286 δὲ
490 2231 676 2285 ταῦτα
709 2234 893 2286 πάντα
922 2232 1381 2302 διασκεψάμενοι,
1416 2233 1709 2303 ὀφείλομεν
1750 2231 1829 2302 τῷ
1885 2230 1998 2283 ἔθει

403 2326 841 2379 κατακολουθεῖν
870 2324 951 2396 τῷ
999 2324 1097 2378 νῦν
1151 2325 1446 2397 κρατοῦντι
1476 2328 1536 2381 ὲν
1563 2327 1684 2389 ταῖς
1721 2322 2000 2397 μητροπό-

2106 1964 2267 2011 munt
2296 1955 2699 2021 testimonium,
2732 1955 2948 2026 aliaque
2978 1957 3181 2011 similia
3207 1958 3518 2027 proferunt.
3574 1961 3680 2029 Qui

2106 2055 2289 2102 autem
2331 2047 2524 2102 divino
2577 2057 2862 2118 unguento
2910 2048 3141 2112 donant,
3200 2049 3538 2120 synodorum
3589 2068 3682 2109 se-

2105 2147 2352 2207 quuntur
2381 2138 2735 2193 documenta.
2753 2138 2868 2194 Nos
2886 2154 3040 2204 vero,
3062 2139 3429 2195 consideratis
3452 2141 3540 2197 his
3562 2158 3682 2197 om—

2104 2232 2293 2298 nibus,
2318 2232 2588 2287 debemus
2614 2232 2849 2302 obsequi
2873 2233 3267 2289 consuetudini
3295 2250 3417 2305 qute
3446 2252 3595 2292 nunc
3620 2238 3681 2292 in

2105 2324 2512 2394 metropolibus
2533 2339 2599 2380 ac
2631 2323 3102 2395 patriarchatibus
3138 2324 3304 2396 viget.

400 2428 519 2471 ιεσι
548 2418 645 2470 καὶ
672 2420 791 2481 τοῖς
818 2418 1257 2490 πατριαρχείοις.

1728 2569 1968 2627 VARLE
1998 2570 2403 2630 LECTIONES.

469 2662 517 2693 "
545 2662 651 2717 Ed.
689 2663 833 2733 βίου.
912 2665 961 2697 ’⁸
1000 2662 1105 2719 Ed.
1153 2665 1477 2736 μαρτυρίου.

401 2846 3671 2893 Μ

1598 3029 1789 3073 CIRCA
1825 3029 2053 3075 ANNUM
2080 3030 2307 3074 DOMINI
2347 3030 2502 3073 DXX.

819 3211 1800 3395 JOANNES
1915 3208 3253 3426 MAXENTIUS,

677 3553 1351 3650 MONACHUS
1462 3553 1614 3643 ET
1721 3553 2419 3643 PRESBYTER
2538 3552 3430 3645 ANTIOCHENUS.

2013 3750 2079 3763 F'

1878 3881 2240 3944 NOTITIA.

1658 4043 2007 4117 (Bibliotheca
2032 4044 2278 4109 Patrum,
2309 4052 2350 4098 t.
2386 4043 2452 4110 Ι.)

487 4369 780 4428 Joannes
818 4360 1222 4435 Maxentius,
1259 4357 1610 4422 monachus
1641 4362 1704 4417 et
1735 4354 2071 4434 presbyter
2107 4349 2569 4423 Antiochenus,
2602 4350 2861 4415 natione
2892 4348 3145 4428 Scytha,
3195 4346 3276 4409 de
3319 4356 3447 4424 quo
3495 4336 3707 4411 multa,

406 4470 733 4535 Batonius
773 4475 935 4528 tom.
969 4464 1086 4525 VII
1119 4462 1485 4533 Annalium,
1521 4467 1584 4522 et
1612 4476 1692 4521 ex
1731 4473 1809 4520 eo
1835 4456 2118 4515 Joannes
2150 4450 2701 4514 Brassichellanus
2732 4450 3037 4529 magister
3068 4446 3231 4511 sacri
3269 4441 3505 4523 palatii,
3539 4455 3685 4519 qum

405 4571 669 4651 praeﬁxa
699 4575 858 4629 sunt
888 4564 1084 4627 initio
1114 4579 1379 4640 onerum
1410 4561 1577 4641 ejus,
1621 4556 1879 4636 scripsit
1908 4551 2256 4633 Epistolam
2293 4550 2371 4613 ad
2412 4551 2652 4629 legatos
2683 4550 2862 4613 Sedis
2906 4538 3696 4651 apostolicmiProfessio-

406 4643 560 4735 nem
594 4688 730 4732 suae
759 4668 905 4732 ﬁdei
935 4686 951 4742 ;
987 4664 1279 4738 Capitula
1311 4673 1532 4727 contra
1560 4659 2011 4728 Nestorianos;
2054 4656 2524 4719 Professionem
2559 4656 2705 4718 ﬁdei
2738 4654 3099 4719 breviorem
3138 4672 3155 4725 ;
3193 4649 3526 4711 Rationem
3581 4643 3695 4705 ad-

408 4773 753 4835 unationis
815 4768 1012 4830 Verbi
1068 4766 1222 4840 Dei;
1273 4768 1677 4845 Responsum
1744 4758 1822 4821 ad
1873 4758 2225 4837 Epistolam
2288 4755 2651 4819 Hormisdm
2711 4753 3059 4835 pontificis;
3127 4750 3445 4814 Libellum
3477 4755 3695 4811 contra

407 4871 810 4952 Acephalos;
839 4869 1265 4946 Dialogorum
1291 4873 1508 4928 contra
1528 4860 1945 4925 Nestorianos
1981 4859 2181 4921 libros
2203 4858 2388 4933 duos,
2420 4874 2566 4938 quas
2600 4856 2822 4920 omnia
2858 4861 3127 4919 exstant.

422 5058 3641 5091 WW—

1704 5215 2040 5277 NOTITIA
2078 5212 2423 5275 ALTERA-

1270 5382 1511 5453 (Funuc.
1554 5378 1693 5435 Bibl.
1716 5379 1894 5436 Grec.
1935 5377 2070 5433 edit.
2105 5375 2344 5434 Harless.
2380 5387 2515 5433 tom.
2553 5373 2622 5451 Χ,
2652 5389 2707 5444 p.
2743 5372 2893 5440 540.)

484 5681 785 5740 Joannes
820 5670 1225 5745 Maxentius,
1256 5669 1422 5731 circa
1457 5670 1602 5732 a.C.
1632 5669 1752 5731 520
1778 5664 2328 5746 clarus,Capitula
2363 5664 2500 5728 sive
2535 5660 3101 5726 anathematismos
3131 5664 3347 5720 contra
3382 5658 3702 5723 Nestoria-

398 5800 549 5853 nos,
588 5778 911 5855 Dialogos
952 5779 1171 5835 contra
1221 5772 1504 5844 eosdem,
1542 5772 1799 5851 aliaque
1844 5772 2082 5851 scripta
2129 5768 2417 5848 reliquit,
2455 5783 2732 5848 quorum
2773 5764 2993 5827 Latina
3032 5770 3275 5824 tantum
3320 5763 3526 5825 versio
3556 5762 3704 5827 tulit

398 5890 698 5954 etatem,
730 5876 907 5939 edita
943 5874 1014 5935 in
1046 5871 1688 5950 Ortbodoxographis
1718 5872 1911 5935 Basil.
1946 5871 2103 5935 1555
2179 5877 2243 5935 et
2270 5871 2450 5945 1569,
2493 5868 2635 5943 fol.,
2670 5874 2732 5931 et
2787 5867 2854 5927 in
2905 5863 3097 5927 Josim
3149 5865 3409 5928 Simleri
3450 5866 3704 5945 scriptis

750 5980 1039 6041 Ρλτιιοι..
1080 5975 1201 6038 Gn.
1240 5974 1598 6038 LXXXVI.
3310 5965 3349 6025 3
