4146 6500
502 437 572 505 ’75
1788 436 2107 497 JOANNIS
2137 436 2516 499 MAXENTII
3686 445 3758 506 76

509 562 791 617 veterum
832 552 1069 614 Latinis
1101 551 1178 611 de
1220 565 1346 610 una
1382 563 1651 627 persona
1683 555 1742 609 et
1772 550 2023 609 duabus
2058 550 2304 611 naturis
2342 550 2627 622 Domini,
2665 550 2885 629 'l‘igur.
2920 550 3092 623 1571,
3138 552 3271 626 fol.,
3307 560 3368 616 et
3394 556 3457 617 in
3504 556 3758 620 Biblio-

456 666 459 671 ‘
506 652 705 715 thecis
736 656 1015 722 Patrum,
1053 649 1250 711 Paris.
1280 647 1454 722 1575,
1490 657 1640 711 tom.
1678 649 1753 721 V,
1788 655 1850 709 et
1880 646 2057 720 1589,
2095 656 2248 713 tom.
2280 652 2389 725 ιν,
2424 657 2487 713 et
2517 650 2881 725 tau-1654,
2915 660 3068 715 tom.
3098 655 3206 728 Ill,
3238 662 3298 718 et
3320 656 3543 718 Colon.
3576 659 3753 730 1618,

501 764 654 818 tom.
698 755 804 829 Vl,
838 762 899 815 et
942 752 1144 830 Lugd.
1194 753 1371 827 1612,
1417 759 1567 816 tom.
1628 753 1745 815 1X.
1798 753 1987 815 Hunc
2037 768 2183 815 cum
2232 755 2478 817 Joanne
2526 755 3053 835 ScythOpolitano
3107 758 3402 839 plerique
3457 761 3756 823 eumdem

499 856 765 920 faciunt.
813 856 963 935 Ejus
1016 856 1258 935 stylum
1309 856 1525 920 laudat
1574 855 1839 919 Photius
1892 858 2031 920 cod.
2078 858 2178 932 95,
2222 874 2338 936 pro
2369 860 2620 939 synodo
2652 860 3183 939 Chalcedonensi,
3214 864 3380 927 bene
3416 864 3757 942 scripsisse

500 962 770 1019 testatus
808 956 949 1018 cod.
1006 956 1146 1018 231.

1605 1323 2537 1415 saaTESTIMONIA

1236 1521 1338 1581 DE
1387 1518 1700 1579 JOANNE
1747 1516 2185 1580 MAXENTIO
2229 1514 2577 1588 EJUSQUE
2626 1514 3039 1576 OPERIBUS.

563 1824 829 1881 Joannem
874 1821 1207 1877 Maxentium
1253 1827 1310 1875 et
1343 1820 1525 1873 socios
1555 1820 1673 1888 ejus
1707 1818 2008 1873 monachos
2050 1818 2283 1890 Scythas
2314 1820 2573 1890 (quorum
2628 1820 2872 1885 nomina,
2920 1831 2979 1874 ιιι
3011 1820 3354 1875 Justinianus
3400 1820 3457 1875 in
3488 1822 3650 1892 epist.
3682 1821 3752 1877 ad

498 1920 841 1976 llormisdam
870 1934 1064 1990 papam
1100 1926 1352 1980 testatur,
1389 1924 1538 1978 sunt,
1574 1916 1832 1977 Achilles,
1864 1916 2122 1980 Joannes,
2152 1916 2438 1979 Leontius,
2466 1915 2789 1986 Maxentius)
2821 1917 2990 1971 fuisse
3020 1916 3197 1986 palam
3228 1916 3597 1986 Eutychianos
3626 1932 3752 1986 per-

497 2016 655 2079 fidos,
688 2014 975 2068 damnatos
1008 2030 1036 2067 a
1068 2013 1312 2067 Romana
1339 2012 1583 2066 Ecclesia
1625 2020 1679 2065 et
1720 2012 1968 2081 ingentes
1997 2012 2186 2065 turbas
2215 2012 2269 2065 in
2308 2012 2555 2067 Ecclesia
2584 2012 2854 2067 catholica
2886 2012 3174 2075 excitasse,
3207 2027 3331 2066 cum
3360 2012 3751 2067 Constantino-

496 2108 755 2177 poli,tum
784 2108 987 2172 Romae,
1007 2122 1072 2159 ex
1099 2106 1283 2160 multis
1314 2105 1671 2160 relationibus
1703 2114 1758 2157 et
1778 2104 2025 2173 epistolis
2058 2106 2364 2173 legatorum
2382 2104 2685 2159 Hormisdaa
2707 2120 2860 2175 papae
2881 2121 3002 2175 quae
3027 2105 3300 2158 habentur
3335 2113 3467 2157 tom.
3494 2104 3509 2156 1
3536 2103 3753 2173 Episto-

498 2199 669 2254 larum
726 2202 1093 2255 Romanorum
1157 2200 1499 2269 pontificum,
1542 2208 1598 2253 et
1658 2215 1723 2252 ex
1766 2197 1932 2253 variis
1963 2198 2211 2267 epistolis
2244 2199 2489 2269 ejusdem
2524 2199 2580 2253 S.
2614 2197 2937 2260 Hormisdae,
2976 2197 3065 2251 illa
3101 2199 3406 2266 praesertim
3442 2195 3507 2249 ad
3529 2197 3751 2250 Posses-

495 2307 677 2346 sorem
709 2292 1054 2362 episcopum,
1088 2292 1433 2362 apertissime
1484 2292 1847 2361 intelligitur:
1877 2291 2279 2361 profitebantur
2309 2290 2457 2345 enim
2505 2291 2689 2359 specie
2728 2298 2889 2345 tenus
2938 2306 2996 2344 se
3029 2290 3247 2344 concilii
3292 2288 3755 2344 Chalcedonensis

495 2391 821 2449 assertores,
850 2392 911 2438 ut
936 2384 1125 2438 videre
1158 2392 1243 2438 est
1274 2385 1327 2437 in
1355 2394 1469 2438 toto
1527 2383 1630 2438 hoc
1656 2399 1841 2453 opere,
1874 2399 1937 2437 ac
1993 2383 2341 2453 potissimum
2392 2383 2447 2436 in
2502 2383 2783 2453 prtemissa
2837 2382 2961 2436 ﬁdei
3020 2381 3381 2451 professione,
3407 2396 3531 2435 cum
3563 2395 3753 2433 revera

497 2473 658 2528 fidem
716 2474 933 2529 concilii
985 2474 1447 2530 Chalcedonensis
1491 2485 1607 2529 arte
1647 2475 1901 2540 subdola,
1934 2491 1997 2529 ac
2027 2475 2243 2530 vafritie
2277 2476 2550 2529 haereticis
2580 2476 2742 2529 insita
2774 2474 3100 2529 labefactare
3131 2475 3444 2529 niterentur
3649 2472 3751 2539 (Cf.

496 2567 719 2634 Baron.,
750 2578 791 2623 t.
820 2571 911 2625 VII
962 2571 1158 2625 Annal.
1183 2573 1382 2627 eccles.
1421 2573 1490 2626 ad
1526 2590 1654 2626 ann.
1692 2571 1815 2638 519,
1850 2590 1969 2642 cap.
2016 2571 2078 2626 81
2112 2588 2273 2642 usque
2318 2573 2387 2625 ad
2429 2572 2517 2634 89,
2551 2579 2599 2625 et
2632 2589 2676 2625 ο.
2714 2572 2782 2627 97
2812 2588 2972 2640 usque
3002 2571 3071 2623 ad
3116 2570 3239 2633 ηδ,
3274 2579 3321 2623 et
3364 2570 3433 2622 ad
3466 2586 3592 2622 ann.
3630 2568 3752 2631 1‘20,

494 2682 609 2735 mp.
652 2668 717 2720 12
747 2683 908 2735 usque
940 2669 1010 2720 ad
1044 2668 1155 2734 ‘28.)

566 2760 835 2826 Quocirca
882 2761 1066 2814 omnia
1095 2775 1435 2831 quaecunque
1473 2761 1563 2815 hic
1593 2769 1877 2831 ponuntur
1911 2775 2078 2830 opera
2106 2760 2361 2814 Maxentii
2396 2760 2711 2815 cautissime
2744 2759 2994 2830 legenda,
3032 2757 3263 2813 necile
3297 2756 3597 2819 fidendum,
3628 2771 3753 2809 eum

495 2854 664 2907 lateat
707 2852 1061 2923 Eutyehianae
1096 2854 1369 2908 haarescos
1400 2869 1695 2908 venenum.
1746 2854 2216 2924 Excusandusque
2246 2855 2499 2921 Cocleus,
2530 2857 2623 2925 qui
2661 2871 2828 2926 opera
2860 2854 3116 2909 Maxentii
3161 2854 3264 2908 sub
3306 2853 3530 2907 nomine
3560 2852 3756 2907 ortho-

496 2945 619 2999 doxi
655 2946 829 3000 Patris
862 2946 1071 3016 primus
1100 2946 1293 3011 edidit,
1324 2947 1368 3001 si
1404 2947 1631 3002 technas
1672 2959 1728 3003 et
1752 2948 2090 3019 imposturas
2115 2950 2299 3004 callidi
2334 2952 2662 3022 Eutychiani
2692 2951 2778 3004 vir
2811 2950 3017 3020 probus
3059 2956 3115 3002 et
3148 2947 3398 3001 sincerus
3424 2961 3535 3000 non
3580 2946 3757 3000 intro-

494 3039 761 3106 spexerit,
787 3054 909 3092 cum
938 3039 1202 3109 epistolas
1236 3049 1481 3108 tempore
1516 3039 1819 3095 Hormisdte
1848 3056 2001 3111 papte
2028 3040 2172 3094 ultro
2201 3040 2452 3111 citroque
2476 3043 2649 3107 datas,
2680 3043 2735 3096 in
2767 3041 2970 3112 quibus
2999 3040 3109 3095 doli
3140 3039 3470 3109 fraudesque
3500 3037 3756 3093 Maxentii

497 3143 561 3183 ac
603 3130 881 3184 sociorum
926 3130 1349 3200 detegebanlur,
1388 3132 1453 3186 ad
1505 3149 1728 3189 manum
1759 3149 1870 3189 non
1901 3134 2180 3189 habuerit.
2212 3133 2336 3189 Vide
2382 3137 2620 3190 eumdem
2667 3145 2800 3191 tom.
2834 3135 2923 3191 VII
2978 3134 3198 3200 Annal.,
3231 3150 3372 3187 anno
3404 3131 3596 3188 Christi
3629 3131 3757 3197 519,
3846 3142 3849 3143 '

507 3235 544 3274 δ.
584 3217 706 3282 105,
740 3230 787 3273 et
822 3237 962 3273 anno
995 3220 1118 3283 520,
1152 3239 1196 3272 ι’.
1232 3221 1319 3275 27.

1311 3447 1400 3507 Ex
1447 3446 1833 3510 Bellarmino
1879 3451 1967 3510 De
2004 3450 2429 3531 scriptoribus
2479 3449 2943 3511 ecclesiasticis.

571 3566 811 3621 Joannes
849 3564 1175 3633 Maxentius,
1205 3569 1530 3634 monachus,
1562 3579 1637 3635 et,
1668 3581 1729 3626 ut
1761 3573 2028 3637 creditur,
2063 3574 2350 3646 presbyter
2376 3575 2780 3639 Antiochenus,
2810 3574 2945 3627 vixit
2976 3581 3222 3641 tempore
3252 3570 3557 3625 Ilormisdae
3577 3582 3756 3639 papae,

503 3669 691 3714 contra
732 3657 891 3725 cujus
934 3658 1218 3725 epistolam
1268 3661 1506 3730 scripsit.
1553 3664 1682 3734 Ejus
1723 3681 1888 3735 opera
1925 3677 2140 3721 exstant
2172 3668 2225 3721 in
2257 3677 2456 3737 quarto
2504 3676 2652 3721 torno
2695 3666 3044 3720 Bibliotheca:
3092 3664 3187 3719 SS.
3234 3664 3478 3718 Patrum.
3530 3662 3765 3732 Scripsit

504 3761 683 3805 autem
718 3749 1003 3804 Catholica:
1044 3750 1169 3819 ﬁdei
1213 3752 1607 3821 professionem,
1641 3755 1770 3811 item
1803 3757 2059 3811 Libellum
2100 3768 2285 3811 contra
2316 3758 2626 3827 Acephalos,
2664 3757 2793 3811 item
2830 3754 3176 3825 Dialogorum
3206 3763 3391 3807 contra
3422 3754 3766 3809 Nestorianos

503 3847 663 3902 libros
694 3846 845 3909 duos,
875 3846 1005 3899 item
1033 3845 1441 3917 Responsionem
1466 3851 1536 3904 ad
1562 3850 1861 3921 Epistolam
1888 3869 2039 3923 papa!
2064 3854 2378 3916 Hormisdw,
2417 3853 2469 3906 in
2497 3853 2699 3921 quibus
2734 3851 2978 3919 disputat
3007 3850 3271 3903 adversus
3304 3848 3675 3913 Nestorianos,
3705 3857 3768 3903 et

499 3937 770 3991 adversus
801 3938 1062 3992 Faustum
1100 3938 1425 4009 Regiensem
1475 3942 1989 4013 Semipelagianum.
2036 3946 2104 3998 Et
2141 3945 2362 4013 quidem
2413 3944 2673 3997 Faustum
2704 3949 2759 3995 et
2813 3940 3134 4009 Pelagianos
3164 3939 3381 4009 egregie
3428 3939 3657 4001 refellit,
3692 3954 3765 3991 ex

500 4028 658 4082 libris
692 4029 747 4083 S.
781 4030 1069 4101 Augustini
1096 4050 1107 4085 :
1137 4041 1191 4086 at
1211 4034 1566 4089 Nestorianos
1596 4035 1669 4088 ita
1703 4034 1923 4099 refellit,
1952 4037 2203 4090 scribens
2242 4044 2433 4090 contra
2468 4036 2845 4088 Possessorem
2873 4032 3190 4102 episcopum
3226 4032 3566 4095 Africanum,
3599 4040 3659 4084 ut
3692 4031 3764 4083 ad

506 4126 876 4196 Eutychianos
905 4128 1185 4185 declinare
1224 4132 1499 4186 videatur.
1544 4131 1705 4187 Certe
1745 4131 1802 4187 S.
1845 4132 2135 4186 Hormisda
2172 4148 2312 4202 papa
2346 4132 2726 4185 Possessorem
2759 4128 3027 4192 defendit,
3072 4137 3127 4183 et
3171 4128 3441 4183 Joannem
3476 4140 3600 4180 cum
3646 4126 3768 4179 suis

504 4219 791 4274 monachis
816 4220 1019 4275 acriter
1038 4222 1342 4278 insectatus
1366 4232 1469 4277 est.
1504 4221 1739 4292 Scripsit
1767 4231 1947 4277 autem
1982 4223 2285 4277 Maxentius
2315 4233 2507 4275 contra
2536 4221 2824 4291 epistolam
2851 4219 3012 4291 534
3041 4219 3345 4274 Hormisdze
3378 4232 3583 4288 negans
3611 4217 3765 4271 illam

500 4322 619 4363 esse
650 4312 969 4375 llormisdae,
1007 4329 1075 4369 ne
1104 4313 1385 4369 videretur
1414 4321 1605 4367 contra
1642 4329 1914 4369 summum
1951 4313 2272 4368 Pontificem
2319 4310 2593 4377 scribere;
2623 4310 2718 4365 sed
2750 4326 2807 4364 re
2856 4325 2981 4364 vera
3025 4309 3213 4379 negari
3256 4323 3366 4362 non
3408 4314 3590 4376 potest
3638 4306 3763 4374 epi-

503 4409 694 4463 stolam
732 4412 877 4468 illam
904 4430 1036 4470 vere
1064 4430 1185 4470 esse
1218 4413 1540 4470 Hormisdaz.

1361 4774 2023 4904 JOANNIS
2118 4773 2912 4902 MAXENTII

818 5029 1404 5123 EPISTOLA
1474 5028 1623 5116 AD
1700 5027 2231 5120 LEGATOS
2301 5027 2637 5117 SEDIS
2692 5025 3464 5121 APOSTOLICIE

511 5373 743 5427 Dominis
781 5376 905 5429 viris
947 5373 1277 5435 beatissimis,
1326 5370 1588 5425 Germano
1631 5379 1680 5423 et
1725 5368 1944 5432 Joanni,
1979 5368 2089 5439 epi-
2192 5368 2306 5423 eilii
2335 5367 2499 5421 ﬁdem
2524 5367 2781 5420 nituntur
2802 5372 3075 5429 evertere,
3116 5364 3341 5419 Patrum
3371 5363 3618 5433 proferre
3643 5378 3772 5418 sen-

576 5445 765 5513 scopis,
800 5444 976 5527 leiei
1002 5453 1048 5497 et
1074 5442 1606 5528 Dioscorodiacronis,
1634 5439 2086 5528 Blando'presby:
2189 5471 2210 5515 ί

2189 5461 2413 5523 tentias,
2445 5466 2502 5514 et
2530 5458 2689 5513 novis
2719 5472 3010 5527 pravorum
3046 5457 3615 5528 argumentationibus
3639 5471 3768 5511 ver-

579 5524 813 5618 iii-2;,n“
1176 5510 2086 5618 ’ff’“,fff,’ff§,,§fd'f,,,“pjii‘ifﬁwgnf,”
2192 5553 2279 5607 bis
2314 5550 2600 5607 catholicis
2643 5549 2888 5612 obviare,
2920 5557 3272 5618 augmentum
3321 5547 3541 5616 aliquod
3576 5562 3677 5601 nos
3712 5546 3771 5600 in

578 5586 764 5649 exiquo
827 5586 1121 5648 Maxentio,
1186 5594 1234 5635 et
1283 5582 1519 5637 omnibus
1565 5584 1657 5652 qui
1710 5598 1909 5634 mecum
1941 5590 2086 5643 sunt,
2193 5582 2279 5607 ωδ
2314 5582 2600 5607 “‘"m'u’
2643 5582 2888 5612 "”"‘"“’
2920 5582 3272 5618 “"5"'“"“‘"'
3321 5582 3541 5616 “”‘*“"“
3578 5582 3702 5647 "W,

579 5642 828 5708 satiatem.
1110 5642 1117 5648 ’
1578 5642 1587 5652 ’
2194 5645 2301 5698 ﬁde
2338 5644 2517 5698 facere
2542 5642 2811 5711 judicant,
2835 5647 2931 5694 aut
2957 5651 3106 5693 certe
3132 5647 3321 5693 contra
3345 5645 3549 5691 statuta
3578 5642 3771 5691 venire

580 5746 847 5810 Quoniam
896 5745 1145 5799 nonnulli
1186 5745 1437 5799 videntes
1474 5760 1576 5798 nos
1619 5753 1811 5798 contra
1845 5758 1942 5797 eos
1994 5739 2090 5810 qui
2193 5737 2435 5800 concilii,
2470 5735 2841 5789 necessarium
2877 5732 3153 5788 credimus
3192 5730 3571 5799 probabilibus
3597 5728 3773 5782 docun

509 5833 735 5892 inimico
767 5838 1055 5910 proposito
1084 5838 1413 5894 venerabilis
1441 5834 1910 5894 Chalcedonensis
1955 5848 2091 5889 con-
2196 5829 2398 5885 mentis
2438 5828 2580 5883 hanc
2613 5826 3090 5882 inconvenientcm
3130 5822 3199 5877 ab
3228 5835 3419 5876 eorum
3453 5820 3652 5875 animis
3680 5834 3775 5873 ex-
