4146 6440
544 392 621 454 ’Π
1434 391 1676 451 EPIST.
1716 391 1816 449 AD
1854 386 2191 449 LEGATOS
2229 385 2449 447 SEDIS
2485 385 2984 446 APOSTOLIC/E.
3758 389 3827 451 78

507 564 520 573 _
549 518 794 574 purgare
828 502 1175 574 Opinionem,
1209 506 1469 561 docentes
1505 505 1823 559 nullatenus
1850 517 1970 556 esse
2000 515 2144 553 con-
2175 502 2217 557 A
2247 498 2485 567 propriae
2519 497 2645 551 ﬁdei
2690 500 3004 567 explanare,
3038 496 3111 552 ita
3154 497 3221 552 de
3270 513 3328 552 se
3372 500 3658 556 manifeSla
3690 517 3826 559 voce

550 596 810 658 marium,
857 595 905 650 si
934 612 1003 650 ex
1034 612 1229 651 eorum
1264 598 1486 651 Patrum
1518 596 1829 659 sententiis,
1861 609 1998 663 quas
2028 592 2146 660 ipsa

548 688 755 757 recipit
800 687 1065 759 synodus,
1118 689 1310 742 falsam
1358 688 1711 742 docuerimus
1758 686 2144 741 baareticorum

546 795 674 834 esse
721 782 1087 844 sententiam,
1135 798 1242 851 qua
1285 798 1405 837 eam
1454 782 1611 852 quasi
1654 779 1931 835 contraria
1976 786 2144 846 atque

548 868 1008 925 inconvenientia
1043 871 1239 925 docere
1265 888 1387 941 qua:
1416 884 1543 927 ante
1579 887 1636 926 se
1678 871 1925 931 fuerunt,
1954 866 2142 923 conci-

546 960 637 1014 liis
670 971 892 1016 tentant
918 971 1188 1018 astruere.
1232 964 1299 1018 Et
1331 965 1511 1034 primo
1542 964 1766 1034 quidem
1813 963 2141 1017 catholicam

544 1049 714 1103 ﬁdem
735 1062 1095 1121 augmentum
1118 1053 1339 1123 aliquod
1366 1068 1527 1122 posse
1557 1054 1801 1122 recipere
1826 1051 2139 1120 improbum

539 1149 631 1193 est
657 1140 914 1205 credere,
948 1141 1077 1211 quia
1108 1158 1234 1197 cum
1266 1143 1339 1197 sit
1372 1143 1617 1212 perfecta
1657 1152 1713 1197 et
1741 1143 1900 1211 plena
1934 1141 1989 1194 in
2022 1156 2140 1194 om-

542 1231 740 1298 nibus,
787 1243 1145 1303 augmentum
1190 1236 1438 1305 recipere
1469 1251 1580 1290 non
1615 1244 1815 1306 potest.
1846 1236 1961 1289 Hoc
1990 1236 2135 1289 enim

542 1326 670 1380 sine
720 1326 894 1381 dubio
936 1337 1293 1397 augmentum
1330 1328 1548 1398 recipit,
1577 1328 1721 1397 quod
1752 1338 1836 1381 est
1880 1326 2138 1396 imperfe—

541 1426 721 1471 ctum.
759 1419 817 1473 Si
865 1430 1051 1474 autem
1102 1436 1216 1474 non
1248 1420 1318 1475 de
1366 1420 1733 1490 intelligentia
1765 1420 1915 1486 ﬁdei,
1946 1420 2041 1474 sed
2067 1419 2135 1473 de

537 1512 733 1564 verbis
760 1513 963 1581 agitur,
992 1514 1097 1568 hoc
1128 1529 1238 1567 non
1267 1521 1352 1568 est
1375 1529 1596 1585 semper
1620 1515 1981 1588 contrarium,
2008 1514 2135 1583 quia

538 1607 849 1676 aliquando
887 1610 1334 1678 explanationem
1377 1610 1507 1665 ﬁdei
1550 1611 1845 1665 verborum
1874 1610 2005 1663 facit
2041 1609 2135 1662 ad-

534 1700 736 1768 jectio,
773 1700 1072 1769 aliquando
1098 1703 1518 1771 corruptionem
1548 1702 1695 1772 quod
1728 1718 1839 1755 non
1869 1717 2133 1771 augmen-

540 1800 688 1853 tum,
725 1791 822 1845 sed
850 1792 1244 1847 detrimentum
1278 1804 1363 1849 est
1396 1796 1581 1863 potius
1605 1794 1753 1849 ﬁdei.
1785 1794 2133 1863 Quapropter

2246 596 2542 650 testentur,
2595 589 2845 643 dit-entes
2874 609 2883 641 :
2921 588 3428 659 Sequentes'igitur
3459 599 3515 645 et
3558 607 3662 647 nos
3696 610 3826 648 san-

2244 682 2524 736 ctissimos
2555 683 2769 745 Patres,
2807 681 3159 747 conﬁtemur,
3200 692 3307 737 etc.
3356 683 3459 750 Qui
3509 697 3694 740 autem
3733 702 3825 741 re-

2244 769 2627 822 tractationem
2666 771 2885 824 concilii
2933 787 3053 825 esse
3094 772 3344 842 iudicant
3371 783 3563 829 contra
3598 776 3826 832 haereti-

2243 875 2433 914 corum
2466 877 2634 916 novas
2669 863 3091 919 adinventiones
3116 866 3397 935 quippiam
3427 868 3482 922 in
3513 869 3671 923 libris
3696 887 3825 940 pro-

2240 951 2389 1008 ferre
2437 964 2778 1021 sanctorum,
2810 969 2908 1011 aut
2954 958 3009 1012 id
3034 959 3181 1028 quod
3220 962 3577 1017 convenienti
3608 964 3825 1019 ratione

2240 1045 2534 1101 collectum
2580 1047 2768 1111 fuerit,
2805 1049 2986 1116 primo
3016 1063 3272 1121 arguant,
3304 1052 3364 1105 Β.
3402 1051 3690 1125 Cyrillum,
3725 1054 3822 1125 qui

2240 1136 2410 1207 (sicut
2431 1141 2687 1209 superius
2707 1143 3052 1213 edocuimus)
3076 1143 3322 1212 perfecto
3334 1146 3582 1215 etprimo
3602 1157 3823 1202 sancto-

2240 1246 2360 1284 rum
2402 1232 2628 1287 Patrum
2670 1245 2929 1289 manente
2958 1235 3254 1306 Symbolo,
3304 1237 3372 1291 ad
3418 1238 3818 1296 destruendam

2239 1323 2464 1393 impiam
2512 1326 3022 1397 interpretationem
3060 1329 3300 1384 Nestorii
3344 1330 3687 1387 diversorum
3720 1335 3824 1389 Pa-

2239 1424 2381 1470 trum
2402 1420 2705 1474 sententias
2730 1420 2985 1490 protulit,
3004 1421 3141 1475 etB.
3162 1421 3425 1487 Leonem,
3441 1426 3535 1494 qui
3562 1427 3821 1483 similiter

2236 1518 2556 1564 sanctorum
2591 1513 2817 1565 Patrum
2863 1514 3200 1569 testimoniis
3242 1524 3448 1571 statuta
3484 1520 3820 1575 venerabilis

2234 1600 2703 1658 Chalcedonensis
2744 1606 2939 1675 synodi
2971 1622 3095 1661 cum
3129 1607 3236 1662 ﬁde
3266 1609 3490 1663 Patrum
3520 1613 3818 1668 convenire

2234 1692 2444 1747 docuit.
2473 1695 2541 1748 Et
2569 1702 2683 1747 tum
2711 1695 2933 1751 demum
2964 1712 3065 1752 nos
3088 1700 3243 1768 quasi
3271 1708 3662 1757 retractatores
3686 1720 3819 1759 con-

2234 1785 2348 1839 cilii
2382 1801 2615 1856 arguere
2648 1797 2931 1856 poterunt,
2968 1791 3062 1860 qui
3099 1807 3196 1860 per
3241 1802 3559 1847 sanctorum
3593 1796 3815 1850 Patrum

537 1889 677 1935 tunc
721 1882 958 1951 adjectio
999 1885 1300 1939 verborum
1350 1886 1575 1939 vitanda
1616 1892 1722 1949 εει,
1765 1885 1985 1955 quando
2019 1900 2130 1937 ιιοη
2161 1854 2204 1908 Β
2232 1875 2374 1931 bene
2406 1879 2646 1947 prolatas
2684 1884 3009 1948 sententias,
3057 1884 3382 1952 repellimus
3427 1886 3816 1942 haereticorum

533 1972 1013 2041 explanationem,
1045 1976 1142 2030 sed
1182 1977 1598 2045 corruptionem
1633 1985 1729 2030 aut
1764 1977 2129 2031 contrarieta-

532 2072 652 2117 tem
698 2064 827 2118 ﬁdei
862 2075 1144 2133 operatur.
1175 2065 1334 2131 Quod
1368 2067 1413 2121 si
1449 2068 1629 2121 omnis
1662 2067 1897 2137 adjectio
1934 2067 2131 2121 verbo-

532 2171 664 2209 rum
700 2156 989 2212 catbolic:e
1024 2157 1148 2212 ﬁdei
1175 2158 1339 2212 noxia
1370 2160 1635 2222 creditur,
1662 2176 1760 2213 cur
1783 2159 1842 2213 Β.
1871 2158 2126 2229 Cyrillus,

530 2252 604 2304 ad
642 2252 1042 2305 destruendam
1078 2254 1318 2308 Nestorii
1352 2254 1575 2324 impiam
1612 2254 2128 2324 interpretationem

529 2342 714 2395 sancti
768 2341 1036 2412 Symboli,
1071 2343 1125 2397 in
1159 2345 1396 2398 concilio
1439 2345 1740 2415 Ephesino,
1772 2356 1880 2400 tam
1929 2345 2128 2399 multas

526 2443 858 2486 sanctorum
906 2434 1130 2487 Patrum
1184 2437 1487 2491 sententias
1534 2436 1859 2506 proferens,
1912 2437 2126 2490 nullum

528 2527 990 2595 reprehensionis
1020 2529 1247 2598 dignum
1288 2530 1535 2599 recipere
1565 2539 1920 2599 augmentum
1947 2529 2127 2583 credi-

527 2620 664 2671 tur?
697 2619 858 2684 Quod
894 2621 938 2673 si
983 2620 1107 2675 ideo
1136 2632 1493 2692 augmentum
1526 2624 1773 2693 recipere
1802 2638 1911 2677 non
1944 2622 2125 2675 credi-

528 2717 649 2769 tur,
675 2709 807 2776 quia
832 2724 945 2762 non
985 2712 1105 2779 ipso
1135 2712 1308 2766 sancti
1334 2712 1578 2783 Symboli
1613 2714 1945 2766 mathemate
1980 2712 2124 2781 ipsas

527 2811 861 2853 sanctorum
900 2802 1127 2855 Patrum
1159 2805 1463 2857 sententias
1494 2804 1756 2868 inseruit,
1789 2803 1885 2857 sed
1911 2818 2004 2857 eas
2031 2820 2123 2857 ex-

525 2893 815 2946 trinsecus
843 2894 1131 2961 proferens
1160 2895 1596 2949 sincerissimum
1630 2910 1854 2950 sensum
1875 2895 2121 2965 ejusdem

523 2982 709 3035 sancti
738 2982 985 3052 Symboli
1014 2983 1259 3037 reddidit
1304 2986 1657 3039 manifestum
1686 3003 1699 3038 :
1724 3000 1880 3055 aeque
1908 3000 2039 3054 ergo
2065 2993 2123 3039 et

524 3068 599 3123 de
634 3080 826 3124 nostra
860 3074 1129 3140 parvitate
1175 3075 1435 3128 convenit
1462 3075 1739 3145 judicare,
1771 3076 1865 3143 qui
1908 3090 2017 3128 non
2064 3074 2117 3127 in

2230 1965 2525 2022 fallaciam.
2556 1971 2729 2025 Nemo
2761 1972 2909 2027 enim
2957 1983 3108 2028 recte
3149 1976 3585 2045 reprehendatur
3633 1990 3814 2035 retra-

2231 2069 2381 2114 clare
2405 2064 2695 2132 synodum,
2724 2065 2831 2119 nisi
2863 2066 2956 2135 qui
2989 2066 3057 2121 de
3088 2067 3260 2136 ipsius
3292 2070 3811 2140 statutisjudicans,

2230 2167 2341 2205 non
2379 2169 2478 2221 pro
2526 2154 2643 2223 ipsa
2695 2157 2791 2211 sed
2839 2167 3030 2212 contra
3082 2159 3254 2229 ipsam
3294 2161 3516 2215 Patrum
3565 2164 3813 2233 proferre

2230 2248 2405 2294 tentat
2440 2244 2765 2305 sententias,
2813 2245 2957 2300 sicut
2992 2248 3237 2302 bteretici
3282 2249 3511 2305 faciunt.
3559 2252 3661 2317 Qui
3709 2270 3810 2307 au-

2229 2343 2340 2386 tem
2371 2349 2483 2388 non
2512 2344 2704 2389 contra
2740 2336 2934 2406 ipsam,
2978 2340 3074 2393 sed
3108 2356 3209 2409 pro
3241 2343 3380 2410 ipsa,
3414 2343 3637 2397 Patrum
3681 2361 3811 2399 sen-

2230 2426 2431 2480 tcntias
2457 2427 2768 2496 proferunt,
2808 2430 3127 2486 defensores
3159 2443 3308 2499 sunt,
3344 2450 3453 2489 non
3485 2445 3811 2492 retractato-

2230 2532 2321 2571 res
2362 2519 2607 2573 concilii.
2661 2522 2890 2576 Frustra
2936 2540 3070 2594 ergo
3120 2526 3347 2580 omnino
3391 2544 3492 2582 nos
3538 2532 3807 2600 synodum

2227 2617 2530 2666 retractare
2555 2622 2827 2682 arguunt,
2856 2630 2993 2683 quos
3029 2615 3217 2671 vident
3242 2634 3351 2672 non
3388 2628 3579 2675 contra
3608 2622 3804 2691 ipsam,

2226 2699 2321 2753 sed
2349 2715 2450 2770 pro
2473 2701 2590 2771 ipsa
2617 2704 2842 2758 Patrum
2866 2705 3112 2774 proferre
3137 2709 3461 2763 sententias.
3479 2710 3616 2776 Quia
3640 2728 3810 2783 syno-

2225 2790 2330 2844 dus
2354 2792 2582 2847 alteram
2604 2793 2767 2848 ﬁdem
2788 2804 2883 2850 aut
2907 2797 3243 2852 mathemata
3262 2810 3461 2868 praeter
3482 2812 3803 2857 sanctorum

2225 2884 2450 2938 Patrum
2474 2887 2693 2939 tradere
2719 2887 2806 2941 his
2832 2889 2925 2957 qui
2951 2890 3017 2943 ad
3069 2890 3394 2945 catholicam
3422 2893 3585 2948 ﬁdem
3610 2896 3805 2949 confu-

2223 2976 2402 3045 giunt,
2449 2977 2777 3045 prohibuit:
2814 2994 2922 3033 non
2965 2989 3150 3034 autem
3186 2981 3575 3038 haereticorum
3620 2985 3805 3055 pravi-

2225 3067 2344 3133 tati,
2389 3077 2486 3122 aut
2532 3070 2614 3123 eis
2646 3071 2741 3139 qui
2774 3086 2999 3125 sensum
3050 3074 3170 3143 ejus
3217 3076 3525 3131 moliuntur
3558 3093 3807 3132 corrum-

520 3162 651 3231 ίρεο
697 3165 937 3218 ιρι-πηίῃο
987 3167 1320 3221 venerabilis
1374 3168 1840 3223 Chalcedonensis
1897 3169 2117 3223 concilii
2147 3195 2188 3250 Ο
2220 3174 2374 3228 pere,
2406 3161 2832 3215 rationabilibus
2856 3163 3203 3219 documentis
3228 3166 3360 3220 velit
3380 3168 3623 3221 obviare.
3647 3170 3804 3225 Unde

523 3254 834 3309 inserimus
877 3258 1103 3311 Patrum
1137 3260 1460 3325 sententias,
1509 3262 1604 3315 sed
1651 3263 1733 3316 eis
1773 3263 2119 3316 extrinsecus

524 3350 726 3399 contra
769 3349 1026 3403 inimicos
1071 3366 1172 3419 pro
1204 3350 1377 3420 ipsius
1414 3352 1734 3407 defensione
1764 3354 2114 3423 proferimus.

526 3436 623 3491 Sic
653 3438 898 3508 denique
942 3441 1002 3493 B.
1058 3458 1197 3511 papa
1232 3442 1343 3496 Leo
1387 3443 1552 3497 etiam
1585 3452 1708 3514 post
1739 3445 2117 3500 defensionem

522 3531 779 3600 ejusdem
816 3534 1044 3587 concilii
1076 3544 1320 3599 coactus,
1353 3535 1700 3591 diversorum
1737 3537 1959 3591 Patrum
1997 3552 2119 3591 sen—

526 3624 741 3682 tentiis.
790 3642 891 3693 per
926 3626 1021 3678 illa
1066 3641 1189 3695 qua:
1222 3626 1482 3681 dicuntur
1521 3629 1799 3699 Encyclia,
1842 3629 2119 3683 contradi-

524 3716 775 3769 centium
816 3733 913 3771 ora
943 3718 1255 3783 obstruere,
1302 3726 1359 3772 et
1404 3734 1698 3788 pravorum
1747 3736 1917 3775 novas
1963 3721 2118 3775 adin-

524 3808 819 3862 ventiones
850 3817 1017 3877 atque
1042 3808 1347 3863 calumnias
1369 3809 1655 3880 dissipare.
1685 3810 1929 3876 Quorum
1949 3813 2113 3866 etiam

522 3911 630 3950 nos
672 3897 927 3966 exempla
975 3906 1293 3967 sequentes,
1336 3898 1424 3953 his
1466 3900 1561 3968 qui
1592 3915 1837 3954 errorem
1884 3904 2117 3971 propriae

522 3989 830 4058 impietatis
858 4005 927 4043 ex
966 3990 1295 4044 auctoritate
1323 3992 1517 4062 synodi
1564 3992 1892 4046 conﬁrmare
1932 3994 2117 4047 nitun-

519 4091 637 4141 tur,
675 4092 734 4135 et
776 4082 946 4135 verba
999 4082 1326 4151 simpliciter
1369 4094 1533 4153 atque
1578 4085 1791 4156 integre
1835 4102 1867 4140 a
1911 4087 2115 4140 sanctis

520 4171 791 4225 Patribus
810 4171 981 4235 edita,
1008 4170 1076 4225 ad
1106 4186 1259 4224 suam
1285 4173 1615 4241 pravitatem
1643 4181 1918 4227 conantur
1941 4181 2114 4226 retor—

518 4278 720 4333 quere,
758 4263 1030 4332 compulsi
1074 4278 1264 4317 sumus
1290 4272 1606 4318 sanctorum
1632 4264 1877 4318 virorum
1911 4263 2113 4332 proba-

518 4354 981 4423 tissimorumque
1022 4358 1310 4409 doctorum
1355 4356 1646 4411 sententiis
1687 4356 1883 4411 armati
1922 4371 2115 4410 occur-

515 4461 670 4507 rere,
701 4455 760 4500 et
791 4446 989 4515 impias
1028 4449 1363 4502 assertiones
1401 4464 1596 4503 eorum
1625 4464 1725 4518 per
1750 4448 1845 4503 Dei
1881 4449 2112 4518 gratiam

2223 3252 2562 3319 superfluum
2605 3263 2690 3307 est
2723 3256 2889 3308 etiam
2920 3255 3055 3309 illud
3093 3258 3238 3325 quod
3286 3259 3448 3313 nobis
3494 3261 3756 3331 objicitur
3784 3304 3798 3315 .

2224 3344 2356 3412 quia
2390 3344 2534 3412 quod
2578 3346 2821 3415 synodus
2858 3363 2970 3402 non
3010 3348 3167 3412 dicit,
3206 3350 3523 3406 nullatenus
3555 3353 3663 3407 diei
3702 3353 3802 3409 de-

2223 3434 2375 3488 bere.
2406 3435 2542 3501 Quia
2576 3438 2749 3491 multa
2772 3447 2901 3492 sunt
2931 3455 3049 3508 quae
3078 3456 3191 3494 non
3220 3441 3482 3496 dicuntur
3512 3460 3539 3497 a
3566 3445 3799 3516 synodo,

2220 3542 2325 3580 nec
2352 3527 2409 3580 in
2439 3529 2548 3581 ulla
2590 3530 2863 3598 scriptura
2893 3532 3180 3596 canonica,
3208 3542 3265 3587 et
3292 3543 3475 3589 tamen
3505 3551 3629 3590 cum
3661 3538 3800 3592 ratio

2220 3620 2600 3688 postulaverit,
2644 3637 2707 3676 ea
2757 3623 3076 3679 nullatenus
3121 3626 3368 3694 proferre
3417 3629 3797 3699 ambigimus:

2219 3708 2364 3763 sicut
2400 3717 2485 3764 est
2522 3711 2784 3775 Trinitas,
2828 3722 2925 3767 aut
2954 3730 3078 3768 cum
3112 3716 3180 3771 de
3208 3718 3368 3772 Patre
3401 3719 3638 3776 dicimus
3670 3724 3798 3791 quia

2219 3802 2498 3870 ingenitus
2520 3811 2624 3868 est,
2652 3814 2707 3858 et
2728 3806 2833 3859 alia
2861 3806 3041 3875 plura.
3072 3809 3184 3863 Nec
3210 3810 3357 3864 enim
3390 3812 3446 3865 in
3474 3814 3640 3868 rebus
3664 3831 3798 3870 con-

2218 3893 2570 3948 siderandum
2614 3905 2698 3950 est
2751 3898 2918 3965 (sicut
2962 3899 3097 3953 dicit
3134 3901 3486 3958 beatissimus
3531 3904 3796 3976 Augusti—

2218 3984 2342 4053 nus)
2379 3986 2510 4054 quid
2537 3986 2623 4039 vel
2659 3989 2804 4041 sinat
2836 3990 2921 4043 vel
2953 4005 3061 4044 non
3094 3991 3238 4046 sinat
3266 3993 3374 4048 dici
3410 4011 3543 4051 usus
3582 4013 3797 4053 sermo-

2217 4078 2305 4131 nis
2338 4079 2533 4144 nostri,
2561 4081 2657 4133 sed
2687 4081 2813 4149 quis
2841 4096 3024 4137 rerum
3059 4084 3303 4153 ipsarum
3336 4088 3649 4145 intellectus
3673 4093 3794 4146 elu-

2217 4175 2355 4222 ceat.
2409 4167 2505 4223 His
2539 4170 2614 4223 ita
2661 4186 2719 4226 se
2750 4170 3106 4238 habentibus,
3157 4174 3466 4231 beatissimi
3502 4178 3581 4232 ad
3624 4196 3795 4251 expu-

2215 4261 2485 4331 gnandam
2522 4272 2577 4316 et
2617 4263 2972 4320 auferendam
3008 4268 3077 4322 ab
3106 4269 3351 4322 omnium
3382 4271 3581 4327 animis
3610 4277 3795 4344 suspi-

2215 4357 2455 4421 cionem,
2503 4358 2646 4412 sicut
2674 4359 2787 4429 jam
2836 4362 3092 4430 superius
3133 4362 3344 4431 praefati
3394 4382 3604 4429 sumus.
3647 4386 3796 4425 nunc

2212 4450 2321 4519 jam
2373 4450 2611 4519 qualiter
2673 4451 2742 4506 de
2798 4452 3176 4510 incarnatione
3238 4466 3450 4513 tantum
3508 4458 3795 4518 Dominica

514 4540 810 4593 refutare:
858 4539 1147 4593 evidenter
1181 4548 1497 4610 arguentes,
1540 4556 1635 4595 eos
1670 4556 1701 4594 a
1746 4540 1851 4595 ﬁde
1893 4551 2112 4595 sancto-
2146 4532 2190 4587 Ι)
2220 4540 2547 4607 sentiamus,
2581 4542 2694 4597 sive
2718 4544 2851 4613 quid
2881 4545 2949 4600 de
2991 4546 3163 4616 gratia
3189 4549 3310 4615 Dei,
3356 4566 3468 4606 non
3503 4568 3613 4623 qua
3639 4570 3794 4610 crea-

511 4647 646 4685 rnm
687 4632 912 4685 Patrum
944 4631 1303 4701 ejusdemque
1335 4632 1552 4686 concilii
1582 4647 1702 4687 esse
1730 4632 1952 4701 penitus
1979 4633 2110 4685 alie-

508 4741 641 4779 nos.
669 4724 815 4789 Quid
845 4724 994 4778 enim
1025 4735 1214 4778 contra
1256 4725 1524 4796 synodum
1570 4734 1625 4778 et
1660 4740 1771 4778 non
1808 4724 1980 4793 magis
2009 4739 2107 4793 pro

505 4817 733 4887 synodo
764 4828 871 4881 est,
899 4818 946 4871 si
979 4827 1169 4871 contra
1208 4818 1462 4873 inimicos
1486 4818 1954 4873 Chalcedonensis
1979 4832 2106 4871 con-

505 4908 629 4962 cilii
670 4909 765 4977 qui
808 4925 938 4963 eum
969 4918 1161 4964 contra
1206 4920 1523 4964 sanctorum
1553 4911 1775 4965 Patrum
1816 4909 1976 4964 ﬁdem
2013 4924 2105 4962 ve-

505 5000 665 5055 nisse
695 5002 1126 5067 calumniantur,
1168 5012 1485 5057 sanctorum
1520 5002 1767 5055 virorum
1815 5000 1930 5071 (qui
1977 5007 2103 5054 ante

504 5089 690 5159 ipsam
720 5090 776 5143 in
820 5090 1071 5144 Ecclesia
1105 5091 1447 5161 claruerunt)
1479 5091 1780 5145 sententias
1823 5090 2107 5158 proferen-

499 5190 633 5237 tes:
661 5181 1028 5237 docuerimus
1068 5182 1209 5235 nihil
1258 5198 1487 5244 novum,
1519 5191 1614 5235 aut
1653 5191 1969 5235 sanctorum
2011 5181 2107 5234 Pa-

496 5283 654 5329 trum
701 5273 833 5329 ﬁdei
860 5274 1207 5328 contrarium
1254 5290 1284 5327 a
1329 5282 1635 5327 memorato
1672 5272 1839 5327 fuisse
1868 5272 2104 5326 concilio

490 5376 772 5425 statutum
808 5365 1182 5421 ?Prazsertim
1231 5380 1357 5419 eum
1418 5364 1750 5434 incipientes
1803 5362 2104 5417 beatissimi

486 5462 688 5519 Patres
730 5461 833 5535 qui
877 5461 937 5516 in
1005 5460 1132 5528 ipsa
1177 5456 1386 5530 synodo
1427 5465 1826 5524 convenerunt,
1878 5472 2100 5512 sensum

2219 4648 2363 4695 mur,
2410 4635 2505 4688 sed
2549 4650 2611 4689 ea
2643 4652 2749 4705 qua
2792 4652 3128 4705 recreamur,
3158 4642 3455 4711 sapiamus,
3477 4648 3793 4705 necessario

2212 4726 2372 4780 vobis
2394 4728 2673 4783 credimus
2692 4730 2871 4783 facere
2894 4731 3266 4788 manifestum.
3293 4734 3430 4800 Quia
3452 4738 3600 4792 nulla
3630 4740 3793 4795 nobis

2212 4830 2360 4869 nunc
2375 4815 2441 4871 de
2456 4816 2577 4871 Filii
2603 4818 2695 4873 Dei
2719 4818 3025 4886 divinitate,
3050 4838 3158 4891 qua
3178 4834 3393 4880 constat
3413 4837 3470 4882 et
3492 4830 3681 4884 unitus
3708 4839 3792 4886 est

2213 4908 2361 4961 Patri
2406 4918 2462 4963 et
2508 4908 2737 4978 Spiritui
2769 4920 2980 4977 sancto,
3015 4914 3289 4971 dubietas.
3324 4918 3379 4972 Si
3407 4920 3539 4988 quid
3571 4937 3701 4990 ergo
3732 4923 3789 4977 in

2211 5001 2314 5055 hac
2336 5001 2707 5058 satisfactione
2736 5004 2863 5058 ﬁdei
2894 5016 3114 5073 nostraz,
3140 5011 3479 5064 contrarium
3504 5013 3789 5068 catholicae

2212 5092 2361 5155 ﬁdei.
2406 5101 2500 5145 aut
2546 5105 2861 5150 sanctorum
2910 5098 3133 5152 Patrum
3168 5101 3557 5156 traditionibus
3600 5113 3787 5159 vestra

2210 5182 2470 5237 sanctitas
2493 5184 2846 5252 iudicaverit,
2879 5186 3153 5244 instruere
3181 5198 3237 5243 et
3269 5193 3565 5246 emendare
3595 5193 3785 5264 digne-

2215 5280 2303 5327 tur
2337 5293 2347 5325 :
2389 5276 2433 5327 si
2480 5285 2661 5329 autem
2711 5279 3128 5335 convenientem
3152 5322 3165 5342 ,
3202 5282 3425 5351 propria
3458 5286 3784 5343 auctoritate

2210 5365 2448 5419 ﬁrmare.
