4146 6496
365 405 434 474 19
1658 393 1976 457 JOANNIS
2014 391 2392 455 MAXENTIT
3464 374 3471 383 '
3570 390 3642 454 80

404 602 2866 641 ___________________________._______._._...__

1719 791 2263 883 EJUSDEM

1007 1041 1204 1163 DE
1306 1036 2000 1165 CHRISTO
2100 1034 3008 1165 PROFESSIO.

445 1442 601 1499 Totus
647 1451 721 1495 est
756 1439 1055 1493 Maxentius
1097 1438 1152 1489 in
1188 1438 1286 1489 hac
1310 1450 1419 1489 sua:
1452 1433 1577 1503 ﬁdei
1606 1430 1959 1503 Professione,
1993 1444 2041 1488 et
2071 1437 2126 1488 in
2172 1434 2293 1490 aliis
2335 1438 2576 1506 Operibus
2611 1438 2744 1502 suis,
2774 1452 2893 1507 quc:
2917 1437 3037 1493 huic
3067 1451 3204 1495 tome
3239 1443 3565 1509 inseruntur,
3589 1454 3650 1499 ut

374 1550 587 1610 prOpter
616 1534 989 1606 professionem
1016 1537 1065 1583 et
1093 1528 1525 1600 approbationem
1555 1529 1679 1598 ﬁdei
1707 1528 1913 1582 concilii
1945 1527 2381 1585 Chalcedonensis
2422 1538 2607 1584 contra
2639 1528 2985 1586 Nestorianos
3020 1543 3069 1586 et
3097 1532 3455 1605 Eutychianos
3482 1540 3652 1594 stabi-

378 1634 567 1687 liretur
596 1633 703 1685 htBC
729 1626 1014 1700 prapositio
1042 1639 1059 1679 :
1091 1623 1326 1679 Christus
1363 1642 1499 1679 unus
1530 1626 1593 1679 de
1620 1626 1877 1680 Trinitate
1902 1640 2087 1695 passus
2112 1623 2192 1678 vel
2224 1624 2504 1694 cruciﬁxus
2529 1634 2626 1693 est,
2652 1643 2771 1697 quae
2798 1626 2917 1681 licet
2948 1628 3011 1681 de
3033 1645 3089 1683 se
3117 1629 3355 1701 alioquin
3385 1649 3575 1688 sanum
3603 1644 3655 1688 et

378 1727 693 1781 catholicum
718 1741 928 1779 sensum
963 1723 1101 1792 ferre
1124 1722 1308 1792 possit,
1341 1730 1516 1775 tamen
1545 1720 1704 1792 legati
1734 1720 1791 1775 S.
1820 1720 2116 1775 Hormisdte
2150 1736 2304 1791 papa:
2333 1722 2477 1791 apud
2502 1720 3016 1794 Constantinopolim
3040 1724 3149 1795 ipse
3173 1722 3229 1779 S.
3262 1725 3573 1782 Hormisdas
3604 1738 3655 1783 et

380 1819 597 1889 plurimi
623 1816 718 1870 alii
743 1816 915 1869 sancti
942 1823 989 1867 et
1021 1813 1294 1867 orthodoxi
1328 1814 1427 1867 viri
1458 1814 1697 1867 eamdem
1723 1814 2055 1867 vehementer
2079 1812 2448 1883 improbabant
2478 1822 2525 1865 et
2556 1823 2813 1885 tanquam
2833 1831 3025 1869 novam
3054 1824 3104 1867 et
3133 1816 3436 1870 haereticam
3468 1820 3657 1889 explo-

380 1915 591 1977 debant,
630 1912 767 1983 quod
796 1914 852 1964 in
880 1927 941 1964 ea
970 1908 1064 1963 sub
1095 1908 1249 1962 melle
1277 1925 1537 1963 venenum
1561 1908 1956 1978 Eutychianum
1991 1907 2367 1961 occultaretur.
2395 1906 2598 1963 Causas
2632 1925 2727 1963 cur
2754 1924 2873 1963 eam
2904 1910 3095 1963 merito
3132 1911 3473 1980 repudiarent
3505 1916 3657 1967 exhi-

380 2009 498 2061 bent
543 2015 646 2059 tres
696 2007 833 2059 inter
876 2003 1012 2057 alias
1044 2002 1347 2056 Ferrandus
1378 2000 1811 2073 Carthaginensis
1856 2002 2131 2065 diaconus,
2166 2000 2380 2055 celebris
2422 2002 2535 2070 eius
2586 2003 2833 2070 temporis
2855 2003 3101 2074 scriptor,
3138 2003 3313 2073 Epist.
3347 2004 3414 2058 ad
3445 2005 3659 2059 Anato-

381 2104 513 2157 lium
564 2102 793 2155 Roman.
831 2100 981 2154 Eccl.
1015 2099 1331 2155 diaconum.
1375 2097 1561 2152 Prima
1608 2106 1746 2162 erat,
1790 2113 1855 2151 ne
1902 2098 2119 2151 dicendo
2164 2114 2301 2151 unus
2330 2098 2394 2151 de
2424 2096 2703 2162 Trinitate,
2738 2105 3018 2168 putaretur
3049 2098 3197 2153 aliud
3240 2116 3349 2153 esse
3386 2116 3573 2164 unum,
3608 2111 3660 2155 et

384 2193 529 2247 aliud
562 2192 893 2246 Trinitatem.
924 2188 1166 2244 Secunda
1194 2205 1259 2242 ne
1283 2188 1547 2243 videretur
1575 2187 1721 2256 ﬁlius
1754 2187 2047 2255 Trinitatis,
2076 2186 2159 2243 vel
2190 2188 2331 2242 Deus
2363 2186 2658 2243 Trinitatis.
2686 2186 2912 2243 Consule
2939 2191 3112 2259 ipsum
3153 2189 3313 2244 latius
3350 2193 3453 2245 ista
3487 2194 3661 2263 expli-

384 2298 612 2355 cantem,
640 2297 688 2342 et
718 2286 988 2358 Epistolas
1015 2284 1331 2350 Hormisdte,
1360 2294 1409 2337 et
1439 2284 1735 2355 legatorum
1765 2284 1879 2354 ejus
1908 2293 2042 2338 tom.
2071 2283 2092 2337 l
2119 2284 2295 2353 Epist.
2329 2284 2488 2338 Rom.
2516 2282 2716 2353 pontii.
2745 2283 2976 2353 Insuper
3003 2299 3125 2354 quae
3150 2295 3403 2339 accurate
3428 2287 3663 2341 adnotat

385 2380 655 2434 Baronins
681 2390 816 2434 tom.
848 2378 935 2433 Vll
962 2376 1158 2431 Annal.
1193 2390 1340 2431 anno
1366 2375 1490 2441 519,
1519 2390 1640 2445 cap.
1674 2375 1764 2440 85,
1791 2385 1849 2429 et
1879 2374 1999 2439 106,
2027 2384 2084 2428 et
2114 2376 2235 2429 112.
2270 2372 2623 2439 Quamobrem
2651 2389 2906 2444 suspenso
2938 2374 3068 2445 pede
3097 2383 3147 2427 et
3183 2377 3295 2429 acri
3315 2376 3517 2446 judicio
3547 2378 3665 2430 [nec

386 2491 545 2544 Opera
572 2473 794 2527 Joannis
821 2471 1075 2527 Maxentii
1117 2479 1374 2543 tanquam
1401 2472 1631 2526 hieretici
1661 2470 2000 2542 Eutychiani,
2031 2486 2090 2523 eo
2117 2470 2505 2541 perniciosioris
2535 2487 2637 2540 quo
2668 2470 2906 2523 cultioris
2937 2470 3031 2523 tibi
3053 2469 3271 2541 legenda
3304 2487 3558 2542 propone,
3595 2490 3666 2527 ne

387 2571 672 2642 impingas.

456 2798 628 2868 Igitur
670 2804 968 2867 sequentes
1008 2794 1067 2850 in
1108 2795 1367 2851 omnibus
1420 2794 1588 2850 ﬁdem
1653 2805 1968 2851 sanctorum
2000 2810 2045 2866 Α
2072 2805 2389 2861 carnem,et
2410 2796 2540 2866 quia
2567 2795 2714 2850 Deus
2741 2794 2909 2849 homo
2931 2793 3107 2849 factus
3136 2794 3258 2849 est?
3286 2794 3382 2848 llis
3411 2809 3671 2868 congrue

389 2892 634 2952 Patrum,
661 2889 991 2943 conlitemur
1024 2903 1194 2942 unum
1226 2887 1593 2958 eamdemque
1629 2888 1829 2943 Filium
1871 2889 1969 2945 Dei

391 2980 685 3036 Dominum
753 2988 1006 3034 nostrum
1064 2980 1251 3035 Iesum
1315 2979 1600 3035 Christum
1661 2980 1967 3050 perlectum

392 3073 646 3128 eumdem
696 3072 753 3127 in
795 3071 1106 3137 divinitate,
1140 3071 1445 3142 perfectum
1481 3073 1736 3129 eumdem
1769 3073 1827 3127 in
1867 3072 1972 3127 hu-

392 3167 678 3244 manitate,
708 3166 882 3220 Deum
910 3180 1105 3219 verum
1147 3174 1203 3219 et
1238 3166 1517 3221 hominem
1551 3181 1765 3231 verum,
1810 3180 1970 3221 eum-

392 3261 516 3314 dem
568 3275 633 3314 ex
688 3258 869 3313 anima
924 3259 1181 3313 rationali
1242 3266 1299 3313 et
1336 3273 1601 3328 corpore,
1643 3258 1972 3313 homousion

394 3352 542 3407 Patri
610 3351 916 3407 secundum
979 3350 1347 3415 divinitatem,
1416 3350 1749 3405 homousion
1812 3350 1973 3405 nobis

397 3443 650 3498 eumdem
686 3442 990 3497 secundum
1032 3441 1454 3506 humanitatem,
1482 3457 1579 3511 per
1604 3441 1789 3496 omnia
1818 3441 1970 3496 simi-

398 3534 504 3589 lem
536 3536 742 3605 absque
768 3544 1014 3605 peccato.
1049 3534 1190 3589 Ante
1224 3534 1422 3591 saecula
1451 3533 1673 3603 quidem
1704 3533 1775 3588 de
1810 3534 1973 3588 Patre

393 3636 583 3682 natum
629 3628 935 3682 secundum
962 3626 1329 3690 divinitatem,
1358 3625 1414 3679 in
1443 3624 1759 3680 novissimis
1786 3635 1971 3680 autem

394 3720 593 3774 diebus
623 3719 900 3783 eumdem,
930 3725 1157 3787 propter
1183 3731 1284 3770 nos
1303 3756 1318 3780 ,
1349 3722 1406 3769 et
1437 3723 1683 3769 nostram
1715 3716 1971 3778 salutem,

394 3826 462 3865 ex
495 3811 662 3878 Maria
689 3810 915 3881 Virgine
943 3809 1039 3863 Dei
1074 3808 1354 3863 Genitrice
1381 3807 1680 3861 secundum
1715 3806 1973 3860 humani-

397 3910 587 3954 tatem.
638 3900 817 3956 Unum
878 3897 1245 3966 eamdemque
1296 3897 1579 3952 Christum
1627 3896 1825 3951 Filium
1876 3896 1974 3952 Dei

397 3992 767 4062 unigenitum,
803 3991 961 4061 535
1003 3990 1060 4044 in
1100 3990 1239 4045 duas
1270 3997 1520 4055 naturas,
1552 3988 1860 4055 inconfuse,
1890 3989 1975 4043 in-

397 4084 893 4150 eommutabiliter,
946 4082 1216 4148 indivise,
1277 4082 1723 4152 inseparabiliter
1768 4097 1975 4152 cogno-

398 4177 685 4230 scendum.
742 4176 803 4231 In
855 4175 1010 4230 nullo
1052 4182 1378 4229 naturarum
1421 4173 1800 4229 diversitatem
1847 4189 1978 4244 pro-

398 4278 520 4337 pter
549 4269 811 4323 unitatem
838 4268 1236 4340 perimendam,
1261 4268 1409 4322 salva
1434 4268 1619 4337 potius
1641 4266 1976 4337 proprietate

399 4362 691 4431 utriusque
735 4370 948 4416 naturae
994 4362 1051 4416 in
1095 4376 1205 4416 una
1252 4376 1487 4430 persona
1530 4375 1748 4429 unaque
1795 4359 1979 4413 subsi-

398 4454 601 4508 stentia
635 4461 1016 4508 concurrente.
1042 4453 1162 4507 Non
1192 4452 1247 4506 in
1282 4453 1417 4507 duas
1462 4467 1723 4521 personas
1765 4452 1978 4521 patien-

400 4544 531 4596 dum
561 4554 656 4597 aut
700 4542 1080 4607 dividendum,
1120 4540 1218 4596 sed
1266 4556 1436 4595 unum
1475 4540 1841 4610 eumdemque
1886 4540 1977 4594 Fi-

400 4635 535 4689 lium
571 4636 914 4706 unigenitum
947 4636 1119 4690 Deum
1144 4634 1410 4700 Verbum,
1441 4634 1733 4688 Dominum
1768 4634 1976 4698 Jesum,

400 4727 544 4780 sicut
571 4725 640 4779 ab
671 4725 830 4779 initio
857 4725 1019 4779 nobis
1060 4725 1345 4795 prophetae
1371 4723 1652 4788 dixerunt,
1678 4724 1746 4778 de
1775 4724 1886 4779 Deo
1924 4732 1980 4777 et

402 4819 518 4888 ipse
546 4832 647 4873 nos
674 4817 926 4872 Christus
957 4818 1218 4873 erudivit.
1253 4818 1363 4873 Has
1395 4818 1563 4889 igitur
1592 4818 1729 4872 duas
1754 4825 1980 4872 naturas

399 4911 497 4965 Dei
526 4910 680 4964 verbi
708 4909 925 4963 Domini
957 4909 1133 4964 nostri
1162 4909 1291 4964 Jesu
1324 4909 1550 4975 Christi,
1584 4910 1690 4963 hoc
1720 4917 1805 4963 est
1836 4909 1979 4963 divi-

399 5000 589 5056 nitatis
614 5009 671 5055 et
695 5000 1077 5066 humanitatis,
1106 5001 1455 5068 naturaliter,
1482 5001 1785 5057 secundum
1812 5000 1981 5057 tradi-

400 5095 606 5148 tionem
650 5102 971 5149 sanctorum
998 5094 1222 5149 Patrum
1253 5093 1535 5149 credimus
1574 5102 1631 5149 et
1654 5093 1982 5149 conﬁtemur

400 5187 609 5251 unitas,
636 5201 817 5257 eoque
843 5195 1043 5241 natura
1079 5184 1413 5240 inviolabilis
1443 5186 1540 5241 Dei
1568 5186 1982 5251 Verbi,natura:

396 5285 484 5333 est
516 5278 669 5333 unita
716 5277 987 5348 passibili,
1029 5276 1350 5332 beatissimo
1391 5276 1554 5332 simul
1583 5284 1747 5347 atque
1775 5278 1982 5332 doetis-

401 5373 543 5425 simo
591 5370 894 5425 Athanasio
943 5370 1161 5425 dicente
1192 5387 1204 5422 :
1230 5369 1471 5425 Verbum
1511 5385 1664 5435 caro,
1707 5386 1819 5425 non
1852 5388 1982 5425 caro

397 5463 640 5518 Verbum
688 5464 893 5517 factum
940 5470 1042 5517 est.
1090 5463 1331 5518 Verbum
1376 5473 1560 5517 autem
1605 5479 1734 5517 caro
1777 5462 1983 5518 factum

404 5556 630 5621 dicitur,
664 5557 793 5626 quia
821 5556 985 5612 Verbi
1029 5555 1173 5609 facta
1217 5566 1303 5609 est
1331 5570 1477 5620 caro,
1511 5565 1567 5609 et
1609 5571 1721 5609 non
1750 5556 1983 5627 alicujus

404 5646 668 5712 hominis,
697 5648 801 5701 hoc
840 5657 945 5711 est,
980 5649 1120 5701 Dens
1148 5646 1313 5699 homo
1352 5644 1530 5700 laetus
1552 5656 1660 5710 est,
1689 5655 1746 5701 et
1776 5646 1983 5701 dicitur

407 5754 556 5804 caro,
590 5754 659 5793 ne
695 5740 1036 5808 prmtereatis
1079 5739 1263 5793 carnis
1307 5752 1530 5793 nomen.
1558 5738 1671 5793 Cur
1699 5754 1833 5810 ergo
1872 5754 1984 5793 non

408 5831 609 5888 suﬁicit
651 5831 813 5887 nobis
857 5831 1123 5888 naturalis
1167 5831 1345 5886 unitio
1386 5830 1552 5887 Verbi
1597 5831 1665 5885 ad
1708 5833 1984 5902 propriam

2070 2888 2451 2943 sanctissimus
2478 2887 2769 2957 theologus
2794 2886 3031 2958 Cyrillus
3056 2886 3123 2940 ad
3147 2888 3465 2942 Nestorium
3493 2907 3506 2943 :
3537 2890 3669 2950 Non

2069 2982 2239 3046 enim,
2277 2981 2477 3051 inquit,
2514 2981 2753 3035 dicimus
2788 2980 2934 3051 quod
2980 2980 3075 3034 Dei
3121 2991 3339 3046 natura,
3387 2997 3666 3039 conversa

2071 3080 2167 3126 aut
2193 3072 2502 3136 immutata,
2538 3070 2679 3125 facta
2708 3072 2779 3125 sit
2804 3085 2953 3135 caro,
2982 3071 3069 3125 vel
3094 3072 3241 3141 quod
3270 3073 3325 3126 in
3355 3082 3532 3129 totum
3563 3075 3669 3128 ho-

2072 3164 2299 3230 minem,
2336 3162 2431 3233 qui
2460 3173 2546 3218 est
2573 3180 2642 3218 ex
2683 3164 2864 3217 anima
2892 3172 2950 3218 et
2981 3178 3234 3233 corpore,
3266 3164 3671 3223 transformata

2073 3254 2165 3318 sit,
2192 3252 2289 3307 sed
2324 3251 2460 3305 illud
2494 3252 2667 3322 magis
2697 3250 2845 3320 quod
2875 3266 3099 3305 carnem
3125 3252 3420 3307 animatam
3453 3265 3517 3310 et
3542 3258 3671 3310 ani-

2074 3360 2216 3398 mam
2250 3344 2575 3398 rationalem
2605 3343 2711 3398 sibi
2738 3344 3085 3413 copulaverit
3113 3345 3378 3408 Verbum,
3403 3355 3461 3399 et
3487 3347 3675 3403 Filius

2074 3438 2170 3492 Dei
2211 3437 2720 3500 subsistentialiter,
2768 3436 3146 3503 inell‘abiliter,
3183 3438 3675 3509 incomprehensi-

2074 3530 2263 3586 biliter
2306 3531 2484 3585 factus
2530 3530 2603 3585 sit
2636 3530 2823 3592 homo.
2869 3538 2925 3585 et
2971 3542 3323 3602 nuncupatus
3365 3532 3437 3587 sit
3488 3535 3680 3593 Filius

2075 3619 2334 3675 hominis.
2361 3620 2474 3675 Nec
2514 3618 2662 3674 nuda
2706 3628 2923 3674 tantum
2966 3620 3268 3686 voluntate,
3296 3637 3399 3676 nec
3440 3638 3672 3680 assum-

2074 3712 2261 3783 ptione
2296 3729 2565 3783 personae,
2597 3712 2694 3768 sed
2728 3712 2875 3782 quod
2922 3712 3153 3767 diversae
3188 3712 3412 3782 quidem
3449 3726 3678 3774 naturae

2074 3807 2133 3862 in
2163 3824 2335 3862 unum
2364 3808 2747 3873 convenerint,
2774 3822 2921 3861 unus
2945 3818 3128 3862 tamen
3151 3822 3219 3861 ex
3244 3816 3477 3877 utraque
3499 3812 3677 3867 Chri-

2076 3909 2195 3954 stus
2214 3908 2271 3954 et
2300 3900 2493 3963 Filius,
2528 3914 2638 3953 non
2666 3905 2933 3952 evacuata
2963 3905 3060 3953 aut
3089 3898 3303 3953 sublata
3330 3908 3678 3959 naturarum

2076 3987 2395 4042 diversitate
2422 3998 2647 4056 propter
2674 3987 2953 4041 unionem.

2148 4079 2355 4134 Horum
2401 4078 2569 4149 igitur
2616 4087 2933 4133 sanctorum
2965 4079 3189 4133 Patrum
3233 4081 3553 4141 doctrinam
3589 4106 3683 4145 se-

2008 4170 2053 4229 B
2082 4180 2337 4243 quentes,
2386 4171 2773 4226 abominamur
2825 4172 3011 4227 omnia
3056 4187 3249 4227 eorum
3298 4174 3682 4240 deliramenta

2078 4264 2173 4333 qui
2203 4263 2375 4317 ﬁlium
2398 4262 2511 4316 ﬁlio
2530 4262 2868 4332 copulatum,
2885 4270 2980 4316 aut
2999 4262 3233 4319 alterum
3254 4265 3683 4328 inhabitantem

2079 4355 2136 4409 in
2156 4356 2350 4421 altero,
2373 4356 2607 4409 alterum
2640 4362 2822 4409 autem
2846 4353 3007 4409 alteri
3060 4356 3397 4412 conﬁtentur
3419 4366 3683 4433 unitum,

2080 4449 2386 4505 secundum
2443 4448 2702 4504 allectum
2750 4456 2847 4502 aut
2890 4448 3146 4520 gratiam,
3194 4458 3292 4505 aut
3332 4451 3686 4523 dignitatem

2078 4552 2174 4599 aut
2220 4543 2485 4614 aequalem
2511 4542 2781 4597 honorem
2832 4541 2948 4597 sive
2993 4543 3402 4608 auctoritatem,
3439 4558 3548 4605 aut
3590 4568 3689 4607 se-

2079 4636 2322 4691 eundum
2366 4633 2969 4704 connuneupationem,
3012 4642 3108 4688 aut
3141 4635 3530 4706 concordiam,
3584 4654 3691 4701 aut

2078 4725 2527 4791 illustrationem,
2571 4726 2687 4781 sive
2733 4725 3038 4780 secundum
3073 4726 3552 4800 inoperationem,
3584 4748 3692 4794 aut

2078 4818 2424 4889 personalem
2468 4818 2665 4871 factam
2679 4817 2913 4876 credunt
2928 4818 3255 4885 unitionem,
3276 4820 3443 4878 beato
3463 4825 3692 4900 Cyrillo

2080 4911 2138 4966 in
2182 4911 2425 4981 capitulo
2472 4910 2635 4964 tertio
2680 4918 2874 4965 contra
2912 4911 3229 4967 Nestorium
3276 4912 3512 4975 dicente
3564 4942 3580 4978 :
3628 4927 3691 4982 Si

2080 5004 2206 5074 quis
2241 5004 2299 5058 in
2330 5018 2441 5058 uno
2473 5002 2692 5057 Christo
2730 5002 2931 5057 dividit
2980 5004 3319 5060 substantias
3367 5020 3509 5078 post
3552 5020 3691 5073 uni-

2083 5104 2276 5161 tatem,
2313 5096 2426 5151 sola
2451 5111 2545 5151 eas
2574 5094 2837 5151 societate
2867 5104 3209 5152 connectens
3238 5104 3567 5163 secundum
3604 5112 3696 5168 di-

2083 5190 2368 5260 gnitatem,
2402 5197 2498 5243 aut
2520 5188 2907 5242 auctoritatem
2936 5199 3033 5244 aut
3080 5192 3412 5261 potentiam,
3462 5208 3526 5255 el
3571 5219 3695 5263 non

2085 5280 2261 5351 magis
2290 5290 2566 5336 convento
2602 5281 2671 5335 ad
2702 5281 2970 5335 unitatem
2999 5281 3330 5349 naturalem,
3370 5293 3697 5355 anathema

2086 5372 2178 5426 sit.
2215 5372 2480 5428 Similiter
2519 5372 2714 5427 beatus
2754 5371 3055 5443 Gregorius
3099 5372 3157 5427 in
3188 5373 3441 5445 Epistula
3482 5385 3559 5441 ad
3597 5389 3702 5445 Di-

2090 5465 2318 5519 donium
2349 5483 2362 5520 :
2400 5465 2457 5520 Si
2488 5465 2637 5535 quis,
2672 5465 2874 5535 inquit,
2908 5465 3053 5520 sicut
3075 5465 3131 5518 in
3156 5466 3435 5536 propheta
3472 5490 3699 5536 secun-

2089 5556 2221 5610 dum
2260 5556 2489 5626 gratiam
2523 5556 2719 5611 didicit
2751 5556 3070 5626 inoperasse
3110 5556 3285 5611 Deum
3315 5557 3607 5638 Verbum,
3640 5583 3704 5631 et

2090 5663 2201 5701 non
2224 5648 2662 5704 substantialiter
2686 5649 2885 5703 laetam
2915 5648 3211 5703 conﬁtetur
3233 5649 3588 5729 unitionem,
3623 5667 3704 5723 sit

2094 5756 2298 5796 vacuus
2314 5742 2562 5797 melioris
2593 5741 3016 5813 inoperationis,
3052 5740 3225 5812 magis
3256 5749 3450 5802 autem
3478 5762 3542 5808 et
3569 5758 3702 5827 ple-

2092 5849 2198 5889 nus
2216 5834 2530 5890 deterioris.
2564 5835 2741 5892 Unam
2766 5850 2904 5891 vero
2930 5835 3164 5890 duarum
3187 5844 3531 5899 naturarum
3561 5851 3708 5907 sub.
