4146 6468
544 506 611 576 81
844 524 851 531 ”
870 514 877 517 ⁷
1725 506 1826 565 DE
1875 504 2205 564 CHRISTO
2258 504 2691 565 PROFESSIO.
3749 505 3818 566 82

542 625 880 690 sistentiam,
903 622 1024 678 sive
1050 636 1369 693 personam,
1418 636 1581 690 quam
1614 618 1775 673 nobis
1821 618 2134 673 veneranda
2165 626 2208 681 Α
2237 617 2389 671 urbis
2402 618 2715 687 episcopus,
2735 632 2897 687 quem
2923 616 3087 671 etiam
3118 616 3433 671 veneranda
3459 616 3667 686 recepit
3691 632 3817 687 syn—

539 714 1022 771 Chalcedonensis
1068 715 1316 787 synodus
1362 714 1614 777 tradidit,
1654 712 1842 766 nullus
1900 712 2131 767 alterius

539 810 649 864 nisi
698 809 801 864 Dei
824 808 996 865 Verbi
1028 808 1304 865 incarnati
1340 815 1396 861 et
1440 806 1685 861 hominis
1728 805 1858 861 facti
1907 803 2137 860 conﬁte-

540 918 696 955 mur.
738 902 979 971 Propter
1023 900 1173 971 quod
1216 916 1320 954 nec
1369 900 1519 953 illam
1566 898 1922 962 sententiam,
1969 912 2136 967 quam

538 993 707 1062 quasi
747 994 1087 1050 contrariam
1118 993 1342 1064 quidam
1373 992 1583 1064 synodo
1608 992 1902 1055 aestimant,
1944 990 2000 1046 id
2028 999 2134 1057 est,

541 1101 719 1140 unam
762 1095 1025 1141 naturam
1068 1086 1167 1142 Dei
1203 1085 1368 1140 Verbi
1400 1086 1763 1151 incarnatam,
1808 1084 2133 1149 avertimus,

538 1179 680 1247 quia
725 1178 867 1232 nihil
898 1177 1050 1233 aliud
1076 1178 1182 1234 nisi
1209 1193 1377 1232 unam
1406 1174 1826 1231 subsistentiam
1869 1173 1986 1229 sive
2007 1189 2137 1244 per-

539 1286 742 1324 sonam
773 1271 832 1325 in
858 1270 1078 1326 duabus
1106 1270 1324 1324 naturis
1348 1268 1511 1325 docet
1552 1268 1744 1324 unitis.

618 1363 779 1419 Unde
814 1372 873 1418 et
911 1363 1114 1419 beatus
1136 1362 1433 1417 Flavianus
1468 1362 1631 1432 hujus
1657 1360 1812 1416 urbis
1842 1360 2140 1431 episcopus

541 1455 607 1509 in
666 1454 859 1509 libello
900 1469 1066 1525 quem
1125 1453 1202 1508 De
1240 1454 1347 1522 fide
1400 1452 1747 1507 Theodosius
1795 1452 2134 1522 imperator,

542 1545 619 1598 ad
675 1544 1056 1600 excludendos
1122 1559 1218 1599 eos
1264 1560 1383 1613 qui,
1469 1543 1614 1598 sicut
1672 1542 1813 1597 duas
1886 1549 2136 1606 naturas,

2235 708 2376 764 odus
2416 709 2906 771 Chalcedonensis,
2960 709 3026 763 ad
3085 708 3409 771 Armenios,
3454 724 3579 761 cum
3627 706 3818 764 contra

2237 800 2513 856 Theodori
2554 801 2958 871 blasphemias,
2984 817 3147 871 quam
3176 799 3258 872 [F.
3288 800 3531 873 quando]
3560 803 3817 870 quaterni

2237 901 2405 949 tatem
2422 908 2521 963 pro
2546 893 2813 948 Trinitate
2832 893 2998 962 impie
3018 892 3423 963 dogmatizavit,
3450 900 3729 962 peteretur
3752 893 3821 945 ab

2237 984 2353 1055 ipsa
2400 993 2564 1055 gente
2598 993 2660 1040 ut
2701 984 2970 1039 scriberet
2999 1024 3013 1048 ,
3046 983 3404 1055 ejusdemque
3447 983 3822 1053 blasphemias

2236 1076 2522 1141 refutaret,
2544 1075 2614 1131 de
2651 1076 2757 1131 hac
2801 1076 3078 1132 sententia
3100 1085 3185 1132 est
3203 1077 3443 1141 locutus,
3463 1075 3687 1130 dicens:
3709 1075 3818 1129 Sed

2234 1164 2536 1221 sciscitaris
2572 1180 2659 1221 me
2691 1165 2950 1220 fortassis
2981 1165 3138 1220 illum
3176 1166 3459 1221 novicium
3496 1179 3816 1233 vanumque

2234 1272 2460 1314 sensum
2497 1272 2596 1312 seu
2648 1257 3028 1327 vaniloquum,
3083 1256 3317 1312 dicens:
3363 1256 3504 1323 Quia
3538 1256 3633 1326 qui
3669 1271 3817 1310 con-

2236 1347 2425 1404 ﬁtetur
2468 1362 2596 1403 eum
2645 1347 2742 1417 qui
2791 1346 3091 1403 cruciﬁxus
3135 1356 3239 1413 est,
3284 1347 3568 1403 Christum
3619 1347 3813 1410 Deum,

2234 1448 2291 1495 ει
2328 1439 2546 1495 Patrem
2602 1448 2659 1494 et
2702 1439 2969 1509 Spiritum
3020 1426 3647 1495 sanctumicruciﬁxum
3681 1454 3815 1493 con-

2238 1528 2446 1595 ﬁtetur,
2497 1530 2544 1585 si
2593 1545 2701 1584 una
2744 1539 2830 1585 est
2880 1530 3170 1586 Trinitatis
3204 1539 3421 1585 natura.
3474 1531 3587 1601 Ego
3633 1539 3817 1584 autem

543 1634 627 1691 ita
706 1636 848 1692 duas
932 1636 1237 1706 praedicam
1282 1609 1701 1691 'subsistemias
1731 1674 1747 1700 ,
1803 1648 1968 1688 unam
2040 1633 2139 1687 Dei
2234 1638 2266 1679 e
2308 1623 2589 1677 contrario
2634 1609 2837 1693 obiicio
2878 1623 3002 1687 tibi,
3056 1630 3114 1678 et
3139 1638 3369 1693 quaero:
3403 1622 3559 1679 Unus
3585 1637 3653 1677 ex
3687 1621 3814 1675 Tri—

541 1726 722 1781 νει-δί
768 1736 1028 1781 naturam
1088 1728 1431 1781 ίηοδι-ηεωω
1479 1724 1732 1780 conﬁteri
1795 1740 1907 1779 non
1981 1723 2143 1778 dum.
2237 1713 2411 1768 nitate
2445 1720 2551 1779 est,
2580 1714 2677 1784 qui
2702 1714 3003 1769 cruciﬁxus
3029 1723 3136 1780 est,
3169 1728 3239 1768 an
3263 1715 3404 1770 alius
3429 1713 3632 1783 aliquis
3659 1722 3814 1768 extra

544 1819 712 1881 ηπίιῖ
766 1818 959 1874 dicens
1002 1837 1019 1873 ε
1067 1819 1288 1873 Etenim
1333 1834 1403 1873 ex
1457 1818 1676 1872 duabus
1709 1815 1928 1872 natm—is
1980 1814 2142 1869 ειη-ί-
2239 1802 2607 1860 Trinitatem?
2649 1814 2707 1861 ει
2756 1805 3031 1875 siquidem
3083 1796 3533 1871 unus,'solutum
3575 1811 3661 1859 est
3697 1804 3815 1875 jur-

542 1924 697 1965 stum
724 1911 1297 1980 postincarnationem
1320 1926 1387 1966 ex
1412 1909 1634 1981 Virgine
1657 1916 1848 1965 sancta
1879 1906 1996 1962 sive
2018 1914 2141 1976 post
2240 1894 2413 1971 gium-
2464 1896 2521 1953 Si
2554 1905 2738 1952 amem
2783 1898 2926 1952 alius
2981 1898 3183 1968 θιίαυίε
3220 1907 3421 1968 Praeter
3460 1897 3814 1960 Triﬂilalem.

540 2012 891 2073 assumpta“,
941 2011 1199 2059 naturam
1228 2004 1547 2067 humanam,
1584 2001 1643 2056 in
1681 2016 1792 2055 una
1834 1998 2139 2055 subsiste".
2167 1982 2213 2041 Β
2240 1996 2473 2057 quartus
2514 1996 2600 2051 est
2630 1990 2750 2044 sine
2796 1990 2969 2045 dubio
2999 1991 3186 2062 gloriae
3216 1990 3504 2054 Dominus,
3542 1999 3598 2045 et
3626 1991 3694 2045 ab
3727 1990 3817 2045 illa

542 2098 625 2149 tia
660 2096 781 2151 sive
818 2111 1078 2166 persona,
1128 2111 1299 2151 unum
1329 2094 1637 2160 Christum,
1688 2107 1862 2148 unum
1913 2092 2135 2157 Filium,

542 2205 724 2243 unum
770 2190 1068 2244 Dominum
1103 2188 1476 2253 conﬁtemur;
1504 2194 1563 2243 et
1591 2201 1757 2241 unam
1791 2183 2014 2256 quidem
2036 2198 2136 2238 na-

542 2293 735 2336 turam
776 2282 875 2337 Dei
908 2281 1076 2336 Verbi
1125 2281 1465 2335 incarnatam
1494 2278 1643 2334 unde
1688 2277 1977 2333 renuimus
2006 2290 2139 2331 con-

544 2372 737 2426 ﬁteri?
771 2371 1122 2441 Quapropter
1147 2372 1314 2442 impie
1340 2370 1567 2440 quidam
1597 2384 1888 2440 personam
1914 2367 2138 2437 quidem

543 2462 791 2526 homini,
834 2462 1259 2517 subsistentiam
1298 2476 1434 2515 vero
1470 2462 1584 2516 Deo
1613 2460 1795 2516 Verbo
1839 2459 2077 2514 credunt
2107 2473 2139 2511 a

540 2556 765 2627 synodo
794 2555 1139 2624 deputatam.
1167 2554 1287 2609 Non
1316 2553 1468 2624 quod
1512 2552 1767 2608 nesciant
1794 2552 1939 2622 apud
1978 2566 2139 2622 syno-

542 2648 683 2702 dum
731 2646 977 2717 idipsum
1006 2661 1129 2701 esse
1163 2645 1582 2701 subsistentiam
1605 2644 1752 2715 quod
1786 2652 1843 2699 et
1880 2659 2137 2714 persona,

543 2740 648 2795 sed
694 2756 764 2795 ne
810 2747 1003 2809 aperte
1051 2737 1346 2793 videantur
1394 2738 1535 2792 duas
1589 2737 2003 2801 subsistentias,
2046 2745 2142 2791 aut

544 2834 692 2886 duas
733 2846 1003 2901 personas
1030 2830 1408 2894 introducere,
1436 2829 1543 2884 hoc
1564 2828 1806 2899 pessimo
1836 2827 2142 2881 abutuntur

542 2932 901 2995 argumento.
945 2922 1060 2977 Nos
1108 2930 1292 2976 autem
1324 2936 1500 2976 unum
1546 2930 1605 2975 et
1650 2919 1795 2974 idem
1834 2918 2142 2974 sentientes

543 3017 974 3072 subsistentiam
994 3031 1121 3070 esse
1152 3014 1301 3085 quod
1326 3023 1385 3071 et
1407 3030 1724 3085 personam,
1760 3030 1872 3068 non
1903 3013 2142 3067 dicimus

544 3106 882 3159 Trinitatem
916 3104 973 3158 in
1000 3102 1225 3158 Christo
1265 3102 1603 3167 inhabitare,
1647 3102 1793 3158 sicut
1823 3117 2143 3158 consueve-

547 3206 685 3252 runt
706 3195 987 3252 Theodori
1036 3195 1431 3264 Mopsuestien.
1467 3205 1525 3251 et
1553 3185 1795 3251 Nestorii
1820 3205 2139 3262 sectatores,

542 3286 709 3357 quasi
736 3286 871 3357 quid
891 3296 1049 3342 extra
1070 3288 1398 3344 Trinitatem
1420 3288 1492 3344 sit
1523 3287 1780 3344 Christus
1805 3306 1818 3355 ;
1844 3289 1940 3344 sed
1968 3290 2143 3344 Deum

546 3379 796 3433 \erbum
839 3379 1189 3450 unigenitum
1221 3379 1422 3435 Filium
1464 3380 1664 3445 Patris,
1697 3381 1994 3436 Dominum
2031 3396 2136 3436 no-

543 3484 726 3526 strum
760 3472 951 3528 Jesum
980 3471 1288 3538 Christum,
1328 3474 1425 3543 qui
1456 3488 1558 3543 pro
1603 3474 1767 3528 nobis
1802 3489 1999 3544 passus
2024 3481 2132 3539 est,

542 3581 737 3628 carne,
761 3580 932 3619 unum
944 3565 1013 3619 de
1041 3565 1220 3621 tribus
1235 3565 1609 3621 subsistentiis
1641 3566 1806 3621 unius
1831 3565 2137 3622 divinitatis

540 3672 673 3712 esse
700 3657 1005 3711 credimus.
1031 3656 1145 3712 Nec
1169 3657 1319 3713 enim
1351 3659 1582 3713 verendi
1630 3667 1780 3724 sunt,
1800 3658 1858 3713 hi
1888 3659 1983 3729 qui
2037 3673 2140 3713 nos

547 3744 965 3812 reprehendere
988 3754 1207 3802 tentant
1228 3787 1243 3813 ,
1271 3746 1518 3803 dicentes
1537 3749 1680 3820 :Ego
1717 3748 1888 3822 [Nego
1914 3747 1960 3822 ?]
1989 3748 2137 3819 quod

544 3834 886 3889 Trinitatem
944 3834 1217 3903 dividere,
1261 3846 1346 3893 est
1397 3837 1679 3894 Christum
1729 3839 1916 3895 dicere
1968 3855 2137 3895 unum

546 3925 621 3979 de
654 3924 954 3991 Trinitate,
999 3941 1127 3981 cum
1161 3943 1231 3982 ex
1269 3928 1562 3995 Trinitate,
1616 3939 1674 3984 et
1705 3928 1855 3999 quod
1903 3930 2140 4000 amplius

542 4026 658 4078 est.
710 4033 857 4073 unus
910 4017 1101 4083 trium,
1148 4036 1181 4074 a
1230 4020 1397 4075 beato
1451 4021 1667 4077 dictum
1700 4021 1774 4077 sit
1805 4021 2137 4092 Augustino.

547 4107 807 4177 Denique
848 4108 905 4163 in
946 4108 1091 4164 libro
1123 4110 1433 4165 Enchiridii
1480 4114 1522 4176 ί,
1559 4112 1691 4167 dum
1738 4122 1926 4184 ageret
1960 4113 2027 4167 de
2073 4128 2141 4167 eo

542 4198 703 4268 quod
734 4198 947 4253 dictum
985 4207 1071 4254 est
1108 4217 1123 4253 :
1179 4199 1383 4255 Natum
1423 4202 1596 4256 Deum
1640 4201 1885 4257 Verbum
1923 4217 1991 4256 ex
2021 4201 2144 4271 Spi—

548 4291 667 4343 ritu
700 4300 897 4345 sancto
928 4298 985 4345 et
1013 4291 1181 4346 Maria
1212 4293 1458 4363 Virgine,
1492 4293 1639 4349 inter
1664 4300 1862 4349 caetera
1886 4294 1964 4347 ait
1993 4310 2006 4346 :
2034 4292 2141 4348 Sed

543 4396 682 4435 cum
717 4381 867 4435 illam
898 4392 1231 4446 creaturam,
1278 4398 1441 4453 quam
1470 4383 1636 4453 Virgo
1680 4383 1938 4454 concepit
1965 4390 2023 4436 et
2050 4398 2145 4453 pe-

544 4473 725 4544 perit,
767 4472 1024 4541 quamvis
1074 4473 1141 4527 ad
1184 4473 1356 4528 solam
1404 4473 1501 4527 ﬁlii
1532 4488 1826 4543 personam
1857 4473 2144 4543 pertinen-

546 4576 667 4619 tem
717 4574 831 4620 tota
868 4564 1113 4620 Trinitas
1156 4565 1357 4621 fecerit
1386 4565 1593 4635 (neque
1624 4565 1775 4619 enim
1806 4565 2143 4635 separabilia

2238 2077 2656 2148 gloriﬁcatione,
2684 2095 2792 2150 qua
2822 2080 3110 2150 Seraphim
3138 2080 3467 2151 gloriﬁcant,
3485 2081 3699 2135 exsistit
3724 2096 3818 2134 ex—

2239 2176 2484 2225 traneus.
2534 2170 2631 2226 llla
2659 2179 2845 2226 autem
2889 2172 3149 2227 animalia
3203 2172 3532 2227 Trinitatem
3567 2172 3815 2237 laudant,

2236 2269 2294 2317 et
2316 2262 2584 2317 unitatem
2628 2263 2984 2319 conﬁtentur.
3022 2264 3137 2320 Hoc
3182 2272 3367 2319 autem
3414 2265 3460 2319 si
3508 2280 3618 2319 non
3660 2280 3817 2318 men-

2238 2352 2448 2407 daciter
2475 2352 2637 2409 docet
2668 2370 2774 2410 vox
2810 2355 2924 2420 illa,
2953 2356 3233 2426 quomodo
3256 2365 3508 2426 quartus,
3537 2372 3676 2427 quos
3705 2372 3816 2409 non

2237 2445 2528 2516 plasmavit
2580 2447 2812 2502 salvavit
2860 2464 2872 2499 :
2928 2456 3024 2503 aut
3071 2448 3504 2519 chirographum
3555 2457 3815 2517 peccato-

2238 2551 2363 2589 rum
2413 2537 2683 2594 destruxit
2716 2540 2771 2594 in
2819 2556 3005 2609 cruce,
3052 2541 3149 2612 qui
3197 2556 3309 2596 non
3358 2541 3527 2596 habet
3574 2551 3815 2611 potesta-

2239 2636 2351 2683 tem
2392 2641 2616 2700 peccata
2670 2631 2984 2699 dimittere,
3032 2634 3078 2689 si
3130 2649 3243 2689 non
3289 2642 3376 2688 est
3424 2634 3728 2690 secundum
3767 2644 3817 2689 te

2239 2722 2424 2779 Deus?

2310 2814 2380 2868 Et
2411 2815 2608 2870 iterum
2630 2825 2755 2888 post
2772 2817 3085 2888 aliquanta:
3110 2818 3167 2874 Si
3186 2826 3369 2875 autem
3390 2818 3638 2890 proferas
3659 2819 3815 2881 mihi,

2242 2901 2440 2972 inquit,
2461 2903 2653 2959 dicens
2677 2923 2690 2958 :
2709 2904 2846 2973 Quia
2869 2907 2963 2976 qui
2985 2906 3282 2963 conﬁtetur
3304 2909 3626 2965 cruciﬁxum
3648 2910 3819 2963 Deum

2242 2994 2463 3062 Filiam,
2500 3006 2556 3052 et
2582 2999 2798 3054 Patrem
2823 3010 2880 3055 et
2911 3000 3179 3070 Spiritum
3205 3009 3457 3057 sanctum
3492 3003 3815 3067 conﬁtetur,

2242 3101 2411 3158 super
2458 3105 2656 3159 aquam
2708 3091 2929 3157 scribis,
2979 3101 3036 3147 et
3079 3108 3248 3163 super
3279 3109 3503 3149 arenam
3554 3094 3817 3149 aediﬁcas.

2240 3177 2479 3236 Attende
2505 3181 2673 3253 igitur
2701 3185 2985 3240 catholicae
3015 3184 3142 3241 ﬁdei
3178 3201 3402 3250 nervos,
3442 3196 3498 3242 et
3523 3187 3684 3242 ablue
3712 3188 3817 3241 im-

2243 3270 2596 3339 prudentiam
2643 3282 2815 3328 tuam.
2866 3274 3010 3341 Quid
3055 3277 3204 3331 enim
3246 3286 3332 3333 est
3390 3278 3537 3347 quod
3582 3296 3685 3334 nos
3730 3296 3819 3335 sa-

2167 3340 2211 3400 C
2245 3362 2427 3431 pimus
2454 3364 2477 3417 ?
2506 3364 2567 3418 in
2586 3365 2691 3420 hac
2721 3367 2839 3435 ipsa
2867 3340 3129 3431 essentia,
3163 3384 3270 3438 qua
3300 3340 3516 3424 constat
3545 3379 3601 3425 et
3630 3373 3821 3427 unitus

2237 3464 2324 3510 est
2354 3455 2527 3512 Filius
2556 3458 2704 3512 Patri
2754 3469 2811 3514 et
2844 3459 3100 3529 Spiritui,
3132 3477 3243 3515 non
3275 3462 3514 3517 dicimus
3538 3478 3664 3519 eum
3700 3480 3822 3534 pas-

2236 3563 2379 3614 sum,
2404 3549 2498 3604 sed
2522 3565 2685 3605 carne
2712 3566 2832 3621 qum
2856 3568 2923 3607 ex
2943 3552 3102 3607 nobis
3126 3561 3182 3609 et
3206 3570 3306 3624 pro
3326 3555 3486 3611 nobis
3509 3567 3593 3611 est
3621 3558 3819 3615 factus.

2238 3639 2361 3696 Non
2408 3651 2594 3697 autem
2623 3643 2768 3699 alius
2795 3654 2880 3700 est
2907 3647 3087 3702 factus
3111 3647 3218 3702 uisi
3248 3664 3389 3703 unus
3424 3650 3493 3704 de
3527 3651 3819 3718 Trinitate,

2239 3739 2296 3786 et
2341 3733 2638 3789 cruciﬁxus
2659 3746 2770 3800 est,
2798 3751 2967 3792 carne
2994 3752 3102 3807 qua
3150 3738 3328 3794 factus
3354 3749 3459 3803 est,
3494 3750 3552 3795 et
3594 3758 3705 3798 non
3734 3753 3819 3800 est

2240 3839 2439 3894 passus
2472 3826 2794 3892 divinitate,
2826 3845 2934 3900 qua
2958 3830 3150 3886 unitus
3177 3840 3263 3887 est
3287 3833 3435 3888 Patri
3468 3843 3524 3889 et
3559 3834 3815 3907 Spiritui,

2239 3926 2302 3972 ut
2348 3926 2404 3973 et
2446 3918 2597 3990 ipsos
2636 3922 3041 3978 concruciﬁxos
3092 3922 3359 3979 dicamus.
3410 3925 3468 3981 Si
3510 3934 3695 3982 autem
3732 3929 3819 3983 di-

2240 4026 2491 4068 ceremus
2531 4029 2659 4068 eum
2685 4015 2981 4071 divinitate
3003 4016 3356 4083 cruciﬁxum,
3392 4034 3582 4073 revera
3616 4020 3670 4073 in
3704 4021 3826 4075 Tri-

2240 4105 2413 4161 nitate
2444 4108 2758 4176 passionem
2796 4108 3207 4165 induceremus.
3236 4108 3293 4164 Si
3324 4120 3509 4164 autem
3560 4112 3820 4177 dicimus,

2242 4198 2389 4268 quod
2416 4198 2473 4253 in
2495 4214 2661 4255 carne
2685 4216 2783 4255 sua
2812 4201 3096 4271 passiones
3114 4201 3359 4259 Verbum
3393 4204 3659 4273 suscepit,
3690 4219 3824 4259 con-

2243 4289 2465 4345 ﬁtemur
2503 4291 2631 4361 quia
2680 4300 2738 4347 et
2813 4309 2958 4348 unus
2991 4301 3077 4348 est
3102 4293 3169 4349 de
3199 4294 3468 4348 Trinitate
3502 4296 3597 4364 qui
3626 4311 3821 4364 passus

2242 4390 2349 4443 est,
2375 4381 2442 4435 de
2466 4380 2567 4452 [et]
2599 4382 2885 4437 Trinitatis
2904 4391 3099 4438 natura
3124 4385 3477 4455 impassibilis
3508 4388 3729 4443 mansit.
3749 4389 3817 4442 Et

2247 4471 2448 4528 iterum
2489 4489 2502 4526 :
2546 4472 2600 4527 Si
2637 4481 2820 4528 autem
2872 4475 3209 4540 incarnatus,
3263 4476 3461 4546 inquit,
3513 4494 3624 4533 non
3677 4489 3822 4534 esset

2246 4578 2460 4632 passus,
2514 4564 2745 4620 haberet
2795 4565 3046 4621 fortassis
3110 4567 3379 4622 rationem
3434 4570 3821 4625 versutissima

543 4667 689 4713 sunt
729 4675 901 4729 opera
939 4657 1274 4728 Trinitatis),
1297 4674 1399 4713 cur
1451 4658 1507 4712 in
1559 4674 1625 4713 ea
1674 4658 1927 4713 facienda
1991 4658 2144 4713 solus
2173 4675 2224 4736 ι)
2248 4654 2507 4724 obiectio.
2539 4655 2595 4711 Si
2622 4666 2805 4711 autem
2836 4658 3157 4713 incarnatus
3185 4675 3376 4729 passus
3403 4670 3488 4716 est
3512 4662 3818 4725 evidenter,

541 4752 816 4808 Christus
844 4753 1165 4807 nominatus
1199 4753 1321 4808 est?
1352 4754 1436 4806 An
1465 4760 1521 4807 et
1549 4752 1772 4821 quando
1799 4767 1945 4807 unus
1972 4752 2141 4806 trium

542 4844 745 4913 aliquo
772 4859 943 4914 opere
964 4844 1300 4905 nominatur,
1331 4844 1601 4897 universae
1625 4858 1792 4912 opera
1816 4842 2143 4913 intelligitur

543 4937 895 4992 Trinitatis?
921 4937 1134 4992 Rursus
1156 4937 1212 4990 in
1248 4937 1394 4991 libro
1424 4935 1668 4990 secundo
1684 4935 1760 4988 De
1781 4934 2034 4989 Trinitate
2067 4936 2088 4965 ¹
2124 4952 2138 4988 :

543 5029 780 5091 Utrum,
821 5028 1024 5096 inquit,
1063 5026 1360 5081 indiscrete
1386 5027 1533 5080 Deus
1552 5024 1872 5095 apparuerit
1894 5024 2143 5095 patribus

542 5120 785 5183 nostris,
842 5130 1138 5188 antequam
1172 5118 1429 5174 Christus
1454 5119 1673 5173 venerit
1720 5116 1775 5170 in
1815 5116 2027 5171 carne?
2054 5115 2139 5169 An

540 5214 743 5282 aliqua
788 5227 858 5265 ex
899 5210 1172 5265 Trinitate
1205 5226 1461 5280 persona,
1508 5225 1576 5263 an
1607 5208 1947 5278 singulatim,
1979 5206 2136 5275 quasi

540 5322 654 5377 per
690 5309 842 5359 vices
880 5303 1182 5373 appareat?
1216 5303 1282 5357 Et
1309 5303 1513 5357 iterum
1544 5309 1667 5371 post
1699 5315 1874 5370 pauca
1907 5316 1920 5354 :
1949 5299 2141 5368 Neque

540 5399 646 5453 hic
678 5412 835 5466 ergo,
870 5396 1078 5465 inquit,
1114 5394 1404 5451 evidenter
1452 5401 1683 5464 apparet
1724 5400 1909 5445 utrum
1953 5390 2137 5460 aliqua

538 5503 619 5543 ex
644 5486 921 5541 Trinitate
960 5498 1221 5556 persona,
1245 5500 1315 5538 an
1339 5482 1606 5538 Dominus
1632 5482 1749 5552 ipse
1777 5480 2018 5535 Trinitas
2048 5480 2137 5550 (de

541 5591 665 5645 quo
716 5574 931 5629 dictum
973 5585 1057 5629 est
1086 5592 1100 5627 :
1126 5573 1417 5628 Dominum
1461 5571 1631 5627 Deum
1673 5579 1824 5624 tuum
1867 5570 2134 5634 adorabis,

542 5672 600 5718 ει
646 5664 735 5718 i‘lli
766 5664 866 5717 soli
918 5664 1110 5717 servies
1132 5661 1174 5733 ³)
1213 5664 1367 5717 visus
1406 5660 1573 5716 fuerit
1599 5659 1856 5715 Abrahae.

621 5752 735 5809 Sed
772 5753 862 5808 his
904 5754 1072 5825 paulo
1104 5753 1455 5809 manifestius
1482 5753 1680 5809 beatus
1718 5752 1948 5807 Proclus
1974 5751 2138 5822 hujus

628 5930 647 5963 ¹
686 5930 821 6003 Cap.
857 5932 949 5995 38,
981 5941 1020 5987 ι.
1064 5932 1156 5987 Ill.
1230 5935 1248 5964 ’
1290 5931 1420 6001 Cap.
1476 5933 1553 5986 l0.

2247 4745 2508 4815 quoniam
2551 4762 2716 4802 causa
2766 4747 3166 4805 incarnationis
3213 4758 3299 4806 est
3336 4767 3491 4817 crux,
3532 4753 3639 4808 hoc
3691 4770 3820 4810 cru-

2244 4836 2467 4892 ciﬁxum
2504 4847 2589 4894 est
2645 4839 2793 4909 quod
2828 4840 3173 4897 incarnatum
3205 4852 3309 4898 est.
3350 4843 3407 4899 Si
3446 4854 3627 4900 autem
3674 4847 3821 4915 quod

2244 4928 2591 4985 incarnatum
2622 4940 2729 4993 est,
2779 4932 3107 4987 cruciﬁxum
3165 4944 3269 4999 est,
3313 4936 3475 4992 Pater
3528 4945 3711 4991 autem
3766 4945 3825 4993 et

2245 5020 2487 5090 Spiritus
2520 5036 2630 5076 non
2653 5031 2739 5078 est
2768 5024 3089 5090 cruciﬁxus,
3125 5043 3270 5082 unus
3290 5043 3421 5098 ergo
3451 5027 3519 5082 de
3546 5028 3819 5085 Trinitate

2245 5122 2331 5168 est
2368 5114 2685 5169 cruciﬁxus.
2740 5114 3097 5172 Divinitatem
3130 5134 3262 5172 vero
3304 5136 3410 5188 qua
3446 5122 3817 5178 communicat

2246 5204 2394 5259 Patri
2430 5214 2486 5260 ει
2529 5206 2784 5276 Spiritui,
2817 5209 3057 5263 servavit
3084 5210 3497 5279 impassibilem,
3527 5226 3694 5265 carne
3724 5230 3822 5268 au-

2248 5305 2380 5363 tem,
2403 5313 2509 5366 qua
2533 5298 2648 5369 ipse
2671 5300 2825 5355 solus
2848 5311 2933 5356 est
2954 5300 3151 5365 factus,
3175 5303 3287 5371 ipsa
3308 5310 3362 5357 et
3389 5303 3541 5357 solus
3572 5304 3713 5359 idem
3734 5317 3819 5362 est

2246 5404 2459 5459 passus.
2492 5391 2859 5462 Quapropter,
2893 5394 2938 5447 si
2980 5396 3105 5461 quis
3139 5395 3280 5447 hanc
3307 5393 3471 5461 hujus
3514 5394 3818 5453 beatissimi

2245 5480 2427 5535 Patris
2466 5497 2634 5551 super
2693 5482 3043 5552 splendorem
3094 5485 3227 5539 solis
3272 5485 3546 5540 lucentem
3604 5497 3826 5544 senten-

2247 5574 2378 5625 tiam
2422 5574 2831 5642 reprehendere
2861 5575 3047 5637 audet,
3100 5590 3263 5628 unam
3314 5577 3485 5631 totius
3528 5578 3825 5633 Trinitatis

2245 5661 2684 5727 subsistentiam,
2742 5663 2796 5717 id
2849 5674 2935 5718 est
2985 5665 3162 5745 Patris
3210 5675 3265 5721 et
3318 5666 3439 5720 Filii
3489 5679 3545 5723 et
3581 5668 3825 5739 Spiritus

2245 5753 2445 5817 sancti,
2489 5754 2778 5811 manifeste
2821 5771 2946 5810 cum
2978 5756 3217 5812 Sabellio
3250 5759 3478 5817 credere
3517 5762 3823 5833 reprehen-

1636 5936 1653 5964 ³
1694 5935 1852 5989 Deut.
1887 5948 1958 6000 vt,
2012 5934 2102 5999 13;
2146 5930 2334 5989 Μειιιιι.
2381 5947 2454 6000 tv,
2506 5933 2592 5988 10.
