4146 6468
370 491 444 557 83
1652 512 1972 576 JOANNIS
2024 512 2397 577 MAXENTII
3579 500 3651 566 84

404 616 571 675 ditur.
606 619 739 688 Quia
774 619 841 685 si,
876 618 1176 675 secundum
1208 620 1708 692 ipsos,quicunque
1750 622 1972 682 dixerit,
2005 627 2049 681 A
2078 622 2207 677 dum
2257 626 2567 689 veritatem,
2624 641 2750 681 eum
2805 624 2901 695 qui
2945 632 3030 678 est
3089 620 3433 682 Emmanuel,
3478 627 3534 673 et
3576 619 3648 673 ob

404 723 573 765 unum
613 731 678 768 ex
720 714 989 767 Trinitate
1030 714 1336 777 Christum,
1390 714 1482 783 qui
1533 731 1631 783 pro
1679 714 1839 770 nobis
1892 723 1976 769 est

401 820 565 859 carne
618 822 841 876 passus,
893 806 1220 860 divisionem
1304 806 1485 861 facere
1541 807 1974 876 deprehenditur

400 890 716 959 Trinitatis,
751 913 881 966 ergo
923 905 979 951 et
1014 897 1175 968 536
1209 899 1524 967 quicunque
1566 899 1737 953 Deum
1765 915 1831 953 ex
1860 899 1973 952 Deo

397 985 602 1053 dicere,
651 988 981 1042 divisionem
1021 988 1189 1044 efﬁcit
1236 990 1479 1045 deitatis.
1516 990 1670 1056 Quod
1718 991 1763 1043 si
1799 991 1971 1043 Deum

394 1093 461 1130 ex
507 1080 618 1132 Deo
668 1079 854 1135 dicere
903 1082 1232 1136 divisionem
1298 1099 1408 1136 non
1457 1083 1588 1136 facit
1638 1082 1967 1147 divinitatis,

392 1171 695 1238 praisertim
750 1189 874 1227 cum
907 1191 1015 1228 una
1046 1175 1117 1229 sit
1150 1175 1413 1229 divinitas
1448 1175 1760 1239 Trinitatis,
1795 1175 1969 1228 multo

392 1266 562 1334 magis
604 1284 772 1321 unum
822 1286 888 1324 ex
934 1270 1206 1326 Trinitate
1245 1272 1450 1336 dicere,
1489 1272 1817 1326 divisionem
1858 1287 1967 1324 non

390 1350 521 1406 facit
549 1352 858 1411 Trinitatis.
885 1356 1023 1423 Quia
1056 1376 1164 1412 non
1202 1361 1507 1414 secundum
1542 1361 1593 1414 id
1646 1360 1794 1430 quod
1825 1378 1967 1415 unus

390 1456 477 1498 est
521 1445 687 1511 Deus,
734 1455 791 1501 et
843 1466 951 1503 una
1001 1451 1262 1507 divinitas
1294 1454 1601 1517 Trinitatis,
1640 1453 1737 1508 sed
1768 1470 1966 1509 secun-

390 1536 521 1589 dum
557 1537 611 1591 id
648 1540 797 1609 quod
820 1550 931 1596 tres
958 1553 1107 1608 sunt,
1128 1544 1179 1597 id
1210 1554 1313 1608 est,
1334 1547 1495 1601 Pater
1524 1555 1580 1600 et
1616 1546 1891 1611 Christus,
1911 1558 1964 1600 ct

389 1627 626 1699 Spiritus
648 1640 871 1689 sanctus
907 1652 1051 1690 unus
1080 1637 1243 1702 Deus,
1264 1637 1516 1693 Christus
1544 1638 1678 1693 dicit
1708 1637 1962 1711 [dicitur]

386 1736 528 1777 unus
558 1722 626 1777 de
644 1720 933 1793 Trinitate,
959 1729 1052 1797 qui
1084 1744 1183 1797 pro
1214 1730 1373 1784 nobis
1419 1746 1612 1801 passus
1659 1742 1741 1787 est
1775 1748 1957 1787 carne.

386 1810 677 1881 Verum,si
722 1818 925 1872 vellent
991 1820 1280 1877 advertere
1333 1823 1389 1876 hi
1440 1823 1533 1892 qui
1588 1825 1731 1878 hanc
1790 1826 1962 1879 totius

382 1904 641 1961 Ecclesia:
659 1922 871 1974 vocem,
905 1918 960 1963 et
983 1913 1304 1979 apostolicis
1334 1914 1725 1969 traditionibus
1753 1930 1957 1969 conve-

2078 716 2182 771 hoc
2220 718 2388 787 ipsam
2430 720 2524 773 Dei
2558 719 2891 774 Genitricem
2937 726 3178 771 sanctam
3212 713 3496 784 Virginem
3531 713 3649 781 (pe-

2076 810 2217 878 perit
2257 810 2405 863 enim
2455 811 2754 865 carnaliter
2785 810 3047 871 Verbum,
3098 806 3247 876 quod
3301 820 3369 858 ex
3418 804 3530 857 Deo
3562 811 3647 858 est

2074 917 2202 956 caro
2246 902 2472 965 factum,
2497 904 2801 958 secundum
2847 902 2993 971 quod
3038 900 3304 969 scriptum
3356 905 3440 950 est
3478 914 3490 948 :
3522 894 3647 959 Ver-

2074 996 2195 1048 bum
2228 1013 2353 1048 caro
2381 998 2579 1064 factum
2618 1004 2693 1049 est
2725 996 2789 1063 ⁵),
2843 995 3135 1047 anathema
3173 994 3263 1045 sit.
3298 990 3645 1058 Quapropter

2072 1086 2210 1140 duas
2240 1088 2404 1141 etiam
2440 1088 2755 1141 nativitates
2798 1087 2893 1140 Dei
2937 1086 3127 1147 Verbi,
3179 1099 3344 1136 unam
3383 1090 3510 1135 ante
3538 1095 3641 1133 sae-

2071 1179 2193 1233 cula
2232 1194 2262 1232 a
2306 1180 2466 1233 Patre
2514 1179 2815 1234 secundum
2848 1178 3218 1241 divinitatem,
3250 1175 3477 1229 alteram
3511 1186 3642 1225 vero

2070 1270 2387 1325 novissimis
2432 1270 2797 1339 temporibus,
2837 1268 3142 1322 secundum
3174 1265 3575 1320 humanitatem
3610 1277 3639 1315 a

2074 1361 2289 1431 Virgine
2314 1370 2523 1425 sancta,
2558 1360 2910 1425 conﬁtemur.
2934 1358 3071 1424 Quia
3091 1374 3202 1412 non
3231 1358 3398 1411 alium
3426 1354 3635 1416 matris,

2067 1454 2234 1507 alium
2275 1453 2443 1523 patris
2489 1453 2662 1507 ﬁlium
2688 1453 2988 1515 credimus,
3028 1450 3125 1506 sed
3155 1464 3324 1504 unum
3356 1447 3641 1501 eumdem-

2066 1562 2172 1616 que
2216 1547 2527 1601 naturalem
2555 1545 2728 1599 ﬁlium
2753 1545 2945 1615 patris,
2983 1543 3287 1597 naturalem
3318 1541 3491 1594 ﬁlium
3518 1554 3635 1592 ma-

2067 1638 2165 1692 tris
2204 1637 2573 1707 agnoscimus,
2605 1638 2769 1706 beato
2813 1634 3168 1706 papa'Leone
3207 1632 3273 1687 ad
3316 1632 3635 1686 Flavianum

2065 1729 2283 1783 dicente
2320 1745 2333 1782 :
2368 1727 2505 1783 Cum
2535 1729 2684 1783 enim
2729 1728 2875 1781 Deus
2914 1735 2969 1781 et
2996 1726 3370 1792 omnipotens,
3395 1732 3637 1776 aeternus

2064 1821 2224 1875 Pater
2273 1820 2543 1885 creditur,
2580 1819 3059 1887 consempiternus
3087 1817 3265 1871 eidem
3300 1829 3519 1883 quoque
3546 1813 3638 1865 Fi-

2066 1912 2173 1967 lius
2197 1911 2627 1975 demonstratur,
2670 1911 2727 1965 in
2757 1910 2911 1963 nullo
2941 1925 2970 1962 a
2997 1910 3161 1963 Patre
3190 1906 3477 1969 diﬁ‘erens,
3505 1904 3634 1973 quia

381 1999 644 2062 nientem,
677 2010 883 2056 temere
916 2004 1124 2059 audent
1178 2007 1586 2075 reprehendere
1634 2027 1645 2059 :
1693 2009 1954 2091 quoniam
1993 1974 2129 2059 Bde
2170 2006 2297 2074 _Deo
2350 2005 2528 2068 Deus,
2576 2004 2644 2057 de
2692 2003 3073 2072 omnipotente
3136 2000 3513 2069 omnipotens,
3564 1998 3634 2051 de

382 2107 525 2146 unus
571 2092 716 2148 Deus
752 2094 1015 2159 Trinitas,
1053 2104 1109 2150 et
1152 2098 1414 2167 quoniam
1448 2100 1594 2153 Deus
1622 2115 1689 2153 ex
1733 2100 1867 2163 Deo,
1900 2109 1956 2153 et

378 2197 523 2239 unus
566 2202 633 2241 ex
673 2203 805 2252 uno,
846 2189 1169 2245 nullatenus
1213 2191 1535 2246 dubitarent
1563 2192 1751 2247 dicere
1781 2210 1952 2247 unum

375 2293 444 2333 ex
492 2278 763 2334 Trinitate
805 2280 1111 2347 Christum,
1158 2284 1252 2352 qui
1300 2299 1401 2352 pro
1436 2285 1597 2339 nobis
1644 2300 1838 2354 passus
1868 2294 1953 2339 est

374 2383 561 2425 carne.
593 2370 729 2437 Quia
762 2371 807 2425 si
835 2388 946 2426 non
977 2372 1325 2437 Trinitatem,
1348 2390 1470 2443 quae
1495 2391 1638 2430 unus
1670 2384 1755 2430 est
1781 2376 1949 2441 Deus,

371 2461 467 2516 sed
503 2463 697 2527 Deum,
740 2463 832 2531 qui
893 2464 1335 2520 substantialiter
1368 2484 1434 2522 ex
1484 2467 1596 2521 Deo
1630 2476 1733 2529 est,
1758 2470 1949 2539 genuit

370 2556 673 2609 secundum
724 2570 947 2609 carnem
989 2557 1147 2626 virgo
1192 2557 1360 2612 Maria
1392 2600 1406 2625 ,
1452 2559 1571 2613 sine
1605 2560 1774 2613 dubio
1805 2576 1948 2615 unus

369 2663 438 2704 ex
470 2649 741 2705 Trinitate
807 2658 892 2705 est
946 2651 1040 2721 qui
1093 2652 1399 2707 secundum
1444 2668 1666 2707 carnem
1716 2668 1782 2706 ex
1832 2653 1947 2721 ipsa

368 2750 532 2797 natus
560 2753 663 2797 est.
686 2744 809 2797 .Aut
833 2758 966 2813 ergo
1000 2744 1372 2799 conﬁteantur
1399 2746 1478 2809 hi,
1523 2745 1619 2815 qui
1674 2744 1817 2799 hanc
1847 2761 1945 2798 vo-

367 2852 485 2890 cem
510 2843 708 2905 putant
740 2839 1026 2893 catholicae
1066 2838 1193 2893 ﬁdei
1224 2854 1347 2892 esse
1379 2838 1739 2901 contrariam,
1768 2837 1943 2891 Deum

366 2927 460 2996 qui
499 2935 583 2982 est
608 2927 850 2984 Trinitas
880 2939 1068 2984 natum
1121 2947 1188 2985 ex
1221 2930 1461 2996 femina;
1498 2938 1592 2983 aut
1623 2930 1667 2983 si
1700 2929 1805 2983 hoc
1832 2944 1944 2982 non

366 3019 572 3073 audent
626 3019 833 3086 dicere,
893 3020 1081 3075 dicant
1112 3021 1258 3075 unde
1288 3030 1373 3074 est
1401 3021 1547 3074 Deus
1606 3020 1699 3089 qui
1733 3019 1800 3074 de
1822 3019 1944 3072 Vir-

364 3108 489 3177 gine
521 3119 684 3164 natus
732 3119 838 3176 est,
872 3112 917 3167 si
948 3128 1057 3166 non
1083 3120 1166 3166 est
1197 3111 1264 3165 de
1308 3112 1599 3175 Trinitate,
1641 3127 1767 3166 cum
1798 3127 1939 3181 prm-

365 3209 449 3254 ter
506 3198 830 3256 Trinitatem
896 3202 1110 3257 nullum
1169 3202 1338 3255 alium
1400 3201 1573 3255 Deum
1641 3210 1941 3271 agnoscant

363 3291 649 3385 Catholici:
695 3293 809 3385 Sed
851 3294 894 3349 si
949 3310 1069 3349 eam
1123 3310 1253 3350 vere
1298 3305 1354 3349 et
1405 3295 1625 3364 proprie
1682 3294 1775 3348 Dei
1818 3310 2011 3385 ονε-ο

362 3380 557 3437 derent
605 3382 961 3447 Genitricem,
1014 3386 1209 3455 utique
1260 3385 1435 3440 Deum
1466 3385 1707 3439 Verbum
1762 3401 1933 3439 unum

361 3489 480 3528 esse
512 3474 806 3530 crederent
846 3475 913 3530 de
938 3474 1210 3530 Trinitate
1249 3494 1261 3527 :
1290 3476 1422 3545 quia
1458 3492 1568 3529 non
1602 3492 1667 3530 ex
1702 3490 1764 3529 ea
1791 3477 1936 3530 Deus

360 3568 451 3637 qui
494 3575 579 3623 est
632 3567 875 3623 Trinitas
919 3578 1084 3623 natus
1122 3578 1227 3623 est.
1277 3570 1436 3631 Nam,
1473 3586 1599 3623 cum
1640 3569 1935 3638 Apostolus

358 3656 636 3711 Christum
688 3666 917 3713 testetur
962 3658 985 3689 δ
1022 3674 1188 3728 super
1223 3659 1407 3712 omnia
1459 3659 1655 3722 Deum,
1693 3658 1935 3713 Trinitas

357 3757 540 3802 autem
587 3764 735 3802 unus
779 3758 866 3802 est
896 3749 1061 3809 Deus,
1093 3765 1205 3802 non
1234 3748 1533 3819 incongrue
1581 3750 1648 3804 ab
1680 3750 1761 3803 eis
1788 3766 1936 3819 qum—

358 3839 502 3893 ritur
549 3846 735 3894 utrum
786 3839 1030 3894 Trinitas
1054 3839 1310 3894 Christus
1356 3841 1447 3904 sit,
1486 3850 1582 3895 aut
1621 3840 1762 3895 alter
1785 3856 1932 3910 pra!-

356 3941 440 3984 tcr
491 3931 820 3986 Trinitatem
864 3932 1031 3991 Deus,
1073 3932 1332 3986 Christus
1357 3933 1447 3986 sit.
1478 3932 1549 3987 At
1580 3932 1721 3988 forte
1764 3933 1929 3988 etiam

354 4038 520 4093 super
542 4023 870 4077 Trinitatem
901 4024 1047 4078 Deus
1073 4032 1157 4079 est
1176 4022 1449 4089 Christus,
1469 4024 1598 4094 quia
1629 4040 1796 4095 super
1816 4040 1933 4079 om-

354 4115 446 4170 nia
487 4131 611 4169 eum
646 4115 818 4171 Deum
862 4124 1097 4171 testatur
1120 4117 1438 4187 Apostolus.
1478 4118 1635 4185 Quod
1660 4119 1705 4173 si
1732 4119 1927 4173 horum

355 4208 519 4262 trium
556 4209 848 4278 quodlibet
868 4208 1055 4264 dicere
1086 4217 1171 4265 est
1199 4210 1453 4279 impium,
1493 4222 1663 4267 restat
1693 4222 1754 4267 ut
1782 4229 1927 4269 unus

350 4299 418 4353 de
447 4299 721 4355 Trinitate
749 4300 821 4355 sit
845 4300 1109 4367 Verbum,
1134 4303 1229 4372 qui
1261 4302 1329 4358 de
1355 4304 1581 4375 Virgine
1620 4306 1924 4359 secundum

349 4402 573 4447 carnem
622 4400 784 4447 natus
836 4403 941 4456 est,
1001 4404 1057 4449 et
1104 4395 1271 4449 homo
1334 4396 1531 4460 factus,
1585 4412 1783 4466 passus
1842 4408 1927 4452 est

348 4500 513 4539 carne
557 4500 655 4553 pro
682 4487 861 4542 nobis.
903 4487 1046 4542 Hinc
1074 4495 1160 4543 est
1209 4489 1355 4558 quod
1388 4489 1605 4544 beatam
1642 4490 1922 4559 Virginem

347 4575 594 4641 Mariam,
619 4586 845 4647 propter
893 4580 1161 4635 honorem
1217 4590 1425 4636 tantum
1474 4582 1714 4637 hominis
1750 4582 1919 4646 illius,

345 4667 440 4735 qui
485 4682 552 4721 ex
602 4668 718 4736 ipsa
750 4678 913 4725 natus
957 4680 1063 4735 est,
1105 4687 1270 4741 quem
1315 4674 1513 4744 gratia,
1561 4689 1672 4727 non
1724 4682 1919 4726 natura
1952 4665 1999 4723 D

346 4757 514 4813 Deum
556 4760 913 4825 conﬁtentur,
958 4763 1058 4819 Dei
1100 4774 1359 4820 asserunt
1403 4766 1761 4821 Genitricem.
1807 4766 1919 4820 Nos

342 4858 526 4906 autem
565 4867 695 4907 vere
728 4860 785 4909 et
832 4856 1056 4925 proprie
1105 4858 1203 4911 Dei
1251 4857 1589 4913 Genitricem
1639 4860 1919 4914 credimus

342 4950 392 4997 et
427 4943 778 5002 conﬁtemur.
825 4946 965 5013 Quia
1008 4948 1241 5019 puerum
1283 4951 1437 5005 illum
1469 4967 1633 5021 quem
1669 4952 1786 5022 ipsa
1819 4966 1918 5021 pe-

341 5038 502 5107 perit,
550 5048 747 5094 natura
802 5040 973 5095 Deum
1022 5043 1427 5114 cognoscimus,
1487 5052 1544 5098 et
1599 5059 1699 5113 per
1733 5044 1915 5114 ipsum

340 5130 479 5186 facta
511 5140 643 5187 sunt
668 5133 873 5199 omnia,
907 5136 1215 5190 secundum
1266 5135 1490 5191 beatum
1538 5135 1803 5207 Cyrillum
1830 5136 1914 5191 di-

339 5232 596 5277 centem:
638 5224 815 5281 Homo
864 5236 1029 5281 natus
1075 5237 1182 5289 est,
1228 5244 1355 5283 cum
1392 5229 1465 5283 sit
1515 5238 1718 5284 natura
1763 5232 1913 5287 Deus

337 5315 429 5368 Dei
465 5315 643 5370 Patris
676 5316 940 5371 Verbum.
983 5319 1120 5384 Quia
1151 5318 1407 5373 similiter
1432 5330 1495 5374 ut
1523 5336 1625 5374 nos
1656 5321 1911 5391 sanguini

336 5409 763 5462 communicavit
789 5419 844 5462 et
873 5411 1045 5464 carni.
1074 5410 1162 5465 Sic
1185 5411 1332 5466 enim
1369 5412 1606 5466 terrenis
1636 5414 1909 5481 apparuit,

334 5511 441 5547 non
463 5497 726 5551 amittens
744 5499 890 5567 quod
909 5508 1051 5561 erat,
1069 5498 1166 5553 sed
1194 5498 1525 5553 assumendo
1549 5499 1911 5554 humanitatis

334 5595 583 5642 naturam
630 5589 687 5644 in
735 5606 831 5645 sua
881 5592 1095 5646 ratione
1141 5591 1463 5660 perfectam.

402 5679 471 5733 Et
500 5682 699 5736 iterum
748 5683 802 5736 in
832 5684 1012 5753 primo
1036 5684 1279 5752 capitulo
1324 5692 1517 5739 contra
1552 5684 1865 5739 Nestorium
1896 5702 1909 5738 :

333 5769 388 5824 Si
438 5774 581 5841 quis,
632 5775 832 5843 inquit,
886 5792 995 5830 non
1025 5776 1320 5832 conﬁtetur
1353 5778 1526 5832 Deum
1557 5793 1678 5833 esse
1713 5794 1912 5833 secun-

1440 5965 1485 6020 ΙΙ
1514 5964 1639 6021 Cor.
1682 5981 1793 6032 vui,
1837 5966 1889 6021 9.

404 5944 433 5979 λι
466 5955 621 6008 Rom.
666 5972 737 6021 lx,
780 5959 831 6012 5.
910 5961 1102 6031 'Joan.
1152 5979 1188 6027 ι,
1238 5965 1319 6019 ιιι,

2057 2106 2266 2153 aeterno
2283 2107 2444 2151 natus
2458 2109 2545 2151 est
2566 2105 2894 2151 coaeternus.
2916 2096 3035 2149 Non
3056 2093 3330 2164 posterior
3362 2100 3630 2159 tempore,

2055 2205 2167 2243 non
2219 2190 2447 2243 inferior
2482 2198 2775 2259 potestate,
2826 2204 2935 2241 non
2972 2186 3262 2240 dissimilis
3296 2185 3489 2253 gloria,
3517 2196 3630 2235 non

2053 2284 2265 2337 divisus
2305 2282 2547 2336 essentia
2578 2298 2590 2333 :
2620 2280 2763 2334 idem
2812 2295 2945 2333 vero
2990 2276 3312 2347 sempiterni
3354 2273 3631 2331 Genitoris

2053 2373 2380 2442 Unigenitus
2422 2372 2817 2441 sempiternus.
2864 2370 3037 2423 Natus
3074 2368 3141 2422 de
3178 2367 3383 2437 Spiritu
3439 2370 3631 2418 sancto

2050 2482 2117 2519 ex
2166 2465 2332 2519 Maria
2378 2464 2602 2534 Virgine
2642 2478 2804 2531 :quaa
2848 2462 3106 2515 nativilas
3164 2458 3501 2528 temporalis,
3547 2456 3625 2510 illi

2049 2557 2323 2613 nativitati
2356 2558 2558 2611 divinm
2585 2564 2640 2609 et
2669 2555 3040 2624 sempiternae,
3071 2554 3210 2607 nihil
3241 2552 3458 2613 minuit,
3485 2549 3625 2603 nihil

2048 2646 2303 2711 contulit,
2352 2646 2447 2699 sed
2486 2654 2653 2699 totam
2678 2660 2736 2698 se
2768 2645 3074 2713 reparando
3110 2644 3341 2705 homini,
3385 2641 3476 2709 qui
3505 2645 3626 2694 erat

2047 2738 2643 2808 deceptus,impcndit.
2698 2737 3012 2791 Secundum
3060 2737 3223 2805 hujus
3266 2735 3410 2789 beati
3439 2733 3626 2799 Patris

2045 2831 2394 2893 sententiam,
2438 2831 2581 2884 Dcus
2610 2831 2788 2883 factus
2816 2828 3089 2892 Christus,
3117 2845 3224 2880 non
3251 2837 3433 2881 autem
3464 2826 3625 2880 Chri-

2045 2932 2161 2977 stus
2205 2923 2352 2977 Deus
2401 2921 2578 2975 factus
2610 2922 2864 2985 docetur,
2899 2921 3041 2974 sicut
3088 2920 3281 2973 dicunt
3324 2927 3624 2973 sectatores

2045 3014 2324 3069 Theodori
2377 3014 2675 3083 Mopsuest.
2734 3011 2983 3082 magistri
3030 3010 3301 3078 ,Nestorii,
3357 3009 3451 3077 qui
3522 3000 3629 3076 per

2044 3107 2350 3177 profectum
2394 3104 2676 3160 Christum
2726 3104 2897 3157 Deum
2934 3102 3138 3156 factum
3192 3100 3445 3154 credunt.
3479 3098 3617 3164 Quia

2041 3215 2152 3253 non
2185 3215 2309 3253 cum
2346 3208 2493 3252 esset
2542 3212 2771 3266 pauper,
2801 3196 2957 3249 dives
2989 3195 3167 3248 factus
3210 3202 3315 3256 est,
3364 3192 3459 3247 scd
3492 3208 3616 3245 cum

2041 3293 2197 3347 dives
2239 3300 2424 3356 esset,
2493 3306 2701 3360 pauper
2742 3290 2920 3343 factus
2969 3298 3087 3351 est,
3141 3296 3202 3341 ut
3262 3303 3365 3341 nos
3420 3286 3620 3340 divites

2039 3387 2249 3441 faceret
2279 3386 2320 3438 ⁸.
2355 3384 2507 3439 Sicut
2530 3394 2585 3437 et
2609 3382 2897 3437 Psalmista
2931 3390 3167 3435 testatur
3198 3379 3389 3434 dicens
3421 3396 3433 3431 :
3462 3378 3620 3432 Sedes

2042 3486 2155 3539 tua,
2184 3476 2346 3541 Deus,
2377 3477 2435 3529 in
2458 3475 2707 3529 swculum
2731 3474 2933 3539 saeculi,
2965 3476 3113 3544 virga
3148 3474 3433 3543 mquitatis,
3468 3473 3619 3542 virga

2038 3572 2186 3641 regni
2234 3571 2328 3623 tui.
2372 3569 2617 3623 Dilexisti
2659 3570 2950 3639 justitiam,
2981 3576 3031 3621 et
3061 3569 3216 3621 odisti
3258 3567 3616 3635 iniquitatem,

2036 3671 2313 3734 propterea
2345 3664 2495 3715 unxit
2524 3669 2573 3714 te
2605 3660 2765 3723 Deus,
2795 3659 2935 3713 Deus
2977 3667 3097 3713 tuus
3133 3658 3246 3711 oleo
3283 3657 3480 3711 laetitia:
3507 3670 3619 3725 pra:

2035 3753 2357 3808 consortibus
2394 3753 2494 3805 tuis
2530 3753 2574 3804 ".
2620 3750 2909 3817 Quomodo
2941 3758 3125 3803 autem
3170 3750 3314 3803 Deus
3343 3749 3472 3818 ungi
3515 3764 3615 3817 po-

2035 3845 2143 3898 tuit
2189 3852 2285 3898 aut
2329 3843 2535 3897 habere
2579 3851 2888 3905 consortes,
2935 3841 3040 3893 nisi
3086 3839 3241 3893 ﬁeret
3283 3838 3493 3892 homo?
3547 3838 3617 3892 Et

2034 3940 2158 3994 ideo
2193 3945 2342 3992 recte
2371 3936 2536 3991 unius
2576 3934 2936 4005 ejusdemque
2982 3933 3077 3987 Dei
3113 3932 3279 3986 Verbi
3315 3932 3609 3995 incarnati,

2031 4040 2088 4084 et
2120 4028 2364 4085 hominis
2399 4027 2529 4081 facti
2575 4026 2880 4081 creduntur
2912 4039 3033 4079 esse
3070 4024 3345 4078 mirabilia
3385 4030 3441 4077 et
3483 4038 3611 4092 pas-

2030 4124 2236 4185 siones,
2279 4121 2410 4191 quia
2456 4134 2569 4173 non
2611 4127 2696 4173 est
2725 4118 2865 4173 alter
2903 4119 3070 4181 Deus,
3106 4118 3245 4172 alter
3296 4117 3482 4179 homo,
3514 4117 3611 4171 sed

2032 4216 2177 4269 idem
2223 4214 2389 4277 Deus,
2442 4212 2588 4267 idem
2637 4213 2825 4273 homo,
2893 4212 3197 4266 secundum
3253 4212 3400 4265 illam
3458 4225 3611 4278 papae

2028 4308 2229 4362 Leonis
2253 4306 2583 4360 sententiam
2608 4306 2845 4360 dicentis
2872 4324 2885 4359 :
2907 4304 3044 4371 Quia
3078 4304 3438 4375 impassibilis
3464 4303 3612 4356 Deus

2027 4417 2139 4455 non
2184 4410 2269 4453 est
2314 4398 2645 4469 dedignatus
2693 4399 2813 4452 ﬁeri
2862 4399 3028 4452 homo
3081 4398 3379 4467 passibilis,
3412 4404 3466 4449 et
3502 4396 3607 4449 im-

2026 4494 2275 4549 mortalis
2324 4493 2519 4547 mortis
2562 4493 2777 4563 legibus
2816 4492 3122 4561 subjacere.
3159 4491 3255 4544 His
3300 4502 3610 4558 congruens

2025 4586 2190 4640 etiam
2237 4586 2434 4640 beatus
2473 4584 2711 4655 Cyrillus
2762 4593 2953 4639 contra
2981 4582 3295 4637 Nestorium
3332 4599 3345 4633 :
3375 4580 3429 4635 Si
3458 4580 3605 4648 quis,

2027 4680 2227 4750 inquit,
2288 4695 2399 4734 non
2476 4678 2774 4734 conﬁtetur
2828 4677 3001 4731 Deum
3067 4676 3311 4729 Verbum
3382 4688 3607 4743 passum

2027 4786 2213 4836 earne,
2234 4771 2559 4826 cruciﬁxum
2602 4785 2767 4824 carne
2796 4777 2852 4823 et
2879 4778 3113 4823 mortem
3145 4783 3309 4820 carne
3339 4775 3605 4835 gustasse,

2025 4864 2340 4933 factumque
2386 4862 2813 4933 primogenitum
2870 4876 2938 4914 ex
2992 4860 3245 4920 mortuis,
3302 4856 3606 4910 secundum

2025 4955 2172 5025 quod
2209 4964 2294 5008 est
2335 4955 2448 5007 vita
2485 4962 2541 5007 et
2578 4953 2822 5007 viviﬁcat
2854 4967 2958 5006 nos
2994 4959 3250 5018 tanquam
3281 4950 3447 5012 Deus,
3479 4964 3610 5002 ana-

2026 5048 2209 5102 thema
2241 5047 2331 5101 sit.
2387 5046 2701 5101 Secundum
2740 5046 2937 5098 horum
2976 5043 3145 5113 igitur
3184 5043 3334 5096 hunc
3357 5043 3605 5096 omnium

2022 5146 2342 5194 sanctorum
2386 5140 2609 5193 Patrum
2639 5137 2972 5193 catholicum
3004 5151 3228 5189 sensum
3270 5134 3605 5204 suscipimus

2021 5238 2261 5299 quatuor
2319 5228 2580 5299 synodos,
2630 5227 2685 5283 id
2731 5236 2837 5289 est,
2892 5227 3169 5281 Nicrenam
3222 5235 3601 5281 trecentorum

2021 5322 2215 5377 decem
2285 5330 2341 5375 et
2381 5328 2530 5384 octo,
2581 5328 2638 5374 et
2681 5327 2902 5374 centum
2937 5318 3335 5389 quinquaginta
3371 5336 3384 5372 :
3423 5318 3515 5388 qui
3546 5318 3603 5371 in

2023 5412 2126 5465 hac
2149 5411 2288 5464 urbe
2310 5410 2458 5480 regia
2479 5420 2881 5467 convenerunt.
2911 5420 2962 5464 et
2999 5426 3118 5464 eam
3145 5426 3265 5480 quae
3297 5411 3351 5464 in
3384 5411 3604 5479 Epheso

2022 5509 2349 5572 congregata
2389 5508 2492 5563 est,
2530 5501 2620 5555 cui
2654 5500 2994 5570 praefuerunt
3041 5498 3375 5554 C(elestinus
3416 5505 3472 5551 et
3500 5496 3605 5567 Cy-

2022 5598 2180 5652 rillus
2214 5597 2517 5652 beatissimi
2549 5597 2895 5667 patriarchae,
2929 5612 3053 5651 cum
3079 5595 3336 5649 omnibus
3370 5607 3491 5662 qua:
3524 5590 3600 5645 ibi

2022 5699 2217 5745 contra
2258 5690 2574 5745 Nestorium
2617 5691 2732 5745 sive
2785 5698 2976 5745 contra
3011 5688 3318 5759 quamlibet
3348 5683 3598 5739 haeresim

2021 5791 2142 5837 acta
2190 5792 2342 5847 sunt,
2376 5798 2479 5837 nec
2516 5798 2627 5837 non
2658 5785 2846 5850 etiam,
2879 5799 3043 5854 quam
3082 5781 3370 5851 sequimur
3399 5784 3456 5833 et
3482 5791 3600 5831 am-

1968 5966 1986 5997 "
2023 5965 2165 6023 Psal.
2207 5982 2350 6030 mv,
2397 5969 2448 6036 7,
2490 5967 2542 6023 8.
