4146 6486
509 439 585 503 85
1579 439 1877 500 CONTRA
1911 436 2436 500 NESTORIANOS
2470 416 2873 503 CAPITULA.‘
3717 438 3791 503 86

518 552 840 627 plectimur,
875 551 1257 607 venerandam
1281 550 1550 624 synodum
1577 551 2107 617 Chalcedonensem,
2139 553 2187 609 Α
2213 552 2444 606 homines
2465 570 2605 607 mors
2624 553 2979 625 pertransivit,
2997 553 3052 604 in
3075 568 3175 623 quo
3195 568 3371 606 omnes
3388 551 3787 622 peccaverunt'.

522 647 819 716 omniaque
856 644 1070 715 scripta
1106 646 1332 700 Patrum
1359 656 1696 710 sanctorum,
1729 647 1825 716 qui
1862 662 2031 700 unum
2060 654 2116 700 et

517 741 666 796 idem
712 738 1032 794 secundum
1090 740 1292 794 horum
1338 739 1702 794 conciliorum
1765 739 2115 794 definitiones

517 840 819 887 senserunt
855 831 1433 897 ;anatbematizamus
1453 840 1639 886 autem
1668 847 1882 895 omnes,
1918 831 1961 884 si
1990 830 2115 899 quis

516 926 761 988 dubitat,
798 934 900 979 aut
943 932 1231 988 retractat,
1282 934 1376 978 aut
1412 925 1729 994 imperfecta
1757 923 1990 994 judicat,
2020 931 2114 977 aut

517 1017 617 1083 qui
662 1033 726 1070 ea
763 1032 794 1070 a
835 1016 946 1071 fide
987 1025 1310 1071 sanctorum
1358 1016 1586 1069 Patrum
1632 1016 1867 1070 aestimat
1911 1015 2110 1069 aliena.

518 1106 795 1161 Similiter
850 1108 1025 1177 igitur
1081 1106 1611 1161 anathematizamus
1674 1105 1861 1160 omnia
1908 1106 2112 1175 scripta

518 1198 804 1254 Theodori
850 1200 1175 1269 Mopsuesti,
1222 1207 1278 1254 et
1306 1199 1548 1254 Nestorii
1589 1199 1850 1269 discipuli
1880 1201 2020 1270 ejus,
2057 1209 2112 1254 et

514 1308 719 1348 omnes
763 1294 859 1362 qui
897 1292 1158 1347 similiter
1205 1292 1312 1347 illis
1355 1292 1598 1362 sapiunt.
1652 1292 1750 1346 His
1785 1292 2111 1363 adjicientes

513 1385 853 1457 Eutychem,
899 1385 1244 1446 Dioscorum,
1275 1384 1652 1449 Timotheum,
1700 1384 1972 1446 Elusium,
2010 1385 2111 1439 Pe-

514 1487 672 1530 trum
720 1477 1176 1540 Alexandrinum,
1208 1484 1264 1530 et
1296 1477 1521 1530 Petrum
1556 1474 1968 1531 Antiochenum
1990 1516 2003 1539 ,
2053 1485 2109 1532 et

510 1566 784 1621 Acacium
809 1566 1513 1636 Constantinopolitanum,
1556 1582 1683 1619 cum
1726 1560 1986 1621 omnibus
2018 1583 2107 1621 se-

508 1659 833 1712 ctatoribus
868 1674 1084 1721 eorum,
1138 1668 1197 1713 et
1240 1659 1679 1724 successoribus,
1727 1664 2108 1716 communica-

510 1764 671 1806 tores
694 1760 752 1805 et
792 1753 1113 1821 complices,
1139 1759 1234 1806 aut
1253 1752 1347 1821 qui
1372 1766 1705 1820 quacunque
1729 1761 1879 1807 sorle
1911 1769 2105 1808 eorum

509 1844 873 1898 maculantur
918 1844 1269 1914 contagione,
1314 1853 1410 1898 aut
1453 1844 1748 1897 memorias
1789 1860 1983 1899 eorum
2016 1862 2107 1899 ce-

508 1934 736 1988 lebrant
766 1934 860 2004 qui
920 1934 974 1988 in
1022 1935 1140 2002 ipsa
1171 1935 1525 1989 damnatione
1554 1933 1801 1989 defuncti
1833 1944 1981 2000 sunt,
2010 1948 2105 1992 aut

506 2025 845 2079 innocentes
893 2025 1221 2079 defendunt.

583 2115 686 2170 His
719 2117 796 2170 ita
833 2133 891 2171 se
920 2118 1279 2181 habentibus,
1310 2118 1618 2173 beatissimi
1647 2135 1799 2174 nunc
1828 2120 1961 2189 quid
1989 2122 2103 2190 jam

503 2209 577 2263 de
622 2210 802 2280 gratia
833 2210 951 2271 Dei.
1002 2226 1115 2265 non
1161 2226 1269 2280 qua
1313 2227 1587 2277 creamur,
1634 2213 1729 2267 sed
1776 2213 1845 2267 de
1885 2228 1949 2267 ea
1996 2230 2104 2282 qua

504 2318 839 2357 recreamur
890 2311 947 2357 et
981 2320 1337 2369 renovamur,
1365 2306 1691 2372 sentiamus,
1733 2307 1979 2361 breviter
2006 2322 2102 2360 ex-

504 2404 807 2463 ponentes,
837 2398 1084 2451 santitati
1114 2406 1312 2452 vestra:
1358 2400 1674 2454 necessario
1703 2400 1983 2455 credimus
2024 2400 2105 2453 fa-

500 2500 639 2539 cere
691 2484 896 2540 debere
942 2486 1320 2541 manifestum.
1368 2488 1449 2541 Eo
1484 2489 1629 2558 quod
1677 2489 1842 2543 etiam
1892 2490 1944 2543 in
2000 2490 2103 2544 hac

448 2578 449 2581 “
503 2586 670 2646 parte
714 2578 927 2633 inimici
970 2581 1160 2650 gratia:
1207 2582 1324 2646 Dei,
1373 2581 1427 2635 id
1475 2592 1579 2645 est,
1619 2584 1825 2653 Pelagii
1866 2591 1922 2638 et
1973 2583 2101 2639 Co:-

503 2669 660 2723 lestii
683 2678 991 2727 sectatores
1017 2674 1250 2726 nimium
1279 2674 1441 2729 nobis
1466 2674 1647 2729 infesti
1672 2691 1793 2733 esse
1815 2676 2096 2730 videntur.

502 2761 686 2830 Igitur
723 2762 1059 2817 confitemur
1099 2773 1311 2819 rectum
1342 2767 1396 2820 in
1449 2767 1711 2821 omnibus
1743 2783 1770 2820 a
1808 2768 1921 2821 Deo
1947 2784 2101 2822 crea-

502 2863 627 2906 tum
676 2853 873 2918 Adam,
924 2870 1035 2908 non
1071 2856 1360 2910 mortalem
1410 2872 1512 2911 nec
1560 2858 1949 2924 immortalem,
2001 2860 2098 2915 sed

502 2945 807 3013 utriusque
844 2961 1103 3016 capacem
1148 2946 1447 3003 habentem
1492 2949 1547 3003 in
1601 2951 1806 3020 proprii
1841 2952 2099 3008 facultate

499 3037 752 3100 arbitrii,
791 3046 848 3092 et
900 3038 1042 3093 velle
1080 3050 1137 3094 et
1175 3056 1337 3109 posse
1378 3041 1444 3094 ad
1497 3045 1702 3106 omnia,
1759 3044 1864 3099 hoc
1910 3053 1996 3098 est
2043 3054 2099 3099 et

497 3128 573 3182 ad
626 3129 835 3184 bonum
879 3138 936 3183 et
983 3131 1051 3185 ad
1101 3132 1306 3186 malum
1342 3133 1533 3197 ;hunc
1594 3134 1777 3188 callidi
1826 3139 2099 3205 serpentis

2216 644 2537 714 Propterea,
2576 654 2834 701 recentes
2868 645 2937 699 ab
2985 655 3145 699 utero
3186 644 3469 714 parvulos,
3520 659 3632 698 non
3670 653 3789 699 tan-

2218 747 2332 792 tum
2415 746 2477 791 ut
2557 738 2911 809 adoptionem
2972 747 3289 792 mereantur
3357 737 3630 801 filiorum,
3690 743 3785 790 aut

2214 839 2439 900 propter
2470 845 2698 901 regnum
2719 833 2981 886 caelorum
3020 831 3184 904 (sicut
3206 830 3408 900 Pelagii
3432 838 3489 883 et
3519 829 3779 895 leestii,

2214 924 2331 977 sive
2361 923 2643 977 Theodori
2677 924 2973 993 Mopsuest.
3031 924 3309 993 discipuli,
3369 923 3464 992 qui
3516 937 3689 976 unum
3726 930 3785 976 et

2214 1015 2359 1068 idem
2390 1016 2643 1070 naturale
2667 1026 2726 1071 et
2754 1016 3023 1087 originale
3048 1024 3336 1083 peccatum
3357 1032 3477 1069 esse
3514 1014 3784 1068 afﬁrmare

2212 1108 2537 1178 conantur),
2599 1108 2695 1162 sed
2738 1108 2795 1162 in
2849 1108 3235 1162 remissionem
3289 1116 3642 1177 peccatorum
3688 1121 3784 1160 eos

2212 1197 2493 1252 credimus
2527 1197 2817 1268 baptizari,
2867 1214 2935 1255 ne
2968 1208 3198 1268 pereant
3230 1198 3284 1251 in
3311 1207 3599 1251 aeternum.
3630 1197 3783 1250 Inar~

2212 1299 2393 1345 matus
2436 1292 2602 1362 igitur
2626 1298 2840 1345 natura:
2884 1291 3040 1360 vigor
3080 1306 3179 1360 per
3206 1290 3410 1343 malum
3457 1287 3785 1358 praevarica-

2211 1384 2398 1447 tionis,
2445 1385 2762 1439 nullatenus
2795 1383 2969 1437 valuit
3003 1398 3101 1453 per
3143 1381 3501 1451 semetipsum
3537 1379 3665 1433 inde
3694 1393 3784 1431 re-

2209 1485 2457 1541 surgere,
2486 1487 2596 1540 quo
2626 1487 2724 1552 per
2743 1472 3026 1541 prepriam
3053 1472 3393 1524 voluntatem
3416 1477 3547 1528 erat
3578 1470 3782 1538 lapsus.

2208 1562 2553 1635 QuaprOpter
2596 1564 2809 1619 nullum
2840 1563 2908 1619 ab
2955 1562 3128 1617 Adam
3162 1578 3310 1617 nunc
3336 1577 3512 1632 usque
3554 1577 3654 1631 per
3683 1576 3783 1614 na—

2211 1667 2349 1711 turae
2386 1656 2630 1727 vigorem
2676 1655 2952 1713 credimus
2992 1672 3116 1711 esse
3158 1656 3450 1719 salvatum,
3489 1654 3597 1709 nisi
3637 1654 3785 1709 dono

2208 1751 2397 1821 gratiae
2450 1749 2691 1819 Spiritus
2732 1750 2906 1805 sancti
2938 1749 2993 1802 in
3037 1749 3145 1804 ﬁde
3172 1748 3421 1803 nominis
3465 1748 3615 1803 Jesu.
3644 1746 3783 1813 Quia

2210 1857 2317 1894 non
2360 1851 2443 1894 est
2473 1840 2622 1893 aliud
2672 1854 2873 1893 nomen
2905 1839 3093 1893 datum
3128 1838 3448 1892 hominibus
3483 1837 3585 1892 sub
3622 1837 3781 1900 cmlo,

2208 1935 2261 1987 in
2310 1948 2421 2003 quo
2483 1940 2738 2002 Oporteat
2779 1932 2936 2001 537
2973 1946 3069 1986 eos
3108 1932 3287 1985 salvos
3330 1929 3444 1983 fieri
3493 1929 3537 1994 ’,
3572 1928 3679 1983 nisi
3727 1928 3782 1981 in

2206 2028 2431 2083 nomine
2480 2027 2607 2082 Jesu
2641 2026 2872 2080 Christi.
2910 2024 3173 2079 Liberum
3199 2030 3382 2077 autem
3413 2022 3665 2076 naturale
3693 2036 3783 2074 ar-

2205 2121 2432 2176 bitrium
2464 2119 2531 2173 ad
2579 2118 2719 2172 nihil
2773 2117 2921 2170 aliud
2975 2117 3159 2170 valere
3214 2115 3512 2178 credimus,
3561 2112 3668 2167 nisi
3712 2112 3779 2166 ad

2204 2211 2569 2267 discernenda
2622 2217 2833 2264 tantum
2884 2216 2939 2263 et
2966 2208 3331 2262 desideranda
3368 2205 3631 2264 carnalia.
3666 2206 3780 2258 sive

2205 2304 2511 2369 saecularia,
2541 2319 2661 2372 quae
2687 2318 2797 2355 non
2829 2300 2972 2370 apud
3003 2301 3199 2363 Deum,
3230 2298 3326 2353 sed
3358 2297 3503 2366 apud
3531 2296 3781 2351 homines

2204 2404 2435 2467 possunt
2468 2394 2720 2450 fortassis
2744 2394 2925 2447 videri
2979 2393 3237 2464 gloriosa.
3281 2392 3362 2445 Ad
3403 2406 3468 2444 ea
3494 2405 3628 2444 vero
3660 2406 3783 2459 qua:

2202 2490 2271 2544 ad
2294 2489 2481 2558 [vitam
2530 2496 2795 2541 retentam
2849 2486 3150 2555 pertinent,
3209 2499 3313 2537 nec
3364 2482 3628 2552 cogitare,
3679 2497 3781 2536 nec

2202 2583 2367 2644 velle,
2423 2596 2527 2635 nec
2577 2580 2923 2643 desiderare,
2968 2594 3071 2633 nec
3132 2575 3401 2646 perficere
3440 2591 3625 2644 posse,
3674 2573 3780 2627 nisi

2203 2684 2302 2747 per
2337 2675 2670 2729 inlusionem
2728 2681 2783 2727 et
2838 2671 3218 2742 operationem
3271 2668 3608 2723 intrinsecus
3653 2666 3780 2735 Spi-

2203 2770 2346 2823 ritus
2372 2766 2567 2829 sancti,
2615 2764 2708 2834 qui
2751 2773 2835 2818 est
2877 2765 3045 2821 etiam
3076 2763 3316 2832 Spiritus
3348 2761 3577 2815 Christi.
3606 2760 3781 2831 Spiri-

2203 2870 2316 2915 tum
2370 2859 2517 2913 enim
2546 2858 2752 2912 Christi
2796 2857 2887 2925 qui
2918 2872 3025 2909 non
3050 2855 3238 2916 habet,
3271 2854 3362 2907 hic
3389 2870 3501 2907 non
3527 2862 3609 2908 est
3638 2854 3777 2921 ejus.

2199 2952 2355 3019 Quod
2392 2952 2436 3007 si
2462 2950 2587 3021 quis
2617 2949 2795 3005 credit
2816 2952 2868 3004 in
2897 2948 3138 3013 Christo,
3163 2949 3274 3017 jam
3304 2946 3510 3002 Christi
3538 2955 3641 3001 est.
3661 2946 3779 3001 Sic--

2204 3056 2265 3100 ut
2324 3055 2379 3100 et
2426 3061 2620 3099 verum
2661 3055 2764 3105 est,
2797 3059 2907 3097 non
2949 3042 3139 3110 utique
3169 3058 3268 3111 per
3296 3039 3501 3093 donum
3542 3048 3776 3101 naturas,

2200 3138 2293 3194 sed
2319 3155 2417 3208 per
2447 3137 2710 3206 Spiritum
2753 3144 3004 3189 sanctum
3032 3139 3137 3195 est,
3167 3133 3261 3201 qui
3294 3130 3500 3186 Christi
3533 3140 3637 3185 est.
3675 3128 3779 3195 Qui

497 3220 802 3291 deceptum
855 3223 1057 3277 astutia
1108 3225 1329 3293 prepria
1378 3233 1573 3294 sponte
1615 3226 2092 3296 praevaricatorem
2125 3248 2167 3307 ο
2196 3232 2306 3301 jam
2345 3229 2526 3284 credit
2561 3228 2617 3282 in
2653 3243 2780 3281 cum
2837 3224 2929 3295 qui
2964 3222 3233 3295 justificat
3254 3222 3509 3291 impium,
3548 3231 3609 3275 ut
3647 3236 3781 3276 con-

496 3316 788 3369 exstitisse
832 3315 1008 3369 divini
1039 3317 1321 3387 praecepti,
1354 3326 1517 3387 atque
1560 3318 1631 3372 ob
1677 3319 1782 3372 hoc
1820 3320 1970 3389 justo
1999 3321 2093 3391 ju-

497 3405 657 3460 dicio
689 3406 809 3467 Dei,
842 3422 951 3460 non
985 3407 1163 3460 solum
1191 3417 1367 3462 morte
1402 3409 1673 3479 corporis,
1708 3426 1901 3464 verum
1926 3412 2094 3466 etiam

497 3498 707 3552 anima:
755 3498 1018 3553 effectum
1103 3499 1426 3565 obnoxium,
1477 3506 1552 3555 et’
1587 3502 1825 3571 pristino
1883 3503 2095 3559 honore

496 3590 801 3653 nudatum,
840 3592 1110 3661 iumentis
1156 3592 1389 3647 similem
1419 3593 1646 3657 factum,
1673 3610 1786 3649 non
1836 3596 1985 3665 quod
2016 3597 2094 3650 ir-

497 3682 859 3736 rationabilis
894 3683 967 3736 sit
1021 3682 1274 3745 eﬁectus,
1305 3682 1401 3737 sed
1434 3683 1565 3752 quia
1614 3685 1905 3740 rationalis
1938 3686 2095 3756 vigor

495 3776 625 3844 ejus
665 3775 876 3829 carnali
925 3775 1293 3829 delectatione
1337 3783 1423 3830 est
1451 3776 1746 3847 obligatus,
1792 3780 1968 3832 sensit
1994 3779 2093 3833 de-

494 3864 676 3933 nique
708 3880 837 3917 mox
885 3864 1278 3919 inohcdientiaa
1309 3866 1508 3920 merito
1549 3867 1725 3936 legem
1755 3870 2091 3923 contrariam

496 3956 557 4009 in
593 3955 837 4025 propriis
862 3955 1151 4018 membris,
1176 3964 1573 4025 repugnantem
1592 3956 1696 4026 legi
1724 3957 1927 4011 mentis
1957 3975 2091 4020 suae,

492 4048 878 4117 captivantem
922 4062 981 4100 se
1016 4047 1073 4100 in
1129 4046 1247 4117 lege
1294 4047 1529 4117 peccati.
1576 4047 1736 4114 Quod
1788 4051 1994 4104 malum
2037 4062 2093 4108 et

492 4154 725 4208 poenam
792 4139 921 4193 mali
978 4139 1035 4193 in
1086 4139 1405 4193 universum
1457 4139 1737 4195 credimus
1820 4142 2089 4198 transisse

490 4249 678 4303 genus
709 4233 1039 4287 humanum.
1076 4233 1189 4289 Nec
1229 4234 1379 4287 enim
1411 4241 1648 4290 mortem
1694 4237 1944 4306 corporis
1968 4246 2087 4292 tan-

492 4338 643 4390 tum,
699 4343 823 4397 qure
867 4344 1031 4397 paena
1078 4327 1293 4397 peccati
1334 4335 1440 4394 est,
1473 4329 1621 4384 sicut
1648 4329 1874 4398 quidam
1903 4330 2091 4386 dicere

485 4418 719 4482 volunt,
760 4419 858 4473 scd
884 4430 941 4474 et
978 4418 1232 4473 aculeum
1260 4417 1475 4485 mortis,
1504 4419 1611 4473 hoc
1641 4426 1746 4484 est,
1777 4428 2087 4489 peccatum,

486 4512 814 4578 ingressum
856 4511 913 4565 in
946 4511 1236 4565 mundum.
1286 4509 1427 4577 Quia
1471 4527 1581 4565 non
1618 4510 1761 4575 istis,
1811 4510 1908 4565 sed
1939 4510 2089 4579 Apo-

2200 3322 2422 3376 ﬁteatur
2468 3319 2599 3388 quia
2655 3319 2922 3375 Dominus
2963 3323 3049 3369 est
3082 3313 3264 3377 Jesus,
3299 3312 3447 3382 quod
3482 3327 3647 3367 nemo
3674 3327 3776 3381 po-

2200 3423 2307 3469 test
2349 3413 2559 3476 dicere,
2608 3411 2714 3465 nisi
2746 3410 2801 3462 in
2836 3408 3043 3477 Spiritu
3080 3414 3270 3459 sancto
3321 3406 3385 3458 ¹¹.
3432 3404 3783 3473 Quapropter

2196 3504 2726 3561 anathematizamus
2767 3518 2864 3555 eos
2927 3500 3021 3569 qui
3068 3497 3321 3552 naturale
3375 3506 3472 3551 aut
3515 3497 3783 3551 substan—

2199 3599 2330 3653 tiam
2365 3598 2602 3667 aliquam
2649 3595 2845 3648 dicunt
2880 3608 3000 3647 esse
3035 3600 3346 3661 peccatum.
3377 3590 3777 3644 Abominantes

2196 3692 2363 3747 etiam
2419 3706 2517 3745 eos
2556 3689 2648 3759 qui
2694 3696 2885 3741 contra
2938 3700 3127 3761 vocem
3156 3682 3407 3753 Apostoli
3454 3681 3660 3737 audent
3693 3681 3777 3735 di-

2197 3802 2320 3841 cere
2354 3805 2366 3839 :
2396 3785 2658 3839 Nostrum
2696 3791 2780 3837 cst
2812 3780 2999 3853 velle,‘
3022 3777 3118 3833 Dei
3148 3792 3281 3831 vero
3319 3775 3609 3846 perficere,
3647 3790 3776 3833 cum

2196 3879 2340 3932 idem
2395 3877 2586 3929 doctor
2614 3883 2672 3929 et
2718 3872 2857 3927 velle
2900 3878 2957 3926 et
3007 3868 3276 3939 perﬁcere
3308 3867 3514 3921 donum
3542 3873 3777 3921 testetur

2194 3987 2316 4026 esse
2340 3969 2610 4031 divinum,
2637 3967 2757 4037 ipso
2782 3964 3001 4019 dicente
3039 3979 3052 4015 :
3086 3961 3227 4014 Deus
3249 3959 3391 4013 enim
3422 3965 3499 4011 est
3530 3958 3620 4028 qui
3646 3973 3771 4027 ope—

2194 4073 2349 4117 ratur
2382 4064 2435 4116 in
2468 4062 2608 4115 vobis
2651 4068 2700 4113 et
2733 4057 2866 4113 velle
2894 4064 2944 4109 et
2979 4054 3247 4126 per/icere,
3282 4070 3377 4123 pro
3411 4051 3545 4105 bona
3586 4050 3774 4103 volun-

2195 4165 2302 4209 tate
2350 4156 2414 4208 “.
2445 4152 2751 4208 Credentes
2786 4150 2952 4205 etiam
2985 4163 3179 4202 omnes
3212 4146 3281 4200 ab
3307 4144 3444 4202 Abel
3488 4158 3663 4211 usque
3702 4140 3771 4194 ad

2192 4248 2497 4310 Christum,
2542 4245 2587 4299 si
2636 4242 2731 4313 qui
2773 4241 2967 4297 salvati
3014 4247 3164 4303 sunt,
3208 4253 3273 4292 ea
3329 4235 3502 4307 gratia
3552 4249 3658 4303 qua
3716 4241 3773 4286 et

2194 4356 2296 4394 nos
2330 4354 2451 4393 esse
2487 4337 2747 4398 salvatos,
2784 4332 3091 4387 secundum
3117 4342 3309 4381 vocem
3342 4325 3488 4380 beati
3519 4321 3769 4393 Apostoli

2193 4432 2341 4487 Petri
2392 4427 2629 4483 dicentis
2663 4442 2676 4478 :
2709 4423 2847 4488 Quid
2897 4421 3110 4477 tentatis
3151 4418 3338 4482 Deum,
3387 4417 3656 4484 imponere
3680 4414 3769 4481 iu-

2193 4535 2319 4590 gum
2353 4532 2512 4586 super
2540 4515 2760 4567 cervices
2800 4509 3203 4580 discipulorum,
3235 4506 3374 4577 quod
3396 4520 3560 4574 neque
3594 4511 3768 4573 patres

480 4602 641 4656 stole
666 4602 856 4671 potius
883 4603 1309 4671 acquiescimus,
1330 4602 1425 4671 qui
1454 4610 1511 4656 et
1535 4611 1821 4672 peccatum
1853 4611 2087 4657 et-inor-
2120 4593 2164 4648 Ι)
2192 4611 2371 4675 vestri,
2415 4624 2579 4679 neque
2617 4624 2710 4660 nos
2751 4613 2965 4676 portare
3015 4602 3277 4673 potuimus
3309 4600 3333 4652 ?
3362 4598 3453 4652 sed
3508 4613 3601 4667 per
3639 4612 3767 4666 gra-

481 4704 604 4748 tem
659 4693 717 4748 in
759 4709 955 4748 omnes
1006 4694 1259 4749 homines
1286 4695 1653 4765 pertransisse
1702 4702 1956 4759 testatur,
2008 4694 2087 4748 di-

478 4801 682 4841 cens:
736 4786 843 4839 Per
892 4803 1057 4840 unum
1112 4788 1376 4841 hominem
1421 4794 1693 4856 peccatum
1750 4786 1971 4840 intravit
2028 4788 2084 4840 in

478 4880 780 4944 mundum,
822 4889 871 4932 et
911 4896 1003 4948 per
1046 4887 1317 4949 peccatum
1370 4896 1530 4944 mors,
1572 4888 1621 4931 et
1675 4880 1752 4932 ita
1807 4879 1861 4933 in
1907 4896 2084 4933 omnes

2193 4704 2324 4757 tiam
2373 4699 2583 4755 Domini
2609 4697 2733 4751 Jesu
2763 4696 3023 4750 credimus
3064 4691 3288 4755 salvari,
3328 4687 3767 4760 quemadmodum

2190 4795 2273 4849 illi
2320 4794 2383 4848 ¹³.

500 5016 3723 5044 —_——————-——_——————_———————————-——-—-_—"

1870 5148 2404 5237 EJUSDEM

764 5347 1401 5478 CONTRA
1464 5347 2564 5478 NESTORIANOS
2645 5333 3490 5475 CAPITULA.

553 5636 852 5691 Duodecim
890 5638 1014 5689 istos
1051 5638 1518 5690 anathematismos
1555 5652 1665 5689 esse
1698 5636 1820 5689 illas
1855 5638 2255 5691 contestationes
2321 5652 2450 5706 quas
2490 5634 2731 5687 monachi
2764 5632 2969 5701 Scytha:
3003 5627 3205 5698 publice
3239 5624 3419 5678 Roma:
3453 5624 3764 5694 afﬁxeranh

466 5748 599 5782 rum
631 5746 699 5782 ex
734 5730 890 5795 urbe,
923 5732 975 5782 in
1010 5747 1113 5798 qua
1153 5739 1338 5783 sancto
1373 5729 1657 5783 Ilormisda
1691 5730 1935 5799 ponti/ire
1968 5733 2210 5784 custoditi
2242 5730 2609 5793 servabantur,
2641 5725 2779 5779 clam
2816 5725 3166 5793 aufugerunt,
3202 5737 3305 5773 non
3342 5736 3559 5791 prorsus
3596 5716 3767 5771 aliene

565 5846 587 5873 '
633 5844 796 5895 Rom.
854 5859 905 5903 γ,
952 5843 1036 5895 12.
1114 5842 1135 5872 ⁹
1174 5842 1292 5895 Act.
1340 5857 1409 5905 tv,
1458 5842 1538 5896 12.

480 5918 579 5975 10.
630 5914 716 5967 ll.

1622 5844 1661 5873 ¹⁰
1704 5843 1860 5897 lieni.
1907 5860 2015 5907 vm,
2060 5845 2111 5897 9.

2193 5845 2230 5874 ¹¹
2276 5842 2294 5897 ι
2346 5840 2469 5896 Cor.
2511 5855 2601 5903 xu,
2644 5837 2696 5890 5.
2780 5836 2818 5865 ¹²
2858 5833 3097 5903 Philipp.
3138 5848 3196 5899 n,
3255 5829 3339 5884 15.
3418 5830 3464 5863 ⁸³
3498 5828 3621 5885 Act.
3673 5843 3763 5891 xv,
