4146 6492
390 457 459 523 87
1665 458 1985 520 JUANNIS
2022 458 2404 519 MAXENTII

3558 426 3663 519 83'

391 569 719 641 conjectatur
737 566 999 625 Baronius
1030 576 1170 623 tomo
1204 567 1320 634 VII,
1352 585 1493 622 anno
1528 567 1652 633 520,
1683 585 1800 638 cap.
1820 567 1908 621 25.
1940 567 2003 621 In
2035 572 2205 639 primo
2241 569 2686 622 anathematismo
2722 582 2839 619 cum
2873 566 3019 620 ait:¢
3047 564 3217 621 Unam
3250 572 3501 619 naturam
3541 563 3635 617 Dei

390 665 539 719 Verbi
555 667 947 719 incarnatam.)
974 664 1110 718 Nota
1141 664 1381 733 fraudem
1414 661 1906 725 IuereticamJector
1920 679 1938 725 ;
1957 669 2031 714 est
2061 662 2270 732 quidem
2299 663 2407 715 haec
2441 660 2662 714 assertio
2679 660 2740 713 de
2767 675 2820 712 se
2850 674 2973 712 vera
2998 665 3047 710 et
3076 657 3365 711 orthodoxa
3386 674 3403 711 :
3422 656 3634 711 Natura

393 757 562 825 Verbi,
591 759 670 814 vel
710 760 957 814 divinitas
1002 767 1076 813 est
1119 760 1424 813 incuruata.
1457 756 1543 811 Sic
1584 759 1722 810 enim
1766 757 1964 809 locutos
2004 764 2209 809 constat
2234 764 2479 809 sanctum
2515 755 2888 819 Athanasium,
2919 763 3163 807 sanctum
3202 752 3481 825 Cyrillum,
3507 769 3637 824 quos

387 855 515 908 citat
537 868 749 909 sanctus
772 853 1003 909 Joannes
1026 853 1386 908 Damascenus
1419 852 1506 905 lib.
1536 869 1591 907 ιιι
1615 852 1691 905 De
1714 851 1839 919 ﬁde,
1864 868 1983 921 cap.
2009 851 2075 917 6;
2102 859 2346 905 sanctum
2362 849 2696 921 Fulgentium
2720 847 2946 919 quaesti
2974 850 3043 900 ad
3059 846 3389 900 Ferrandum
3416 865 3432 908 ;
3466 848 3637 900 conci-

391 946 518 999 lium
534 946 885 1000 Lateranense
909 947 1003 1000 sub
1017 945 1249 1000 Μαι·ιὶηο
1278 945 1327 1011 Ι,
1350 961 1551 1000 canone
1569 944 1620 1010 i;
1642 952 1885 997 sanctum
1906 943 2123 997 Petrum
2156 944 2459 1009 diaconum,
2490 942 2621 995 libro
2651 942 2727 995 De
2748 942 3136 1006 incarnatione,
3166 956 3285 1009 cap.
3315 939 3369 993 2.
3392 947 3440 991 et
3479 938 3635 991 alios.

390 1035 655 1107 Siquidem
680 1041 814 1093 hunc
841 1055 1052 1093 sensum
1080 1040 1395 1094 catholicum
1425 1038 1636 1109 accipit.
1662 1037 1875 1093 Natura
1905 1038 2083 1091 divina
2113 1046 2189 1091 est
2216 1039 2520 1103 incarnata,
2550 1036 2606 1090 id
2637 1045 2711 1089 est
2740 1024 2890 1090 unita
2919 1036 3089 1101 carni,
3116 1034 3197 1088 vel
3226 1035 3351 1105 quia
3385 1041 3633 1087 naturam

391 1133 564 1185 carnis
595 1132 895 1201 assumpsit.
923 1130 1183 1186 Cteterum
1215 1132 1341 1201 quia
1374 1128 1694 1201 Eutychiani
1726 1146 1846 1183 eam
1875 1130 2303 1200 propositionem,
2326 1146 2491 1183 unam
2522 1136 2774 1182 naturam
2800 1127 2897 1181 Dei
2927 1126 3074 1181 Verbi
3102 1129 3441 1181 incarnatam
3476 1141 3633 1196 pravc

393 1231 444 1275 et
467 1222 704 1276 ha'retico
730 1237 886 1275 sensu
912 1222 1321 1293 detorquebant;
1347 1224 1500 1291 quasi
1526 1222 1581 1274 in
1612 1219 1817 1275 Christo
1849 1237 1955 1274 non
1984 1229 2115 1275 esset
2140 1221 2242 1275 nisi
2266 1228 2464 1275 natura
2489 1221 2689 1286 divina,
2711 1220 2769 1273 in
2795 1237 2957 1291 quam
2981 1236 3230 1275 conversa
3259 1221 3415 1290 fuerit
3440 1228 3639 1273 natura

392 1316 649 1381 humana,
678 1315 824 1369 nullo
858 1325 1011 1386 pacto
1047 1313 1263 1383 ferenda
1302 1321 1378 1367 est
1410 1314 1468 1365 in
1506 1313 1837 1382 Eutychiano
1872 1312 2102 1379 homine,
2135 1311 2309 1382 qualis
2348 1312 2447 1382 fuit
2485 1308 2803 1365 Maxentius.
2832 1310 2972 1365 Nam
3010 1313 3170 1365 etiam
3206 1310 3485 1365 Dioscorus
3522 1327 3641 1363 cun.

392 1408 693 1461 orthodoxis
720 1407 969 1478 episc0pis
995 1423 1051 1460 se
1075 1404 1361 1470 divelleret,
1388 1404 1519 1457 dixit
1545 1405 1601 1457 in
1632 1403 1850 1457 concilio
1880 1400 2291 1458 Chalcedonensi
2317 1404 2387 1457 ad
2409 1403 2571 1471 ﬁnem
2595 1404 2814 1458 actionis
2840 1404 2892 1470 l,
2923 1414 3047 1458 ante
3080 1405 3337 1457 actionem
3370 1402 3405 1457 2
3436 1402 3642 1455 concilii

391 1501 1001 1573 Constantinopolitani:
1034 1500 1148 1573 Ego
1190 1509 1370 1555 autem
1395 1500 1696 1554 testimonia
1737 1500 1900 1554 habeo
1943 1496 2041 1553 SS.
2076 1496 2301 1553 Patrum
2347 1498 2641 1568 Athanasii,
2674 1500 2936 1571 Gregorii,
2972 1500 3161 1573 Cyrilli
3191 1502 3247 1555 in
3277 1500 3455 1553 multis
3492 1499 3641 1563 locis,

392 1596 521 1667 quia
549 1613 655 1650 non
686 1604 890 1667 Oportet
916 1596 1086 1650 dicere
1110 1602 1224 1667 post
1253 1596 1632 1648 adunationem
1662 1594 1794 1648 duas
1821 1603 2068 1659 naturas,
2089 1594 2178 1649 sed
2202 1609 2368 1647 unam
2393 1602 2647 1648 naturam
2673 1594 2771 1649 Dei
2800 1594 2949 1649 Verbi
2976 1597 3338 1650 incarnatam.
3364 1594 3449 1648 En
3474 1603 3645 1663 poste-

394 1688 541 1743 riora
576 1690 731 1743 verba
766 1690 1030 1759 ipsissima
1066 1695 1190 1742 sunt
1216 1686 1471 1741 Maxentii
1502 1687 1725 1757 ;priora
1767 1685 1887 1741 dolo
1924 1685 2125 1758 perﬁdo
2162 1687 2355 1751 omisit,
2382 1686 2465 1740 vel
2509 1689 2681 1756 potius
2716 1688 3018 1753 occultavit,
3047 1704 3167 1759 qua:
3204 1698 3381 1742 tamen
3419 1685 3645 1755 intelligi

392 1782 578 1839 voluit.
605 1780 803 1835 Eodem
824 1792 978 1851 pacto
997 1779 1216 1835 Armeni
1236 1786 1473 1833 errantes
1496 1778 1865 1849 loquebantur,
1888 1780 1979 1848 qui
2006 1787 2185 1832 tamen
2204 1776 2450 1831 nolebant
2470 1778 2634 1834 videri
2654 1776 2994 1849 Eutychiani,
3013 1794 3140 1849 quos
3170 1786 3345 1832 tamen
3375 1777 3647 1847 redarguit

395 1874 716 1930 Theorianus
746 1875 912 1945 infra.

468 1964 725 2031 Quocirca
754 1964 1036 2036 prudenter
1056 1969 1271 2017 sanctus
1296 1960 1655 2015 Damascenus
1680 1960 2135 2031 Eutychianorum
2160 1962 2480 2033 imposturas
2508 1961 2749 2030 detegens
2778 1958 3021 2014 lib.Fidei
3051 1961 3257 2015 orthod.
3281 1979 3400 2032 cap.
3428 1962 3515 2022 Η,
3540 1964 3651 2015 hwc

397 2059 599 2112 monuit
628 2074 646 2111 :
670 2058 735 2111 At
759 2055 897 2127 quod
922 2054 1169 2109 divinitas
1202 2055 1355 2107 homo
1390 2052 1554 2122 facta,
1581 2053 1865 2104 incarnata
1892 2053 1981 2117 sit,
2009 2058 2103 2105 aut
2130 2052 2463 2107 humanitate
2496 2068 2551 2105 se
2581 2052 2832 2116 induerit,
2864 2068 3125 2121 nusquam
3160 2051 3476 2105 audivimus.
3507 2050 3651 2106 Illud

396 2160 535 2205 certe
560 2150 853 2215 didicimus,
882 2148 1213 2202 divinitatem
1243 2143 1565 2199 humanitati
1591 2143 1647 2196 in
1674 2159 1783 2195 una
1811 2159 2032 2196 suarum
2062 2159 2409 2214 personarum
2440 2143 2649 2196 unitam
2681 2158 2810 2196 esse.
2837 2142 2909 2197 Et
2938 2142 3148 2197 Nicetas
3183 2143 3273 2197 lib.
3296 2159 3353 2197 ιιι
3379 2142 3648 2210 Thesauri,

396 2259 517 2314 cap.
545 2242 605 2296 Η
626 2282 640 2306 ,
668 2240 838 2311 inquit
870 2255 888 2293 :
922 2238 1121 2292 Errare
1155 2252 1262 2289 non
1292 2240 1468 2298 caret,
1494 2234 1539 2286 si
1575 2240 1827 2286 naturam
1856 2232 2093 2287 divinam
2128 2235 2470 2287 incarnatam
2501 2248 2612 2287 esse
2646 2233 2913 2299 dicamus,
2940 2234 3022 2288 vel
3052 2236 3100 2289 si
3132 2251 3354 2290 carnem
3388 2253 3421 2288 a
3455 2243 3653 2289 natura

398 2338 577 2392 divina
608 2340 935 2404 assumptam
964 2331 1125 2400 fuisse
1150 2330 1459 2383 dixerimus.
1486 2324 1610 2381 Haec
1637 2326 1831 2379 idcirco
1860 2328 1962 2397 ipsi
1990 2344 2054 2381 ne
2081 2327 2357 2397 fraudibus
2382 2328 2837 2400 Eutychianorum
2864 2329 3166 2383 orthodoxis
3193 2331 3570 2400 imponeretur,
3595 2336 3654 2381 ut

401 2429 456 2483 in
488 2428 660 2498 primo
696 2440 792 2479 suo
827 2423 1270 2477 anathematismo
1300 2421 1382 2474 hic
1416 2419 1534 2488 fecit
1562 2416 1799 2471 Joannes
1823 2417 2144 2474 Maxentius.
2175 2418 2240 2473 In
2272 2420 2305 2473 5
2340 2422 2789 2475 anathematismo
2822 2420 2943 2474 dolo
2979 2437 3085 2473 non
3118 2430 3299 2474 carent
3331 2421 3486 2475 verba
3521 2418 3653 2487 illa,

398 2515 807 2574 substantialem
843 2514 950 2568 sive
992 2511 1299 2566 naturalem
1337 2510 1619 2574 unitatem,
1653 2515 1768 2577 post
1808 2510 2059 2563 unionem
2100 2508 2333 2563 duarum
2374 2518 2696 2563 naturarum
2736 2509 2794 2562 in
2837 2509 3044 2565 Christo
3084 2509 3365 2563 resultasse
3401 2512 3657 2564 unitatem

401 2610 691 2681 quamdam
716 2607 1027 2662 substantia:
1052 2602 1136 2658 vel
1162 2611 1391 2668 naturae,
1416 2602 1469 2656 id
1497 2613 1593 2664 est,
1617 2618 1722 2656 non
1750 2602 1851 2655 nisi
1880 2610 2154 2667 naturam,
2179 2616 2296 2672 qua:
2326 2606 2401 2655 est
2427 2600 2761 2672 Eutychiana
2790 2603 3024 2657 haresis.
3049 2602 3111 2657 In
3136 2604 3316 2656 eodem
3342 2604 3657 2656 anathema-

405 2708 556 2762 tismo
576 2704 733 2760 verba
759 2702 910 2768 illa,¢
945 2702 1037 2757 sed
1067 2698 1534 2763 subsistentialem,
1559 2699 1666 2752 sive
1700 2696 2032 2769 personalem
2061 2698 2187 2752 dicit
2220 2699 2531 2762 unitatem,»
2553 2699 2713 2751 sinon
2730 2696 2911 2768 palam
2932 2699 3339 2761 haretica,sunt
3372 2705 3548 2751 tamen
3565 2700 3659 2752 ab-

404 2798 590 2862 surda,
617 2804 668 2852 et
700 2798 1014 2869 impropria.
1056 2795 1215 2850 Docet
1251 2796 1391 2848 enim
1420 2793 1552 2862 ﬁdes
1585 2794 1844 2848 catholica
1879 2797 2127 2850 unionem
2164 2796 2395 2850 duarum
2433 2805 2757 2850 naturarum
2795 2795 2851 2847 in
2891 2793 3098 2849 Christo
3136 2794 3579 2848 subsistentialem
3613 2800 3662 2847 et

406 2889 740 2967 personalem
776 2907 906 2955 esse,
936 2890 1063 2960 quia
1099 2890 1360 2943 uniuntur
1401 2888 1520 2943 dua:
1558 2896 1768 2943 natura:
1804 2890 1860 2943 in
1903 2906 2015 2945 una
2050 2891 2388 2946 subsistentia
2424 2900 2474 2944 et
2512 2888 2895 2963 personalitate
2936 2888 3106 2943 Verbi.
3139 2888 3285 2957 (Vide
3324 2886 3382 2944 S.
3414 2889 3665 2945 Thomam

405 3004 464 3046 tu
493 2993 662 3059 part.,
693 2990 881 3057 quast.
908 2982 964 3050 2,
992 2990 1099 3037 art.
1128 2980 1209 3053 2.)

479 3176 537 3234 Si
567 3177 694 3248 quis
720 3175 1018 3231 conﬁtetur
1043 3174 1099 3230 in
1128 3174 1364 3229 Domino
1389 3181 1581 3229 nostro
1602 3175 1732 3231 Jesu
1765 3175 1988 3231 Christo
2019 3184 2063 3238 Α
2162 3179 2217 3234 Si
2247 3181 2373 3251 quis
2399 3180 2537 3237 dicit
2562 3180 2845 3237 Christum
2876 3195 3097 3251 passum
3126 3194 3313 3244 carne,
3337 3180 3510 3235 Deum
3536 3196 3669 3239 vero

410 3272 549 3328 duas
586 3280 811 3326 naturas
844 3268 1049 3335 unitas,
1082 3269 1191 3323 hoc
1223 3275 1328 3332 est,
1361 3267 1671 3322 divinitatis
1704 3276 1759 3322 et
1791 3269 1986 3322 huma-

410 3364 621 3427 nitatis,
647 3378 711 3418 ac
743 3361 788 3417 si
822 3377 985 3416 unam
1017 3368 1273 3417 naturam
1302 3360 1401 3414 Dei
1426 3360 1589 3415 Verbi
1622 3361 1987 3427 incarnatam,

410 3455 552 3512 sicut
581 3456 719 3510 duas
746 3454 931 3509 unitas
962 3453 1018 3507 in
1053 3468 1164 3506 una
1193 3451 1504 3507 substantia
1538 3460 1702 3522 atque
1732 3468 1988 3522 persona,

410 3547 717 3604 secundum
754 3544 902 3616 quod
938 3545 1103 3600 nobis
1137 3544 1366 3600 tradidit
1392 3544 1711 3600 veneranda
1749 3545 1994 3617 synodus

410 3638 909 3702 Chalcedonensis,
935 3637 1233 3693 anathema
1262 3638 1354 3693 sit.

483 3730 541 3788 Si
580 3733 705 3801 quis
744 3747 857 3787 non
898 3730 1193 3785 conﬁtetur
1224 3729 1449 3799 proprie
1486 3742 1544 3784 et
1575 3742 1705 3784 vere
1749 3736 1993 3784 sanctam

414 3823 641 3880 Mariam
672 3824 769 3879 Dei
798 3823 1162 3888 Genitricem,
1190 3821 1287 3876 sed
1320 3830 1547 3892 propter
1572 3822 1842 3877 honorem
1874 3833 1997 3876 tan-

418 3924 534 3970 tum
570 3915 675 3969 hoc
706 3915 757 3968 ei
794 3928 996 3967 nomen
1032 3912 1248 3973 tribuit,
1280 3913 1409 3982 quia
1442 3913 1660 3983 peperit
1715 3914 1997 3967 hominem

417 4004 513 4076 qui
558 4002 867 4059 secundum
914 4002 1145 4073 gratiam
1193 4002 1398 4057 dicitur
1440 4003 1615 4068 Deus,
1655 4018 1765 4057 non
1814 4010 1997 4057 autem

418 4097 551 4167 quia
573 4096 791 4167 peperit
814 4095 989 4151 Deum
1014 4094 1362 4150 incarnatum
1387 4103 1445 4149 et
1466 4095 1743 4150 hominem
1768 4094 1997 4159 factum,

417 4189 714 4245 anathema
740 4188 833 4243 sit.

491 4280 549 4337 Si
588 4281 716 4352 quis
751 4297 865 4335 non
904 4280 1200 4336 conﬁtetur
1233 4278 1654 4334 substantialem
1688 4278 1804 4333 sive
1836 4286 2001 4332 natu-

421 4375 595 4431 ralem
629 4374 919 4442 unitatem,
951 4374 1254 4429 secundum
1287 4372 1341 4427 id
1368 4372 1517 4443 quod
1545 4388 1775 4427 manens
1804 4380 2001 4426 natura

421 4467 597 4523 Deum
620 4467 863 4523 Verbum
888 4475 1102 4521 natura;
1126 4474 1211 4521 est
1235 4465 1425 4519 unitus
1452 4465 1727 4529 humanae,
1752 4463 1845 4519 sed
1873 4463 2002 4518 sub—

424 4560 790 4615 sistentialem
835 4560 952 4614 sive
997 4558 1346 4630 personalem
1390 4556 1527 4612 dicit
1569 4556 1870 4619 unitatem,
1907 4564 2005 4609 aut

425 4650 731 4707 secundum
768 4650 1223 4713 illustrationem,
1255 4650 1372 4705 sive
1403 4649 1711 4705 secundum
1749 4648 2004 4703 dilectio-

426 4759 577 4806 nem,
603 4753 700 4798 aut
727 4743 1031 4799 secundum
1059 4743 1431 4807 affectionem,
1457 4742 1750 4797 anathema
1781 4741 1869 4797 sit.

503 4834 562 4889 Si
621 4835 748 4906 quis
824 4851 937 4889 non
998 4834 1316 4904 acquiescat
1399 4832 1654 4888 conﬁteri
1724 4832 2005 4887 Christum

431 4945 603 4984 unum
638 4929 708 4983 de
737 4928 1043 4991 Trinitate,
1068 4927 1233 4983 etiam
1268 4942 1394 4981 cum
1429 4940 1594 4980 came
1626 4926 1881 4996 prOpria,
1913 4927 2007 4995 qui

431 5039 534 5095 pro
568 5022 729 5078 nobis
761 5038 957 5092 passus
988 5029 1074 5076 est
1108 5021 1163 5075 in
1199 5035 1386 5084 carne,
1417 5020 1669 5089 quamvis
1701 5019 2005 5073 secundum

430 5132 654 5172 carnem
703 5131 815 5170 non
864 5116 936 5170 sit
974 5113 1044 5168 de
1089 5114 1400 5168 substantia
1440 5112 1759 5178 Trinitatis,
1792 5111 1887 5166 sed
1937 5110 2012 5165 sit

431 5208 580 5264 idem
604 5224 673 5264 ex
698 5207 888 5271 nobis,
922 5205 1216 5260 anathema
1242 5204 1334 5259 sit.

503 5303 562 5360 Si
597 5303 723 5374 quis
757 5317 990 5373 puerum
1030 5299 1184 5354 illum
1230 5314 1397 5368 quem
1431 5306 1621 5353 sancta
1648 5296 1813 5367 Virgo
1841 5294 2009 5350 Maria

433 5397 654 5468 genuit,
690 5412 804 5451 non
850 5394 1149 5449 conﬁtetur
1188 5401 1398 5447 natura:
1439 5393 1644 5455 Deum,
1684 5406 1783 5460 per
1830 5389 2009 5460 ipsum

433 5492 579 5545 facta
613 5488 798 5543 omnia
826 5485 1067 5541 visibilia
1096 5493 1154 5539 et
1182 5482 1505 5546 invisibilia,
1536 5481 1804 5544 cmlestia,
1834 5489 2011 5535 terre-

435 5583 590 5646 stria,
611 5578 1096 5646 conditionemque
1124 5576 1393 5639 omnium,
1419 5575 1593 5630 Deum
1619 5573 1842 5638 fortem,
1866 5571 2017 5641 prin-

436 5672 615 5744 cipem
646 5672 819 5741 pacis,
846 5677 1061 5741 patrem
1088 5666 1256 5720 futuri
1291 5666 1500 5731 seculi,
1531 5665 1819 5719 anathema
1848 5662 1940 5718 sit.

514 5830 579 5863 “'
607 5827 767 5886 Rom.
798 5846 850 5893 v,
890 5828 971 5883 η.

2093 3289 2313 3342 passum
2351 3290 2517 3328 carne
2554 3273 2742 3329 dicere
2778 3288 2889 3328 non
2933 3272 3261 3342 acquiescit,
3295 3274 3445 3342 quod
3489 3274 3670 3343 ipsum

2092 3364 2441 3434 intelligitur,
2466 3363 2748 3419 Christum
2784 3378 3007 3433 passum
3040 3377 3227 3427 carne,
3254 3362 3545 3418 anathema
3576 3364 3670 3419 sit.

2164 3454 2219 3510 Si
2251 3456 2375 3525 quis
2401 3455 2562 3509 dicit:
2589 3456 2736 3510 Deus
2766 3470 2876 3509 non
2905 3463 2989 3510 est
3015 3454 3192 3509 factus
3217 3454 3493 3523 Christus,
3512 3456 3673 3513 Chri-

2093 3556 2212 3603 stus
2241 3556 2425 3602 autem
2452 3548 2599 3603 Deus
2625 3548 2804 3603 factus
2831 3554 2947 3611 est,
2974 3548 3263 3602 anathema
3294 3547 3389 3602 sit.

2166 3640 2222 3695 Si
2265 3642 2391 3711 quis
2438 3658 2548 3697 non
2589 3640 2886 3697 conﬁtetur
2927 3641 3066 3696 duas
3109 3642 3427 3696 nativitates
3468 3641 3525 3695 in
3566 3657 3676 3696 uno

2096 3734 2236 3789 Filio
2265 3734 2383 3801 Dei,
2415 3735 2527 3789 Deo
2560 3734 2768 3797 Verbo,
2796 3743 2922 3788 ante
2955 3733 3152 3787 saacula
3184 3732 3408 3803 quidem
3446 3742 3576 3787 nato
3608 3732 3676 3786 de

2094 3828 2280 3892 Patre,
2314 3829 2369 3882 in
2408 3827 2724 3881 novissimis
2766 3835 2952 3880 autem
2995 3826 3337 3895 temporibus
3374 3825 3569 3880 eodem
3609 3824 3677 3880 de

2096 3928 2272 3975 matre
2303 3920 2512 3990 genito,
2542 3919 2833 3973 anathema
2860 3919 2950 3973 sit.

2170 4010 2227 4067 Si
2254 4011 2380 4081 quis
2401 4026 2514 4067 non
2541 4012 2835 4066 conﬁtetur
2858 4012 3225 4082 compositum
3250 4012 3529 4068 Christum
3558 4016 3682 4081 post

2102 4103 2564 4168 incarnationem,
2594 4104 2884 4159 anathema
2915 4106 3006 4160 sit.

2172 4195 2227 4250 Si
2250 4196 2375 4266 quis
2400 4195 2518 4266 (ait)
2543 4197 2794 4251 naturale
2814 4213 2934 4252 esse
2958 4196 3264 4268 peccatum,
3287 4194 3496 4266 peccati
3548 4210 3681 4247 eam

2102 4306 2217 4345 sam
2274 4300 2600 4346 naturarum
2668 4292 2942 4347 conditori
3007 4291 3297 4346 dementer
3363 4288 3680 4351 ascribens,

2102 4384 2394 4440 anathema
2425 4386 2517 4441 sit.
2646 4387 2658 4427 ι

2177 4478 2233 4533 Si
2276 4478 2403 4549 quis
2442 4495 2553 4534 non
2601 4477 2899 4534 conﬁtetur
2942 4478 3207 4549 originale
3253 4482 3540 4546 peccatum
3583 4488 3686 4542 per

2104 4571 2619 4643 praavaricationem
2663 4571 2795 4627 Adm
2833 4571 3142 4642 ingressum
3188 4570 3243 4623 in
3285 4565 3553 4622 mundum
3595 4581 3686 4619 se-

2106 4663 2350 4720 cundum
2379 4663 2630 4733 Apostoli
2655 4679 2845 4718 vocem
2871 4662 3108 4718 dicentis
3140 4678 3154 4714 :
3195 4660 3295 4714 Per
3325 4676 3490 4712 unum
3515 4658 3687 4711 homi-

2109 4773 2231 4811 nem
2265 4766 2538 4828 peccatum
2579 4757 2802 4810 intravit
2848 4758 2901 4809 in
2950 4754 3227 4813 mundum,
3272 4760 3324 4805 et
3357 4767 3451 4821 per
3500 4766 3674 4819 pecca-

2109 4856 2224 4901 tum
2269 4864 2433 4908 mors,
2458 4855 2506 4900 et
2555 4847 2632 4900 ita
2662 4848 2717 4900 in
2765 4862 2943 4899 omnes
2990 4845 3222 4898 homines
3245 4840 3608 4913 pertransivit,
3629 4840 3688 4893 in

2109 4958 2212 5013 quo
2246 4956 2425 4994 omnes
2453 4946 2804 5007 peccaverunt
2834 4938 2923 5001 ¹³⁴,
2950 4936 3242 4991 anathema
3274 4935 3366 4987 sit.

2185 5034 2320 5088 Item
2354 5050 2369 5086 :
2397 5031 2938 5086 Anatbematizamus
2964 5043 3181 5082 omnem
3213 5040 3433 5081 sensum
3460 5024 3688 5093 Pelagii,

2114 5140 2173 5186 et
2210 5130 2487 5195 leeslii,
2522 5138 2578 5182 et
2619 5128 2865 5181 omnium
2913 5124 3007 5195 qui
3054 5124 3161 5177 illis
3203 5122 3401 5177 similia
3443 5121 3691 5190 sapiunt,

2117 5219 2484 5289 suscipientes
2530 5216 2716 5271 omnia
2759 5232 2882 5285 qua:
2927 5216 2984 5269 in
3034 5214 3269 5268 diversis
3317 5213 3454 5267 locis
3500 5220 3694 5265 contra

2116 5313 2267 5381 ipsos
2299 5321 2421 5366 acta
2455 5318 2583 5365 sunt
2608 5320 2665 5364 et
2693 5310 2896 5377 scripta
2932 5324 2961 5362 a
2994 5307 3325 5378 prazsulibus
3382 5303 3696 5375 apostolica:

2116 5404 2307 5467 Sedis,
2338 5403 2391 5457 id
2418 5412 2523 5466 est,
2544 5401 2890 5463 lnnocentio,
2916 5400 3219 5464 Bonifacio,
3240 5399 3485 5460 Zozimo,
3513 5394 3695 5450 Coele-

2119 5496 2289 5559 stino,
2319 5494 2522 5559 Leone,
2550 5493 2731 5547 Attico
2769 5493 2935 5546 etiam
2973 5488 3608 5559 ConstantinOpolitano,
3642 5494 3698 5539 et

2121 5587 2451 5659 Augustino,
2482 5585 2579 5658 (et)
2612 5585 2883 5641 Africanae
2914 5584 3210 5656 provincia:
3233 5580 3530 5654 episcopis.
