4146 6466
258 424 329 493 89
1291 432 1523 492 RATIO
1539 425 2087 496 'ADUNATIONIS
2126 438 2359 499 vsmn
2401 439 2557 499 DEI.
2598 410 2605 420 ’
3480 444 3547 503 νο

271 641 3519 672 mm

1644 807 2187 901 EJUSDEM

972 1026 1347 1154 ALIA
1433 1028 1862 1155 FIDEI
1961 1029 2871 1162 PROFESSIO.

332 1417 433 1473 Est
456 1418 614 1475 Deus
642 1421 833 1485 Pater,
856 1420 1006 1476 Deus
1036 1422 1227 1487 Filius,
1248 1423 1397 1477 Deus
1424 1420 1593 1476 etiam
1621 1417 1863 1488 Spiritus
1893 1418 1941 1474 Α
1966 1415 2248 1472 Christum
2310 1419 2509 1474 Filium
2570 1421 2814 1477 hominis
2876 1423 2994 1478 sive
3055 1424 3335 1479 hominem
3357 1466 3371 1489 ,
3427 1438 3550 1484 ante

258 1518 515 1573 sanctus,
546 1525 666 1564 non
710 1520 851 1575 tres,
880 1512 976 1566 sed
1024 1528 1167 1567 unus
1206 1513 1373 1577 Deus,
1405 1527 1516 1566 una
1563 1508 1869 1565 substantia

260 1600 379 1653 sive
409 1610 628 1654 natura
648 1641 663 1666 ,
689 1618 803 1656 una
838 1603 1110 1673 sapientia
1128 1644 1143 1668 ,
1172 1618 1282 1657 una
1311 1603 1519 1667 virtus,
1547 1617 1660 1655 una
1689 1600 1868 1654 domi-

262 1691 438 1755 natio,
462 1707 646 1745 unum
675 1708 932 1764 regnum,
956 1709 1065 1748 una
1090 1694 1511 1763 omnipotentia,
1536 1708 1647 1747 una
1674 1691 1868 1762 gloria,

262 1793 381 1838 tres
423 1793 621 1838 tamen
658 1786 1038 1842 subsistentia:
1070 1787 1186 1842 sive
1216 1802 1484 1857 personae.
1517 1786 1871 1854 Unaquaeque

262 1888 509 1943 persona
559 1878 1103 1932 incommutabiliter
1154 1892 1372 1948 semper
1414 1877 1676 1932 obtinens
1719 1873 1869 1944 quod

260 1968 561 2036 proprium
587 1979 698 2033 est,
726 1970 800 2023 ita
828 1978 889 2024 ut
912 1986 1015 2025 nec
1038 1971 1199 2024 Pater
1221 1969 1294 2024 sit
1318 1970 1491 2024 Filius
1513 1977 1609 2023 aut
1632 1967 1873 2036 Spiritus

262 2068 520 2123 sanctus,
552 2075 663 2114 nec
699 2060 874 2115 Filius
908 2061 981 2116 sit
1018 2061 1183 2116 Pater
1214 2071 1311 2115 aut
1344 2060 1587 2130 Spiritus
1625 2068 1869 2123 sanctus,

262 2162 368 2202 nec
422 2148 681 2219 Spiritus
727 2165 958 2207 sanctus
1000 2154 1165 2207 Pater
1207 2155 1280 2208 sit
1320 2161 1414 2207 aut
1460 2153 1649 2207 Filius.
1699 2151 1873 2205 Filius

263 2250 477 2305 autem,
509 2241 685 2313 538
720 2243 777 2298 id
812 2255 917 2309 est,
947 2246 1191 2301 Verbum
1216 2246 1310 2301 Dei
1350 2246 1671 2317 unigenitus
1704 2245 1869 2307 Deus,

264 2335 778 2391 consubstantialis
815 2338 1000 2402 Patri,
1036 2354 1268 2394 manens
1315 2340 1372 2394 in
1421 2338 1643 2408 propria
1689 2336 1873 2391 subsi-

266 2428 473 2481 stentia
523 2428 698 2495 Deus,
728 2430 788 2484 in
838 2432 1160 2486 novissimis
1204 2432 1402 2487 diebus
1449 2448 1517 2487 ex
1562 2430 1873 2487 visceribus

265 2516 443 2573 beata
474 2519 731 2591 Virginis
763 2522 948 2578 Mariae
983 2532 1242 2578 naturam
1274 2525 1519 2594 suscepit
1550 2525 1872 2587 humanam,

264 2619 321 2663 et
349 2612 460 2665 sibi
494 2628 730 2669 carnem
757 2616 1102 2682 coadunans,
1129 2616 1296 2673 homo
1324 2618 1505 2673 factus
1532 2627 1638 2681 est,
1666 2618 1874 2673 habens

264 2706 514 2760 animam
545 2708 881 2763 rationalem
907 2710 994 2765 vel
1022 2709 1472 2766 intellectualem.
1502 2710 1871 2778 Quamobrem

263 2797 562 2854 fatendum
618 2811 710 2856 est
763 2801 938 2857 Deum
992 2812 1183 2857 natum
1229 2818 1298 2857 ex
1336 2803 1576 2867 femina,
1621 2820 1733 2858 non
1781 2820 1870 2859 se-

265 2893 521 2947 cundum
558 2893 940 2959 divinitatem,
974 2895 1071 2950 sed
1107 2896 1413 2951 secundum
1447 2896 1869 2962 humanitatem,

264 2984 444 3038 Deum
496 2986 556 3039 in
589 2986 755 3039 cunis
780 2986 1042 3055 iacuisse,
1068 3003 1398 3056 pannosum,
1428 2987 1687 3043 sordibus
1720 2988 1876 3042 invo-

265 3077 469 3141 lutum,
497 3079 754 3132 crevisse
789 3086 845 3132 et
874 3079 1179 3148 profecisse
1209 3088 1369 3135 :etate
1403 3088 1460 3134 et
1488 3080 1756 3150 sapientia
1790 3094 1876 3134 se-

266 3173 514 3226 cundum
550 3172 986 3238 humanitatem,
1011 3188 1124 3227 non
1152 3174 1453 3228 secundum
1481 3174 1828 3229 divinitatem
1858 3195 1871 3229 :

267 3263 439 3318 Deum
470 3266 749 3328 esurisse,
779 3265 987 3329 sitisse,
1012 3266 1218 3321 lassum
1246 3282 1314 3321 ex
1344 3267 1541 3321 itinere
1570 3268 1872 3337 quievisse,

270 3372 377 3411 non
412 3358 734 3412 secundum
772 3359 1127 3414 divinitatem
1149 3400 1162 3425 ,
1196 3359 1292 3414 sed
1331 3362 1637 3416 secundum
1673 3362 1874 3416 huma-

269 3451 502 3505 nitatem
559 3470 574 3504 :
624 3452 807 3506 Deum
856 3452 1320 3522 comprehensum
1367 3455 1626 3509 manibus
1676 3455 1875 3525 impio-

270 3558 427 3607 rum,
484 3544 849 3615 judicatum,
907 3544 1265 3610 damnatum,
1317 3546 1679 3612 cruciﬁxum,
1730 3548 1877 3603 latus

269 3632 457 3687 lancea
494 3634 872 3703 perforatum.
907 3650 1016 3689 non
1054 3635 1359 3690 secundum
1394 3636 1875 3703 divinitatem,sed

258 3705 580 3780 secundum
603 3727 1015 3781 humanitatem
1043 3746 1055 3780 :
1083 3728 1255 3782 Deum
1283 3732 1876 3800 mortuum,sepultum

272 3818 805 3879 rrsurrexisse,non
833 3818 1141 3872 secundum
1167 3818 1537 3884 divinitatem,
1558 3821 1653 3875 sed
1680 3838 1879 3876 secun-

271 3907 402 3962 dum
444 3910 867 3965 humanitatem
907 3928 921 3964 :
956 3911 1129 3966 Deum
1164 3927 1289 3965 cum
1328 3912 1443 3983 ipsa
1480 3930 1646 3969 carne
1679 3930 1878 3971 ascen-

267 3999 416 4053 disse
459 4000 517 4053 in
558 4001 793 4063 caelum,
828 4001 1038 4057 sedisse
1078 4001 1145 4056 ad
1184 4001 1469 4058 dexteram
1512 4005 1713 4070 Patris,
1749 4006 1879 4062 inde

1969 1509 2169 1564 saecula
2201 1511 2270 1564 de
2301 1511 2463 1566 Patre
2493 1522 2683 1567 natum
2719 1530 2892 1568 unum
2924 1531 2993 1569 ex
3027 1515 3322 1581 Trinitate,
3350 1526 3403 1571 ct
3436 1518 3551 1572 sine

1968 1601 2090 1670 ipso
2117 1602 2257 1658 facta
2289 1605 2473 1659 omnia
2499 1605 2739 1660 visibilia
2767 1615 2823 1660 et
2847 1607 3172 1672 invisibilia,
3199 1618 3255 1663 et
3283 1609 3400 1663 sine
3435 1610 3552 1678 ipso

1970 1691 2176 1746 factum
2216 1709 2338 1749 esse
2378 1696 2537 1759 nihil,
2567 1712 2678 1751 non
2722 1706 2905 1752 tamen
2949 1698 3253 1753 secundum
3296 1700 3553 1754 humani-

1973 1792 2171 1850 tatem,
2206 1787 2303 1841 sed
2341 1788 2649 1842 secundum
2681 1789 3027 1844 divinitatem
3070 1808 3085 1857 ;
3120 1791 3267 1845 hunc
3297 1791 3553 1844 eumdem

1972 1878 2255 1933 hominem
2286 1894 2406 1934 esse
2436 1881 2607 1934 vitam
2640 1890 2932 1944 aeternam,
2967 1883 3324 1951 sapientiam,
3359 1893 3416 1936 et
3446 1884 3558 1935 vir-

1973 1977 2147 2025 tutem
2180 1970 2387 2035 Patris,
2416 1988 2527 2025 non
2568 1982 2749 2027 tamen
2784 1973 3090 2027 secundum
3125 1975 3554 2040 humanitatem,

1972 2063 2067 2118 sed
2100 2064 2404 2118 secundum
2422 2065 2766 2119 divinitatem
2791 2083 2805 2131 ;
2826 2066 2973 2120 hunc
2999 2066 3253 2120 eumdem
3278 2066 3558 2121 hominem

1972 2169 2093 2209 esse
2135 2156 2365 2227 ﬁguram
2407 2158 2733 2212 substantia:
2775 2159 2893 2212 sive
2936 2159 3229 2229 imaginem
3270 2158 3470 2223 Patris,
3505 2165 3563 2212 et

1972 2250 2378 2304 emanationem
2419 2250 2690 2305 claritatis
2727 2251 2848 2316 Dei,
2878 2266 2987 2305 non
3031 2260 3213 2305 tamen
3255 2250 3559 2305 secundum

1975 2339 2408 2406 humanitatem,
2447 2342 2543 2397 sed
2589 2343 2895 2398 secundum
2937 2344 3309 2401 divinitatem.
3346 2344 3561 2397 Rursus

1975 2435 2272 2490 dicendum
2308 2443 2393 2490 est
2428 2451 2579 2499 eum,
2611 2436 2707 2505 qui
2741 2444 2825 2490 est
2855 2437 2967 2490 vita
2997 2443 3232 2499 aeterna,
3259 2435 3559 2504 sapientia,

1974 2527 2156 2582 virtus
2184 2528 2384 2593 Patris,
2414 2538 2603 2582 natum
2639 2528 2946 2582 secundum
2980 2543 3204 2583 carnem
3238 2542 3302 2581 ex
3334 2527 3560 2590 femina,

1975 2619 2144 2673 vitam
2171 2628 2453 2684 aeternam,
2481 2620 2803 2689 sapientiam
2833 2628 2889 2674 et
2910 2620 3173 2674 virtutem
3205 2619 3402 2682 Patris,
3428 2635 3561 2688 pan-

1976 2711 2066 2766 nis
2109 2711 2421 2766 involutum
2467 2713 2523 2767 in
2564 2712 2724 2767 cunis
2762 2712 3030 2782 jacuisse,
3066 2712 3233 2765 vitam
3275 2706 3560 2775 aeternam,

1982 2805 2306 2874 sapientiam
2335 2814 2394 2860 et
2418 2805 2683 2859 virtutem
2712 2804 2915 2868 Patris,
2943 2819 3187 2874 passum,
3213 2801 3561 2867 cruciﬁxum,

1975 2905 2257 2952 mortuum
2306 2898 2613 2952 secundum
2664 2913 2908 2952 carnem.
2941 2897 3073 2963 Quae
3121 2912 3247 2951 cum
3300 2897 3372 2949 ita
3421 2895 3562 2957 sint.

1975 3002 2139 3042 nemo
2173 2995 2353 3057 potest
2380 3002 2505 3043 esse
2537 2986 2875 3050 catholicus,
2907 2986 3012 3040 nisi
3046 2986 3139 3055 qui
3171 2986 3225 3039 in
3255 2985 3435 3039 Verbo
3466 2986 3562 3039 Dei

1975 3079 2118 3134 Filio
2154 3079 2462 3150 unigenito,
2490 3081 2629 3135 duas
2668 3079 2837 3133 fuerit
2872 3078 3155 3149 professus
3190 3088 3316 3148 post
3351 3078 3562 3132 aduna-

1978 3171 2183 3226 tionem
2215 3188 2434 3242 semper
2464 3171 2929 3226 indissolubiliter
2962 3186 3185 3225 manere
3220 3180 3471 3234 naturas,
3508 3171 3561 3224 id

1976 3274 2081 3330 est,
2110 3267 2271 3321 Verbi
2311 3276 2367 3322 et
2396 3268 2602 3331 carnis,
2628 3266 2725 3319 Dei
2763 3272 2819 3319 et
2851 3266 3128 3327 hominis,
3161 3263 3472 3317 divinitatis
3508 3272 3562 3317 et

1979 3359 2359 3413 humanitatis.
2390 3358 2528 3424 Quia
2557 3358 2702 3413 sicut
2727 3372 2873 3410 unus
2901 3356 2968 3411 dc
2998 3356 3266 3410 Trinitate
3293 3364 3396 3420 est,
3425 3364 3481 3409 ct
3510 3356 3563 3408 in

1977 3452 2253 3522 principio
2289 3451 2526 3505 Verbum
2558 3451 2704 3504 Deus
2735 3458 2840 3513 est,
2870 3451 2943 3502 ita
2980 3449 3145 3502 etiam
3182 3447 3327 3501 idem
3351 3448 3466 3517 ipse
3498 3464 3563 3501 ex

1977 3546 2141 3600 nobis
2180 3553 2285 3607 est,
2323 3544 2491 3597 homo
2531 3542 2814 3612 perfectus
2853 3549 2910 3595 et
2950 3555 3135 3594 verus.
3172 3538 3273 3606 Qui
3313 3540 3461 3593 enim
3499 3555 3563 3592 ex

1977 3633 2182 3687 lumbis
2212 3632 2450 3687 Abraha:
2479 3640 2535 3685 et
2566 3648 2632 3686 ex
2667 3632 2879 3685 semine
2908 3628 3078 3683 David
3115 3645 3253 3699 puer
3282 3628 3444 3682 datus
3479 3638 3561 3682 est

1977 3728 2159 3791 nobis,
2183 3727 2329 3781 Deus
2359 3725 2483 3780 coeli
2513 3732 2618 3787 est,
2649 3733 2705 3779 et
2732 3724 2993 3793 princeps
3024 3722 3196 3792 pacis,
3222 3729 3276 3775 et
3305 3721 3427 3773 ideo
3456 3736 3565 3773 non

1979 3820 2123 3880 duae,
2148 3818 2243 3872 sed
2271 3833 2378 3871 una
2406 3816 2609 3871 Christi
2640 3830 2875 3885 persona
2903 3823 3008 3878 est,
3033 3814 3161 3883 quia
3189 3828 3350 3866 nemo
3376 3827 3555 3865 ascen-

1980 3909 2062 3963 dit
2100 3909 2155 3962 in
2194 3909 2425 3972 cwlum,
2465 3907 2571 3961 nisi
2613 3907 2707 3976 qui
2747 3905 2815 3960 de
2854 3905 2994 3960 ccelo
3035 3902 3355 3966 descendit,
3392 3901 3564 3957 Filius

1981 4002 2253 4066 hominis,
2284 4002 2378 4073 qui
2420 4010 2505 4055 est
2542 4000 2598 4054 in
2640 4000 2814 4063 coelo,
2844 3999 3006 4055 Jesus
3052 3997 3307 4053 Christus
3346 3996 3465 4051 heri
3510 4004 3562 4050 et

272 4107 494 4146 rursum
522 4107 654 4146 cum
685 4092 809 4162 ipsa
837 4109 1003 4148 carne
1030 4094 1086 4147 in
1113 4094 1285 4164 gloria
1308 4106 1603 4151 venturum
1625 4098 1877 4169 judicare
1904 4117 1948 4174 ο
1981 4098 2168 4162 hodie,
2189 4097 2305 4168 ipse
2334 4104 2391 4152 et
2422 4095 2476 4149 in
2506 4094 2723 4149 saecula.

266 4183 424 4237 vivos
455 4194 513 4238 et
548 4195 834 4239 mortuos.
869 4185 1089 4242 Rursus
1129 4186 1503 4256 proﬁtendum
1544 4199 1659 4254 est,
1686 4189 1876 4245 Jesum

288 4378 3539 4406 *ΜΨ-...ᾑ-

1120 4559 1837 4689 EJUSDEM
1950 4557 2748 4684 MAXENTII

392 4808 1254 4903 ADUNATIONIS
1312 4813 1673 4905 VERBI
1755 4812 1955 4901 DEI
2036 4814 2184 4900 AD
2246 4808 2867 4902 PBOPRIAM
2946 4805 3428 4897 CARNEM

1781 5003 2055 5066 RATIO.

336 5308 523 5364 Filius
578 5305 683 5359 Dei
738 5304 976 5359 Verbum
1018 5304 1221 5369 Patris,
1276 5322 1423 5361 unus
1463 5319 1531 5358 ex
1574 5303 1875 5369 Trinitate,
1906 5307 1954 5362 D
1982 5312 2177 5359 natura
2200 5304 2345 5358 Deus
2367 5300 2533 5356 homo
2558 5302 2736 5357 lactus
2759 5309 2867 5367 est,
2889 5300 3101 5356 habens
3126 5298 3367 5353 animam
3394 5295 3565 5353 ratio-

266 5398 782 5456 eonsubstanlialis
820 5397 997 5465 Patri,
1034 5405 1200 5451 natus
1234 5399 1303 5453 de
1340 5400 1454 5453 Deo
1489 5405 1617 5451 ante
1654 5398 1879 5464 saecula,

268 5496 596 5549 subsistens
637 5491 696 5545 in
737 5491 959 5559 propria
1002 5505 1237 5559 persona
1277 5491 1427 5544 Deus
1469 5489 1524 5542 in
1565 5488 1885 5542 novissimis

267 5588 630 5658 temporibus
666 5600 796 5637 mox
832 5584 979 5637 inter
1013 5582 1448 5651 evangelizantis
1482 5580 1660 5649 angeli
1689 5580 1882 5641 verba,

267 5689 319 5731 et
344 5674 845 5731 accommodantis
870 5671 1104 5743 virginis
1137 5671 1297 5725 ﬁdem
1316 5711 1328 5733 ,
1355 5669 1592 5740 propriae
1624 5670 1882 5738 potentiae

272 5772 504 5833 virtute,
530 5784 605 5823 ex
635 5766 957 5821 visceribus
984 5764 1236 5835 ejusdem
1263 5762 1497 5833 virginis
1524 5760 1643 5815 sine
1671 5761 1882 5815 semine

278 5862 375 5916 viri
424 5874 666 5916 carnem
716 5859 823 5915 sibi
873 5856 1233 5923 coadunans,
1277 5870 1510 5909 manens
1554 5855 1610 5906 in
1659 5851 1879 5920 propria

1980 5397 2164 5451 nalem
2191 5396 2305 5450 sive
2334 5394 2786 5459 intellectualem,
2808 5403 2865 5449 et
2890 5393 2964 5448 ita
2988 5391 3264 5460 completo
3293 5398 3561 5459 tempore,

1980 5486 2288 5541 secundum
2320 5486 2494 5556 legem
2524 5486 2779 5539 humana:
2802 5494 3013 5539 natura:
3041 5481 3312 5551 processit
3337 5482 3405 5537 de
3438 5483 3561 5537 tha-

1978 5576 2126 5629 lamo
2151 5575 2429 5645 virginali.
2458 5573 2570 5629 Hac
2596 5574 2664 5629 de
2690 5572 2862 5628 eausa
2892 5570 3179 5631 naturalis,
3202 5586 3310 5624 non
3338 5572 3563 5627 socialis

1981 5666 2244 5721 adnnatio
2276 5667 2393 5721 sive
2427 5666 2605 5721 unitio
2642 5664 2699 5717 in
2730 5662 2955 5718 Christo
2986 5660 3295 5715 rectissime
3327 5662 3557 5726 dicitur,

1979 5759 2108 5828 quia
2146 5775 2255 5812 non
2303 5759 2456 5814 carni
2508 5757 2754 5812 formata:
2803 5762 2897 5807 aut
2940 5752 3193 5807 animata:
3221 5794 3237 5820 ,
3262 5754 3411 5823 quod
3447 5755 3560 5824 jam

1985 5851 2225 5908 hominis
2291 5849 2588 5919 cuiuslibet
2644 5854 2825 5917 potest
2862 5844 3244 5902 demonstrare
3299 5861 3555 5918 persona,
