4146 6468
636 424 705 491 91
1895 426 2213 491 JOANNIS

2318 427 2635 489 AXENTII
3825 426 3892 487 92

638 543 885 599 Verbum
919 556 976 595 se
1004 538 1183 593 univit
1203 538 1255 593 in
1275 544 1435 592 utero
1452 538 1825 607 Virginis,sed
1845 555 1911 592 ex
1950 542 2083 609 ipsis
2100 543 2221 611 ejus
2252 548 2293 601 A
2321 553 2439 607 est;
2472 542 2567 596 sed
2605 542 2711 594 hoc
2745 539 2837 608 qui
2874 538 3085 602 dicunt,
3116 554 3309 592 errore
3339 536 3896 594 Nestoriitraducun-

636 637 948 693 visceribus
973 633 1248 703 Sapientia
1280 633 1385 685 sibi
1416 633 1639 686 domum
1669 632 1976 687 aedificavit.
1999 634 2217 703 Alioqui

636 731 684 786 si
723 730 970 783 formata
1013 736 1107 779 aut
1132 726 1385 778 animata
1429 726 1581 779 carni
1630 735 1803 779 semet
1838 726 2077 779 Verbum
2120 728 2215 781 Dei

637 820 871 876 inseruit
906 820 963 871 in
999 826 1158 871 utero
1190 818 1474 886 virginali,
1510 833 1617 869 non
1648 818 1759 885 jam
1794 818 2091 881 naturalis,
2120 820 2216 873 sed

638 910 903 964 societate
940 907 1056 960 hac
1098 908 1283 974 potius
1318 906 1495 958 unitio
1532 906 1647 958 sive
1682 905 1945 958 adunatio
1986 906 2217 961 dicenda

640 1015 725 1057 est
756 1021 768 1055 :
803 1017 906 1055 nec
937 1014 1180 1070 persona
1210 1000 1374 1053 Verbi
1409 999 1474 1051 ad
1510 1008 1761 1051 naturam
1780 1000 1986 1063 carnis,
2020 1000 2114 1052 sed
2149 1000 2216 1054 ad

638 1110 931 1166 personam
976 1092 1213 1160 alicujus
1261 1092 1502 1145 hominis
1544 1090 1895 1143 concurrisse
1943 1092 2217 1145 credenda

654 1293 995 1306 -———-—...—

2328 648 2437 691 tur.
2464 638 2744 693 Catholica
2778 646 2958 691 autem
2995 635 3128 689 ﬁdes
3162 651 3271 688 non
3310 647 3602 703 personam
3630 631 3793 685 Verbi
3826 632 3893 685 ad

2325 747 2616 802 personam
2644 731 2873 799 alicujus
2897 730 3007 799 jam
3036 728 3254 781 formati
3283 724 3547 787 hominis,
3577 723 3671 777 sed
3702 723 3767 777 ad
3800 740 3893 777 na-

2325 832 2503 875 turam
2535 822 2717 875 carnis
2747 821 3069 874 convenisse
3100 819 3277 871 credit
3303 827 3358 871 et
3383 815 3662 886 pradicat,
3687 823 3741 868 et
3769 814 3893 867 ideo

2325 930 2434 967 non
2486 912 2784 977 socialem,
2822 911 2919 965 sed
2966 911 3273 965 naturalem
3324 908 3522 962 factam
3570 906 3732 960 docet
3773 920 3892 959 esse

2324 1005 2652 1059 unitionem.
2704 1044 2711 1051 .

1581 1456 2444 1583 HORMISDXE
2538 1451 2985 1581 ΡΑΡλίΕ

1258 1710 1407 1795 AD
1516 1704 2341 1798 POSSESSOREM
2430 1704 3013 1797 EPISTOLA

3117 1700 3236 1794 (1),

1558 1896 1972 1958 Dilectissimo
2009 1900 2206 1973 fratri
2242 1900 2603 1961 Possessori
2634 1898 2999 1958 Ilormisda.

707 2201 862 2255 Sicut
887 2201 1086 2253 rationi
1120 2199 1375 2269 congruit
1416 2209 1475 2254 ut
1523 2202 1816 2255 consulant
1840 2201 2205 2271 ambigentes.
2244 2206 2283 2261 Β
2314 2200 2525 2255 liditate
2555 2200 2856 2263 versutias,
2890 2204 2944 2252 et
2979 2197 3083 2253 sub
3121 2198 3407 2269 religionis
3450 2200 3682 2256 obtentu
3714 2202 3896 2257 famu-

635 2291 711 2348 ita
744 2310 840 2363 par
864 2302 949 2347 est
979 2294 1312 2362 respondere
1340 2294 1643 2355 consultos,
1670 2295 1799 2362 quia
1832 2295 1946 2363 ipse
1980 2295 2211 2363 impellit

636 2387 695 2440 in
720 2403 989 2450 errorem,
1010 2386 1102 2455 qui
1145 2402 1254 2439 non
1278 2386 1504 2438 instruit
1521 2386 1884 2455 ignorantem.
1918 2387 2026 2439 Nec
2046 2386 2210 2454 quid-

632 2492 799 2546 quam
818 2487 902 2532 est
927 2477 1371 2546 aptiusstudioso
1400 2476 1701 2544 religionis,
1723 2493 1886 2545 quam
1925 2476 2211 2545 inquisitio

633 2569 915 2631 veritatis,
974 2568 1194 2637 quando
1235 2567 1451 2621 facilius
1491 2568 1711 2621 devium
1775 2568 1939 2631 vitat,
1972 2568 2063 2635 qui
2108 2568 2211 2619 iter

633 2660 781 2729 quod
818 2660 1102 2730 gradiatur
1137 2669 1311 2727 rogat.
1344 2659 1447 2712 Sed
1488 2660 1802 2728 priusquam
1839 2659 2210 2727 respondendi

632 2767 826 2804 curam
880 2750 946 2803 de
978 2750 1063 2803 his
1088 2768 1208 2820 qua
1235 2751 1459 2804 dilectio
1491 2759 1581 2803 tua
1615 2760 1970 2819 percontatur
2020 2767 2213 2821 aggre-

634 2845 783 2908 diar,
820 2845 1055 2897 libenter
1094 2844 1148 2896 in
1192 2842 1394 2897 litteris
1441 2842 1550 2896 tuis
1595 2842 1717 2895 fidei
1765 2851 1868 2896 tua
1910 2858 1997 2896 me
2032 2842 2211 2896 fateor

634 2936 915 2991 invenisse
951 2936 1257 2998 fervorem,
1289 2937 1445 3003 cujus
1482 2936 1662 2988 calore
1698 2951 2029 2998 succensus,
2060 2936 2213 2989 redi-

633 3030 816 3082 vivam
867 3029 921 3081 in
973 3029 1085 3082 illis
1136 3027 1385 3097 partibus
1437 3027 1739 3080 inﬁdelium
1790 3028 2211 3096 perversitatem

631 3120 818 3191 vigere
840 3120 1107 3190 suspiras.
1141 3118 1505 3187 Dignissimus
1539 3117 1719 3179 dolor,
1753 3118 1846 3186 qui
1884 3118 2069 3172 dedita
2100 3120 2211 3173 Deo

632 3213 801 3267 corda
828 3212 1138 3266 contristat.
1164 3208 1276 3263 Nec
1305 3208 1451 3262 enim
1479 3217 1562 3261 est
1586 3207 1729 3276 apud
1761 3223 1857 3261 eos
1886 3206 2070 3276 lapsus
2096 3206 2215 3260 illa-

632 3305 967 3367 mentabilis,
989 3303 1133 3372 apud
1160 3318 1299 3372 quos
1323 3308 1405 3355 est
1434 3300 1707 3371 igniculus
1733 3300 2024 3354 charitatis
2044 3316 2059 3363 ;
2082 3300 2212 3369 quia

631 3414 802 3451 unum
838 3396 1167 3465 Spiritalium
1194 3405 1383 3449 votum
1416 3403 1499 3449 est
1549 3395 1700 3447 salus
1725 3394 2052 3447 inconcussa
2077 3409 2215 3447 cun-

629 3498 867 3543 ctorum.
896 3489 1000 3543 Sed
1036 3505 1144 3542 non
1174 3497 1257 3542 est
1288 3488 1471 3557 ignota
1506 3487 1764 3541 Ecclesia
1796 3486 1889 3540 Dei
1919 3486 1987 3540 de
2016 3487 2213 3557 hujus-

630 3582 777 3635 modi
811 3581 1087 3650 procellis,
1121 3589 1216 3634 aut
1274 3581 1489 3633 insueta
1527 3587 1845 3647 tempestas,
1870 3587 1927 3632 et
1960 3579 2211 3647 quamvis
2239 3561 2281 3619 (ἶ

630 3673 887 3726 lleetoris
904 3672 988 3725 sui
1008 3672 1383 3740 gubernaculo
1401 3672 1729 3723 inconcussa
1748 3669 2026 3738 persistat,
2046 3669 2215 3723 variis

635 3773 818 3817 tamen
850 3763 1253 3832 insurgentium
1284 3762 1551 3815 fluctuum
1583 3760 1795 3813 laborat
1824 3769 2013 3813 vexata
2044 3760 2216 3813 turbi-

632 3854 817 3907 nibus.
847 3853 979 3905 Nam
1013 3854 1160 3907 unde
1191 3860 1275 3907 est
1303 3852 1611 3921 psalmidici
1649 3868 1754 3905 vox
1786 3853 2092 3921 prOpheta,
2118 3853 2213 3922 qui

633 3944 805 4013 ipsius
827 3944 1083 3997 Ecclesia
1108 3959 1397 4012 personam
1425 3943 1632 4012 Spiritu
1655 3960 1763 4013 quo
1789 3943 2211 4013 implebatur(a)

633 4051 959 4089 assumens:
988 4035 1157 4103 Swpe,
1186 4034 1388 4102 inquit,
1412 4042 1847 4103 expugnaverunt
1872 4050 1952 4087 me
1976 4053 2006 4087 a
2025 4035 2215 4103 juven-

634 4136 743 4178 tute
776 4141 913 4188 mea,
942 4126 1131 4178 etenim
1168 4141 1269 4176 non
1307 4133 1585 4193 potuerunt
1619 4126 1745 4177 mihi
1768 4126 1829 4178 ¹⁵.
1854 4125 2211 4194 Concutiunt,

634 4215 730 4269 sed
771 4214 825 4268 in
865 4215 1040 4268 nihilo
1080 4216 1477 4283 pravalebunt.
1512 4215 1704 4270 Adhuc
1742 4216 1796 4269 in
1836 4232 1962 4271 area
1997 4233 2210 4281 sumus,

633 4306 797 4361 mista
830 4315 959 4361 sunt
984 4306 1261 4362 frumenta
1293 4323 1417 4361 cum
1451 4308 1643 4377 paleis,
1670 4318 1897 4378 gemunt
1923 4308 2052 4362 boni
2083 4323 2215 4361 con-

635 4400 806 4453 sortia
826 4400 1121 4466 malorumf:
1138 4399 1230 4453 sed
1248 4408 1500 4468 superest
1514 4399 1727 4453 flamma
1740 4416 1850 4454 non
1863 4400 2210 4465 necessariis,

633 4499 892 4560 etparata
914 4500 1044 4545 sunt
1065 4492 1262 4545 horrea
1282 4493 1393 4561 jam
1418 4493 1682 4562 probatis.
1699 4492 1805 4547 Sed
1830 4494 1921 4547 ubi
1943 4504 2212 4548 terrarum

634 4599 745 4637 non
780 4582 881 4637 ista
916 4584 1228 4653 permistio?
1263 4584 1373 4639 Nos
1408 4584 1529 4638 ﬁxis
1561 4584 1718 4639 decet
1747 4584 2212 4656 stareliusistcre]

634 4674 901 4744 vestigiis.
958 4676 1315 4730 Proficiemus
1369 4676 1514 4731 inter
1550 4677 1906 4731 adversantes
1967 4677 2209 4746 propriis

638 4763 821 4828 bonis,
848 4764 893 4818 si
923 4766 1210 4821 erroribus
1248 4782 1355 4819 non
1392 4766 1741 4821 involvamur
1769 4767 1985 4821 alienis.
2011 4768 2214 4823 Probat

2319 2292 2485 2345 lautia
2520 2292 2663 2345 odiis
2700 2292 2815 2347 suis
2846 2307 3057 2346 venena
3090 2291 3446 2360 pertulimus,
3479 2292 3765 2347 studentes
3793 2308 3897 2347 eos

2318 2385 2386 2438 ab
2410 2385 2631 2439 interno
2647 2385 2873 2438 vulnere
2894 2383 3239 2438 medicabilis
3260 2384 3535 2453 patientia
3556 2386 3895 2439 moderatio-

2320 2492 2387 2530 ne
2432 2491 2659 2540 sanare,
2692 2476 2838 2529 beati
2859 2476 3011 2529 Pauli
3034 2474 3243 2527 monita
3267 2492 3377 2529 non
3402 2476 3893 2546 tenentesltacen-

2320 2567 2421 2639 tcs]
2442 2567 2589 2621 :Noli
2606 2568 2769 2621 verbis
2788 2566 3127 2631 contendere;
3148 2567 3216 2619 ad
3237 2568 3367 2619 nihil
3383 2570 3521 2621 enim
3540 2569 3666 2621 utile
3682 2570 3897 2632 est,nisi

2319 2661 2388 2712 ad
2426 2660 2812 2712 subversionem
2854 2658 3262 2711 audientium”.
3296 2657 3403 2712 Sed
3447 2660 3669 2729 quando
3733 2661 3892 2714 virus

2319 2754 2465 2821 quod
2518 2752 2727 2805 viscera
2785 2750 3095 2820 penetravit
3149 2750 3441 2803 evellitur?
3472 2751 3692 2820 quando
3726 2752 3896 2804 corda

2320 2844 2459 2897 male
2491 2844 2595 2897 sibi
2627 2842 2873 2905 credula,
2902 2842 3153 2894 veritatis
3183 2842 3569 2912 obtemperant
3598 2842 3902 2898 institutis?

2319 2936 2541 3004 quando
2585 2934 2765 2988 induit
2796 2934 3123 2987 obedientia
3157 2934 3584 2999 humanitatem,
3617 2936 3898 3004 opinioni-

2321 3029 2425 3083 bus
2454 3030 2570 3082 suis
2596 3029 2792 3081 vallata
2820 3027 3343 3096 superbia?quando
3376 3029 3733 3098 acquiescunt
3752 3030 3895 3097 paci,

2320 3120 2741 3174 contentionum
2808 3120 3047 3173 stimulis
3107 3121 3350 3183 assueti,
3415 3121 3531 3174 sola
3593 3122 3898 3175 certamina

2321 3221 2548 3267 aventes
2564 3212 2631 3267 de
2656 3211 2924 3282 religione
2951 3222 3190 3280 captare,
3216 3218 3273 3265 et
3297 3212 3553 3266 mandata
3582 3211 3901 3283 negligere?

2320 3306 2613 3375 Nunquam
2669 3303 2815 3374 apud
2868 3318 2964 3357 eos
3023 3303 3264 3357 charitas
3317 3320 3461 3357 novo
3512 3303 3898 3358 commendata

2321 3406 2616 3468 pracepto,
2642 3411 2919 3465 nunquam
2949 3411 3052 3464 pax
3073 3396 3357 3449 Dominico
3383 3396 3574 3449 relicta
3603 3395 3853 3451 discessu
3880 3413 3895 3461 ;

2322 3507 2430 3544 una
2473 3490 2773 3560 pertinacis
2813 3503 2945 3542 cura
2988 3487 3255 3556 propositi
3298 3488 3497 3542 rationi
3538 3489 3679 3542 velle
3720 3488 3899 3558 impe-

2314 3598 2457 3646 rare,
2477 3597 2587 3635 non
2613 3581 2860 3636 credere.
2881 3580 3305 3648 Contemptores
3329 3580 3721 3634 auctoritatum
3741 3589 3898 3634 vete—

2314 3690 2459 3738 rum,
2489 3690 2757 3728 novarum
2792 3673 2981 3742 cupidi
3015 3673 3405 3741 quastionum,
3434 3673 3606 3726 solam
3638 3681 3899 3741 putantes

2314 3768 2561 3822 scientia
2584 3777 2787 3821 rectam
2836 3768 3000 3831 viam,
3022 3768 3266 3835 qualibet
3289 3776 3606 3835 conceptam
3632 3766 3897 3822 facilitate

2313 3861 2676 3925 sententiam;
2705 3875 2947 3928 eousque
2981 3860 3212 3913 tumoris
3246 3859 3394 3924 elati,
3414 3867 3473 3912 ut
3508 3859 3575 3913 ad
3605 3859 3897 3913 arbitrium

2315 3971 2472 4009 suum
2527 3956 2818 4023 utriusque
2877 3954 3029 4008 orbis
3090 3962 3289 4023 putent
3341 3954 3720 4008 inclinandum
3771 3969 3899 4008 esse

2307 4047 2615 4117 judicium;
2646 4061 2749 4099 nec
2789 4046 2841 4099 in
2882 4061 3117 4099 numero
3154 4046 3395 4101 fidelium
3440 4046 3769 4115 deputantes
3806 4062 3899 4101 se-

2312 4152 2541 4206 quacem
2570 4136 2881 4190 traditionis
2905 4146 3169 4206 paterna,
3194 4138 3238 4191 si
3265 4152 3375 4192 sua
3396 4137 3640 4191 viderint
3665 4136 3899 4191 credere

2315 4229 2461 4283 nolle
2500 4230 2821 4294 sententia;
2852 4229 3003 4285 docti
3026 4229 3262 4284 crimina
3300 4245 3507 4293 serere,
3534 4230 3897 4284 obtrectatio-

2312 4337 2446 4376 num
2474 4338 2688 4376 venena
2719 4338 3072 4392 componere,
3102 4323 3378 4393 integrum
3408 4323 3667 4377 Ecclesia
3696 4338 3899 4392 corpus

2313 4411 2529 4475 odisse,
2568 4412 2869 4467 seditiones
2917 4422 3164 4477 struere,
3200 4413 3465 4467 invidiam
3512 4414 3814 4479 concitare,
3843 4424 3901 4469 et

2312 4520 2413 4574 pro
2442 4504 2757 4559 obedientia
2786 4504 2931 4575 (qua
2958 4508 3012 4558 in
3040 4504 3309 4560 coenobiis
3336 4505 3705 4575 principatum
3732 4520 3901 4574 regu-

2312 4593 2447 4648 laris
2487 4595 2703 4650 obtinet
2742 4593 3076 4663 disciplina)
3119 4594 3550 4648 obstinationem
3594 4594 3901 4664 pertinacis

2314 4703 2503 4742 amare
2542 4687 2835 4756 superbia.
2866 4687 2986 4740 Non
3026 4686 3151 4740 illos
3186 4688 3467 4755 potuimus
3499 4686 3750 4749 monitis,
3783 4702 3899 4739 non

2314 4780 2770 4843 mansuetudine,
2822 4794 2933 4831 non
3002 4779 3331 4839 auctoritate
3393 4781 3778 4849 comprimere.
3837 4779 3898 4832 In

635 4857 783 4910 enim
810 4858 1033 4912 virtutis
1062 4875 1174 4914 sua
1199 4860 1446 4914 validum
1476 4860 1666 4927 robur,
1698 4860 1793 4930 qui
1824 4876 1948 4915 eum
1979 4860 2214 4930 impelli-
2244 4898 2291 4957 υ
2316 4870 2598 4939 publicum
2658 4884 2831 4938 usque
2884 4869 3045 4940 539
3098 4866 3355 4938 prodiere
3408 4881 3740 4926 conventum
3763 4911 3777 4934 .
3825 4870 3898 4925 ad

639 4952 747 5007 tur,
768 4962 875 5001 non
901 4957 1175 5002 movetur.
1198 4948 1303 5003 Ubi
1331 4965 1443 5003 non
1464 4950 1633 5005 varia
1658 4950 1980 5005 tentationis
2004 4951 2214 5005 aculei?

635 5039 837 5105 Quales
896 5058 995 5111 per
1050 5044 1198 5099 hunc
1247 5045 1363 5098 fere
1394 5045 1580 5114 jugem
1612 5060 1817 5098 annum
1844 5046 2210 5113 quorumdam

637 5131 982 5202 Scytharum,
1009 5136 1103 5205 qui
1140 5137 1444 5191 monachos
1473 5137 1841 5206 praeferebant
1870 5139 2072 5207 specie,
2100 5156 2210 5192 non

636 5225 885 5293 veritate,
915 5228 1279 5298 professione,
1306 5245 1417 5283 non
1447 5244 1643 5298 opere,
1678 5228 1867 5283 subtili
1900 5237 2073 5284 tectas
2102 5230 2211 5284 cal-

711 5364 755 5396 “
778 5366 920 5421 Psal.
946 5382 1158 5432 cxxvm,
1183 5366 1271 5421 12.
1350 5368 1393 5399 ’³⁵
1416 5367 1459 5420 11
1490 5366 1633 5420 Tim.
1659 5385 1717 5431 ιι,
1741 5365 1829 5420 14.

710 5508 786 5579 (l)
827 5509 1059 5564 Coeleus
1098 5518 1153 5563 et
1190 5508 1441 5563 nonnulli
1482 5509 1576 5562 alii
1615 5525 1645 5562 a
1685 5509 1896 5563 Joanne
1938 5511 2208 5565 Maxentio

641 5578 855 5649 decepti
890 5580 1275 5634 existimarunt
1305 5580 1449 5649 hanc
1482 5580 1546 5632 ad
1584 5580 1963 5633 Possessorem
2002 5581 2207 5649 episto-

640 5647 747 5701 lam
793 5665 903 5703 non
936 5666 1057 5703 esse
1087 5648 1391 5702 Hormisda
1422 5650 1653 5703 Romani
1684 5650 1981 5718 pontificis,
2012 5647 2106 5704 sed
2139 5653 2209 5705 ab

642 5718 828 5790 aliquo
850 5718 969 5790 ejus
996 5720 1217 5790 nomine
1248 5718 1382 5790 falso
1414 5719 1772 5788 suppositam.
1800 5722 1867 5773 At
1893 5722 1987 5790 qui
2019 5738 2210 5775 omnes

643 5780 947 5841 llormisda
972 5787 1232 5859 epistolas
1260 5789 1313 5842 in
1347 5780 1640 5842 causa'ista
1669 5780 1993 5859 Scytharum
2025 5808 2209 5847 mona-

643 5865 871 5911 chorum
906 5859 1048 5927 (qua
1078 5857 1345 5912 habentur
1373 5867 1502 5912 tom.
1534 5860 1550 5913 1
1583 5857 1805 5927 Epistol.
1836 5862 2055 5917 Roman.
2082 5882 2209 5933 pon-

2318 4961 2735 5014 concussiouem
2787 4959 2991 5028 quietis
3039 4961 3183 5014 circa
3233 4976 3423 5031 regum
3471 4964 3637 5017 etiam
3686 4971 3900 5017 statuas

2320 5051 2703 5112 inclamantes,
2738 5059 2793 5103 et
2827 5050 2932 5103 nisi
2966 5049 3141 5106 fidelis
3173 5056 3361 5124 populi
3393 5054 3702 5110 constantia
3731 5055 3901 5108 resti-

2318 5142 2506 5199 tisset,
2538 5155 2635 5209 per
2664 5139 2951 5194 diabolica
2985 5142 3196 5196 semina
3229 5145 3463 5200 nefanda
3498 5146 3722 5199 zizauia
3752 5145 3898 5215 apud

2317 5232 2439 5285 illos
2466 5231 2867 5288 dissensionem
2892 5242 2948 5288 et
2968 5233 3301 5290 discordiam
3332 5238 3779 5300 commovissent,
3803 5252 3904 5308 per

2311 5511 2530 5580 tiﬁcum)
2558 5512 2643 5567 vel
2668 5512 2866 5567 leviter
2887 5512 3102 5582 legerit,
3122 5529 3186 5569 ex
3214 5530 3355 5568 nexu
3383 5529 3565 5567 rerum
3593 5522 3895 5582 gestarum,

2306 5598 2372 5635 ex
2387 5584 2548 5651 stylo,
2574 5598 2639 5654 ex
2665 5584 2957 5654 verborum
2986 5586 3501 5654 sententiarumque
3526 5583 3894 5654 proprietate,

2310 5668 2377 5725 ex
2407 5654 2532 5707 aliis
2567 5653 2804 5723 denique
2839 5654 3167 5709 certissimis
3204 5651 3424 5725 signis,
3439 5651 3901 5725 manifestissime

2311 5723 2453 5777 hanc
2501 5719 2815 5789 germanam
2859 5742 2923 5779 ac
2967 5719 3279 5790 genuinauf
3314 5740 3436 5777 esse
3485 5724 3540 5776 S.
3590 5719 3902 5790 lloruiisda

2309 5794 2595 5865 epistolam
2637 5806 2913 5865 agnoscet.
2945 5796 3103 5858 (Vide
3148 5792 3397 5865 tomaVll
3432 5792 3630 5847 Annal.
3686 5789 3899 5853 πείθω,

2310 5864 2431 5929 520,
2459 5882 2578 5935 cap.
2603 5862 2716 5939 22:)
2736 5898 2803 5910 -
2835 5866 2910 5939 fa)
2946 5866 3114 5923 Labb.
3148 5862 3541 5932 impellebatur.
