4146 6494
160 422 188 437 ‘

232 493 304 556 93
1166 503 1269 563 .’.D
1302 501 1723 563 EPISTOLAM
1764 502 1839 561 H(

1925 502 2184 564 MISD/E
2225 506 2666 571 RESPONSIO.
3160 598 3165 602 ,
3451 507 3524 572 94

227 624 371 678 quos
386 607 655 679 adjutorio
671 608 773 691 Dei
792 609 870 665 de
890 612 1333 682 regioneeorum
1349 623 1431 669 est
1450 616 1604 683 pulsa
1621 614 1836 669 dissen-
1862 620 1905 674 Α
1936 625 2017 669 set
2048 619 2301 675 nuntiare
2352 621 2605 676 fidelibus
2640 640 2650 675 :
2684 619 2873 676 Omnia
2906 621 3138 690 probate,
3168 621 3306 692 quod
3332 621 3525 674 bonum

223 699 417 753 sio.De
431 688 1368 775 eisseroprobavimusprophetica
1385 706 1702 774 Apostolum
1714 720 1848 760 voce

216 787 422 842 dixisse
446 828 460 851 ,
488 788 539 840 in
568 789 913 847 novissimis
954 793 1160 849 diebus
1190 796 1391 850 instare
1423 804 1666 865 tempora
1698 795 1846 865 peri-

206 879 415 939 culosa.
439 890 493 933 et
507 879 627 933 fore
647 881 935 937 homines
962 887 1053 939 sui
1077 894 1289 939 tantum
1318 896 1609 950 amatores,
1642 888 1847 942 haben-

195 977 282 1021 tes
298 972 535 1023 formam
556 972 821 1040 pietatis,
838 980 1123 1033 virtutem
1141 991 1323 1035 autem
1340 983 1457 1051 ejus
1473 983 1840 1052 abnegantes;

179 1059 381 1129 itaque
414 1078 539 1118 esse
585 1066 871 1124 vitandos
892 1072 988 1125 η’.
1010 1073 1134 1127 Haec
1172 1074 1297 1128 ideo
1332 1075 1611 1129 dilectioni
1648 1083 1845 1129 vestrze

178 1149 489 1205 indicanda
534 1156 647 1208 sub
711 1163 1045 1216 occasione
1104 1165 1462 1230 credidimus,
1510 1181 1579 1219 ne
1637 1167 1681 1219 si
1714 1166 1845 1221 illuc

176 1241 393 1295 fuerint
437 1244 590 1299 forte
641 1248 1689 1326 delati,ignorantesquemadmodum
1710 1260 1843 1314 sein

168 1331 430 1386 Romana
455 1336 602 1389 urbe
620 1344 957 1407 gesserint,
981 1346 1085 1399 sub
1102 1347 1284 1416 aliqua
1299 1350 1596 1405 verborum
1615 1352 1843 1406 simula-

166 1425 333 1478 tione
361 1428 591 1494 possint
638 1431 891 1501 aliquos
916 1436 1198 1506 decipere.
1218 1440 1282 1493 Hi
1302 1457 1433 1496 vero
1454 1458 1594 1512 quos
1633 1458 1730 1498 vos
1772 1444 1841 1499 de

168 1517 375 1571 Fausti
412 1521 731 1587 cujusdam
770 1525 926 1580 Galli
961 1530 1228 1585 antistitis
1261 1533 1605 1589 consuluisse
1637 1534 1842 1590 litteris

176 1606 503 1673 indicastis,
533 1612 591 1664 id
623 1613 743 1667 sibi
795 1631 1137 1685 responsum
1186 1620 1666 1691 habeant:Neque
1687 1624 1840 1678 illum

182 1701 369 1770 recipi
424 1719 622 1773 neque
672 1723 1065 1778 quemquam,
1091 1728 1230 1781 quos
1252 1715 1305 1766 in
1330 1715 1711 1770 auctoritatem
1735 1718 1840 1771 Pa-

180 1801 337 1845 trum
367 1810 483 1849 non
530 1798 758 1867 recipit
785 1815 1030 1856 examen
1062 1804 1345 1859 catholica:
1385 1806 1838 1871 ﬁdei,auteccle-

173 1883 428 1939 siastica:
459 1886 808 1958 disciplinae
828 1892 1254 1963 ambiguitatem
1278 1910 1436 1965 posse
1456 1897 1677 1967 gignere
1694 1938 1707 1961 ,
1739 1906 1833 1952 aut

1948 717 2024 761 est
2044 717 2208 764 tenete
2226 713 2287 764 ¹⁶.
2318 713 2436 767 Non
2469 714 2566 767 abs
2594 730 2652 767 re
2677 722 2780 775 est,
2799 714 2899 767 etsi
2926 713 3285 776 mundanum,
3309 728 3419 767 non
3444 722 3526 765 ta-

1948 812 2072 850 men
2099 813 2129 851 a
2159 799 2367 853 ratione
2396 800 2695 855 discretum
2717 802 2949 854 miscere
2973 815 3302 853 sermonem.
3328 799 3524 853 Fertur

1945 888 2167 956 quidam
2204 890 2406 944 nobilis
2434 902 2549 945 arte
2579 890 2857 960 pingendi.
2879 907 3002 944 cum
3040 906 3242 958 equum
3264 888 3521 957 penicillo

1946 983 2110 1036 vellet
2138 984 2410 1052 explicare
2429 985 2998 1053 perlectum,asellum
3032 982 3134 1035 sibi
3166 981 3521 1050 proposuisse

1944 1073 2212 1143 pingenti,
2246 1091 2520 1138 asserens,
2570 1092 2681 1129 non
2738 1084 2797 1129 ut
2844 1077 3153 1145 jumentum
3215 1072 3523 1125 imitaretur

1945 1160 2208 1227 deforme,
2263 1163 2357 1217 sed
2402 1180 2471 1217 ne
2514 1164 2568 1216 in
2616 1164 2849 1231 alicujus
2882 1162 3147 1215 deformis
3204 1157 3520 1213 iineamenti

1943 1248 2361 1304 similitudinem
2386 1252 2569 1320 lapsus
2598 1252 2889 1305 incideret.
2921 1251 3039 1303 Non
3078 1249 3382 1320 improvide
3412 1249 3516 1300 Pa-

1944 1351 2085 1396 trum
2120 1343 2432 1396 veneranda
2487 1344 2755 1412 sapientia
2809 1342 2958 1396 fideli
3013 1340 3361 1411 posteritati,
3400 1354 3522 1407 qua:
3615 1400 3627 1412 .

1941 1434 2403 1487 essentcanonica
2433 1433 2688 1504 dogmata
2711 1433 2963 1490 definivit
2997 1451 3008 1485 :
3033 1442 3237 1486 certam
3272 1432 3324 1483 in
3352 1431 3522 1483 libro-

1941 1538 2063 1575 rum
2106 1524 2271 1577 etiam
2310 1534 2559 1578 veterum
2611 1526 2995 1579 auctoritatem
3035 1524 3515 1592 recipiendorum,

1940 1625 2132 1669 sancto
2173 1617 2382 1686 Spiritu
2428 1619 2773 1681 instituente,
2829 1634 3097 1672 summam
3136 1617 3517 1687 prtescribens,

1938 1721 2007 1760 ne
2037 1706 2279 1775 opinioni
2322 1724 2433 1762 sua:
2462 1709 2635 1762 lector
2662 1708 2977 1778 indulgens,
3016 1724 3125 1761 non
3165 1708 3309 1776 quod
3344 1708 3518 1761 :ediﬁ-

1938 1799 2142 1853 cationi
2165 1800 2555 1855 ecclesiasticae
2581 1802 2932 1865 conveniret,
2970 1801 3064 1855 sed
3092 1801 3236 1869 quod
3266 1802 3520 1855 voluntas

1939 1906 2037 1945 sua
2063 1893 2438 1961 concepisset,
2462 1904 2752 1948 assereret.
2781 1892 2922 1958 Quid
2972 1908 3101 1961 ergo
3135 1890 3519 1946 calumnianti-

174 1976 471 2046 religiosis
532 1982 962 2051 praajudicium
1026 2001 1368 2055 comparare.
1422 1989 1552 2042 Fixa
1612 1998 1741 2043 sunt
1794 2006 1823 2044 a
1865 1958 1905 2012 Β
1936 1984 2039 2039 bus
2070 2000 2207 2053 opus
2239 1995 2358 2039 erat
2398 1995 2549 2039 extra
2584 1986 2914 2040 constitutos
2959 1985 3217 2038 Ecclesia:
3253 1983 3517 2037 terminos

167 2067 451 2125 Patribus
484 2088 624 2141 quae
660 2075 875 2131 ﬁdeles
906 2080 1106 2132 sectari
1139 2080 1374 2134 debeant
1404 2081 1683 2147 instituta;
1709 2084 1823 2138 sive

169 2163 635 2233 interpretatio,
693 2168 825 2223 sive
886 2172 1247 2240 praedicatio,
1295 2192 1391 2231 seu
1441 2179 1670 2232 verbum
1725 2195 1824 2248 pro

100 2256 105 2263 '
170 2256 380 2323 populi
413 2257 825 2316 adificatione
860 2264 1269 2333 compositum,
1298 2268 1341 2321 si
1377 2284 1501 2323 cum
1534 2270 1639 2323 ﬁde
1675 2279 1822 2326 recta

170 2355 235 2399 et
264 2346 538 2403 doctrina
576 2366 727 2406 sana
764 2356 1109 2422 concordat,
1138 2358 1451 2414 admittitur
1482 2379 1495 2415 :
1529 2363 1573 2416 si
1606 2362 1822 2416 discor-

171 2435 297 2498 dat,
324 2437 627 2493 aboletur.
660 2441 859 2498 Unum
898 2453 983 2499 est
1016 2445 1459 2513 fundamentum,
1487 2459 1640 2504 extra
1674 2451 1820 2518 quod

169 2529 453 2596 qualibet
502 2531 735 2587 fabrica
788 2534 837 2589 si
884 2539 1206 2608 consurgit,
1246 2540 1460 2595 infirma
1503 2552 1615 2607 est;
1654 2558 1821 2611 super

171 2617 320 2673 illud
356 2623 634 2692 quisquis
670 2626 1115 2695 superaediﬁcat,
1143 2645 1240 2683 seu
1272 2631 1399 2685 vilia
1436 2648 1530 2687 seu
1558 2634 1815 2701 pretiosa,

166 2713 535 2769 consideret.
566 2716 747 2772 Errat
780 2729 972 2773 autem
1004 2720 1051 2775 is
1078 2722 1176 2791 qui
1206 2737 1237 2775 a
1263 2722 1370 2788 via,
1395 2740 1559 2793 quam
1590 2726 1815 2779 Patrum

163 2803 389 2859 electio
429 2810 814 2873 monstravit,
841 2813 1142 2868 exorbitat.

242 2896 373 2951 Nec
413 2907 610 2954 tamen
652 2902 1015 2972 improbatur
1044 2906 1330 2977 diligentia
1359 2924 1459 2977 per
1497 2910 1669 2963 multa
1703 2910 1819 2965 dis-

172 3002 441 3053 currens,
468 2992 570 3047 sed
596 2994 837 3048 animus
864 3012 895 3049 a
930 2999 1169 3051 veritate
1213 3000 1513 3054 declinans.
1555 3001 1708 3071 Saepe
1746 3002 1815 3056 de

177 3080 273 3136 bis
313 3088 655 3140 necessaria
713 3088 1079 3156 providetur,
1128 3091 1196 3146 de
1228 3093 1431 3162 quibus
1484 3094 1589 3163 ipsi
1630 3095 1814 3149 aemuli

188 3173 611 3230 com-ineantur
642 3218 660 3241 ,
701 3180 1030 3234 instructio.
1090 3180 1204 3235 Nec
1257 3183 1392 3237 vitio
1434 3183 1554 3239 dari
1630 3194 1813 3254 potest

1930 2077 2209 2147 porrigere
2255 2078 2583 2146 quaestiones
2623 2078 2733 2131 ?et
2780 2078 2847 2131 de
2926 2078 3012 2131 his
3075 2093 3197 2146 quae
3249 2075 3519 2128 habentur

1929 2170 2095 2234 dicta,
2126 2171 2281 2240 quasi
2311 2172 2452 2225 dicta
2477 2188 2584 2225 non
2609 2172 2741 2229 sint.
2762 2187 2984 2225 movere
3013 2170 3359 2224 certamina?
3388 2184 3515 2221 cum

1928 2260 2237 2317 Christiana
2288 2262 2419 2318 fides
2445 2264 2721 2317 canonicis
2748 2262 2924 2325 libris,
2948 2271 3001 2315 et
3049 2260 3399 2328 synodalibus
3433 2261 3518 2313 di-

1928 2353 2197 2421 sciplinis,
2229 2363 2284 2407 et
2308 2355 2529 2408 Patrum
2560 2355 2906 2423 regularibus
2952 2352 3293 2415 constitutis,
3331 2352 3514 2404 stabili

1926 2453 1981 2498 et
2028 2445 2356 2499 inconcusso
2401 2446 2617 2499 tramite
2650 2445 2940 2499 litnitetur.
2967 2446 3040 2498 De
3068 2445 3298 2497 arbitrio
3334 2452 3515 2496 tamen

1925 2538 2099 2591 libero
2122 2548 2177 2591 et
2202 2538 2372 2607 gratia
2404 2538 2667 2607 Dei,quid
2700 2540 2965 2601 Romana,
2988 2538 3093 2590 hoc
3121 2545 3222 2601 est,
3247 2536 3514 2589 catholica

1924 2638 2186 2698 sequatur
2205 2637 2260 2683 et
2297 2638 2480 2683 servet
2524 2628 2851 2700 [asseveret]
2882 2628 3298 2692 Ecclesia,licet
3321 2644 3384 2680 ex
3421 2644 3515 2680 va-

1926 2723 2023 2775 riis
2067 2721 2229 2775 libris
2250 2722 2396 2776 beati
2431 2722 2746 2792 Augustini,
2794 2730 2850 2776 et
2876 2723 3111 2776 maxime
3140 2721 3207 2774 ad
3242 2721 3512 2774 Hilarium

1921 2823 1975 2868 et
2001 2815 2327 2883 Prosperum
2352 2855 2366 2879 ,
2398 2816 2617 2869 abunde
2646 2817 2819 2884 possit
2870 2816 3111 2886 agnosci,
3161 2822 3340 2866 tamen
3376 2813 3509 2865 etin

1922 2906 2146 2960 scriniis
2170 2908 2564 2962 ecclesiasticis
2589 2924 2847 2977 expressa
2873 2909 3110 2977 capitula
3130 2907 3509 2969 continentur,

1921 3016 2062 3069 quat,
2104 3001 2149 3053 si
2186 3000 2282 3053 tibi
2333 3000 2552 3065 desunt,
2598 3010 2653 3054 et
2696 3001 3004 3054 necessaria
3054 2999 3301 3061 creditis,
3343 2996 3513 3050 desti-

1919 3088 2194 3153 nabimus,
2240 3106 2549 3159 quanquam
2588 3091 2680 3160 qui
2734 3091 3029 3160 diligenter
3072 3089 3312 3158 Apostoli
3359 3088 3507 3141 dicta

1920 3181 2250 3245 considerat,
2287 3182 2420 3252 quid
2458 3183 2615 3252 sequi
2648 3183 2867 3247 debeat,
2911 3183 3199 3237 evidenter
3228 3189 3507 3248 agnoscat.
3580 3186 3587 3194 ‘

193 3278 353 3318 nosse
388 3268 543 3335 quod
589 3268 786 3340 fugias
816 3288 832 3324 :
857 3282 1027 3341 atque
1058 3272 1186 3328 ideo
1209 3291 1315 3329 non
1344 3277 1588 3345 legentes
1616 3277 1815 3332 incon-
1846 3298 1887 3355 ρ
1920 3274 2066 3328 Deus
2115 3283 2169 3328 te
2213 3274 2545 3328 incolumem
2597 3275 2893 3339 custodiat,
2944 3276 3115 3329 frater
3158 3273 3504 3328 charissima.

199 3368 326 3421 {tua
361 3356 414 3410 in
441 3359 677 3429 culpam
706 3362 976 3426 veniunt,
1016 3364 1111 3417 sed
1134 3375 1451 3435 sequentes.
1488 3368 1647 3433 Quod
1678 3369 1722 3422 si
1746 3369 1819 3422 ita

201 3460 301 3498 non
333 3458 505 3515 esset,
544 3467 853 3522 nunquam
884 3454 1095 3510 Doctor
1122 3456 1214 3511 ille
1234 3458 1477 3527 gentium
1510 3459 1820 3529 acquievis-

1925 3365 2123 3419 Datum
2156 3364 2344 3420 Idibus
2374 3365 2630 3437 Augusti,
2664 3366 2894 3420 Rustico
2944 3382 3008 3419 ac
3041 3365 3264 3434 Olybrio
3304 3378 3510 3417 consu-

1924 3456 2088 3511 libus.

238 3634 3492 3663 Μ

1086 3791 1161 3913 J
1169 3786 1589 3916 OANN
1602 3791 1745 3919 IS
1864 3789 2661 3918 MAXENTII

528 4044 690 4131 AD
765 4043 1460 4139 EPISTOLAM
1534 4045 2208 4141 HORMISDJE
2288 4047 2961 4142 RESPONSIO
3037 4031 3158 4139 (2).

264 4326 534 4394 Quamvis
561 4343 792 4398 semper
821 4328 1023 4385 invicta
1046 4341 1264 4387 maneat
1282 4334 1506 4397 veritas,
1528 4352 1812 4406 nunquam

213 4430 375 4477 tamen
409 4426 702 4478 adversus
748 4440 871 4477 eam
922 4441 980 4481 se
1017 4428 1271 4482 attollere
1315 4429 1523 4484 desinit
1580 4430 1810 4487 falsitas.

210 4514 265 4567 Et
303 4517 432 4585 quia
468 4525 675 4585 aperta
705 4515 890 4571 fronte
924 4528 1115 4572 contra
1145 4535 1266 4573 eam
1294 4536 1405 4574 non
1446 4530 1531 4577 est
1568 4538 1701 4577 ausa
1728 4540 1815 4579 as-

210 4622 452 4677 surgere,
484 4625 563 4662 ne
606 4625 738 4662 mox
774 4610 1133 4665 validissimis
1167 4612 1290 4681 ejus
1323 4613 1525 4681 jaculis
1567 4626 1811 4682 proster-

216 4710 378 4765 natur,
424 4702 621 4771 ipsius
658 4701 990 4757 adumbrata
1034 4704 1219 4772 specie
1247 4704 1517 4759 adversus
1572 4722 1693 4761 eam
1723 4708 1809 4761 di-

215 4792 377 4845 micat.
398 4794 599 4861 Atque
620 4792 699 4846 ita
721 4808 834 4847 non
863 4794 1040 4847 solum
1068 4795 1220 4849 leves
1236 4804 1293 4849 et
1312 4796 1585 4862 incautos,
1612 4814 1806 4852 verum

210 4884 355 4937 etiam
384 4884 711 4953 aliquando
758 4885 1100 4955 prudentes,
1133 4896 1190 4942 et
1218 4904 1413 4957 graves
1450 4889 1659 4960 decipit
1684 4891 1808 4945 ani-

208 4988 342 5037 mos,
396 4993 553 5045 quos
608 4993 743 5031 cum
797 4978 915 5033 suis
967 4980 1279 5049 cppleverit
1335 4981 1613 5047 tenebris,
1662 4984 1812 5053 cogit

263 5087 325 5118 η’
351 5086 394 5142 ll
431 5086 591 5140 Tim.
622 5103 706 5147 In,
736 5088 821 5142 15.
905 5088 947 5120 ¹⁶
975 5087 1171 5146 Thess.
1199 5105 1254 5157 ν,
1282 5088 1374 5144 21.

1913 4355 2010 4394 eos
2039 4340 2232 4392 insano
2256 4338 2458 4392 mentis
2474 4336 2686 4407 judicio
2713 4336 3024 4390 detractare
3046 4352 3169 4407 qua:
3192 4353 3319 4391 vera
3348 4350 3498 4407 sunt,

1913 4439 1969 4485 et
1993 4430 2298 4500 approbare
2335 4444 2457 4499 qum
2501 4445 2597 4483 sua
2634 4437 2783 4483 sunt.
2817 4428 2953 4481 Nam
2983 4443 3107 4481 cum
3150 4443 3257 4481 non
3291 4428 3360 4482 sit
3388 4429 3500 4480 vir-

1913 4531 2004 4578 tus
2042 4523 2200 4592 cujus
2225 4538 2336 4576 non
2373 4530 2458 4576 est
2485 4521 2642 4591 origo
2680 4520 2911 4584 veritas,
2949 4534 3052 4573 nec
3109 4520 3306 4572 vitium
3348 4520 3497 4589 quod

1914 4628 2024 4666 non
2052 4628 2083 4666 a
2116 4611 2406 4666 mendacio
2442 4611 2610 4665 sumit
2655 4609 2897 4673 initium,
2936 4609 3254 4662 nullatenus
3284 4612 3498 4661 veraci-

1916 4715 2001 4760 ter
2022 4705 2280 4759 vitiosum
2334 4718 2566 4774 arguere
2619 4718 2780 4771 posse
2810 4702 3121 4755 credendus
3158 4708 3243 4755 est
3302 4712 3500 4754 auctor

1913 4805 1971 4852 et
2003 4797 2262 4852 defensor
2301 4794 2595 4849 mendacii.
2634 4795 2702 4848 Et
2733 4778 3003 4848 idco'non
3044 4801 3128 4847 est
3179 4792 3412 4856 mirum,
3450 4792 3496 4847 si

1917 4888 2065 4958 apud
2109 4902 2207 4942 eos
2246 4886 2424 4940 virtus
2472 4893 2764 4954 reputetur
2798 4885 2853 4938 in
2903 4884 3120 4946 vitium,
3148 4883 3242 4953 qui
3276 4883 3499 4937 deserto

1919 4979 2131 5034 lumine
2162 4977 2434 5040 veritatis,
2456 4975 2685 5030 fallaciae
2711 4975 2931 5030 nebulis
2954 4974 3329 5029 obczecantur.
3355 4974 3501 5027 llinc

264 5203 334 5271 (ὸ)
355 5203 529 5273 Apud
564 5202 750 5256 Labb.
794 5218 807 5253 :
846 5201 1009 5256 Errat
1049 5211 1231 5257 autem
1261 5222 1293 5258 a
1324 5204 1434 5269 via,
1470 5205 1561 5275 qui
1586 5205 1650 5259 ab
1674 5222 1733 5259 eo
1754 5206 1895 5277 quod
1924 5205 2153 5260 Patrum
2185 5204 2394 5269 electio,
2418 5213 2525 5259 etc.

263 5315 334 5379 (2)
376 5316 569 5381 Quam
609 5313 971 5382 impudenter
1001 5313 1312 5370 Maxentius
1349 5316 1669 5384 mentiatur,
1700 5334 1799 5373 ne-

205 5403 321 5456 gans
358 5385 689 5456 Epistulam
716 5384 785 5437 ad
807 5385 1187 5456 Possessorem
1211 5402 1336 5440 esse
1358 5387 1662 5442 Hormisdaa
1688 5388 1797 5442 Ro-

206 5454 329 5510 mani
376 5454 703 5527 Pontiﬁcis,
736 5470 901 5523 quam
953 5454 1121 5523 impie
1154 5466 1471 5527 auctorem
1537 5459 1795 5527 Epistolae

208 5528 423 5595 appellet
478 5525 841 5585 hmreticum,
886 5541 1050 5593 quam
1085 5526 1425 5581 calumniose
1470 5525 1791 5581 Dioscorum

210 5598 443 5649 Romam
474 5596 648 5649 Sedis
684 5595 944 5665 legatum,
968 5595 1424 5667 eti’ossessorem
1464 5600 1805 5667 episc0pum,

209 5670 331 5720 viros
349 5667 573 5735 alioqui
602 5664 791 5719 clarus
832 5674 889 5719 et
911 5664 1276 5729 orthodoxos,
1299 5666 1351 5719 in
1385 5664 1593 5721 crimen
1635 5664 1805 5722 luere.

212 5740 272 5789 sis
289 5736 545 5791 Nestoris
559 5752 645 5789 na:
663 5735 1166 5806 accersat.quantis
1186 5737 1508 5806 mendaciis,
1523 5738 1635 5806 imp
1645 5749 1765 5792 ostu
1777 5770 1799 5779 -

216 5808 289 5867 ris,
324 5806 638 5860 calumniis
673 5813 728 5859 et
774 5802 1110 5858 falsitatibus
1157 5802 1227 5859 sit
1264 5815 1379 5873 tota
1411 5807 1526 5861 hate.
1552 5802 1672 5876 ejus
1710 5826 1795 5862 rc-

217 5879 405 5943 sponsio
440 5876 1090 5945 referta.quiEpistolas
1121 5877 1293 5929 sancti
1328 5876 1627 5930 llormisdze
1644 5889 1697 5931 et
1718 5880 1792 5931 le-

220 5956 435 6014 ntorum
469 5948 604 6016 ejus
630 5945 687 6000 in
708 5960 876 6003 causa
899 5946 1006 6000 ista
1028 5947 1426 6003 monachorum
1453 5946 1785 6018 Scytharum

1905 5318 2212 5387 inspexerit
2239 5318 2397 5373 facile
2427 5327 2626 5373 cuncta
2651 5317 3046 5386 deprehendet.
3076 5316 3142 5370 Et
3161 5314 3289 5387 quia
3325 5312 3491 5367 nimis

1903 5386 2127 5459 longum
2152 5398 2296 5443 esset
2325 5405 2389 5443 ea
2425 5390 2607 5442 omnia
2641 5389 2731 5442 hic
2769 5387 3033 5449 inserere,
3071 5386 3491 5459 et_innu_meros

1901 5454 2058 5513 dolos
2094 5460 2351 5514 Maxentii
2387 5459 2664 5517 sigillatim
2696 5474 3054 5513 enumerare.
3082 5455 3253 5517 adito,
3292 5454 3485 5513 lector,

1907 5538 2039 5583 tom.
2073 5530 2163 5583 Vll
2189 5530 2386 5583 Annal.

2465 5529 2793 5591 ccles.,anno
2818 5527 3021 5580 Christi
3051 5525 3173 5585 520,
3196 5538 3316 5591 cap.
3340 5523 3407 5575 9.5
3433 5532 3489 5577 et

1919 5600 2365 5668 seq.,ubiomnia
2404 5608 2592 5653 exacte
2616 5597 2859 5667 exposita
2909 5596 3172 5668 reperies.
3215 5592 3484 5668 Quocirca

1914 5663 2035 5741 qua:
2090 5670 2142 5723 in
2193 5685 2355 5741 causa
2402 5663 3486 5741 Scytharum_nionaehorum_adversus

1910 5732 2208 5808 Epistolam
2266 5732 2567 5794 Hormisda:
2617 5741 2680 5793 ad
2735 5737 3111 5808 Possessorem
3181 5733 3485 5808 Maxentius

1905 5804 2150 5879 disserit,
2185 5808 2777 5879 tanquamjmendacta.
2811 5806 2995 5879 impia,
3024 5804 3362 5879 blasphema,
3387 5819 3480 5857 ca-

1900 5878 2172 5934 lumniosa
2199 5947 2203 5950 g
2232 5874 2503 5945 ct'falsa',
2538 5876 2879 5947 repudimda
2924 5877 3045 5945 jure
3096 5874 3305 5943 optimo
3347 5890 3482 5929 cen-

1895 5958 2108 6006 εθηιυιν.
