4146 6492
664 498 733 560 95

1944 482 2259 547 ῙΟΑΝΝ18
2316 482 2690 547 ΜΑΧΕΝΤΙΙ

3841 484 3932 547 96

666 610 907 679 denique
931 622 1026 663 eos
1056 621 1196 676 quos
1231 604 1298 659 ad
1341 604 1426 658 sui
1458 601 1667 657 erroris
1704 600 1946 655 dedecus
1980 599 2246 653 inclinare
2273 596 2320 653 Λ
2347 597 2416 649 ab
2450 598 2725 655 haereticis
2769 600 2916 667 ﬁcta,
2958 600 3055 670 qui
3098 599 3167 655 ad
3197 598 3609 656 eonturbandos
3664 597 3933 653 ﬁdelium

668 701 1041 771 nequiiverint,
1075 696 1436 766 irreligiosos,
1462 694 1730 764 superbos
1747 702 1805 747 et
1834 691 2051 746 invidos
2076 705 2240 744 accu-
2339 690 2573 755 animos,
2605 701 2663 746 et
2699 692 2766 745 ad
2811 690 3264 747 commovendam
3294 698 3599 744 memorato
3626 690 3746 744 viro
3771 691 3937 745 invi-

667 810 789 849 sare
819 810 929 847 non
951 800 1208 846 metuunt
1240 809 1252 842 :
1293 804 1418 844 cum
1440 789 1556 841 haec
1575 786 1644 841 de
1668 786 1778 839 illis
1811 786 1997 854 potius
2030 785 2243 852 integro
2340 783 2507 847 diam,
2540 785 2713 854 ipsam
2737 785 2840 840 sub
2866 786 2985 855 ejus
3008 785 3232 840 nomine
3257 784 3531 838 titulatam
3552 782 3757 852 ubique
3784 798 3936 853 pro-

667 893 722 938 et
751 899 880 937 vero
919 891 1307 938 asseverentur
1350 879 1581 949 judicio,
1627 878 1723 945 qui
1751 877 1958 932 erroris
2002 876 2245 930 tenebris

667 976 1033 1040 delectantur,
1069 990 1182 1027 non
1205 974 1273 1027 de
1307 972 1415 1024 illis
1443 969 1541 1039 qui
1567 968 1691 1022 ﬁxis
1721 967 2120 1037 permanentin
2152 984 2247 1022 ve-

668 1069 829 1120 ritate
870 1066 1140 1137 vestigiis.
1172 1067 1307 1121 Nam
1343 1084 1467 1121 cum
1504 1083 1620 1122 suae
1662 1060 2039 1133 perversitatis
2070 1062 2247 1116 luere-

672 1157 763 1209 tici
786 1155 1142 1223 nequiverint
1198 1156 1427 1209 reddere
1480 1156 1789 1217 rationem,
1838 1152 1907 1206 ad
1957 1151 2249 1205 maledicta

670 1255 1104 1311 convertuntur,
1147 1255 1203 1300 et
1246 1247 1468 1316 propria
1500 1247 1555 1299 in
1579 1261 1675 1301 eos
1706 1245 1848 1299 mala
1887 1243 2245 1313 trajicientes,

572 1388 579 1395 .
672 1353 813 1408 quos
841 1338 1100 1408 pravitati
1141 1354 1254 1393 suae
1298 1340 1549 1393 sentiunt
1588 1337 1861 1401 inimicos,
1896 1336 2106 1389 aditum
2143 1334 2248 1387 sibi

672 1446 771 1500 per
791 1429 897 1484 hoc
920 1430 988 1484 ad
1020 1430 1380 1499 decipiendos
1412 1430 1692 1500 simplices
1718 1429 1991 1483 aestimant
2010 1427 2247 1496 aperire.

674 1518 860 1587 Agunt
880 1520 1028 1573 enim
1066 1520 1249 1575 omnia
1274 1521 1470 1576 callide
1493 1536 1604 1591 quo
1637 1519 1951 1574 infamando
1974 1528 2030 1573 et
2062 1519 2251 1572 obtre-

675 1606 876 1660 ctando
902 1607 1238 1674 Catholicos,
1291 1625 1445 1663 suam
1476 1610 1697 1665 valeant
1732 1618 1922 1664 tenere
1948 1607 2251 1677 turpitudi-

676 1714 825 1762 nem,
859 1698 1126 1769 ﬁngentes
1158 1702 1324 1754 etiam
1352 1702 1619 1756 adversus
1646 1716 1742 1756 eos
1767 1701 2015 1771 quaedam
2045 1700 2252 1770 scripta

675 1790 779 1845 sub
816 1804 1009 1844 eorum
1060 1791 1285 1846 nomine
1343 1792 1435 1861 qui
1470 1792 1728 1847 videntur
1754 1792 1808 1845 in
1833 1791 2077 1846 Ecclesia
2113 1791 2251 1844 emi-

676 1898 829 1945 nere,
860 1889 1135 1952 quatenus
1186 1885 1433 1937 omnium
1468 1884 1683 1938 animos
1716 1892 1908 1938 contra
1950 1882 2051 1937 hos
2094 1882 2252 1936 facile

675 1976 895 2028 valeant
939 1976 1239 2030 concitare.
1289 1975 1668 2046 Quapropter,
1713 1976 1972 2046 quoniam
2000 1974 2247 2044 quaedam

674 2066 853 2120 fertur
873 2067 942 2121 ab
968 2068 1210 2124 inimicis
1236 2069 1444 2138 ubique
1462 2069 1727 2139 Epistola,
1762 2069 1918 2139 quasi
1943 2084 1973 2121 a
2003 2068 2251 2121 Romano

672 2158 933 2228 episcopo
971 2159 1267 2223 destinata,
1304 2161 1360 2214 in
1418 2176 1529 2229 qua
1565 2161 1737 2215 multa
1778 2161 2017 2215 inaniter
2059 2168 2252 2213 contra

676 2250 1004 2320 Scytharum
1036 2252 1339 2306 monachos
1362 2252 1571 2321 digesta
1599 2251 1972 2321 reperiuntur,
1996 2265 2251 2305 necessa-

675 2340 762 2395 rio
789 2339 1138 2396 consideravi
1168 2340 1342 2411 ipsius
1388 2340 1645 2409 Epistolas
1686 2340 1851 2395 dictis
1894 2338 2251 2409 respondere,-

675 2432 1017 2503 eosdemque
1051 2437 1354 2487 monachos
1382 2434 1629 2487 omnium
1658 2431 1974 2503 hujusmodi
2001 2433 2161 2500 culpa
2184 2430 2252 2484 li-

678 2524 845 2579 heros
889 2525 1221 2595 approbare.
1272 2525 1385 2579 Nec
1415 2541 1501 2579 me
1531 2524 1765 2594 quilibet
1792 2524 1897 2579 rite
1936 2523 2136 2593 arguit,
2185 2521 2253 2576 ad

678 2614 1039 2669 scribendum
1092 2630 1194 2685 pro
1236 2617 1315 2669 eis
1348 2615 1542 2669 leviter
1570 2614 1914 2685 prosiluisse,
1948 2628 2074 2668 cum
2117 2612 2254 2667 sciat

680 2722 782 2760 nos
796 2706 1074 2762 debitores
1085 2722 1205 2761 esse
1226 2722 1327 2776 pro
1337 2706 1600 2761 fratribus
1615 2707 1781 2761 etiam
1798 2706 2010 2760 animas
2024 2718 2250 2774 ponere.

750 2799 905 2855 Unde
932 2814 1162 2854 securus
1196 2800 1307 2870 jam
1353 2800 1503 2854 hunc
1530 2800 1796 2863 laborem,
1827 2800 1940 2853 Deo
1975 2813 2061 2851 me
2095 2796 2252 2866 adju-

680 2898 845 2942 vante
869 2928 883 2952 ,
917 2890 1262 2959 aggrediens,
1294 2892 1471 2960 primo
1501 2892 1733 2946 obsecro
1772 2906 1841 2944 an
1904 2890 2096 2944 eadem
2127 2891 2254 2959 Epi-

681 2975 824 3028 stola
853 2990 883 3029 a
921 2976 1145 3031 Pastore
1186 2978 1464 3044 Ecclesiae,
1499 2995 1567 3033 an
1604 2979 1881 3048 sitpotius
1907 2979 1975 3033 ab
2016 2980 2255 3033 inimicis

681 3067 987 3135 videamus,
1014 3073 1339 3141 composita.
1381 3072 1613 3142 Ambigo
1640 3072 1786 3126 enim
1835 3073 2109 3141 quomodo
2147 3073 2254 3126 illa:

680 3158 1053 3214 sacerdotales
1098 3161 1297 3216 litterae
1340 3162 1711 3231 approbandae
1755 3163 1885 3226 sint,
1936 3178 2058 3231 qua:
2103 3163 2253 3216 nulla

680 3248 805 3303 luce
848 3249 1066 3305 radiant
1098 3251 1370 3316 veritatis,
1408 3267 1511 3306 nec
1545 3252 1783 3320 aliquam
1817 3252 1873 3305 in
1902 3266 1959 3305 se
1989 3251 2254 3305 doctrina:

680 3342 977 3398 continent
1009 3343 1302 3399 rationem.
1355 3345 1489 3400 Nam
1519 3345 1613 3414 qui
1643 3344 1947 3414 quemlibet
1974 3344 2130 3414 quasi
2166 3360 2258 3398 er-

683 3442 898 3486 rantem
930 3432 1204 3503 objurgat,
1252 3448 1354 3488 nec
1398 3434 1627 3489 instruit
1656 3434 1788 3505 quid
1829 3444 2113 3505 sequatur,
2150 3450 2262 3489 non

684 3522 991 3577 benevolus
1014 3524 1211 3579 doctor
1253 3525 1590 3590 ostenditur,
1641 3526 1736 3580 sed
1764 3526 2151 3579 incriminator
2188 3525 2265 3578 in-

685 3615 849 3669 vidus
892 3615 1212 3671 denotatur.
1247 3617 1406 3672 Unde
1453 3634 1565 3673 non
1600 3626 1686 3672 est
1732 3617 1893 3673 facile
1926 3616 2263 3672 credendum

685 3706 831 3761 hanc
853 3721 975 3761 esse
1008 3707 1311 3776 Epistolam
1360 3711 1519 3780 cujus
1564 3708 1741 3764 fertur
1768 3710 1991 3764 nomine
2024 3709 2262 3773 titulata,

686 3797 993 3866 prtesertim
1047 3812 1174 3849 cum
1227 3798 1283 3850 in
1313 3813 1377 3851 ea
1398 3799 1557 3861 nihil,
1591 3807 1653 3852 ut
1686 3798 1928 3852 diximus
1956 3839 1971 3863 ,
2037 3798 2267 3851 rationis

686 3898 782 3942 ant
802 3888 1213 3957 consequentiae
1234 3890 1563 3958 reperiatur,
1588 3890 1686 3944 sed
1721 3899 1834 3944 tota
1868 3889 2269 3943 criminationi-

688 3982 795 4034 bus
818 3980 1431 4051 obtrectationibusque
1466 3983 1623 4037 vanis
1667 3981 1809 4053 (quae
1834 3982 2016 4036 solent
2041 3997 2110 4035 ex
2142 3997 2268 4035 ran-

688 4088 817 4127 core
833 4072 1178 4127 adversantis
1200 4074 1501 4142 procedere
1538 4074 1731 4139 animi)
1759 4074 2017 4128 videatur
2039 4073 2263 4127 referta.

688 4165 825 4219 Nam
859 4164 903 4220 si
939 4164 1021 4234 (ut
1045 4165 1290 4219 haeretici
1318 4164 1535 4237 volunt)
1558 4182 1689 4220 vere
1711 4166 1886 4236 ipsius
1918 4174 2026 4230 est,
2056 4180 2121 4219 ex
2148 4165 2269 4235 ipso

691 4262 776 4315 sui
812 4262 1087 4330 principio
1111 4262 1338 4332 proprio
1374 4262 1588 4317 auctori
1613 4262 1892 4316 contraria
1924 4263 2148 4332 penitus
2169 4277 2268 4331 ap-

690 4358 1161 4428 probat.Denique
1188 4358 1262 4410 ita
1286 4357 1479 4427 incipit
1503 4374 1516 4410 :
1540 4376 1561 4407 ‹
1589 4356 1743 4411 Sicut
1766 4356 1970 4410 rationi
2020 4356 2271 4428 congruit

691 4462 753 4507 ut
784 4452 1079 4507 consulant
1127 4450 1491 4519 ambigentes,
1539 4448 1613 4502 ita
1660 4464 1761 4518 par
1805 4456 1891 4503 est
1936 4448 2269 4518 respondere

690 4546 973 4600 consultos
994 4584 1008 4608 ,
1055 4544 1182 4612 quia
1228 4542 1344 4612 ipse
1373 4542 1602 4611 impellit
1627 4541 1681 4595 in
1715 4556 1985 4606 errorem,
2032 4540 2126 4611 qui
2158 4556 2268 4594 non

2287 1941 2329 1995 Β

2340 874 2551 940 ferunt,
2611 885 2933 946 perpetuam
2975 878 3225 932 volentes
3273 874 3420 929 inter
3466 875 3742 930 Ecclesias
3788 889 3933 929 esse

2343 963 2697 1020 discordiam.
2738 967 2997 1037 Alioquin
3043 968 3092 1022 si
3143 967 3234 1037 (ut
3289 965 3381 1021 isti
3433 965 3746 1033 afﬁrmant)
3798 965 3933 1018 haec

2345 1055 2573 1109 Romani
2596 1056 2839 1125 episcopi
2876 1057 3078 1127 scripta
3111 1057 3389 1113 credenda
3417 1065 3566 1120 sunt,
3585 1056 3765 1126 qualis
3802 1056 3934 1126 jam

2345 1148 2446 1203 iste
2484 1149 2555 1204 sit
2576 1149 2671 1218 qui
2702 1150 2770 1204 ad
2789 1149 3076 1205 haereticos
3100 1149 3398 1220 Epistolam
3432 1148 3640 1219 dirigit,
3665 1158 3723 1203 et
3756 1146 3935 1204 factis

2346 1240 2460 1295 suis
2489 1242 2761 1296 contraria
2790 1242 3036 1297 scribere
3072 1257 3183 1296 non
3206 1240 3601 1305 confunditur,
3618 1254 3728 1294 non
3751 1241 3869 1311 jam
3897 1254 3933 1293 a

2346 1348 2435 1387 me
2464 1334 2588 1388 volo
2618 1345 2847 1404 quaerat,
2870 1335 2965 1391 sed
2986 1334 3209 1405 proprio
3223 1332 3433 1405 judicio
3470 1331 3720 1402 prudens
3745 1331 3941 1384 lector

2350 1424 2635 1497 intelligat.
2664 1426 2798 1481 Nam
2829 1427 2897 1491 si,
2924 1436 2987 1481 nt
3007 1427 3162 1493 dicit,
3190 1427 3391 1481 rationi
3416 1427 3671 1498 congruit
3692 1440 3938 1495 respon-

2349 1517 2482 1572 dere
2511 1518 2812 1583 consultos,
2843 1534 2941 1573 cur
2971 1519 3088 1589 ipse
3125 1519 3442 1574 nullatenus
3479 1518 3756 1588 acquievit
3784 1517 3938 1571 dare

2351 1627 2679 1681 responsum
2728 1613 3139 1683 interrogatus?
3216 1611 3391 1677 Unde,
3427 1612 3580 1683 juxta
3642 1610 3939 1680 propriam

2351 1701 2751 1767 deﬁnitionem,
2774 1702 2890 1772 ipse
2917 1703 3231 1773 ignorantes
3246 1702 3461 1772 plenius
3485 1702 3767 1771 impulisse
3793 1716 3941 1755 con-

2352 1796 2593 1851 vincitur
2624 1796 2679 1849 in
2711 1811 2980 1861 errorem,
3013 1796 3106 1865 qui
3130 1795 3264 1850 recti
3299 1795 3539 1849 tramitis
3574 1794 3779 1848 indicia
3801 1794 3943 1847 nul-

2355 1890 2572 1944 latenus
2594 1888 2869 1957 acquievit
2912 1888 3327 1958 requirentibus
3359 1887 3758 1950 demonstrare,
3797 1901 3941 1940 eos—

2358 1997 2465 2049 que
2490 1994 2629 2049 quos
2661 1981 2871 2049 legatus
2932 1994 3065 2033 suus
3105 1978 3399 2033 Dioscorus
3438 1977 3774 2032 Nestorianae
3797 1990 3941 2045 per—

2358 2074 2501 2129 ﬁdiae
2520 2074 2730 2142 laqueis
2755 2072 3105 2141 compedivit,
3128 2072 3326 2125 Filium
3357 2071 3450 2125 Dei
3481 2085 3650 2124 unum
3680 2068 3946 2138 negando

2357 2182 2478 2221 csse
2502 2181 2568 2219 ex
2590 2175 2778 2219 sancta
2807 2172 2863 2219 et
2887 2164 3171 2218 individua
3194 2162 3485 2226 Trinitate,
3519 2161 3669 2215 nullo
3690 2158 3943 2213 salubris

2358 2252 2621 2308 doctrina:
2652 2253 2912 2323 suffragio
2952 2253 3209 2307 liberare.
3238 2251 3469 2314 Rursus,
3501 2250 3567 2313 si,
3601 2257 3659 2302 ut
3693 2264 3947 2317 sequens

2358 2344 2629 2415 adjunxit,
2663 2343 2800 2397 nihil
2834 2352 2919 2397 est
2944 2343 3126 2413 aptius
3154 2342 3404 2397 studioso
3433 2338 3735 2410 religionis,
3764 2353 3944 2407 quam

2359 2436 2646 2505 inquisitio
2669 2434 2937 2499 veritatis,
2968 2432 3245 2503 quomodo
3278 2431 3511 2486 inferius
3536 2445 3801 2484 novarum
3830 2444 3945 2483 cu-

2359 2528 2517 2597 pidos
2536 2526 2900 2595 quastionum
2926 2531 3149 2579 accusat
3171 2521 3422 2577 veritatis
3443 2517 3852 2589 inquisitores?
3881 2526 3947 2571 et

2358 2620 2404 2674 si
2428 2619 2586 2673 devia
2607 2618 2745 2672 vitat
2772 2618 2856 2685 (ut
2884 2616 3041 2687 dicit)
3071 2616 3162 2685 qui
3198 2615 3304 2669 iter
3340 2629 3438 2683 per
3496 2612 3643 2681 quod
3687 2610 3947 2681 graditur

2361 2719 2535 2780 rogat,
2558 2726 2658 2765 cur
2672 2710 2831 2763 devia
2846 2710 3021 2763 vitare
3038 2709 3308 2772 volentes,
3335 2706 3438 2760 iter
3453 2721 3552 2774 per
3572 2703 3718 2775 quod
3741 2702 3948 2773 grade-

2360 2812 2572 2867 rentur,
2597 2801 3061 2856 noluitedocere?
3093 2801 3173 2854 An
3196 2800 3339 2854 forte
3364 2798 3476 2852 illis
3509 2797 3634 2852 ideo
3671 2796 3805 2850 dare
3840 2811 3941 2850 re-

2360 2910 2623 2965 sponsum
2662 2894 2942 2948 distulisse
2987 2892 3298 2947 credendus
3324 2902 3430 2957 est,
3463 2892 3557 2961 qui
3584 2890 3943 2959 percontanti

2360 2989 2415 3041 in
2446 2987 2549 3040 hac
2573 2986 2866 3056 pollicetur
2884 2985 3129 3055 Epistola
3149 2984 3504 3054 respondere,
3523 2984 3653 3053 quia
3670 2998 3779 3036 suae
3805 2980 3943 3035 ﬁdei

2358 3095 2454 3133 eos
2470 3077 2885 3148 judicavit?Sed
2907 3084 3090 3132 utrum
3117 3077 3191 3130 ita
3211 3076 3364 3131 sitde
3388 3076 3635 3130 Romano
3654 3074 3944 3142 episcopo,

2360 3186 2461 3223 suo
2490 3168 2803 3223 videbimus
2852 3168 2996 3222 loco.
3044 3167 3203 3222 Nunc
3236 3177 3386 3221 certe
3437 3174 3720 3219 auctorem
3768 3164 3947 3234 hujus

2360 3261 2615 3330 Epistola:
2637 3259 2953 3315 harrcticum
2988 3275 3130 3325 esse,
3153 3258 3403 3329 quisquis
3427 3258 3515 3311 ille
3538 3265 3640 3321 est,
3670 3267 3724 3309 et
3750 3255 3947 3309 inimi-

2361 3369 2485 3407 cum
2537 3352 2821 3407 catholica:
2852 3351 3108 3405 veritatis
3133 3391 3148 3417 ,
3196 3366 3306 3405 non
3339 3356 3423 3403 est
3460 3347 3690 3403 dubium
3716 3387 3731 3411 ,
3780 3345 3941 3417 quod

2362 3462 2489 3500 mox
2521 3461 2589 3499 ex
2625 3445 2800 3515 ipsius
2830 3444 2996 3499 dictis
3022 3444 3369 3499 docebimus.

2431 3537 2676 3605 Denique
2699 3538 2774 3591 ita
2803 3536 3053 3605 sequitur
3090 3551 3104 3588 :
3135 3554 3155 3586 ‹
3206 3534 3312 3589 Sed
3340 3533 3657 3603 priusquam
3704 3546 3946 3601 respon-

2364 3630 2529 3685 dendi
2577 3644 2767 3684 curam
2796 3629 2864 3683 de
2909 3628 2997 3683 his
3024 3644 3145 3698 quae
3170 3626 3395 3682 dilectio
3447 3635 3541 3680 tua
3581 3630 3947 3695 percontatur

2363 3720 2668 3791 aggrediar,
2684 3720 2922 3775 libenter
2939 3719 2993 3773 in
3018 3718 3341 3774 litteristuis
3366 3717 3493 3773 ﬁdei
3521 3726 3627 3771 tute
3650 3731 3737 3771 me
3761 3714 3947 3770 fateor

2366 3814 2643 3867 invenisse
2677 3813 2969 3877 fervorem,
2989 3813 3147 3882 cujus
3168 3811 3352 3865 calore
3379 3823 3700 3871 succensus,
3730 3806 3943 3863 redivi-

2365 3920 2489 3958 vam
2524 3905 2579 3957 in
2612 3905 2720 3958 illis
2758 3905 3009 3974 partibus
3053 3902 3362 3958 inﬁdelium
3400 3902 3824 3973 perversitatem
3854 3903 3947 3957 vi-

2365 4010 2493 4065 gere
2528 3994 2790 4063 suspiras.
2847 3993 3213 4063 Dignissimus
3240 3992 3423 4056 dolor,
3463 3993 3559 4063 qui
3592 3990 3779 4047 dedita
3823 3991 3947 4047 Dco

2366 4087 2532 4142 corda
2567 4087 2879 4142 contristat.
2934 4087 3046 4141 Nec
3089 4087 3240 4141 enim
3284 4094 3372 4141 est
3406 4084 3551 4156 apud
3604 4100 3702 4141 eos
3752 4086 3951 4154 lapsus

2368 4176 2795 4241 illamcntabilis,
2835 4176 2981 4247 apud
3012 4191 3150 4246 quos
3184 4182 3269 4231 est
3308 4175 3584 4247 igniculus
3634 4174 3948 4237 charitatis,

2367 4269 2496 4339 quia
2519 4287 2689 4325 unum
2729 4270 3058 4340 spiritalium
3089 4278 3277 4325 votum
3310 4277 3393 4324 est
3439 4269 3588 4324 salus
3616 4269 3951 4323 inconcussa

2366 4371 2741 4429 cunctorum,»
2766 4362 3171 4417 Catholicorum
3202 4370 3366 4431 atque
3396 4360 3659 4415 ﬁdelium.

2437 4453 2498 4507 In
2542 4453 2645 4507 hac
2694 4452 2851 4517 urbe,
2875 4468 3067 4507 eorum
3099 4452 3364 4507 duntaxat
3409 4452 3503 4521 qui
3573 4467 3702 4506 vere
3752 4450 3952 4506 ﬁdeles

2368 4553 2516 4609 sunt,
2539 4543 2766 4614 ambigit
2795 4557 2977 4607 nemo,
3021 4544 3428 4605 Possessorem,
3470 4542 3539 4597 ad
3584 4558 3746 4611 quem
3781 4548 3838 4595 et
3872 4542 3950 4596 de

692 4635 919 4689 instruit
942 4636 1337 4706 ignorantem.»
1360 4633 1771 4687 Doctoriscerte
1800 4632 1945 4688 dicta
1971 4632 2129 4687 factis
2144 4634 2263 4703 ejus
2292 4630 2340 4687 D
2367 4653 2477 4708 quo
2502 4637 2618 4692 haec
2649 4636 2752 4692 iste
2784 4636 2996 4699 scribit,
3026 4652 3134 4691 non
3159 4637 3335 4691 solum
3358 4650 3469 4690 non
3505 4634 3755 4689 conﬁteri
3775 4634 3953 4688 Chri-

692 4744 805 4782 non
830 4728 1034 4783 debent
1081 4742 1203 4782 esse
1233 4727 1529 4781 contraria.
1560 4725 1696 4791 Quia
1728 4733 1861 4779 tunc
1905 4740 2156 4795 magnam
2194 4722 2263 4778 ad

694 4819 1003 4873 docendum
1032 4818 1338 4888 probantur
1371 4817 1577 4871 habere
1610 4817 2019 4879 auctoritatem,
2042 4815 2265 4886 quando

694 4910 931 4965 invicem
951 4926 1009 4965 se
1030 4926 1143 4964 non
1171 4910 1485 4963 destruunt.
1518 4909 1777 4978 Alioquin
1809 4924 1918 4962 non
1939 4907 2005 4961 ad
2032 4908 2266 4962 aliorum

693 5002 1119 5057 instructionem
1145 5001 1459 5071 proﬁciunt,
1515 5001 1611 5055 sed
1654 5001 1738 5055 sui
1765 5001 1953 5071 potius
1990 5000 2267 5055 confusio:-

693 5110 822 5150 nem
853 5094 1252 5149 demonstrant.
1273 5092 1429 5159 Quod
1455 5090 1742 5146 monachis
1762 5105 2089 5160 responsum
2114 5104 2266 5159 quaa-

694 5184 969 5247 rentibus,
1006 5183 1289 5237 Romanus
1332 5181 1627 5251 cpiscopus
1658 5180 1791 5234 dare
1820 5181 2045 5235 omnino
2085 5179 2265 5234 distu-

690 5278 840 5342 lerit,
865 5276 1198 5345 eosdemque
1228 5284 1353 5344 post
1383 5275 1553 5328 multa
1588 5273 1753 5327 maris
1784 5273 2059 5342 pericula,
2090 5272 2267 5344 longi-

692 5386 800 5439 que
835 5368 1053 5422 itineris
1069 5367 1437 5429 vexationem,
1468 5380 1573 5419 nec
1593 5380 1701 5419 non
1728 5365 1892 5419 etiam
1913 5363 2266 5418 amictionem

691 5459 891 5529 proliiii
929 5458 1215 5528 temporis,
1243 5471 1354 5526 quo
1382 5471 1478 5509 eos
1500 5454 1641 5524 apud
1688 5470 1745 5509 se
1780 5454 2040 5516 detinuit,
2068 5468 2269 5508 vacuos

686 5562 749 5607 et
768 5554 887 5606 sine
919 5553 1031 5607 ullo
1048 5551 1247 5606 effectu
1272 5548 1339 5602 ad
1366 5549 1466 5601 has
1488 5556 1671 5617 partes
1690 5548 1882 5601 venire
1913 5546 2266 5616 compulerit,

691 5639 840 5708 quod
885 5640 1144 5694 omnibus
1172 5652 1311 5708 pene
1338 5636 1634 5691 Catholicis
1661 5644 1853 5690 notum
1895 5644 2000 5701 est,
2034 5652 2137 5690 nec
2167 5636 2267 5704 ipsi

690 5738 904 5799 queunt
952 5730 1196 5785 haaretici
1221 5729 1493 5800 denegare
1523 5771 1538 5794 ,
1580 5728 1858 5798 quomodo
1895 5744 2005 5781 non
2032 5726 2137 5783 sibi
2166 5728 2267 5796 ipsi

694 5822 970 5890 reperitur
996 5823 1050 5876 in
1073 5824 1175 5877 hac
1190 5821 1434 5891 Epistola
1459 5820 1619 5892 540
1635 5820 1925 5890 scripsisse
1954 5819 2269 5873 contraria?

696 5914 741 5968 si
779 5922 957 5969 tamen
991 5930 1098 5967 non
1139 5922 1220 5969 cst
1251 5912 1417 5985 (quod
1458 5914 1634 5984 magis
1666 5912 2002 5969 credendum
2034 5911 2269 5981 aestimo)

2370 4739 2518 4785 stum
2550 4730 2749 4786 Filium
2776 4729 2873 4784 Dei
2903 4729 3013 4783 vivi
3045 4745 3215 4784 unum
3239 4744 3305 4783 ex
3336 4728 3620 4784 individua
3649 4728 3949 4788 Trinitale,

2370 4823 2467 4878 sed
2494 4833 2550 4878 et
2581 4823 2858 4877 adversari
2884 4822 2966 4877 eis
2981 4822 3075 4892 qui
3101 4822 3208 4877 hoc
3236 4820 3566 4877 ﬁducialiter
3586 4821 3952 4888 conﬁtentur,

2372 4922 2537 4983 atque
2564 4911 2812 4968 inﬁdeles
2841 4920 2897 4967 et
2928 4911 3171 4981 perﬁdos
3212 4909 3449 4964 nefanda
3482 4925 3743 4964 accusare
3769 4917 3952 4963 teme-

2371 5003 2553 5057 ritate.
2590 5002 2746 5059 Unde
2777 5001 3015 5070 denique
3068 5000 3136 5055 ad
3186 5000 3294 5054 hoc
3339 5000 3544 5068 ubique
3592 5000 3735 5054 hanc
3769 4999 3951 5069 ipsam

2372 5092 2723 5161 impudenter
2749 5090 3038 5160 proferunt
3058 5089 3382 5160 Epistolam,
3410 5100 3682 5160 quatenus
3704 5098 3760 5144 et
3787 5089 3946 5144 Chri-

2372 5192 2492 5240 stus
2520 5182 2694 5238 Filius
2713 5182 2810 5237 Dei
2833 5197 2976 5236 unus
3011 5188 3241 5253 negetur
3271 5197 3393 5237 esse
3426 5198 3493 5237 ex
3513 5192 3702 5237 sancta
3735 5189 3791 5236 et
3830 5190 3949 5234 ter-

2373 5274 2521 5329 ribili
2555 5271 3257 5337 Trinitate,etNestoriana
3289 5273 3530 5343 pravitas
3551 5289 3581 5327 a
3612 5273 3726 5327 suis
3771 5271 3951 5325 fauto-

2372 5366 2530 5420 ribus
2559 5365 2732 5420 libere
2762 5364 2939 5419 valeat
2956 5364 3262 5433 przedicari.
3284 5364 3418 5431 Quis
3442 5380 3572 5435 ergo
3597 5365 3708 5434 jam
3730 5362 3951 5417 dubitet

2374 5457 2541 5522 hunc,
2560 5455 2653 5526 qui
2675 5471 2732 5509 se
2759 5455 2922 5525 hujus
2940 5454 3064 5507 ﬁdei
3096 5454 3365 5509 fervorem
3383 5454 3619 5508 libenter
3636 5454 3691 5505 in
3711 5455 3830 5523 ejus
3855 5452 3950 5504 lit-

2377 5547 2511 5602 teris
2541 5546 2814 5600 invenisse
2850 5554 3110 5610 testatur,
3152 5561 3322 5600 unum
3355 5561 3423 5599 ex
3472 5559 3663 5598 eorum
3711 5558 3950 5596 numero

2376 5655 2497 5694 esse
2540 5639 2634 5708 qui
2665 5638 2795 5692 huic
2812 5649 3012 5693 sanctae
3034 5638 3321 5692 sententiae
3346 5637 3511 5706 impie
3527 5634 3952 5691 contradicunt?

2377 5731 2627 5800 Suspirat
2658 5745 2893 5800 namque
2911 5730 3055 5785 idem
3087 5730 3395 5794 Possessor,
3418 5745 3529 5783 non
3555 5729 3680 5784 ﬁdei
3709 5730 3793 5799 (ut
3844 5726 3950 5782 iste

2377 5821 2553 5885 dicit),
2573 5820 2665 5875 sed
2710 5820 2793 5891 (ut
2825 5821 3025 5875 veritas
3062 5818 3245 5889 docet)
3301 5819 3564 5874 haeretico
3598 5820 3781 5873 calore
3819 5832 3950 5872 suc-

2380 5926 2619 5979 census;
2656 5925 2756 5967 nec
2783 5911 2910 5981 quia
2955 5909 3260 5967 inﬁdelium
3298 5909 3719 5981 perversitatem
3760 5909 3949 5979 vigere
