4146 6444
213 360 279 424 ΈΠ

1136 369 1236 429 AD
1274 367 1701 428 EPISTOLAM
1749 368 2167 430 HORMISDIE
2207 370 2647 433 RESPONSIO.
3437 384 3511 450 98

223 487 277 526 tu
306 468 398 524 his
455 469 632 535 videt,
671 471 776 526 sed
828 473 961 543 quia
1000 474 1250 533 fidelium
1303 478 1639 533 assertiones
1686 477 1833 533 ferre
1862 485 1907 541 Α
1936 488 2261 545 amatorem,
2296 482 2340 534 si
2374 482 2429 535 in
2472 484 2632 537 malis
2658 484 2922 554 operibus
2952 497 3331 557 conversetur,
3361 493 3507 558 inter

226 576 336 616 non
356 569 568 630 potest,
585 561 910 631 ingemiseit
943 582 957 616 :
990 565 1143 621 unde
1178 568 1289 637 jam
1315 582 1425 621 non
1449 567 1831 636 dignissimus,

230 653 327 705 sed
371 652 530 705 valde
568 653 939 721 turpissimus
973 657 1140 711 dolor
1188 658 1380 713 talium
1414 658 1831 727 comprobatur,

233 741 324 809 qui
360 757 466 793 non
502 741 640 804 Deo,
666 743 770 797 sed
788 745 976 800 errori
996 746 1187 801 dedita
1208 748 1372 802 corda
1396 747 1641 803 ﬁdelium
1662 763 1834 803 amu-

232 830 430 884 latione
462 833 790 889 contristat.
824 835 941 891 Nec
957 838 1107 907 apud
1137 853 1235 893 eos
1253 838 1539 893 charitatis
1557 839 1835 909 igniculus

230 922 461 974 ins-eniri
488 937 657 991 posse
680 924 1005 981 credendus
1023 936 1131 991 est,
1159 928 1253 999 qui
1266 929 1555 998 pravitatis
1580 946 1693 984 sua
1720 946 1835 984 ma-

219 1010 341 1065 litia
365 1014 662 1076 excaeati,
700 1014 892 1085 lapsos
924 1025 981 1072 et
1018 1018 1400 1073 lamentabiles
1456 1019 1707 1073 indicant
1739 1035 1836 1075 eos

220 1104 316 1172 qui
359 1104 535 1157 armis
579 1105 883 1161 catholica
916 1108 1170 1163 veritatis
1219 1108 1496 1177 instructi,
1539 1110 1834 1167 haretico—

223 1207 345 1245 rum
385 1193 619 1247 inimica
661 1194 972 1253 destruunt
1022 1210 1366 1268 argumenta.
1409 1200 1594 1266 Quare
1642 1217 1835 1257 revera

225 1300 393 1337 unum
416 1286 808 1354 spiritalium,
834 1305 947 1343 non
972 1300 1158 1345 autem
1193 1291 1611 1357 hareticorum,
1644 1303 1834 1351 votum
1876 1326 1877 1329 η

215 1385 302 1429 est
333 1376 488 1429 salus
513 1377 859 1433 inconcussa
891 1390 1241 1435 cunctorum.

288 1468 422 1522 Post
442 1469 566 1523 hac
589 1470 666 1523 ita
684 1471 942 1540 sequitur
971 1490 983 1525 :
1006 1491 1024 1523 ‹
1055 1472 1163 1528 Sed
1191 1489 1300 1528 non
1321 1482 1426 1539 est,
1445 1474 1835 1546 inquit,ignota

220 1558 487 1614 Ecclesia
510 1560 614 1614 Dei
629 1560 700 1615 de
716 1562 1037 1633 hujusmodi
1056 1564 1334 1634 procellis,
1349 1576 1446 1621 aut
1469 1566 1683 1623 insueta
1701 1578 1836 1623 tem-

222 1661 428 1721 pestas,
463 1662 525 1706 et
556 1655 823 1722 quamvis
858 1657 1111 1712 Rectoris
1131 1658 1216 1713 sui
1246 1658 1617 1730 gubernaculo
1645 1660 1835 1717 incon-

220 1746 700 1815 cussa'persistat,
733 1748 1105 1804 variistamen
1142 1751 1543 1807 incursantium
1566 1752 1833 1809 ﬂuctuum

1933 584 2045 623 non
2081 573 2421 627 necessarias
2459 575 2645 643 paleas
2680 576 2951 646 deputari.
2998 580 3290 651 Nunquam
3319 599 3508 648 autem
3530 588 3548 603 ’

1934 661 2202 717 fautorem
2252 663 2402 719 falsa
2438 667 2796 735 professionis
2845 685 3006 739 posse
3048 671 3195 727 inter
3246 675 3507 733 frumenti

1933 754 2143 823 Optima
2168 770 2336 825 grana
2359 760 2769 825 connumerari,
2798 762 3015 817 etiamsi
3058 763 3219 821 bouis
3255 767 3516 823 videatur

1934 847 2199 917 operibus
2252 848 2587 915 decoratus;
2639 854 2768 923 quia
2820 856 3139 912 nullatenus
3191 860 3281 914 illa
3343 877 3510 931 Opera

1934 940 2080 995 bona
2105 950 2236 994 sunt
2258 941 2577 1011 judicanda,
2609 944 2811 1013 quibus
2836 962 2951 1000 non
2980 957 3064 1002 est
3081 950 3285 1006 veritas
3313 952 3507 1007 funda.

1934 1043 2203 1088 mentum.

2003 1122 2101 1178 His
2144 1124 2412 1197 adjungit,
2442 1137 2499 1182 et
2527 1128 2667 1182 dicit
2707 1146 2720 1180 :
2757 1145 2775 1178 ε
2817 1127 2924 1183 Sed
2955 1129 3048 1184 ubi
3074 1140 3345 1187 terrarum
3400 1150 3508 1189 non

1939 1214 2044 1269 ista
2072 1218 2395 1285 permistio?
2420 1219 2533 1273 Nos
2560 1220 2679 1274 ﬁxis
2702 1220 2859 1275 decet
2896 1230 3042 1276 stare
3075 1225 3341 1294 vestigiis.
3375 1227 3509 1281 Pro.

1937 1304 2187 1363 ﬁciemus
2219 1308 2365 1364 inter
2402 1311 2761 1366 adversantes
2800 1313 3038 1381 prOpriis
3083 1316 3266 1381 bonis,
3318 1318 3363 1372 si
3397 1334 3507 1375 non

1936 1394 2285 1452 involvamur
2328 1400 2614 1455 erroribus
2648 1402 2867 1456 alienis.
2912 1422 2929 1452 ι
2974 1403 3110 1457 Cum
3141 1406 3349 1476 ubique
3396 1418 3505 1464 ter-

1936 1503 2122 1543 rarum
2148 1490 2563 1559 permistionem
2610 1493 2767 1546 istam
2812 1509 2933 1549 esse
2964 1511 3074 1549 non
3103 1498 3349 1568 ambigas
3372 1540 3386 1564 ,
3415 1516 3515 1555 cur

1936 1580 1991 1634 in
2043 1596 2149 1651 qua
2198 1592 2355 1652 parte
2384 1583 2508 1637 ﬁxis
2541 1585 2736 1639 deccat
2783 1597 2928 1640 stare
2970 1589 3251 1659 vestigiis,
3288 1593 3511 1647 omnino

1934 1688 2047 1726 non
2078 1674 2355 1743 explicas?
2386 1677 2691 1744 pra-sertim
2723 1692 2847 1730 cum
2889 1678 2996 1732 hoc
3032 1680 3299 1736 doctrina
3334 1683 3510 1753 exigat

1936 1765 2098 1829 ratio,
2134 1781 2204 1819 ne
2242 1766 2424 1821 minus
2449 1767 2703 1822 instructi
2730 1769 2823 1837 qui
2854 1778 2907 1824 te
2945 1771 3178 1826 audiunt
3208 1774 3401 1829 alienis
3433 1776 3514 1829 in-

217 1838 433 1892 laborat
456 1848 670 1893 vexata
698 1840 1041 1896 turbinibus.
1067 1842 1204 1897 Nam
1227 1843 1372 1899 unde
1400 1852 1486 1899 est
1519 1846 1831 1915 psalmidici
1866 1861 1907 1918 Β
1934 1859 2229 1912 volvantur
2257 1860 2543 1913 erroribus
2564 1900 2578 1921 ,
2614 1861 2718 1913 nisi
2752 1861 2879 1930 quia
2913 1863 3112 1917 callide
3140 1873 3289 1918 tuam
3324 1866 3519 1921 niteris

219 1944 325 1982 vox
369 1930 701 2000 propheta,
731 1931 829 2001 qui
868 1932 1044 2001 ipsius
1091 1933 1351 1991 Ecclesia
1375 1952 1669 2005 personam
1707 1938 1833 2008 Spi-

216 2020 329 2073 ritu
362 2036 479 2090 quo
534 2020 889 2091 implebatur
932 2038 1224 2079 assumens
1260 2044 1273 2080 :
1308 2024 1487 2097 Smpe,
1518 2028 1717 2098 inquit,
1745 2045 1837 2083 ea:-

210 2122 610 2183 pugnarenmt
636 2131 725 2167 me
756 2133 791 2168 a
824 2116 1105 2186 juventute
1136 2134 1273 2183 mea,
1300 2121 1490 2175 etenim
1514 2139 1618 2175 non
1649 2130 1833 2192 potue-

210 2213 345 2256 runt
371 2207 500 2258 mihi
524 2204 974 2273 ".Concutiunt,
997 2209 1092 2263 sed
1120 2210 1176 2264 in
1202 2211 1377 2266 nihilo
1405 2214 1777 2281 praevalebunt
1810 2233 1828 2265 ι

212 2294 359 2347 Vera
385 2295 482 2350 Dei
510 2296 801 2361 Ecclesia,
826 2299 918 2352 cui
942 2315 1053 2354 non
1071 2310 1202 2355 sunt
1227 2303 1607 2359 hareticorum
1638 2307 1836 2377 ignota

211 2386 497 2453 procella,
522 2401 649 2439 non
672 2398 765 2441 est
794 2388 885 2441 illa
935 2405 1060 2459 qua
1080 2390 1363 2448 Christum
1382 2396 1577 2465 gratia,
1598 2412 1710 2451 non
1740 2414 1836 2452 na-

212 2488 343 2531 tura
368 2480 549 2533 Deum
583 2481 940 2543 conﬁtetur.
982 2485 1079 2539 sed
1115 2487 1209 2542 illa
1244 2504 1367 2558 qua
1402 2490 1577 2545 Deum
1613 2508 1830 2559 verum,

202 2576 265 2622 et
291 2570 371 2623 ob
401 2570 512 2625 hoc
541 2588 731 2627 unum
776 2590 845 2629 ex
889 2576 1160 2634 Trinitate
1198 2582 1459 2649 praedicat
1485 2584 1830 2641 Emmanuel.

202 2660 523 2731 Propterea
552 2664 817 2735 denique
838 2668 1009 2723 variis
1034 2669 1402 2728 incusantium
1450 2676 1720 2731 fluctuum
1750 2679 1833 2733 la-

202 2751 381 2807 borat
419 2756 667 2824 quidem
720 2770 925 2814 vexata
972 2762 1315 2831 turbinibus,
1343 2767 1440 2821 sed
1474 2768 1626 2822 nullo
1674 2779 1835 2840 pacto

202 2846 539 2903 subruitur.
574 2851 777 2906 Manet
811 2868 1055 2924 namque
1096 2872 1316 2928 semper
1346 2859 1665 2927 immobilis,
1704 2864 1833 2932 quia

204 2953 238 2991 a
274 2940 401 2993 veri
452 2941 558 2996 Dei
627 2944 855 3014 regitur
914 2947 1310 3016 gubernaculo.
1356 2951 1638 3008 Adversus
1691 2954 1835 3011 hanc

206 3045 414 3087 omnes
461 3034 735 3088 haretici
761 3075 776 3099 ,
814 3044 928 3089 tam
966 3038 1063 3107 qui
1093 3039 1162 3094 ab
1197 3056 1261 3095 ea
1294 3042 1581 3099 manifeste
1601 3044 1834 3101 abscissi

211 3131 384 3190 atque
426 3122 605 3178 divisi
640 3134 806 3189 sunt,
844 3142 1011 3195 quam
1065 3128 1122 3183 hi
1165 3130 1260 3199 qui
1309 3132 1453 3185 intra
1494 3149 1614 3188 eam
1645 3136 1830 3204 positi,

217 3212 599 3279 spiritualiter
624 3215 702 3269 ab
733 3231 803 3270 ea
833 3216 1177 3273 dissentiunt
1215 3220 1374 3291 (quos
1396 3222 1616 3278 fortiter
1647 3234 1835 3281 sancta
1861 3210 1903 3269 ο

221 3301 471 3358 ﬁdelium
516 3305 737 3360 tolerat
764 3306 1060 3381 charitas),
1086 3324 1303 3381 semper
1330 3328 1483 3368 arma
1506 3315 1833 3385 corripiunt,

224 3408 391 3466 atque
420 3414 523 3453 eos
548 3415 704 3469 quos
729 3400 853 3453 suis
872 3402 1157 3469 potuerint
1183 3404 1490 3470 erroribus,
1518 3406 1574 3460 in
1598 3407 1719 3477 ejus
1747 3408 1837 3461 ni-

226 3500 422 3546 tuntur
443 3494 729 3548 invidiam
760 3494 1067 3550 concitare.
1104 3495 1213 3552 Sed
1228 3497 1283 3551 in
1306 3499 1484 3553 nihilo
1516 3500 1835 3568 pravalent,

226 3586 357 3654 quia
380 3587 675 3641 veraciter
698 3602 732 3640 a
759 3586 879 3641 Deo
924 3602 1077 3653 vero,
1104 3604 1269 3658 quem
1301 3591 1434 3645 colit
1458 3601 1515 3646 et
1552 3592 1835 3662 praedicat,

232 3677 309 3730 illi
334 3679 688 3747 promissum
717 3686 811 3732 est
839 3678 1160 3735 nullatenus
1204 3681 1473 3737 adversus
1498 3698 1619 3737 eam
1652 3692 1839 3754 portas

236 3768 394 3823 inferi
418 3770 826 3839 pravalituras
844 3770 911 3823 ³⁸.
938 3769 1081 3825 Huic
1098 3771 1340 3843 denique
1363 3773 1497 3828 illud
1518 3776 1710 3845 procul
1730 3775 1837 3831 du-

236 3862 327 3917 bio
366 3865 772 3934 propheticum
817 3866 1219 3925 convenienmr
1263 3870 1527 3939 competit
1590 3870 1840 3926 testimo-

232 3956 410 4017 nium,
436 3957 597 4026 quod
617 3956 786 4028 quasi
812 3974 884 4012 ex
915 3974 1151 4028 persona
1174 3961 1419 4032 ejusdem
1444 3962 1705 4019 Ecclesia
1734 3965 1838 4021 iste

236 4046 489 4112 protulit,
517 4048 726 4102 dicens
764 4065 779 4101 :
819 4046 972 4118 Swpe
1011 4060 1441 4121 expugnaverunt
1476 4070 1557 4107 me
1591 4073 1625 4108 a
1648 4056 1841 4125 juven-

236 4147 340 4191 tue
360 4156 506 4205 mea,
535 4141 737 4193 etenim
766 4157 875 4193 non
908 4150 1192 4211 potuerunt
1220 4146 1366 4199 mihi.

306 4230 420 4287 Sed
441 4234 567 4303 jam
592 4249 751 4287 nunc
784 4248 851 4287 ea
880 4249 1003 4303 qua
1035 4244 1362 4305 sequuntur,
1401 4237 1834 4295 consideremus.

240 4343 260 4375 ι
284 4326 803 4395 Adhuc,inquit,in
825 4342 954 4381 area
981 4343 1194 4392 sumus,
1221 4329 1384 4385 mista
1411 4340 1543 4385 sunt
1564 4331 1839 4386 frumenta

236 4434 359 4473 enim
388 4422 603 4490 paleis,
635 4429 873 4491 gemunt
901 4420 1030 4476 boni
1061 4422 1339 4477 consortia
1377 4424 1648 4477 malorum
1693 4441 1706 4477 :
1741 4423 1838 4478 sed

238 4522 493 4584 superest
541 4514 775 4568 ﬂamma
809 4530 921 4569 non
969 4515 1301 4571 necessariis
1326 4555 1342 4580 ,
1384 4525 1441 4571 et
1477 4525 1667 4585 parata
1707 4525 1838 4571 sunt
1867 4556 1912 4612 Β

240 4604 432 4660 horrea
452 4608 577 4676 jam
631 4605 941 4675 probatis.»
972 4606 1033 4660 In
1083 4622 1143 4661 re
1177 4606 1381 4661 morari
1410 4605 1619 4661 diutius
1648 4622 1839 4677 super-

240 4696 403 4753 fluum
447 4699 706 4753 astimo.
743 4698 881 4763 Quis
924 4698 1072 4752 enim
1105 4700 1337 4764 nesciat,
1376 4698 1839 4754 sicutfrumentis

240 4786 457 4853 horrea,
494 4790 580 4843 ita
615 4788 795 4858 paleis
826 4787 1099 4842 ﬂammam
1138 4804 1261 4844 esse
1299 4790 1595 4859 paratam?
1621 4789 1729 4845 Sed
1778 4791 1835 4845 in

234 4880 333 4937 hac
361 4897 500 4936 area
566 4880 718 4950 (hoc
747 4887 835 4934 est
869 4880 923 4934 in
962 4879 1268 4949 Ecclesia),
1293 4881 1349 4934 in
1375 4895 1484 4951 qua
1510 4882 1671 4936 mista
1705 4893 1837 4939 sunt

228 4973 518 5028 frumenta
536 4986 670 5025 cum
697 4970 892 5040 paleis,
910 4982 967 5024 et
982 4980 1212 5041 gemunt
1227 4971 1357 5026 boni
1372 4972 1652 5027 consortia
1663 4974 1835 5027 malo-

230 5080 375 5131 rum,
410 5064 550 5133 quis
611 5077 715 5117 eos
755 5061 1130 5126 necessarios,
1175 5069 1274 5115 aut
1309 5070 1459 5116 certe
1501 5077 1613 5115 non
1654 5062 1837 5132 paleas

231 5164 507 5225 perpetuo
551 5152 671 5223 igni
712 5150 1045 5207 cremandos
1076 5167 1202 5206 esse
1230 5152 1461 5223 judicet,
1490 5152 1586 5221 qui
1616 5168 1713 5207 ore
1749 5167 1837 5207 sa-

224 5246 461 5316 crilego,
494 5252 707 5299 natura
732 5242 905 5297 Deum
934 5250 1224 5312 negantes,
1249 5257 1279 5295 a
1309 5243 1580 5298 catholica
1602 5243 1835 5298 veritate

231 5338 581 5398 desciscunt,
612 5344 669 5390 et
693 5345 965 5404 apostata
998 5335 1217 5399 eﬂ‘ecti,
1260 5336 1429 5390 armis
1461 5334 1703 5406 propria
1729 5334 1833 5389 im-

230 5429 454 5498 pietatis
481 5428 770 5483 adversus
812 5442 961 5490 eam,
991 5442 1115 5496 qua
1136 5440 1234 5481 eos
1269 5427 1481 5498 genuit,
1520 5426 1833 5482 dimicant?

234 5518 539 5574 Sciendum
582 5526 775 5572 tamen
846 5530 1014 5586 posse
1061 5515 1229 5571 etiam
1276 5532 1421 5572 verae
1473 5516 1834 5586 professionis

299 5720 339 5750 "
368 5719 520 5775 Psal.
553 5732 784 5782 σπίνω,
817 5718 869 5782 l,
905 5716 963 5771 2.

239 5791 279 5823 ³⁸
302 5790 441 5845 Psal.
474 5805 645 5855 xxxv,
676 5789 763 5844 12.

1079 5717 1123 5750 ⁸⁸
1142 5716 1336 5774 Matth.
1362 5734 1476 5785 xvi,
1511 5719 1598 5774 18.

1715 5719 1921 5777 "Psal.
1950 5736 2064 5790 xw,
2097 5722 2149 5778 5.
2227 5722 2273 5755 ¹⁰
2295 5722 2438 5785 Psal.
2466 5739 2628 5789 cxvii,
2659 5722 2743 5788 15,
2780 5721 2864 5776 14.

1939 1951 2220 2005 occultare
2264 1952 2597 2021 perfidiam?
2621 1952 2727 2007 Sed
2762 1962 2818 2007 te
2850 1955 3141 2023 splendore
3178 1972 3278 2012 suo
3309 1958 3519 2030 detegit

1937 2040 2211 2095 catholica
2236 2043 2462 2106 veritas,
2504 2053 2560 2098 et
2595 2044 2748 2114 juxta
2780 2054 2978 2099 catera
3008 2048 3181 2112 mala,
3214 2049 3381 2105 etiam
3420 2067 3518 2105 su.

1935 2131 2279 2200 perbissima
2304 2134 2605 2204 Pelagiana
2633 2136 2876 2206 perﬁdia
2894 2140 3200 2193 involutum
3228 2144 3521 2199 erroribus

1937 2230 2268 2277 cunctorum
2300 2227 2478 2281 oculis
2507 2229 2824 2297 anteponit,
2863 2231 2956 2299 qui
2997 2232 3142 2287 inter
3162 2234 3521 2292 adversantes

1934 2330 2046 2368 non
2077 2316 2174 2370 Dei
2211 2332 2459 2382 munere,
2490 2319 2585 2375 sed
2612 2322 2853 2390 propriis
2878 2324 3037 2378 bonis
3066 2326 3333 2395 proficere
3357 2344 3519 2398 posse

1936 2406 2145 2460 tumida
2174 2408 2414 2464 elatione
2449 2410 2701 2466 conﬁdis.
2732 2411 2871 2478 Quia
2902 2415 2947 2467 si
2973 2416 3213 2484 propriis
3252 2417 3435 2483 bonis,
3460 2428 3519 2474 et

1933 2513 2044 2551 non
2076 2498 2171 2553 Dei
2198 2500 2404 2555 auxilio
2450 2501 2597 2556 inter
2626 2502 2984 2559 adversantes
3016 2515 3202 2575 posset
3242 2507 3516 2576 proﬁcere

1934 2598 2130 2642 natura
2160 2588 2421 2655 humana,
2449 2607 2733 2661 nunquam
2761 2593 3036 2663 Propheta
3059 2594 3268 2664 Spiritu
3302 2597 3398 2651 Dei
3427 2614 3517 2653 re-

1933 2682 2115 2751 pletus
2149 2694 2336 2738 oraret
2353 2684 2545 2740 dicens
2579 2703 2591 2738 :
2620 2685 2822 2754 Perﬁce
2843 2704 3050 2757 gressus
3078 2705 3218 2743 meos
3240 2692 3296 2743 in
3318 2692 3516 2747 semitis

1934 2775 2058 2837 tuis,
2094 2785 2151 2828 ut
2177 2792 2283 2829 non
2315 2785 2631 2831 moveantur
2655 2780 2878 2849 vestigia
2920 2796 3037 2834 mea
3056 2780 3119 2835 “.
3157 2780 3355 2837 Adhuc
3383 2798 3517 2839 sane

1933 2869 2225 2925 antedicta
2270 2871 2551 2927 hareseos
2582 2872 2782 2942 spiritu
2833 2876 3129 2942 animatus,
3169 2880 3419 2949 sequeris
3460 2889 3518 2935 e:

1933 2960 2072 3015 dicis
2107 2979 2120 3015 :
2164 2982 2182 3013 ‹
2220 2962 2425 3018 Probat
2453 2965 2601 3018 enim
2629 2966 2853 3022 virtutis
2900 2983 3012 3023 sua
3041 2969 3281 3024 validum
3311 2972 3514 3037 robur,

1932 3052 2024 3123 qui
2063 3068 2186 3108 cum
2218 3055 2536 3124 impellitur,
2562 3072 2671 3111 non
2704 3068 3030 3125 moveturp
3062 3076 3190 3114 cum
3221 3077 3331 3115 non
3367 3078 3516 3116 sem-

1935 3160 2053 3215 per,
2079 3146 2174 3200 sed
2200 3153 2333 3201 tunc
2354 3148 2592 3217 quilibet
2618 3150 2829 3205 utiliter
2853 3161 2910 3206 et
2934 3153 3234 3208 salubriter
3259 3169 3370 3209 non
3404 3169 3519 3209 mo-

1935 3244 2129 3291 veatur
2150 3238 2442 3308 impulsus,
2470 3242 2691 3311 quando
2717 3258 2747 3296 a
2779 3244 3016 3298 veritate
3059 3244 3187 3300 ﬁdei
3231 3262 3343 3299 non
3371 3246 3515 3317 deji-

1934 3328 2077 3384 citur
2108 3329 2343 3385 diversis
2365 3332 2762 3387 tentationibus
2785 3334 3143 3404 inquietatus.
3176 3337 3518 3406 Frequenter

1934 3420 2138 3474 ctenim
2187 3421 2424 3491 imperiti
2458 3438 2703 3477 errorem
2745 3439 2846 3493 pro
2901 3425 3140 3487 veritate,
3171 3425 3511 3487 defendunt.

1935 3520 1992 3565 et
2015 3511 2069 3564 in
2094 3511 2244 3566 falsis
2274 3512 2453 3577 bonis,
2490 3528 2586 3567 seu
2618 3514 2803 3582 potius
2825 3514 2879 3569 in
2911 3516 3059 3570 veris
3083 3512 3243 3571 malis
3273 3519 3516 3587 pertina-

1936 3602 2076 3657 citer
2115 3612 2474 3673 perseverant
2500 3621 2514 3657 :
2540 3605 2689 3673 quod
2744 3622 2851 3660 non
2892 3607 3141 3675 probata
3186 3608 3406 3661 virtutis
3431 3615 3517 3662 est

1935 3693 2179 3748 validum
2204 3693 2398 3759 robur,
2429 3695 2525 3749 sed
2558 3696 2941 3766 improbabilis
2967 3696 3084 3753 vitii
3119 3698 3393 3753 imbecilla
3430 3708 3514 3753 te-

1937 3785 2181 3840 meritas.
2264 3785 2370 3841 Sed
2400 3787 2524 3856 quis
2573 3802 2673 3842 sua
2723 3787 2951 3852 virtute,
3013 3797 3069 3843 et
3151 3804 3260 3843 non
3310 3789 3515 3844 auxilio

1936 3877 2194 3933 Cruciﬁxi
2229 3878 2284 3932 in
2310 3878 2539 3935 veritate
2569 3879 2695 3934 ﬁdei
2728 3896 2786 3935 se
2819 3880 3179 3935 immobiliter
3207 3896 3366 3950 posse
3393 3898 3518 3951 per-

1937 3985 2193 4026 severare
2217 3969 2464 4035 conﬁdit,
2501 3971 2605 4026 nisi
2646 3970 2743 4041 qui
2782 3972 2974 4041 utique
3005 3972 3280 4041 superbia
3316 3973 3517 4041 spiritu

1937 4071 2243 4117 excaecatus
2262 4103 2275 4125 ,
2302 4062 2591 4117 evidenter
2621 4061 2827 4117 divinis
2861 4062 3193 4117 contradicit
3239 4062 3520 4132 eloquiis?

1937 4151 2076 4219 Quia
2104 4152 2380 4223 Propheta
2428 4168 2539 4209 non
2568 4154 2675 4208 nisi
2714 4153 2887 4208 divini
2938 4153 3184 4207 muneris
3224 4153 3328 4207 hoc
3379 4169 3519 4224 opus

1937 4258 2059 4298 esse
2090 4251 2326 4297 testetur
2359 4242 2552 4298 dicens
2580 4262 2593 4296 :
2620 4243 2888 4314 Imputsus
2916 4253 3155 4298 versatus
3196 4260 3312 4298 sum
3347 4254 3405 4297 ut
3429 4260 3520 4297 ca-

1939 4333 2137 4396 derem,
2169 4342 2217 4387 et
2266 4332 2523 4388 Dominus
2557 4336 2783 4405 suscepit
2832 4350 2935 4388 me.
2976 4334 3254 4388 Fortitudo
3306 4351 3425 4387 mea
3469 4341 3520 4386 et

1938 4424 2181 4479 laudatio
2211 4441 2330 4479 mea
2372 4424 2649 4483 Dominus.
2686 4432 2736 4477 et
2779 4424 2951 4493 factus
2986 4433 3061 4478 est
3110 4427 3167 4478 in
3202 4424 3430 4479 salutem
3447 4426 3514 4479 ¹⁰.

1938 4516 2008 4570 Et
2036 4516 2237 4570 iterum
2268 4534 2282 4571 :
2307 4514 2366 4570 Si
2388 4516 2621 4569 dicebam
2645 4556 2660 4580 ,
2684 4516 2853 4570 Motus
2882 4525 2956 4569 est
2984 4533 3071 4587 pes
3102 4532 3246 4570 meus
3268 4557 3282 4581 ,
3310 4518 3518 4571 miseri-

1943 4607 2127 4660 cordia
2157 4616 2274 4671 tua,
2311 4606 2557 4670 Domine,
2589 4606 2877 4677 adjuvabat
2904 4623 2986 4661 me
3011 4610 3078 4660 ²¹.
3098 4608 3166 4662 Ει
3200 4623 3416 4671 rursus,
3444 4623 3517 4663 ne

1938 4699 2217 4753 contraria
2249 4706 2566 4753 moveretur
2602 4698 3095 4767 impulsione,orat
3128 4699 3318 4753 dicens
3353 4717 3366 4752 :
3397 4698 3516 4753 Non

1936 4790 2117 4843 veniat
2165 4789 2294 4843 mihi
2337 4806 2424 4860 pes
2453 4790 2729 4860 superbia,
2774 4798 2823 4842 et
2858 4805 3048 4843 manus
3092 4791 3381 4860 peccatoris
3410 4806 3515 4844 non

1938 4889 2142 4934 moveat
2163 4882 2324 4933 me“.

2005 4970 2102 5026 llis
2130 4972 2370 5041 denique
2396 4972 2470 5025 ita
2496 4971 2819 5040 pramissis.
2851 4970 3169 5041 specialiter
3187 4972 3299 5043 jam
3325 4980 3516 5027 contra

1939 5077 2057 5127 eos,
2080 5078 2180 5132 pro
2197 5063 2403 5133 quibus
2419 5063 2652 5133 agimus,
2672 5065 2973 5119 monachos
2990 5063 3289 5118 iracundia
3306 5063 3519 5119 facibus

1941 5170 2226 5220 accensus,
2255 5163 2313 5210 et
2341 5156 2560 5210 invidia
2582 5156 2822 5210 stimulis
2845 5157 3125 5217 incitatus,
3150 5164 3298 5210 totus
3330 5154 3515 5208 inten-

1942 5246 2046 5311 dit,
2065 5255 2119 5301 et
2142 5247 2272 5301 licet
2292 5262 2409 5312 eos,
2435 5248 2653 5317 publica
2676 5248 2928 5303 veritatis
2952 5246 3106 5319 54],
3140 5246 3511 5307 conscientia,

1942 5337 2231 5393 manifeste
2276 5339 2564 5394 hareticos
2597 5355 2704 5393 non
2733 5339 2934 5394 audeat
2957 5353 3216 5393 accusare
3243 5378 3257 5402 ,
3287 5336 3515 5403 oblique

1942 5436 2123 5483 tamen
2155 5438 2212 5485 et
2239 5430 2432 5486 callide
2458 5431 2562 5485 hoc
2593 5431 2711 5485 vult
2757 5432 2825 5485 de
2857 5431 2939 5485 eis
2987 5430 3239 5500 intelligi,
3271 5428 3513 5495 dumque

1940 5518 2090 5589 ipsos
2114 5519 2321 5589 iniquis
2346 5520 2728 5591 imprudenter
2744 5518 3247 5577 obtrectationibus
3280 5517 3510 5605 lacerat,

2326 5612 2341 5637 δ,

2975 5720 3017 5752 ²¹
3056 5719 3201 5776 Psal.
3242 5735 3389 5788 xcut,
3423 5718 3515 5778 18.
