4146 6436
752 346 822 407 99
1944 420 1945 423 γ
2006 339 2326 403 JOANNIS
2363 340 2739 403 MAXENTII

3899 345 4009 410 100

753 458 1015 527 falsisque
1037 456 1520 512 criminationibus
1538 456 1733 510 nititur
1751 455 2063 517 obfuscare,
2090 454 2331 523 seipsum
2363 457 2404 511 Α
2438 455 2777 510 Nestorianas
2808 456 3050 526 perfidiae
3082 458 3329 515 tenebris
3351 466 3677 522 exexecatus,
3735 469 4007 528 quartum

754 552 881 606 tetri
913 549 1419 617 errorisnigredine
1451 549 1802 618 adopertum,
1825 555 2149 602 cunctorum
2171 545 2332 613 aspe?

751 644 934 699 etibus
954 643 1261 710 anteponit.

818 733 1079 803 Adjungit
1102 748 1339 801 namque
1368 741 1424 785 et
1446 732 1582 785 dicit
1607 749 1621 783 :
1647 750 1663 782 α
1691 730 1793 786 Ubi
1822 745 1933 783 non
1958 728 2124 783 variae
2146 735 2325 781 tenta-

752 826 920 881 tionis
946 826 1169 881 aculei?
1219 826 1421 891 Quales
1442 842 1540 896 per
1559 826 1709 878 hunc
1754 823 1869 878 fere
1904 823 2087 893 jugem
2118 834 2327 875 annum

750 918 1117 985 quorumdam
1171 918 1523 987 Scytharum,
1582 916 1677 985 qui
1726 915 2030 969 monachos
2067 912 2330 983 prtefere-

749 1010 883 1063 bant
914 1010 1123 1079 specie,
1150 1026 1260 1064 non
1297 1009 1553 1073 veritate,
1580 1008 1953 1078 professione,
1986 1022 2099 1060 non
2130 1019 2322 1073 opere,

749 1102 942 1156 subtili
973 1112 1145 1156 tectas
1168 1102 1470 1156 calliditate
1495 1100 1796 1163 versutias,
1822 1110 1877 1153 et
1908 1099 2011 1153 sub
2040 1098 2327 1168 religionis

749 1194 983 1248 obtentu
1020 1194 1345 1246 famulantia
1395 1193 1539 1247 odiis
1562 1193 1679 1247 suis
1722 1208 1936 1247 venena
1969 1192 2325 1260 pertulimus,

751 1286 1042 1339 studentes
1064 1300 1160 1339 eos
1198 1285 1268 1338 ab
1300 1286 1521 1338 interno
1565 1284 1797 1338 vulnere
1850 1283 2196 1337 medicabilis
2235 1300 2330 1352 pa-

754 1378 963 1431 tientia:
996 1376 1383 1430 moderatione
1432 1390 1653 1439 sanare,
1704 1374 1850 1428 beati
1906 1374 2061 1427 Pauli
2110 1374 2326 1427 monita

753 1486 863 1523 non
901 1478 1187 1523 tenentes:
1212 1469 1334 1522 Noli
1359 1470 1525 1522 verbis
1551 1469 1905 1521 contendere:
1929 1468 1999 1520 ad
2033 1466 2168 1520 nihil
2188 1468 2327 1519 enim

750 1556 879 1609 utile
911 1567 1006 1620 est,
1028 1558 1127 1609 nisi
1152 1557 1220 1609 ad
1244 1557 1629 1609 subversionem
1666 1557 1995 1609 audientium
2016 1556 2084 1609 ".
2106 1574 2125 1605 ι
2160 1554 2319 1610 Prin-

749 1649 946 1717 cipalis
973 1649 1247 1717 professio
1271 1650 1518 1701 omnium
1558 1648 1611 1702 in
1663 1664 1957 1702 commune
1982 1648 2295 1702 Christiano
2315 1678 2327 1687 -

750 1756 871 1792 rum
896 1748 1001 1817 est,
1033 1740 1175 1792 viam
1206 1740 1459 1794 veritatis
1486 1747 1543 1793 et
1563 1740 1873 1803 charitatis,
1902 1740 2043 1794 duce
2074 1738 2320 1802 Christo,

748 1829 1045 1900 vigilanter
1080 1831 1319 1900 ingredi.
1356 1830 1709 1900 Quapropter
1738 1831 1783 1885 si
1818 1830 2163 1900 professione
2207 1830 2322 1885 sal-

748 1929 881 1980 tem,
904 1928 1000 1972 aut
1030 1920 1216 1988 specie
1244 1930 1392 1974 esset
1415 1920 1518 1974 iste
1550 1922 1880 1984 catholicus,
1916 1921 2011 1990 qui
2048 1921 2233 1990 specie
2267 1929 2322 1973 et

746 2011 1093 2081 professione
1149 2019 1362 2065 tantum
1420 2015 1554 2078 (non
1597 2028 1765 2080 opere
1797 2020 1855 2065 et
1908 2012 2166 2081 veritate)
2196 2011 2323 2065 reli-

746 2102 930 2171 giosos
971 2117 1067 2156 eos
1112 2112 1306 2157 contra
1341 2119 1503 2172 quos,
1530 2104 1661 2173 agit,
1692 2104 1862 2158 audet
1911 2104 2098 2157 dicere
2134 2118 2322 2156 mona-

745 2193 903 2257 chos,
958 2193 1112 2248 crcdi
1154 2195 1390 2248 forsitan
1422 2203 1646 2263 poterat
1688 2203 1840 2249 recto
1873 2197 1942 2249 de
1982 2196 2065 2249 eis
2092 2204 2148 2249 et
2188 2211 2321 2249 vero

745 2284 1324 2354 exaggerarejudicio.
1358 2285 1426 2338 At
1458 2302 1590 2339 vero
1623 2286 1715 2339 ubi
1762 2286 2046 2339 inimicum
2080 2301 2205 2339 eum
2227 2300 2319 2338 ca-

748 2376 968 2429 tholicae
998 2376 1251 2430 veritatis
1286 2393 1383 2430 sua
1414 2377 1589 2446 ipsius
1625 2378 1773 2433 dicta
1807 2378 2161 2448 redarguunt,
2195 2377 2320 2446 quis

744 2468 989 2537 ambigat
1046 2468 1307 2522 haeretico
1338 2484 1465 2523 eum
1523 2471 1721 2538 spiritu
1749 2472 2083 2539 exagitatum
2130 2470 2319 2538 inique

745 2562 864 2615 hazc
892 2561 1077 2615 omnia
1100 2562 1366 2616 adversus
1394 2563 1617 2616 eosdem
1649 2564 1947 2617 monachos
1967 2563 2275 2616 evomuisse
2298 2562 2320 2614 ?

742 2651 933 2720 Neque
958 2652 1103 2705 enim
1136 2653 1215 2705 illi
1262 2652 1357 2721 qui
1401 2652 1669 2705 catholica
1719 2660 2011 2720 sequentes
2039 2652 2310 2720 dogmata,

742 2742 1024 2798 Christum
1081 2744 1279 2797 Filium
1324 2744 1420 2797 Dei
1466 2759 1637 2797 unum
1703 2744 2036 2797 confitentur
2086 2758 2207 2796 esse
2251 2758 2317 2795 ex

742 2845 933 2890 sancta
955 2845 1011 2890 et
1045 2835 1209 2889 unius
1239 2835 1497 2889 essentia:
1531 2835 1825 2897 Trinitate,
1868 2835 1964 2889 sed
2006 2836 2107 2889 iste
2133 2836 2317 2904 potius

742 2928 838 2998 qui
868 2928 973 2981 hoc
1007 2928 1173 2997 impie
1208 2928 1463 2997 denegat,
1525 2928 1715 2981 subtili
1778 2936 1949 2982 tectas
2013 2927 2315 2981 calliditate

742 3020 1007 3089 quasdam
1039 3021 1314 3074 versutias
1346 3020 1755 3085 machinari,ac
1806 3019 2050 3073 ﬁdelium
2103 3020 2315 3072 animos

743 3112 1083 3181 inquietare,
1129 3121 1185 3165 et
1247 3112 1350 3165 sub
1394 3112 1623 3165 obtentu
1657 3112 1939 3181 religionis
1995 3111 2311 3164 famulantia

741 3216 855 3255 non
889 3209 1099 3254 tantum
1130 3202 1266 3264 odii,
1290 3200 1385 3255 sed
1412 3202 1620 3255 erroris
1652 3202 1736 3255 sui
1766 3217 1977 3255 venena
2025 3218 2123 3270 per
2149 3217 2312 3255 omne
2340 3176 2383 3233 (ἶ

742 3309 945 3362 corpus
1005 3293 1265 3347 Ecclesim
1319 3294 1459 3347 velle
1497 3293 1821 3362 [diffundere
1870 3293 2315 3347 manifestissime

741 3385 1089 3439 confutatur.
1127 3385 1439 3439 Prmsertim
1470 3385 1565 3453 qui
1598 3386 1739 3438 hanc
1763 3394 2007 3438 sanctam
2040 3392 2095 3437 et
2128 3384 2316 3438 catho-

743 3476 908 3530 licam
951 3492 1142 3530 vocem
1185 3476 1506 3531 tentationis
1540 3476 1763 3530 sibimet
1792 3477 2045 3531 aculeum
2075 3491 2195 3530 esse
2232 3485 2314 3530 te-

740 3576 939 3622 statur.
981 3569 1064 3622 An
1115 3568 1257 3622 forte
1318 3584 1429 3622 non
1480 3578 1565 3623 est.
1612 3568 1981 3633 catholicum,
2031 3568 2313 3623 Christum

741 3660 943 3713 Filium
975 3660 1071 3713 Dei
1113 3660 1221 3712 vivi
1251 3676 1423 3713 unum
1450 3660 1702 3714 conﬁteri
1737 3676 1805 3715 ex
1838 3668 2025 3715 sancta
2065 3668 2121 3714 et
2173 3660 2317 3714 indi-

740 3750 908 3803 vidua
944 3750 1247 3805 Trinitate?
1294 3753 1403 3805 Pro
1460 3752 1563 3805 hac
1609 3754 1814 3807 etenim
1877 3752 1991 3806 sola
2040 3753 2314 3807 sententia

745 3842 1077 3912 Scytharum
1123 3844 1425 3897 monachos
1451 3844 1759 3897 constatad
1789 3844 2097 3897 Romanum
2144 3844 2314 3898 fuisse

740 3934 1023 4004 profectos
1078 3936 1432 4003 episcopum,
1499 3936 1645 3989 sicut
1672 3935 1930 3989 omnibus
1980 3952 2140 4004 pene,
2203 3953 2312 3991 non

740 4027 919 4079 solum
953 4025 1007 4078 in
1038 4026 1140 4080 hac
1170 4030 1317 4097 regia
1349 4027 1507 4091 urbe,
1533 4043 1724 4081 verum
1760 4030 1925 4081 etiam
1955 4031 2009 4081 in
2054 4030 2313 4083 universa

738 4118 895 4173 Italia
932 4118 1236 4175 Catholicis
1288 4130 1482 4174 notum
1515 4128 1618 4175 est.
1653 4121 1789 4174 Nam
1821 4130 1876 4175 et
1922 4121 2024 4189 ipsi
2067 4122 2311 4176 haeretici

741 4212 825 4282 (ut
845 4213 1099 4283 superius
1126 4212 1335 4268 dictum
1372 4215 1476 4281 est)
1504 4214 1571 4267 ad
1601 4214 1706 4268 hoc
1729 4214 1935 4283 ubique.
1953 4215 2094 4268 hanc
2118 4215 2309 4282 ipsam,

736 4304 829 4359 cui
897 4304 1307 4374 respondimus,
1345 4306 1644 4374 Epistolam
1700 4305 2007 4374 proferunt,
2039 4315 2312 4375 quatenus

734 4406 793 4452 et
820 4397 1130 4467 saapedictis
1168 4397 1455 4449 monachis
1477 4396 1737 4450 invidiam
1765 4397 2067 4461 concitent,
2099 4404 2153 4450 et
2189 4411 2307 4449 om-

2428 552 2483 596 et
2506 555 2826 599 evtraneum
2853 563 2883 599 a
2913 558 3103 602 sancta
3138 557 3192 602 et
3228 548 3499 602 inetl‘abili
3545 547 3836 613 Trinitate,
3868 565 4007 602 eum

2427 639 2520 707 qui
2556 655 2654 707 pro
2675 642 2836 695 nobis
2864 657 3085 695 crucem
3118 644 3406 708 sustinuit,
3437 643 3736 713 praedicare
3765 654 4007 699 conten-

2427 728 2541 782 dat.
2571 730 2676 783 Sed
2727 731 2867 785 absit
2906 741 3046 787 utex
3078 733 3334 802 qualibet
3366 742 3523 801 parte
3566 733 3851 787 catholicae
3874 750 4010 803 pro-

2424 820 2648 876 fessioni
2698 824 2926 878 Roman.
2974 826 3268 895 episcopus
3292 826 3672 881 contradicat!
3704 828 4006 897 Nunquam

2426 915 2632 967 etenim
2668 915 2993 986 Scytharum
3027 919 3327 973 monachos
3385 918 3547 988 (quos
3594 935 3704 973 non
3756 920 4003 991 simplici

2424 1022 2699 1072 sermone,
2727 1010 2823 1063 sed
2859 1010 3024 1064 etiam
3052 1011 3295 1081 scriptis,
3338 1010 3620 1065 Christum
3668 1012 3868 1066 Filium
3899 1013 4004 1067 Dei

2429 1115 2597 1153 unum
2621 1117 2689 1154 ex
2718 1102 2987 1157 Trinitate
3013 1112 3248 1157 noverat
3288 1103 3566 1174 conﬁteri)
3602 1120 3701 1174 per
3725 1117 4003 1173 quatuor-

2424 1190 2602 1245 decim
2631 1208 2769 1260 pene
2796 1209 3033 1256 menses,
3072 1195 3317 1263 quandiu
3349 1210 3445 1248 eos
3471 1195 3545 1249 ibi
3581 1194 3839 1259 detinuit,
3890 1196 4005 1251 sibi

2426 1283 2834 1337 communicare
2869 1284 3232 1352 permisisset,
3270 1285 3337 1347 si,
3374 1292 3433 1339 ut
3480 1285 3727 1339 haeretici
3775 1287 4001 1349 volunt,

2426 1372 2569 1426 hanc
2629 1374 3073 1442 praedicationem
3139 1377 3421 1430 catholicae
3471 1377 3597 1431 ﬁdei
3655 1379 4001 1432 contrariam

2421 1466 2715 1534 judicaret.
2742 1466 2843 1533 Qui
2880 1468 3043 1522 etiam
3077 1478 3137 1521 ut
3159 1485 3215 1522 se
3240 1486 3269 1522 a
3294 1469 3561 1537 pravitate
3591 1471 3796 1539 pr0prii
3831 1470 3999 1537 legati

2426 1557 2764 1625 purificaret,
2798 1560 2989 1613 multis
3016 1559 3231 1613 idoneis
3269 1559 3408 1614 viris
3458 1561 3843 1629 praesentibus,
3880 1562 4001 1615 Ro—

2425 1662 2648 1701 manum
2692 1650 2872 1702 virum
2910 1648 3367 1719 gloriosissimum
3400 1650 3722 1720 magistrum
3754 1650 4001 1704 militum

2426 1738 2754 1807 deprecatus
2778 1750 2881 1806 est,
2918 1751 3194 1811 quatenus
3220 1758 3315 1796 sua
3340 1742 3509 1797 verba
3538 1744 3790 1813 piissimo
3816 1744 4002 1813 impe—

2426 1831 2594 1885 ratori
2624 1832 2933 1887 insinuaret
2963 1850 3084 1903 quae
3108 1833 3263 1888 fuere
3295 1834 3612 1905 huiusmodi
3639 1852 3651 1887 :
3681 1834 3797 1889 Nisi
3835 1834 4003 1889 Chri-

2424 1930 2539 1975 tum
2568 1923 2767 1977 Filium
2800 1924 2919 1987 Dei,
2942 1925 3035 1993 qui
3066 1941 3165 1993 pro
3194 1924 3355 1979 nobis
3386 1941 3579 1995 passus
3595 1934 3679 1981 est
3713 1927 3769 1980 in
3802 1941 3997 1984 carne.

2426 2030 2595 2071 unum
2621 2031 2743 2070 esse
2766 2032 2834 2069 ex
2863 2026 3052 2072 sancta
3089 2026 3145 2071 et
3185 2017 3471 2071 individua
3520 2017 3794 2072 Trinitate
3825 2016 4001 2073 fuerit.

2424 2105 2711 2159 confessus
2765 2106 3085 2173 Dioscorus,
3149 2107 3343 2175 pelago
3396 2105 3770 2174 demergatur.
3833 2103 4001 2160 Unde

2423 2198 2549 2266 quis
2582 2198 2742 2252 facile
2767 2198 2995 2252 credere
3017 2199 3215 2252 audeat
3261 2198 3403 2251 hanc
3451 2213 3480 2251 a
3523 2206 3827 2251 memorato
3870 2197 4000 2250 viro

2424 2292 2505 2359 (ut
2539 2305 2681 2360 Stepe
2712 2290 2971 2359 diximus)
3004 2290 3269 2345 directam
3335 2289 3667 2359 Epistolam?
3696 2287 3811 2343 Nisi
3851 2287 4000 2343 forte

2423 2379 2591 2450 (quod
2622 2380 2689 2434 de
2719 2388 2870 2435 tanto
2906 2381 3151 2435 antistite
3175 2380 3399 2435 credere
3456 2381 3835 2449 importunum
3884 2383 3995 2451 est)

2421 2486 2451 2523 a
2489 2482 2788 2526 memorato
2827 2473 3091 2526 Dioscoro
3147 2481 3335 2542 postea
3390 2470 3741 2540 depravatus,
3797 2482 3997 2525 contra

2421 2576 2573 2614 suam
2605 2561 2776 2630 ipsius
2814 2562 3145 2616 sententiam
3190 2562 3307 2615 haec
3344 2562 3629 2631 scripsisse
3680 2561 3997 2615 credendus

2419 2661 2523 2705 est.
2558 2653 2981 2717 Verumtamen,
3017 2652 3133 2707 sive
3160 2653 3228 2706 ab
3268 2653 3391 2715 hoc,
3428 2654 3589 2707 sivea
3613 2653 3863 2722 quolibet
3885 2654 3996 2706 alio

2420 2744 2535 2797 haec
2565 2744 2637 2797 sit
2658 2744 2860 2812 scripta
2888 2744 3152 2812 Epistola,
3212 2758 3319 2796 non
3345 2752 3428 2796 est
3453 2743 3679 2796 dubium
3709 2752 3994 2796 auctorem

2418 2838 2539 2908 ejus
2571 2851 2692 2890 esse
2718 2836 3061 2899 haeretieum,
3109 2837 3201 2904 qui
3238 2834 3653 2889 contentionem
3688 2835 3995 2889 verborum

2417 2939 2473 2983 et
2522 2928 2938 2983 subversionem
3004 2928 3377 2987 audientium,
3429 2927 3644 2996 judicat
3700 2927 3993 2983 Christum

2417 3021 2616 3075 Filium
2640 3020 2736 3075 Dei
2761 3020 2868 3072 vivi
2904 3035 3073 3073 unum
3098 3018 3257 3073 fateri
3276 3033 3342 3071 ex
3363 3018 3655 3071 Trinitate.
3684 3018 3993 3086 Apostolus

2417 3115 2563 3166 enim
2590 3122 2812 3166 sanctus
2835 3113 3036 3166 Paulus
3068 3128 3178 3165 non
3202 3110 3475 3165 veridicas
3512 3111 3853 3165 assertiones
3896 3114 3991 3177 (ex

2419 3205 2619 3275 quibus
2656 3205 2899 3258 ﬁdelium
2950 3204 3147 3258 anima:
3176 3204 3540 3266 aedificantur,
3592 3212 3648 3257 et
3697 3203 3995 3258 haeretico-

2419 3312 2541 3350 rum
2591 3296 2831 3365 pravitas
2868 3295 3233 3357 confutatur),
3271 3294 3365 3349 sed
3419 3294 3610 3348 inanes
3650 3304 3705 3347 et
3763 3295 3993 3349 veritati

2420 3389 2746 3452 contrarias,
2795 3388 2954 3442 docet
3008 3403 3129 3442 esse
3176 3387 3475 3441 verborum
3529 3386 3945 3441 contentionem
3974 3431 3989 3451 ,

2418 3482 2947 3550 subversionemque
2977 3480 3343 3534 audientium.
3395 3479 3657 3548 Alioquin
3701 3495 3992 3548 nunquam

2419 3588 2521 3625 nos
2550 3572 2833 3640 Scriptura
2882 3571 3066 3624 divina
3102 3570 3445 3633 admoneret,
3476 3568 3701 3623 dicens:
3752 3569 3829 3622 Ne
3858 3587 3992 3622 con-

2419 3666 2663 3734 fundaris
2690 3664 2832 3733 loqui
2858 3664 3070 3717 verbum
3096 3680 3191 3733 pro
3220 3664 3401 3715 anima
3447 3670 3559 3725 tua,
3600 3672 3649 3715 et
3701 3678 3796 3729 pro
3845 3666 3994 3716 veri-

2418 3766 2526 3809 tate
2545 3764 2689 3809 certa
2716 3770 2875 3823 usque
2909 3755 2978 3808 ad
3006 3763 3225 3807 mortem
3246 3754 3325 3818 l“;
3352 3768 3630 3821 nunquam
3655 3752 3817 3806 etiam
3838 3753 3993 3807 idem

2416 3845 2667 3915 gentium
2707 3844 2901 3898 doctor
2938 3844 3380 3898 contradicentes
3413 3844 3632 3898 Iudaeos
3655 3844 3769 3897 sive
3803 3846 3994 3913 genti-

2415 3939 2496 3992 les
2540 3936 2825 3991 revincere
2848 3936 3135 4005 potuisset,
3177 3936 3283 3989 nisi
3322 3936 3565 4007 legitime
3627 3936 3991 3990 decertasset.

2416 4027 2555 4082 Ilinc
2610 4027 2845 4097 denique
2880 4070 2894 4094 ,
2944 4028 3087 4081 inter
3154 4037 3390 4093 caetera,
3443 4027 3539 4081 ubi
3595 4027 3663 4081 de
3715 4027 3995 4083 electione

2414 4120 2657 4190 episcOpi
2680 4120 2959 4190 proprium
2987 4122 3042 4175 in
3065 4120 3169 4175 lide
3194 4121 3362 4175 lilium
3412 4120 3654 4183 instruit,
3703 4121 3987 4189 przeeipit,

2414 4213 2637 4268 dicens:
2660 4213 2985 4283 Amplectere
3004 4214 3241 4283 eum,qui
3259 4213 3541 4266 secundum
3564 4213 3858 4266 doctrinam
3885 4222 3990 4275 est,

2413 4303 2622 4373 ﬁdelem
2644 4321 2957 4369 sermonem,
2989 4314 3045 4358 ut
3074 4315 3254 4375 potens
3278 4305 3355 4359 sis
3383 4306 3654 4358 exhortari
3670 4306 3725 4357 in
3741 4305 3995 4357 doctrina

2412 4414 2569 4461 sana,
2599 4408 2648 4452 et
2685 4400 3099 4453 contradicentes
3162 4401 3445 4453 revincere.
3498 4399 3633 4453 Sunt
3652 4399 3789 4452 enim
3826 4396 3998 4453 multi

733 4504 835 4544 nes
865 4489 1023 4558 quasi
1046 4504 1113 4541 ex
1135 4487 1465 4541 auctoritate
1511 4486 1758 4556 ejusdem
1797 4486 2028 4540 Romani
2056 4486 2300 4556 episcopi
2342 4518 2387 4574 η
2415 4491 2765 4545 inobedientes
2794 4532 2808 4554 ,
2872 4494 3141 4563 vaniloqui
3168 4537 3181 4556 ,
3247 4502 3295 4546 et
3352 4496 3647 4547 seductores
3673 4535 3686 4559 ,
3754 4497 3997 4548 maxime

737 4582 1142 4653 prohibeantur
1176 4579 1455 4633 Christum
1488 4580 1685 4633 Filium
1714 4580 1809 4632 Dei
1834 4596 2005 4633 unum
2052 4579 2307 4634 confiteri

731 4690 802 4728 ex
823 4673 1115 4727 Trinitate.
1144 4671 1248 4726 Sed
1276 4671 1401 4741 quis
1422 4672 1565 4726 hanc
1595 4672 1925 4727 sententiam
1979 4673 2307 4727 catholicam

732 4782 845 4821 non
867 4782 989 4820 esse
1014 4780 1183 4818 ausus
1213 4773 1297 4819 est
1320 4765 1585 4834 proﬁteri,
1606 4782 1768 4835 quam
1793 4766 2047 4820 universa
2079 4782 2309 4821 venera-

734 4866 825 4911 tur
865 4863 921 4907 et
969 4854 1323 4923 amplectitur
1375 4855 1471 4907 Dei
1512 4855 1793 4919 Ecclesia;
1848 4855 2191 4909 conﬁdenter
2219 4863 2306 4908 θι-

731 4946 881 5001 enim
932 4946 1118 4999 dicere
1172 4946 1371 5009 audeo,
1410 4962 1516 4999 non
1579 4947 1724 5015 quod
1760 4946 1805 5001 si
1844 4964 1943 5016 per
1988 4948 2301 5015 epistolam,

732 5037 827 5091 sed
854 5036 998 5105 quod
1030 5036 1073 5089 si
1094 5036 1216 5090 viva
1246 5054 1379 5090 voce
1405 5038 1494 5090 hic
1526 5038 1577 5091 in
1622 5040 1873 5107 praesenti
1907 5040 2116 5107 positus
2160 5039 2305 5092 idem

732 5129 894 5183 Rom.
929 5127 1245 5197 prohiberet
1298 5128 1591 5197 episcopus
1625 5129 1908 5183 Christum
1965 5129 2167 5183 Filium
2200 5130 2297 5184 Dei

730 5234 903 5273 unum
940 5218 1189 5271 conﬁteri
1241 5234 1309 5272 ex
1353 5231 1540 5273 sancta
1588 5228 1644 5273 et
1675 5220 1962 5274 individua
1985 5221 2297 5285 Trinitate,

729 5325 1013 5379 nunquam
1048 5308 1227 5362 eidem
1276 5310 1371 5363 Dei
1405 5310 1644 5365 Ecclesia
1713 5313 2130 5381 acquiesceret;
2165 5330 2308 5368 nun-

731 5416 894 5470 quam
925 5399 1326 5469 utepiscopnm
1359 5400 1694 5455 catholicum
1751 5415 2111 5458 veneraretur
2139 5446 2153 5469 ,
2207 5404 2305 5459 sed

730 5493 958 5547 omnino
994 5501 1055 5545 ut
1086 5491 1408 5545 hacreticum
1440 5493 1661 5561 penitus
1720 5505 2126 5550 exsccraretur.
2164 5495 2304 5561 Quia

730 5586 984 5654 quisquis
1010 5585 1117 5639 hoc
1167 5600 1276 5639 non
1305 5585 1625 5654 confitetur,
1646 5603 1757 5643 non
1788 5599 1874 5643 est
1894 5590 2125 5644 dubium
2156 5589 2305 5656 quod

808 5758 852 5790 “
880 5760 923 5815 ll
953 5760 1097 5815 Tim.
1127 5777 1185 5827 ll,
1214 5763 1299 5818 Η.
1374 5763 1417 5794 ³⁵
1449 5764 1619 5820 Eccli.
1659 5780 1730 5831 Iv,
1754 5764 1842 5819 55.

1922 5766 1965 5796 "
1998 5762 2107 5817 Tit.
2145 5778 2183 5829 ι,
2209 5762 2367 5817 9-H.

2416 4586 2503 4651 qui
2558 4582 2620 4633 de
2658 4584 3046 4635 circumcisione
3084 4593 3243 4645 sunt,
3290 4600 3418 4652 quos
3464 4594 3668 4654 oportet
3710 4585 3994 4654 redargui,

2413 4676 2504 4744 qui
2572 4676 2844 4728 universas
2915 4675 3096 4729 domos
3164 4676 3510 4737 subvertant,
3576 4677 3810 4728 docentes
3868 4693 4000 4745 qua:

2412 4783 2517 4820 non
2542 4776 2764 4836 oportet,
2801 4770 2967 4837 turpis
2995 4768 3127 4821 lucri
3146 4769 3320 4838 gratia
3338 4769 3404 4821 ’⁵.
3437 4768 3724 4832 Quocirca,
3744 4784 3851 4821 non
3884 4770 4000 4822 mi-

2410 4875 2534 4913 rum
2588 4860 2632 4914 si
2655 4861 2922 4915 catholica
2955 4861 3160 4914 sanitas
3194 4862 3394 4915 vulnus
3414 4862 3481 4915 ab
3519 4860 3792 4917 hzereticis
3833 4863 3997 4915 aesti-

2416 4958 2614 5013 metur,
2639 4952 2781 5004 sicut
2807 4960 2864 5004 et
2900 4951 2968 5005 ab
3028 4951 3133 5004 hoc
3185 4951 3277 5019 qui
3344 4951 3590 5004 studium
3625 4950 3993 5008 medicabilis

2413 5040 2690 5111 patientia:
2749 5041 3127 5095 moderatione
3177 5042 3494 5096 adhibuisse
3544 5058 3601 5097 se
3632 5043 3823 5113 jactat,
3871 5059 3998 5113 quo

2412 5131 2740 5202 Scytharum
2761 5133 3060 5186 monachos
3079 5149 3108 5185 a
3129 5133 3353 5202 proprio
3381 5143 3602 5187 sanaret
3617 5132 3875 5188 vuliiere.
4007 5135 4023 5150 ‘

2481 5225 2636 5281 Unde
2664 5226 2948 5295 sequitur:
2982 5243 3001 5275 ‹
3031 5224 3137 5279 Sed
3160 5227 3401 5294 quando,
3438 5227 3633 5296 inquit,
3658 5226 3813 5282 virus
3834 5230 3995 5297 quod

2407 5315 2622 5369 viscera
2671 5314 3003 5383 penetravit,
3030 5316 3324 5369 evellitur?
3360 5317 3582 5385 quando
3615 5318 3782 5372 corda
3838 5320 3995 5373 male

2407 5406 2513 5460 sibi
2573 5405 2840 5469 credula,
2898 5404 3149 5459 veritatis
3210 5408 3599 5475 obtemperant
3664 5408 3997 5462 institutis?

2407 5496 2629 5567 quando
2656 5496 2836 5549 induit
2855 5496 3185 5551 obedientia:
3227 5498 3593 5553 humilitatem
3620 5499 3994 5568 opinionibus

2411 5588 2526 5641 suis
2571 5586 2770 5641 vallata
2806 5586 3103 5655 superbia?
3163 5586 3385 5656 quando
3416 5588 3779 5657 acquieseunt
3830 5588 3986 5657 paci,
