4146 6440
319 369 408 435 101

1209 367 1311 427 AD
1347 363 1773 424 EPISTOLAM
1812 361 2233 422 HORMISDE
2266 364 2710 426 RESPONSIO.

3489 368 3589 435 102

317 457 736 544 contentionum
800 480 1055 536 stimulis
1114 479 1358 543 assueti,
1419 477 1535 531 sola
1599 475 1904 530 certamina
1938 482 1982 535 Α
2010 476 2103 530 hic
2131 477 2394 533 Christus
2440 497 2586 535 unus
2622 485 2692 536 sit
2727 499 2793 536 ex
2831 484 3128 549 Trinitate,
3185 488 3280 542 sed
3325 489 3456 558 quia
3491 492 3589 546 Dei

322 589 550 636 aventes
563 577 626 631 de
642 574 924 646 religione
941 580 1188 642 captare,
1208 580 1264 624 et
1287 569 1541 624 mandata
1564 566 1907 638 negligere?»

323 677 442 732 Non
467 682 549 728 est
580 672 824 726 dubium
848 669 1133 725 catholica
1170 667 1448 738 dogmata,
1475 666 1624 720 sicut
1656 663 1914 718 ﬁdelibus

321 764 619 828 salutifera,
657 764 738 817 ita
769 777 901 817 esse
929 759 1219 815 mortifera
1269 757 1612 812 inﬁdelibus.
1644 755 1787 825 Hinc
1808 755 1910 808 de-

314 860 483 928 nique
506 858 709 911 beatus
738 854 1049 925 Apostolus
1082 850 1416 922 quibusdam
1440 849 1668 904 odorem
1698 863 1756 901 se
1783 845 1916 900 dicit

310 964 435 1005 esse
470 949 601 1002 vitae
633 948 692 1000 in
714 947 915 1010 vitam,
952 945 1289 1015 quibusdam
1327 957 1465 997 vero
1495 942 1727 997 odorem
1759 955 1914 994 mor-

313 1042 388 1096 tis
413 1042 473 1095 in
507 1048 750 1093 mortem
772 1038 846 1090 “.
877 1037 960 1092 Ex
983 1036 1189 1106 quibus
1211 1049 1355 1088 unus
1398 1033 1501 1087 iste
1525 1047 1650 1086 esse
1687 1029 1916 1085 omnino

312 1128 671 1186 convincitur
695 1127 795 1196 qui
830 1135 1082 1181 sanctam
1106 1132 1162 1178 et
1197 1121 1425 1177 veritati
1478 1118 1906 1175 convenientem

317 1224 676 1295 Scytharum,
715 1201 832 1274 imo
891 1218 1164 1272 universa:
1191 1213 1469 1277 Ecclesiae,
1512 1209 1916 1281 professionem

312 1319 473 1370 virus
524 1313 760 1367 noxium
820 1311 1158 1365 arbitratur.
1210 1306 1323 1360 Nec
1391 1302 1707 1365 immerito;
1766 1299 1918 1354 videt

307 1420 562 1474 namque
611 1401 860 1473 propria:
925 1398 1177 1470 perﬁdiae
1226 1397 1371 1450 hanc
1407 1408 1532 1450 esse
1580 1392 1916 1448 sententiam

310 1502 438 1556 sine
467 1498 649 1554 dubio
679 1493 1144 1567 peremptoriam,
1176 1506 1299 1560 quae
1323 1490 1548 1544 illorum
1580 1487 1914 1548 visceribus,

310 1608 462 1663 quos
478 1590 676 1644 divina
689 1586 936 1642 custodit
959 1584 1154 1654 gratia.
1180 1582 1306 1637 ideo
1328 1595 1610 1650 nunquam
1632 1579 1917 1643 evellitur,

311 1683 452 1754 quia
497 1683 626 1752 ejus
655 1679 848 1734 vitalis
873 1675 1172 1731 suavitudo
1231 1674 1408 1729 nutrit
1451 1682 1508 1727 et
1551 1671 1702 1726 fovet
1753 1670 1921 1725 corda

313 1775 602 1830 ﬁdelium.
640 1772 744 1826 Hic
769 1777 958 1824 autem
990 1767 1206 1822 idcirco
1233 1765 1552 1820 nullatenus
1594 1763 1764 1832 hujus
1793 1777 1920 1831 gra-

313 1863 778 1922 tizsuavitndini
801 1860 1136 1930 acquiescit,
1156 1859 1307 1928 quia,
1336 1865 1478 1912 srcut
1501 1857 1618 1926 ipse
1637 1855 1742 1919 ait,
1772 1869 1920 1907 nun-

309 1977 488 2032 quam
509 1959 657 2012 male
681 1955 791 2010 sibi
810 1952 1037 2008 credula
1063 1951 1233 2006 corda
1257 1949 1503 2004 veritatis
1533 1947 1921 2015 obtemperant

310 2051 624 2113 institutis,
647 2061 937 2116 nunquam
967 2044 1150 2098 induit
1183 2041 1515 2098 obedientiaa
1545 2039 1920 2093 humilitatem

309 2141 692 2212 opinionibus
709 2139 831 2194 suis
857 2137 1059 2191 vallata
1085 2132 1534 2205 superbia.Unde
1563 2147 1674 2184 non
1693 2129 1806 2200 jam
1841 2128 1921 2181 illi

308 2235 414 2304 qui
428 2233 760 2287 hzereticam
789 2245 981 2299 pacem
1001 2228 1305 2298 refugiunt,
1325 2226 1421 2280 sed
1448 2225 1550 2279 iste
1583 2223 1770 2294 potius
1786 2237 1922 2276 con-

311 2325 642 2379 tentionum
668 2323 916 2377 stimulis
954 2328 1214 2375 assuetus
1231 2317 1460 2387 penitus
1493 2314 1914 2384 comprobatur,

306 2415 411 2485 qui
432 2413 662 2469 veritati
689 2413 858 2482 impie
883 2412 1171 2474 resistens,
1193 2425 1224 2463 a
1255 2409 1525 2463 catholica
1552 2422 1686 2476 pace
1701 2406 1922 2458 dissen-

310 2505 406 2559 tit.
441 2503 564 2558 Nec
629 2503 896 2556 mandata
922 2499 1132 2556 Christi
1165 2499 1476 2569 negligunt,
1532 2497 1680 2551 sicut
1731 2495 1923 2563 inique

303 2596 678 2665 obloquitur,
705 2593 806 2649 sed
829 2593 1058 2648 omnino
1082 2592 1423 2651 custodiunt,
1486 2590 1583 2659 qui
1623 2604 1735 2642 non
1765 2587 1922 2650 falsa,

300 2687 416 2743 sed
487 2704 632 2742 vera
692 2695 962 2740 exercent
990 2698 1093 2754 pro
1129 2683 1403 2738 catholica
1443 2681 1713 2752 religione
1747 2691 1928 2732 certa-

303 2780 510 2834 mina:
547 2779 741 2833 adhuc
766 2777 882 2831 odii
919 2777 1006 2830 sui
1042 2790 1260 2830 veneno
1307 2774 1583 2828 turbatus.
1627 2771 1922 2839 Nunquam

301 2873 670 2928 charitatem
687 2885 837 2924 novo
859 2854 1137 2938 praecepto
1154 2865 1619 2928 commendatam,
1641 2879 1926 2932 nunquam

299 2979 518 3034 pacem
546 2962 846 3016 Dominico
878 2961 1129 3015 discessu
1165 2959 1413 3013 relictam
1441 2956 1583 3027 apud
1599 2955 1928 3026 Scytharum

297 3054 636 3109 monachos
690 3068 841 3117 esse,
889 3050 1289 3121 conqueritur:
1323 3049 1458 3119 quia
1508 3063 1605 3102 eos
1660 3046 1928 3116 prospicit

298 3164 421 3219 pro
453 3147 578 3201 zelo
597 3145 899 3200 catholicae
919 3143 1043 3197 ﬁdei
1073 3159 1186 3196 non
1215 3141 1480 3206 ﬁdelium,
1502 3141 1598 3195 sed
1617 3139 1923 3194 inﬁdelium
1951 3163 1997 3223 ο

301 3241 626 3310 vigilanter
689 3253 794 3306 per
849 3237 944 3290 Dei
1005 3234 1238 3306 gratiam
1288 3234 1569 3288 declinare
1621 3233 1923 3288 consortia.

306 3331 568 3387 Eosdem
601 3346 717 3383 una
752 3327 1068 3398 pertinacis
1101 3325 1374 3396 propositi
1415 3340 1547 3380 cura
1590 3325 1813 3380 deditos
1837 3340 1926 3378 ra-

311 3423 463 3478 tioni
498 3423 650 3476 velle
702 3421 1013 3489 imperare,
1047 3433 1157 3472 non
1210 3419 1416 3473 cedere
1453 3417 1809 3488 impudenter
1833 3433 1927 3472 ac-

307 3527 504 3578 cusat,
543 3529 680 3568 cum
714 3528 820 3567 eos
874 3511 1087 3566 veritas
1111 3511 1228 3565 suis
1256 3511 1482 3580 penitus
1526 3511 1797 3581 approbat
1836 3527 1926 3564 ra-

311 3608 580 3661 tionibus
614 3605 934 3675 subjectos.
973 3604 1056 3656 An
1091 3602 1235 3656 forte
1285 3603 1412 3657 illos
1463 3602 1669 3658 rationi
1703 3603 1925 3665 cedere,

309 3717 432 3755 non
468 3702 762 3768 imperare
797 3697 1042 3764 judicat,
1079 3695 1177 3764 qui
1213 3693 1496 3750 Christum
1529 3709 1696 3748 unam
1728 3708 1926 3763 persoo

311 3807 447 3844 nam
507 3788 750 3859 quidem
801 3803 868 3841 ex
923 3784 1223 3849 Trinitate,
1261 3800 1370 3838 non
1423 3792 1609 3838 autem
1647 3800 1817 3838 unum
1860 3799 1926 3838 ex

313 3881 605 3935 Trinitate
664 3894 798 3933 esse
835 3875 1121 3930 fatentur?
1171 3874 1278 3928 Sed
1341 3875 1396 3928 hi
1457 3875 1550 3943 qui
1584 3875 1692 3928 hoc
1732 3874 1929 3927 dicunt

311 3971 513 4041 potius
543 3967 760 4022 rationi
789 3964 1258 4032 velleimperare,
1287 3979 1400 4017 non
1423 3965 1679 4028 credere,
1705 3963 1928 4032 penitus

313 4063 782 4116 convincuntur.
825 4056 966 4123 Quis
983 4056 1135 4111 enim
1168 4064 1280 4110 tam
1308 4057 1514 4110 stultus
1543 4066 1599 4109 et
1631 4071 1828 4109 vecors
1857 4055 1928 4109 sit

311 4154 414 4223 qui
444 4153 647 4206 dicere
683 4149 916 4210 audeat,
937 4145 1175 4201 Paulum
1206 4161 1275 4202 ex
1303 4147 1574 4215 apostolis
1604 4162 1771 4200 unam
1804 4159 1955 4200 esse'

313 4253 656 4314 personam,
676 4254 793 4294 non
822 4245 1012 4291 autem
1046 4251 1221 4290 unum
1246 4251 1368 4290 esse
1397 4251 1464 4290 ex
1491 4236 1759 4306 apostolis
1785 4237 1928 4290 Pau-

311 4335 474 4388 lum?
532 4331 679 4386 Loci
713 4332 1114 4400 opportunitas
1141 4329 1315 4400 exigit
1353 4337 1413 4384 ut
1452 4327 1873 4383 demonstretur
1895 4345 1926 4383 a

313 4423 485 4478 nobis
542 4421 802 4492 qualiter
835 4429 893 4474 et
929 4437 1033 4476 cur
1089 4420 1371 4485 haeretici,
1431 4435 1497 4473 ex
1528 4421 1736 4489 quibus
1775 4436 1925 4473 llllllS

2015 567 2180 622 Verbi
2211 568 2266 621 in
2312 585 2369 623 se
2399 571 2706 626 habitantis
2741 591 3034 642 personam
3079 577 3303 642 habeat,
3353 595 3475 648 qua:
3503 591 3590 636 est

2017 673 2125 710 una
2159 673 2228 712 ex
2258 659 2553 725 Trinitate,
2585 673 2645 715 ut
2669 665 2781 732 jam
2816 666 2897 719 sic
2935 666 3178 722 vicarius
3228 670 3590 738 quodammo-

2015 748 2088 802 do
2125 749 2239 803 sive
2270 751 2528 807 minister
2572 754 2645 807 sit
2671 754 2768 809 Dei
2794 757 2959 810 Verbi
3011 758 3289 826 Christus,
3345 779 3460 817 non
3492 781 3593 818 au—

2019 849 2126 896 tem
2162 843 2281 912 ipse
2320 845 2470 899 Deus
2505 846 2751 901 Verbum
2785 849 2858 903 sit
2906 850 3195 907 Christus:
3228 855 3378 922 quod
3423 871 3591 924 quam

2017 933 2091 987 sit
2121 934 2376 1004 impium,
2426 939 2594 992 etiam
2650 941 2758 1010 ipsi
2809 943 2905 1011 qui
2954 944 3061 998 hoc
3107 956 3388 1012 asserunt,
3423 947 3592 1001 credo

2017 1025 2493 1084 animadvertunt.
2527 1031 2642 1086 Hac
2665 1032 2911 1103 denique
2943 1037 3246 1092 calliditate
3271 1054 3438 1092 unam
3470 1041 3595 1109 qui-

2017 1118 2143 1172 dem
2183 1135 2476 1189 personam
2527 1123 2811 1180 Christum
2874 1128 3120 1184 fatentur
3165 1147 3230 1184 ex
3292 1133 3590 1196 Trinitate,

2021 1222 2192 1260 unum
2214 1218 2403 1263 autem
2437 1227 2505 1264 ex
2531 1212 2802 1268 Trinitate
2831 1231 2958 1269 eum
2986 1220 3185 1272 nolunt
3215 1221 3438 1286 penitus
3457 1235 3594 1274 con-

2021 1297 2189 1352 ﬁteri.
2219 1300 2324 1366 Qui
2364 1311 2549 1357 autem
2586 1321 2697 1359 non
2730 1307 2828 1361 Dei
2877 1309 3045 1363 Verbi
3092 1326 3386 1378 personam
3429 1312 3595 1366 Chri-

2018 1400 2165 1444 stum
2206 1391 2410 1447 habere
2442 1395 2707 1461 fatentur,
2756 1399 2854 1453 sed
2918 1402 3099 1470 ipsum
3129 1403 3300 1457 Deum
3345 1405 3591 1460 Verbum

2018 1481 2302 1537 Christum
2330 1485 2568 1542 credunt
2593 1497 2649 1543 et
2677 1491 3038 1558 conﬁtentur,
3083 1495 3227 1549 sicut
3265 1513 3429 1550 unam
3461 1514 3594 1566 per-

2021 1585 2212 1624 sonam
2260 1588 2326 1627 ex
2351 1575 2649 1641 Trinitate,
2680 1578 2756 1632 ita
2783 1588 2839 1633 et
2859 1596 3027 1635 unum
3061 1598 3127 1636 ex
3154 1584 3426 1639 Trinitate
3453 1602 3597 1655 pras-

2022 1663 2534 1722 dicantChristum.
2566 1668 2706 1734 Quia
2759 1672 2805 1726 si
2839 1673 2984 1727 Deus
3015 1675 3256 1728 Verbum
3301 1686 3387 1731 est
3438 1677 3599 1732 Chri-

2023 1763 2164 1818 stus,
2202 1765 2258 1810 et
2307 1757 2564 1814 Christus
2620 1763 2766 1818 Deus
2806 1765 3074 1831 Verbum,
3117 1769 3266 1822 sicut
3323 1770 3599 1826 catholica

2025 1846 2204 1900 credit
2225 1849 2459 1915 sanitas,
2485 1854 2767 1920 quomodo
2793 1871 2906 1909 non
2937 1865 3023 1911 est
3067 1856 3325 1913 Christus
3359 1877 3506 1915 unus
3529 1877 3598 1916 ex

2025 1939 2320 2005 Trinitate,
2369 1943 2414 1996 si
2468 1959 2575 1998 una
2635 1961 2871 2014 persona
2932 1957 3017 2003 est
3046 1951 3191 2005 Deus
3239 1952 3484 2008 Verbum
3530 1971 3599 2009 ex

2025 2029 2342 2086 Trinitate?
2372 2034 2485 2088 Nisi
2513 2035 2657 2090 forte
2687 2038 2861 2093 Deum
2897 2041 3140 2096 Verbum
3175 2043 3292 2098 sive
3315 2043 3598 2100 Christum

2023 2121 2238 2190 aliquid
2291 2135 2492 2191 prwter
2545 2129 2821 2183 naturalis
2875 2146 3130 2198 personae
3169 2143 3427 2188 asserunt
3475 2151 3599 2190 esse

2022 2211 2380 2277 vocabulum,
2412 2213 2560 2281 quod
2581 2215 2750 2270 credo
2789 2218 2977 2270 nullus
3012 2235 3254 2288 unquam
3293 2237 3464 2275 ausus
3495 2223 3602 2276 fuit

2022 2297 2414 2354 haereticorum
2475 2302 2683 2357 dicere.
2755 2304 2810 2359 Si
2872 2315 3059 2360 autem
3127 2309 3297 2362 Deum
3356 2310 3600 2365 Verbum

2022 2392 2140 2446 sive
2167 2392 2449 2447 Christum
2476 2413 2586 2449 non
2610 2398 2760 2452 aliud
2790 2400 3020 2468 aliquid,
3055 2400 3151 2455 sed
3181 2403 3454 2458 naturalis
3473 2420 3602 2474 per-

2022 2498 2172 2538 sona:
2225 2486 2560 2541 vocabulum
2605 2505 2725 2544 esse
2776 2490 3116 2561 intelligunt,
3153 2495 3434 2562 quomodo
3485 2513 3600 2550 non

2022 2575 2413 2631 estChristum
2446 2595 2590 2634 unus
2618 2595 2685 2634 ex
2729 2581 3023 2644 Trinitate,
3074 2585 3119 2637 si
3163 2600 3269 2638 una
3326 2587 3601 2641 naturalis

2023 2683 2261 2736 persona
2314 2679 2399 2724 c‘st
2451 2671 2598 2724 idem
2648 2672 2903 2728 Christus
2946 2691 3016 2728 ex
3052 2676 3491 2733 Trinitate?Sed
3543 2678 3601 2731 in

2023 2760 2113 2815 his
2153 2763 2401 2817 tenebris
2464 2765 2588 2820 ideo
2643 2766 3040 2833 devolvuntur,
3102 2771 3232 2839 quia
3289 2786 3401 2825 non
3449 2773 3602 2838 iuxta

2025 2855 2398 2923 compositum
2431 2857 2603 2910 Deum
2639 2860 2904 2924 Verbum,
2957 2872 3014 2916 ct
3063 2863 3134 2916 ab
3167 2878 3232 2916 eo
3287 2871 3600 2932 susceptam

2025 2956 2277 3002 naturam
2294 2949 2614 3013 humanam,
2633 2968 2804 3005 unum
2835 2953 3154 3024 intelligunt
3174 2954 3482 3019 Christum,
3505 2954 3604 3008 sed

2021 3043 2176 3112 juxta
2194 3043 2421 3096 alterius
2450 3045 2502 3098 in
2521 3047 2696 3098 altero
2716 3046 3143 3112 habitationem,
3167 3047 3314 3102 sicut
3344 3048 3607 3116 superius

2028 3132 2340 3200 docuimus,
2371 3136 2486 3189 sive
2527 3138 2832 3191 secundum
2855 3138 3090 3192 duarum
3119 3154 3485 3208 personarum
3513 3155 3606 3192 so-

2030 3225 2226 3280 cialem
2287 3226 2601 3281 unitionem
2661 3245 2761 3298 per
2806 3231 3038 3299 gratiam
3093 3246 3258 3283 unam
3312 3246 3607 3299 personam

2031 3317 2370 3387 intelligunt;
2390 3320 2697 3372 secundum
2723 3320 2857 3373 illud
2887 3322 3035 3389 quod
3058 3321 3112 3373 in
3130 3321 3364 3374 Actibus
3387 3329 3608 3389 aposto-

2029 3410 2208 3464 lorum
2228 3422 2455 3480 propter
2475 3413 2808 3467 concordem
2825 3414 3168 3467 voluntatem
3183 3413 3607 3482 legiturmulto-

2031 3518 2155 3555 rum
2168 3503 2569 3572 discipulorum
2587 3521 2756 3558 unum
2772 3520 2894 3560 esse
2907 3521 3005 3559 cor
3028 3514 3084 3559 et
3100 3521 3262 3558 unam
3278 3505 3519 3558 animam
3536 3503 3605 3558 "'.

2104 3594 2210 3649 Sed
2237 3595 2519 3665 jam'quod
2540 3597 2814 3666 sequitur,
2845 3597 3156 3651 videamus.
3189 3616 3207 3647 ι
3248 3596 3610 3664 Contempto-

2032 3701 2141 3752 res,
2166 3689 2262 3751 ait,
2324 3689 2711 3743 auctoritatum
2768 3696 3041 3751 veterum,
3079 3703 3345 3742 novarum
3418 3688 3608 3756 cupidi

2031 3781 2422 3850 quaestionum,
2448 3781 2618 3835 solam
2647 3789 2905 3850 putantes
2937 3780 3182 3835 scientia:
3210 3788 3415 3833 rectam
3438 3779 3604 3844 viam,

2031 3872 2280 3942 qualibet
2308 3881 2620 3940 susceptam
2657 3871 2920 3925 facilitate
2951 3869 3395 3925 sententiamJO
3423 3869 3607 3939 impu-

2032 3962 2172 4016 dens
2203 3971 2259 4015 et
2304 3963 2472 4016 stulta
2526 3963 2918 4016 haereticorum
2974 3962 3281 4026 temeritas,
3328 3977 3450 4031 quae
3501 3961 3607 4015 sub

2031 4055 2216 4124 specie
2239 4055 2460 4124 pietatis
2484 4055 2826 4125 impietatem
2862 4065 3099 4109 conatur
3139 4063 3393 4109 astruere
3436 4057 3448 4108 ι
3484 4055 3608 4109 Non

2030 4147 2178 4201 enim
2202 4156 2398 4216 putant
2429 4155 2490 4200 ut
2514 4147 2617 4213 ais,
2643 4162 2675 4200 ο
2705 4148 2896 4202 infelix
2942 4147 3172 4217 perﬁdia
3202 4149 3216 4201 ι
3244 4146 3341 4201 sed
3372 4148 3602 4200 omnino

2031 4249 2238 4296 rectam
2265 4240 2500 4294 credunt
2523 4255 2645 4295 esse
2669 4242 2957 4295 sententiae
2979 4241 3148 4303 viam,
3175 4240 3272 4308 qui
3323 4237 3604 4293 Christum

2031 4333 2206 4386 Deum
2237 4331 2502 4395 Verbum,
2537 4340 2592 4386 et
2641 4331 2713 4386 ob
2742 4333 2850 4386 hoc
2883 4348 3054 4385 unum
3086 4331 3335 4385 fatentur
3364 4346 3432 4384 ex
3486 4330 3608 4383 Tri-

2030 4423 2229 4477 nitate.
2261 4421 2374 4477 Nec
2432 4430 2872 4492 contemptores,
2898 4422 2996 4477 sed
3023 4423 3211 4492 potius
3243 4428 3608 4475 veneratores

314 4515 664 4577 Dioscorus,
698 4526 871 4565 unam
899 4526 1195 4581 personam
1231 4510 1520 4566 Christum
1557 4510 1927 4579 praedicantes
1960 4507 2002 4561 D
2031 4513 2427 4567 auctoritatum
2491 4521 2744 4568 veterum
2816 4514 3255 4583 comprobantur
3315 4513 3412 4582 qui
3465 4511 3608 4565 hanc

315 4621 380 4661 ex
411 4605 743 4668 Trinitate,
781 4620 955 4657 unum
988 4620 1056 4659 ex
1074 4603 1351 4658 Trinitate
1367 4602 1652 4658 Christum
1672 4603 1931 4656 conﬁteri

319 4698 657 4752 nullatenus
688 4696 1078 4766 acquiescant.
1099 4696 1400 4752 Personam
1432 4696 1601 4766 igitur
1627 4696 1725 4750 Dei
1760 4695 1929 4750 Verbi

319 4789 535 4844 habere
567 4799 847 4843 asserunt
896 4787 1208 4853 Christum,
1247 4803 1364 4843 non
1408 4797 1593 4842 autem
1629 4788 1779 4858 quod
1811 4789 1930 4857 ipse

319 4882 468 4936 D’eus
500 4881 771 4937 Verbum
809 4881 884 4935 sit
932 4880 1213 4945 Christus,
1278 4881 1428 4936 sicut
1474 4896 1778 4951 personam
1829 4881 1928 4935 Dei

315 4971 635 5026 videbatur
687 4971 900 5025 habere
923 4970 1084 5042 542
1118 4972 1392 5041 propheta
1415 5013 1429 5034 ,
1481 4974 1578 5042 qui
1617 4973 1839 5028 dicebat
1861 4973 1929 5026 ad

316 5062 637 5116 lsraelem:
666 5060 834 5124 Audi,
866 5061 1096 5130 papulas
1129 5078 1297 5126 meus,
1332 5071 1381 5115 et
1403 5062 1618 5132 loquar,
1650 5063 1858 5129 Israel;
1883 5072 1932 5116 et

319 5154 664 5222 testiﬁcabor
725 5153 821 5205 tibi
850 5166 868 5203 :
902 5152 1044 5206 Deus
1072 5152 1210 5207 Deus
1262 5164 1382 5207 tuus
1429 5172 1548 5208 sum
1573 5173 1666 5225 ego
1697 5157 1766 5221 ’⁷,
1804 5173 1932 5210 cum

319 5263 511 5307 tamen
551 5264 692 5301 -non
719 5256 870 5302 esset
911 5248 1028 5316 ipse
1058 5249 1228 5312 Deus,
1270 5249 1367 5303 sed
1402 5249 1492 5303 ille
1523 5251 1616 5318 qui
1647 5249 1763 5303 lucc
1792 5265 1928 5304 con-

320 5341 654 5396 testabatur
686 5337 860 5391 Israel
893 5353 995 5406 per
1041 5355 1192 5404 eum,
1236 5349 1293 5394 et
1353 5349 1558 5404 tamen,
1597 5342 1754 5410 quasi
1808 5343 1928 5412 ipse

320 5444 466 5488 esset
496 5434 665 5487 Deus
710 5429 970 5484 dicebat:
1014 5429 1158 5484 Deus
1187 5431 1328 5486 Deus
1371 5441 1494 5486 tuus
1520 5449 1639 5485 sum
1680 5449 1792 5503 ego.
1833 5433 1931 5488 Se-

320 5527 576 5579 cundum
607 5523 771 5576 hunc
800 5538 933 5593 ergo
955 5524 1185 5578 modum
1210 5523 1498 5580 Christum
1532 5541 1700 5579 unam
1733 5542 1928 5595 perso-

323 5631 440 5670 nam
473 5621 765 5669 asserunt
784 5612 1042 5668 bzeretici
1075 5627 1199 5669 esse
1225 5631 1293 5670 ex
1313 5614 1614 5692 Trinitate,
1647 5631 1756 5670 non
1779 5616 1927 5687 quod

383 5794 431 5827 "
459 5792 509 5850 Il
538 5791 684 5850 Cor.
714 5806 774 5857 ll,
814 5790 901 5846 16.
979 5791 1025 5822 ’⁷
1053 5791 1197 5847 Psal.
1218 5808 1360 5858 erx,
1385 5793 1436 5846 7.

1515 5793 1561 5826 "
1579 5795 1700 5848 Act.
1730 5809 1802 5860 Iv,
1839 5793 1928 5848 ευρ.

2029 4609 2281 4658 sanctam
2308 4611 2364 4657 et
2387 4604 2558 4658 totius
2601 4604 2866 4659 Ecclesia:
2887 4603 3248 4667 sententiam,
3297 4618 3428 4668 non,
3461 4602 3608 4658 sicut

2031 4707 2092 4753 tu
2137 4706 2344 4752 temere
2374 4697 2911 4767 insultas,qualibet
2954 4697 3222 4752 facilitate
3269 4703 3605 4765 susceptam,

2029 4790 2126 4845 sed
2169 4791 2327 4861 juxta
2379 4790 2702 4844 divinorum
2749 4791 3118 4860 Eloquiorum
3178 4798 3235 4844 et
3287 4798 3607 4844 sanctorum

2031 4881 2258 4935 Patrum
2309 4881 2667 4936 traditionem
2705 4881 2950 4937 ﬁdeliter
2980 4882 3345 4937 conﬁtentur.
3379 4882 3450 4936 Et
3480 4881 3608 4936 ideo

2034 4989 2145 5027 non
2168 4973 2269 5037 illi,
2300 4973 2398 5028 sed
2430 4981 2485 5027 tu
2538 4975 2726 5044 potius
2751 4989 3024 5028 novarum
3060 4973 3300 5043 cupidus
3343 4973 3608 5043 quaestio-

2033 5082 2168 5119 num
2215 5066 2511 5136 detegeris,
2566 5067 2661 5135 qui
2712 5067 2886 5120 Deum
2918 5066 3202 5120 Christum
3264 5075 3522 5134 quartum
3555 5071 3611 5117 et

2033 5157 2275 5210 alienum
2312 5173 2342 5211 a
2379 5165 2570 5212 sancta
2629 5166 2685 5212 et
2745 5157 3035 5212 individua
3073 5157 3347 5210 Trinitate
3389 5152 3609 5208 conaris

2033 5265 2304 5315 asserere,
2342 5250 2490 5320 quod
2527 5251 2715 5306 nullus
2744 5267 3010 5321 unquam,
3043 5259 3244 5319 praeter
3289 5244 3608 5300 Nestorium

2032 5342 2329 5412 sociosque
2357 5345 2496 5411 ejus,
2538 5343 2843 5412 praedicare
2880 5343 2936 5396 in
2989 5339 3237 5395 Ecclesia
3291 5340 3605 5404 usurpavit,

2032 5449 2198 5502 quem
2231 5434 2359 5488 talia
2395 5433 2873 5502 blasphemantem
2903 5449 2933 5486 a
2965 5447 3022 5485 se
3060 5429 3306 5483 ﬁdelium
3351 5441 3604 5489 numero,

2031 5540 2146 5579 non
2173 5526 2475 5590 immerito,
2505 5534 2825 5580 sanctorum
2850 5525 3078 5578 Patrum
3137 5518 3373 5573 exclusit
3403 5525 3460 5572 et
3504 5517 3606 5571 ab-

2025 5617 2162 5689 jecit
2209 5618 2537 5674 auctoritas.
2577 5619 2890 5688 Exaggeras
2921 5629 3052 5670 sane
3099 5611 3282 5667 adhuc
3309 5652 3322 5675 ,
3358 5617 3414 5665 et
3463 5609 3607 5666 dicis
