4146 6438
637 381 740 447 103

1880 374 2201 437 JOANNIS
2236 374 2617 437 MAXENTII

3795 374 3897 441 104

631 490 863 547 eosdem
903 485 1211 542 monachos
1250 497 1501 553 eousque
1531 483 1769 537 tumoris
1823 482 2020 547 elatos,
2070 491 2133 536 ut
2159 484 2228 538 ad
2258 487 2303 542 Δ
2330 485 2597 555 primere.
2628 504 2647 537 ι
2684 484 2792 539 Sed
2820 499 2850 539 a
2885 499 2998 554 quo
3030 499 3249 549 errore,
3282 500 3313 540 a
3344 502 3456 556 qua
3482 484 3781 542 insolentia
3802 505 3902 545 ve-

633 583 933 640 arbitrium
967 593 1130 633 suum
1161 575 1458 645 utriusque
1488 575 1644 629 orbis
1684 582 1885 644 putent
1936 574 2218 627 inclinan-

634 679 766 734 dum
792 674 1086 745 judicium.
1146 670 1260 724 Nec
1284 669 1339 722 in
1372 682 1607 722 numero
1651 667 1900 720 fidelium
1945 666 2221 737 deputent

635 778 931 835 sequacem
968 762 1286 817 traditionis
1314 769 1584 831 paterna,
1617 776 1785 829 quem
1814 774 1927 814 sua
1980 760 2224 815 viderint

634 857 862 913 credere
886 855 1035 909 nolle
1087 854 1403 909 sententia.
1440 852 1522 906 Tu
1564 853 1670 906 hoc
1704 860 1839 907 tunc
1873 868 2004 907 vere
2035 852 2105 907 de
2138 852 2223 908 eis

636 966 937 1013 assereres,
969 948 1016 1002 si
1051 962 1246 1003 eorum
1282 946 1618 1001 sententiam
1642 945 1983 1001 contrariam
2030 946 2224 1001 catho-

636 1045 761 1100 licis
777 1058 969 1115 posses
995 1041 1350 1111 dogmatibus
1376 1040 1784 1110 approbare.At
1809 1055 1941 1094 vero
1971 1055 2095 1094 cum
2118 1039 2225 1095 hoc

635 1138 789 1191 nulla
822 1135 1011 1189 valeas
1039 1134 1257 1187 ratione
1316 1132 1576 1197 edocere,
1620 1130 1811 1201 inique
1837 1131 2066 1185 omnino
2099 1140 2224 1184 tan-

637 1237 832 1297 t0pere
855 1236 1050 1280 contra
1088 1240 1186 1279 eos
1222 1225 1531 1289 inveheris,
1585 1224 1681 1293 qui
1713 1225 1871 1293 juxta
1902 1230 2225 1278 sanctorum

638 1318 867 1372 Patrum
898 1315 1259 1370 traditionem
1288 1313 1597 1378 Christum,
1628 1330 1794 1385 quem
1838 1329 2005 1384 super
2039 1315 2226 1369 omnia

637 1408 811 1461 Deum
843 1414 1080 1461 testatur
1131 1407 1430 1476 Apostolus
1459 1408 1524 1468 '9,
1558 1423 1729 1460 unum
1782 1406 2124 1461 conﬁtentur
2154 1421 2223 1460 ex

640 1509 831 1554 sancta
855 1508 911 1553 et
930 1499 1100 1553 unius
1122 1502 1381 1554 essentia
1407 1500 1705 1555 Trinitate.
1724 1500 1972 1566 Quorum
2000 1510 2226 1555 senten-

641 1592 737 1646 tiis
768 1606 880 1644 non
942 1607 1214 1660 sequaces
1264 1600 1511 1661 paterna
1565 1592 1905 1657 traditionis,
1956 1591 2053 1646 sed
2081 1591 2160 1645 illi
2194 1606 2225 1645 a

641 1698 880 1737 numero
932 1682 1181 1737 ﬁdelium
1228 1684 1627 1747 excluduntur,
1681 1683 1778 1753 qui
1822 1698 2059 1747 eorum,
2112 1683 2225 1737 imo

642 1776 815 1831 totius
868 1777 1157 1841 Ecclesia,
1206 1777 1546 1832 confessioni
1600 1777 1881 1831 exsistunt
1933 1776 2220 1830 contrarii.

640 1866 762 1922 Jam
793 1884 924 1921 vero
942 1868 996 1921 in
1027 1869 1505 1939 consequentibus
1521 1869 1649 1939 quis
1674 1885 1786 1923 non
1809 1869 1995 1924 videat
2021 1878 2232 1940 quanta

644 1974 744 2014 eos
766 1961 1009 2029 repletus
1040 1961 1317 2016 dementia
1348 1962 1601 2016 laceres?
1639 1980 1658 2013 ι
1696 1962 2098 2031 Docti,inquis,
2122 1963 2233 2016 cri-

666 2054 814 2107 mina
833 2069 1041 2118 serere,
1071 2055 1545 2108 obtrectationum
1609 2070 1827 2109 venena
1874 2068 2230 2123 componere,

642 2141 918 2212 integrum
958 2143 1221 2198 Ecclesia
1247 2160 1454 2213 corpus
1473 2144 1690 2208 odisse,
1724 2144 2031 2200 seditiones
2053 2154 2235 2199 strue-

644 2251 725 2300 re,
761 2236 1026 2290 invidiam
1097 2237 1399 2305 concitare,
1460 2245 1516 2292 et
1562 2253 1665 2308 pro
1714 2236 2034 2292 obedientia
2088 2239 2234 2308 (qua

644 2327 700 2381 in
738 2329 1018 2384 coenobiis
1062 2330 1441 2400 principatum
1471 2329 1746 2400 regularis
1796 2338 1951 2385 tenet
1982 2330 2235 2401 discipli-

644 2422 752 2491 na)
823 2422 1262 2477 obstinationem
1314 2423 1623 2494 pertinacis
1654 2438 1842 2478 amare
1891 2424 2223 2494 superbia.»

645 2512 785 2567 Cum
820 2514 939 2569 hac
972 2530 1085 2569 non
1140 2514 1249 2569 nisi
1282 2515 1352 2570 de
1386 2515 1498 2570 illis
1533 2531 1679 2581 vero.
1703 2524 1759 2571 et
1800 2525 1951 2571 certo
1983 2517 2234 2571 omnium

645 2606 1301 2677 asseverenturjudieio,
1332 2607 1429 2676 qui
1470 2606 1969 2663 tenebrisnefandi
2020 2608 2235 2664 erroris

644 2696 832 2750 cacati
867 2697 1162 2752 catholica
1184 2698 1412 2752 veritati
1451 2698 1748 2765 resistunt,
1800 2708 2149 2770 quapropter
2178 2710 2232 2755 te

643 2788 832 2857 potius
855 2790 1276 2845 criminatorem
1312 2798 1369 2845 et
1401 2791 1865 2857 obtrectatorem,
1897 2791 2231 2848 seditiosum

644 2896 868 2950 quoque
893 2890 950 2935 et
968 2881 1221 2936 invidum
1257 2891 1425 2953 atque
1448 2893 1753 2938 amatorem
1792 2885 2097 2954 pertinacis
2136 2901 2232 2941 su-

644 2972 855 3041 perbia
876 2983 933 3027 ct
976 2974 1417 3040 inobedientem,
1458 2991 1570 3030 non
1604 2976 1884 3031 humanus
1926 2993 2105 3045 error,
2133 2976 2233 3033 sed

646 3065 764 3135 ipsa
796 3066 1003 3121 veritas
1037 3067 1245 3136 prodit,
1276 3069 1400 3139 ejus
1432 3077 1485 3123 te
1526 3068 1816 3124 inimicum
1843 3086 1966 3125 esse
1993 3087 2105 3126 non
2126 3072 2233 3127 du-

2328 577 2460 632 stris
2511 576 2740 631 monitis
2768 617 2782 640 ,
2845 584 3146 647 vestraque
3195 578 3626 633 mansuetudine
3672 579 3758 634 vel
3801 595 3901 635 au-

2328 675 2592 728 ctoritate
2660 672 2893 727 minime
2972 687 3071 727 eos
3157 670 3533 742 comprimere
3619 673 3904 742 potueris,

2329 768 2657 822 nullatenus
2714 766 3007 837 exprimis.
3036 766 3198 832 Quod
3252 766 3379 821 ideo
3421 765 3622 821 callide
3665 775 3904 836 prater-

2328 862 2529 926 mittis,
2571 877 2641 917 ne
2686 861 2794 915 hoc
2840 860 3086 924 faciens,
3129 859 3487 928 temetipsum
3526 858 3817 929 profanum
3851 870 3902 914 et

2330 956 2565 1027 impium
2592 956 2840 1027 detegas.
2873 954 2965 1019 Et,
2995 969 3030 1009 o
3068 954 3276 1009 invicta
3306 954 3532 1017 veritas,
3571 969 3695 1024 qua
3745 969 3905 1008 amu-

2329 1049 2512 1123 lorufm
2550 1047 2989 1102 obtrectationes
3051 1046 3108 1099 in
3144 1045 3477 1100 famulorum
3524 1052 3743 1099 tuorum
3771 1059 3903 1098 con-

2330 1140 2507 1194 vertis
2534 1139 2765 1209 gloriam
2807 1140 2822 1193 l
2859 1138 3154 1208 Nunquam
3215 1137 3425 1192 etenim
3465 1151 3613 1203 reor,
3654 1135 3905 1206 quamvis

2330 1230 2595 1285 laudandi
2658 1230 2850 1284 ﬁdeles
2911 1229 3184 1300 cupidus,
3257 1227 3326 1283 ad
3385 1242 3579 1282 eorum
3632 1227 3905 1297 praconia

2330 1322 2682 1377 constantius
2699 1321 2816 1375 hac
2844 1320 3035 1375 dicere
3080 1320 3378 1391 potuisses,
3419 1334 3542 1388 qua
3576 1334 3727 1374 nunc
3748 1318 3905 1388 quasi

2332 1413 2391 1467 in
2423 1412 2892 1482 vituperationem
2924 1411 3553 1474 monachorum,contra
3583 1423 3725 1477 quos
3744 1423 3907 1478 agere

2330 1503 2562 1567 videris,
2598 1500 3001 1571 conscripsisse
3019 1508 3072 1555 te
3106 1501 3310 1555 credis.
3336 1500 3472 1554 Nam
3494 1498 3774 1569 quomodo
3799 1513 3905 1552 non

2333 1596 2391 1651 in
2430 1611 2628 1651 eorum
2662 1595 2905 1659 laudem,
2937 1602 2994 1650 et
3049 1594 3117 1649 ad
3156 1598 3323 1648 tuam'
3358 1592 3743 1649 confusionem
3794 1592 3909 1647 hac

2332 1689 2623 1759 scripsisse
2654 1688 2929 1742 veraciter
2965 1685 3364 1757 intelligendus
3386 1701 3469 1751 es,
3514 1687 3612 1755 qui
3646 1700 3758 1739 non
3796 1700 3909 1738 mo-

2332 1780 2491 1846 nitis,
2542 1796 2654 1835 non
2693 1778 3147 1841 mansuetudine,
3204 1792 3318 1832 non
3349 1777 3686 1832 auctoritate
3714 1791 3812 1830 eos
3842 1773 3909 1828 ad

2336 1881 2486 1927 tuam
2534 1871 2867 1941 pravitatem
2926 1869 3177 1939 potuisse
3229 1867 3593 1938 detorqueri,
3663 1865 3910 1936 prepriis

2334 1963 2619 2021 attestaris
2653 1961 3093 2017 assertionibus?
3136 1960 3296 2015 Nunc
3316 1961 3427 2031 jam
3459 1958 3751 2028 sequentia
3778 1972 3910 2012 con-

2334 2054 2632 2111 sideranda
2663 2062 2816 2119 sunt,
2847 2054 2939 2109 ubi
2963 2068 3226 2124 perverso
3254 2053 3453 2108 ordine
3483 2068 3550 2107 ea
3581 2068 3703 2123 qua
3725 2052 3913 2106 Roma

2334 2156 2530 2203 contra
2555 2148 2703 2217 ipsos
2727 2155 2849 2201 acta
2885 2154 3015 2201 sunt
3050 2145 3358 2200 monachos
3402 2145 3672 2216 dirigens,
3714 2151 3916 2198 cuncta

2335 2238 2604 2294 mentitus
2635 2254 2748 2293 es.¢
2789 2239 2851 2293 ln
2872 2238 3182 2308 publicum,
3205 2237 3415 2307 inquis,
3446 2251 3623 2306 usque
3656 2235 3915 2306 prodiere

2334 2340 2698 2397 conventum,
2725 2341 2783 2386 et
2810 2330 2881 2386 ad
2939 2331 3363 2386 concussionem
3396 2330 3608 2401 quietis
3650 2330 3802 2385 circa
3835 2346 3918 2384 re-

2334 2438 2466 2493 gum
2497 2423 2664 2477 etiam
2692 2431 2907 2478 statuas
2941 2423 3331 2487 inclamantes,
3361 2432 3419 2477 et
3461 2423 3571 2477 nisi
3607 2422 3789 2478 ﬁdelis
3822 2438 3917 2493 po-

2334 2515 2454 2585 puli
2497 2516 2816 2570 constantia
2864 2516 3185 2582 restitisset,
3231 2532 3335 2587 per
3371 2516 3661 2571 diabolica
3697 2517 3910 2571 sentina

2335 2606 2576 2662 nefanda
2616 2609 2842 2663 zizania
2872 2608 3020 2679 apud
3043 2624 3140 2664 eos
3178 2608 3588 2667 dissensionem
3625 2617 3683 2664 et
3702 2608 3915 2664 discor-

2334 2701 2482 2758 diam
2530 2703 2991 2767 commovissent,
3040 2718 3141 2773 per
3184 2719 3325 2773 quos
3380 2702 3663 2774 adjutorio
3686 2703 3788 2758 Dei
3847 2703 3913 2757 de

2336 2794 2564 2864 regione
2594 2810 2789 2849 eorum
2813 2802 2900 2849 est
2919 2794 3077 2865 pulsa
3109 2795 3401 2850 dissensio.
3438 2815 3455 2847 ι

2407 2888 2453 2944 0
2479 2889 2622 2943 mira
2651 2888 2996 2943 furiosorum
3028 2889 3271 2953 cacitas,
3298 2899 3356 2944 et
3381 2905 3411 2944 a
3440 2889 3676 2945 veritate
3710 2888 3916 2944 aliena-

2336 2990 2523 3037 tarum
2568 2981 2839 3036 mentium
2894 2980 3197 3036 criminosa
3249 2980 3467 3036 fallacia
3503 2981 3735 3050 lNeque
3767 2982 3914 3035 enim

2335 3076 2419 3131 fas
2451 3086 2536 3131 est
2565 3086 2675 3132 tam
2701 3085 2893 3147 aperte
2920 3092 3081 3149 posse
3121 3076 3347 3131 mentiri
3381 3076 3541 3130 Rom.
3574 3076 3915 3147 episcopum.

647 3157 805 3213 bium
834 3170 941 3224 est,
977 3161 1121 3215 sicut
1152 3161 1411 3231 superius
1448 3176 1593 3231 sape
1624 3162 2008 3233 probavimus.
2031 3165 2235 3221 Levius
2260 3187 2305 3247 ο
2336 3168 2484 3225 Bene
2514 3178 2733 3224 certum
2764 3178 2849 3225 est
2870 3170 3135 3225 omnibus
3159 3171 3351 3225 Roma
3373 3169 3723 3241 degentibus,
3770 3169 3915 3240 quod

646 3252 853 3306 etenim
887 3261 975 3307 est
1001 3254 1305 3324 cujuslibet
1337 3253 1583 3309 hominis
1615 3271 1782 3325 quam
1815 3256 1914 3311 Dei
1966 3272 2089 3312 esse
2126 3258 2237 3312 cri-

645 3343 999 3399 minatorem.
1048 3344 1132 3398 An
1164 3359 1277 3399 non
1312 3353 1399 3399 est
1445 3345 1717 3403 adversus
1770 3347 1946 3403 Deum
2004 3348 2237 3410 crimina

645 3451 859 3499 serere,
891 3445 948 3492 et
1002 3437 1473 3493 obtrectationum
1514 3454 1729 3495 venena
1774 3455 2137 3511 componere,
2168 3442 2237 3498 de

644 3541 713 3580 eo
744 3543 867 3597 qua
897 3528 1033 3582 falsa
1059 3536 1189 3582 sunt
1221 3528 1551 3598 pradicare,
1612 3531 2084 3602 adversariosque
2115 3535 2237 3605 ejus

644 3614 985 3672 defendere?
1020 3617 1159 3683 Quis
1211 3626 1397 3673 autem
1435 3628 1548 3673 tam
1588 3622 1795 3677 stultus
1842 3634 1899 3677 et
1939 3623 2115 3679 hebes
2140 3624 2233 3691 sit,

645 3707 744 3777 qui
770 3724 881 3762 non
911 3724 1040 3763 eum
1078 3709 1527 3778 inobedientem,
1568 3714 1873 3783 superbum
1903 3724 1960 3770 et
1990 3717 2240 3787 pertina-

646 3815 768 3855 cem
792 3801 1029 3872 judicet,
1056 3818 1220 3873 quem
1248 3802 1403 3859 videt
1446 3804 1503 3858 in
1550 3806 1783 3875 proprio
1812 3822 2010 3862 errore
2061 3808 2239 3863 obsti-

648 3899 779 3945 nate
831 3892 1173 3961 persistere,
1234 3902 1293 3947 et
1346 3894 1647 3949 catholicis
1687 3896 1837 3951 nolle
1880 3896 2239 3968 dogmatibus

648 3983 888 4038 cedere?
920 3985 1031 4039 Aut
1059 3986 1186 4055 quis
1235 4002 1350 4041 non
1411 4002 1542 4042 eum
1574 3987 1763 4057 potius
1796 3996 1953 4043 certo
2005 3997 2064 4044 et
2102 4004 2239 4044 vero

642 4077 857 4146 judicio
883 4079 1193 4135 seditiones
1220 4089 1465 4145 struere,
1518 4091 1577 4138 et
1634 4082 1905 4137 invidiam
1952 4083 2239 4138 concitare

646 4179 863 4239 arguat,
890 4185 1057 4240 quem
1080 4173 1352 4243 perspicit
1386 4174 1658 4230 adversus
1678 4161 2011 4230 Catholicos'
2046 4174 2238 4245 iniqua

651 4260 889 4316 dilatare
924 4264 1246 4319 mendacia?
1267 4265 1557 4331 Quomodo
1580 4276 1768 4323 autem
1817 4283 1929 4322 non
1960 4268 2239 4340 integrum

648 4354 918 4409 Ecclesia
953 4371 1160 4425 corpus
1187 4358 1375 4414 odisse
1402 4359 1484 4413 illi
1523 4360 1713 4430 potius
1727 4359 2022 4430 judicandi
2081 4369 2234 4429 sunt,

648 4446 744 4515 qui
777 4448 1025 4517 perﬁdia
1057 4464 1172 4503 sua
1194 4466 1413 4505 venena
1441 4451 1498 4505 in
1520 4453 1643 4523 ejus
1689 4451 1940 4506 membra
1960 4461 2239 4508 conantur

2339 3262 2444 3332 ipsi
2476 3262 2737 3317 monachi
2769 3262 2839 3317 de
2890 3262 2982 3317 his
3012 3277 3136 3332 qua
3184 3262 3330 3317 circa
3376 3276 3435 3318 se
3465 3270 3587 3316 acta
3609 3271 3762 3327 sunt,
3811 3272 3915 3316 tam

2338 3361 2648 3408 memorato
2673 3353 2939 3423 episeopo
2969 3368 3137 3423 quam
3178 3352 3350 3406 etiam
3391 3351 3768 3417 senatoribus,
3821 3366 3920 3406 nec

2338 3460 2452 3499 non
2478 3445 2755 3500 universa
2807 3444 3071 3499 Ecclesia
3127 3443 3354 3514 scriptis
3404 3452 3719 3499 contestata
3767 3451 3917 3497 sunt.

2337 3533 2591 3589 Humana
2612 3548 2854 3604 namque
2886 3533 3195 3588 tentatione
3225 3542 3541 3604 praventus
3573 3532 3720 3588 idem
3755 3533 3917 3587 Rom.

2336 3627 2853 3698 episcopus,utpote
2869 3627 3221 3682 mortalitatis
3238 3626 3420 3681 adhuc
3441 3626 3661 3681 sarcina
3678 3641 3919 3697 pragra-

2336 3725 2500 3773 vatus
2519 3760 2533 3785 ,
2556 3726 2852 3789 postquam
2875 3719 3146 3789 comperit
3176 3719 3382 3774 reverti
3436 3719 3789 3784 Dioscorum,
3829 3733 3921 3771 vo-

2336 3810 2461 3866 lens
2493 3810 2546 3865 ei
2575 3819 2841 3881 prastare
2873 3809 2981 3865 hoc
3006 3810 3371 3876 beneﬁcium,
3404 3827 3478 3867 ne
3509 3812 3566 3865 in
3596 3809 3827 3880 publico
3855 3808 3920 3862 ab

2337 3902 2551 3958 eisdem
2612 3902 2902 3957 monachis
2965 3912 3296 3974 argueretur
3348 3902 3681 3965 hareticus,
3736 3899 3922 3955 missis

2340 3994 2733 4050 defensoribus
2772 4010 2902 4049 cum
2960 3994 3171 4067 ingenti
3202 3995 3471 4051 violentia
3526 4009 3623 4049 eos
3661 3992 3731 4048 ab
3781 3994 3919 4047 urbe

2340 4092 2521 4148 Roma
2556 4091 2745 4147 subito
2794 4091 2949 4146 exire
3008 4091 3302 4162 compulit,
3334 4106 3651 4162 quanquam
3719 4090 3921 4160 sapius

2338 4182 2568 4255 publice
2585 4192 2643 4239 et
2671 4183 3087 4256 privatim,tam
3123 4185 3180 4239 in
3206 4194 3489 4239 conventu
3536 4182 3918 4238 ecclesiastico

2339 4292 2505 4347 quam
2528 4277 2696 4332 etiam
2722 4277 2974 4332 omnium
2999 4285 3346 4343 senatorum,
3372 4277 3455 4331 eis
3482 4275 3748 4331 veniente
3785 4274 3920 4328 Dio-

2340 4369 2489 4425 scori
2551 4369 2896 4424 audientiam
2947 4369 3082 4425 dare
3115 4378 3265 4425 esset
3292 4368 3599 4440 pollicitus.
3642 4366 3749 4434 Qui
3795 4381 3921 4421 cum

2339 4461 2410 4517 ab
2438 4461 2576 4533 ipsis
2598 4460 2995 4517 defensoribus
3017 4462 3210 4533 egredi
3260 4469 3617 4534 urgerentur,
3650 4458 3921 4530 compulsi

646 4538 987 4605 diﬁ'undere,
1046 4557 1223 4610 eaque
1257 4558 1287 4595 a
1322 4545 1547 4612 propria
1574 4552 1632 4598 et
1681 4544 1977 4600 salutifera
2012 4547 2233 4617 profes-
2265 4530 2311 4586 D
2340 4530 2477 4609 sunt
2503 4555 2559 4609 in
2584 4553 2725 4609 locis
2759 4554 3004 4625 publicis
3042 4530 3309 4625 populum
3335 4530 3664 4618 contestari,
3704 4566 3773 4605 ne
3798 4557 3923 4620 post

645 4633 803 4687 sione
838 4634 1131 4688 avertere?
1158 4635 1308 4704 quod
1341 4643 1396 4690 te
1425 4643 1482 4689 et
1506 4652 1702 4691 omnes
1724 4637 1822 4707 qui
1858 4638 1959 4692 tibi
1987 4655 2228 4695 consen-

648 4726 799 4779 tiunt
843 4725 1075 4794 implere
1120 4727 1266 4781 velle
1329 4743 1441 4781 non
1477 4728 1712 4783 dubium
1749 4739 1854 4795 est,
1908 4732 2003 4801 qui
2035 4734 2235 4791 callida

652 4816 1121 4884 tergiversatione
1175 4819 1461 4874 Christum
1511 4820 1717 4875 Filium
1752 4838 1925 4877 unum
1967 4841 2079 4880 non
2114 4842 2239 4883 esse

651 4922 720 4960 cx
754 4906 1029 4961 Trinitate
1068 4909 1375 4977 praedicare
1418 4913 1783 4969 contenditis.
1841 4915 2094 4973 Monachi
2140 4936 2239 4975 au-

652 5007 788 5062 tem,
827 5014 968 5068 quos
1008 4999 1197 5070 inique
1226 5003 1459 5071 laceras,
1491 5006 1560 5060 'in
1594 5014 1812 5061 tantum
1861 5009 1931 5064 ab
1974 5010 2081 5067 hoc
2120 5016 2235 5069 cri-

654 5090 806 5145 mine
842 5092 1013 5147 alieni
1039 5105 1189 5161 sunt,
1226 5107 1289 5152 ut
1318 5114 1606 5169 nunquam
1637 5117 1738 5172 per
1790 5102 1889 5158 Dei
1936 5106 2175 5175 gratiam
2206 5125 2235 5164 a

651 5183 931 5239 catholica
959 5191 1353 5246 communione
1389 5192 1774 5261 discesserint,
1805 5196 1939 5252 licet
1984 5199 2053 5254 ad
2091 5210 2237 5257 tem-

655 5294 781 5348 pus,
833 5282 1103 5337 nonnulla
1158 5285 1404 5340 secunda
1433 5285 1489 5340 in
1529 5286 1775 5343 Orientis
1808 5291 2059 5360 partibus
2090 5302 2236 5363 orta,

653 5369 1108 5430 Occidentalibus
1137 5376 1407 5433 Ecclesiis
1434 5381 1999 5439 communicavcrint.

724 5463 924 5520 Adhuc
959 5481 1092 5522 sane
1125 5484 1237 5523 non
1282 5470 1672 5538 confunderis,
1734 5474 1831 5529 sed
1869 5476 2239 5545 impudentis-

657 5555 795 5610 sima
816 5556 1001 5614 fronte
1035 5561 1290 5630 sequeris
1316 5563 1569 5619 etdicis:
1603 5584 1621 5616 ι
1642 5565 1763 5620 Non
1802 5568 2087 5636 potuimus
2114 5571 2238 5629 illos

656 5646 908 5711 monitis,
940 5663 1052 5703 non
1084 5654 1536 5722 mansuetudine,
1569 5672 1679 5712 non
1705 5659 2041 5717 auctoritate
2078 5678 2237 5719 com-

699 5822 778 5912 p”
801 5822 959 5882 Rom.
988 5842 1063 5895 ιι,
1084 5828 1136 5884 5.

2337 4664 2500 4704 suum
2517 4647 2824 4703 discessum
2857 4649 2999 4704 clam
3032 4664 3129 4703 eos
3161 4648 3462 4703 recessisse
3505 4646 3757 4701 fautores
3788 4642 3926 4697 Dio-

2338 4741 2487 4797 scori
2530 4740 2677 4811 apud
2721 4740 3027 4799 Ecelesiam
3082 4740 3460 4807 diﬁ‘amarent,
3514 4739 3664 4795 unde
3712 4738 3922 4794 factum

2338 4843 2423 4891 est
2452 4844 2514 4889 ut
2541 4835 2741 4890 saltem
2775 4835 2859 4889 eis
2914 4850 3084 4905 parva
3114 4834 3308 4889 dilatio
3346 4842 3724 4906 prastaretur,
3749 4849 3927 4904 quan-

2340 4921 2435 4975 diu
2466 4936 2525 4977 se
2560 4922 2765 4977 exinde
2793 4923 2983 4993 egredi
3014 4931 3412 4994 prapararent,
3464 4924 3568 4979 sub
3617 4940 3730 4993 quo
3780 4932 3926 4977 tem-

2343 5027 2479 5082 pore
2501 5012 2749 5083 scriptis,
2779 5012 2965 5068 omnia
3012 5030 3135 5083 qua
3180 5014 3237 5067 in
3284 5013 3444 5087 56.3
3484 5030 3543 5072 se
3587 5025 3739 5085 gesta
3772 5030 3926 5078 sunt,

2344 5104 2582 5159 facultas
2611 5103 2739 5159 data
2798 5114 2885 5160 est
2923 5105 3299 5160 contestandi.
3352 5106 3513 5172 Quod
3560 5116 3745 5162 tamen
3778 5123 3927 5162 nun-

2344 5213 2510 5269 quam
2541 5196 2723 5252 facere
2744 5198 3080 5267 potuissent,
3118 5199 3223 5253 nisi
3256 5201 3360 5254 hoc
3394 5200 3476 5254 eis
3508 5200 3795 5254 Romanus
3822 5215 3928 5271 po-

2344 5293 2510 5363 pulus
2550 5292 2921 5362 prastitisset,
2954 5293 3080 5362 qui,
3111 5294 3244 5348 licet
3288 5309 3391 5365 pro
3423 5294 3505 5349 eis
3533 5294 3763 5349 minime
3800 5311 3931 5365 pro-

2346 5385 2634 5449 clamaret,
2664 5383 2785 5453 ipsa
2808 5390 2992 5437 tamen
3020 5400 3120 5438 sua
3167 5384 3332 5439 tacita
3360 5385 3806 5440 murmuratione
3834 5385 3925 5439 de-

2344 5478 2625 5541 fensores,
2680 5476 2777 5545 qui
2844 5491 2943 5531 eos
2987 5476 3190 5532 exinde
3239 5477 3430 5549 egredi
3486 5476 3927 5548 compellebant,

2346 5568 2663 5633 deterrens,
2699 5566 2832 5624 fecit
2860 5577 2922 5623 ut
2968 5584 3163 5625 eorum
3194 5570 3442 5624 violenta
3491 5569 3747 5640 expulsio
3804 5568 3932 5621 uni-

2344 5680 2519 5720 versa
2563 5662 2826 5721 Ecclesia
2872 5664 3264 5723 innotesceret.
3316 5665 3439 5721 Non
3489 5680 3625 5738 ergo
3684 5664 3768 5738 (ut
3823 5664 3929 5718 iste
