  <div class='ocr_page' id='page_1' title='image "/cluster/home/n/w/nwhite01/storage/ocr_20150623/86:pt.1/coo.31924054869874/060.png"; bbox 0 0 4146 6490; ppageno 0'>
   <div class='ocr_carea' id='block_1_1' title="bbox 325 432 422 496">
    <p class='ocr_par' dir='ltr' id='par_1_1' title="bbox 325 432 422 496">
     <span class='ocr_line' id='line_1_1' title="bbox 325 432 422 496; baseline 0 -1"><span class='ocrx_word' id='word_1_1' title='bbox 325 432 422 496; x_wconf 75' lang='grc'><strong>105</strong></span> 
     </span>
    </p>
   </div>
   <div class='ocr_carea' id='block_1_2' title="bbox 1237 429 2737 497">
    <p class='ocr_par' dir='ltr' id='par_1_2' title="bbox 1237 429 2737 497">
     <span class='ocr_line' id='line_1_2' title="bbox 1237 429 2737 497; baseline 0.005 -7"><span class='ocrx_word' id='word_1_2' title='bbox 1237 432 1337 491; x_wconf 88' lang='grc' dir='ltr'>ΑΙ)</span> <span class='ocrx_word' id='word_1_3' title='bbox 1376 430 1803 493; x_wconf 69' lang='lat' dir='ltr'><strong>EPISTOLAM</strong></span> <span class='ocrx_word' id='word_1_4' title='bbox 1842 429 2259 493; x_wconf 61' lang='lat' dir='ltr'><strong>IIORMISDXE</strong></span> <span class='ocrx_word' id='word_1_5' title='bbox 2300 435 2737 497; x_wconf 79' lang='lat' dir='ltr'><strong>RESPONSIO.</strong></span> 
     </span>
    </p>
   </div>
   <div class='ocr_carea' id='block_1_3' title="bbox 3506 437 3607 503">
    <p class='ocr_par' dir='ltr' id='par_1_3' title="bbox 3506 437 3607 503">
     <span class='ocr_line' id='line_1_3' title="bbox 3506 437 3607 503; baseline 0.04 -4"><span class='ocrx_word' id='word_1_6' title='bbox 3506 437 3607 503; x_wconf 82' lang='lat'><strong>106</strong></span> 
     </span>
    </p>
   </div>
   <div class='ocr_carea' id='block_1_4' title="bbox 331 544 3606 624">
    <p class='ocr_par' dir='ltr' id='par_1_4' title="bbox 331 544 3606 624">
     <span class='ocr_line' id='line_1_4' title="bbox 331 544 3606 624; baseline 0.002 -20"><span class='ocrx_word' id='word_1_7' title='bbox 331 545 612 613; x_wconf 72' lang='lat' dir='ltr'><strong>mentitur)</strong></span> <span class='ocrx_word' id='word_1_8' title='bbox 657 544 938 615; x_wconf 84' lang='lat' dir='ltr'><strong>populus,</strong></span> <span class='ocrx_word' id='word_1_9' title='bbox 990 544 1095 599; x_wconf 89' lang='lat' dir='ltr'><strong>sed</strong></span> <span class='ocrx_word' id='word_1_10' title='bbox 1138 544 1460 601; x_wconf 83' lang='lat' dir='ltr'><strong>defensores</strong></span> <span class='ocrx_word' id='word_1_11' title='bbox 1497 546 1784 611; x_wconf 87' lang='lat' dir='ltr'><strong>Ecclesia,</strong></span> <span class='ocrx_word' id='word_1_12' title='bbox 1838 562 1935 601; x_wconf 88' lang='lat' dir='ltr'><strong>eos</strong></span> <span class='ocrx_word' id='word_1_13' title='bbox 1963 552 2005 606; x_wconf 80' lang='grc' dir='ltr'>Α</span> <span class='ocrx_word' id='word_1_14' title='bbox 2035 545 2191 612; x_wconf 86' lang='lat' dir='ltr'><strong>Quod</strong></span> <span class='ocrx_word' id='word_1_15' title='bbox 2219 558 2403 603; x_wconf 90' lang='lat' dir='ltr'><strong>autem</strong></span> <span class='ocrx_word' id='word_1_16' title='bbox 2436 566 2564 605; x_wconf 89' lang='lat' dir='ltr'><strong>sero</strong></span> <span class='ocrx_word' id='word_1_17' title='bbox 2588 567 2646 606; x_wconf 90' lang='lat' dir='ltr'><strong>se</strong></span> <span class='ocrx_word' id='word_1_18' title='bbox 2665 551 2932 621; x_wconf 85' lang='lat' dir='ltr'><strong>probasse</strong></span> <span class='ocrx_word' id='word_1_19' title='bbox 2959 551 3183 618; x_wconf 90' lang='lat' dir='ltr'><strong>fatetur,</strong></span> <span class='ocrx_word' id='word_1_20' title='bbox 3213 553 3319 608; x_wconf 91' lang='lat' dir='ltr'><strong>hoc</strong></span> <span class='ocrx_word' id='word_1_21' title='bbox 3367 554 3606 624; x_wconf 83' lang='lat' dir='ltr'><strong>Aposto—</strong></span> 
     </span>
    </p>
   </div>
   <div class='ocr_carea' id='block_1_5' title="bbox 335 636 1933 710">
    <p class='ocr_par' dir='ltr' id='par_1_5' title="bbox 335 636 1933 710">
     <span class='ocr_line' id='line_1_5' title="bbox 335 636 1933 710; baseline 0 -15"><span class='ocrx_word' id='word_1_22' title='bbox 335 639 537 696; x_wconf 75' lang='lat' dir='ltr'><strong>exinde</strong></span> <span class='ocrx_word' id='word_1_23' title='bbox 586 636 785 706; x_wconf 85' lang='lat' dir='ltr'><strong>egredi</strong></span> <span class='ocrx_word' id='word_1_24' title='bbox 841 637 1270 707; x_wconf 85' lang='lat' dir='ltr'><strong>compulerunt.</strong></span> <span class='ocrx_word' id='word_1_25' title='bbox 1305 637 1496 708; x_wconf 88' lang='lat' dir='ltr'><strong>Neque</strong></span> <span class='ocrx_word' id='word_1_26' title='bbox 1535 640 1687 693; x_wconf 88' lang='lat' dir='ltr'><strong>enim</strong></span> <span class='ocrx_word' id='word_1_27' title='bbox 1736 650 1933 710; x_wconf 86' lang='lat' dir='ltr'><strong>sponte</strong></span> 
     </span>
    </p>
   </div>
   <div class='ocr_carea' id='block_1_6' title="bbox 336 730 1933 801">
    <p class='ocr_par' dir='ltr' id='par_1_6' title="bbox 336 730 1933 801">
     <span class='ocr_line' id='line_1_6' title="bbox 336 730 1933 801; baseline -0.001 -13"><span class='ocrx_word' id='word_1_28' title='bbox 336 750 431 789; x_wconf 82' lang='lat' dir='ltr'><strong>sua</strong></span> <span class='ocrx_word' id='word_1_29' title='bbox 459 734 512 785; x_wconf 90' lang='lat' dir='ltr'><strong>in</strong></span> <span class='ocrx_word' id='word_1_30' title='bbox 547 730 783 800; x_wconf 87' lang='lat' dir='ltr'><strong>publico</strong></span> <span class='ocrx_word' id='word_1_31' title='bbox 845 730 1207 801; x_wconf 86' lang='lat' dir='ltr'><strong>prodierunt,</strong></span> <span class='ocrx_word' id='word_1_32' title='bbox 1237 741 1301 786; x_wconf 91' lang='lat' dir='ltr'><strong>ut</strong></span> <span class='ocrx_word' id='word_1_33' title='bbox 1346 733 1549 787; x_wconf 89' lang='lat' dir='ltr'><strong>merito</strong></span> <span class='ocrx_word' id='word_1_34' title='bbox 1598 734 1668 787; x_wconf 91' lang='lat' dir='ltr'><strong>ad</strong></span> <span class='ocrx_word' id='word_1_35' title='bbox 1700 749 1933 789; x_wconf 92' lang='lat' dir='ltr'><strong>concus—</strong></span> 
     </span>
    </p>
   </div>
   <div class='ocr_carea' id='block_1_7' title="bbox 334 822 1935 893">
    <p class='ocr_par' dir='ltr' id='par_1_7' title="bbox 334 822 1935 893">
     <span class='ocr_line' id='line_1_7' title="bbox 334 822 1935 893; baseline -0.002 -13"><span class='ocrx_word' id='word_1_36' title='bbox 334 826 538 880; x_wconf 85' lang='lat' dir='ltr'><strong>sionem</strong></span> <span class='ocrx_word' id='word_1_37' title='bbox 569 822 805 891; x_wconf 84' lang='lat' dir='ltr'><strong>quietis,</strong></span> <span class='ocrx_word' id='word_1_38' title='bbox 855 822 978 877; x_wconf 90' lang='lat' dir='ltr'><strong>sive</strong></span> <span class='ocrx_word' id='word_1_39' title='bbox 1038 822 1110 877; x_wconf 90' lang='lat' dir='ltr'><strong>ad</strong></span> <span class='ocrx_word' id='word_1_40' title='bbox 1144 822 1585 893; x_wconf 81' lang='lat' dir='ltr'><strong>dissipationem,</strong></span> <span class='ocrx_word' id='word_1_41' title='bbox 1629 833 1688 879; x_wconf 91' lang='lat' dir='ltr'><strong>et</strong></span> <span class='ocrx_word' id='word_1_42' title='bbox 1724 824 1935 879; x_wconf 87' lang='lat' dir='ltr'><strong>discor-</strong></span> 
     </span>
    </p>
   </div>
   <div class='ocr_carea' id='block_1_8' title="bbox 328 915 1935 987">
    <p class='ocr_par' dir='ltr' id='par_1_8' title="bbox 328 915 1935 987">
     <span class='ocr_line' id='line_1_8' title="bbox 328 915 1935 987; baseline 0.002 -18"><span class='ocrx_word' id='word_1_43' title='bbox 328 918 474 970; x_wconf 83' lang='lat' dir='ltr'><strong>diam</strong></span> <span class='ocrx_word' id='word_1_44' title='bbox 502 915 1128 982; x_wconf 85' lang='lat' dir='ltr'><strong>commovendam,&#39;hoc</strong></span> <span class='ocrx_word' id='word_1_45' title='bbox 1162 932 1258 971; x_wconf 92' lang='lat' dir='ltr'><strong>eos</strong></span> <span class='ocrx_word' id='word_1_46' title='bbox 1283 916 1482 972; x_wconf 83' lang='lat' dir='ltr'><strong>fecisse</strong></span> <span class='ocrx_word' id='word_1_47' title='bbox 1513 918 1750 987; x_wconf 88' lang='lat' dir='ltr'><strong>quilibet</strong></span> <span class='ocrx_word' id='word_1_48' title='bbox 1784 927 1935 972; x_wconf 83' lang='lat' dir='ltr'><strong>recte</strong></span> 
     </span>
    </p>
   </div>
   <div class='ocr_carea' id='block_1_9' title="bbox 326 1008 1933 1079">
    <p class='ocr_par' dir='ltr' id='par_1_9' title="bbox 326 1008 1933 1079">
     <span class='ocr_line' id='line_1_9' title="bbox 326 1008 1933 1079; baseline 0.001 -16"><span class='ocrx_word' id='word_1_49' title='bbox 326 1009 694 1079; x_wconf 87' lang='lat' dir='ltr'><strong>dijudicaret,</strong></span> <span class='ocrx_word' id='word_1_50' title='bbox 730 1008 837 1063; x_wconf 87' lang='lat' dir='ltr'><strong>sed</strong></span> <span class='ocrx_word' id='word_1_51' title='bbox 873 1008 1154 1063; x_wconf 83' lang='lat' dir='ltr'><strong>violenter</strong></span> <span class='ocrx_word' id='word_1_52' title='bbox 1176 1009 1242 1063; x_wconf 90' lang='lat' dir='ltr'><strong>ad</strong></span> <span class='ocrx_word' id='word_1_53' title='bbox 1271 1010 1378 1064; x_wconf 90' lang='lat' dir='ltr'><strong>hoc</strong></span> <span class='ocrx_word' id='word_1_54' title='bbox 1411 1017 1542 1065; x_wconf 89' lang='lat' dir='ltr'><strong>sunt</strong></span> <span class='ocrx_word' id='word_1_55' title='bbox 1566 1011 1754 1065; x_wconf 87' lang='lat' dir='ltr'><strong>venire</strong></span> <span class='ocrx_word' id='word_1_56' title='bbox 1780 1026 1933 1065; x_wconf 91' lang='lat' dir='ltr'><strong>com-</strong></span> 
     </span>
    </p>
   </div>
   <div class='ocr_carea' id='block_1_10' title="bbox 328 1098 1935 1172">
    <p class='ocr_par' dir='ltr' id='par_1_10' title="bbox 328 1098 1935 1172">
     <span class='ocr_line' id='line_1_10' title="bbox 328 1098 1935 1172; baseline 0.002 -19"><span class='ocrx_word' id='word_1_57' title='bbox 328 1101 499 1170; x_wconf 89' lang='lat' dir='ltr'><strong>pulsi.</strong></span> <span class='ocrx_word' id='word_1_58' title='bbox 546 1100 689 1154; x_wconf 80' lang='lat' dir='ltr'><strong>‘Nam</strong></span> <span class='ocrx_word' id='word_1_59' title='bbox 737 1098 817 1154; x_wconf 89' lang='lat' dir='ltr'><strong>ita</strong></span> <span class='ocrx_word' id='word_1_60' title='bbox 845 1099 966 1154; x_wconf 81' lang='lat' dir='ltr'><strong>hac</strong></span> <span class='ocrx_word' id='word_1_61' title='bbox 1031 1115 1093 1154; x_wconf 84' lang='lat' dir='ltr'><strong>se</strong></span> <span class='ocrx_word' id='word_1_62' title='bbox 1144 1100 1379 1165; x_wconf 88' lang='lat' dir='ltr'><strong>habere,</strong></span> <span class='ocrx_word' id='word_1_63' title='bbox 1436 1102 1609 1155; x_wconf 89' lang='lat' dir='ltr'><strong>etiam</strong></span> <span class='ocrx_word' id='word_1_64' title='bbox 1662 1118 1731 1155; x_wconf 87' lang='lat' dir='ltr'><strong>ex</strong></span> <span class='ocrx_word' id='word_1_65' title='bbox 1758 1102 1935 1172; x_wconf 92' lang='lat' dir='ltr'><strong>ipsius</strong></span> 
     </span>
    </p>
   </div>
   <div class='ocr_carea' id='block_1_11' title="bbox 330 1190 1937 1261">
    <p class='ocr_par' dir='ltr' id='par_1_11' title="bbox 330 1190 1937 1261">
     <span class='ocr_line' id='line_1_11' title="bbox 330 1190 1937 1261; baseline 0.001 -16"><span class='ocrx_word' id='word_1_66' title='bbox 330 1193 495 1245; x_wconf 84' lang='lat' dir='ltr'><strong>istius</strong></span> <span class='ocrx_word' id='word_1_67' title='bbox 560 1191 759 1245; x_wconf 78' lang='lat' dir='ltr'><strong>verbis</strong></span> <span class='ocrx_word' id='word_1_68' title='bbox 823 1191 993 1246; x_wconf 81' lang='lat' dir='ltr'><strong>facile</strong></span> <span class='ocrx_word' id='word_1_69' title='bbox 1037 1190 1368 1257; x_wconf 89' lang='lat' dir='ltr'><strong>edocemur,</strong></span> <span class='ocrx_word' id='word_1_70' title='bbox 1406 1192 1618 1261; x_wconf 89' lang='lat' dir='ltr'><strong>quibus</strong></span> <span class='ocrx_word' id='word_1_71' title='bbox 1647 1207 1745 1247; x_wconf 92' lang='lat' dir='ltr'><strong>eos</strong></span> <span class='ocrx_word' id='word_1_72' title='bbox 1790 1193 1937 1247; x_wconf 88' lang='lat' dir='ltr'><strong>circa</strong></span> 
     </span>
    </p>
   </div>
   <div class='ocr_carea' id='block_1_12' title="bbox 331 1284 1935 1355">
    <p class='ocr_par' dir='ltr' id='par_1_12' title="bbox 331 1284 1935 1355">
     <span class='ocr_line' id='line_1_12' title="bbox 331 1284 1935 1355; baseline 0.002 -20"><span class='ocrx_word' id='word_1_73' title='bbox 331 1299 525 1354; x_wconf 80' lang='lat' dir='ltr'><strong>regum</strong></span> <span class='ocrx_word' id='word_1_74' title='bbox 578 1292 801 1337; x_wconf 78' lang='lat' dir='ltr'><strong>statuas</strong></span> <span class='ocrx_word' id='word_1_75' title='bbox 854 1284 1060 1339; x_wconf 84' lang='lat' dir='ltr'><strong>asserit</strong></span> <span class='ocrx_word' id='word_1_76' title='bbox 1115 1284 1468 1348; x_wconf 85' lang='lat' dir='ltr'><strong>inclamasse,</strong></span> <span class='ocrx_word' id='word_1_77' title='bbox 1517 1284 1669 1355; x_wconf 90' lang='lat' dir='ltr'><strong>quod</strong></span> <span class='ocrx_word' id='word_1_78' title='bbox 1716 1285 1935 1349; x_wconf 89' lang='lat' dir='ltr'><strong>nullus,</strong></span> 
     </span>
    </p>
   </div>
   <div class='ocr_carea' id='block_1_13' title="bbox 328 1375 1938 1446">
    <p class='ocr_par' dir='ltr' id='par_1_13' title="bbox 328 1375 1938 1446">
     <span class='ocr_line' id='line_1_13' title="bbox 328 1375 1938 1446; baseline -0.002 -14"><span class='ocrx_word' id='word_1_79' title='bbox 328 1379 437 1432; x_wconf 88' lang='lat' dir='ltr'><strong>nisi</strong></span> <span class='ocrx_word' id='word_1_80' title='bbox 458 1377 559 1446; x_wconf 78' lang='lat' dir='ltr'><strong>qui</strong></span> <span class='ocrx_word' id='word_1_81' title='bbox 581 1376 1003 1431; x_wconf 87' lang='lat' dir='ltr'><strong>violentissime</strong></span> <span class='ocrx_word' id='word_1_82' title='bbox 1030 1377 1383 1441; x_wconf 87' lang='lat' dir='ltr'><strong>molestatur,</strong></span> <span class='ocrx_word' id='word_1_83' title='bbox 1418 1376 1602 1431; x_wconf 87' lang='lat' dir='ltr'><strong>facere</strong></span> <span class='ocrx_word' id='word_1_84' title='bbox 1653 1375 1938 1446; x_wconf 89' lang='lat' dir='ltr'><strong>compelli-</strong></span> 
     </span>
    </p>
   </div>
   <div class='ocr_carea' id='block_1_14' title="bbox 329 1468 1935 1540">
    <p class='ocr_par' dir='ltr' id='par_1_14' title="bbox 329 1468 1935 1540">
     <span class='ocr_line' id='line_1_14' title="bbox 329 1468 1935 1540; baseline -0.002 -15"><span class='ocrx_word' id='word_1_85' title='bbox 329 1469 743 1536; x_wconf 86' lang='lat' dir='ltr'><strong>tur.Quamvis</strong></span> <span class='ocrx_word' id='word_1_86' title='bbox 770 1485 886 1523; x_wconf 89' lang='lat' dir='ltr'><strong>non</strong></span> <span class='ocrx_word' id='word_1_87' title='bbox 925 1468 1087 1539; x_wconf 89' lang='lat' dir='ltr'><strong>quasi</strong></span> <span class='ocrx_word' id='word_1_88' title='bbox 1123 1468 1289 1540; x_wconf 89' lang='lat' dir='ltr'><strong>regia</strong></span> <span class='ocrx_word' id='word_1_89' title='bbox 1330 1469 1624 1538; x_wconf 84' lang='lat' dir='ltr'><strong>potestatis</strong></span> <span class='ocrx_word' id='word_1_90' title='bbox 1668 1468 1935 1523; x_wconf 78' lang='lat' dir='ltr'><strong>auxilium</strong></span> 
     </span>
    </p>
   </div>
   <div class='ocr_carea' id='block_1_15' title="bbox 328 1560 1937 1634">
    <p class='ocr_par' dir='ltr' id='par_1_15' title="bbox 328 1560 1937 1634">
     <span class='ocr_line' id='line_1_15' title="bbox 328 1560 1937 1634; baseline -0.002 -17"><span class='ocrx_word' id='word_1_91' title='bbox 328 1564 655 1634; x_wconf 83' lang='lat' dir='ltr'><strong>flagitantes</strong></span> <span class='ocrx_word' id='word_1_92' title='bbox 726 1562 901 1633; x_wconf 88' lang='lat' dir='ltr'><strong>(sicut</strong></span> <span class='ocrx_word' id='word_1_93' title='bbox 968 1560 1215 1616; x_wconf 89' lang='lat' dir='ltr'><strong>haretici</strong></span> <span class='ocrx_word' id='word_1_94' title='bbox 1269 1561 1548 1631; x_wconf 89' lang='lat' dir='ltr'><strong>jactitant)</strong></span> <span class='ocrx_word' id='word_1_95' title='bbox 1606 1576 1750 1630; x_wconf 88' lang='lat' dir='ltr'><strong>sape</strong></span> <span class='ocrx_word' id='word_1_96' title='bbox 1800 1560 1937 1616; x_wconf 87' lang='lat' dir='ltr'><strong>dicti</strong></span> 
     </span>
    </p>
   </div>
   <div class='ocr_carea' id='block_1_16' title="bbox 332 1651 1939 1723">
    <p class='ocr_par' dir='ltr' id='par_1_16' title="bbox 332 1651 1939 1723">
     <span class='ocr_line' id='line_1_16' title="bbox 332 1651 1939 1723; baseline -0.002 -14"><span class='ocrx_word' id='word_1_97' title='bbox 332 1654 603 1709; x_wconf 84' lang='lat' dir='ltr'><strong>monachi</strong></span> <span class='ocrx_word' id='word_1_98' title='bbox 651 1654 801 1708; x_wconf 91' lang='lat' dir='ltr'><strong>circa</strong></span> <span class='ocrx_word' id='word_1_99' title='bbox 856 1667 1051 1723; x_wconf 88' lang='lat' dir='ltr'><strong>regum</strong></span> <span class='ocrx_word' id='word_1_100' title='bbox 1104 1660 1315 1707; x_wconf 86' lang='lat' dir='ltr'><strong>statuas</strong></span> <span class='ocrx_word' id='word_1_101' title='bbox 1354 1653 1799 1716; x_wconf 89' lang='lat' dir='ltr'><strong>inclamavcrint,</strong></span> <span class='ocrx_word' id='word_1_102' title='bbox 1839 1651 1939 1706; x_wconf 90' lang='lat' dir='ltr'><strong>sed</strong></span> 
     </span>
    </p>
   </div>
   <div class='ocr_carea' id='block_1_17' title="bbox 330 1745 1939 1818">
    <p class='ocr_par' dir='ltr' id='par_1_17' title="bbox 330 1745 1939 1818">
     <span class='ocr_line' id='line_1_17' title="bbox 330 1745 1939 1818; baseline -0.001 -16"><span class='ocrx_word' id='word_1_103' title='bbox 330 1758 645 1818; x_wconf 89' lang='lat' dir='ltr'><strong>postquam</strong></span> <span class='ocrx_word' id='word_1_104' title='bbox 679 1763 711 1800; x_wconf 91' lang='lat' dir='ltr'><strong>a</strong></span> <span class='ocrx_word' id='word_1_105' title='bbox 750 1747 877 1801; x_wconf 86' lang='lat' dir='ltr'><strong>loco</strong></span> <span class='ocrx_word' id='word_1_106' title='bbox 925 1745 1402 1816; x_wconf 88' lang='lat' dir='ltr'><strong>quemadmodum</strong></span> <span class='ocrx_word' id='word_1_107' title='bbox 1447 1754 1799 1817; x_wconf 88' lang='lat' dir='ltr'><strong>acceperant,</strong></span> <span class='ocrx_word' id='word_1_108' title='bbox 1836 1761 1939 1815; x_wconf 93' lang='lat' dir='ltr'><strong>pro</strong></span> 
     </span>
    </p>
   </div>
   <div class='ocr_carea' id='block_1_18' title="bbox 333 1838 1936 1909">
    <p class='ocr_par' dir='ltr' id='par_1_18' title="bbox 333 1838 1936 1909">
     <span class='ocr_line' id='line_1_18' title="bbox 333 1838 1936 1909; baseline -0.002 -14"><span class='ocrx_word' id='word_1_109' title='bbox 333 1841 611 1895; x_wconf 86' lang='lat' dir='ltr'><strong>mandato</strong></span> <span class='ocrx_word' id='word_1_110' title='bbox 636 1838 892 1907; x_wconf 84' lang='lat' dir='ltr'><strong>ejusdem</strong></span> <span class='ocrx_word' id='word_1_111' title='bbox 920 1838 1159 1893; x_wconf 82' lang='lat' dir='ltr'><strong>Romani</strong></span> <span class='ocrx_word' id='word_1_112' title='bbox 1190 1839 1437 1909; x_wconf 89' lang='lat' dir='ltr'><strong>episcopi</strong></span> <span class='ocrx_word' id='word_1_113' title='bbox 1463 1838 1936 1908; x_wconf 77' lang='lat' dir='ltr'><strong>fuerantexpulsi,</strong></span> 
     </span>
    </p>
   </div>
   <div class='ocr_carea' id='block_1_19' title="bbox 332 1931 1943 2002">
    <p class='ocr_par' dir='ltr' id='par_1_19' title="bbox 332 1931 1943 2002">
     <span class='ocr_line' id='line_1_19' title="bbox 332 1931 1943 2002; baseline -0.001 -15"><span class='ocrx_word' id='word_1_114' title='bbox 332 1933 391 1987; x_wconf 91' lang='lat' dir='ltr'><strong>in</strong></span> <span class='ocrx_word' id='word_1_115' title='bbox 423 1932 665 2002; x_wconf 90' lang='lat' dir='ltr'><strong>publico</strong></span> <span class='ocrx_word' id='word_1_116' title='bbox 702 1932 1099 1985; x_wconf 73' lang='lat' dir='ltr'><strong>consistentes.</strong></span> <span class='ocrx_word' id='word_1_117' title='bbox 1130 1931 1235 1987; x_wconf 91' lang='lat' dir='ltr'><strong>Ubi</strong></span> <span class='ocrx_word' id='word_1_118' title='bbox 1267 1947 1399 1987; x_wconf 89' lang='lat' dir='ltr'><strong>casu</strong></span> <span class='ocrx_word' id='word_1_119' title='bbox 1431 1947 1622 2002; x_wconf 88' lang='lat' dir='ltr'><strong>regum</strong></span> <span class='ocrx_word' id='word_1_120' title='bbox 1668 1931 1943 2002; x_wconf 79' lang='lat' dir='ltr'><strong>imagines</strong></span> 
     </span>
    </p>
   </div>
   <div class='ocr_carea' id='block_1_20' title="bbox 333 2022 1943 2093">
    <p class='ocr_par' dir='ltr' id='par_1_20' title="bbox 333 2022 1943 2093">
     <span class='ocr_line' id='line_1_20' title="bbox 333 2022 1943 2093; baseline -0.002 -13"><span class='ocrx_word' id='word_1_121' title='bbox 333 2027 588 2087; x_wconf 78' lang='lat' dir='ltr'><strong>fuerant,</strong></span> <span class='ocrx_word' id='word_1_122' title='bbox 626 2023 779 2093; x_wconf 92' lang='lat' dir='ltr'><strong>quod</strong></span> <span class='ocrx_word' id='word_1_123' title='bbox 822 2022 1085 2092; x_wconf 86' lang='lat' dir='ltr'><strong>petitioni</strong></span> <span class='ocrx_word' id='word_1_124' title='bbox 1115 2040 1231 2078; x_wconf 89' lang='lat' dir='ltr'><strong>sua</strong></span> <span class='ocrx_word' id='word_1_125' title='bbox 1260 2024 1547 2078; x_wconf 89' lang='lat' dir='ltr'><strong>audientia</strong></span> <span class='ocrx_word' id='word_1_126' title='bbox 1565 2024 1943 2092; x_wconf 83' lang='lat' dir='ltr'><strong>denegaretur</strong></span> 
     </span>
    </p>
   </div>
   <div class='ocr_carea' id='block_1_21' title="bbox 330 2114 1944 2190">
    <p class='ocr_par' dir='ltr' id='par_1_21' title="bbox 330 2114 1944 2190">
     <span class='ocr_line' id='line_1_21' title="bbox 330 2114 1944 2190; baseline -0.002 -19"><span class='ocrx_word' id='word_1_127' title='bbox 330 2119 549 2190; x_wconf 89' lang='lat' dir='ltr'><strong>popqu</strong></span> <span class='ocrx_word' id='word_1_128' title='bbox 583 2116 890 2171; x_wconf 88' lang='lat' dir='ltr'><strong>contestati</strong></span> <span class='ocrx_word' id='word_1_129' title='bbox 922 2124 1074 2170; x_wconf 90' lang='lat' dir='ltr'><strong>sunt.</strong></span> <span class='ocrx_word' id='word_1_130' title='bbox 1097 2115 1212 2171; x_wconf 90' lang='lat' dir='ltr'><strong>Cur</strong></span> <span class='ocrx_word' id='word_1_131' title='bbox 1245 2131 1375 2185; x_wconf 87' lang='lat' dir='ltr'><strong>ergo</strong></span> <span class='ocrx_word' id='word_1_132' title='bbox 1414 2116 1497 2170; x_wconf 91' lang='lat' dir='ltr'><strong>eis</strong></span> <span class='ocrx_word' id='word_1_133' title='bbox 1544 2115 1726 2171; x_wconf 88' lang='lat' dir='ltr'><strong>ﬁdelis</strong></span> <span class='ocrx_word' id='word_1_134' title='bbox 1752 2114 1944 2185; x_wconf 91' lang='lat' dir='ltr'><strong>populi</strong></span> 
     </span>
    </p>
   </div>
   <div class='ocr_carea' id='block_1_22' title="bbox 332 2206 1947 2278">
    <p class='ocr_par' dir='ltr' id='par_1_22' title="bbox 332 2206 1947 2278">
     <span class='ocr_line' id='line_1_22' title="bbox 332 2206 1947 2278; baseline -0.005 -11"><span class='ocrx_word' id='word_1_135' title='bbox 332 2210 685 2272; x_wconf 83' lang='lat' dir='ltr'><strong>constantia,</strong></span> <span class='ocrx_word' id='word_1_136' title='bbox 725 2219 789 2262; x_wconf 91' lang='lat' dir='ltr'><strong>ut</strong></span> <span class='ocrx_word' id='word_1_137' title='bbox 817 2208 922 2263; x_wconf 90' lang='lat' dir='ltr'><strong>iste</strong></span> <span class='ocrx_word' id='word_1_138' title='bbox 964 2208 1125 2271; x_wconf 93' lang='lat' dir='ltr'><strong>dicit,</strong></span> <span class='ocrx_word' id='word_1_139' title='bbox 1178 2209 1492 2273; x_wconf 85' lang='lat' dir='ltr'><strong>resisteret,</strong></span> <span class='ocrx_word' id='word_1_140' title='bbox 1544 2223 1686 2278; x_wconf 90' lang='lat' dir='ltr'><strong>quos</strong></span> <span class='ocrx_word' id='word_1_141' title='bbox 1720 2206 1947 2261; x_wconf 83' lang='lat' dir='ltr'><strong>videbat</strong></span> 
     </span>
    </p>
   </div>
   <div class='ocr_carea' id='block_1_23' title="bbox 335 2299 1946 2375">
    <p class='ocr_par' dir='ltr' id='par_1_23' title="bbox 335 2299 1946 2375">
     <span class='ocr_line' id='line_1_23' title="bbox 335 2299 1946 2375; baseline -0.002 -19"><span class='ocrx_word' id='word_1_142' title='bbox 335 2318 440 2375; x_wconf 87' lang='lat' dir='ltr'><strong>pro</strong></span> <span class='ocrx_word' id='word_1_143' title='bbox 480 2303 591 2356; x_wconf 91' lang='lat' dir='ltr'><strong>sibi</strong></span> <span class='ocrx_word' id='word_1_144' title='bbox 616 2302 838 2372; x_wconf 89' lang='lat' dir='ltr'><strong>ingesta</strong></span> <span class='ocrx_word' id='word_1_145' title='bbox 867 2300 1134 2355; x_wconf 88' lang='lat' dir='ltr'><strong>violentia</strong></span> <span class='ocrx_word' id='word_1_146' title='bbox 1159 2316 1489 2371; x_wconf 87' lang='lat' dir='ltr'><strong>progressos</strong></span> <span class='ocrx_word' id='word_1_147' title='bbox 1527 2300 1593 2355; x_wconf 90' lang='lat' dir='ltr'><strong>ad</strong></span> <span class='ocrx_word' id='word_1_148' title='bbox 1617 2299 1946 2370; x_wconf 85' lang='lat' dir='ltr'><strong>publicum?</strong></span> 
     </span>
    </p>
   </div>
   <div class='ocr_carea' id='block_1_24' title="bbox 334 2391 1942 2463">
    <p class='ocr_par' dir='ltr' id='par_1_24' title="bbox 334 2391 1942 2463">
     <span class='ocr_line' id='line_1_24' title="bbox 334 2391 1942 2463; baseline -0.002 -15"><span class='ocrx_word' id='word_1_149' title='bbox 334 2394 649 2463; x_wconf 79' lang='lat' dir='ltr'><strong>sedneque</strong></span> <span class='ocrx_word' id='word_1_150' title='bbox 707 2394 793 2448; x_wconf 89' lang='lat' dir='ltr'><strong>eis</strong></span> <span class='ocrx_word' id='word_1_151' title='bbox 842 2392 1028 2462; x_wconf 89' lang='lat' dir='ltr'><strong>aliqua</strong></span> <span class='ocrx_word' id='word_1_152' title='bbox 1062 2392 1172 2447; x_wconf 86' lang='lat' dir='ltr'><strong>fuit</strong></span> <span class='ocrx_word' id='word_1_153' title='bbox 1209 2393 1264 2447; x_wconf 92' lang='lat' dir='ltr'><strong>in</strong></span> <span class='ocrx_word' id='word_1_154' title='bbox 1318 2393 1545 2463; x_wconf 89' lang='lat' dir='ltr'><strong>publico</strong></span> <span class='ocrx_word' id='word_1_155' title='bbox 1588 2391 1942 2463; x_wconf 85' lang='lat' dir='ltr'><strong>disceptatio,</strong></span> 
     </span>
    </p>
   </div>
   <div class='ocr_carea' id='block_1_25' title="bbox 336 2486 1945 2556">
    <p class='ocr_par' dir='ltr' id='par_1_25' title="bbox 336 2486 1945 2556">
     <span class='ocr_line' id='line_1_25' title="bbox 336 2486 1945 2556; baseline 0.001 -17"><span class='ocrx_word' id='word_1_156' title='bbox 336 2494 401 2540; x_wconf 87' lang='lat' dir='ltr'><strong>ut</strong></span> <span class='ocrx_word' id='word_1_157' title='bbox 434 2487 650 2540; x_wconf 90' lang='lat' dir='ltr'><strong>merito</strong></span> <span class='ocrx_word' id='word_1_158' title='bbox 673 2494 1040 2555; x_wconf 81' lang='lat' dir='ltr'><strong>exasperatus</strong></span> <span class='ocrx_word' id='word_1_159' title='bbox 1079 2487 1356 2556; x_wconf 90' lang='lat' dir='ltr'><strong>populus,</strong></span> <span class='ocrx_word' id='word_1_160' title='bbox 1391 2501 1491 2541; x_wconf 90' lang='lat' dir='ltr'><strong>eos</strong></span> <span class='ocrx_word' id='word_1_161' title='bbox 1519 2500 1551 2540; x_wconf 94' lang='lat' dir='ltr'><strong>a</strong></span> <span class='ocrx_word' id='word_1_162' title='bbox 1587 2486 1704 2541; x_wconf 89' lang='lat' dir='ltr'><strong>suis</strong></span> <span class='ocrx_word' id='word_1_163' title='bbox 1754 2486 1945 2556; x_wconf 79' lang='lat' dir='ltr'><strong>expel-</strong></span> 
     </span>
    </p>
   </div>
   <div class='ocr_carea' id='block_1_26' title="bbox 334 2576 880 2647">
    <p class='ocr_par' dir='ltr' id='par_1_26' title="bbox 334 2576 880 2647">
     <span class='ocr_line' id='line_1_26' title="bbox 334 2576 880 2647; baseline -0.009 -14"><span class='ocrx_word' id='word_1_164' title='bbox 334 2577 482 2633; x_wconf 80' lang='lat' dir='ltr'><strong>Ieret</strong></span> <span class='ocrx_word' id='word_1_165' title='bbox 521 2576 880 2647; x_wconf 80' lang='lat' dir='ltr'><strong>regionibus.</strong></span> 
     </span>
    </p>
   </div>
   <div class='ocr_carea' id='block_1_27' title="bbox 408 2668 1943 2741">
    <p class='ocr_par' dir='ltr' id='par_1_27' title="bbox 408 2668 1943 2741">
     <span class='ocr_line' id='line_1_27' title="bbox 408 2668 1943 2741; baseline -0.001 -16"><span class='ocrx_word' id='word_1_166' title='bbox 408 2671 621 2725; x_wconf 76' lang='lat' dir='ltr'><strong>Verum</strong></span> <span class='ocrx_word' id='word_1_167' title='bbox 637 2670 687 2724; x_wconf 90' lang='lat' dir='ltr'><strong>si</strong></span> <span class='ocrx_word' id='word_1_168' title='bbox 713 2669 1045 2741; x_wconf 88' lang='lat' dir='ltr'><strong>diligentius</strong></span> <span class='ocrx_word' id='word_1_169' title='bbox 1068 2669 1189 2725; x_wconf 83' lang='lat' dir='ltr'><strong>hac</strong></span> <span class='ocrx_word' id='word_1_170' title='bbox 1213 2670 1378 2725; x_wconf 86' lang='lat' dir='ltr'><strong>istius</strong></span> <span class='ocrx_word' id='word_1_171' title='bbox 1405 2668 1578 2724; x_wconf 90' lang='lat' dir='ltr'><strong>verba</strong></span> <span class='ocrx_word' id='word_1_172' title='bbox 1598 2668 1943 2733; x_wconf 88' lang='lat' dir='ltr'><strong>consideres,</strong></span> 
     </span>
    </p>
   </div>
   <div class='ocr_carea' id='block_1_28' title="bbox 332 2761 1945 2831">
    <p class='ocr_par' dir='ltr' id='par_1_28' title="bbox 332 2761 1945 2831">
     <span class='ocr_line' id='line_1_28' title="bbox 332 2761 1945 2831; baseline 0 -16"><span class='ocrx_word' id='word_1_173' title='bbox 332 2761 598 2816; x_wconf 80' lang='lat' dir='ltr'><strong>invenies</strong></span> <span class='ocrx_word' id='word_1_174' title='bbox 644 2776 779 2815; x_wconf 90' lang='lat' dir='ltr'><strong>eum</strong></span> <span class='ocrx_word' id='word_1_175' title='bbox 836 2761 1009 2815; x_wconf 87' lang='lat' dir='ltr'><strong>etiam</strong></span> <span class='ocrx_word' id='word_1_176' title='bbox 1074 2762 1387 2815; x_wconf 78' lang='lat' dir='ltr'><strong>Romanum</strong></span> <span class='ocrx_word' id='word_1_177' title='bbox 1462 2762 1730 2831; x_wconf 90' lang='lat' dir='ltr'><strong>populum</strong></span> <span class='ocrx_word' id='word_1_178' title='bbox 1779 2777 1945 2831; x_wconf 86' lang='lat' dir='ltr'><strong>quem</strong></span> 
     </span>
    </p>
   </div>
   <div class='ocr_carea' id='block_1_29' title="bbox 332 2851 1948 2915">
    <p class='ocr_par' dir='ltr' id='par_1_29' title="bbox 332 2851 1948 2915">
     <span class='ocr_line' id='line_1_29' title="bbox 332 2851 1948 2915; baseline 0 -10"><span class='ocrx_word' id='word_1_179' title='bbox 332 2851 565 2906; x_wconf 72' lang='lat' dir='ltr'><strong>ﬁdelem</strong></span> <span class='ocrx_word' id='word_1_180' title='bbox 596 2854 826 2914; x_wconf 88' lang='lat' dir='ltr'><strong>asserit,</strong></span> <span class='ocrx_word' id='word_1_181' title='bbox 890 2867 1004 2907; x_wconf 91' lang='lat' dir='ltr'><strong>non</strong></span> <span class='ocrx_word' id='word_1_182' title='bbox 1038 2852 1219 2906; x_wconf 90' lang='lat' dir='ltr'><strong>solum</strong></span> <span class='ocrx_word' id='word_1_183' title='bbox 1249 2861 1312 2906; x_wconf 92' lang='lat' dir='ltr'><strong>ut</strong></span> <span class='ocrx_word' id='word_1_184' title='bbox 1361 2852 1697 2915; x_wconf 91' lang='lat' dir='ltr'><strong>violentum,</strong></span> <span class='ocrx_word' id='word_1_185' title='bbox 1729 2866 1948 2905; x_wconf 86' lang='lat' dir='ltr'><strong>verum-</strong></span> 
     </span>
    </p>
   </div>
   <div class='ocr_carea' id='block_1_30' title="bbox 329 2944 1944 3007">
    <p class='ocr_par' dir='ltr' id='par_1_30' title="bbox 329 2944 1944 3007">
     <span class='ocr_line' id='line_1_30' title="bbox 329 2944 1944 3007; baseline 0.001 -9"><span class='ocrx_word' id='word_1_186' title='bbox 329 2946 531 3007; x_wconf 84' lang='lat' dir='ltr'><strong>etiarn,</strong></span> <span class='ocrx_word' id='word_1_187' title='bbox 566 2954 629 2998; x_wconf 89' lang='lat' dir='ltr'><strong>ut</strong></span> <span class='ocrx_word' id='word_1_188' title='bbox 663 2945 997 2999; x_wconf 88' lang='lat' dir='ltr'><strong>hareticum</strong></span> <span class='ocrx_word' id='word_1_189' title='bbox 1028 2960 1317 3000; x_wconf 89' lang='lat' dir='ltr'><strong>accusare.</strong></span> <span class='ocrx_word' id='word_1_190' title='bbox 1349 2946 1489 3000; x_wconf 86' lang='lat' dir='ltr'><strong>Nam</strong></span> <span class='ocrx_word' id='word_1_191' title='bbox 1512 2945 1557 2998; x_wconf 91' lang='lat' dir='ltr'><strong>si</strong></span> <span class='ocrx_word' id='word_1_192' title='bbox 1592 2944 1661 2999; x_wconf 89' lang='lat' dir='ltr'><strong>de</strong></span> <span class='ocrx_word' id='word_1_193' title='bbox 1690 2945 1781 2999; x_wconf 89' lang='lat' dir='ltr'><strong>illa</strong></span> <span class='ocrx_word' id='word_1_194' title='bbox 1815 2960 1944 2999; x_wconf 90' lang='lat' dir='ltr'><strong>scn-</strong></span> 
     </span>
    </p>
   </div>
   <div class='ocr_carea' id='block_1_31' title="bbox 329 3037 1945 3107">
    <p class='ocr_par' dir='ltr' id='par_1_31' title="bbox 329 3037 1945 3107">
     <span class='ocr_line' id='line_1_31' title="bbox 329 3037 1945 3107; baseline 0 -15"><span class='ocrx_word' id='word_1_195' title='bbox 329 3038 540 3103; x_wconf 79' lang='lat' dir='ltr'><strong>tentia,</strong></span> <span class='ocrx_word' id='word_1_196' title='bbox 574 3053 752 3107; x_wconf 90' lang='lat' dir='ltr'><strong>quam</strong></span> <span class='ocrx_word' id='word_1_197' title='bbox 788 3038 1051 3092; x_wconf 89' lang='lat' dir='ltr'><strong>universa</strong></span> <span class='ocrx_word' id='word_1_198' title='bbox 1080 3037 1177 3093; x_wconf 83' lang='lat' dir='ltr'><strong>Dei</strong></span> <span class='ocrx_word' id='word_1_199' title='bbox 1207 3046 1359 3093; x_wconf 90' lang='lat' dir='ltr'><strong>tenet</strong></span> <span class='ocrx_word' id='word_1_200' title='bbox 1393 3047 1450 3092; x_wconf 90' lang='lat' dir='ltr'><strong>et</strong></span> <span class='ocrx_word' id='word_1_201' title='bbox 1478 3037 1728 3092; x_wconf 79' lang='lat' dir='ltr'><strong>defendit</strong></span> <span class='ocrx_word' id='word_1_202' title='bbox 1752 3037 1945 3092; x_wconf 92' lang='lat' dir='ltr'><strong>Eccle-</strong></span> 
     </span>
    </p>
   </div>
   <div class='ocr_carea' id='block_1_32' title="bbox 329 3128 1941 3199">
    <p class='ocr_par' dir='ltr' id='par_1_32' title="bbox 329 3128 1941 3199">
     <span class='ocr_line' id='line_1_32' title="bbox 329 3128 1941 3199; baseline -0.001 -16"><span class='ocrx_word' id='word_1_203' title='bbox 329 3128 437 3191; x_wconf 84' lang='lat' dir='ltr'><strong>sia,</strong></span> <span class='ocrx_word' id='word_1_204' title='bbox 486 3128 794 3183; x_wconf 85' lang='lat' dir='ltr'><strong>monachis</strong></span> <span class='ocrx_word' id='word_1_205' title='bbox 840 3128 898 3182; x_wconf 91' lang='lat' dir='ltr'><strong>in</strong></span> <span class='ocrx_word' id='word_1_206' title='bbox 928 3129 1157 3199; x_wconf 93' lang='lat' dir='ltr'><strong>publico</strong></span> <span class='ocrx_word' id='word_1_207' title='bbox 1203 3129 1642 3199; x_wconf 89' lang='lat' dir='ltr'><strong>disputantibus,</strong></span> <span class='ocrx_word' id='word_1_208' title='bbox 1680 3128 1787 3183; x_wconf 90' lang='lat' dir='ltr'><strong>hoc</strong></span> <span class='ocrx_word' id='word_1_209' title='bbox 1835 3137 1941 3192; x_wconf 91' lang='lat' dir='ltr'><strong>est,</strong></span> 
     </span>
    </p>
   </div>
   <div class='ocr_carea' id='block_1_33' title="bbox 2039 637 3603 713">
    <p class='ocr_par' dir='ltr' id='par_1_33' title="bbox 2039 637 3603 713">
     <span class='ocr_line' id='line_1_33' title="bbox 2039 637 3603 713; baseline 0.008 -23"><span class='ocrx_word' id='word_1_210' title='bbox 2039 637 2152 691; x_wconf 92' lang='lat' dir='ltr'><strong>lum</strong></span> <span class='ocrx_word' id='word_1_211' title='bbox 2201 641 2523 709; x_wconf 90' lang='lat' dir='ltr'><strong>prophetica</strong></span> <span class='ocrx_word' id='word_1_212' title='bbox 2558 659 2692 697; x_wconf 90' lang='lat' dir='ltr'><strong>voce</strong></span> <span class='ocrx_word' id='word_1_213' title='bbox 2751 644 2958 699; x_wconf 79' lang='lat' dir='ltr'><strong>dixisse</strong></span> <span class='ocrx_word' id='word_1_214' title='bbox 3010 661 3121 698; x_wconf 91' lang='lat' dir='ltr'><strong>non</strong></span> <span class='ocrx_word' id='word_1_215' title='bbox 3156 657 3242 701; x_wconf 89' lang='lat' dir='ltr'><strong>est</strong></span> <span class='ocrx_word' id='word_1_216' title='bbox 3285 648 3512 713; x_wconf 89' lang='lat' dir='ltr'><strong>mirum,</strong></span> <span class='ocrx_word' id='word_1_217' title='bbox 3558 649 3603 703; x_wconf 92' lang='lat' dir='ltr'><strong>si</strong></span> 
     </span>
    </p>
   </div>
   <div class='ocr_carea' id='block_1_34' title="bbox 2036 729 3607 809">
    <p class='ocr_par' dir='ltr' id='par_1_34' title="bbox 2036 729 3607 809">
     <span class='ocr_line' id='line_1_34' title="bbox 2036 729 3607 809; baseline 0.007 -26"><span class='ocrx_word' id='word_1_218' title='bbox 2036 729 2307 786; x_wconf 87' lang='lat' dir='ltr'><strong>hactenus</strong></span> <span class='ocrx_word' id='word_1_219' title='bbox 2330 734 2513 789; x_wconf 89' lang='lat' dir='ltr'><strong>surdis</strong></span> <span class='ocrx_word' id='word_1_220' title='bbox 2538 736 2770 791; x_wconf 88' lang='lat' dir='ltr'><strong>auribus</strong></span> <span class='ocrx_word' id='word_1_221' title='bbox 2803 738 3061 791; x_wconf 90' lang='lat' dir='ltr'><strong>eumdem</strong></span> <span class='ocrx_word' id='word_1_222' title='bbox 3091 738 3333 794; x_wconf 90' lang='lat' dir='ltr'><strong>audierit</strong></span> <span class='ocrx_word' id='word_1_223' title='bbox 3367 739 3607 809; x_wconf 82' lang='lat' dir='ltr'><strong>Aposto-</strong></span> 
     </span>
    </p>
   </div>
   <div class='ocr_carea' id='block_1_35' title="bbox 2035 822 3610 901">
    <p class='ocr_par' dir='ltr' id='par_1_35' title="bbox 2035 822 3610 901">
     <span class='ocr_line' id='line_1_35' title="bbox 2035 822 3610 901; baseline 0.007 -27"><span class='ocrx_word' id='word_1_224' title='bbox 2035 822 2151 875; x_wconf 92' lang='lat' dir='ltr'><strong>lum</strong></span> <span class='ocrx_word' id='word_1_225' title='bbox 2178 823 2284 878; x_wconf 91' lang='lat' dir='ltr'><strong>hoc</strong></span> <span class='ocrx_word' id='word_1_226' title='bbox 2332 826 2584 894; x_wconf 90' lang='lat' dir='ltr'><strong>quotidie</strong></span> <span class='ocrx_word' id='word_1_227' title='bbox 2612 827 2666 882; x_wconf 89' lang='lat' dir='ltr'><strong>in</strong></span> <span class='ocrx_word' id='word_1_228' title='bbox 2707 829 2954 884; x_wconf 87' lang='lat' dir='ltr'><strong>Ecclesia</strong></span> <span class='ocrx_word' id='word_1_229' title='bbox 2997 831 3348 896; x_wconf 88' lang='lat' dir='ltr'><strong>clamantem,</strong></span> <span class='ocrx_word' id='word_1_230' title='bbox 3398 834 3491 901; x_wconf 91' lang='lat' dir='ltr'><strong>qui</strong></span> <span class='ocrx_word' id='word_1_231' title='bbox 3540 848 3610 885; x_wconf 91' lang='lat' dir='ltr'><strong>ne</strong></span> 
     </span>
    </p>
   </div>
   <div class='ocr_carea' id='block_1_36' title="bbox 2035 916 3612 988">
    <p class='ocr_par' dir='ltr' id='par_1_36' title="bbox 2035 916 3612 988">
     <span class='ocr_line' id='line_1_36' title="bbox 2035 916 3612 988; baseline 0.005 -21"><span class='ocrx_word' id='word_1_232' title='bbox 2035 929 2186 969; x_wconf 90' lang='lat' dir='ltr'><strong>nunc</strong></span> <span class='ocrx_word' id='word_1_233' title='bbox 2235 916 2463 985; x_wconf 91' lang='lat' dir='ltr'><strong>quidem</strong></span> <span class='ocrx_word' id='word_1_234' title='bbox 2519 919 2634 971; x_wconf 89' lang='lat' dir='ltr'><strong>vim</strong></span> <span class='ocrx_word' id='word_1_235' title='bbox 2685 920 3000 988; x_wconf 88' lang='lat' dir='ltr'><strong>apostolica</strong></span> <span class='ocrx_word' id='word_1_236' title='bbox 3057 922 3345 975; x_wconf 86' lang='lat' dir='ltr'><strong>sententia</strong></span> <span class='ocrx_word' id='word_1_237' title='bbox 3395 921 3612 976; x_wconf 88' lang='lat' dir='ltr'><strong>intelle—</strong></span> 
     </span>
    </p>
   </div>
   <div class='ocr_carea' id='block_1_37' title="bbox 2036 1004 3612 1067">
    <p class='ocr_par' dir='ltr' id='par_1_37' title="bbox 2036 1004 3612 1067">
     <span class='ocr_line' id='line_1_37' title="bbox 2036 1004 3612 1067; baseline 0.006 -9"><span class='ocrx_word' id='word_1_238' title='bbox 2036 1004 2183 1060; x_wconf 79' lang='lat' dir='ltr'><strong>xisse</strong></span> <span class='ocrx_word' id='word_1_239' title='bbox 2204 1008 2578 1063; x_wconf 83' lang='lat' dir='ltr'><strong>convincitur.</strong></span> <span class='ocrx_word' id='word_1_240' title='bbox 2613 1010 2863 1065; x_wconf 87' lang='lat' dir='ltr'><strong>Ecclesia</strong></span> <span class='ocrx_word' id='word_1_241' title='bbox 2885 1022 3066 1066; x_wconf 88' lang='lat' dir='ltr'><strong>autem</strong></span> <span class='ocrx_word' id='word_1_242' title='bbox 3091 1014 3187 1067; x_wconf 90' lang='lat' dir='ltr'><strong>Dei</strong></span> <span class='ocrx_word' id='word_1_243' title='bbox 3215 1014 3301 1067; x_wconf 90' lang='lat' dir='ltr'><strong>his</strong></span> <span class='ocrx_word' id='word_1_244' title='bbox 3325 1013 3455 1066; x_wconf 90' lang='lat' dir='ltr'><strong>olim</strong></span> <span class='ocrx_word' id='word_1_245' title='bbox 3489 1028 3612 1067; x_wconf 89' lang='lat' dir='ltr'><strong>mo-</strong></span> 
     </span>
    </p>
   </div>
   <div class='ocr_carea' id='block_1_38' title="bbox 2042 1093 3611 1174">
    <p class='ocr_par' dir='ltr' id='par_1_38' title="bbox 2042 1093 3611 1174">
     <span class='ocr_line' id='line_1_38' title="bbox 2042 1093 3611 1174; baseline 0.009 -29"><span class='ocrx_word' id='word_1_246' title='bbox 2042 1093 2176 1147; x_wconf 90' lang='lat' dir='ltr'><strong>nitis</strong></span> <span class='ocrx_word' id='word_1_247' title='bbox 2208 1098 2557 1164; x_wconf 79' lang='lat' dir='ltr'><strong>praemunita,</strong></span> <span class='ocrx_word' id='word_1_248' title='bbox 2608 1100 2789 1154; x_wconf 89' lang='lat' dir='ltr'><strong>sciens</strong></span> <span class='ocrx_word' id='word_1_249' title='bbox 2811 1118 3093 1171; x_wconf 88' lang='lat' dir='ltr'><strong>nunquam</strong></span> <span class='ocrx_word' id='word_1_250' title='bbox 3120 1103 3412 1157; x_wconf 88' lang='lat' dir='ltr'><strong>hareticos</strong></span> <span class='ocrx_word' id='word_1_251' title='bbox 3449 1120 3611 1174; x_wconf 86' lang='lat' dir='ltr'><strong>posse</strong></span> 
     </span>
    </p>
   </div>
   <div class='ocr_carea' id='block_1_39' title="bbox 2048 1185 3606 1261">
    <p class='ocr_par' dir='ltr' id='par_1_39' title="bbox 2048 1185 3606 1261">
     <span class='ocr_line' id='line_1_39' title="bbox 2048 1185 3606 1261; baseline 0.008 -23"><span class='ocrx_word' id='word_1_252' title='bbox 2048 1185 2357 1255; x_wconf 84' lang='lat' dir='ltr'><strong>quiescere,</strong></span> <span class='ocrx_word' id='word_1_253' title='bbox 2391 1190 2683 1261; x_wconf 81' lang='lat' dir='ltr'><strong>vigilanter</strong></span> <span class='ocrx_word' id='word_1_254' title='bbox 2721 1208 3044 1261; x_wconf 91' lang='lat' dir='ltr'><strong>occurrens,</strong></span> <span class='ocrx_word' id='word_1_255' title='bbox 3064 1209 3260 1249; x_wconf 89' lang='lat' dir='ltr'><strong>eorum</strong></span> <span class='ocrx_word' id='word_1_256' title='bbox 3309 1194 3476 1251; x_wconf 90' lang='lat' dir='ltr'><strong>falsas</strong></span> <span class='ocrx_word' id='word_1_257' title='bbox 3506 1196 3606 1251; x_wconf 88' lang='lat' dir='ltr'><strong>de-</strong></span> 
     </span>
    </p>
   </div>
   <div class='ocr_carea' id='block_1_40' title="bbox 2038 1281 2589 1339">
    <p class='ocr_par' dir='ltr' id='par_1_40' title="bbox 2038 1281 2589 1339">
     <span class='ocr_line' id='line_1_40' title="bbox 2038 1281 2589 1339; baseline 0.005 -5"><span class='ocrx_word' id='word_1_258' title='bbox 2038 1281 2205 1335; x_wconf 90' lang='lat' dir='ltr'><strong>struit</strong></span> <span class='ocrx_word' id='word_1_259' title='bbox 2234 1284 2589 1339; x_wconf 84' lang='lat' dir='ltr'><strong>assertiones.</strong></span> 
     </span>
    </p>
   </div>
   <div class='ocr_carea' id='block_1_41' title="bbox 2108 1372 3611 1451">
    <p class='ocr_par' dir='ltr' id='par_1_41' title="bbox 2108 1372 3611 1451">
     <span class='ocr_line' id='line_1_41' title="bbox 2108 1372 3611 1451; baseline 0.007 -25"><span class='ocrx_word' id='word_1_260' title='bbox 2108 1372 2238 1427; x_wconf 88' lang='lat' dir='ltr'><strong>Post</strong></span> <span class='ocrx_word' id='word_1_261' title='bbox 2263 1374 2379 1429; x_wconf 84' lang='lat' dir='ltr'><strong>bac</strong></span> <span class='ocrx_word' id='word_1_262' title='bbox 2400 1376 2621 1431; x_wconf 90' lang='lat' dir='ltr'><strong>tandem</strong></span> <span class='ocrx_word' id='word_1_263' title='bbox 2643 1377 2875 1434; x_wconf 88' lang='lat' dir='ltr'><strong>satiatus</strong></span> <span class='ocrx_word' id='word_1_264' title='bbox 2892 1394 2995 1435; x_wconf 86' lang='lat' dir='ltr'><strong>nec</strong></span> <span class='ocrx_word' id='word_1_265' title='bbox 3011 1379 3241 1446; x_wconf 91' lang='lat' dir='ltr'><strong>habens,</strong></span> <span class='ocrx_word' id='word_1_266' title='bbox 3259 1380 3446 1447; x_wconf 89' lang='lat' dir='ltr'><strong>credo,</strong></span> <span class='ocrx_word' id='word_1_267' title='bbox 3464 1382 3611 1451; x_wconf 92' lang='lat' dir='ltr'><strong>quod</strong></span> 
     </span>
    </p>
   </div>
   <div class='ocr_carea' id='block_1_42' title="bbox 2039 1465 3613 1545">
    <p class='ocr_par' dir='ltr' id='par_1_42' title="bbox 2039 1465 3613 1545">
     <span class='ocr_line' id='line_1_42' title="bbox 2039 1465 3613 1545; baseline 0.008 -28"><span class='ocrx_word' id='word_1_268' title='bbox 2039 1465 2307 1521; x_wconf 92' lang='lat' dir='ltr'><strong>adversus</strong></span> <span class='ocrx_word' id='word_1_269' title='bbox 2333 1467 2559 1522; x_wconf 89' lang='lat' dir='ltr'><strong>eosdem</strong></span> <span class='ocrx_word' id='word_1_270' title='bbox 2614 1471 2917 1526; x_wconf 86' lang='lat' dir='ltr'><strong>monachos</strong></span> <span class='ocrx_word' id='word_1_271' title='bbox 2963 1488 3062 1527; x_wconf 92' lang='lat' dir='ltr'><strong>sua</strong></span> <span class='ocrx_word' id='word_1_272' title='bbox 3103 1472 3207 1527; x_wconf 91' lang='lat' dir='ltr'><strong>sibi</strong></span> <span class='ocrx_word' id='word_1_273' title='bbox 3242 1474 3457 1529; x_wconf 82' lang='lat' dir='ltr'><strong>fallacia</strong></span> <span class='ocrx_word' id='word_1_274' title='bbox 3482 1491 3613 1545; x_wconf 88' lang='lat' dir='ltr'><strong>sug-</strong></span> 
     </span>
    </p>
   </div>
   <div class='ocr_carea' id='block_1_43' title="bbox 2040 1558 3614 1630">
    <p class='ocr_par' dir='ltr' id='par_1_43' title="bbox 2040 1558 3614 1630">
     <span class='ocr_line' id='line_1_43' title="bbox 2040 1558 3614 1630; baseline 0.008 -21"><span class='ocrx_word' id='word_1_275' title='bbox 2040 1566 2216 1626; x_wconf 87' lang='lat' dir='ltr'><strong>gerat,</strong></span> <span class='ocrx_word' id='word_1_276' title='bbox 2246 1558 2495 1630; x_wconf 87' lang='lat' dir='ltr'><strong>adjungit</strong></span> <span class='ocrx_word' id='word_1_277' title='bbox 2526 1560 2719 1616; x_wconf 91' lang='lat' dir='ltr'><strong>dicens</strong></span> <span class='ocrx_word' id='word_1_278' title='bbox 2745 1578 2759 1615; x_wconf 92' lang='lat'>:</span> <span class='ocrx_word' id='word_1_279' title='bbox 2788 1561 2913 1618; x_wconf 80' lang='lat' dir='ltr'><strong>Haec</strong></span> <span class='ocrx_word' id='word_1_280' title='bbox 2944 1564 3069 1619; x_wconf 89' lang='lat' dir='ltr'><strong>ideo</strong></span> <span class='ocrx_word' id='word_1_281' title='bbox 3106 1565 3391 1621; x_wconf 91' lang='lat' dir='ltr'><strong>dilectioni</strong></span> <span class='ocrx_word' id='word_1_282' title='bbox 3417 1576 3614 1622; x_wconf 88' lang='lat' dir='ltr'><strong>vestra</strong></span> 
     </span>
    </p>
   </div>
   <div class='ocr_carea' id='block_1_44' title="bbox 2042 1648 3613 1721">
    <p class='ocr_par' dir='ltr' id='par_1_44' title="bbox 2042 1648 3613 1721">
     <span class='ocr_line' id='line_1_44' title="bbox 2042 1648 3613 1721; baseline 0.01 -20"><span class='ocrx_word' id='word_1_283' title='bbox 2042 1648 2336 1706; x_wconf 92' lang='lat' dir='ltr'><strong>indicanda</strong></span> <span class='ocrx_word' id='word_1_284' title='bbox 2359 1653 2463 1707; x_wconf 93' lang='lat' dir='ltr'><strong>sub</strong></span> <span class='ocrx_word' id='word_1_285' title='bbox 2489 1653 2779 1709; x_wconf 89' lang='lat' dir='ltr'><strong>occasione</strong></span> <span class='ocrx_word' id='word_1_286' title='bbox 2813 1656 3112 1721; x_wconf 89' lang='lat' dir='ltr'><strong>credimus,</strong></span> <span class='ocrx_word' id='word_1_287' title='bbox 3147 1674 3217 1713; x_wconf 91' lang='lat' dir='ltr'><strong>ne</strong></span> <span class='ocrx_word' id='word_1_288' title='bbox 3243 1660 3289 1714; x_wconf 91' lang='lat' dir='ltr'><strong>si</strong></span> <span class='ocrx_word' id='word_1_289' title='bbox 3317 1660 3450 1715; x_wconf 91' lang='lat' dir='ltr'><strong>illuc</strong></span> <span class='ocrx_word' id='word_1_290' title='bbox 3490 1660 3613 1717; x_wconf 90' lang='lat' dir='ltr'><strong>fue-</strong></span> 
     </span>
    </p>
   </div>
   <div class='ocr_carea' id='block_1_45' title="bbox 2041 1742 3617 1818">
    <p class='ocr_par' dir='ltr' id='par_1_45' title="bbox 2041 1742 3617 1818">
     <span class='ocr_line' id='line_1_45' title="bbox 2041 1742 3617 1818; baseline 0.009 -23"><span class='ocrx_word' id='word_1_291' title='bbox 2041 1742 2153 1796; x_wconf 91' lang='lat' dir='ltr'><strong>rint</strong></span> <span class='ocrx_word' id='word_1_292' title='bbox 2191 1744 2333 1798; x_wconf 90' lang='lat' dir='ltr'><strong>forte</strong></span> <span class='ocrx_word' id='word_1_293' title='bbox 2374 1744 2566 1811; x_wconf 89' lang='lat' dir='ltr'><strong>delati,</strong></span> <span class='ocrx_word' id='word_1_294' title='bbox 2599 1746 2917 1816; x_wconf 90' lang='lat' dir='ltr'><strong>ignorantes</strong></span> <span class='ocrx_word' id='word_1_295' title='bbox 2965 1750 3434 1818; x_wconf 90' lang='lat' dir='ltr'><strong>quemadmodum</strong></span> <span class='ocrx_word' id='word_1_296' title='bbox 3468 1767 3528 1807; x_wconf 89' lang='lat' dir='ltr'><strong>se</strong></span> <span class='ocrx_word' id='word_1_297' title='bbox 3558 1753 3617 1811; x_wconf 92' lang='lat' dir='ltr'><strong>in</strong></span> 
     </span>
    </p>
   </div>
   <div class='ocr_carea' id='block_1_46' title="bbox 2051 1834 3619 1910">
    <p class='ocr_par' dir='ltr' id='par_1_46' title="bbox 2051 1834 3619 1910">
     <span class='ocr_line' id='line_1_46' title="bbox 2051 1834 3619 1910; baseline 0.008 -22"><span class='ocrx_word' id='word_1_298' title='bbox 2051 1834 2303 1891; x_wconf 85' lang='lat' dir='ltr'><strong>Romana</strong></span> <span class='ocrx_word' id='word_1_299' title='bbox 2336 1838 2475 1891; x_wconf 88' lang='lat' dir='ltr'><strong>urbe</strong></span> <span class='ocrx_word' id='word_1_300' title='bbox 2505 1839 2816 1907; x_wconf 87' lang='lat' dir='ltr'><strong>gesserint,</strong></span> <span class='ocrx_word' id='word_1_301' title='bbox 2859 1840 3044 1910; x_wconf 91' lang='lat' dir='ltr'><strong>aliqua</strong></span> <span class='ocrx_word' id='word_1_302' title='bbox 3066 1842 3360 1897; x_wconf 89' lang='lat' dir='ltr'><strong>verborum</strong></span> <span class='ocrx_word' id='word_1_303' title='bbox 3384 1844 3619 1900; x_wconf 91' lang='lat' dir='ltr'><strong>simula-</strong></span> 
     </span>
    </p>
   </div>
   <div class='ocr_carea' id='block_1_47' title="bbox 2042 1927 3622 2002">
    <p class='ocr_par' dir='ltr' id='par_1_47' title="bbox 2042 1927 3622 2002">
     <span class='ocr_line' id='line_1_47' title="bbox 2042 1927 3622 2002; baseline 0.008 -21"><span class='ocrx_word' id='word_1_304' title='bbox 2042 1927 2194 1982; x_wconf 92' lang='lat' dir='ltr'><strong>tione</strong></span> <span class='ocrx_word' id='word_1_305' title='bbox 2208 1929 2423 1999; x_wconf 91' lang='lat' dir='ltr'><strong>aliquos</strong></span> <span class='ocrx_word' id='word_1_306' title='bbox 2444 1931 2660 2001; x_wconf 87' lang='lat' dir='ltr'><strong>possint</strong></span> <span class='ocrx_word' id='word_1_307' title='bbox 2675 1932 2949 2002; x_wconf 88' lang='lat' dir='ltr'><strong>decipere.</strong></span> <span class='ocrx_word' id='word_1_308' title='bbox 2970 1933 3072 2001; x_wconf 87' lang='lat' dir='ltr'><strong>Qui</strong></span> <span class='ocrx_word' id='word_1_309' title='bbox 3091 1952 3220 1991; x_wconf 88' lang='lat' dir='ltr'><strong>vere</strong></span> <span class='ocrx_word' id='word_1_310' title='bbox 3239 1938 3383 1993; x_wconf 89' lang='lat' dir='ltr'><strong>scire</strong></span> <span class='ocrx_word' id='word_1_311' title='bbox 3403 1938 3622 1994; x_wconf 89' lang='lat' dir='ltr'><strong>deside-</strong></span> 
     </span>
    </p>
   </div>
   <div class='ocr_carea' id='block_1_48' title="bbox 2043 2023 3619 2095">
    <p class='ocr_par' dir='ltr' id='par_1_48' title="bbox 2043 2023 3619 2095">
     <span class='ocr_line' id='line_1_48' title="bbox 2043 2023 3619 2095; baseline 0.007 -21"><span class='ocrx_word' id='word_1_312' title='bbox 2043 2028 2148 2083; x_wconf 91' lang='lat' dir='ltr'><strong>rat,</strong></span> <span class='ocrx_word' id='word_1_313' title='bbox 2170 2034 2237 2075; x_wconf 80' lang='lat' dir='ltr'><strong>ex</strong></span> <span class='ocrx_word' id='word_1_314' title='bbox 2267 2036 2458 2076; x_wconf 90' lang='lat' dir='ltr'><strong>eorum</strong></span> <span class='ocrx_word' id='word_1_315' title='bbox 2486 2023 2989 2079; x_wconf 88' lang='lat' dir='ltr'><strong>contestationibus</strong></span> <span class='ocrx_word' id='word_1_316' title='bbox 3010 2042 3153 2095; x_wconf 91' lang='lat' dir='ltr'><strong>quas</strong></span> <span class='ocrx_word' id='word_1_317' title='bbox 3175 2028 3232 2081; x_wconf 92' lang='lat' dir='ltr'><strong>in</strong></span> <span class='ocrx_word' id='word_1_318' title='bbox 3254 2028 3450 2083; x_wconf 89' lang='lat' dir='ltr'><strong>eadem</strong></span> <span class='ocrx_word' id='word_1_319' title='bbox 3481 2031 3619 2085; x_wconf 89' lang='lat' dir='ltr'><strong>urbe</strong></span> 
     </span>
    </p>
   </div>
   <div class='ocr_carea' id='block_1_49' title="bbox 2040 2113 3621 2191">
    <p class='ocr_par' dir='ltr' id='par_1_49' title="bbox 2040 2113 3621 2191">
     <span class='ocr_line' id='line_1_49' title="bbox 2040 2113 3621 2191; baseline 0.007 -24"><span class='ocrx_word' id='word_1_320' title='bbox 2040 2113 2181 2168; x_wconf 90' lang='lat' dir='ltr'><strong>locis</strong></span> <span class='ocrx_word' id='word_1_321' title='bbox 2212 2114 2453 2184; x_wconf 89' lang='lat' dir='ltr'><strong>publicis</strong></span> <span class='ocrx_word' id='word_1_322' title='bbox 2474 2114 2807 2179; x_wconf 76' lang='lat' dir='ltr'><strong>deﬁxerant,</strong></span> <span class='ocrx_word' id='word_1_323' title='bbox 2846 2118 3019 2187; x_wconf 88' lang='lat' dir='ltr'><strong>magis</strong></span> <span class='ocrx_word' id='word_1_324' title='bbox 3039 2130 3321 2189; x_wconf 88' lang='lat' dir='ltr'><strong>agnoscet,</strong></span> <span class='ocrx_word' id='word_1_325' title='bbox 3349 2138 3512 2191; x_wconf 91' lang='lat' dir='ltr'><strong>quam</strong></span> <span class='ocrx_word' id='word_1_326' title='bbox 3554 2140 3621 2179; x_wconf 77' lang='lat' dir='ltr'><strong>ex</strong></span> 
     </span>
    </p>
   </div>
   <div class='ocr_carea' id='block_1_50' title="bbox 2044 2205 3624 2279">
    <p class='ocr_par' dir='ltr' id='par_1_50' title="bbox 2044 2205 3624 2279">
     <span class='ocr_line' id='line_1_50' title="bbox 2044 2205 3624 2279; baseline 0.008 -20"><span class='ocrx_word' id='word_1_327' title='bbox 2044 2205 2208 2261; x_wconf 90' lang='lat' dir='ltr'><strong>istius</strong></span> <span class='ocrx_word' id='word_1_328' title='bbox 2252 2207 2495 2277; x_wconf 91' lang='lat' dir='ltr'><strong>scriptis,</strong></span> <span class='ocrx_word' id='word_1_329' title='bbox 2529 2210 2622 2278; x_wconf 92' lang='lat' dir='ltr'><strong>qui</strong></span> <span class='ocrx_word' id='word_1_330' title='bbox 2670 2225 2782 2264; x_wconf 90' lang='lat' dir='ltr'><strong>non</strong></span> <span class='ocrx_word' id='word_1_331' title='bbox 2817 2218 2902 2265; x_wconf 90' lang='lat' dir='ltr'><strong>est</strong></span> <span class='ocrx_word' id='word_1_332' title='bbox 2951 2226 3141 2266; x_wconf 90' lang='lat' dir='ltr'><strong>eorum</strong></span> <span class='ocrx_word' id='word_1_333' title='bbox 3170 2222 3403 2279; x_wconf 90' lang='lat' dir='ltr'><strong>tantum,</strong></span> <span class='ocrx_word' id='word_1_334' title='bbox 3439 2216 3535 2270; x_wconf 92' lang='lat' dir='ltr'><strong>sed</strong></span> <span class='ocrx_word' id='word_1_335' title='bbox 3565 2224 3624 2271; x_wconf 90' lang='lat' dir='ltr'><strong>et</strong></span> 
     </span>
    </p>
   </div>
   <div class='ocr_carea' id='block_1_51' title="bbox 2044 2299 3623 2377">
    <p class='ocr_par' dir='ltr' id='par_1_51' title="bbox 2044 2299 3623 2377">
     <span class='ocr_line' id='line_1_51' title="bbox 2044 2299 3623 2377; baseline 0.007 -25"><span class='ocrx_word' id='word_1_336' title='bbox 2044 2299 2215 2354; x_wconf 91' lang='lat' dir='ltr'><strong>totius</strong></span> <span class='ocrx_word' id='word_1_337' title='bbox 2243 2299 2502 2356; x_wconf 90' lang='lat' dir='ltr'><strong>Ecclesia</strong></span> <span class='ocrx_word' id='word_1_338' title='bbox 2537 2301 2795 2358; x_wconf 91' lang='lat' dir='ltr'><strong>inimicus</strong></span> <span class='ocrx_word' id='word_1_339' title='bbox 2824 2305 3164 2374; x_wconf 88' lang='lat' dir='ltr'><strong>agnoscitur.</strong></span> <span class='ocrx_word' id='word_1_340' title='bbox 3200 2304 3334 2359; x_wconf 92' lang='lat' dir='ltr'><strong>Nam</strong></span> <span class='ocrx_word' id='word_1_341' title='bbox 3364 2316 3420 2362; x_wconf 92' lang='lat' dir='ltr'><strong>ct</strong></span> <span class='ocrx_word' id='word_1_342' title='bbox 3449 2308 3623 2377; x_wconf 90' lang='lat' dir='ltr'><strong>ipsius</strong></span> 
     </span>
    </p>
   </div>
   <div class='ocr_carea' id='block_1_52' title="bbox 2045 2390 3622 2465">
    <p class='ocr_par' dir='ltr' id='par_1_52' title="bbox 2045 2390 3622 2465">
     <span class='ocr_line' id='line_1_52' title="bbox 2045 2390 3622 2465; baseline 0.007 -21"><span class='ocrx_word' id='word_1_343' title='bbox 2045 2390 2304 2447; x_wconf 84' lang='lat' dir='ltr'><strong>Romana</strong></span> <span class='ocrx_word' id='word_1_344' title='bbox 2356 2393 2635 2460; x_wconf 89' lang='lat' dir='ltr'><strong>Ecclesia,</strong></span> <span class='ocrx_word' id='word_1_345' title='bbox 2686 2395 2848 2465; x_wconf 93' lang='lat' dir='ltr'><strong>cujus</strong></span> <span class='ocrx_word' id='word_1_346' title='bbox 2881 2410 2939 2450; x_wconf 91' lang='lat' dir='ltr'><strong>se</strong></span> <span class='ocrx_word' id='word_1_347' title='bbox 2970 2397 3126 2465; x_wconf 89' lang='lat' dir='ltr'><strong>quasi</strong></span> <span class='ocrx_word' id='word_1_348' title='bbox 3159 2397 3505 2453; x_wconf 89' lang='lat' dir='ltr'><strong>defensorem</strong></span> <span class='ocrx_word' id='word_1_349' title='bbox 3542 2400 3622 2455; x_wconf 93' lang='lat' dir='ltr'><strong>si-</strong></span> 
     </span>
    </p>
   </div>
   <div class='ocr_carea' id='block_1_53' title="bbox 2045 2484 3622 2555">
    <p class='ocr_par' dir='ltr' id='par_1_53' title="bbox 2045 2484 3622 2555">
     <span class='ocr_line' id='line_1_53' title="bbox 2045 2484 3622 2555; baseline 0.006 -18"><span class='ocrx_word' id='word_1_350' title='bbox 2045 2484 2241 2547; x_wconf 89' lang='lat' dir='ltr'><strong>mulat,</strong></span> <span class='ocrx_word' id='word_1_351' title='bbox 2272 2484 2327 2538; x_wconf 92' lang='lat' dir='ltr'><strong>in</strong></span> <span class='ocrx_word' id='word_1_352' title='bbox 2360 2493 2572 2539; x_wconf 87' lang='lat' dir='ltr'><strong>tantum</strong></span> <span class='ocrx_word' id='word_1_353' title='bbox 2601 2485 2957 2542; x_wconf 88' lang='lat' dir='ltr'><strong>adversarius</strong></span> <span class='ocrx_word' id='word_1_354' title='bbox 2982 2487 3301 2555; x_wconf 90' lang='lat' dir='ltr'><strong>denotatur,</strong></span> <span class='ocrx_word' id='word_1_355' title='bbox 3333 2500 3394 2545; x_wconf 91' lang='lat' dir='ltr'><strong>ut</strong></span> <span class='ocrx_word' id='word_1_356' title='bbox 3426 2492 3471 2545; x_wconf 94' lang='lat' dir='ltr'><strong>si</strong></span> <span class='ocrx_word' id='word_1_357' title='bbox 3502 2507 3622 2547; x_wconf 84' lang='lat' dir='ltr'><strong>me-</strong></span> 
     </span>
    </p>
   </div>
   <div class='ocr_carea' id='block_1_54' title="bbox 2044 2574 3623 2648">
    <p class='ocr_par' dir='ltr' id='par_1_54' title="bbox 2044 2574 3623 2648">
     <span class='ocr_line' id='line_1_54' title="bbox 2044 2574 3623 2648; baseline 0.008 -21"><span class='ocrx_word' id='word_1_358' title='bbox 2044 2574 2243 2628; x_wconf 89' lang='lat' dir='ltr'><strong>morati</strong></span> <span class='ocrx_word' id='word_1_359' title='bbox 2287 2577 2566 2641; x_wconf 88' lang='lat' dir='ltr'><strong>monachi,</strong></span> <span class='ocrx_word' id='word_1_360' title='bbox 2592 2592 2733 2647; x_wconf 91' lang='lat' dir='ltr'><strong>quos</strong></span> <span class='ocrx_word' id='word_1_361' title='bbox 2771 2579 2929 2648; x_wconf 90' lang='lat' dir='ltr'><strong>quasi</strong></span> <span class='ocrx_word' id='word_1_362' title='bbox 2964 2578 3146 2634; x_wconf 87' lang='lat' dir='ltr'><strong>eidem</strong></span> <span class='ocrx_word' id='word_1_363' title='bbox 3176 2580 3440 2637; x_wconf 89' lang='lat' dir='ltr'><strong>Ecclesia</strong></span> <span class='ocrx_word' id='word_1_364' title='bbox 3486 2599 3623 2639; x_wconf 91' lang='lat' dir='ltr'><strong>con-</strong></span> 
     </span>
    </p>
   </div>
   <div class='ocr_carea' id='block_1_55' title="bbox 2046 2666 3623 2744">
    <p class='ocr_par' dir='ltr' id='par_1_55' title="bbox 2046 2666 3623 2744">
     <span class='ocr_line' id='line_1_55' title="bbox 2046 2666 3623 2744; baseline 0.006 -24"><span class='ocrx_word' id='word_1_365' title='bbox 2046 2666 2249 2721; x_wconf 90' lang='lat' dir='ltr'><strong>trarios</strong></span> <span class='ocrx_word' id='word_1_366' title='bbox 2276 2666 2536 2732; x_wconf 87' lang='lat' dir='ltr'><strong>astimat,</strong></span> <span class='ocrx_word' id='word_1_367' title='bbox 2585 2668 2777 2739; x_wconf 91' lang='lat' dir='ltr'><strong>inique</strong></span> <span class='ocrx_word' id='word_1_368' title='bbox 2805 2669 3073 2726; x_wconf 91' lang='lat' dir='ltr'><strong>adversus</strong></span> <span class='ocrx_word' id='word_1_369' title='bbox 3101 2686 3224 2725; x_wconf 91' lang='lat' dir='ltr'><strong>eam</strong></span> <span class='ocrx_word' id='word_1_370' title='bbox 3262 2672 3319 2726; x_wconf 89' lang='lat' dir='ltr'><strong>in</strong></span> <span class='ocrx_word' id='word_1_371' title='bbox 3366 2673 3455 2728; x_wconf 90' lang='lat' dir='ltr'><strong>his</strong></span> <span class='ocrx_word' id='word_1_372' title='bbox 3493 2691 3623 2744; x_wconf 89' lang='lat' dir='ltr'><strong>par-</strong></span> 
     </span>
    </p>
   </div>
   <div class='ocr_carea' id='block_1_56' title="bbox 2046 2758 3624 2833">
    <p class='ocr_par' dir='ltr' id='par_1_56' title="bbox 2046 2758 3624 2833">
     <span class='ocr_line' id='line_1_56' title="bbox 2046 2758 3624 2833; baseline 0.007 -22"><span class='ocrx_word' id='word_1_373' title='bbox 2046 2758 2199 2813; x_wconf 91' lang='lat' dir='ltr'><strong>tibus</strong></span> <span class='ocrx_word' id='word_1_374' title='bbox 2250 2758 2433 2828; x_wconf 90' lang='lat' dir='ltr'><strong>aliqua</strong></span> <span class='ocrx_word' id='word_1_375' title='bbox 2480 2759 2687 2831; x_wconf 90' lang='lat' dir='ltr'><strong>ﬁngere</strong></span> <span class='ocrx_word' id='word_1_376' title='bbox 2739 2761 3072 2827; x_wconf 90' lang='lat' dir='ltr'><strong>voluissent,</strong></span> <span class='ocrx_word' id='word_1_377' title='bbox 3121 2778 3406 2833; x_wconf 91' lang='lat' dir='ltr'><strong>nunquam</strong></span> <span class='ocrx_word' id='word_1_378' title='bbox 3455 2766 3624 2822; x_wconf 86' lang='lat' dir='ltr'><strong>credo</strong></span> 
     </span>
    </p>
   </div>
   <div class='ocr_carea' id='block_1_57' title="bbox 2044 2850 3621 2927">
    <p class='ocr_par' dir='ltr' id='par_1_57' title="bbox 2044 2850 3621 2927">
     <span class='ocr_line' id='line_1_57' title="bbox 2044 2850 3621 2927; baseline 0.008 -23"><span class='ocrx_word' id='word_1_379' title='bbox 2044 2850 2126 2904; x_wconf 90' lang='lat' dir='ltr'><strong>ita</strong></span> <span class='ocrx_word' id='word_1_380' title='bbox 2151 2851 2398 2921; x_wconf 83' lang='lat' dir='ltr'><strong>ejusdem</strong></span> <span class='ocrx_word' id='word_1_381' title='bbox 2416 2853 2678 2909; x_wconf 89' lang='lat' dir='ltr'><strong>Ecclesia</strong></span> <span class='ocrx_word' id='word_1_382' title='bbox 2695 2853 2861 2909; x_wconf 88' lang='lat' dir='ltr'><strong>ﬁdem</strong></span> <span class='ocrx_word' id='word_1_383' title='bbox 2887 2854 3155 2926; x_wconf 87' lang='lat' dir='ltr'><strong>derogare</strong></span> <span class='ocrx_word' id='word_1_384' title='bbox 3181 2860 3621 2927; x_wconf 88' lang='lat' dir='ltr'><strong>pravaluissent,</strong></span> 
     </span>
    </p>
   </div>
   <div class='ocr_carea' id='block_1_58' title="bbox 2046 2943 3626 3018">
    <p class='ocr_par' dir='ltr' id='par_1_58' title="bbox 2046 2943 3626 3018">
     <span class='ocr_line' id='line_1_58' title="bbox 2046 2943 3626 3018; baseline 0.009 -23"><span class='ocrx_word' id='word_1_385' title='bbox 2046 2943 2514 3012; x_wconf 90' lang='lat' dir='ltr'><strong>quemadmodum</strong></span> <span class='ocrx_word' id='word_1_386' title='bbox 2551 2946 2675 3012; x_wconf 90' lang='lat' dir='ltr'><strong>iste,</strong></span> <span class='ocrx_word' id='word_1_387' title='bbox 2700 2946 2877 3016; x_wconf 84' lang='lat' dir='ltr'><strong>quiex</strong></span> <span class='ocrx_word' id='word_1_388' title='bbox 2899 2963 3137 3017; x_wconf 89' lang='lat' dir='ltr'><strong>persona</strong></span> <span class='ocrx_word' id='word_1_389' title='bbox 3161 2948 3337 3018; x_wconf 91' lang='lat' dir='ltr'><strong>ipsius</strong></span> <span class='ocrx_word' id='word_1_390' title='bbox 3363 2951 3626 3009; x_wconf 88' lang='lat' dir='ltr'><strong>Ecclesia</strong></span> 
     </span>
    </p>
   </div>
   <div class='ocr_carea' id='block_1_59' title="bbox 2047 3032 3625 3110">
    <p class='ocr_par' dir='ltr' id='par_1_59' title="bbox 2047 3032 3625 3110">
     <span class='ocr_line' id='line_1_59' title="bbox 2047 3032 3625 3110; baseline 0.008 -24"><span class='ocrx_word' id='word_1_391' title='bbox 2047 3032 2175 3087; x_wconf 91' lang='lat' dir='ltr'><strong>ideo</strong></span> <span class='ocrx_word' id='word_1_392' title='bbox 2197 3032 2384 3104; x_wconf 89' lang='lat' dir='ltr'><strong>inique</strong></span> <span class='ocrx_word' id='word_1_393' title='bbox 2397 3050 2494 3090; x_wconf 91' lang='lat' dir='ltr'><strong>eos</strong></span> <span class='ocrx_word' id='word_1_394' title='bbox 2506 3036 2782 3091; x_wconf 90' lang='lat' dir='ltr'><strong>obtrectat</strong></span> <span class='ocrx_word' id='word_1_395' title='bbox 2797 3045 2853 3091; x_wconf 91' lang='lat' dir='ltr'><strong>et</strong></span> <span class='ocrx_word' id='word_1_396' title='bbox 2871 3038 3101 3103; x_wconf 88' lang='lat' dir='ltr'><strong>lacerat,</strong></span> <span class='ocrx_word' id='word_1_397' title='bbox 3122 3038 3249 3108; x_wconf 90' lang='lat' dir='ltr'><strong>quia</strong></span> <span class='ocrx_word' id='word_1_398' title='bbox 3260 3041 3419 3110; x_wconf 85' lang='lat' dir='ltr'><strong>juxta</strong></span> <span class='ocrx_word' id='word_1_399' title='bbox 3437 3042 3625 3099; x_wconf 92' lang='lat' dir='ltr'><strong>divina</strong></span> 
     </span>
    </p>
   </div>
   <div class='ocr_carea' id='block_1_60' title="bbox 2048 3125 3630 3194">
    <p class='ocr_par' dir='ltr' id='par_1_60' title="bbox 2048 3125 3630 3194">
     <span class='ocr_line' id='line_1_60' title="bbox 2048 3125 3630 3194; baseline 0.007 -15"><span class='ocrx_word' id='word_1_400' title='bbox 2048 3125 2289 3194; x_wconf 89' lang='lat' dir='ltr'><strong>eloquia,</strong></span> <span class='ocrx_word' id='word_1_401' title='bbox 2307 3134 2362 3180; x_wconf 87' lang='lat' dir='ltr'><strong>et</strong></span> <span class='ocrx_word' id='word_1_402' title='bbox 2386 3136 2703 3181; x_wconf 84' lang='lat' dir='ltr'><strong>sanctorum</strong></span> <span class='ocrx_word' id='word_1_403' title='bbox 2723 3129 2948 3183; x_wconf 89' lang='lat' dir='ltr'><strong>Patrum</strong></span> <span class='ocrx_word' id='word_1_404' title='bbox 2982 3130 3313 3187; x_wconf 87' lang='lat' dir='ltr'><strong>traditiones</strong></span> <span class='ocrx_word' id='word_1_405' title='bbox 3343 3132 3630 3191; x_wconf 83' lang='lat' dir='ltr'><strong>Christum</strong></span> 
     </span>
    </p>
   </div>
   <div class='ocr_carea' id='block_1_61' title="bbox 332 3217 3625 3296">
    <p class='ocr_par' dir='ltr' id='par_1_61' title="bbox 332 3217 3625 3296">
     <span class='ocr_line' id='line_1_61' title="bbox 332 3217 3625 3296; baseline 0 -16"><span class='ocrx_word' id='word_1_406' title='bbox 332 3242 443 3296; x_wconf 85' lang='lat' dir='ltr'><strong>qua</strong></span> <span class='ocrx_word' id='word_1_407' title='bbox 478 3226 761 3281; x_wconf 88' lang='lat' dir='ltr'><strong>Christus</strong></span> <span class='ocrx_word' id='word_1_408' title='bbox 806 3224 982 3279; x_wconf 83' lang='lat' dir='ltr'><strong>Filius</strong></span> <span class='ocrx_word' id='word_1_409' title='bbox 1042 3225 1145 3279; x_wconf 88' lang='lat' dir='ltr'><strong>Dei</strong></span> <span class='ocrx_word' id='word_1_410' title='bbox 1206 3241 1352 3287; x_wconf 80' lang='lat' dir='ltr'><strong>unus</strong></span> <span class='ocrx_word' id='word_1_411' title='bbox 1409 3240 1531 3280; x_wconf 90' lang='lat' dir='ltr'><strong>esse</strong></span> <span class='ocrx_word' id='word_1_412' title='bbox 1584 3223 1833 3279; x_wconf 89' lang='lat' dir='ltr'><strong>creditur</strong></span> <span class='ocrx_word' id='word_1_413' title='bbox 1878 3238 2015 3296; x_wconf 70' lang='lat' dir='ltr'><strong>exc</strong></span> <span class='ocrx_word' id='word_1_414' title='bbox 2051 3217 2250 3272; x_wconf 87' lang='lat' dir='ltr'><strong>Filium</strong></span> <span class='ocrx_word' id='word_1_415' title='bbox 2276 3220 2580 3289; x_wconf 89' lang='lat' dir='ltr'><strong>Dei,quem</strong></span> <span class='ocrx_word' id='word_1_416' title='bbox 2621 3220 2677 3274; x_wconf 93' lang='lat' dir='ltr'><strong>in</strong></span> <span class='ocrx_word' id='word_1_417' title='bbox 2721 3221 2937 3277; x_wconf 90' lang='lat' dir='ltr'><strong>duabus</strong></span> <span class='ocrx_word' id='word_1_418' title='bbox 2971 3224 3188 3279; x_wconf 89' lang='lat' dir='ltr'><strong>naturis</strong></span> <span class='ocrx_word' id='word_1_419' title='bbox 3218 3227 3625 3292; x_wconf 88' lang='lat' dir='ltr'><strong>essentialiter,</strong></span> 
     </span>
    </p>
   </div>
   <div class='ocr_carea' id='block_1_62' title="bbox 335 3315 1949 3385">
    <p class='ocr_par' dir='ltr' id='par_1_62' title="bbox 335 3315 1949 3385">
     <span class='ocr_line' id='line_1_62' title="bbox 335 3315 1949 3385; baseline -0.002 -12"><span class='ocrx_word' id='word_1_420' title='bbox 335 3328 533 3373; x_wconf 81' lang='lat' dir='ltr'><strong>sancta</strong></span> <span class='ocrx_word' id='word_1_421' title='bbox 566 3326 626 3371; x_wconf 85' lang='lat' dir='ltr'><strong>et</strong></span> <span class='ocrx_word' id='word_1_422' title='bbox 683 3315 969 3370; x_wconf 67' lang='lat' dir='ltr'><strong>ineffabili</strong></span> <span class='ocrx_word' id='word_1_423' title='bbox 1019 3315 1320 3379; x_wconf 88' lang='lat' dir='ltr'><strong>Trinitate,</strong></span> <span class='ocrx_word' id='word_1_424' title='bbox 1366 3317 1653 3370; x_wconf 80' lang='lat' dir='ltr'><strong>Romanus</strong></span> <span class='ocrx_word' id='word_1_425' title='bbox 1706 3316 1949 3385; x_wconf 92' lang='lat' dir='ltr'><strong>populus</strong></span> 
     </span>
    </p>
   </div>
   <div class='ocr_carea' id='block_1_63' title="bbox 337 3409 1951 3481">
    <p class='ocr_par' dir='ltr' id='par_1_63' title="bbox 337 3409 1951 3481">
     <span class='ocr_line' id='line_1_63' title="bbox 337 3409 1951 3481; baseline -0.002 -16"><span class='ocrx_word' id='word_1_426' title='bbox 337 3412 594 3475; x_wconf 85' lang='lat' dir='ltr'><strong>resistit;</strong></span> <span class='ocrx_word' id='word_1_427' title='bbox 634 3412 751 3481; x_wconf 85' lang='lat' dir='ltr'><strong>jam</strong></span> <span class='ocrx_word' id='word_1_428' title='bbox 772 3426 886 3463; x_wconf 89' lang='lat' dir='ltr'><strong>non</strong></span> <span class='ocrx_word' id='word_1_429' title='bbox 916 3416 1133 3463; x_wconf 92' lang='lat' dir='ltr'><strong>tantum</strong></span> <span class='ocrx_word' id='word_1_430' title='bbox 1162 3409 1289 3475; x_wconf 87' lang='lat' dir='ltr'><strong>iste,</strong></span> <span class='ocrx_word' id='word_1_431' title='bbox 1316 3409 1412 3479; x_wconf 86' lang='lat' dir='ltr'><strong>qui</strong></span> <span class='ocrx_word' id='word_1_432' title='bbox 1434 3410 1645 3463; x_wconf 89' lang='lat' dir='ltr'><strong>erroris</strong></span> <span class='ocrx_word' id='word_1_433' title='bbox 1684 3409 1771 3463; x_wconf 91' lang='lat' dir='ltr'><strong>sui</strong></span> <span class='ocrx_word' id='word_1_434' title='bbox 1800 3418 1951 3462; x_wconf 87' lang='lat' dir='ltr'><strong>tene-</strong></span> 
     </span>
    </p>
   </div>
   <div class='ocr_carea' id='block_1_64' title="bbox 336 3497 1951 3563">
    <p class='ocr_par' dir='ltr' id='par_1_64' title="bbox 336 3497 1951 3563">
     <span class='ocr_line' id='line_1_64' title="bbox 336 3497 1951 3563; baseline -0.001 -9"><span class='ocrx_word' id='word_1_435' title='bbox 336 3500 459 3555; x_wconf 87' lang='lat' dir='ltr'><strong>bris</strong></span> <span class='ocrx_word' id='word_1_436' title='bbox 486 3511 840 3563; x_wconf 76' lang='lat' dir='ltr'><strong>excacatus,</strong></span> <span class='ocrx_word' id='word_1_437' title='bbox 865 3498 1159 3553; x_wconf 85' lang='lat' dir='ltr'><strong>diabolica</strong></span> <span class='ocrx_word' id='word_1_438' title='bbox 1192 3500 1401 3553; x_wconf 87' lang='lat' dir='ltr'><strong>semina</strong></span> <span class='ocrx_word' id='word_1_439' title='bbox 1449 3498 1683 3553; x_wconf 88' lang='lat' dir='ltr'><strong>nefanda</strong></span> <span class='ocrx_word' id='word_1_440' title='bbox 1723 3497 1951 3553; x_wconf 86' lang='lat' dir='ltr'><strong>zizania</strong></span> 
     </span>
    </p>
   </div>
   <div class='ocr_carea' id='block_1_65' title="bbox 344 3591 1948 3656">
    <p class='ocr_par' dir='ltr' id='par_1_65' title="bbox 344 3591 1948 3656">
     <span class='ocr_line' id='line_1_65' title="bbox 344 3591 1948 3656; baseline -0.002 -8"><span class='ocrx_word' id='word_1_441' title='bbox 344 3594 493 3648; x_wconf 82' lang='lat' dir='ltr'><strong>hanc</strong></span> <span class='ocrx_word' id='word_1_442' title='bbox 572 3601 837 3646; x_wconf 85' lang='lat' dir='ltr'><strong>sanctam</strong></span> <span class='ocrx_word' id='word_1_443' title='bbox 890 3591 1228 3646; x_wconf 87' lang='lat' dir='ltr'><strong>sententiam</strong></span> <span class='ocrx_word' id='word_1_444' title='bbox 1299 3591 1523 3656; x_wconf 88' lang='lat' dir='ltr'><strong>asserit,</strong></span> <span class='ocrx_word' id='word_1_445' title='bbox 1586 3592 1948 3645; x_wconf 88' lang='lat' dir='ltr'><strong>verumetiam</strong></span> 
     </span>
    </p>
   </div>
   <div class='ocr_carea' id='block_1_66' title="bbox 337 3680 1948 3752">
    <p class='ocr_par' dir='ltr' id='par_1_66' title="bbox 337 3680 1948 3752">
     <span class='ocr_line' id='line_1_66' title="bbox 337 3680 1948 3752; baseline -0.001 -15"><span class='ocrx_word' id='word_1_446' title='bbox 337 3683 524 3737; x_wconf 84' lang='lat' dir='ltr'><strong>omnis</strong></span> <span class='ocrx_word' id='word_1_447' title='bbox 548 3681 889 3736; x_wconf 90' lang='lat' dir='ltr'><strong>antedictus</strong></span> <span class='ocrx_word' id='word_1_448' title='bbox 922 3681 1175 3752; x_wconf 88' lang='lat' dir='ltr'><strong>populus</strong></span> <span class='ocrx_word' id='word_1_449' title='bbox 1209 3681 1511 3736; x_wconf 88' lang='lat' dir='ltr'><strong>bareticus</strong></span> <span class='ocrx_word' id='word_1_450' title='bbox 1544 3680 1713 3752; x_wconf 91' lang='lat' dir='ltr'><strong>(quod</strong></span> <span class='ocrx_word' id='word_1_451' title='bbox 1747 3682 1948 3751; x_wconf 80' lang='lat' dir='ltr'><strong>absit!)</strong></span> 
     </span>
    </p>
   </div>
   <div class='ocr_carea' id='block_1_67' title="bbox 337 3774 1949 3844">
    <p class='ocr_par' dir='ltr' id='par_1_67' title="bbox 337 3774 1949 3844">
     <span class='ocr_line' id='line_1_67' title="bbox 337 3774 1949 3844; baseline -0.001 -13"><span class='ocrx_word' id='word_1_452' title='bbox 337 3792 460 3831; x_wconf 81' lang='lat' dir='ltr'><strong>esse</strong></span> <span class='ocrx_word' id='word_1_453' title='bbox 517 3776 915 3831; x_wconf 87' lang='lat' dir='ltr'><strong>convincitur.</strong></span> <span class='ocrx_word' id='word_1_454' title='bbox 976 3774 1035 3829; x_wconf 90' lang='lat' dir='ltr'><strong>Si</strong></span> <span class='ocrx_word' id='word_1_455' title='bbox 1084 3782 1271 3828; x_wconf 90' lang='lat' dir='ltr'><strong>autem</strong></span> <span class='ocrx_word' id='word_1_456' title='bbox 1326 3790 1504 3844; x_wconf 91' lang='lat' dir='ltr'><strong>usque</strong></span> <span class='ocrx_word' id='word_1_457' title='bbox 1538 3776 1606 3829; x_wconf 89' lang='lat' dir='ltr'><strong>ad</strong></span> <span class='ocrx_word' id='word_1_458' title='bbox 1636 3776 1821 3831; x_wconf 88' lang='lat' dir='ltr'><strong>amuli</strong></span> <span class='ocrx_word' id='word_1_459' title='bbox 1863 3776 1949 3830; x_wconf 92' lang='lat' dir='ltr'><strong>sui</strong></span> 
     </span>
    </p>
   </div>
   <div class='ocr_carea' id='block_1_68' title="bbox 341 3867 1950 3937">
    <p class='ocr_par' dir='ltr' id='par_1_68' title="bbox 341 3867 1950 3937">
     <span class='ocr_line' id='line_1_68' title="bbox 341 3867 1950 3937; baseline 0 -14"><span class='ocrx_word' id='word_1_460' title='bbox 341 3869 703 3937; x_wconf 79' lang='lat' dir='ltr'><strong>prasentiam</strong></span> <span class='ocrx_word' id='word_1_461' title='bbox 764 3868 980 3923; x_wconf 91' lang='lat' dir='ltr'><strong>eisdem</strong></span> <span class='ocrx_word' id='word_1_462' title='bbox 1049 3867 1341 3923; x_wconf 89' lang='lat' dir='ltr'><strong>monachis</strong></span> <span class='ocrx_word' id='word_1_463' title='bbox 1404 3868 1611 3923; x_wconf 88' lang='lat' dir='ltr'><strong>ibidem</strong></span> <span class='ocrx_word' id='word_1_464' title='bbox 1679 3869 1950 3923; x_wconf 87' lang='lat' dir='ltr'><strong>remorari</strong></span> 
     </span>
    </p>
   </div>
   <div class='ocr_carea' id='block_1_69' title="bbox 339 3961 1951 4032">
    <p class='ocr_par' dir='ltr' id='par_1_69' title="bbox 339 3961 1951 4032">
     <span class='ocr_line' id='line_1_69' title="bbox 339 3961 1951 4032; baseline -0.001 -15"><span class='ocrx_word' id='word_1_465' title='bbox 339 3964 693 4027; x_wconf 83' lang='lat' dir='ltr'><strong>volentibus,</strong></span> <span class='ocrx_word' id='word_1_466' title='bbox 730 3978 848 4032; x_wconf 90' lang='lat' dir='ltr'><strong>quo</strong></span> <span class='ocrx_word' id='word_1_467' title='bbox 894 3961 1018 4031; x_wconf 91' lang='lat' dir='ltr'><strong>ipso</strong></span> <span class='ocrx_word' id='word_1_468' title='bbox 1061 3968 1339 4031; x_wconf 89' lang='lat' dir='ltr'><strong>prasente</strong></span> <span class='ocrx_word' id='word_1_469' title='bbox 1361 3977 1526 4016; x_wconf 89' lang='lat' dir='ltr'><strong>causa</strong></span> <span class='ocrx_word' id='word_1_470' title='bbox 1556 3977 1749 4017; x_wconf 92' lang='lat' dir='ltr'><strong>eorum</strong></span> <span class='ocrx_word' id='word_1_471' title='bbox 1790 3976 1951 4030; x_wconf 87' lang='lat' dir='ltr'><strong>aquo</strong></span> 
     </span>
    </p>
   </div>
   <div class='ocr_carea' id='block_1_70' title="bbox 335 4054 1951 4124">
    <p class='ocr_par' dir='ltr' id='par_1_70' title="bbox 335 4054 1951 4124">
     <span class='ocr_line' id='line_1_70' title="bbox 335 4054 1951 4124; baseline -0.002 -14"><span class='ocrx_word' id='word_1_472' title='bbox 335 4057 539 4110; x_wconf 88' lang='lat' dir='ltr'><strong>ordine</strong></span> <span class='ocrx_word' id='word_1_473' title='bbox 578 4054 1020 4119; x_wconf 89' lang='lat' dir='ltr'><strong>terminaretur,</strong></span> <span class='ocrx_word' id='word_1_474' title='bbox 1066 4054 1309 4124; x_wconf 89' lang='lat' dir='ltr'><strong>populus</strong></span> <span class='ocrx_word' id='word_1_475' title='bbox 1365 4054 1597 4119; x_wconf 89' lang='lat' dir='ltr'><strong>restitit,</strong></span> <span class='ocrx_word' id='word_1_476' title='bbox 1625 4054 1852 4117; x_wconf 91' lang='lat' dir='ltr'><strong>stultus,</strong></span> <span class='ocrx_word' id='word_1_477' title='bbox 1895 4060 1951 4108; x_wconf 87' lang='lat' dir='ltr'><strong>et</strong></span> 
     </span>
    </p>
   </div>
   <div class='ocr_carea' id='block_1_71' title="bbox 339 4147 1947 4219">
    <p class='ocr_par' dir='ltr' id='par_1_71' title="bbox 339 4147 1947 4219">
     <span class='ocr_line' id='line_1_71' title="bbox 339 4147 1947 4219; baseline -0.002 -16"><span class='ocrx_word' id='word_1_478' title='bbox 339 4149 573 4219; x_wconf 86' lang='lat' dir='ltr'><strong>iniquus</strong></span> <span class='ocrx_word' id='word_1_479' title='bbox 598 4157 725 4203; x_wconf 88' lang='lat' dir='ltr'><strong>erat</strong></span> <span class='ocrx_word' id='word_1_480' title='bbox 759 4147 909 4201; x_wconf 86' lang='lat' dir='ltr'><strong>idem</strong></span> <span class='ocrx_word' id='word_1_481' title='bbox 960 4148 1226 4216; x_wconf 89' lang='lat' dir='ltr'><strong>populus,</strong></span> <span class='ocrx_word' id='word_1_482' title='bbox 1280 4147 1377 4217; x_wconf 91' lang='lat' dir='ltr'><strong>qui</strong></span> <span class='ocrx_word' id='word_1_483' title='bbox 1426 4148 1773 4203; x_wconf 89' lang='lat' dir='ltr'><strong>audientiam</strong></span> <span class='ocrx_word' id='word_1_484' title='bbox 1817 4148 1947 4218; x_wconf 90' lang='lat' dir='ltr'><strong>jure</strong></span> 
     </span>
    </p>
   </div>
   <div class='ocr_carea' id='block_1_72' title="bbox 339 4235 1952 4307">
    <p class='ocr_par' dir='ltr' id='par_1_72' title="bbox 339 4235 1952 4307">
     <span class='ocr_line' id='line_1_72' title="bbox 339 4235 1952 4307; baseline 0 -17"><span class='ocrx_word' id='word_1_485' title='bbox 339 4238 679 4307; x_wconf 86' lang='lat' dir='ltr'><strong>petentibus</strong></span> <span class='ocrx_word' id='word_1_486' title='bbox 706 4235 1015 4305; x_wconf 85' lang='lat' dir='ltr'><strong>denegavit</strong></span> <span class='ocrx_word' id='word_1_487' title='bbox 1038 4251 1245 4305; x_wconf 90' lang='lat' dir='ltr'><strong>eosque</strong></span> <span class='ocrx_word' id='word_1_488' title='bbox 1262 4252 1292 4290; x_wconf 91' lang='lat' dir='ltr'><strong>a</strong></span> <span class='ocrx_word' id='word_1_489' title='bbox 1314 4237 1430 4292; x_wconf 90' lang='lat' dir='ltr'><strong>suis</strong></span> <span class='ocrx_word' id='word_1_490' title='bbox 1453 4238 1729 4291; x_wconf 89' lang='lat' dir='ltr'><strong>violenter</strong></span> <span class='ocrx_word' id='word_1_491' title='bbox 1745 4237 1952 4307; x_wconf 86' lang='lat' dir='ltr'><strong>repulit</strong></span> 
     </span>
    </p>
   </div>
   <div class='ocr_carea' id='block_1_73' title="bbox 339 4329 1948 4401">
    <p class='ocr_par' dir='ltr' id='par_1_73' title="bbox 339 4329 1948 4401">
     <span class='ocr_line' id='line_1_73' title="bbox 339 4329 1948 4401; baseline 0 -18"><span class='ocrx_word' id='word_1_492' title='bbox 339 4331 701 4401; x_wconf 79' lang='lat' dir='ltr'><strong>regionibus.</strong></span> <span class='ocrx_word' id='word_1_493' title='bbox 737 4330 860 4383; x_wconf 82' lang='lat' dir='ltr'><strong>Huc</strong></span> <span class='ocrx_word' id='word_1_494' title='bbox 887 4329 1188 4383; x_wconf 88' lang='lat' dir='ltr'><strong>attendant</strong></span> <span class='ocrx_word' id='word_1_495' title='bbox 1215 4339 1271 4384; x_wconf 90' lang='lat' dir='ltr'><strong>et</strong></span> <span class='ocrx_word' id='word_1_496' title='bbox 1310 4329 1725 4385; x_wconf 83' lang='lat' dir='ltr'><strong>confundantur</strong></span> <span class='ocrx_word' id='word_1_497' title='bbox 1770 4329 1827 4383; x_wconf 88' lang='lat' dir='ltr'><strong>hi</strong></span> <span class='ocrx_word' id='word_1_498' title='bbox 1852 4329 1948 4400; x_wconf 88' lang='lat' dir='ltr'><strong>qui</strong></span> 
     </span>
    </p>
   </div>
   <div class='ocr_carea' id='block_1_74' title="bbox 337 4423 1183 4491">
    <p class='ocr_par' dir='ltr' id='par_1_74' title="bbox 337 4423 1183 4491">
     <span class='ocr_line' id='line_1_74' title="bbox 337 4423 1183 4491; baseline -0.005 -13"><span class='ocrx_word' id='word_1_499' title='bbox 337 4426 540 4479; x_wconf 73' lang='lat' dir='ltr'><strong>exinde</strong></span> <span class='ocrx_word' id='word_1_500' title='bbox 564 4440 673 4478; x_wconf 83' lang='lat' dir='ltr'><strong>eos</strong></span> <span class='ocrx_word' id='word_1_501' title='bbox 709 4423 887 4476; x_wconf 86' lang='lat' dir='ltr'><strong>fuisse</strong></span> <span class='ocrx_word' id='word_1_502' title='bbox 904 4423 1183 4491; x_wconf 86' lang='lat' dir='ltr'><strong>jactitant.</strong></span> 
     </span>
    </p>
   </div>
   <div class='ocr_carea' id='block_1_75' title="bbox 406 4509 1949 4583">
    <p class='ocr_par' dir='ltr' id='par_1_75' title="bbox 406 4509 1949 4583">
     <span class='ocr_line' id='line_1_75' title="bbox 406 4509 1949 4583; baseline -0.005 -13"><span class='ocrx_word' id='word_1_503' title='bbox 406 4516 577 4570; x_wconf 79' lang='lat' dir='ltr'><strong>Nunc</strong></span> <span class='ocrx_word' id='word_1_504' title='bbox 614 4529 749 4583; x_wconf 84' lang='lat' dir='ltr'><strong>qua</strong></span> <span class='ocrx_word' id='word_1_505' title='bbox 805 4512 921 4567; x_wconf 91' lang='lat' dir='ltr'><strong>sint</strong></span> <span class='ocrx_word' id='word_1_506' title='bbox 974 4512 1266 4581; x_wconf 87' lang='lat' dir='ltr'><strong>sequentia</strong></span> <span class='ocrx_word' id='word_1_507' title='bbox 1308 4510 1621 4565; x_wconf 90' lang='lat' dir='ltr'><strong>videamus.</strong></span> <span class='ocrx_word' id='word_1_508' title='bbox 1674 4509 1831 4573; x_wconf 87' lang='lat' dir='ltr'><strong>Sero,</strong></span> <span class='ocrx_word' id='word_1_509' title='bbox 1872 4510 1949 4563; x_wconf 88' lang='lat' dir='ltr'><strong>in-</strong></span> 
     </span>
    </p>
   </div>
   <div class='ocr_carea' id='block_1_76' title="bbox 341 4602 1951 4677">
    <p class='ocr_par' dir='ltr' id='par_1_76' title="bbox 341 4602 1951 4677">
     <span class='ocr_line' id='line_1_76' title="bbox 341 4602 1951 4677; baseline -0.001 -18"><span class='ocrx_word' id='word_1_510' title='bbox 341 4608 476 4677; x_wconf 85' lang='lat' dir='ltr'><strong>quit.</strong></span> <span class='ocrx_word' id='word_1_511' title='bbox 501 4605 895 4677; x_wconf 84' lang='lat' dir='ltr'><strong>probavimus</strong></span> <span class='ocrx_word' id='word_1_512' title='bbox 918 4603 1249 4674; x_wconf 90' lang='lat' dir='ltr'><strong>prophetica</strong></span> <span class='ocrx_word' id='word_1_513' title='bbox 1276 4604 1599 4672; x_wconf 78' lang='lat' dir='ltr'><strong>Apostolum</strong></span> <span class='ocrx_word' id='word_1_514' title='bbox 1618 4618 1754 4657; x_wconf 89' lang='lat' dir='ltr'><strong>voce</strong></span> <span class='ocrx_word' id='word_1_515' title='bbox 1779 4602 1951 4657; x_wconf 74' lang='lat' dir='ltr'><strong>dixis-</strong></span> 
     </span>
    </p>
   </div>
   <div class='ocr_carea' id='block_1_77' title="bbox 343 4695 1949 4764">
    <p class='ocr_par' dir='ltr' id='par_1_77' title="bbox 343 4695 1949 4764">
     <span class='ocr_line' id='line_1_77' title="bbox 343 4695 1949 4764; baseline -0.002 -11"><span class='ocrx_word' id='word_1_516' title='bbox 343 4714 399 4753; x_wconf 85' lang='lat' dir='ltr'><strong>se</strong></span> <span class='ocrx_word' id='word_1_517' title='bbox 426 4701 472 4731; x_wconf 76' lang='grc'><strong>³*</strong></span> <span class='ocrx_word' id='word_1_518' title='bbox 511 4700 573 4753; x_wconf 91' lang='lat' dir='ltr'><strong>in</strong></span> <span class='ocrx_word' id='word_1_519' title='bbox 630 4696 966 4751; x_wconf 84' lang='lat' dir='ltr'><strong>novissimis</strong></span> <span class='ocrx_word' id='word_1_520' title='bbox 1008 4696 1211 4751; x_wconf 90' lang='lat' dir='ltr'><strong>diebus</strong></span> <span class='ocrx_word' id='word_1_521' title='bbox 1251 4695 1463 4749; x_wconf 88' lang='lat' dir='ltr'><strong>instare</strong></span> <span class='ocrx_word' id='word_1_522' title='bbox 1495 4706 1750 4764; x_wconf 91' lang='lat' dir='ltr'><strong>tempora</strong></span> <span class='ocrx_word' id='word_1_523' title='bbox 1798 4695 1949 4764; x_wconf 90' lang='lat' dir='ltr'><strong>peri-</strong></span> 
     </span>
    </p>
   </div>
   <div class='ocr_carea' id='block_1_78' title="bbox 348 4789 1949 4853">
    <p class='ocr_par' dir='ltr' id='par_1_78' title="bbox 348 4789 1949 4853">
     <span class='ocr_line' id='line_1_78' title="bbox 348 4789 1949 4853; baseline -0.001 -9"><span class='ocrx_word' id='word_1_524' title='bbox 348 4792 531 4845; x_wconf 69' lang='lat' dir='ltr'><strong>culosa</strong></span> <span class='ocrx_word' id='word_1_525' title='bbox 600 4799 664 4844; x_wconf 86' lang='lat' dir='ltr'><strong>et</strong></span> <span class='ocrx_word' id='word_1_526' title='bbox 720 4789 870 4843; x_wconf 83' lang='lat' dir='ltr'><strong>forte</strong></span> <span class='ocrx_word' id='word_1_527' title='bbox 918 4789 1175 4842; x_wconf 88' lang='lat' dir='ltr'><strong>homines</strong></span> <span class='ocrx_word' id='word_1_528' title='bbox 1226 4789 1311 4843; x_wconf 89' lang='lat' dir='ltr'><strong>sui</strong></span> <span class='ocrx_word' id='word_1_529' title='bbox 1360 4798 1579 4843; x_wconf 87' lang='lat' dir='ltr'><strong>tantum</strong></span> <span class='ocrx_word' id='word_1_530' title='bbox 1634 4796 1949 4853; x_wconf 88' lang='lat' dir='ltr'><strong>amatores,</strong></span> 
     </span>
    </p>
   </div>
   <div class='ocr_carea' id='block_1_79' title="bbox 345 4881 1950 4951">
    <p class='ocr_par' dir='ltr' id='par_1_79' title="bbox 345 4881 1950 4951">
     <span class='ocr_line' id='line_1_79' title="bbox 345 4881 1950 4951; baseline -0.003 -12"><span class='ocrx_word' id='word_1_531' title='bbox 345 4885 626 4939; x_wconf 77' lang='lat' dir='ltr'><strong>habentes</strong></span> <span class='ocrx_word' id='word_1_532' title='bbox 678 4883 920 4937; x_wconf 88' lang='lat' dir='ltr'><strong>formam</strong></span> <span class='ocrx_word' id='word_1_533' title='bbox 974 4881 1221 4951; x_wconf 91' lang='lat' dir='ltr'><strong>pietatis,</strong></span> <span class='ocrx_word' id='word_1_534' title='bbox 1278 4881 1545 4935; x_wconf 90' lang='lat' dir='ltr'><strong>virtutem</strong></span> <span class='ocrx_word' id='word_1_535' title='bbox 1594 4889 1777 4934; x_wconf 90' lang='lat' dir='ltr'><strong>autem</strong></span> <span class='ocrx_word' id='word_1_536' title='bbox 1832 4882 1950 4951; x_wconf 86' lang='lat' dir='ltr'><strong>ejus</strong></span> 
     </span>
    </p>
   </div>
   <div class='ocr_carea' id='block_1_80' title="bbox 339 4969 1953 5045">
    <p class='ocr_par' dir='ltr' id='par_1_80' title="bbox 339 4969 1953 5045">
     <span class='ocr_line' id='line_1_80' title="bbox 339 4969 1953 5045; baseline -0.003 -16"><span class='ocrx_word' id='word_1_537' title='bbox 339 4976 720 5045; x_wconf 81' lang='lat' dir='ltr'><strong>abnegantes,</strong></span> <span class='ocrx_word' id='word_1_538' title='bbox 740 4981 800 5026; x_wconf 91' lang='lat' dir='ltr'><strong>et</strong></span> <span class='ocrx_word' id='word_1_539' title='bbox 825 4972 901 5025; x_wconf 89' lang='lat' dir='ltr'><strong>ita</strong></span> <span class='ocrx_word' id='word_1_540' title='bbox 934 4986 1056 5025; x_wconf 87' lang='lat' dir='ltr'><strong>esse</strong></span> <span class='ocrx_word' id='word_1_541' title='bbox 1086 4970 1364 5025; x_wconf 89' lang='lat' dir='ltr'><strong>vitandos.</strong></span> <span class='ocrx_word' id='word_1_542' title='bbox 1386 4970 1444 5025; x_wconf 90' lang='lat' dir='ltr'><strong>Si</strong></span> <span class='ocrx_word' id='word_1_543' title='bbox 1469 4970 1703 5024; x_wconf 87' lang='lat' dir='ltr'><strong>formam</strong></span> <span class='ocrx_word' id='word_1_544' title='bbox 1728 4969 1953 5039; x_wconf 89' lang='lat' dir='ltr'><strong>pietatis</strong></span> 
     </span>
    </p>
   </div>
   <div class='ocr_carea' id='block_1_81' title="bbox 337 5060 1948 5134">
    <p class='ocr_par' dir='ltr' id='par_1_81' title="bbox 337 5060 1948 5134">
     <span class='ocr_line' id='line_1_81' title="bbox 337 5060 1948 5134; baseline -0.005 -12"><span class='ocrx_word' id='word_1_545' title='bbox 337 5083 444 5122; x_wconf 88' lang='lat' dir='ltr'><strong>non</strong></span> <span class='ocrx_word' id='word_1_546' title='bbox 477 5069 767 5120; x_wconf 88' lang='lat' dir='ltr'><strong>virtutem</strong></span> <span class='ocrx_word' id='word_1_547' title='bbox 813 5063 1142 5134; x_wconf 87' lang='lat' dir='ltr'><strong>judicantur</strong></span> <span class='ocrx_word' id='word_1_548' title='bbox 1189 5062 1417 5125; x_wconf 90' lang='lat' dir='ltr'><strong>habere,</strong></span> <span class='ocrx_word' id='word_1_549' title='bbox 1451 5061 1545 5131; x_wconf 92' lang='lat' dir='ltr'><strong>qui</strong></span> <span class='ocrx_word' id='word_1_550' title='bbox 1586 5060 1824 5115; x_wconf 87' lang='lat' dir='ltr'><strong>ﬁdeliter</strong></span> <span class='ocrx_word' id='word_1_551' title='bbox 1852 5075 1948 5114; x_wconf 90' lang='lat' dir='ltr'><strong>ca-</strong></span> 
     </span>
    </p>
   </div>
   <div class='ocr_carea' id='block_1_82' title="bbox 338 5152 1949 5225">
    <p class='ocr_par' dir='ltr' id='par_1_82' title="bbox 338 5152 1949 5225">
     <span class='ocr_line' id='line_1_82' title="bbox 338 5152 1949 5225; baseline -0.003 -13"><span class='ocrx_word' id='word_1_552' title='bbox 338 5159 569 5213; x_wconf 84' lang='lat' dir='ltr'><strong>tholicis</strong></span> <span class='ocrx_word' id='word_1_553' title='bbox 624 5154 993 5225; x_wconf 86' lang='lat' dir='ltr'><strong>dogmatibus</strong></span> <span class='ocrx_word' id='word_1_554' title='bbox 1048 5155 1447 5224; x_wconf 88' lang='lat' dir='ltr'><strong>acquiescunt:</strong></span> <span class='ocrx_word' id='word_1_555' title='bbox 1509 5160 1722 5223; x_wconf 91' lang='lat' dir='ltr'><strong>quanto</strong></span> <span class='ocrx_word' id='word_1_556' title='bbox 1775 5152 1949 5220; x_wconf 84' lang='lat' dir='ltr'><strong>magis</strong></span> 
     </span>
    </p>
   </div>
   <div class='ocr_carea' id='block_1_83' title="bbox 340 5245 1950 5320">
    <p class='ocr_par' dir='ltr' id='par_1_83' title="bbox 340 5245 1950 5320">
     <span class='ocr_line' id='line_1_83' title="bbox 340 5245 1950 5320; baseline -0.004 -15"><span class='ocrx_word' id='word_1_557' title='bbox 340 5266 441 5305; x_wconf 88' lang='lat' dir='ltr'><strong>nec</strong></span> <span class='ocrx_word' id='word_1_558' title='bbox 471 5252 666 5320; x_wconf 85' lang='lat' dir='ltr'><strong>ipsam</strong></span> <span class='ocrx_word' id='word_1_559' title='bbox 694 5248 934 5302; x_wconf 86' lang='lat' dir='ltr'><strong>formam</strong></span> <span class='ocrx_word' id='word_1_560' title='bbox 967 5247 1193 5315; x_wconf 84' lang='lat' dir='ltr'><strong>pietatis</strong></span> <span class='ocrx_word' id='word_1_561' title='bbox 1233 5246 1465 5309; x_wconf 88' lang='lat' dir='ltr'><strong>habere,</strong></span> <span class='ocrx_word' id='word_1_562' title='bbox 1514 5245 1611 5300; x_wconf 89' lang='lat' dir='ltr'><strong>sed</strong></span> <span class='ocrx_word' id='word_1_563' title='bbox 1659 5245 1950 5299; x_wconf 90' lang='lat' dir='ltr'><strong>evidenter</strong></span> 
     </span>
    </p>
   </div>
   <div class='ocr_carea' id='block_1_84' title="bbox 356 5337 1948 5414">
    <p class='ocr_par' dir='ltr' id='par_1_84' title="bbox 356 5337 1948 5414">
     <span class='ocr_line' id='line_1_84' title="bbox 356 5337 1948 5414; baseline -0.005 -17"><span class='ocrx_word' id='word_1_564' title='bbox 356 5344 491 5413; x_wconf 79' lang='lat' dir='ltr'><strong>mpii</strong></span> <span class='ocrx_word' id='word_1_565' title='bbox 510 5340 822 5414; x_wconf 86' lang='lat' dir='ltr'><strong>judicandi</strong></span> <span class='ocrx_word' id='word_1_566' title='bbox 848 5348 1000 5402; x_wconf 89' lang='lat' dir='ltr'><strong>sunt,</strong></span> <span class='ocrx_word' id='word_1_567' title='bbox 1016 5339 1111 5409; x_wconf 92' lang='lat' dir='ltr'><strong>qui</strong></span> <span class='ocrx_word' id='word_1_568' title='bbox 1132 5338 1418 5394; x_wconf 87' lang='lat' dir='ltr'><strong>Christum</strong></span> <span class='ocrx_word' id='word_1_569' title='bbox 1445 5338 1644 5392; x_wconf 88' lang='lat' dir='ltr'><strong>Filium</strong></span> <span class='ocrx_word' id='word_1_570' title='bbox 1662 5337 1757 5392; x_wconf 90' lang='lat' dir='ltr'><strong>Dei</strong></span> <span class='ocrx_word' id='word_1_571' title='bbox 1778 5350 1948 5391; x_wconf 91' lang='lat' dir='ltr'><strong>unum</strong></span> 
     </span>
    </p>
   </div>
   <div class='ocr_carea' id='block_1_85' title="bbox 340 5428 1951 5506">
    <p class='ocr_par' dir='ltr' id='par_1_85' title="bbox 340 5428 1951 5506">
     <span class='ocr_line' id='line_1_85' title="bbox 340 5428 1951 5506; baseline -0.006 -14"><span class='ocrx_word' id='word_1_572' title='bbox 340 5451 457 5491; x_wconf 81' lang='lat' dir='ltr'><strong>esse</strong></span> <span class='ocrx_word' id='word_1_573' title='bbox 483 5442 709 5506; x_wconf 81' lang='lat' dir='ltr'><strong>negant</strong></span> <span class='ocrx_word' id='word_1_574' title='bbox 759 5447 829 5486; x_wconf 80' lang='lat' dir='ltr'><strong>ex</strong></span> <span class='ocrx_word' id='word_1_575' title='bbox 850 5441 1042 5486; x_wconf 89' lang='lat' dir='ltr'><strong>sancta</strong></span> <span class='ocrx_word' id='word_1_576' title='bbox 1066 5440 1125 5485; x_wconf 92' lang='lat' dir='ltr'><strong>et</strong></span> <span class='ocrx_word' id='word_1_577' title='bbox 1161 5430 1403 5485; x_wconf 86' lang='lat' dir='ltr'><strong>terribili</strong></span> <span class='ocrx_word' id='word_1_578' title='bbox 1449 5429 1765 5483; x_wconf 86' lang='lat' dir='ltr'><strong>Trinitate?</strong></span> <span class='ocrx_word' id='word_1_579' title='bbox 1793 5428 1951 5484; x_wconf 90' lang='lat' dir='ltr'><strong>Unde</strong></span> 
     </span>
    </p>
   </div>
   <div class='ocr_carea' id='block_1_86' title="bbox 341 5520 1949 5593">
    <p class='ocr_par' dir='ltr' id='par_1_86' title="bbox 341 5520 1949 5593">
     <span class='ocr_line' id='line_1_86' title="bbox 341 5520 1949 5593; baseline -0.007 -9"><span class='ocrx_word' id='word_1_580' title='bbox 341 5545 444 5583; x_wconf 80' lang='lat' dir='ltr'><strong>non</strong></span> <span class='ocrx_word' id='word_1_581' title='bbox 490 5529 609 5590; x_wconf 88' lang='lat' dir='ltr'><strong>illi,</strong></span> <span class='ocrx_word' id='word_1_582' title='bbox 671 5523 777 5580; x_wconf 86' lang='lat' dir='ltr'><strong>sed</strong></span> <span class='ocrx_word' id='word_1_583' title='bbox 827 5524 918 5578; x_wconf 89' lang='lat' dir='ltr'><strong>isti</strong></span> <span class='ocrx_word' id='word_1_584' title='bbox 954 5522 1143 5593; x_wconf 89' lang='lat' dir='ltr'><strong>potius</strong></span> <span class='ocrx_word' id='word_1_585' title='bbox 1173 5522 1259 5577; x_wconf 90' lang='lat' dir='ltr'><strong>sui</strong></span> <span class='ocrx_word' id='word_1_586' title='bbox 1310 5530 1610 5583; x_wconf 89' lang='lat' dir='ltr'><strong>amatores,</strong></span> <span class='ocrx_word' id='word_1_587' title='bbox 1645 5528 1704 5575; x_wconf 90' lang='lat' dir='ltr'><strong>et</strong></span> <span class='ocrx_word' id='word_1_588' title='bbox 1736 5520 1949 5574; x_wconf 88' lang='lat' dir='ltr'><strong>vitandi</strong></span> 
     </span>
    </p>
   </div>
   <div class='ocr_carea' id='block_1_87' title="bbox 342 5608 1952 5685">
    <p class='ocr_par' dir='ltr' id='par_1_87' title="bbox 342 5608 1952 5685">
     <span class='ocr_line' id='line_1_87' title="bbox 342 5608 1952 5685; baseline -0.007 -13"><span class='ocrx_word' id='word_1_589' title='bbox 342 5617 489 5684; x_wconf 72' lang='lat' dir='ltr'><strong>iuta</strong></span> <span class='ocrx_word' id='word_1_590' title='bbox 520 5614 875 5685; x_wconf 79' lang='lat' dir='ltr'><strong>Apostolum</strong></span> <span class='ocrx_word' id='word_1_591' title='bbox 903 5611 1193 5667; x_wconf 89' lang='lat' dir='ltr'><strong>verissime</strong></span> <span class='ocrx_word' id='word_1_592' title='bbox 1213 5610 1545 5673; x_wconf 80' lang='lat' dir='ltr'><strong>edocemur,</strong></span> <span class='ocrx_word' id='word_1_593' title='bbox 1580 5609 1676 5679; x_wconf 86' lang='lat' dir='ltr'><strong>qui</strong></span> <span class='ocrx_word' id='word_1_594' title='bbox 1708 5608 1952 5678; x_wconf 89' lang='lat' dir='ltr'><strong>propriis</strong></span> 
     </span>
    </p>
   </div>
   <div class='ocr_carea' id='block_1_88' title="bbox 346 5699 1949 5781">
    <p class='ocr_par' dir='ltr' id='par_1_88' title="bbox 346 5699 1949 5781">
     <span class='ocr_line' id='line_1_88' title="bbox 346 5699 1949 5781; baseline -0.009 -15"><span class='ocrx_word' id='word_1_595' title='bbox 346 5709 560 5781; x_wconf 77' lang='lat' dir='ltr'><strong>decepti</strong></span> <span class='ocrx_word' id='word_1_596' title='bbox 585 5703 990 5777; x_wconf 89' lang='lat' dir='ltr'><strong>opinionibus,</strong></span> <span class='ocrx_word' id='word_1_597' title='bbox 1019 5704 1291 5757; x_wconf 88' lang='lat' dir='ltr'><strong>resistunt</strong></span> <span class='ocrx_word' id='word_1_598' title='bbox 1320 5700 1683 5771; x_wconf 85' lang='lat' dir='ltr'><strong>apertissima</strong></span> <span class='ocrx_word' id='word_1_599' title='bbox 1704 5699 1949 5754; x_wconf 86' lang='lat' dir='ltr'><strong>veritati.</strong></span> 
     </span>
    </p>
   </div>
   <div class='ocr_carea' id='block_1_89' title="bbox 412 5886 1518 5951">
    <p class='ocr_par' dir='ltr' id='par_1_89' title="bbox 412 5886 1518 5951">
     <span class='ocr_line' id='line_1_89' title="bbox 412 5886 1518 5951; baseline -0.009 -3"><span class='ocrx_word' id='word_1_600' title='bbox 412 5893 454 5923; x_wconf 82' lang='grc'><em>⁸⁸</em></span> <span class='ocrx_word' id='word_1_601' title='bbox 483 5892 501 5946; x_wconf 80' lang='lat' dir='ltr'><strong>l</strong></span> <span class='ocrx_word' id='word_1_602' title='bbox 534 5891 693 5947; x_wconf 83' lang='lat' dir='ltr'><strong>Tim.</strong></span> <span class='ocrx_word' id='word_1_603' title='bbox 722 5904 802 5951; x_wconf 81' lang='lat' dir='ltr'><strong>Iv,</strong></span> <span class='ocrx_word' id='word_1_604' title='bbox 837 5886 889 5949; x_wconf 82' lang='lat' dir='ltr'><strong>l,</strong></span> <span class='ocrx_word' id='word_1_605' title='bbox 921 5886 975 5940; x_wconf 83' lang='grc'><strong>5.</strong></span> <span class='ocrx_word' id='word_1_606' title='bbox 1056 5886 1097 5917; x_wconf 77' lang='grc'><strong>³⁸</strong></span> <span class='ocrx_word' id='word_1_607' title='bbox 1126 5886 1320 5939; x_wconf 80' lang='lat' dir='ltr'><strong>Matth.</strong></span> <span class='ocrx_word' id='word_1_608' title='bbox 1346 5904 1402 5948; x_wconf 85' lang='lat' dir='ltr'><strong>v,</strong></span> <span class='ocrx_word' id='word_1_609' title='bbox 1432 5887 1518 5939; x_wconf 89' lang='lat' dir='ltr'><strong>ll.</strong></span> 
     </span>
    </p>
   </div>
   <div class='ocr_carea' id='block_1_90' title="bbox 754 5980 1598 6048">
    <p class='ocr_par' dir='ltr' id='par_1_90' title="bbox 754 5980 1598 6048">
     <span class='ocr_line' id='line_1_90' title="bbox 754 5980 1598 6048; baseline -0.006 0"><span class='ocrx_word' id='word_1_610' title='bbox 754 5982 1034 6048; x_wconf 76' lang='lat' dir='ltr'><strong>Pnaon.</strong></span> <span class='ocrx_word' id='word_1_611' title='bbox 1079 5981 1197 6043; x_wconf 76' lang='lat' dir='ltr'><strong>Gn.</strong></span> <span class='ocrx_word' id='word_1_612' title='bbox 1244 5980 1598 6043; x_wconf 76' lang='lat' dir='ltr'><strong>LXXXVI.</strong></span> 
     </span>
    </p>
   </div>
   <div class='ocr_carea' id='block_1_91' title="bbox 1595 5883 2044 5951">
    <p class='ocr_par' dir='ltr' id='par_1_91' title="bbox 1595 5883 2044 5951">
     <span class='ocr_line' id='line_1_91' title="bbox 1595 5883 2044 5951; baseline -0.004 -12"><span class='ocrx_word' id='word_1_613' title='bbox 1595 5885 1637 5916; x_wconf 84' lang='grc'>³²</span> <span class='ocrx_word' id='word_1_614' title='bbox 1665 5885 1828 5941; x_wconf 88' lang='lat' dir='ltr'><strong>Prov.</strong></span> <span class='ocrx_word' id='word_1_615' title='bbox 1857 5900 1966 5951; x_wconf 78' lang='lat' dir='ltr'><strong>xix,</strong></span> <span class='ocrx_word' id='word_1_616' title='bbox 1992 5883 2044 5937; x_wconf 66' lang='grc' dir='ltr'><strong>εἰ.</strong></span> 
     </span>
    </p>
   </div>
   <div class='ocr_carea' id='block_1_92' title="bbox 2054 3311 3631 3383">
    <p class='ocr_par' dir='ltr' id='par_1_92' title="bbox 2054 3311 3631 3383">
     <span class='ocr_line' id='line_1_92' title="bbox 2054 3311 3631 3383; baseline 0.005 -19"><span class='ocrx_word' id='word_1_617' title='bbox 2054 3311 2168 3365; x_wconf 89' lang='lat' dir='ltr'><strong>sive</strong></span> <span class='ocrx_word' id='word_1_618' title='bbox 2184 3312 2337 3383; x_wconf 76' lang='lat' dir='ltr'><strong>juxta</strong></span> <span class='ocrx_word' id='word_1_619' title='bbox 2352 3312 2812 3381; x_wconf 87' lang='lat' dir='ltr'><strong>compositionem</strong></span> <span class='ocrx_word' id='word_1_620' title='bbox 2830 3313 3098 3368; x_wconf 87' lang='lat' dir='ltr'><strong>unitionis</strong></span> <span class='ocrx_word' id='word_1_621' title='bbox 3136 3324 3191 3369; x_wconf 91' lang='lat' dir='ltr'><strong>et</strong></span> <span class='ocrx_word' id='word_1_622' title='bbox 3222 3315 3631 3372; x_wconf 87' lang='lat' dir='ltr'><strong>inconfusionis</strong></span> 
     </span>
    </p>
   </div>
   <div class='ocr_carea' id='block_1_93' title="bbox 2052 3403 3631 3474">
    <p class='ocr_par' dir='ltr' id='par_1_93' title="bbox 2052 3403 3631 3474">
     <span class='ocr_line' id='line_1_93' title="bbox 2052 3403 3631 3474; baseline 0.003 -17"><span class='ocrx_word' id='word_1_623' title='bbox 2052 3403 2216 3459; x_wconf 93' lang='lat' dir='ltr'><strong>docet</strong></span> <span class='ocrx_word' id='word_1_624' title='bbox 2232 3403 2369 3458; x_wconf 90' lang='lat' dir='ltr'><strong>ﬁdes</strong></span> <span class='ocrx_word' id='word_1_625' title='bbox 2384 3404 2678 3467; x_wconf 90' lang='lat' dir='ltr'><strong>catholica,</strong></span> <span class='ocrx_word' id='word_1_626' title='bbox 2699 3404 3057 3467; x_wconf 90' lang='lat' dir='ltr'><strong>conﬁtentur,</strong></span> <span class='ocrx_word' id='word_1_627' title='bbox 3076 3415 3132 3459; x_wconf 90' lang='lat' dir='ltr'><strong>et</strong></span> <span class='ocrx_word' id='word_1_628' title='bbox 3155 3406 3264 3460; x_wconf 87' lang='lat' dir='ltr'><strong>illis</strong></span> <span class='ocrx_word' id='word_1_629' title='bbox 3278 3407 3499 3474; x_wconf 89' lang='lat' dir='ltr'><strong>quidem</strong></span> <span class='ocrx_word' id='word_1_630' title='bbox 3528 3408 3631 3462; x_wconf 90' lang='lat' dir='ltr'><strong>hu-</strong></span> 
     </span>
    </p>
   </div>
   <div class='ocr_carea' id='block_1_94' title="bbox 2045 3496 3627 3567">
    <p class='ocr_par' dir='ltr' id='par_1_94' title="bbox 2045 3496 3627 3567">
     <span class='ocr_line' id='line_1_94' title="bbox 2045 3496 3627 3567; baseline 0.003 -17"><span class='ocrx_word' id='word_1_631' title='bbox 2045 3497 2137 3567; x_wconf 93' lang='lat' dir='ltr'><strong>jus</strong></span> <span class='ocrx_word' id='word_1_632' title='bbox 2160 3496 2391 3561; x_wconf 89' lang='lat' dir='ltr'><strong>falsitas,</strong></span> <span class='ocrx_word' id='word_1_633' title='bbox 2451 3511 2563 3550; x_wconf 91' lang='lat' dir='ltr'><strong>non</strong></span> <span class='ocrx_word' id='word_1_634' title='bbox 2587 3496 2762 3551; x_wconf 91' lang='lat' dir='ltr'><strong>solum</strong></span> <span class='ocrx_word' id='word_1_635' title='bbox 2783 3496 2997 3551; x_wconf 90' lang='lat' dir='ltr'><strong>auferet</strong></span> <span class='ocrx_word' id='word_1_636' title='bbox 3026 3498 3186 3561; x_wconf 89' lang='lat' dir='ltr'><strong>nihil,</strong></span> <span class='ocrx_word' id='word_1_637' title='bbox 3214 3514 3409 3552; x_wconf 90' lang='lat' dir='ltr'><strong>verum</strong></span> <span class='ocrx_word' id='word_1_638' title='bbox 3458 3500 3627 3555; x_wconf 91' lang='lat' dir='ltr'><strong>etiam</strong></span> 
     </span>
    </p>
   </div>
   <div class='ocr_carea' id='block_1_95' title="bbox 2053 3585 3628 3655">
    <p class='ocr_par' dir='ltr' id='par_1_95' title="bbox 2053 3585 3628 3655">
     <span class='ocr_line' id='line_1_95' title="bbox 2053 3585 3628 3655; baseline 0.003 -16"><span class='ocrx_word' id='word_1_639' title='bbox 2053 3586 2279 3640; x_wconf 87' lang='lat' dir='ltr'><strong>multam</strong></span> <span class='ocrx_word' id='word_1_640' title='bbox 2306 3601 2461 3655; x_wconf 89' lang='lat' dir='ltr'><strong>spem</strong></span> <span class='ocrx_word' id='word_1_641' title='bbox 2483 3585 2845 3640; x_wconf 85' lang='lat' dir='ltr'><strong>beatitudinis</strong></span> <span class='ocrx_word' id='word_1_642' title='bbox 2864 3585 3100 3649; x_wconf 89' lang='lat' dir='ltr'><strong>confert,</strong></span> <span class='ocrx_word' id='word_1_643' title='bbox 3120 3587 3355 3641; x_wconf 91' lang='lat' dir='ltr'><strong>Domino</strong></span> <span class='ocrx_word' id='word_1_644' title='bbox 3369 3588 3591 3645; x_wconf 89' lang='lat' dir='ltr'><strong>dicente</strong></span> <span class='ocrx_word' id='word_1_645' title='bbox 3612 3606 3628 3643; x_wconf 88' lang='lat'><strong>:</strong></span> 
     </span>
    </p>
   </div>
   <div class='ocr_carea' id='block_1_96' title="bbox 2051 3679 3633 3752">
    <p class='ocr_par' dir='ltr' id='par_1_96' title="bbox 2051 3679 3633 3752">
     <span class='ocr_line' id='line_1_96' title="bbox 2051 3679 3633 3752; baseline 0.001 -19"><span class='ocrx_word' id='word_1_646' title='bbox 2051 3679 2204 3733; x_wconf 80' lang='lat' dir='ltr'><strong>Beati</strong></span> <span class='ocrx_word' id='word_1_647' title='bbox 2228 3680 2351 3733; x_wconf 88' lang='lat' dir='ltr'><strong>estis</strong></span> <span class='ocrx_word' id='word_1_648' title='bbox 2389 3696 2507 3733; x_wconf 82' lang='lat' dir='ltr'><strong>cum</strong></span> <span class='ocrx_word' id='word_1_649' title='bbox 2534 3694 2622 3733; x_wconf 79' lang='lat' dir='ltr'><strong>vos</strong></span> <span class='ocrx_word' id='word_1_650' title='bbox 2652 3679 3085 3748; x_wconf 73' lang='lat' dir='ltr'><strong>exprobraverint</strong></span> <span class='ocrx_word' id='word_1_651' title='bbox 3143 3681 3400 3744; x_wconf 77' lang='lat' dir='ltr'><strong>homines,</strong></span> <span class='ocrx_word' id='word_1_652' title='bbox 3430 3692 3477 3734; x_wconf 89' lang='lat' dir='ltr'><strong>et</strong></span> <span class='ocrx_word' id='word_1_653' title='bbox 3510 3699 3633 3752; x_wconf 88' lang='lat' dir='ltr'><strong>per-</strong></span> 
     </span>
    </p>
   </div>
   <div class='ocr_carea' id='block_1_97' title="bbox 2049 3770 3613 3839">
    <p class='ocr_par' dir='ltr' id='par_1_97' title="bbox 2049 3770 3613 3839">
     <span class='ocr_line' id='line_1_97' title="bbox 2049 3770 3613 3839; baseline 0.002 -15"><span class='ocrx_word' id='word_1_654' title='bbox 2049 3770 2213 3824; x_wconf 78' lang='lat' dir='ltr'><strong>secuti</strong></span> <span class='ocrx_word' id='word_1_655' title='bbox 2242 3770 2458 3839; x_wconf 79' lang='lat' dir='ltr'><strong>fuerint,</strong></span> <span class='ocrx_word' id='word_1_656' title='bbox 2494 3778 2544 3822; x_wconf 89' lang='lat' dir='ltr'><strong>et</strong></span> <span class='ocrx_word' id='word_1_657' title='bbox 2571 3770 2802 3823; x_wconf 75' lang='lat' dir='ltr'><strong>dixerint</strong></span> <span class='ocrx_word' id='word_1_658' title='bbox 2848 3785 3001 3823; x_wconf 88' lang='lat' dir='ltr'><strong>omne</strong></span> <span class='ocrx_word' id='word_1_659' title='bbox 3040 3770 3254 3824; x_wconf 80' lang='lat' dir='ltr'><strong>verbum</strong></span> <span class='ocrx_word' id='word_1_660' title='bbox 3290 3772 3493 3827; x_wconf 85' lang='lat' dir='ltr'><strong>malum</strong></span> <span class='ocrx_word' id='word_1_661' title='bbox 3530 3775 3613 3831; x_wconf 47' lang='lat' dir='ltr'><strong>ad:</strong></span> 
     </span>
    </p>
   </div>
   <div class='ocr_carea' id='block_1_98' title="bbox 2050 3860 3635 3933">
    <p class='ocr_par' dir='ltr' id='par_1_98' title="bbox 2050 3860 3635 3933">
     <span class='ocr_line' id='line_1_98' title="bbox 2050 3860 3635 3933; baseline 0.002 -19"><span class='ocrx_word' id='word_1_662' title='bbox 2050 3877 2230 3915; x_wconf 81' lang='lat' dir='ltr'><strong>versus</strong></span> <span class='ocrx_word' id='word_1_663' title='bbox 2248 3877 2339 3914; x_wconf 77' lang='lat' dir='ltr'><strong>vos</strong></span> <span class='ocrx_word' id='word_1_664' title='bbox 2374 3862 2682 3914; x_wconf 84' lang='lat' dir='ltr'><strong>mentientes</strong></span> <span class='ocrx_word' id='word_1_665' title='bbox 2708 3868 2922 3931; x_wconf 83' lang='lat' dir='ltr'><strong>propter</strong></span> <span class='ocrx_word' id='word_1_666' title='bbox 2949 3877 3031 3913; x_wconf 90' lang='lat' dir='ltr'><strong>me</strong></span> <span class='ocrx_word' id='word_1_667' title='bbox 3053 3861 3119 3925; x_wconf 89' lang='grc'><strong>³¹,</strong></span> <span class='ocrx_word' id='word_1_668' title='bbox 3146 3860 3250 3915; x_wconf 91' lang='lat' dir='ltr'><strong>sibi</strong></span> <span class='ocrx_word' id='word_1_669' title='bbox 3283 3873 3465 3917; x_wconf 88' lang='lat' dir='ltr'><strong>autem</strong></span> <span class='ocrx_word' id='word_1_670' title='bbox 3505 3879 3635 3933; x_wconf 91' lang='lat' dir='ltr'><strong>per-</strong></span> 
     </span>
    </p>
   </div>
   <div class='ocr_carea' id='block_1_99' title="bbox 2052 3951 3631 4022">
    <p class='ocr_par' dir='ltr' id='par_1_99' title="bbox 2052 3951 3631 4022">
     <span class='ocr_line' id='line_1_99' title="bbox 2052 3951 3631 4022; baseline 0.003 -18"><span class='ocrx_word' id='word_1_671' title='bbox 2052 3961 2271 4021; x_wconf 86' lang='lat' dir='ltr'><strong>petuam</strong></span> <span class='ocrx_word' id='word_1_672' title='bbox 2290 3953 2411 4006; x_wconf 90' lang='lat' dir='ltr'><strong>sine</strong></span> <span class='ocrx_word' id='word_1_673' title='bbox 2433 3951 2604 4006; x_wconf 92' lang='lat' dir='ltr'><strong>dubio</strong></span> <span class='ocrx_word' id='word_1_674' title='bbox 2620 3952 2857 4005; x_wconf 88' lang='lat' dir='ltr'><strong>contulit</strong></span> <span class='ocrx_word' id='word_1_675' title='bbox 2878 3962 3112 4006; x_wconf 88' lang='lat' dir='ltr'><strong>mortem</strong></span> <span class='ocrx_word' id='word_1_676' title='bbox 3130 3954 3281 4022; x_wconf 84' lang='lat' dir='ltr'><strong>;quia</strong></span> <span class='ocrx_word' id='word_1_677' title='bbox 3300 3953 3468 4022; x_wconf 76' lang='lat' dir='ltr'><strong>falsus</strong></span> <span class='ocrx_word' id='word_1_678' title='bbox 3486 3958 3631 4009; x_wconf 82' lang='lat' dir='ltr'><strong>testis</strong></span> 
     </span>
    </p>
   </div>
   <div class='ocr_carea' id='block_1_100' title="bbox 2051 4042 3631 4115">
    <p class='ocr_par' dir='ltr' id='par_1_100' title="bbox 2051 4042 3631 4115">
     <span class='ocr_line' id='line_1_100' title="bbox 2051 4042 3631 4115; baseline 0.003 -17"><span class='ocrx_word' id='word_1_679' title='bbox 2051 4060 2156 4098; x_wconf 85' lang='lat' dir='ltr'><strong>non</strong></span> <span class='ocrx_word' id='word_1_680' title='bbox 2188 4046 2288 4098; x_wconf 84' lang='lat' dir='ltr'><strong>erit</strong></span> <span class='ocrx_word' id='word_1_681' title='bbox 2315 4045 2607 4115; x_wconf 81' lang='lat' dir='ltr'><strong>impunitus</strong></span> <span class='ocrx_word' id='word_1_682' title='bbox 2634 4044 2701 4097; x_wconf 80' lang='grc'><strong>³⁸.</strong></span> <span class='ocrx_word' id='word_1_683' title='bbox 2740 4042 2837 4097; x_wconf 84' lang='lat' dir='ltr'><strong>His</strong></span> <span class='ocrx_word' id='word_1_684' title='bbox 2863 4042 2937 4098; x_wconf 85' lang='lat' dir='ltr'><strong>ita</strong></span> <span class='ocrx_word' id='word_1_685' title='bbox 2971 4043 3164 4107; x_wconf 92' lang='lat' dir='ltr'><strong>ﬁnitis,</strong></span> <span class='ocrx_word' id='word_1_686' title='bbox 3230 4046 3400 4099; x_wconf 90' lang='lat' dir='ltr'><strong>multa</strong></span> <span class='ocrx_word' id='word_1_687' title='bbox 3426 4054 3481 4101; x_wconf 92' lang='lat' dir='ltr'><strong>et</strong></span> <span class='ocrx_word' id='word_1_688' title='bbox 3520 4063 3631 4102; x_wconf 88' lang='lat' dir='ltr'><strong>non</strong></span> 
     </span>
    </p>
   </div>
   <div class='ocr_carea' id='block_1_101' title="bbox 2051 4136 3631 4211">
    <p class='ocr_par' dir='ltr' id='par_1_101' title="bbox 2051 4136 3631 4211">
     <span class='ocr_line' id='line_1_101' title="bbox 2051 4136 3631 4211; baseline 0.003 -20"><span class='ocrx_word' id='word_1_689' title='bbox 2051 4138 2367 4193; x_wconf 86' lang='lat' dir='ltr'><strong>necessaria</strong></span> <span class='ocrx_word' id='word_1_690' title='bbox 2395 4137 2464 4192; x_wconf 88' lang='lat' dir='ltr'><strong>de</strong></span> <span class='ocrx_word' id='word_1_691' title='bbox 2498 4137 2657 4191; x_wconf 91' lang='lat' dir='ltr'><strong>libris</strong></span> <span class='ocrx_word' id='word_1_692' title='bbox 2679 4136 2866 4191; x_wconf 90' lang='lat' dir='ltr'><strong>Fausti</strong></span> <span class='ocrx_word' id='word_1_693' title='bbox 2890 4138 3176 4207; x_wconf 88' lang='lat' dir='ltr'><strong>cujusdam</strong></span> <span class='ocrx_word' id='word_1_694' title='bbox 3210 4138 3349 4193; x_wconf 86' lang='lat' dir='ltr'><strong>Galli</strong></span> <span class='ocrx_word' id='word_1_695' title='bbox 3383 4140 3631 4211; x_wconf 92' lang='lat' dir='ltr'><strong>episcopi</strong></span> 
     </span>
    </p>
   </div>
   <div class='ocr_carea' id='block_1_102' title="bbox 2051 4229 3633 4303">
    <p class='ocr_par' dir='ltr' id='par_1_102' title="bbox 2051 4229 3633 4303">
     <span class='ocr_line' id='line_1_102' title="bbox 2051 4229 3633 4303; baseline 0.003 -19"><span class='ocrx_word' id='word_1_696' title='bbox 2051 4231 2107 4284; x_wconf 92' lang='lat' dir='ltr'><strong>in</strong></span> <span class='ocrx_word' id='word_1_697' title='bbox 2138 4230 2608 4299; x_wconf 87' lang='lat' dir='ltr'><strong>consequentibus</strong></span> <span class='ocrx_word' id='word_1_698' title='bbox 2635 4229 2906 4297; x_wconf 88' lang='lat' dir='ltr'><strong>loquitur,</strong></span> <span class='ocrx_word' id='word_1_699' title='bbox 2952 4244 3057 4283; x_wconf 89' lang='lat' dir='ltr'><strong>nec</strong></span> <span class='ocrx_word' id='word_1_700' title='bbox 3099 4231 3167 4284; x_wconf 89' lang='lat' dir='ltr'><strong>ad</strong></span> <span class='ocrx_word' id='word_1_701' title='bbox 3203 4231 3257 4284; x_wconf 92' lang='lat' dir='ltr'><strong>id</strong></span> <span class='ocrx_word' id='word_1_702' title='bbox 3307 4234 3455 4300; x_wconf 93' lang='lat' dir='ltr'><strong>quod</strong></span> <span class='ocrx_word' id='word_1_703' title='bbox 3484 4250 3633 4303; x_wconf 84' lang='lat' dir='ltr'><strong>qua-</strong></span> 
     </span>
    </p>
   </div>
   <div class='ocr_carea' id='block_1_103' title="bbox 2051 4320 3633 4391">
    <p class='ocr_par' dir='ltr' id='par_1_103' title="bbox 2051 4320 3633 4391">
     <span class='ocr_line' id='line_1_103' title="bbox 2051 4320 3633 4391; baseline 0.002 -16"><span class='ocrx_word' id='word_1_704' title='bbox 2051 4321 2216 4382; x_wconf 90' lang='lat' dir='ltr'><strong>ritur,</strong></span> <span class='ocrx_word' id='word_1_705' title='bbox 2261 4320 2625 4390; x_wconf 89' lang='lat' dir='ltr'><strong>respondens,</strong></span> <span class='ocrx_word' id='word_1_706' title='bbox 2675 4320 2772 4374; x_wconf 91' lang='lat' dir='ltr'><strong>sed</strong></span> <span class='ocrx_word' id='word_1_707' title='bbox 2823 4320 2932 4374; x_wconf 92' lang='lat' dir='ltr'><strong>alia</strong></span> <span class='ocrx_word' id='word_1_708' title='bbox 2986 4321 3200 4386; x_wconf 90' lang='lat' dir='ltr'><strong>nescio,</strong></span> <span class='ocrx_word' id='word_1_709' title='bbox 3243 4338 3368 4391; x_wconf 88' lang='lat' dir='ltr'><strong>qua</strong></span> <span class='ocrx_word' id='word_1_710' title='bbox 3411 4323 3479 4377; x_wconf 92' lang='lat' dir='ltr'><strong>ad</strong></span> <span class='ocrx_word' id='word_1_711' title='bbox 3516 4339 3633 4379; x_wconf 92' lang='lat' dir='ltr'><strong>rem</strong></span> 
     </span>
    </p>
   </div>
   <div class='ocr_carea' id='block_1_104' title="bbox 2052 4411 3631 4485">
    <p class='ocr_par' dir='ltr' id='par_1_104' title="bbox 2052 4411 3631 4485">
     <span class='ocr_line' id='line_1_104' title="bbox 2052 4411 3631 4485; baseline 0.001 -17"><span class='ocrx_word' id='word_1_712' title='bbox 2052 4429 2168 4468; x_wconf 91' lang='lat' dir='ltr'><strong>non</strong></span> <span class='ocrx_word' id='word_1_713' title='bbox 2195 4412 2529 4484; x_wconf 88' lang='lat' dir='ltr'><strong>pertinentia</strong></span> <span class='ocrx_word' id='word_1_714' title='bbox 2579 4411 2729 4466; x_wconf 90' lang='lat' dir='ltr'><strong>inani</strong></span> <span class='ocrx_word' id='word_1_715' title='bbox 2780 4419 2838 4467; x_wconf 91' lang='lat' dir='ltr'><strong>et</strong></span> <span class='ocrx_word' id='word_1_716' title='bbox 2865 4412 3081 4482; x_wconf 81' lang='lat' dir='ltr'><strong>prolixo</strong></span> <span class='ocrx_word' id='word_1_717' title='bbox 3123 4428 3379 4467; x_wconf 90' lang='lat' dir='ltr'><strong>sermone</strong></span> <span class='ocrx_word' id='word_1_718' title='bbox 3405 4415 3631 4485; x_wconf 84' lang='lat' dir='ltr'><strong>digerit.</strong></span> 
     </span>
    </p>
   </div>
   <div class='ocr_carea' id='block_1_105' title="bbox 2056 4502 3629 4575">
    <p class='ocr_par' dir='ltr' id='par_1_105' title="bbox 2056 4502 3629 4575">
     <span class='ocr_line' id='line_1_105' title="bbox 2056 4502 3629 4575; baseline 0.001 -16"><span class='ocrx_word' id='word_1_719' title='bbox 2056 4505 2193 4559; x_wconf 86' lang='lat' dir='ltr'><strong>Nam</strong></span> <span class='ocrx_word' id='word_1_720' title='bbox 2224 4519 2350 4558; x_wconf 88' lang='lat' dir='ltr'><strong>cum</strong></span> <span class='ocrx_word' id='word_1_721' title='bbox 2380 4502 2449 4557; x_wconf 91' lang='lat' dir='ltr'><strong>de</strong></span> <span class='ocrx_word' id='word_1_722' title='bbox 2491 4502 2627 4572; x_wconf 90' lang='lat' dir='ltr'><strong>ipsis</strong></span> <span class='ocrx_word' id='word_1_723' title='bbox 2654 4502 2830 4565; x_wconf 85' lang='lat' dir='ltr'><strong>libris,</strong></span> <span class='ocrx_word' id='word_1_724' title='bbox 2863 4518 2973 4557; x_wconf 93' lang='lat' dir='ltr'><strong>non</strong></span> <span class='ocrx_word' id='word_1_725' title='bbox 3023 4511 3210 4557; x_wconf 90' lang='lat' dir='ltr'><strong>utrum</strong></span> <span class='ocrx_word' id='word_1_726' title='bbox 3248 4504 3464 4575; x_wconf 86' lang='lat' dir='ltr'><strong>legendi</strong></span> <span class='ocrx_word' id='word_1_727' title='bbox 3496 4508 3629 4569; x_wconf 89' lang='lat' dir='ltr'><strong>sint,</strong></span> 
     </span>
    </p>
   </div>
   <div class='ocr_carea' id='block_1_106' title="bbox 1983 4567 3629 4665">
    <p class='ocr_par' dir='ltr' id='par_1_106' title="bbox 1983 4567 3629 4665">
     <span class='ocr_line' id='line_1_106' title="bbox 1983 4567 3629 4665; baseline 0.002 -14"><span class='ocrx_word' id='word_1_728' title='bbox 1983 4567 2027 4621; x_wconf 71' lang='grc' dir='ltr'><strong>θ</strong></span> <span class='ocrx_word' id='word_1_729' title='bbox 2054 4595 2151 4651; x_wconf 88' lang='lat' dir='ltr'><strong>scd</strong></span> <span class='ocrx_word' id='word_1_730' title='bbox 2209 4604 2397 4649; x_wconf 90' lang='lat' dir='ltr'><strong>utrum</strong></span> <span class='ocrx_word' id='word_1_731' title='bbox 2446 4567 2560 4649; x_wconf 80' lang='lat' dir='ltr'><strong>sint</strong></span> <span class='ocrx_word' id='word_1_732' title='bbox 2598 4594 2885 4659; x_wconf 87' lang='lat' dir='ltr'><strong>catholici,</strong></span> <span class='ocrx_word' id='word_1_733' title='bbox 2925 4603 3184 4650; x_wconf 82' lang='lat' dir='ltr'><strong>vertatur</strong></span> <span class='ocrx_word' id='word_1_734' title='bbox 3218 4567 3472 4665; x_wconf 60' lang='lat' dir='ltr'><strong>quaestio,</strong></span> <span class='ocrx_word' id='word_1_735' title='bbox 3522 4567 3629 4654; x_wconf 80' lang='lat' dir='ltr'><strong>iste</strong></span> 
     </span>
    </p>
   </div>
   <div class='ocr_carea' id='block_1_107' title="bbox 2053 4683 3631 4757">
    <p class='ocr_par' dir='ltr' id='par_1_107' title="bbox 2053 4683 3631 4757">
     <span class='ocr_line' id='line_1_107' title="bbox 2053 4683 3631 4757; baseline 0.003 -18"><span class='ocrx_word' id='word_1_736' title='bbox 2053 4701 2165 4739; x_wconf 91' lang='lat' dir='ltr'><strong>non</strong></span> <span class='ocrx_word' id='word_1_737' title='bbox 2193 4684 2261 4739; x_wconf 90' lang='lat' dir='ltr'><strong>de</strong></span> <span class='ocrx_word' id='word_1_738' title='bbox 2289 4686 2425 4755; x_wconf 87' lang='lat' dir='ltr'><strong>ipsis</strong></span> <span class='ocrx_word' id='word_1_739' title='bbox 2457 4683 2594 4754; x_wconf 92' lang='lat' dir='ltr'><strong>quid</strong></span> <span class='ocrx_word' id='word_1_740' title='bbox 2617 4684 2969 4739; x_wconf 90' lang='lat' dir='ltr'><strong>sentiendum</strong></span> <span class='ocrx_word' id='word_1_741' title='bbox 3004 4685 3097 4749; x_wconf 92' lang='lat' dir='ltr'><strong>sit,</strong></span> <span class='ocrx_word' id='word_1_742' title='bbox 3127 4686 3221 4740; x_wconf 91' lang='lat' dir='ltr'><strong>sed</strong></span> <span class='ocrx_word' id='word_1_743' title='bbox 3252 4702 3349 4741; x_wconf 91' lang='lat' dir='ltr'><strong>eos</strong></span> <span class='ocrx_word' id='word_1_744' title='bbox 3378 4689 3631 4757; x_wconf 85' lang='lat' dir='ltr'><strong>quamvis</strong></span> 
     </span>
    </p>
   </div>
   <div class='ocr_carea' id='block_1_108' title="bbox 2052 4778 3631 4849">
    <p class='ocr_par' dir='ltr' id='par_1_108' title="bbox 2052 4778 3631 4849">
     <span class='ocr_line' id='line_1_108' title="bbox 2052 4778 3631 4849; baseline 0.002 -15"><span class='ocrx_word' id='word_1_745' title='bbox 2052 4795 2162 4834; x_wconf 87' lang='lat' dir='ltr'><strong>non</strong></span> <span class='ocrx_word' id='word_1_746' title='bbox 2185 4780 2514 4834; x_wconf 88' lang='lat' dir='ltr'><strong>auctoritate</strong></span> <span class='ocrx_word' id='word_1_747' title='bbox 2542 4778 2852 4841; x_wconf 88' lang='lat' dir='ltr'><strong>habendos,</strong></span> <span class='ocrx_word' id='word_1_748' title='bbox 2882 4787 3064 4833; x_wconf 90' lang='lat' dir='ltr'><strong>tamen</strong></span> <span class='ocrx_word' id='word_1_749' title='bbox 3094 4780 3357 4849; x_wconf 84' lang='lat' dir='ltr'><strong>legendos</strong></span> <span class='ocrx_word' id='word_1_750' title='bbox 3391 4796 3511 4835; x_wconf 90' lang='lat' dir='ltr'><strong>esse</strong></span> <span class='ocrx_word' id='word_1_751' title='bbox 3529 4782 3631 4837; x_wconf 86' lang='lat' dir='ltr'><strong>de-</strong></span> 
     </span>
    </p>
   </div>
   <div class='ocr_carea' id='block_1_109' title="bbox 2053 4870 3632 4942">
    <p class='ocr_par' dir='ltr' id='par_1_109' title="bbox 2053 4870 3632 4942">
     <span class='ocr_line' id='line_1_109' title="bbox 2053 4870 3632 4942; baseline 0.002 -15"><span class='ocrx_word' id='word_1_752' title='bbox 2053 4872 2251 4927; x_wconf 89' lang='lat' dir='ltr'><strong>cernit.</strong></span> <span class='ocrx_word' id='word_1_753' title='bbox 2294 4872 2714 4934; x_wconf 81' lang='lat' dir='ltr'><strong>Verumtamen,</strong></span> <span class='ocrx_word' id='word_1_754' title='bbox 2768 4870 2898 4941; x_wconf 88' lang='lat' dir='ltr'><strong>quia</strong></span> <span class='ocrx_word' id='word_1_755' title='bbox 2927 4886 3023 4925; x_wconf 92' lang='lat' dir='ltr'><strong>eos</strong></span> <span class='ocrx_word' id='word_1_756' title='bbox 3053 4871 3229 4926; x_wconf 89' lang='lat' dir='ltr'><strong>libros</strong></span> <span class='ocrx_word' id='word_1_757' title='bbox 3253 4888 3394 4942; x_wconf 92' lang='lat' dir='ltr'><strong>quos</strong></span> <span class='ocrx_word' id='word_1_758' title='bbox 3434 4876 3632 4931; x_wconf 91' lang='lat' dir='ltr'><strong>beatus</strong></span> 
     </span>
    </p>
   </div>
   <div class='ocr_carea' id='block_1_110' title="bbox 2056 4962 3635 5036">
    <p class='ocr_par' dir='ltr' id='par_1_110' title="bbox 2056 4962 3635 5036">
     <span class='ocr_line' id='line_1_110' title="bbox 2056 4962 3635 5036; baseline 0.002 -18"><span class='ocrx_word' id='word_1_759' title='bbox 2056 4965 2405 5036; x_wconf 86' lang='lat' dir='ltr'><strong>Augustinus</strong></span> <span class='ocrx_word' id='word_1_760' title='bbox 2440 4964 2737 5034; x_wconf 89' lang='lat' dir='ltr'><strong>episcopus</strong></span> <span class='ocrx_word' id='word_1_761' title='bbox 2758 4963 2826 5017; x_wconf 92' lang='lat' dir='ltr'><strong>ad</strong></span> <span class='ocrx_word' id='word_1_762' title='bbox 2861 4962 3129 5017; x_wconf 82' lang='lat' dir='ltr'><strong>Hilarium</strong></span> <span class='ocrx_word' id='word_1_763' title='bbox 3162 4966 3387 5035; x_wconf 83' lang='lat' dir='ltr'><strong>scripsit</strong></span> <span class='ocrx_word' id='word_1_764' title='bbox 3415 4974 3470 5019; x_wconf 91' lang='lat' dir='ltr'><strong>et</strong></span> <span class='ocrx_word' id='word_1_765' title='bbox 3504 4967 3635 5021; x_wconf 89' lang='lat' dir='ltr'><strong>Pro-</strong></span> 
     </span>
    </p>
   </div>
   <div class='ocr_carea' id='block_1_111' title="bbox 2060 5055 3635 5126">
    <p class='ocr_par' dir='ltr' id='par_1_111' title="bbox 2060 5055 3635 5126">
     <span class='ocr_line' id='line_1_111' title="bbox 2060 5055 3635 5126; baseline 0.001 -15"><span class='ocrx_word' id='word_1_766' title='bbox 2060 5072 2286 5126; x_wconf 89' lang='lat' dir='ltr'><strong>sperum</strong></span> <span class='ocrx_word' id='word_1_767' title='bbox 2324 5055 2378 5110; x_wconf 92' lang='lat' dir='ltr'><strong>in</strong></span> <span class='ocrx_word' id='word_1_768' title='bbox 2430 5057 2537 5110; x_wconf 91' lang='lat' dir='ltr'><strong>ﬁne</strong></span> <span class='ocrx_word' id='word_1_769' title='bbox 2575 5056 2742 5125; x_wconf 89' lang='lat' dir='ltr'><strong>hujus</strong></span> <span class='ocrx_word' id='word_1_770' title='bbox 2774 5055 3022 5125; x_wconf 87' lang='lat' dir='ltr'><strong>epistola</strong></span> <span class='ocrx_word' id='word_1_771' title='bbox 3058 5056 3362 5111; x_wconf 81' lang='lat' dir='ltr'><strong>Romanam</strong></span> <span class='ocrx_word' id='word_1_772' title='bbox 3400 5065 3635 5112; x_wconf 75' lang='lat' dir='ltr'><strong>testatur</strong></span> 
     </span>
    </p>
   </div>
   <div class='ocr_carea' id='block_1_112' title="bbox 2056 5147 3635 5219">
    <p class='ocr_par' dir='ltr' id='par_1_112' title="bbox 2056 5147 3635 5219">
     <span class='ocr_line' id='line_1_112' title="bbox 2056 5147 3635 5219; baseline -0.001 -16"><span class='ocrx_word' id='word_1_773' title='bbox 2056 5150 2341 5219; x_wconf 88' lang='lat' dir='ltr'><strong>suscipere</strong></span> <span class='ocrx_word' id='word_1_774' title='bbox 2356 5148 2679 5213; x_wconf 87' lang='lat' dir='ltr'><strong>Ecclesiam,</strong></span> <span class='ocrx_word' id='word_1_775' title='bbox 2706 5156 2764 5202; x_wconf 90' lang='lat' dir='ltr'><strong>et</strong></span> <span class='ocrx_word' id='word_1_776' title='bbox 2786 5147 2918 5218; x_wconf 93' lang='lat' dir='ltr'><strong>quid</strong></span> <span class='ocrx_word' id='word_1_777' title='bbox 2944 5148 3012 5202; x_wconf 91' lang='lat' dir='ltr'><strong>de</strong></span> <span class='ocrx_word' id='word_1_778' title='bbox 3043 5148 3220 5219; x_wconf 89' lang='lat' dir='ltr'><strong>gratia</strong></span> <span class='ocrx_word' id='word_1_779' title='bbox 3244 5150 3360 5214; x_wconf 89' lang='lat' dir='ltr'><strong>Dei,</strong></span> <span class='ocrx_word' id='word_1_780' title='bbox 3380 5160 3437 5204; x_wconf 92' lang='lat' dir='ltr'><strong>et</strong></span> <span class='ocrx_word' id='word_1_781' title='bbox 3461 5150 3635 5203; x_wconf 91' lang='lat' dir='ltr'><strong>libero</strong></span> 
     </span>
    </p>
   </div>
   <div class='ocr_carea' id='block_1_113' title="bbox 2058 5240 3632 5305">
    <p class='ocr_par' dir='ltr' id='par_1_113' title="bbox 2058 5240 3632 5305">
     <span class='ocr_line' id='line_1_113' title="bbox 2058 5240 3632 5305; baseline -0.001 -10"><span class='ocrx_word' id='word_1_782' title='bbox 2058 5242 2303 5296; x_wconf 89' lang='lat' dir='ltr'><strong>humano</strong></span> <span class='ocrx_word' id='word_1_783' title='bbox 2333 5241 2568 5295; x_wconf 91' lang='lat' dir='ltr'><strong>arbitrio</strong></span> <span class='ocrx_word' id='word_1_784' title='bbox 2592 5240 2785 5295; x_wconf 90' lang='lat' dir='ltr'><strong>eadem</strong></span> <span class='ocrx_word' id='word_1_785' title='bbox 2807 5249 2993 5296; x_wconf 89' lang='lat' dir='ltr'><strong>teneat</strong></span> <span class='ocrx_word' id='word_1_786' title='bbox 3041 5251 3100 5296; x_wconf 93' lang='lat' dir='ltr'><strong>et</strong></span> <span class='ocrx_word' id='word_1_787' title='bbox 3138 5250 3321 5296; x_wconf 88' lang='lat' dir='ltr'><strong>servet</strong></span> <span class='ocrx_word' id='word_1_788' title='bbox 3364 5240 3632 5305; x_wconf 88' lang='lat' dir='ltr'><strong>Ecclesia,</strong></span> 
     </span>
    </p>
   </div>
   <div class='ocr_carea' id='block_1_114' title="bbox 2057 5329 3638 5401">
    <p class='ocr_par' dir='ltr' id='par_1_114' title="bbox 2057 5329 3638 5401">
     <span class='ocr_line' id='line_1_114' title="bbox 2057 5329 3638 5401; baseline -0.001 -16"><span class='ocrx_word' id='word_1_789' title='bbox 2057 5347 2126 5385; x_wconf 83' lang='lat' dir='ltr'><strong>ex</strong></span> <span class='ocrx_word' id='word_1_790' title='bbox 2161 5331 2296 5401; x_wconf 90' lang='lat' dir='ltr'><strong>ipsis</strong></span> <span class='ocrx_word' id='word_1_791' title='bbox 2326 5331 2486 5386; x_wconf 91' lang='lat' dir='ltr'><strong>libris</strong></span> <span class='ocrx_word' id='word_1_792' title='bbox 2514 5329 2740 5385; x_wconf 89' lang='lat' dir='ltr'><strong>abunde</strong></span> <span class='ocrx_word' id='word_1_793' title='bbox 2770 5345 2933 5400; x_wconf 88' lang='lat' dir='ltr'><strong>posse</strong></span> <span class='ocrx_word' id='word_1_794' title='bbox 2968 5330 3098 5385; x_wconf 89' lang='lat' dir='ltr'><strong>sciri</strong></span> <span class='ocrx_word' id='word_1_795' title='bbox 3126 5330 3347 5395; x_wconf 91' lang='lat' dir='ltr'><strong>asserit,</strong></span> <span class='ocrx_word' id='word_1_796' title='bbox 3372 5329 3638 5383; x_wconf 87' lang='lat' dir='ltr'><strong>omitten-</strong></span> 
     </span>
    </p>
   </div>
   <div class='ocr_carea' id='block_1_115' title="bbox 2063 5420 3635 5493">
    <p class='ocr_par' dir='ltr' id='par_1_115' title="bbox 2063 5420 3635 5493">
     <span class='ocr_line' id='line_1_115' title="bbox 2063 5420 3635 5493; baseline -0.001 -14"><span class='ocrx_word' id='word_1_797' title='bbox 2063 5435 2145 5479; x_wconf 89' lang='lat' dir='ltr'><strong>tes</strong></span> <span class='ocrx_word' id='word_1_798' title='bbox 2184 5439 2251 5478; x_wconf 90' lang='lat' dir='ltr'><strong>ea</strong></span> <span class='ocrx_word' id='word_1_799' title='bbox 2296 5438 2418 5493; x_wconf 89' lang='lat' dir='ltr'><strong>qua</strong></span> <span class='ocrx_word' id='word_1_800' title='bbox 2466 5421 2746 5493; x_wconf 82' lang='lat' dir='ltr'><strong>superﬂue</strong></span> <span class='ocrx_word' id='word_1_801' title='bbox 2800 5429 2859 5476; x_wconf 91' lang='lat' dir='ltr'><strong>et</strong></span> <span class='ocrx_word' id='word_1_802' title='bbox 2904 5422 3119 5492; x_wconf 81' lang='lat' dir='ltr'><strong>prolixe</strong></span> <span class='ocrx_word' id='word_1_803' title='bbox 3165 5421 3220 5474; x_wconf 90' lang='lat' dir='ltr'><strong>in</strong></span> <span class='ocrx_word' id='word_1_804' title='bbox 3277 5421 3393 5491; x_wconf 90' lang='lat' dir='ltr'><strong>ipsa</strong></span> <span class='ocrx_word' id='word_1_805' title='bbox 3425 5420 3635 5491; x_wconf 88' lang='lat' dir='ltr'><strong>digesta</strong></span> 
     </span>
    </p>
   </div>
   <div class='ocr_carea' id='block_1_116' title="bbox 2060 5514 3637 5588">
    <p class='ocr_par' dir='ltr' id='par_1_116' title="bbox 2060 5514 3637 5588">
     <span class='ocr_line' id='line_1_116' title="bbox 2060 5514 3637 5588; baseline -0.001 -17"><span class='ocrx_word' id='word_1_806' title='bbox 2060 5518 2368 5588; x_wconf 90' lang='lat' dir='ltr'><strong>probantur</strong></span> <span class='ocrx_word' id='word_1_807' title='bbox 2391 5516 2647 5586; x_wconf 90' lang='lat' dir='ltr'><strong>epistola,</strong></span> <span class='ocrx_word' id='word_1_808' title='bbox 2683 5515 3023 5571; x_wconf 89' lang='lat' dir='ltr'><strong>conveniens</strong></span> <span class='ocrx_word' id='word_1_809' title='bbox 3052 5514 3267 5569; x_wconf 90' lang='lat' dir='ltr'><strong>credidi</strong></span> <span class='ocrx_word' id='word_1_810' title='bbox 3301 5514 3486 5584; x_wconf 89' lang='lat' dir='ltr'><strong>aliqua</strong></span> <span class='ocrx_word' id='word_1_811' title='bbox 3525 5523 3637 5569; x_wconf 88' lang='lat' dir='ltr'><strong>tarn</strong></span> 
     </span>
    </p>
   </div>
   <div class='ocr_carea' id='block_1_117' title="bbox 2058 5605 3637 5679">
    <p class='ocr_par' dir='ltr' id='par_1_117' title="bbox 2058 5605 3637 5679">
     <span class='ocr_line' id='line_1_117' title="bbox 2058 5605 3637 5679; baseline -0.003 -15"><span class='ocrx_word' id='word_1_812' title='bbox 2058 5611 2129 5665; x_wconf 91' lang='lat' dir='ltr'><strong>de</strong></span> <span class='ocrx_word' id='word_1_813' title='bbox 2160 5608 2349 5665; x_wconf 89' lang='lat' dir='ltr'><strong>Fausti</strong></span> <span class='ocrx_word' id='word_1_814' title='bbox 2394 5624 2559 5679; x_wconf 91' lang='lat' dir='ltr'><strong>quam</strong></span> <span class='ocrx_word' id='word_1_815' title='bbox 2594 5608 2661 5663; x_wconf 83' lang='lat' dir='ltr'><strong>de</strong></span> <span class='ocrx_word' id='word_1_816' title='bbox 2702 5606 3003 5662; x_wconf 89' lang='lat' dir='ltr'><strong>antedictis</strong></span> <span class='ocrx_word' id='word_1_817' title='bbox 3044 5605 3202 5660; x_wconf 91' lang='lat' dir='ltr'><strong>libris</strong></span> <span class='ocrx_word' id='word_1_818' title='bbox 3228 5606 3475 5677; x_wconf 87' lang='lat' dir='ltr'><strong>ejusdem</strong></span> <span class='ocrx_word' id='word_1_819' title='bbox 3507 5622 3637 5661; x_wconf 90' lang='lat' dir='ltr'><strong>san-</strong></span> 
     </span>
    </p>
   </div>
   <div class='ocr_carea' id='block_1_118' title="bbox 2060 5696 3637 5773">
    <p class='ocr_par' dir='ltr' id='par_1_118' title="bbox 2060 5696 3637 5773">
     <span class='ocr_line' id='line_1_118' title="bbox 2060 5696 3637 5773; baseline 0.001 -18"><span class='ocrx_word' id='word_1_820' title='bbox 2060 5700 2132 5756; x_wconf 91' lang='lat' dir='ltr'><strong>cti</strong></span> <span class='ocrx_word' id='word_1_821' title='bbox 2178 5700 2485 5773; x_wconf 85' lang='lat' dir='ltr'><strong>Augustini</strong></span> <span class='ocrx_word' id='word_1_822' title='bbox 2543 5708 2696 5754; x_wconf 89' lang='lat' dir='ltr'><strong>certa</strong></span> <span class='ocrx_word' id='word_1_823' title='bbox 2737 5697 2979 5768; x_wconf 87' lang='lat' dir='ltr'><strong>capitula</strong></span> <span class='ocrx_word' id='word_1_824' title='bbox 3019 5696 3357 5768; x_wconf 90' lang='lat' dir='ltr'><strong>decerpere,</strong></span> <span class='ocrx_word' id='word_1_825' title='bbox 3420 5708 3477 5756; x_wconf 90' lang='lat' dir='ltr'><strong>ct</strong></span> <span class='ocrx_word' id='word_1_826' title='bbox 3506 5699 3637 5756; x_wconf 82' lang='lat' dir='ltr'><strong>huic</strong></span> 
     </span>
    </p>
   </div>
   <div class='ocr_carea' id='block_1_119' title="bbox 3167 5964 3203 6025">
    <p class='ocr_par' dir='ltr' id='par_1_119' title="bbox 3167 5964 3203 6025">
     <span class='ocr_line' id='line_1_119' title="bbox 3167 5964 3203 6025; baseline 0 0"><span class='ocrx_word' id='word_1_827' title='bbox 3167 5964 3203 6025; x_wconf 75' lang='grc' dir='ltr'><strong>ῐι</strong></span> 
     </span>
    </p>
   </div>
  </div>
