4146 6446
673 407 774 474 107

1911 401 2233 470 JOANNIS
2271 402 2656 470 MAXENTII

3839 409 3938 472 m3

672 530 863 575 nostro
893 517 1160 589 opusculo
1187 516 1451 579 inserere,
1482 524 1545 570 ut
1588 529 1712 570 cum
1759 515 1816 569 in
1855 515 2014 572 brevi
2045 517 2242 572 collata
2274 525 2318 581 Α
2416 517 2668 587 Denique
2708 525 2834 587 post
2878 513 3161 585 aliquanta
3204 514 3300 585 qui
3343 513 3421 570 ibi
3473 514 3542 570 de
3587 513 3747 570 initio
3783 518 3934 584 fidei,

671 612 736 665 ad
767 611 1004 666 invicem
1037 607 1316 662 contraria
1347 607 1450 660 sibi
1484 615 1704 674 reperta
1733 605 1969 670 fuerint,
2010 606 2244 661 eviden-

671 713 753 758 ter
785 704 1010 765 clareat,
1041 702 1216 754 libros
1269 698 1454 753 Fausti
1499 714 1621 752 esse
1669 698 1986 752 haereticos.
2040 698 2246 766 Sicque

672 795 1074 850 confundantur
1101 806 1316 855 omnes,
1363 790 1460 860 qui
1493 805 1590 844 eos
1639 790 1912 844 hactenus
1941 789 2248 844 defendunt

672 887 990 942 catholicos.
1024 884 1272 950 Quorum
1321 884 1584 953 princeps
1626 892 1682 937 et
1737 890 1934 936 auctor
1982 889 2067 937 est
2121 897 2248 950 pos-

671 992 853 1031 sessor
887 973 1181 1028 Africanus
1200 974 1524 1042 episcopus,
1552 972 1599 1026 si
1629 981 1812 1025 tamen
1843 973 1898 1025 in
1945 972 2048 1026 hac
2090 979 2248 1041 parte

671 1085 780 1124 non
814 1068 980 1137 hujus
1014 1074 1236 1136 reputat
1269 1065 1630 1129 sententiam,
1669 1065 1849 1135 cujus,
1894 1073 1956 1118 ut
1990 1063 2249 1118 Christus

673 1161 842 1215 Filius
869 1162 966 1214 Dei
1001 1161 1136 1224 vivi,
1181 1159 1277 1227 qui
1325 1173 1428 1227 pro
1467 1159 1708 1210 humana
1761 1158 1942 1212 salute
1980 1158 2036 1210 in
2077 1170 2247 1210 carne

668 1263 752 1308 est
781 1254 1081 1309 crucifixus
1114 1268 1260 1306 unus
1293 1259 1528 1321 negetur
1554 1267 1622 1305 ex
1657 1250 1955 1315 Trinitate,
1993 1265 2248 1320 magnam

670 1347 931 1416 pmdicat
959 1345 1377 1400 auctoritatem.
1403 1343 1510 1398 Sed
1543 1352 1843 1412 antequam
1875 1344 1992 1413 ipsa
2024 1359 2055 1398 a
2087 1342 2252 1398 nobis

671 1439 988 1492 inserantur
1009 1436 1274 1505 capitula,
1321 1435 1456 1504 quid
1497 1435 1695 1488 beatus
1741 1435 2082 1504 Augustinus
2116 1435 2252 1504 ipsis

671 1529 828 1583 libris
857 1529 1119 1584 defendat
1147 1536 1204 1582 et
1243 1535 1472 1591 statuat,
1528 1527 1663 1596 quid
1709 1543 1739 1582 e
1792 1536 1985 1581 contra
2015 1528 2252 1583 Faustus

673 1623 728 1676 in
753 1623 870 1676 suis
903 1630 1135 1675 conetur
1181 1631 1458 1684 astruere,
1509 1618 1758 1673 breviter
1791 1619 2061 1673 lectorem
2113 1635 2253 1688 prte-

669 1729 896 1768 monere
931 1712 1310 1767 necessarium
1335 1711 1568 1774 credidi,
1601 1727 1710 1781 quo
1747 1711 1909 1767 facile
1939 1727 2133 1767 eorum
2170 1711 2254 1765 in-

671 1807 949 1861 tentiones
980 1807 1302 1861 discernere
1337 1806 1538 1859 valeat.

2347 609 2496 680 quod
2529 610 2689 664 nobis
2717 609 2822 685 nisi
2848 608 3089 678 desuper
3143 608 3264 663 dari
3304 609 3635 664 certissimis
3666 611 3938 680 approbat

2345 701 2714 766 documentis,
2751 701 3092 772 exprobrans
3140 701 3294 755 hunc
3347 717 3572 756 sensum
3605 741 3619 766 ,
3676 701 3848 757 infert
3879 712 3936 756 et

2346 791 2528 845 dicit:
2575 791 2783 845 Nolens
2838 806 2971 861 ergo
3028 800 3138 845 tam
3183 791 3349 846 claris
3392 792 3724 848 testimoniis
3770 810 3935 864 repu-

2346 899 2534 954 gnare,
2583 893 2638 938 et
2683 893 2864 944 tamen
2918 883 3110 938 volens
3172 899 3203 938 a
3253 885 3437 954 seipso
3466 884 3572 939 sibi
3618 901 3740 941 esse
3784 889 3932 956 quod

2348 976 2548 1040 credit,
2583 976 2740 1045 quasi
2771 975 3055 1046 componit
3088 976 3255 1031 homo
3289 993 3417 1031 cum
3452 979 3586 1042 Deo,
3625 988 3684 1033 ut
3715 989 3933 1049 partem
3966 985 3973 995 ‘

2348 1069 2454 1123 sibi
2487 1069 2612 1122 fidei
2649 1068 2916 1134 vindicet,
2964 1077 3129 1139 atque
3163 1069 3243 1123 illi
3267 1080 3479 1139 partem
3515 1072 3791 1142 relinquat
3828 1091 3841 1126 :
3878 1082 3933 1127 et

2347 1159 2496 1228 quod
2527 1170 2610 1216 est
2638 1161 2859 1224 elatius,
2899 1160 3136 1229 primam
3173 1161 3304 1225 sibi,
3339 1171 3666 1230 sequentem
3699 1164 3796 1217 dat
3824 1164 3930 1229 illi,

2347 1260 2403 1305 et
2434 1252 2490 1304 in
2521 1268 2588 1306 eo
2610 1253 2756 1320 quod
2781 1266 2901 1306 esse
2929 1251 3080 1306 dicat
3105 1252 3398 1306 amborum
3420 1253 3662 1322 primum
3687 1269 3745 1308 se
3777 1254 3931 1318 facit,

2349 1343 2722 1413 posteriorem
2777 1344 2971 1397 Deum.
3009 1341 3116 1398 Sed
3156 1343 3391 1398 Faustus
3431 1344 3711 1414 (inquiunt
3743 1345 3802 1398 hi
3839 1347 3933 1415 qui

2349 1452 2474 1491 eum
2492 1437 2825 1491 catholicum
2851 1445 3124 1490 conantur
3145 1436 3496 1502 defendere),
3515 1437 3724 1507 primas
3747 1445 3934 1506 partes

2350 1544 2462 1582 non
2498 1529 2730 1591 homini,
2781 1529 2878 1583 sed
2904 1529 3093 1599 gratia:
3129 1529 3229 1582 Dei
3261 1529 3478 1583 tribuit.
3513 1529 3651 1584 Nam
3689 1530 3744 1584 in
3774 1540 3934 1585 sexto

2349 1623 2596 1694 ejusdem
2623 1622 2750 1676 libri
2778 1623 2958 1692 capite
2997 1636 3121 1674 cum
3155 1620 3402 1690 Apostoli
3443 1622 3773 1676 sententiam
3814 1622 3934 1678 dis-

2350 1724 2581 1780 sereret,
2618 1717 2692 1770 ita
2725 1717 2803 1769 ait
2841 1732 2854 1767 :
2888 1714 3074 1769 Gratia
3098 1713 3219 1779 Dei,
3256 1755 3271 1780 ,
3301 1715 3504 1784 inquit,
3536 1732 3652 1769 sum
3691 1717 3766 1783 id,
3795 1719 3935 1788 quod

2348 1825 2466 1862 sum
2501 1809 2566 1862 ³⁸.
2621 1809 2836 1863 Primas
2877 1815 3064 1877 partes
3116 1807 3218 1860 soli
3248 1806 3451 1876 fgratiee
3499 1805 3590 1875 pic
3643 1807 3935 1877 subjectus

740 1899 911 1968 igitur
960 1898 1108 1951 idem
1159 1905 1385 1952 sanctus
1424 1896 1769 1967 Augustinus
1817 1896 1890 1950 ita
1942 1895 2247 1951 humanum
2279 1889 2320 1945 B
2351 1900 2600 1965 ascribit,
2633 1901 2814 1956 media
2845 1915 3076 1970 quinque
3111 1899 3324 1954 laboris
3361 1899 3680 1969 magisterio
3710 1909 3768 1954 et
3792 1900 3932 1955 obe-

668 1991 963 2045 arbitrium
1009 1991 1246 2044 liberum
1284 1990 1470 2055 docet,
1503 1999 1563 2044 ut
1597 1990 1954 2054 illuminatio,
1986 1991 2166 2044 virtus
2187 1999 2245 2045 et

667 2086 816 2140 saIUS
852 2085 930 2138 illi
966 2099 995 2137 a
1022 2083 1249 2138 Christo
1279 2092 1336 2138 et
1373 2100 1474 2153 per
1503 2082 1784 2138 Christum
1826 2093 1881 2138 et
1923 2099 2047 2138 cum
2081 2083 2247 2138 Chri-

667 2187 753 2232 sto
787 2178 878 2232 sit.
913 2177 1150 2231 Faustus
1179 2192 1312 2230 vero
1341 2176 1416 2230 ita
1462 2176 1700 2230 liberum
1743 2175 2120 2232 Christianum
2147 2179 2249 2248 jar-

667 2271 895 2324 bitrium
930 2270 1132 2324 docere
1166 2277 1424 2333 conatus,
1463 2276 1523 2321 ut
1558 2269 1914 2333 illuminatio,
1951 2270 2152 2334 virtus,
2192 2279 2249 2324 et

673 2363 840 2425 salus,
868 2377 979 2414 non
1013 2376 1043 2414 a
1075 2360 1318 2425 Christo,
1359 2361 1456 2415 sed
1488 2371 1687 2415 natura
1713 2363 1806 2416 sit.
1834 2363 1902 2416 Et
1930 2372 1991 2416 ut
2022 2363 2246 2432 plenum

671 2457 786 2520 liat,
833 2455 984 2524 quod
1031 2454 1289 2519 dicimus,
1335 2455 1428 2508 ille
1485 2470 1588 2509 nos
1631 2455 2002 2520 Christianos,
2059 2457 2249 2512 ﬁdeles

669 2554 834 2616 atque
862 2545 1189 2600 obedientes
1217 2547 1330 2600 Deo
1354 2546 1654 2600 salubriter
1694 2562 1792 2616 per
1827 2549 2058 2618 gratiam
2081 2549 2246 2604 Chri-

669 2638 764 2703 sti,
825 2654 989 2708 quam
1045 2639 1209 2692 nobis
1257 2653 1358 2708 per
1410 2639 1816 2694 lncarnationis
1861 2657 1975 2696 sua:
2021 2641 2249 2696 donavit

668 2732 1012 2800 prtesentiam
1033 2772 1046 2795 ,
1080 2747 1202 2785 esse
1228 2730 1423 2785 definit
1454 2748 1466 2784 :
1501 2732 1627 2797 iste,
1656 2734 1809 2803 juxta
1838 2734 2067 2802 profana
2095 2751 2246 2789 com-

669 2835 852 2879 menta
876 2825 1080 2895 Pelagii
1106 2825 1437 2878 naturaliter
1469 2840 1591 2879 esse
1635 2826 1920 2880 discernit.
1974 2826 2245 2881 Refutans

667 2933 906 2988 namque
937 2917 1132 2972 callide
1157 2918 1405 2987 ejusdem
1439 2919 1643 2987 Pelagii
1696 2935 1942 2985 sensum,
1997 2928 2053 2974 et
2085 2921 2244 2989 quasi

671 3011 1036 3080 exprobrans,
1093 3011 1243 3080 quod
1299 3011 1526 3064 omnino
1566 3011 1772 3066 Christi
1803 3014 2089 3084 negaverit
2124 3030 2246 3084 gra-

671 3103 824 3167 tiam,
889 3119 1104 3158 necnon
1140 3111 1196 3157 et
1233 3103 1376 3162 illos.
1437 3103 1531 3172 qui
1584 3105 1752 3159 nullis
1801 3106 2245 3174 praecedentibus

668 3195 890 3250 meritis
935 3197 1090 3265 juxta
1132 3193 1456 3264 Apostolum
1492 3195 1739 3265 'gratiam
1789 3197 1888 3251 Dei
1927 3198 2246 3252 hominibus

667 3286 786 3342 dari
818 3288 1061 3343 fatentur
1094 3288 1158 3352 ³³,
1195 3289 1316 3356 ipse
1347 3286 1502 3356 quasi
1537 3287 1982 3356 sapientissimus
2017 3299 2074 3344 et
2116 3306 2246 3359 pru-

665 3380 1023 3434 dentissimus
1056 3395 1233 3434 novus
1269 3395 1425 3434 novae
1470 3380 1760 3449 pravitatis
1795 3383 2081 3452 apostolus
2107 3397 2234 3452 gra-

664 3471 796 3526 tiam
832 3471 926 3524 Dei
957 3470 1262 3526 secundum
1299 3471 1556 3524 meritum
1595 3471 1722 3525 fidei
1769 3481 1826 3526 et
1887 3472 2096 3526 laboris
2141 3470 2242 3524 da-

667 3564 752 3627 ri,
788 3563 986 3616 nititur
1036 3563 1295 3626 edocere,
1358 3569 1418 3615 ut
1467 3563 1579 3632 jam
1634 3562 1716 3616 sic
1763 3562 1860 3617 Dei
1902 3563 2082 3632 gratia
2133 3577 2242 3614 non

665 3655 737 3710 sit
803 3656 998 3724 gratia.
1060 3655 1196 3708 Nam
1259 3670 1385 3708 cum
1458 3670 1622 3708 nemo
1671 3655 1904 3709 obediat
1966 3656 2086 3709 sive
2158 3655 2240 3708 la-

666 3746 826 3801 boret
866 3748 972 3801 nisi
1009 3747 1222 3813 volens,
1283 3764 1446 3803 nemo
1489 3751 1645 3813 velit,
1697 3750 1805 3803 nisi
1843 3749 2038 3803 scierit
2090 3749 2240 3818 quod

665 3836 717 3890 ei
749 3837 1045 3891 conveniat
1086 3838 1362 3904 laborare,
1413 3839 1515 3894 iste
1557 3849 1683 3909 post
1725 3841 2017 3895 scientiam
2060 3850 2117 3895 et
2147 3858 2245 3895 vo-

664 3927 932 3982 luntatem
967 3945 1062 3983 seu
1096 3931 1476 3986 obedientiam
1513 3933 1756 3986 humano
1790 3932 1964 3986 labori
1991 3932 2242 4002 adjungit

665 4021 858 4090 gratize
905 4021 1266 4091 a'djutorium,
1333 4031 1394 4076 ut
1450 4023 1713 4077 videlicet
1761 4023 1936 4092 gratia
1989 4033 2046 4076 et
2086 4021 2242 4076 labor

666 4112 964 4177 humanus,
1022 4114 1180 4184 cujus
1233 4114 1662 4183 possibilitatem
1715 4130 1826 4168 non
1862 4129 1962 4183 per
1992 4113 2241 4168 eamdem

664 4203 921 4270 gratiam,
977 4202 1074 4255 sed
1104 4203 1440 4257 naturaliter
1475 4203 1655 4256 inesse
1706 4203 1965 4257 omnibus
2015 4202 2239 4269 asserit,

661 4296 872 4365 pariter
909 4297 1128 4361 sociati,
1182 4297 1397 4366 reliqua
1449 4296 1740 4363 perficiant
1777 4312 1967 4365 opera,
2034 4306 2092 4352 et
2135 4297 2242 4351 hoc

660 4387 886 4457 quidem
915 4403 974 4442 se
1012 4389 1310 4457 pollicetur
1348 4387 1667 4442 defendere.
1700 4390 1897 4444 Postea
1928 4398 2114 4444 autem
2138 4391 2242 4445 im-

661 4496 878 4536 memor
915 4481 1002 4536 sui
1036 4480 1322 4551 promissi,
1375 4488 1547 4534 totam
1580 4482 1799 4550 plenius
1833 4482 2064 4554 gratiam
2110 4499 2240 4538 eva-

2348 1992 2575 2047 dientia:
2608 1992 2840 2061 deputat
2872 1999 3169 2062 utrumque
3200 1992 3257 2046 in
3303 1992 3786 2046 consummatione
3817 2009 3933 2046 mo-

2346 2080 2570 2136 deratus
2599 2080 2828 2151 gratiam
2851 2080 3215 2150 laboremque
3240 2081 3552 2151 conjungit.
3606 2082 3726 2135 Non
3768 2082 3930 2146 dicit,

2347 2173 2460 2245 Ego
2482 2175 2602 2229 sine
2633 2173 2832 2244 gratia,
2863 2183 2958 2228 aut
2981 2173 3158 2246 gratia
3187 2175 3306 2229 sine
3334 2190 3442 2236 me,
3472 2174 3567 2229 sed
3620 2174 3814 2230 Gratia
3837 2175 3932 2230 Dei

2347 2283 2548 2320 mecum
2571 2268 2634 2320 ³⁸.
2656 2267 2760 2321 Sed
2776 2267 3026 2338 gratiam,
3052 2266 3142 2321 cui
3174 2267 3280 2320 hoc
3315 2267 3439 2321 loco
3457 2267 3692 2321 Faustus
3722 2268 3934 2336 primas

2344 2371 2526 2430 partes
2558 2361 2771 2422 tribuit,
2799 2377 2910 2415 non
2934 2376 3055 2414 eam
3083 2376 3204 2431 quae
3231 2377 3329 2430 per
3356 2360 3626 2430 Spiritum
3661 2371 3921 2416 sanctum

2345 2456 2425 2516 iit,
2462 2465 2522 2509 ut
2551 2456 2794 2510 Verbum
2821 2455 2918 2509 Dei
2957 2454 3270 2509 forinsecus
3305 2454 3585 2508 intonanti
3635 2471 3930 2511 assensum

2343 2548 2705 2617 praebeamus,
2742 2556 2800 2601 et
2827 2546 3159 2600 obedientes
3178 2545 3488 2600 elliciamur
3521 2587 3536 2612 ,
3581 2547 3678 2601 sed
3723 2549 3930 2617 pradi-

2345 2639 2616 2693 cationem
2644 2637 2960 2692 divinorum
3005 2637 3208 2691 asserit
3263 2638 3649 2706 cloquiorum,
3684 2649 3746 2693 ut
3777 2641 3934 2694 vide-

2341 2731 2472 2785 licet
2508 2730 2700 2800 gratiaa
2745 2731 2818 2784 sit
2869 2729 3016 2799 quod
3051 2729 3212 2783 nobis
3254 2729 3440 2784 divina
3474 2731 3694 2801 eloquia
3725 2734 3933 2802 praedi-

2342 2831 2539 2878 cantur
2567 2839 2579 2875 :
2614 2831 2865 2877 nostrum
2905 2831 3090 2876 autem
3116 2822 3207 2886 sit,
3229 2830 3288 2875 ut
3319 2823 3502 2876 eidem
3533 2824 3928 2893 praedicationi

2344 2917 2780 2972 consentiamus.
2818 2917 3068 2986 Denique
3112 2917 3169 2970 in
3210 2916 3392 2986 capite
3425 2918 3698 2988 vigesimo
3731 2929 3931 2973 octavo

2345 3008 2592 3078 ejusdem
2619 3008 2748 3062 libri
2783 3008 2950 3077 primi
3003 3008 3289 3063 disserens
3328 3010 3672 3065 Dominicam
3704 3022 3933 3067 senten-

2346 3100 2506 3164 tiam,
2538 3115 2646 3168 qua
2683 3099 2761 3153 ait
2795 3116 2807 3150 :
2840 3099 3006 3152 Nemo
3036 3101 3174 3152 venit
3211 3101 3281 3154 ad
3306 3118 3386 3154 me
3417 3103 3519 3156 nisi
3559 3102 3722 3156 Pater
3752 3115 3930 3158 attra-

2345 3192 2485 3244 xerit
2545 3206 2662 3242 eum
2704 3190 2770 3255 ³⁸,
2808 3190 2883 3244 ita
2921 3191 3066 3245 inter
3121 3201 3320 3246 caatera
3365 3193 3634 3262 loquitur.
3688 3193 3927 3258 Clamat,

2349 3282 2553 3352 inquit,
2589 3283 2870 3347 voluntas,
2909 3283 3039 3352 quia
3078 3284 3193 3338 sola
3241 3300 3341 3354 per
3389 3300 3450 3339 se
3498 3287 3707 3340 elevari
3749 3288 3931 3343 nescit

2346 3374 2664 3429 infirmitas.
2728 3373 2810 3428 Ita
2864 3375 3132 3431 Dominus
3184 3377 3418 3431 attrahit
3475 3377 3926 3444 desiderantem,

2345 3466 2508 3536 erigit
2543 3466 2912 3521 adnitentem.
2960 3468 3104 3533 Quid
3129 3478 3216 3522 est
3241 3477 3427 3524 autem
3463 3471 3774 3535 attrahere,
3823 3471 3927 3526 nisi

2345 3559 2693 3628 pradicare,
2745 3559 2854 3613 nisi
2911 3559 3260 3629 Scripturam
3309 3563 3799 3619 consolationibus
3839 3579 3930 3618 ex-

2345 3653 2554 3716 citare,
2618 3653 3101 3723 increpationibus
3164 3655 3498 3720 deterrere,
3560 3657 3928 3712 desideranda

2344 3761 2675 3815 proponere,
2711 3747 2996 3800 intentare
3029 3749 3350 3812 metuenda,
3393 3749 3666 3819 judicium
3695 3752 3928 3806 commi-

2344 3838 2487 3901 nari,
2527 3837 2814 3905 praemium
2846 3837 3138 3905 polliceri-2
3169 3840 3325 3904 Quod
3361 3840 3406 3893 si
3434 3842 3552 3894 sola
3575 3842 3923 3911 praedicatio,

2344 3929 2487 3983 sicut
2536 3930 2639 3983 iste
2672 3931 2794 3984 vult
2844 3931 3020 3999 gratia
3070 3932 3168 3986 Dei
3222 3933 3502 3988 credenda
3529 3944 3634 3999 est,
3671 3953 3801 4005 qua:
3833 3953 3927 4007 per

2342 4019 2528 4074 Jesum
2559 4020 2845 4075 Christum
2901 4023 3046 4076 facta
3077 4033 3200 4089 est;
3245 4041 3383 4096 ergo
3422 4027 3536 4098 jam
3575 4043 3686 4081 non
3731 4029 3926 4084 Salva-

2347 4123 2455 4178 tor,
2493 4113 2587 4168 sed
2640 4113 2971 4184 praedicator
3028 4119 3418 4173 tantummodo
3465 4119 3613 4174 idem
3659 4121 3812 4177 Deus
3856 4132 3910 4178 et

2343 4206 2610 4261 Dominus
2648 4217 2840 4262 noster
2869 4209 3030 4264 Jesus
3062 4209 3342 4275 Christus,
3373 4212 3545 4282 (quod
3569 4211 3784 4282 absit!)
3808 4229 3924 4268 cre-

2343 4299 2560 4354 dendus
2593 4309 2696 4354 est.

2415 4392 2522 4446 Sed
2571 4393 2722 4447 hunc
2753 4393 3032 4449 nefarium
3067 4396 3192 4466 ejus
3226 4412 3451 4452 sensum
3493 4398 3566 4451 ita
3617 4397 3924 4467 exprobrat

2340 4494 2397 4540 ct
2428 4485 2635 4540 refutat
2671 4486 2868 4541 beatus
2916 4490 3284 4558 Augustinus,
3343 4490 3590 4560 denique
3627 4506 3753 4544 mox
3798 4499 3922 4561 post

661 4586 828 4626 cuare
867 4573 1239 4634 convincitur,
1269 4571 1509 4640 denique
1533 4573 1587 4626 in
1605 4573 1932 4629 Prmfatione
1952 4592 2051 4630 sua
2090 4576 2235 4631 inter
2268 4581 2311 4636 Ι)
2338 4576 2486 4630 illam
2524 4578 2882 4642 sententiam,
2929 4580 3090 4648 cujus
3122 4579 3382 4648 superius
3409 4580 3645 4634 fecimus
3685 4581 3922 4634 mentio-

661 4672 859 4716 caetera
909 4663 984 4715 ita
1016 4663 1265 4732 loquitur
1305 4664 1608 4718 :Studium
1652 4666 1877 4737 (inquit)
1927 4668 2240 4722 asserenda:

659 4753 851 4822 gratiae
875 4761 1253 4822 competenter
1285 4763 1340 4808 et
1369 4757 1670 4812 salubriter
1693 4761 1952 4830 suscipit,
1983 4762 2079 4832 qui
2102 4763 2237 4818 obe-

661 4844 928 4898 dientiam
951 4844 1138 4898 famuli
1167 4847 1348 4902 labori
1383 4849 1653 4918 adjungit.

730 4935 799 4988 Et
839 4935 1040 4988 iterum
1069 4936 1124 4989 in
1153 4936 1333 5006 capite
1374 4939 1398 4992 l
1435 4940 1600 5008 primi
1642 4941 1769 4995 libri
1802 4958 1814 4993 :
1849 4941 1906 4997 Si
1932 4958 2064 5012 ergo
2113 4958 2239 5012 par-

663 5027 833 5092 tibus,
873 5027 1076 5096 inquit,
1119 5030 1493 5099 proprietates
1519 5049 1648 5088 suas
1698 5034 1919 5100 reddas,
1967 5045 2024 5090 et
2075 5035 2239 5090 Chri-

661 5127 807 5173 stum
830 5119 1004 5172 Deum
1027 5128 1083 5173 et
1116 5120 1400 5175 hominem
1434 5122 1632 5176 credas
1661 5131 1969 5188 etasseras,
2004 5125 2236 5194 perinde

659 5221 746 5267 est
783 5225 848 5266 ac
896 5211 941 5264 si
982 5210 1214 5279 gratiam
1261 5228 1388 5267 cum
1439 5213 1626 5267 labore
1677 5215 2014 5285 conjungas,
2059 5225 2115 5270 et
2167 5217 2236 5270 ab

660 5303 935 5374 adjutorio
967 5302 1064 5356 Dei
1107 5311 1365 5356 conatum
1411 5303 1652 5358 hominis
1680 5320 1790 5358 non
1840 5305 2094 5374 repellas.
2130 5305 2232 5360 Cui

660 5392 954 5448 assertioni
985 5392 1040 5445 in
1060 5393 1242 5462 primo
1295 5407 1490 5446 eorum
1541 5393 1682 5447 libro
1717 5409 1856 5463 quos
1905 5410 2071 5463 supra
2119 5411 2235 5448 mc-

659 5487 899 5540 moravit
932 5488 1007 5540 ita
1033 5485 1365 5540 contradicit
1383 5483 1546 5555 544
1569 5485 1930 5556 Augustinus,
1955 5497 2015 5542 ut
2035 5488 2234 5543 credas

658 5595 788 5633 eum
832 5588 963 5634 tunc
1014 5580 1237 5635 nonnisi
1283 5580 1701 5651 contrascripta
1751 5581 1942 5637 Fausti
1994 5599 2230 5654 respon-

658 5670 814 5726 dere.

1906 5855 1951 5886 ³⁵
1976 5853 2114 5909 ibid.

731 5849 775 5879 ³³
799 5847 953 5901 Rom.
981 5866 1050 5912 ιι,
1072 5850 1104 5902 6
1135 5865 1287 5920 seqq.
1364 5851 1447 5906 ³⁸1
1479 5852 1601 5906 Cor.
1629 5869 1716 5918 xv,
1743 5853 1826 5908 lO.

2195 5856 2240 5888 ⁸⁸
2261 5854 2421 5912 Joan.
2447 5873 2522 5922 Vi,
2546 5857 2633 5911 M.

2337 4684 2486 4732 nem,
2526 4669 2778 4738 sequitur
2811 4678 2868 4724 et
2890 4671 3026 4724 dicit
3057 4688 3068 4724 :
3103 4671 3222 4725 Non
3251 4673 3332 4725 sic
3361 4673 3487 4741 pius
3526 4682 3694 4742 atque
3721 4673 3912 4728 humi-

2339 4761 2408 4814 lis
2440 4760 2636 4815 doctor
2688 4762 2778 4816 ille
2819 4762 3074 4832 sapiebat
3122 4763 3485 4833 (Cyprianum
3537 4765 3921 4820 beatissimum

2338 4851 2562 4921 loquor)
2589 4851 2681 4920 qui
2707 4851 2845 4905 dicit
2871 4853 2926 4906 in
2961 4854 3116 4907 nullo
3151 4855 3525 4923 gloriandum,
3555 4856 3780 4925 quando
3811 4873 3915 4912 no-

2339 4955 2518 4998 strum
2572 4945 2711 4998 nihil
2764 4945 2856 5000 sit.
2911 4945 3067 5012 Quod
3125 4955 3186 5000 ut
3241 4949 3610 5014 ostenderet,
3663 4950 3923 5005 adhibuit

2343 5035 2667 5103 Apostolum
2717 5045 2916 5090 testem
2970 5037 3252 5091 dicentem
3302 5055 3315 5091 :
3363 5037 3501 5103 Quid
3533 5049 3708 5093 autem
3761 5042 3921 5094 habes

2342 5127 2479 5196 quod
2510 5145 2614 5180 non
2643 5131 2888 5198 accepisti
2909 5129 2933 5181 ?
2951 5131 2996 5182 si
3029 5141 3206 5182 autem
3231 5133 3498 5200 accepisti,
3523 5133 3648 5202 quid
3669 5133 3918 5202 gloriaris

2343 5220 2495 5288 quasi
2541 5235 2646 5270 non
2704 5221 2964 5288 acceperis
2982 5219 3221 5285 "?Quo
3276 5223 3560 5292 praecipuo
3591 5225 3917 5279 testimonio

2340 5311 2507 5363 etiam
2549 5310 2664 5378 ipse
2695 5310 2986 5364 convictus
3014 5326 3158 5376 sum,
3193 5327 3318 5366 cum
3350 5313 3611 5368 similiter
3646 5330 3916 5379 errarem,

2341 5411 2540 5470 putans
2562 5402 2873 5472 lidem,qua
2906 5404 2959 5456 in
2997 5403 3170 5459 Deum
3203 5405 3505 5470 credimus,
3536 5421 3647 5459 non
3679 5421 3802 5460 esse
3819 5406 3917 5460 do-

2340 5510 2471 5548 num
2495 5495 2612 5557 Dei,
2641 5495 2737 5548 sed
2775 5510 2804 5548 a
2831 5494 2996 5548 nobis
3015 5512 3136 5551 esse
3162 5497 3217 5550 in
3244 5497 3427 5562 nobis,
3447 5506 3503 5552 et
3529 5514 3626 5567 per
3651 5499 3795 5552 illam
3816 5513 3916 5551 nos

2340 5585 2749 5655 impetrarejDei
2772 5586 2915 5640 dona
2938 5588 3140 5656 quibus
3159 5599 3552 5658 temperanter,
3575 5599 3633 5644 et
3659 5591 3832 5658 juste,
3859 5597 3915 5642 et

2340 5678 2430 5748 pie
2468 5678 2718 5734 vivamus
2745 5679 2798 5733 in
2826 5679 2930 5734 hoc
2964 5681 3189 5737 saeculo.
3213 5681 3403 5752 Neque
3431 5681 3581 5738 enim
3610 5682 3772 5738 fidem
3809 5696 3931 5751 [λιιι¹

2714 5859 2756 5890 ³⁷
2783 5860 2800 5912 l
2833 5857 2958 5913 Cor.
2986 5877 3054 5925 tv,
3083 5862 3132 5913 7.
