4146 6492
357 414 462 479 tog
1272 410 1368 472 Αι)
1403 409 1834 471 EPISTOLAM
1874 410 2300 473 HORMISDE
2338 378 2806 478 neseousmf
3544 417 3644 484 110

362 528 550 584 tabam
583 520 685 579 Dei
738 520 924 592 gratia
966 521 1267 592 praeveniri
1288 562 1303 588 ,
1348 531 1408 576 ut
1452 537 1553 591 per
1597 521 1747 577 illam
1793 521 1957 577 nobis
1984 527 2029 581 Δ
2059 533 2315 578 asserunt
2348 525 2558 581 donum
2593 542 2717 583 esse
2753 524 3123 593 credulitatis,
3153 528 3231 584 ita
3265 528 3413 586 inter
3446 539 3643 588 caetera

369 620 588 675 daretur
615 616 771 687 quod
810 615 1033 670 utiliter
1066 629 1466 686 posceremus,
1504 614 1615 669 nisi
1660 614 1792 685 quia
1830 630 1952 669 ere-
2061 614 2312 685 loquitur
2361 635 2374 671 :
2423 618 2539 673 Sed
2584 620 2755 683 dicis,
2800 620 3009 693 inquit,
3052 622 3183 693 quia
3229 638 3343 679 non
3389 626 3647 680 omnibus

372 712 498 767 dere
526 724 636 763 non
668 722 993 779 possemus,
1028 707 1075 762 si
1103 723 1213 762 non
1238 705 1577 777 praecederet
1608 706 1952 777 praeconium
2061 708 2244 774 detur,
2294 709 2391 766 sed
2426 710 2634 766 donum
2676 713 2751 767 sit
2787 714 3079 783 personale
3118 714 3415 771 credulitas
3449 723 3507 772 et
3538 717 3648 774 illis

370 803 641 859 veritatis.
708 801 785 857 Ut
831 810 1026 856 autem
1082 801 1389 870 praedicato
1444 799 1610 854 nobis
1656 798 1961 870 Evangelio
2063 811 2280 856 tantum
2319 802 2551 858 credere
2590 813 2869 875 suppetat,
2901 805 3107 876 quibus
3145 807 3292 862 Deus
3332 809 3649 878 specialiter

360 896 843 958 miscui-iremus.
875 901 1138 948 ηοειΐιιηι
1182 907 1304 948 εδεθ
1332 891 1661 962 Proprium,
1715 899 1774 947 et
1800 892 1964 947 nobis
2064 898 2292 953 donavit
2335 910 2398 953 ut
2441 899 2756 955 crederent.
2796 901 2916 955 Non
2959 901 3035 955 ita
3081 910 3186 956 est.
3225 902 3483 957 Nondum
3526 917 3650 957 eam

361 1005 425 1044 ex
462 988 630 1042 nobis
672 1001 802 1042 esse
857 984 1200 1039 arbitrabar.
1250 983 1425 1050 Quem
1475 998 1661 1038 meum
1704 1000 1963 1040 errorem
2065 988 2330 1044 Dominus
2368 989 2536 1044 etiam
2569 990 2639 1044 ab
2671 989 2975 1045 incredulis
3007 992 3199 1063 exigit,
3232 993 3491 1048 omnibus
3523 1009 3647 1049 eam

359 1078 639 1133 nonnulla
671 1070 954 1147 opuscula
1002 1092 1126 1131 mea
1174 1075 1466 1141 indicant,
1508 1083 1639 1131 ante
1667 1077 1956 1148 episcopa-
2068 1079 2330 1135 insertam
2373 1095 2496 1137 esse
2538 1081 2908 1138 demonstrat.
2936 1081 3047 1154 Cui
3088 1092 3280 1141 autem
3324 1087 3493 1141 etiam
3533 1086 3651 1157 ipsa

361 1181 481 1227 tum
511 1186 705 1225 meum
738 1171 997 1240 scripta;
1030 1170 1139 1225 iste
1167 1184 1424 1225 errorem
1454 1169 1616 1235 dicit,
1652 1170 1814 1224 ﬁdem
1847 1184 1958 1225 non
2069 1178 2265 1225 natura
2323 1170 2443 1241 lege
2504 1186 2647 1226 non:
2682 1179 2945 1241 suppetat
3002 1172 3264 1237 credere,
3314 1174 3536 1243 quando
3594 1182 3654 1230 et

361 1264 459 1320 Dei
489 1263 706 1318 donum
737 1262 998 1327 credere,
1023 1260 1121 1317 sed
1146 1277 1179 1316 a
1201 1260 1362 1316 nobis
1386 1277 1508 1316 esse
1534 1261 1591 1316 in
1619 1261 1800 1317 nobis.
1827 1261 1969 1316 Fau-
2069 1262 2348 1319 dzemones
2381 1264 2645 1329 credunt,
2676 1272 2733 1319 et
2764 1264 3233 1319 contremiscunt?
3267 1264 3368 1320 Hie
3394 1268 3505 1337 jam
3538 1282 3653 1322 uon

361 1364 484 1411 stus
516 1362 713 1408 autem
750 1367 866 1407 non
899 1350 999 1407 Dei
1034 1350 1275 1416 donum,
1308 1350 1406 1407 sed
1446 1366 1477 1405 a
1517 1350 1681 1407 nobis
1717 1351 1774 1406 in
1808 1350 1970 1405 nobis
2070 1354 2380 1424 Augustino
2417 1364 2656 1421 tantum,
2687 1371 2881 1429 verum
2919 1355 3085 1411 etiam
3125 1356 3391 1425 Apostolo
3426 1355 3654 1411 omnino

360 1463 484 1503 esse
525 1444 808 1501 afﬁrmare
850 1452 1104 1498 conatur.
1131 1442 1194 1497 In
1230 1441 1413 1513 capite
1450 1457 1693 1512 namque
1731 1441 1971 1511 septimo
2071 1443 2310 1504 Faustus
2361 1448 2676 1504 contrarius
2728 1448 3087 1519 approbatur.
3135 1448 3273 1502 Nam
3326 1463 3453 1502 eum
3507 1448 3656 1503 idem

356 1536 491 1593 libri
532 1537 705 1607 primi
747 1551 1040 1606 exponens
1080 1533 1217 1589 illud
1256 1534 1505 1605 Apostoli
1552 1549 1568 1587 :
1611 1534 1799 1592 Gratia
1836 1532 1972 1587 salvi
2072 1537 2369 1609 Apostolus
2398 1540 2546 1595 dicat
2569 1539 2719 1594 :Non
2752 1541 2892 1593 enim
2923 1540 3159 1593 omnium
3189 1547 3266 1592 est
3294 1538 3423 1606 ﬁdes
3445 1537 3512 1603 ⁸ο,
3547 1538 3657 1595 iste

363 1617 492 1687 Ῑαειί
535 1630 664 1683 “HS
710 1645 807 1700 Ρετ
842 1628 1033 1697 ﬁdem.
1064 1637 1114 1681 εἰ
1156 1629 1251 1682 hoc
1286 1644 1392 1681 ηοη
1431 1643 1494 1681 ex
1536 1627 1716 1691 nobis,
1750 1627 1839 1681 sed
1877 1626 1974 1680 Dei
2074 1631 2334 1687 omnibus
2370 1647 2494 1688 eam
2530 1630 3036 1705 naturaliterdicit
3073 1646 3195 1686 esse
3235 1630 3519 1686 insertam.
3551 1629 3656 1686 Cui

356 1726 566 1779 άοηκιη
597 1731 677 1774 εει
699 1718 771 1784 ³⁸,
796 1730 923 1789 [’05l
952 1719 1236 1788 aliquanta
1266 1716 1521 1787 δείίυίῑυτ
1550 1735 1563 1769 ε
1595 1715 1860 1786 Tempus.
1887 1714 1973 1768 ίη·
2076 1725 2124 1779 si
2172 1724 2582 1795 acquiescatur,
2617 1740 2731 1780 non
2781 1725 2959 1780 solum
3008 1722 3257 1779 haeretici
3300 1732 3358 1780 et
3400 1723 3658 1795 gentiles,

363 1813 518 1882 (Ιυίιν
547 1811 746 1883 aratis:
774 1826 887 1881 (1υο
921 1809 1195 1881 τθάειηριί
1228 1824 1451 1873 Sumus.
1486 1810 1744 1862 meritum
1791 1804 1974 1861 homi'
2006 1868 2045 1883 n
2078 1835 2271 1874 verum
2306 1818 2473 1874 etiam
2506 1818 2785 1873 daemones
2816 1816 3008 1872 ﬁdeles
3038 1830 3160 1872 esse
3193 1815 3456 1872 credendi
3486 1824 3656 1871 sunt:

366 1905 453 1959 nis
485 1868 605 1957 an
638 1902 1001 1973 exspectavit,
1032 1916 1202 1972 opera
1237 1917 1348 1956 non
1381 1898 1659 1970 quaesivit,
1694 1899 1812 1953 sola
1842 1897 1971 1953 ﬁdei
2006 1868 2048 1922 Β
2076 1910 2208 1982 quia
2252 1911 2310 1965 in
2356 1925 2466 1980 quo
2513 1918 2601 1965 es;
2646 1908 2816 1975 ﬁdes,
2848 1907 3088 1964 inﬁdelis
3137 1906 3248 1963 dici
3298 1906 3451 1963 ιιυιιο
3496 1913 3660 1978 pacm

369 2008 596 2062 nostra,
624 1996 924 2051 devotione
951 2002 1253 2050 contentus
1277 1992 1401 2048 fuit.
1425 1994 1495 2050 Et
1519 2000 1713 2048 contra
1748 1998 1974 2045 sanctus
2074 2010 2279 2073 potest,

371 2089 722 2161 Augustinus
767 2088 918 2141 inter
962 2087 1123 2142 initia
1164 2084 1428 2140 antedicti
1464 2084 1628 2156 primi
1663 2083 1792 2138 libri
1827 2083 1913 2137 sui
1954 2098 1971 2137 :
2144 2093 2255 2150 sed
2286 2093 2451 2165 longe
2484 2094 2646 2149 aliter
2671 2100 2898 2149 sanctus
2921 2090 3267 2165 Augustinus
3295 2092 3365 2148 ad
3387 2091 3660 2148 Hilarium

370 2185 476 2239 ⁵εά
516 2198 693 2247 ποθεν
726 2182 931 2251 inquit:
961 2178 1086 2234 ίειίε
1131 2176 1585 2248 respondendum
1621 2191 1745 2231 esse
1780 2174 1968 2241 Video.
2075 2186 2326 2241 scribens
2360 2194 2417 2242 et
2451 2186 2809 2256 Prosperum,
2838 2184 3023 2250 docet,
3053 2184 3149 2254 qui
3190 2200 3301 2239 non
3344 2193 3559 2240 tantum
3598 2192 3663 2239 ut

378 2277 464 2345 qui
499 2275 693 2329 divina
729 2270 1071 2336 testimonia,
1102 2285 1225 2340 quas
1257 2270 1325 2325 de
1358 2269 1464 2324 hae
1497 2284 1558 2324 re
1590 2268 1971 2331 adhibuimus,

2075 2278 2315 2335 ﬁdeliter
2342 2294 2661 2350 operemur,
2682 2294 2877 2334 verum
2906 2277 3075 2333 etiam
3104 2278 3280 2348 ipsam
3306 2277 3470 2334 ﬁdem
3489 2292 3519 2332 a
3548 2278 3661 2333 Deo

371 2367 439 2421 Id
476 2368 582 2421 hoc
614 2365 814 2420 dicunt
842 2364 1050 2427 valere.
1076 2370 1141 2417 ιιι
1174 2361 1517 2426 noverimus,
1544 2375 1613 2416 ex
1648 2360 1813 2415 ηοδίδ
1850 2360 1974 2430 (Ιυί-
2075 2371 2241 2426 nobis
2276 2371 2498 2435 donari,
2529 2370 2675 2426 sicut
2707 2368 2969 2439 superius
3000 2368 3346 2435 edocuimus,
3378 2368 3435 2423 in
3465 2366 3663 2423 eodem

369 2460 499 2513 ἀεω
550 2472 659 2511 ηοε
709 2456 919 2511 habere
964 2456 1140 2525 ipsam
1191 2453 1388 2519 ﬁdem:
1428 2452 1529 2509 88d
1570 2452 1976 2507 incrementum
2076 2465 2219 2519 libro
2260 2464 2483 2533 penitus
2525 2470 2886 2533 protestatur,
2920 2461 2995 2515 ita
3039 2460 3232 2515 dicens
3279 2478 3293 2513 :
3342 2458 3663 2516 Cavendum

373 2549 494 2618 ejus
532 2563 602 2601 ex
644 2546 785 2610 Deo,
818 2554 1081 2613 tanquam
1118 2542 1259 2598 ﬁdes
1294 2558 1406 2597 non
1444 2543 1514 2598 ab
1555 2543 1676 2612 ipso
1714 2542 1974 2607 donetur,

2077 2567 2197 2621 est,
2240 2556 2442 2613 fratres
2483 2555 2673 2611 dilecti
2723 2572 2757 2611 a
2806 2556 2955 2620 Deo,
2995 2569 3068 2609 ne
3116 2554 3282 2609 homo
3330 2568 3390 2609 se
3440 2553 3667 2609 extollat

374 2641 468 2695 θεά
498 2639 571 2694 ab
596 2639 722 2709 ίΡεο
748 2647 933 2693 me"
960 2644 1226 2708 θυεεειιιτ
1250 2636 1307 2691 in
1333 2634 1515 2700 ῐιοῧίεν
1539 2650 1608 2690 εο
1633 2636 1838 2690 merito
1864 2650 1977 2705 (Ιιιο
2078 2650 2348 2705 adversus
2379 2650 2553 2705 Deum
2587 2664 2716 2704 cum
2749 2663 2809 2703 se
2839 2646 2974 2703 dicit
2998 2646 3204 2708 facere,
3230 2645 3378 2716 quod
3410 2644 3668 2716 promisit

373 2734 547 2803 erepit
574 2748 606 2787 a
639 2731 829 2786 nobis.
857 2730 983 2785 Non
1015 2744 1148 2801 ergo
1178 2729 1462 2785 reccditur
1486 2728 1559 2784 ab
1584 2743 1647 2783 ea
1679 2728 1975 2793 sententia,

2079 2742 2246 2816 Deus.
2268 2741 2463 2797 Nonne
2487 2740 2627 2796 ﬁdes
2653 2740 2901 2812 gentium
2929 2742 3201 2811 promissa
3223 2747 3309 2795 est
3333 2738 3588 2804 Abrahae,
3609 2739 3668 2795 et

372 2841 538 2896 quam
568 2824 830 2894 Pelagius
864 2822 982 2893 ipse
1014 2822 1071 2875 in
1101 2820 1403 2892 episcopali
1421 2819 1635 2891 judicio
1662 2818 1975 2884 Palaestino,

2078 2833 2170 2888 ille
2201 2834 2339 2889 dans
2369 2832 2600 2904 gloriam
2628 2834 2742 2888 Deo
2770 2832 3091 2903 plenissime
3117 2831 3373 2896 credidit,
3403 2832 3667 2902 quoniam

372 2919 520 2974 sicut
564 2916 769 2971 eadem
812 2922 967 2985 gesta
1010 2921 1314 2978 testantur,
1353 2913 1617 2968 damnare
1660 2912 1980 2982 compulsus

2079 2941 2202 2994 quae
2229 2925 2504 2995 promisit,
2528 2934 2727 2995 potens
2753 2934 2838 2980 est
2860 2933 2917 2979 et
2940 2924 3142 2981 facere.
3166 2925 3287 2995 Ipse
3312 2925 3480 2995 igitur
3503 2924 3668 2981 ﬁdem

370 3019 475 3067 est.
500 3008 700 3065 Gratia
722 3007 824 3062 Dei
850 3007 1159 3062 secundum
1186 3005 1386 3059 merita
1408 3012 1597 3059 nostra
1624 3012 1811 3074 posset
1834 3003 1977 3069 dari,

2079 3019 2329 3088 gentium
2360 3016 2513 3081 facit,
2541 3017 2638 3087 qui
2666 3026 2867 3087 potens
2892 3025 2978 3072 est
3003 3016 3185 3072 facere
3213 3017 3360 3087 quod
3386 3017 3666 3087 promisit.

367 3104 415 3158 Si
464 3117 584 3156 non
631 3100 917 3170 pertineat
963 3097 1035 3152 ad
1085 3096 1318 3169 gratiam
1374 3095 1505 3159 Dei.
1546 3096 1696 3166 quod
1748 3096 1980 3150 credere
2082 3107 2258 3161 Porro
2288 3106 2335 3159 si
2365 3106 2513 3160 Deus
2542 3114 2807 3175 operatur
2833 3105 2995 3160 ﬁdem
3032 3115 3301 3171 nostram,
3332 3107 3473 3162 miro
3503 3106 3671 3162 modo

366 3195 673 3264 empimus,
700 3191 801 3247 sed
838 3189 977 3245 illud
1011 3190 1203 3261 potius
1236 3188 1384 3259 quod
1422 3197 1649 3258 propter
1674 3188 1782 3243 hoc
1814 3187 1976 3242 nobis

2030 3212 2047 3269 ι
2080 3212 2249 3268 agens
2286 3197 2342 3252 in
2380 3197 2587 3252 nostris
2624 3197 2889 3253 cordibus
2930 3206 2991 3251 ut
3024 3197 3320 3253 credamus
3359 3214 3374 3251 :
3414 3198 3667 3269 nunquid

375 3287 624 3351 ιάὰἰιιιτ,
660 3292 728 3339 ιιι
769 3284 994 3354 plenius
1041 3280 1457 3353 perfectiusque
1506 3280 1800 3335 credamus
1851 3297 1865 3333 :
1913 3295 1979 3334 ae

2081 3290 2440 3344 metuendum
2465 3298 2569 3355 est,
2595 3304 2663 3343 ne
2696 3297 2872 3344 totum
2898 3289 3079 3344 facere
3104 3304 3215 3344 non
3245 3288 3440 3358 possit,
3463 3297 3521 3344 et
3545 3275 3670 3343 ideo

372 3396 471 3447 per
504 3379 618 3432 hoc
656 3378 820 3431 initia
856 3375 987 3431 ﬁdei
1024 3383 1235 3430 nostrae
1274 3374 1491 3444 priores
1523 3373 1720 3427 damus
1753 3372 1890 3435 Deo,
1922 3378 1981 3426 ut

2080 3381 2188 3436 sibi
2225 3381 2393 3435 homo
2424 3381 2630 3451 primas
2663 3381 2784 3451 ejus
2823 3379 3070 3434 vindicat
3095 3388 3305 3449 partes,
3333 3387 3396 3434 ut
3424 3378 3668 3434 novissi-

374 3470 734 3525 retribuatur
779 3467 946 3522 nobis
985 3467 1434 3537 supplementum
1478 3464 1626 3536 eius.
1661 3470 1718 3517 ei
1758 3462 1806 3517 Si
1846 3460 1981 3531 quid
2082 3486 2201 3526 mas
2242 3471 2310 3526 ab
2351 3472 2445 3525 illo
2484 3472 2740 3541 accipere
2783 3470 3096 3524 mereatur?
3134 3468 3331 3525 Videte
3369 3469 3417 3525 si
3460 3469 3672 3541 aliquid

376 3566 524 3620 aliud
572 3564 822 3619 ﬁdeliter
860 3562 1256 3632 prospicimus.
2083 3570 2279 3634 agatur
2307 3562 2415 3617 isto
2451 3562 2648 3627 modo,
2681 3561 2789 3616 nisi
2822 3570 2887 3616 ut
2916 3561 3095 3633 gratia
3131 3561 3435 3616 secundum
3473 3562 3673 3618 merita

442 3658 555 3713 Sed
602 3665 803 3711 contra
838 3655 959 3710 haec
994 3669 1095 3708 cur
1128 3668 1243 3707 non
1276 3650 1463 3721 potius
1496 3647 1759 3704 audimus
1796 3664 1810 3702 ε
1850 3644 1980 3713 Quis
2083 3664 2274 3710 nostra
2315 3655 2482 3710 detur
2524 3655 2777 3726 quolibet
2818 3654 3006 3721 modo,
3033 3669 3098 3709 ac
3139 3654 3187 3710 si
3230 3654 3407 3726 gratia
3447 3669 3560 3710 non
3600 3653 3675 3711 sit

376 3754 524 3815 prior
553 3752 703 3804 dedit
735 3752 803 3815 ei,
828 3757 878 3803 et
908 3746 1233 3801 retribuetur
1260 3743 1365 3809 illi,
1389 3743 1641 3814 quoniam
1675 3758 1739 3796 ea:
1771 3743 1905 3812 ipso,
1933 3746 1982 3793 et

2084 3746 2279 3817 gratia.
2324 3745 2597 3802 Redditur
2642 3760 2882 3816 namque
2930 3745 3041 3800 hoc
3085 3753 3248 3816 pacto
3293 3745 3513 3812 debita,
3558 3760 3671 3802 non

378 3862 468 3912 per
500 3846 705 3913 ipsum,
736 3851 786 3896 et
816 3843 873 3894 in
904 3841 1019 3910 ipso
1050 3838 1373 3893 suntomnia
1394 3834 1569 3890 ”?Et
1598 3834 1844 3905 seipsum
1877 3833 1982 3905 igi-
2085 3838 2328 3893 donatur
2358 3837 2551 3908 gratis.
2580 3837 2753 3892 Datur
2781 3837 2933 3892 enim
2966 3835 3251 3903 credenti,
3281 3846 3345 3892 ut
3374 3852 3404 3891 a
3435 3835 3673 3891 Domino

379 3950 468 3994 tur
497 3936 732 3991 initium
767 3934 896 3988 ﬁdei
933 3940 1137 3987 nostrae
1168 3947 1237 3986 ex
1267 3945 1377 4000 quo
1405 3928 1513 3983 nisi
1544 3944 1611 3983 ex
1642 3927 1762 3997 ipso
1797 3936 1857 3982 et
1885 3942 1984 3996 per
2087 3931 2203 4002 ipsa
2232 3930 2368 3987 ﬁdes
2399 3938 2688 4001 augeatur,
2719 3938 2777 3985 et
2805 3929 2878 3984 sit
2904 3944 3120 3985 merces
3149 3928 3281 3984 ﬁdei
3312 3935 3508 3999 erepta:
3537 3926 3676 3984 ﬁdes

378 4031 588 4101 ipsum,
606 4038 666 4083 et
692 4028 753 4082 in
781 4027 903 4097 ipso
931 4035 1065 4080 sunt
1087 4024 1297 4079 omnia.
1316 4022 1452 4089 Quis
1478 4030 1662 4077 autem
1687 4020 1836 4075 dicat
1858 4036 1985 4075 eum
2086 4032 2267 4079 aucta.
2298 4024 2412 4079 Nec
2439 4023 2748 4079 attenditur
2775 4038 2901 4077 cum
2933 4022 3042 4077 hoc
3066 4021 3295 4085 dicitur,
3322 4037 3438 4077 non
3471 4036 3673 4078 secun-

378 4125 472 4194 qui
498 4125 619 4195 jam
650 4120 830 4191 cepit
852 4119 1089 4174 credere
1117 4116 1188 4172 ab
1213 4116 1314 4171 illo
1341 4117 1403 4171 in
1427 4131 1592 4187 quem
1620 4114 1880 4179 credidit,
1904 4113 1984 4168 nil
2088 4117 2220 4172 dum
2249 4116 2505 4188 gratiam,
2533 4115 2631 4171 sed
2662 4116 2966 4171 secundum
2994 4114 3242 4169 debitum
3273 4115 3433 4169 istam
3462 4130 3676 4170 merce-

378 4213 624 4269 mereri?
658 4210 821 4267 Unde
859 4209 941 4274 ﬁt,
966 4217 1028 4263 ut
1058 4209 1171 4278 jam
1208 4206 1458 4263 credenti
1497 4218 1695 4261 caetera
1731 4205 1988 4260 dicantur
2088 4210 2213 4264 dem
2252 4207 2607 4263 credentibus
2644 4207 2927 4277 imputari.
2960 4205 3073 4262 Cur
3110 4214 3294 4261 autem
3335 4221 3448 4261 non
3495 4212 3675 4262 totum

378 4306 509 4359 addi
560 4301 949 4358 retributione
990 4298 1199 4354 divina.
1247 4298 1327 4353 Ac
1373 4312 1472 4367 per
1516 4297 1623 4351 hoc
1667 4295 1845 4367 gratia
1888 4295 1984 4349 Dei
2090 4301 2371 4355 tribuatur
2394 4299 2713 4363 homini,ut
2734 4298 2831 4368 qui
2861 4298 2966 4352 sibi
2995 4297 3175 4368 potuit
3204 4296 3502 4352 instituere
3525 4296 3675 4368 quod
3728 4342 3729 4345 η

376 4400 703 4456 secundum
740 4396 941 4451 merita
974 4402 1166 4449 nostra
1199 4391 1352 4457 dari,
1383 4389 1532 4461 quod
1565 4389 1846 4461 obiectum
1880 4387 1987 4444 sibi
2090 4408 2203 4447 non
2248 4392 2513 4456 habebat,
2552 4392 2671 4463 ipse
2713 4391 2860 4462 quod
2913 4390 3178 4455 instituit,
3213 4399 3409 4461 augeat
3449 4390 3679 4445 omnino

379 4494 670 4565 Pelagius,
698 4504 774 4545 ne
805 4489 1168 4544 damnaretur
1192 4486 1334 4556 ipse,
1363 4484 1671 4539 damnavit.
2021 4553 2058 4565 _
2092 4499 2202 4538 non
2234 4482 2420 4544 video,
2450 4482 2559 4537 nisi
2591 4481 2718 4551 quia
2749 4479 2936 4535 resisti
2969 4494 3082 4534 non
3117 4487 3301 4550 potest
3329 4478 3535 4535 divinis
3559 4494 3680 4534 ma-

451 4553 567 4641 Sevd
604 4553 851 4637 Faustus
883 4579 979 4649 qui
1013 4553 1270 4647 superius
1299 4576 1517 4631 dixerat
1550 4594 1562 4629 :
1594 4575 1838 4646 Tempus
1862 4590 1988 4646 gra-
2021 4553 2065 4607 Β
2096 4576 2314 4631 nifestis
2351 4574 2704 4638 testimoniis,
2737 4572 2940 4643 quibus
2974 4581 3035 4627 et
3070 4570 3419 4640 ﬁdes_(unde
3455 4571 3681 4643 pietatis

385 4681 470 4734 tite
492 4692 617 4747 quo
648 4672 932 4742 redempti
963 4684 1175 4733 sumus,
1202 4668 1401 4724 merita
1432 4667 1721 4722 hominum
1753 4683 1865 4722 non
1895 4682 1993 4721 ex-
2092 4666 2382 4722 exordium
2433 4664 2697 4734 sumitur)
2747 4664 2954 4719 donum
3002 4662 3100 4717 Dei
3147 4677 3270 4718 esse
3317 4671 3677 4719 monstratur.

383 4765 690 4839 spectavit,
712 4777 887 4833 opera
913 4759 1140 4831 penitus
1162 4774 1276 4813 non
1304 4758 1578 4828 quaesivit,
1600 4757 1696 4812 sed
1723 4759 1839 4845 sola
1866 4757 1994 4814 ﬁdei
2091 4760 2263 4826 Quale
2300 4766 2387 4814 est
2420 4758 2558 4814 illud
2595 4775 2608 4810 :
2649 4755 2800 4823 Quod
2834 4758 3115 4827 unicuique
3161 4755 3303 4810 Deus
3334 4758 3563 4826 partitus
3602 4764 3683 4811 est

384 4872 597 4916 nostra:
645 4856 976 4918 devotione,
1011 4862 1314 4909 contentus
1359 4851 1484 4906 fuit.
1522 4852 1644 4906 Mox
1692 4851 1747 4905 in
1797 4850 1992 4906 eodem
2094 4868 2345 4905 mensura
2379 4850 2503 4920 fidei
2527 4850 2593 4903 δ’.
2625 4849 2695 4903 Ει
2726 4847 2861 4902 illud
2896 4866 2909 4901 :
2944 4846 3061 4901 Paa:
3090 4846 3342 4917 fratribus
3370 4855 3420 4900 et
3449 4845 3682 4901 charitas

383 4954 598 5022 capite,
627 4956 759 5019 post
790 4946 1079 5016 paululum
1111 4946 1382 5014 sequitur,
1413 4959 1683 5014 suamque
1716 4943 1835 5013 ipse
1862 4958 1992 4998 sen-
2093 4960 2214 4997 cum
2239 4941 2345 5011 ﬁde
2378 4961 2411 4996 a
2447 4941 2551 4996 Deo
2584 4941 2775 5005 Patre,
2807 4948 2857 4993 et
2888 4938 3113 4993 Domino
3139 4936 3266 4992 Iesu
3300 4936 3505 4993 Christo
3527 4937 3594 5005 δ’,
3625 4946 3684 4994 et

382 5046 628 5100 tentiam
653 5040 955 5095 destruens
977 5038 1122 5093 sicut
1146 5036 1333 5103 ﬁdem,
1357 5037 1433 5092 ita
1460 5037 1628 5092 etiam
1659 5052 1827 5107 opera
1852 5036 1988 5091 dicit
2100 5043 2297 5091 caetera
2326 5034 2476 5089 talia.

380 5138 450 5191 ad
502 5133 804 5190 hominem
849 5130 1133 5201 pertinere
1184 5146 1197 5183 :
1247 5128 1405 5183 Sicut
1450 5128 1634 5192 enim,
1672 5128 1886 5198 inquit,
1919 5129 1989 5183 ad
2173 5125 2242 5180 Et
2261 5141 2454 5182 rursus
2480 5124 2625 5180 idem
2657 5122 3679 5194 beatusAugustinuspostaliquanta:

382 5231 563 5285 Deum
600 5223 837 5295 largitio
864 5220 1216 5287 munerandi,
1247 5222 1321 5276 ita
1353 5220 1420 5276 ad
1452 5221 1736 5275 hominem
1766 5221 1991 5276 devotio
2103 5218 2413 5287 Utrumque
2441 5216 2590 5271 enim
2624 5225 2872 5270 nostrum
2907 5224 3014 5282 est,
3045 5214 3248 5285 inquit,
3278 5222 3509 5284 prepter
3536 5213 3686 5268 arbi-

386 5321 632 5392 respicit
686 5316 1033 5387 inquirendi.
1080 5314 1190 5371 Sed
1238 5314 1391 5370 dices
1443 5313 1606 5369 ﬁdem
1659 5312 1836 5383 ipsam
1884 5328 1995 5367 non
2107 5310 2275 5365 trium
2301 5308 2624 5370 voluntatis,
2648 5315 2702 5361 et
2727 5317 3023 5376 utrumque
3056 5314 3238 5361 tamen
3262 5305 3449 5359 datum
3479 5312 3565 5359 est
3587 5320 3686 5376 per

387 5413 665 5469 omnibus
701 5422 873 5479 posse
914 5414 1252 5477 competere.
1280 5403 1401 5458 Non
1440 5404 1667 5468 mirum,
1694 5403 1739 5457 si
1784 5402 1995 5458 homini
2107 5401 2373 5472 Spiritum
2401 5400 2527 5454 ﬁdei
2553 5407 2609 5454 et
2634 5398 2944 5453 charitatis.
2970 5398 3159 5467 Neque
3186 5395 3333 5451 enim
3364 5396 3477 5449 sola
3501 5395 3686 5450 chari-

387 5509 454 5562 ad
482 5518 663 5577 quem
694 5502 940 5572 denegas
964 5514 1134 5570 Opera
1163 5497 1473 5569 pertinere,
1500 5496 1669 5551 etiam
1698 5495 1860 5551 ﬁdem
1887 5503 2002 5549 stu-
2109 5509 2211 5557 tas,
2241 5492 2337 5547 sed
2365 5492 2507 5547 sicut
2536 5491 2801 5560 scriptum
2828 5497 2932 5554 est,
2958 5490 3203 5543 charitas
3232 5501 3357 5542 eum
3387 5486 3493 5541 ﬁde
3518 5502 3549 5540 a
3576 5487 3689 5542 Deo

389 5600 525 5655 deas
558 5597 865 5665 derogare.
903 5592 1120 5646 Rursus
1154 5589 1211 5644 in
1243 5588 1425 5659 capite
1458 5587 1706 5658 ejusdem
1744 5586 1876 5641 libri
1912 5603 1998 5650 xv,
2115 5586 2271 5640 Patre
2306 5591 2361 5637 et
2391 5583 2625 5637 Domino
2656 5582 2789 5637 Jesu
2821 5579 3065 5636 Christo.
3098 5579 3416 5643 Evacuans;
3451 5593 3688 5647 namque

392 5706 563 5762 agens
614 5694 821 5741 contra
865 5698 963 5738 eos
1005 5682 1103 5753 qui
1149 5696 1259 5735 non
1304 5680 1582 5750 generale,
1618 5678 1713 5733 sed
1763 5679 2003 5748 speciale
2112 5678 2317 5732 donum
2346 5676 2444 5730 Dei
2478 5675 2729 5740 Faustus,
2757 5682 3035 5739 omneque
3066 5670 3225 5743 545
3257 5672 3447 5743 gratia:
3472 5671 3690 5741 adjuto-

464 5870 511 5900 ⁸⁴
532 5866 757 5937 Ephes.
782 5882 839 5931 ιι,
865 5863 919 5920 8.
998 5860 1043 5895 δ’
1066 5860 1226 5917 Rom.
1248 5877 1323 5928 ιιι,
1349 5859 1439 5915 35.
1516 5856 1561 5891 ’σθ
1584 5857 1629 5912 ll
1654 5856 1851 5912 Thess.
1876 5873 1954 5922 ιιι,
1976 5855 2032 5912 2.
2092 5924 2101 5933 ς

1516 5856 1561 5891 ’σθ
1584 5857 1629 5912 Il
1654 5856 1851 5912 Thess.
1876 5873 1954 5922 ιιι,
1976 5855 2032 5912 2.
2092 5854 2155 5934 ,δ’
2182 5853 2343 5911 Rom.
2370 5870 2463 5918 xu,
2490 5853 2542 5907 5.
2622 5851 2663 5883 δ’
2690 5848 2890 5921 Ephcs.
2915 5863 2988 5912 γι,
3008 5847 3097 5902 25.
