4146 6438
560 434 653 500 111

1809 415 2128 476 JOANNIS
2156 410 2543 475 MAXENTII

3722 396 3827 457 112

559 552 723 615 rium,
756 561 884 601 mox
927 545 983 599 in
1027 539 1347 613 praefatione
1389 548 1489 588 sua
1534 528 1973 585 misericordiam
2014 526 2133 590 Dei,
2167 532 2213 589 Α
2240 532 2456 594 sumpta
2507 536 2605 591 pro
2655 518 2895 572 humano
2940 529 3144 587 genere
3184 511 3365 567 mori?
3411 508 3520 565 Sed
3573 509 3829 578 nunquid

555 659 662 713 qua
703 640 873 711 gratis
907 634 1289 709 justiﬁeamur,
1343 626 1566 685 nonnisi
1627 624 1733 679 ﬁde
1772 634 1829 677 et
1867 620 2129 691 operibus

555 732 975 808 promerendam
1004 730 1203 783 docere
1227 722 1444 787 nititur,
1472 720 1665 775 dicens
1692 735 1706 771 :
1738 713 2132 771 Asserenti-bus

558 829 740 892 nobis,
768 824 913 896 quod
943 816 1466 891 Dei‘misericordia,
1501 813 1607 868 ﬁde
1627 819 1682 867 et
1707 810 1971 881 Operibus
2001 822 2131 878 pro-

560 919 823 977 merenda
855 926 960 981 est,
988 913 1318 970 catholicam
1350 923 1540 964 vocem
1574 906 1642 962 ad
1671 903 1877 974 Pelagii
1911 914 2133 957 sensum

562 1008 915 1065 discretionis
948 1005 1173 1060 nescius
1204 1001 1441 1072 quilibet
1470 997 1766 1069 adjudieet.
1796 992 1950 1049 Unde
1989 999 2046 1045 et
2079 990 2135 1043 in

561 1104 702 1158 libro
764 1100 1059 1155 undecimo
1114 1112 1215 1166 per
1271 1092 1575 1148 naturalem
1633 1089 1876 1159 vigorem
1933 1084 2139 1153 absque

561 1194 749 1267 gratia:
777 1191 1055 1264 adjutorio
1085 1189 1291 1243 multos
1319 1200 1429 1239 non
1461 1184 1637 1237 solum
1679 1188 1806 1234 ante
1843 1177 2139 1232 adventum

566 1288 807 1354 Domini,
837 1302 1032 1342 verum
1068 1285 1233 1340 etiam
1267 1289 1324 1337 et
1357 1289 1487 1335 ante
1520 1279 1697 1348 legem
1730 1275 1929 1329 littera:
1964 1271 2137 1325 salva-

565 1393 675 1449 tos,
700 1391 864 1451 atque
899 1379 967 1434 ad
1002 1378 1227 1449 plenam
1264 1373 1450 1429 cordis
1483 1371 1779 1443 puritatem
1816 1365 2145 1437 perfectam-

568 1491 677 1545 que
716 1473 987 1547 justitiam
1030 1469 1373 1541 pervenisse,
1406 1466 1547 1519 ﬁlios
1588 1463 1687 1519 Dei
1726 1461 1844 1515 ﬁeri
1880 1457 2149 1513 meruisse

569 1568 923 1639 impudenter
959 1572 1015 1620 et
1055 1562 1368 1633 procaciter
1406 1564 1711 1614 asseverat.

643 1660 891 1728 Denique
923 1658 979 1711 in
1014 1669 1160 1708 nono
1194 1652 1372 1722 capite
1403 1648 1651 1720 ejusdem
1682 1644 1834 1708 libri,
1874 1643 2019 1697 inter
2047 1654 2154 1694 cae-

574 1763 716 1823 tera,
747 1749 882 1803 dicit
914 1764 926 1800 :
957 1746 1094 1802 Cum
1136 1744 1390 1798 homines
1431 1741 1504 1794 ita
1535 1738 1741 1793 fuerint
1766 1736 1833 1790 ad
1861 1733 2155 1803 imaginem

572 1852 630 1899 et
670 1839 1091 1897 similitudinem
1132 1836 1228 1891 Dei
1278 1832 1514 1905 prmditi,
1544 1838 1605 1884 ut
1648 1829 1805 1883 multi
1847 1827 2013 1881 etiam
2060 1823 2158 1877 ﬁlii

2231 618 2532 689 Apostolus
2564 613 2760 676 tacuit,
2808 609 2955 664 unde
2985 607 3176 663 Enoch
3213 615 3266 660 et
3294 604 3409 659 Noe
3452 604 3568 655 Deo
3610 601 3830 670 placere

2231 716 2557 783 potuerunt,
2605 706 2837 759 dicens:
2887 702 3015 756 Fide
3056 700 3239 755 Enoch
3285 695 3579 749 translatus
3628 702 3722 757 est,
3764 707 3831 745 ne

2233 806 2429 859 videret
2466 810 2707 864 mortem,
2744 806 2793 851 et
2831 813 2936 851 non
2972 792 3357 853 inveniebatur,
3385 789 3509 859 quia
3554 783 3833 850 transtuli;

2237 897 2391 951 illum
2435 892 2619 947 Deus?
2648 892 2785 946 Ante
2828 886 3239 941 translationem
3285 884 3423 935 enim
3477 879 3835 932 testimonium

2238 990 2457 1044 habebat
2483 987 2743 1059 placuisse
2767 982 2911 1046 Deo;
2935 988 2991 1035 et
3018 978 3234 1047 reliqua
3262 994 3275 1029 :
3302 974 3429 1028 Fide
3451 973 3560 1027 Noe
3582 984 3835 1040 responso

2241 1090 2473 1151 accepto,
2499 1080 2561 1131 de
2600 1079 2679 1131 his
2714 1090 2832 1145 qua:
2865 1072 3035 1126 adhuc
3078 1085 3182 1122 non
3227 1067 3562 1129 videbantur,
3600 1069 3836 1115 metuens

2244 1176 2445 1247 aptavit
2478 1187 2659 1226 arcam
2690 1171 2745 1222 in
2768 1166 2998 1221 salutem
3020 1164 3205 1217 domus
3225 1175 3356 1221 suaz,
3384 1174 3477 1228 per
3498 1172 3659 1226 quam
3684 1155 3841 1206 dam-

2246 1243 2391 1323 navit
2413 1266 2689 1329 mundum,
2712 1272 2762 1315 et
2780 1260 3007 1332 justitia:
3024 1272 3140 1328 qua:
3160 1271 3253 1326 per
3268 1253 3423 1321 ﬁdem
3442 1259 3537 1315 est,
3571 1252 3732 1303 laceres
3760 1243 3839 1300 est

2247 1366 2518 1421 institutus
2542 1361 2607 1413 ".
2631 1358 2821 1414 Fidem
2845 1350 3143 1425 Apostolus
3171 1363 3282 1403 non
3306 1356 3368 1400 ut
3386 1345 3585 1399 delirat
3605 1339 3841 1397 Faustus

2250 1457 2566 1532 generalem
2611 1452 2708 1509 sed
2741 1448 3035 1521 specialem
3067 1444 3248 1505 docet,
3271 1440 3463 1495 dicens
3495 1456 3507 1491 :
3544 1437 3663 1491 Non
3690 1434 3842 1489 enim

2251 1530 2497 1607 omnium
2523 1555 2608 1601 est
2637 1544 2773 1599 ﬁdes
2796 1556 2977 1611 neque
3000 1536 3329 1594 naturaliter
3351 1531 3611 1587 omnibus
3638 1530 3840 1591 inesse,

2255 1643 2350 1699 sed
2374 1658 2402 1696 a
2430 1641 2541 1695 Deo
2564 1636 2783 1700 donari,
2806 1634 2901 1704 qui
2922 1639 3183 1703 operatur
3204 1627 3387 1683 omnia
3416 1623 3471 1677 in
3495 1622 3753 1677 omnibus
3772 1619 3841 1673 “.

2257 1736 2415 1791 Sicut
2450 1743 2507 1788 et
2536 1731 2668 1785 alibi
2709 1728 2855 1783 idem
2886 1724 3184 1795 Apostolus
3208 1721 3364 1783 dicit,
3396 1716 3531 1771 illud
3567 1713 3713 1785 quod
3749 1728 3844 1766 su-

2259 1829 2449 1900 perius
2479 1822 2831 1879 beatissimus
2872 1819 3057 1890 posuit
3093 1813 3433 1884 Augustinus
3462 1827 3474 1862 :
3507 1808 3623 1862 Pan:
3658 1806 3848 1877 fratri-

573 1936 673 1991 Dei
704 1933 1013 1991 meruerint
1041 1927 1369 1999 nuncupari,
1404 1926 1490 1979 vel
1530 1922 1721 1993 paucis
1748 1920 1929 1975 adhuc
1969 1933 2157 1971 exem-
2193 1887 2233 1941 Β
2262 1887 2357 1976 bus
2392 1930 2441 1973 et
2472 1919 2703 1972 charitas
2729 1930 2848 1967 cum
2875 1887 2981 1981 j‘ide
3005 1929 3037 1964 a
3058 1908 3167 1963 Deo
3193 1907 3373 1969 Patre,
3402 1911 3449 1955 et
3474 1900 3696 1954 Domino
3720 1896 3851 1950 Jesu

576 2029 683 2102 plis
705 2026 1088 2099 praestringere
1112 2037 1215 2076 nos
1246 2027 1485 2091 Oportet,
1509 2015 1699 2086 quanti
1721 2022 1848 2068 ante
1868 2014 2043 2083 legem
2064 2010 2157 2063 lit-

578 2099 730 2183 terae,
764 2116 1051 2171 erudiente
1099 2113 1219 2183 lege
1267 2120 1479 2164 natura:
1525 2122 1646 2176 qua:
1674 2105 1850 2175 prima
1890 2108 1975 2170 (ut
2015 2099 2159 2154 dixi-

576 2210 721 2281 mus)
754 2208 926 2281 gratia
958 2206 1055 2260 Dei
1089 2215 1175 2259 est
1203 2210 1264 2257 ut
1294 2200 1565 2256 vestibula
1610 2197 1807 2251 salutis
1848 2192 2156 2248 intraverit.

580 2301 649 2354 Et
680 2301 879 2354 iterum
928 2302 1053 2365 post
1095 2306 1271 2363 pauca
1299 2308 1311 2343 :
1342 2288 1497 2345 Unde
1530 2286 1743 2349 Enoeh,
1795 2283 1998 2353 inquit,
2032 2295 2161 2335 cum

580 2393 694 2447 Deo
725 2388 1031 2450 ambulare,
1064 2384 1150 2438 vel
1182 2384 1295 2437 Deo
1325 2382 1543 2451 placere
1575 2377 1865 2448 potuisset,
1897 2376 2001 2430 nisi
2035 2389 2163 2429 eum

580 2484 671 2538 lex
703 2479 1015 2536 visceribus
1047 2476 1227 2531 infusa
1260 2481 1473 2529 secreto
1507 2470 1821 2541 magisterio
1854 2467 2164 2523 illuminas-

584 2584 689 2639 set,
723 2574 779 2627 in
814 2581 1023 2626 tantum
1055 2578 1117 2624 ut
1146 2568 1285 2623 nihil
1319 2576 1607 2620 terrenum
1650 2564 1891 2633 sapiens,
1933 2558 2164 2615 mirabi-

584 2668 713 2721 liter
746 2681 778 2719 a
810 2674 979 2727 terra,
1026 2664 1139 2717 Deo
1177 2668 1512 2722 assumente,
1548 2655 1874 2725 raperetur?
1908 2652 2012 2719 Qui
2040 2667 2163 2707 cum

586 2758 715 2813 ﬁdei
750 2757 950 2811 merito
998 2755 1054 2809 in
1094 2754 1269 2823 prima
1318 2751 1504 2806 sazculi
1550 2750 1700 2804 illius
1742 2756 1901 2801 aetate
1940 2754 2168 2799 caeteros

585 2850 889 2915 antecellit,
925 2847 1088 2902 ﬁdem
1119 2848 1293 2916 ipsam
1323 2859 1447 2899 cum
1475 2844 1592 2913 lege
1618 2849 1828 2895 natura:
1858 2837 1963 2893 sibi
1996 2836 2185 2892 tradi-.

587 2953 699 2999 tam
743 2942 913 2997 fuisse
956 2939 1268 3011 perdocuit.
1321 2937 1391 2991 Et
1436 2936 1636 2990 iterum
1675 2942 1799 3003 post
1845 2931 2166 3000 aliquanta:

587 3035 815 3102 Qualem
849 3041 1245 3102 quantamque,
1288 3028 1486 3098 inquit,
1536 3027 1712 3095 legem
1753 3023 1929 3092 prima
1976 3017 2185 3075 condi-‘

588 3124 741 3178 tione
774 3120 1100 3190 susceperit,
1129 3117 1369 3187 perfecta
1401 3116 1569 3169 etiam
1598 3114 1714 3167 Noe
1744 3111 1955 3182 justitia
1986 3109 2186 3164 decla-'

589 3214 753 3279 ravit,
802 3213 896 3283 qui
940 3211 1219 3283 generalia
1258 3208 1385 3263 ﬁdei
1432 3207 1577 3262 dona
1624 3205 1849 3275 speciali
1898 3204 1955 3257 in
1988 3192 2189 3257 studio'

587 3309 859 3361 virtutum
895 3313 1136 3360 sectator
1161 3301 1423 3357 excoluit.
1456 3300 1512 3354 Si
1542 3298 1845 3354 secundum
1876 3297 2039 3368 hujus
2067 3296 2172 3350 im-

590 3399 743 3469 pium
777 3410 1021 3461 sensum,
1051 3403 1108 3450 et
1138 3394 1324 3448 Enoch
1367 3392 1517 3447 omni
1548 3390 1679 3446 faece
1711 3400 1931 3445 terrena
1966 3387 2022 3441 in
2052 3396 2174 3441 tan-

591 3501 706 3545 tum
741 3489 966 3560 purgari
998 3488 1179 3557 potuit
1222 3501 1320 3556 per
1362 3493 1573 3539 natura:
1620 3482 1889 3553 vigorem,
1942 3489 2003 3535 ut
2036 3478 2175 3533 nihil

592 3596 874 3639 terrenum
922 3589 1162 3651 saperet,
1199 3590 1256 3635 et
1299 3581 1412 3634 Noe
1456 3579 1524 3633 ad
1568 3576 1865 3649 perlectam
1904 3575 2175 3646 justitiam

592 3675 930 3746 perveniret,
950 3690 1072 3744 ergo
1087 3674 1321 3727 Christus
1338 3673 1504 3742 gratis
1535 3679 1773 3723 mortuus
1791 3678 1865 3722 est
1882 3668 1948 3721 δ’.
1971 3668 2029 3722 Si
2046 3681 2177 3721 eum

595 3784 696 3839 per
723 3776 936 3822 natura:
962 3768 1207 3838 vigorem
1236 3766 1418 3820 carnis
1448 3764 1717 3834 sapientia
1747 3764 1891 3835 (quae
1923 3762 2035 3816 Deo
2070 3761 2177 3814 ini-

596 3858 739 3913 mica
792 3858 897 3928 est)
929 3858 1145 3927 plenius
1193 3870 1497 3926 expurgare
1550 3856 1763 3924 potuit,
1826 3862 1884 3908 et
1935 3852 2181 3923 perfecta

593 3949 811 4019 justitia
842 3951 1165 4021 adimplere,
1190 3950 1323 4019 quid
1348 3964 1571 4004 necesse
1596 3956 1715 4004 erat
1734 3948 1867 4014 Deo,
1896 3962 2063 4002 carne
2091 3961 2179 4001 as-

672 4106 717 4138 "
752 4105 927 4162 Galat.
972 4122 1031 4171 ιι,
1069 4104 1159 4159 2i.

604 4174 695 4231 10.

1250 4104 1296 4136 ⁸⁵
1336 4104 1503 4159 Hebr.
1531 4121 1600 4159 χι.
1648 4106 1703 4159 5.
1794 4104 1841 4137 ⁸⁸
1867 4102 2006 4159 ibid.
2039 4104 2093 4158 7.

2185 4102 2275 4156 “1
2324 4102 2455 4159 Cor.
2488 4117 2586 4169 ιιι,
2616 4102 2652 4158 6
2681 4116 2834 4173 seqq.

2266 2015 2474 2071 Christo
2501 2012 2569 2065 ⁸⁷.
2596 2010 2717 2065 Non
2740 2021 2870 2077 ergo
2900 2019 2997 2075 per
3016 2002 3193 2071 legem
3218 2006 3450 2059 naturae,
3477 1992 3572 2047 sed
3604 2006 3701 2061 per
3727 2002 3853 2059 gra-

2268 2106 2396 2159 tiam
2426 2116 2619 2157 omnes
2662 2097 2837 2153 sancti
2867 2103 2995 2149 ante
3025 2092 3321 2146 adventum
3351 2084 3565 2140 Domini
3590 2084 3699 2136 Deo
3731 2080 3852 2151 pla-

2268 2204 2521 2254 cuerunt.
2558 2190 2876 2248 Secundum
2911 2186 2967 2241 id
3008 2185 3155 2256 quod
3187 2192 3244 2237 et
3275 2177 3626 2235 beatissimus
3657 2175 3856 2229 Petrus

2270 2293 2326 2347 in
2384 2289 2614 2344 Actibus
2658 2293 2889 2340 testatur
2929 2278 3342 2351 Apostolorum,
3383 2273 3574 2327 dicens
3617 2287 3629 2322 :
3675 2266 3857 2322 Nolite

2262 2386 2456 2455 jugum
2492 2382 2760 2450 imponere
2800 2392 2957 2446 super
2995 2373 3215 2426 ceruices
3267 2364 3665 2435 discipulorum,
3715 2357 3857 2429 quod

2272 2492 2438 2546 neque
2467 2490 2581 2537 nos,
2610 2487 2775 2541 neque
2804 2477 2978 2539 patres
3011 2465 3175 2519 nostri
3201 2469 3415 2533 portare
3442 2458 3727 2529 potuimus,
3768 2451 3860 2506 sed

2273 2585 2367 2641 per
2396 2567 2628 2638 gratiam
2657 2562 2850 2617 Christi
2890 2574 3165 2629 speramus
3194 2553 3327 2609 salvi
3357 2552 3476 2621 ﬁeri
3513 2546 3861 2620 quemadmo-

2274 2664 2399 2717 dum
2431 2670 2479 2714 et
2508 2658 2589 2711 illi
2615 2658 2680 2710 ³⁸.
2714 2656 2816 2709 Eat
2845 2667 2991 2707 nunc
3022 2651 3333 2712 Possessor,
3358 2653 3413 2699 et
3438 2644 3620 2698 adhuc
3649 2642 3703 2695 in
3736 2655 3863 2711 per-

2274 2754 2418 2809 nicie
2449 2749 2694 2822 propria,
2736 2757 2792 2801 et
2843 2760 3035 2801 eorum
3080 2742 3173 2812 qui
3207 2740 3312 2795 sibi
3352 2737 3725 2797 consentiunt,
3762 2732 3862 2785 de-

2275 2842 2463 2897 fendat
2511 2838 2696 2894 Fausti
2740 2837 2912 2890 libros
2966 2834 3288 2896 catholicos,
3334 2844 3475 2899 quos
3517 2842 3630 2881 non
3682 2824 3865 2881 solum

2276 2930 2844 3005 scriptisjsanctissimi
2865 2928 2969 2981 viri
2986 2925 3301 2995 Augustini,
3319 2937 3509 2976 verum
3528 2921 3693 2973 etiam
3711 2932 3865 2971 sum-

2277 3042 2493 3083 morum
2529 3033 2583 3079 et
2628 3023 3035 3094 praecipuorum
3074 3017 3279 3073 Christi
3325 3013 3701 3085 apostolorum
3732 3026 3865 3064 sen-

2263 3120 2469 3176 itentiis
2500 3116 2809 3172 contrarios
2839 3114 3058 3184 penitus
3092 3112 3298 3165 veritas
3333 3108 3527 3163 docet?
3572 3106 3715 3159 sicut
3762 3102 3867 3156 hoc

2278 3214 2403 3268 loco
2438 3211 2725 3266 manifesta
2759 3208 2971 3261 ratione
3002 3204 3375 3275 probavimus.
3410 3200 3543 3254 Nam
3590 3197 3714 3251 ideo
3745 3211 3869 3250 cer-

2278 3318 2360 3363 tas
2389 3306 2690 3361 sententias
2736 3310 2842 3355 tam
2884 3314 2953 3354 ex
3001 3297 3323 3368 praafatione
3357 3308 3612 3349 errorum
3654 3287 3867 3352 Fausti,

2277 3413 2441 3468 quam
2482 3395 2650 3450 etiam
2693 3409 2761 3448 ex
2806 3390 3031 3461 capituli
3083 3388 3249 3459 primi
3290 3394 3347 3441 et
3392 3383 3613 3454 septimi
3663 3379 3871 3452 prioris

2275 3490 2407 3545 libri
2444 3488 2713 3551 inserere,
2746 3485 2854 3538 hoc
2886 3484 3009 3538 loco
3050 3481 3424 3538 necessarium
3466 3472 3814 3532 consideravi
3854 3488 3869 3525 :

2278 3582 2408 3653 quia
2456 3596 2513 3636 se
2560 3579 2707 3634 idem
2751 3578 3042 3632 Possessor
3074 3575 3147 3629 ita
3178 3574 3317 3629 solet
3350 3570 3547 3627 callide
3579 3580 3870 3630 excusare,

2284 3674 2431 3746 quod
2458 3690 2565 3727 non
2598 3672 2836 3743 amplius
2867 3670 2976 3726 nisi
3008 3678 3133 3725 octo
3160 3666 3397 3738 capitula
3430 3663 3560 3718 libri
3602 3659 3762 3732 primi
3793 3660 3875 3713 le-

2285 3769 2446 3839 gerit,
2479 3776 2541 3821 ut
2583 3767 2663 3821 sic
2704 3765 2898 3819 saltem
2942 3762 3205 3817 confusus
3231 3756 3528 3829 aliquando
3560 3754 3874 3823 resipiscat,

2286 3874 2351 3915 ea
2380 3876 2501 3929 quze
2529 3858 2756 3929 proprio
2790 3872 2886 3911 ore
2920 3855 3119 3927 legisse
3142 3870 3201 3909 se
3222 3851 3441 3917 asserit,
3471 3846 3744 3904 catholica
3774 3860 3876 3899 ne-

2286 3947 2435 4003 fario
2471 3962 2640 4001 ausus
2679 3944 3061 4016 pronuntiare.

2912 4098 2957 4133 ⁴⁵⁷
2990 4098 3038 4155 ιι
3076 4098 3272 4155 Thess.
3303 4113 3354 4165 ι,
3382 4096 3439 4151 2.
3518 4095 3568 4129 ⁸⁸
3596 4095 3718 4151 Act.
3765 4109 3875 4158 xv,

616 4377 624 4405 ε
678 4376 847 4404 .-..__=

1891 4545 2606 4677 EJUSDEM

1271 4796 1745 4891 CONTRA
1816 4793 2511 4890 ACEPHALOS
2597 4792 3218 4883 LlBELLUS.

685 5128 981 5187 Catholicae
1037 5127 1162 5184 ﬁdei
1225 5128 1564 5200 professione
1615 5129 1855 5184 breviter
1903 5128 2152 5199 exposita
2177 5167 2194 5192 ,
2222 5129 2276 5189 D
2299 5135 2425 5199 post
2462 5123 2856 5180 adunationem
2900 5121 2957 5175 in
2990 5119 3212 5176 Christo
3244 5128 3442 5174 natura
3484 5126 3590 5185 est,
3622 5132 3754 5188 ergo
3782 5131 3887 5170 nec

615 5225 893 5297 pergimus
934 5238 1086 5277 nunc
1118 5223 1339 5277 illorum
1376 5223 1713 5293 respondere
1756 5221 2194 5286 deﬁnitionibus,

617 5317 709 5387 qui
740 5317 896 5385 lapsu
922 5312 1224 5368 miserabili
1253 5321 1601 5377 corruentes,
1631 5310 1789 5365 novis
1815 5320 1871 5363 et
1908 5309 2197 5379 exquisitis

618 5405 1190 5479 argumentationibus
1226 5406 1500 5460 nefarium
1531 5404 1728 5474 dogma
1760 5403 1965 5457 Christi
2006 5401 2197 5456 Eccle-

616 5501 713 5555 siis
747 5501 1051 5555 moliuntur
1092 5498 1316 5565 inferre,
1348 5508 1406 5553 et
1431 5499 1601 5552 Deum
1636 5504 1692 5550 et
1723 5496 2026 5558 hominem,
2060 5495 2199 5549 Ver-

618 5592 752 5647 bum
796 5602 854 5647 et
883 5607 1103 5646 carnem
1147 5591 1497 5653 conﬁtentes,
1547 5604 1712 5643 unam
1747 5596 1872 5658 post
1913 5587 2201 5641 adunatio-

620 5699 748 5738 nem
773 5683 830 5737 in
852 5684 1073 5739 Christo
1101 5693 1377 5747 naturam,
1412 5681 1577 5735 stulte
1620 5680 1786 5734 nimis
1817 5679 2201 5749 impudenter-

621 5794 728 5848 que
751 5788 1019 5835 conantur
1047 5790 1316 5843 astruere,
1347 5776 1500 5845 quia,
1520 5776 1796 5845 inquiunt,
1826 5791 1934 5828 non
1960 5792 2080 5830 esse
2108 5791 2205 5828 na-

624 5882 801 5927 turam
846 5876 962 5929 sine
1004 5887 1266 5933 uersona,
1318 5870 1523 5935 quibus
1567 5869 1955 5937 respondetur.
1995 5868 2050 5923 Si
2094 5884 2201 5923 una

2303 5218 2565 5273 adunatio
2586 5216 2768 5270 carnis
2790 5215 2931 5270 facta
2955 5222 3041 5268 est
3072 5231 3083 5266 :
3108 5213 3254 5283 quod
3279 5214 3324 5267 si
3347 5212 3680 5268 coadunatio
3704 5210 3889 5265 carnis

2303 5309 2447 5364 facta
2482 5324 2591 5363 non
2623 5315 2730 5371 est,
2773 5320 2874 5360 cur
2918 5305 3269 5360 adunationis
3318 5305 3377 5358 ﬁt
3410 5304 3653 5369 mentio;
3682 5302 3728 5357 si
3756 5317 3888 5355 vero

2306 5400 2569 5456 adunatio
2597 5398 2781 5454 carnis
2811 5398 2953 5453 facta
2988 5407 3093 5463 est,
3125 5399 3235 5469 jam
3266 5414 3377 5452 non
3425 5404 3638 5452 tantum
3676 5395 3885 5457 divina,

2306 5493 2402 5548 sed
2431 5501 2487 5547 et
2527 5491 2714 5547 carnis
2743 5499 2942 5546 natura
2977 5491 3033 5545 in
3060 5490 3280 5546 Christo
3306 5500 3411 5555 est,
3449 5490 3570 5543 dua:
3599 5488 3765 5558 igitur
3790 5500 3890 5539 na-

2306 5598 2447 5642 tura;
2495 5586 2616 5642 sine
2664 5584 2775 5639 ulla
2826 5584 3173 5640 dubitatione
3218 5593 3343 5654 post
3392 5581 3783 5637 adunationem
3835 5578 3888 5630 in

2306 5681 2526 5736 Christo
2554 5688 2702 5734 sunt.
2753 5678 2809 5734 Si
2856 5688 3041 5733 autem
3084 5678 3419 5733 adunatione
3464 5675 3637 5739 facta,
3678 5687 3805 5735 una,
3836 5684 3867 5723 e

2309 5775 2423 5830 sola
2460 5781 2646 5827 manet
2680 5773 2735 5826 in
2761 5772 2983 5827 Christo
3023 5772 3303 5835 divinitas,
3332 5786 3464 5840 ergo
3499 5785 3609 5823 non
3641 5764 3889 5834 simplex.

2309 5867 2405 5922 sed
2446 5865 2750 5936 composita
2797 5865 3183 5936 passibilisque
3215 5873 3297 5917 est
3330 5862 3521 5918 eadem
3554 5857 3715 5916 Verbi
3751 5852 3863 5910 divi
