4146 6516
342 524 448 587 113

1393 531 1691 591 CONTRA
1735 531 2167 591 ACEPIIALOS
2202 533 2587 596 LIBELLUS.

3524 536 3620 597 ili

348 644 509 696 nitas.
538 640 676 705 Quia
707 639 996 709 quidquid
1025 656 1095 695 ex
1123 641 1457 696 adunatione
1486 643 1790 698 subsistere
1822 658 1942 698 cre-
1972 653 2013 702 Α
2044 658 2174 698 vare
2208 660 2508 713 personas;
2539 648 2667 716 quia
2705 648 2943 703 Verbum
2966 656 3023 703 et
3053 664 3271 704 carnem
3303 651 3467 704 etiam
3497 662 3621 721 post

351 736 512 794 ditur,
534 732 867 787 nullatenus
891 734 1204 787 secundum
1230 734 1543 796 veritatem,
1569 736 1793 805 proprie
1816 736 1947 790 sim-

349 829 466 897 plex
493 838 601 892 est,
628 828 731 883 sed
773 830 1008 883 omnino
1039 830 1404 898 compositum
1438 831 1789 902 intelligitur.
1834 829 1949 885 Hoc

345 930 526 975 autem
575 921 646 975 de
682 922 805 975 sola
854 921 1149 975 divinitate
1188 920 1394 977 Christi
1443 924 1650 979 sentire
1683 924 1948 994 probatur

344 1026 465 1065 esse
512 1011 902 1080 sacrilegium.
956 1010 1151 1064 Restat
1197 1025 1327 1081 ergo
1390 1019 1451 1064 ut
1494 1011 1780 1075 adunatio,
1827 1028 1949 1082 quae

343 1104 819 1173 compositionem
846 1103 1000 1166 facit,
1028 1102 1263 1171 refugiat
1300 1104 1730 1173 simplicitatem,
1759 1119 1949 1159 susce-

344 1196 711 1264 ptionemque
742 1195 938 1263 procul
962 1194 1135 1248 dubio
1155 1211 1186 1249 a
1212 1195 1351 1250 Filio
1381 1196 1479 1250 Dei
1510 1196 1763 1251 humana:
1791 1204 1950 1250 natu-

347 1304 422 1340 ra:
449 1286 749 1356 significet.
778 1286 849 1340 Et
880 1287 1004 1340 ideo
1028 1296 1247 1341 constat
1274 1286 1432 1351 duas,
1461 1287 1517 1341 id
1555 1297 1661 1350 est,
1693 1288 1952 1342 divinita-

346 1378 419 1431 tis
448 1388 505 1431 et
542 1378 939 1441 humanitatis,
974 1378 1030 1431 in
1063 1378 1205 1432 Filio
1247 1379 1343 1433 Dei
1395 1385 1518 1448 post
1561 1379 1949 1433 adunationem

342 1486 471 1526 esse
506 1482 761 1534 naturas,
793 1487 862 1525 ex
890 1472 1097 1540 quibus
1142 1480 1199 1525 et
1229 1471 1285 1524 in
1326 1472 1528 1541 quibus
1560 1472 1814 1527 subsistit
1844 1488 1951 1527 una

342 1570 404 1617 et
448 1563 758 1633 singularis
790 1562 996 1619 Christi
1032 1579 1295 1634 persona.

422 1656 664 1721 Rursus,
699 1655 746 1709 si
784 1666 911 1725 post
937 1656 1331 1711 adunationem
1359 1672 1465 1711 una
1497 1666 1695 1711 natura
1725 1658 1780 1711 in
1812 1656 1953 1712 Filio

349 1746 450 1800 Dei
475 1747 796 1815 profitenda
819 1756 926 1814 est,
946 1756 1043 1802 aut
1066 1749 1383 1804 humanitas
1398 1752 1512 1805 sola
1529 1749 1587 1803 in
1605 1749 1829 1805 Christo
1842 1757 1949 1813 est,

349 1846 450 1891 aut
470 1848 629 1892 certe
653 1840 772 1893 sola
804 1839 1088 1895 divinitas.
1114 1841 1248 1896 Item
1269 1841 1444 1896 sinon
1473 1849 1559 1896 est
1592 1850 1809 1904 natura,
1834 1840 1954 1895 sine

350 1946 623 1998 persona,
653 1932 831 1985 multo
855 1933 1029 2003 magis
1058 1948 1295 2003 persona
1322 1950 1432 1989 non
1461 1941 1642 2004 potest
1669 1950 1789 1989 esse
1833 1935 1954 1989 sine

351 2030 582 2075 natura.
604 2022 663 2077 Si
693 2040 827 2093 ergo
848 2026 1064 2093 nonzest
1090 2035 1289 2082 natura
1321 2026 1438 2081 sine
1471 2043 1729 2096 persona,
1755 2030 1955 2097 et'per-

350 2129 490 2167 sona
531 2130 646 2169 non
689 2126 775 2170 est
823 2117 944 2173 sine
991 2128 1213 2183 natura,
1251 2130 1359 2175 tres
1389 2136 1521 2191 ergo
1568 2129 1700 2174 sunt
1746 2130 1957 2175 naturae

351 2201 690 2268 divinitatis,
714 2222 825 2260 non
845 2224 976 2262 una.
1000 2208 1140 2275 Quia
1174 2220 1287 2265 tres
1318 2221 1447 2265 sunt
1472 2210 1592 2266 sine
1624 2212 1793 2266 dubio
1820 2214 1954 2267 sub-

352 2296 628 2350 sistentia:
676 2298 794 2353 sive
832 2316 1122 2369 persona,
1161 2303 1341 2359 Patris
1381 2314 1437 2358 et
1468 2304 1590 2358 Filii
1631 2312 1687 2359 et
1716 2304 1957 2375 Spiritus

352 2389 557 2442 sancti.
593 2389 701 2443 Sed
735 2391 842 2445 hoc
880 2393 974 2461 qui
1005 2393 1199 2449 dicunt
1230 2396 1452 2450 Arianis
1490 2397 1718 2451 oumino
1745 2398 1957 2451 socian-

353 2488 467 2541 tur,
501 2488 559 2534 et
591 2482 714 2549 pari
747 2484 964 2538 cautela
997 2486 1224 2539 cavendi
1268 2496 1417 2551 sunt,
1442 2488 1571 2557 quia
1614 2488 1867 2542 similiter
1894 2496 1955 2541 ut

354 2570 435 2625 illi
464 2572 862 2641 blasphemare
902 2587 1229 2631 noscuntur.
1265 2578 1583 2644 Quaeramus
1614 2591 1795 2634 tamen
1822 2580 1955 2650 quid

350 2663 460 2717 sibi
492 2666 614 2718 vult
650 2666 894 2736 adjectio
926 2668 1018 2721 illa
1062 2669 1396 2738 significare,
1433 2686 1556 2725 cum
1588 2672 1799 2735 dicunt,
1832 2683 1957 2742 post

350 2754 781 2811 adunationem.
813 2758 1012 2813 Utrum
1060 2760 1191 2829 quia
1222 2769 1351 2815 ante
1397 2762 1789 2818 adunationem
1833 2764 1956 2819 duae

353 2849 413 2901 in
436 2847 669 2902 Christo
697 2858 912 2903 naturae
938 2850 1187 2916 fuerunt,
1216 2860 1271 2906 et
1298 2852 1424 2907 ideo
1445 2854 1639 2908 dicunt
1671 2866 1793 2925 post
1815 2857 1954 2911 adu-

348 2940 666 3004 nationem,
703 2956 773 2995 an
806 2950 861 2995 et
909 2950 1036 2996 ante
1065 2943 1455 2999 adunationem
1489 2962 1653 3000 unam
1689 2948 1955 3016 profiten-

346 3041 446 3084 tur
482 3031 663 3086 fuissc
698 3032 752 3086 in
785 3031 1011 3086 Christo
1045 3037 1337 3089 naturam?
1363 3036 1519 3103 Quod
1563 3039 1608 3092 si
1653 3048 1781 3095 ante
1815 3042 1955 3097 adu-

344 3123 644 3176 nationem
683 3123 850 3175 vitam
901 3122 1070 3178 fuisse
1113 3125 1327 3189 dicunt,
1360 3128 1703 3197 superfluum
1732 3132 1958 3187 omnino

343 3223 455 3277 est,
510 3224 645 3283 post
678 3214 1075 3268 adunationem
1120 3217 1328 3283 dicere,
1361 3221 1487 3288 quia
1532 3237 1750 3292 semper
1792 3240 1957 3278 unam

348 3305 672 3357 secundum
725 3306 876 3371 ipsos
915 3314 1134 3360 constat
1167 3307 1336 3362 fuisse
1377 3321 1432 3364 et
1465 3328 1584 3366 esse
1634 3314 1688 3365 in
1737 3312 1958 3369 Christo
1986 3340 2027 3371 ,π

352 3406 638 3449 naturam.
675 3396 883 3450 Verum
916 3399 959 3450 si
994 3398 1067 3451 ita
1099 3412 1204 3465 est,
1236 3402 1463 3455 omnino
1491 3403 1761 3459 fallaciter
1783 3406 1852 3459 ab
1874 3409 1955 3462 eis

350 3489 521 3540 etiam
572 3488 791 3541 mentio
823 3488 1178 3545 adunationis
1210 3492 1460 3547 affertur.
1491 3494 1650 3559 Quia,
1684 3496 1728 3549 si
1760 3513 1868 3551 una
1901 3508 1957 3553 et

351 3591 481 3635 ante
508 3590 567 3634 et
606 3590 737 3649 post
764 3584 971 3636 mansit
1001 3583 1055 3636 in
1084 3584 1307 3640 Christo
1349 3597 1566 3652 natura,
1600 3589 1749 3643 nulla
1773 3592 1954 3644 omni-

352 3672 524 3723 modo
558 3671 709 3725 facta
744 3681 830 3726 est
864 3673 1151 3738 adunatio,
1178 3677 1306 3745 quia
1334 3678 1727 3735 adunationem
1759 3698 1826 3736 ex
1868 3684 1957 3737 di-

353 3779 649 3817 versarum
684 3780 879 3818 rerum
916 3768 1132 3821 naturis
1161 3768 1299 3831 fieri,
1330 3785 1492 3823 nemo
1522 3780 1607 3825 est
1632 3773 1727 3841 qui
1760 3774 1953 3829 nescit.

354 3852 411 3906 Si
450 3864 643 3908 autem
681 3855 825 3910 duas
860 3868 986 3911 ante
1013 3858 1406 3913 adunationem
1441 3859 1609 3915 fuisse
1644 3870 1868 3917 naturas
1900 3864 1956 3918 in

355 3944 581 3999 Christo
616 3947 891 4009 dixerint,
927 3948 1065 4003 duas
1107 3950 1273 4004 etiam
1295 3951 1412 4005 sine
1442 3950 1614 4005 dubio
1658 3962 1785 4007 ante
1818 3954 1957 4008 adu-

355 4038 643 4091 nationem
700 4038 890 4092 dicere
944 4041 1351 4095 convincuntur
1402 4041 1459 4095 in
1506 4041 1728 4097 Christo
1787 4043 1957 4100 fuisse

354 4142 648 4196 personas,
702 4131 859 4199 quia,
912 4132 1219 4185 secundum
1272 4132 1443 4202 ipsos,
1482 4150 1591 4189 non
1630 4144 1715 4190 est
1760 4146 1956 4191 natura

353 4226 475 4276 sine
512 4239 784 4294 persona.
840 4224 997 4289 Quod
1051 4238 1176 4295 cum
1210 4226 1423 4292 dicunt,
1460 4229 1585 4297 quis
1604 4244 1701 4284 eos
1746 4231 1958 4285 nesciat

352 4315 709 4371 Nestoriana:
746 4316 992 4385 perfidiae
1025 4318 1195 4387 (quod
1228 4318 1465 4390 fugiunt)
1492 4321 1705 4389 laqueis
1734 4337 1957 4393 compe—

351 4409 484 4472 diri,
523 4410 627 4478 qui
672 4410 961 4463 hominem
992 4410 1213 4478 plenum
1249 4411 1384 4475 Deo,
1414 4428 1525 4466 non
1559 4414 1730 4467 Deum
1776 4415 1952 4469 homi-

354 4517 480 4555 nem
518 4503 741 4555 factum
787 4502 1092 4572 praedicare
1126 4504 1555 4559 convincuntur.
1588 4505 1723 4559 Item
1760 4507 1806 4560 si
1845 4521 1956 4561 non

353 4608 436 4649 est
468 4607 677 4649 natura
703 4595 828 4648 sine
867 4610 1126 4663 persona,
1160 4610 1469 4664 quaeramus
1498 4598 1567 4650 ab
1596 4597 1679 4651 eis
1716 4616 1727 4650 :
1760 4599 1955 4654 Utrum

2047 730 2438 789 adunationem
2480 735 2536 788 in
2562 735 2782 791 Christo
2812 753 3012 808 negare
3048 754 3156 791 non
3188 748 3439 807 possunt,
3479 757 3617 810 quo-

2048 838 2171 875 rum
2194 823 2439 879 diversas
2458 840 2579 880 esse
2608 836 2835 881 naturas
2859 827 3045 881 nullus
3067 828 3302 895 ignorat.
3327 827 3435 883 Sed
3459 829 3616 893 duas,

2048 912 2325 982 inquiunt,
2375 915 2501 970 ideo
2547 932 2656 970 non
2706 918 2907 973 debere
2958 919 3067 973 dici
3122 921 3177 974 in
3229 920 3447 976 Christo
3496 928 3621 989 post

2048 1007 2437 1063 adunationem
2484 1008 2723 1063 fatemur
2755 1025 2878 1066 esse
2920 1022 3164 1077 naturas,
3203 1014 3332 1082 quia
3373 1013 3484 1067 duo
3518 1028 3623 1066 nu-

2048 1113 2236 1152 merus
2263 1114 2385 1154 esse
2428 1115 2539 1155 non
2588 1110 2769 1171 potest
2811 1103 3101 1169 indivisus,
3155 1119 3281 1159 cum
3316 1104 3618 1160 secundum

2050 1190 2361 1253 veritatem,
2394 1192 2575 1245 omnis
2603 1208 2869 1247 numerus
2904 1193 3162 1248 divisioni
3196 1195 3463 1266 subjacet.
3496 1195 3622 1249 Haec

2049 1289 2108 1335 et
2143 1283 2457 1354 hujusmodi
2488 1286 2630 1340 solet
2656 1302 2850 1341 eorum
2877 1288 3353 1358 impudentissima
3394 1288 3622 1343 catholi-

2050 1390 2171 1429 cam
2193 1376 2482 1431 veritatem
2505 1382 2873 1449 argumentari
2903 1382 3133 1436 vanitas.
3160 1382 3228 1435 Et
3246 1382 3481 1451 primum
3503 1382 3622 1449 qui-

2053 1466 2178 1522 dem
2208 1484 2318 1523 non
2358 1485 2458 1539 per
2502 1487 2560 1527 se
2591 1472 2793 1542 ipsum,
2825 1473 2922 1528 sed
2955 1473 3012 1527 in
3052 1490 3239 1529 rerum
3272 1474 3483 1527 naturis
3507 1488 3624 1527 om-

2053 1574 2179 1612 nem
2241 1560 2543 1617 subsistere
2587 1579 2877 1619 numerum
2942 1564 3351 1619 evidentissima
3411 1565 3624 1619 ratione

2054 1647 2336 1703 docemur.
2371 1650 2598 1716 Deinde,
2634 1651 2678 1706 si
2721 1653 3037 1708 nullatenus
3063 1670 3127 1708 ea
3168 1670 3290 1724 quae
3320 1653 3631 1709 secundum

2055 1740 2263 1808 aliquid
2299 1740 2690 1797 discernuntur
2741 1753 2798 1798 et
2839 1754 3241 1808 numerantur,
3292 1755 3523 1815 possunt
3568 1746 3623 1799 in

2058 1831 2266 1885 unitate
2292 1831 2614 1899 subsistere,
2645 1849 2851 1903 quaaro,
2879 1844 2935 1889 et
2960 1835 3121 1889 Pater
3148 1842 3203 1889 et
3233 1836 3402 1889 Filius
3420 1845 3475 1889 et
3505 1835 3628 1904 Spi—

2057 1919 2198 1980 ritus
2228 1931 2470 1987 sanctus,
2496 1923 2591 1992 qui
2626 1939 2736 1977 non
2770 1924 2971 1994 reipsa,
3002 1926 3097 1980 sed
3151 1926 3476 1996 cognitione.
3509 1933 3628 1979 tan-

2060 2021 2174 2066 tum
2201 2013 2271 2067 ab
2296 2014 2529 2068 invicem
2557 2015 2966 2083 discernuntur,
2998 2018 3275 2086 quomodo
3305 2034 3413 2072 non
3445 2018 3500 2072 in
3544 2018 3625 2072 di-

2056 2105 2287 2170 visione,
2323 2106 2419 2160 sed
2448 2108 2504 2160 in
2539 2118 2751 2162 natura:
2780 2108 2989 2163 unitate
3020 2108 3351 2162 subsistant?

2125 2196 2283 2262 Quod
2311 2198 2354 2251 si
2388 2198 2443 2252 hi
2474 2208 2585 2254 tres
2621 2215 2790 2253 unum
2825 2208 2973 2265 sunt,
3017 2209 3072 2254 et
3105 2214 3463 2269 personarum
3506 2214 3629 2253 sua-

2057 2307 2178 2345 rum
2228 2291 2589 2360 proprietates
2641 2290 2877 2361 integras
2924 2299 2981 2344 et
3024 2290 3295 2360 perfectas
3342 2290 3627 2345 inconfuse

2056 2382 2394 2448 custodiunt,
2422 2397 2525 2437 nec
2567 2383 2624 2435 in
2655 2383 2949 2448 divisione,
2984 2383 3077 2437 sed
3109 2384 3165 2436 in
3204 2384 3415 2437 unitate
3449 2382 3629 2437 subsi—

2056 2482 2228 2541 stunt,
2274 2482 2465 2540 restat,
2519 2482 2581 2529 ut
2620 2476 2731 2545 jam
2776 2490 2886 2529 non
2922 2475 3107 2529 omnia
3153 2489 3274 2542 quae
3323 2473 3627 2527 secundum

2056 2567 2427 2637 cognitionem
2465 2574 2818 2629 numerantes
2860 2566 3246 2631 discernimus,
3270 2565 3433 2620 etiam
3464 2565 3627 2620 rebus

2057 2657 2209 2728 ipsis,
2239 2656 2448 2712 nefarie
2490 2657 2821 2712 dividamus.
2866 2657 3003 2722 Quia
3052 2672 3154 2711 nec
3190 2672 3317 2711 cum
3360 2656 3543 2711 carnis
3571 2665 3629 2711 et

2057 2750 2252 2803 animae
2297 2748 2434 2803 duas
2481 2749 2900 2819 pronuntiamus
2961 2748 3318 2818 diversasque
3378 2759 3625 2813 naturas,

2058 2857 2227 2895 unum
2252 2841 2530 2896 hominem
2556 2841 2613 2895 in
2636 2841 2747 2895 duo
2772 2841 3087 2906 dividimus,
3116 2856 3279 2910 quem
3306 2855 3414 2894 non
3440 2840 3626 2905 rebus,

2057 2934 2151 2988 sed
2218 2934 2532 3004 cognitione
2594 2934 2983 2989 discernimus.
3058 2934 3317 3004 Alioquin
3380 2933 3635 2987 dividant

2058 3027 2237 3096 primo
2272 3026 2317 3081 si
2349 3035 2597 3095 possunt,
2628 3042 2736 3081 non
2782 3026 2959 3080 solum
3000 3026 3298 3091 intellectu,
3328 3025 3424 3080 sed
3464 3026 3631 3080 etiam

2061 3120 2248 3184 rebus,
2280 3136 2309 3173 a
2333 3120 2625 3189 splendore
2653 3120 2917 3183 colorem,
2945 3126 3001 3174 et
3040 3120 3277 3173 calorem
3303 3134 3332 3172 a
3362 3120 3476 3173 sole
3501 3127 3633 3173 tunc

2060 3226 2249 3264 eorum
2280 3211 2482 3280 poterit
2510 3211 2626 3266 haec
2660 3212 2826 3265 stulta
2861 3212 3133 3265 sententia
3165 3210 3419 3265 stabiliri.

2131 3307 2287 3373 Quod
2320 3308 2366 3363 si
2399 3307 2578 3361 facere
2602 3314 2903 3375 nequeunt,
2928 3305 3127 3359 cedant
3154 3305 3395 3367 veritati,
3421 3311 3477 3358 et
3497 3304 3636 3358 duas

2065 3399 2350 3453 nobiscum
2383 3400 2439 3452 in
2464 3397 2685 3458 Christo
2718 3396 3080 3467 profiteantur
3113 3411 3236 3450 esse
3263 3404 3507 3466 naturas,
3540 3395 3635 3465 qui

2063 3507 2156 3545 cas
2183 3507 2294 3544 non
2331 3491 2496 3546 rebus
2528 3491 2660 3560 ipsis
2693 3490 3012 3555 dividimus,
3048 3489 3144 3544 sed
3177 3487 3488 3558 cognitione
3512 3495 3637 3541 tan-

2067 3595 2182 3639 tum
2223 3583 2591 3639 discernimus
2636 3592 2692 3638 et
2737 3586 3057 3654 probamus.
3095 3583 3150 3638 Si
3198 3597 3330 3638 vero
3352 3582 3632 3637 dixerint:

2066 3675 2220 3730 Sicut
2252 3690 2317 3729 ex
2349 3674 2527 3728 anima
2562 3684 2617 3729 et
2646 3689 2809 3728 carne
2838 3690 2944 3727 una
2972 3674 3208 3727 humana
3240 3682 3431 3726 natura
3462 3672 3636 3727 confi-

2065 3768 2229 3833 citur,
2266 3782 2386 3837 qua:
2421 3767 2705 3837 singulari,
2736 3783 2845 3821 non
2890 3768 3089 3836 plurali
3129 3783 3358 3821 numero
3387 3782 3636 3837 pronun-

2068 3863 2250 3927 tiatur,
2289 3861 2363 3915 ita
2395 3876 2463 3915 ex
2492 3860 2779 3915 divinitate
2805 3869 2860 3915 et
2888 3861 3226 3915 humanitate
3251 3877 3359 3914 una
3387 3860 3525 3914 facta
3554 3868 3638 3914 est

2063 3954 2268 4009 Christi
2308 3962 2529 4008 natura.
2578 3954 2763 4008 Primo
2798 3954 3020 4024 quidem
3054 3955 3160 4009 hoc
3214 3956 3466 4024 exemplo
3500 3954 3638 4008 Filio

2065 4046 2161 4100 Dei
2215 4047 2442 4100 minime
2488 4046 2744 4100 existimo
2793 4047 3127 4109 convenire,
3168 4047 3256 4099 cui
3304 4045 3640 4100 subsistendi

2065 4156 2226 4195 causa
2252 4155 2379 4195 caro
2402 4155 2513 4193 non
2538 4139 2660 4193 fuit.
2692 4138 2903 4208 Quippe
2926 4139 3021 4207 qui
3049 4147 3176 4193 ante
3206 4139 3403 4193 sazcula
3427 4154 3455 4191 a
3480 4139 3640 4192 Patre

2065 4243 2227 4288 natus
2253 4233 2308 4289 in
2347 4233 2574 4302 propria
2618 4246 2851 4300 persona
2894 4230 3421 4285 incommutabiliter
3458 4229 3640 4283 subsi-

2066 4328 2193 4391 stit,
2245 4326 2341 4381 sed
2389 4341 2515 4381 cum
2554 4325 2796 4379 Verbum
2832 4339 2963 4377 caro
3012 4324 3199 4385 fieret,
3251 4322 3643 4377 misericordia:

2066 4419 2190 4475 fuit.
2231 4419 2481 4475 Animam
2526 4428 2709 4474 autem
2762 4420 3057 4473 humanam
3110 4425 3235 4472 ante
3273 4432 3489 4471 carnem
3539 4416 3642 4469 ali-

2065 4513 2191 4567 cubi
2223 4513 2545 4577 subsistere,
2573 4520 2631 4567 et
2669 4512 3016 4581 postmodum
3049 4511 3203 4564 carni
3252 4508 3443 4573 inseri,
3478 4524 3642 4566 nemo

2066 4620 2232 4659 ausus
2258 4613 2342 4658 est
2366 4602 2655 4657 afﬁrmare.
2689 4602 2829 4656 Sane
2855 4603 2982 4672 quia
3011 4601 3159 4655 nulla
3189 4616 3277 4654 res
3300 4598 3412 4653 sive
3446 4614 3638 4653 natura

356 4701 475 4760 post
496 4688 914 4743 adunationem
942 4688 1104 4743 Verbi
1132 4696 1189 4743 et
1220 4690 1403 4743 carnis
1434 4690 1489 4743 in
1521 4690 1739 4745 Christo
1771 4692 1958 4746 dicant
1990 4697 2035 4752 D
2062 4702 2166 4758 est,
2202 4710 2324 4763 qua:
2357 4710 2467 4747 non
2493 4692 2715 4761 proprio
2744 4694 3048 4762 appelletur
3077 4691 3319 4754 nomine,
3355 4690 3519 4743 unius
3545 4705 3643 4743 na-

360 4783 490 4837 duas
533 4798 667 4836 esse
698 4792 954 4844 naturas,
984 4798 1054 4835 an
1081 4782 1375 4851 denegem.
1412 4782 1567 4848 Quod
1600 4784 1643 4836 si
1677 4784 1761 4839 vel
1788 4785 1956 4839 Verbi

360 4876 433 4927 vel
460 4874 663 4929 carnis
688 4874 991 4927 essentiam
1021 4875 1075 4927 in
1105 4872 1330 4928 Christo
1362 4875 1702 4944 negaverint,
1735 4884 1831 4929 aut
1864 4876 1960 4931 Ju-

356 4966 605 5020 drorum
647 4965 927 5034 impietati
957 4967 1184 5020 omnino
1209 4968 1475 5037 jungendi
1507 4976 1635 5021 sunt
1667 4967 1761 5036 qui
1795 4968 1960 5023 Chri-

352 5071 497 5112 stum
534 5073 754 5128 purum
806 5058 1089 5112 hominem
1135 5058 1305 5114 fuisse
1353 5068 1630 5121 asserunt,
1662 5069 1757 5115 aut
1788 5060 1962 5114 Mani-

352 5154 647 5205 chaeorum
681 5150 992 5219 saerilegiis
1016 5151 1361 5220 coaequandi,
1392 5152 1485 5221 qui
1509 5152 1694 5205 carnis
1719 5152 1773 5205 in
1799 5151 1961 5206 Chri-

354 5252 435 5294 sto
469 5250 688 5311 negant
716 5240 1016 5293 essentiam
1044 5242 1131 5294 vel
1161 5251 1441 5294 naturam.
1489 5242 1542 5296 Si
1576 5258 1705 5295 vero
1738 5251 1794 5296 et
1822 5244 1959 5297 Ver-

356 5334 479 5387 hutn
516 5349 759 5388 carnem
793 5348 915 5386 esse
960 5334 1012 5385 in
1048 5334 1269 5388 Christo
1302 5334 1564 5395 dixerint,
1598 5334 1736 5388 duas
1765 5336 1958 5404 utique

354 5428 632 5481 essentias
664 5425 827 5479 inviti
854 5425 1195 5479 diversarum
1226 5436 1546 5479 naturarum
1580 5428 1823 5495 ipsorum
1864 5446 1962 5481 no-

357 5518 567 5569 minum
626 5515 956 5569 testimonio
1010 5517 1373 5587 profitentur,
1420 5517 1547 5585 quia
1605 5533 1715 5571 non
1768 5519 1960 5572 eadem

356 5620 477 5662 sunt
504 5607 749 5661 nomina
781 5605 942 5659 Verbi
971 5606 1230 5660 etcarnis
1251 5623 1265 5669 ;
1289 5621 1416 5659 nam
1449 5607 1689 5660 Verbum
1720 5608 1959 5663 Verbum

356 5711 453 5759 (ut,
492 5710 550 5753 et
581 5715 724 5751 caro
762 5711 894 5749 caro
922 5705 1025 5750 cst.
1075 5697 1278 5751 Verum
1320 5698 1449 5766 quia
1484 5699 1678 5752 nolunt
1708 5715 1828 5754 esse
1865 5718 1963 5755 na-

362 5803 531 5845 turam
587 5789 718 5845 sine
773 5802 1030 5856 persona,
1061 5787 1224 5859 546
1254 5791 1447 5857 procul
1482 5790 1651 5845 dubio
1678 5792 1845 5845 etiam
1881 5792 1962 5846 sic

362 5887 674 5941 secundum
728 5885 876 5939 hanc
924 5884 1147 5938 stultam
1207 5892 1262 5937 et
1311 5884 1534 5954 impiam
1583 5886 1961 5941 definitionem

366 5994 529 6045 nam,
562 5977 676 6049 ipsi
713 5977 907 6046 potius
936 5975 1077 6032 duas
1118 5975 1403 6033 invenient
1433 5977 1487 6033 in
1528 5978 1748 6034 Christo
1780 5995 1960 6036 asser-
1994 6050 2016 6057 _

2069 4795 2203 4841 tura:
2229 4802 2392 4856 quam
2419 4802 2485 4840 ex
2514 4785 2785 4839 Trinitate
2826 4794 2883 4839 et
2917 4784 3259 4838 humanitate
3300 4783 3494 4837 factam
3521 4797 3643 4836 esse

2066 4876 2427 4939 contendunt,
2456 4890 2655 4929 nomen
2679 4875 2934 4928 doceant.
2961 4874 3030 4929 At
3048 4873 3093 4927 si
3120 4872 3395 4927 voluerint
3419 4872 3601 4926 dicere

2067 4969 2307 5024 Verbum
2340 4969 2703 5032 incarnatum,
2735 4968 2849 5022 sive
2881 4981 3043 5021 unam
3074 4974 3325 5020 naturam
3352 4964 3447 5019 Dei
3474 4964 3639 5018 Verbi

2067 5062 2427 5123 incarnatam,
2475 5076 2541 5115 eo
2576 5060 2694 5129 ipso
2726 5075 2837 5129 quo
2870 5060 2975 5113 hoc
3005 5058 3216 5122 dicunt,
3266 5058 3403 5111 duas
3450 5054 3641 5125 procul

2067 5153 2235 5208 dubio
2259 5154 2447 5207 dicere
2471 5153 2878 5208 convincuntur
2908 5152 2963 5204 in
2985 5150 3208 5205 Christo
3233 5157 3479 5207 naturas,
3508 5146 3645 5198 dua-

2069 5259 2323 5314 rumque,
2354 5260 2463 5297 non
2499 5243 2662 5296 unius
2706 5241 2927 5295 nomina
2961 5251 3305 5299 naturarum,
3339 5238 3458 5305 ejus
3485 5234 3641 5288 vide-

2068 5341 2216 5403 licet,
2248 5339 2339 5408 qui
2379 5338 2692 5391 incarnatus
2723 5344 2825 5398 est,
2866 5336 2920 5389 id
2961 5344 3047 5389 cst
3076 5333 3241 5388 Verbi
3290 5333 3406 5393 Dei,
3438 5339 3493 5383 et
3523 5330 3643 5399 eius

2068 5448 2188 5502 qua:
2216 5432 2284 5485 ab
2318 5431 2437 5499 ipso
2463 5439 2740 5499 assumpta
2772 5437 2875 5493 est,
2903 5428 2956 5481 id
2990 5436 3093 5491 est,
3126 5425 3328 5479 carnis.
3362 5424 3478 5477 Non
3511 5438 3642 5493 ergo

2069 5522 2173 5575 hoc
2219 5521 2385 5573 unius
2424 5519 2500 5573 rei
2547 5534 2746 5573 nomen
2778 5526 2884 5580 est,
2917 5516 3062 5585 quod
3096 5516 3176 5567 sic
3205 5529 3518 5581 expressam
3566 5514 3642 5566 si-

2067 5612 2473 5683 gnificationem
2500 5611 2734 5666 duarum
2760 5609 3212 5675 diversarumque
3240 5605 3518 5658 unitarum
3542 5604 3644 5661 d0-

2068 5713 2189 5757 ceat
2233 5713 2578 5763 naturarum,
2612 5697 3073 5770 quemadmodum
3113 5711 3237 5749 cum
3284 5696 3511 5761 dicitur,
3540 5696 3646 5750 hu-

2070 5813 2230 5852 mana
2260 5805 2471 5859 natura,
2508 5809 2670 5862 quam
2707 5807 2773 5845 ex
2806 5789 3023 5843 duabus
3056 5804 3151 5843 seu
3194 5788 3398 5858 potius,
3427 5788 3482 5843 in
3514 5789 3650 5844 dua-

2070 5890 2171 5942 bus
2218 5886 2562 5954 diversisque
2612 5883 2843 5946 naturis,
2881 5881 2934 5934 id
2984 5890 3087 5945 est,
3135 5881 3317 5935 carnis
3365 5890 3421 5934 et
3455 5880 3650 5935 animm

2070 5977 2371 6035 subsistere
2424 5992 2587 6031 nemo
2635 5973 2890 6042 dubitat,
2940 5971 3036 6028 sed
3091 5971 3555 6043 quemadmodum
3604 5972 3653 6028 si
