4146 6486
568 492 670 561 115
1816 494 2138 559 JOANNIS
2179 492 2567 555 MAXENTII
3717 481 3821 547 116

562 612 799 677 dicatur,
833 614 1012 668 anima
1063 613 1363 679 incuruata,
1398 612 1513 669 sive
1559 628 1669 668 una
1716 624 1910 667 natura
1940 612 2136 668 animae
2164 622 2209 677 Α
2244 610 2551 679 appelletur
2603 604 3080 677 signiﬁcationem.
3134 602 3414 660 Christum
3469 608 3651 656 autem
3709 615 3823 653 non

564 705 877 767 incarnataa.
908 707 975 760 Et
997 706 1120 762 ideo
1149 722 1350 761 nomen
1377 716 1588 761 natura:
1622 705 1806 772 unius,
1834 720 1956 774 qua:
1994 704 2139 758 divi-
2244 718 2365 760 esse
2393 710 2601 755 natura:
2631 713 2854 759 nomen,
2886 697 2981 751 sed
3010 695 3311 759 unctionis,
3337 702 3394 749 et
3416 708 3482 748 ex
3520 692 3645 757 hoc,
3674 690 3824 762 quod

564 794 774 861 nitatis,
828 807 883 851 et
925 798 1302 862 humanitatis,
1349 813 1663 868 expressam
1718 799 1891 868 possit
1935 797 2141 851 habere
2246 793 2406 848 multi
2432 790 2635 847 Christi
2666 789 2798 844 dicti
2831 798 2959 845 sunt
2988 790 3041 843 in
3068 789 3268 844 Vetere
3296 788 3672 849 Testamento,
3706 799 3824 837 ma-

565 887 1040 956 signiﬁcationem,
1069 888 1270 944 docere
1300 900 1591 960 coguntur.
2246 883 2507 939 nifestum
2548 891 2650 935 est.
2683 879 3031 950 Quapropter
3056 888 3153 933 aut
3180 893 3379 933 nomen
3423 877 3573 931 illius
3614 884 3831 929 natura:

638 978 836 1032 Verum
866 980 912 1033 si
944 980 999 1034 in
1030 990 1242 1036 tantum
1273 982 1640 1052 desipuerint,
1672 997 1783 1052 quo
1812 980 1997 1035 dicant
2021 995 2141 1034 eam
2249 976 2436 1040 unius,
2487 973 2633 1045 quod
2671 973 2739 1028 ab
2785 974 2867 1029 eis
2908 972 3216 1028 rectissime
3264 970 3527 1042 quaaritur
3571 969 3825 1030 doceant,

564 1066 770 1123 Christi
797 1084 919 1124 esse
940 1080 1217 1137 naturam,
1243 1087 1441 1126 rursus
1458 1072 1528 1125 ab
1556 1072 1637 1126 eis
1660 1071 1944 1141 quaeritur,
1968 1069 2147 1139 qualis
2250 1077 2345 1123 aut
2371 1068 2417 1122 si
2450 1066 2557 1122 hoc
2583 1066 2762 1121 facere
2790 1065 3017 1119 minime
3048 1073 3278 1135 possunt
3304 1062 3453 1134 (quia
3486 1060 3713 1116 omnino
3744 1069 3832 1113 est

566 1161 661 1216 illa
692 1163 781 1216 sit.
816 1162 953 1229 Quia
983 1163 1240 1219 Christus
1276 1181 1387 1219 non
1418 1172 1651 1229 naturai,
1687 1163 1782 1218 sed
1813 1162 2147 1233 operationis
2253 1158 2614 1230 impossibile)
2646 1158 2782 1213 duas
2812 1174 2924 1212 non
2954 1166 3102 1223 ante,
3135 1155 3230 1210 sed
3263 1164 3387 1225 post
3414 1153 3828 1216 adunationem,

567 1253 684 1307 sive
712 1253 1040 1320 eﬂicientize,
1070 1254 1123 1309 id
1148 1264 1253 1320 est,
1278 1255 1556 1311 unctionis
1582 1271 1783 1310 nomen
1811 1264 1914 1318 est,
1943 1266 1999 1309 et
2023 1254 2148 1309 ideo
2252 1258 2309 1303 et
2334 1248 2615 1319 deinceps,
2660 1263 2876 1317 semper
2906 1245 3362 1301 indissolubiliter
3392 1250 3698 1305 manentes,
3728 1256 3830 1293 na-

569 1344 754 1400 adhuc
778 1357 1154 1415 coarctantur,
1173 1356 1236 1402 ut
1254 1347 1403 1402 illius
1432 1357 1641 1402 natura:
1664 1346 2153 1418 singularis,quam
2255 1350 2407 1396 turas
2449 1340 2505 1395 in
2548 1356 2657 1394 una
2692 1338 2899 1394 Christi
2950 1352 3209 1408 persona,
3255 1344 3439 1407 spreta
3488 1332 3693 1388 erroris
3742 1331 3832 1385 sui

571 1446 699 1508 post
744 1437 1135 1494 adunationem
1187 1440 1246 1494 in
1287 1438 1507 1495 Christo
1550 1454 1679 1495 esse
1701 1439 1915 1504 volunt,
1956 1453 2157 1493 nomen
2254 1432 2507 1503 caligine,
2544 1430 2789 1502 proﬁteri
2831 1446 2940 1486 non
2981 1438 3247 1494 metuant,
3282 1442 3353 1482 ne
3400 1435 3494 1481 aut
3536 1425 3832 1479 humanam

576 1527 831 1583 doceant.
2257 1534 2471 1582 tantum
2504 1540 2627 1579 cum
2658 1524 2881 1589 Iudaeis,
2913 1532 3009 1580 aut
3036 1522 3277 1577 divinam
3310 1528 3522 1575 tantum
3562 1532 3685 1572 cum
3722 1514 3834 1569 Ma-

650 1618 787 1686 Quia
818 1621 969 1676 nulla
1015 1622 1097 1677 rei
1142 1631 1336 1677 natura
1385 1629 1489 1687 est,
1526 1638 1648 1692 quae
1694 1638 1803 1676 non
1837 1621 2061 1691 proprio
2103 1628 2162 1674 et
2259 1618 2487 1674 nichteis
2523 1614 2868 1679 conﬁtentes,
2904 1615 2973 1669 ab
3008 1614 3169 1667 unica
3196 1622 3253 1667 et
3279 1610 3561 1667 Catholica
3590 1605 3832 1663 damnati

582 1710 847 1783 singulari
903 1714 1125 1769 nomine
1182 1714 1485 1769 secundum
1553 1713 1855 1783 specialem.
1903 1710 2163 1767 videlicet
2260 1719 2437 1765 matre
2466 1707 2731 1769 Ecclesia.
2764 1708 2819 1762 in
2857 1715 3184 1779 perpetuum
3209 1704 3548 1761 crucientur.

591 1892 3821 1933 ψ

1635 2070 2146 2165 JOANNIS
2210 2031 2808 2160 MAXENTH

928 2287 1580 2418 DIALOGI
1676 2282 2316 2417 CONTRA
2416 2282 3520 2415 NESTOBIANOS

1855 2528 1967 2590 AD
2010 2524 2601 2592 THEOPHILUM.

2018 2822 2399 2881 PREFATIO.

651 2941 714 3002 bi
743 2944 807 3002 in
841 2942 950 3000 hoc
978 2942 1179 2998 saeculo
1214 2949 1401 3012 posset
1431 2939 1555 2994 ﬁnis
1585 2955 1706 2996 esse
1746 2937 2041 3004 mendacii,
2074 2946 2326 2994 maneret
2355 2938 2549 3011 utique
2574 2941 2761 3011 quieta
2788 2941 2995 2998 Christi
3024 2943 3291 3011 Ecclesia,
3318 2945 3415 3001 sed
3451 2944 3581 3017 quia
3614 2945 3851 3004 inextri—

583 3036 761 3093 cabil'e
791 3033 1196 3106 quodammodo
1229 3034 1432 3088 malum
1470 3050 1749 3104 nunquam
1781 3033 1986 3089 desinit
2008 3032 2250 3087 humana
2279 3033 2444 3089 corda
2471 3035 2710 3104 pulsare,
2738 3044 2903 3109 atque
2937 3038 3238 3108 inopinatis
3282 3040 3624 3111 argumentis
3680 3040 3854 3099 ﬁdem

585 3129 894 3199 inquietare
928 3127 1277 3189 catholicam,
1310 3142 1538 3182 necesse
1574 3135 1661 3182 est
1692 3128 2060 3183 sectatoribus
2090 3128 2337 3183 veritatis
2372 3128 2671 3198 prudenter
2703 3132 2976 3201 captiosas
3016 3134 3138 3204 ejus
3166 3133 3474 3189 sententias
3516 3137 3853 3204 praevidere.

584 3222 975 3293 sapienterque
1019 3219 1295 3291 detegere,
1332 3222 1685 3291 prolatasque
1729 3221 1785 3275 in
1828 3221 2073 3276 medium
2114 3220 2314 3276 malleo
2340 3221 2590 3276 veritatis
2620 3223 2903 3289 cohibere,
2933 3232 2990 3279 et
3034 3240 3209 3294 usque
3250 3225 3317 3280 ad
3359 3226 3686 3282 effusionem
3717 3245 3854 3285 san-

582 3316 766 3388 guinis
798 3326 993 3370 contra
1031 3330 1124 3370 eas
1154 3331 1254 3386 pro
1297 3315 1533 3370 veritate
1578 3323 1810 3370 certare.
1846 3313 2155 3369 Praesertim
2188 3329 2313 3368 cum
2345 3314 2632 3384 Scriptura
2678 3315 2865 3371 divina
2910 3326 3130 3371 moneat
3156 3325 3215 3371 et
3239 3317 3386 3372 dicat
3417 3334 3430 3371 :
3462 3339 3491 3367 ιι
3519 3320 3597 3374 Ne
3624 3322 3858 3391 confun-

581 3411 729 3464 d’aris
764 3408 908 3479 loqui
940 3410 1154 3464 uerbum
1184 3426 1279 3481 pro
1308 3410 1492 3463 anima
1522 3418 1636 3475 tua,
1672 3418 1720 3463 et
1748 3425 1843 3480 pro
1873 3411 2096 3465 veritate
2124 3417 2268 3462 certa
2295 3427 2458 3481 usque
2479 3410 2549 3465 ad
2577 3420 2799 3466 mortem
2832 3413 2898 3467 ".
2948 3431 2966 3465 ι
3003 3412 3272 3468 Similiter
3304 3422 3361 3468 et
3386 3414 3678 3485 Apostolus
3708 3429 3857 3484 quo-

583 3509 840 3565 rumdam
880 3508 1148 3564 denotans
1192 3507 1548 3563 timiditatem
1581 3524 1594 3560 :
1628 3506 1897 3573 Nondum,
1932 3506 2135 3576 inquit,
2171 3522 2335 3577 usque
2378 3506 2448 3561 ad
2478 3509 2793 3578 sanguinem
2840 3511 3105 3565 restitistis
3152 3511 3399 3565 adversus
3435 3519 3703 3582 peccatum
3734 3528 3860 3566 cer-

583 3612 758 3659 tantes
786 3604 853 3658 '°.
890 3603 1281 3659 Resistendum
1312 3603 1500 3674 igitur,
1530 3617 1635 3659 nec
1663 3603 1889 3656 omnino
1922 3610 2007 3656 est
2034 3601 2371 3670 parcendum
2402 3602 2701 3669 haereticis,
2744 3604 3084 3662 conﬁdentes
3111 3605 3170 3660 in
3208 3605 3301 3661 tali
3331 3604 3551 3677 negotio
3580 3607 3865 3662 sermonis

584 3701 801 3771 c0piam
843 3699 1070 3755 minime
1113 3700 1448 3755 defuturam.
1477 3698 1612 3753 Nam
1647 3699 1692 3752 si
1723 3697 1793 3753 ad
1824 3697 2214 3753 confutandam
2256 3698 2543 3769 prophetae
2586 3700 2961 3771 insipientiam
3002 3716 3065 3757 os
3108 3699 3280 3758 asinae
3306 3701 3523 3773 aperuit
3552 3702 3619 3765 δι,
3647 3708 3866 3770 quanto

584 3795 763 3865 magis
794 3810 891 3851 cor
924 3794 1104 3849 ﬁdelis
1133 3810 1382 3850 reserare
1407 3794 1750 3865 dignabitur,
1791 3802 1851 3849 ut
1887 3792 2227 3864 perﬁdorum
2271 3793 2551 3850 dementia
2590 3794 2942 3851 confutetur?
2964 3796 3311 3868 Quapropter
3338 3795 3597 3867 quoniam
3625 3795 3753 3849 olim
3796 3794 3865 3849 in

586 3888 778 3943 radice
805 3889 1048 3957 pravitas
1080 3889 1405 3944 Nestoriaua
1436 3889 1715 3953 damnata,
1748 3904 1899 3945 nunc
1926 3904 2121 3944 rursus
2148 3889 2392 3945 vivacior
2433 3891 2669 3961 assurgit
2704 3890 3132 3962 quodammodo,
3160 3892 3481 3962 callidisque
3511 3890 3865 3963 syllogismo-

586 3995 712 4035 rum
743 3980 1082 4050 argumentis
1109 3978 1375 4035 adversus
1400 3979 1518 4050 ipsa
1553 3978 1840 4035 catholicas
1882 3977 2009 4034 ﬁdei
2040 3978 2401 4034 fundamenta
2428 3979 2718 4045 dimicans,
2752 3981 2854 4036 sub
2888 3981 3144 4053 religiosa
3173 3980 3621 4052 pronuntiatione
3652 3980 3865 4035 verbo-

587 4089 717 4127 rum
745 4073 1067 4145 religionem
1098 4071 1391 4145 profanare
1424 4072 1729 4135 contendit,
1760 4072 2071 4128 necessario
2101 4072 2335 4138 credidi,
2371 4074 2447 4128 mi
2481 4074 2809 4145 Theophile,
2844 4076 2953 4131 tuis
2993 4076 3216 4147 adjutus
3244 4076 3526 4146 precibus,
3555 4075 3865 4143 occultum,

584 4179 647 4226 et
676 4170 778 4227 sub
808 4169 997 4225 verbis
1036 4169 1337 4227 Catholicis
1378 4169 1668 4233 latentem,
1696 4183 1891 4223 eorum
1926 4168 2154 4239 impium
2190 4168 2429 4239 prodere
2479 4168 2847 4236 intellectum,
2879 4180 3153 4241 quatenus
3182 4171 3435 4228 detectus
3477 4180 3533 4226 et
3561 4172 3867 4227 denotatus

587 4266 686 4324 ﬁat
713 4267 930 4323 cunctis
952 4268 1158 4338 ubique
1185 4267 1531 4339 perspicuus.
1568 4264 1748 4337 Agens
1776 4265 1939 4322 simul
1972 4266 2139 4320 etiam
2171 4274 2362 4322 contra
2394 4282 2510 4329 eos,
2538 4268 2632 4338 qui
2668 4268 2799 4323 licet
2823 4266 3107 4323 Christum
3133 4268 3429 4323 Dominum
3461 4268 3864 4333 conﬁteantur,

588 4372 774 4418 tamen
818 4362 1005 4418 nescio
1048 4378 1157 4433 qua
1208 4376 1401 4416 rursus
1449 4359 1662 4415 inducti
1711 4359 2096 4431 perversitate,
2131 4359 2413 4416 declinant
2463 4377 2592 4416 eum
2640 4376 2811 4415 unum
2848 4362 3098 4417 conﬁteri
3146 4378 3215 4417 ex
3247 4370 3437 4416 sancta
3483 4369 3540 4415 et
3569 4358 3867 4415 individua

588 4454 886 4510 Trinitate.
920 4454 1077 4521 Quod
1122 4455 1377 4511 nolentes
1412 4469 1695 4519 asserere,
1728 4454 1854 4524 quis
1895 4467 1993 4509 eos
2038 4468 2151 4509 non
2186 4453 2455 4526 intelligat
2486 4455 2609 4510 aliis
2654 4453 2842 4509 verbis
2888 4453 3129 4532 idipsum
3179 4468 3383 4524 negare
3426 4452 3574 4523 quod
3625 4452 3865 4534 dicunt,

588 4545 841 4617 nihilque
867 4547 1016 4602 aliud
1049 4546 1335 4606 Christum
1362 4548 1468 4603 nisi
1499 4555 1823 4603 extraneum
1849 4562 1880 4601 a
1909 4546 2181 4601 Trinitate
2204 4553 2262 4601 et
2284 4546 2440 4617 juxta
2477 4546 2733 4611 Arianos,
2768 4545 2995 4601 credere
3038 4546 3205 4616 impie
3234 4545 3591 4601 creaturam?
3621 4543 3677 4598 Si
3706 4542 3867 4598 enim

588 4656 757 4695 verus
780 4649 865 4696 est
891 4641 1036 4696 Deus
1078 4641 1223 4697 sicut
1267 4647 1374 4706 est,
1418 4648 1515 4695 aut
1547 4640 1789 4695 Trinitas
1829 4650 1935 4709 est,
1981 4651 2077 4695 aut
2105 4656 2249 4695 unus
2286 4656 2353 4696 ex
2389 4641 2682 4696 Trinitate.
2720 4639 2826 4695 Sed
2858 4640 2988 4710 quia
3021 4650 3188 4695 totam
3218 4641 3544 4695 Trinitatem
3573 4638 3868 4693 Christum

589 4732 821 4788 credere
847 4733 1193 4804 sacrilegium
1219 4744 1323 4799 est,
1352 4743 1524 4791 restat
1553 4744 1613 4790 ut
1637 4752 1780 4791 unus
1805 4736 1877 4791 sit
1903 4737 2048 4791 Deus
2074 4736 2328 4792 Christus
2354 4752 2421 4791 ex
2450 4736 2743 4791 Trinitate.
2769 4736 2885 4791 Nisi
2916 4737 3058 4791 forte
3089 4738 3260 4792 alium
3289 4752 3416 4792 eum
3445 4735 3621 4789 Deum
3652 4742 3871 4803 praeter

588 4823 917 4879 Trinitatem
941 4841 1062 4881 esse
1084 4828 1443 4893 contendant,
1465 4828 1615 4899 quod
1644 4845 1755 4884 non
1780 4828 2212 4894 Catholicorum,
2238 4829 2335 4887 sed
2366 4831 2789 4887 Manichaaorum
2820 4839 2908 4885 est
2941 4830 3253 4901 proprium,
3284 4828 3379 4899 qui
3411 4828 3552 4882 duos
3578 4826 3713 4907 deos
3749 4826 3868 4881 sibi

589 4914 899 4970 contrarios
947 4916 1323 4973 introducunt.
1367 4918 1582 4974 Placuit
1623 4919 1791 4990 igitur
1839 4920 1942 4975 sub
1987 4936 2222 4991 persona
2272 4922 2667 4993 interrogantis
2715 4921 2982 4985 haeretici,
3033 4930 3091 4975 et
3126 4920 3383 4975 catholici
3430 4917 3869 4988 respondentis,

590 5008 868 5079 explicare
916 5009 1081 5081 hujus
1130 5019 1335 5067 nostra:
1376 5010 1766 5081 disputationis
1814 5015 2165 5083 opusculum,
2217 5031 2331 5086 quo
2382 5016 2601 5074 facilius
2648 5014 3029 5087 objectionum
3080 5013 3356 5069 absolutio
3399 5011 3706 5084 legentibus
3736 5009 3871 5063 elu-

593 5113 797 5158 CCSCGL

669 5224 715 5255 "’
747 5224 916 5279 Eccli.
950 5241 1024 5290 IV,
1054 5224 1142 5278 55.
1220 5224 1266 5257 ⁵⁸
1301 5223 1469 5278 llebr.
1506 5239 1601 5287 xu,
1637 5224 1689 5277 4.
1774 5226 1817 5257 δι
1853 5223 2019 5279 Num.
2058 5242 2187 5292 χχιι,
2218 5225 2311 5284 28.

605 5372 3826 5410 mw

1784 5510 2139 5601 LIBER
2220 5512 2711 5602 PRIMUS.

982 5744 1323 5803 CAPITULA
1362 5746 1544 5803 LIBRI
1583 5747 1793 5803 PRIMI.
2284 5754 2349 5810 Il.
2383 5750 2534 5816 Quod
2567 5750 2851 5805 Theotocon
2880 5749 3113 5802 Itan-elici
3141 5746 3349 5801 beat-am
3379 5746 3640 5818 Virginem
3667 5745 3743 5800 ita
3777 5745 3875 5815 fa-

607 5838 648 5897 l.
700 5836 773 5890 De
824 5837 976 5891 modo
1013 5839 1384 5910 appellationis
1435 5839 1729 5907 Tlteotocaz,
1790 5841 1881 5896 hoc
1925 5849 2033 5907 est,
2080 5841 2180 5898 Dei
2355 5852 2589 5907 teantur,
2624 5860 2725 5897 non
2782 5843 2905 5911 quia
2947 5841 3115 5895 Deum
3166 5839 3456 5895 secundum
3505 5854 3740 5905 carnem,
3770 5840 3875 5894 ω

679 5934 968 5993 Genitricis.
1386 6000 1409 6003 η
2353 5938 2479 6007 quia
2509 5937 2772 5990 hominem
2802 5933 2912 5988 Deo
2944 5935 3147 5989 unitum
3179 5933 3440 6004 genuerit.
