2073 3222
155 213 203 243 1ιῖ
208 219 215 224 “

601 215 700 246 DlAL.
718 215 869 247 CONTRA
884 215 1160 249 NESTORIANOS.
1180 229 1215 234 -·
1235 217 1347 248 LIBJ.

1747 213 1797 246 118

159 266 204 296 ιιι.
221 265 422 300 Qud-itit“!!!
442 268 507 296 dari
528 269 585 297 Deo
605 270 686 298 Verbo
707 279 740 298 ea:
764 272 864 306 femina
879 271 961 299 stulte
975 273 998 301 Α
1012 271 1056 300 IX.
1072 272 1148 305 Quod
1162 273 1209 300 hoc
1223 277 1328 300 tantum
1347 272 1447 298 distare
1465 280 1481 298 ιι
1505 270 1645 309 Ρνορὴειὶξ
1665 270 1797 298 Christum

195 313 403 348 Mr,
416 315 459 342 Itis
473 316 521 351 qui
536 324 598 344 uere
611 322 637 345 et
652 318 758 353 proprie
771 317 856 345 Deum
867 326 960 345 secun—

194 360 256 387 dum
266 367 378 388 eorum
393 365 492 388 natum
507 370 540 389 ea:
553 363 652 398 femina
669 363 837 398 conﬁtentur.

161 403 202 432 IV.
217 402 294 438 Quod
303 404 406 433 callide
419 411 446 434 et
459 415 584 443 peruerse
597 416 657 436 eam
674 414 790 437 matrem
804 410 959 438 humanita-

191 451 226 478 tis
246 450 400 487 afﬁrmant.

158 495 189 523 Ἰ.
204 495 282 530 Quod
305 505 339 525 es
361 496 419 525 illis
442 499 601 535 euangelicis
617 501 720 528 uocibus
736 509 796 537 qua:
814 502 850 530 ad
863 503 959 539 Ioseph

188 540 326 578 Sputum
339 548 444 572 sancta
455 543 571 581 Virginis
580 546 658 581 [actia
668 546 865 583 leguntur,.non
875 548 959 575 Deum

189 587 290 622 forte.
313 589 464 617 secundum
486 589 647 627 Prophetam
668 592 703 625 ",
721 593 767 620 sed
783 602 882 629 purum
897 599 958 621 tan-

187 637 260 668 tum,
274 634 324 670 qui
336 639 449 672 propter
462 644 535 670 um,
549 638 593 665 cui
606 639 678 666 uniri
693 640 799 672 meruit,
819 640 888 667 Deus
904 641 959 675 for-

186 680 226 708 88
241 679 362 714 ἀίσσων,
378 681 427 709 sed
442 681 544 717 femina
561 691 654 712 natum
675 690 803 712 conentur
827 691 957 714 astruere.

156 726 200 756 ﬂ.
223 725 308 764 ἰτ
323 727 365 755 De
377 736 410 756 eo
425 729 496 764 quod
510 731 642 766 scriptum
664 735 727 758 est:
739 741 748 758 ι
765 731 842 764 Quod
860 737 955 759 natum

188 778 234 801 at
246 773 282 802 de
296 781 390 807 carne.
400 783 465 803 caro
483 780 542 804 est:
559 777 631 810 quod
649 783 743 805 natum
763 783 802 806 est
818 779 851 807 de
863 779 959 815 spiritu

186 820 407 855 What".
427 831 438 848 ι

158 866 213 895 ΠΙ.
222 865 266 894 οε
272 875 305 895 eo
311 867 384 904 quod
395 876 449 896 non
459 868 548 897 Deum
560 869 671 905 factum,
680 871 726 899 sed
733 871 868 900 Christum
875 874 959 902 Deum

190 913 300 949 factu
312 914 414 943 callide
430 915 562 952 fatentur.

155 959 227 989 πυ.
244 959 325 994 Qui
354 970 409 990 non
425 950 541 996 natura,
561 963 610 990 sed
633 964 764 1000 dignitate
793 969 819 992 et
838 967 958 994 unitione
975 950 996 978 Β

189 1004 282 1034 θαι
292 1006 376 1035 stulto
398 1013 523 1036 merant
539 1007 674 1036 Christum
690 1018 699 1037 :
714 1010 745 1037 ob
757 1010 785 1037 id
806 1012 878 1046 quod
890 1013 958 1039 scri-

189 1055 272 1088 ptu.
281 1057 323 1080 est
335 1053 366 1080 in
381 1053 489 1081 Actibus
505 1054 706 1089 Apostolorum,
733 1055 814 1083 Petro
830 1057 865 1083 ad
893 1056 960 1085 Cor-

191 1097 298 1126 nelia.
309 1099 415 1127 dicente
426 1100 441 1127 Ξ
451 1099 523 1133 Quia
536 1100 609 1129 Deus
619 1106 677 1128 erat
689 1110 749 1129 eum
760 1101 808 1129 illo
825 1103 858 1129 ".

1045 320 1125 355 impie
1139 320 1286 355 fateantur.
1307 320 1352 355 qui
1361 327 1413 346 non
1426 319 1460 346 sit
1477 323 1555 345 natus
1569 325 1601 345 es:
1616 319 1714 345 semine
1736 319 1795 350 uiri.

1045 368 1164 402 quamvis
1191 375 1243 394 non
1262 370 1320 402 post
1345 367 1594 401 conformationem,
1622 365 1667 392 sed
1694 365 1722 392 in
1738 366 1794 400 ipsa

1045 414 1264 449 conformatione,
1274 412 1377 441 Christo
1384 416 1473 439 tamen
1481 412 1565 439 Deum
1574 411 1685 439 Verbum
1692 411 1805 439 unitumr‘

1043 460 1133 495 inique
1145 459 1315 486 contendant.

1009 506 1042 534 X.
1063 505 1138 539 Quod
1152 506 1219 532 sicut
1234 505 1300 532 duas
1312 508 1435 536 naturas,
1448 504 1487 531 ita
1497 506 1524 530 et
1535 503 1726 530 'subsistentias
1745 502 1796 529 sive

1044 560 1172 587 personas
1187 552 1216 578 in
1231 550 1334 578 Christo
1350 551 1498 585 fateantur.

1010 598 1055 626 XI.
1069 598 1145 631 Quod
1162 601 1326 632 assumptum
1339 605 1355 623 a
1368 595 1434 628 Deo,
1446 603 1499 622 non
1508 594 1593 621 Deum
1606 594 1706 629 factum
1715 594 1796 620 homi-

1044 652 1104 670 nem
1115 651 1234 679 peruerse
1243 646 1376 675 asserunt,
1386 645 1410 668 et
1426 641 1496 676 quod
1504 642 1591 676 ipsum
1604 640 1735 674 deﬁniant
1749 648 1796 666 na-

1045 694 1135 717 turam
1143 697 1199 717 esse
1209 688 1278 725 quod
1296 696 1411 724 persona
1426 691 1475 715 est.

1009 736 1068 764 ΧΠ.
1090 736 1166 770 Quod
1185 736 1242 763 alia
1257 740 1320 763 sunt
1335 736 1444 771 propria
1462 735 1571 762 nomina
1590 738 1750 761 naturarum
1774 739 1797 761 et

1010 790 1206 818 personaeque!
1221 781 1324 809 nullam
1337 782 1436 817 faciant
1448 781 1630 816 quwstionem,
1654 780 1710 807 alia
1729 788 1796 806 com-

1045 830 1138 856 munia
1153 837 1212 864 qua:
1224 829 1252 855 in
1264 828 1435 863 quaestionem
1449 827 1568 853 ueniant.

1010 875 1082 903 Xlll.
1103 874 1172 907 Quid
1193 875 1263 901 inter
1279 877 1392 901 naturas
1417 873 1585 908 distetatque
1607 880 1747 908 personam
1776 872 1806 898 et

1046 922 1116 957 quod
1125 929 1177 948 non
1192 921 1277 948 omnis
1289 921 1323 947 sit
1340 923 1439 946 natura
1454 927 1581 954 persona.

1009 968 1078 996 XIV.
1092 967 1168 1000 Quod
1187 971 1213 993 et
1234 966 1318 993 Deum
1336 966 1434 1001 factum
1453 965 1595 996 hominm,
1620 966 1645 990 et
1658 969 1802 991 secunattm

1044 1014 1210 1041 nativitatem
1224 1011 1272 1039 Dei
1286 1011 1361 1039 Verbi
1376 1012 1458 1047 juxta
1477 1018 1585 1038 carnem
1607 1010 1722 1037 lieretioi
1746 1015 1800 1036 cro-

1045 1060 1107 1087 dere
1125 1058 1302 1086 detestantur.

824 1217 1149 1246 INTERLOCUTORES.

688 1272 992 1310 NESTORIANUS,
1017 1272 1290 1306 CATHOLICUS.

418 1331 534 1361 CAPUT
549 1333 697 1363 PRIMUM.
721 1367 723 1369 ι

193 1377 454 1407 κεετοιιιΑΝυε.
488 1379 564 1407 Olim
584 1383 612 1407 te
633 1385 794 1407 nostrorum
820 1380 960 1408 dictorum

162 1423 283 1452 audiens
305 1423 503 1452 infamatorem
525 1425 627 1461 stepius
654 1425 824 1453 incitabatur
841 1426 961 1458 animus,

157 1475 256 1498 tecum
280 1469 319 1498 de
349 1470 453 1499 divinae
485 1471 703 1506 dispensationis
729 1473 895 1507 conquirere
921 1481 964 1500 sa-

159 1522 320 1546 mneuto.
349 1517 433 1546 Nunc
462 1525 530 1546 vero
556 1523 716 1553 opportuno
744 1518 807 1546 loco
838 1522 867 1546 et
892 1523 963 1546 tem-

159 1569 230 1598 pore
244 1567 295 1590 tua
315 1562 400 1590 nobis
413 1570 430 1590 a
442 1562 501 1591 Deo
525 1563 628 1590 donata
643 1563 805 1598 praesentia,
818 1562 898 1590 valde
914 1563 964 1590 de-

1013 1336 1148 1370 scriptum
1172 1336 1225 1372 est)
1240 1335 1368 1363 hilariter
1388 1336 1447 1370 ipsa
1471 1334 1574 1363 veritas
1588 1334 1726 1366 intimare,
1741 1341 1804 1361 cum

1014 1381 1048 1408 ad
1061 1381 1300 1417 investigationem
1323 1381 1366 1409 sui
1377 1380 1582 1416 disputantium
1602 1384 1710 1407 mentes
1738 1379 1802 1406 sim-

1016 1428 1080 1463 plici
1109 1428 1211 1456 viderit
1239 1428 1396 1456 intentione
1421 1427 1599 1463 pertendere.
1630 1427 1690 1454 Erit
1723 1426 1803 1462 igitur

1015 1475 1113 1509 procul
1130 1475 1216 1503 dubio
1232 1479 1335 1502 nostrae
1349 1474 1547 1509 disputationis
1560 1474 1720 1501 fructuosus
1733 1473 1805 1506 linis,

1017 1521 1039 1549 si
1063 1521 1146 1549 modo
1172 1521 1279 1549 furiosa
1310 1521 1453 1549 contentio
1479 1521 1677 1548 submoveatur
1706 1526 1721 1546 e
1751 1525 1805 1546 me—

1018 1566 1074 1593 dio.

159 1597 270 1642 uidero,
283 1613 318 1638 ut
327 1614 497 1645 pruentem
508 1617 617 1645 arguas,
630 1597 675 1637 cui
688 1609 796 1637 absenti
805 1616 859 1637 non
873 1608 966 1644 quies-
979 1597 1004 1629 α
1052 1612 1085 1640 Ν.
1104 1612 1163 1640 Mea
1176 1616 1251 1640 certe
1264 1612 1323 1640 hac
1338 1616 1382 1639 est
1393 1603 1508 1639 omnino
1523 1610 1642 1638 intentio
1652 1630 1659 1642 ,
1675 1609 1699 1636 si
1717 1613 1805 1636 tamen

158 1656 206 1686 eis
219 1656 389 1685 detrahere.

195 1702 433 1732 CATIIOLICUS.
450 1702 506 1737 Qui
520 1710 551 1731 se
565 1710 622 1730 non
637 1702 786 1735 mendacii,
800 1701 850 1730 sed
863 1702 966 1729 verita—

159 1749 200 1779 ιδ
214 1749 338 1779 exhibet
349 1754 530 1783 sectatorem,
543 1749 638 1777 nullus
651 1753 779 1777 movetur
795 1748 967 1776 mussitatio-

159 1795 251 1824 ,ἣν
265 1795 466 1831 querulorum.
486 1794 573 1831 Cujus
583 1799 677 1823 autem
689 1795 800 1823 animus
813 1795 849 1823 de
863 1802 913 1822 sua
925 1798 968 1822 est

160 1839 288 1870 ωιιω
301 1841 446 1874 conscius,
460 1840 528 1869 licet
536 1848 620 1868 nemo
640 1840 675 1868 de
689 1848 723 1868 eo
745 1846 890 1876 queratur,
907 1848 968 1867 sus-

161 1886 310 1923 .lduluuu
325 1890 421 1914 tamen
436 1885 559 1914 stimulis
572 1886 747 1922 inquietatur
760 1886 883 1914 assidue.
892 1885 967 1913 Nihil

160 1937 262 1962 aulo.
287 1931 481 1969 prudentibus
506 1931 611 1965 aufert,
641 1931 698 1960 imo
724 1932 818 1968 potius
846 1931 965 1963 confert,

160 1977 287 2008 nenda!
299 1977 448 2006 iulamatio
462 1977 673 2015 malevolorum.
692 1977 722 2005 Si
739 1978 814 2005 enim
828 1977 968 2004 veraciter

158 2024 230 2061 εὐ
239 2023 280 2053 de
296 2023 404 2053 talibus
421 2023 651 2060 reprehenditur,
667 2022 851 2059 corrigendus
862 2026 920 2055 est,
931 2030 967 2050 ne

158 2070 520 2107 IlluriIIIeprehendant,
531 2071 555 2099 si
565 2071 750 2104 mendaciter,
760 2070 966 2098 condemnandi

157 2121 232 2147 ια
242 2117 343 2154 potius
355 2121 387 2145 et
397 2116 521 2145 delendi.
534 2116 711 2153 Quapropter
721 2117 756 2150 si,
771 2120 803 2144 ut
814 2117 873 2152 ipse
890 2116 967 2144 aesti-

157 2170 244 2196 -κ,
268 2165 387 2192 tuarum
415 2170 479 2190 sum
506 2170 558 2198 ego
585 2162 733 2191 infamator
759 2163 965 2194 assertionum,

157 2216 311 2246 quiue
331 2208 408 2237 sicut
423 2209 602 2242 desiderasti,
625 2213 655 2236 et
671 2213 698 2237 te
724 2213 890 2236 sectatorem
917 2216 965 2235 ve-

1018 1662 1047 1685 et
1060 1662 1089 1684 tu
1105 1656 1214 1692 placido
1223 1656 1315 1683 animo
1327 1656 1396 1684 meis
1411 1654 1677 1690 interrogationibus
1691 1653 1804 1688 dignum

1019 1702 1131 1730 duxeris
1147 1702 1328 1737 respondere.

1052 1748 1082 1777 C.
1095 1748 1173 1776 Move
1189 1747 1263 1782 quod
1276 1748 1328 1781 vis,
1348 1752 1379 1775 ut
1388 1748 1444 1783 jam
1460 1746 1603 1774 videamus
1615 1754 1647 1775 ea
1660 1754 1721 1782 qua:
1736 1754 1751 1774 a
1764 1755 1804 1775 :ne

1019 1796 1091 1823 scire
1105 1795 1258 1822 desideres.

1052 1840 1085 1868 N.
1109 1840 1178 1868 Volo
1207 1840 1309 1875 igitur,
1334 1845 1363 1867 ut
1387 1840 1455 1866 mihi
1480 1840 1593 1874 planum
1619 1839 1714 1872 facias,
1741 1847 1810 1875 quo.

1019 1895 1082 1915 nam
1095 1887 1177 1915 modo
1187 1895 1202 1914 a
1210 1887 1288 1914 vobis
1299 1886 1379 1914 beata
1389 1886 1471 1921 Virgo
1483 1886 1805 1922 appellatur'l'heotocosI

1019 1933 1071 1961 hoc
1083 1937 1135 1965 est,
1155 1932 1204 1960 Dei
1218 1931 1355 1964 Genitrix,
1372 1940 1455 1966 quam
1471 1936 1579 1960 constat
1604 1931 1733 1967 genuisse
1746 1932 1806 1959 Ern.

1018 1980 1184 2007 manuelem.

1052 2025 1083 2053 C.
1104 2025 1164 2060 Ipsa
1194 2033 1309 2060 prorsus
1328 2030 1381 2053 tua:
1407 2024 1635 2061 interrogationis
1659 2025 1806 2061 principia,

1018 2071 1089 2099 duos
1100 2075 1126 2098 te
1143 2070 1215 2098 ﬁlios
1225 2071 1341 2099 credere
1357 2071 1544 2098 manifestam.

1050 2117 1085 2145 N.
1098 2117 1171 2149 Noli,
1190 2124 1284 2152 quaeso
1306 2121 1343 2149 te,
1357 2121 1505 2152 antequam
1528 2124 1653 2145 meorum
1671 2117 1806 2145 dictorum
1814 2134 1821 2142 τι

1018 2163 1154 2200 rationem
1170 2163 1318 2199 diligenter
1335 2163 1481 2197 discutias,
1494 2163 1676 2191 calumniosis
1692 2170 1736 2191 me
1756 2163 1798 2190 im-

1018 2214 1114 2246 petere
1131 2210 1258 2237 vocibus.

157 2253 260 2283 lilii.
271 2253 438 2286 ostendens.
455 2261 500 2281 me
514 2258 594 2281 tuum
611 2253 791 2282 falsissimum
808 2257 875 2281 nota
885 2259 968 2280 που·
985 2266 1008 2294 ι)
1057 2256 1088 2284 C.
1102 2256 1189 2283 Nemo
1203 2260 1278 2283 recte
1307 2255 1360 2283 sibi
1376 2255 1471 2282 inferri
1492 2254 1658 2282 calumniam
1682 2254 1806 2291 queritur

197 2345 235 2375 1.
254 2345 474 2381 Relinquentes,
503 2346 526 2374 si
542 2345 644 2382 placet,
659 2345 722 2379 ista.
739 2353 773 2373 ea
791 2345 968 2381 proferamus

160 2391 350 2421 discutienda
361 2391 392 2419 in
407 2391 541 2426 medium,
557 2400 619 2428 quae
631 2392 826 2428 unusquisque
841 2398 969 2421 nostrum

159 2437 291 2474 simplici
317 2441 425 2470 mente,
447 2437 601 2472 Cathplicis
615 2438 725 2474 judicat
737 2439 888 2467 convenire
902 2439 971 2475 dog-

158 2484 306 2518 matibus,
319 2491 358 2512 ne
370 2484 401 2512 in
413 2483 460 2512 his
470 2492 533 2519 qua:
543 2483 578 2512 ad
590 2491 650 2512 rem
666 2492 722 2512 non
739 2485 881 2520 pertinent
898 2490 969 2513 tem-

157 2539 219 2568 pus
228 2530 386 2559 videamur
402 2530 578 2566 expendisse.

196 2577 233 2606 ο.
245 2576 398 2613 Optimum
408 2577 523 2613 quidem
534 2578 603 2606 mihi
612 2582 642 2606 et
651 2578 736 2606 nimis
745 2583 867 2613 gratum,
877 2587 970 2607 semo-

158 2623 202 2652 ιίσ
209 2622 358 2652 eunvicils
372 2630 484 2658 semper
494 2623 530 2651 de
538 2623 658 2652 veritate
672 2624 852 2659 conquirere.

198 2667 237 2696 ﬂ.
247 2667 352 2696 Solent
367 2667 477 2703 iniuriae
489 2668 545 2696 illis
558 2672 692 2704 praestare
712 2668 888 2703 suifragium,
907 2668 971 2703 qui—

160 2712 219 2742 bus
234 2711 370 2741 studium
391 2716 436 2740 est
451 2720 511 2741 non
527 2712 563 2741 de
579 2713 710 2747 veritate,
725 2715 775 2742 sed
800 2714 835 2742 de
859 2714 971 2749 propria

159 2759 283 2797 gloriari
296 2758 430 2787 victoria.
446 2759 477 2787 In
491 2759 536 2787 bis
547 2764 652 2793 autem,
669 2760 717 2795 qui
741 2763 798 2788 tota
815 2759 971 2788 intentione

160 2805 290 2842 nium
302 2804 342 2833 de
357 2809 502 2840 comperta
523 2805 641 2842 veritate
660 2806 792 2842 gaudere,
803 2806 895 2834 locum
912 2809 971 2834 haec

161 2851 285 2892 μεως
294 2858 356 2879 non
369 2851 485 2880 habent.

173 2916 179 2921 ε
194 2896 348 2934 (LM
359 2897 433 2926 solet
443 2897 474 2925 in
489 2896 711 2933 disputationum
721 2897 875 2927 semitis'se
889 2899 972 2935 (sicut

1021 2309 1104 2337 quem
1119 2308 1173 2328 non
1189 2300 1288 2333 aliena,
1303 2299 1351 2327 sed
1366 2307 1414 2327 sua
1436 2300 1529 2335 potius
1559 2299 1738 2335 redarguunt.
1758 2299 1803 2326 Ve.

1021 2354 1083 2373 rum
1097 2346 1120 2373 si
1130 2353 1181 2381 ego
1196 2344 1425 2380 interrogationis
1444 2349 1498 2372 tua:
1509 2345 1676 2372 sententiam
1695 2344 1808 2372 minime

1021 2392 1176 2427 intelligere
1189 2390 1279 2426 potui,
1292 2391 1394 2426 deputo
1407 2391 1460 2418 hoc
1482 2390 1639 2425 imperitiae,
1658 2390 1810 2418 dummodo

1021 2441 1051 2464 tu
1062 2437 1181 2464 lucidius
1191 2436 1329 2472 explices,
1344 2436 1391 2471 qui
1410 2436 1522 2464 modum
1540 2436 1575 2464 de
1589 2436 1736 2464 Theotocse
1759 2443 1811 2471 ap-

1022 2483 1170 2518 pellatione
1196 2483 1308 2518 planum
1337 2483 1387 2510 tibi
1415 2483 1474 2510 ﬁeri
1499 2482 1626 2519 ﬂagitans
1653 2483 1820 2517 subjecisti,

1021 2536 1103 2563 quam
1119 2532 1226 2556 constat
1241 2529 1371 2563 genuisse
1381 2528 1601 2556 Emmanuelem.
1622 2528 1650 2556 Si
1662 2529 1736 2556 enim
1749 2535 1807 2554 mo-

1021 2573 1087 2601 dum
1101 2574 1299 2609 'appellatienis
1326 2573 1475 2602 Theotocaa
1496 2574 1698 2609 perquirentes,
1725 2572 1809 2600 etiam

1021 2620 1238 2652 Emmanuelem,
1250 2627 1332 2655 quem
1355 2624 1451 2648 natum
1465 2620 1558 2647 dixisti
1573 2627 1607 2647 ex
1615 2618 1739 2653 Virgine,
1760 2618 1823 2647 Dei.

1021 2665 1121 2693 Filium
1137 2666 1277 2699 crederes,
1292 2666 1431 2694 sufficeret
1454 2667 1558 2697 dicere,
1582 2672 1703 2699 quonam
1728 2657 1823 2691 modn'

1021 2712 1177 2740 Theotocos
1188 2713 1266 2740 beata
1275 2712 1357 2749 Virgo
1367 2713 1522 2748 appelletur
1530 2720 1546 2738 a
1555 2710 1808 2745 vobis.Adjiciendo

1022 2763 1125 2791 autem,
1146 2767 1229 2794 quam
1252 2763 1360 2786 constat
1373 2759 1504 2794 genuisse
1520 2756 1739 2789 Emmanuelem,
1762 2756 1803 2787 do.

1021 2805 1115 2838 euisti,
1134 2805 1206 2832 sicut
1220 2805 1302 2833 datur
1317 2805 1447 2840 intelligi,
1469 2801 1676 2831 Emmanuelem
1704 2810 1760 2831 non
1783 2808 1809 2832 te

1022 2851 1122 2880 Filium
1135 2852 1183 2878 Dei
1194 2850 1321 2879 credere.

1057 2897 1091 2926 N.
1110 2897 1256 2933 Nunquam
1277 2905 1347 2933 cgo,_
1368 2900 1402 2926 ut
1421 2901 1456 2928 tu.
1466 2896 1578 2931 asseris,
1601 2896 1808 2925 Emmanuelem

149 2963 155 2969 '
199 2954 322 2985 σιω.
335 2955 469 2993 Μή.
506 2956 530 2998 _”
541 2955 621 2986 Joan.
648 2965 688 2991 ιιι,
700 2957 727 2986 6.
765 2958 788 2975 ἰ
803 2957 865 2986 Act.
884 2965 910 2991 κ,
932 2957 943 2986 1
973 2964 1050 2991 seqq.
