4146 6448
552 434 653 498 119

1788 430 2106 493 ΙΟΑΝΝἸΞ
2143 430 2523 491 ΜΑΧΕΝΤΙῙ

3704 420 3807 485 120

549 550 654 604 nisi
684 548 883 605 Filium
902 549 998 605 Dei
1022 546 1258 609 credidi,
1276 545 1370 600 sed
1392 546 1532 601 seire
1551 544 1716 615 cupio
1728 545 1973 608 modum,
1998 559 2135 613 qua-
2161 550 2208 604 Α
2236 560 2400 600 causa
2432 562 2559 601 vere
2580 557 2637 601 et
2653 546 2877 617 proprie
2897 561 3021 602 esse
3033 541 3459 614 creditursu
3473 540 3808 596 Theotocos.

547 638 674 694 liter
708 638 1015 694 'l'heotoeos
1045 638 1203 692 beata
1230 636 1394 707 Virgo
1416 636 1723 706 appelletur
1758 650 1789 689 a
1821 635 1997 689 vobis.

2291 639 2357 693 N.
2409 639 2465 694 Si
2522 642 2696 695 Deum
2741 650 2938 695 natura
2986 638 3181 710 genuit
3210 638 3373 692 beata
3402 636 3573 705 Virgo
3612 634 3807 699 Maria,

619 730 680 787 δ·
737 730 793 785 Si
841 728 1186 793 Emmanuel:
1229 743 1394 797 quem
1432 735 1675 781 Μῑυηὶθ
1713 726 1874 780 δείλη
1894 723 2118 793 Virgine
2216 728 2328 798 jam
2362 746 2472 784 non
2494 732 2699 795 carnis,
2736 731 2833 785 sed
2863 741 2949 786 est
2984 731 3224 801 genitrix
3250 728 3559 784 divinitatis
3585 738 3642 782 et
3664 743 3803 797 quo-

551 820 859 883 conﬁteris,
887 817 1215 882 FiliusiDeia
1247 824 1530 885 tesemper
1548 822 1633 868 est
1656 813 1922 876 creditus,
1949 811 2122 865 Filius

552 923 734 967 autem
768 912 863 965 Dei
895 925 1005 964 non
1030 918 1115 963 est
1139 909 1245 964 nisi
1274 908 1441 973 Deus,
1463 915 1613 961 recte
1636 906 1863 961 omnino
1888 920 1920 958 a
1958 902 2123 958 nobis

552 1005 710 1058 beata
740 1003 907 1072 Virgo
933 1000 1183 1056 creditur
1212 999 1548 1054 Theotocos.

624 1093 689 1146 N.
714 1091 838 1146 Cito
856 1090 1152 1161 proposita
1173 1089 1492 1159 quastionis
1514 1086 1787 1142 rationem
1814 1096 1867 1140 te
1884 1083 2123 1139 aestimas

553 1184 879 1253 cxplicasse,
932 1184 1091 1253 quasi
1142 1198 1254 1236 non
1285 1182 1397 1236 sint
1440 1179 1693 1244 ulterius,
1724 1193 1845 1248 qua
1905 1176 1975 1230 de
2022 1175 2127 1229 hac

554 1276 865 1345 quastione
898 1281 1243 1345 quarantur.

625 1366 686 1422 C.
718 1367 819 1422 Dic
840 1382 958 1438 age,
996 1365 1132 1436 quid
1154 1365 1257 1429 vis,
1302 1379 1405 1419 nec
1433 1363 1572 1417 ullas
1598 1359 1880 1415 dilationis
1901 1355 2129 1427 patiaris

556 1458 858 1529 angustias.

627 1550 695 1605 N.
748 1548 1009 1616 Quamvis
1060 1548 1381 1603 Theotoeon
1423 1546 1639 1600 beatam
1676 1542 1954 1613 Virginem
1994 1555 2131 1596 con-

560 1642 704 1698 fiteri
752 1657 857 1696 nec
910 1658 1011 1712 ego
1045 1642 1329 1711 refugiam,
1358 1654 1467 1694 non
1506 1650 1687 1693 tamen
1732 1634 1878 1705 quod
1934 1633 2129 1695 Deum,

562 1735 658 1789 sed
690 1735 817 1804 quia
852 1734 1130 1789 hominem
1182 1732 1456 1803 genuerit,
1487 1731 1599 1785 Deo
1621 1728 1861 1791 unitum;
1925 1723 2134 1778 idcirco

560 1841 681 1880 eam
703 1826 969 1882 confiteor
998 1826 1336 1880 Theotocon.

1222 1936 1374 1993 CAP.
1417 1936 1481 1989 11.

638 2054 699 2110 C.
746 2054 931 2109 Patuit
984 2053 1211 2108 omnino
1241 2050 1386 2121 quod
1418 2050 1690 2103 hactenus
1743 2043 2049 2114 tegebatur.
2082 2030 2140 2094 Si

559 2146 705 2198 enim
731 2160 838 2198 non
862 2146 1053 2209 Deum,
1085 2142 1180 2199 sed
1210 2140 1489 2195 hominem
1508 2139 1680 2191 Deum
1710 2137 1925 2189 unitum
1954 2131 2144 2202 genuit

561 2247 750 2291 sancta
789 2238 956 2308 Virgo
982 2238 1173 2301 Maria,
1196 2243 1281 2289 est
1310 2234 1429 2288 sine
1451 2230 1788 2299 dubiojuxta
1824 2236 1877 2280 te
1897 2224 2138 2278 Anthro-

559 2338 809 2397 potocos,
847 2330 953 2383 hoc
973 2336 1077 2392 est,
1110 2326 1352 2381 hominis
1386 2324 1645 2395 genitrix,
1673 2336 1785 2375 non
1808 2318 2138 2371 Theotocos.

560 2422 680 2487 Quo
711 2436 841 2491 ergo
866 2421 1031 2475 modo
1079 2419 1400 2473 Theotocon
1438 2414 1687 2470 eamdem
1713 2408 1981 2481 virginem
2018 2421 2145 2476 pro-

562 2511 757 2578 ﬁteris,
794 2527 956 2580 quam
984 2526 1093 2563 non
1117 2510 1311 2575 Deum,
1346 2507 1443 2562 sed
1466 2503 1743 2559 hominem
1764 2496 2142 2557 tantummodo

561 2603 829 2675 pradicas
848 2600 1144 2672 genuisse?

632 2697 696 2752 N.
744 2697 1003 2752 Unitione
1054 2693 1261 2748 factum
1303 2698 1411 2755 est,
1440 2698 1499 2743 ut
1536 2687 1584 2742 is
1629 2688 1727 2758 qui
1763 2701 1834 2742 ex
1876 2700 1942 2739 ea
1976 2690 2143 2737 natus

563 2798 670 2853 est,
702 2790 850 2843 Deus
875 2787 1203 2857 appelletur,
1260 2790 1490 2853 pr0pter
1536 2781 1709 2835 Deum
1749 2777 2014 2832 videlicet
2048 2774 2139 2829 cui

567 2882 738 2941 nniri,
768 2895 1047 2956 unamque
1078 2892 1205 2931 cum
1242 2891 1310 2931 eo
1349 2872 1699 2945 dignitatem,
1730 2879 1786 2926 et
1834 2866 2138 2923 auctorita-

566 2985 679 3030 tem
717 2974 921 3027 habere
953 2970 1280 3041 promeruit.

635 3063 696 3120 C.
738 3064 1118 3134 Appellatione
1173 3076 1307 3131 ergo
1350 3068 1564 3115 tantum
1615 3065 1671 3111 et
1721 3054 1987 3125 dignitate
2021 3050 2139 3104 sive

569 3157 806 3221 honore,
839 3170 949 3209 non
1004 3170 1135 3209 vere
1160 3162 1216 3208 et
1245 3152 1471 3223 proprie
1532 3151 1691 3205 beata
1719 3148 1885 3215 Virgo
1936 3152 2023 3198 est
2048 3156 2137 3195 se-

2219 819 2385 874 modo
2433 836 2543 875 non
2590 822 2762 875 Deum
2800 821 3043 875 Verbum
3092 821 3397 876 secundum
3434 819 3807 877 divinitatem.

2220 926 2343 981 qua
2366 912 2440 965 illi
2460 928 2584 966 cum
2606 914 2767 968 Patre
2789 914 3098 967 communis
3122 920 3229 977 est,
3255 911 3558 966 secundum
3583 922 3807 963 carnen:

2222 1018 2348 1057 eum
2380 1012 2569 1057 natum
2588 1020 2655 1057 ex
2685 1004 2898 1073 virgine
2924 1002 3258 1074 pradicatis.

2292 1091 2354 1147 C.
2397 1092 2514 1147 Non
2556 1102 2641 1147 est
2707 1093 3016 1148 divinitatis
3067 1091 3340 1155 Genitrix,
3384 1090 3533 1150 sicut
3589 1097 3648 1141 tu
3708 1102 3811 1141 no:

2224 1184 2453 1239 credere
2485 1193 2761 1249 autumas,
2798 1185 3053 1255 quamvis
3082 1200 3207 1239 vere
3238 1193 3295 1238 et
3328 1182 3552 1253 proprie
3612 1181 3685 1234 sit
3709 1175 3811 1233 Del

2224 1275 2494 1340 Genitrix,
2520 1278 2650 1347 quia
2684 1292 2793 1330 non
2811 1276 3155 1331 divinitatem
3178 1275 3276 1329 Dei
3294 1274 3485 1337 Verbi,
3504 1272 3599 1327 sed
3634 1272 3812 1327 Deum

2226 1370 2471 1424 Verbum
2499 1385 2566 1424 ex
2592 1386 2651 1425 se
2673 1370 2953 1425 hominem
2980 1369 3206 1433 factum,
3236 1368 3381 1423 sicut
3404 1365 3662 1436 superius
3686 1364 3811 1419 dic-

2229 1470 2346 1517 tum
2374 1471 2479 1525 est,
2508 1462 2718 1529 genuit.

2298 1554 2363 1609 N.
2392 1553 2449 1609 Si
2483 1569 2609 1608 vere
2632 1564 2689 1609 et
2717 1554 2941 1624 proprie
2967 1554 3143 1608 Deum
3160 1562 3351 1607 natum
3374 1567 3443 1606 ex
3461 1549 3686 1619 Virgine
3711 1547 3815 1603 de-

2232 1646 2496 1710 derimus,
2520 1662 2713 1701 vereor
2734 1662 2802 1700 ne
2842 1647 2961 1700 sine
2985 1646 3143 1700 initio
3158 1646 3305 1699 Deus
3322 1643 3564 1699 Verbum
3590 1640 3815 1695 initium

2232 1741 2436 1796 habere
2465 1740 2804 1809 intelligatur
2826 1754 2891 1793 ex
2919 1738 3140 1792 femina.

2884 1848 3033 1903 CAP.
3065 1848 3155 1903 IV.

2312 1964 2374 2019 C.
2396 1964 2464 2018 Et
2490 1980 2590 2018 cur
2613 1979 2724 2019 non
2754 1962 2953 2017 demus
2968 1962 3019 2016 ei
3044 1976 3112 2015 ex
3142 1962 3344 2016 femina
3363 1958 3667 2015 secundum
3694 1973 3822 2013 car-

2244 2069 2371 2109 nem
2403 2056 2646 2118 initium,
2673 2054 2870 2124 quiest
2900 2052 3202 2106 secundum
3228 2050 3573 2105 divinitatem
3593 2066 3623 2103 a
3650 2049 3821 2103 Patre

2245 2148 2364 2200 sine
2395 2146 2597 2200 initio?

2313 2237 2379 2295 N.
2404 2237 2692 2302 Quomodo
2720 2236 3023 2292 secundum
3054 2249 3275 2290 carnem
3307 2232 3513 2287 habere
3541 2230 3763 2284 initium
3785 2245 3823 2285 a

2246 2338 2297 2383 te
2330 2329 2534 2383 dicitur
2565 2330 2631 2393 is,
2657 2330 2749 2398 qui
2781 2339 2866 2383 est
2888 2345 2917 2383 a
2942 2330 3101 2383 Patre
3124 2327 3242 2383 sine
3289 2325 3472 2387 initio,
3508 2337 3616 2377 non
3653 2322 3824 2377 intel-

2242 2421 2374 2490 ligo,
2400 2431 2585 2476 utrum
2618 2422 2710 2489 qui
2734 2424 2817 2477 ais
2840 2422 2935 2490 qui
2966 2438 2996 2475 a
3034 2422 3197 2475 Patre
3250 2428 3333 2473 est
3363 2418 3483 2472 sine
3531 2416 3710 2479 initio,
3745 2430 3825 2470 ex

2242 2514 2531 2569 divinitate
2564 2515 2617 2568 in
2653 2530 2875 2569 carnem
2902 2530 3117 2575 versus,
3154 2513 3375 2567 dicatur
3400 2510 3678 2579 accepisse
3704 2509 3824 2562 ini-

2243 2607 2419 2661 tium?
2442 2608 2524 2662 An
2566 2608 2693 2677 quia
2723 2616 2842 2661 erat
2871 2608 2988 2662 sine
3020 2606 3201 2671 initio,
3261 2615 3484 2674 accepta
3514 2617 3681 2657 carne
3725 2600 3824 2654 di-

2241 2710 2398 2755 catur
2424 2701 2626 2755 habere
2652 2700 2904 2753 initium?

2309 2790 2369 2847 C.
2398 2792 2458 2845 In
2483 2807 2701 2845 carnem
2758 2790 3007 2844 converti
3035 2786 3477 2842 inconvertibilis
3509 2785 3656 2838 Deus
3694 2797 3829 2836 om-

2241 2882 2373 2936 nino
2406 2896 2516 2935 non
2546 2889 2750 2949 potest,
2777 2879 2873 2933 sed
2906 2892 3134 2931 manens
3183 2878 3349 2939 Deus,
3388 2876 3444 2928 in
3471 2872 3691 2943 pr0pria
3724 2871 3824 2925 di—

2238 2974 2470 3027 vinitate
2534 2970 2835 3041 perfectus,
2893 2969 3051 3023 carni
3104 2976 3161 3022 et
3208 2968 3404 3021 anima
3449 2964 3697 3019 rationali
3754 2978 3827 3017 se

2243 3067 2459 3129 uniens,
2499 3065 2669 3134 capit
2701 3078 2823 3117 esse
2852 3062 3019 3116 homo
3056 3060 3203 3130 quod
3233 3070 3394 3113 antea
3430 3074 3541 3111 non
3588 3066 3726 3117 erat,
3758 3062 3827 3109 et

2240 3160 2343 3213 hac
2378 3158 2589 3212 ratione
2622 3157 2925 3211 secundum
2956 3168 3177 3209 carnem
3204 3152 3409 3205 dicitur
3438 3149 3647 3203 habere
3710 3145 3828 3199 ini-

568 3247 811 3303 cundum
848 3261 945 3300 vos
973 3245 1305 3307 Theotocos,
1359 3256 1481 3311 qua
1508 3254 1620 3294 non
1645 3252 1773 3291 vere
1822 3242 1877 3289 et
1916 3230 2137 3302 proprie
2165 3237 2207 3294 (ς
2242 3252 2381 3306 tium
2414 3252 2480 3314 is,
2508 3250 2604 3320 qui
2632 3258 2736 3313 est,
2768 3266 2797 3303 a
2824 3250 2985 3303 patre
3017 3247 3136 3301 sine
3162 3246 3274 3299 uno
3297 3242 3480 3297 initio.

568 3342 761 3413 genuit
784 3338 1087 3395 secundum
1112 3352 1338 3392 carnem
1374 3335 1544 3389 Deum
1588 3330 1853 3394 Verbum,
1885 3325 1982 3381 sed
2038 3324 2141 3377 ho-

569 3434 797 3497 minem,
829 3431 917 3486 cui
952 3430 1255 3501 prastitum
1281 3435 1364 3483 est
1392 3426 1460 3481 ab
1490 3441 1586 3490 eo,
1616 3423 1704 3478 cui
1737 3419 1885 3475 uniri
1913 3416 2139 3479 meruit,

574 3534 633 3581 ut
661 3527 806 3580 Deus
834 3525 1075 3590 dicatur,
1102 3522 1251 3593 quod
1283 3535 1397 3575 non
1423 3526 1529 3573 est.

1217 3631 1371 3687 CAP.
1408 3631 1497 3685 Ill.

642 3754 709 3809 Ν.
759 3752 1029 3819 Quoniam
1069 3751 1174 3805 hoc
1195 3756 1301 3811 est,
1337 3747 1482 3817 quod
1517 3761 1619 3799 nos
1645 3741 1813 3820 valde
1840 3746 2143 3811 permovet,

572 3863 641 3903 eo
685 3846 834 3916 quod
870 3860 1001 3900 vere
1035 3852 1091 3898 et
1127 3842 1353 3913 pr0prie
1401 3841 1573 3894 Deum
1616 3846 1806 3892 natum
1846 3851 1915 3889 ex
1941 3834 2147 3889 femina

574 3942 907 4015 pradicetis,
944 3950 1107 4008 atque
1146 3938 1217 3991 ob
1244 3937 1351 3990 hoc
1382 3950 1513 3989 vere
1557 3943 1613 3988 et
1666 3931 1889 4002 proprie
1932 3930 2147 3983 beatam

575 4036 860 4107 Virginem
908 4032 1005 4087 Dei
1040 4029 1320 4085 fateamini
1369 4026 1725 4082 Genitricem.
1775 4022 1993 4089 Quaro,
2053 4021 2149 4093 qui

574 4140 707 4179 vere
736 4131 791 4179 et
820 4120 1040 4193 proprie
1062 4127 1305 4191 generet,
1333 4126 1520 4171 utrum
1551 4115 1819 4185 ejusdem,
1848 4115 2006 4184 cujus
2032 4113 2151 4183 ipse

578 4229 685 4285 est,
717 4235 786 4274 an
817 4218 1047 4273 alterius
1071 4214 1367 4285 cujuslibet
1394 4213 1717 4268 substantia
1740 4210 1998 4281 generet?

648 4308 712 4365 C.
767 4308 956 4378 luepta
1010 4306 1178 4360 nimis
1232 4314 1289 4359 et
1347 4304 1498 4359 fatua
1571 4301 1970 4371 interrogatio,
2027 4300 2153 4369 quis

577 4402 727 4459 enim
754 4398 1055 4471 aliquando
1077 4399 1270 4453 aliena
1292 4402 1586 4467 generator
1608 4393 1853 4449 creditur
1876 4408 1994 4448 esse
2018 4393 2152 4448 sub-

580 4492 796 4548 stantia
809 4492 831 4545 ?

650 4584 717 4639 N.
751 4582 807 4637 Si
840 4582 1052 4637 fatuum
1073 4588 1129 4634 et
1144 4579 1390 4648 ineptum
1431 4575 1669 4648 judicas,
1710 4574 1937 4629 credere
1954 4588 2149 4643 quem-
2183 4583 2226 4636 ι)
2323 4552 2385 4608 C-
2441 4548 2753 4648 Ῑιξάυθῧιιε

581 4691 745 4747 quam
772 4674 967 4728 aliena
993 4678 1372 4743 generatorem
1404 4668 1524 4724 eSse
1556 4668 1903 4730 substantia,
1937 4674 2155 4721 constat

581 4783 714 4839 ergo
734 4768 905 4821 Deum
928 4765 1192 4830 Verbum,
1220 4779 1331 4818 non
1355 4763 1423 4818 de
1451 4771 1646 4828 matre,
1695 4761 1791 4816 sed
1826 4768 1980 4831 patre
2024 4774 2155 4814 vere

582 4870 640 4915 et
672 4858 894 4929 proprie
924 4865 1408 4928 generatum,cum
1442 4871 1550 4925 quo
1580 4854 1660 4909 illi
1692 4862 1777 4908 est
1807 4868 1913 4907 uua
1933 4851 2155 4907 eadem—

584 4965 693 5022 que
722 4948 1052 5004 substantia.
1077 4946 1332 5017 Alioquin
1358 4947 1464 5001 erit
1491 4944 1683 5015 procul
1705 4943 1896 5006 dubio,
1914 4941 2157 4996 consub-

584 5041 865 5100 stantialis
909 5048 1087 5095 mater
1124 5038 1364 5104 Domini,
1408 5053 1519 5093 non
1550 5037 1730 5091 solum
1772 5035 1886 5089 Deo
1932 5034 2112 5088 Verbo
2137 5073 2152 5098 ,

587 5149 754 5205 quem
778 5146 909 5187 vere
935 5137 991 5185 et
1024 5130 1241 5199 proprie
1266 5130 1421 5200 juxta
1477 5144 1576 5185 vos
1603 5128 1851 5185 creditur
1875 5126 2155 5198 genuisse,

587 5240 784 5281 verum
809 5224 974 5278 etiam
992 5222 1105 5276 Deo
1129 5222 1300 5286 Patri,
1325 5224 1414 5277 cui
1433 5222 1579 5277 idem
1604 5222 1750 5277 Deus
1766 5220 2008 5277 Verbum
2027 5234 2159 5273 con-

589 5315 975 5372 substantialis
1003 5315 1240 5369 exsistit.

665 5408 726 5465 C.
754 5408 1292 5463 Consubstantialem
1318 5407 1526 5478 Virgini
1553 5408 1725 5462 Deum
1749 5407 2012 5463 Verbum,
2048 5418 2159 5457 non

593 5501 895 5555 secundum
924 5500 1293 5563 divinitatem,
1312 5515 1431 5568 qua
1452 5499 1530 5553 illi
1564 5515 1674 5555 una
1700 5498 2005 5565 eademque
2037 5511 2161 5549 cum

594 5590 755 5645 Patre
785 5600 889 5655 est,
939 5592 1035 5646 sed
1071 5590 1377 5646 secundum
1407 5607 1627 5646 carnem
1682 5590 1777 5660 qui
1806 5605 1918 5643 non
1966 5588 2164 5653 credit,

598 5682 812 5737 alienus
840 5700 869 5737 a
896 5683 1019 5738 ﬁde.
1054 5684 1195 5738 Sane
1243 5683 1371 5752 quia
1406 5700 1515 5738 non
1538 5682 1814 5737 hominem
1840 5681 2162 5749 quemlibet,

600 5771 695 5837 qui
724 5789 835 5828 non
860 5775 934 5830 sit
965 5785 1163 5831 natura
1184 5777 1349 5841 Deus,
1378 5778 1474 5834 sed
1510 5780 1681 5833 Deum
1712 5777 1956 5832 Verbum
1983 5776 2165 5829 incar-

604 5870 816 5932 natum,
838 5873 894 5921 et
924 5882 1009 5941 _ex
1050 5883 1106 5923 se
1138 5868 1418 5927 hominem
1446 5872 1652 5926 factum
1699 5868 1910 5939 genuit,
1959 5867 2064 5923 hac
2097 5867 2165 5922 de

2312 3350 2377 3403 N.
2410 3347 2679 3414 Quoniam
2714 3346 2781 3399 de
2805 3343 3035 3399 summis
3068 3349 3125 3397 et
3153 3340 3447 3412 pracipuis
3475 3336 3642 3391 rebus
3668 3347 3829 3403 qua—

2243 3445 2350 3500 stio
2378 3442 2636 3505 vertitur,
2674 3454 2860 3509 quaso
2892 3447 2955 3491 ut
2976 3436 3249 3507 patienter
3278 3433 3345 3487 de
3389 3431 3478 3485 his
3500 3444 3623 3499 qua
3660 3442 3690 3481 a
3726 3440 3823 3480 me

2243 3545 2571 3609 quaruntur
2617 3531 2972 3602 respondeas.
3030 3530 3215 3584 Necte
3251 3533 3507 3580 moveant
3557 3538 3655 3583 ea,
3697 3534 3830 3589 qua:

2244 3628 2348 3683 tibi
2411 3625 2685 3689 fortassis,
2721 3632 3016 3693 antequam
3071 3620 3366 3690 intelligas,
3397 3616 3660 3671 videntur
3697 3628 3828 3667 esse

2245 3722 2543 3777 contraria.

2317 3814 2378 3869 C.
2416 3813 2507 3867 Sic
2555 3826 2642 3864 me
2694 3808 2761 3862 de
2810 3805 3076 3877 patientia
3106 3817 3445 3863 commones,
3510 3797 3665 3869 quasi
3716 3795 3831 3849 ha-

2247 3915 2441 3963 ctenus
2473 3901 2825 3972 impatienter
2856 3898 2966 3952 tuis
3008 3894 3397 3966 responderim
3434 3888 3833 3959 interrogatio-

2248 3998 2435 4052 nibus.

2246 4092 2273 4159 ξ
2314 4090 2380 4145 Ν.
2408 4088 2528 4143 Νοη
2560 4087 2772 4155 utique,
2796 4081 2891 4138 sed
2922 4090 2985 4135 ut
3025 4081 3243 4149 incepta
3272 4076 3503 4132 lenitate
3538 4080 3593 4127 te
3644 4070 3833 4126 conti-

2250 4198 2405 4246 neas,
2440 4194 2658 4234 moneo.

2319 4275 2381 4331 C.
2410 4274 2507 4328 Dei
2541 4274 2646 4326 hoc
2675 4271 2881 4325 donum
2901 4276 3006 4322 est.

2321 4368 2387 4423 N.
2418 4364 2711 4421 Dominum
2756 4369 3010 4415 nostrum
3056 4356 3244 4412 Jesnm
3272 4352 3555 4408 Christum
3593 4360 3703 4400 una
3756 4360 3831 4400 an

2253 4461 2467 4515 duabus
2497 4436 2824 4511 substantiis
2858 4449 3180 4505 confiteris?

2791 4544 2983 4615 procul
3020 4541 3188 4596 dubio
3264 4536 3360 4592 sed
3412 4530 3671 4597 naturali,
3712 4546 3835 4585 non

2255 4640 2532 4715 personali
2566 4636 2935 4693 conventione
2971 4631 3162 4685 unitis.

2910 4747 3062 4803 CAP.
3090 4745 3153 4799 V.

2324 4866 2391 4922 N.
2412 4864 2660 4921 Necdum
2691 4860 2963 4923 absoluta,
2994 4858 3062 4913 de
3094 4872 3202 4927 qua
3252 4856 3454 4926 agitur,
3504 4852 3834 4923 quastione,

2254 4970 2626 5028 prapropere,
2668 4953 2721 5007 in
2741 4952 2901 5006 aliam
2932 4948 3253 5019 prorupisti,
3283 4947 3379 5003 sed
3407 4946 3573 5000 dilata
3608 4943 3834 4997 interim

2255 5048 2613 5118 inquisitione
2639 5045 2707 5099 de
2736 5042 2973 5097 naturali
3008 5042 3278 5103 unitione,
3313 5038 3587 5100 absolute,
3617 5050 3833 5103 quaso,

2260 5139 2597 5210 respondeas
2640 5155 2653 5191 :
2695 5137 2892 5191 Utrum
2941 5133 3241 5196 Christum,
3299 5145 3463 5201 quem
3509 5130 3564 5182 in
3614 5126 3837 5181 duabus

2260 5232 2476 5287 naturis
2503 5230 2791 5285 confessus
2817 5243 2898 5291 es,
2925 5241 2993 5281 ex
3017 5226 3177 5280 Patre
3203 5232 3438 5286 tantum,
3477 5237 3546 5275 an
3565 5218 3732 5273 etiam
3766 5232 3840 5270 ex

2261 5325 2431 5380 Matre
2463 5332 2648 5377 natum
2675 5318 2947 5374 asseras?.

2333 5415 2393 5469 C.
2432 5414 2499 5467 Et
2544 5428 2610 5467 ex
2658 5414 2817 5466 Patre
2869 5418 2925 5464 et
2955 5426 3023 5464 ex
3052 5408 3218 5462 Matre
3245 5421 3417 5461 unum
3464 5400 3839 5467 eumdemuue

2266 5505 2547 5561 Christum
2579 5512 2765 5557 natum
2798 5517 2918 5555 esse
2952 5498 3243 5555 confiteor.

2338 5595 2403 5649 N.
2429 5593 2554 5648 Alio
2589 5593 2750 5647 modo
2795 5608 2861 5647 ex
2891 5592 3062 5645 Matre
3083 5632 3098 5653 ,
3139 5591 3248 5643 alio
3276 5605 3344 5643 ex
3369 5586 3567 5642 Patre?
3604 5600 3673 5639 an
3724 5596 3839 5636 uno

2266 5686 2573 5754 eodemque
2605 5683 2769 5738 modo
2801 5699 2869 5738 ex
2898 5683 3061 5737 Patre
3082 5690 3138 5736 et
3170 5696 3237 5735 ex
3264 5680 3467 5734 Matre?

2336 5776 2397 5831 C.
2436 5776 2557 5832 Alio
2604 5775 2795 5848 procul
2847 5775 3019 5831 dubio
3042 5790 3111 5830 ex
3158 5773 3344 5839 Patre,
3398 5771 3510 5827 alio
3559 5766 3725 5825 modo
3768 5780 3841 5820 ex

2267 5868 2479 5925 Matre?
