4146 6446
414 442 519 507 19.1

1294 447 1494 507 DIAL.
1561 447 1862 507 CONTRA
1900 446 2452 507 NESTORIANOS.
2494 470 2560 482 —-
2586 445 2737 505 LIB.
2766 444 2819 504 Ι.

3579 435 3695 500 122‘

486 560 551 616 Ν.
580 559 897 615 Secundum
929 576 1101 631 quem
1138 562 1363 617 modum
1404 579 1472 619 ex
1524 565 1708 630 Patre,
1769 563 1884 618 sive
1929 578 1996 616 ex
2030 572 2069 624 Α
2169 564 2236 618 Ν.
2274 564 2384 618 lllze
2408 564 2696 629 nimirum,
2721 578 2844 632 qua:
2870 560 2937 614 ad
2975 559 3178 629 Ioseph
3203 558 3259 612 in
3295 554 3505 612 somnis
3524 554 3680 611 facta

418 654 580 708 Matre
609 667 740 707 eum
772 653 986 708 asseris
1015 656 1245 709 natum?

477 744 881 800 C.Secudum
911 746 1262 803 divinitatem
1292 747 1516 819 quidem
1541 764 1608 803 ex
1631 748 1816 811 Patre,
1831 761 1991 802 eum-

408 837 530 892 dem
561 840 876 893 secundum
908 840 1311 895 humanitatem
1341 857 1411 896 ex
1439 840 1633 895 Matre.

479 930 545 983 Ν.
579 930 696 984 Cur
732 948 869 1002 ergo
898 948 1032 987 vere
1064 941 1123 987 et
1171 934 1396 1003 proprie
1425 933 1524 988 Dei
1553 932 1805 988 Genitrix
1836 946 1866 985 a
1894 946 1995 984 vo-

406 1021 496 1075 bis
532 1022 710 1076 Mater
763 1024 985 1079 Domini
1014 1025 1368 1094 praedicatur,
1401 1034 1459 1079 et
1490 1040 1602 1079 non
1648 1024 1822 1094 magis
1848 1023 1998 1076 illius

408 1124 643 1176 natum,
677 1117 843 1185 cujus
878 1124 937 1171 et
977 1118 1151 1171 Mater
1191 1128 1295 1179 est,
1329 1118 1419 1173 cui
1476 1117 1575 1172 Dei
1617 1117 1785 1172 Verbi
1817 1116 1999 1169 unitio

408 1206 730 1260 divinitatis
764 1223 879 1262 sure
905 1210 1145 1264 contulit
1165 1210 1496 1264 vocabulum
1531 1220 1587 1265 et
1632 1205 2001 1277 dignitatem?

406 1294 722 1363 Cujusnam
754 1299 942 1354 credis
965 1310 1217 1355 naturam
1270 1302 1415 1356 hanc
1457 1317 1580 1356 esse
1612 1299 1997 1365 humanitatis,

407 1404 583 1458 quam
610 1406 747 1444 vere
774 1400 832 1445 et
860 1392 1086 1460 proprie
1117 1393 1202 1446 vis
1230 1409 1352 1448 esse
1383 1409 1449 1447 ex
1492 1392 1757 1464 Virgine?

484 1482 553 1535 Ν.
584 1482 789 1535 Procul
826 1484 998 1538 dubio
1025 1485 1248 1539 Domini
1279 1484 1507 1540 Christi.

484 1571 548 1627 C.
583 1572 874 1628 Christum
903 1575 1036 1645 quid
1066 1592 1187 1631 esse
1217 1578 1452 1632 delinis?

487 1663 556 1717 N.
591 1665 770 1719 Deum
798 1676 853 1719 et
879 1666 1187 1723 hominem.

486 1755 553 1810 C.
580 1757 683 1812 Dei
718 1773 849 1828 ergo
877 1767 931 1813 et
958 1760 1204 1816 hominis
1231 1760 1374 1816 facta
1401 1770 1487 1817 est
1522 1771 1721 1817 natura
1764 1762 1856 1816 illa
1898 1761 2007 1814 hu-

412 1851 713 1905 manitatis
739 1868 904 1921 quam
929 1869 1060 1909 vere
1090 1864 1148 1910 et
1169 1856 1392 1926 proprie
1426 1856 1577 1926 .dicis
1611 1872 1733 1912 esse
1783 1873 1850 1911 ex
1878 1855 2004 1909 Vir-

411 1945 547 2014 gine
565 1944 590 1995 ?

487 2033 557 2086 N.
587 2033 728 2099 Quis
758 2035 865 2091 hoc
886 2035 1149 2093 dubitet?

485 2121 550 2177 C.
588 2125 661 2179 Et
693 2128 976 2195 quomodo
1005 2144 1117 2183 non
1144 2137 1230 2185 est
1250 2130 1552 2187 absurdum
1583 2133 1811 2188 credere
1833 2134 2008 2189 Deum

415 2226 476 2270 et
507 2216 795 2272 hominem
818 2236 884 2274 ex
920 2221 1143 2290 Virgine
1190 2232 1449 2278 naturam
1486 2228 1853 2296 assumpsisse
1900 2228 2007 2280 hu-

421 2312 692 2363 manam?
717 2310 875 2376 Quod
907 2314 951 2367 si
982 2314 1130 2368 Deus
1156 2324 1213 2369 et
1236 2316 1402 2370 homo
1435 2333 1504 2372 ex
1517 2318 1741 2388 Virgine
1763 2319 2012 2374 creditur

412 2400 573 2469 juxta
616 2418 715 2455 vos
756 2412 1009 2459 naturam
1058 2410 1423 2478 assumpsisse
1482 2410 1804 2477 humanam,
1861 2414 2011 2470 unde

416 2503 725 2563 antequam
758 2511 827 2550 ex
854 2497 1080 2568 Virgine
1110 2499 1261 2555 Deus
1282 2510 1594 2556 assumeret
1618 2513 1874 2558 naturam
1901 2506 2009 2560 hu-

414 2602 669 2652 manam,
701 2588 884 2644 lactus
922 2591 1090 2645 homo
1130 2593 1447 2649 credendus
1479 2605 1588 2659 est,
1618 2607 1679 2652 ut
1724 2598 1806 2653 sic
1864 2599 2010 2654 Deus

414 2687 475 2733 et
507 2679 680 2733 homo
710 2682 973 2738 credatur
998 2686 1363 2755 assumpsisse
1396 2702 1465 2742 ex
1489 2689 1720 2761 Virgine
1752 2700 2009 2745 naturam

416 2788 747 2829 numanam.

492 2868 561 2921 Ν.
595 2868 768 2921 Miror
804 2878 857 2922 te
887 2879 996 2924 tam
1029 2880 1238 2926 temere
1260 2872 1444 2929 ridere
1478 2875 1547 2929 de
1573 2876 1831 2932 veritate.

487 2957 553 3012 C.
592 2959 922 3014 Nullatenus
946 2976 1050 3030 ego
1068 2964 1363 3018 veritatem
1390 2962 1623 3027 irrideo,
1650 2966 1747 3020 sed
1780 2980 2012 3035 respon-

413 3046 600 3103 sionis
654 3057 762 3104 tum
817 3050 1224 3107 absurditatem
1258 3055 1548 3110 verissima
1603 3057 1817 3112 ratione
1848 3072 2008 3111 coar-

415 3158 556 3211 guo.

487 3234 557 3289 Ν.
582 3232 900 3291 Oﬁ'enderis
952 3239 1035 3306 (ut
1091 3238 1230 3292 mihi
1258 3238 1503 3311 videtur)
1548 3255 1677 3296 cum
1724 3241 2005 3297 Christum

414 3328 600 3382 Deum
632 3327 796 3381 audis
817 3336 874 3382 et
897 3328 1204 3383 hominem.
2000 3330 2007 3335 ’

487 3416 554 3471 C.
592 3417 717 3471 Non
775 3434 862 3471 me
899 3418 1135 3473 oﬂ‘endit
1164 3418 1449 3474 Christum
1498 3422 1674 3477 Deum
1728 3422 1927 3479 audire
1956 3431 2013 3478 et

414 3508 735 3571 homineet,
766 3509 863 3564 sed
897 3519 947 3565 te
975 3510 1231 3575 offendit,
1268 3512 1363 3582 qui
1396 3511 1683 3568 Christum
1728 3514 2011 3570 hominem

414 3600 631 3655 factum
656 3617 768 3655 non
804 3602 1008 3656 credis.
1047 3602 1188 3656 Nam
1213 3618 1340 3657 eum
1364 3620 1465 3675 ego
1500 3621 1673 3660 unum
1723 3607 2013 3662 eumdem-

415 3709 531 3761 que
551 3693 831 3763 genitum,
857 3704 917 3749 et
936 3711 1002 3749 ex
1028 3696 1191 3750 Patre
1216 3698 1523 3752 secundum
1565 3699 1934 3764 divinitatem,
1958 3708 2015 3754 et

415 3798 485 3837 ex
512 3783 689 3837 Matre
728 3784 1037 3841 secundum
1074 3786 1498 3852 humanitatem,
1538 3788 1868 3858 simpliciter
1903 3789 2013 3842 tuis

415 3875 965 3944 interrogationibus
1013 3877 1452 3947 respondissem,
1486 3886 1544 3931 tu
1592 3879 1767 3933 Deum
1812 3895 1879 3933 ex
1909 3880 2011 3933 Pa-

419 3977 532 4029 tre,
591 3967 884 4021 hominem
932 3983 1067 4021 vero
1118 3983 1187 4022 ex
1234 3968 1406 4024 Matre
1455 3969 1651 4023 volens
1689 3970 2010 4037 ostendere,

415 4057 584 4125 quasi
618 4072 690 4111 ex
719 4058 1085 4127 consequenti
1115 4059 1330 4112 ratione
1365 4061 1678 4125 concludis,
1716 4070 1773 4115 et
1809 4061 2012 4116 docere

414 4148 647 4211 niteris,
678 4163 793 4201 non
824 4148 1032 4203 debere
1085 4164 1215 4203 vere
1257 4160 1314 4204 et
1353 4152 1579 4220 proprie
1627 4151 1849 4206 beatam
1886 4151 2013 4207 Vir-

414 4240 611 4310 ginem
641 4239 741 4294 Dei
804 4240 1035 4295 credere
1082 4240 1446 4307 Genitricem,
1485 4242 1583 4297 sed
1637 4251 1853 4298 natura:
1909 4244 2015 4298 hu-

414 4348 605 4386 mana:
632 4334 799 4403 cujus
831 4344 1009 4387 mater
1041 4342 1147 4387 est.
1174 4334 1231 4388 Si
1280 4335 1450 4405 igitur
1490 4336 1641 4390 Deus
1671 4337 1906 4390 verbum
1943 4352 2012 4391 ex

413 4424 697 4478 maternis
724 4424 1037 4479 visceribus
1068 4440 1293 4479 carnem
1315 4441 1629 4491 assumens,
1650 4429 2012 4498 semetipsum

412 4514 693 4571 formavit
714 4516 1021 4581 hominem,
1064 4531 1177 4571 non
1200 4517 1431 4572 alterius
1460 4520 1579 4573 sine
1615 4518 1786 4573 dubio
1815 4529 2013 4574 natura

2100 656 2381 728 leguntur.

2756 744 2908 800 CAP.
2938 745 3023 799 Vl.

2170 834 2233 891 C.
2264 835 2334 890 Et
2363 835 2499 904 quid
2528 835 2639 890 tale
2675 835 2887 889 dictum
2920 834 2988 888 ad
3030 847 3158 887 eum
3189 828 3435 900 legitur?

2172 929 2239 983 N.
2276 928 2440 993 Tolle,
2477 929 2677 998 inquit,
2707 945 2929 998 puerum
2950 936 3000 980 et
3050 934 3278 979 matrem
3304 923 3437 993 ejus,
3483 928 3531 975 et
3564 921 3682 991 fuge

2104 1022 2159 1074 in
2197 1020 2525 1092 zEggptum;
2558 1022 2797 1091 futurum
2826 1027 2899 1075 est
2921 1019 3080 1083 enim,
3114 1025 3170 1071 ut
3200 1015 3431 1070 Herodes
3475 1020 3681 1083 quierat

2106 1113 2325 1183 perdere
2354 1130 2581 1183 puerum
2610 1114 2677 1167 ⁵⁵.
2700 1113 2769 1168 Ει
2795 1126 3022 1166 rursus:
3054 1110 3301 1179 Defuncti
3323 1116 3445 1161 sunt
3481 1119 3681 1167 omnes,

2106 1204 2195 1274 qui
2224 1205 2531 1274 qmerebant
2586 1208 2825 1259 animam
2875 1204 3023 1273 pueri
3049 1203 3117 1255 ⁵⁸.
3166 1200 3556 1268 Nunquidnam
3595 1194 3683 1248 di-

2107 1308 2257 1353 ctum
2293 1308 2378 1354 est
2407 1317 2420 1352 :
2448 1300 2712 1355 Defuncti
2776 1306 2928 1363 sunt,
2964 1298 3059 1367 qui
3089 1295 3411 1365 quaerebant
3440 1293 3685 1346 animam

2106 1389 2248 1445 Dei?
2297 1398 2438 1445 aut:
2476 1391 2631 1445 Tolle
2686 1391 2860 1445 Deum
2898 1397 2955 1444 et
2989 1389 3113 1457 fuge
3142 1386 3198 1440 in
3234 1383 3567 1455 Egyptum?
3596 1380 3685 1435 vel

2111 1493 2264 1537 certe
2288 1484 2539 1537 futurum
2573 1491 2681 1549 est,
2710 1493 2772 1538 ut
2808 1482 3057 1537 Herodes
3080 1487 3292 1551 quaerat
3336 1478 3511 1532 Deum
3554 1490 3684 1544 per-

2111 1572 2280 1627 dere?
2303 1572 2424 1639 Quo
2458 1573 2591 1643 quid
2620 1581 2802 1643 potest
2824 1588 2947 1627 esse
2978 1570 3248 1640 iniquius,
3280 1582 3445 1637 quam
3482 1572 3544 1618 ut
3569 1578 3689 1618 cre-

2112 1667 2277 1722 datur
2307 1668 2455 1723 Deus
2480 1676 2706 1738 pr0pter
2738 1667 3025 1722 hominem
3048 1664 3251 1734 fugisse
3282 1661 3338 1714 in
3361 1655 3689 1728 Egyptum?

2113 1757 2270 1814 Unde
2324 1758 2679 1813 manifestum
2738 1766 2844 1821 est,
2900 1754 3059 1810 vanis
3112 1746 3690 1823 argumentationibus

2114 1858 2311 1905 contra
2341 1850 2661 1904 divinorum
2694 1849 3043 1918 eloquiorum
3075 1843 3384 1900 sententias
3404 1838 3685 1900 laborare,

2047 1927 2087 1984 Β
2116 1958 2240 2011 qna:
2265 1959 2519 2012 puerum,
2548 1942 2603 1996 id
2645 1952 2751 2006 est,
2783 1940 3062 1994 hominem
3092 1938 3295 1992 docent
3323 1948 3474 1994 eum,
3519 1941 3686 1998 quem

2112 2042 2170 2089 tu
2197 2037 2371 2091 Deum
2406 2043 2606 2087 natura
2630 2034 2863 2087 .conaris
2894 2039 3162 2086 astruere.

2184 2130 2245 2186 C.
2263 2132 2401 2185 Dum
2429 2130 2592 2183 nimis
2612 2129 2862 2182 intentus
2883 2141 2943 2179 es
2966 2125 3021 2177 in
3046 2123 3135 2177 his
3157 2120 3456 2188 Scriptura:
3484 2114 3688 2168 divina

2110 2224 2369 2287 vocibus,
2392 2239 2530 2291 quas
2554 2222 2666 2276 tuis
2694 2230 2859 2289 putas
2886 2224 3203 2285 competere
3231 2212 3505 2283 partibus,
3534 2216 3688 2262 ciete-

2112 2330 2201 2370 ras
2224 2314 2447 2383 penitus
2478 2311 2739 2380 despicis.
2772 2310 2853 2363 An
2895 2308 3036 2361 forte
3067 2304 3194 2358 vilis
3223 2301 3323 2358 tibi
3355 2307 3413 2354 et
3435 2307 3689 2353 contem-

2112 2406 2297 2461 nenda
2318 2404 2539 2459 videtur
2562 2403 2779 2457 Veteris
2810 2399 3149 2454 Testamenti
3173 2393 3497 2454 auctoritas,
3534 2404 3687 2457 qua:-

2112 2513 2368 2568 puerum.
2400 2512 2562 2566 quem
2591 2503 2647 2549 tu
2668 2496 2841 2548 Deum
2873 2492 3135 2560 denegas,
3158 2488 3331 2541 Deum
3364 2485 3563 2538 fortem
3590 2479 3692 2533 do-

2112 2590 2448 2644 minatorem
2472 2586 2774 2656 praedicat?
2793 2585 2987 2643 Nonne
3013 2580 3289 2636 clamabat
3324 2577 3417 2630 ille
3448 2571 3687 2644 prophe-

2114 2692 2293 2738 tarum
2325 2680 2565 2735 eximius
2590 2678 2783 2741 Isaias,
2805 2677 2998 2731 dicens
3022 2692 3034 2727 :
3067 2672 3208 2727 Puer
3244 2677 3401 2723 natus
3422 2674 3497 2719 est
3518 2664 3686 2725 nobis,

2113 2784 2162 2827 et
2192 2772 2337 2842 [ilius
2369 2772 2525 2824 datus
2553 2780 2629 2823 est
2664 2769 2833 2831 nobis,
2879 2768 3028 2836 cujus
3059 2770 3290 2835 potestas
3344 2761 3400 2812 in
3456 2752 3688 2811 humeris

2112 2869 2255 2939 ejus,
2288 2876 2336 2920 et
2359 2848 2635 2919 vocabitur
2662 2864 2841 2933 magni
2872 2859 3079 2915 consilii
3132 2854 3375 2926 angelus,
3404 2847 3693 2905 admirabi-

2113 2964 2199 3029 lis,
2225 2962 2581 3023 consiliarius,
2630 2958 2768 3013 Deus
2808 2959 2991 3027 fortis,
3028 2956 3380 3013 Dominator,
3438 2947 3690 3011 Princeps

2111 3057 2278 3127 pacis,
2302 3056 2466 3110 Pater
2496 3054 2662 3123 futuri
2718 3049 2901 3105 saeculi
2931 3050 3018 3102 η’.
3047 3043 3308 3113 Nunquid
3344 3043 3461 3095 haec
3494 3048 3548 3093 te
3588 3050 3692 3089 ne-

2111 3148 2252 3203 scire
2286 3147 2550 3202 credibile
2571 3144 2698 3199 est?
2727 3142 2849 3214 Nisi.
2877 3142 3022 3195 forte
3049 3136 3385 3195 contrariam
3418 3132 3532 3187 illis
3569 3144 3600 3183 a
3638 3134 3691 3182 te

2112 3240 2344 3310 prolatis
2381 3235 2716 3307 evangelicis
2736 3232 3083 3291 testimoniis
3136 3228 3421 3300 prophetae
3463 3229 3691 3279 senten-

2114 3329 2243 3383 tiam
2273 3328 2517 3382 indicas?

2184 3420 2251 3474 N.
2293 3420 2411 3473 Non
2440 3432 2545 3487 ego
2580 3414 2918 3471 contrariam
2965 3408 3181 3482 judicio
3240 3401 3573 3474 evangelicis
3611 3407 3694 3453 te-

2115 3515 2396 3572 stimoniis
2434 3512 2719 3581 prophetae
2776 3508 3135 3566 sententiam,
3174 3502 3269 3557 sed
3303 3498 3401 3553 tibi
3456 3496 3563 3550 hoc
3608 3493 3692 3547 vi-

2116 3608 2298 3671 detur,
2334 3606 2427 3675 qui
2447 3603 2683 3658 necdum
2706 3616 2901 3656 eorum
2950 3597 3295 3652 intellectum
3344 3588 3564 3658 assequi
3593 3601 3692 3656 po-

2117 3702 2292 3758 tuisti.
2316 3698 2553 3754 Attende
2584 3698 2779 3767 igitur,
2804 3695 2850 3750 si
2882 3696 2989 3755 vis,
3025 3688 3362 3761 propheticae
3394 3681 3687 3739 sententiae

2114 3811 2144 3849 a
2170 3804 2221 3849 te
2241 3794 2466 3863 prolata:
2498 3789 2857 3860 purissimum
2890 3784 3259 3842 intellectum,
3278 3787 3334 3832 et
3358 3776 3505 3837 vide,
3524 3787 3691 3843 quam

2113 3904 2225 3943 non
2269 3886 2342 3940 sit
2390 3884 2598 3938 nostris
2644 3877 2929 3935 contraria
2978 3870 3416 3934 assertionibus;
3448 3865 3692 3932 denique

2114 3992 2349 4050 puerum
2397 3980 2688 4038 natum,et
2740 3971 2915 4024 lilium
2970 3968 3161 4023 datum
3205 3962 3479 4050 propheta
3506 3953 3692 4010 vocari

2113 4048 2339 4137 quidem
2386 4065 2584 4126 Deum,
2610 4077 2721 4116 non
2756 4069 2943 4113 autem
2976 4072 3101 4111 esse
3133 4061 3407 4109 testatur:
3435 4048 3503 4102 Et
3532 4063 3692 4137 voca-

2114 4136 2273 4219 bitur,
2312 4156 2514 4225 inquit,
2568 4154 2750 4223 magni
2792 4149 2997 4205 consilii
3048 4144 3293 4217 angelus,
3339 4136 3689 4200 admirabilis,

2113 4250 2470 4311 consiliarius,
2501 4246 2642 4299 Deus
2672 4246 2845 4315 fortis.
2896 4242 3087 4310 Neque
3141 4237 3290 4292 enim
3339 4232 3525 4288 omnia
3570 4243 3692 4298 quae

2112 4351 2402 4407 vocantur,
2439 4339 2703 4395 continuo
2727 4337 2895 4391 etiam
2935 4330 3242 4387 vocationis
3295 4341 3409 4381 sua:
3436 4322 3692 4378 obtinent

2113 4435 2537 4506 proprietatem.
2572 4429 2821 4498 Denique
2865 4428 3013 4481 Deus
3058 4429 3290 4477 vocatus
3321 4420 3557 4488 Moyses,
3596 4413 3690 4468 sed

2113 4526 2431 4581 nullatenus
2468 4519 2777 4575 vocationis
2832 4518 2997 4587 hujus
3034 4506 3298 4569 obtinere
3317 4508 3566 4565 creditur
3595 4518 3691 4557 ve-

413 4609 801 4663 humanilatis
818 4618 1101 4678 assumpta
1130 4625 1201 4663 ει
1228 4610 1474 4679 Virgine,
1512 4610 1621 4665 nisi
1675 4610 1826 4665 illius
1869 4611 2011 4665 facta
2044 4631 2091 4689 ι)
2117 4616 2360 4669 ritateln.
2389 4611 2492 4666 Hic
2538 4612 2825 4672 docemur,
2868 4622 2985 4660 non
3035 4619 3157 4659 esse
3202 4614 3440 4671 puerum
3494 4602 3692 4689 natura

411 4711 527 4763 est,
564 4702 664 4769 qui
698 4716 756 4754 se
786 4715 853 4755 ex
888 4702 1004 4770 ipsa
1028 4701 1307 4755 tformavit
1344 4702 1650 4765 hominem,
1694 4712 1754 4757 et
1801 4702 2014 4758 idcirco

408 4806 557 4843 vere
601 4799 659 4843 et
696 4790 921 4859 proprie
956 4791 1273 4844 secundum
1332 4807 1559 4846 carnem
1625 4802 1815 4847 sancta
1844 4793 2014 4864 Virgo

411 4883 521 4937 Dei
554 4882 817 4936 Genitrix
838 4882 1107 4947 creditur,
1134 4884 1264 4951 quia
1291 4898 1401 4937 non
1427 4884 1577 4939 Deus
1612 4885 1669 4938 in
1690 4885 1875 4939 carnis
1916 4901 2015 4939 na-

411 4984 613 5027 tnram
635 4988 945 5027 conversus
963 4981 1070 5037 est,
1118 4984 1179 5028 ut
1202 4978 1313 5028 non
1343 4984 1493 5029 esset
1519 4976 1667 5030 Deus
1707 4976 1802 5046 qui
1850 4984 2015 5031 natus

410 5076 531 5125 est,
566 5065 667 5118 sed
707 5080 939 5119 manens
976 5065 1142 5128 Deus,
1171 5065 1336 5119 homo
1370 5066 1547 5121 lactus
1567 5075 1626 5121 et
1652 5076 1818 5121 natus
1842 5075 1948 5121 est.

488 5158 564 5211 N.
600 5156 836 5211 Sursum
868 5173 933 5212 ac
967 5157 1232 5213 deorsum
1279 5157 1421 5211 nihil
1467 5158 1619 5213 aliud
1668 5160 1884 5213 moliris
1926 5159 2012 5231 (ut

409 5251 647 5315 video),
684 5249 791 5303 nisi
835 5258 895 5303 ut
933 5251 1104 5303 Deum
1143 5261 1343 5305 natura
1389 5250 1595 5305 doceas
1645 5267 1794 5317 eum,
1838 5268 2005 5321 quem

410 5340 595 5408 Virgo
651 5338 817 5391 enixa
846 5348 962 5393 est:
995 5340 1091 5394 sed
1146 5341 1246 5394 tibi
1286 5356 1389 5409 pro
1435 5357 1522 5395 mc
1574 5356 1740 5395 voces
1783 5342 2013 5397 obviant

406 5432 783 5499 evangelicae,
818 5446 939 5500 qum
970 5432 1283 5486 nullatenus
1303 5433 1634 5501 permittunt
1667 5433 1841 5488 Deum
1874 5450 2014 5504 pra:-

406 5523 613 5577 dicare
647 5538 802 5586 eum,
841 5523 936 5593 qui
959 5540 1028 5577 ex
1061 5524 1286 5591 Virgine
1320 5534 1483 5578 natus
1512 5534 1618 5579 est.

480 5611 553 5667 C.
595 5612 663 5664 Et
690 5629 940 5681 quasnam
964 5613 1071 5668 illa:
1092 5628 1256 5667 voces
1279 5621 1428 5679 sunt,
1456 5630 1580 5685 quin
1600 5629 1689 5670 me
1713 5614 2013 5684 prohibent

407 5705 597 5760 Deum
624 5719 697 5756 ex
727 5702 953 5772 Virgine
970 5702 994 5755 ?

485 5880 540 5913 ⁸³
571 5880 769 5935 .‘tlatth.
812 5881 964 5945 n,l5.

1060 5879 1106 5911 “
1136 5878 1269 5935 ibid.
1377 5877 1565 5934 “'lsa.
1603 5894 1676 5941 is,
1703 5878 1757 5933 9.

2115 4707 2310 4769 Deum,
2348 4703 2443 4758 sed
2472 4709 2699 4771 propter
2735 4699 2909 4754 Deum
2940 4696 3039 4766 qui
3064 4695 3114 4750 ei
3149 4692 3341 4747 unitus
3362 4699 3468 4754 est,
3519 4686 3691 4740 Deum

2114 4813 2145 4852 a
2181 4797 2448 4867 pr0pheta
2477 4793 2686 4847 vocari.

2184 4888 2245 4943 C.
2278 4886 2537 4956 Impietas
2569 4882 2863 4938 manifesta
2889 4899 2903 4934 :
2934 4878 3244 4935 secundum
3270 4876 3422 4929 hunc
3453 4882 3691 4937 namque

2112 4976 2481 5048 expositionis
2516 4984 2626 5031 tua:
2675 4989 2926 5036 sensum,
2980 4986 3113 5041 ergo
3147 4978 3204 5023 et
3253 4966 3401 5036 quod
3458 4961 3689 5023 dicitur.

2116 5085 2257 5140 puer
2289 5077 2452 5123 natus
2466 5068 2785 5121 nullatenus
2818 5062 3262 5120 substantialiter
3294 5052 3690 5124 intelligendus

2115 5170 2202 5216 est
2237 5168 2434 5214 natus:
2466 5157 2596 5227 quia
2626 5158 2671 5211 si
2716 5157 2862 5211 Deus
2889 5154 3048 5209 fortis
3077 5152 3223 5207 idem
3272 5164 3433 5218 puer,
3476 5141 3623 5213 quod
3658 5154 3688 5195 a

2117 5252 2385 5323 propheta
2416 5258 2671 5314 vocatur,
2700 5249 2855 5317 juxta
2881 5254 2932 5300 te
2962 5240 3401 5300 substantialiter
3434 5250 3545 5288 non
3575 5240 3687 5323 est,

2118 5322 2247 5412 quia
2274 5347 2332 5394 et
2370 5339 2583 5409 Moyses
2618 5345 2867 5395 vocatur,
2898 5342 2958 5387 ut
3015 5334 3115 5395 ais,
3155 5333 3318 5391 Deus,
3369 5322 3517 5395 quod
3554 5322 3690 5377 sub-

2111 5431 2446 5487 stantialiter
2477 5446 2585 5483 nou
2621 5438 2743 5483 est:
2781 5442 2915 5497 ergo
2969 5433 3026 5479 et
3081 5420 3229 5491 quod
3260 5419 3488 5479 dicitur,
3546 5430 3688 5484 puer

2112 5531 2298 5587 natus,
2350 5536 2459 5575 non
2518 5529 2602 5573 est
2651 5515 3092 5572 substantialiter
3126 5518 3308 5571 natus,
3353 5506 3482 5577 quia
3525 5504 3687 5558 multi

2111 5612 2374 5666 dicuntur
2404 5608 2577 5673 nasci,
2609 5608 2705 5676 qui
2743 5615 2924 5659 tamen
2956 5599 3398 5657 substantialiter
3448 5612 3557 5651 non
3583 5610 3686 5650 na-

2113 5712 2365 5769 scuntur,
2394 5701 2540 5757 sicut
2562 5699 2735 5755 habes
2764 5714 2778 5752 :
2814 5692 3050 5765 Populus
3089 5692 3181 5764 qui
3230 5698 3497 5755 nascetur,
3532 5700 3689 5761 quem
