4146 6490
475 439 578 505 123

1716 444 2039 507 JOANNIS
2075 444 2465 506 MAXEN'I’II

3640 443 3747 509 12$

469 559 592 627 fecit
622 551 877 611 Dominus
900 557 966 611 ⁸⁷.
1001 558 1068 612 Et
1095 556 1397 627 Apostolus
1423 556 1489 611 ad
1514 573 1633 622 eos,
1673 561 1767 629 qui
1794 563 1906 631 jam
1935 562 2061 617 sub-
2090 568 2133 623 Α
2163 561 2335 615 dubio
2359 562 2507 616 Deus
2533 565 2618 613 est
2657 566 2878 622 unctus,
2905 565 2962 612 et
2983 572 3092 613 non
3114 573 3252 628 puer
3278 558 3440 614 Jesus
3457 558 3739 622 Christus.

469 648 807 705 stantialiter
844 650 1221 705 exsistebant:
1253 649 1392 703 Nam
1432 652 1478 703 si
1515 652 1691 706 decem
1733 652 1927 719 millia,
1971 654 2059 708 in-

472 742 615 811 quit,
669 742 1078 811 pwdagogorum
1139 742 1377 795 habeatis
1408 743 1464 795 in
1518 742 1752 809 Christo,
1804 747 1894 799 sed
1953 764 2059 800 non

474 830 668 886 multos
690 841 888 902 patres.
916 832 1057 886 Nam
1081 834 1137 887 in
1173 832 1380 888 Christo
1422 833 1548 887 Iesu
1588 852 1681 905 per
1704 837 2059 908 Evangelium

473 941 568 993 ego
622 941 710 978 vos
750 926 908 993 genui
954 925 1021 978 ⁸⁸.
1053 924 1355 981 Contendit
1404 927 1650 998 denique
1702 930 1819 984 haec
1876 940 2059 986 vestra

475 1015 861 1084 interpretatio
910 1017 1079 1070 etiam
1138 1018 1299 1078 illud,
1332 1020 1482 1087 quod
1538 1021 1722 1076 omnis
1777 1024 2057 1078 catholica

474 1108 720 1163 Ecclesia
762 1108 1083 1174 conﬁtetur,
1113 1110 1313 1163 Filium
1346 1111 1443 1165 Dei
1510 1112 1683 1166 Deum
1734 1122 1931 1168 natum
1983 1115 2053 1170 de

475 1200 643 1254 Patre
673 1200 1139 1265 substantialiter,
1208 1201 1407 1255 falsum
1443 1202 1668 1268 docere,
1704 1214 1761 1259 et
1802 1221 1929 1260 cum
1961 1207 2062 1262 Ar-

476 1292 650 1346 rianis
677 1302 870 1347 natum
902 1293 1129 1361 quidem
1165 1292 1234 1347 de
1255 1294 1415 1349 Patre
1470 1294 1661 1350 dicere
1700 1296 1926 1362 Filium,
1962 1299 2059 1353 sed

478 1398 592 1437 non
655 1383 1101 1438 substantialiter
1158 1382 1228 1438 de
1272 1398 1340 1438 eo
1402 1393 1615 1439 natum.
1655 1387 1723 1442 Et
1758 1388 1903 1442 unde
1946 1390 2056 1459 jam

479 1474 924 1529 substantialitcr
958 1484 1123 1530 natus
1148 1475 1412 1529 credatur
1437 1477 1584 1531 Deus
1613 1493 1772 1547 puer,
1816 1481 1914 1550 qui
1958 1496 2063 1536 nec

480 1568 551 1621 de
581 1578 755 1621 matre
785 1582 888 1621 nec
928 1567 997 1621 de
1048 1576 1207 1637 patre
1257 1571 1563 1624 secundum
1590 1586 1688 1627 vos
1734 1572 2064 1644 intelligitur

481 1659 925 1714 substantialiter
944 1661 1144 1714 natus?

554 1751 620 1805 N.
652 1751 797 1815 Noli,
833 1767 1019 1821 quaeso
1072 1762 1146 1818 te,
1189 1753 1243 1807 in
1275 1756 1644 1823 supervacuis
1693 1766 1913 1827 tempus
1960 1774 2060 1813 ex-

482 1841 749 1911 pendere.
798 1842 909 1897 Nos
970 1843 1118 1897 enim
1170 1845 1341 1899 Deum
1401 1846 1622 1914 Filium,
1677 1849 2060 1906 abominantes

485 1931 828 2001 impietatem
873 1934 1045 1999 Arrii,
1111 1935 1560 1992 substantialitcr
1589 1947 1782 1993 natum
1828 1957 1896 1996 ex
1943 1942 2058 1996 Deo

484 2020 646 2076 Patre
683 2023 966 2078 credimus
999 2034 1056 2080 et
1100 2026 1491 2093 praedicamus,
1521 2037 1578 2083 et
1602 2047 1838 2100 puerum
1867 2042 2060 2087 natum

483 2129 552 2168 cx
581 2113 799 2184 Virgine
824 2116 1269 2172 subSIantialiter
1322 2119 1442 2173 sine
1493 2121 1663 2177 dubio
1710 2124 2060 2187 conﬁtemur.

483 2220 647 2274 quem
682 2206 849 2261 etiam
904 2218 1132 2278 prepter
1157 2226 1284 2265 eum
1314 2212 1409 2281 qui
1471 2212 1522 2267 ei
1566 2215 1757 2270 unitus
1808 2226 1916 2282 est,
1977 2234 2063 2272 se-

481 2305 718 2367 quentes
747 2300 1098 2369 prophetam,
1137 2302 1373 2357 dicimus
1401 2304 1597 2360 Deum.

550 2384 612 2441 C.
636 2386 733 2441 Est
761 2403 893 2458 ergo
927 2404 1066 2458 puer
1096 2406 1206 2445 non
1226 2400 1424 2447 natura
1452 2394 1620 2460 Deus,
1658 2396 1755 2451 sed
1775 2397 2062 2455 vocatione

481 2476 627 2532 sicut
662 2477 914 2550 Moyses?

553 2570 618 2624 N.
695 2570 751 2625 Si
796 2588 907 2627 non
944 2576 1232 2631 vocatione
1281 2584 1337 2631 et
1383 2576 1675 2647 dignitate,
1716 2581 1810 2635 sed
1865 2591 2062 2638 natura

479 2661 629 2716 Deus
644 2672 730 2716 est
749 2678 905 2733 puer,
922 2674 1019 2719 aut
1047 2666 1583 2724 consubstantialem
1606 2671 1770 2744 549
1786 2674 1898 2730 Deo
1914 2673 2063 2730 Patri

481 2753 664 2808 credis
692 2770 942 2821 carnem,
959 2768 1055 2811 aut
1079 2775 1317 2828 puerum
1337 2770 1529 2816 natum
1545 2762 1613 2817 de
1631 2765 1852 2835 Virgine
1881 2767 2064 2823 incor-

482 2859 715 2915 poreum
764 2848 1071 2904 conﬁteris.

552 2935 615 2991 C.
644 2937 724 2992 Tu
756 2956 990 3009 puerum
1026 2942 1418 3013 incorporeum
1449 2963 1559 3001 non
1617 2949 1847 3004 credere
1896 2960 2063 3006 autu-

483 3044 623 3094 mas,
657 3047 759 3085 nos
792 3048 822 3087 e
849 3045 1039 3089 contra
1073 3037 1247 3091 Deum
1279 3037 1377 3092 tibi
1422 3054 1647 3096 carnem
1682 3042 2064 3113 factumjuxta

483 3120 771 3191 Evangelii
819 3126 1153 3182 sententiam
1192 3130 1579 3199 praedicamus,
1639 3134 1799 3203 cujus
1841 3150 2064 3189 carnem

484 3229 597 3268 non
625 3216 736 3270 Deo
757 3217 927 3283 Patri,
962 3219 1059 3274 sed
1108 3222 1271 3276 matri
1310 3225 1843 3281 consubstantialem
1879 3227 2064 3281 credi-

483 3321 627 3361 mus.
689 3308 1043 3365 Divinitatem
1098 3328 1231 3367 vero
1258 3330 1370 3369 non
1414 3316 1599 3381 matri,
1633 3316 1726 3371 sed
1769 3318 1880 3372 Deo
1913 3318 2062 3372 Patri

484 3399 1017 3457 consubstantialem
1045 3403 1307 3462 fatemur.

554 3491 622 3545 N.
656 3492 881 3549 Varium
939 3497 1232 3566 quemdam
1282 3509 1341 3554 et
1398 3501 1687 3557 diversum
1738 3504 2064 3559 assertionis

485 3592 591 3639 tute
626 3601 874 3654 sensum,
906 3588 1070 3644 modo
1110 3591 1572 3659 confundentem,
1628 3595 1797 3650 modo
1849 3598 2063 3653 discer—

485 3688 707 3734 nentem
737 3691 986 3747 naturas,
1026 3700 1254 3753 prorsus
1292 3685 1602 3758 intelligere
1649 3705 1760 3743 non
1809 3706 2056 3760 possum.

487 3771 545 3825 Si
568 3773 736 3842 igitur
768 3774 1115 3830 divinitatem
1150 3778 1323 3842 Patri,
1376 3794 1603 3835 carnem
1656 3798 1793 3836 vero
1818 3785 2064 3840 consub-

487 3865 800 3919 stantialem
832 3868 1102 3936 praedicas
1138 3871 1329 3936 matri,
1385 3875 1667 3946 quomodo
1704 3891 1890 3930 sanam
1921 3878 2066 3935 hanc

486 3964 807 4011 naturarum
839 3960 1185 4017 confundens
1215 3963 1634 4033 discretionem,
1675 3985 1871 4025 rursus
1890 3972 2062 4026 Deum

488 4061 711 4101 carnem
734 4048 939 4104 factum
969 4052 1196 4117 asseris,
1240 4070 1367 4109 cum
1406 4057 1479 4111 sit
1516 4058 1661 4112 Deus
1692 4076 1803 4114 non
1837 4077 2061 4133 corpus,

488 4140 585 4195 sed
623 4140 886 4211 Spiritus,
916 4145 1152 4201 Domino
1183 4146 1436 4202 dicente:
1464 4149 1602 4204 Deus
1629 4150 1859 4222 Spiritus
1902 4165 1975 4208 est
1996 4156 2066 4210 5"?

552 4230 614 4286 C.
646 4234 845 4288 Veram
872 4246 1199 4292 naturarum
1235 4242 1661 4298 conventionem
1695 4246 1794 4305 Dei
1817 4247 1982 4302 Verbi
2009 4259 2066 4304 et

487 4323 671 4377 carnis
720 4323 980 4393 fatentes,
1038 4344 1148 4382 non
1202 4331 1617 4399 confundimus,
1665 4336 1761 4391 sed
1816 4339 2062 4405 unimus,

487 4412 617 4480 quia
664 4429 775 4471 non
822 4416 878 4469 in
930 4434 1151 4473 carnem
1197 4436 1442 4489 versum,
1494 4425 1590 4479 sed
1636 4429 1788 4481 carni
1824 4428 2063 4494 unitum,

486 4500 691 4559 factum
718 4505 999 4563 hominem
1026 4510 1408 4577 prtedicamus.

2162 652 2362 722 Sicque
2394 653 2506 723 jam
2561 665 2673 704 non
2716 648 2971 704 Christus
3027 649 3206 705 factus
3268 652 3523 708 creditur
3571 656 3739 721 Deus,

2160 743 2257 798 sed
2289 743 2436 797 Deus
2466 743 2619 812 juxta
2651 756 2747 795 vos
2771 739 2950 795 factus
2992 739 3325 811 intelligitur
3368 741 3649 810 Christus,
3684 756 3743 803 et

2160 834 2507 890 mentiuntur
2539 834 2798 903 discipuli
2828 835 2887 886 in
2914 833 3148 888 Actibus
3197 836 3601 905 apostolorum,
3629 855 3747 894 non

2160 925 2357 990 Deum,
2417 924 2512 980 sed
2554 940 2787 994 puerum
2846 924 3034 979 Jesum
3089 935 3317 979 unctum
3384 928 3745 985 testiﬁcantes

2161 1026 2328 1085 atque
2360 1015 2644 1070 dicentes:
2670 1014 3037 1070 Convenerunt
3086 1017 3228 1069 enim
3284 1033 3404 1071 vere
3442 1019 3498 1071 in
3532 1021 3752 1074 civitate

2162 1111 2266 1163 ista
2288 1109 2567 1163 adversum
2594 1117 2837 1162 sanctum
2894 1124 3121 1178 puerum
3174 1116 3324 1162 tuum
3355 1109 3563 1176 Iesum,
3590 1128 3746 1183 quem

2161 1201 2379 1264 unxisti,
2412 1199 2645 1253 Herodes
2692 1208 2741 1252 et
2770 1198 2986 1253 Pontius
3008 1198 3217 1254 Pilatus
3247 1201 3315 1254 “.

2230 1336 2291 1393 C.
2323 1337 2444 1392 Non
2498 1336 2895 1391 confundimus
2940 1344 3267 1392 naturarum
3323 1337 3747 1405 diversitatem,

2160 1432 2304 1487 sicut
2334 1432 2591 1502 superius
2618 1430 2717 1485 tibi
2754 1446 3083 1500 responsum
3115 1441 3220 1487 est.
3278 1433 3421 1499 Quia
3455 1450 3559 1488 nec
3590 1434 3746 1489 divi-

2160 1521 2390 1576 nitatem
2419 1520 2588 1575 Verbi
2651 1519 2711 1573 in
2780 1528 3034 1575 naturam
3078 1521 3360 1575 credimus
3421 1537 3747 1576 conversam

2161 1616 2480 1677 humanam,
2506 1628 2609 1667 nec
2635 1628 2832 1668 rursus
2858 1614 3157 1667 humanam
3188 1614 3244 1668 in
3291 1614 3600 1669 divinitatis
3632 1630 3752 1669 mu-

2162 1714 2329 1761 tatam
2363 1706 2663 1761 essentiam
2713 1705 3104 1775 prredicamus,
3146 1716 3532 1761 verumtamen
3579 1706 3749 1761 Chri-

2161 1807 2305 1852 stum
2330 1813 2463 1859 non,
2483 1803 2543 1850 ut
2576 1802 2631 1849 tu
2668 1796 2893 1861 asseris,
2942 1796 3113 1850 Deum
3146 1796 3377 1862 factum,
3424 1796 3523 1851 sed
3568 1797 3749 1851 Deum

2092 1910 2132 1965 Β
2161 1889 2366 1942 factum
2394 1887 2683 1943 Christum
2725 1887 2895 1958 (quod
2928 1887 3030 1941 tibi
3057 1886 3339 1957 displicet)
3385 1888 3743 1953 conﬁtemur.

2162 1980 2302 2047 Quia
2332 1995 2443 2034 non
2478 1995 2605 2034 cum
2648 1994 2861 2049 pauper
2878 1988 3048 2044 esset,
3108 1979 3267 2035 dives
3292 1980 3474 2036 factus
3507 1988 3611 2044 est,
3648 1980 3751 2036 sed

2163 2088 2287 2126 cum
2311 2071 2465 2127 dives
2497 2077 2667 2135 esset,
2705 2087 2919 2141 pauper
2943 2072 3126 2126 factus
3172 2080 3280 2137 est,
3314 2082 3377 2127 ut
3412 2088 3514 2127 nos
3548 2072 3753 2128 divites

2163 2162 2371 2217 faceret
2398 2165 2467 2220 “.
2499 2163 2613 2218 Nec
2636 2163 2784 2219 enim
2810 2178 2936 2218 cum
2968 2172 3117 2218 esset
3142 2164 3198 2218 in
3230 2164 3407 2219 forma
3435 2166 3602 2228 servi,
3635 2165 3753 2220 for-

2163 2268 2305 2306 mam
2338 2253 2435 2307 Dei
2470 2253 2704 2322 accepit,
2733 2252 2830 2307 sed
2861 2269 2987 2308 cum
3022 2263 3168 2308 esset
3196 2253 3251 2307 in
3270 2252 3445 2307 forma
3477 2254 3597 2318 Dei,
3627 2253 3755 2309 for-

2164 2362 2307 2400 mam
2330 2347 2475 2400 servi
2499 2344 2714 2415 accepit
2735 2345 2800 2400 “.
2817 2344 3091 2400 Similiter
3117 2344 3285 2400 etiam
3309 2360 3412 2400 nec
3449 2361 3575 2399 cum
3602 2354 3756 2400 esset

2163 2454 2315 2503 caro,
2346 2439 2589 2495 Verbum
2614 2448 2697 2494 est
2724 2438 2953 2502 factum,
2991 2437 3089 2492 sed
3138 2452 3263 2491 cum
3304 2447 3454 2492 esset
3480 2438 3751 2504 Verbum,

2164 2548 2293 2586 caro
2316 2544 2454 2586 ‘caro
2482 2532 2687 2586 factum
2722 2540 2809 2586 est
2841 2532 2907 2585 “.
2934 2530 3091 2597 Quod
3114 2539 3299 2585 autem
3329 2530 3480 2585 dicis
3508 2547 3520 2584 :
3555 2532 3611 2586 Si
3646 2548 3753 2585 na-

2165 2632 2287 2677 tura
2319 2630 2405 2678 est
2439 2624 2586 2678 Deus
2619 2638 2780 2692 puer,
2824 2629 2989 2677 natus
3017 2621 3086 2677 de
3123 2622 3375 2693 Virgine,
3419 2622 3621 2678 fallunt
3669 2623 3757 2676 tli-

2164 2715 2364 2786 scipuli
2423 2715 2479 2769 in
2536 2716 2768 2771 Actibus
2792 2714 3195 2784 apostolorum,
3242 2730 3356 2769 non
3408 2714 3605 2779 Deum,
3651 2714 3755 2772 sed

2166 2823 2402 2878 puerum
2452 2807 2641 2863 Jesum
2694 2815 2926 2861 unctum
2980 2805 3342 2861 testiﬁcantes
3405 2807 3472 2860 ⁸⁵.
3518 2805 3639 2860 Non
3671 2806 3754 2860 illi

2166 2898 2385 2962 fallunt,
2416 2896 2514 2952 sed
2553 2906 2610 2951 tu
2646 2896 2833 2966 potius
2861 2895 3092 2959 falleris,
3124 2895 3218 2965 qui
3243 2895 3417 2950 Deum
3441 2894 3756 2950 secundum

2166 3004 2388 3043 carnem
2440 2996 2670 3043 unctum
2703 3001 2816 3040 non
2851 2985 3137 3056 intelligis.
3202 2986 3340 3041 Nam
3395 2985 3440 3041 si
3473 3001 3587 3041 non
3615 3000 3754 3041 con-

2169 3082 2358 3147 trario,
2393 3081 2489 3136 sed
2536 3095 2650 3134 uno
2700 3080 2902 3149 spiritu
2954 3078 3262 3149 discipulos
3316 3086 3375 3135 et
3425 3080 3757 3150 prophetam

2167 3171 2350 3226 credis
2372 3171 2606 3234 locutos,
2643 3170 2771 3224 audi
2816 3169 3145 3240 prophetam
3184 3168 3356 3224 Deum
3378 3180 3607 3225 unctum
3632 3186 3756 3224 ma-

2093 3248 2136 3307 C
2171 3261 2369 3339 nifeste
2397 3261 2692 3316 docentem
2720 3267 2884 3328 atque
2915 3258 3223 3313 dicentem:
3251 3256 3410 3312 Sedes
3438 3267 3552 3323 tua,
3590 3257 3753 3321 Deus,

2168 3358 2225 3409 in
2248 3351 2722 3416 saeculumsteculi,
2754 3352 2904 3420 virga
2934 3350 3222 3420 wquitatis,
3266 3349 3417 3419 virga
3455 3349 3605 3419 regni
3652 3350 3755 3401 tui.

2170 3446 2416 3501 Dilexisti
2434 3445 2729 3515 justitiam,
2778 3451 2825 3495 et
2859 3442 3015 3495 odisti
3062 3440 3424 3510 iniquitatem,
3473 3448 3757 3509 propterea

2170 3544 2326 3597 unxit
2351 3550 2399 3596 te
2418 3542 2578 3606 Deus,
2598 3540 2738 3594 Deus
2759 3546 2901 3600 tuus,
2922 3536 3037 3590 oleo
3058 3536 3257 3590 latitia:
3278 3550 3388 3604 pra:
3412 3533 3757 3606 participibus

2171 3637 2272 3689 tuis
2306 3636 2371 3689 “.
2418 3633 2558 3688 llinc
2618 3630 2908 3687 evidenter
2960 3636 3193 3699 apparet
3251 3643 3364 3683 non
3419 3625 3605 3696 alium|
3631 3642 3759 3682 esse

2170 3735 2399 3781 unctum
2434 3739 2673 3795 puerum
2704 3723 2914 3785 Jesum,
2947 3721 3056 3774 nisi
3090 3721 3287 3785 Deum,
3318 3734 3421 3773 nec
3447 3719 3760 3773 essealium

2170 3820 2343 3875 Deum
2371 3826 2624 3882 unctum,
2658 3815 2765 3869 nisi
2829 3830 3067 3884 puerum
3095 3814 3308 3877 Jesum,
3344 3811 3392 3867 si
3426 3820 3611 3866 tamen
3642 3825 3760 3866 non

2170 3911 2331 3974 duos,
2357 3910 2455 3965 sed
2482 3923 2655 3962 unum
2683 3905 2967 3961 Christum
3015 3905 3319 3977 prophetas
3370 3912 3428 3959 et
3472 3904 3760 3974 apostolos

2169 4003 2505 4073 praedicasse
2535 4016 2649 4054 non
2684 3996 2930 4053 dubitas.

2243 4140 2311 4196 N.
2340 4140 2487 4197 Duos
2512 4137 2767 4193 Christos
2789 4134 3158 4207 praedicantes
3191 4133 3417 4189 omnino
3440 4132 3757 4197 abominor,

2171 4233 2301 4303 quia
2346 4246 2460 4285 uno
2494 4230 2699 4299 spiritu
2745 4227 3074 4299 prophetam
3123 4234 3180 4281 et
3219 4226 3499 4297 apostolos
3538 4224 3762 4280 locutos

2171 4342 2293 4382 csse
2322 4340 2431 4379 non
2467 4323 2709 4393 ambigo,
2738 4321 2834 4376 sed
2870 4330 2922 4375 te
2956 4320 3233 4375 contraria
3281 4318 3613 4374 sentientem
3665 4331 3760 4371 re-

2172 4424 2328 4487 puto,
2361 4412 2487 4483 quia
2513 4412 2671 4483 quasi
2701 4427 2768 4466 ex
2799 4410 3089 4480 propheta:
3115 4409 3415 4474 sententia,
3440 4424 3568 4463 eum
3591 4422 3759 4477 quem

2174 4511 2293 4581 ipse
2370 4515 2602 4563 unctum
2658 4506 2946 4577 praedicas,
3002 4506 3180 4560 Deum
3263 4511 3467 4557 natura
3533 4502 3761 4557 conaris

555 4597 620 4652 N.
681 4598 819 4654 Cum
862 4602 1005 4656 Deus
1034 4603 1201 4669 dicat,
1256 4607 1394 4675 quod
1443 4608 1506 4661 de
1531 4624 1690 4661 carne
1746 4619 1934 4665 natum
1964 4620 2060 4677 est,
2095 4608 2142 4668 D
2168 4612 2442 4659 astruere.
2499 4602 2635 4656 Nam
2684 4615 2811 4655 cum
2869 4599 3137 4670 propheta
3192 4613 3321 4652 eum
3354 4597 3549 4651 .Deum
3586 4612 3617 4650 a
3645 4596 3763 4650 Deo

487 4703 614 4742 caro
655 4698 753 4755 est,
818 4694 954 4762 quod
1016 4705 1192 4748 autem
1255 4706 1439 4751 natum
1490 4708 1565 4751 est
1612 4700 1676 4753 de
1718 4702 1929 4771 spiritu,
1955 4704 2066 4773 spi-

488 4782 623 4835 ritus
675 4793 749 4837 est
783 4784 850 4837 ⁸ο.
904 4785 1194 4851 Quomodo
1230 4805 1465 4859 puerum
1504 4800 1697 4847 natum
1755 4809 1823 4848 ex
1856 4794 2064 4849 femina

487 4889 600 4928 non
636 4876 911 4943 unitione,
940 4879 1035 4933 sed
1067 4891 1264 4935 natura
1290 4883 1463 4937 Deum
1505 4885 1756 4939 asseris?

559 4967 619 5023 C.
650 4968 789 5036 Quia
813 4986 923 5025 non
960 4980 1047 5026 est
1070 4973 1211 5027 alter
1249 4984 1411 5029 natus
1454 4975 1522 5029 de
1562 4992 1729 5031 carne
1773 4978 2071 5033 carnaliter

488 5078 638 5128 caro,
660 5062 768 5117 nisi
797 5063 887 5118 ille
915 5065 1098 5135 quide
1135 5067 1333 5136 spiritu
1364 5068 1735 5137 spiritualiter
1781 5078 1946 5122 natus
1984 5079 2070 5123 est

489 5156 736 5224 spiritus.
764 5156 978 5213 idcirco
1022 5158 1264 5229 denique
1299 5177 1365 5214 ex
1390 5161 1608 5216 duabus
1649 5171 1706 5217 et
1747 5161 1804 5215 in
1848 5161 2067 5215 duabus

489 5250 704 5303 naturis
765 5250 937 5306 unitis
980 5258 1038 5307 et
1099 5252 1431 5319 iuconfusis,
1480 5253 1655 5308 Deum
1713 5253 1812 5308 Dei
1866 5254 2068 5309 Filium

490 5338 873 5406 praedicamus.

561 5431 626 5485 N.
663 5431 769 5487 Sed
801 5432 997 5490 harum
1029 5444 1357 5491 naturarum
1407 5436 1787 5492 diversitatem
1832 5436 2069 5491 confun-

494 5521 599 5583 dis,
631 5524 800 5579 Deum
837 5536 1035 5583 natura
1062 5529 1372 5599 praedicans
1404 5544 1553 5592 eum,
1573 5529 1668 5598 qui
1697 5528 1947 5582 unitione
1972 5528 2068 5583 Dei

495 5615 659 5670 Verbi
698 5617 843 5673 Deus
873 5620 1099 5676 dicitur.
1134 5620 1271 5676 Nam
1309 5620 1354 5676 si
1388 5636 1499 5675 non
1535 5620 1809 5686 unitione,
1840 5620 1935 5675 sed
1964 5636 2066 5675 na-

496 5711 619 5760 tura
647 5707 791 5762 Deus
838 5720 944 5775 est,
993 5710 1088 5779 qui
1122 5711 1190 5766 de
1243 5711 1471 5781 Virgine
1524 5718 1686 5766 natus
1729 5718 1835 5775 est,
1872 5712 2062 5780 procul

566 5842 610 5873 ⁵⁷
640 5842 782 5897 Psal.
829 5860 938 5907 χχι,
994 5844 1086 5899 32.
1160 5845 1248 5899 "1
1287 5844 1412 5901 Cor.
1437 5862 1511 5909 IV,
1539 5847 1591 5901 4.
1669 5847 1713 5879 ⁵ο
1734 5846 1892 5902 Joan.
1925 5862 1999 5905 IV.
2022 5846 2111 5902 2i.

2167 4706 2394 4752 unctum
2434 4695 2716 4766 praedicet,
2774 4708 2939 4763 quem
2990 4701 3048 4746 et
3095 4691 3398 4762 participes
3449 4690 3612 4745 docet
3660 4689 3764 4743 ha-

2167 4790 2322 4854 bere,
2360 4798 2417 4843 tu
2451 4797 2648 4843 natura
2672 4787 2868 4850 Deum,
2891 4785 2985 4854 qui
3020 4785 3233 4839 nullum
3259 4783 3428 4838 habet
3450 4780 3759 4837 secundum

2170 4892 2424 4937 naturam
2465 4896 2620 4934 suam
2646 4878 2999 4949 participem,
3030 4886 3259 4931 unctum
3291 4877 3495 4930 docere
3526 4875 3759 4929 conclu-

2170 4976 2277 5039 dis,
2310 4992 2435 5031 cum
2458 4976 2607 5029 Deus
2638 4987 2750 5027 non
2781 4970 2953 5026 habet
2979 4972 3208 5025 omnino
3240 4969 3566 5041 participes,
3612 4968 3762 5022 sicut

2171 5084 2279 5123 non
2309 5066 2477 5121 habet
2505 5065 2727 5127 fratres,
2755 5062 2851 5118 sed
2900 5062 2994 5116 ille
3027 5062 3261 5117 docetur
3289 5061 3497 5115 habere
3526 5057 3763 5128 partici-

2170 5176 2289 5232 pes,
2325 5160 2393 5214 de
2424 5173 2536 5227 quo
2567 5158 2645 5212 ait
2673 5156 3011 5227 Apostolus:
3064 5156 3205 5220 Quia
3241 5172 3363 5225 ergo
3413 5154 3565 5225 pueri
3612 5168 3760 5204 com-

2171 5254 2575 5305 municaverunt
2600 5250 2755 5304 carni
2779 5258 2830 5303 et
2854 5248 3122 5318 sanguini,
3163 5257 3212 5302 et
3241 5249 3357 5319 ipse
3392 5244 3759 5301 communica-

2168 5348 2240 5400 vit
2276 5347 2462 5399 iisdem
2487 5343 2550 5397 ⁸⁷.
2593 5342 2663 5396 Ει
2722 5342 2818 5411 qui
2869 5340 3044 5395 dixit:
3072 5339 3319 5395 Narrabo
3376 5356 3569 5393 nomen
3608 5353 3759 5391 tuum

2171 5436 2429 5508 fratribus
2480 5435 2630 5498 meis,
2660 5435 2715 5487 in
2755 5434 2925 5487 medio
2989 5432 3240 5487 Ecclesia:
3296 5432 3528 5486 laudabo
3586 5440 3636 5484 te
3686 5430 3757 5485 ⁸⁸.

2178 5525 2335 5581 Unde
2370 5522 2659 5580 evidenter
2685 5532 2935 5593 apparet,
2960 5538 3072 5577 non
3117 5532 3338 5587 natura,
3373 5521 3471 5576 sed
3503 5521 3759 5575 unitionc

2174 5619 2345 5673 Deum
2402 5632 2522 5671 esse
2545 5630 2696 5680 cum,
2745 5630 2908 5685 quem
2942 5630 3055 5685 pra:
3107 5614 3475 5685 participibus
3526 5620 3757 5667 unctum

2174 5710 2443 5782 propheta
2475 5715 2733 5763 testatur.

2192 5847 2237 5878 ⁸ο
2270 5846 2427 5901 Joan.
2461 5861 2539 5905 tu.
2563 5844 2615 5899 6.
2689 5844 2731 5876 ⁶¹
2756 5843 2880 5899 Act.
2907 5861 2979 5904 tv.
3003 5844 3093 5898 27.
3190 5843 3235 5875 “
3276 5842 3320 5897 ll
3365 5842 3496 5897 Cor.
3555 5857 3670 5903 vin,
3699 5830 3781 5892 9.‘

476 5907 544 5981 ,⁸³
574 5912 808 5975 Philipp.
849 5931 906 5983 ιι,
937 5915 988 5970 6.
1066 5914 1111 5948 ⁸³
1149 5914 1305 5972 Joan.
1347 5932 1384 5984 ι,
1440 5907 1519 5972 ll.
1598 5918 1641 5950 “
1671 5917 1792 5975 Act.
1836 5935 1889 5987 χ,
1927 5917 2015 5975 58.

2173 5917 2317 5977 Psal.
2363 5933 2503 5985 κων,
2533 5916 2586 5985 7,
2612 5918 2665 5973 8.
2743 5917 2784 5950 ⁸⁷
2820 5915 2988 5972 llebr.
3021 5930 3079 5983 ιι,
3110 5914 3193 5982 ll,
3269 5913 3314 5947 "
3336 5913 3486 5973 Psal.
3521 5928 3629 5980 xxi,
3661 5908 3753 5965 25.
