2073 3224
196 231 252 267 115

669 233 768 264 DIAL.
785 233 935 264 CONTRA
952 232 1227 263 NESTOBIANOS.
1242 246 1276 251 —
1294 234 1369 263 LIB.

1781 230 1831 262 126

235 292 266 323 ε.
279 290 426 326 Quomodo
438 299 502 326 eos,
527 293 577 329 qui
594 292 665 321 duos
677 292 805 321 Christus
823 292 988 328 praedicant,
1004 294 1027 322 Α
1040 292 1141 326 Joseph
1153 291 1294 319 credimus
1305 291 1429 319 omnium
1444 291 1627 322 Salvatorem,
1654 290 1702 317 sed
1726 290 1831 317 incom-

199 337 349 367 διο-ἰυῆ
364 343 394 366 te
409 339 526 371 asseris.
545 347 610 367 cum
623 343 653 367 tu
668 339 740 367 duos
755 339 827 366 ﬁlios
845 338 991 366 manifeste

196 383 348 420 pudiare
355 384 544 413 ’conviucoris
550 385 563 412 2

181 465 186 475 .
227 429 264 458 Ν.
274 429 313 458 Et
329 430 379 459 ubi
394 430 502 460 audisti
514 439 561 460 me
577 431 649 459 duos
662 430 735 458 Illios
750 430 922 467 praedicare?

228 475 262 505 ϐ.
276 476 308 504 ιιι
320 483 357 504 eo
371 484 439 505 cum
450 476 536 509 dicis,
549 484 606 504 non
618 483 683 504 eum
701 480 818 504 unctum
830 475 878 510 qui
891 480 991 503 natura

192 525 238 551 est
251 522 337 555 Deus,
350 522 400 550 sed
412 528 480 550 eum
495 522 545 558 qui
566 530 583 550 ι
601 522 738 558 propheta
754 522 870 550 docetur
888 521 992 549 habere

192 566 350 603 participes
369 567 420 603 qui
435 568 578 598 unctione.
585 567 635 595 Dei
655 566 760 595 dicitur
773 567 856 595 Deus.

229 611 265 640 Ν.
281 611 345 640 Non
358 611 444 645 duos.
462 616 495 640 ut
507 616 538 640 tu
550 617 688 645 autumas,
699 611 749 640 sed
770 620 855 639 unum
872 611 994 647 pnedico

195 656 303 691 Iliun,
318 657 388 693 quia
403 662 435 686 et
449 658 513 694 ejus
521 657 571 693 qui
578 661 680 686 natura
687 658 761 686 Deus
775 662 828 689 est,
842 658 938 693 etejus
946 658 993 692 qui

194 703 335 732 uuctione
360 703 410 732 Dei
425 704 500 732 Deus
513 708 568 737 est,
594 712 678 732 unam
698 704 748 731 ﬁlii
765 703 994 740 appellationem,

193 756 341 785 unumque
362 749 499 786 proﬁteor
512 748 688 786 dignitatem.
708 749 787 783 Quod
803 755 895 777 autem
907 749 931 776 is
945 748 994 784 qui

195 800 304 824 unctus
314 799 370 828 est,
387 804 444 824 non
458 800 570 829 natura,
583 796 633 824 sed
650 796 777 824 unitione
791 796 839 823 Dei
853 796 928 823 Deus
940 799 994 828 est,

194 841 267 870 audi
285 841 402 870 beatum
414 842 526 870 Petrum
541 842 698 878 apostolum
710 841 852 870 dicentem
874 841 908 869 ad
925 840 996 869 Cor-

194 887 323 917 nelium:
338 888 462 922 Verbum,
474 888 579 924 inquit,
597 889 668 916 misit
685 881 753 923 ﬁlii;
772 888 869 920 Israel,
886 896 995 915 annun-

195 934 379 970 κωμικῇ
399 943 446 970 per
468 934 563 962 Iesum
580 933 728 966 Christum,
749 935 789 961 hic
814 938 852 961 est
878 934 995 961 omnium

374 966 425 1008 νὶκ
448 981 521 1009 scitis
533 981 606 1016 quod
631 980 732 1016 factum
754 985 792 1007 est
816 979 929 1007 Verbum
949 988 996 1015 per
1011 966 1034 994 Β

195 1027 356 1054 uniuersam
368 1026 505 1061 Iudaeam,
518 1027 648 1062 incipient
659 1036 676 1055 a
691 1026 807 1055 Galiltza
823 1031 882 1062 post
908 1027 996 1061 bapti-

196 1073 534 1109 mquodpratdicuit
549 1073 678 1105 Joannes,
703 1073 794 1100 Iesum
814 1082 829 1100 α
851 1073 996 1104 Nazarelh,

197 1118 334 1153 quo-cdo
353 1118 432 1145 unxit
452 1126 513 1144 eum
535 1117 608 1144 Deus
628 1117 731 1153 Spiritu
746 1121 839 1144 sancto
851 1121 876 1144 et
891 1118 997 1149 virtute,

198 1164 420 1200 «ipsumnam
442 1163 630 1199 benefaciendo
653 1168 679 1191 et
699 1163 822 1191 sanando
841 1171 930 1190 omnes
953 1172 998 1199 op-

199 1218 308 1246 pressu
319 1219 337 1238 ι
353 1210 471 1243 diabolo,
496 1211 624 1246 quoniam
636 1209 708 1237 Deus
724 1214 783 1236 erat
809 1217 869 1236 cum
889 1208 937 1236 illo
964 1209 997 1235 ".

199 1253 271 1283 Siue
280 1253 371 1282 dubio
389 1262 518 1282 noncum
534 1255 604 1287 Deo,
613 1254 663 1283 sed
676 1262 739 1282 cum
751 1254 816 1282 Jesu
834 1262 850 1281 a
861 1254 998 1282 Nazareth

199 1304 291 1328 uncto
307 1304 346 1329 et
357 1299 468 1336 Spiritu
487 1304 596 1334 sancto,
613 1305 642 1328 et
665 1301 769 1328 virtute
787 1301 861 1328 Deus
872 1309 934 1328 esse
950 1308 999 1328 co-

198 1347 360 1383 guoccitur.
372 1347 442 1375 Nam
451 1347 595 1383 quomodo
609 1355 664 1375 non
684 1352 727 1376 est
748 1347 865 1381 impium
884 1351 999 1374 unctum

200 1391 323 1420 credere
336 1396 439 1420 natura
471 1391 572 1425 Deum,
585 1392 632 1420 cui
658 1392 719 1420 sine
733 1392 822 1420 dubio
836 1392 912 1419 nulla
929 1393 1000 1419 valet

198 1441 308 1466 natura
323 1437 477 1466 resistere?
491 1437 540 1466 sed
554 1438 602 1467 ille
612 1438 737 1474 ungitur,
753 1438 802 1474 qui
819 1442 880 1466 erat
891 1438 1000 1473 praelia-

199 1486 288 1510 turus
298 1486 398 1510 contra
412 1481 568 1511 diabolum.

236 1527 274 1557 (Ξ.
297 1528 420 1557 Versuu
445 1529 560 1565 quidem
583 1529 682 1558 fraude
711 1531 927 1566 argumentaris,
951 1530 1001 1558 sed

198 1574 369 1603 uullutenus
381 1583 398 1604 ι
413 1575 534 1604 duorum
551 1576 673 1605 ﬁliorum
699 1578 896 1613 praedicatione
908 1577 1001 1606 disce-

1042 337 1206 372 parabiliter
1240 338 1480 365 excellentiorem.
1504 335 1574 369 Quia
1596 336 1725 371 quamvis
1743 336 1831 363 fuerit

1042 384 1116 411 Deus
1129 391 1193 411 cum
1207 383 1274 416 illis,
1297 392 1352 410 non
1380 389 1470 410 tamen
1485 383 1546 410 sine
1567 382 1621 409 viri
1645 382 1763 413 semine,
1781 382 1830 409 sed

1042 430 1099 457 nati
1115 436 1179 457 sunt
1207 430 1266 465 lege
1294 434 1410 456 naturae.
1432 428 1561 456 Christus
1588 432 1681 455 autem
1696 427 1832 454 Dominus

1043 483 1117 503 novo
1141 475 1297 502 nativitatis
1316 474 1400 501 modo
1416 482 1450 501 ex
1465 474 1571 508 Spiritu
1589 478 1684 500 sancto
1703 476 1732 500 et
1747 472 1832 499 Maria

1042 521 1156 557 Virgine
1184 525 1266 548 natus
1279 524 1332 552 est,
1354 525 1438 554 atque
1462 519 1490 546 in
1516 519 1574 554 ipsa
1596 525 1711 553 prorsus
1729 517 1832 544 forma-

1044 568 1118 595 tione
1133 567 1264 595 Christus
1278 571 1321 594 est
1341 566 1441 593 factus.

1078 613 1109 641 C.
1126 613 1154 640 Si
1173 621 1228 640 non
1244 618 1288 640 est
1299 612 1428 640 Christus
1444 611 1560 646 aequalis
1572 618 1662 645 neque
1674 610 1831 645 prophetis,

1044 664 1093 688 aut
1119 660 1232 695 Ioseph,
1254 663 1303 687 aut
1323 658 1440 687 cuilibet
1466 661 1649 689 sanctorum,
1674 657 1728 684 erit
1758 660 1834 683 certe

1042 707 1120 743 juxta
1139 714 1190 734 nos
1211 706 1327 741 aequalis
1341 704 1442 733 Joanni
1470 703 1602 738 Baptistae
1626 703 1669 730 vel
1696 702 1832 733 Jeremia:,

1045 753 1092 788 qui
1119 752 1147 780 in
1177 753 1235 787 ipsa
1263 751 1430 779 formatione
1459 749 1624 777 sanctificati
1654 754 1730 780 sunt,
1762 748 1835 775 sicut

1045 800 1114 827 dicit
1124 800 1197 827 Deus
1212 798 1245 826 ad
1263 798 1411 826 Jeremiam
1435 805 1442 823 :
1459 796 1621 832 Priusquam
1650 799 1674 822 te
1691 795 1835 830 formarem

1045 848 1074 874 in
1102 851 1177 873 utero
1199 846 1258 872 novi
1281 849 1325 877 te,
1346 848 1371 871 et
1390 844 1547 879 priusquam
1579 842 1663 868 exire;
1696 841 1729 867 de
1755 840 1835 867 uulua

1045 892 1209 927 sanctiﬁcan
1229 896 1254 918 te
1270 890 1314 917 η’.

1080 938 1115 965 Ν,
1132 938 1193 965 Non
1201 942 1243 965 est
1254 936 1383 964 Christus
1394 935 1509 971 :equalis
1521 935 1550 962 in
1565 933 1647 961 vulva
1677 933 1836 960 sanctiﬁca—

1047 985 1094 1017 tis,
1116 985 1181 1020 quia
1197 984 1242 1011 isti
1255 983 1368 1018 quidem
1395 983 1424 1010 in
1441 982 1525 1009 vulva
1544 980 1770 1011 sanctiﬁcantur,
1790 979 1837 1006 ille

1047 1039 1115 1059 vero
1129 1031 1157 1058 in
1176 1029 1397 1057 conformatione
1413 1027 1443 1054 fit
1462 1027 1599 1055 Christus.
1621 1026 1655 1053 Et
1666 1025 1710 1052 isti
1725 1025 1837 1060 quidem

1048 1077 1245 1113 particularem
1272 1075 1416 1109 accipiunt
1432 1073 1562 1108 gratiam,
1583 1072 1629 1099 ille
1647 1079 1713 1099 vero
1738 1071 1838 1106 plenus

1049 1128 1091 1152 est
1107 1123 1206 1158 gratia.
1222 1125 1319 1156 utpote
1332 1120 1499 1155 Unigenitus
1510 1119 1571 1146 Dei.

1082 1169 1114 1197 C.
1125 1168 1266 1196 Christum
1281 1167 1308 1194 in
1317 1167 1376 1201 ipsa
1384 1165 1604 1193 conformatione
1620 1164 1734 1195 factum,
1743 1171 1839 1197 quem-

1049 1223 1113 1243 nam
1138 1214 1250 1241 modum
1273 1213 1359 1245 dicas,
1374 1220 1430 1239 non
1457 1211 1595 1245 intelligo,
1625 1210 1687 1237 ideo
1714 1209 1777 1243 quis
1803 1208 1840 1234 sit

1049 1261 1178 1290 Christus
1202 1260 1249 1295 qui
1279 1259 1307 1287 in
1334 1259 1394 1294 ipsa
1427 1257 1650 1285 conformatione
1678 1256 1769 1283 lactus
1797 1259 1840 1282 est

1050 1308 1189 1338 Christus,
1204 1305 1352 1333 evidenter
1366 1303 1492 1331 ostende.

1086 1353 1168 1389 550
1181 1352 1215 1380 N.
1245 1351 1375 1379 Christus
1401 1354 1444 1378 est
1472 1348 1632 1384 unigenilus
1644 1348 1739 1383 procul
1754 1347 1841 1374 dubio

1051 1399 1151 1428 Patris.

1086 1445 1117 1473 C.
1133 1443 1212 1478 Quod
1240 1444 1377 1471 hactenus
1395 1443 1622 1477 impugnaveras,
1640 1448 1714 1467 nunc
1729 1440 1763 1467 ab
1783 1439 1842 1474 ipsa

1051 1491 1168 1519 veritate
1189 1493 1315 1521 coactus,
1330 1488 1398 1515 licet
1424 1488 1536 1519 nolens,
1552 1486 1700 1514 confessus
1714 1494 1753 1513 es.
1773 1485 1841 1512 Nam

1053 1536 1101 1571 qui
1134 1535 1221 1562 Deum
1240 1534 1344 1561 factum
1362 1532 1506 1560 Christum
1535 1532 1671 1559 hactenus
1694 1530 1787 1558 dicere
1800 1538 1843 1557 re-

1053 1582 1171 1613 nuebas,
1190 1588 1267 1608 nunc
1280 1579 1347 1607 licet
1362 1578 1516 1606 secundum
1541 1585 1653 1605 carnem
1671 1584 1757 1611 neges
1773 1584 1788 1603 a
1800 1584 1845 1603 se-

198 1620 260 1649 dis.
282 1620 358 1650 Num
377 1621 402 1650 si
420 1621 502 1650 Jesus
517 1630 534 1650 a
559 1622 709 1656 Nazareth,
727 1632 810 1660 quem
827 1626 907 1652 unxit
927 1625 1001 1652 Deus
1014 1633 1036 1663 α
1052 1629 1169 1664 metipso
1187 1628 1347 1658 formatum,
1368 1630 1461 1652 tamen
1492 1625 1519 1651 in
1540 1624 1598 1659 ipsa
1618 1623 1717 1651 confor
1725 1623 1843 1650 natione

199 1666 313 1704 Spiritu
330 1672 430 1698 aucto
444 1673 475 1698 et
486 1671 604 1704 virtute,
617 1679 674 1698 non
684 1676 728 1699 est
742 1672 827 1704 Deus,
841 1676 872 1699 ut
888 1672 1000 1704 asseris,

198 1721 289 1750 quem
302 1714 395 1743 Deum
420 1716 557 1751 praedicat
578 1717 712 1752 propheta
739 1718 898 1745 venientem
923 1725 938 1745 a
956 1717 1003 1745 Li-

198 1760 289 1795 buuo,
301 1761 420 1791 dicens:
436 1762 508 1791 Deus
521 1772 538 1791 α
552 1763 653 1792 Libano
672 1765 769 1797 ueniet,
793 1768 819 1792 et
838 1770 947 1792 sanctus
970 1764 1002 1791 de

202 1810 298 1836 Iouis
311 1809 439 1837 umbroso
456 1814 482 1838 et
503 1809 634 1838 condenso
644 1811 688 1837 ⁶⁹¹.
701 1810 838 1839 Nazareth
863 1811 939 1838 enim
967 1810 1002 1837 ad

201 1855 291 1884 hius
298 1855 408 1884 montis
421 1855 546 1884 radicem
559 1856 588 1884 in
595 1857 723 1892 partibus
731 1856 849 1885 Galilaeae
863 1857 1003 1892 hodieque

199 1905 395 1935 -ωιηιιιτ,
408 1901 458 1930 ubi
468 1903 544 1930 Deus
568 1902 650 1931 Jesus
665 1902 806 1935 Christus,
828 1911 911 1938 quem
937 1911 1003 1938 pro-

200 1949 293 1985 pheta
317 1948 432 1978 venisse
451 1957 467 1977 a
490 1949 600 1977 Libano
613 1949 751 1984 praedixit,
769 1950 923 1977 secundum
945 1958 1005 1977 car-

201 2001 272 2023 uen
284 1993 394 2022 nutriri
406 1993 539 2030 dignatus
552 1998 606 2022 est.
626 1994 706 2028 Quod
723 1998 816 2023 autem
834 1995 934 2022 niteris
954 2003 1004 2029 ap—

199 2038 343 2076 pollure.
353 2046 412 2068 non
431 2046 495 2068 esse
509 2044 609 2068 natura
624 2040 711 2068 Deum
737 2040 834 2069 Jesum
850 2040 1003 2072 Christum,

200 2085 256 2115 sed
270 2086 379 2114 unione
406 2085 458 2115 Dei
472 2091 502 2115 et
526 2087 672 2122 dignitate,
687 2095 720 2115 ex
743 2095 778 2115 eo
799 2087 874 2123 quod
899 2087 1005 2114 dictum

199 2136 248 2162 αι
259 2140 270 2160 :
287 2131 364 2160 Deus
383 2137 444 2160 erat
460 2141 521 2160 cum
537 2133 585 2161 illo
600 2134 641 2167 ⁷⁶;
662 2134 750 2161 miror
768 2138 795 2162 te
807 2133 940 2161 eumdem
950 2133 1005 2160 Do-

200 2179 319 2208 lilun
336 2185 396 2207 non
413 2179 513 2208 audire
531 2179 672 2208 dicentem
691 2189 698 2207 :
718 2180 755 2207 Et
777 2188 831 2207 non
855 2179 937 2212 solus,
960 2180 1006 2206 sed

200 2224 294 2255 Puta
323 2232 430 2253 mecum
443 2229 483 2252 est
503 2225 538 2253 ".
550 2225 601 2253 Est
615 2233 683 2262 ergo
710 2231 811 2254 natura
836 2226 910 2253 Deus
924 2226 1006 2254 Iesus

200 2271 370 2301 Orisqu
383 2271 534 2305 Nazareth,
551 2272 625 2300 sicut
641 2280 657 2300 a
682 2272 820 2308 propheta
843 2272 1005 2304 didicimus,

1051 1677 1139 1704 Deum
1151 1675 1253 1702 factum
1268 1673 1416 1701 Christum
1434 1671 1580 1699 confessus
1594 1678 1633 1697 es.

1086 1723 1120 1750 N.
1135 1721 1301 1749 Nullatenus
1330 1727 1373 1746 me
1389 1722 1471 1753 putes
1493 1717 1549 1744 tuis
1565 1715 1767 1743 calliditatibus
1790 1715 1845 1742 cir—

1053 1770 1244 1797 cumventum,
1258 1772 1309 1799 ego
1322 1764 1397 1791 enim
1412 1763 1439 1790 in
1455 1762 1514 1797 ipsa
1539 1760 1764 1788 conformatione
1780 1759 1844 1787 ideo

1053 1812 1110 1840 dixi
1128 1811 1303 1846 unigenitum
1332 1808 1474 1836 Christum
1491 1806 1607 1838 factum,
1620 1806 1685 1840 quia
1701 1805 1752 1840 ipsi
1779 1813 1846 1832 con-

1054 1856 1215 1886 formationi
1230 1855 1323 1884 carnis
1345 1854 1433 1881 Deum
1465 1853 1588 1881 Verbum
1610 1851 1694 1879 credo
1725 1851 1845 1886 conjun-

1054 1909 1139 1932 ctum.

1090 1950 1121 1977 C.
1134 1948 1186 1982 Qui
1205 1948 1258 1984 ipsi
1275 1945 1490 1975 conformationi
1505 1944 1597 1972 carnis
1611 1945 1698 1971 Deum
1722 1943 1844 1971 Verbum

1055 1996 1132 2024 carni
1143 1995 1211 2022 dicit
1224 1994 1397 2029 adiunctum,
1409 2000 1465 2019 non
1484 1991 1512 2018 in
1525 1991 1637 2026 propria
1652 1990 1845 2022 subsistentia,

1055 2043 1115 2070 sine
1138 2049 1257 2077 persona
1275 2041 1361 2067 Deum
1381 2039 1505 2066 Verbum
1522 2037 1672 2064 humanam
1688 2036 1770 2063 docet
1783 2043 1846 2062 sus—

1058 2089 1170 2125 cepisse
1198 2091 1341 2118 naturam,
1366 2085 1414 2113 sed
1444 2084 1634 2112 subsistentia:
1658 2083 1760 2114 carnis,
1785 2089 1847 2117 qua:

1057 2137 1124 2164 dum
1151 2135 1181 2162 in
1197 2133 1388 2161 membrorum
1418 2129 1624 2158 extendebatur
1648 2127 1845 2159 lineamentis,

1057 2180 1269 2210 subsistentiam
1305 2178 1354 2205 Dei
1386 2176 1469 2204 Verbi
1500 2175 1674 2202 demonstrat
1699 2180 1846 2200 annexam.

1057 2228 1136 2257 Unde
1158 2235 1215 2254 non
1228 2227 1284 2260 jam
1300 2231 1395 2255 unam,
1418 2222 1466 2250 sed
1490 2221 1559 2248 duas
1574 2218 1772 2247 subsistentias
1788 2218 1847 2245 sive
1872 2228 1877 2239 τ

1057 2280 1193 2309 personas
1216 2271 1265 2298 Dei
1293 2269 1376 2297 Verbi
1405 2267 1553 2298 incarnati,
1578 2269 1607 2292 et
1634 2264 1755 2291 hominis
1781 2263 1847 2290 facti

201 2322 294 2348 etest
305 2319 385 2347 Deus
400 2326 464 2347 cum
483 2304 533 2347 illo
544 2319 607 2347 sine
623 2304 711 2347 dubio
727 2304 820 2347 Dater.
835 2318 944 2346 Idcirco
958 2319 1006 2346 de-
1022 2304 1044 2332 θ
1058 2304 1174 2347 credere
1190 2318 1352 2345 denotatur.
1367 2314 1450 2342 Fides
1464 2318 1556 2341 autem
1569 2310 1706 2339 catholica
1721 2318 1775 2337 non
1790 2309 1848 2344 ipsa

199 2366 295 2402 lique
303 2365 434 2394 omnium
448 2365 585 2394 Dominus
611 2366 700 2401 ipsius
712 2365 838 2400 Apostoli
849 2373 917 2393 voce
929 2374 1009 2393 mon-

200 2415 328 2440 strum.
347 2411 481 2447 Alioquin
497 2412 522 2440 si
536 2411 572 2440 ob
590 2411 629 2444 id,
646 2412 722 2447 quod
735 2411 841 2439 dictum
855 2416 911 2439 est:
939 2411 1008 2438 Erat

203 2457 281 2487 Deus
291 2464 357 2484 euut
368 2455 427 2490 ιιιο,
439 2463 495 2484 non
506 2457 589 2485 Pater
601 2464 666 2485 cum
678 2457 759 2490 Filio.
775 2457 826 2485 sed
840 2457 914 2485 Deus
921 2457 1009 2485 Filius

138 2526 147 2536 .
200 2513 274 2534 eu—
302 2504 375 2534 lesu
401 2504 514 2534 Christo
545 2513 609 2534 esse
640 2505 841 2541 intelligendus
866 2510 919 2537 est,
946 2511 1009 2532 erat

200 2550 310 2588 ml
321 2550 412 2579 dubio
423 2551 556 2580 omnibus
569 2551 716 2588 prophetis
730 2551 853 2586 aequalis,
874 2551 917 2578 vel
931 2556 1007 2579 certe

198 2597 314 2633 Ioseph
329 2596 390 2626 ﬁlio
404 2597 501 2631 Iacob,
509 2597 576 2634 quia
586 2602 616 2626 et
626 2597 661 2626 de
671 2605 706 2626 eo
719 2597 855 2633 scriptum
871 2601 947 2625 erat:
969 2597 1005 2624 Et

199 2647 269 2673 aut
283 2643 360 2672 Deus
385 2643 551 2672 camilla".
567 2644 622 2680 Ipsi
645 2651 758 2680 quoque
782 2643 869 2672 Jacob
894 2643 1008 2678 proiici-

198 2692 301 2722 ueenli
317 2691 351 2721 ill
371 2691 494 2727 Churan,
513 2692 585 2721 dicit
608 2693 698 2721 Deus:
719 2692 772 2720 Ero
799 2696 885 2719 tecum
898 2693 966 2720 sicut
983 2695 1008 2719 et

163 2734 179 2773 -ξ
198 2744 362 2778 ausum
374 2743 421 2768 tuo
437 2739 471 2768 ⁷⁸.
484 2740 521 2768 Et
542 2739 607 2769 ideo
623 2739 708 2768 nimis
722 2744 766 2768 est
779 2739 895 2775 impium
911 2739 1007 2766 Salva-

198 2791 303 2816 tol'ell
313 2785 445 2814 omnium
461 2794 576 2822 aequare
589 2786 714 2814 salvatis.

235 2831 280 2861 Ε.
287 2830 443 2868 ﬁnalem
459 2839 553 2868 neque
569 2832 726 2868 prophetis,
744 2840 838 2868 neque
863 2831 949 2860 Iacob
960 2835 1009 2858 aut

1058 2365 1290 2395 conformatione,
1317 2366 1348 2389 ut
1373 2366 1401 2388 tu
1424 2359 1537 2390 asseris,
1566 2357 1616 2385 sed
1640 2356 1731 2391 ipsum
1763 2356 1849 2382 Deum

1056 2411 1179 2440 Verbum
1205 2407 1359 2437 secundum
1387 2412 1510 2436 carnem,
1539 2412 1553 2430 a
1569 2401 1721 2436 semetipso
1743 2400 1848 2427 forma-

1060 2464 1130 2490 tum,
1146 2457 1306 2490 factumque
1333 2453 1484 2484 hominem,
1502 2450 1577 2479 salva
1607 2447 1762 2477 divinitatis
1789 2447 1850 2482 ejus

1061 2502 1218 2532 substantia
1233 2500 1394 2529 confitetur.

1095 2550 1130 2578 N.
1145 2548 1216 2582 Quid
1228 2548 1314 2582 igitur
1327 2544 1432 2581 negasti
1448 2544 1602 2571 subsistere
1616 2542 1703 2569 Deum
1715 2538 1850 2568 Verbum?

1060 2596 1115 2624 hoc
1129 2596 1204 2623 enim
1216 2593 1290 2629 cogit
1316 2591 1434 2627 intelligi
1449 2590 1518 2618 illud
1535 2588 1610 2624 quod
1633 2587 1713 2618 dicis,
1731 2585 1820 2621 ipsum
1834 2593 1850 2612 a

1060 2642 1211 2677 semetipso
1241 2641 1403 2672 formatum,
1425 2637 1624 2671 hominemque
1652 2634 1768 2664 factum,
1785 2632 1851 2660 licet

1061 2690 1160 2719 callide
1178 2689 1207 2716 in
1225 2686 1464 2722 consequentibus
1481 2684 1535 2711 hoc
1558 2682 1632 2709 idem
1652 2679 1768 2711 factum,
1789 2679 1850 2707 sine

1061 2745 1118 2765 sua:
1128 2735 1282 2763 divinitatis
1296 2732 1483 2761 diminutione
1498 2728 1658 2757 conﬁrmes.

1096 2782 1127 2810 ϐ.
1142 2781 1224 2809 Nullo
1236 2787 1351 2815 prorsus
1364 2777 1447 2805 modo
1470 2776 1558 2803 Deum
1570 2772 1693 2801 Verbum
1718 2779 1770 2807 ego
1785 2771 1852 2799 sub-

1062 2830 1163 2857 sistere
1177 2827 1295 2862 denego.

238 2918 268 2936 ⁸³
281 2919 388 2950 Actu.
399 2917 501 2948 57.58.
543 2918 576 2936 "‘
590 2917 692 2946 ilabac.
710 2926 749 2952 tn,
761 2917 788 2946 5.
817 2918 840 2935 ⁷⁰
853 2917 926 2951 Act.,
945 2925 971 2950 ς,
988 2917 1001 2945 5

1068 2916 1088 2933 ⁷¹
1105 2915 1183 2944 Joan.
1196 2913 1305 2946 xvx,’52.
1343 2912 1365 2929 "
1382 2911 1442 2939 Act.
1459 2909 1540 2942 vn,9.
1581 2908 1602 2924 ⁷⁵
1614 2908 1683 2936 Gen.
1695 2913 1788 2939 n'vtu,
1803 2904 1847 2933 i5.

199 2954 241 2972 "’
257 2952 371 2985 let-em.
387 2961 409 2987 ι,
421 2953 447 2982 5.

208 3108 232 3126 ..1
