4146 6480
492 469 586 533 127

1769 466 2088 527 JOANNIS
2122 467 2501 529 MAXENTII

3638 460 3736 527 19.8

556 590 620 644 N.
668 586 813 654 Quid
867 585 935 641 de
967 600 1132 640 carne
1163 584 1280 639 sive
1321 584 1391 639 de
1444 594 1558 639 tota
1593 584 1767 641 sentis
1804 586 2063 641 humani-
2093 595 2139 649 Α
2169 588 2281 643 Dee
2315 588 2497 643 Verbo
2514 595 2825 655 susceptam
2862 582 3070 638 auditis
3110 589 3365 637 naturam
3414 582 3735 648 humanam,

493 680 634 736 tate?

554 772 617 826 C.
643 772 712 826 Et
737 771 910 839 ipsam
938 768 1055 821 sine
1082 767 1251 821 dubio
1274 782 1497 821 manere
1529 770 1813 838 profiteor.

555 862 623 916 Ν.
654 862 790 916 Cum
815 875 943 929 ergo
980 858 1288 913 subsistere
1331 859 1507 913 Deum
1532 858 1775 913 Verbum
1798 869 1856 913 et
1883 858 2063 913 homi-

493 970 614 1008 nem
657 952 819 1016 dicis,
861 966 962 1004 cur
998 948 1185 1014 unam,
1236 956 1293 1003 et
1332 964 1443 1003 non
1486 948 1624 1004 duas
1676 950 2066 1005 subsistentias

493 1044 804 1115 proﬁteris?
952 1042 959 1050 '

557 1138 617 1192 C.
673 1136 811 1203 Quia
865 1152 977 1189 non
1035 1135 1249 1188 homini
1277 1134 1391 1204 jam
1437 1134 1492 1188 in
1529 1134 1759 1204 propria
1814 1134 2064 1188 manenti

494 1228 845 1285 subsistentia
899 1227 1075 1280 Deum
1124 1226 1364 1281 Verbum
1435 1228 1603 1280 credo
1654 1226 1871 1280 unitum
1903 1266 1917 1290 ,
1969 1239 2067 1280 aut

492 1326 681 1379 saltem
707 1323 862 1378 carni
889 1322 1141 1376 formata
1164 1330 1220 1375 et
1250 1322 1525 1383 animata,
1552 1337 1652 1391 per
1681 1337 1847 1390 quam
1880 1322 2069 1390 cujus-

492 1418 626 1472 libet
662 1416 910 1469 hominis
978 1415 1306 1480 intelligitur
1349 1430 1471 1468 esse
1499 1430 1759 1483 persona,
1805 1413 1901 1468 sed
1930 1413 2066 1467 sub-

491 1509 804 1563 sistentiam
832 1507 948 1561 sive
977 1521 1272 1575 personam
1305 1505 1402 1559 Dei
1427 1505 1620 1570 Verbi,
1655 1514 1912 1559 naturam
1945 1520 2069 1559 sus-

493 1600 705 1671 cepisse
745 1601 1067 1662 humanam,
1092 1614 1215 1668 qua
1254 1614 1539 1667 nunquam
1573 1598 1727 1652 velut
1756 1597 2068 1653 communis

493 1701 695 1764 prater
734 1693 907 1746 Deum
957 1690 1202 1746 Verbum
1260 1690 1535 1753 subsistit,
1586 1690 1684 1744 sed
1732 1706 1833 1760 per
1884 1692 2066 1760 ipsum

494 1795 632 1847 orta,
656 1793 711 1838 et
742 1786 809 1837 ab
836 1800 902 1838 eo
929 1791 1207 1851 suscepta,
1240 1782 1416 1851 ipsius
1444 1782 1595 1836 facta
1633 1783 1875 1853 propria
1900 1791 2068 1835 natu-

494 1894 567 1931 ra
593 1884 698 1941 est,
726 1886 1021 1946 manetque
1056 1892 1165 1929 non
1201 1876 1255 1928 in
1285 1891 1404 1940 sua,
1440 1875 1534 1929 sed
1566 1875 1621 1929 in
1652 1891 1721 1930 eo
1744 1892 1774 1929 a
1806 1891 1917 1945 quo
1941 1890 2069 1929 sus-

494 1976 649 2036 cepta
700 1977 805 2031 est,
858 1967 963 2021 hoc
1015 1976 1130 2029 est,
1174 1965 1271 2019 Dei
1328 1965 1495 2019 Verbi
1535 1967 1901 2021 subsistentia
1948 1965 2067 2020 sive

491 2075 726 2130 persona
765 2078 776 2112 :
812 2069 866 2115 et
894 2060 1019 2114 ideo
1042 2074 1153 2113 non
1217 2067 1349 2113 sunt
1396 2057 1519 2112 dua
1544 2058 1938 2121 subsistentia,
1971 2056 2069 2112 sed

493 2152 727 2206 duarum
764 2162 1116 2215 naturarum,
1147 2150 1314 2205 Verbi
1342 2150 1679 2205 videlicetet
1725 2151 1934 2215 carnis,
1961 2167 2071 2205 una

493 2246 852 2300 subsistentia
881 2245 997 2299 sive
1026 2260 1267 2314 persona
1300 2253 1405 2298 est.

560 2336 626 2390 N.
664 2337 805 2405 Ergo
824 2336 1067 2390 humana
1108 2343 1308 2387 natura
1338 2334 1603 2389 divinitas
1635 2334 1780 2389 facta
1805 2335 1932 2390 est?

560 2428 622 2483 C.
677 2427 791 2483 lloc
843 2429 1039 2482 saltem
1091 2428 1433 2498 cogitatione
1482 2428 1755 2497 recipere,
1810 2436 2073 2481 extrema

494 2521 762 2592 probatur
793 2521 1071 2575 amentia.

562 2613 628 2666 N.
656 2612 946 2678 Quomodo
995 2628 1096 2681 ego
1134 2610 1415 2680 propriam
1456 2609 1554 2664 Dei
1600 2610 1766 2664 Verbi
1814 2616 2071 2665 naturam

494 2706 791 2765 humanam
827 2705 969 2763 dicis
1004 2703 1299 2758 echetam?

563 2797 624 2851 C.
655 2796 793 2862 Quia
839 2813 949 2850 non
977 2806 1063 2852 est
1090 2798 1326 2869 alicujus
1367 2796 1601 2851 alterius
1636 2796 1743 2850 nisi
1780 2796 1877 2851 Dei
1909 2794 2074 2851 Verbi

495 2889 739 2943 hominis
771 2888 921 2943 facti.

567 2981 634 3035 N.
660 2981 885 3034 Factum
938 2980 1408 3050 quemadmodum
1464 2980 1670 3034 asseris
1694 2980 1869 3033 Deum
1898 2978 2077 3033 homi-

497 3089 648 3137 nem,
677 3081 737 3125 ut
765 3088 890 3125 cum
921 3082 1180 3143 tanquam
1225 3088 1561 3127 conversum
1626 3072 1680 3125 in
1742 3072 2026 3126 hominem
2053 3072 2076 3124 ?

494 3181 565 3219 an
614 3172 839 3233 propter
893 3173 1217 3234 susceptum
1265 3166 1333 3219 ab
1387 3180 1455 3218 eo
1519 3164 1804 3219 hominem
1867 3164 2075 3217 factum

496 3257 668 3310 Deum
695 3257 974 3311 hominem
1006 3258 1313 3326 pradicas?

565 3348 626 3403 C.
664 3348 777 3419 Ego
823 3365 850 3403 a
897 3350 1011 3405 Deo
1044 3359 1363 3419 susceptum
1419 3349 1702 3403 hominem
1755 3349 2076 3403 nullatenus

494 3442 682 3498 dicere
728 3444 932 3507 audeo,
970 3444 1068 3498 sed
1102 3444 1277 3498 Deum
1311 3444 1433 3498 sine
1469 3443 1841 3497 diminutione
1867 3440 2077 3495 divini-

492 3540 629 3595 tatis
658 3554 771 3593 sua
800 3538 1006 3592 factum
1046 3538 1331 3592 hominem
1350 3538 1549 3591 fateor.
1582 3537 1661 3591 Ne
1686 3537 1731 3590 si
1753 3545 2075 3605 susceptum

492 3651 527 3689 a
560 3636 674 3690 Deo
706 3635 991 3688 hominem
1023 3634 1239 3698 dixero,
1284 3632 1423 3687 duas
1464 3631 1650 3686 videat
1699 3631 1755 3683 in
1809 3630 1947 3683 Filio
1979 3628 2076 3682 Dei

495 3726 802 3798 pradicare
832 3740 1118 3795 personas,
1151 3724 1282 3794 quia
1334 3733 1391 3777 et
1428 3732 1721 3792 susceptor
1758 3730 2077 3776 sanctorum

498 3828 661 3889 atque
688 3819 934 3871 ﬁdelium
973 3819 1120 3871 Deus
1154 3818 1381 3879 dicitur,
1420 3816 1729 3870 secundum
1768 3814 1902 3867 illud
1930 3811 2078 3882 quod

497 3911 553 3964 in
578 3909 748 3962 Exodi
780 3909 997 3962 cantico
1046 3907 1112 3960 ad
1162 3923 1290 3962 eum
1325 3906 1567 3961 dicitur:
1612 3904 1842 3974 Adjutor
1882 3912 1931 3955 et
1958 3918 2078 3956 sus-

496 4011 677 4072 ceptor
735 4002 905 4071 factus
944 4010 1019 4054 est
1068 4002 1193 4054 mihi
1241 4002 1297 4053 in
1337 3998 1566 4053 salutem
1594 3999 1659 4050 ⁷’.
1712 3996 1905 4050 Melius
1946 4010 2080 4064 ergo

500 4106 585 4149 est
631 4104 955 4163 susceptain
1006 4110 1036 4148 a
1089 4094 1205 4148 Deo
1260 4101 1516 4147 naturam
1565 4091 1867 4144 humanam
1914 4103 2079 4158 quam

498 4194 821 4255 susceptum
856 4185 1138 4239 hominem
1171 4185 1383 4240 dicere.

567 4279 631 4333 N.
666 4279 950 4348 Stupenda
976 4279 1231 4349 quadarn
1260 4294 1347 4333 me
1379 4293 1408 4332 a
1438 4286 1491 4330 te
1534 4276 1765 4331 auribus
1818 4276 2081 4346 ingerun-

503 4380 615 4437 tur,
647 4373 804 4454 quasi
834 4373 1117 4429 diversum
1144 4382 1333 4427 etnon
1372 4370 1612 4440 idipsum
1657 4370 1748 4433 sit,
1774 4370 1959 4425 dicere
1984 4370 2082 4423 hoc

504 4463 735 4529 minem,
764 4464 878 4518 sive
922 4472 1179 4517 naturam
1208 4462 1533 4525 humanam,
1570 4474 1697 4514 cum
1753 4461 1919 4514 homo
1968 4475 2081 4513 non

504 4555 577 4609 sit
602 4554 750 4608 aliud
787 4553 890 4609 nisi
922 4554 1165 4607 humana
1196 4563 1415 4607 natura.

2164 692 2479 746 personam,
2508 676 2577 730 ab
2616 690 2703 738 eo,
2764 675 2871 729 hoc
2892 681 2998 739 est,
3045 674 3349 737 hominem,
3398 682 3737 743 susceptam,

2164 787 2273 825 non
2307 769 2563 824 eumdem
2592 769 2795 823 factum
2817 766 3103 821 hominem
3131 765 3383 821 creditis.
3408 764 3551 821 Hinc
3570 767 3740 820 etiam

2163 878 2269 918 nec
2289 876 2440 927 vere,
2472 877 2576 917 nec
2618 862 2846 931 proprie
2901 859 3117 914 beatam
3148 858 3456 927 Virginem,
3502 858 3601 912 Dei
3649 872 3743 911 ae-

2164 954 2455 1024 quiescitis
2495 952 2725 1008 credere
2770 951 3131 1014 Genitricem,
3190 949 3323 1020 quia
3373 965 3486 1004 non
3555 951 3734 1004 Deum

2166 1046 2409 1104 Verbum
2436 1044 2966 1100 incommutabiliter
2993 1057 3060 1097 ex
3113 1043 3235 1112 ejus
3288 1042 3601 1096 visceribus
3634 1042 3739 1096 ho-

2166 1143 2373 1195 minem
2419 1139 2647 1203 factum,
2684 1136 2781 1192 sed
2826 1135 3108 1190 hominem
3155 1135 3267 1189 Deo
3302 1135 3520 1188 unitum
3553 1150 3621 1189 ex
3668 1150 3737 1189 ea

2166 1231 2393 1286 creditis
2414 1240 2628 1285 natum.

2237 1326 2303 1379 N.
2327 1323 2467 1391 Quia
2518 1340 2619 1378 nos
2657 1322 2934 1377 invalidos
2967 1322 3155 1393 arguis
3186 1322 3255 1376 ad
3302 1321 3746 1377 discernendum

2165 1417 2299 1487 quid
2348 1416 2497 1470 inter
2534 1424 2789 1469 naturam
2845 1416 2938 1479 sit,
2995 1423 3052 1468 et
3104 1430 3443 1484 personam,
3483 1414 3623 1469 doce
3675 1422 3739 1467 tu

2166 1518 2419 1565 naturam
2447 1525 2571 1564 esse
2616 1510 2737 1563 sine
2793 1524 3056 1577 persona:
3095 1516 3192 1561 aut
3225 1523 3348 1577 qua
3397 1509 3614 1577 possint
3642 1524 3749 1562 na-

2168 1604 2308 1658 turis
2336 1602 2562 1671 preprie
2592 1602 2712 1656 sine
2745 1616 2979 1671 persona
3017 1601 3287 1655 vocabula
3309 1602 3583 1670 coaptari.

2235 1695 2297 1751 C.
2322 1696 2657 1751 Naturarum
2682 1705 2739 1749 et
2775 1710 3026 1764 persona
3047 1703 3178 1748 sunt
3212 1695 3439 1763 propria
3494 1703 3552 1748 et
3594 1709 3753 1748 com-

2169 1789 2359 1843 munia
2388 1788 2637 1850 nomina,
2668 1796 2727 1841 et
2753 1786 2976 1857 propria
3008 1786 3235 1856 quidem
3276 1786 3486 1839 nullam
3534 1785 3753 1840 faciunt

2170 1878 2558 1949 quastionem,
2608 1878 2924 1933 communia
2959 1892 3093 1931 vero
3129 1892 3252 1945 qua
3292 1892 3321 1929 a
3357 1876 3510 1930 falsis
3553 1877 3751 1931 docto-

2173 1975 2330 2028 ribus
2373 1972 2574 2028 callide
2619 1980 3057 2041 prasumuntur,
3097 1970 3339 2039 aliquam
3394 1968 3755 2040 simpliciori-

2171 2066 2277 2119 bus
2299 2064 2556 2118 nebulam
2590 2062 2895 2118 dubietatis
2926 2062 3250 2117 offundunt.

2240 2156 2306 2211 N.
2336 2155 2469 2222 Qua
2493 2162 2622 2208 sunt
2646 2155 2894 2219 nomina,
2946 2170 3069 2224 qua
3099 2162 3195 2208 aut
3219 2154 3458 2209 afferant
3488 2163 3585 2209 aut
3637 2170 3756 2211 non

2171 2248 2406 2303 aﬂ‘erant
2437 2246 2844 2315 quastionem?

2240 2344 2302 2399 C.
2337 2345 2524 2399 Deitas
2549 2352 2701 2398 certe
2727 2350 2784 2397 et
2809 2339 3148 2404 humanitas,
3180 2354 3313 2393 caro
3354 2347 3414 2393 et
3458 2337 3750 2406 divinitas,

2172 2437 2398 2507 propria
2428 2445 2559 2491 sunt
2582 2434 2805 2489 nomina
2827 2444 3156 2487 naturarum
3185 2449 3197 2485 :
3224 2432 3465 2487 Verbum
3483 2446 3617 2485 vero
3635 2430 3756 2485 sive

2172 2531 2332 2585 Jesus
2360 2529 2639 2592 Christus,
2673 2537 2729 2582 et
2756 2528 2802 2581 si
2852 2543 2976 2596 qua
3014 2527 3145 2580 talia
3194 2525 3569 2594 reperiuntur,
3623 2538 3759 2593 pro-

2172 2624 2293 2694 pria
2322 2633 2451 2677 sunt
2472 2623 2695 2677 nomina
2717 2637 2991 2691 persona,
3023 2621 3168 2675 sicut
3212 2619 3415 2674 Paulus
3448 2628 3507 2673 et
3553 2618 3755 2672 Petrus

2175 2717 2433 2788 apostoli.
2460 2717 2557 2771 Dei
2589 2732 2724 2769 vero
2753 2724 2804 2769 et
2835 2715 3084 2768 hominis
3139 2724 3313 2769 totam
3338 2713 3633 2767 Trinitatis
3663 2711 3755 2766 di-

2174 2811 2462 2865 vinitatem
2496 2810 2769 2879 signiﬁcat
2806 2824 3007 2862 nomen
3034 2807 3154 2869 Dei,
3185 2807 3261 2860 ita
3299 2814 3356 2860 et
3386 2820 3757 2875 unamquam-

2174 2914 2281 2967 que
2316 2912 2607 2967 personam
2629 2912 2695 2951 ex
2715 2896 3010 2951 Trinitate.
3056 2898 3201 2951 Deus
3224 2897 3375 2949 enim
3402 2896 3755 2961 Pater,Deus

2176 2991 2369 3051 Filius,
2422 2998 2476 3044 et
2506 2990 2651 3043 Deus
2710 2988 2953 3058 Spiritus
3017 2997 3265 3052 sanctus,
3315 2995 3374 3042 et
3423 2996 3536 3042 tota
3586 2988 3754 3042 simul

2177 3082 2421 3137 Trinitas
2441 3097 2586 3135 unus
2603 3082 2768 3135 Deus.
2808 3081 3022 3134 Rursus
3047 3080 3234 3143 homo,
3270 3080 3417 3133 sicut
3434 3094 3752 3149 personam,

2178 3175 2251 3229 ita
2280 3174 2553 3245 signiﬁcat
2583 3182 2640 3228 et
2664 3182 2941 3227 naturam.
2968 3173 3123 3229 Unde
3152 3182 3207 3226 et
3234 3173 3490 3233 nonnulli
3553 3172 3757 3227 Patres

2102 3284 2144 3341 (ς
2179 3268 2379 3330 sancti,
2403 3282 2511 3320 non
2568 3265 2793 3335 quidem
2830 3265 2895 3318 ad
2924 3280 3254 3335 personam,
3299 3265 3449 3319 sicut
3496 3279 3618 3329 vos,
3655 3264 3757 3318 sed

2177 3358 2243 3411 ad
2270 3364 2527 3410 naturam
2559 3356 2749 3425 potius
2775 3355 3159 3425 respicientes,
3216 3355 3502 3410 hominem
3533 3370 3756 3409 assum-

2177 3460 2332 3520 ptum
2351 3464 2379 3502 a
2414 3449 2527 3503 Deo
2546 3448 2733 3503 dicere
2753 3448 3206 3516 comprobantur.

2247 3542 2313 3596 N.
2338 3542 2629 3596 Assentior
2667 3541 2831 3609 plane
2858 3540 2945 3595 his
2964 3556 3087 3609 qua
3116 3557 3146 3595 a
3179 3550 3231 3595 te
3256 3540 3471 3611 prolata
3531 3546 3681 3603 sunt,
3710 3539 3760 3593 si

2180 3641 2362 3689 tamen
2390 3633 2603 3702 poteris
2626 3631 2818 3686 dicere
2853 3641 3111 3685 naturam
3147 3647 3270 3686 esse
3297 3631 3352 3685 in
3391 3646 3649 3700 persona.

2248 3726 2309 3781 C.
2346 3726 2556 3781 Natura
2616 3725 2880 3785 humana,
2920 3724 3176 3793 quamvis
3220 3731 3337 3777 tota
3394 3724 3451 3777 in
3494 3736 3764 3793 personas

2181 3818 2424 3887 singulas
2463 3817 2771 3879 derivetur,
2818 3832 2928 3869 non
2957 3825 3139 3869 tamen
3168 3814 3433 3884 qualibet
3480 3830 3590 3868 una
3634 3827 3764 3883 per-

2180 3924 2313 3963 sona
2341 3919 2435 3962 aut
2458 3923 2601 3962 unus
2630 3907 2817 3969 homo,
2849 3906 2903 3960 id
2931 3916 3037 3971 est,
3091 3906 3440 3967 individuus,
3488 3914 3604 3959 tota
3628 3918 3765 3973 pro-

2182 4001 2345 4055 batur
2374 3999 2724 4064 humanitas;
2773 4000 3019 4069 alioquin
3072 4014 3427 4069 nequaquam
3482 3999 3764 4052 innumeri

2182 4093 2438 4147 homines
2459 4093 2576 4146 sive
2616 4107 2871 4162 persona
2892 4092 3169 4163 generalis
3194 4092 3360 4162 hujus
3398 4090 3765 4146 humanitatis

2183 4187 2535 4241 exsisterent.
2585 4185 2937 4240 Diseernitur
2990 4200 3124 4254 ergo
3164 4200 3195 4237 a
3249 4194 3448 4237 natura
3496 4197 3764 4253 persona,

2184 4281 2314 4350 quia
2351 4294 2603 4349 persona
2648 4294 2817 4332 unam
2872 4294 2985 4333 rem
3037 4277 3381 4332 individuam
3433 4286 3648 4331 natura
3687 4276 3770 4331 si-

2184 4370 2464 4443 gniﬁcant.
2524 4371 2733 4425 Natura
2782 4386 2915 4424 vero
2976 4353 3330 4423 communem
3402 4367 3769 4438 cognoscitur

2184 4463 2467 4518 declarare
2510 4462 2822 4525 materiam,
2854 4478 2921 4516 ex
2949 4477 3056 4531 qua
3094 4463 3346 4531 piurima
3374 4472 3601 4531 possent
3635 4477 3771 4532 per-

2187 4571 2334 4610 sona
2363 4553 3044 4623 subsistere.Quapropter
3068 4553 3248 4607 omnis
3270 4552 3494 4623 quidem
3514 4567 3771 4622 persona

574 4646 634 4702 C.
692 4646 965 4701 Nimirum
1011 4647 1129 4701 haec
1168 4647 1381 4702 erroris
1431 4646 1627 4709 vestri.
1683 4656 1740 4701 et
1784 4658 1896 4698 ηοῐι
1951 4642 2079 4706 alia.
2113 4650 2158 4708 D
2187 4650 2350 4704 simul
2377 4658 2635 4703 naturam
2663 4649 2935 4711 continet,
2965 4664 3077 4701 non
3108 4657 3295 4703 autem
3340 4651 3523 4704 omnis
3566 4659 3771 4704 natura

503 4748 800 4794 causaest.
826 4739 960 4793 Nam
1019 4738 1151 4793 dum
1198 4755 1308 4793 non
1352 4740 1551 4794 valetis
1586 4739 1903 4793 discernere
1949 4735 2083 4805 quid

506 4834 652 4887 inter
681 4848 974 4903 personam
1021 4833 1095 4887 sit
1144 4841 1201 4887 et
1252 4841 1549 4896 naturam,
1588 4833 1829 4902 idipsum
1874 4830 2085 4884 intelli-

504 4939 697 5001 gentes
726 4940 981 4984 naturam
1011 4945 1156 4992 esse.
1192 4931 1342 5001 quod
1385 4938 1442 4985 et
1473 4945 1787 5001 personam,
1818 4928 1929 4980 imo
1957 4927 2085 4981 nul-

504 5024 721 5080 latenus
747 5024 1039 5079 credentes
1068 5033 1323 5079 naturam
1350 5041 1472 5079 esse
1490 5040 1651 5094 posse
1678 5024 1798 5077 sine
1821 5036 2083 5090 persona,

504 5120 777 5175 vocabula
819 5134 1072 5189 persona
1111 5130 1548 5189 naturarumque
1596 5116 1965 5180 confunditis,
2026 5124 2083 5167 et

504 5213 644 5267 duas
666 5211 895 5265 omnino
946 5228 1238 5282 personas,
1299 5213 1446 5267 sicut
1475 5212 1615 5265 duas
1661 5218 1892 5263 naturas
1919 5205 2085 5259 unius

508 5305 635 5360 Filii
686 5306 805 5371 Dei,
839 5306 961 5361 sine
988 5305 1161 5361 dubio
1197 5306 1537 5376 pradicatis.
1570 5304 1706 5357 Nam
1761 5316 1888 5356 cum
1912 5300 2084 5353 Deum

507 5399 751 5453 Verbum
785 5406 973 5452 natum
1018 5414 1086 5452 ex
1130 5398 1359 5469 Virgine
1397 5394 1703 5451 secundum
1758 5406 1978 5447 carnem
2007 5389 2091 5443 di-

508 5489 709 5552 cimus,
743 5489 1050 5543 divinitatis
1073 5489 1195 5558 ejus
1225 5497 1483 5541 naturam
1509 5482 1799 5538 aestimatis
1840 5497 1941 5535 vos
1989 5496 2092 5534 na-

512 5593 620 5637 tam
677 5602 745 5640 ex
794 5586 1019 5656 Virgine
1059 5585 1386 5655 pradicare.
1429 5583 1635 5636 Verum
1672 5580 1719 5634 si
1776 5579 1904 5640 hoc,
1940 5577 2089 5646 quod

513 5674 684 5738 absit,
723 5676 1044 5729 crederetur
1070 5690 1098 5727 a
1128 5674 1309 5737 nobis,
1352 5688 1463 5725 non
1486 5686 1612 5724 eum
1634 5668 1938 5724 secundum
1965 5683 2092 5723 car-

516 5780 643 5819 nem
666 5776 856 5819 natum
885 5783 953 5820 ex
982 5766 1210 5836 Virgine
1260 5765 1583 5821 fateremur.
1633 5762 1869 5829 Rursus,
1898 5776 2023 5818 cum
2058 5776 2087 5815 a

591 5920 637 5955 7"
672 5918 839 5977 Exod.
884 5937 972 5987 xv,
1010 5923 1069 5975 2.

2186 4758 2479 4812 personam
2505 4756 2662 4809 aque
2707 4739 3140 4808 complectitur:
3183 4740 3433 4809 alioquin
3471 4740 3617 4795 sicut
3654 4749 3772 4795 tres

2187 4849 2477 4904 personas,
2510 4833 2585 4886 ita
2610 4842 2665 4886 et
2695 4840 2808 4884 tres
2837 4837 3069 4884 naturas
3115 4841 3322 4885 sancta
3379 4840 3436 4886 et
3468 4830 3771 4886 ineﬁ‘abilis

2186 4927 2336 4981 illius
2365 4925 2657 4980 Trinitatis
2688 4924 2963 4979 Catholici
3010 4923 3338 4978 faterentur.

2258 5020 2322 5073 N.
2354 5018 2785 5073 lnsubstantiam
2819 5016 3116 5087 quamdam
3145 5026 3202 5071 et
3236 5017 3463 5071 inanem
3514 5025 3769 5071 naturam

2189 5111 2325 5165 mihi
2372 5110 2587 5165 videris
2616 5124 2889 5171 asserere,
2918 5125 3085 5178 quam
3137 5110 3348 5164 nullam
3374 5110 3516 5164 dicis
3563 5110 3773 5164 habere

2190 5219 2503 5275 personam.

2264 5296 2326 5350 C.
2381 5294 2753 5349 lnsubstantia
2802 5308 2935 5363 ergo
2998 5293 3099 5347 tibi
3156 5294 3379 5349 videtur
3439 5310 3669 5349 summa
3717 5303 3775 5349 et

2194 5387 2775 5457 incomprehensibilis
2805 5385 3095 5440 Trinitatis
3129 5388 3370 5441 natura?
3392 5403 3516 5457 qua
3541 5402 3667 5441 cum
3701 5387 3775 5441 sit

2192 5498 2304 5535 una
2336 5490 2392 5535 et
2440 5480 2758 5549 singularis,
2807 5478 2863 5532 in
2896 5479 3075 5533 tribus
3106 5489 3291 5534 tamen
3346 5482 3605 5551 personis
3649 5494 3775 5533 eam

2191 5573 2495 5628 subsistere
2539 5572 2951 5627 Catholicorum
3006 5572 3239 5643 ambigit
3294 5589 3491 5628 nemo.
3541 5573 3772 5635 Verum,

2193 5667 2326 5736 quia
2373 5680 2485 5719 non
2516 5665 2635 5720 sine
2697 5664 2904 5736 ingenti
2942 5664 3212 5735 periculo,
3252 5666 3320 5719 de
3367 5665 3629 5721 Creatore
3673 5679 3776 5719 suo

2192 5759 2441 5830 disputat
2468 5767 2744 5828 creatura,
2765 5759 2810 5815 si
2838 5759 3038 5832 placet,
3074 5760 3143 5815 ad
3174 5768 3443 5818 nostram.
3490 5758 3546 5814 id
3577 5764 3683 5824 est,
3707 5753 3776 5810 ad
