2073 3221
179 193 236 227 129

642 191 740 222 DIAL.
759 189 909 220 CONTRA
931 188 1207 218 NES'I‘UBIANOS.
1223 199 1257 206 -
1277 188 1349 217 LIB.
1368 188 1409 217 II.

1770 189 1820 218 130

183 258 313 282 natura.
337 253 521 279 transeamus
546 249 708 281 humanam,
730 247 766 275 de
790 254 856 282 qua,
871 246 894 273 si
909 245 977 280 quid
995 249 1016 275 Α
1034 247 1090 271 tur.
1107 243 1177 271 Cum
1192 249 1285 271 autem
1302 250 1371 272 nutu
1399 244 1448 272 Dei
1463 252 1514 279 per
1534 244 1636 273 seriem
1660 251 1821 281 generatio-

186 297 356 331 Min,
365 296 444 334 quod
457 296 534 325 absit
544 298 551 324 l
561 295 705 327 acciderit,
713 293 810 321 laevius
817 293 979 324 aestimetur,

186 345 334 382 pradple,
345 343 415 380 quia
440 346 472 371 et
492 342 528 371 de
546 341 607 378 ipsa
619 348 695 369 nunc
709 339 784 367 inter
797 347 849 366 nos
864 338 980 373 quaestio

185 391 346 423 ventilatur,
362 394 396 418 ut
406 389 486 422 inde,
500 392 637 424 quantum
659 385 793 422 possibile
811 385 908 416 fuerit,
921 385 980 419 pla-

181 443 250 464 num
261 436 312 464 lat
320 435 400 472 quod
409 434 559 471 queritur,
574 441 609 461 ne
621 433 754 461 videlicet
768 436 880 462 natura,
897 438 980 465 quam

178 482 303 511 necdum
319 481 444 510 dicimus
460 481 490 508 in
503 487 625 516 persona
639 478 804 511 subsistere,
818 477 980 505 insubstan-

179 529 219 558 th
235 528 288 557 tibi
299 535 366 557 esse
379 528 521 556 videatur.

214 576 250 604 Π.
269 575 344 610 ﬁat,
360 579 394 603 ut
407 574 465 608 vis,
481 573 564 602 modo
585 577 617 601 ut
632 572 797 608 explicetur,
813 571 888 607 quod
903 578 979 606 quae-

177 616 266 651 ritur.

214 668 248 697 (Ξ.
261 667 379 696 Natura
391 666 526 702 qualitas,
544 673 607 702 quas
622 665 652 693 in
669 665 773 692 multas
785 671 919 700 personas
934 661 979 690 in-

177 715 357 750 dividuaque
386 712 567 746 diﬂ'unditur,
597 719 653 740 non
682 711 734 739 tibi
756 710 979 738 insubstantialis

176 768 245 789 ease
268 759 414 792 videatur,
448 762 482 786 ut
505 758 578 786 nihil
601 757 646 786 sit.
678 757 810 792 Alioquin
838 755 979 791 quomodo

175 807 300 835 Creator
308 804 436 833 omnium
446 807 621 836 naturarum,
636 802 766 830 universa
781 801 852 829 bona
863 800 978 828 etvalde

176 852 255 880 bona
271 851 377 880 fecisse
390 850 550 878 credendus
561 849 623 876 est?
639 848 748 876 Idcirco
764 852 857 875 autem
866 852 977 879 natura,

176 905 244 933 qua
264 896 427 925 communis
450 894 581 923 materiei
598 894 656 922 vim
671 894 864 929 rationemque
888 894 979 922 conti-

176 947 241 977 net,
257 942 487 971 insubatantialis
497 940 710 969 acrassioribus
733 941 836 969 mentis
858 942 980 969 aestima-

176 993 254 1029 tur"
267 995 305 1016 eo
332 986 409 1023 quod
427 987 521 1014 minus
541 986 689 1014 attendunt
713 986 830 1014 alterius
853 994 979 1021 personae

177 1033 309 1063 nondum
321 1033 484 1070 apparentis
499 1033 655 1070 materiam,
671 1032 787 1060 alteram
803 1041 864 1061 esse
880 1040 979 1068 perso-

177 1086 264 1107 nam:
280 1085 378 1114 quam,
395 1081 426 1105 ut
437 1077 507 1110 dixi,
526 1077 653 1104 nondum
673 1077 708 1104 ad
723 1077 816 1105 lucem
830 1078 976 1112 prolatam,

179 1117 320 1154 naturalis
339 1124 466 1161 potentia
493 1123 645 1159 perfectam
660 1123 687 1150 in
704 1124 814 1151 cunctis
838 1124 978 1151 membro-

179 1170 462 1207 rumquodammodo
470 1171 647 1198 lineamentis
660 1171 793 1198 ostendit.
806 1170 840 1198 Et
852 1171 915 1198 ideo
923 1178 978 1197 non

179 1219 256 1247 bene
279 1217 468 1246 substantiam
488 1217 611 1245 aestimas
634 1221 664 1244 tu
680 1222 819 1251 naturam,
847 1217 908 1244 sine
923 1224 977 1251 qua

178 1263 260 1292 nulla
274 1266 370 1299 potest
395 1269 516 1298 persona
539 1262 699 1290 subsistere.
721 1262 879 1290 Secundum
907 1263 979 1289 hanc

179 1309 325 1338 rationem
347 1309 433 1337 etiam
446 1308 481 1337 de
503 1308 611 1337 vitiatis
631 1309 799 1345 corporibus
821 1310 978 1345 judicantes

180 1354 316 1383 dicimus.
343 1353 435 1391 linus
459 1358 532 1382 esta
561 1358 677 1386 natura,
699 1362 790 1390 neque
811 1355 885 1381 enim
913 1355 978 1389 quia

181 1400 265 1433 latet,
275 1403 327 1427 aut
338 1399 424 1432 nihil,
434 1404 484 1427 aut
498 1399 660 1435 imperfecta
674 1409 736 1428 esse
757 1400 898 1428 credenda
924 1405 977 1434 est,

179 1445 232 1474 sed
247 1450 293 1474 est
306 1453 426 1481 prorsus
437 1446 481 1474 vis
493 1446 545 1474 ista
557 1447 587 1474 in
611 1447 744 1475 membris
763 1448 878 1479 nostris,
896 1453 924 1475 et
938 1448 979 1475 la-

179 1496 223 1520 tet
237 1490 376 1528 perfecta.
392 1497 422 1520 et
442 1496 500 1521 tota
509 1494 664 1521 secundum
689 1494 829 1528 propriam
845 1494 978 1521 rationem

178 1537 210 1566 in
223 1538 346 1566 materia
367 1538 495 1567 seminis.
511 1538 580 1573 Quis
603 1539 677 1567 enim
692 1540 841 1575 parvulum
861 1540 979 1568 necdum

1032 298 1111 323 num,
1125 291 1168 318 vis
1185 291 1300 318 seminis
1313 291 1340 318 in
1356 291 1460 319 femina
1475 291 1561 319 fuerit
1571 293 1653 320 vulva
1670 293 1819 326 transfusa,

1032 342 1099 364 tunc
1114 337 1187 372 quod
1215 338 1319 365 latebat
1337 339 1365 365 in
1395 339 1527 366 membris
1553 340 1724 372 extenditur,
1747 345 1775 367 et
1792 340 1820 367 in

1031 393 1150 420 persona
1166 385 1278 420 propria
1307 385 1472 413 declaratur.
1490 386 1560 413 Huic
1583 386 1667 421 igitur
1693 387 1821 414 humana:

1031 436 1147 462 naturar,
1167 439 1228 466 quae
1255 432 1393 466 generalis
1407 436 1435 459 et
1449 432 1604 459 communis
1625 437 1667 460 est
1690 433 1820 459 omnibus

1031 477 1202 509 hominibus,
1220 477 1280 505 sine
1294 485 1348 512 qua
1372 478 1448 505 nulla
1462 482 1553 512 potest
1567 479 1609 513 (ut
1634 479 1763 513 superius
1778 479 1821 505 di-

1032 524 1132 559 ximus)
1160 533 1278 559 persona
1304 525 1478 557 subsistere,
1508 526 1536 552 in
1564 531 1667 553 sancta:
1698 526 1820 562 Virginis

1030 575 1121 603 utero,
1138 579 1199 605 qua:
1216 570 1269 598 ﬁde
1284 571 1364 606 plena
1374 571 1459 598 Deum
1473 572 1620 606 concipere
1637 572 1749 604 meruit,
1773 580 1817 599 se-

1033 617 1180 652 metipsum
1198 617 1270 644 Deus
1288 617 1410 644 Verbum
1428 617 1510 644 unire
1536 618 1664 652 dignatus
1676 623 1727 650 est,
1743 622 1772 645 et
1786 626 1819 644 ex

1030 664 1146 692 materia
1155 664 1294 691 viscerum
1306 664 1366 699 ejus
1376 664 1481 698 absque
1499 664 1555 690 ullo
1568 664 1618 690 viri
1631 665 1736 691 semine
1752 672 1819 699 pro-

1031 710 1090 744 pria
1107 709 1232 744 potentia
1247 714 1275 737 et
1288 710 1392 736 virtute
1409 710 1601 744 semetipsum,
1615 709 1674 736 sine
1692 710 1748 737 ulla
1764 714 1820 737 sta-

1030 761 1075 784 tus
1089 756 1131 784 sui
1144 755 1341 787 diminutione,
1355 761 1431 782 creat
1444 755 1599 783 secundum
1615 763 1738 787 carnem,
1754 764 1812 790 pro-

1030 803 1088 830 ﬁcit
1098 803 1125 829 in
1138 803 1282 834 membris,
1295 802 1325 829 ﬁt
1337 802 1431 835 homo,
1448 803 1598 829 secundam
1610 810 1659 837 pro
1669 807 1763 829 nostra
1776 811 1805 829 sa

1029 848 1086 876 lute
1102 849 1221 876 sustinet
1235 848 1422 881 nativitatem,
1442 854 1583 883 postremo
1600 848 1702 875 crescit
1714 848 1739 874 in
1751 852 1819 874 atta-

1030 896 1066 923 tis
1081 901 1268 931 augmentum.
1285 895 1393 923 Idcirco
1411 903 1476 922 vere
1487 899 1515 922 et
1539 895 1650 929 proprie
1664 894 1819 922 secundum

1030 951 1141 971 carnem
1159 948 1242 971 natus
1253 948 1372 971 asancta
1388 943 1502 977 Virgine
1521 950 1536 969 a
1551 942 1704 969 Catholicis
1721 942 1821 977 praedi-

1030 996 1119 1018 catur.
1148 990 1219 1018 Hinc
1245 998 1309 1017 vere
1324 994 1352 1017 ct
1370 989 1481 1024 proprie
1498 989 1596 1016 eadem
1612 992 1708 1015 sancta
1734 988 1819 1023 Virgo

1030 1038 1077 1065 Dei
1092 1037 1216 1064 Genitrix
1230 1037 1365 1064 creditur.

1065 1084 1097 1111 N.
1113 1084 1213 1111 Totum
1229 1083 1303 1118 quod
1326 1084 1456 1118 superius
1469 1091 1484 1110 a
1504 1087 1541 1115 te,
1557 1082 1622 1109 licet
1636 1080 1759 1108 involute
1778 1084 1819 1107 ta-

1029 1138 1093 1158 men
1109 1130 1311 1157 rationabiliter
1320 1130 1419 1157 disseri
1434 1129 1591 1159 videbatur,
1610 1127 1752 1165 conclusio
1761 1127 1820 1153 haec

1029 1181 1151 1204 extrema
1167 1177 1302 1208 confudit,
1315 1184 1376 1211 quae
1393 1176 1480 1203 Deum
1503 1175 1644 1201 hominem
1672 1174 1772 1200 factum
1792 1176 1820 1200 ct

1030 1224 1102 1258 quod
1119 1228 1161 1250 est
1178 1222 1394 1255 intolerabilius,
1417 1221 1569 1249 secundam
1584 1221 1631 1247 Dei
1645 1219 1729 1247 Verbi
1746 1219 1819 1245 nati-

1030 1269 1143 1295 vitatem
1162 1268 1294 1295 audacter
1306 1268 1445 1302 expressit
1463 1276 1468 1293 :
1485 1274 1548 1294 cum
1577 1266 1652 1292 nulla
1671 1272 1716 1291 res
1742 1263 1819 1291 nasci

1031 1314 1153 1343 secundo
1176 1313 1399 1342 substantialiter
1421 1317 1515 1347 queat.
1528 1312 1627 1338 Factus
1639 1315 1730 1337 autem
1747 1310 1819 1336 Deus

1030 1361 1124 1393 homo,
1140 1360 1279 1395 quomodo
1300 1368 1313 1386 a
1329 1364 1355 1387 te
1382 1358 1562 1394 praedicatur,
1588 1365 1650 1384 cum
1669 1355 1737 1383 illud
1759 1354 1819 1382 ﬁeri

1030 1407 1144 1439 dicitur,
1160 1407 1234 1442 quod
1254 1406 1372 1433 necdum
1394 1410 1503 1432 exstare
1519 1404 1662 1435 videatur,
1678 1403 1721 1430 vel
1735 1410 1769 1429 ex
1785 1409 1819 1429 eo

1030 1454 1103 1488 quod
1119 1459 1162 1481 est
1182 1454 1210 1480 in
1230 1453 1299 1480 illud
1317 1452 1421 1487 aliquid
1437 1451 1558 1478 vertitur
1588 1454 1618 1477 ut
1634 1449 1743 1477 desinat
1758 1455 1819 1475 esse

1030 1499 1103 1534 quod
1118 1499 1198 1526 erat?

1065 1545 1096 1573 C.
1116 1545 1187 1573 Hinc
1210 1552 1308 1579 nempe
1338 1542 1483 1571 tremenda
1510 1546 1569 1572 est,
1588 1544 1615 1568 et
1630 1538 1819 1570 admirabilis,
1860 1543 1861 1547 ‘

178 1580 262 1621 εει
279 1589 405 1613 utean
419 1585 542 1618 ratione,
561 1586 755 1621 imperfectam
781 1592 855 1614 recte
868 1587 976 1623 judica-

1030 1592 1105 1627 juxta
1114 1598 1226 1618 carnem
1235 1591 1284 1617 Dei
1297 1590 1382 1617 nostri
1393 1588 1514 1615 secunda
1527 1586 1667 1616 nativitas,
1678 1591 1819 1619 magnum-

178 1631 222 1660 δὴ
237 1631 394 1659 humanam
416 1631 522 1660 habere
551 1633 806 1668 naturam?Neque
830 1634 906 1661 enim
927 1634 976 1668 qui

178 1679 221 1707 uti
232 1686 288 1715 pro
299 1683 429 1715 tempore
442 1686 499 1706 non
516 1683 611 1714 potest
632 1680 741 1707 ratione
752 1700 759 1713 ,
786 1679 849 1707 ideo
871 1680 977 1712 aliquid

178 1725 221 1754 ili
233 1725 338 1754 deesse
350 1725 518 1761 probabitur
531 1733 547 1753 a
563 1725 726 1753 deﬁnitione
752 1730 857 1755 natura
878 1725 978 1752 huma-

176 1779 234 1800 ιε.
247 1771 323 1800 Cum
337 1771 413 1800 sicut
437 1776 548 1799 veteres
563 1771 744 1804 deﬁnierunt,
765 1771 836 1798 nihil
850 1771 886 1798 sit
900 1771 977 1798 aliud

177 1816 379 1852 numquam
402 1815 507 1844 animal
521 1817 660 1845 rationale
689 1817 818 1844 mortale.
838 1816 880 1844 An
905 1817 978 1844 forte

179 1863 298 1899 aliquis,
315 1862 384 1898 quia
394 1869 452 1890 non
464 1866 584 1890 utuntur
594 1862 703 1898 parvuli
733 1863 853 1894 ratione,
868 1862 978 1889 irratio-

179 1908 289 1937 nllllia
299 1908 435 1936 animalia
447 1908 567 1936 mutabit
580 1915 629 1936 eos
643 1915 778 1940 asserere,
792 1915 862 1943 quos
881 1908 976 1942 utique

179 1960 311 1992 sapore
327 1962 454 1991 congruo
467 1963 525 1983 non
539 1955 714 1982 extrinsecus
727 1954 879 1982 adveniens
895 1954 976 1986 ratio,

176 2001 229 2031 sed
238 2000 420 2030 extrinsecus
426 2006 526 2029 natura
535 2001 767 2029 subministrante
775 2000 874 2028 ditabit
882 2000 894 2026 ?
902 2000 977 2033 Qua-

176 2051 302 2085 propter
312 2051 416 2075 natura
428 2047 560 2079 humana,
573 2054 636 2082 qua:
662 2047 732 2074 latet
745 2047 774 2073 in
795 2047 911 2074 materia
932 2053 978 2073 se-

175 2094 278 2128 minis,
289 2100 348 2122 non
364 2097 414 2122 aut
427 2093 510 2126 nihil,
523 2097 572 2121 aut
584 2093 746 2129 imperfecta
760 2098 813 2126 est,
829 2097 978 2128 antequam

175 2141 208 2169 in
218 2147 304 2169 nam
316 2139 539 2172 subsistentiam,
556 2139 614 2168 Deo
626 2147 660 2168 ex
676 2139 737 2175 ipsa
750 2143 864 2167 creante
874 2138 978 2166 {Orme-

177 2191 238 2222 tlr,
259 2185 312 2215 sed
327 2186 444 2214 omnino
456 2185 590 2222 perfecta,
611 2185 765 2214 secundum
786 2192 869 2220 quam
890 2184 978 2212 ratio-

175 2239 245 2263 ιε.
257 2237 290 2261 et
306 2231 378 2260 Levi
389 2239 454 2260 ante
471 2232 559 2260 multa
579 2237 714 2267 tempora,
742 2239 826 2267 quam
843 2231 872 2258 in
898 2236 979 2258 utero

1029 1645 1082 1672 que
1107 1636 1219 1672 pietatis
1250 1636 1310 1663 sine
1336 1635 1419 1661 dubio
1444 1637 1647 1661 sacramentum
1673 1630 1818 1665 probatur,

1028 1683 1101 1718 quod
1115 1684 1231 1717 negatur
1242 1681 1276 1708 ab
1287 1680 1393 1718 impiis,
1410 1679 1476 1714 quia
1489 1686 1543 1706 non
1557 1682 1628 1708 erat,
1644 1676 1692 1704 sed
1701 1676 1748 1710 qui
1759 1678 1819 1701 erat

1028 1717 1153 1755 nascitur
1170 1736 1178 1755 :
1196 1734 1249 1753 nec
1266 1717 1419 1753 secundum
1433 1723 1460 1751 id
1475 1723 1550 1758 quod
1563 1726 1632 1755 erat,
1653 1721 1701 1749 sed
1718 1727 1818 1747 secun-

1029 1774 1095 1801 dum
1111 1773 1139 1800 id
1157 1773 1232 1808 quod
1249 1779 1305 1799 non
1320 1774 1397 1803 erat,
1416 1769 1528 1805 propria
1539 1768 1698 1803 dignatione
1716 1766 1818 1793 fortna-

1029 1826 1084 1849 tur.
1103 1820 1154 1854 Qui
1168 1820 1242 1847 enim
1264 1818 1428 1846 naturaliter
1442 1821 1502 1845 erat
1516 1816 1576 1843 sine
1594 1815 1674 1842 initio
1688 1818 1770 1841 natus
1785 1819 1819 1839 ex

1028 1872 1107 1903 patre
1121 1887 1129 1899 ,
1161 1866 1233 1894 idem
1256 1866 1314 1901 ipse
1338 1865 1366 1891 in
1387 1869 1512 1899 tempore
1534 1862 1700 1890 naturaliter
1724 1861 1819 1888 nasci-

1030 1919 1074 1942 tur
1097 1913 1178 1941 nobis
1206 1921 1240 1941 ex
1265 1918 1363 1939 matre.
1386 1911 1425 1938 Ibi
1446 1909 1599 1938 secundum
1625 1909 1819 1942 divinitatem,

1029 1960 1074 1987 hic
1101 1960 1172 1987 idem
1191 1959 1249 1994 ipse
1275 1959 1358 1985 homo
1372 1965 1406 1984 ex
1429 1957 1542 1984 homine
1564 1956 1664 1986 factus,
1690 1954 1819 1982 similiter

1028 2013 1083 2033 non
1109 2005 1262 2033 secundum
1289 2005 1316 2032 id
1341 2003 1416 2039 quod
1435 2007 1505 2034 erat,
1538 2002 1587 2029 sed
1613 2001 1765 2029 secundum
1792 2000 1819 2027 id

1028 2052 1102 2087 quod
1117 2060 1173 2079 non
1188 2056 1258 2079 erat.
1274 2051 1342 2078 Nam
1356 2050 1439 2082 Deus,
1457 2048 1505 2084 qn-i
1518 2051 1589 2077 erat.
1606 2047 1637 2074 ﬁt
1652 2047 1745 2079 homo,
1760 2046 1819 2073 sine

1029 2098 1071 2126 sui
1085 2097 1277 2129 conversione,
1297 2095 1372 2131 quod
1387 2102 1443 2122 non
1458 2099 1530 2122 erat.
1542 2093 1620 2120 Valet
1633 2092 1724 2128 itaque
1738 2099 1819 2126 argu-

1028 2148 1153 2172 mentum
1167 2147 1216 2171 ate
1228 2143 1377 2178 prolatum,
1394 2140 1427 2168 ad
1439 2147 1502 2168 eum
1513 2138 1561 2175 qui
1576 2139 1681 2173 aliquid
1690 2137 1763 2172 quod
1778 2142 1819 2164 est

1029 2191 1181 2218 secundum
1193 2189 1219 2216 id
1229 2189 1302 2224 quod
1314 2191 1367 2218 est,
1382 2191 1430 2214 aut
1441 2186 1517 2214 nasci
1531 2185 1655 2212 secundo
1664 2183 1819 2214 contendit,

1029 2240 1077 2263 aut
1088 2234 1147 2263 ﬁeri
1164 2244 1170 2261 :
1187 2234 1221 2262 ad
1237 2241 1288 2261 nos
1303 2241 1370 2260 vero
1386 2232 1455 2259 nihil
1473 2230 1604 2266 pertinet,
1627 2230 1674 2264 qui
1696 2236 1752 2255 non
1775 2237 1820 2256 se-

174 2279 384 2313 minaretur.
399 2283 448 2307 ³1η
461 2279 666 2314 “ueheretur,
694 2278 723 2306 in
754 2277 858 2306 lumbis
871 2278 978 2313 DOSilllS
994 2275 1016 2303 Ῑ)
1031 2282 1153 2310 cundum
1171 2281 1200 2308 id
1217 2280 1291 2314 quod
1304 2284 1373 2311 erat,
1388 2283 1416 2306 et
1429 2282 1523 2305 natum
1536 2276 1658 2304 secundo
1674 2280 1703 2303 et
1717 2275 1820 2303 factum

173 2326 419 2362 Abrahalegitur
439 2325 606 2354 decimatus.
622 2326 706 2354 Nulla
717 2330 811 2353 autem
828 2332 873 2353 res
885 2328 978 2360 potest

173 2372 318 2403 ded-ari
339 2380 405 2409 qua
428 2380 486 2400 non
500 2377 554 2401 est.
568 2373 624 2410 Res
638 2380 706 2408 ergo
729 2372 782 2400 ista
794 2372 853 2399 sive
878 2375 977 2398 natura

173 2428 242 2457 qua
255 2420 287 2449 in
301 2419 418 2448 occulto
431 2425 485 2452 est,
497 2418 624 2455 quandiu
636 2418 810 2455 producatur
822 2417 857 2445 ad
873 2418 976 2450 lucem,

171 2466 262 2505 qui
270 2467 304 2496 in
315 2466 477 2496 substantia
484 2473 501 2494 a
510 2465 606 2494 minus
617 2464 839 2500 intelligentibus
854 2464 977 2492 aestima-

1031 2330 1117 2357 Deum
1133 2328 1272 2355 hominem
1281 2325 1473 2361 praedicamus.
1491 2323 1544 2351 Sed
1555 2324 1610 2358 jam
1629 2323 1709 2350 istius
1724 2322 1821 2355 dispu-

1031 2375 1154 2407 tationis,
1167 2374 1189 2402 si
1200 2374 1299 2409 placet,
1316 2373 1368 2399 iste
1385 2371 1421 2398 sit
1432 2370 1503 2397 (luis.
1514 2369 1545 2407 Si
1554 2376 1609 2404 qua
1623 2376 1690 2396 vero
1702 2371 1818 2400 restant,

1029 2422 1064 2449 ab
1081 2420 1195 2449 alterius
1210 2417 1453 2448 sermocinationis
1466 2416 1644 2451 inquiruntur
1657 2413 1782 2442 exordio.

195 2548 1811 2578 __________________________________.

350 2813 529 2844 CAPITULA
545 2811 638 2841 LIBRI
651 2811 810 2840 SECUNDI.

170 2887 192 2918 Ι.
211 2886 257 2916 Dc
274 2883 404 2914 naturali
414 2884 516 2912 unione
531 2881 581 2910 Dei
600 2880 678 2910 Verbi
694 2881 765 2916 facta
786 2879 822 2908 ad
838 2880 975 2915 propriam

734 2644 914 2689 LIBER
951 2640 1277 2687 SECUNDUS.

1029 2787 1063 2815 Il.
1077 2787 1152 2821 Quod
1164 2795 1196 2814 ea:
1212 2787 1349 2814 divinitate
1366 2783 1567 2812 ethumanitate
1581 2780 1698 2810 Christus
1709 2787 1784 2815 comp

1099 2834 1166 2861 situs
1179 2834 1313 2860 doceatur.

1030 2879 1073 2908 III.
1090 2880 1127 2907 De
1141 2888 1170 2907 eo
1191 2879 1261 2914 quod
1287 2879 1377 2905 dicunt
1399 2877 1515 2904 alterum
1533 2877 1561 2902 in
1577 2875 1673 2906 altera.
1695 2875 1743 2903 hoc
1766 2879 1813 2903 est.

1120 2924 1201 2952 Deum
1216 2924 1324 2952 Verbum
1338 2923 1458 2950 habitare
1475 2922 1501 2949 in
1515 2923 1628 2949 homine.
