4146 6444
540 362 634 426 131
1803 360 2127 422 JOA‘NNIS
2169 361 2545 422 MAXENTII

534 479 623 535 IV.
659 477 735 531 De
770 494 829 530 eo
865 477 1003 548 quod
1030 479 1287 549 scriptum
1317 493 1337 531 :
1368 494 1385 526 ς
1414 475 1611 529 Solvite
1644 476 1901 546 templum
1925 480 2040 539 hoc,
2064 482 2113 529 et
2143 483 2188 535 Α

710 574 767 626 in
788 574 961 626 triduo
986 573 1310 627 resuscitabo.
1328 570 1464 624 illud
1485 572 1549 624 ⁷⁸.
1597 590 1615 622 ι

533 666 601 721 ν.
642 662 791 729 Quod
826 679 1066 735 perverso
1096 662 1463 732 intelligentia:
1485 679 1640 715 sensu
1667 663 1951 733 accipiant,
1983 664 2122 731 quod

674 757 930 823 scriptum
950 762 1023 807 est
1050 769 1068 806 :
1096 752 1239 806 «Nisi
1271 751 1721 806 manducaveritis
1748 768 1965 805 carnem
1995 751 2123 805 Filii

683 846 927 908 hominis,
960 861 1066 897 non
1095 844 1348 897 habebitis
1381 844 1543 897 vitam
1570 844 1626 896 in
1661 843 1883 897 vobis".
1920 861 1939 894 ι

544 936 627 991 VI.
671 936 820 1001 Quod
855 954 959 989 non
992 938 1211 990 credant
1252 938 1416 991 vitam
1446 952 1555 989 esse
1591 951 1711 989 eum
1733 937 1825 1006 qui
1867 954 1897 990 a
1922 936 2121 991 Iudicis

746 1039 819 1084 est
845 1031 1149 1097 cruciﬁxus.

534 1120 646 1175 VII.
688 1120 838 1186 Quod
868 1123 1133 1176 hominem
1161 1125 1558 1189 tantummodo,
1599 1141 1704 1178 non
1732 1124 1934 1188 Deum,
1963 1142 2125 1179 carne

747 1215 1060 1283 cruciﬁxum
1086 1232 1196 1269 esse
1228 1216 1525 1285 fateantur.

535 1303 670 1359 VIII.
709 1306 784 1359 De
837 1324 895 1359 eo
948 1308 1087 1377 quod
1126 1310 1384 1379 scriptum
1422 1316 1529 1371 est,
1593 1328 1611 1360 σ
1646 1307 1903 1363 Dominus
1938 1308 2125 1379 gloria:

748 1397 1033 1466 cruciﬁxus
1053 1399 1122 1451 ⁷⁷.
1171 1418 1190 1449 s

535 1488 629 1544 IX.
670 1490 749 1544 De
783 1508 842 1544 eo
870 1491 1008 1561 quod
1042 1492 1221 1545 dicunt
1254 1509 1272 1546 :
1300 1491 1565 1547 Christum
1582 1510 1797 1564 passum
1833 1510 1993 1550 carne
2020 1511 2124 1548 non

756 1580 917 1633 Deum
969 1599 1183 1651 passum
1213 1599 1375 1635 carne
1422 1584 1665 1651 conﬁteri
1704 1583 1908 1638 debere.
1945 1583 2016 1637 Et
2063 1585 2125 1637 de

751 1689 809 1725 eo
858 1673 996 1743 quod
1030 1674 1285 1743 scriptum
1330 1682 1406 1727 est
1445 1691 1464 1728 :
1508 1692 1526 1725 ι
1566 1674 1849 1729 Dominum
1900 1692 2020 1729 eum
2074 1684 2124 1729 et

750 1764 1015 1818 Christum
1042 1765 1177 1819 Deus
1207 1766 1407 1833 fecit".

537 1852 607 1912 Χ.
655 1856 729 1909 De
758 1858 1068 1912 testimoniis
1102 1860 1289 1929 quibus
1339 1878 1533 1930 purum
1580 1862 1843 1916 hominem
1876 1879 1995 1916 eum
2033 1865 2123 1933 qui
2156 1847 2197 1901 Β

716 1968 813 2021 pro
849 1960 1031 2005 nostra
1073 1951 1249 2005 salute
1279 1971 1466 2023 passus
1501 1962 1597 2019 est,
1633 1955 2003 2009 demonstrare
2038 1958 2122 2009 ni-

715 2056 919 2101 tuntur.

537 2134 629 2191 XI.
655 2136 807 2204 Quod
824 2140 1135 2194 nullatenus
1148 2141 1307 2193 unius
1326 2140 1666 2211 ejusdemque
1687 2142 1978 2203 mirabilia.
2003 2162 2126 2213 pas-

744 2230 1020 2298 sionesque
1048 2231 1346 2299 fateantur.
1395 2228 1465 2283 Et
1496 2229 1559 2281 de
1601 2245 1660 2281 eo
1692 2230 1831 2299 quod
1868 2232 2124 2300 scriptum

750 2328 826 2373 est
871 2322 940 2374 ad
997 2321 1243 2375 Hebraeos
1272 2337 1289 2375 :
1322 2339 1339 2371 ι
1381 2320 1604 2374 Decebut
1641 2323 1781 2374 enim
1837 2338 1956 2375 eum
2000 2339 2126 2391 pro-

752 2425 869 2486 pter
922 2431 1077 2485 quem
1112 2416 1325 2479 omnia,
1378 2423 1428 2467 et
1458 2432 1552 2485 per
1591 2431 1746 2485 quem
1785 2417 1988 2481 omnia,
2035 2419 2127 2486 qui

754 2506 944 2559 multos
974 2504 1115 2573 ﬁlios
1152 2508 1207 2559 in
1237 2506 1467 2575 gloriam
1495 2507 1791 2561 adduxerat
1812 2548 1825 2571 ,
1859 2516 2126 2561 auctorem

751 2595 941 2649 salutis
973 2613 1155 2649 eorum
1190 2613 1282 2666 per
1306 2598 1575 2667 passiones
1603 2615 1973 2652 consummare
2000 2601 2065 2652 ’⁹.
2094 2619 2118 2650 s

536 2686 654 2743 XII.
707 2688 779 2741 De
825 2705 882 2740 eo
919 2689 1058 2759 quod
1096 2687 1289 2741 callide
1341 2689 1534 2743 dicitur
1570 2690 1635 2743 ab
1679 2692 1800 2744 eis:
1840 2690 1979 2746 Caro
2034 2691 2129 2745 Dei

754 2785 911 2849 pass‘a
945 2787 1043 2843 est,
1076 2779 1212 2832 Deus
1238 2788 1417 2833 autem
1446 2797 1606 2834 carne
1643 2799 1832 2852 passus
1864 2800 1969 2837 non
1994 2792 2088 2837 est.

532 2874 677 2941 XIII.
720 2873 964 2939 Qualiter
1002 2874 1168 2927 Deum
1201 2877 1447 2945 proprias
1481 2876 1662 2929 carnis
1693 2892 1805 2929 suae
1830 2877 2010 2946 fecisse
2038 2894 2128 2930 as-

783 2975 967 3020 serunt
995 2968 1288 3038 passiones.

539 3057 677 3113 XIV.
720 3056 872 3123 Quod
899 3060 1067 3113 Deum
1095 3076 1313 3128 passum
1340 3078 1504 3114 carne
1543 3071 1807 3126 asserunt,
1837 3062 1999 3117 Deum
2030 3081 2129 3118 au-

788 3161 891 3204 tem
931 3150 1151 3206 Verbum
1184 3170 1401 3223 passum
1446 3171 1609 3207 carne
1658 3155 1806 3208 nullo
1856 3156 2009 3209 modo
2045 3156 2130 3226 fa-

789 3250 1024 3296 teuntur.

537 3330 650 3385 XV.
696 3331 847 3397 Quod
883 3342 1078 3403 negant
1103 3332 1271 3387 Deum
1304 3349 1433 3396 esse,
1468 3335 1557 3404 qui
1588 3336 1726 3388 visus
1752 3343 1802 3388 et
1832 3344 2126 3388 contrecta-

751 3433 833 3477 tus
868 3435 916 3477 et
946 3442 1131 3494 passus
1173 3442 1334 3479 carne
1384 3434 1482 3491 est,
1521 3427 1583 3479 ob
1613 3426 1668 3479 id
1694 3425 1834 3497 quod
1870 3428 2126 3496 scriptum

747 3529 857 3571 est:
894 3538 910 3563 ε
942 3518 1110 3572 Deum
1145 3536 1297 3573 nemo
1330 3521 1459 3574 vidit
1491 3522 1815 3591 unquam”.
1856 3540 1877 3575 ι

536 3607 675 3663 XVI.
718 3608 870 3674 Quod
907 3611 1221 3666 Trinitatem
1259 3614 1314 3665 in
1339 3613 1546 3667 Christo
1578 3613 1821 3668 habitare
1860 3614 2020 3684 impie
2043 3630 2131 3667 as-

771 3710 973 3767 serant,
1002 3712 1051 3755 et
1094 3704 1154 3756 ob
1180 3704 1235 3756 id
1266 3707 1521 3775 scriptum
1549 3716 1623 3758 est
1657 3722 1673 3758 :
1712 3724 1728 3755 ι
1760 3704 1898 3769 Quia
1929 3707 1985 3758 in
2014 3706 2128 3774 ipso

775 3794 979 3847 habitat
1009 3797 1179 3848 omnis
1218 3795 1487 3865 plenitudo
1536 3797 1828 3850 divinitatis
1868 3813 2127 3867 corpora-

670 3904 683 3925 κ
757 3884 966 3940 liter".
1004 3906 1022 3938 ι

539 3975 700 4033 XVII.
743 3975 895 4041 Quod
927 3994 1169 4047 perverse
1202 3978 1371 4033 Deum
1402 3978 1601 4033 Filium
1624 4020 1638 4045 ,
1680 3996 1786 4033 non
1821 3978 1990 4032 Deum
2019 3978 2130 4033 Pa-

786 4080 919 4122 trem
941 4070 998 4123 in
1019 4069 1224 4125 Christo
1246 4072 1487 4126 habitare
1508 4080 1770 4134 asserunt,
1795 4087 1890 4142 per
1916 4071 1970 4124 id
1989 4073 2127 4142 quod

782 4164 1037 4233 scriptum
1064 4172 1139 4217 est
1172 4180 1189 4217 .'
1217 4184 1234 4216 ‹
1262 4163 1401 4219 Deus
1427 4175 1542 4218 erat
1565 4167 1619 4217 in
1637 4162 1843 4219 Christo
1870 4165 2123 4219 mundum

785 4253 1132 4309 reconcilians
1163 4255 1261 4310 sibi
1278 4256 1345 4309 δ’.
1384 4275 1403 4309 s

536 4340 721 4397 XVIII.
766 4342 918 4408 Quod
950 4343 1363 4417 Christum,_non
1399 4364 1614 4403 carnem
1636 4348 1852 4420 Christi,
1881 4372 1914 4409 a
1934 4363 2121 4410 sancta

3700 370 3807 426 I32

2498 474 2755 528 Trinitate
2787 482 3021 527 creatum
3059 482 3107 528 et
3140 477 3509 529 resuscitatum
3539 488 3808 540 asserunt.

2504 567 2642 635 quod
2674 567 2797 620 dum
2831 567 3016 620 docere
3058 577 3322 621 conantur
3356 569 3521 638 juxta
3554 569 3808 638 Arianos,

2508 658 2775 712 Christum
2813 667 3117 712 creaturam
3147 661 3361 713 credere
3411 661 3808 731 deprehendun-

2510 760 2618 805 tur.

2228 841 2371 896 XIX.
2414 842 2490 895 De
2523 859 2582 896 eo
2615 844 2753 913 quod
2799 844 3017 909 dicunt,
3048 843 3371 898 Homousion
3408 843 3671 910 dividere,
3732 852 3811 898 est

2466 930 2730 987 Christum
2762 935 2932 988 dicere
2953 952 3117 988 unum
3152 952 3214 988 ex
3235 936 3513 991 Trinitate.

2228 1020 2347 1076 XX.
2375 1022 2446 1076 De
2469 1041 2527 1076 eo
2548 1026 2685 1094 quod
2712 1026 2883 1088 aiunt,
2910 1024 3163 1095 quidquid
3188 1041 3249 1079 ex
3280 1025 3460 1095 aliquo
3482 1043 3590 1080 esse
3615 1027 3813 1081 dicitur

2440 1115 2671 1170 alterum
2720 1117 2945 1171 ostendit
2973 1133 3038 1171 ea:
3076 1117 3267 1180 altero,
3316 1128 3366 1171 et
3395 1118 3511 1171 ideo
3541 1117 3814 1174 Christum

2441 1224 2547 1261 non
2599 1219 2802 1279 oportet
2848 1226 3013 1263 unum
3067 1227 3131 1263 ea:
3177 1211 3434 1265 Trinitate
3464 1214 3657 1283 fateri,
3715 1215 3814 1269 sed

2447 1319 2609 1355 unum
2648 1303 2704 1356 in
2722 1302 2979 1357 Trinitate
3008 1314 3055 1357 et
3091 1306 3429 1373 perversitate
3456 1306 3551 1359 hoc
3569 1306 3709 1359 idem
3743 1306 3813 1360 ab

2442 1397 2567 1465 ipsis
2592 1396 2848 1449 haereticis
2880 1405 3217 1450 memoretur.

2230 1485 2373 1541 XXI.
2414 1486 2565 1552 Quod
2609 1505 2773 1541 unum
2811 1490 3022 1558 quidem
3077 1506 3357 1559 personam
3414 1488 3679 1545 Christum
3745 1506 3815 1544 ea:

2447 1580 2699 1635 Trinitate
2721 1583 3010 1651 fateantur,
3047 1581 3311 1637 Christum
3336 1590 3514 1636 autem
3554 1600 3718 1637 unum
3746 1600 3815 1637 ea:

2450 1674 2710 1729 Trinitate
2762 1674 2921 1728 stulte
2968 1674 3244 1744 denegent.
3305 1675 3375 1730 Et
3408 1676 3548 1745 quod
3582 1692 3687 1729 non
3747 1692 3815 1730 ex

2445 1768 2651 1821 duabus
2681 1768 2911 1830 naturis,
2942 1768 3033 1821 sed
3056 1784 3119 1821 ea:
3148 1767 3350 1820 duabus
3380 1768 3614 1837 personis
3645 1784 3815 1823 unum

2438 1872 2719 1926 personam
2763 1852 2978 1925 propter
3017 1872 3183 1909 unum
3212 1854 3333 1907 Filii
3374 1854 3704 1921 vocabulum,
3761 1865 3815 1910 et

2437 1944 2750 2014 dignitatem
2771 1952 2821 1996 et
2841 1945 3212 1997 auctoritatem
3232 1941 3501 1999 Christum
3522 1960 3633 1997 esse
3652 1946 3816 2015 impie

2439 2034 2829 2087 machinentur.

2228 2124 2395 2181 XXII.
2439 2124 2515 2179 De
2563 2140 2622 2177 eo
2652 2125 2791 2195 quod
2819 2132 3061 2178 asserunt
3113 2123 3246 2178 nihil
3281 2140 3373 2178 nos
3418 2123 3684 2193 uﬂirmare
3715 2122 3817 2176 de-

2510 2217 2650 2281 bere,
2683 2218 2821 2287 quod
2850 2234 2955 2272 non
2993 2219 3049 2271 in
3075 2215 3364 2288 Scripturis
3391 2217 3655 2270 canonicis
3683 2232 3816 2268 con-

2510 2310 2729 2371 tinetur,
2751 2318 2800 2362 et
2820 2310 2886 2363 de
2911 2326 3014 2380 quo
3039 2309 3219 2363 dolore
3241 2309 3442 2373 dicunt,
3468 2310 3580 2361 sine
3604 2306 3818 2363 Christo

2514 2403 2828 2457 Trinitatem
2848 2419 2953 2456 non
2987 2418 3096 2456 esse
3121 2418 3137 2455 :
3169 2410 3218 2455 et
3250 2402 3387 2472 quod
3416 2402 3603 2455 invicte
3626 2408 3817 2455 contra

2514 2507 2692 2545 omnes
2722 2507 2852 2562 pene
2877 2508 3058 2545 eorum
3074 2492 3333 2576 versutia’s
3356 2500 3657 2561 opponatur
3677 2489 3818 2543 illud

2520 2584 2659 2653 quod
2719 2584 2973 2653 scriptum
3019 2590 3141 2637 est:
3188 2602 3205 2632 ι
3239 2581 3371 2635 Ecce
3418 2580 3591 2635 Adam
3640 2581 3818 2651 factus

2513 2686 2588 2731 est
2621 2678 2774 2748 quasi
2798 2693 2933 2731 unus
2964 2692 3028 2730 ex
3049 2676 3194 2729 nobis
3207 2672 3275 2727 ⁸³.
3312 2694 3330 2726 ι
3739 2707 3749 2716 -

2231 2766 2423 2821 XXIII.
2473 2766 2550 2819 De
2602 2783 2659 2820 eo
2705 2767 2845 2837 quod
2877 2782 2941 2820 ea:
2985 2767 3113 2837 ipsis
3156 2766 3379 2836 quidam
3417 2764 3595 2819 dolose
3642 2763 3816 2819 Deum

2505 2867 2693 2911 natum
2716 2873 2780 2911 ea:
2804 2858 3000 2928 femina
3022 2856 3193 2909 dicere
3207 2857 3521 2921 videantur;
3546 2853 3818 2910 Christum

2515 2966 2639 3003 vero
2680 2966 2845 3002 unum
2873 2964 2936 3001 ea:
2987 2947 3245 3001 Trinitate
3276 2945 3582 2999 nullatenus
3613 2960 3804 2999 asseve-

2513 3050 2652 3106 rent,
2677 3049 2723 3093 et
2754 3040 2816 3093 de
2842 3056 2899 3093 eo
2945 3039 3086 3110 quod
3135 3039 3316 3092 dicunt
3347 3054 3365 3092 :
3400 3035 3609 3106 Sufﬁcit
3666 3036 3819 3090 nobis

2516 3136 2610 3187 hoc
2662 3132 2937 3202 conﬁteri,
2999 3133 3193 3187 nostris
3230 3130 3467 3185 volumus
3502 3132 3578 3185 uti
3617 3144 3808 3183 sermo-

2516 3230 2691 3283 nibus.

2234 3343 2423 3399 XXIV.
2465 3342 2615 3408 Quod
2636 3341 2828 3395 callide
2850 3342 3057 3395 dicatur
3076 3341 3140 3395 ab
3168 3343 3262 3404 eis,
3292 3341 3337 3393 si
3359 3340 3585 3408 idipsum
3598 3339 3815 3409 judica-

2527 3439 2592 3491 tis
2626 3452 2757 3499 esse,
2775 3437 2913 3506 quod
2932 3454 2963 3489 a
2984 3435 3124 3489 vobis
3153 3444 3200 3488 et
3232 3435 3376 3488 nobis
3396 3434 3587 3487 dicitur
3618 3450 3636 3487 :
3670 3430 3803 3497 Quo-

2521 3528 2672 3581 modo
2707 3544 2800 3581 nos
2830 3536 2888 3580 ut
2933 3528 3203 3581 haereticos
3248 3527 3546 3589 (estimatis,
3575 3525 3701 3594 quia
3733 3540 3820 3577 ve-

2516 3622 2641 3673 stris
2665 3618 2908 3673 nolumus
2925 3621 3001 3672 uti
3022 3618 3376 3685 sermonibus,
3407 3634 3471 3671 ne
3493 3618 3819 3671 occasionem

2519 3712 2640 3765 aliis
2666 3712 2922 3765 haereticis
2973 3710 3319 3781 prtebeamus.

2235 3804 2399 3860 XXV.
2440 3804 2518 3858 De
2549 3820 2608 3857 eo
2638 3804 2775 3873 quod
2829 3804 3006 3858 dicunt
3037 3820 3055 3857 :
3078 3803 3227 3857 Nihil
3281 3802 3510 3874 amplius
3550 3809 3819 3871 Oportere,

2484 3897 2585 3950 nisi
2633 3895 2771 3964 quod
2795 3896 2963 3950 verbis
2991 3897 3179 3967 synodi
3208 3897 3525 3959 continetur,
3557 3910 3818 3958 asserere,

2490 3995 2540 4041 et
2579 3987 2717 4058 quod
2750 3988 3020 4043 haereticos
3036 3989 3275 4059 judicent
3296 3987 3815 4058 eos,quiconsimili-

2488 4090 2587 4144 ter,
2620 4088 2678 4134 ut
2710 4082 2809 4151 ipsi
2832 4082 3168 4152 respondent,
3191 4082 3326 4135 duas
3356 4081 3562 4153 quidem
3591 4088 3817 4134 naturas

2480 4173 2649 4229 verbis
2670 4174 2790 4228 aliis
2827 4176 3081 4240 dicimus;
3106 4176 3289 4229 vestris
3316 4192 3438 4230 vero
3471 4173 3713 4227 nolumus
3736 4175 3816 4227 uti

2480 4266 2842 4331 sermonibus,
2893 4283 2958 4329 ne
3016 4266 3136 4321 aliis
3181 4266 3435 4321 hwreticis
3485 4266 3816 4319 occasionem

2476 4360 2608 4414 dare
2637 4359 2933 4415 videamur.

1856 4633 2508 4696 INTERLOCUTORES.

1570 4777 2183 4857 NESTORIANUS,
2234 4784 2337 4846 CA
2350 4785 2761 4849 THOLICUS

961 4912 1121 4983 552
1142 4914 1370 4974 CAPUT
1411 4918 1704 4978 PRIMUM.

608 5000 1114 5059 NESTORIANUS.
1168 5008 1392 5063 Memini
1425 5020 1478 5065 te
1503 5021 1562 5066 et
1600 5011 1655 5066 in
1688 5013 1968 5083 superiori
2013 5029 2130 5069 ser-

537 5110 737 5160 mone,
792 5111 921 5151 cum
963 5098 1259 5167 quaesitum
1306 5100 1537 5168 fuisset,
1581 5114 1771 5159 utrum
1816 5105 1873 5158 in
1910 5104 2128 5160 duabus

536 5186 752 5241 naturis
767 5185 1053 5243 Christum
1081 5191 1363 5258 crederes,
1396 5196 1773 5264 respondisse,
1796 5196 1857 5251 In
1884 5196 2124 5262 duabus,

536 5280 633 5334 sed
670 5280 910 5334 naturali
943 5285 1312 5339 conventione
1352 5286 1545 5341 unitis.
1584 5288 1743 5354 Quod
1770 5288 1900 5358 quia
1937 5288 2125 5343 subito

538 5369 594 5424 in
622 5372 854 5428 alterius
886 5375 1211 5443 qumstionis
1244 5379 1853 5451 prorupitindaginem,
1890 5381 2121 5436 dilatum

538 5472 623 5516 est
663 5464 738 5519 ibi
778 5465 847 5520 de
876 5483 943 5522 eo
976 5468 1186 5538 aliquid
1220 5487 1494 5541 quaerere.
1523 5473 1683 5527 Nunc
1702 5490 1834 5528 vero
1856 5475 2119 5543 quoniam

538 5554 706 5610 nimis
744 5556 998 5628 impium,
1031 5569 1089 5615 et
1114 5562 1408 5617 catholicis
1436 5564 1792 5635 dogmatibus
1830 5566 2122 5638 (quantum

612 5736 656 5807 τ’
680 5738 838 5794 Joan.
866 5757 925 5807 η,
988 5744 1074 5801 I9.
1175 5745 1223 5778 "
1252 5745 1414 5799 Jonn.
1444 5762 1519 5806 vr,
1564 5747 1653 5802 54.

538 5801 583 5837 "
611 5806 823 5865 Coloss.
858 5801 993 5879 ",9.
1070 5817 1113 5847 θ’
1150 5815 1194 5870 Il
1228 5815 1358 5871 Cor.
1394 5834 1445 5882 ν,
1475 5801 1561 5871 I9.
1612 5801 1684 5850 7“
1722 5801 1860 5876 Gen.
1894 5801 2114 5886 nisi.

1752 5747 1798 5778 ⁷⁷
1828 5747 1848 5802 l
1881 5748 2011 5804 Cor.
2042 5766 2100 5814 η,
2134 5751 2186 5806 8.

2158 4927 2206 4985 D
2234 4927 2499 5000 arbitror)
2526 4931 2777 4985 creditur
2795 4930 3061 4996 alienum,
3104 4930 3275 4986 Deum
3304 4930 3548 4987 Verbum
3582 4939 3812 4987 natura-
3842 4925 3855 4952 ί

2228 5019 2356 5073 liter
2378 5019 2633 5075 humanae
2670 5031 2885 5076 naturae
2910 5022 3126 5076 unitum
3152 5023 3399 5088 credere,
3427 5023 3684 5093 quoniam
3709 5024 3816 5080 hoc

2230 5111 2395 5165 modo
2424 5121 2574 5167 recte
2598 5122 2786 5182 posset
2805 5113 3062 5183 intelligi,
3087 5114 3132 5168 si
3156 5115 3392 5185 placeat,
3426 5118 3683 5186 primitus
3729 5117 3815 5173 in-

2228 5204 2505 5273 quiratur.

2299 5293 2751 5352 CATHOLICUS.
2813 5296 2981 5352 Multa
3007 5297 3231 5368 quidem
3269 5300 3325 5354 in
3369 5300 3654 5370 superiore
3692 5317 3814 5356 ser-

2230 5400 2394 5440 mone
2417 5386 2773 5453 disserentes,
2792 5389 3005 5443 nullum
3030 5391 3173 5461 apud
3201 5400 3253 5446 te
3276 5392 3582 5462 profectum
3607 5393 3814 5449 habere

2229 5475 2530 5544 potuimus,
2562 5477 2694 5544 quia
2745 5492 2902 5532 mens
2948 5494 3060 5532 non
3092 5482 3274 5534 sanari
3319 5482 3413 5536 sed
3458 5484 3679 5538 vincere
3710 5499 3812 5537 cu-

2228 5566 2408 5638 piens,
2464 5584 2656 5623 aversa
2708 5569 2777 5624 ab
2824 5569 2912 5627 his
2960 5588 3082 5643 qua:
3115 5573 3415 5642 dicuntur,
3465 5575 3533 5630 ad
3566 5575 3811 5630 nihilum

2284 5754 2329 5787 ⁷³
2361 5754 2480 5809 Act.
2522 5771 2581 5820 ιι,
2620 5756 2707 5812 56.

2812 5758 2858 5791 τ’
2890 5757 3061 5814 llebr.
3094 5774 3155 5825 ιι,
3188 5759 3272 5814 I0.
3375 5759 3421 5791 '°
3450 5759 3611 5816 Joan.
3647 5775 3686 5826 ι,
3717 5759 3803 5815 18.
