4146 6442
423 353 530 419 133

1321 351 1521 415 DlAL.
1563 352 1863 413 CONTRA
1896 349 2448 443 NESTORIANOS.
2482 378 2550 389 -
2586 354 2731 415 LIB.
2768 355 2850 415 II.

3610 359 3709 422 134

423 471 578 526 aliud
612 469 829 524 intenta
856 476 969 531 est,
1009 466 1120 523 nisi
1156 476 1218 521 ut
1264 466 1510 522 inveniat
1537 482 1550 518 :
1580 464 1729 535 quod
1767 479 1869 536 pro
1910 464 2029 518 suis
2054 468 2102 524 Α
2129 472 2224 517 aut
2261 465 2583 521 inconfusas
2611 476 2840 523 naturas
2886 468 2942 523 in
2973 468 3196 526 Christo
3234 473 3466 543 potestis
3498 473 3706 547 dicere,

429 564 671 635 partibus
708 561 1016 631 eloquatur
1036 602 1051 624 ,
1083 570 1425 631 quapropter
1466 559 1767 629 oportebat
1793 556 2018 628 quidem

430 656 561 709 nihil
590 653 829 708 ulterius
863 663 1053 707 tecum
1094 651 1165 706 de
1189 667 1249 705 re
1284 666 1499 705 summa
1540 648 1881 718 disquirere.
1912 645 2020 701 Sed

427 764 493 800 ne
526 762 626 799 nos
649 746 780 809 hoc,
814 745 1040 801 defectu
1059 744 1248 815 potius
1278 742 1533 808 rationis,
1558 757 1724 812 quam
1752 739 2023 795 modestia

420 838 601 892 facere
633 840 908 902 zestimes,
959 838 1215 909 cogimur
1245 843 1440 891 contra
1483 833 1835 905 propositum
1859 874 1874 896 ,
1911 831 2024 887 tuis

416 928 841 999 objectiouibus
881 927 1246 998 respondere.
1278 927 1469 995 Itaque
1501 924 1693 979 dixisti
1737 923 1815 995 (ni
1840 922 2022 993 fallor)

415 1019 595 1073 Deum
615 1019 873 1074 Verbum
906 1018 1242 1073 naturaliter
1279 1016 1537 1072 humanae
1561 1024 1775 1069 natura;
1805 1014 2025 1068 unitum

417 1112 653 1166 credere
680 1151 698 1177 ,
750 1111 986 1181 impium
1037 1125 1160 1164 esse
1183 1150 1198 1174 ,
1236 1117 1293 1163 et
1340 1109 1639 1163 catholicis
1673 1107 2027 1178 dogmatibus

415 1202 696 1267 alienum,
731 1210 1081 1273 quapropter
1117 1217 1219 1256 cur
1241 1199 1345 1255 hoc
1373 1200 1780 1266 arhitratuses,
1806 1198 2027 1269 planius

418 1303 471 1348 te
499 1295 774 1349 convenit
798 1294 1103 1364 explicare.

494 1386 564 1440 Ν.
612 1385 904 1457 Quidquid
951 1386 1013 1439 lit
1039 1385 1396 1449 naturaliter,
1448 1400 1561 1439 non
1584 1384 1892 1449 voluntate,
1930 1385 2026 1439 sed

414 1478 769 1533 necessitate
819 1477 939 1533 ﬁeri
983 1478 1340 1549 intelligitur,
1382 1486 1438 1532 et
1464 1478 1590 1532 ideo
1622 1478 1668 1533 si
1700 1479 2029 1534 naturaliter

415 1570 573 1625 Deus
608 1571 861 1625 Verbum
912 1571 1154 1640 prOpriae
1183 1570 1338 1624 carni
1382 1571 1576 1626 unitus
1605 1579 1711 1636 est,
1760 1587 1872 1625 non
1913 1572 2027 1641 jam

417 1662 895 1726 misericorditer,
955 1662 1055 1717 sed
1101 1662 1346 1731 impulsu
1394 1662 1637 1717 naturali
1684 1662 1790 1717 hoc
1831 1663 2028 1719 fecisse

414 1752 749 1808 credendus
783 1762 892 1808 est.

492 1844 557 1901 C.
590 1845 803 1901 Deﬁnis
850 1861 986 1916 ergo
1029 1845 1293 1901 universa
1320 1861 1442 1917 quae
1469 1845 1799 1900 naturaliter
1818 1845 2021 1900 dicun-

418 1948 539 2003 tur,
564 1937 903 1993 necessitate
927 1937 1045 1993 lieri
1083 1954 1195 1993 non
1227 1938 1511 1993 voluntate
1536 1938 1560 1990 ?

492 2029 561 2084 Ν.
583 2028 703 2084 Hoc
725 2029 991 2094 arbitror,
1013 2029 1255 2100 denique
1278 2030 1545 2095 esuriem,
1566 2028 1741 2092 sitim,
1767 2044 2021 2084 somnum

418 2137 536 2176 non
562 2123 878 2184 voluntate,
914 2120 1011 2177 sed
1047 2121 1297 2176 naturale
1336 2122 1622 2192 patimur;
1658 2122 1806 2191 quod
1837 2133 2021 2183 autem

418 2228 537 2266 non
570 2212 634 2267 lit
658 2213 966 2277 voluntate,
990 2212 1205 2283 geritur
1230 2212 1349 2267 sine
1371 2212 1543 2267 dubio
1569 2213 1905 2268 necessitate
1927 2228 1998 2267 na
2015 2239 2027 2251 -

422 2314 589 2360 ture.
631 2304 761 2361 Haec
786 2321 911 2375 quae
952 2306 1115 2367 dicis,
1156 2305 1479 2375 compositae
1510 2313 1567 2359 et
1593 2306 1870 2375 passibilis
1919 2321 2021 2359 na-

418 2404 568 2449 tura
599 2405 735 2450 sunt
776 2400 1025 2465 propria,
1062 2395 1389 2465 impassibili
1424 2403 1613 2450 autem
1642 2403 1698 2450 et
1731 2396 2023 2465 incompo-

420 2488 545 2543 sita:
601 2503 714 2542 non
762 2496 850 2542 est
881 2487 1035 2542 aliud
1088 2486 1450 2553 naturaliter,
1510 2488 1662 2543 aliud
1710 2489 2022 2544 voluntarie

420 2578 719 2649 quidpiam
747 2578 951 2642 facere,
982 2577 1079 2633 sed
1122 2594 1349 2648 prorsus
1377 2595 1548 2633 unum
1586 2588 1750 2649 atque
1784 2579 2022 2649 idipsum

421 2679 537 2725 est.
570 2670 714 2737 Quia
753 2670 830 2723 ibi
870 2686 983 2723 non
1010 2670 1165 2724 aliud
1202 2679 1287 2724 est
1310 2679 1528 2736 natura,
1551 2672 1703 2725 aliud
1733 2672 2021 2738 voluntas,

422 2762 528 2817 sed
558 2772 761 2816 natura
780 2763 1038 2817 voluntas
1062 2770 1168 2826 est,
1200 2771 1256 2817 et
1282 2763 1540 2817 voluntas
1564 2773 1781 2818 natura.
1808 2764 2024 2819 Idcirco

420 2853 578 2909 Deus
604 2854 874 2918 Verbum,
902 2853 995 2908 cui
1024 2854 1178 2909 nulla
1209 2854 1467 2909 voluntas
1496 2862 1583 2909 est
1609 2854 1892 2919 accidens,
1927 2864 2024 2909 aut

420 2956 636 3002 natura
690 2946 994 3016 passibilis,
1057 2962 1187 3001 cum
1238 2946 1444 3001 dicitur
1492 2947 1822 3002 naturaliter
1866 2948 2023 3002 carni

422 3039 649 3103 unitus,
686 3054 799 3092 non
821 3037 1175 3103 necessitate,
1203 3038 1301 3093 sed
1331 3038 1620 3092 voluntate
1649 3038 1899 3093 creditur
1918 3038 2024 3092 hoc

419 3132 654 3189 fecisse.
686 3132 951 3202 Alioquin
1000 3147 1210 3202 quaero,
1260 3140 1449 3185 utrum
1478 3131 1808 3185 naturaliter
1847 3131 2023 3186 Deum

421 3222 630 3279 credas
666 3236 793 3277 esse
827 3236 897 3275 an
923 3220 1279 3275 voluntarie?
1310 3219 1367 3275 Si
1400 3219 1550 3274 enim
1594 3220 1906 3275 voluntarie
1938 3220 2026 3274 di-

420 3315 601 3378 xeris,
642 3314 903 3385 sequitur
933 3324 993 3369 ut
1027 3329 1144 3368 non
1176 3313 1249 3368 sit
1272 3313 1606 3367 naturaliter
1628 3312 1797 3367 Deus.
1830 3311 1889 3367 Si
1924 3328 2027 3367 au-

421 3424 542 3467 tem
563 3410 901 3466 naturaliter
934 3410 1121 3481 pergis
1143 3424 1415 3475 asserere,
1446 3410 1557 3464 erit
1577 3424 1709 3479 ergo
1738 3410 1894 3480 juxta
1928 3423 2028 3463 vos

418 3504 577 3560 Deus
602 3505 964 3569 necessitate,
1002 3520 1115 3559 non
1155 3503 1463 3567 voluntate,
1499 3501 1649 3571 quod
1669 3502 1738 3556 de
1764 3502 1877 3556 Deo
1902 3516 2028 3556 cre—

420 3598 560 3653 dere
592 3613 793 3667 magna
825 3596 1108 3652 dementia
1142 3603 1244 3651 est.
1275 3595 1343 3649 Et
1374 3594 1498 3649 ideo
1518 3609 1629 3648 non
1658 3602 1743 3649 est
1770 3593 2024 3663 impium,

419 3705 531 3744 nec
571 3705 604 3744 a
652 3688 947 3743 catholicis
974 3686 1329 3758 dogmatibus
1359 3686 1604 3740 alienum
1626 3726 1639 3750 ,
1680 3685 1853 3739 Deum
1889 3686 2027 3741 Ver-

421 3784 563 3839 bum
594 3783 940 3852 _uaturaliter
968 3779 1211 3851 propriae
1238 3780 1390 3835 carni
1430 3779 1647 3832 unitum
1680 3778 1927 3844 credere,
1957 3779 2027 3833 ad

418 3875 812 3932 excludendos
866 3889 967 3929 eos
1017 3874 1114 3944 qui
1168 3880 1424 3927 naturam
1474 3870 1857 3926 inviolabilem
1912 3886 2026 3926 non

418 3969 671 4023 credunt
721 3966 1055 4021 naturaliter
1088 3965 1300 4020 unitam
1337 3973 1551 4019 natura:
1602 3963 1887 4033 passibili,
1930 3964 2026 4019 sed

418 4075 686 4132 persona:
719 4061 911 4115 nescio
936 4059 1096 4129 cujus
1111 4060 1223 4131 jam
1253 4059 1499 4112 formata:
1520 4058 1577 4112 in
1601 4066 1763 4112 utero
1786 4057 2029 4114 hominis

418 4152 606 4205 Deum
640 4150 955 4206 secundum
982 4150 1238 4221 gratiam,
1280 4149 1398 4203 sive
1438 4148 1745 4202 secundum
1782 4148 2027 4203 illustra-

418 4243 666 4308 tionem,
697 4243 787 4298 vel
817 4252 971 4299 certe
985 4242 1342 4297 dilectionem
1372 4241 1623 4297 fatentur
1644 4242 1884 4297 unitum.

1102 4375 1254 4432 CAP.
1298 4375 1365 4433 II.

2122 558 2218 626 qui
2251 556 2536 614 Christum
2570 563 2936 631 compositum
2971 565 3330 633 praedicatis?

2192 648 2254 704 C.
2286 650 2461 707 Omne
2484 654 2851 723 compositum
2878 656 3135 726 passibile
3160 674 3228 713 an
3260 659 3596 731 impassihile
3624 678 3702 718 as-

2124 741 2263 797 seris
2280 743 2303 795 ?

2194 832 2261 886 N.
2294 832 2534 890 Omnino
2572 838 2858 906 passibile.

2195 927 2256 982 C.
2288 926 2365 982 De
2400 943 2511 982 non
2551 933 2861 1001 composito
2888 932 3021 1002 quid
3048 935 3333 1004 opinaris?

2194 1019 2262 1074 N.
2298 1010 2553 1075 Profecto
2588 1022 3034 1093 impassibilitate
3064 1028 3394 1084 subsistere.

2196 1110 2258 1165 C.
2313 1110 2599 1166 Christum
2662 1115 2980 1184 passibilem
3037 1133 3104 1171 an
3163 1119 3559 1189 impassibilem
3619 1136 3705 1179 as-

2127 1217 2291 1257 SCI‘IS.

2197 1294 2262 1349 N.
2294 1292 2424 1350 Post
2452 1297 2891 1353 incarnationem
2920 1316 3151 1371 prorsus
3178 1305 3519 1373 passibilem.

2195 1385 2257 1440 C.
2294 1385 2406 1441 Cur
2438 1402 2570 1458 ergo
2602 1388 2887 1445 Christum
2938 1392 3141 1448 Filium
3190 1396 3287 1449 Dei
3338 1398 3447 1453 vivi
3506 1401 3708 1472 refugis

2127 1480 2493 1548 compositum
2525 1481 2801 1545 conliteri,
2837 1497 3002 1552 quem
3052 1484 3171 1539 sine
3196 1484 3368 1541 dubio
3410 1488 3553 1545 dicis
3588 1508 3709 1550 esse

2128 1570 2495 1638 passibilem?

2199 1663 2265 1717 N.
2295 1663 2611 1719 Secundum
2644 1663 3069 1731 humanitatem,
3099 1668 3382 1737 videlicet,
3428 1670 3709 1730 Christum

2129 1756 2498 1827 compositum
2528 1757 2738 1821 fateor,
2793 1758 2923 1827 quia
2964 1768 3021 1813 et
3046 1761 3353 1815 secundum
3394 1762 3709 1821 humanita-

2128 1854 2237 1901 tem
2271 1861 2399 1901 eum
2441 1847 2763 1917 passibilem
2794 1848 2995 1912 credo,
3029 1850 3333 1904 secundum
3362 1851 3709 1908 divinitatem

2122 1948 2307 1993 autem
2327 1938 2774 2009 incompositum,
2792 1940 2920 2008 quia
2940 1950 2997 1994 et
3024 1942 3439 2011 impassibilem.

2192 2029 2255 2085 C.
2301 2028 2445 2097 Quid
2481 2030 2651 2100 igitur
2692 2045 2864 2084 unum
2907 2030 3281 2101 eumdemque
3313 2032 3503 2087 fateris
3531 2048 3598 2089 ex
3625 2033 3711 2088 di-

2122 2120 2354 2177 viuitate
2381 2132 2437 2177 et
2457 2121 2803 2176 humanitate
2825 2130 2949 2191 post
2970 2122 3410 2177 incarnationem
3437 2126 3705 2194 composio

2124 2226 2263 2279 tum,
2299 2230 2465 2285 quem
2499 2222 2628 2269 ante
2667 2212 3114 2269 incarnationem
3146 2224 3364 2268 constat
3397 2214 3568 2271 fuisse
3624 2216 3711 2270 in-

2123 2309 2491 2379 compositum
2511 2309 2534 2361 ?

2202 2403 2267 2458 N.
2300 2402 2419 2457 Non
2449 2401 2730 2471 equidem,
2756 2400 2852 2455 sed
2878 2410 3224 2471 assumptum
3248 2400 3531 2458 hominem
3562 2419 3710 2459 com-

2123 2495 2367 2567 positum
2395 2493 2540 2559 dico,
2579 2510 2707 2550 eum
2735 2510 2868 2549 vero
2896 2510 2926 2548 a
2981 2510 3091 2564 quo
3133 2505 3454 2565 assumptus
3483 2507 3589 2561 est,
3631 2496 3712 2550 in-

2124 2586 2518 2657 compositum.

2195 2678 2258 2734 C.
2289 2679 2439 2733 Duos
2466 2678 2611 2733 ﬁlios
2644 2677 2837 2748 procul
2864 2677 3036 2732 dubio
3069 2678 3298 2733 credere
3326 2678 3712 2749 deprehende-

2125 2772 2203 2827 ris
2231 2788 2403 2826 unum
2427 2772 2819 2841 compositum,
2854 2771 3089 2825 alterum
3147 2771 3598 2842 incompositum.

2194 2864 2261 2918 N.
2291 2863 2469 2934 Negas
2496 2878 2631 2934 ergo
2666 2872 2725 2917 tu
2761 2861 3073 2917 divinitatis
3105 2871 3363 2917 naturam
3400 2877 3525 2918 esse
3574 2862 3712 2918 sim-

2125 2952 2328 3023 plicem
2362 2963 2419 3007 et
2454 2951 2923 3021 incompositam?

2192 3044 2256 3100 C.
2286 3044 2450 3099 Nullo
2486 3045 2649 3099 modo
2687 3044 2793 3098 hoc
2819 3044 3050 3115 denego.

2053 3170 2095 3228 ο
2198 3138 2265 3193 Ν.
2298 3136 2677 3207 Compositum
2718 3136 2912 3192 fateris
2953 3137 3259 3203 hominem,
3312 3152 3383 3192 an
3426 3137 3713 3208 incompo-

2132 3230 2326 3285 situm.

2198 3321 2261 3378 C.
2291 3320 2671 3393 Composntum
2704 3336 2952 3391 prorsus.

2198 3415 2266 3469 N.
2296 3414 2585 3481 Quomodo
2632 3428 2765 3483 ergo
2797 3429 2965 3484 negas
3011 3412 3295 3469 Christum
3344 3401 3713 3483 compositum

2128 3522 2273 3565 esse.
2304 3516 2359 3561 et
2394 3506 2849 3576 incompositum,
2881 3522 3047 3577 quem
3077 3505 3196 3560 sine
3227 3504 3402 3560 dubio
3441 3506 3613 3560 Deum
3657 3513 3715 3561 et

2130 3597 2412 3651 hominem
2442 3596 2768 3651 confiteris?

2198 3686 2261 3743 C.
2298 3688 2471 3742 Deum
2512 3686 2739 3756 quidem
2789 3692 2846 3740 et
2874 3684 3155 3740 hominem
3181 3685 3381 3740 Filium
3411 3684 3507 3740 Dei
3539 3684 3714 3741 conli-

2127 3788 2249 3835 teor
2279 3798 2291 3834 :
2315 3795 2409 3834 eos
2435 3787 2618 3833 autem
2656 3777 2750 3848 qui
2773 3792 2885 3833 non
2919 3779 3176 3833 eumdem
3200 3777 3487 3834 Christum
3514 3778 3713 3833 Filium

2128 3876 2225 3931 Dei
2282 3885 2338 3930 et
2399 3874 2830 3945 incompositum
2898 3882 3029 3929 ante
3096 3874 3589 3938 incarnationem,
3656 3883 3714 3930 et

2126 3976 2250 4038 post
2276 3967 2714 4024 incarnationem
2757 3966 3121 4020 compositum
3173 3965 3512 4020 conlitentur
3555 3964 3714 4020 valde

2126 4060 2358 4131 refugio.

2198 4154 2264 4208 N.
2299 4151 2745 4209 Contractionem
2775 4149 3074 4221 quamdam
3105 4148 3310 4205 divinas
3336 4157 3548 4204 naturae
3570 4165 3711 4220 prae-

2128 4245 2315 4300 dicare
2354 4244 2727 4315 cognosceris,
2747 4242 3007 4297 eumdem
3031 4241 3245 4307 dicens,
3286 4249 3344 4296 et
3378 4250 3507 4296 ante
3530 4241 3712 4296 incar-

2127 4336 2410 4391 nationem
2455 4333 2885 4404 incompositum
2919 4374 2934 4399 ,
2980 4340 3037 4387 et
3086 4342 3212 4403 post
3270 4331 3709 4387 incarnationem

2131 4427 2522 4497 compositum.
2549 4424 2838 4494 Quomodo
2867 4434 3052 4479 autem
3094 4432 3278 4494 potest
3298 4424 3712 4479 incircumscri-

494 4515 567 4571 Ν.
587 4510 1065 4583 Compositionem
1088 4510 1385 4580 quamdam
1413 4520 1472 4567 et
1490 4511 1873 4568 confusionem
1894 4513 2032 4568 mihi
2060 4526 2110 4587 ι)
2136 4527 2230 4591 pta
2267 4528 2324 4574 et
2350 4518 2561 4590 ubique
2598 4518 2801 4573 dill‘usa
2834 4526 3031 4571 natura
3061 4516 3495 4587 circumscripta
3542 4525 3599 4571 et
3652 4516 3708 4573 in

417 4607 649 4664 videris
682 4604 1039 4660 introducere
1068 4612 1394 4659 naturarum
1418 4645 1433 4671 ,
1466 4604 1660 4660 dicens
1700 4607 2029 4664 naturaliter

416 4708 668 4756 naturas
696 4696 902 4751 unitas.

493 4790 568 4847 Ο.
590 4789 859 4857 Quamvis
883 4803 951 4843 ex
974 4787 1265 4843 divinitate
1283 4798 1342 4845 et
1366 4790 1712 4846 humanitate
1734 4792 1907 4847 Deum
1924 4808 2026 4848 no-

415 4903 612 4949 strum
657 4888 849 4945 Iesum
897 4886 1181 4943 Christum
1230 4888 1607 4960 compositum
1656 4890 1774 4945 sive
1805 4891 2027 4945 unitum

416 5000 555 5042 esse
586 4983 886 5046 fateamur,
910 4980 1295 5036 confusionem
1337 4990 1520 5037 tamen
1555 4990 1882 5037 naturarum
1928 4999 2027 5053 pe-

415 5082 591 5136 nitus
620 5075 947 5146 refugimus,
980 5074 1111 5143 quia
1160 5083 1426 5147 utrasque
1473 5085 1705 5131 naturas
1745 5077 2027 5132 credimus

415 5184 666 5227 manere
706 5167 1003 5238 perfectas.

496 5261 570 5318 Ν.
636 5258 983 5330 Compositio
1052 5257 1336 5314 contraria
1396 5258 1731 5330 intelligitur
1792 5260 2022 5327 unitati,

412 5357 562 5429 quia
593 5361 693 5408 aut
713 5352 1099 5409 confusionem
1118 5351 1304 5416 elﬁcit,
1323 5360 1421 5407 aut
1439 5368 1551 5407 non
1569 5352 2022 5412 caretdivisione.

412 5447 688 5506 Ediﬁcia
738 5445 981 5515 denique
1032 5445 1240 5510 omnia,
1296 5461 1418 5515 quae
1450 5446 1851 5515 compositione
1894 5463 2026 5502 con-

415 5551 603 5606 stant,
640 5540 798 5595 nullo
848 5537 1143 5593 dubitante
1188 5539 1517 5601 solvuntur,
1558 5555 1624 5594 ea
1674 5555 1806 5595 vero
1841 5557 1964 5611 qua:
1995 5558 2029 5598 ει

414 5631 822 5707 pigmentariis
842 5647 872 5685 a
894 5631 1133 5686 diversis
1149 5647 1336 5686 rerum
1355 5630 1572 5687 naturis
1594 5645 2024 5704 componuntur,

414 5728 669 5785 confusa
691 5728 747 5781 in
778 5742 837 5782 se
867 5735 1024 5791 sunt,
1058 5740 1164 5780 uec
1195 5725 1306 5779 ulla
1342 5742 1431 5781 res
1453 5741 1684 5796 prorsus
1713 5727 1769 5781 in
1803 5728 1886 5782 eis
1924 5728 2026 5783 ob-

416 5823 569 5879 tinet
612 5819 1042 5889 proprietatem.
1076 5814 1367 5882 Quomodo
1412 5831 1545 5887 ergo
1590 5832 1690 5873 vos
1738 5816 2024 5883 indivisas,

2129 4627 2302 4684 parvo
2338 4612 2459 4667 loco
2511 4608 2825 4665 constitutae
2856 4619 3069 4664 natura:
3095 4608 3399 4664 secundum
3430 4609 3711 4679 composi-

2130 4703 2335 4757 tionem
2367 4701 2537 4767 uniri,
2559 4701 2666 4756 nisi
2696 4701 2858 4767 forte,
2882 4709 2946 4756 ut
2976 4701 3112 4767 dixi,
3142 4711 3237 4755 aut
3255 4701 3562 4757 divinitatis
3581 4717 3711 4757 con-

2130 4794 2456 4849 tractionem
2510 4801 2608 4848 aut
2667 4792 2852 4848 carnis
2894 4794 3274 4849 extensionem
3308 4794 3510 4850 factam
3541 4794 3709 4865 impie

2128 4886 2338 4942 fateris.

2197 4979 2259 5034 C.
2292 4978 2505 5049 Opinor
2538 4994 2865 5050 corpoream
2900 4988 2953 5034 te
2991 4980 3218 5037 credere
3251 4980 3493 5036 divinam
3516 4995 3707 5035 essen-

2129 5072 2282 5136 tiam,
2332 5087 2496 5142 quam
2548 5073 2714 5126 modo
2754 5072 3008 5127 contrahi
3049 5073 3118 5127 ad
3164 5088 3384 5127 carnem
3438 5072 3705 5137 :estimas,

2127 5165 2292 5220 modo
2317 5165 2537 5219 extendi
2574 5180 2699 5220 cum
2730 5180 2896 5221 carne
2921 5165 3297 5235 pronuntias;

2196 5257 2262 5313 N.
2299 5257 2460 5313 Absit
2480 5258 2586 5314 hoc
2613 5258 2682 5313 ab
2714 5258 2898 5313 animo
2918 5258 3250 5313 Christiano.

2196 5350 2260 5407 C.
2287 5350 2430 5418 Quid
2469 5366 2602 5422 ergo
2620 5351 2794 5406 sentis
2812 5350 3054 5405 divinam
3076 5366 3197 5404 esse
3228 5350 3521 5403 naturam?

2198 5442 2264 5498 N.
2295 5443 2571 5500 Virtutem
2616 5444 2812 5515 procul
2843 5443 3018 5498 dubio
3056 5456 3338 5512 magnam,
3395 5452 3454 5496 et
3504 5441 3709 5514 ubique

2128 5543 2323 5589 totam.

2200 5626 2262 5684 C.
2311 5629 2505 5685 Totam
2553 5627 2759 5699 ubique
2815 5625 3121 5683 secundum
3174 5633 3345 5679 totam
3396 5639 3518 5680 eam
3574 5626 3709 5681 dicis

2128 5721 2398 5778 exsistere
2420 5721 2443 5776 ?

2201 5815 2269 5872 Ν.
2296 5814 2417 5870 Νοη
2465 5814 2660 5883 utique
2687 5812 2996 5869 secundum
3028 5818 3204 5867 totum
3243 5810 3450 5875 ubique
3487 5818 3595 5876 est,
3615 5809 3711 5865 sed
