4146 6464
490 404 592 470 135

1748 388 2067 452 IOANNIS
2106 386 2484 448 ΜΑΧΕΝΤΙΙ

3647 389 3744 453 136

486 519 557 574 ab
585 534 648 572 ea
683 518 1034 574 rationabilia
1064 517 1262 579 aliter,
1312 510 1717 569 irrationabilia
1756 509 1938 569 aliter,
1977 510 2072 558 aut
2100 506 2147 560 A
2174 502 2294 567 bra,
2335 520 2402 557 an
2454 504 2720 573 majorem
2762 502 2987 573 quidem
3028 512 3239 574 partem
3280 502 3403 571 ejus
3449 500 3505 554 in
3540 504 3746 574 majore

486 611 635 665 omni
661 627 824 665 sensu
845 611 1087 665 carentia
1123 608 1501 663 continentur.

558 704 618 757 C.
653 702 787 757 'l‘ota
822 703 1121 758 secundum
1159 710 1333 754 totum
1362 701 1414 754 in
1444 714 1780 769 unoquoque
1806 695 2064 750 rationali

488 801 734 861 animali,
779 815 839 852 ac
871 794 1279 865 particulariter
1311 810 1434 848 esse
1476 792 1850 863 cognoscitur.

561 891 623 945 N.
647 888 1056 945 Particulariter
1081 896 1229 940 certe
1258 886 1419 951 inest,
1449 902 1557 939 non
1582 885 1911 949 secundum,
1938 883 2067 953 quia

489 982 689 1052 singuli
712 981 917 1049 quique
942 978 1010 1032 de
1047 977 1389 1048 plenitudine
1416 978 1535 1047 ejus
1558 978 1857 1045 accipiunt.

558 1073 622 1129 C.
654 1072 939 1138 Quomodo
968 1087 1099 1141 ergo
1143 1072 1347 1141 ubique
1385 1080 1495 1125 tota
1526 1078 1631 1128 est,
1680 1085 1801 1139 quae
1832 1085 1941 1123 non
1985 1076 2070 1123 est

490 1165 545 1220 in
577 1181 909 1235 unoquoque
934 1164 1189 1217 rationali
1215 1163 1439 1217 animali
1474 1163 1627 1216 tota?
1650 1162 1744 1216 sed
1772 1162 2071 1231 particula-

488 1256 660 1311 riter?
680 1265 736 1308 et
766 1254 1046 1322 quomodo
1082 1253 1510 1323 particulariter,
1545 1267 1666 1322 qua:
1688 1267 1799 1305 non
1840 1258 1926 1305 est
1947 1266 2074 1304 cor-

488 1363 613 1417 pus,
642 1346 738 1401 sed
772 1346 1043 1416 spirilus?

558 1439 625 1493 N.
664 1439 783 1508 Ipsa
838 1438 1063 1508 quidem
1099 1438 1167 1493 ad
1197 1439 1431 1509 seipsam
1464 1448 1609 1503 tota,
1660 1446 1715 1492 et
1764 1436 2067 1492 secundum

491 1539 668 1586 totum
709 1531 914 1599 ubique
951 1538 1069 1594 est,
1127 1540 1391 1600 quantum
1436 1540 1617 1583 autem
1654 1529 1721 1582 ad
1764 1538 2070 1584 creaturam

490 1621 754 1691 pertinet,
781 1636 890 1674 non
915 1620 1111 1684 efﬁcit,
1141 1630 1201 1674 ut
1236 1637 1356 1675 eam
1392 1621 1659 1675 rationale
1693 1620 1893 1673 animal
1939 1620 2075 1674 sibi-

493 1722 608 1767 met
631 1714 825 1768 adesse
850 1755 863 1778 ,
911 1724 1007 1768 aut
1052 1715 1230 1769 inesse
1265 1713 1489 1778 sentiat,
1525 1713 1629 1767 nisi
1662 1723 1927 1783 quantum
1954 1714 2071 1783 ipsa

494 1806 845 1861 indicaverit.

562 1899 624 1954 C.
646 1899 816 1953 Deum
839 1900 1075 1955 Verbum
1104 1900 1159 1954 in
1182 1900 1334 1954 nullo
1364 1899 1688 1956 dissimilem
1708 1899 1856 1955 Patri
1885 1912 1935 1953 te
1953 1913 2075 1953 cre-

492 1990 625 2047 dere
650 1994 864 2061 opinor.

561 2083 626 2138 N.
662 2084 994 2138 Arianorum
1026 2092 1081 2138 et
1102 2084 1596 2148 Eunomianorum,
1617 2099 1729 2138 non
1760 2082 2073 2138 Catholica-

492 2189 613 2228 rum
640 2174 835 2244 dogma
877 2184 982 2239 est,
1010 2176 1334 2230 dissimilem
1372 2175 1522 2229 Patri
1566 2174 1764 2229 Filium
1814 2174 1868 2227 in
1921 2182 2075 2243 parte

491 2268 673 2336 aliqua
715 2269 963 2322 credere.

560 2360 624 2416 C.
660 2361 972 2415 Perfectum
1001 2363 1174 2426 enim,
1204 2362 1350 2415 sicut
1376 2370 1461 2415 est
1491 2360 1640 2416 Patri
1663 2361 1913 2431 aequalis,
1947 2376 2076 2431 pro-

490 2454 625 2521 priae
658 2453 812 2507 carni
865 2452 1051 2507 dicitis
1107 2454 1345 2517 unitum,
1389 2470 1457 2507 an
1509 2454 1811 2508 secundum
1863 2452 2076 2523 aliquid

493 2543 735 2606 unitum,
777 2550 833 2595 et
856 2543 1159 2596 secundum
1187 2544 1395 2613 aliquid
1428 2561 1535 2598 non
1570 2546 1828 2599 unitum?

564 2635 631 2689 N.
666 2636 873 2689 Paulus
892 2635 1104 2700 docuit,
1134 2637 1196 2689 In
1218 2654 1318 2707 quo
1347 2646 1470 2689 sunt
1500 2655 1682 2692 omnes
1719 2640 1959 2692 thesauri
1990 2656 2080 2691 sa-

493 2728 704 2800 pientiw
727 2739 774 2779 et
801 2729 1031 2781 scientiae
1061 2728 1351 2781 absconditi
1374 2729 1443 2787 ⁸⁸,

565 2817 625 2872 C.
658 2818 795 2872 Tota
823 2835 957 2889 ergo
989 2828 1045 2874 et
1078 2821 1385 2875 secundum
1423 2830 1623 2885 totum,
1667 2830 1729 2875 ut
1770 2828 1856 2875 est
1895 2820 2079 2892 perfe—

496 2919 583 2964 cta
615 2910 707 2964 Dei
745 2910 914 2965 Verbi
966 2912 1230 2968 divinitas
1261 2914 1492 2983 aequalis
1521 2914 1694 2975 Patri,
1740 2915 1895 2969 carni
1925 2916 2081 2970 unita

495 3012 582 3057 est
602 3003 626 3056 ?

567 3093 635 3150 Ν.
668 3093 867 3149 Nullus
901 3095 1006 3150 hoc
1033 3095 1248 3152 dubitat
1279 3097 1656 3155 Christianus.

2168 597 2442 661 membro,
2481 597 2752 652 minorem
2792 612 2926 651 vero
2976 598 3032 651 in
3074 597 3328 651 minore?

2239 690 2305 744 N.
2345 690 2537 744 Totam
2588 690 2642 744 in
2686 705 3022 759 unoquoque
3066 690 3315 743 membro
3364 689 3615 757 corporis
3663 690 3749 744 sui

2168 798 2290 836 eam
2318 798 2439 836 esse
2468 782 2657 845 credo,
2706 783 2861 852 quia.
2892 782 3026 837 licet
3054 781 3125 835 sit
3150 782 3595 851 circumscripta,
3623 798 3749 851 par-

2170 874 2319 928 tibus
2346 884 2529 928 tamen
2561 890 2681 928 eam
2715 884 2972 929 constare
3005 874 3156 927 nullo
3183 872 3348 926 modo
3378 866 3596 943 Opinor,
3623 872 3753 942 quia

2170 967 2442 1021 truncatis
2487 967 2754 1023 membris
2804 968 3089 1039 corporis,
3140 967 3259 1038 ipsa
3308 968 3520 1037 integra
3562 982 3753 1038 perse-

2169 1066 2348 1114 verat.

2239 1152 2302 1207 C.
2345 1152 2401 1207 Si
2430 1168 2561 1223 ergo
2598 1152 2802 1217 anima,
2843 1169 2965 1224 qua:
2990 1169 3104 1209 non
3136 1162 3221 1209 est
3255 1169 3479 1224 corpus,
3515 1152 3609 1207 sed
3644 1151 3757 1221 spi-

2170 1245 2333 1309 ritus,
2360 1246 2513 1299 carni
2533 1246 2837 1299 secundum
2858 1246 3317 1316 compositionem
3343 1246 3521 1308 unita,
3546 1246 3756 1300 nullam

2170 1337 2608 1391 contractionem
2640 1338 2697 1391 in
2740 1338 2976 1402 minore,
3006 1340 3214 1393 nullam
3258 1338 3644 1393 extensionem
3698 1338 3757 1392 in

2171 1432 2383 1501 majore
2434 1431 2643 1501 patitur
2691 1431 2965 1495 membro,
2999 1431 3095 1485 sed
3122 1432 3242 1485 sine
3284 1431 3369 1485 sui
3404 1430 3754 1494 confusione,

2173 1531 2286 1578 tota
2329 1524 2383 1577 in
2417 1524 2648 1594 majore,
2686 1531 2800 1577 tota
2826 1538 2948 1577 esse
2984 1523 3237 1578 creditur
3272 1524 3325 1578 in
3355 1524 3571 1578 minore
3604 1538 3759 1593 :quo

2170 1625 2333 1685 pacto
2371 1615 2635 1669 divinitas
2657 1615 2752 1669 Dei
2775 1615 2941 1670 Verbi
2971 1616 3276 1671 secundum
3299 1617 3759 1687 compositionem

2172 1708 2411 1779 propriae
2447 1708 2600 1762 carni
2651 1708 2826 1773 unita,
2861 1708 3303 1763 contractionem
3356 1717 3451 1762 aut
3477 1709 3761 1763 extensio-

2174 1817 2298 1854 nem
2348 1801 2465 1856 sive
2506 1799 2886 1855 confusionem
2939 1801 3271 1855 sustinuisse
3319 1801 3598 1856 credenda
3642 1801 3764 1856 est?

2174 1893 2440 1963 Exemplo
2480 1893 2629 1947 enim
2676 1894 2873 1948 anima:
2915 1893 2982 1947 ad
3012 1909 3235 1947 carnem
3283 1893 3437 1948 factae
3468 1893 3762 1959 unitionis,

2173 2002 2339 2056 quam
2387 1986 2693 2040 secundum
2735 1987 3193 2055 compositionem
3222 1986 3340 2041 fieri
3381 2002 3490 2041 non
3526 1987 3761 2057 negasti,

2174 2095 2366 2133 omnes
2390 2078 2647 2133 doctores
2665 2079 2921 2134 Ecclesiae
2952 2088 3007 2133 et
3041 2080 3286 2135 illustres
3316 2080 3423 2133 viri
3454 2080 3553 2134 Dei
3593 2079 3764 2135 Verbi

2174 2171 2241 2224 ad
2300 2170 2586 2241 pr0priam
2637 2186 2863 2225 carnem
2924 2170 3239 2225 unitionem
3306 2170 3511 2225 factam
3560 2171 3767 2228 docere

2185 2275 2587 2320 monstrantur.

2248 2359 2311 2411 N.
2355 2358 2528 2413 Omne
2576 2358 2947 2428 compositum
3002 2357 3255 2429 partibus
3301 2366 3558 2413 constare
3615 2374 3770 2414 nunc

2176 2451 2408 2506 dubium
2439 2459 2545 2514 est,
2594 2467 2722 2521 pars
2773 2461 2956 2505 autem
3006 2452 3191 2505 minus
3230 2459 3316 2505 est
3350 2467 3513 2521 quam
3562 2460 3764 2515 totum,

2175 2554 2262 2599 est
2291 2560 2423 2613 ergo
2470 2543 2613 2597 Deus
2654 2543 2895 2597 Verbum
2948 2559 3074 2611 pars
3117 2543 3347 2609 Christi,
3392 2559 3556 2613 quem
3587 2560 3654 2598 ex
3683 2544 3776 2597 di-

2175 2637 2406 2691 vinitatc
2442 2648 2499 2691 ct
2536 2638 2883 2691 humanitate
2945 2638 3316 2705 compositum
3370 2632 3595 2699 asseris,
3632 2644 3689 2689 et
3720 2638 3769 2692 si

2178 2730 2324 2784 Deus
2370 2731 2613 2784 Verbum
2653 2745 2782 2799 pars
2825 2737 2911 2783 est
2954 2728 3182 2795 Christi,
3222 2737 3278 2783 et
3331 2729 3476 2782 Deus
3522 2727 3768 2782 Verbum

2175 2823 2330 2892 juxta
2376 2838 2476 2876 vos
2522 2823 2703 2875 minor
2730 2821 2979 2886 Christo,
3022 2822 3185 2892 cujus
3214 2830 3269 2875 et
3311 2836 3438 2890 pars
3478 2827 3584 2884 est,
3620 2818 3771 2889 quod

2181 2914 2230 2969 si
2272 2930 2400 2984 pars
2449 2914 2656 2969 Christi
2699 2914 2846 2969 Deus
2890 2922 2995 2979 est,
3046 2914 3328 2983 quomodo
3375 2914 3540 2975 Deus,
3578 2911 3622 2967 si
3665 2912 3775 2966 im-

2182 3007 2467 3078 perfectus
2498 3008 2625 3062 est?

2253 3098 2313 3155 C.
2357 3100 2473 3154 Non
2504 3108 2587 3153 est
2621 3099 2981 3169 imperfectus
3014 3098 3162 3153 Deus
3191 3098 3462 3163 Verbum,
3497 3097 3627 3167 quia
3660 3112 3775 3151 non

566 3182 629 3239 C.
687 3184 831 3251 Quid
889 3184 1058 3255 igitur
1124 3189 1565 3244 contractionem
1637 3190 1968 3255 divinitatis,
2012 3207 2081 3245 an
2113 3205 2153 3262 ς
2188 3200 2247 3245 ut
2281 3192 2645 3262 perficeretur
2674 3191 3054 3261 assumptione
3080 3190 3263 3244 carnis
3288 3189 3542 3259 indiguit,
3578 3188 3672 3243 sed
3713 3198 3780 3243 ut

499 3276 881 3331 extensionem
899 3279 1082 3332 carnis
1114 3279 1311 3334 factam
1331 3282 1557 3348 asseris,
1584 3284 1713 3353 quia
1740 3300 1850 3339 non
1870 3293 2080 3355 potest,

503 3378 566 3422 ut
601 3369 763 3434 dicis,
794 3370 1274 3443 incircumscripta
1327 3383 1384 3429 et
1428 3375 1635 3445 ubique
1668 3376 1866 3432 diﬂ‘usa
1891 3387 2088 3432 natura

503 3461 938 3535 circumscripta:
962 3473 1017 3519 et
1042 3482 1216 3536 parvo
1266 3467 1389 3522 loco
1415 3470 1732 3524 constituta:
1760 3479 1973 3525 natura:
2001 3485 2088 3526 se-

502 3556 743 3611 0undum
773 3558 1229 3627 compositionem
1269 3561 1457 3615 uniri?

573 3650 637 3704 N.
654 3650 842 3721 Neque
869 3661 1079 3706 natura:
1098 3655 1558 3721 contractionem,
1583 3672 1765 3727 neque
1814 3657 2092 3713 extensio-

504 3758 631 3797 nem
656 3743 912 3799 humanae
933 3745 1133 3800 factam
1159 3762 1369 3812 assero,
1417 3749 1549 3818 quia
1582 3750 1688 3803 hoc
1708 3750 1933 3820 proprie
1963 3766 2091 3805 cor-

505 3851 705 3906 porum
752 3846 856 3903 est,
912 3854 1025 3892 non
1071 3848 1259 3893 autem
1297 3840 1530 3909 spiritus
1582 3852 1638 3894 et
1684 3842 1930 3907 virtutis,
1971 3857 2093 3911 quas

504 3928 662 3981 carni
696 3928 841 3982 uniri
873 3929 1180 3983 secundum
1228 3930 1689 3998 compositionem
1736 3947 1849 3985 non
1888 3940 2091 4001 potest,

505 4021 810 4090 prasertim
832 4021 990 4093 553
1014 4038 1140 4076 cum
1166 4022 1669 4092 incircumscripta,
1690 4032 1751 4076 ut
1766 4022 1902 4090 dixi,
1928 4023 2094 4078 Verbi

509 4114 796 4181 divinitas,
825 4126 882 4170 et
902 4117 1089 4171 omnia
1118 4116 1434 4171 continens.

580 4209 639 4266 C.
680 4210 1062 4280 Compositum
1116 4209 1260 4267 dicis
1312 4208 1592 4265 sustinere
1648 4207 1967 4276 hominem,
2024 4226 2095 4265 an

508 4296 974 4371 incompositum?

578 4393 626 4447 Ν
637 4433 649 4446 .
683 4392 1086 4463 Compositum.

577 4483 643 4540 C.
684 4485 763 4540 Ex
805 4487 1008 4555 quibus
1038 4485 1254 4543 rebus?

578 4578 646 4633 N.
684 4578 762 4633 Ex
794 4580 979 4632 anima
1023 4578 1214 4648 utique
1264 4586 1321 4633 et
1370 4591 1560 4633 carne.

581 4691 645 4748 C.
687 4692 939 4746 Animam
986 4693 1520 4751 consubstantialem
1550 4694 1707 4751 carni
1756 4693 1983 4762 asseris,
2026 4711 2097 4751 an

514 4781 749 4838 diversa:
798 4784 1049 4838 naturae?

587 4875 656 4931 N.
698 4875 936 4930 Diversae
978 4877 1226 4933 omnino.

512 5046 517 5049 Α
593 4986 654 5041 C.
705 4986 900 5042 Utrum
928 4990 1059 5058 quia
1083 5006 1195 5045 non
1231 4990 1304 5047 sit
1328 5006 1479 5059 caro,
1501 5000 1559 5049 et
1589 4993 1663 5049 sit
1688 5008 1912 5065 corpus,
1944 4992 2095 5064 quia,

514 5079 775 5157 quamvis
808 5080 989 5135 omnis
1025 5096 1155 5137 caro
1181 5097 1407 5153 corpus,
1432 5100 1547 5140 non
1566 5091 1753 5140 tamen
1780 5100 1947 5141 omne
1973 5100 2099 5141 cor-

521 5184 623 5240 pus
655 5186 783 5225 caro
814 5171 931 5226 est?

590 5285 655 5340 N.
700 5286 863 5342 Nullo
892 5289 1057 5345 modo
1098 5306 1200 5363 ego
1250 5306 1458 5363 corpus
1484 5292 1613 5350 dico
1650 5293 1893 5352 animam
1921 5312 2065 5354 esse.

596 5376 657 5433 C.
699 5378 844 5446 Quid
881 5397 1016 5453 ergo
1057 5383 1237 5439 dicis?

595 5493 663 5548 N.
702 5495 972 5565 Spiritum
1015 5499 1135 5556 sine
1180 5501 1374 5566 dubio,
1410 5501 1508 5558 sed
1544 5518 1655 5558 non
1692 5503 2108 5562 incircumscri-

528 5594 700 5656 ptum.

599 5678 660 5736 C.
702 5681 895 5738 Totam
916 5684 1108 5741 fateris
1135 5703 1255 5742 eam
1283 5686 1545 5744 diffusam
1573 5704 1672 5748 per
1694 5690 1909 5763 singula
1934 5706 2107 5748 mem-

517 5884 523 5893 ο
600 5866 646 5899 ⁸⁸
671 5862 880 5920 Coloss.
912 5880 969 5931 ιι,
1005 5866 1057 5922 5.
1135 5870 1179 5901 ⁸⁵
1210 5869 1356 5927 Psal.
1396 5887 1483 5937 xv,
1533 5872 1587 5924 2.

2125 4552 2173 4611 D

2184 3299 2317 3338 caro
2359 3284 2725 3353 perficeretur
2766 3282 2822 3336 in
2866 3282 3066 3336 melius
3115 3288 3477 3343 commutata,
3512 3278 3667 3335 carni
3713 3294 3777 3336 se

2188 3376 2409 3440 uniens,
2464 3377 2811 3446 compositus
2862 3376 3042 3429 factus
3081 3384 3167 3429 est
3196 3374 3289 3444 qui
3338 3384 3465 3427 ante
3510 3382 3631 3426 erat
3659 3372 3780 3426 sine

2187 3467 2360 3522 dubio
2389 3484 2604 3523 summe
2639 3468 2875 3537 simplex
2909 3476 2965 3521 et
3000 3466 3422 3536 incompositus,
3469 3464 3781 3535 perfectus-

2188 3576 2297 3632 que
2329 3577 2429 3631 per
2462 3561 2669 3625 omnia,
2702 3570 2895 3631 utpote
2929 3560 3096 3614 Deus.
3132 3558 3409 3629 Scriptum
3435 3559 3583 3613 enim
3612 3557 3680 3611 de
3712 3572 3781 3611 eo

2189 3664 2296 3719 est,
2332 3654 2463 3725 quia
2505 3655 2779 3709 bonorum
2810 3662 3131 3708 nostrorum
3174 3668 3287 3706 non
3328 3663 3487 3723 egeat
3532 3653 3598 3705 ⁸⁵.
3632 3652 3781 3706 Nihil

2190 3749 2341 3805 enim
2360 3748 2437 3802 illi
2462 3748 2720 3811 contulit,
2746 3757 2841 3801 aut
2861 3747 3121 3812 detraxit,
3148 3756 3432 3815 assumpta
3463 3762 3562 3815 pro
3589 3755 3781 3800 nostra

2192 3842 2374 3897 salute
2421 3841 2662 3894 humana
2709 3849 2945 3903 natura,
3000 3856 3166 3910 quam
3219 3840 3472 3894 unitione
3519 3854 3619 3893 sua
3664 3839 3783 3908 ipse

2193 3934 2381 4003 potius
2429 3933 2789 3987 inefl‘abiliter
2824 3932 3178 4004 glorificavit.
3228 3932 3421 4000 Neque
3470 3933 3652 3986 minor
3696 3941 3785 3987 est

2194 4027 2343 4082 Deus
2380 4026 2625 4082 Verbum
2653 4025 2900 4091 Christo,
2924 4027 3053 4096 quia
3086 4026 3201 4096 ipse
3233 4037 3318 4079 est
3341 4025 3602 4079 Christus
3639 4042 3651 4077 :
3680 4039 3786 4078 nec

2196 4124 2383 4195 seipse
2416 4124 2600 4177 minor
2628 4139 2752 4178 eme
2799 4131 3004 4192 potest,
3039 4131 3097 4177 et
3125 4132 3405 4193 assumpta
3439 4137 3603 4177 carne
3637 4120 3787 4175 idem

2197 4218 2404 4271 mansit
2443 4216 2591 4270 Deus
2621 4216 2739 4271 sine
2789 4216 3141 4271 dubitatione
3186 4212 3485 4286 perfectus.
3524 4214 3787 4283 Alioquin

2197 4311 2244 4366 si
2293 4317 2352 4364 et
2394 4317 2521 4379 post
2568 4308 3007 4364 incarnationem
3059 4317 3293 4379 negatur
3344 4307 3604 4363 Christus
3661 4322 3791 4363 esse

2198 4402 2560 4471 compositus,
2593 4400 2799 4455 mansit
2827 4416 2983 4470 ergo,
3008 4401 3157 4471 quod
3185 4412 3305 4455 erat
3337 4409 3521 4463 antea,
3552 4398 3789 4468 simplex

2200 4502 2258 4547 et
2301 4492 2723 4562 incompositus.
2766 4492 2835 4547 Et
2874 4493 3005 4562 quia
3052 4507 3142 4547 res
3191 4507 3405 4546 summe
3452 4492 3685 4561 simplex
3730 4498 3793 4543 et

2202 4585 2566 4655 incomposita
2584 4585 2793 4640 nullam
2819 4586 3049 4640 omnino
3071 4585 3125 4638 in
3145 4600 3203 4640 se
3232 4586 3429 4655 recipit
3449 4584 3790 4655 passionem,

2202 4678 2347 4732 sicut
2379 4677 2637 4747 superius
2656 4678 2824 4733 etiam
2850 4678 2965 4748 ipse
2994 4678 3279 4748 professus
3300 4694 3381 4739 es,
3409 4693 3519 4731 non
3547 4684 3631 4731 est
3658 4691 3794 4744 ergo

2199 4768 2355 4840 juxta
2404 4784 2505 4824 vos
2531 4769 2785 4826 Christus
2822 4786 2925 4840 pro
2956 4769 3199 4825 humana
3242 4770 3419 4825 salute
3469 4784 3792 4839 perpessus.

2207 4861 2261 4915 Si
2309 4870 2492 4915 autem
2526 4860 2760 4931 simplex
2802 4876 3034 4916 manens
3058 4870 3115 4915 et
3153 4860 3561 4930 incompositus
3596 4874 3795 4928 passus

2205 4960 2310 5017 est,
2351 4952 2465 5022 jam
2513 4967 2626 5005 non
2660 4953 2894 5022 simplex
2936 4953 3303 5023 incomposita
3342 4961 3540 5006 natura
3570 4958 3655 5005 est
3685 4949 3794 5002 im-

2206 5044 2507 5115 passibilis.
2543 5044 2702 5111 Quod
2733 5046 2777 5100 si
2808 5045 3042 5116 simplex
3083 5054 3139 5100 et
3174 5044 3543 5115 incomposita
3594 5050 3793 5096 natura

2210 5135 2573 5205 impassibilis
2633 5152 2747 5190 non
2794 5144 2900 5202 est,
2948 5152 3080 5208 ergo
3132 5136 3411 5207 passibilis
3457 5142 3543 5190 est
3586 5132 3793 5189 Christi

2209 5225 2493 5282 divinitas.
2530 5226 2587 5283 Si
2636 5240 2820 5283 autem
2864 5228 3072 5283 Christi
3117 5229 3380 5284 divinitas
3434 5224 3794 5299 impassibilis

2210 5328 2519 5391 permanet,
2571 5321 2715 5375 sicut
2757 5330 2815 5375 et
2859 5337 3057 5377 verum
3100 5332 3208 5387 est,
3260 5330 3432 5377 restat
3476 5328 3538 5375 ut
3592 5329 3794 5374 natura

2210 5415 2447 5484 simplex
2486 5422 2543 5468 et
2586 5413 2952 5484 incomposita
3004 5431 3116 5470 non
3161 5417 3234 5471 sit
3286 5415 3585 5486 passibilis.
3625 5412 3792 5479 Quia,

2212 5507 2467 5576 quamvis
2500 5506 2759 5563 Christus
2799 5507 3111 5564 divinitatis
3143 5526 3257 5566 sua:
3297 5506 3708 5580 simplicitatem
3739 5514 3792 5559 et

2213 5599 2713 5672 impassibilitatem
2764 5601 2929 5656 etiam
2985 5610 3109 5672 post
3155 5602 3464 5657 unitionem
3515 5597 3791 5669 composi—

2215 5692 2533 5761 tionemque
2573 5700 2893 5759 conservet,
2934 5700 3113 5749 tamen
3162 5702 3391 5763 propter
3432 5693 3643 5748 unitam
3688 5686 3793 5744 sibi
