4146 6454
249 410 327 477 13τ

1540 412 1877 489 DIALOGI,
1920 413 2071 476 LIB.
2136 415 2220 476 II.

3395 411 3497 477 138

244 538 453 581 carnem
477 522 619 593 juste
646 519 722 576 ad
759 520 950 593 ipsam
993 526 1336 595 compositus
1365 541 1487 581 esse
1514 526 1827 581 credendus
1854 538 1898 593 Α
1929 529 2082 597 plum
2128 527 2262 598 quid
2316 527 2611 600 intelligas,
2670 526 2716 583 si
2768 526 2967 597 placet,
3028 524 3267 580 lucidius
3320 529 3500 581 mam-

245 625 339 674 est.
415 615 795 684 Quapropter,
839 616 978 670 dum
1058 634 1167 672 non
1229 620 1314 675 vis
1376 627 1500 689 post
1561 620 1819 674 incarna-

245 710 433 763 tionem
481 706 781 761 Christum
836 708 1001 763 fateri
1053 713 1445 781 compositum,
1492 721 1590 766 aut
1619 713 1822 767 divini-

243 801 360 855 tatis
387 800 504 869 ejus
554 808 827 853 naturam
860 802 1227 870 compositam
1255 810 1311 857 et
1342 802 1661 872 passibilem
1687 819 1821 857 con-

239 891 460 947 vinceris
503 891 775 957 credere,
825 900 926 946 aut
954 902 1106 947 certe
1132 893 1435 956 Christum,
1460 910 1623 964 quem
1654 897 1823 951 etiam

232 996 346 1054 post
386 984 850 1038 incarnationem
905 984 1218 1055 simplicem
1262 998 1320 1041 et
1369 986 1821 1058 incompositum,

232 1084 287 1128 nt
325 1083 441 1129 erat
476 1085 676 1139 antea,
709 1074 941 1140 asseris,
974 1076 1296 1131 nullatenus
1328 1092 1553 1147 passum
1594 1094 1693 1148 pro
1723 1078 1826 1133 hu-

233 1182 381 1220 mana
431 1166 623 1220 salute
668 1166 917 1221 testeris.

294 1259 356 1312 Ν.
386 1258 502 1312 Nec
529 1258 788 1312 divinam
815 1267 1073 1312 naturam
1097 1259 1419 1328 passibilem
1442 1260 1634 1327 credo,
1660 1277 1827 1331 quam

228 1364 437 1403 summe
486 1348 813 1418 simplicem
844 1356 903 1402 et
935 1348 1363 1420 incompositam
1404 1352 1553 1416 dico,
1582 1361 1639 1407 et
1663 1352 1827 1407 Chri-

224 1451 367 1494 stum
417 1457 526 1510 pro
568 1441 818 1494 humana
868 1440 1048 1496 salute
1096 1457 1323 1512 passum
1362 1444 1653 1509 conﬁteor,
1701 1445 1829 1514 quia

227 1549 331 1587 non
389 1534 573 1588 Deum
610 1543 852 1600 tantum,
884 1534 980 1589 sed
1012 1542 1073 1589 et
1100 1535 1380 1591 hominem
1404 1552 1535 1592 eum
1567 1551 1827 1607 agnosco.

224 1626 427 1691 Quaero
482 1637 681 1681 autem
710 1636 903 1681 utrum
935 1629 1396 1698 compositionem
1421 1630 1565 1684 hanc
1586 1630 1642 1683 in
1668 1630 1833 1683 vulva

226 1719 477 1789 Virginis
496 1719 709 1774 factam
739 1735 982 1787 asseras,
1006 1736 1077 1775 an
1104 1728 1394 1792 postquam
1415 1723 1633 1793 peperit
1660 1722 1832 1775 lilium

225 1828 387 1866 suum
435 1813 906 1883 primogenitum.

1922 619 2083 674 festa.

1993 710 2064 765 Ν.
2097 710 2213 766 Mea
2252 710 2602 780 expositione
2643 726 2755 764 non
2790 710 3024 780 indiget,
3056 708 3203 778 quod
3234 709 3304 763 ab
3331 725 3503 764 evan-

1925 801 2122 872 gelista
2153 811 2373 857 constat
2403 816 2748 871 expressum.
2794 802 3043 871 Denique
3078 810 3202 870 post
3236 802 3383 855 illam
3410 802 3505 855 de»

1928 895 2064 950 bent
2106 910 2299 951 vocem
2342 896 2651 965 expositam
2688 896 2926 951 dicentis
2959 912 2972 948 :
3002 894 3198 949 Solvite
3253 898 3505 967 templum

1928 992 2046 1056 hoc,
2088 999 2138 1045 et
2168 992 2225 1044 in
2255 992 2431 1045 triduo
2460 990 2778 1044 resuscitabo
2801 989 2958 1053 illud,
2994 1004 3121 1041 mox
3150 999 3376 1043 secutus
3405 988 3504 1041 ad-

1922 1083 2108 1155 junxit
2134 1100 2147 1137 :
2176 1082 2286 1137 Hoc
2306 1090 2485 1136 autem
2511 1082 2715 1135 dicebat
2746 1082 2809 1133 de
2850 1078 3042 1150 templo
3077 1080 3308 1149 corporis
3338 1081 3419 1133 sui
3438 1080 3503 1132 ⁸⁸.

1998 1174 2061 1231 C.
2100 1174 2318 1245 Corpus
2355 1174 2465 1228 hoc
2501 1173 2623 1237 Dei,
2670 1188 2740 1226 an
2795 1172 3042 1227 hominis
3077 1186 3199 1225 esse
3231 1171 3407 1226 dicis?

1999 1268 2068 1322 N.
2109 1267 2366 1322 Hominis
2398 1266 2517 1321 sine
2552 1265 2724 1320 dubio
2758 1266 3048 1334 assumpti.

2001 1358 2063 1415 C.
2105 1358 2165 1412 Si
2204 1356 2450 1412 hominis
2490 1355 2757 1425 assumpti
2792 1356 2900 1410 hoc
2933 1371 3134 1427 corpus
3161 1365 3267 1420 est,
3307 1371 3511 1426 corpus

1930 1467 2064 1521 ergo
2113 1450 2223 1504 hoc
2271 1447 2540 1517 assumpti
2585 1446 2827 1501 hominis
2877 1447 3141 1516 templum
3178 1446 3299 1499 est?

2002 1544 2070 1598 N.
2109 1542 2230 1597 Non
2262 1550 2349 1596 est
2377 1539 2641 1609 templum
2668 1540 2936 1609 assumpti
2969 1539 3233 1604 hominis,
3263 1537 3359 1592 sed
3392 1537 3513 1608 ejus

1932 1637 2026 1708 qui
2058 1635 2116 1689 in
2146 1635 2268 1704 ipso
2314 1632 2531 1687 habitat
2567 1630 2945 1686 invisibiliter.

2002 1727 2064 1782 C.
2107 1727 2177 1781 Et
2211 1726 2339 1796 quis
2382 1734 2467 1780 est
2500 1724 2796 1778 invisibilis
2826 1723 3091 1793 templum
3128 1720 3483 1775 inhabitans?

2003 1819 2069 1873 N.
2111 1819 2258 1873 Deus
2288 1817 2477 1887 procul
2507 1816 2700 1871 dubio.

294 1905 358 1960 C.
403 1906 464 1959 ιιι
511 1906 679 1961 vulva
730 1922 981 1976 prorsus.
1033 1907 1171 1962 Nam
1204 1905 1484 1976 quomodo
1518 1906 1692 1960 Deum
1728 1922 1829 1960 na-
1859 1878 1902 1937 Β
2002 1910 2065 1966 C.
2106 1910 2205 1965 Est
2244 1925 2379 1980 ergo
2415 1924 2637 1978 corpus,
2677 1921 2789 1961 non
2838 1907 3083 1961 hominis
3128 1904 3416 1972 assumpti,
3454 1910 3516 1959 ut

231 2006 353 2050 tura
403 1997 745 2061 crederem,
799 2012 968 2067 quem
1013 1997 1322 2052 secundum
1369 1997 1831 2066 compositionem

229 2090 387 2143 carui
443 2090 669 2143 unitum
717 2090 922 2157 fateor,
968 2091 1017 2146 si
1048 2100 1174 2161 post
1218 2099 1439 2161 partum
1471 2090 1831 2162 compositio-

229 2196 359 2235 nem
400 2191 744 2236 naturarum
781 2184 1141 2239 assererent?
1176 2184 1294 2239 haec
1331 2184 1481 2238 enim
1521 2199 1625 2239 nec
1684 2200 1835 2239 eom-

230 2273 463 2342 positio,
509 2288 620 2328 nec
643 2274 829 2329 unitio
865 2275 1144 2340 creditur,
1175 2274 1274 2331 sed
1316 2275 1549 2331 alterius
1581 2275 1636 2330 in
1659 2275 1835 2330 altero

234 2365 536 2420 habitatio.

889 2480 1046 2537 CAP.
1103 2481 1195 2536 Ill.

308 2591 376 2645 Ν.
418 2592 678 2646 Docuisti
712 2602 888 2657 certe,
928 2594 1079 2664 quod
1119 2596 1311 2651 multis
1339 2595 1612 2649 hactenus
1636 2593 1839 2648 verbo-

232 2698 361 2736 rum
408 2683 750 2753 ambagibus
802 2693 990 2755 tegere
1037 2687 1339 2753 videbaris,
1383 2686 1841 2755 compositionem

232 2776 567 2831 nullatenus
624 2787 955 2832 naturarum
993 2794 1222 2836 servare
1253 2781 1672 2850 proprietatem.

306 2868 370 2923 C.
408 2868 672 2935 Quonam
706 2870 874 2925 modo
906 2873 1375 2942 compositionem
1421 2874 1587 2929 docui
1618 2882 1843 2929 natura-

232 2976 361 3016 rum
394 2976 508 3014 non
550 2977 785 3016 scrvare
837 2966 1275 3035 proprietatem?

304 3053 375 3107 Ν.
419 3054 483 3107 In
520 3070 593 3109 eo
618 3055 772 3125 quod
805 3057 1201 3113 inhabitationi
1232 3075 1355 3114 eam
1387 3061 1724 3116 contrariam
1750 3062 1841 3133 ju-

236 3146 411 3201 dicas.

306 3240 370 3295 C.
413 3242 582 3299 Sicut
624 3261 739 3300 non
780 3242 1078 3298 confundit
1128 3252 1353 3299 naturas
1401 3245 1599 3311 unitio,
1634 3245 1709 3300 ita
1743 3259 1847 3299 nec

242 3336 607 3405 compositio,
637 3336 769 3404 quia
796 3350 901 3390 nec
933 3335 1135 3389 animae
1160 3343 1216 3389 et
1247 3334 1431 3390 carnis
1453 3345 1685 3399 naturae,
1727 3352 1849 3406 quae

238 3426 561 3481 secundum
580 3427 1051 3497 compositionem
1077 3426 1243 3481 unita:
1260 3434 1413 3493 sunt,
1432 3427 1849 3481 confunduntur

240 3523 297 3577 in
341 3540 490 3580 sese.
535 3525 794 3580 Alterius
822 3532 1010 3579 autem
1035 3524 1091 3577 in
1125 3524 1301 3579 altero
1331 3523 1662 3579 inhabitatio
1688 3540 1850 3594 pror-

240 3632 342 3671 sus
381 3617 640 3671 duorum
682 3624 791 3671 est.
849 3616 999 3670 Deus
1046 3624 1230 3668 autem
1264 3621 1322 3668 et
1367 3613 1534 3668 homo
1560 3630 1673 3667 non
1708 3613 1849 3668 alter

244 3710 302 3762 in
356 3710 541 3763 altero
585 3716 697 3772 est,
747 3706 843 3762 sed
882 3706 1032 3761 idem
1059 3705 1229 3770 Deus,
1254 3705 1403 3759 idem
1433 3704 1601 3759 homo
1635 3712 1740 3759 est.

316 3802 386 3856 Ν.
425 3801 705 3868 Quamvis
734 3799 1045 3855 secundum
1066 3798 1390 3853 unitionem'
1410 3812 1558 3851 unus
1590 3796 1849 3865 idemque

242 3894 323 3949 sit
344 3894 500 3948 Deus
518 3894 714 3957 homo,
737 3892 1050 3947 secundum
1083 3901 1311 3945 naturas
1331 3898 1512 3944 tamen
1544 3890 1684 3944 alter
1704 3889 1852 3944 Deus

236 3998 352 4051 est,
378 3987 529 4042 alter
555 3985 750 4041 homo.
784 3985 921 4039 Nam
959 3983 1006 4039 si
1039 3983 1157 4053 ipse
1186 3984 1333 4038 Deus
1354 3983 1522 4038 homo
1554 3991 1660 4047 est,
1683 3982 1851 4037 etiam

235 4080 570 4135 secundum
618 4088 876 4143 naturas,
925 4077 1206 4147 quomodo
1241 4093 1352 4131 non
1389 4076 1524 4132 dicit
1575 4093 1590 4130 :
1641 4075 1852 4131 Solvite

268 4188 358 4234 ιθ,
424 4172 554 4237 sed,
603 4170 811 4226 Solvite
843 4168 1102 4239 templum
1132 4170 1247 4235 hoc,
1279 4178 1329 4223 et
1372 4170 1428 4223 in
1465 4168 1641 4223 triduo
1683 4167 1852 4223 susci-

238 4268 371 4319 tabo
406 4264 552 4318 illud
595 4263 690 4315 "‘l

911 4374 1066 4430 CAP.
1105 4373 1193 4429 IV.

310 4491 381 4546 C.
423 4491 608 4545 Miror
640 4498 698 4543 te
732 4502 903 4542 voces
946 4486 1314 4558 evangelicas,
1344 4501 1483 4555 quas
1526 4485 1639 4540 tuis
1669 4486 1855 4541 credis

246 4580 672 4637 assertionibus
694 4581 999 4635 convenire
1021 4580 1292 4634 memoria
1314 4578 1576 4643 retinere,
1605 4594 1700 4634 eas
1721 4594 1852 4633 vero

248 4688 390 4741 quas
419 4676 543 4727 tuis
573 4672 841 4741 partibus
879 4671 1135 4741 agnoscis
1168 4686 1291 4726 esse
1335 4672 1664 4735 contrarias,
1696 4672 1854 4741 quasi

248 4779 550 4833 nunquam
593 4763 848 4818 audieris
891 4763 1197 4833 praeterire.
1246 4764 1329 4817 An
1360 4779 1494 4818 vero
1539 4764 1634 4833 qui
1676 4763 1853 4819 dixit:

241 4854 451 4909 Solvite
500 4854 769 4926 templum
810 4856 925 4919 hoc,
956 4871 1069 4909 non
1094 4855 1213 4925 ipse
1247 4864 1372 4924 post
1407 4854 1651 4909 infusum
1676 4870 1705 4908 a
1734 4870 1858 4909 mu-

239 4950 387 5004 liere
437 4963 621 5017 super
652 4958 824 5017 caput
848 4964 1012 5003 suum
1036 4958 1378 5018 unguentum
1407 4940 1615 5002 dixisse
1640 4948 1818 5003 fertur
1842 4964 1853 4998 :

237 5039 421 5095 Sistite
462 5057 615 5103 eam,
664 5038 861 5094 bonum
890 5056 1021 5110 Opus
1064 5048 1286 5110 operata
1323 5051 1398 5094 est
1452 5042 1510 5093 in
1564 5056 1693 5105 me;
1727 5042 1853 5094 mit-

240 5144 358 5187 tens
398 5148 645 5201 namque
676 5135 788 5186 hac
812 5140 1140 5202 unguentum
1182 5133 1277 5185 hoc
1328 5133 1383 5185 in
1409 5148 1601 5201 corpus
1655 5147 1852 5193 meum,

242 5227 314 5278 ad
338 5225 726 5295 sepeliendum
763 5241 846 5277 me
880 5225 1001 5294 fecit
1022 5224 1111 5276 "‘l
1148 5223 1346 5278 Cernis
1378 5239 1491 5277 non
1522 5224 1689 5278 alium
1731 5238 1855 5278 csse

243 5320 566 5387 sepultum,
605 5315 720 5369 nisi
754 5331 882 5369 eum
918 5316 1079 5386 cujus
1112 5325 1169 5370 et
1200 5316 1467 5385 templum
1490 5316 1609 5370 est?

318 5411 387 5463 Ν.
428 5410 489 5465 Si
554 5408 652 5462 ille
707 5408 958 5477 sepultus
1006 5416 1092 5462 est
1134 5409 1294 5478 cujus
1342 5414 1400 5461 et
1441 5408 1707 5476 templum
1749 5414 1855 5470 est,

250 5511 421 5555 restat
457 5510 525 5555 ut
558 5499 838 5569 templum
874 5514 978 5554 nec
1013 5499 1255 5555 solutum
1292 5500 1386 5563 sit,
1420 5513 1526 5553 nec
1556 5498 1855 5568 sepultum.

315 5593 380 5647 C.
414 5594 713 5662 Quoniam
738 5592 845 5647 sub
877 5593 1103 5645 nomine
1149 5592 1361 5660 templi,
1390 5591 1561 5645 alium
1608 5590 1860 5660 insepul-

257 5696 389 5754 tam,
442 5689 631 5743 alium
672 5685 957 5757 sepultum
999 5683 1137 5737 mihi
1165 5683 1373 5738 videris
1410 5697 1682 5747 asserere,
1719 5688 1859 5737 tem—

328 5866 369 5895 “
402 5867 569 5923 Joan.
615 5879 683 5925 ιι,
724 5864 813 5917 19.
894 5864 937 5895 ’7
973 5860 1167 5915 Matth.
1201 5876 1344 5926 xxw,
1378 5862 1589 5934 10,12.

582 5981 870 6041 Ριτιιοι..
906 5980 1025 6043 Gn.
1064 5979 1413 6041 LXXXVI.

1689 5862 1734 5895 ⁸⁵
1758 5861 1917 5919 Joan.
1951 5878 2012 5928 ιι,
2048 5860 2138 5916 21.

1934 2003 2161 2067 asseris,
2196 2001 2295 2057 sed
2328 2001 2624 2071 Dei,eujus
2663 2009 2720 2053 et
2752 1999 3015 2068 templum
3054 2004 3160 2051 est.

2006 2090 2072 2145 N.
2114 2089 2174 2145 Si
2202 2104 2404 2159 corpus
2444 2098 2591 2144 esset
2633 2088 2909 2153 exanime,
2954 2088 3010 2141 in
3058 2100 3168 2156 quo
3216 2086 3515 2141 invisibilis

1937 2183 2084 2236 Deus
2128 2180 2426 2244 habitaret,
2473 2190 2622 2235 esset
2650 2179 2842 2249 utique
2876 2194 3079 2248 corpus
3105 2178 3225 2242 Dei,
3258 2194 3369 2231 non
3410 2178 3515 2231 ho-

1938 2272 2109 2327 minis
2140 2271 2432 2341 assumpti.
2466 2271 2668 2325 Verum
2697 2269 2827 2339 quia
2857 2284 3063 2338 corpus
3085 2270 3384 2322 animatum
3409 2276 3514 2331 est,

1940 2366 1996 2420 in
2028 2380 2141 2435 quo
2172 2365 2388 2419 habitat
2414 2366 2581 2429 Deus,
2612 2371 2699 2419 est
2727 2378 2931 2432 corpus
2965 2378 3076 2416 non
3115 2360 3235 2425 Dei,
3281 2361 3377 2415 sed
3416 2362 3517 2415 ho-

1940 2459 2108 2515 minis
2135 2459 2426 2530 assumpti.

2010 2551 2072 2608 C.
2111 2552 2233 2607 Non
2262 2560 2394 2623 ergo
2420 2565 2645 2621 corpus,
2681 2550 2777 2605 sed
2798 2550 2966 2605 homo
2991 2547 3254 2618 templum
3285 2556 3369 2602 est
3396 2547 3516 2610 Dei,

1942 2646 2071 2714 quia
2090 2645 2148 2699 in
2171 2659 2408 2714 corpore
2432 2644 2674 2697 animato
2690 2642 2861 2712 (quod
2883 2649 2969 2696 est
2992 2642 3112 2696 sine
3136 2640 3308 2696 dubio
3329 2638 3517 2710 homo)

1942 2736 2145 2793 asseris
2178 2735 2433 2790 habitare
2474 2735 2647 2788 Deum
2697 2733 3051 2788 invisibilem.

2012 2828 2079 2883 N.
2114 2828 2257 2883 Num
2302 2826 2403 2881 tibi
2452 2827 2559 2881 hoc
2590 2842 2701 2880 non
2742 2825 3004 2880 videtur?

2014 2920 2076 2977 C.
2100 2921 2289 2976 Absit!
2319 2921 2426 2975 hoc
2446 2921 2596 2975 enim
2621 2919 2850 2974 omnino
2877 2917 3216 2973 contrarium
3245 2925 3331 2970 est
3358 2930 3523 2969 evane

1944 3014 2156 3084 gelistae
2203 3012 2560 3083 expositioni,
2611 3012 2707 3082 qui
2746 3013 2887 3066 dixit
2928 3028 2942 3064 :
2985 3030 3002 3062 ι
3037 3011 3151 3064 lloc
3184 3018 3368 3063 autem
3410 3023 3524 3061 non

1945 3106 2167 3161 dicebat
2200 3105 2269 3160 de
2301 3106 2507 3176 templo
2539 3104 2780 3160 hominis
2806 3105 2916 3169 sui,
2941 3102 3038 3158 sed
3066 3102 3134 3157 de
3168 3101 3373 3170 templo
3397 3114 3525 3153 cor-

1871 3211 1916 3269 c
1948 3201 2102 3269 poris
2148 3197 2254 3253 sui.
2269 3218 2288 3249 ι

2018 3291 2083 3345 Ν.
2119 3291 2191 3347 Ut
2220 3290 2354 3345 mihi
2376 3290 2619 3352 videtur,
2656 3287 2896 3341 animam
2920 3302 3029 3341 non
3061 3285 3241 3340 credis
3265 3283 3525 3338 habuisse

1945 3380 2227 3436 Christum
2254 3380 2277 3433 ?

2018 3473 2082 3528 C.
2124 3473 2326 3528 Procul
2376 3487 2405 3526 a
2447 3486 2535 3526 me
2583 3470 2811 3525 omnino
2844 3469 2916 3524 sit
2955 3470 3059 3523 ista
3087 3467 3382 3522 calumnia.

2019 3565 2085 3619 N.
2111 3563 2398 3630 Quomodo
2418 3578 2552 3634 ergo
2574 3563 2731 3631 quasi
2752 3560 3093 3616 contrariqu
3120 3560 3355 3633 respuis,
3378 3558 3527 3629 quod

1948 3671 1979 3711 a
2014 3655 2175 3710 nobis
2208 3656 2356 3710 Deus
2378 3655 2584 3709 dicitur
2615 3654 2871 3708 habitare
2896 3653 2951 3707 in
2974 3653 3218 3718 homine,
3250 3653 3295 3708 si
3326 3670 3529 3725 corpus

1899 3736 1905 3743 ’
1949 3747 2190 3802 animam
2219 3748 2426 3802 habere
2450 3746 2733 3803 Christum
2760 3746 2986 3800 fateris?

2018 3837 2081 3893 C.
2118 3837 2258 3903 Quia
2302 3851 2506 3907 corpus
2554 3852 2663 3891 non
2721 3834 2964 3889 hominis
3013 3833 3305 3903 assumpti,
3363 3842 3424 3887 ut
3469 3840 3529 3887 tu

1950 3930 2176 3995 asseris,
2209 3930 2305 3986 sed
2352 3929 2451 3985 Dei
2486 3928 2791 3992 confiteris,
2826 3928 2985 3998 cujus
3029 3928 3369 3982 et-animam
3406 3941 3531 3981 esse

1951 4019 2141 4083 credo,
2184 4027 2242 4074 et
2264 4018 2389 4073 ideo
2423 4034 2535 4073 non
2562 4020 2733 4074 Deum
2770 4017 2826 4072 in
2852 4017 3101 4081 homine,
3138 4017 3233 4071 sed
3264 4017 3437 4071 Deum
3474 4017 3531 4070 in

1954 4125 2191 4181 corpore
2235 4110 2495 4181 praedico.
2534 4109 2794 4180 Alioquin
2837 4110 2978 4165 nihil
3006 4114 3110 4164 'est
3143 4110 3293 4164 aliud
3342 4110 3531 4165 dicere

1955 4205 2131 4259 Deum
2166 4205 2222 4259 in
2263 4204 2510 4269 homine,
2544 4204 2651 4258 nisi
2698 4202 2981 4258 hominem
3030 4202 3152 4266 Dei,
3199 4204 3386 4273 sicque
3421 4219 3533 4257 non

1951 4297 2066 4368 jam
2106 4298 2253 4351 Deus
2296 4295 2484 4359 homo,
2528 4297 2623 4352 sed
2655 4296 2824 4350 homo
2868 4295 2965 4350 Dei
2999 4295 3327 4366 intelligitur
3372 4296 3535 4351 Chri-

1954 4397 2096 4453 stus,
2127 4389 2274 4458 quod
2318 4389 2387 4445 de
2418 4389 2678 4444 omnibus
2706 4388 2799 4459 qui
2847 4388 2958 4443 Deo
2995 4387 3232 4442 lideliter
3262 4388 3531 4452 serviunt,

1958 4481 2067 4537 diei
2116 4491 2319 4552 potest.

1882 4562 1928 4618 Ῑ)
2611 4572 2763 4627 CAP.
2810 4571 2872 4627 ν.

2022 4668 2089 4722 Ν.
2120 4667 2177 4722 Si
2208 4682 2410 4737 corpus
2439 4666 2535 4720 Dei
2561 4674 2665 4730 est,
2694 4682 2805 4720 non
2837 4666 3105 4735 assumpti
3139 4666 3404 4732 hominis,
3432 4682 3534 4723 cur

1953 4776 2063 4815 non
2105 4759 2315 4814 dictum
2346 4775 2360 4812 :
2388 4758 2504 4813 Nisi
2542 4759 2985 4811 manducaveritis
3016 4773 3241 4813 carnem
3266 4759 3395 4825 Dei;
3435 4760 3533 4815 sed

1959 4864 2175 4903 carnem
2194 4847 2317 4902 Filii
2340 4848 2586 4913 hominis,
2610 4864 2714 4901 non
2744 4847 2994 4902 habebitis
3021 4850 3187 4903 vitam
3217 4851 3272 4903 in
3288 4850 3427 4905 vobis
3452 4851 3534 4904 "‘l

2028 4939 2091 4996 C.
2132 4939 2395 5007 Quamvis
2420 4956 2553 4995 caro
2599 4940 2673 4993 sit
2719 4940 2843 4993 Filii
2887 4940 3153 5007 hominis,
3187 4940 3304 5012 ipsa
3350 4952 3535 4997 tamen

1962 5051 2090 5090 caro
2112 5036 2240 5090 Filii
2287 5036 2530 5090 hominis
2568 5050 2698 5090 caro
2738 5036 2835 5090 Dei
2866 5044 2971 5091 est.
3014 5037 3149 5091 Nam
3199 5038 3243 5092 si
3278 5053 3408 5092 caro
3439 5037 3535 5091 Dei

1963 5146 2073 5183 non
2117 5138 2224 5195 est,
2261 5129 2540 5201 quomodo
2567 5138 2751 5199 potest
2780 5129 2948 5186 vitam
2983 5142 3242 5186 aeternam
3274 5138 3536 5201 priestare

1962 5222 2319 5277 credentibus
2340 5222 2365 5275 Ἰ

2033 5314 2100 5368 Ν.
2146 5314 2285 5380 Quia
2325 5315 2431 5368 hoc
2476 5314 2553 5367 illi
2593 5330 2622 5368 a
2662 5314 2775 5368 Deo
2821 5314 2926 5369 sibi
2981 5315 3137 5370 unite
3180 5322 3264 5368 est
3322 5312 3538 5383 ιιι-ξιξειί-

1962 5416 2161 5461 tutum.

2032 5499 2093 5554 C.
2150 5499 2204 5553 Si
2250 5499 2362 5553 Deo
2412 5498 2564 5553 unita
2620 5505 2707 5553 est
2751 5513 2903 5564 caro,
2957 5497 3235 5569 quomodo
3284 5512 3395 5551 non
3452 5503 3538 5553 est

1963 5608 2091 5646 caro
2130 5592 2223 5645 Dei
2246 5592 2268 5644 ?

2031 5682 2096 5736 Ν.
2136 5681 2275 5748 Quia
2318 5690 2511 5736 contra
2540 5683 2886 5741 manifestam
2916 5680 3198 5753 Evangelii
3230 5696 3419 5738 vocem
3452 5681 3537 5738 in-

2217 5859 2262 5893 ”
2288 5860 2445 5916 Joan.
2484 5876 2556 5929 γι,
2595 5861 2684 5916 5-1.
