4146 6478
697 429 800 494 139

1921 418 2243 481 JOANNIS
2306 417 2682 480 MAXENTII

3840 414 3939 479 140

693 536 1007 593 verecunde
1042 534 1354 599 contendis,
1388 548 1599 603 quaero,
1627 533 1753 603 quis
1777 540 1865 587 est
1892 533 1987 603 qui
2018 531 2180 603 554
2207 530 2275 585 ad
2307 537 2349 591 Α
2376 542 2481 595 est,
2513 531 2811 587 cruciﬁxus
2842 540 2926 587 est
2957 546 3090 603 ergo
3114 538 3169 586 et
3198 530 3437 587 Jacobus
3467 528 3637 584 frater
3663 526 3783 592 Dei,
3815 529 3940 599 quia

696 633 1011 701 passionem
1058 642 1379 697 properans,
1424 626 1565 680 dicit
1608 625 1895 694 discipulis
1936 624 2050 677 suis
2080 641 2092 676 :
2118 624 2265 677 Acci-

696 725 802 794 pite
832 731 876 773 et
907 720 1041 772 edite
1064 734 1127 770 ea:
1148 719 1243 771 hoc
1266 733 1467 782 omnes;
1484 718 1578 769 hoc
1593 724 1669 769 est
1692 717 1829 767 enim
1857 730 2042 784 corpus
2069 730 2262 775 meum,

697 813 834 885 quod
850 828 944 883 pro
962 811 1099 865 vobis
1116 810 1395 881 frangetur
1410 811 1463 863 in
1484 809 1842 862 remissionem
1858 804 2267 877 peccatorum”?

1342 940 1492 995 CAP.
1532 940 1621 994 Vl.

767 1074 828 1129 C.
873 1074 971 1129 Ille
1016 1081 1102 1128 est
1155 1073 1441 1140 nimirum,
1479 1073 1573 1142 qui
1611 1072 1748 1126 dixit
1785 1089 1801 1126 :
1850 1070 1961 1142 Ego
2002 1088 2119 1124 sum
2162 1072 2270 1135 via,

697 1168 894 1222 veritas
933 1174 982 1219 et
1028 1168 1136 1220 vita
1162 1168 1229 1219 “.

768 1259 835 1313 N.
856 1259 980 1313 Vita
1004 1274 1137 1328 ergo
1162 1257 1417 1311 manibus
1439 1253 1931 1325 comprehenditur
1952 1251 2271 1321 impiorum,

697 1352 813 1407 vita
856 1350 1217 1420 crucifigitur,
1252 1357 1535 1418 postremo
1564 1347 1799 1401 moritur
1835 1346 1968 1411 vita,
1996 1352 2052 1398 et
2087 1343 2133 1397 si
2163 1342 2276 1397 vita

699 1452 940 1507 mortua,
962 1442 1087 1511 quis
1104 1442 1272 1493 vitam
1292 1439 1528 1492 mortuis
1552 1446 1811 1507 praestare
1829 1433 2137 1489 credendus
2159 1432 2277 1486 est?

690 1582 693 1587 .
770 1532 833 1586 C.
865 1532 921 1585 Si
962 1531 1008 1584 is
1041 1530 1135 1599 qui
1168 1529 1281 1582 vita
1304 1536 1408 1589 est,
1448 1543 1558 1580 non
1581 1534 1665 1580 est
1699 1524 2018 1589 cruciﬁxus,
2042 1532 2099 1577 et
2132 1538 2279 1576 mor-

704 1634 855 1690 tuus,
872 1638 1092 1692 sperare
1110 1621 1276 1673 vitam
1294 1617 1492 1672 mortui
1516 1617 1825 1670 nullatenus
1842 1616 2063 1669 debent.
2077 1614 2281 1668 Verum

704 1714 833 1783 quia
873 1712 1170 1768 cruciﬁxus
1219 1719 1324 1774 est,
1374 1718 1429 1763 et
1470 1717 1721 1761 mortuus
1790 1709 1837 1761 is
1876 1708 1971 1776 qui
2012 1714 2097 1760 est
2148 1705 2280 1770 vita,

704 1821 817 1859 non
858 1820 964 1868 me,
1016 1804 1112 1857 sed
1145 1803 1365 1856 beatum
1397 1802 1614 1854 Petrum
1659 1800 1724 1854 ad
1770 1800 1990 1855 Judaos
2012 1798 2139 1853 audi
2170 1799 2283 1852 cla-

706 1906 947 1951 lnantem
980 1914 990 1947 :
1036 1894 1268 1959 Petistis,
1303 1894 1505 1961 inquit,
1532 1910 1711 1945 verum
1746 1893 2064 1945 homicidam
2093 1891 2283 1944 donari
2312 1880 2357 1940 Β

704 1991 865 2054 vobis,
902 1997 1171 2042 auctorem
1197 2005 1317 2041 vero
1366 1990 1487 2041 vita:
1516 1988 1856 2040 interemistis
1888 1987 1954 2037 ⁸³.

777 2081 845 2136 Ν.
879 2079 1142 2145 Quamvis
1175 2091 1368 2132 auctor
1398 2079 1526 2132 vita
1570 2078 1805 2147 propria
1838 2078 1983 2132 Deus
2016 2092 2138 2132 esse
2171 2093 2283 2131 cre-

708 2174 890 2237 datur,
924 2184 1111 2227 tamen
1150 2171 1279 2241 quia
1322 2178 1377 2224 et
1437 2170 1689 2225 homines
1721 2180 1977 2225 auctores
2006 2170 2133 2223 vita
2160 2184 2285 2238 pos-

709 2282 900 2321 sumus
951 2264 1249 2334 appellare,
1307 2262 1401 2331 qui
1449 2261 1799 2331 disciplinam
1869 2263 2098 2317 tradunt
2145 2264 2284 2319 bene

708 2359 956 2423 vivendi,
992 2356 1342 2410 manifestius
1373 2354 1530 2419 doce,
1570 2356 1614 2409 si
1646 2356 1816 2419 vales,
1851 2355 2170 2410 cruciﬁxam
2200 2358 2285 2411 vel

712 2459 986 2504 mortuam
1020 2449 1213 2503 vitam.

783 2542 846 2597 C.
921 2542 1244 2610 Quanquam
1297 2557 1407 2595 non
1468 2540 1721 2595 homines
1777 2541 1872 2610 qui
1933 2540 2285 2611 disciplinam

714 2635 942 2691 tradunt
976 2635 1117 2688 bene
1162 2633 1407 2697 vivendi,
1443 2632 1539 2687 sed
1572 2633 1717 2687 Deus
1761 2633 1914 2686 solus
1943 2641 2135 2686 auctor
2162 2633 2289 2686 vita

714 2742 826 2780 non
862 2732 1009 2779 recte
1060 2724 1341 2787 credatur,
1380 2733 1563 2778 tamen
1593 2732 1649 2777 ct
1677 2723 1724 2777 si
1763 2740 1889 2778 eum
1921 2724 2016 2793 qui
2039 2733 2121 2778 est
2154 2724 2285 2789 vita,

715 2826 995 2873 mortuum
1016 2826 1069 2871 et
1094 2817 1418 2872 cruciﬁxum
1439 2831 1506 2869 ex
1538 2816 1838 2885 Scripturis
1864 2815 2125 2879 docuero,
2162 2833 2287 2870 rur-

688 2926 814 2967 sus
852 2909 922 2964 ad
963 2910 1071 2963 alia
1105 2918 1159 2963 te
1204 2916 1557 2974 convertens,
1610 2908 1740 2962 dum
1776 2924 1886 2962 non
1930 2909 2015 2962 vis
2064 2907 2290 2963 credere

714 3002 961 3068 veritati,
984 3000 1292 3071 superfluas
1316 3000 1651 3071 quastiones
1680 3014 1903 3054 movere
1926 3014 2038 3054 non
2061 2999 2286 3054 desinis.

1348 3136 1498 3192 CAP.
1543 3136 1652 3191 VII.

782 3277 856 3332 N.
898 3276 953 3332 Si
989 3275 1190 3330 nollem
1228 3273 1457 3329 credere
1488 3270 1727 3337 veritati,
1757 3283 2038 3340 nunquam
2076 3284 2141 3324 ea
2168 3284 2291 3338 qua

720 3385 805 3425 nae
835 3376 1075 3432 movent,
1111 3367 1167 3420 in
1194 3365 1434 3420 medium
1465 3362 1811 3418 discutienda
1844 3361 2170 3431 proferrem.
2208 3359 2290 3412 Tu

719 3477 875 3527 vero,
923 3460 1054 3514 dum
1108 3474 1219 3513 non
1259 3458 1409 3512 vales
1461 3454 1799 3525 respondere
1841 3452 2096 3524 objectis,
2130 3450 2292 3505 nobis

707 3553 877 3625 .quasi
922 3550 1199 3621 superflua
1232 3548 1609 3619 quaerentibus
1655 3546 1910 3601 insultas.

790 3647 853 3714 (ἒ.
895 3632 1097 3701 Verum
1144 3644 1252 3697 hoc
1295 3640 1521 3696 omnino
1558 3646 1643 3695 est
1688 3638 1836 3709 quod
1877 3652 1989 3692 non
2022 3650 2145 3705 ego,
2196 3634 2292 3689 sed

722 3743 841 3811 ipse
879 3739 947 3792 de
986 3751 1095 3806 quo
1147 3735 1346 3804 agitur,
1382 3733 1497 3787 tuis
1542 3746 1641 3801 pro
1674 3746 1763 3785 me
1812 3728 2099 3799 respondit
2145 3726 2295 3797 obje-

724 3829 1021 3893 ctionibus,
1074 3835 1239 3895 teque
1290 3841 1452 3879 suum
1485 3822 1867 3878 adversarium
1894 3818 2295 3888 notansloqui-

727 3934 836 3984 tur,
874 3920 929 3972 in
980 3915 1404 3971 Deuteronomio
1450 3914 1519 3968 ad
1569 3914 1834 3983 populum
1876 3911 2061 3965 Israel.
2116 3910 2185 3963 Et
2214 3911 2293 3963 vi-

722 4014 927 4077 debitis,
958 4010 1156 4079 inquit,
1175 4010 1338 4062 vitam
1374 4017 1603 4062 vestram
1632 4004 1944 4075 pendentem
1972 4005 2027 4057 in
2059 4002 2223 4073 ligno,
2246 4008 2295 4055 et

722 4121 828 4158 non
864 4101 1081 4156 credetis
1115 4101 1161 4153 ei
1193 4100 1260 4153 ⁹³.

792 4194 857 4248 Ν.
900 4193 967 4247 Ει
1011 4188 1292 4263 quomodo
1342 4186 1683 4259 potest°vita
1732 4200 1831 4256 per
1862 4199 1921 4239 se
1952 4183 2196 4254 pendere
2238 4182 2295 4236 in

720 4284 904 4354 ligno?
946 4283 1091 4337 Deus
1119 4296 1250 4351 ergo
1280 4296 1311 4333 a
1335 4277 1543 4334 Judais
1575 4286 1661 4331 est
1705 4274 2049 4329 cruciﬁxus?

789 4376 852 4432 C.
892 4376 1014 4431 Non
1045 4374 1204 4440 mihi,
1248 4372 1343 4428 sed
1384 4369 1667 4440 prophetae
1712 4366 1878 4421 crede
1917 4366 2123 4420 dicenti
2175 4383 2188 4418 :
2238 4363 2296 4420 Si

720 4469 881 4539 afﬁgit
900 4468 1050 4520 homo
1078 4465 1268 4527 Deum,
1289 4462 1414 4532 quia
1435 4476 1523 4513 vos
1548 4456 1807 4527 conﬁgitis
1838 4472 1920 4509 me
1947 4472 2071 4524 gens
2098 4463 2206 4508 tota
2225 4455 2291 4509 ³⁸.

2366 632 2423 679 et
2463 625 2634 680 frater
2676 625 2897 679 Domini
2946 624 3151 677 dicitur
3190 622 3213 676 ἲ

2436 717 2498 773 C.
2538 718 2655 771 Non
2691 726 2775 772 est
2803 716 2941 769 alter
2972 716 3137 778 Deus,
3172 716 3313 768 alter
3346 711 3631 778 Dominus,
3685 711 3779 765 sed
3827 710 3936 766 Do-

2368 807 2552 863 minus
2592 808 2711 877 ipse
2752 816 2839 861 est
2893 805 3061 870 Deus,
3106 803 3379 873 Propheta
3429 800 3648 855 dicente
3686 816 3700 853 :
3756 798 3946 854 Scitote

2369 901 2508 970 quod
2550 900 2805 954 Dominus
2850 900 2961 970 ipse
2990 908 3065 951 est
3114 897 3253 950 Deus
3296 897 3363 948 ⁸³⁸.
3395 895 3463 949 Et
3488 894 3614 948 ideo
3648 901 3799 948 recte
3827 908 3946 948 om-

2370 993 2503 1046 nino
2526 994 2671 1047 Deus
2697 992 2884 1062 gloria
2912 1006 2942 1044 a
2986 988 3191 1045 Judais
3217 988 3468 1042 creditur
3496 985 3813 1051 cruciﬁxus,
3846 1000 3944 1040 nec

2372 1094 2457 1139 est
2496 1085 2797 1139 secundum
2840 1085 2983 1138 hanc
3031 1081 3319 1151 Propheta
3364 1094 3555 1133 vocem
3613 1076 3947 1131 contrarium

2374 1176 2614 1240 veritati,
2682 1174 2947 1230 Iacobum
2996 1173 3221 1227 fratrem
3268 1172 3508 1236 Domini,
3572 1170 3800 1224 fratrem
3851 1170 3948 1225 Dei

2376 1268 2562 1323 dicere
2598 1266 2902 1322 secundum
2952 1280 3197 1320 carnem.

2446 1361 2513 1416 N.
2549 1362 2701 1416 Nova
2734 1359 2982 1429 quadam
3019 1368 3075 1412 et
3121 1355 3485 1411 intolerabilis
3537 1353 3790 1410 doctrina
3837 1352 3951 1409 hac

2378 1464 2564 1511 vestra
2610 1463 2695 1510 est
2737 1469 2859 1524 qua
2902 1453 3075 1507 Deum
3120 1449 3442 1521 passibilem
3493 1448 3779 1517 praedicat,
3827 1459 3953 1499 cum

2381 1552 2449 1606 de
2476 1566 2545 1606 eo
2570 1551 2665 1621 qui
2696 1566 2726 1605 a
2757 1549 2958 1605 Judais
2989 1556 3075 1602 est
3097 1544 3412 1608 cruciﬁxus,
3441 1543 3640 1597 Petrus
3674 1539 3955 1611 apostolus

2384 1644 2441 1698 in
2471 1643 2699 1698 Actibus
2736 1640 3111 1711 apostolorum
3152 1636 3439 1691 manifeste
3474 1633 3827 1695 testiﬁcetur,
3875 1630 3956 1685 di-

2385 1749 2514 1788 cens
2540 1751 2553 1786 :
2579 1731 2772 1786 Notum
2794 1733 2862 1784 sit
2891 1728 3128 1782 omnibus
3156 1727 3316 1790 vobis,
3350 1733 3399 1777 et
3421 1724 3564 1777 omni
3590 1721 3725 1792 plebi
3754 1717 3948 1781 Israel,

2387 1827 2512 1896 quid
2567 1828 2622 1877 in
2673 1824 2881 1877 nomine
2914 1820 3039 1875 Jesu
3093 1819 3284 1876 Christi
3322 1817 3613 1881 Nazareni,
3661 1829 3816 1885 quem
3869 1829 3958 1866 vos

2384 1918 2737 1985 cruciﬁxistis,
2775 1932 2929 1985 quem
2966 1914 3103 1967 Deus
3137 1912 3409 1965 suscitavit
3446 1927 3477 1962 a
3508 1907 3746 1969 mortuis,
3780 1908 3837 1959 in
3868 1906 3959 1959 hoc

2383 2012 2477 2063 ista
2530 2017 2670 2061 astat
2703 2022 2882 2060 eorum
2917 2003 3054 2058 vobis
3081 2019 3241 2056 sanus
3270 2002 3336 2053 ’7.
3375 2000 3441 2053 Et
3476 1999 3674 2053 iterum
3713 2014 3726 2049 :
3763 1995 3959 2051 Certis-

2382 2104 2531 2163 sime,
2582 2100 2780 2169 inquit,
2821 2098 2950 2151 sciat
2993 2096 3161 2148 omnis
3216 2094 3400 2146 domus
3439 2090 3632 2157 Israel,
3681 2092 3808 2160 quia
3845 2089 3960 2143 Do-

2385 2194 2587 2245 minum
2604 2200 2652 2245 et
2675 2189 2940 2245 Christum
2972 2204 3091 2241 eum
3120 2185 3253 2239 Deus
3290 2186 3405 2254 fecit
3437 2184 3573 2236 hunc
3598 2181 3779 2235 Iesum
3804 2197 3961 2248 quem

2385 2300 2472 2336 vos
2506 2282 2841 2349 cruciﬁxistis
2874 2280 2940 2333 ⁸⁸.
2974 2279 3109 2333 Cum
3138 2294 3269 2347 ergo
3301 2293 3331 2330 a
3373 2276 3484 2330 Deo
3508 2290 3635 2330 eum
3672 2290 3836 2343 quem
3869 2273 3962 2328 Ju-

2387 2375 2488 2430 dai
2526 2375 2918 2428 cruciﬁxerunl
2947 2370 3239 2425 Dominum
3290 2368 3569 2423 Christum
3610 2366 3837 2428 factum,
3880 2374 3959 2419 te-

2388 2476 2565 2522 stetur
2589 2465 2891 2535 apostolus,
2920 2479 3032 2517 non
3072 2462 3129 2515 in
3155 2461 3373 2515 occulto
3412 2468 3498 2515 est
3550 2461 3644 2529 qui
3678 2458 3749 2511 sit
3778 2458 3964 2511 Domi-

2388 2575 2494 2614 nus
2522 2559 2707 2628 gloria
2752 2555 3171 2626 intelligendus,
3230 2555 3315 2608 vel
3362 2559 3513 2607 certe
3570 2550 3724 2619 quia
3757 2548 3963 2603 Judais

2388 2650 2699 2705 credendus
2726 2656 2809 2703 est
2854 2646 3148 2701 cruciﬁxus
3178 2661 3192 2710 ;
3220 2659 3397 2713 neque
3451 2641 3599 2697 enim
3637 2642 3692 2694 in
3743 2648 3957 2693 tantum

2389 2740 2593 2796 erroris
2638 2740 2931 2808 abruptum
2979 2735 3145 2790 credo
3193 2749 3291 2789 vos
3322 2734 3637 2797 devenisse,
3672 2739 3733 2785 ut
3761 2731 3961 2785 Filium

2392 2833 2490 2887 Dei
2541 2832 2713 2886 Deum
2762 2846 2792 2885 a
2822 2830 2934 2883 Deo
2982 2827 3185 2881 factum
3217 2825 3513 2880 Dominum
3545 2838 3667 2878 esse
3700 2821 3961 2876 credatis.

2391 2923 2545 2980 Unde
2577 2923 2841 2977 docemur
2880 2936 2978 2991 per
3009 2921 3151 2973 hanc
3191 2918 3425 2988 apostoli
3450 2915 3784 2971 sententiam
3812 2923 3870 2968 et
3898 2913 3961 2967 il-

2390 3015 2497 3069 lam
2530 3030 2561 3068 a
2584 3021 2635 3067 te
2657 3014 2920 3083 prolatam
2948 3011 3229 3081 propheta
3252 3024 3467 3071 vocem,
3489 3007 3707 3061 Domini
3760 3021 3963 3060 nomen

2392 3119 2501 3158 non
2545 3118 2763 3172 semper
2794 3102 2967 3156 Deum
3003 3098 3338 3170 signiﬁcare,
3374 3098 3469 3153 sed
3501 3095 3800 3167 aliquando
3842 3103 3964 3149 tan-

2316 3218 2359 3274 c
2392 3206 2509 3250 tum
2542 3196 2734 3258 Deum,
2762 3193 3056 3264 aliquando
3090 3192 3372 3247 hominem
3404 3198 3640 3254 tantum,
3664 3186 3964 3256 aliquando

2392 3302 2522 3341 vero
2566 3286 2737 3339 Deum
2774 3294 2830 3338 et
2863 3284 3140 3337 hominem
3169 3299 3182 3336 :
3209 3282 3333 3335 ideo
3364 3296 3477 3335 non
3504 3280 3750 3350 cogimur
3790 3278 3966 3333 Deum

2394 3376 2697 3445 intelligere
2749 3375 3097 3438 cruciﬁxum,
3145 3388 3211 3427 eo
3257 3370 3406 3441 qu‘od
3454 3370 3522 3425 ab
3567 3368 3816 3439 apostolo
3863 3367 3969 3421 Do-

2393 3467 2577 3521 minus
2626 3465 2813 3535 gloria
2842 3465 3048 3519 dicitur
3078 3462 3398 3527 cruciﬁxus,
3434 3476 3540 3516 nec
3574 3460 3702 3530 quia
3727 3458 3970 3513 Jacobus

2394 3557 2564 3612 frater
2598 3557 2813 3611 Domini
2847 3556 3073 3621 dicitur,
3110 3555 3337 3608 fratrem
3366 3567 3495 3608 eum
3530 3549 3814 3606 credimus
3847 3547 3967 3612 Dei.

3025 3689 3178 3747 CAP.
3232 3688 3327 3744 1X.

2464 3828 2526 3883 C.
2562 3830 2637 3883 De
2665 3829 2793 3883 Jesu
2820 3827 3121 3889 Nazareno,
3151 3822 3298 3894 quod
3328 3822 3473 3877 Deus
3495 3821 3586 3886 sit,
3613 3820 3863 3875 arbitror
3885 3833 3973 3872 me

2396 3920 2730 3974 sufﬁcienter
2759 3928 2869 3972 tam
2899 3917 3133 3981 ratione,
3163 3930 3326 3985 quam
3351 3914 3521 3968 etiam
3551 3912 3887 3967 testimoniis
3915 3911 3970 3964 in

2346 4068 2353 4075 ,
2396 4012 2683 4080 superiore
2710 4025 2965 4065 sermone
2991 4008 3265 4073 docuisse,
3299 4006 3397 4061 sed
3448 4004 3765 4059 inﬁdelibus
3789 4011 3970 4058 totum

2397 4100 2535 4153 nihil
2570 4108 2674 4155 est.
2710 4101 2786 4153 De
2816 4116 2883 4155 eo
2906 4109 3089 4153 autem
3111 4097 3257 4168 quod
3282 4111 3539 4167 magnum
3571 4110 3817 4150 errorem
3849 4110 3973 4149 esse

2392 4192 2629 4263 iudicas,
2682 4193 2852 4246 Deum
2900 4191 3103 4245 factum
3138 4190 3430 4244 Dominum
3476 4204 3507 4243 a
3555 4189 3668 4243 Deo
3718 4188 3973 4246 credere,

2397 4286 2527 4355 quia
2556 4286 2767 4339 dictum
2814 4294 2898 4338 est
2937 4300 2966 4338 a
3012 4283 3179 4338 Petro
3221 4282 3289 4336 de
3333 4282 3461 4337 Jesu
3506 4279 3790 4344 cruciﬁxo,
3844 4280 3975 4350 quia

2401 4375 2694 4431 Dominum
2741 4391 2866 4429 eum
2920 4384 2977 4429 et
3031 4374 3315 4429 Christum
3368 4373 3514 4427 Deus
3557 4371 3730 4436 fecit,
3781 4386 3978 4440 quaro

2400 4477 2607 4531 utrum,
2633 4482 2758 4520 cum
2793 4474 2940 4520 esset
2981 4466 3159 4529 Jesus,
3207 4472 3263 4518 et
3299 4472 3484 4517 tamen
3531 4477 3644 4515 non
3684 4468 3835 4515 esset
3868 4460 3983 4514 Do-

790 4556 856 4611 N-
903 4554 1123 4610 Falsum
1168 4560 1253 4606 εει
1279 4549 1528 4612 omnino.
1560 4562 1841 4615 nunquam
1879 4546 1985 4600 1100
2018 4545 2075 4599 in
2123 4545 2297 4601 εοειθ-
2328 4548 2371 4603 Β
2400 4559 2605 4621 minus,
2651 4558 2828 4611 factus
2866 4566 2950 4611 est
2981 4572 3009 4609 a
3054 4558 3166 4610 Deo
3211 4554 3512 4609 Dominus?
3551 4569 3621 4607 an
3656 4566 3781 4607 cum
3823 4559 3984 4606 esset

720 4646 962 4704 siasticis
1006 4644 1166 4698 libris
1215 4642 1452 4711 legitur,
1486 4638 1738 4709 quamvis
1791 4638 2056 4708 scriptum
2118 4638 2188 4692 sit
2235 4638 2291 4692 in

720 4734 983 4791 Malachia
1018 4731 1285 4801 pr0pheta
1318 4746 1331 4781 :
1358 4727 1415 4782 Si
1437 4727 1749 4798 supplantat
1770 4728 1920 4780 homo
1945 4727 2132 4793 Deum,
2166 4730 2291 4797 quia

716 4825 1077 4896 supplantatis
1118 4837 1199 4874 me
1238 4838 1325 4874 vos
1364 4837 1487 4892 gens
1523 4828 1655 4874 tota.

786 4918 849 4972 C.
884 4916 1005 4970 Non
1044 4921 1130 4969 est
1171 4913 1420 4978 dubium,
1452 4902 1522 4965 ila
1569 4920 1629 4964 ut
1676 4920 1734 4965 tu
1770 4911 1933 4977 dicis,
1984 4912 2038 4965 in
2067 4913 2290 4981 antiqua

719 5006 995 5063 contineri
1044 5003 1311 5069 editione,
1360 5004 1418 5057 in
1460 5003 1674 5057 novella
1716 5018 1848 5057 vero
1896 5003 2033 5057 illud
2078 5003 2224 5073 quod
2260 5020 2290 5057 a

719 5100 882 5155 nobis
928 5107 1013 5153 est
1042 5098 1303 5168 positum.
1336 5097 1540 5151 Verum
1587 5096 1632 5149 si
1671 5095 1773 5149 tibi
1815 5111 2010 5150 recens
2039 5105 2288 5150 contem-

718 5191 900 5249 nenda
925 5190 1143 5245 videtur
1163 5188 1423 5243 editionis
1452 5187 1771 5252 auctoritas,
1814 5186 1940 5241 audi
1967 5188 2288 5255 Apostolum

719 5285 1047 5340 clamantem
1084 5299 1095 5335 :
1127 5281 1409 5335 Dominum
1444 5278 1626 5348 gloriae
1652 5277 1961 5344 cruciﬁxum
1992 5279 2058 5331 ⁸⁸.

1336 5438 1488 5493 CAP.
1534 5435 1671 5490 VIII.

785 5580 852 5634 N.
873 5580 928 5634 Si
956 5578 1223 5633 Dominus
1245 5573 1434 5646 gloria
1455 5570 1771 5636 cruciﬁxus,
1804 5568 1949 5624 Deus
1981 5569 2292 5625 credendus

784 5776 831 5808 νο
871 5774 1061 5830 Matth.
1091 5791 1231 5837 xm,
1263 5773 1353 5828 28.
1429 5772 1472 5804 οι
1510 5752 1670 5825 Joan.
1708 5770 1794 5833 ιι,
1830 5770 1883 5825 6.
1961 5771 2006 5801 θ’
2048 5770 2169 5824 Act.
2232 5787 2307 5835 ιιι,
2345 5770 2432 5834 ιι,
2470 5770 2551 5823 15.

717 5845 762 5877 "
801 5846 978 5899 ICor.
1014 5861 1071 5907 ιι,
1114 5846 1168 5911 8,
1202 5845 1254 5897 9.
1332 5842 1379 5874 ³⁸
1408 5841 1557 5897 Psal.
1598 5856 1742 5906 xcrx,
1789 5840 1843 5896 5.

2397 4651 2683 4710 Dominus,
2716 4648 2893 4702 factus
2920 4656 3003 4702 est
3032 4664 3063 4701 a
3092 4648 3204 4701 Deo
3238 4644 3536 4700 Dominus?

2466 4742 2536 4795 N.
2576 4739 2887 4805 Quomodo,
2914 4739 2960 4792 si
2987 4747 3133 4792 esset
3170 4737 3453 4801 Dominus,
3474 4751 3502 4789 a
3539 4735 3650 4789 Deo
3680 4732 3837 4787 ﬁeret
3869 4733 3984 4787 Do-

2396 4832 2602 4893 minus,
2629 4844 2752 4884 cum
2782 4828 2875 4881 ﬁat
2900 4843 3061 4881 nemo
3090 4827 3237 4895 quod
3281 4827 3407 4880 est?
3435 4824 3531 4880 sed
3554 4824 3682 4894 quia
3705 4838 3818 4876 non
3851 4833 3985 4878 erat

2398 4922 2683 4985 Dominus,
2718 4919 2841 4974 ideo
2873 4934 2905 4973 a
2936 4920 3047 4973 Deo
3078 4918 3253 4971 factus
3283 4916 3489 4971 dicitur
3519 4916 3803 4970 Dominus.

2466 5012 2528 5068 C.
2576 5013 2709 5066 Erat
2751 5025 2882 5080 ergo
2927 5007 3148 5078 quando
3178 5024 3291 5061 non
3324 5014 3442 5062 erat
3477 5007 3638 5062 Jesus
3662 5005 3986 5062 Dominus?

2464 5106 2531 5159 N.
2574 5105 2695 5159 Non
2746 5110 2867 5157 erat
2911 5110 3205 5169 antequam
3255 5098 3414 5152 ﬁeret
3444 5097 3729 5152 Dominus.

2462 5196 2524 5251 C.
2551 5194 2839 5262 Quomodo
2864 5207 2993 5262 ergo
3023 5190 3209 5245 dixisti
3238 5208 3247 5242 :
3282 5189 3339 5245 Si
3363 5196 3511 5244 esset
3541 5188 3830 5250 Dominus,
3859 5204 3987 5242 non

2390 5290 2548 5344 ﬁeret
2579 5303 2609 5341 a
2642 5288 2754 5340 Deo
2786 5286 3071 5349 Dominus,
3112 5284 3207 5339 sed
3232 5285 3359 5353 quia
3393 5299 3505 5338 non
3526 5288 3647 5337 erat
3677 5278 3984 5343 Dominus,

2389 5386 2518 5441 ideo
2551 5399 2581 5438 a
2626 5383 2739 5437 Deo
2777 5381 2955 5435 factus
3001 5390 3086 5436 est
3117 5380 3428 5435 Dominus?

2460 5478 2527 5532 N.
2562 5475 2721 5541 Quia,
2753 5481 3047 5543 antequam
3080 5480 3423 5535 nasceretur,
3460 5485 3570 5525 non
3592 5476 3716 5524 erat
3742 5466 3838 5536 qui
3873 5466 3987 5522 ﬁe-

2392 5581 2477 5625 ret
2499 5570 2786 5631 Dominus,
2814 5581 2917 5621 nec
2960 5575 3317 5635 posteaquam
3349 5569 3512 5617 natus
3542 5567 3648 5625 est,
3677 5558 3859 5613 factus
3886 5567 3989 5613 est

2662 5769 2707 5799 ³³
2744 5769 2902 5822 Deut.
2962 5783 3164 5834 xxvul,
3215 5765 3306 5822 66.
3411 5764 3458 5798 “
3488 5761 3729 5819 Malach.
3790 5774 3875 5825 ιιι,
3916 5758 3990 5817 8.

1916 5841 1963 5874 ’7
1987 5840 2107 5895 Act.
2138 5857 2210 5905 tv,
2246 5842 2331 5895 10.
2408 5842 2452 5875 ⁹⁸
2490 5843 2610 5895 Act.
2650 5856 2709 5904 ιι,
2758 5839 2846 5893 56.
