4146 6434
245 417 329 483 iii

1563 416 1896 491 DIALOGI,
1938 418 2083 478 LIB.
2115 419 2195 478 ΙΙ.

3415 421 3517 488 142

248 529 526 591 Dominus,
558 528 650 583 sed
688 528 749 582 in
804 527 931 599 ipsa
973 543 1206 599 prorsus
1240 527 1397 582 vulva
1446 526 1695 581 unitione
1725 527 1847 581 Fili]
1881 537 1924 591 Α
2021 527 2081 582 C.
2131 527 2485 582 Divinitatem
2547 528 2769 598 quidem
2829 528 3143 599 passibilem
3202 533 3517 589 nullatenus

248 624 339 679 Dei
369 624 536 677 lactus
561 632 650 676 est
682 622 989 677 Dominus.

310 714 369 769 C.
408 715 556 768 Alter
573 730 719 784 ergo
737 722 829 769 est
859 713 1044 768 Filius
1074 712 1193 778 Dei,
1231 711 1369 765 alter
1392 710 1556 765 Jesus
1586 709 1684 781 qui
1715 709 1840 763 uni-

247 809 384 861 tione
416 806 537 860 Filii
561 807 663 861 Dei
705 806 784 861 sit
822 805 1138 861 Dominus?

305 899 365 952 Ν.
408 898 558 952 Idem
595 897 721 967 ipse
774 906 890 963 est,
940 899 1087 953 sicut
1136 896 1393 967 superius
1436 896 1550 966 jam
1594 896 1728 961 dixi,
1758 895 1843 950 di-

236 992 435 1061 gnitate
486 1001 546 1044 et
596 991 974 1055 auctoritate,
1012 1005 1123 1044 non
1170 998 1355 1043 autem
1392 987 1697 1043 secundum
1743 1004 1840 1041 na-

237 1090 407 1134 turas.

295 1171 357 1227 C.
396 1171 732 1227 Secundum
765 1178 1000 1226 naturas
1036 1186 1169 1242 ergo
1196 1171 1308 1225 duo
1338 1180 1502 1234 sunt,
1539 1168 1635 1225 sed
1662 1168 1839 1240 digni-

234 1274 339 1319 tate
394 1274 453 1318 et
499 1264 762 1333 potentia
813 1280 959 1317 unus
1008 1272 1093 1317 est
1139 1262 1331 1326 Filius,
1398 1260 1584 1330 etqui
1634 1274 1702 1314 ex
1750 1260 1837 1315 his

225 1357 463 1411 formam
519 1358 679 1411 servi
709 1357 998 1426 accepisse
1030 1355 1345 1411 credendus
1378 1354 1513 1409 est?

294 1450 361 1503 Ν.
404 1450 532 1503 Non
577 1458 713 1503 sunt
760 1448 876 1503 duo
907 1448 1028 1513 lilii,
1064 1458 1124 1502 ut
1156 1456 1215 1501 tu
1246 1448 1511 1514 somnias,
1556 1450 1654 1505 sed
1690 1466 1836 1505 unus

223 1549 307 1593 est
323 1541 505 1593 Filius
532 1540 656 1601 Dei,
689 1555 861 1609 quem
885 1549 1069 1593 tamen
1096 1539 1151 1593 in
1180 1538 1396 1592 duabus
1424 1539 1641 1594 naturis
1665 1540 1835 1598 unitis

225 1632 533 1695 credimus,
569 1633 671 1702 qui
706 1632 901 1696 etiam,
932 1647 1058 1686 cum
1093 1639 1241 1685 esset
1271 1631 1328 1684 in
1358 1630 1538 1685 forma
1563 1632 1682 1695 Dei,
1721 1632 1834 1687 for-

227 1739 369 1777 mam
421 1724 574 1777 servi
614 1724 838 1792 accepit
885 1724 953 1776 9°.

292 1816 354 1870 C.
398 1815 643 1885 Accepit
674 1830 809 1885 ergo
848 1815 1024 1869 Filius
1052 1814 1173 1879 Dei,
1208 1830 1335 1869 eum
1370 1824 1518 1870 esset
1545 1815 1693 1869 Deus
1722 1814 1829 1869 Do-

1945 620 2186 689 praedico
2222 638 2235 673 :
2270 621 2440 675 Deum
2474 631 2656 675 autem
2684 637 2848 677 carne
2877 637 3097 691 passum
3123 624 3349 680 omnino
3377 642 3515 681 con-

1944 708 2125 774 ﬁteor,
2153 710 2283 780 quia
2308 710 2494 765 Jesum
2513 710 2794 765 Christum
2823 712 2997 766 Deum
3024 729 3220 768 verum
3253 730 3511 785 agnosco.

2008 798 2076 854 N.
2111 799 2271 854 Nullo
2304 800 2468 854 modo
2520 800 2692 855 Deum
2738 816 2959 870 passum
3008 817 3176 858 carne
3229 806 3512 874 proﬁteor,

1941 891 2090 960 quod
2137 892 2193 945 in
2245 888 2551 961 Scripturis
2578 894 2786 947 sanctis
2818 894 3135 949 nullatenus
3166 896 3385 967 legitur,
3417 899 3514 954 sed

1940 983 2221 1039 Christum
2254 1000 2478 1054 passum
2525 1000 2714 1050 carne,
2750 1000 2991 1055 sequens
3024 986 3251 1041 Petrum
3296 999 3516 1059 aposto-

1940 1074 2076 1138 lum,
2117 1074 2315 1130 fateor.

2008 1164 2073 1219 C-
2095 1165 2209 1235 Ego
2230 1165 2453 1235 quidem
2479 1174 2782 1237 utrumque
2807 1168 3096 1233 conﬁteor,
3121 1178 3177 1225 et
3195 1172 3369 1226 Deum
3390 1186 3515 1241 pas-

1938 1273 2060 1312 sum
2098 1274 2286 1323 carne,
2313 1268 2370 1312 et
2399 1258 2680 1315 Christum
2707 1276 2933 1331 passum
2968 1277 3152 1324 carne,
3187 1263 3317 1332 quia
3349 1264 3514 1319 Chri-
3564 1328 3575 1339 _

1938 1358 2056 1405 stus
2085 1365 2253 1420 super
2291 1351 2477 1406 omnia
2512 1352 2659 1407 Deus
2693 1360 2797 1407 est.
2829 1352 2910 1406 Tu
2943 1361 3126 1407 autem
3154 1353 3278 1408 ideo
3306 1355 3514 1426 refugis

1935 1442 2111 1497 Deum
2160 1458 2383 1511 passum
2421 1457 2586 1497 carne
2631 1442 2840 1507 dicere,
2896 1444 3026 1513 quia
3066 1441 3347 1499 Christum
3400 1463 3513 1502 non

1936 1532 2118 1587 credis
2160 1534 2332 1587 Deum
2389 1548 2531 1589 esse.
2577 1532 2733 1600 Quod
2785 1533 2832 1588 si
2877 1533 3160 1591 Christum
3190 1537 3360 1592 Deum
3390 1552 3515 1594 esse

1934 1641 2047 1680 non
2092 1625 2351 1696 denegas,
2399 1641 2624 1695 passum
2680 1625 2965 1682 Christum
3024 1642 3213 1693 carne,
3275 1629 3383 1684 hoc
3427 1639 3514 1685 est

1934 1717 2159 1772 omnino
2203 1718 2351 1787 quod
2397 1719 2573 1772 Deum
2625 1734 2847 1787 passum
2904 1736 3071 1775 carne
3124 1721 3334 1787 dicere,
3380 1723 3511 1793 quia

1932 1809 2183 1863 Christus
2198 1809 2290 1877 qui
2328 1824 2522 1878 passus
2542 1820 2645 1873 est,
2672 1809 2791 1883 sine
2818 1810 2991 1864 dubio
3019 1810 3179 1881 555
3210 1814 3353 1867 Deus
3367 1824 3472 1868 est.

226 1905 432 1971 minus,
482 1906 727 1961 formam
765 1905 936 1970 servi,
965 1920 1036 1959 an
1070 1906 1175 1961 hoc
1218 1906 1447 1962 credere
1474 1922 1722 1961 errorem
1752 1906 1831 1960 fa-
1860 1875 1903 1929 Β
2001 1900 2067 1954 Ν.
2118 1899 2175 1953 Si
2227 1900 2465 1970 idipsum
2514 1910 2599 1954 est
2631 1901 2805 1955 Deum
2847 1917 3070 1971 passum
3119 1916 3307 1969 carne,
3360 1905 3511 1975 quod

226 1999 362 2053 teris
379 1999 404 2051 ?

296 2092 362 2144 Ν.
399 2090 505 2156 Qui
541 2091 654 2145 hoc
685 2105 800 2144 non
831 2090 1030 2155 credit,
1084 2105 1314 2159 prorsus
1349 2106 1597 2161 paganus
1630 2098 1733 2145 est.

293 2182 355 2236 C.
399 2182 456 2236 Si
478 2197 620 2252 ergo
647 2196 765 2235 non
790 2189 877 2235 est
909 2195 1092 2243 error,
1120 2181 1315 2234 Filium
1350 2182 1447 2235 Dei
1473 2182 1668 2245 Deum,
1705 2197 1828 2235 cum

222 2281 373 2327 esset
405 2272 559 2326 Deus
592 2280 650 2323 et
691 2269 985 2334 Dominus,
1030 2277 1220 2337 utpote
1266 2270 1494 2338 aequalis
1527 2270 1640 2324 Deo
1680 2270 1830 2325 Patri

224 2364 284 2417 in
322 2363 501 2416 forma
533 2360 711 2422 servi,
756 2358 965 2413 factum
1013 2358 1245 2412 credere
1282 2374 1525 2424 servum,
1561 2360 1690 2429 quia
1726 2360 1831 2413 hoc

220 2454 393 2508 etiam
438 2453 559 2522 ipse
594 2452 666 2506 de
719 2451 842 2520 ipso
897 2458 1154 2513 testatur,
1200 2449 1392 2504 dicens
1444 2450 1513 2505 ad
1565 2451 1823 2506 Patrem:

220 2544 343 2615 Ego
377 2560 567 2599 smus
614 2552 762 2604 tuus,
815 2551 864 2595 et
912 2540 1057 2608 ﬁlius
1106 2540 1317 2595 ancilla?
1350 2550 1455 2595 tua:
1483 2543 1535 2607 ¹;
1580 2557 1692 2596 non
1744 2550 1828 2596 est

217 2637 457 2691 omnino
488 2652 654 2691 error
680 2635 884 2688 Filium
906 2633 1007 2687 Dei
1037 2634 1232 2697 Deum,
1260 2633 1564 2688 secundum
1598 2634 1651 2689 id
1679 2633 1827 2704 quod

216 2727 405 2782 factus
434 2737 525 2782 est
557 2741 783 2787 servus,
819 2725 1052 2779 credere
1100 2740 1131 2778 a
1176 2725 1288 2779 Deo
1320 2725 1505 2789 Patre,
1531 2725 1826 2779 Dominum

212 2819 463 2883 factum;
510 2828 572 2873 et
603 2817 815 2871 idcirco
844 2830 980 2883 nou,
1002 2824 1064 2869 ut
1086 2823 1143 2868 tu
1174 2815 1333 2878 dicis,
1359 2816 1657 2885 aliquando
1681 2817 1828 2872 Deus

210 2919 463 2971 tantum,
515 2906 827 2978 aliquando
867 2908 1033 2961 homo
1069 2916 1302 2973 tantum,
1346 2907 1645 2977 aliquando
1694 2924 1826 2963 vero

208 3002 363 3056 Deus
408 3011 470 3055 et
510 3001 712 3064 homo,
754 2999 851 3055 sed
883 3015 1106 3069 semper
1134 3000 1401 3054 Dominus
1435 3001 1827 3071 intelligendus

209 3104 299 3149 est
328 3095 507 3159 Deus,
544 3102 607 3147 et
636 3092 787 3147 Deus
816 3091 1210 3162 intelligendus
1250 3098 1336 3145 est
1365 3090 1651 3155 Dominus,
1696 3092 1825 3161 quia

1930 1990 2212 2045 Christum
2236 2007 2457 2060 passum
2472 2007 2635 2046 carne
2660 1992 2845 2047 dicere
2875 2012 2887 2046 :
2916 1995 3234 2064 ergo,juxta
3253 2011 3369 2060 vos,
3398 2012 3512 2052 non

1931 2082 2317 2145 solumFilius,
2341 2098 2532 2135 verum
2551 2083 2719 2136 etiam
2737 2083 2898 2137 Pater
2913 2082 3185 2150 Christus,
3210 2087 3339 2154 quia
3366 2086 3512 2141 Deus

1930 2176 2123 2245 procul
2157 2174 2327 2229 dubio
2355 2176 2523 2229 etiam
2551 2176 2668 2245 ipse
2701 2185 2809 2230 est.

2000 2267 2061 2321 C.
2091 2267 2210 2321 Non
2245 2277 2330 2321 est
2385 2268 2549 2321 Pater
2589 2267 2883 2333 Christus,
2937 2270 3190 2339 quamvis
3222 2270 3294 2325 sit
3333 2270 3506 2334 Deus,

1929 2359 2058 2427 quia
2083 2374 2195 2413 non
2228 2358 2406 2426 ipsum
2438 2368 2517 2412 est
2550 2360 2714 2423 Deus,
2749 2359 2897 2429 quod
2924 2370 3009 2414 est
3032 2359 3309 2415 Christus.
3336 2361 3511 2417 Filius

1929 2460 2115 2507 autem
2151 2452 2276 2505 ideo
2316 2463 2401 2507 est
2445 2452 2723 2517 Christus,
2775 2452 2906 2522 quia
2960 2469 3071 2507 non
3131 2453 3371 2523 idipsum
3401 2463 3507 2516 est,

1929 2544 2027 2599 sed
2068 2545 2196 2613 quia
2243 2544 2358 2613 ipse
2423 2554 2511 2598 est
2554 2545 2699 2598 Deus
2753 2543 3027 2599 Christus.
3080 2544 3190 2599 liae
3235 2546 3303 2599 de
3342 2561 3508 2599 causa

1929 2641 2226 2703 utrumque
2268 2635 2607 2689 conﬁtentur
2646 2634 2952 2700 Catholici,
2982 2644 3040 2690 et
3072 2638 3245 2691 Deum
3284 2652 3507 2706 passum

1928 2742 2117 2792 carne,
2140 2737 2197 2783 et
2218 2728 2497 2783 Christum
2520 2743 2741 2797 passum
2781 2744 2967 2783 carne.

2276 2828 2277 2831 ‘
2578 2815 2730 2875 CAP.
2784 2819 2852 2875 Χ.

1995 2910 2063 2964 Ν.
2102 2909 2158 2964 Si
2196 2911 2341 2965 Deus
2374 2919 2461 2965 est
2485 2909 2764 2974 Christus,
2796 2910 2923 2979 quis
2969 2919 3058 2983 est
3095 2911 3190 2981 qui
3230 2911 3369 2966 dicit
3404 2912 3508 2968 Ju-

1928 3004 2061 3058 daeis
2088 3020 2100 3054 :
2135 3002 2274 3068 Quid
2306 3019 2386 3057 me
2414 3004 2574 3058 vultis
2599 3005 2833 3058 occidere
2867 3006 3155 3069 hominem,
3189 3007 3279 3075 qui
3308 3010 3508 3060 verita-

1929 3106 2035 3148 tem
2068 3095 2272 3149 locutus
2299 3113 2417 3149 sum
2441 3096 2579 3150 vobis
2613 3098 2631 3127 ⁵
2655 3097 2677 3148 ?

212 3203 327 3241 non
362 3188 513 3240 alter
564 3201 598 3239 a
652 3186 767 3239 Deo
801 3184 980 3239 lactus
1019 3184 1290 3237 Dominus
1324 3183 1681 3253 praedicatur,
1715 3183 1823 3239 nisi
1851 3213 1894 3270 ρ
1997 3184 2059 3239 C.
2095 3184 2190 3239 Ille
2218 3186 2466 3250 omnino,
2501 3186 2570 3240 de
2600 3202 2710 3254 quo
2744 3188 3015 3257 scriptum
3050 3198 3135 3242 est
3163 3206 3175 3240 :
3204 3188 3342 3254 Quia
3366 3208 3509 3261 qua:-

214 3280 264 3333 is
296 3279 395 3349 qui
445 3278 693 3332 formam
736 3277 881 3331 servi
925 3276 1230 3345 accipiens,
1259 3274 1435 3331 laetus
1475 3284 1560 3329 est
1607 3290 1823 3340 servus,

209 3389 342 3427 cum
391 3381 553 3426 esset
601 3380 733 3424 ante
785 3370 985 3423 saacula
1016 3367 1286 3422 Dominus
1327 3366 1622 3435 gloriosus,
1659 3381 1824 3435 quem

208 3465 425 3519 Paulus
475 3480 509 3517 a
566 3463 782 3517 Iudaeis
827 3460 1093 3531 praedicat
1140 3457 1486 3514 cruciﬁxum.
1539 3458 1679 3511 Hinc
1740 3465 1826 3511 est

206 3556 360 3625 quod
396 3556 687 3610 exclamat
734 3552 801 3605 ad
831 3552 1051 3605 Patrem
1083 3568 1097 3603 :
1131 3549 1317 3615 Pater,
1351 3549 1594 3619 glorifica
1631 3548 1826 3602 Filium
1860 3608 1871 3614 ν

208 3660 365 3701 tum
408 3666 477 3701 ea
529 3646 713 3718 gloria
790 3662 953 3715 quam
990 3643 1175 3697 habuit
1229 3641 1373 3712 apud
1424 3649 1472 3693 te
1512 3642 1825 3711 priusquam

210 3742 446 3793 mundus
494 3740 657 3807 ﬁeret
687 3740 726 3790 '.
762 3735 1031 3806 Nunquid
1070 3750 1178 3789 vox
1215 3733 1319 3788 ista
1365 3748 1479 3786 non
1546 3732 1696 3786 illius
1743 3742 1827 3786 est

206 3832 309 3901 qui
342 3832 489 3885 dixit
522 3851 535 3883 :
580 3830 780 3883 Discite
831 3847 864 3882 a
900 3844 981 3881 me
1022 3827 1151 3897 quia
1187 3827 1327 3879 mitis
1368 3841 1488 3879 sum
1536 3833 1586 3878 et
1611 3823 1825 3878 humilis

202 3926 368 3977 corde
412 3925 435 3955 ³
465 3924 491 3975 ?
516 3924 823 3991 Nunquam
870 3920 1018 3975 enim
1054 3919 1231 3973 Filius
1262 3918 1382 3983 Dei,
1430 3920 1575 3973 Deus
1604 3934 1634 3971 a
1664 3916 1825 3970 Patre

202 4016 327 4070 Deo
346 4015 514 4069 ﬁeret
536 4014 839 4076 Dominus,
862 4011 990 4075 nisi,
1018 4025 1144 4065 cum
1165 4019 1309 4063 esset
1324 4009 1613 4072 Dominus,
1634 4015 1824 4076 utpote

210 4106 382 4168 Deus,
408 4106 656 4159 formam
693 4103 843 4159 servi
867 4101 1195 4171 accipiendo
1228 4102 1404 4155 factus
1432 4108 1581 4155 esset
1612 4113 1822 4153 servus.

220 4196 325 4250 Nec
356 4213 418 4251 se
460 4195 776 4266 gloriﬁcari
822 4203 1150 4263 precaretur
1184 4208 1211 4246 a
1246 4193 1429 4255 Patre,
1469 4191 1513 4245 si
1559 4206 1669 4243 non
1700 4205 1824 4243 cum

222 4298 364 4342 esset
399 4288 558 4357 apud
602 4287 1200 4355 Patrem,.priusquam
1229 4284 1473 4338 mundus
1500 4282 1676 4345 ﬁeret,
1704 4281 1824 4351 glo-

226 4377 424 4441 riosus,
478 4377 856 4445 semetipsum
892 4384 1090 4445 sponte
1139 4390 1241 4444 pro
1276 4383 1464 4428 nostra
1507 4372 1681 4426 salute
1722 4371 1825 4424 hu-

226 4468 516 4522 miliasset.
542 4468 635 4522 Fit
657 4467 948 4531 Dominus,
974 4476 1031 4520 et
1061 4464 1404 4536 gloriﬁcatur
1427 4480 1456 4518 a
1480 4463 1641 4518 Patre
1666 4462 1825 4516 Jesus

1929 3276 2111 3328 rebant
2146 3292 2266 3328 eum
2296 3275 2594 3343 interﬁcere
2624 3276 2819 3339 Judaei,
2860 3292 2965 3329 non
3011 3276 3183 3330 solum
3231 3281 3357 3346 quia
3402 3280 3510 3333 sol-

1925 3364 2075 3417 vebat
2098 3362 2409 3429 Sabbatum,
2437 3365 2528 3417 sed
2577 3367 2703 3434 quia
2735 3365 2937 3418 dicebat
2970 3364 3187 3419 Patrem
3214 3385 3367 3420 suum
3398 3385 3509 3423 esse

1926 3453 2400 3524 Deum,crqualem
2431 3471 2487 3507 se
2511 3454 2710 3523 faciens
2743 3454 2849 3507 Deo
2883 3457 2922 3511 ⁸.
2950 3455 3213 3525 Nunquid
3243 3459 3510 3528 relinqui-

1930 3556 2022 3601 tur
2046 3549 2205 3602 nobis
2246 3548 2429 3603 adhuc
2453 3549 2601 3603 ullus
2629 3549 3010 3620 ambiguitatis
3051 3554 3367 3621 scrupulus,
3396 3572 3507 3624 quo

1926 3655 2039 3693 non
2097 3640 2353 3693 credatur
2405 3647 2607 3692 natura
2650 3640 2797 3694 Deus
2833 3655 2954 3695 esse
3001 3641 3162 3696 Jesus
3205 3642 3458 3697 Christus
3485 3650 3509 3698 ’ἒ

1927 3731 2059 3799 quia
2093 3731 2138 3784 si
2166 3730 2360 3800 gratia,
2391 3738 2448 3783 et
2476 3745 2584 3783 non
2612 3739 2811 3785 natura
2842 3731 2988 3786 Deus
3016 3743 3182 3799 esset,
3222 3751 3506 3804 nunquam

1928 3836 1985 3875 se
2005 3821 2274 3889 aequalem
2309 3819 2515 3875 faceret
2541 3820 2676 3875 Deo.

1996 3911 2063 3965 N.
2101 3911 2333 3964 Fallitur
2388 3926 2520 3980 ergo
2566 3911 2773 3965 Paulus
2819 3912 3056 3966 dicens:
3103 3912 3204 3966 Per
3244 3916 3505 3969 hominem

1928 4022 2091 4083 mors,
2120 4013 2170 4057 et
2204 4020 2297 4073 per
2327 4005 2587 4057 hominem
2618 4005 2932 4058 resurrectio
2970 4014 3298 4060 mortuorum
3326 4008 3390 4060 7?

1997 4096 2059 4152 C.
2096 4097 2163 4150 Et
2212 4095 2492 4165 quomodo
2540 4111 2639 4164 per
2690 4096 2969 4150 hominem
3011 4106 3193 4166 potest
3242 4115 3364 4153 esse
3414 4117 3505 4155 τε·

1926 4189 2200 4243 surrectio
2258 4195 2628 4250 mortuorum,
2667 4187 2774 4241 nisi
2835 4188 2906 4241 sit
2953 4190 3069 4258 ipse
3110 4190 3277 4245 homo
3320 4208 3504 4246 resur-

1927 4280 2125 4343 rectio,
2152 4279 2246 4347 qui
2295 4279 2499 4332 clamat
2544 4278 2598 4331 in
2624 4278 2965 4348 Evangelio:
3004 4281 3114 4351 Ego
3160 4299 3276 4336 sum
3330 4300 3505 4337 resur—

1928 4372 2088 4425 rectio
2114 4380 2163 4423 et
2190 4372 2298 4425 vita
2322 4370 2342 4400 ³
2364 4368 2386 4420 ?
2412 4370 2479 4423 Et
2507 4370 2637 4438 quia
2666 4372 2998 4425 resurrectio
3027 4381 3081 4427 et
3121 4374 3231 4427 vita
3254 4377 3499 4429 omnium

1926 4463 2146 4517 nonnisi
2177 4463 2321 4517 Deus
2341 4469 2446 4523 est,
2500 4464 2692 4530 procul
2721 4464 2892 4517 dubio
2919 4464 3064 4518 idem
3089 4466 3254 4519 homo
3274 4478 3377 4531 est,
3404 4484 3502 4537 per

232 4557 385 4614 filius
424 4559 531 4613 Dei
575 4560 751 4636 Deus,
785 4573 897 4612 non
928 4573 993 4612 ea
1040 4558 1216 4627 gloria
1253 4573 1417 4627 quam
1464 4573 1574 4610 non
1599 4555 1814 4618 habuit,
1853 4549 1893 4602 D
1922 4568 2087 4624 quem
2121 4552 2589 4607 resurrectionem
2623 4568 2744 4607 esse
2785 4554 3083 4623 Apostolus
3112 4554 3393 4623 prredieet.

229 4650 311 4702 sed
334 4666 515 4719 quam
549 4649 756 4703 habuit
781 4648 928 4718 apud
953 4650 1192 4713 Patrem,
1222 4649 1543 4717 priusquam
1576 4647 1815 4700 mundus

228 4738 386 4795 ﬁeret.
441 4741 810 4810 Quapropter
855 4740 1221 4794 dubitandum
1265 4740 1493 4795 omnino
1546 4754 1658 4792 non
1708 4747 1812 4804 est,

226 4843 408 4886 natura
461 4834 649 4886 Deum
697 4847 823 4885 esse
876 4832 1062 4886 Jesum
1097 4849 1110 4883 :
1148 4846 1314 4901 quem
1353 4830 1496 4885 sicut
1520 4829 1811 4893 Dominum

221 4938 248 4974 a
285 4924 390 4979 Deo
445 4924 691 4987 factum,
729 4924 806 4977 ita
838 4924 1006 4977 etiam
1050 4939 1176 4978 eum
1226 4924 1590 4995 glorilicatum
1635 4939 1666 4977 a
1704 4922 1821 4976 Deo

220 5014 482 5080 pradicet
512 5013 716 5068 Petrus
745 5016 1052 5084 apostolus,
1080 5015 1273 5069 dicens
1300 5033 1313 5069 :
1350 5015 1491 5069 Deus
1524 5014 1817 5073 Abraham.

225 5115 265 5159 α
282 5107 421 5163 Deus
443 5108 639 5172 Isaac,
665 5118 715 5161 et
736 5108 877 5162 Deus
900 5108 1085 5172 Jacob,
1110 5108 1428 5179 gloriﬁcavil
1446 5108 1644 5162 Filium
1662 5124 1815 5161 suum

222 5195 406 5266 Imm,
432 5216 605 5272 quem
632 5216 725 5253 vos
751 5200 962 5269 quidem
988 5201 1220 5271 negastis
1252 5208 1376 5254 ante
1404 5199 1596 5271 faciem
1627 5197 1814 5265 Pilati,

201 5292 486 5362 iudicante
532 5292 635 5346 illo
669 5293 867 5346 dimitti
913 5298 954 5347 ⁸.

270 5388 337 5441 Ν.
392 5385 523 5441 Nisi
571 5385 697 5438 haec
749 5385 939 5440 omnia
992 5394 1220 5455 propter
1262 5383 1570 5438 unitionem
1605 5381 1701 5436 Dei
1748 5381 1816 5435 ad

210 5480 493 5534 hominem
554 5478 766 5532 factam
820 5478 1166 5544 credideris,
1226 5478 1575 5531 divinitatem
1627 5475 1817 5545 procul

212 5573 372 5626 dubio
428 5571 773 5643 passibilem
826 5571 1137 5641 prmdieare
1182 5571 1549 5627 convinceris.

894 5781 908 5810 ¹
954 5779 1102 5834 Psal.
1144 5794 1265 5841 cxv,
1318 5780 1401 5834 lG.

280 5782 321 5810 η
355 5783 717 5881 Philippi",
760 5780 811 5833 6.
894 5780 1115 5881 “geel.7
1144 5794 1268 5881 qni,

612 5851 776 5905 Joan.
817 5866 873 5913 v,
929 5851 1013 5904 18.
1097 5850 1115 5879 ⁷
1164 5850 1179 5902 l
1230 5850 1356 5907 Cor.
1397 5867 1481 5917 xv,
1524 5849 1612 5903 21.

236 5864 331 5913 τω,
374 5855 463 5907 40.
549 5851 569 5881 ⁸
612 5851 776 5905 Joan.
817 5866 873 5913 ν,
929 5851 1013 5904 18.

1507 5780 1526 5809 ²
1565 5779 1723 5833 Joan.
1776 5795 1905 5842 xvn,
1940 5778 1992 5833 5.

1723 5850 1743 5881 ⁸
1779 5849 1937 5905 Joan.
1990 5865 2063 5916 si,
2113 5848 2202 5903 25.

1994 4646 2059 4699 Ν.
2094 4645 2322 4715 Ignarus
2370 4658 2503 4713 ergo
2548 4645 2775 4699 omnino
2826 4645 2992 4715 hujus
3038 4649 3366 4701 sacramenti
3404 4650 3502 4703 (ἴε-ε

1920 4739 2292 4810 prehenditur
2326 4737 2471 4791 idem
2500 4738 2798 4808 Apostolus
2825 4738 3018 4793 dicens
3052 4758 3065 4793 :
3110 4740 3373 4795 Mediator
3404 4743 3501 4797 Dei

1923 4843 1971 4885 et
1991 4833 2286 4891 hominum,
2318 4832 2470 4883 homo
2498 4829 2651 4883 Iesus
2688 4829 2927 4885 Christus
2962 4830 3023 4883 ’ἲ

1995 4924 2058 4978 C.
2094 4923 2251 4977 Sicut
2278 4938 2389 4977 non
2420 4931 2506 4977 est
2533 4923 2760 4991 ignarus
2786 4924 2951 4994 hujus
2986 4924 3319 4979 sacramenti
3349 4925 3499 4995 Apo-

1921 5016 2117 5080 stolus,
2143 5016 2217 5068 ita
2239 5030 2341 5068 nec
2374 5014 2709 5083 sibimetipsi
2749 5017 3096 5080 contrarius,
3128 5017 3319 5071 dicens
3356 5034 3371 5069 :
3402 5016 3496 5070 Se-

1916 5110 2145 5163 cundum
2190 5109 2474 5162 adventum
2524 5109 2705 5178 magni
2755 5109 2853 5163 Dei
2899 5118 2945 5163 et
2987 5108 3281 5164 Saluatoris
3331 5112 3498 5164 nostri

1916 5201 2040 5255 Iesu
2076 5200 2292 5265 Christi,
2325 5202 2415 5271 qui
2439 5201 2580 5253 dedit
2634 5204 2971 5272 semetipsum
3005 5220 3100 5271 pro
3147 5203 3371 5272 peccatis
3404 5218 3495 5253 no-

1917 5297 2042 5350 stris
2081 5295 2144 5347 ¹⁰.
2194 5294 2333 5371 Cum
2391 5309 2523 5363 ergo
2558 5295 2726 5348 homo
2770 5294 2930 5349 Jesus
2978 5296 3236 5351 Christus
3287 5294 3495 5347 media-

1921 5394 2006 5441 tor
2061 5387 2159 5441 Dei
2216 5394 2273 5441 et
2323 5387 2610 5440 hominum
2649 5402 2883 5457 magnus
2928 5396 3041 5450 est,
3080 5387 3173 5454 qui
3221 5384 3372 5439 dedit
3405 5400 3496 5437 se-

1922 5479 2219 5549 metipsum
2282 5494 2383 5549 pro
2426 5479 2675 5549 peccatis
2704 5479 2914 5533 nostris
2944 5519 2958 5541 ,
2984 5494 3095 5532 non
3142 5486 3225 5530 est
3268 5477 3497 5530 omnino

1923 5571 2287 5637 contrarium,
2312 5570 2411 5626 sed
2440 5587 2614 5626 unum
2644 5570 2905 5639 idemque
2933 5570 3105 5623 Deum
3132 5584 3351 5639 passum
3375 5584 3499 5625 car-

2734 5775 2755 5805 ⁸
2796 5775 2915 5830 Aet.
2964 5792 3020 5835 ιι,
3072 5774 3155 5828 15.
3276 5778 3295 5805 ⁵
3333 5777 3489 5832 Joau.

2872 5847 2915 5877 ¹⁰
2955 5845 3063 5903 Tit.
3106 5862 3176 5915 ιι,
3208 5846 3293 5901 l3.

2103 5778 2122 5809 ³
2164 5778 2356 5833 Matth.
2410 5794 2483 5837 XI,
2539 5777 2629 5831 ‘29.
2734 5777 2755 5805 ⁸

2113 5848 2202 5903 25.
2308 5850 2327 5880 ’
2369 5848 2560 5901 lTim.
2611 5863 2666 5912 ιι,
2719 5846 2771 5900 5.
