4146 6482
690 450 792 515 143

1894 446 2216 510 JOANNIS
2258 448 2639 511 ΜΑΧΕΝΤΙΙ

3847 453 3950 519 144

689 582 784 633 ne,
805 575 864 621 et
884 563 1164 620 Christum
1187 578 1411 634 passum
1433 577 1623 629 carne,
1649 561 1832 617 modis
1855 562 2116 617 omnibus
2133 578 2269 617 con-
2292 566 2343 623 ,Α
2374 575 2697 638 portansque
2742 571 2920 623 omnia
2973 568 3127 623 verba
3158 569 3369 622 uirtutis
3411 583 3541 632 suae,
3579 565 3953 637 purgationem

692 657 855 713 ﬁteri.
884 655 1040 711 Unde
1064 655 1233 709 etiam
1257 654 1506 710 Ecclesia
1537 655 1658 720 Dei,
1707 655 1875 709 unius
1903 655 2263 725 ejusdemque

691 749 965 803 mirabilia
1000 756 1057 802 et
1083 747 1374 817 passiones
1396 749 1668 819 agnoscit.
1691 748 2042 819 Quapropter
2072 748 2118 803 si
2139 748 2266 817 quis

691 853 985 911 utrumque
1013 855 1121 894 non
1146 842 1469 907 conﬁtetur,
1505 849 1602 895 aut
1633 850 1695 895 ut
1718 840 1941 897 Iudaeus
1972 840 2266 911 fugiendus

686 942 792 997 est,
832 944 929 990 aut
951 932 1232 989 cavendus
1256 942 1321 988 ut
1345 932 1706 988 Manichacus.

1325 1086 1477 1143 CAP.
1536 1086 1627 1141 XI.

755 1201 821 1255 Ν.
854 1198 1067 1255 Callida
1097 1198 1337 1269 quadam
1368 1205 1425 1251 et
1460 1196 1826 1252 subtilissima
1878 1194 2105 1251 fallendi
2152 1204 2268 1252 arte

684 1294 956 1348 hactenus
982 1292 1083 1347 tibi
1114 1291 1298 1345 aditus
1347 1290 1474 1352 fuit,
1513 1306 1662 1344 nunc
1704 1298 1891 1344 autem
1922 1289 2137 1343 nullum
2167 1288 2268 1342 tibi

684 1384 891 1455 poterit
918 1399 1042 1439 esse
1069 1383 1393 1453 suil'ugium.
1423 1382 1598 1438 Unius
1623 1382 1984 1453 ejusdemque
2016 1382 2141 1437 Filii
2172 1382 2269 1437 Dei

687 1476 1017 1547 pmdicanti
1043 1475 1315 1529 mirabilia
1356 1482 1413 1529 et
1440 1474 1725 1544 passiones
1750 1514 1764 1539 ,
1813 1488 1937 1528 cum
1972 1475 2271 1543 Apostolus

688 1568 980 1623 manifeste
1016 1566 1084 1621 ad
1113 1567 1391 1633 Hebraeos,
1432 1567 1726 1620 Dominum
1753 1565 1945 1621 Jesum
1981 1565 2271 1621 Christum

687 1674 719 1714 a
744 1661 855 1714 Deo
878 1658 1061 1714 Verbo
1092 1673 1192 1728 per
1217 1658 1506 1727 passiones
1558 1657 1757 1712 doceat
1804 1667 2269 1723 consummatum,

686 1752 911 1807 dicens:
930 1750 1155 1804 Decebat
1181 1766 1299 1804 eum
1316 1760 1530 1821 propter
1553 1767 1706 1822 quem
1721 1753 1921 1818 omnia,
1935 1763 1982 1807 et
2004 1770 2098 1824 per
2118 1770 2273 1825 quem

687 1846 888 1907 omnia,
921 1845 1009 1912 qui
1037 1842 1228 1896 multos
1254 1842 1396 1909 ﬁlios
1452 1844 1507 1896 in
1540 1842 1771 1914 gloriam
1806 1845 2126 1913 adduxerat,
2174 1861 2273 1898 au-

685 1948 884 1991 ctorem
911 1936 1100 1991 salutis
1130 1952 1334 2003 eorum,
1366 1952 1460 2007 per
1493 1938 1764 2006 passiones
1801 1954 2174 1993 consummare
2201 1937 2265 1991 ".

685 2029 879 2085 Cernis
916 2045 946 2083 a
972 2029 1085 2083 Deo
1116 2028 1293 2084 Verbo
1325 2036 1555 2099 propter
1596 2044 1765 2100 quem
1800 2030 2011 2094 omnia,
2062 2037 2120 2085 et
2160 2044 2264 2099 per

685 2138 849 2191 quem
875 2120 1081 2187 omnia,
1131 2121 1229 2191 qui
1268 2120 1477 2175 multos
1526 2119 1672 2176 ﬁlios
1721 2122 1777 2177 in
1814 2122 2049 2193 gloriam
2093 2120 2268 2176 addu-

687 2223 863 2283 xerat,
889 2224 1175 2270 auctorem
1205 2215 1399 2270 salutis
1422 2230 1619 2270 eorum
1645 2217 1842 2287 procul
1873 2216 2047 2271 dubio
2078 2216 2269 2272 Jesum

685 2308 992 2374 Christum,
1019 2323 1118 2377 per
1145 2306 1435 2377 passiones
1472 2310 1957 2363 consummatum?
1979 2308 2269 2375 Quomodo

686 2415 818 2469 ergo
843 2399 1009 2453 unius
1032 2399 1392 2470 ejusdemque
1424 2399 1703 2455 mirabilia
1742 2412 1799 2455 et
1824 2401 2110 2470 passiones
2144 2416 2269 2455 cre-

689 2491 883 2546 dendae
926 2500 1076 2555 sunt,
1128 2506 1256 2545 cum
1311 2507 1410 2563 per
1449 2493 1739 2562 passiones
1787 2493 1929 2547 alter
1975 2491 2045 2547 ab
2092 2493 2270 2549 altero

688 2581 1144 2637 consummetur?

755 2672 819 2729 C.
847 2673 1102 2744 Magnum
1132 2672 1271 2727 mibi
1301 2674 1530 2729 omnino
1560 2674 1764 2731 dedisti
1794 2675 2118 2747 suffugium,
2149 2691 2271 2730 ma-

688 2781 907 2836 gnaque
933 2764 1069 2819 mihi
1098 2765 1363 2836 adaperta
1404 2774 1491 2821 est
1515 2766 1703 2838 janua,
1740 2768 1795 2822 in
1845 2783 1956 2838 qua
1980 2808 1996 2833 ,
2047 2767 2143 2823 illo
2182 2783 2270 2824 me

688 2858 927 2911 ducente
951 2856 1233 2927 ingressus
1258 2898 1272 2923 ,
1302 2857 1397 2927 qui
1421 2858 1595 2914 dixit:
1628 2858 1738 2930 Ego
1772 2876 1893 2913 sum
1941 2862 2138 2915 ostium
2199 2862 2267 2925 η,

688 2966 800 3005 non
846 2949 1083 3016 callidis,
1114 2957 1176 3003 ut
1213 2950 1438 3011 asseris.
1470 2950 1538 3005 ad
1570 2950 1871 3006 fallendum
1896 2952 2135 3019 artibus,
2168 2952 2267 3008 sed

687 3042 995 3099 verissimis
1015 3043 1203 3113 potius
1233 3042 1583 3099 documentis
1605 3053 1756 3099 tuam
1776 3044 2110 3114 imperitiam
2146 3059 2269 3115 per-

690 3136 988 3205 ﬁdiamque
1016 3134 1364 3205 redarguam.
1391 3135 1530 3190 Nam
1568 3137 1699 3191 dum
1739 3136 1990 3206 Apostoli
2044 3146 2270 3192 senten-

2369 669 2702 730 peccatorum
2725 661 2944 731 faciens,
2979 661 3123 714 sedet
3156 660 3227 713 ad
3249 661 3524 714 dexteram
3560 659 3858 729 majestatis
3892 662 3954 715 in

2366 750 2606 805 excelsis.
2640 750 2807 805 Tanto
2846 750 3033 804 melior
3073 748 3276 820 angelis
3301 750 3531 820 eﬁ'ectus,
3558 754 3763 818 quanto
3804 747 3955 818 αἱπε-

2367 845 2571 897 rentius
2598 859 2709 915 pra:
2734 843 2842 896 illis
2880 859 3069 897 nomen
3098 842 3428 896 hwreditavit
3466 840 3530 894 ⁸⁸.
3576 839 3722 895 Ecce
3745 838 3960 894 Auctor

2367 935 2587 1000 salutis,
2615 937 2711 1006 qui
2756 938 2965 991 multos
3016 936 3164 990 ﬁlios
3220 934 3279 989 in
3329 933 3564 1005 gloriam
3607 932 3955 999 adduxerat,

2368 1026 2754 1095 purgationem
2794 1026 3005 1081 faciens
3031 1033 3419 1095 peccatorum;
3446 1038 3568 1093 quae.
3587 1022 3740 1077 nulla
3760 1022 3958 1092 utique

2368 1124 2554 1186 potest
2578 1116 2699 1171 ﬁeri
2733 1118 2853 1172 sine
2875 1116 3165 1187 sanguinis
3186 1115 3484 1170 eﬁusione.
3519 1112 3676 1169 Sicut
3696 1113 3808 1168 alio
3829 1114 3958 1169 loco

2370 1210 2517 1264 idem
2561 1209 2725 1265 docet
2760 1210 3061 1280 Apostolus
3093 1224 3109 1259 τ
3143 1206 3407 1280 Splendor
3432 1206 3619 1278 gloria:
3668 1215 3719 1261 et
3772 1206 3957 1277 ﬁgura

2369 1302 2677 1357 substantia:
2708 1302 2802 1357 Dei
2834 1301 3037 1367 Patris,
3072 1310 3293 1372 portans
3323 1301 3506 1354 omnia
3549 1299 3704 1354 verba
3745 1300 3959 1353 virtutis

2370 1411 2500 1450 suw.
2526 1393 2609 1448 Fit
2645 1395 2804 1448 etiam
2852 1394 2962 1465 ipse
2988 1392 3175 1447 melior
3208 1391 3435 1462 angelis,
3474 1399 3522 1443 et
3551 1390 3695 1444 sedet
3719 1392 3790 1445 ad
3833 1390 3962 1443 dea:-

2372 1497 2543 1542 teram
2568 1487 2887 1557 majestatis,
2916 1502 3010 1555 per
3036 1501 3192 1555 quem
3231 1485 3375 1555 facta
3411 1482 3609 1537 stecula
3653 1482 3959 1552 praedican-

2373 1589 2479 1646 tur,
2512 1580 2602 1649 qui
2627 1578 2789 1649 paulo
2812 1580 2987 1632 minus
3015 1594 3179 1648 quam
3205 1574 3381 1647 angeli
3415 1577 3735 1639 minoratus,
3767 1576 3955 1645 gratia

2374 1671 2474 1725 Dei
2494 1671 2693 1736 Patris,
2726 1673 2859 1725 sicut
2888 1671 3087 1725 dictum
3129 1677 3205 1724 est
3231 1686 3249 1724 :
3278 1668 3385 1723 Pro
3432 1668 3672 1722 omnibus
3722 1669 3959 1738 gustavit

2375 1774 2627 1829 mortem;
2666 1764 2729 1817 de
2756 1780 2859 1834 quo
2904 1764 3102 1817 dictum
3132 1770 3209 1816 est
3246 1777 3265 1816 :
3309 1761 3537 1831 Propter
3580 1776 3733 1830 quem
3769 1769 3821 1813 et
3867 1776 3962 1831 per

2376 1871 2531 1927 quem
2575 1856 2775 1919 omnia,
2814 1853 2904 1925 qui
2942 1852 3135 1907 multos
3177 1852 3317 1921 ﬁlios
3364 1854 3420 1906 in
3459 1851 3688 1923 gloriam
3721 1852 3963 1906 adduxe-

2374 1956 2481 2001 rat.
2512 1946 2632 2001 Non
2680 1953 2769 2000 est
2817 1958 2950 2015 ergo
3009 1944 3157 1999 Deus
3192 1941 3474 2007 Verbum,
3519 1950 3747 2012 propter
3789 1956 3962 2011 quem

2369 2038 2580 2103 omnia,
2612 2046 2671 2092 et
2715 2052 2819 2107 per
2876 2051 3040 2106 quem
3098 2033 3306 2099 omnia,
3366 2033 3475 2088 nisi
3528 2042 3723 2087 auctor
3762 2033 3966 2088 salutis

2367 2129 2551 2194 Jesus,
2578 2126 2673 2197 qui
2698 2125 3083 2197 purgationem
3109 2122 3319 2178 faciens
3339 2131 3721 2192 peccatorum,
3748 2122 3963 2177 multos

2370 2219 2513 2275 ﬁlios
2561 2217 2792 2273 adduxit
2845 2216 2904 2271 in
2959 2213 3192 2285 gloriam
3232 2227 3264 2267 a
3310 2211 3477 2267 Patre
3510 2226 3613 2281 per
3662 2209 3964 2281 passiones

2370 2322 2823 2379 consummatus,
2876 2314 3026 2368 sicut
3061 2310 3209 2366 idem
3256 2309 3559 2380 Apostolus
3607 2307 3676 2363 de
3711 2323 3779 2364 eo
3814 2309 3902 2364 ait
3941 2324 3956 2360 :

2370 2406 2475 2473 Qui
2502 2409 2718 2479 praprio
2744 2405 2879 2460 Filio
2904 2421 3007 2459 non
3032 2404 3281 2476 pepercit,
3297 2403 3390 2459 sed
3413 2420 3511 2474 pro
3544 2402 3693 2458 nobis
3714 2403 3961 2457 omnibus

2376 2500 2603 2555 tradidit
2632 2500 2786 2554 illum
2818 2498 2883 2552 ".

2436 2592 2504 2647 N.
2541 2592 2689 2647 Nihil
2711 2590 2939 2645 omnino
2960 2587 3072 2659 agit
3101 2586 3339 2642 intentio
3370 2594 3486 2652 tua,
3518 2584 3631 2641 nisi
3666 2592 3753 2651 ut,
3782 2600 3961 2657 quau-

2367 2692 2483 2738 tum
2508 2684 2565 2738 in
2593 2699 2653 2738 se
2679 2690 2785 2748 est,
2829 2682 3001 2736 Deum
3036 2677 3438 2750 impassibilem
3466 2686 3526 2733 et
3562 2678 3959 2744 immortalem,

2369 2792 2588 2848 passum
2622 2784 2678 2830 et
2703 2783 2983 2830 mortuum
3007 2773 3227 2829 doceat.

2995 2910 3149 2966 CAP.
3194 2908 3316 2964 XII.

2439 3047 2502 3105 α.
2535 3047 2676 3114 Quia
2722 3062 2896 3119 negas
2930 3047 3104 3101 Deum
3147 3059 3277 3099 eum
3324 3044 3421 3115 qui
3454 3059 3560 3115 pro
3592 3043 3841 3099 humana
3875 3059 3961 3100 sa-

2369 3142 2485 3197 lute
2538 3149 2624 3196 est
2676 3139 2999 3205 cruciﬁxus,
3041 3152 3265 3209 quaero,
3316 3152 3483 3207 quem
3514 3137 3721 3193 asseris
3766 3137 3958 3191 incar-

690 3228 820 3283 tiam
867 3242 974 3282 non
1028 3226 1314 3297 intelligis,
1367 3226 1605 3281 alterum
1638 3227 1981 3298 passibilem,
2026 3228 2265 3284 alterum
2294 3249 2339 3309 ο
2370 3233 2603 3289 natum?

688 3319 1084 3390 impassibilem
1137 3318 1234 3373 Dei
1286 3318 1486 3373 Filium
1538 3320 1843 3390 praedicare
1890 3322 2263 3378 convinceris.

686 3412 799 3467 Nec
828 3411 1001 3477 enim,
1047 3420 1108 3465 ut
1139 3411 1395 3482 imperite
1420 3412 1646 3477 asseris,
1690 3414 1837 3469 Deus
1876 3414 2119 3470 Verbum
2161 3429 2264 3469 au-

686 3512 900 3558 ctorem
951 3502 1146 3558 salutis
1171 3512 1378 3557 nostra:
1424 3513 1776 3559 consummat
1823 3521 1925 3575 per
1954 3506 2265 3576 passiones,

685 3596 782 3650 sed
804 3596 950 3651 Deus
970 3597 1133 3651 Pater
1158 3596 1332 3650 Deum
1362 3596 1563 3651 Filium
1589 3598 1779 3653 Jesum
1814 3598 2121 3663 Christum,
2141 3614 2270 3670 pro-

685 3700 808 3759 pter
836 3705 1002 3760 quem
1048 3690 1255 3756 omnia,
1299 3700 1358 3745 et
1382 3706 1481 3760 per
1511 3707 1677 3761 quem
1724 3693 1935 3757 omnia,
1979 3702 2265 3747 auctorem

687 3781 932 3835 ﬁliorum
964 3790 1313 3835 consummat
1340 3796 1440 3850 per
1466 3784 1773 3852 passiones.
1830 3783 1967 3849 Quis
1995 3782 2144 3838 enim
2178 3783 2269 3838 hic

687 3882 973 3929 auctorem
1008 3873 1209 3927 salutis
1258 3872 1499 3929 ﬁliorum
1542 3890 1643 3945 per
1694 3874 1982 3945 passiones
2012 3891 2269 3931 consum—

688 3972 899 4019 matum
939 3965 1110 4023 alium
1151 3964 1499 4034 permittitur
1567 3966 1917 4037 intelligere,
1970 3967 2080 4023 nisi
2138 3984 2266 4023 eum

687 4059 782 4128 qui
833 4058 1037 4113 multos
1081 4057 1226 4113 ﬁlios
1284 4058 1342 4112 in
1392 4059 1621 4130 gloriam
1655 4059 1987 4125 adduxerat,
2042 4069 2269 4132 propter

687 4165 853 4220 quem
874 4150 1059 4205 omnia
1072 4159 1129 4205 et
1150 4166 1249 4221 per
1267 4166 1431 4221 quem
1454 4150 1682 4206 omnia?
1702 4149 1840 4206 Nam
1863 4167 1988 4207 cum
2010 4153 2267 4223 superius

686 4242 916 4298 dixisset
944 4261 958 4297 :
990 4242 1131 4298 Eum
1156 4245 1247 4315 qui
1278 4243 1540 4297 modicum
1562 4261 1725 4314 quam
1757 4245 1934 4317 angeli
1966 4248 2266 4300 minoratus

686 4346 786 4402 est,
818 4331 1055 4391 videmus
1089 4336 1274 4391 Iesum
1303 4345 1524 4408 propter
1556 4340 1855 4409 passionem
1885 4341 2069 4393 mortis
2086 4338 2261 4409 gloria

686 4437 734 4481 et
760 4430 958 4481 honore
988 4435 1320 4493 coronatum,
1352 4435 1409 4480 ut
1428 4426 1610 4499 gratia
1634 4428 1730 4483 Dei
1757 4446 1851 4501 pro
1878 4430 2121 4484 omnibus
2172 4448 2271 4502 gu-

685 4526 853 4573 staret
882 4527 1108 4572 mortem
1128 4519 1194 4581 ¹⁸,
1218 4526 1442 4573 secutus
1464 4534 1589 4573 mox
1618 4520 1827 4585 intulit,
1845 4520 2037 4575 dicens
2063 4538 2077 4574 :
2107 4520 2269 4575 Dece-

2442 3324 2511 3380 N.
2535 3323 2781 3379 Verbum
2834 3321 3031 3393 procul
3062 3320 3261 3387 dubio,
3300 3320 3449 3375 sicut
3478 3320 3821 3391 evangelista
3874 3332 3959 3376 te»

2367 3427 2545 3475 statur
2578 3417 2773 3473 dicens
2803 3432 2817 3469 :
2849 3416 2919 3471 Et
2947 3414 3171 3469 Verbum
3196 3428 3323 3469 caro
3356 3413 3559 3483 factum
3597 3420 3696 3477 est,
3723 3424 3771 3467 et
3810 3414 3961 3468 habi-

2372 3512 2506 3565 tavit
2532 3510 2588 3564 in
2626 3508 2773 3562 nobis
2804 3506 2869 3559 ".

2436 3601 2500 3659 C.
2546 3602 2696 3657 Deus
2754 3598 2999 3654 Verbum
3057 3597 3153 3667 qui
3194 3596 3518 3651 incarnatus
3571 3602 3677 3659 est,
3722 3593 3846 3662 ipse
3901 3604 3959 3647 et

2369 3710 2568 3767 passus
2590 3703 2697 3758 est,
2724 3707 2794 3746 an
2823 3690 2965 3745 alius
2997 3688 3341 3753 incarnatus,
3380 3686 3525 3740 alius
3564 3700 3699 3741 vero
3750 3700 3958 3755 passus

2368 3786 2495 3841 est?

2436 3876 2505 3931 N.
2554 3876 2882 3931 lncarnatus
2914 3873 3141 3945 quidem
3191 3873 3339 3928 Deus
3378 3887 3493 3927 non
3531 3878 3640 3936 est,
3683 3868 3785 3926 sed
3827 3884 3961 3925 caro

2368 3969 2487 4023 Dei.

2438 4060 2502 4116 C.
2534 4060 2783 4131 Magnam
2822 4058 2987 4113 nobis
3019 4072 3174 4129 spem
3218 4057 3289 4113 de
3327 4059 3510 4129 teipso
3558 4055 3783 4111 dedisti.
3819 4055 3958 4110 Nam

2368 4154 2463 4225 qui
2493 4153 2764 4208 hactenus
2793 4168 3016 4207 carnem
3051 4167 3161 4206 non
3197 4150 3439 4218 Dei,sed
3462 4148 3735 4219 assumpti
3774 4146 3961 4203 homi-

2374 4248 2463 4303 nis
2486 4246 2800 4310 asserebas,
2832 4260 2984 4300 nunc
3023 4246 3120 4300 Dei
3153 4260 3277 4300 eam
3310 4245 3601 4300 confessus
3631 4258 3729 4308 es;
3756 4258 3958 4297 verum

2369 4342 2499 4412 quia
2534 4355 2729 4410 parum
2756 4339 2934 4409 liquet
2968 4337 3119 4407 quod
3162 4338 3377 4393 dictum
3413 4344 3521 4402 est,
3546 4336 3669 4391 Non
3694 4342 3782 4390 est
3810 4335 3961 4390 Deus

2370 4447 2589 4502 passus,
2621 4429 2717 4484 sed
2752 4444 2881 4483 caro
2916 4427 3037 4493 Dei,
3064 4427 3110 4482 si
3135 4428 3336 4497 placet,
3370 4426 3478 4481 hoc
3498 4425 3751 4480 edissere
3776 4425 3961 4479 mani-

2370 4522 2587 4578 festius.
2637 4520 2814 4575 Nimis
2839 4519 2989 4573 enim
3020 4518 3333 4573 absurdum
3365 4532 3489 4573 esse
3534 4514 3759 4569 videtur
3806 4515 3961 4585 quod

685 4610 775 4664 bat
807 4611 969 4674 enim,
998 4610 1211 4664 scilicet
1242 4610 1413 4665 Deum
1451 4611 1687 4676 Patrem,
1716 4628 1833 4665 eum
1859 4622 2073 4683 prapter
2106 4628 2260 4682 quem
2293 4600 2338 4656 Ῑ)
2365 4608 2573 4666 dicitur
2600 4626 2615 4662 :
2648 4608 2692 4663 si
2713 4608 2864 4663 enim
2889 4622 3018 4662 caro
3040 4606 3137 4662 Dei
3172 4620 3337 4676 passa
3358 4613 3465 4668 est,
3489 4602 3777 4675 quomodo
3807 4604 3961 4659 Deus

684 4700 865 4752 omnia
897 4707 946 4751 et
976 4714 1070 4769 per
1096 4714 1252 4769 quem
1288 4701 1489 4766 omnia,
1532 4710 1805 4755 auctorem
1844 4702 2036 4757 salutis
2077 4719 2260 4757 eorum

685 4790 942 4847 videlicet
976 4808 1103 4862 quos
1140 4792 1196 4845 in
1246 4792 1472 4862 gloriam
1505 4795 1803 4849 adduxerat
1852 4795 2087 4863 ﬁliorum
2143 4796 2263 4868 (qui

684 4884 876 4949 etiam,
910 4900 1034 4939 eum
1064 4893 1214 4941 esset
1241 4886 1470 4956 aequalis
1508 4887 1643 4953 Deo,
1684 4889 1847 4957 paulo
1877 4889 2061 4944 minus
2094 4904 2260 4959 quam

684 4974 865 5044 angeli
905 4974 1255 5047 minoratus),
1293 4978 1471 5046 gratia
1526 4975 1622 5030 Dei
1648 4976 1828 5031 Patris
1884 4995 1981 5048 pro
2022 4979 2262 5033 omnibus

684 5067 911 5137 gustavit
944 5076 1185 5136 mortem,
1218 5084 1313 5137 per
1345 5070 1612 5139 passiones
1645 5084 2015 5123 consummare
2056 5068 2120 5123 “.
2154 5069 2262 5124 Sed

683 5158 1031 5215 manifestius
1060 5159 1166 5216 hoc
1185 5168 1242 5214 et
1265 5159 1506 5214 lucidius
1537 5159 1591 5213 in
1625 5160 1799 5230 ipsius
1826 5159 2090 5230 Epistolm
2112 5162 2263 5231 prin-

682 5250 829 5320 cipio
862 5251 1276 5320 perdocemur:
1316 5251 1644 5321 Multifarie,
1705 5252 1923 5322 inquit,
1983 5263 2033 5307 et
2082 5254 2262 5310 multis

681 5342 809 5395 olim
845 5342 983 5397 Deus
1017 5343 1235 5414 loquens
1268 5342 1507 5412 patribus
1551 5343 1607 5396 in
1659 5344 1947 5414 praphetis,
1983 5345 2261 5399 novissime

681 5434 862 5489 diebus
892 5436 1006 5489 istis
1033 5434 1237 5489 locutus
1264 5443 1341 5488 est
1371 5434 1516 5488 nobis
1540 5436 1597 5488 in
1626 5432 1785 5499 Filio,
1817 5451 1970 5505 quem
1989 5438 2260 5491 constituit

681 5527 938 5581 heredem
970 5530 1360 5593 universorum,
1395 5543 1489 5597 per
1512 5542 1665 5597 quem
1690 5526 1807 5595 fecit
1838 5535 1884 5579 et
1906 5528 2122 5583 stecula.
2158 5528 2261 5595 Qui

680 5632 800 5671 cum
829 5618 897 5669 sit
945 5616 1193 5686 splendor
1230 5615 1434 5687 glorise,
1486 5624 1534 5669 et
1556 5614 1731 5687 ﬁgura
1787 5615 2094 5672 substantiw
2123 5620 2258 5690 ejus,

757 5815 799 5846 ¹¹
842 5814 1005 5869 Hebr.
1047 5832 1105 5881 ιι,
1157 5814 1245 5871 10.

688 5886 728 5917 "
769 5886 926 5942 Joan.
978 5902 1015 5942 ι.
1069 5886 1154 5938 14.

1332 5817 1374 5848 ι’
1414 5815 1570 5871 loan.
1610 5832 1664 5881 x,
1721 5816 1773 5869 7.

2368 4716 2537 4757 carne
2568 4716 2765 4770 passus
2797 4715 2907 4755 non
2949 4700 3077 4754 est?
3126 4707 3184 4753 et
3220 4697 3268 4753 si
3299 4698 3450 4752 Deus
3491 4711 3689 4767 passus
3726 4711 3845 4751 non
3874 4708 3963 4753 est

2368 4808 2557 4858 carne,
2593 4793 2874 4863 quomodo
2903 4807 3034 4847 caro
3054 4791 3150 4847 Dei
3170 4790 3475 4860 estpassa?
3514 4790 3621 4844 nisi
3652 4788 3802 4844 forte
3837 4805 3963 4844 car-

2368 4900 2496 4940 nem
2528 4885 2842 4939 exanimem
2884 4893 2941 4939 et
2982 4884 3262 4939 desertam
3299 4900 3329 4939 a
3360 4884 3495 4947 Deo,
3556 4881 3732 4939 Judaei
3771 4882 3965 4937 cruci-

2369 4976 2554 5032 ﬁxisse
2578 4976 2839 5031 credendi
2870 4984 3021 5031 sunt.
3040 4976 3197 5042 Quod
3222 4976 3354 5047 quia
3380 4975 3549 5030 nimis
3579 4975 3816 5029 stultum
3845 4985 3962 5039 est,

2367 5082 2591 5124 carnem
2623 5067 2744 5121 sine
2794 5067 2978 5121 anima
3024 5084 3056 5122 a
3079 5069 3287 5125 ludatis
3333 5069 3567 5125 credere
3599 5067 3962 5133 cruciﬁxam,

2366 5166 2541 5212 restat
2574 5164 2636 5209 ut
2655 5171 2788 5210 caro
2819 5157 3062 5212 animata
3092 5158 3191 5214 Dei
3219 5176 3250 5214 a
3276 5159 3483 5215 Iudaeis
3523 5158 3791 5214 cruciﬁxa
3825 5174 3961 5215 cre-

2365 5248 2550 5315 datur,
2582 5248 2733 5318 quod
2758 5258 2843 5303 est
2866 5251 3059 5319 procul
3080 5251 3255 5307 dubio
3283 5253 3476 5308 homo.
3514 5252 3616 5308 Cui
3646 5253 3963 5308 assertioni

2371 5350 2590 5405 vestrae,
2620 5341 2727 5396 hoc
2753 5348 2859 5406 est,
2885 5358 2995 5397 non
3016 5343 3188 5398 Deum
3217 5359 3409 5411 carne,
3433 5345 3531 5400 sed
3568 5359 3792 5400 carnem
3830 5344 3963 5409 Dei,

2366 5432 2553 5487 dicere
2585 5447 2822 5501 passam,
2847 5433 2892 5488 si
2917 5434 3221 5491 credulitas
3248 5436 3599 5501 admittatur,
3623 5436 3761 5507 quid
3789 5435 3962 5490 aliud

2368 5521 2643 5586 creditur,
2680 5524 2787 5578 nisi
2829 5525 2960 5594 quia
3012 5526 3180 5581 homo
3228 5528 3327 5583 Dei
3373 5537 3460 5583 est
3498 5528 3751 5597 passus?
3796 5527 3963 5597 quod

2368 5622 2537 5677 etiam
2594 5622 2663 5678 de
2711 5623 2876 5679 Petro
2922 5632 2979 5679 et
3041 5625 3214 5681 Paulo
3284 5626 3470 5681 dicere
3520 5623 3607 5681 fas
3653 5632 3774 5690 est,
3815 5624 3963 5694 quia

1853 5815 1894 5848 ⁸³
1940 5815 2104 5873 Hebr.
2147 5834 2204 5883 n,
2246 5819 2266 5874 ξ

2378 5820 2423 5855 ¹⁴
2472 5820 2609 5876 ibid.
2669 5822 2757 5877 10.
2837 5824 2881 5856 ³⁸
2922 5823 3089 5881 Hebr.
3136 5841 3174 5892 ι,
3212 5824 3326 5880 1-4.
3405 5826 3449 5859 ³⁸
3483 5826 3645 5883 Rom.
3688 5840 3798 5888 vm,
3856 5824 3958 5880 52.
