4146 6442
252 434 370 500 145

1595 445 1928 520 DIALOGI,
1971 448 2117 507 LIB.
2180 448 2263 509 II.

3440 451 3540 516 146

251 570 321 616 et
372 559 476 660 ipsi
524 559 772 615 homines
816 560 919 615 Dci
970 562 1263 629 dicuntur,
1311 576 1366 622 et
1410 584 1512 637 pro
1547 570 1669 639 ipso
1719 579 1849 625 sunt
1880 577 1923 630 Α
1952 573 2110 642 cujus
2165 571 2555 627 vestimentum
2609 566 2727 622 sive
2810 580 2942 621 caro
2980 572 3102 629 est,
3139 563 3290 621 illius
3347 570 3540 636 procul

256 667 435 722 passi.

872 784 1029 842 CAP.
1069 787 1214 843 XIII.

317 924 389 979 Ν.
420 924 567 979 Deus
588 924 823 993 quidem
855 940 1059 995 passus
1081 941 1195 980 non
1218 936 1325 991 est,
1365 929 1494 997 quia
1519 931 1693 986 Deum
1726 949 1856 1003 pas-

241 1015 469 1071 sibilem
500 1015 816 1086 pradicare
839 1061 856 1083 ,
910 1019 1271 1090 sacrilegium
1306 1030 1409 1083 est,
1437 1022 1537 1078 sed
1570 1024 1717 1081 Deus
1766 1027 1852 1082 sui

242 1107 503 1176 corporis
534 1107 675 1163 fecit
702 1111 966 1180 proprias
990 1111 1301 1181 passiones.

312 1201 381 1256 C.
415 1202 755 1272 Proprietas
785 1205 983 1260 multis
1016 1206 1349 1277 intelligitur
1383 1207 1586 1263 modis.
1636 1210 1774 1265 Nam
1799 1221 1855 1267 et

241 1292 501 1349 Ecclesia
534 1309 751 1365 corpus
775 1296 903 1366 ejus
933 1297 1160 1363 dicitur,
1197 1299 1561 1370 ejusdemque
1592 1302 1856 1359 Ecclesia

232 1386 376 1442 facit
428 1388 589 1443 Deus
618 1391 886 1460 proprias
938 1392 1248 1461 passiones,
1289 1406 1390 1462 pro
1425 1409 1535 1463 qua
1575 1396 1743 1450 etiam
1796 1398 1854 1451 in

233 1479 387 1533 calo
418 1480 648 1548 positus
681 1481 933 1536 clamat:
973 1480 1160 1546 Saufe,
1193 1482 1377 1549 Saule,
1404 1485 1530 1555 quid
1554 1503 1637 1540 me
1674 1505 1854 1558 perse-

236 1571 427 1639 queris
451 1570 496 1602 ⁸⁸
512 1571 539 1624 ?
570 1570 643 1625 Et
662 1572 1052 1643 unusquisque
1100 1574 1347 1630 ﬁdelium
1396 1579 1708 1634 membrum
1733 1582 1853 1650 ejus

236 1671 349 1725 est,
388 1662 543 1719 sicut
571 1662 722 1718 idem
750 1664 915 1719 docet
944 1665 1249 1735 Apostolus
1273 1707 1288 1732 ,
1324 1667 1518 1724 dicens
1550 1687 1566 1724 :
1600 1670 1698 1726 Vos
1729 1674 1851 1728 estis

236 1770 441 1822 corpus
481 1752 711 1820 Christi,
753 1763 806 1809 et
854 1757 1094 1811 membra
1132 1759 1199 1811 de
1242 1761 1474 1823 membro
1507 1762 1592 1827 ¹⁹;
1640 1762 1737 1818 sed
1797 1773 1854 1819 et

235 1846 407 1915 panis
459 1846 561 1901 ille
594 1863 769 1917 quem
814 1848 1094 1904 universa'
1121 1850 1371 1906 Ecclesia
1414 1852 1469 1906 in
1520 1855 1848 1911 memoriam

235 1940 561 1997 Dominica:
614 1941 896 2011 passionis
942 1943 1265 2013 participat,
1321 1960 1526 2016 corpus
1559 1950 1681 2019 ejus
1729 1959 1844 2006 est.
1887 1935 1930 1991 Β

232 2028 608 2099 Quapropter
632 2032 919 2101 quomodo
964 2033 1138 2088 Deum
1189 2037 1439 2105 corporis
1464 2038 1549 2093 sui
1594 2043 1850 2109 proprias

234 2118 453 2175 Iecisse
486 2122 704 2178 asseris
730 2122 1041 2192 passiones,
1098 2126 1368 2197 exemplis
1411 2138 1465 2184 te
1500 2129 1728 2200 planum
1765 2132 1851 2189 fa-

234 2230 377 2270 cere
412 2216 710 2271 convenit.

317 2306 387 2361 N.
421 2306 648 2362 Faciam
673 2317 949 2378 quantum
976 2318 1237 2379 potuero,
1292 2310 1457 2367 modo
1484 2322 1545 2368 ut
1573 2321 1626 2370 te
1655 2314 1726 2370 ab
1749 2315 1855 2372 hac

236 2397 570 2455 intentione
605 2399 882 2455 divertam
906 2441 921 2465 ,
972 2402 1121 2472 quod
1150 2402 1388 2459 ulterius
1416 2404 1641 2462 desinas
1677 2408 1853 2463 Deum

242 2488 499 2547 Verbum
529 2508 762 2563 passum
794 2508 964 2549 carne
993 2509 1270 2561 asserere,
1298 2498 1556 2566 quamvis
1595 2514 1725 2555 caro
1753 2500 1853 2556 Dei

239 2584 321 2638 sit
353 2599 545 2654 passa,
580 2600 709 2656 qua
738 2600 849 2639 non
889 2586 967 2639 ita
994 2585 1205 2641 dicitur
1238 2602 1443 2657 corpus
1478 2590 1599 2655 Dei,
1646 2599 1707 2646 ut
1749 2593 1857 2649 Ec-

236 2674 443 2736 clesia,
483 2688 591 2728 nec
637 2673 717 2728 ita
744 2683 809 2729 ut
855 2675 1017 2745 panis
1078 2675 1174 2731 ille
1205 2691 1371 2746 quem
1415 2678 1473 2732 in
1530 2681 1855 2737 memoriam

240 2765 535 2835 passionis
566 2765 783 2821 Christi
813 2768 1113 2838 participat
1141 2768 1399 2825 universa
1432 2771 1681 2827 Ecclesia
1712 2791 1727 2828 :
1759 2774 1857 2830 sed

238 2855 344 2909 Dei
370 2854 451 2909 ita
499 2854 718 2909 dicitur
764 2871 992 2926 corpus,
1040 2867 1103 2912 ut
1154 2858 1390 2930 alicujus
1430 2862 1676 2920 hominis
1722 2882 1859 2935 pro-

236 2948 433 3016 prium
469 2988 485 3009 ,
560 2963 678 3017 quo
738 2948 972 3005 indutus
1046 2950 1209 3022 556
1273 2961 1359 3008 est
1414 2954 1857 3025 vestimentum,

238 3039 393 3106 quod
423 3055 557 3094 cum
590 3040 663 3094 ab
699 3041 889 3111 aliquo
911 3042 1147 3098 scissum
1176 3044 1368 3111 fuerit,
1396 3045 1601 3119 injuria
1628 3048 1698 3104 ad
1728 3066 1859 3105 eum

242 3128 495 3183 refertur
542 3128 647 3199 qui
680 3129 740 3183 in
769 3129 893 3200 ipso
930 3130 1161 3188 indutus
1199 3142 1304 3189 est.
1356 3134 1677 3192 Secundum
1710 3139 1855 3196 hanc

244 3222 417 3293 igitur
451 3222 744 3279 rationem
787 3222 923 3279 facit
971 3225 1121 3281 Deus
1175 3229 1425 3299 corporis
1471 3230 1560 3286 sui
1597 3234 1857 3303 proprias

246 3331 571 3386 passiones.

318 3409 381 3464 C.
410 3409 575 3465 Facit
598 3424 735 3480 ergo
763 3410 1022 3480 proprias
1056 3411 1203 3467 Deus
1254 3413 1441 3469 carnis
1492 3430 1607 3471 sua
1637 3417 1858 3487 passio-

246 3515 348 3555 nes
397 3500 722 3555 secundum
764 3500 1094 3556 relationem
1119 3544 1134 3568 ,
1185 3518 1297 3557 non
1321 3505 1630 3560 secundum
1667 3523 1857 3562 veram

246 3603 306 3647 et
339 3593 601 3647 intimam
632 3594 1040 3663 proprietatem
1065 3612 1079 3647 :
1113 3604 1169 3649 et
1198 3599 1474 3666 quomodo
1500 3598 1701 3655 fecisse
1725 3616 1860 3671 pro-

249 3686 401 3755 prias
437 3687 594 3741 Deus
627 3688 821 3742 carnis
854 3703 971 3743 sua
998 3689 1289 3759 passiones
1317 3692 1654 3761 praedicatur
1694 3709 1724 3748 a
1756 3710 1860 3749 vo-

253 3777 340 3831 bis
361 3779 459 3848 qui
486 3795 604 3833 non
630 3780 943 3835 secundum
972 3783 1394 3852 proprietatem,
1420 3785 1515 3840 sed
1549 3787 1859 3841 secundum

254 3869 589 3924 relationem
630 3869 771 3925 facit
814 3873 1003 3928 carnis
1051 3890 1165 3929 sua
1215 3877 1474 3945 proprias
1518 3878 1863 3947 passiones?

255 3960 430 4027 Quam
483 3972 677 4017 autem
730 3966 1131 4035 pr0prietatem
1186 3976 1369 4037 potest
1427 3970 1635 4025 habere
1687 3971 1864 4027 vesti-

256 4064 508 4109 mentum
542 4056 616 4111 ad
649 4072 782 4111 eum
834 4058 931 4127 qui
984 4060 1105 4129 ipso
1132 4069 1218 4114 est
1252 4061 1503 4125 indutus,
1558 4078 1685 4117 cum
1718 4063 1861 4119 nihil

257 4149 540 4218 peuineat
567 4149 643 4204 ad
673 4152 799 4221 ejus
829 4151 1199 4207 substantiam
1225 4154 1249 4206 ?
1293 4153 1484 4224 Neque
1541 4155 1690 4209 enim
1732 4171 1861 4210 cum

258 4240 562 4297 deﬁnimus
591 4244 732 4313 quid
766 4244 841 4298 sit
884 4245 1073 4310 homo,
1108 4246 1278 4301 etiam
1312 4247 1707 4302 vestimentum
1740 4249 1864 4319 ejus

261 4332 718 4401 complectimur,
768 4333 919 4403 quod
956 4335 1146 4405 utique
1198 4352 1310 4390 non
1359 4337 1612 4408 ejusdem
1643 4346 1865 4393 constat

262 4435 374 4475 esse
400 4422 767 4478 substantia.
816 4424 969 4479 Facit
988 4441 1121 4496 ergo
1147 4426 1290 4481 Deus
1299 4428 1457 4497 juxta
1480 4444 1578 4483 vos
1602 4429 1866 4486 Ecclesia

265 4526 366 4567 sua
396 4512 595 4583 potius
633 4513 912 4583 proprias,
948 4530 1114 4584 quam
1151 4516 1236 4571 sui
1272 4518 1526 4587 corporis
1551 4518 1863 4588 passiones.

1964 664 2135 718 dubio
2167 661 2369 733 injuria
2400 667 2457 715 et
2486 658 2638 713 illius
2668 657 2855 728 passio
2902 656 3164 713 credatur
3185 672 3331 724 esse,
3381 661 3543 731 cujus

1962 771 2092 812 caro
2126 770 2224 810 seu
2250 751 2643 809 vestimentum
2672 758 2778 804 est.

2578 859 2731 915 CAP.
2762 857 2903 914 XIV.

2032 978 2099 1035 N.
2129 979 2199 1034 Et
2214 977 2440 1033 ubinam
2465 990 2670 1046 corpus
2692 972 2793 1029 Dei
2818 971 2989 1030 Verbi
3012 973 3070 1028 in
3091 969 3399 1043 Scripturis
3413 985 3540 1026 san—

1960 1074 2065 1129 ctis
2086 1072 2269 1142 legisti
2295 1070 2617 1135 Ecclesium,
2637 1077 2826 1125 etnon
2853 1068 3040 1138 potius
3076 1082 3277 1138 corpus
3303 1066 3547 1123 Christi?

2031 1163 2094 1220 C.
2112 1163 2225 1219 Hac
2244 1163 2549 1219 assertione
2572 1173 2687 1227 tua,
2715 1161 2951 1216 alterum
2978 1160 3111 1215 facis
3132 1160 3413 1216 Christum
3431 1201 3447 1227 ,
3468 1160 3551 1215 al-

1963 1264 2143 1311 terum
2171 1255 2345 1312 Deum
2357 1254 2601 1309 Verbum
2619 1271 2634 1308 :
2651 1251 2801 1323 quod
2821 1251 2992 1307 sinon
3015 1261 3101 1307 est
3113 1252 3253 1306 alter
3268 1250 3544 1314 Christus,

1960 1349 2101 1403 alter
2126 1348 2272 1403 Deus
2297 1345 2560 1411 Verbum,
2581 1344 2677 1401 sed
2693 1346 2839 1400 Deus
2863 1343 3108 1399 Verbum
3136 1343 3253 1413 ipse
3274 1349 3361 1398 est
3387 1340 3551 1397 Chri-

1961 1449 2100 1506 stus,
2123 1438 2478 1495 sicutdicitur
2504 1434 2925 1507 corpusChristi
2942 1434 3213 1499 Ecclesia,
3231 1435 3306 1489 ita
3342 1433 3548 1488 dicitur

1960 1547 2164 1602 corpus
2198 1531 2291 1587 Dei
2311 1530 2500 1586 Verbi.
2530 1530 2737 1585 Verum
2776 1529 2823 1584 si
2855 1542 3059 1598 corpus
3084 1526 3291 1583 Christi
3328 1543 3438 1581 non
3463 1534 3550 1581 est

1961 1639 2163 1696 corpus
2186 1625 2284 1680 Dei
2301 1623 2489 1690 Verbi,
2517 1622 2796 1694 quomodo
2824 1620 3011 1677 dixisti
3036 1620 3294 1691 superius
3324 1634 3546 1675 carnem

1960 1718 2057 1774 Dei
2090 1716 2350 1788 passam?

2029 1810 2097 1864 N.
2120 1809 2355 1865 Carnem
2372 1808 2468 1864 Dei
2490 1807 2603 1863 dixi
2623 1822 2863 1879 passam,
2890 1822 3000 1861 non
3021 1815 3206 1860 autem
3233 1803 3332 1860 Dei
3358 1801 3549 1869 Verbi,

1960 1902 2090 1972 quia
2132 1902 2276 1956 Deus
2298 1908 2383 1955 est
2410 1900 2625 1955 honore
2668 1908 2726 1955 et
2769 1896 3039 1969 dignitate
3068 1895 3347 1961 Christus,
3390 1895 3550 1966 cujus

1959 2007 2180 2047 carnem
2225 1990 2339 2046 dixi
2388 2006 2632 2061 passam,
2684 1998 2914 2060 propter
2950 1988 3357 2043 inhabitantem
3398 1987 3456 2042 in
3490 2003 3550 2042 se

1959 2086 2133 2142 Deum
2168 2085 2430 2140 Verbum.
2468 2083 2608 2139 Hinc
2640 2083 2882 2146 denique
2909 2088 2967 2136 et
2994 2082 3167 2136 Deum
3199 2080 3397 2151 negavi
3418 2094 3547 2149 pas-

1958 2192 2104 2241 sum,
2135 2185 2193 2231 et
2229 2184 2414 2231 tamen
2447 2189 2673 2230 carnem
2695 2172 2793 2228 Dei
2826 2186 3042 2242 passam
3076 2168 3364 2226 confessus
3402 2184 3550 2224 sum.

2028 2268 2091 2325 C.
2122 2269 2245 2324 Non
2265 2276 2352 2324 est
2378 2282 2510 2339 ergo
2533 2267 2681 2322 Deus
2699 2280 2869 2321 verus
2889 2261 3167 2326 Christus,
3197 2260 3293 2315 sed
3328 2267 3554 2329 propter

1960 2360 2360 2415 inhabitantem
2384 2357 2441 2413 in
2474 2372 2535 2412 se
2562 2355 3008 2419 DeumVerbum,
3039 2348 3554 2420 honore,dignitate

1960 2468 2056 2509 seu
2081 2452 2267 2523 potius
2311 2450 2539 2505 nomine
2580 2456 2795 2503 tantum
2851 2444 3158 2502 secundum
3206 2457 3308 2497 vos
3347 2440 3553 2495 dicitur

1961 2544 2108 2599 Deus
2138 2559 2154 2595 :
2186 2548 2245 2597 et
2274 2540 2552 2612 quomodo
2578 2539 2685 2595 hoc
2708 2554 2822 2593 non
2845 2545 2931 2593 est
2962 2533 3307 2592 contrarium
3324 2531 3405 2588 illi
3428 2545 3554 2586 sen-

1964 2635 2148 2692 tentia
2168 2633 2397 2690 Joannis
2422 2631 2680 2703 apostoli,
2705 2646 2814 2702 qua
2851 2628 2989 2685 dicit
3025 2646 3038 2684 :
3075 2626 3287 2684 Scimus
3311 2625 3435 2697 quia
3462 2639 3555 2679 ve-

1965 2731 2041 2784 nit
2065 2728 2230 2783 Filius
2257 2727 2369 2793 Dei,
2400 2735 2450 2780 et
2480 2726 2621 2780 dedit
2648 2725 2795 2781 nobis
2841 2740 3053 2779 sensum
3082 2729 3140 2777 ut
3180 2733 3557 2792 cognoscamus

1966 2820 2135 2876 Deum
2156 2824 2359 2885 verum,
2386 2828 2434 2873 et
2457 2819 2620 2873 simus
2639 2818 2695 2872 in
2719 2833 2842 2872 vero
2866 2815 3000 2870 Filio
3037 2812 3285 2886 ejusJesu
3311 2809 3556 2874 Christo;

1965 2912 2046 2965 hic
2078 2918 2153 2965 est
2202 2908 2347 2964 Deus
2373 2924 2527 2963 verus
2567 2915 2615 2961 et
2636 2907 2745 2962 vita
2766 2913 2967 2961 aeterna
2992 2904 3057 2958 ¹¹.

2034 2999 2104 3055 Ν.
2129 2998 2187 3054 Si
2210 3014 2324 3053 non
2369 3005 2595 3068 propter
2626 2997 2896 3051 honorem
2938 3003 2997 3050 et
3033 2992 3362 3062 dignitatem
3395 2988 3557 3044 inha-

1966 3092 2196 3149 bitantis
2235 3092 2333 3146 Dei
2364 3090 2531 3146 Verbi
2560 3090 2734 3144 Deum
2766 3087 2975 3143 dixeris
3008 3085 3311 3147 Christum,
3368 3082 3552 3137 visum

1970 3185 2217 3257 profecto
2239 3192 2298 3239 et
2322 3190 2727 3238 contrectatam
2762 3179 2901 3235 facis
2919 3179 2988 3233 ab
3016 3176 3337 3232 hominibus
3355 3175 3551 3230 Deum.

2605 3293 2756 3350 CAP.
2792 3291 2911 3346 XV.

2028 3407 2090 3464 C.
2122 3406 2178 3463 Si
2206 3422 2315 3461 non
2346 3414 2431 3461 est
2451 3404 2610 3459 visus
2652 3412 2709 3458 et
2736 3407 3114 3458 contrectatus
3142 3399 3210 3453 ab
3234 3395 3557 3453 hominibus

1959 3502 2126 3566 Deus,
2154 3498 2433 3570 quomodo
2462 3498 2600 3553 dicit
2639 3496 2785 3551 idem
2830 3495 3073 3550 Joannes
3107 3509 3119 3545 :
3155 3492 3307 3558 Quod
3347 3491 3447 3561 fuit
3488 3490 3556 3545 ab

1960 3592 2132 3655 initio,
2164 3589 2305 3661 quod
2331 3588 2654 3652 audivimus,
2703 3585 2844 3657 quod
2872 3584 3098 3639 vidimus
3136 3582 3301 3637 oculis
3340 3581 3556 3648 nostris,

1961 3693 2009 3737 et
2036 3682 2416 3753 perspeximus,
2435 3688 2483 3735 et
2512 3697 2705 3734 manus
2728 3686 2924 3734 nostra
2954 3680 3320 3729 tractaverunt
3341 3672 3406 3726 de
3428 3671 3557 3728 Ver-

1962 3776 2024 3830 bo
2043 3776 2182 3838 vita,
2205 3782 2253 3828 et
2280 3775 2388 3828 vita
2405 3773 2771 3843 manifestata,
2800 3779 2849 3825 et
2876 3770 3122 3832 vidimus,
3138 3775 3187 3821 et
3204 3775 3481 3831 testamur,
3505 3771 3557 3819 et

1967 3869 2353 3923 annuntiamus
2394 3865 2538 3920 nobis
2565 3866 2734 3920 vitam
2755 3872 3037 3926 aeternam,
3082 3876 3202 3933 qua
3259 3868 3376 3915 erat
3408 3859 3555 3931 apud

1966 3960 2205 4023 Patrem,
2237 3968 2287 4011 et
2308 3960 2561 4030 apparuit
2608 3957 2754 4012 nobis
2784 3958 2875 4011 "?
2903 3957 3173 4012 Percurre
3212 3954 3428 4025 singula
3455 3994 3471 4020 ,
3498 3963 3557 4010 et

1967 4054 2092 4110 vide
2118 4053 2298 4108 visum
2328 4059 2384 4107 et
2414 4058 2821 4107 contrectatum
2869 4048 2938 4103 ab
2988 4045 3311 4102 hominibus
3356 4046 3555 4101 Deum.

1966 4146 2218 4216 Denique
2261 4143 2507 4199 Verbum
2539 4144 2688 4207 vita,
2739 4141 2891 4212 quod
2930 4140 3039 4196 fuit
3075 4139 3144 4195 ab
3201 4138 3359 4193 initio
3409 4137 3555 4207 apud

1967 4240 2210 4300 Patrem,
2244 4236 2394 4308 quod
2432 4252 2497 4291 ex
2526 4236 2647 4307 lege
2670 4243 2728 4290 et
2745 4234 3037 4304 prophetis
3060 4232 3355 4287 audierunt
3377 4232 3558 4285 visum

1968 4340 2025 4387 et
2068 4338 2423 4402 perspectum
2456 4328 2637 4384 oculis
2686 4327 2840 4393 suis,
2900 4325 3255 4396 propriisque
3300 4322 3558 4377 manibus

1969 4428 2375 4477 contrectatum
2402 4417 2732 4475 testificatur
2784 4425 2972 4472 tantus
3020 4414 3324 4485 apostolus.
3370 4413 3440 4467 Et
3485 4427 3558 4467 ne

1969 4513 2118 4567 aliud
2153 4511 2394 4567 Verbum
2416 4518 2617 4581 prater
2647 4508 2703 4563 id
2737 4508 2887 4579 quod
2913 4517 2999 4563 est
3028 4509 3174 4562 Deus
3197 4505 3343 4576 apud
3358 4506 3555 4569 Deum,

268 4601 347 4657 Illa
379 4604 541 4659 enim
573 4619 784 4674 corpus
823 4606 919 4660 Dei
965 4606 1193 4672 dicitur,
1252 4609 1383 4678 quia
1428 4610 1865 4665 communicavit
1899 4636 1942 4691 ο
1970 4605 2205 4675 quilibet
2246 4603 2429 4657 visum
2471 4609 2530 4655 et
2556 4607 2970 4655 contrectatum
3004 4606 3249 4655 tentaret
3278 4612 3553 4660 asserere,

270 4693 400 4749 [lens
428 4696 594 4749 carni
618 4704 676 4749 et
708 4698 1058 4768 sanguini,et
1086 4710 1253 4770 caput
1272 4701 1450 4757 factus
1477 4711 1561 4757 est
1581 4703 1860 4759 Ecclesia.

268 4784 509 4840 Ecclesia
539 4803 682 4841 vero
710 4804 811 4857 per
843 4788 1006 4845 ﬁdem
1040 4806 1236 4847 rursus
1268 4793 1546 4864 particeps
1575 4796 1697 4865 ejus
1741 4794 1861 4849 suf-

268 4878 467 4941 ficitur,
498 4880 836 4948 accipiendo
866 4880 1133 4951 Spiritum
1159 4893 1434 4940 sanctum.
1470 4885 1515 4940 A
1555 4886 1721 4941 vobis
1759 4902 1864 4941 au-

265 4977 364 5022 tem
398 4986 618 5038 corpus
665 4971 764 5025 Dei
807 4972 981 5026 instar
1019 4975 1269 5029 creditur
1299 4975 1615 5030 vestimenti
1648 5017 1662 5041 ,
1709 4976 1861 5047 quod

268 5063 391 5117 nihil
426 5061 505 5116 ad
533 5062 856 5117 divinitatis
887 5065 973 5118 vel
1028 5066 1216 5121 carnis
1259 5067 1381 5136 ejus
1425 5075 1682 5122 naturam
1729 5084 1860 5138 per-

246 5202 251 5227 ,
270 5151 437 5206 linere
463 5150 757 5205 videatur.
782 5152 954 5209 Isaias
975 5165 1159 5210 autem
1181 5158 1573 5212 vestimentum
1596 5159 1694 5213 Dei
1723 5158 1862 5213 nihil

273 5241 402 5296 aliud
434 5242 740 5312 pradicat,
776 5245 887 5299 nisi
918 5259 1144 5301 carnem
1170 5248 1292 5313 Dei,
1326 5248 1518 5304 dicens
1552 5266 1565 5302 :
1601 5248 1729 5314 Quis
1764 5251 1865 5304 iste

274 5338 328 5382 est
346 5333 443 5400 qui
470 5333 622 5385 venit
648 5348 714 5385 ex
742 5332 938 5399 Edam,
981 5335 1277 5391 rubicunda
1312 5346 1450 5392 veste
1479 5355 1543 5393 ex
1565 5338 1757 5394 Bostra
1785 5340 1867 5393 ὀἳ

266 5420 409 5489 Quod
473 5424 524 5477 si
585 5432 648 5478 et
690 5433 750 5478 tu
799 5426 1200 5483 vestimentum
1230 5430 1364 5495 Dei,
1410 5430 1551 5486 nihil
1606 5432 1869 5503 intelligis

264 5516 358 5569 nisi
387 5531 631 5571 carnem
657 5516 779 5581 Dei,
812 5528 1071 5588 superest
1119 5528 1181 5575 ut
1222 5521 1338 5576 sive
1403 5521 1729 5576 scissionem
1772 5538 1870 5577 ve-

269 5606 530 5671 stimenti,
565 5608 689 5661 sive
733 5609 1025 5677 passiones
1069 5612 1253 5665 carnis
1300 5611 1367 5666 ad
1396 5628 1537 5667 eum
1574 5614 1828 5668 retuleris
1856 5655 1872 5679 ,

332 5816 373 5848 "
421 5819 546 5872 Act.
600 5835 676 5881 Ix,
726 5822 781 5874 4.

864 5820 906 5851 "
944 5820 963 5873 l
999 5818 1126 5874 Cor.
1163 5834 1254 5881 xu,
1291 5822 1383 5876 9.7.
1457 5822 1503 5853 ²⁹
1539 5822 1639 5876 Isa.
1676 5840 1821 5883 Lxm,
1868 5824 1915 5876 l.

1969 4712 2096 4751 mox
2122 4696 2374 4766 sequitur
2407 4709 2419 4745 :
2463 4692 2535 4747 Et
2560 4693 2692 4756 vita,
2726 4691 2930 4761 inquit,
2980 4691 3333 4761 manifestata
3360 4696 3461 4750 est,
3506 4696 3559 4741 et

1964 4788 2211 4851 vidimus,
2234 4793 2282 4840 et
2334 4790 2613 4848 testamur,
2667 4791 2719 4836 et
2773 4784 3157 4836 annuntiamus
3204 4780 3345 4836 vobis
3394 4766 3559 4834 vitam

1965 4888 2246 4943 teternam,
2283 4893 2402 4948 qua:
2440 4884 2555 4929 erat
2587 4874 2733 4945 apud
2764 4873 2982 4929 Patrem
3004 4882 3053 4928 et
3097 4873 3348 4945 apparuit
3386 4871 3553 4925 nobis.

2034 4970 2102 5025 N.
2131 4968 2395 5025 Mentitur
2424 4982 2555 5038 ergo
2586 4967 2704 5036 ipse
2744 4965 3011 5020 Dominus
3036 5005 3051 5029 ,
3106 4964 3302 5019 dicens
3339 4979 3354 5017 :
3383 4961 3554 5015 Deum

1966 5080 2120 5119 nemo
2143 5063 2270 5117 vidit
2292 5077 2529 5132 unquam
2546 5060 2628 5113 "?
2654 5059 2723 5114 Et
2745 5058 3042 5128 Apostolus
3064 5058 3298 5127 loquens
3319 5053 3388 5109 de
3406 5052 3554 5105 beo:

1970 5154 2136 5221 Quem
2168 5170 2320 5207 nemo
2346 5193 2360 5218 ,
2416 5152 2621 5222 inquit,
2656 5153 2935 5206 hominum
2961 5150 3113 5214 vidit,
3144 5148 3235 5203 sed
3260 5163 3355 5201 nec
3383 5144 3550 5199 videri

1973 5254 2139 5317 potest
2166 5244 2234 5299 “.
2268 5246 2337 5300 Et
2365 5245 2433 5300 ad
2484 5245 2723 5316 Moysem
2776 5242 2913 5297 dicit
2956 5242 3104 5296 Deus
3134 5259 3147 5294 :
3176 5238 3343 5294 Nemo
3384 5241 3553 5317 potest

1967 5338 2141 5394 videre
2172 5339 2360 5409 faciem
2388 5354 2584 5402 meam,
2624 5345 2673 5392 et
2700 5336 2871 5391 vivere
2903 5336 2971 5390 “.

2039 5430 2100 5486 C.
2143 5430 2198 5485 Si
2228 5446 2336 5485 non
2368 5437 2453 5484 est
2481 5430 2628 5484 Deus
2677 5428 2773 5499 qui
2805 5428 2958 5481 visus
2981 5432 3088 5487 est,
3117 5418 3399 5492 quomodo
3435 5416 3554 5486 ipse

1971 5522 2148 5577 dicit:
2181 5522 2315 5576 Ecce
2360 5522 2451 5591 qui
2493 5520 2766 5591 loquebar,
2808 5520 2997 5572 adsum
3020 5516 3104 5581 ²⁶·;
3147 5519 3202 5567 et
3232 5508 3499 5580 propheta
3535 5528 3547 5561 :

1980 5614 2117 5668 Deus
2139 5614 2413 5684 manifeste
2435 5615 2601 5668 veniet
2631 5630 2649 5667 :
2688 5612 2824 5665 Deus
2850 5618 3048 5675 noster,
3072 5615 3121 5661 et
3150 5623 3254 5660 non
3282 5603 3452 5658 silebit
3472 5601 3557 5657 "’?

2018 5826 2056 5854 ἰ
2101 5824 2119 5876 I
2165 5824 2320 5878 .Inan.
2365 5841 2416 5882 ν,
2472 5825 2563 5878 20.
2666 5824 2711 5852 ”
2748 5820 2767 5874 1
2804 5818 2963 5875 Joan.
3003 5819 3117 5883 l,l,
3162 5817 3219 5872 ἓ.
3292 5816 3341 5849 ⁸³
3390 5815 3552 5872 Joan.

277 5887 434 5954 1,18;
472 5888 685 5945 lJoan.
741 5907 816 5957 tv,
880 5890 968 5945 12.
1049 5890 1092 5922 ’⁸
1132 5891 1151 5945 Ι
1202 5891 1346 5947 Tim.
1377 5908 1449 5946 vt.
1480 5892 1562 5947 16.
1641 5894 1685 5925 ’⁵
1736 5894 1860 5949 Ειιοι

1964 5911 2141 5964 xxxm,
2193 5895 2285 5950 20.
2360 5894 2407 5925 ’⁸
2445 5894 2549 5949 tsa.
2590 5908 2677 5955 LII,
2716 5890 2768 5945 6.
2848 5890 2889 5921 "
2935 5889 3079 5945 Psal.
3124 5885 3339 5956 xux,3.
