4146 6434
676 425 773 491 147

1886 414 2206 477 JOANNIS
2242 412 2623 479 ΜΑΧΕΝΤΙῙ

3818 423 3917 489 148

745 548 807 599 Ν.
835 543 1122 600 Contraria
1177 554 1307 609 ergo
1362 534 1691 604 sibimetipsi
1735 532 1892 603 loqui
1961 531 2239 588 credenda
2268 528 2315 584 A
2341 535 2601 589 inhabitat
2623 536 2791 590 omnis
2831 534 3101 607 plenitudo
3134 536 3426 589 divinitatis
3473 535 3822 607 corporaliter
3850 540 3913 593 ³³.

671 647 755 692 est
786 636 1068 705 Scriptum
1099 630 1333 686 divina?

738 726 800 782 C.
819 726 937 780 Non
957 731 1041 779 est
1062 722 1344 791 Scriptura
1360 718 1544 773 divina
1564 714 1668 771 sibi
1687 714 1791 786 ipsi
1808 714 2083 770 contraria
2104 711 2251 783 apud

670 834 766 872 eos
795 817 889 886 qui
909 830 1029 870 eam
1061 814 1150 884 pie
1186 812 1527 881 intelligunt,
1579 808 1677 863 sed
1720 807 2083 863 illis.videtur
2112 822 2249 861 con-

671 908 839 962 traria
859 906 955 975 qui
980 904 1242 959 hmretico
1264 901 1483 971 decepti
1508 900 1708 969 spiritu
1735 914 1844 953 non
1875 904 2108 966 possunt
2129 910 2252 967 qua:

668 1014 799 1051 vera
833 1003 961 1051 sunt
993 1010 1208 1065 sapere.
1238 993 1375 1047 Nam
1405 992 1534 1061 quia
1562 1004 1727 1045 nemo
1758 990 2046 1060 corporeis
2071 990 2251 1045 oculis

668 1098 852 1160 potest
880 1088 1071 1143 videre
1096 1096 1352 1141 naturam
1383 1084 1716 1149 divinitatis,
1743 1100 1865 1154 qua:
1912 1083 2105 1153 utique
2136 1098 2248 1137 non

668 1190 754 1237 est
782 1196 984 1251 corpus
1008 1222 1023 1245 ,
1058 1180 1153 1235 sed
1188 1179 1442 1250 spiritus,
1477 1177 1684 1231 dictum
1724 1186 1810 1232 est
1842 1193 1855 1228 :
1890 1176 2058 1229 Deum
2097 1191 2249 1227 nemo

668 1275 797 1328 vidit
855 1281 1216 1344 unquam;et
1274 1271 1493 1325 :Nemo
1541 1271 1679 1325 videt
1738 1270 1926 1339 faciem
1982 1279 2249 1332 meam,et

668 1368 822 1419 vivet.
878 1366 1112 1429 Rursus,
1135 1363 1265 1433 quia
1298 1363 1569 1417 videndus
1618 1369 1766 1416 esset
1816 1361 1887 1415 ab
1932 1360 2250 1414 hominibus

672 1458 816 1511 Deus
870 1456 926 1510 in
975 1466 1255 1524 assumpta
1307 1470 1475 1509 carne
1526 1454 1690 1507 docet
1731 1452 2102 1522 praefiguratio
2156 1452 2249 1505 illa

669 1549 811 1602 facta
843 1548 908 1602 ad
944 1548 1149 1614 Jacob;
1182 1547 1425 1616 denique
1470 1561 1594 1600 cum
1638 1545 1865 1598 homine
1912 1544 2248 1598 colluctatur

672 1640 728 1692 in
760 1640 972 1693 visione
1008 1639 1149 1692 idem
1176 1638 1370 1691 beatus
1393 1637 1727 1707 patriarcha,
1750 1645 1807 1691 et
1832 1636 2157 1690 benedictus
2180 1636 2249 1690 ab

670 1746 737 1783 eo
772 1729 905 1784 dicit
931 1748 943 1783 :
977 1729 1090 1783 Vidi
1107 1728 1275 1781 Deum
1305 1728 1438 1797 facie
1460 1727 1529 1780 ad
1558 1728 1827 1795 faciem,et
1842 1724 1989 1780 salva
2015 1726 2157 1796 facta
2175 1736 2249 1779 est

2418 628 2481 683 C.
2522 628 2927 683 Plenitudinem
2962 629 3270 683 divinitatis
3308 628 3653 684 habitantem
3674 632 3731 685 in
3758 630 3915 686 Chri-

2350 730 2437 778 sto
2466 722 2599 792 quid
2637 722 2941 792 intelligis?

2421 812 2486 867 N.
2528 812 2721 867 Totam
2752 812 2944 882 procul
2978 812 3149 867 dubio
3180 812 3529 869 Trinitatem.

2964 918 3116 973 CAP.
3158 918 3301 973 XVI.

2418 1011 2480 1067 C.
2519 1011 2758 1078 Quartus
2804 1026 2935 1082 ergo
2974 1011 3086 1082 jam
3130 1008 3385 1065 Christus
3414 1018 3521 1075 est,
3568 1009 3626 1065 in
3666 1024 3777 1081 quo
3809 1018 3917 1068 tota

2351 1105 2624 1160 inhabitat
2660 1105 2903 1160 Trinitas
2927 1105 2951 1157 ἲ

2418 1199 2485 1253 Ν.
2524 1198 2667 1269 Ergo
2700 1198 3020 1253 mendaeem
3046 1196 3278 1252 facimus
3311 1195 3543 1251 Paulum
3576 1196 3672 1267 qui
3702 1196 3809 1252 hoc
3832 1212 3919 1253 as-

2351 1290 2486 1345 serit
2521 1290 2545 1343 ?

2418 1380 2479 1435 C.
2510 1382 2627 1435 Non
2664 1388 2748 1434 est
2781 1380 3015 1435 mendax
3046 1380 3271 1445 Paulus,
3299 1378 3428 1449 quia
3459 1394 3572 1434 non
3596 1378 3917 1434 Trinitatem

2350 1472 2487 1527 dicit
2522 1472 2577 1525 in
2627 1472 2849 1526 Christo
2876 1472 3211 1538 inhabitare,
3243 1488 3368 1527 cum
3390 1470 3672 1527 Christum
3706 1472 3915 1527 nesciat

2350 1573 2672 1619 extraneum
2723 1579 2753 1617 a
2788 1563 3078 1617 Trinitate.

2419 1656 2485 1710 Ν.
2511 1656 2564 1710 Si
2592 1672 2703 1710 non
2733 1656 3004 1710 inhabitat
3022 1656 3076 1709 in
3103 1655 3323 1711 Christo
3346 1656 3611 1721 Trinitas,
3646 1657 3917 1725 quomodo

2351 1748 2406 1801 in
2438 1746 2657 1800 Christo
2701 1747 2881 1800 omnis
2926 1746 3218 1816 plenitudo
3265 1746 3577 1800 divinitatis
3606 1745 3916 1801 inhabitat?

670 1820 849 1871 “"5"”
877 1834 991 1871 me“
1024 1818 1086 1871 ’⁸·
1123 1817 1261 1871 Hinc
1289 1825 1345 1871 εί
1367 1816 1603 1869 Thomas
1634 1815 2245 1928 Ροείβτθδυπθξίίοῖξθφ
2278 1873 2320 1928 Β
2350 1837 2460 1891 Aut
2512 1837 2660 1891 enim
2708 1853 2821 1891 non
2870 1815 3142 1892 inhabitat
3187 1838 3474 1906 plenitudo
3523 1838 3829 1894 divinitatis
3863 1839 3915 1892 in

667 1910 884 1963 Domini
919 1910 1145 1979 palpans
1187 1918 1245 1963 et
1270 1916 1626 1964 contrectans
1656 1907 1963 1977 perfossum
1992 1907 2238 1961 Domini-

666 2019 791 2056 cum
816 2003 977 2065 latus,
997 2002 1266 2056 exclamat
1291 2018 1303 2053 :
1332 2000 1584 2054 Dominus
1612 2016 1756 2053 meus
1778 2008 1827 2053 et
1850 1999 1984 2053 Deus
2004 2016 2149 2053 meus
2173 2001 2240 2055 '9.

738 2092 799 2147 N.
830 2094 1083 2157 Multum,
1132 2094 1266 2147 licet
1299 2093 1517 2156 nolens,
1568 2092 1775 2146 nostris
1823 2092 2073 2161 partibus
2114 2108 2243 2161 pro-

662 2187 836 2241 fuisti.
890 2186 1047 2249 Nam,
1087 2202 1212 2239 cum
1258 2185 1447 2239 divina
1475 2194 1669 2238 natura
1714 2199 1825 2237 non
1875 2184 1948 2238 sit
1998 2200 2241 2255 corpus,

663 2280 759 2335 scd
814 2278 1084 2349 spiritus,
1129 2278 1274 2332 sicut
1319 2285 1375 2330 tu
1407 2292 1628 2346 quoque
1662 2274 1947 2345 professus
1994 2292 2087 2341 es,
2122 2292 2245 2346 qua:

661 2378 859 2425 natura
906 2370 1021 2424 visa
1064 2368 1150 2422 vel
1184 2366 1443 2422 confossa
1490 2367 1565 2421 sit
1597 2367 1917 2437 ambiguum
1968 2383 2077 2421 non
2111 2378 2197 2421 est
2228 2385 2242 2432 ;

662 2459 1047 2515 dubitantibus
1073 2473 1313 2527 namque
1340 2457 1408 2511 de
1444 2472 1502 2511 se
1534 2456 1843 2526 discipulis,
1877 2456 2022 2511 idem
2065 2458 2249 2512 Domi-

662 2568 804 2607 nus:
836 2550 1083 2621 Palpate,
1118 2549 1327 2619 inquit,
1367 2556 1417 2601 et
1451 2550 1619 2602 videte
1652 2589 1666 2613 ,
1718 2551 1843 2619 quia
1868 2550 2085 2619 spiritus
2129 2566 2247 2604 ossa

663 2653 712 2696 et
742 2660 957 2697 carnem
980 2660 1085 2696 non
1105 2643 1280 2707 habet,
1300 2643 1436 2696 sicut
1459 2658 1542 2695 me
1579 2642 1972 2697 videtis-habere
2008 2643 2075 2695 ³ο.
2098 2642 2245 2707 Qua-

661 2742 889 2805 pmpter
918 2732 1069 2788 visus
1094 2742 1150 2788 et
1174 2734 1430 2803 palpatus
1456 2739 1541 2786 est
1580 2733 1847 2787 Dominus
1891 2732 2054 2787 Jesus
2084 2731 2247 2787 Chri-

662 2835 801 2890 stus,
832 2825 925 2894 qui
950 2823 1241 2879 confossus
1261 2832 1367 2890 est,
1398 2839 1565 2894 quem
1594 2839 1719 2879 cum
1751 2824 2068 2894 agnovisset
2110 2839 2244 2893 apo-

664 2914 838 2969 stolus
888 2924 1013 2984 post
1066 2915 1554 2982 resurrectionem,
1609 2915 1883 2970 exclamat
1931 2923 1988 2970 et
2054 2915 2240 2971 dicit:

662 3006 922 3060 Dominus
950 3024 1096 3062 meus
1125 3018 1173 3063 et
1198 3008 1334 3063 Deus
1369 3025 1512 3062 meus
1537 3008 1555 3061 !
1589 3008 1726 3063 Hinc
1754 3008 2043 3064 evidenter
2074 3023 2245 3078 appa-

663 3109 749 3154 ret
793 3116 904 3155 non
931 3117 1053 3157 esse
1084 3103 1255 3157 Deum
1276 3104 1463 3158 Jesum
1481 3103 1785 3167 Christum,
1807 3117 1971 3172 quem
1995 3118 2061 3157 ex
2089 3118 2241 3156 mor-

2347 1927 2587 1991 Christo,
2624 1927 2669 1981 si
2714 1944 2823 1981 non
2868 1928 3145 1982 inhabitat
3184 1928 3236 1981 in
3262 1918 3482 1982 Christo
3508 1928 3751 1983 Trinitas
3782 1946 3797 1982 :
3829 1939 3919 1982 aut

2346 2019 2392 2073 si
2440 2018 2653 2073 habitat
2700 2019 2984 2089 plenitudo
3031 2018 3359 2081 divinitatis,
3415 2019 3605 2087 procul
3655 2019 3829 2074 dubio
3864 2018 3915 2073 in

2344 2110 2566 2166 Christo
2597 2111 2840 2165 Trinitas
2872 2111 3105 2165 habitat.

2415 2202 2476 2259 C.
2519 2204 2588 2258 Et
2612 2204 2825 2258 habitat
2855 2204 3141 2273 plenitudo
3171 2203 3480 2259 divinitatis
3506 2202 3560 2257 in
3589 2203 3838 2269 Christo,
3868 2212 3920 2259 et

2347 2310 2459 2348 non
2492 2295 2765 2350 inhabitat
2799 2297 2855 2349 in
2896 2294 3119 2350 Christo
3161 2294 3423 2359 Trinitas,
3461 2310 3530 2349 ne
3563 2296 3636 2349 sit
3660 2311 3774 2349 non
3804 2295 3920 2349 Tri-

2349 2386 2513 2451 nitas,
2567 2386 2660 2441 sed
2690 2387 3049 2455 quaternitas.
3098 2383 3233 2439 Nam
3261 2402 3409 2449 cum,
3430 2386 3583 2439 nullo
3612 2385 3918 2449 dubitante,

2349 2479 2534 2543 Pater,
2554 2486 2609 2534 et
2632 2478 2824 2543 Filius,
2855 2488 2911 2533 et
2942 2478 3184 2547 Spiritus
3224 2486 3451 2533 sanctus
3478 2478 3551 2533 sit
3581 2478 3843 2542 Trinitas,
3871 2486 3923 2533 et

2350 2570 2474 2624 ideo
2521 2586 2630 2623 non
2673 2570 3000 2624 Trinitatem
3045 2570 3249 2624 Paulus
3277 2570 3333 2624 in
3380 2568 3605 2624 Christo
3651 2569 3818 2624 docet
3846 2570 3923 2623 in-

2350 2662 2619 2727 habitare,
2654 2662 2843 2717 dicens
2870 2678 2883 2716 :
2914 2661 3051 2727 Quia
3075 2664 3131 2715 in
3164 2664 3276 2733 ipso
3309 2663 3580 2716 inhabitat
3612 2664 3786 2717 omnis
3816 2663 3921 2734 ple-

2348 2754 2530 2807 nitudo
2551 2754 2842 2808 divinitatis
2864 2753 3248 2823 corporaliter;
3269 2751 3364 2807 sed
3386 2753 3602 2807 Patrem
3629 2754 3683 2807 in
3708 2752 3923 2808 Christo

2350 2844 2513 2900 docet
2548 2844 2882 2899 inhabitare.

2420 2940 2485 2993 N.
2520 2940 2578 2995 Si
2620 2940 2801 2995 omnis
2851 2938 3137 3009 plenitudo
3179 2939 3489 2995 divinitatis
3549 2938 3811 2992 habitans
3868 2936 3920 2991 in

2349 3032 2573 3088 Christo
2634 3033 2784 3087 solus
2828 3033 2991 3087 Pater
3039 3032 3435 3103 intelligendus
3471 3040 3577 3094 est,
3614 3047 3725 3085 non
3754 3030 3923 3085 relin-

2354 3124 2544 3195 quitur
2594 3122 2734 3176 Filio
2778 3129 2835 3176 et
2884 3120 3115 3191 Spiritui
3164 3131 3375 3187 sancto,
3435 3130 3497 3175 ut
3546 3121 3714 3175 Deus.

664 3192 774 3247 tuis
801 3194 1185 3249 resuscitatum
1207 3196 2090 3261 viditetcontrectavitThomas,
2133 3196 2244 3252 nisi
2271 3227 2314 3287 α
2370 3192 2389 3195 ’
2415 3216 2477 3272 (ι,
2517 3216 2747 3271 plenum
2791 3222 2847 3269 ει
2893 3214 3201 3284 perfectum
3252 3214 3426 3268 Deum
3482 3212 3686 3267 asseris
3725 3210 3921 3273 patris,

661 3294 885 3355 propter
904 3286 1299 3343 iuhabitantem
1328 3288 1379 3343 in
1396 3304 1462 3343 eo
1480 3290 1673 3352 Deum,
1692 3304 1856 3359 quem
1870 3304 2032 3343 nemo
2048 3292 2240 3358 procul

660 3380 835 3434 dubio
856 3380 1143 3436 hominum
1168 3381 1340 3446 videt,
1390 3390 1447 3435 et
1470 3382 1638 3436 vivet.

729 3472 791 3527 C.
825 3473 1151 3530 Nullatenus
1198 3484 1424 3545 propter
1467 3475 1897 3542 inhabitantem,
1926 3486 1988 3531 ut
2015 3477 2238 3542 asseris,

658 3581 786 3620 eum
814 3580 979 3635 quem
1008 3565 1149 3619 vidit
1168 3574 1224 3619 et
1240 3565 1607 3620 contrectavit
1648 3565 1910 3631 Thomas,
1933 3566 2111 3621 Deum
2144 3582 2241 3635 ap-

658 3657 873 3729 pellat,
925 3657 1055 3727 quia
1095 3657 1291 3726 procul
1341 3665 1426 3712 est
1477 3656 1547 3710 ab
1592 3658 1891 3727 apostolica
1938 3657 2044 3712 ﬁde
2095 3657 2241 3713 duos

660 3750 804 3804 ﬁlios
834 3748 1086 3813 credere,
1136 3749 1240 3803 sed
1270 3748 1451 3818 ipsum
1496 3764 1750 3818 prorsus,
1799 3751 1959 3820 cujus
1996 3750 2241 3805 fossuras

659 3841 1044 3905 contrectavit,
1070 3840 1361 3894 Dominum
1383 3848 1441 3895 et
1458 3841 1630 3906 Deum
1657 3856 1818 3894 suum
1836 3856 1959 3896 esse
1977 3848 2237 3907 testatur;

659 3932 1037 4002 apostolorum
1064 3932 1211 3987 enim
1239 3934 1406 3994 Deus,
1434 3947 1548 3987 non
1577 3931 1866 4002 dignitate,
1900 3933 1997 3987 sed
2035 3943 2234 3987 natura

658 4035 742 4080 est
763 4026 926 4080 Deus.
960 4026 1321 4096 Apertissime
1369 4025 1612 4094 denique
1642 4025 1711 4080 de
1752 4040 1820 4080 eo
1868 4026 1964 4096 qui
2001 4027 2154 4081 visus
2183 4038 2240 4083 et

659 4124 1034 4172 contrectatus
1079 4123 1185 4182 est,
1222 4116 1371 4185 quod
1406 4126 1604 4171 natura
1639 4116 1713 4171 sit
1756 4118 1921 4183 Deus,
1972 4118 2239 4175 Jeremias

658 4208 927 4278 propheta
959 4216 1194 4263 testatur
1227 4226 1240 4261 :
1273 4207 1371 4262 Hic
1396 4207 1535 4261 Deus
1556 4215 1755 4273 noster,
1790 4215 1840 4260 et
1870 4225 1973 4262 non
2000 4212 2238 4264 azstima-

659 4307 747 4351 tur
774 4298 913 4352 alter
931 4299 1000 4352 ad
1015 4315 1165 4363 eum;
1186 4299 1276 4369 qui
1298 4299 1496 4352 invenit
1528 4314 1737 4351 omnem
1755 4299 1897 4352 viam
1917 4300 2235 4371 disciplinae,

658 4401 708 4445 et
736 4392 876 4446 dedit
904 4410 1020 4446 eam
1050 4392 1210 4445 Iacob
1239 4407 1402 4461 puere
1431 4407 1548 4454 suo,
1597 4400 1647 4445 et
1677 4390 1852 4445 Israel
1883 4392 2072 4447 dilecto
2116 4412 2233 4449 suo.

654 4486 895 4540 Posthac
930 4487 987 4538 in
1025 4486 1179 4538 terris
1206 4484 1342 4538 visus
1384 4490 1482 4547 est,
1501 4491 1550 4536 et
1566 4500 1684 4536 cum
1700 4484 1994 4539 hominibus
2019 4503 2235 4541 conver-

2344 3324 2415 3363 an
2466 3308 2627 3378 557
2651 3306 3051 3376 perfectionem
3077 3314 3132 3360 et
3156 3305 3561 3376 plenitudinem
3587 3304 3707 3376 ejus
3726 3303 3922 3358 Filium

2343 3410 2400 3455 et
2447 3397 2711 3469 Spiritum
2745 3404 2995 3451 sanetum
3025 3411 3147 3451 esse
3195 3396 3465 3451 testaris?

2413 3491 2477 3546 Ν.
2508 3492 2736 3547 Plenum
2766 3490 2958 3561 procul
2989 3489 3160 3544 dubio
3191 3498 3249 3543 et
3280 3488 3607 3559 perfectum.

2411 3586 2473 3642 C.
2506 3587 2626 3642 Non
2652 3602 2784 3657 ergo
2814 3586 3077 3655 relinquit
3131 3586 3329 3655 plenus
3370 3594 3427 3640 et
3470 3584 3752 3654 perfectus
3784 3583 3921 3638 Deus

2342 3679 2522 3741 Pater,
2547 3686 2608 3731 ut
2630 3677 2701 3731 sit
2737 3678 2882 3731 Deus
2902 3718 2916 3741 ,
2950 3684 3043 3729 aut
3064 3676 3256 3741 Filius,
3288 3682 3383 3729 aut
3412 3674 3653 3744 Spiritus
3681 3683 3920 3729 sanctus.

2342 3764 2543 3818 Verum
2571 3764 2613 3817 si
2646 3763 2749 3815 hoc
2781 3762 3006 3831 impium
3036 3771 3120 3817 est
3139 3764 3365 3818 credere
3396 3804 3408 3828 ,
3442 3771 3610 3818 restat
3638 3772 3697 3817 ut
3721 3779 3829 3817 non
3856 3762 3923 3817 sit

2341 3857 2701 3919 contrarium,
2734 3855 2844 3910 imo
2860 3856 3042 3925 potius
3058 3856 3214 3911 valde
3234 3873 3534 3927 congruum
3559 3856 3803 3920 veritati,
3828 3857 3922 3911 Pa-

2342 3956 2479 4002 trem
2507 3948 2904 4017 plenitudinem
2946 3949 3248 4019 intelligere
3279 3948 3603 4003 divinitatis.
3649 3948 3791 4014 Quia
3818 3948 3921 4002 sic-

2341 4048 2403 4092 ut
2452 4038 2568 4108 ipse
2602 4038 2885 4108 plenitudo
2924 4054 3020 4093 sua
3048 4048 3151 4103 est,
3182 4038 3439 4093 similiter
3467 4047 3524 4093 et
3553 4039 3724 4093 Filius
3748 4038 3920 4108 pleni-

2342 4127 2493 4192 tudo,
2523 4136 2579 4181 et
2606 4127 2846 4198 Spiritus
2878 4136 3101 4182 sanctus
3153 4127 3441 4197 plenitudo
3471 4169 3485 4193 ,
3534 4137 3590 4181 et
3618 4128 3785 4182 simul
3811 4143 3922 4181 om-

2339 4236 2459 4284 nes,
2493 4222 2598 4275 hoc
2618 4227 2722 4283 est,
2748 4228 2858 4274 tota
2889 4220 3131 4275 Trinitas
3158 4262 3173 4284 ,
3208 4236 3315 4276 non
3343 4230 3455 4275 tres
3482 4262 3495 4285 ,
3522 4221 3616 4275 sed
3680 4237 3794 4275 una
3844 4227 3922 4274 est

2338 4312 2625 4383 plenitudo
2676 4312 2984 4366 divinitatis
3017 4354 3031 4377 ,
3072 4313 3202 4381 quia
3256 4321 3313 4366 et
3350 4311 3627 4381 perfectus
3648 4312 3841 4376 Pater,
3871 4318 3923 4363 et

2338 4404 2616 4475 perfectus
2659 4403 2831 4457 Filius
2855 4445 2869 4468 ,
2910 4412 2965 4457 et
2996 4403 3271 4473 perfectus
3310 4403 3548 4472 Spiritus
3572 4413 3799 4457 sanctus
3833 4444 3847 4463 ,
3871 4413 3923 4454 et

2339 4496 2499 4552 simul
2529 4510 2722 4551 omnes
2745 4536 2759 4559 ,
2787 4510 2895 4548 non
2924 4504 3039 4550 tres
3094 4494 3483 4565 perfectiones,
3538 4493 3632 4547 sed
3658 4510 3769 4547 una
3808 4508 3926 4561 per-

655 4587 804 4630 satus
827 4585 901 4629 est
917 4578 981 4629 ⁸¹.
997 4575 1347 4646 Quapropter
1371 4575 1525 4629 visus
1538 4584 1971 4631 eteonversatus
1985 4586 2071 4633 est
2086 4578 2232 4635 Deus

2343 4588 2521 4643 fectio.
2581 4587 2637 4642 Si
2685 4586 2834 4641 enim
2889 4587 3101 4651 Filius,
3170 4588 3313 4641 sicut
3362 4586 3429 4639 de
3468 4600 3535 4639 eo
3600 4584 3924 4639 testificatur

658 4668 823 4721 homo
851 4666 1009 4722 Jesus
1023 4666 1300 4732 Christus,
1332 4668 1399 4722 ad
1418 4683 1580 4738 quem
1598 4683 1709 4721 non
1730 4667 2036 4723 aestimatur
2070 4670 2230 4727 alter.

728 4759 793 4813 N.
836 4759 892 4813 Si
934 4759 1121 4813 nullus
1157 4759 1299 4814 alius
1341 4760 1489 4814 Deus
1516 4760 1822 4815 aestimatur
1865 4760 1935 4816 ad
1980 4778 2106 4817 eum
2137 4764 2233 4834 qui

657 4850 945 4905 confossus
991 4861 1048 4906 et
1069 4851 1366 4907 crucifixus
1404 4860 1488 4906 est
1516 4866 1546 4905 a
1566 4851 1791 4919 Judzeis,
1822 4853 1949 4923 quis
1978 4863 2064 4910 est
2088 4856 2233 4911 Deus

602 5015 613 5022 Ι
655 4942 748 5011 qui
785 4942 1091 4997 aestimetur
1116 4943 1185 4997 ad
1217 4943 1587 4998 crucifixum?

612 5024 619 5069 ῗ
725 5032 785 5087 C.
809 5032 1130 5089 Nullatenus
1153 5044 1209 5089 tu
1242 5036 1456 5091 recedis
1484 5053 1516 5091 a
1544 5040 1767 5111 propria
1796 5039 2102 5096 intentione
2124 5056 2234 5109 quo

653 5124 937 5178 Christum
969 5140 1080 5179 non
1109 5126 1260 5181 aliud
1306 5128 1514 5198 aliquid
1543 5131 1651 5185 nisi
1677 5146 1849 5185 unum
1879 5146 1947 5185 ex
1980 5131 2090 5186 illis
2122 5148 2239 5187 cre-

654 5217 777 5284 das,
809 5217 878 5273 de
906 5218 1108 5287 quibus
1146 5218 1282 5273 dicit
1317 5221 1462 5276 Deus
1499 5240 1512 5275 :
1548 5221 1814 5287 Quoniam
1850 5224 2156 5279 inhabitabo
2178 5226 2234 5279 in

654 5306 762 5359 illis
800 5316 849 5361 et
884 5309 1186 5375 ambulabo,
1219 5320 1268 5364 et
1296 5327 1385 5366 ero
1423 5312 1645 5369 illorum
1684 5314 1843 5379 Deus,
1871 5322 1919 5369 et
1951 5316 2052 5386 ipsi
2080 5327 2233 5373 erunt

654 5398 784 5451 mihi
833 5400 888 5452 in
925 5400 1178 5471 populum
1222 5402 1289 5458 ³¹.

726 5487 792 5542 Ν.
835 5487 943 5543 Sed
976 5490 1044 5545 de
1087 5492 1312 5547 nemine
1344 5492 1570 5548 illorum
1600 5493 1808 5549 dictum
1857 5505 1941 5550 est
1969 5497 2118 5566 quod
2161 5498 2230 5552 de

656 5579 876 5635 Christo
917 5590 1148 5637 testatur
1199 5584 1514 5653 Apostolus,
1561 5585 1753 5641 dicens
1797 5605 1810 5640 :
1862 5587 1999 5653 Quia
2027 5591 2081 5642 in
2115 5592 2229 5660 ipso

730 5788 779 5861 τί
811 5786 947 5840 Cen.
996 5804 1158 5861 nam,
1202 5788 1321 5861 .30.;
1366 5791 1411 5861 f9
1450 5791 1605 5844 Joan.
1650 5807 1737 5856 xx,
1778 5793 1867 5845 9.8.
1945 5795 1988 5825 ³⁰
2026 5793 2158 5847 Luc.
2202 5812 2343 5861 xvlv,
2384 5796 2470 5850 39.

660 5856 699 5909 lt
742 5856 869 5911 Cur.
921 5874 993 5921 vi,
1044 5859 1123 5914 16.
1202 5859 1245 5889 ³³
1286 5859 1496 5915 Coloss.
1537 5878 1593 5921 ιι,
1646 5867 1697 5927 υ,
1776 5864 1993 5919 ".loan.
2022 5867 2167 5930 1,16.

2336 4682 2573 4738 Joannes
2597 4720 2611 4743 ,
2638 4678 2842 4734 dicitur
2874 4678 3162 4749 plenitudo
3216 4677 3380 4748 (Nos,
3414 4676 3615 4746 inquit,
3657 4692 3837 4728 omnes
3864 4674 3925 4726 de

2334 4770 2659 4841 plenitudine
2688 4770 2802 4837 ejus
2828 4770 3123 4839 accepimus
3144 4768 3190 4801 ³⁸
3209 4767 3253 4839 ),
3277 4766 3555 4837 quomodo
3604 4766 3766 4820 Pater
3804 4778 3922 4817 esse

2334 4862 2617 4933 negandus
2640 4869 2725 4917 est
2770 4862 3053 4931 plenitudo
3081 4862 3105 4915 ?

2406 4955 2471 5008 N.
2499 4954 2613 5011 Una
2659 4963 2743 5008 est
2798 4953 3059 5007 divinitas
3124 4951 3413 5006 Trinitatis
3449 4992 3463 5017 ,
3518 4958 3576 5005 et
3612 4964 3756 5004 unus
3782 4948 3926 5003 Deus

2342 5046 2604 5109 Trinitas,
2632 5061 2701 5099 an
2725 5054 2839 5099 tres
2872 5044 2981 5108 dii,
3014 5053 3071 5099 et
3097 5053 3210 5099 tres
3244 5042 3611 5097 divinitates?

2411 5136 2471 5191 C.
2495 5137 2613 5193 Una
2644 5136 2831 5205 procul
2858 5136 3027 5191 dubio
3050 5135 3311 5190 divinitas
3343 5134 3651 5200 Trinitatis,
3684 5140 3742 5187 et
3782 5145 3926 5186 unus

2340 5229 2486 5283 Deus
2503 5228 2767 5282 Trinitas.

2408 5318 2473 5372 N.
2508 5317 2564 5372 Si
2585 5333 2716 5387 ergo
2751 5326 2835 5371 est
2868 5332 2975 5370 una
3033 5315 3293 5371 divinitas
3340 5313 3629 5369 Trinitatis
3661 5354 3676 5378 ,
3703 5322 3759 5367 et
3782 5324 3926 5366 unus

2335 5412 2480 5465 Deus
2503 5410 2745 5463 Trinitas
2773 5450 2786 5473 ,
2835 5410 3115 5478 quomodo
3170 5425 3278 5463 non
3308 5409 3582 5463 inhabitat
3620 5407 3672 5460 in
3698 5405 3924 5461 Christo

2335 5499 2578 5553 Trinitas
2612 5540 2625 5562 ,
2676 5499 2817 5553 sicut
2871 5500 3159 5568 plenitudo
3187 5500 3497 5555 divinitatis
3556 5498 3817 5553 habitans
3866 5495 3919 5548 in

2333 5591 2573 5655 Christo,
2612 5607 2734 5660 (μιω
2763 5606 2870 5645 una
2893 5599 2949 5645 et
2976 5591 3091 5646 sola
3118 5602 3200 5646 est
3227 5592 3251 5645 ?

2577 5798 2615 5829 ³³
2662 5798 2871 5854 Baruch
2915 5814 3011 5863 ιη,
3049 5796 3239 5854 56-58.
3319 5798 3362 5829 ³¹
3404 5797 3580 5854 Levit.
3627 5812 3768 5862 xxvi,
3813 5793 3920 5861 12;
