4146 6472
275 406 359 473 N5

1636 425 1969 498 DIALOGI,
2001 427 2143 486 LIB.
2177 429 2258 488 II.

3464 439 3563 507 150
3591 476 3597 501 ε

346 530 545 589 Euhion
565 539 646 585 est
672 529 932 588 dubium
983 538 1137 607 apud
1160 554 1262 593 nos
1284 540 1561 595 Christum
1590 541 1644 595 in
1669 542 1884 596 duabus
1913 547 1961 601 Α
1988 543 2214 599 Domino
2234 586 2248 609 ,
2277 547 2571 601 doceamur
2609 566 2621 601 :
2654 548 2838 617 Pater,
2872 551 3047 622 inquit
3074 596 3087 619 ,
3123 556 3289 611 inime
3322 576 3595 625 matrerm.
3652 606 3655 611 .

300 628 494 684 naturis
515 627 669 681 anilis
708 628 1069 697 subsistere,
1108 649 1219 687 una
1260 634 1565 689 divinitatis
1589 675 1603 697 ,
1632 636 1882 690 etaltera

300 720 647 776 humanitatis.
688 719 760 773 Et
790 722 935 791 quia
962 740 1077 777 una
1108 734 1165 779 et
1190 726 1304 779 sola
1328 735 1412 780 est
1450 728 1619 780 totius
1643 727 1882 781 Trinita-

298 813 361 867 tis
382 811 642 874 divinitas,
660 819 748 865 est
779 828 927 883 ergo
948 855 963 879 ,
985 815 1144 885 juxta
1178 832 1294 881 vos,
1321 814 1558 871 Trinitas
1600 827 1655 870 et
1685 817 1883 871 huma-

288 904 425 958 nitas
447 903 697 958 Christus
739 904 844 973 qui
877 920 951 959 ex
1000 905 1290 960 divinitate
1343 907 1511 960 totius
1556 906 1880 971 Trinitatis,

281 1011 400 1064 quae
438 1010 543 1047 una
570 1002 625 1048 et
651 996 776 1048 sola
804 1004 916 1061 est,
948 1007 1006 1052 et
1037 998 1377 1053 humanitate
1406 998 1681 1053 subsistit.
1707 1000 1882 1053 Porro

279 1089 324 1141 si
346 1087 586 1141 Trinitas
611 1098 669 1143 et
701 1089 1034 1145 humanitas
1056 1101 1140 1146 est
1161 1091 1413 1146 Christus
1441 1131 1457 1155 ,
1479 1090 1595 1160 jam
1644 1106 1756 1143 non
1785 1092 1884 1145 ha-

280 1180 421 1233 bitat
445 1178 695 1234 Trinitas
744 1181 804 1234 in
862 1179 1127 1245 Christo,
1187 1181 1280 1235 sed
1334 1190 1417 1235 est
1474 1181 1591 1249 ipsa
1641 1180 1885 1235 Trinitas

280 1272 557 1327 Christus.

924 1385 1077 1441 CAP.
1119 1386 1277 1440 XVII.

334 1478 407 1532 Ν.
447 1478 572 1532 Non
596 1487 685 1532 est
708 1477 956 1533 Trinitas
980 1486 1037 1532 et
1062 1478 1376 1532 humanitas
1409 1476 1701 1542 Christus;
1727 1485 1781 1531 et
1806 1485 1885 1531 ta-

265 1586 401 1624 men
428 1586 501 1623 ει
536 1570 843 1625 divinitate
894 1570 1136 1639 perfecta
1168 1578 1225 1623 et
1274 1568 1616 1622 humanitate
1644 1568 1886 1637 perfecta

260 1670 356 1713 est
376 1660 667 1725 Christus,
696 1669 757 1714 et
802 1660 1020 1714 habitat
1054 1660 1293 1713 Trinitas
1343 1659 1399 1712 in
1423 1658 1665 1724 Christo,
1693 1668 1748 1714 et
1776 1675 1887 1713 non

256 1764 354 1808 est
381 1761 627 1823 quartus
651 1794 669 1819 ,
692 1763 756 1807 ut
807 1762 868 1807 tu
914 1762 1188 1813 autumas,
1214 1752 1483 1807 Christus.
1514 1753 1675 1822 Pater
1710 1751 1883 1817 enim,

255 1846 427 1899 nullo
460 1846 791 1909 dubitante,
819 1845 875 1899 in
910 1845 1046 1899 Filio
1082 1844 1385 1908 habitat,et
1412 1843 1579 1898 Filius
1613 1843 1669 1896 in
1700 1844 1883 1907 Patre,

253 1955 295 1992 a
325 1938 541 2008 quibus
566 1954 685 1992 non
717 1947 1009 2006 separatur
1036 1937 1273 2007 Spiritus
1302 1945 1525 1991 sanctus
1549 1979 1560 1989 .
1593 1936 1766 1990 Filius
1792 1952 1891 1990 au—

258 2038 387 2083 tem
420 2029 573 2083 Deus
597 2070 615 2091 ,
662 2030 721 2083 in
744 2042 857 2096 quo
885 2026 1098 2080 habitat
1127 2026 1287 2079 Pater
1313 2065 1326 2089 ,
1361 2025 1433 2077 ita
1456 2033 1542 2079 est
1572 2023 1629 2077 in
1662 2023 1886 2079 Christo

256 2122 541 2173 mundum
578 2118 932 2172 reconcilians
964 2119 1063 2172 sibi
1082 2119 1147 2177 ³⁸,
1178 2125 1239 2170 ιιι
1272 2124 1499 2186 propter
1529 2115 1888 2185 conjunctum

252 2214 384 2267 sibi
416 2214 650 2275 Filium,
693 2228 842 2265 unus
861 2218 918 2265 et
944 2212 1061 2279 ipse
1099 2209 1171 2264 sit
1204 2208 1373 2263 Filius
1397 2216 1453 2263 et
1488 2206 1743 2262 Christus
1771 2223 1787 2273 ;
1835 2214 1892 2261 et

254 2302 387 2357 hac
430 2303 653 2356 ratione
689 2301 907 2355 habitat
944 2299 1188 2354 Trinitas
1210 2300 1265 2354 in
1290 2298 1510 2355 Christo
1532 2340 1546 2364 ,
1576 2306 1635 2354 et
1662 2314 1773 2354 non
1808 2302 1893 2354 est

257 2404 514 2464 quartus
539 2392 623 2447 Cb
634 2393 825 2447 ristus.

348 2488 413 2542 C.
437 2486 635 2556 Magna
657 2484 827 2539 nimis
850 2492 936 2539 est
962 2482 1089 2545 ista,
1106 2498 1218 2537 non
1243 2483 1382 2538 ratio
1401 2525 1415 2549 ,
1432 2482 1526 2538 sed
1558 2482 1891 2540 absurditas.

258 2580 417 2634 Nam
473 2594 604 2632 cum
665 2577 936 2631 hactenus
972 2574 1299 2630 Trinitatem
1333 2573 1390 2629 in
1420 2573 1641 2629 Christo
1662 2583 1893 2629 conten-

257 2672 450 2726 debas
481 2669 821 2733 inhabitare,
843 2684 940 2737 pro
967 2683 1034 2722 eo
1071 2666 1218 2737 quod
1254 2666 1461 2721 dictum
1517 2675 1635 2721 est:
1668 2664 1805 2730 Quia
1838 2666 1895 2718 in

256 2768 394 2835 ipso
417 2764 625 2817 habitat
644 2762 815 2815 omnis
833 2759 1109 2830 plenitudo
1134 2758 1423 2813 divinitatis
1441 2756 1791 2828 corporaliter
1822 2755 1891 2805 “9

258 2873 431 2911 nunc
447 2858 563 2927 jam
588 2870 704 2908 non
734 2861 906 2908 totam
933 2851 1285 2913 Trinitatem,
1315 2850 1410 2905 sed
1438 2850 1611 2904 Deum
1645 2856 1893 2903 tantum-

268 2948 453 3003 modo
508 2947 715 3001 Filium
782 2944 839 2998 in
882 2944 1104 2999 Christo
1125 2958 1250 2998 esse
1278 2942 1456 3005 dicis,
1485 2956 1589 3011 pro
1626 2956 1693 2995 eo
1746 2939 1895 3009 quod

264 3041 554 3109 scriptum
586 3046 676 3091 est
709 3054 723 3090 :
750 3035 892 3089 Deus
915 3043 1031 3089 erat
1060 3036 1119 3088 in
1148 3033 1354 3089 Christo
1381 3073 1395 3096 ,
1429 3032 1688 3087 mundum
1713 3047 1897 3084 recon-

266 3134 470 3186 cilians
500 3130 625 3183 sibi.
654 3129 714 3182 In
746 3144 858 3197 quo
891 3134 1072 3180 tamen
1103 3126 1262 3189 Filio,
1298 3124 1429 3194 quia
1457 3123 1677 3177 habitat
1730 3123 1894 3177 Pater

272 3226 334 3279 in
360 3240 427 3278 eo
448 3265 463 3285 .
490 3232 549 3277 et
578 3222 702 3290 ipse
730 3220 787 3273 in
810 3220 970 3273 Patre
996 3260 1011 3281 ,
1036 3234 1064 3271 a
1096 3217 1299 3287 quibus
1326 3231 1433 3270 non
1460 3222 1750 3285 separatur
1766 3212 1892 3282 Spi-

274 3317 416 3369 ritus
448 3326 686 3369 sanetus
708 3352 724 3375 ,
756 3326 949 3365 rursus
979 3318 1149 3364 totam
1208 3308 1531 3362 Trinitatem
1575 3304 1875 3361 secundum

275 3409 423 3463 hanc
458 3405 734 3459 videlicet
770 3403 1038 3457 rationem
1069 3401 1271 3455 asseris
1292 3402 1345 3454 in
1381 3398 1603 3455 Christo
1660 3395 1881 3451 inhabi-

276 3512 440 3565 tare;
475 3498 577 3553 sed
610 3497 762 3561 ideo,
796 3494 978 3563 inquis
1005 3534 1020 3554 ,
1049 3508 1161 3547 non
1196 3500 1281 3546 est
1305 3490 1647 3562 quaternitas
1689 3503 1877 3558 quam-

277 3593 365 3647 vis
390 3591 614 3646 habitet
647 3588 704 3641 in
729 3586 951 3642 Christo
992 3585 1235 3639 Trinitas
1267 3624 1281 3648 ,
1321 3584 1449 3652 quia
1471 3582 1618 3635 Deus
1638 3580 1884 3634 Verbum

278 3685 357 3736 ita
386 3683 533 3735 inest
554 3678 786 3734 Christo
814 3685 875 3730 ut
907 3683 1133 3745 prepter
1147 3675 1497 3744 conjunctum
1521 3671 1721 3725 Filium
1746 3684 1889 3722 unus

283 3774 357 3826 sit
383 3771 657 3833 Filius,et
676 3783 824 3821 unus
846 3765 1118 3820 Christus.
1144 3762 1249 3817 Sed
1270 3763 1383 3817 sive
1405 3761 1749 3824 Trinitatem,
1774 3758 1891 3812 sive

285 3864 461 3917 Deum
488 3860 741 3915 Verbum
771 3859 951 3913 inesse
968 3856 1175 3911 dixeris
1196 3854 1416 3910 Christo
1433 3896 1445 3918 ,
1467 3852 1892 3923 quaternitatem

284 3954 545 4018 omnino,
574 3967 691 4006 non
722 3949 1027 4005 trinitatem
1054 3947 1353 4017 praedicare
1385 3943 1750 3999 convinceris.

360 4046 429 4099 Ν.
461 4044 723 4110 Quonam
750 4040 916 4095 modo
943 4081 957 4106 ,
980 4040 1095 4095 sive
1118 4040 1288 4092 Deum
1312 4036 1551 4093 Verbum
1597 4035 1652 4088 in
1678 4033 1898 4089 Christo

290 4137 478 4191 inesse
503 4136 728 4198 dixero,
758 4132 1183 4203 quaternitatem
1202 4172 1216 4194 ,
1248 4147 1358 4185 non
1382 4130 1729 4191 Trinitatem,
1762 4140 1900 4195 pra:-

287 4230 483 4283 dicare
515 4226 830 4281 convincor
855 4224 880 4277 ?

358 4318 421 4373 C.
444 4316 593 4383 Quia
617 4316 869 4369 Trinitas
892 4315 1070 4378 Pater,
1095 4321 1152 4367 et
1190 4314 1377 4377 Filius,
1404 4322 1461 4368 et
1512 4313 1751 4384 Spiritus
1782 4332 1899 4371 san-

288 4424 415 4465 ctus
446 4420 540 4465 est
559 4450 575 4471 ,
599 4410 747 4462 sicut
766 4406 1025 4477 superius
1049 4407 1161 4476 jam
1182 4406 1441 4472 diximus,
1469 4407 1563 4475 qui
1589 4408 1634 4462 si
1671 4408 1725 4462 in
1747 4406 1905 4462 Chri-

293 4513 381 4556 sto
421 4499 755 4556 inhabitant
800 4538 815 4562 ,
882 4506 1111 4567 quartus
1174 4497 1511 4568 intelligetur
1568 4497 1689 4552 sine
1742 4497 1912 4553 dubio

1988 634 2098 704 ipse
2129 637 2255 704 facit
2287 655 2446 707 opera
2473 656 2590 695 sua.

2058 726 2125 781 N.
2157 728 2273 783 Una
2293 738 2348 783 et
2375 733 2600 801 aequalis
2628 775 2642 800 ,
2674 750 2741 788 an
2779 736 2993 793 diversa
3027 748 3112 795 est
3132 741 3308 799 virtus
3354 752 3411 800 et
3434 760 3567 816 ope-

1991 816 2129 870 ratio
2155 818 2442 876 Trinitatis
2469 824 2492 875 ?

2059 907 2119 961 C.
2156 910 2273 964 Una
2311 928 2557 980 prorsus.

2058 997 2123 1051 N.
2163 1000 2422 1057 Universa
2452 1021 2580 1076 ergo
2618 1024 2738 1078 qua:
2777 1020 3035 1067 creantur
3072 1031 3101 1069 a
3144 1024 3253 1071 tota
3300 1018 3571 1076 Trinitate

1991 1105 2249 1148 creantur
2274 1111 2287 1146 :
2330 1112 2396 1151 an
2418 1097 2515 1152 tibi
2554 1101 2660 1155 hoc
2683 1118 2790 1156 non
2820 1105 3079 1160 videtur?

2060 1183 2121 1239 C.
2151 1185 2344 1242 Omnia
2370 1205 2491 1259 quae
2528 1191 2657 1246 facit
2688 1194 2866 1260 Pater,
2900 1196 3015 1250 haec
3073 1198 3263 1253 eadem
3315 1202 3565 1258 similiter

1991 1284 2045 1329 et
2066 1275 2235 1331 Filius
2259 1278 2420 1344 facit,
2456 1297 2561 1336 nec
2592 1284 2710 1339 sine
2733 1284 2942 1355 Spiritu
2964 1300 3155 1344 sancto
3187 1292 3346 1348 Pater
3383 1302 3440 1349 et
3471 1295 3564 1350 Fi-

1993 1367 2101 1424 lius
2124 1370 2332 1440 aliquid
2358 1371 2585 1429 faciunt.

2601 1488 2751 1543 CAP.
2789 1489 2977 1548 XVIII.

2064 1596 2128 1651 N.
2159 1596 2332 1653 Omne
2361 1602 2592 1655 mortale
2650 1612 2894 1658 creatum
2926 1605 3065 1662 dicis
3093 1623 3160 1663 an
3180 1609 3482 1666 increatum
3503 1612 3526 1664 ?

2063 1688 2126 1744 C.
2162 1688 2396 1745 Omnino
2430 1701 2692 1749 creatum.

2063 1781 2130 1836 N.
2174 1781 2229 1836 Si
2259 1797 2387 1853 ergo
2411 1800 2573 1840 omne
2606 1787 2751 1855 quod
2784 1789 3015 1843 moritur
3062 1801 3314 1845 creatura
3338 1800 3445 1857 est,
3470 1808 3567 1846 er-

1922 1903 1962 1958 Β
1996 1888 2063 1944 go
2100 1883 2155 1929 et
2178 1873 2430 1929 Christus
2451 1892 2551 1945 pro
2587 1880 2790 1935 nostris
2821 1883 3060 1949 peccatis
3098 1892 3350 1938 mortuus
3377 1925 3391 1947 ,
3421 1900 3574 1939 crea-

1993 1975 2114 2020 tura
2143 1975 2245 2021 est.
2277 1969 2345 2023 Et
2375 1968 2504 2037 quia
2526 1971 2675 2025 nulla
2706 1981 2790 2027 est
2809 1985 3059 2028 creatura
3106 1992 3274 2045 quam
3313 1992 3426 2031 non
3449 1977 3573 2030 Tri-

1990 2057 2133 2111 nitas
2166 2068 2457 2128 operetur,
2494 2061 2741 2130 profecto
2777 2063 3049 2129 Christus,
3077 2082 3240 2135 quem
3259 2083 3358 2136 pro
3375 2068 3577 2122 nostris

1990 2149 2230 2217 peccatis
2256 2160 2532 2205 mortuum
2557 2153 2900 2220 credimus,a
2922 2164 3031 2211 tota
3064 2158 3333 2213 Trinitate
3356 2166 3577 2214 creatus

1991 2244 2094 2302 est,
2117 2245 2174 2292 et
2195 2238 2552 2294 resuscitatus
2575 2257 2605 2294 a
2626 2242 2874 2308 mortuis,
2900 2246 3029 2313 quia
3066 2262 3172 2301 una
3202 2255 3286 2301 est
3324 2247 3500 2302 virtus
3521 2255 3578 2302 et

1992 2329 2235 2398 operatio
2263 2328 2566 2385 Trinitatis.
2599 2332 2755 2398 Quod
2785 2334 2829 2389 si
2852 2350 2962 2389 non
2984 2344 3069 2390 est
3113 2336 3450 2391 contrarium
3479 2353 3576 2392 vc-

1993 2421 2165 2486 ritati,
2193 2420 2475 2476 Christum
2509 2433 2751 2479 creatum
2777 2434 2833 2479 et
2857 2428 3240 2481 resuscitatum
3261 2468 3275 2491 ,
3331 2428 3579 2482 sicutra-

1994 2512 2071 2566 tio
2096 2512 2321 2579 docuit,
2347 2529 2378 2567 a
2416 2522 2528 2569 tota
2561 2516 2788 2572 credere
2808 2517 3082 2572 Trinitate
3109 2559 3124 2583 ,
3184 2534 3286 2575 nec
3321 2519 3425 2574 hoc
3471 2519 3580 2575 erit

1994 2607 2330 2662 contrarium
2368 2608 2625 2674 veritati,
2679 2616 2850 2664 totam
2911 2610 3233 2667 Trinitatem
3284 2613 3493 2681 pariter
3522 2613 3585 2666 in

1993 2698 2215 2755 Christo
2244 2699 2553 2755 inhabitare
2589 2741 2602 2768 ,
2630 2716 2793 2771 quem
2820 2702 2942 2758 sine
2968 2702 3138 2758 dubio
3167 2703 3516 2758 resuscitavit
3548 2720 3579 2759 a

2003 2790 2260 2845 mortuis.

2066 2880 2127 2936 C.
2161 2881 2329 2951 Impia
2376 2882 2600 2937 omnino
2620 2890 2677 2937 et
2703 2883 2962 2954 sacrilega
2999 2925 3013 2949 ,
3047 2892 3210 2954 atque
3242 2883 3573 2939 Arianorum

1997 2972 2351 3041 blasphemiis
2373 2973 2490 3028 haec
2519 2974 2747 3029 assertio
2770 2976 3099 3044 coaequanda
3120 2986 3223 3041 est,
3252 2992 3373 3046 quae
3413 2975 3580 3031 Chri-

1999 3068 2144 3115 stum
2168 3077 2279 3116 non
2306 3061 2481 3116 Deum
2502 3063 2787 3132 praedicat,
2812 3064 2909 3119 sed
2930 3074 3263 3120 ereaturam.
3285 3066 3398 3119 Nec
3413 3065 3581 3129 enim,

2001 3163 2062 3210 ut
2087 3154 2253 3225 impie
2273 3163 2683 3226 argumentatus
2706 3156 3081 3221 es,Christum
3108 3173 3208 3227 pro
3230 3158 3434 3212 nostris
3458 3173 3582 3227 pee—

1920 3244 1963 3300 C
1996 3248 2134 3303 eatis
2154 3256 2431 3301 mortuum
2462 3254 2574 3301 tota
2598 3254 2748 3302 creat
2774 3255 2830 3302 et
2849 3248 3141 3303 resuscitat
3164 3247 3407 3302 Trinitas
3427 3266 3440 3301 :
3458 3262 3583 3302 cum

1983 3340 2237 3396 Christus
2268 3348 2521 3393 mortuus
2548 3355 2648 3408 pro
2668 3339 2909 3409 peccatis
2932 3339 3140 3393 nostris
3159 3355 3267 3392 non
3287 3348 3585 3392 extraneus

1986 3441 2081 3487 aut
2097 3433 2327 3495 alienus,
2348 3430 2441 3485 sed
2462 3445 2607 3484 unus
2621 3446 2688 3483 ex
2706 3430 2819 3499 ipsa
2842 3429 3107 3484 Trinitate
3127 3428 3586 3497 sit.Creaturqui-

1989 3525 2113 3579 dem
2136 3530 2191 3576 et
2222 3519 2580 3576 resuscitatur
2612 3534 2643 3573 a
2664 3526 2778 3572 tota
2829 3518 3117 3581 Trinitate,
3163 3534 3272 3572 non
3304 3517 3580 3582 Christus,

1992 3613 2085 3669 sed
2111 3627 2242 3667 caro
2264 3610 2382 3665 sine
2409 3608 2576 3663 dubio
2605 3606 2841 3662 Christi:
2877 3614 2933 3659 et
2955 3607 3084 3675 quia
3129 3621 3256 3660 caro
3288 3621 3397 3660 non
3442 3605 3587 3658 alte-

1994 3705 2130 3770 rius,
2155 3703 2249 3758 sed
2274 3702 2446 3772 ipsius
2468 3708 2550 3755 est
2569 3699 2795 3763 Christi,
2823 3706 2973 3753 creat
3004 3706 3059 3751 et
3078 3698 3371 3753 resuscitat
3418 3696 3583 3751 Chri-

1998 3805 2116 3850 stus
2162 3793 2517 3862 semetipsum
2583 3790 2886 3846 secundum
2932 3804 3153 3844 carnem
3190 3805 3314 3844 cum
3341 3790 3500 3843 Patre
3529 3796 3586 3842 et

2001 3887 2206 3957 Spiritu
2240 3895 2429 3940 sancto
2456 3901 2471 3949 ;
2504 3899 2632 3938 nam
2661 3893 2717 3938 et
2736 3884 3030 3952 Apostolus
3076 3899 3182 3936 non
3215 3898 3245 3937 a
3292 3882 3584 3946 Trinitate,

2003 3978 2099 4033 sed
2134 3992 2164 4031 a
2187 3977 2349 4031 Patre
2384 3975 2771 4030 resuscitatum
2804 3973 3085 4029 Christum
3110 3974 3184 4026 ita
3211 3981 3464 4037 testatur,
3500 3972 3588 4027 di-

2006 4081 2138 4121 cens
2173 4082 2186 4118 :
2221 4064 2421 4119 Paulus
2452 4063 2719 4134 apostolus
2741 4104 2755 4129 ,
2806 4081 2911 4118 non
2960 4064 3023 4118 ab
3060 4064 3378 4128 hominibus,
3422 4080 3589 4133 neque

2010 4174 2102 4229 per
2128 4160 2409 4223 hominem,
2438 4158 2529 4211 sed
2556 4173 2650 4227 per
2664 4156 2848 4211 Jesu‘m
2888 4156 3156 4212 Christum
3207 4164 3253 4209 et
3293 4156 3456 4208 Deum
3479 4155 3589 4208 Pa-

2014 4262 2165 4319 trem,
2192 4255 2282 4324 qui
2301 4254 2571 4307 suscitavit
2599 4269 2717 4305 eum
2742 4270 2773 4306 a
2808 4253 3035 4305 mortuis
3053 4251 3118 4304 ³⁸.
3150 4250 3261 4304 Nec
3290 4250 3439 4304 enim
3462 4249 3591 4319 quia

2016 4346 2152 4401 dixit
2191 4363 2204 4399 :
2258 4345 2375 4399 Non
2403 4344 2466 4397 ab
2491 4344 2815 4407 hominibus,
2869 4358 3036 4413 neque
3073 4358 3166 4411 per
3184 4342 3467 4403 hominem,
3500 4339 3591 4393 sed

2018 4454 2109 4509 per
2154 4436 2333 4491 Iesum
2396 4434 2659 4490 Christum
2710 4476 2725 4499 ,
2759 4436 2931 4489 Deum
2973 4448 3101 4488 eum
3160 4430 3542 4486 tantummodo
3574 4470 3589 4495 ,

2022 4546 2131 4585 non
2152 4538 2208 4585 et
2228 4529 2507 4584 hominem
2548 4527 2868 4597 praedicavit
2900 4566 2915 4592 ,
2944 4526 3192 4581 scribens
3212 4523 3417 4579 Calatis
3449 4562 3464 4588 ,
3496 4522 3593 4591 qui

294 4596 584 4690 φ’τῇῳῄ
621 4594 682 4690 ίξι
702 4590 1062 4690 quofibim
1085 4589 1347 4690 Tririitas'.
1400 4589 1649 4690 “'5‘”;
1674 4588 1730 4688 Si
1759 4588 1903 4690 inest
1932 4602 1978 4657 Ῑ)
2007 4623 2223 4678 fuerant
2248 4638 2277 4676 a
2307 4588 2620 4677 Iudaeorum
2648 4588 3127 4690 pseudoapostolis
3176 4631 3316 4687 pene
3346 4588 3588 4684 decepti,

300 4688 351 4741 in
376 4687 611 4741 Christo
643 4684 797 4737 Deus
824 4680 1016 4745 Filius,
1058 4694 1168 4733 non
1190 4680 1303 4749 jam
1334 4678 1451 4748 ipse
1476 4688 1560 4732 est
1589 4677 1843 4732 Christus
1873 4695 1888 4743 ;

298 4790 349 4834 et
372 4781 414 4833 si
451 4780 578 4849 ipse
617 4790 730 4829 non
759 4781 843 4827 est
859 4772 1110 4827 Christus
1132 4812 1145 4836 ,
1172 4773 1283 4825 duo
1308 4780 1437 4826 sunt
1479 4770 1727 4835 omnino,
1752 4772 1899 4825 Deus

295 4872 469 4927 Filius
500 4877 563 4924 et
580 4866 845 4922 Christus
874 4865 930 4917 in
952 4880 1060 4933 quo
1083 4864 1352 4917 inhabitat
1380 4880 1393 4916 :
1420 4862 1671 4933 quamvis
1708 4862 1904 4918 callide

289 4962 359 5016 ad
404 4956 792 5028 decipiendos
836 4955 1111 5025 simplices
1140 4970 1310 5008 unum
1348 4968 1443 5007 eos
1478 4968 1597 5007 esse
1620 4969 1912 5024 argumen-

290 5055 451 5109 taris.
488 5050 803 5121 Apostolus
826 5062 1063 5117 namque
1092 5047 1346 5116 superius
1371 5046 1559 5099 docuit
1612 5046 1784 5099 Deum
1806 5046 1912 5100 Pa-

292 5158 458 5211 trem,
498 5159 617 5200 non
653 5144 828 5197 Deum
855 5142 1051 5195 Filium
1082 5183 1096 5205 ,
1145 5140 1323 5194 inesse
1378 5138 1619 5205 Christo,
1650 5140 1915 5195 mundum

297 5242 405 5297 sibi
444 5235 954 5299 reconciliantem;
986 5233 1227 5302 denique
1252 5232 1330 5286 ait
1368 5249 1381 5284 :
1422 5230 1479 5285 Si
1501 5249 1607 5301 qua
1632 5233 1685 5285 in
1714 5230 1918 5286 Christo

300 5353 432 5389 uota
468 5337 739 5386 creatura
771 5368 786 5389 ,
820 5334 995 5379 vetera
1019 5325 1369 5377 transierunt.
1441 5322 1574 5375 Ecce
1597 5323 1738 5392 facta
1793 5329 1917 5374 sunt

302 5429 483 5482 omnia
518 5440 667 5479 nova
694 5420 761 5475 ".
786 5419 981 5474 Omnia
1004 5427 1186 5472 autem
1211 5432 1309 5487 per
1334 5417 1525 5481 Deum,
1555 5414 1648 5485 qui
1674 5414 1920 5471 reconci-

306 5520 457 5574 liavit
498 5530 609 5572 nos
635 5512 751 5570 sibi
776 5527 875 5582 per
900 5510 1212 5567 Christum.
1250 5508 1405 5575 Quod
1433 5508 1476 5562 si
1499 5506 1717 5561 videtur
1740 5504 1920 5559 adhuc

309 5615 580 5677 dubium,
614 5624 789 5681 quem
809 5609 979 5663 Deum
1014 5606 1163 5660 dicat
1210 5620 1307 5674 per
1330 5603 1609 5659 Christum
1656 5600 1918 5656 mundum

316 5706 411 5759 sibi
450 5700 848 5761 reconciliare.
878 5706 1069 5751 utrum
1100 5696 1314 5751 Patrem
1335 5711 1404 5749 an
1428 5694 1660 5758 Filium,
1705 5692 1773 5746 ab
1804 5691 1920 5760 ipso
1946 5717 1953 5724 -

387 5861 425 5891 ³³
453 5862 495 5916 ιι
528 5860 662 5914 Cor.
690 5874 740 5923 v,
777 5854 855 5909 l9.
934 5855 977 5886 ³⁸
1002 5853 1213 5908 Coloss.
1237 5868 1291 5915 ιι,
1315 5850 1367 5904 9.
1445 5846 1485 5881 ³⁷
1509 5849 1553 5904 ll
1581 5848 1706 5904 Cor.
1730 5864 1780 5916 ν,
1810 5848 1892 5901 l7.

2001 4713 2277 4782 sapienter
2307 4726 2619 4767 sermonem
2665 4717 2964 4781 temperat,
2994 4716 3055 4763 ut
3081 4723 3185 4762 nec
3231 4708 3403 4762 Deum
3431 4721 3585 4759 mor—

2001 4813 2159 4858 tuum
2190 4820 2220 4857 a
2253 4804 2363 4858 Deo
2388 4803 2548 4857 Patre
2565 4802 2949 4857 resuscitatum
3003 4800 3291 4855 audientes
3356 4798 3588 4853 seanda-

2008 4895 2326 4959 lizarentur,
2358 4894 2497 4948 duos
2539 4893 2644 4949 sibi
2666 4893 2799 4948 deos
2850 4892 3185 4948 aestimantes
3209 4892 3278 4946 ab
3332 4891 3593 4961 Apostolo

2012 4985 2299 5056 praedicari
2318 5025 2332 5048 ,
2349 5000 2452 5039 nec
2468 4999 2665 5053 purum
2689 4984 2966 5040 hominem
2988 4983 3281 5039 crederent
3310 4982 3592 5038 Christum

2020 5094 2049 5132 a
2079 5076 2312 5132 mortuis
2333 5075 2651 5131 suscitatam
2672 5114 2687 5129 .

2662 5213 2811 5273 CAP.
2842 5212 2984 5270 XIX.

2098 5329 2160 5382 N.
2186 5328 2329 5383 Cum
2347 5327 2498 5383 velut
2534 5326 2755 5396 impiam
2779 5334 2836 5380 et
2865 5325 3191 5380 Arianorum
3236 5316 3595 5389 blasphemiis

2020 5419 2405 5490 eoaequandam
2437 5419 2795 5475 assertionem
2833 5433 3006 5472 meam
3068 5428 3265 5485 arguas
3290 5452 3304 5477 ,
3332 5411 3459 5482 quia
3481 5408 3595 5465 dixi

2013 5519 2323 5565 creaturam
2377 5508 2659 5564 Christum
2720 5547 2735 5573 ,
2785 5508 2880 5577 qui
2940 5521 3041 5575 pro
3117 5501 3323 5557 nostris
3392 5515 3591 5571 pecca-

2023 5601 2094 5655 tis
2127 5609 2211 5656 est
2234 5610 2489 5656 mortuus
2512 5642 2526 5664 ,
2560 5598 2687 5670 quia
2720 5598 2900 5652 omnis
2936 5596 3125 5665 utique
3157 5603 3414 5649 creatura
3448 5607 3597 5647 mor-

2025 5690 2147 5743 talis
2173 5730 2186 5750 ,
2247 5690 2553 5744 immortale
2613 5696 2801 5742 autem
2831 5690 2915 5739 est
2953 5681 3099 5753 quod
3150 5680 3595 5737 incrcatumiest

1972 5848 2014 5877 ³⁸
2044 5845 2222 5901 Galat.
2254 5844 2374 5909 1,1.
