4146 6440
631 408 729 475 151

1894 399 2212 460 JOANNIS
2250 400 2629 463 MAXENTII

3790 407 3891 474 152

627 542 687 588 et
715 526 1140 600 quaternitatem
1174 522 1472 595 praedicare
1507 535 1579 574 ne
1623 519 1865 575 azslimes
1895 559 1909 582 ,
1940 534 2009 572 eo
2069 517 2217 587 quod
2248 521 2296 577 Α
2328 522 2381 575 in
2415 539 2668 589 numero,
2700 540 2809 579 non
2845 526 3022 580 solum
3058 526 3360 580 secundum
3392 540 3676 595 personas,
3703 540 3892 581 verum

629 624 746 679 dixi
797 623 1050 678 eumdem
1104 618 1385 674 Christum
1417 631 1448 669 a
1471 622 1586 669 tota
1611 613 1884 667 Trinitate
1920 620 2168 665 creatum
2197 651 2210 674 ,

628 726 686 771 et
710 733 739 770 τι
762 714 994 769 mortuis
1036 709 1423 767 resuscitatum
1458 724 1476 761 :
1510 714 1567 761 tu
1602 706 1829 760 omnino
1874 704 2027 775 juxta
2054 701 2215 756 Aria-

627 824 731 863 nos
752 805 1083 861 liomousion
1109 801 1357 856 dividere
1376 841 1391 863 ,
1420 807 1477 854 et
1513 796 1941 868 quaternitatem
1964 810 2066 864 pro
2089 793 2216 847 Tri-

630 901 798 956 nitate
833 897 1132 967 pratdicare
1156 910 1217 949 es
1245 893 1642 963 deprehensus.

604 1018 610 1029 π
699 990 759 1046 C.
794 990 1117 1059 Quanquam
1170 985 1424 1056 imperite
1452 984 1617 1039 nimis
1650 996 1870 1037 omnem
1899 988 2214 1036 creaturam

630 1084 916 1140 mortalem
948 1096 1069 1135 esse
1104 1079 1333 1133 deilnias
1360 1118 1374 1141 ,
1400 1077 1496 1131 ubi
1531 1086 1714 1130 tamen
1755 1089 1843 1128 me
1875 1072 2218 1127 Homousion

630 1173 901 1236 dividere,
938 1180 1033 1225 aut
1074 1168 1499 1240 quaternitatem
1530 1182 1630 1237 pro
1687 1165 1962 1219 Trinitate
2019 1161 2219 1232 pradi-

631 1283 758 1322 care
792 1265 1049 1335 coarguis
1075 1264 1099 1317 ?

703 1359 769 1413 N.
802 1359 860 1414 In
890 1373 956 1411 eo
986 1372 1110 1410 cum
1144 1354 1283 1409 dicis
1313 1369 1484 1408 unum
1514 1370 1581 1407 ex
1607 1352 1901 1407 Trinitate.

703 1451 766 1507 C.
792 1452 935 1505 Doce
960 1465 1111 1519 ergo,
1135 1462 1340 1518 quzeso,
1365 1444 1832 1516 quemadmodum
1856 1444 1974 1499 haec
2005 1444 2215 1509 dicens,

635 1543 963 1599 divisionem
997 1543 1241 1611 ingeram
1273 1539 1551 1604 Trinitati,
1578 1538 1665 1593 vel
1697 1537 2127 1607 quaternitatem
2162 1538 2218 1591 in

635 1636 1027 1711 praedicatione
1055 1633 1342 1687 Trinitatis
1373 1632 1650 1687 inducam.

706 1726 772 1782 Ν.
803 1726 998 1781 Omnia
1039 1742 1160 1795 quas
1197 1726 1387 1779 insunt
1426 1723 1603 1788 factis,
1630 1721 1849 1777 infectis
1888 1720 2070 1777 inesse
2103 1736 2217 1775 non

636 1826 887 1888 possunt.
921 1816 1124 1869 Infecta
1169 1830 1302 1869 vero
1342 1821 1428 1869 est
1469 1813 1732 1878 Trinitas,
1764 1823 1840 1878 et,
1866 1821 1926 1867 ut
1964 1812 2213 1867 omittam

637 1917 853 1972 cratera,
878 1906 1021 1961 inest
1050 1905 1208 1961 factis
1241 1904 1409 1961 etiam
1443 1920 1730 1969 numerus,
1760 1904 1814 1958 in
1847 1919 2080 1959 numero
2112 1919 2215 1958 au-

636 2008 747 2053 tem
777 1997 913 2053 ordo
936 2006 1020 2053 est
1043 1996 1205 2067 primi
1233 2004 1289 2051 et
1312 1996 1562 2056 secundi.
1590 1996 1645 2050 in
1673 1996 1868 2051 ordine
1892 2012 2022 2051 vero
2048 1998 2218 2068 majo-

634 2092 714 2146 ris
735 2092 1076 2161 minorisque
1102 2090 1349 2161 gradatio
1376 2098 1556 2159 potest
1580 2090 1833 2145 accidere
1857 2090 2136 2153 Trinitati,
2161 2100 2217 2147 et

633 2200 699 2239 ea
736 2184 951 2238 ratione
980 2198 1087 2253 qua
1122 2182 1175 2237 ei
1209 2198 1321 2237 non
1354 2182 1562 2244 insunt,
1588 2197 1709 2251 qua:
1744 2182 1933 2236 insunt
1960 2198 2213 2249 numero,

631 2294 738 2334 nec
768 2292 1037 2332 numerus
1071 2276 1215 2330 inest
1247 2275 1322 2330 ei.
1348 2275 1696 2345 Quapropter
1728 2290 1840 2330 non
1874 2285 1959 2330 est
1989 2276 2216 2331 omnino

630 2371 853 2425 veritati
885 2384 1211 2441 congruum,
1241 2384 1410 2423 unum
1445 2384 1513 2423 ex
1543 2368 1812 2423 Trinitate
1842 2368 2028 2424 dicere
2056 2368 2219 2423 Chri-

633 2471 803 2526 stum,
829 2462 955 2533 quia
984 2478 1173 2525 unum,
1199 2460 1413 2515 numeri
1444 2469 1657 2516 constat
1682 2476 1804 2517 esse
1832 2462 2160 2516 vocabulum
2197 2480 2210 2515 :

633 2566 692 2611 et
729 2556 859 2624 quia
897 2556 1078 2610 omnis
1119 2570 1383 2610 numerus
1423 2555 1479 2609 in
1519 2554 1792 2610 divisione
1832 2563 1937 2621 est,
1967 2554 2216 2611 dividere

633 2656 720 2701 est
759 2644 1127 2711 Homousion,
1163 2659 1335 2699 unum
1381 2644 1569 2699 dicere
1611 2659 1679 2698 ex
1717 2644 2015 2709 Trinitate,
2050 2660 2213 2715 quam

636 2747 855 2796 constat
899 2740 952 2793 in
990 2739 1225 2803 unitate,
1261 2754 1370 2792 non
1416 2738 1471 2792 in
1507 2737 1779 2792 divisione
1819 2738 2142 2793 subsistere.

705 2832 768 2887 C.
817 2832 999 2887 Multis
1053 2840 1110 2885 et
1160 2830 1450 2902 superﬂuis
1502 2830 2023 2885 ratiocinationibus
2076 2829 2215 2884 nihil

634 2938 868 2994 prorsus
911 2922 1104 2993 egisti,
1139 2921 1246 2976 nisi
1295 2931 1356 2975 ut
1395 2931 1449 2976 te
1488 2929 1613 2991 post
1655 2920 1886 2975 nimium
1934 2920 2213 2986 laborem,

639 3014 1016 3071 Sabellianum
1058 3013 1401 3077 ostenderes,
1432 3012 1527 3083 qui
1564 3012 1708 3067 sicut
1739 3027 1902 3066 unam
1938 3021 2214 3078 naturam,

639 3109 723 3166 sic
770 3124 936 3163 unam
986 3116 1043 3163 et
1091 3107 1457 3162 substantiam
1511 3107 1626 3161 sive
1676 3123 1965 3177 personam
2019 3107 2217 3161 asserit

2317 617 2483 672 etiam
2514 618 2819 673 secundum
2850 628 3103 673 naturam
3130 620 3375 673 Trinitas
3400 616 3803 673 numerabitur.
3827 619 3895 673 Et

2317 710 2467 780 quia,
2496 721 2558 765 ut
2588 711 2747 777 dicis,
2775 712 2956 767 omnis
2988 728 3253 766 numerus
3277 712 3330 765 in
3362 711 3695 765 divisionem
3729 709 3895 774 cadit,

2318 820 2350 859 a
2384 812 2437 858 te
2472 804 2679 873 potius,
2712 821 2822 859 non
2857 820 2887 858 a
2920 805 3084 859 nobis
3116 804 3455 859 Homousion
3484 803 3775 865 dividitur,
3803 806 3896 875 qui

2320 910 2491 949 unum
2526 895 2709 949 credis
2740 911 2901 966 posse
2931 896 3015 951 vel
3048 896 3332 952 numerari
3362 896 3448 951 vel
3481 896 3676 951 dividi.
3712 895 3818 952 Sed
3852 898 3895 953 si

2319 1001 2528 1052 unum,
2573 985 2723 1056 quod
2772 986 3074 1057 perfectum
3126 996 3210 1043 est
3257 998 3313 1043 et
3361 988 3744 1054 individuum,
3788 1004 3897 1043 non

2317 1085 2503 1145 potest
2539 1077 2596 1131 in
2634 1076 2967 1134 divisionem
3008 1080 3228 1134 numeri
3272 1081 3453 1150 aliqua
3493 1079 3708 1134 ratione
3745 1094 3897 1134 rece-

2318 1167 2486 1231 dere,
2534 1183 2645 1223 non
2699 1168 3002 1225 dividimus
3051 1169 3392 1226 Homousion
3441 1186 3566 1225 cum
3615 1171 3895 1226 Christum

2320 1276 2493 1315 unum
2516 1275 2584 1315 ex
2607 1260 2877 1317 Trinitate
2901 1278 3024 1318 esse
3048 1263 3322 1318 veraciter
3343 1264 3691 1318 conlitemur.
3713 1263 3899 1333 Neque

2317 1354 2465 1409 enim
2508 1354 2693 1409 omnia
2731 1371 2853 1424 quas
2890 1365 3255 1411 numerantur
3288 1358 3451 1411 etiam
3490 1357 3657 1421 rebus
3692 1357 3898 1427 pariter

2318 1445 2667 1513 dividuntur,
2694 1448 2949 1517 quamvis
2978 1448 3165 1503 omnia
3200 1464 3323 1520 quae
3355 1448 3682 1503 dividuntur
3711 1449 3895 1513 rebus,

2319 1538 2483 1592 simul
2523 1538 2690 1594 etiam
2733 1549 3113 1595 numerentur.
3148 1541 3516 1596 Numeramus
3555 1541 3740 1605 enim,
3774 1557 3896 1596 cum

2318 1629 2556 1685 dicimus
2595 1631 2733 1687 duas
2770 1631 3039 1687 eﬂicacias
3077 1633 3210 1699 soli,
3248 1633 3599 1703 splendorem
3641 1633 3899 1689 videlicet

2318 1731 2375 1776 et
2396 1724 2659 1789 calorem,
2686 1739 2790 1779 nec
2817 1734 3001 1780 tamen
3025 1740 3120 1781 eas
3144 1725 3466 1790 dividimus,
3498 1726 3626 1796 quia
3658 1734 3898 1779 tantum-

2319 1811 2484 1867 modo
2524 1828 2620 1868 eas
2665 1815 2979 1885 cognitione
3021 1817 3382 1887 percipimus.
3427 1817 3693 1872 Similiter
3733 1817 3898 1872 etiam

2318 1920 2696 1971 numeramus,
2725 1921 2852 1962 cum
2884 1908 3121 1964 dicimus
3151 1909 3439 1971 Christum
3472 1910 3764 1965 Dominum
3797 1925 3897 1964 no-

2318 2006 2491 2051 strum
2524 2000 2580 2053 in
2606 1999 2823 2055 duabus
2847 2002 3063 2056 naturis
3092 2003 3284 2068 unitis,
3310 2003 3406 2059 sed
3436 2019 3549 2058 non
3577 2004 3702 2058 ideo
3732 2003 3899 2059 rebus

2317 2089 2539 2144 easdem
2563 2098 2790 2147 naturas
2813 2091 3138 2160 dividimus,
3161 2109 3299 2163 quas
3327 2094 3442 2149 sola
3470 2103 3683 2149 tantum
3712 2095 3901 2165 cogni—

2318 2182 2468 2236 tione
2511 2181 2900 2239 discernimus.
2944 2184 3274 2241 Trinitatem
3329 2194 3549 2253 autem,
3593 2186 3737 2242 sicut
3787 2187 3899 2256 jam

2317 2276 2574 2346 superius
2604 2276 2812 2333 dictum
2840 2287 2947 2343 est,
2979 2279 3284 2334 secundum
3316 2294 3580 2349 personas
3607 2286 3663 2333 et
3691 2277 3901 2333 discer-

2317 2366 2501 2421 nimus
2523 2375 2579 2421 et
2600 2382 2977 2433 numeramus,
2999 2386 3162 2439 quam
3194 2378 3379 2425 tamen
3405 2369 3711 2425 secundum
3738 2378 3901 2424 natu-

2319 2473 2473 2524 ram,
2505 2474 2628 2528 qua:
2674 2475 2782 2515 una
2831 2471 2889 2516 et
2931 2461 3047 2516 sola
3091 2472 3205 2528 est,
3235 2478 3343 2518 nec
3384 2462 3756 2518 discernimus
3801 2477 3900 2517 nec

2317 2565 2675 2607 numeramus
2726 2570 2739 2606 :
2790 2553 2919 2623 quia
2971 2554 3156 2609 unitas
3204 2555 3321 2610 sive
3370 2554 3758 2625 singularitas,
3807 2570 3898 2610 seu

2317 2651 2470 2699 certe
2514 2644 2682 2715 (quod
2717 2646 2918 2700 melius
2950 2645 3063 2701 dici
3097 2646 3253 2716 puto)
3288 2647 3423 2701 unio
3454 2646 3767 2701 divinitatis
3803 2662 3902 2701 nec

2318 2737 2677 2799 discernitur,
2707 2752 2812 2792 nec
2852 2747 3199 2793 numeratur.
3231 2739 3447 2794 Dicitur
3480 2754 3612 2809 ergo
3652 2737 3903 2793 Christus

2318 2845 2463 2886 unus
2506 2846 2575 2886 ex
2624 2830 2928 2896 Trinitate,
2961 2840 3019 2886 et
3061 2846 3172 2886 non
3219 2831 3488 2886 dividitur
3531 2831 3900 2895 llomousion,

2316 2924 2447 2993 quia
2483 2940 2592 2979 non
2633 2923 2935 2979 secundum
2974 2924 3029 2979 id
3074 2924 3222 2993 quod
3261 2931 3587 2979 numeratur
3624 2922 3901 2988 Trinitas,

2318 3014 2414 3069 sed
2443 3014 2751 3070 secundum
2780 3014 2835 3069 id
2860 3031 2971 3085 quo
2998 3024 3324 3071 numeratur
3349 3031 3492 3069 unus
3518 3032 3583 3070 ex
3609 3016 3901 3081 Trinitate,

2317 3106 2576 3162 Christus
2623 3107 2913 3162 asseritur.
2952 3108 3268 3177 Prmcipue,
3301 3108 3431 3177 quia
3475 3123 3646 3162 unum
3696 3124 3905 3178 nequav

638 3200 949 3255 Trinitatis.
975 3200 1067 3256 Sic
1095 3201 1265 3266 enim,
1289 3207 1350 3254 ut
1380 3208 1438 3255 tu
1467 3199 1571 3258 vis.
1598 3199 1654 3253 in
1686 3200 1835 3254 nulla
1861 3208 2016 3269 parte
2039 3200 2218 3254 aderit
2245 3214 2287 3270 ρ
2320 3214 2484 3269 quam
2506 3240 2521 3263 ,
2560 3205 2625 3252 ut
2673 3198 2882 3253 dictum
2934 3206 3050 3263 est,
3094 3208 3386 3269 reputetur
3434 3199 3491 3253 in
3542 3215 3811 3264 numero,
3852 3208 3904 3255 et

638 3310 907 3349 numerus
932 3293 1241 3358 Trinitatis,
1270 3309 1379 3346 non
1407 3292 1519 3363 jam
1552 3292 1819 3356 Trinitas,
1850 3291 1946 3346 sed
1980 3302 2219 3347 tantum-

638 3384 805 3440 modo
846 3384 979 3439 unio
1025 3394 1140 3439 tota
1183 3384 1487 3439 secundum
1532 3391 1706 3437 totum
1748 3392 1833 3438 est
1874 3401 1887 3437 :
1925 3392 1981 3437 et
2018 3384 2064 3438 si
2106 3392 2218 3437 tota

638 3477 946 3534 secundum
982 3485 1157 3531 totum
1192 3477 1323 3531 unio
1353 3485 1460 3539 est,
1493 3474 1772 3545 quomodo
1804 3474 2077 3530 Trinitas?
2110 3475 2218 3530 nisi

638 3570 781 3626 forte
822 3570 1142 3624 nominibus
1183 3577 1424 3633 tantum,
1462 3577 1519 3622 et
1562 3583 1671 3622 non
1715 3567 2068 3633 substantiis,
2102 3567 2219 3623 sive

637 3656 1265 3727 personis.Trinitatem,
1275 3658 1428 3727 juxta
1456 3657 1780 3723 Sabellium,
1796 3657 1939 3712 sicut
1963 3658 2220 3728 superius

639 3748 847 3802 dictum
894 3757 1007 3812 est,
1048 3746 1214 3817 558
1256 3756 1313 3803 et
1356 3748 1586 3803 Paulum
1637 3748 2052 3803 Samosatenum
2097 3765 2219 3805 esse

640 3838 950 3893 contendis.
984 3838 1095 3892 Aut
1124 3838 1171 3891 si
1210 3838 1375 3892 rebus
1407 3845 1464 3891 et
1499 3836 1823 3892 substantiis
1856 3837 2047 3893 fateris
2084 3838 2217 3893 sub-

642 3929 839 3985 sistere
878 3929 1237 3993 Trinitatem,
1276 3936 1333 3983 et
1374 3929 1543 3983 alium
1585 3928 1725 3983 dicis
1766 3929 2011 3995 Patrem,
2052 3930 2219 3985 alium

642 4019 868 4083 Filium,
902 4019 1069 4073 alium
1111 4028 1293 4073 autem
1334 4018 1599 4088 Spiritum
1640 4027 1912 4085 sanctum,
1942 4022 2219 4090 quomodo

641 4111 886 4166 Trinitas
935 4127 1044 4165 non
1098 4110 1460 4166 numeratur?
1506 4126 1632 4165 nam
1679 4111 1785 4166 hoc
1838 4111 2016 4183 ipsum
2069 4114 2217 4184 quod

641 4201 887 4257 Trinitas
959 4202 1167 4258 dicitur
1206 4242 1222 4265 ,
1276 4202 1498 4257 nonnisi
1568 4219 1859 4259 numerum
1923 4204 2216 4277 signiﬁcat.

639 4292 975 4348 Numeratur
1007 4308 1138 4363 ergo
1168 4293 1442 4357 Trinitas,
1468 4302 1525 4349 et
1555 4310 1665 4349 non
1699 4305 2025 4351 numeratur
2057 4315 2070 4351 :
2106 4314 2218 4353 non

641 4396 965 4441 numeratur
987 4386 1290 4443 secundum
1315 4397 1591 4453 naturam,
1615 4390 1742 4460 quia
1766 4392 1835 4446 de
1859 4406 1925 4447 ea
1949 4393 2219 4464 scriptum

641 4487 727 4532 cst
759 4495 772 4531 :
809 4478 879 4532 Et
907 4480 1179 4549 sapientia:
1211 4481 1323 4550 ejus
1353 4498 1457 4534 non
1487 4491 1563 4536 est
1591 4499 1837 4538 numerus
1861 4485 1925 4550 ”,
1953 4501 2221 4541 numerus

2324 3291 2512 3347 omnia
2556 3307 2679 3362 quae
2725 3292 3010 3347 intellectu
3060 3301 3462 3357 numerantur,
3492 3308 3602 3347 non
3651 3294 3907 3363 protinus

2325 3386 2492 3441 rebus
2538 3386 2706 3440 etiam
2751 3385 3099 3441 dividuntur.
3134 3384 3275 3441 Hinc
3316 3395 3371 3441 et
3414 3386 3617 3441 Paulus
3663 3403 3677 3439 :
3728 3385 3904 3449 Unus,

2325 3476 2525 3546 inquit,
2552 3476 2692 3531 Deus
2727 3475 2911 3541 Pater,
2941 3492 3005 3530 ea:
3037 3493 3139 3548 quo
3169 3479 3371 3539 omnia,
3400 3486 3447 3530 et
3482 3494 3616 3531 unus
3650 3476 3907 3530 Dominus

2325 3576 2503 3623 noster
2522 3567 2676 3623 Iesus
2702 3566 2960 3632 Christus,
2984 3585 3075 3639 per
3097 3585 3253 3639 quem
3278 3570 3457 3622 omnia
3473 3568 3539 3622 ".
3562 3568 3908 3639 Quapropter

2325 3670 2435 3716 tam
2478 3661 2692 3716 ratione
2736 3677 2901 3731 quam
2940 3661 3027 3716 his
3066 3660 3271 3717 divinis
3308 3661 3641 3716 testimoniis
3676 3677 3818 3715 vana
3856 3670 3909 3717 et

2324 3754 2506 3809 inanis
2544 3753 2776 3809 docetur
2808 3754 2901 3808 illa
2944 3764 3037 3808 tua
3078 3754 3268 3809 multis
3309 3754 3641 3825 syllogismis
3679 3755 3909 3810 collecta

2324 3846 2607 3901 conclusio
2628 3887 2643 3908 ,
2668 3860 2790 3916 quas
2821 3844 2960 3900 dicit
3001 3863 3113 3901 non
3149 3847 3447 3901 convenire
3479 3846 3698 3901 veritati
3734 3862 3907 3901 unum

2323 3953 2391 3992 ex
2416 3936 2688 3992 Trinitate
2719 3935 2904 3991 dicere
2933 3936 3219 3993 Christum
3256 3955 3269 3991 :
3307 3938 3438 4008 quia
3470 3954 3661 4003 unum,
3686 3938 3905 3993 numeri

2323 4029 2611 4101 proprium
2647 4039 2752 4096 est,
2784 4044 3050 4085 numerus
3086 4040 3270 4086 autem
3310 4031 3491 4088 omnis
3534 4032 3593 4087 in
3632 4030 3909 4088 divisione

2322 4132 2427 4181 cst.

2958 4213 3111 4271 CAP.
3151 4214 3272 4271 XX.

2393 4308 2461 4363 N.
2485 4306 2763 4377 Quidquid
2794 4322 2861 4362 ex
2890 4307 3074 4377 aliquo
3100 4322 3222 4363 esse
3248 4307 3477 4372 dicitur,
3501 4317 3597 4363 aut
3621 4324 3720 4379 per
3744 4324 3910 4380 gene-

2326 4400 2594 4455 rationem
2614 4441 2629 4467 ,
2664 4407 2761 4455 aut
2789 4414 2889 4470 per
2920 4400 3361 4470 processionem,
3396 4403 3631 4456 alterum
3666 4402 3910 4457 ostendit

2325 4508 2393 4547 ex
2431 4492 2609 4548 altero
2652 4510 2666 4545 :
2714 4508 2811 4563 per
2848 4492 3288 4563 generationem,
3328 4504 3389 4550 ut
3430 4508 3461 4549 a
3505 4495 3666 4550 Patre
3702 4496 3907 4559 Filius,

642 4581 828 4626 autem
857 4572 1161 4627 secundum
1197 4588 1485 4642 personas,
1516 4576 1646 4645 quia
1677 4583 1789 4631 tres
1823 4592 2071 4647 personae
2100 4577 2223 4632 Tri-
2254 4582 2296 4637 D
2325 4581 2470 4636 Deus
2499 4580 2649 4636 enim
2683 4597 2750 4636 ex
2780 4581 2895 4637 Deo
2921 4581 3128 4637 dicitur
3157 4599 3171 4635 ε
3207 4598 3305 4652 per
3332 4586 3745 4653 processionem
3775 4600 3911 4640 vero

645 4664 815 4725 nitas,
840 4664 1001 4720 Pater
1028 4674 1083 4721 et
1108 4667 1277 4723 Filius
1306 4676 1361 4722 et
1389 4667 1631 4739 Spiritus
1661 4678 1901 4725 sanctus.
1930 4670 2075 4741 Ergo
2108 4687 2219 4726 non

644 4756 824 4815 solum
851 4757 1144 4828 singularis
1164 4774 1431 4815 numerus
1454 4760 1508 4817 in
1530 4759 1822 4825 Trinitate,
1841 4777 2031 4816 verum
2054 4761 2221 4817 etiam

644 4846 876 4917 pluralis
897 4848 1229 4913 admittitur,
1251 4851 1381 4906 licet
1402 4866 1512 4906 non
1537 4851 1723 4907 omnia
1751 4851 1967 4906 admitti
1993 4861 2220 4922 queant,

646 4954 772 5008 qua:
814 4939 1003 4995 insunt
1037 4958 1290 4997 numero.
1325 4942 1643 5000 Secundum
1679 4944 1948 5013 pluralem
1985 4958 2223 5014 namque

646 5044 943 5085 numerum
972 5030 1182 5085 dictum
1211 5040 1296 5087 est
1326 5049 1339 5085 :
1373 5032 1652 5087 Faciamus
1685 5033 1947 5087 hominem
1981 5034 2050 5087 ad
2082 5035 2222 5088 ima-

648 5124 825 5196 ginem
870 5132 919 5177 et
961 5123 1361 5179 similitudinem
1407 5134 1645 5178 nostram
1673 5124 1740 5179 ‘°.
1778 5125 1845 5179 Et
1890 5142 1905 5179 :
1952 5125 2225 5182 Veniamus

650 5232 746 5286 ego
784 5223 835 5269 et
871 5214 1053 5281 Pater,
1089 5226 1138 5270 et
1177 5219 1505 5271 mansionem
1541 5217 1683 5287 apud
1722 5233 1840 5270 eum
1884 5218 2136 5287 faciemus
2159 5220 2223 5275 “.

648 5307 721 5365 Et
756 5325 770 5362 :
800 5307 914 5378 Ego
950 5315 1001 5360 et
1032 5306 1194 5361 Pater
1223 5322 1389 5361 unum
1419 5323 1601 5361 sumus
1623 5306 1689 5372 ⁸⁸,
1716 5322 1885 5362 unum
1921 5309 2226 5364 secundum

651 5410 938 5467 naturam,
964 5416 1075 5454 non
1112 5400 1421 5455 secundum
1455 5415 1738 5471 personas.
1769 5400 1909 5457 Hinc
1961 5401 2227 5459 docemur

653 5509 825 5549 unum
872 5508 984 5548 non
1031 5508 1152 5548 esse
1194 5508 1515 5556 numerum,
1554 5494 1805 5562 quamvis
1855 5496 1927 5550 sit
1972 5497 2130 5567 origo
2174 5505 2232 5553 ct

652 5585 989 5658 principium
1027 5583 1278 5647 numeri,
1311 5583 1459 5652 quod
1499 5585 1737 5640 solidum
1774 5601 1991 5657 semper
2024 5588 2228 5642 indivi—

655 5691 889 5746 sumque
922 5674 1193 5731 subsistit.
1221 5675 1480 5745 Alioquin
1516 5677 1560 5731 si
1599 5693 1766 5730 unum
1796 5694 1824 5732 a
1858 5690 1909 5733 te
1939 5688 2227 5749 reputetur

725 5884 767 5921 ³³
793 5883 933 5944 Psal.
960 5900 1131 5952 CXLVI,
1289 5888 1329 5920 ³ο
1357 5888 1493 5945 Gen.
1516 5908 1551 5954 ι,
1575 5890 1663 5945 26.
1745 5891 1781 5923 ³³
1802 5891 1955 5951 Joan.
1986 5908 2092 5958 Juv,
2118 5890 2208 5947 ‘23.

2284 5890 2325 5924 ⁴²
2349 5890 2504 5947 Joan.
2531 5906 2583 5958 x,
2607 5889 2694 5945 50.

2327 4672 2581 4728 similiter
2616 4671 2857 4743 Spiritus
2894 4682 3148 4737 sanctus,
3179 4690 3306 4728 nam
3344 4686 3402 4730 ct
3435 4674 3503 4730 de
3540 4692 3607 4731 eo
3642 4676 3911 4747 scriptum

2326 4774 2413 4821 est
2457 4784 2470 4821 :
2508 4764 2618 4821 Nos
2658 4773 2838 4819 autem
2876 4782 2981 4820 non
3021 4767 3271 4836 spiritum
3302 4769 3457 4838 hujus
3490 4771 3673 4823 mundi
3704 4771 3911 4841 accepi-

2329 4873 2467 4920 mus,
2491 4856 2582 4909 sed
2610 4857 2855 4926 spiritum
2878 4857 2968 4926 qui
2994 4872 3057 4910 ea:
3079 4856 3189 4910 Deo
3215 4866 3291 4910 est
3312 4857 3376 4911 “.
3401 4856 3557 4924 Quod
3588 4859 3632 4912 si
3656 4857 3915 4914 Christus

2328 4965 2397 5005 ex
2423 4949 2696 5004 Trinitate
2726 4957 2829 5011 est,
2858 4958 2953 5003 aut
2981 4965 3081 5019 per
3111 4950 3527 5021 generationem
3557 4951 3697 5006 alter
3723 4960 3833 5015 est,
3856 4958 3915 5007 et

2330 5050 2415 5097 est
2438 5041 2584 5096 ﬁlius
2605 5040 2892 5095 Trinitatis
2920 5058 2934 5095 :
2961 5050 3058 5095 aut
3080 5057 3180 5111 per
3204 5044 3618 5112 processionem
3644 5044 3784 5098 alter
3804 5052 3911 5108 est,

2332 5133 2491 5205 quasi
2529 5149 2559 5189 a
2600 5133 2877 5188 Trinitate
2920 5134 3247 5203 procedens.
3286 5133 3353 5190 Et
3391 5136 3540 5205 quod
3584 5152 3685 5191 nos
3724 5136 3913 5193 dicere

2332 5227 2574 5295 putatis,
2616 5240 2716 5280 vos
2764 5232 3022 5294 quartum
3078 5234 3137 5281 et
3186 5236 3509 5282 extraneum
3561 5244 3592 5283 a
3640 5228 3911 5283 Trinitate

2330 5315 2610 5371 Christum
2641 5315 3122 5386 deprehendimini
3153 5316 3477 5386 praedicare,
3504 5317 3752 5373 dicentes
3782 5333 3909 5373 eum

2329 5425 2453 5465 esse
2496 5424 2561 5463 ex
2600 5407 2895 5463 Trinitate.
2932 5408 3280 5479 Quapropter
3319 5426 3492 5465 unum
3541 5410 3597 5464 in
3639 5410 3911 5465 Trinitate

2328 5500 2612 5556 Christum
2664 5498 2858 5565 fateri,
2906 5502 3241 5557 catholicum
3293 5501 3514 5573 judico,
3563 5517 3675 5557 non
3724 5510 3911 5556 autem

2333 5604 2505 5644 unum
2547 5604 2613 5642 ex
2650 5588 2939 5644 Trinitate.

2400 5680 2462 5735 C.
2495 5678 2649 5735 Sicut
2690 5696 2789 5751 per
2826 5682 3240 5751 generationem
3279 5690 3336 5737 et
3367 5699 3466 5753 per
3498 5680 3911 5753 processionem

2773 5890 2859 5945 ’⁵³1
2889 5889 3018 5947 Cor.
3041 5906 3152 5955 vut,
3179 5888 3236 5947 6.
3312 5888 3402 5944 “I
3437 5887 3565 5944 Cor.
3588 5896 3649 5954 Π,
3674 5884 3761 5940 12.
