4146 6458
399 408 510 476 153

1702 418 2038 492 DIALOGI,
2080 418 2227 479 LIB.
2267 417 2353 479 II.

3567 419 3667 482 154

398 531 545 585 alter
573 527 886 584 ostenditur
914 545 986 587 ex
1022 532 1220 595 altero,
1253 530 1325 586 ita
1360 540 1416 585 et
1446 546 1545 601 per
1572 530 1983 600 processionem
2012 532 2057 587 Λ
2083 531 2320 601 pulatis,
2350 546 2517 585 unam
2554 545 2846 600 personam
2885 528 3088 585 Christi
3122 528 3321 583 factam
3356 544 3476 584 esse
3511 545 3665 585 com-

403 622 594 691 procul
631 620 805 676 dubio
852 623 999 679 alter
1037 623 1272 681 docetur
1308 639 1373 678 ex
1415 624 1622 687 altero,
1655 623 1785 692 quia
1822 631 1880 677 et
1917 623 1986 677 de

401 724 652 768 creatura
696 713 931 781 dicitur,
978 715 1167 770 omnia
1213 731 1281 770 ex
1328 716 1456 769 Deo.
1502 714 1848 785 Quapropter
1892 714 1987 784 qui

396 802 678 859 Christum
704 821 737 859 a
759 804 1039 861 Trinitate
1067 815 1316 861 creatum
1345 814 1401 861 et
1426 806 1815 861 resuscitatum
1844 820 1991 860 asse-

396 900 547 954 runt,
580 902 851 962 quartum
886 910 1015 949 eum
1056 895 1343 950 evidenter
1376 903 1698 950 extraneum
1736 910 1766 949 a
1800 894 1988 948 Trini-

394 989 509 1037 tate
532 998 636 1052 per
655 986 1000 1041 creationem
1025 994 1291 1041 statuunt.
1312 986 1467 1052 Quod
1492 986 1622 1055 quia
1646 994 1705 1040 tu
1736 986 1991 1056 superius

392 1086 654 1132 astruere
688 1089 929 1133 conatus
962 1095 1045 1143 es,
1078 1078 1206 1134 ideo
1240 1079 1331 1133 hic
1361 1093 1461 1148 per
1489 1078 1901 1150 generationem
1935 1088 1992 1133 et

394 1170 845 1240 processionem,
876 1173 1117 1228 alterum
1152 1170 1360 1226 docens
1397 1184 1522 1226 esse
1558 1186 1629 1225 ex
1666 1171 1863 1235 altero,
1894 1186 1993 1240 per

391 1263 744 1319 creationem
771 1264 962 1321 dicere
987 1264 1237 1331 noluisti,
1255 1271 1545 1319 necontra
1568 1262 1805 1333 teipsum
1832 1278 1993 1334 agere

393 1355 701 1412 videreris.
734 1357 850 1412 Nos
878 1364 1065 1412 autem
1096 1370 1275 1426 neque
1302 1371 1405 1426 per
1430 1356 1868 1427 generationem,
1896 1369 1994 1409 ne-

396 1462 513 1515 que
552 1463 658 1518 per
688 1449 1128 1519 processionem,
1156 1463 1336 1519 neque
1373 1464 1476 1519 per
1506 1448 1865 1512 creationem,
1898 1446 1994 1501 sed

390 1541 555 1609 juxta
584 1554 911 1604 numerum,
935 1537 1219 1594 Christum
1249 1553 1421 1592 unum
1452 1538 1691 1593 fatemur
1720 1553 1788 1591 ex
1815 1537 1997 1591 Trini-

398 1639 539 1692 tate.
569 1631 721 1689 sicut
750 1631 994 1686 solemus
1025 1645 1200 1685 unum
1231 1630 1536 1701 quemlibet
1565 1645 1634 1685 ex
1665 1629 1881 1684 duobus
1910 1630 1996 1684 vel

400 1723 587 1778 tribus
636 1724 965 1793 pluribusve
1012 1723 1330 1793 specialiter
1381 1723 1799 1788 demonstrare,
1840 1723 1996 1793 juxta

396 1831 571 1886 quem
616 1816 847 1870 modum
886 1829 991 1871 nec
1030 1815 1330 1871 diminutio
1372 1815 1462 1881 fit,
1496 1829 1602 1870 nec
1641 1822 1996 1885 augmentum

396 1906 528 1975 ejus
560 1906 821 1971 numeri,
853 1921 966 1975 quo
999 1906 1382 1975 unusquilibet
1416 1906 1733 1976 specialiter
1760 1905 1992 1959 demon-

395 2004 637 2051 stratur.
688 1996 882 2066 Neque
941 1996 1092 2050 enim
1153 1995 1464 2051 diminutus
1514 2001 1601 2050 est
1649 1995 1737 2049 vel
1802 2003 2001 2048 auctus

395 2106 675 2145 numerus
704 2090 1107 2160 apostolorum,
1133 2105 1259 2145 cum
1290 2088 1498 2144 dicitur
1523 2106 1538 2142 :
1580 2086 1724 2143 Unus
1755 2102 1819 2140 ea:
1855 2086 1997 2139 vobis

396 2183 578 2235 tradet
621 2197 708 2236 me
728 2182 795 2248 ⁸⁸,
820 2190 915 2236 aut
951 2182 1197 2252 seipsum
1232 2181 1475 2237 Joannes
1513 2180 1758 2236 alienum
1798 2177 1930 2233 facit
1966 2192 1999 2231 a

396 2274 726 2341 duodecim,
757 2282 856 2328 aut
888 2273 1112 2328 tertium
1147 2273 1423 2328 decimum
1458 2270 1675 2342 probat,
1703 2284 1829 2325 cum
1862 2267 1999 2324 dicit

397 2367 468 2421 de
496 2367 690 2437 seipse
716 2383 732 2419 :
761 2365 829 2419 Et
850 2374 967 2419 erat
991 2365 1291 2419 recumbens
1321 2381 1461 2418 unus
1492 2380 1557 2418 ea:
1586 2361 1859 2433 discipulis
1884 2360 1998 2430 ejus

398 2461 455 2513 in
484 2460 612 2514 sinu
641 2458 791 2525 Iesu,
822 2474 979 2529 quem
1009 2458 1263 2529 diligebat
1295 2457 1588 2528 plurimum
1607 2455 1683 2522 “;
1721 2462 1817 2508 aut
1846 2460 1999 2507 certe

400 2560 769 2623 augmentum
798 2549 897 2615 ibi,
924 2558 1021 2605 aut
1048 2549 1347 2604 diminutio
1374 2548 1558 2617 aliqua
1581 2546 1725 2600 facta
1752 2551 1839 2599 est
1861 2542 2001 2596 duo-

400 2658 528 2698 rum
562 2642 969 2714 discipulorum
1000 2642 1255 2697 euntium
1290 2641 1346 2695 in
1379 2640 1672 2702 Emmaus,
1698 2652 1826 2693 cum
1860 2634 2001 2689 dici-

404 2745 497 2789 tur
528 2752 544 2788 :
584 2734 656 2791 Et
689 2744 810 2789 erat
844 2751 981 2789 unus
1016 2750 1081 2788 ex
1114 2733 1223 2787 illis
1267 2731 1532 2802 Cleophas
1552 2732 1620 2785 ".
1651 2729 2001 2799 Quapropter

404 2841 590 2897 neque
631 2834 1025 2898 augmentum,
1062 2839 1245 2896 neque
1278 2822 1576 2878 diminutio
1608 2821 1671 2875 fit
1703 2816 1996 2885 Trinitati,

401 2918 694 2975 Christum
740 2917 931 2973 dicere
973 2933 1147 2973 unum
1192 2932 1261 2972 ex
1297 2915 1600 2979 Trinitate,
1634 2912 1729 2969 sed
1771 2910 1999 2982 speciali

403 3010 794 3081 assignatione
846 3025 1020 3063 unum
1067 3023 1197 3064 eum
1241 3024 1309 3063 ex
1355 3007 1628 3061 Trinitate
1674 3020 1797 3060 esse
1840 3017 2001 3057 mon-

402 3112 685 3167 strantes,
718 3110 778 3158 et
815 3117 915 3157 eos
953 3101 1052 3171 qui
1093 3100 1475 3156 confusionem
1514 3097 2000 3155 subsistentiarum

406 3196 749 3268 praedicant,
782 3194 1109 3265 abjicimus,
1140 3203 1198 3249 et
1235 3209 1335 3249 eos
1372 3194 1468 3264 qui
1508 3209 1637 3249 eum
1677 3202 1999 3248 extraneum

405 3288 652 3342 credunt
694 3301 764 3341 ex
800 3285 1107 3349 Trinitate,
1140 3284 1351 3339 alienos
1391 3299 1422 3339 a
1461 3283 1732 3339 catholica
1774 3282 2004 3336 veritate

405 3379 768 3434 declaramus
794 3395 809 3432 :
838 3378 990 3449 quod
1017 3378 1148 3448 quia
1178 3386 1237 3432 tu
1260 3377 1482 3431 veritati
1509 3375 1851 3432 contrarium
1880 3389 2003 3431 esse

400 3471 665 3543 jndicas,
706 3479 805 3525 aut
853 3470 1292 3525 substantiarum
1342 3468 1722 3523 confusionem
1774 3466 2004 3522 credere

404 3561 879 3634 deprehenderis,
903 3571 999 3616 aut
1024 3569 1347 3615 extraneum
1376 3575 1407 3614 a
1430 3560 1700 3614 Trinitate
1722 3559 2005 3614 Christum

406 3670 648 3726 prorsus
684 3653 970 3724 intelligis.
996 3653 1181 3709 Unum
1212 3662 1394 3707 autem
1432 3651 1489 3704 in
1516 3650 1787 3704 Trinitate
1819 3650 2006 3704 dicere

406 3748 731 3813 Christum,
767 3754 826 3803 et
868 3761 1044 3800 unum
1093 3759 1223 3800 eum
1270 3760 1339 3799 ex
1380 3742 1652 3797 Trinitate
1698 3741 2003 3812 denegare,

410 3856 525 3895 non
562 3838 1011 3903 Catholicorum,
1040 3843 1101 3891 ut
1134 3836 1358 3899 asseris,
1384 3835 1480 3889 sed
1511 3834 1735 3889 illorum
1768 3843 1853 3888 est
1877 3850 2007 3904 pro-

409 3935 631 4005 prium,
658 3933 758 4003 qui
806 3931 1092 3987 Christum
1124 3944 1156 3984 a
1186 3928 1456 3983 Trinitate
1490 3932 1743 3983 creatum
1780 3927 1854 3981 ita
1886 3942 2009 3982 esse

409 4025 657 4081 credunt
693 4024 751 4077 in
786 4022 1081 4084 Trinitate,
1111 4029 1174 4073 ut
1211 4035 1324 4073 non
1364 4018 1437 4073 sit
1473 4017 1542 4072 de
1576 4017 1873 4082 Trinitate,
1901 4017 2009 4072 hoc

410 4129 524 4183 est,
559 4133 672 4171 non
700 4132 829 4171 eum
856 4113 1166 4169 secundum
1190 4127 1336 4175 esse,
1361 4109 1457 4166 sed
1489 4110 1795 4165 secundum
1830 4110 2011 4165 inesse

410 4217 785 4282 cognoscant.
816 4206 973 4262 Sicut
1009 4215 1071 4261 et
1105 4204 1489 4273 unusquisque
1532 4210 1787 4257 nostrum
1830 4210 1915 4256 est
1955 4202 2011 4255 in

410 4302 727 4365 Trinitate,
756 4300 888 4371 quia
933 4314 1081 4353 unus
1121 4306 1208 4352 est
1248 4297 1426 4360 Deus,
1455 4297 1511 4349 in
1555 4311 1656 4366 quo
1698 4295 1919 4349 vivimus
1962 4300 2012 4346 et

416 4409 698 4450 movemur
728 4399 779 4445 et
808 4409 989 4445 sumus
1012 4390 1090 4457 “;
1118 4390 1205 4445 vel
1240 4395 1393 4444 certe
1424 4388 1569 4442 sicut
1597 4386 1822 4450 dicitur,
1849 4386 2013 4440 Pater

419 4487 480 4540 in
508 4484 681 4548 Filio,
710 4483 850 4538 alter
873 4481 1108 4537 docetur
1132 4480 1187 4534 in
1216 4480 1395 4534 altero
1423 4496 1436 4531 :
1470 4477 1543 4532 ita
1575 4493 1700 4532 cum
1726 4493 1848 4533 esse
1877 4477 2014 4531 dici-

2089 631 2427 690 memorant,
2462 622 2714 678 dicentes
2752 622 3032 677 Christum
3074 637 3239 675 unam
3279 636 3348 677 ex
3394 621 3668 679 Trinitate

2088 732 2401 786 personam,
2432 731 2604 770 unum
2635 716 2915 771 Christum
2948 732 3013 770 ex
3041 714 3310 769 Trinitate
3342 714 3502 769 fateri
3539 716 3668 769 nul-

2088 809 2306 863 latenus
2341 807 2722 878 acquiescant,
2754 823 2822 862 ex
2852 807 3056 877 quibus
3092 816 3143 862 te
3177 822 3346 860 unum
3381 821 3502 860 esse
3536 822 3669 875 pro-

2090 898 2215 964 bas,
2242 900 2373 970 quia
2405 914 2571 953 unam
2600 912 2892 968 personam
2922 898 3203 960 Christum
3232 898 3424 953 dicens
3451 914 3517 953 ex
3543 898 3669 953 Tri-

2090 994 2298 1056 nitate,
2344 1008 2516 1047 unum
2563 1007 2689 1047 eum
2735 991 2921 1046 dicere
2964 1006 3030 1045 ex
3080 991 3353 1045 Trinitate
3405 991 3667 1045 declinas.

2090 1083 2227 1151 Quis
2266 1084 2415 1140 enim
2456 1091 2566 1138 tam
2610 1084 2815 1139 stultus
2858 1092 2915 1137 et
2954 1098 3149 1138 vecors
3188 1094 3293 1147 est,
3324 1084 3418 1153 qui
3461 1085 3610 1139 dicat
3654 1102 3669 1138 :

2092 1176 2289 1231 Petrus
2320 1191 2387 1230 ex
2418 1176 2737 1231 hominibus
2771 1192 2879 1229 una
2914 1190 3150 1245 persona
3183 1187 3287 1240 est,
3318 1192 3429 1231 non
3461 1185 3545 1231 est
3573 1192 3674 1230 au-

2095 1277 2205 1323 tem
2236 1285 2381 1324 unus
2412 1283 2478 1322 ex
2504 1268 2826 1323 horninibus
2852 1268 3081 1322 Petrus?
3111 1267 3457 1337 Quapropter
3480 1267 3674 1322 catho-

2093 1363 2201 1417 lica
2229 1370 2315 1416 est
2340 1360 2608 1426 definitio,
2636 1361 2807 1415 Deum
2837 1360 3075 1415 Verbum
3105 1360 3399 1414 Dominum
3424 1367 3676 1413 nostrum

2094 1454 2374 1511 Christum
2400 1468 2523 1507 cum
2554 1452 2778 1522 pr0pria
2804 1466 2991 1516 carne,
3019 1466 3190 1505 unum
3216 1450 3375 1504 fateri
3407 1465 3472 1504 ex
3497 1449 3681 1503 Trini-

2098 1554 2229 1609 tate,
2255 1544 2384 1599 licet
2410 1560 2522 1599 non
2555 1545 2627 1599 sit
2677 1542 2982 1598 secundum
3015 1557 3241 1597 carnem
3270 1542 3340 1598 de
3368 1540 3676 1597 substantia

2098 1637 2407 1692 Trinitatis.

2168 1728 2235 1784 Ν.
2266 1727 2560 1797 Nunquam
2605 1741 2708 1796 ego
2750 1725 3033 1781 Christum
3080 1741 3253 1780 unum
3296 1740 3364 1780 ex
3406 1724 3678 1779 Trinitate

2101 1820 2397 1883 confiteor,
2438 1820 2567 1889 quia
2612 1819 2669 1873 in
2718 1819 2871 1873 nulla
2918 1818 3028 1873 hoc
3074 1818 3362 1887 Scriptura
3413 1817 3679 1872 canonica

2096 1916 2318 1986 legitur.
2346 1912 2670 1983 Exemplum
2699 1919 2883 1965 autem
2916 1909 3052 1964 illud
3079 1910 3229 1979 quod
3256 1910 3325 1964 de
3352 1910 3516 1964 Petro
3546 1893 3679 1978 pro-

2098 2007 2243 2062 ferre
2271 2004 2515 2068 voluisti,
2544 2003 2682 2057 nihil
2716 2001 2784 2056 ad
2820 2017 3043 2056 causam
3076 2000 3357 2070 pertinere
3393 2000 3681 2070 cognosci-

2102 2105 2213 2157 tur.
2236 2095 2366 2166 quia
2402 2095 2600 2165 singuli
2637 2093 2844 2163 quique
2881 2091 3135 2147 homines
3171 2092 3241 2147 ab
3282 2092 3513 2147 invicem
3554 2099 3685 2146 sunt

2100 2188 2262 2244 divisi
2302 2206 2315 2241 :
2353 2186 2501 2257 quod
2535 2185 2604 2240 de
2635 2185 2725 2240 illa
2756 2184 3044 2239 individua
3076 2192 3131 2238 et
3164 2183 3520 2253 inseparabili
3556 2182 3684 2236 Tri-

2100 2279 2271 2333 nitate
2308 2278 2536 2333 credere
2572 2275 2800 2330 omnino
2836 2274 3067 2344 impium
3106 2273 3518 2342 comprobatur.
3543 2272 3685 2326 Illud

2101 2380 2284 2425 autem
2333 2368 2619 2425 fatendum
2665 2377 2780 2434 est,
2823 2368 2954 2438 quia
3004 2366 3125 2422 sine
3175 2365 3399 2422 Christo
3442 2364 3685 2421 Trinitas

2099 2478 2212 2518 non
2252 2469 2357 2518 εει.

2710 2573 2861 2629 CAP.
2902 2572 3074 2628 XXII.

2170 2667 2231 2723 C.
2261 2667 2318 2723 Si
2351 2684 2634 2739 nunquam
2670 2666 2776 2722 nisi
2804 2666 2952 2737 quod
2983 2668 3039 2719 in
3069 2663 3375 2734 Scripturis
3403 2663 3687 2718 canonicis

2101 2761 2437 2825 continetur,
2469 2770 2523 2815 te
2556 2760 2741 2815 dicere
2810 2756 3160 2828 protestaris,
3196 2755 3421 2809 ubinam
3460 2755 3514 2808 in
3554 2754 3687 2825 ipsis

2100 2853 2281 2924 legisti
2334 2868 2506 2906 unum
2533 2852 2588 2905 in
2615 2850 2888 2905 Trinitate
2914 2848 3218 2911 Christum,
3244 2854 3340 2901 aut
3372 2862 3535 2901 unam
3564 2862 3690 2915 per-

2102 2960 2292 3000 sonam
2319 2959 2387 2999 ex
2411 2943 2704 3007 Trinitate,
2725 2943 2813 2997 vel
2838 2951 3010 3005 certe,
3035 2938 3181 3010 quod
3210 2953 3323 2993 non
3351 2938 3422 2993 sit
3445 2937 3690 2991 Trinitas

2101 3038 2223 3093 sine
2251 3036 2506 3092 Christo?
2528 3034 2685 3102 Quod
2720 3050 2845 3089 cum
2877 3033 3103 3097 dicitur,
3129 3031 3255 3101 quis
3282 3046 3391 3085 non
3420 3028 3692 3098 intelligat

2102 3131 2531 3200 quaternitatem
2562 3143 2661 3182 eos
2688 3127 2782 3197 qui
2816 3127 2923 3180 hoc
2958 3132 3234 3188 asserunt,
3263 3120 3597 3193 praedicare?
3634 3119 3691 3174 Si

2031 3218 2074 3277 C
2106 3223 2254 3279 enim
2287 3238 2396 3277 non
2426 3231 2512 3277 est
2537 3222 2784 3276 Trinitas
2816 3220 2936 3276 sine
2967 3219 3213 3284 Christo,
3239 3226 3323 3272 est
3349 3233 3481 3288 ergo
3509 3216 3694 3270 Trini-

2107 3326 2191 3373 tas
2223 3334 2346 3373 cum
2382 3317 2627 3373 Christo.
2652 3317 2788 3371 Nam
2821 3325 2877 3371 et
2910 3331 3037 3371 cum
3074 3328 3410 3382 unoquoque
3438 3321 3688 3368 nostrum

2104 3419 2191 3467 est
2219 3411 2464 3465 Trinitas
2494 3410 2669 3473 Deus,
2694 3409 2788 3478 qui
2821 3423 2932 3462 non
2967 3407 3036 3463 de
3072 3407 3213 3476 ipso,
3231 3404 3325 3460 sed
3361 3405 3416 3458 in
3450 3404 3568 3473 ipso
3603 3418 3696 3456 su-

2105 3517 2246 3565 mus,
2263 3502 2405 3557 sicut
2415 3502 2528 3572 jam
2552 3500 2830 3569 superius,
2850 3497 3111 3567 Apostolo
3138 3504 3300 3560 teste,
3315 3495 3690 3565 probavimus.

2105 3593 2349 3659 Quartus
2393 3599 2480 3645 est
2519 3605 2651 3660 ergo
2700 3588 2991 3653 Christus,
3026 3603 3150 3643 cum
3194 3601 3305 3656 quo
3352 3592 3408 3639 et
3450 3583 3695 3639 Trinitas

2107 3683 2270 3737 Pater
2317 3688 2375 3735 et
2420 3680 2596 3735 Filius
2642 3688 2699 3734 et
2748 3679 2989 3749 Spiritus
3037 3685 3283 3733 sanctus.
3316 3675 3521 3729 Verum
3565 3672 3696 3742 quia

2106 3773 2390 3829 Christum
2417 3788 2588 3826 unum
2616 3787 2684 3826 ex
2711 3770 2986 3825 Trinitate
3015 3769 3203 3824 dicere
3227 3766 3451 3822 veritati
3481 3774 3697 3820 contra-

2110 3865 2254 3933 rium
2294 3865 2543 3935 iudicas,
2592 3864 2881 3932 cujusnam
2928 3876 3122 3916 vocem
3170 3860 3318 3915 illam
3359 3872 3480 3912 esse
3526 3855 3695 3919 dicis,

2109 3973 2217 4027 qua
2244 3956 2454 4011 dictum
2498 3962 2586 4012 est
2614 3972 2628 4009 :
2653 3954 2847 4009 Factus
2877 3963 2954 4009 est
2976 3953 3152 4009 Adam
3182 3960 3441 4021 tanquam
3470 3965 3603 4002 unus
3633 3963 3699 4000 ex

2112 4048 2256 4101 nobis
2279 4046 2362 4099 ‘9?

2180 4140 2247 4195 N.
2277 4140 2374 4195 Dei
2405 4138 2598 4209 procul
2625 4137 2818 4192 dubio.

2181 4231 2243 4288 C.
2272 4232 2465 4286 Plures
2502 4245 2654 4300 ergo,
2694 4238 2753 4284 et
2789 4244 2901 4282 non
2942 4242 3089 4281 unus
3124 4234 3209 4280 est
3241 4222 3404 4294 559
3440 4223 3608 4285 Deus,
3633 4236 3699 4273 ex

2113 4325 2317 4396 quibus
2343 4338 2488 4377 unus
2513 4322 2649 4377 dicit
2671 4320 2738 4375 ad
2766 4329 2997 4375 cancros
3023 4337 3038 4372 :
3068 4317 3261 4372 Factus
3285 4325 3359 4370 est
3384 4315 3555 4370 Adam
3582 4322 3701 4366 tan-

2115 4435 2277 4490 quam
2296 4434 2433 4470 unus
2463 4432 2526 4469 ex
2556 4414 2748 4468 nobis?

2186 4509 2253 4563 N.
2282 4508 2403 4562 Non
2429 4513 2559 4562 sunt
2580 4505 2768 4575 plures
2814 4502 2923 4567 dii,
2962 4502 3058 4557 sed
3094 4516 3237 4556 unus
3261 4507 3347 4556 est
3369 4500 3516 4555 Deus
3540 4498 3703 4552 Pater

418 4589 514 4633 tur
544 4574 808 4630 Christus
842 4574 899 4628 in
930 4572 1406 4666 Triuitate,alius
1444 4581 1646 4642 praeter
1679 4566 2007 4626 Trinitatem
2037 4570 2089 4631 D
2111 4608 2169 4655 et
2192 4600 2365 4653 Filius
2393 4605 2450 4652 et
2474 4566 2716 4666 Sphiiws
2754 4604 3000 4649 sanctus.

416 4671 609 4725 inesse
642 4666 971 4737 intelligitur
996 4665 1277 4720 Trinitati.

1037 4777 1190 4835 CAP.
1229 4778 1372 4835 XXI.

488 4875 562 4931 N.
594 4872 747 4929 Nihil
779 4872 929 4944 quod
960 4880 1018 4928 et
1048 4872 1146 4927 tibi
1182 4871 1441 4943 objiciam
1480 4872 1728 4928 occurrit
1762 4870 2013 4936 ulterius,

418 4966 531 5021 nisi
566 4965 701 5034 quia
728 4980 841 5020 non
874 4978 1046 5019 unum
1080 4978 1147 5018 ex
1173 4962 1468 5027 Trinitate,
1493 4963 1590 5017 sed
1622 4978 1786 5017 unam
1822 4976 2011 5032 perso-

418 5073 555 5112 nam
594 5055 881 5112 Christum
916 5070 983 5110 ex
1018 5054 1289 5109 Trinitate
1329 5054 1528 5110 melius
1565 5053 1805 5109 arbitror
1838 5052 2015 5109 conti-

421 5148 552 5211 teri,
578 5147 859 5217 prtecipne
883 5147 1016 5217 quia
1039 5158 1153 5202 tres
1178 5161 1430 5217 personae
1456 5156 1589 5201 sunt
1612 5146 1922 5202 Trinitatis.

490 5241 564 5299 C.
596 5239 913 5296 Catholicos
954 5255 1069 5294 non
1109 5240 1245 5295 latet
1273 5256 1304 5295 a
1339 5238 1672 5309 quibusdam
1718 5239 1794 5294 ita
1851 5254 2017 5294 unam

421 5348 733 5404 personam
776 5330 887 5386 dici
932 5330 1248 5396 Christum,
1285 5340 1347 5386 ut
1394 5340 1577 5387 tamen
1624 5347 1737 5387 non
1784 5332 1877 5387 ille
1921 5333 2017 5403 qui

420 5443 527 5498 pro
564 5427 732 5481 nobis
758 5441 926 5482 carne
955 5417 1047 5481 est
1067 5427 1386 5493 cruciﬁxus,
1414 5444 1525 5483 una
1558 5428 1633 5483 sit
1657 5444 1726 5485 ex
1751 5428 2019 5486 Trinitate

420 5534 696 5594 persona.
725 5518 845 5573 Non
881 5522 1032 5574 enim
1073 5534 1142 5575 ex
1178 5521 1397 5576 duabus
1437 5522 1653 5577 naturis
1691 5523 2020 5577 naturaliter

422 5612 641 5677 uultis,
689 5626 858 5675 unam
906 5611 1145 5667 credunt
1181 5612 1385 5667 Christi
1438 5628 1765 5682 personam,
1806 5612 1902 5668 sed
1952 5629 2020 5666 ex

420 5705 654 5761 duabus
686 5704 941 5774 personis
976 5720 1077 5775 per
1100 5704 1545 5777 conjunctionem
1578 5715 1636 5761 et
1663 5704 1892 5776 gratiam
1924 5720 2019 5760 co-

494 5866 549 5901 ”
570 5866 744 5922 Marc.
770 5882 879 5933 xw,
910 5866 994 5921 l8.
1073 5865 1117 5899 “
1134 5865 1293 5922 loan.
1316 5883 1429 5934 xm,
1452 5866 1543 5923 ‘23.

1624 5867 1665 5899 ³⁷
1688 5866 1824 5922 Luc.
1847 5883 1991 5932 xxw,
2025 5868 2105 5920 18.

2182 4690 2243 4746 C.
2270 4689 2414 4757 Quid
2443 4703 2575 4758 ergo
2602 4686 2766 4757 hujus
2818 4686 2937 4749 Dei,
2972 4684 3065 4756 qui
3113 4690 3199 4739 est
3230 4683 3391 4737 Pater
3435 4690 3491 4737 et
3535 4680 3709 4734 Filius

2113 4790 2169 4839 et
2201 4781 2442 4852 Spiritus
2494 4786 2739 4842 sanctus,
2773 4793 2965 4832 vocem
2985 4777 3131 4831 illam
3154 4790 3275 4831 esse
3300 4773 3621 4845 profiteris?
3648 4781 3704 4827 ct

2108 4877 2159 4933 si
2189 4877 2353 4946 hujus
2372 4872 2469 4928 Dei
2503 4889 2607 4927 vox
2652 4873 2743 4927 illa
2782 4881 2865 4927 est
2893 4911 2907 4936 ,
2949 4870 3018 4924 ad
3077 4884 3242 4939 quem
3292 4869 3429 4924 dicit
3461 4885 3479 4923 :
3516 4865 3705 4920 Factus

2115 4976 2190 5024 est
2214 4968 2385 5023 Adam
2417 4976 2674 5037 tanquam
2714 4982 2851 5018 unus
2879 4980 2944 5017 ea:
2982 4963 3126 5017 nobis
3155 4962 3179 5015 ?

2189 5060 2255 5115 N.
2287 5059 2433 5113 Deus
2464 5057 2655 5127 procul
2691 5055 2862 5111 dubio
2890 5055 3053 5110 Pater
3085 5053 3153 5109 ad
3186 5054 3359 5107 Deum
3385 5050 3603 5105 Filium.

2191 5153 2254 5209 C.
2288 5152 2424 5208 Cum
2453 5167 2583 5220 ergo
2608 5150 2771 5204 Pater
2809 5156 2865 5201 et
2894 5147 3066 5200 Filius
3084 5152 3140 5200 et
3189 5143 3429 5211 Spiritus
3485 5147 3710 5194 sanctus

2123 5245 2196 5301 sit
2222 5242 2413 5314 procul
2444 5241 2615 5297 dubio
2642 5257 2749 5295 una
2778 5238 3041 5302 Trinitas,
3069 5251 3191 5291 cum
3224 5234 3386 5288 Pater
3418 5232 3482 5285 ad
3509 5231 3707 5285 Filium

2124 5335 2272 5389 dicat
2302 5349 2320 5386 :
2344 5332 2478 5387 Ecce
2499 5332 2668 5402 factus
2691 5339 2765 5385 est
2784 5329 2954 5385 Adam
2983 5339 3241 5398 tanquam
3269 5340 3403 5376 unus
3429 5338 3491 5375 ea:
3521 5322 3663 5375 nobis
3690 5336 3708 5375 :

2120 5441 2230 5479 non
2262 5424 2361 5479 tibi
2392 5423 2613 5478 videtur
2650 5423 2835 5478 dicere
2870 5461 2886 5486 ,
2923 5430 3183 5491 tanquam
3214 5433 3349 5470 unus
3381 5456 3396 5481 ,
3426 5415 3533 5470 hoc
3584 5423 3667 5469 est
3694 5454 3710 5480 ,

2121 5517 2216 5587 qni
2239 5531 2430 5571 sumus
2462 5514 2753 5569 Trinitas?

2192 5610 2258 5665 N.
2299 5609 2454 5663 Licet
2478 5608 2583 5662 hoc
2616 5607 2765 5661 dicat
2797 5605 2959 5660 Pater
2986 5602 3053 5657 ad
3080 5601 3278 5656 Filium
3317 5641 3331 5665 ,
3363 5616 3465 5672 ego
3504 5608 3710 5661 tamen,

2122 5703 2269 5774 quod
2289 5703 2493 5757 dicitur
2519 5717 2549 5755 a
2588 5700 2894 5770 Scriptura,
2914 5695 3019 5751 etsi
3058 5695 3274 5763 nolens,
3301 5694 3477 5752 fateor
3509 5711 3524 5750 :
3565 5689 3715 5763 quod

2185 5865 2231 5899 ⁵⁸
2251 5866 2377 5920 Act.
2402 5877 2531 5926 xvu,
2554 5860 2644 5916 ‘28.
2723 5859 2767 5890 ⁸³³
2788 5857 2931 5914 Gen.
2956 5872 3032 5922 ut,
3057 5856 3149 5912 22.
