4146 6442
491 380 594 446 155

1421 382 1740 445 JOANNIS
1779 383 2160 443 MAXENTII
2197 385 2530 461 DIALOGI,
2562 389 2708 449 LIB.
2740 388 2824 449 Π.

3642 384 3747 450 156

488 511 669 557 autem
699 502 832 571 ipsis
859 504 1044 559 verbis
1070 520 1176 559 non
1204 504 1483 573 exprimit,
1512 504 1694 558 dicere
1715 502 1939 557 omnino
1957 516 2065 555 non
2099 508 2143 561 Α
2238 503 2299 558 C.
2332 505 2518 560 Jesum
2547 507 2665 562 sine
2690 506 2861 561 dubio
2882 544 2896 572 ,
2932 519 3036 561 nec
3058 504 3291 561 alterum
3322 501 3619 575 aliquando
3649 519 3742 559 co-

489 592 689 647 audeo.
724 593 829 648 Sed
854 595 1202 649 suﬁicitmihi
1230 636 1244 659 ,
1283 604 1342 649 ut
1367 596 1659 649 calumnia
1701 594 2057 649 contentione

488 699 726 749 caream,
763 686 867 739 hoc
898 695 1105 740 tantum
1140 687 1208 741 de
1238 687 1376 741 Filio
1409 687 1617 751 dicere,
1646 688 1791 756 quod
1823 688 1878 740 in
1905 686 2059 757 Sym-

489 773 615 828 bolo
644 776 975 839 continetur,
1012 776 1183 829 Deum
1214 776 1427 832 scilicet
1454 785 1511 831 et
1545 778 1742 832 Filium
1769 787 1824 832 et
1863 779 2051 848 unige-

490 863 662 918 nitum
704 865 878 920 Patris
925 874 1114 921 natum
1167 866 1237 922 de
1282 866 1493 937 Spiritu
1532 877 1723 924 sancto
1772 885 1840 923 ex
1890 869 2058 923 Maria

484 954 727 1025 Virgine.

551 1046 610 1100 C.
646 1046 751 1101 Sed
775 1049 945 1103 Deum
975 1058 1161 1104 natum
1184 1065 1253 1105 ex
1276 1050 1502 1121 Virgine
1550 1051 1715 1106 etiam
1742 1052 1834 1107 ille
1866 1051 2005 1107 dixit
2042 1092 2057 1117 ,

479 1133 573 1201 qui
598 1135 740 1203 apud
765 1135 1045 1206 Ephesum
1077 1137 1474 1193 condemnatus
1496 1147 1580 1194 est
1610 1158 1622 1192 :
1656 1154 1767 1193 non
1794 1156 1905 1209 quo
1928 1155 2063 1193 vere

476 1231 535 1278 et
565 1227 784 1295 proprie
809 1236 998 1281 natum
1020 1228 1378 1284 conﬁteretur
1402 1231 1574 1286 Deum
1597 1246 1664 1285 ex
1682 1229 1885 1285 femina
1914 1271 1929 1296 ,
1963 1230 2059 1285 sed

476 1327 700 1387 propter
725 1322 1029 1377 unitionem
1078 1323 1173 1378 Dei
1206 1322 1373 1378 Verbi
1412 1323 1480 1377 ad
1510 1323 1788 1378 hominem
1815 1323 2015 1378 factum
2042 1364 2057 1389 ,

474 1421 636 1474 quem
660 1408 824 1479 Virgo
857 1411 1015 1464 enixa
1049 1420 1151 1466 est.

545 1498 611 1551 Ν.
636 1499 749 1569 Ego
778 1500 947 1554 Deum
974 1501 1217 1556 Verbum
1262 1501 1567 1557 secundum
1597 1519 1821 1558 carnem
1867 1514 2060 1559 natum

475 1588 602 1644 dico
631 1606 699 1645 ex
729 1590 955 1646 femina.

1074 1733 1232 1789 CAP.
1281 1734 1469 1791 XXIII.

541 1861 603 1917 C.
630 1863 802 1919 Deum
828 1866 1068 1922 Verbum
1110 1886 1270 1938 quem
1311 1884 1496 1925 natum
1546 1873 1685 1928 dicis
1718 1891 1784 1929 ex
1811 1876 2012 1931 femina
2035 1918 2051 1941 ,

469 1961 623 2007 extra
662 1955 986 2011 Trinitatem
1014 1999 1027 2021 ,
1070 1970 1163 2014 aut
1194 1962 1556 2029 Trinitatem,
1604 1975 1700 2019 aut
1760 1983 1929 2021 unum
1987 1984 2056 2023 ex

473 2044 746 2101 Trinitate
768 2050 1044 2117 profiteris
1077 2052 1099 2104 ?

549 2136 616 2190 N.
674 2138 865 2208 Neque
913 2141 1261 2210 Trinitatem,
1313 2161 1492 2216 neque
1518 2157 1671 2202 extra
1729 2149 2055 2206 Trinitatem

465 2226 640 2282 Deum
690 2230 932 2285 Verbum
959 2235 1249 2301 conﬁteor,
1279 2239 1373 2292 sed
1409 2239 1606 2294 Filium
1635 2243 1730 2296 Dei
1758 2243 1929 2298 Deum
1954 2261 2055 2315 pro

464 2332 655 2375 nostra
680 2323 855 2377 salute
888 2341 957 2379 ex
990 2325 1192 2380 femina
1231 2331 1535 2385 secundum
1584 2349 1802 2388 carnem
1862 2345 2051 2390 natum

464 2425 795 2483 passumque
833 2418 1103 2473 confiteor
1122 2460 1135 2485 ,
1180 2421 1288 2475 tuis
1314 2430 1497 2477 autem
1518 2425 1645 2479 nolo
1674 2427 1751 2479 uti
1783 2429 2053 2483 sermoni-

463 2504 571 2564 bus
595 2546 614 2575 ,
639 2523 743 2565 nec
763 2525 890 2565 eum
917 2528 1087 2567 unum
1119 2530 1185 2569 ex
1210 2515 1483 2573 Trinitate
1512 2518 1804 2576 conﬁteor.

1065 2644 1218 2702 CAP.
1265 2648 1455 2705 XXIV.

530 2776 593 2834 C.
618 2777 736 2834 Non
768 2781 999 2844 meis,ut
1030 2786 1163 2839 mihi
1198 2787 1436 2853 videtur,
1454 2788 1537 2844 vis
1562 2791 1641 2845 uti
1670 2794 2043 2863 sermonibus,

458 2872 773 2939 praesertim
830 2889 954 2928 cum
984 2892 1091 2951 non
1126 2894 1280 2944 mea,
1328 2880 1424 2934 sed
1459 2882 1709 2937 veritatis
1732 2884 1847 2939 haec
1881 2886 2048 2942 verba

457 2960 570 3014 sint
596 2977 609 3025 ;
639 2962 732 3016 sed
765 2963 874 3018 tuis
899 2967 1081 3034 potius
1112 2968 1194 3021 vis
1227 2969 1400 3035 abuti,
1435 2987 1587 3026 more
1620 2973 1878 3030 hmretico
1900 3018 1914 3041 ,
1940 2978 2047 3034 hoc

457 3051 639 3123 ipsum
681 3056 828 3125 quod
868 3058 1007 3114 dicis
1039 3101 1052 3125 ,
1076 3060 1417 3132 abnegando.
1481 3065 1617 3119 Nam
1640 3076 1695 3121 et
1718 3068 1907 3123 Ariani
1945 3087 2045 3125 no-

456 3144 669 3249 biscum
706 3159 822 3204 tres
844 3167 1107 3221 personas
1131 3154 1373 3210 fatentur
1392 3197 1405 3221 ,
1435 3158 1651 3214 Patrem
1674 3169 1731 3215 et
1758 3161 1955 3217 Filium
1985 3174 2041 3219 et
2066 3190 2109 3249 ε

455 3234 724 3305 Spiritum
761 3252 1009 3296 sanctum
1042 3284 1056 3307 ,
1089 3244 1184 3298 sed
1211 3246 1461 3302 nolentes
1500 3249 1836 3307 Homousion
1854 3255 2038 3312 dicere

453 3326 695 3383 damnati
725 3341 873 3387 sunt.
910 3332 1178 3389 Similiter
1207 3336 1540 3394 llomousion
1564 3342 1912 3401 Paulianista:
1939 3362 2041 3401 no-

452 3418 663 3474 biscum
692 3422 994 3491 praedicant
1017 3466 1030 3490 ,
1071 3428 1164 3482 sed
1191 3430 1319 3498 quia
1347 3440 1457 3487 tres
1482 3448 1745 3502 personas
1764 3436 2039 3509 denegant

451 3510 736 3569 Trinitatis
756 3556 769 3580 ,
798 3517 1040 3573 haeretici
1066 3520 1299 3590 judicati
1324 3533 1471 3579 sunt.
1508 3525 1681 3597 .‘Eque
1710 3546 1841 3601 ergo
1862 3531 1917 3585 hi
1941 3531 2035 3601 qui

450 3606 621 3661 Deum
643 3609 866 3678 quidem
890 3611 1130 3667 Verbum
1158 3615 1346 3669 dicunt
1368 3626 1555 3671 natum
1588 3623 1892 3677 secundum
1917 3639 2037 3677 car-

448 3710 577 3751 nem
616 3712 683 3751 ex
716 3698 936 3768 Virgine
962 3742 975 3765 ,
1013 3702 1109 3755 sed
1163 3704 1507 3761 nolunteum
1558 3711 1809 3764 confiteri
1864 3728 2034 3766 unum

447 3802 519 3843 ex-
555 3788 862 3853 Trinitate,
896 3800 993 3844 aut
1048 3806 1171 3845 cum
1241 3794 1480 3850 Sabellio
1533 3814 1695 3851 unam
1744 3817 2032 3869 personam

450 3882 618 3937 totius
649 3882 931 3937 Trinitatis
969 3883 1348 3953 intelliguntur
1398 3903 1643 3943 asserere
1671 3932 1684 3956 ,
1728 3901 1823 3945 aut
1863 3895 2030 3948 alium

448 3973 637 4027 nescio
663 3990 824 4043 quem
852 4017 866 4041 ,
895 3975 1067 4029 Deum
1121 3978 1360 4032 Verbum
1395 3980 1697 4049 praedicare
1722 4025 1736 4049 ,
1770 4001 1879 4039 non
1905 4002 2030 4040 eum

448 4065 543 4134 qui
574 4080 642 4119 ex
680 4065 949 4120 Trinitate
975 4075 1098 4131 est,
1141 4069 1517 4125 confutantur.

517 4156 585 4210 N.
620 4156 726 4211 Sed
753 4157 900 4211 aliud
934 4158 1221 4213 estdicere
1247 4200 1260 4221 ,
1288 4170 1401 4215 tres
1440 4177 1703 4229 personas
1722 4205 1735 4228 ,
1763 4173 1819 4218 et
1846 4166 2031 4220 Trini-

450 4254 620 4301 tatem
674 4248 841 4303 unius
884 4250 1135 4304 essentim
1181 4250 1491 4321 denegare,
1544 4262 1639 4307 aut
1696 4253 2029 4313 liomousion

372 4396 375 4399 _
449 4338 698 4393 conﬁteri
728 4382 742 4405 ,
782 4348 838 4395 et
879 4348 991 4396 tres
1032 4358 1296 4412 personas
1323 4345 1470 4397 nulla
1504 4347 1716 4401 ratione
1750 4349 2027 4418 recipere,

447 4432 594 4500 quod
626 4432 793 4487 rebus
816 4433 992 4502 ipsisa
1016 4434 1246 4490 veritate
1279 4435 1627 4500 dissentit,et
1660 4439 1806 4493 aliud
1830 4449 1913 4495 est
1946 4458 2031 4495 re-

447 4526 552 4582 bus
575 4543 877 4599 congruere
905 4569 919 4593 ,
950 4537 1006 4583 et
1038 4530 1222 4584 verbis
1259 4534 1638 4587 tantummodo
1669 4535 1974 4592 dissonare.

516 4619 577 4677 C.
614 4620 757 4691 Quid
794 4637 927 4693 ergo
953 4624 1283 4679 catholicum
1327 4643 1449 4683 esse
1487 4628 1626 4683 dicis
1657 4670 1671 4693 ,
1704 4640 1759 4685 et
1805 4633 2024 4688 veritati

443 4727 768 4782 congruum,
800 4730 968 4767 unum
993 4713 1178 4770 dicere
1204 4716 1481 4772 Christum
1515 4735 1581 4773 ex
1610 4719 1923 4776 Trinitate?

516 4803 582 4859 N.
606 4804 753 4859 Nihil
775 4806 900 4860 volo
925 4806 993 4860 de
1016 4806 1118 4861 hac
1142 4823 1200 4862 re
1219 4809 1452 4865 ulterius
1476 4820 1657 4865 tecum
1671 4814 2021 4882 conquirere.

512 4893 575 4949 C.
611 4893 821 4950 Mecum
846 4898 1174 4966 conquirere
1198 4902 1427 4954 ulterius
1454 4918 1563 4955 non
1615 4904 1722 4958 alia
1765 4912 1816 4959 te
1860 4922 2024 4961 causa

442 4978 731 5049 prohibet,
764 4978 871 5033 nisi
919 4980 1046 5049 quia
1075 4997 1238 5036 sensu
1278 4984 1537 5039 hzeretico
1567 5026 1581 5051 ,
1612 4988 1801 5043 nescio
1858 5005 2023 5059 quem

442 5072 614 5125 Deum
634 5070 897 5137 Verbum,
923 5089 1031 5126 non
1066 5089 1190 5127 eum
1220 5077 1312 5145 qui
1343 5092 1410 5130 ex
1437 5076 1707 5132 Trinitate
1738 5095 1882 5134 unus
1916 5088 2020 5147 est,

436 5164 592 5233 juxta
653 5163 978 5217 Manichacus
1011 5164 1307 5233 prtedicare
1362 5167 1727 5222 convinceris.
1780 5168 1835 5224 Si
1873 5171 2022 5224 enim

440 5271 553 5310 non
583 5255 640 5311 in
668 5272 855 5322 sensu,
886 5256 981 5311 sed
1004 5265 1211 5311 tantum
1237 5258 1291 5312 in
1319 5259 1667 5314 sermonibus
1685 5260 2021 5325 dissonares,

439 5346 706 5415 probares
735 5348 927 5417 utique
975 5346 1304 5402 catholicum
1345 5364 1465 5404 esse
1510 5366 1678 5404 unum
1725 5366 1794 5404 ex
1840 5350 2024 5405 Trini-

442 5444 553 5493 tate
595 5438 874 5495 Christum
904 5439 1082 5496 fateri.

508 5524 579 5582 N.
607 5526 726 5581 Non
761 5528 860 5585 tibi
890 5530 1111 5585 videtur
1148 5529 1387 5601 idipsum
1422 5546 1543 5586 esse
1562 5572 1578 5595 ,
1605 5530 1753 5601 quod
1779 5540 1834 5585 tu
1861 5532 2019 5597 dicis,

440 5619 661 5687 etquod
699 5637 798 5692 ego
824 5641 836 5675 :
861 5633 1010 5678 antu
1052 5623 1220 5678 alium
1250 5625 1440 5680 nescio
1474 5638 1662 5693 quem,
1696 5639 1807 5676 non
1850 5624 2022 5678 Deum

440 5721 633 5760 verum
664 5709 847 5769 Jesum
880 5714 1185 5782 Christum,
1233 5715 1374 5773 dicis
1404 5730 1528 5771 esse
1564 5730 1736 5769 unum
1784 5730 1850 5768 ex
1898 5715 2021 5770 Tri-

442 5798 652 5859 nitate?

2154 612 2349 666 ~gnovn

2230 687 2298 741 N.
2330 687 2385 742 Si
2412 704 2542 759 ergo
2577 688 2814 758 idipsum
2852 696 2957 753 est,
2986 686 3158 745 audes
3176 702 3265 743 me
3299 685 3621 742 haereticum
3658 684 3745 739 di-

2161 792 2308 843 cere,
2340 778 2385 833 si
2418 779 2527 834 tuis
2563 778 2912 834 sermonibus
2942 779 3021 833 uti
3047 779 3312 843 noluero,
3345 792 3437 842 ne,
3471 777 3603 831 dum
3640 776 3741 832 tibi

2162 866 2459 934 satisfacio,
2509 868 2633 923 aliis
2661 867 2933 923 haereticis
2986 867 3338 923 occasionem
3387 866 3475 921 sui
3531 865 3742 922 erroris

2161 958 2354 1014 videar
2382 961 2666 1015 exhibere.

2230 1050 2290 1106 C.
2321 1051 2377 1107 Si
2412 1053 2483 1107 ob
2506 1053 2560 1108 id
2586 1070 2694 1108 non
2755 1062 2843 1110 est
2893 1052 3148 1109 Christus
3172 1050 3445 1119 jfatendus
3491 1066 3635 1106 unus
3672 1066 3742 1106 ex

2162 1141 2431 1198 Trinitate
2450 1185 2464 1209 ,
2492 1160 2559 1199 ne
2600 1145 2732 1199 dare
2763 1144 3107 1199 occasionem
3134 1141 3422 1197 videamur
3442 1141 3741 1206 haereticis,

2162 1249 2269 1287 non
2298 1244 2428 1288 sunt
2458 1234 2781 1289 conﬁtenda-3
2808 1245 2921 1289 tres
2955 1248 3204 1303 persona:
3230 1240 3322 1298 ,et
3348 1232 3627 1296 Trinitas,
3668 1246 3741 1285 ne

2162 1325 2356 1381 demus
2395 1327 2613 1382 Arianis
2661 1328 3004 1382 occasionem
3034 1327 3057 1379 ?
3090 1341 3193 1381 nec
3228 1340 3421 1380 rursus
3466 1326 3741 1379 conﬁten-

2161 1418 2292 1471 dum
2315 1418 2672 1483 llomousion,
2703 1433 2771 1472 ne
2800 1418 3008 1472 similes
3028 1416 3315 1471 videamur
3340 1414 3742 1471 Pauliauistis?

2162 1510 2446 1565 Postremo
2480 1519 2748 1579 negentur
2772 1510 2893 1563 dua:
2914 1517 3141 1573 naturae,
3172 1509 3302 1579 quia
3333 1523 3428 1563 eas
3451 1506 3742 1562 Nestorius

2162 1617 2379 1671 semper
2407 1610 2463 1657 et
2490 1603 2694 1673 ubique
2718 1603 3000 1673 professus
3018 1612 3101 1657 est
3135 1619 3149 1668 ;
3183 1602 3332 1672 quod
3366 1601 3411 1655 si
3438 1600 3531 1654 ﬁat
3560 1641 3575 1664 ,
3602 1599 3738 1670 quid

2162 1694 2532 1747 conﬁtendum
2555 1695 2645 1759 sit,
2674 1695 2880 1749 nescio.
2913 1694 3324 1757 Verumtamen,
3382 1694 3425 1747 si
3458 1693 3582 1762 quis
3637 1691 3738 1746 tibi

2162 1785 2381 1840 dixerit:
2407 1785 2793 1841 Christotocon
2814 1786 3025 1841 beatam
3044 1785 3219 1839 fateor
3236 1785 3535 1855 Virginem,
3558 1784 3740 1837 Theo-

2158 1889 2320 1932 tocon
2353 1894 2483 1933 vero
2526 1878 2711 1932 dicere
2761 1877 3079 1931 nullatenus
3131 1877 3446 1946 acquiesco,
3498 1877 3737 1931 catholi-

2155 1984 2280 2024 cum
2309 1968 2459 2023 hunc
2486 1984 2556 2021 an
2589 1966 2905 2021 luereticum
2934 1981 3055 2022 esse
3082 1966 3455 2037 pronuntias?

2222 2058 2289 2112 N.
2326 2058 2656 2112 Hzereticum
2676 2058 2866 2127 procul
2905 2056 3075 2111 dubio
3109 2056 3304 2120 fateor,
3334 2056 3465 2126 quia
3502 2056 3739 2126 hocjatn

2153 2149 2395 2221 synodus
2432 2149 2667 2215 statuit,
2702 2149 2846 2205 sicut
2883 2157 2940 2204 et
2968 2149 3060 2203 illa
3092 2149 3279 2203 omnia
3309 2164 3432 2218 quae
3462 2165 3493 2203 a
3538 2158 3591 2204 te
3636 2164 3737 2204 su-

2153 2240 2342 2310 perius
2365 2249 2495 2293 sunt
2520 2240 2754 2309 prolata.

2210 2332 2283 2388 C.
2310 2332 2521 2389 Rursus
2548 2332 2641 2401 qui
2669 2331 2768 2387 tibi
2793 2331 2956 2386 dicit:
2980 2331 3155 2387 Unam
3175 2340 3428 2387 naturam
3447 2332 3540 2387 Dei
3565 2331 3737 2388 Verbi

2150 2424 2491 2479 incarnatam
2516 2434 2572 2479 et
2601 2424 2898 2479 animatam
2953 2424 3134 2480 anima
3163 2426 3416 2480 rationali
3440 2425 3738 2481 etintelle-

2150 2516 2317 2569 ctuali
2345 2514 2624 2569 Christum
2650 2514 2939 2579 conﬁteor,
2960 2515 3098 2571 duas
3121 2531 3255 2570 vero
3304 2525 3532 2571 naturas
3570 2515 3736 2571 fateri

2150 2623 2261 2661 non
2288 2606 2499 2673 audeo;
2531 2607 2617 2661 vel
2645 2615 2795 2661 certe
2847 2607 2943 2676 qui
2971 2607 3068 2662 tibi
3108 2606 3312 2662 dixerit
3355 2624 3369 2661 :
3408 2607 3487 2661 Ex
3513 2606 3738 2661 duabus

2149 2702 2363 2756 naturis
2379 2699 2545 2755 credo
2572 2700 2874 2763 Christum,
2894 2702 2950 2754 in
2980 2700 3197 2755 duabus
3248 2708 3433 2754 autem
3456 2714 3586 2754 eum
3618 2714 3736 2753 non

2148 2808 2370 2863 possum
2404 2792 2653 2855 credere,
2679 2807 2749 2846 ne
2772 2792 2963 2848 videar
2988 2792 3334 2848 occasionem
3378 2791 3511 2846 dare
3558 2791 3735 2846 haere-

2148 2884 2294 2949 ticis,
2320 2884 2452 2953 quid
2483 2883 2550 2938 de
2572 2883 2777 2938 talibus
2802 2884 3039 2938 censes?
3069 2883 3210 2937 Num
3238 2881 3409 2937 audes
3438 2896 3533 2937 eos
3556 2882 3734 2936 haere-

2146 2976 2284 3029 ticos
2307 2976 2492 3031 dicere
2518 3016 2533 3039 .
2570 2992 2695 3030 cum
2752 2975 2879 3030 aliis
2929 2975 3115 3030 verbis
3144 2974 3282 3029 duas
3304 2974 3467 3029 fateri
3502 2983 3732 3029 naturas

2146 3068 2527 3139 intelligantur
2562 3068 2618 3123 in
2649 3068 2891 3133 Christo,
2933 3067 3029 3123 sed
3061 3082 3130 3122 ne
3156 3066 3453 3122 videantur
3479 3065 3614 3120 dare
3638 3080 3736 3120 oc-

2145 3162 2420 3216 casionem
2476 3161 2750 3216 haereticis
2770 3201 2785 3225 ,
2844 3160 2982 3215 duas
3022 3175 3133 3216 non
3160 3158 3520 3230 acquiescunt
3542 3157 3729 3213 verbis

2141 3250 2275 3321 ipsis
2297 3251 2639 3321 exprimere?

2207 3347 2274 3401 Ν.
2294 3346 2454 3402 Tales
2476 3361 2579 3417 ego
2611 3360 2721 3400 non
2744 3346 2924 3400 solum
2959 3344 3169 3400 alienos
3202 3360 3232 3399 a
3252 3344 3487 3399 veritate
3516 3339 3728 3414 judico,

2136 3456 2327 3495 verum
2353 3439 2517 3495 etiam
2548 3438 2973 3499 anathematito.
3010 3437 3127 3492 haec
3145 3451 3379 3505 namque
3403 3445 3459 3489 et
3478 3448 3591 3488 non
3620 3431 3731 3487 alia

2138 3544 2300 3583 causa
2325 3538 2409 3583 est
2446 3527 2575 3598 quia
2603 3541 2715 3581 non
2763 3527 3238 3581 communicamus
3260 3523 3529 3595 Egyptiis

2746 3618 2897 3673 CAP.
2930 3618 3095 3675 xxv.
3138 3678 3149 3687 ,

2205 3708 2266 3763 C.
2304 3708 2359 3763 Si
2387 3723 2520 3779 ergo
2559 3716 2615 3762 et
2647 3706 2863 3776 hosqui
2899 3706 3020 3761 aliis
3071 3705 3257 3761 verbis
3320 3706 3456 3762 duas
3505 3716 3731 3763 naturas

2135 3796 2469 3867 praedicant,
2503 3795 2597 3849 sed
2629 3795 2821 3848 nolunt
2852 3795 2956 3849 hoc
2995 3794 3139 3850 idem
3170 3795 3304 3865 ipsis
3327 3796 3512 3851 verbis
3541 3797 3729 3866 expri-

2134 3902 2285 3941 mere
2305 3929 2318 3953 ,
2348 3886 2597 3955 quamvis
2634 3901 2983 3955 pnepropere
3008 3894 3066 3939 tu
3092 3886 3381 3941 haereticos
3407 3901 3517 3941 non
3544 3888 3726 3942 solum

2134 3992 2328 4031 censes
2353 4016 2367 4040 ,
2423 3991 2614 4029 verum
2669 3975 2835 4028 etiam
2886 3975 3319 4031 anathematizas
3352 3992 3366 4027 :
3395 3980 3452 4029 et
3507 3990 3605 4030 eos
3629 3977 3727 4045 qui

2132 4068 2518 4123 Christotocon
2558 4067 2747 4120 dicunt
2784 4067 3000 4121 beatam
3031 4067 3601 4132 Mariam,Theotocon
3629 4083 3730 4122 au-

2137 4166 2243 4211 tem
2284 4172 2406 4211 eam
2430 4156 2716 4211 faterinon
2763 4158 3144 4227 acquiescunt,
3190 4159 3441 4213 similiter
3479 4159 3725 4224 damnat,

2133 4263 2259 4302 cum
2279 4256 2493 4303 constet
2513 4248 2793 4303 Christum
2816 4250 2987 4303 Deum
3007 4265 3127 4304 esse
3151 4258 3207 4304 et
3230 4251 3401 4315 Deum
3422 4249 3725 4317 Christum,

2132 4341 2410 4411 quomodo
2431 4355 2533 4395 nos
2545 4340 2859 4397 Catholicos
2870 4342 3245 4412 judicabimus
3267 4358 3364 4398 eos
3408 4342 3501 4412 qui
3528 4344 3725 4398 dicunt

2133 4432 2302 4487 Deum
2321 4430 2562 4486 Verbum
2588 4441 2784 4486 natura
2806 4430 3107 4486 secundum
3132 4445 3352 4485 carnem
3377 4430 3443 4485 de
3468 4430 3715 4501 Virgine,

2064 4540 2109 4594 ι)
2136 4532 2193 4578 et
2224 4538 2443 4592 passum
2468 4538 2632 4577 carne
2668 4538 2769 4592 pro
2792 4522 2986 4588 nobis,
3040 4531 3097 4577 et
3127 4530 3330 4593 negant
3362 4538 3489 4577 eum
3541 4538 3717 4577 unum

2126 4630 2249 4671 esse
2300 4631 2368 4670 ex
2423 4623 2611 4669 sancta
2635 4623 2691 4669 et
2744 4614 3030 4669 individua
3083 4614 3396 4681 Trinitate,
3427 4617 3714 4686 praecipue

2126 4708 2253 4779 quia
2303 4706 2494 4761 dicunt
2514 4707 2620 4761 hoc
2647 4706 2929 4762 catholica:
2953 4706 3079 4761 ﬁdei
3104 4707 3448 4762 convenire?

2194 4800 2262 4854 N.
2294 4799 2402 4853 Sed
2428 4807 2484 4852 et
2531 4798 2667 4853 duas
2695 4807 2920 4853 naturas
2952 4808 3008 4854 et
3034 4800 3347 4854 Theotocon
3375 4799 3557 4854 dicere
3585 4814 3717 4870 syn-

2125 4892 2266 4948 odus
2288 4891 2557 4955 deﬁnivit,
2579 4892 2684 4946 hoc
2710 4901 2893 4945 autem
2920 4891 3071 4944 nulla
3099 4891 3342 4962 synodus
3362 4890 3571 4946 statuit.

2193 4985 2255 5041 C.
2284 4984 2428 5039 Nihil
2458 4985 2622 5055 igitur
2642 4984 2935 5038 arbitraris
2956 4984 3253 5040 dicendum
3272 4994 3471 5055 praeter
3492 4982 3546 5038 id
3569 4981 3717 5054 quod

2126 5078 2407 5151 synodicis
2431 5076 2635 5132 litteris
2662 5079 2980 5133 continetur
3002 5078 3027 5130 ?

2193 5169 2259 5223 N.
2285 5168 2434 5222 Nihil
2455 5169 2701 5222 omnino.

2195 5258 2256 5313 C.
2282 5258 2337 5312 Si
2362 5258 2459 5312 tibi
2483 5258 2550 5312 ab
2579 5258 2763 5327 aliquo
2793 5255 2959 5311 fuerit
2989 5256 3263 5328 objectum
3287 5297 3301 5321 ,
3330 5264 3514 5311 utrum
3536 5256 3710 5310 Deum

2124 5350 2343 5405 Patrem
2375 5349 2620 5419 genitum
2650 5364 2719 5402 an
2748 5348 3051 5419 ingenitum
3071 5348 3294 5404 fatearis
3314 5388 3331 5414 ,
3388 5347 3519 5419 quid
3550 5346 3601 5405 ei
3650 5362 3712 5402 es

2126 5457 2498 5511 responsurus
2520 5440 2543 5494 ?

2194 5533 2261 5589 N.
2290 5533 2598 5603 Ingenitum
2634 5531 2825 5601 procul
2853 5530 3045 5587 dubio.

2192 5623 2254 5679 C.
2285 5624 2342 5678 Si
2367 5622 2463 5677 tibi
2494 5622 2722 5677 dixerit:
2749 5621 2863 5677 Hoc
2887 5636 2996 5676 non
3020 5621 3251 5692 accipio,
3284 5621 3415 5692 quia
3437 5621 3587 5677 nulla
3605 5620 3713 5677 hoc

2126 5716 2319 5770 statuit
2344 5714 2586 5782 synodus
2610 5714 2633 5766 ?

2196 5808 2258 5862 N.
2291 5807 2635 5878 Respondeo,
2655 5804 2781 5877 quia
2800 5821 2899 5862 nec
2923 5804 3108 5863 dicere
3132 5805 3329 5863 vetuit.
