  <div class='ocr_page' id='page_1' title='image "/cluster/home/n/w/nwhite01/storage/ocr_20150623/86:pt.1/coo.31924054869874/086.png"; bbox 0 0 4146 6440; ppageno 0'>
   <div class='ocr_carea' id='block_1_1' title="bbox 431 395 3710 476">
    <p class='ocr_par' dir='ltr' id='par_1_1' title="bbox 431 395 3710 476">
     <span class='ocr_line' id='line_1_1' title="bbox 431 395 3710 476; baseline -0.004 -2"><span class='ocrx_word' id='word_1_1' title='bbox 431 411 533 476; x_wconf 71' lang='lat'><strong>151</strong></span> <span class='ocrx_word' id='word_1_2' title='bbox 1472 405 1937 467; x_wconf 86' lang='lat' dir='ltr'><strong>THEODORUS</strong></span> <span class='ocrx_word' id='word_1_3' title='bbox 1968 405 2279 467; x_wconf 85' lang='lat' dir='ltr'><strong>LECTOR.</strong></span> <span class='ocrx_word' id='word_1_4' title='bbox 2296 432 2366 440; x_wconf 90' lang='lat'><em>—</em></span> <span class='ocrx_word' id='word_1_5' title='bbox 2384 405 2718 466; x_wconf 76' lang='lat' dir='ltr'><strong>NOTITIA.</strong></span> <span class='ocrx_word' id='word_1_6' title='bbox 3608 395 3710 463; x_wconf 87' lang='grc'>158</span> 
     </span>
    </p>
   </div>
   <div class='ocr_carea' id='block_1_2' title="bbox 505 512 3710 592">
    <p class='ocr_par' dir='ltr' id='par_1_2' title="bbox 505 512 3710 592">
     <span class='ocr_line' id='line_1_2' title="bbox 505 512 3710 592; baseline -0.003 -14"><span class='ocrx_word' id='word_1_7' title='bbox 505 522 568 578; x_wconf 88' lang='lat' dir='ltr'><strong>C.</strong></span> <span class='ocrx_word' id='word_1_8' title='bbox 598 521 811 575; x_wconf 82' lang='lat' dir='ltr'><strong>Rursus</strong></span> <span class='ocrx_word' id='word_1_9' title='bbox 842 560 857 582; x_wconf 88' lang='lat'><strong>,</strong></span> <span class='ocrx_word' id='word_1_10' title='bbox 909 520 958 576; x_wconf 92' lang='lat' dir='ltr'><strong>si</strong></span> <span class='ocrx_word' id='word_1_11' title='bbox 987 520 1090 575; x_wconf 94' lang='lat' dir='ltr'><strong>tibi</strong></span> <span class='ocrx_word' id='word_1_12' title='bbox 1118 520 1383 592; x_wconf 90' lang='lat' dir='ltr'><strong>objecerit</strong></span> <span class='ocrx_word' id='word_1_13' title='bbox 1410 518 1731 573; x_wconf 76' lang='lat' dir='ltr'><strong>Trinitatem</strong></span> <span class='ocrx_word' id='word_1_14' title='bbox 1755 518 1865 575; x_wconf 90' lang='lat' dir='ltr'><strong>dici</strong></span> <span class='ocrx_word' id='word_1_15' title='bbox 1912 536 2025 575; x_wconf 90' lang='lat' dir='ltr'><strong>non</strong></span> <span class='ocrx_word' id='word_1_16' title='bbox 2052 526 2099 581; x_wconf 75' lang='grc' dir='ltr'><strong>Α</strong></span> <span class='ocrx_word' id='word_1_17' title='bbox 2194 519 2258 575; x_wconf 89' lang='lat' dir='ltr'><strong>C.</strong></span> <span class='ocrx_word' id='word_1_18' title='bbox 2290 520 2528 574; x_wconf 82' lang='lat' dir='ltr'><strong>Mirabar</strong></span> <span class='ocrx_word' id='word_1_19' title='bbox 2554 517 2812 589; x_wconf 87' lang='lat' dir='ltr'><strong>equidem</strong></span> <span class='ocrx_word' id='word_1_20' title='bbox 2844 516 2918 572; x_wconf 91' lang='lat' dir='ltr'><strong>ita</strong></span> <span class='ocrx_word' id='word_1_21' title='bbox 2938 515 3162 571; x_wconf 81' lang='lat' dir='ltr'><strong>vincere</strong></span> <span class='ocrx_word' id='word_1_22' title='bbox 3200 529 3363 585; x_wconf 87' lang='lat' dir='ltr'><strong>posse</strong></span> <span class='ocrx_word' id='word_1_23' title='bbox 3410 512 3710 569; x_wconf 86' lang='lat' dir='ltr'><strong>humanam</strong></span> 
     </span>
    </p>
   </div>
   <div class='ocr_carea' id='block_1_3' title="bbox 438 596 3713 684">
    <p class='ocr_par' dir='ltr' id='par_1_3' title="bbox 438 596 3713 684">
     <span class='ocr_line' id='line_1_3' title="bbox 438 596 3713 684; baseline -0.002 -16"><span class='ocrx_word' id='word_1_24' title='bbox 438 614 653 676; x_wconf 79' lang='lat' dir='ltr'><strong>debere,</strong></span> <span class='ocrx_word' id='word_1_25' title='bbox 679 612 809 681; x_wconf 86' lang='lat' dir='ltr'><strong>quia</strong></span> <span class='ocrx_word' id='word_1_26' title='bbox 839 612 996 667; x_wconf 89' lang='lat' dir='ltr'><strong>nulla</strong></span> <span class='ocrx_word' id='word_1_27' title='bbox 1028 614 1274 684; x_wconf 79' lang='lat' dir='ltr'><strong>synodus</strong></span> <span class='ocrx_word' id='word_1_28' title='bbox 1293 613 1485 669; x_wconf 87' lang='lat' dir='ltr'><strong>statuit</strong></span> <span class='ocrx_word' id='word_1_29' title='bbox 1510 613 1533 665; x_wconf 87' lang='lat'><strong>?</strong></span> <span class='ocrx_word' id='word_1_30' title='bbox 1922 596 1925 611; x_wconf 69' lang='grc'><em>’</em></span> <span class='ocrx_word' id='word_1_31' title='bbox 2125 613 2377 684; x_wconf 79' lang='lat' dir='ltr'><strong>gloriam,</strong></span> <span class='ocrx_word' id='word_1_32' title='bbox 2412 621 2473 666; x_wconf 90' lang='lat' dir='ltr'><strong>ut</strong></span> <span class='ocrx_word' id='word_1_33' title='bbox 2500 612 2650 665; x_wconf 91' lang='lat' dir='ltr'><strong>nulla</strong></span> <span class='ocrx_word' id='word_1_34' title='bbox 2676 620 2728 665; x_wconf 91' lang='lat' dir='ltr'><strong>te</strong></span> <span class='ocrx_word' id='word_1_35' title='bbox 2757 608 3041 665; x_wconf 89' lang='lat' dir='ltr'><strong>conclusio</strong></span> <span class='ocrx_word' id='word_1_36' title='bbox 3075 615 3400 677; x_wconf 85' lang='lat' dir='ltr'><strong>superaret,</strong></span> <span class='ocrx_word' id='word_1_37' title='bbox 3435 613 3713 678; x_wconf 88' lang='lat' dir='ltr'><strong>quatenus</strong></span> 
     </span>
    </p>
   </div>
   <div class='ocr_carea' id='block_1_4' title="bbox 503 697 3710 778">
    <p class='ocr_par' dir='ltr' id='par_1_4' title="bbox 503 697 3710 778">
     <span class='ocr_line' id='line_1_4' title="bbox 503 697 3710 778; baseline -0.002 -19"><span class='ocrx_word' id='word_1_38' title='bbox 503 706 565 759; x_wconf 84' lang='lat' dir='ltr'><strong>N.</strong></span> <span class='ocrx_word' id='word_1_39' title='bbox 589 704 702 758; x_wconf 85' lang='lat' dir='ltr'><strong>Hoc</strong></span> <span class='ocrx_word' id='word_1_40' title='bbox 723 704 974 773; x_wconf 90' lang='lat' dir='ltr'><strong>ipsumei</strong></span> <span class='ocrx_word' id='word_1_41' title='bbox 998 706 1402 774; x_wconf 84' lang='lat' dir='ltr'><strong>respondeo,et</strong></span> <span class='ocrx_word' id='word_1_42' title='bbox 1425 707 1560 761; x_wconf 88' lang='lat' dir='ltr'><strong>nihil</strong></span> <span class='ocrx_word' id='word_1_43' title='bbox 1586 709 1757 773; x_wconf 88' lang='lat' dir='ltr'><strong>aliud,</strong></span> <span class='ocrx_word' id='word_1_44' title='bbox 1781 707 2029 778; x_wconf 91' lang='lat' dir='ltr'><strong>quiasic—</strong></span> <span class='ocrx_word' id='word_1_45' title='bbox 2126 721 2424 776; x_wconf 83' lang='lat' dir='ltr'><strong>congruam</strong></span> <span class='ocrx_word' id='word_1_46' title='bbox 2460 703 2681 758; x_wconf 82' lang='lat' dir='ltr'><strong>veritati</strong></span> <span class='ocrx_word' id='word_1_47' title='bbox 2705 702 3064 766; x_wconf 88' lang='lat' dir='ltr'><strong>sententiam,</strong></span> <span class='ocrx_word' id='word_1_48' title='bbox 3099 714 3266 770; x_wconf 90' lang='lat' dir='ltr'><strong>quam</strong></span> <span class='ocrx_word' id='word_1_49' title='bbox 3296 698 3568 754; x_wconf 89' lang='lat' dir='ltr'><strong>hactenus</strong></span> <span class='ocrx_word' id='word_1_50' title='bbox 3603 697 3710 751; x_wconf 90' lang='lat' dir='ltr'><strong>im-</strong></span> 
     </span>
    </p>
   </div>
   <div class='ocr_carea' id='block_1_5' title="bbox 432 792 3706 873">
    <p class='ocr_par' dir='ltr' id='par_1_5' title="bbox 432 792 3706 873">
     <span class='ocr_line' id='line_1_5' title="bbox 432 792 3706 873; baseline -0.003 -19"><span class='ocrx_word' id='word_1_51' title='bbox 432 810 489 854; x_wconf 87' lang='lat' dir='ltr'><strong>ut</strong></span> <span class='ocrx_word' id='word_1_52' title='bbox 513 797 811 853; x_wconf 85' lang='lat' dir='ltr'><strong>dicendum</strong></span> <span class='ocrx_word' id='word_1_53' title='bbox 853 814 969 854; x_wconf 91' lang='lat' dir='ltr'><strong>non</strong></span> <span class='ocrx_word' id='word_1_54' title='bbox 1006 799 1221 866; x_wconf 87' lang='lat' dir='ltr'><strong>statuit,</strong></span> <span class='ocrx_word' id='word_1_55' title='bbox 1252 800 1325 855; x_wconf 91' lang='lat' dir='ltr'><strong>ita</strong></span> <span class='ocrx_word' id='word_1_56' title='bbox 1347 816 1451 857; x_wconf 89' lang='lat' dir='ltr'><strong>nec</strong></span> <span class='ocrx_word' id='word_1_57' title='bbox 1472 804 1698 858; x_wconf 91' lang='lat' dir='ltr'><strong>omnino</strong></span> <span class='ocrx_word' id='word_1_58' title='bbox 1717 801 2027 873; x_wconf 85' lang='lat' dir='ltr'><strong>prohibuit.</strong></span> <span class='ocrx_word' id='word_1_59' title='bbox 2126 813 2486 869; x_wconf 82' lang='lat' dir='ltr'><strong>pugnaveras,</strong></span> <span class='ocrx_word' id='word_1_60' title='bbox 2511 795 2697 850; x_wconf 91' lang='lat' dir='ltr'><strong>divina</strong></span> <span class='ocrx_word' id='word_1_61' title='bbox 2720 802 3014 863; x_wconf 91' lang='lat' dir='ltr'><strong>correptus</strong></span> <span class='ocrx_word' id='word_1_62' title='bbox 3036 792 3370 847; x_wconf 87' lang='lat' dir='ltr'><strong>auctoritate</strong></span> <span class='ocrx_word' id='word_1_63' title='bbox 3404 792 3706 860; x_wconf 85' lang='lat' dir='ltr'><strong>reciperes.</strong></span> 
     </span>
    </p>
   </div>
   <div class='ocr_carea' id='block_1_6' title="bbox 493 883 3711 960">
    <p class='ocr_par' dir='ltr' id='par_1_6' title="bbox 493 883 3711 960">
     <span class='ocr_line' id='line_1_6' title="bbox 493 883 3711 960; baseline -0.002 -17"><span class='ocrx_word' id='word_1_64' title='bbox 493 889 555 943; x_wconf 87' lang='lat' dir='ltr'><strong>C.</strong></span> <span class='ocrx_word' id='word_1_65' title='bbox 596 889 847 944; x_wconf 87' lang='lat' dir='ltr'><strong>Econtra</strong></span> <span class='ocrx_word' id='word_1_66' title='bbox 872 891 919 945; x_wconf 92' lang='lat' dir='ltr'><strong>si</strong></span> <span class='ocrx_word' id='word_1_67' title='bbox 955 891 1048 945; x_wconf 91' lang='lat' dir='ltr'><strong>ille</strong></span> <span class='ocrx_word' id='word_1_68' title='bbox 1094 890 1299 946; x_wconf 83' lang='lat' dir='ltr'><strong>dixerit</strong></span> <span class='ocrx_word' id='word_1_69' title='bbox 1325 910 1340 945; x_wconf 90' lang='lat'><strong>:</strong></span> <span class='ocrx_word' id='word_1_70' title='bbox 1370 892 1526 947; x_wconf 88' lang='lat' dir='ltr'><strong>Sicut</strong></span> <span class='ocrx_word' id='word_1_71' title='bbox 1554 910 1666 948; x_wconf 91' lang='lat' dir='ltr'><strong>non</strong></span> <span class='ocrx_word' id='word_1_72' title='bbox 1715 894 1923 960; x_wconf 89' lang='lat' dir='ltr'><strong>vetuit,</strong></span> <span class='ocrx_word' id='word_1_73' title='bbox 1952 893 2028 948; x_wconf 86' lang='lat' dir='ltr'><strong>ita</strong></span> <span class='ocrx_word' id='word_1_74' title='bbox 2127 891 2329 945; x_wconf 82' lang='lat' dir='ltr'><strong>Verum</strong></span> <span class='ocrx_word' id='word_1_75' title='bbox 2356 890 2487 960; x_wconf 88' lang='lat' dir='ltr'><strong>quia</strong></span> <span class='ocrx_word' id='word_1_76' title='bbox 2530 886 2675 957; x_wconf 89' lang='lat' dir='ltr'><strong>apud</strong></span> <span class='ocrx_word' id='word_1_77' title='bbox 2703 895 2754 941; x_wconf 88' lang='lat' dir='ltr'><strong>te</strong></span> <span class='ocrx_word' id='word_1_78' title='bbox 2802 884 3089 941; x_wconf 84' lang='lat' dir='ltr'><strong>deﬁnitum</strong></span> <span class='ocrx_word' id='word_1_79' title='bbox 3113 893 3221 950; x_wconf 91' lang='lat' dir='ltr'><strong>est,</strong></span> <span class='ocrx_word' id='word_1_80' title='bbox 3250 884 3307 938; x_wconf 92' lang='lat' dir='ltr'><strong>in</strong></span> <span class='ocrx_word' id='word_1_81' title='bbox 3331 891 3423 937; x_wconf 90' lang='lat' dir='ltr'><strong>tua</strong></span> <span class='ocrx_word' id='word_1_82' title='bbox 3446 892 3498 938; x_wconf 91' lang='lat' dir='ltr'><strong>te</strong></span> <span class='ocrx_word' id='word_1_83' title='bbox 3528 883 3711 952; x_wconf 86' lang='lat' dir='ltr'><strong>potius</strong></span> 
     </span>
    </p>
   </div>
   <div class='ocr_carea' id='block_1_7' title="bbox 422 973 3709 1052">
    <p class='ocr_par' dir='ltr' id='par_1_7' title="bbox 422 973 3709 1052">
     <span class='ocr_line' id='line_1_7' title="bbox 422 973 3709 1052; baseline -0.002 -18"><span class='ocrx_word' id='word_1_84' title='bbox 422 991 477 1034; x_wconf 82' lang='lat' dir='ltr'><strong>ct</strong></span> <span class='ocrx_word' id='word_1_85' title='bbox 502 980 655 1050; x_wconf 85' lang='lat' dir='ltr'><strong>quod</strong></span> <span class='ocrx_word' id='word_1_86' title='bbox 688 982 745 1035; x_wconf 86' lang='lat' dir='ltr'><strong>in</strong></span> <span class='ocrx_word' id='word_1_87' title='bbox 771 982 964 1037; x_wconf 83' lang='lat' dir='ltr'><strong>verbis</strong></span> <span class='ocrx_word' id='word_1_88' title='bbox 986 998 1098 1036; x_wconf 92' lang='lat' dir='ltr'><strong>non</strong></span> <span class='ocrx_word' id='word_1_89' title='bbox 1122 983 1440 1038; x_wconf 91' lang='lat' dir='ltr'><strong>continetur</strong></span> <span class='ocrx_word' id='word_1_90' title='bbox 1462 986 1849 1052; x_wconf 91' lang='lat' dir='ltr'><strong>conciliorum,</strong></span> <span class='ocrx_word' id='word_1_91' title='bbox 1877 985 2026 1041; x_wconf 89' lang='lat' dir='ltr'><strong>dice—</strong></span> <span class='ocrx_word' id='word_1_92' title='bbox 2129 983 2415 1038; x_wconf 90' lang='lat' dir='ltr'><strong>continere</strong></span> <span class='ocrx_word' id='word_1_93' title='bbox 2472 978 2744 1035; x_wconf 86' lang='lat' dir='ltr'><strong>sententia</strong></span> <span class='ocrx_word' id='word_1_94' title='bbox 2780 1021 2795 1044; x_wconf 92' lang='lat'><strong>,</strong></span> <span class='ocrx_word' id='word_1_95' title='bbox 2844 992 3012 1046; x_wconf 90' lang='lat' dir='ltr'><strong>quam</strong></span> <span class='ocrx_word' id='word_1_96' title='bbox 3068 990 3258 1031; x_wconf 87' lang='lat' dir='ltr'><strong>veram</strong></span> <span class='ocrx_word' id='word_1_97' title='bbox 3302 973 3709 1030; x_wconf 80' lang='lat' dir='ltr'><strong>confessionem</strong></span> 
     </span>
    </p>
   </div>
   <div class='ocr_carea' id='block_1_8' title="bbox 424 1069 3710 1144">
    <p class='ocr_par' dir='ltr' id='par_1_8' title="bbox 424 1069 3710 1144">
     <span class='ocr_line' id='line_1_8' title="bbox 424 1069 3710 1144; baseline -0.002 -19"><span class='ocrx_word' id='word_1_98' title='bbox 424 1088 483 1126; x_wconf 87' lang='lat' dir='ltr'><strong>re</strong></span> <span class='ocrx_word' id='word_1_99' title='bbox 517 1072 753 1125; x_wconf 86' lang='lat' dir='ltr'><strong>omnino</strong></span> <span class='ocrx_word' id='word_1_100' title='bbox 780 1087 894 1126; x_wconf 88' lang='lat' dir='ltr'><strong>non</strong></span> <span class='ocrx_word' id='word_1_101' title='bbox 926 1074 1211 1138; x_wconf 86' lang='lat' dir='ltr'><strong>convenit,</strong></span> <span class='ocrx_word' id='word_1_102' title='bbox 1236 1074 1369 1144; x_wconf 92' lang='lat' dir='ltr'><strong>quid</strong></span> <span class='ocrx_word' id='word_1_103' title='bbox 1406 1075 1473 1129; x_wconf 94' lang='lat' dir='ltr'><strong>ad</strong></span> <span class='ocrx_word' id='word_1_104' title='bbox 1501 1075 1604 1130; x_wconf 89' lang='lat' dir='ltr'><strong>ista</strong></span> <span class='ocrx_word' id='word_1_105' title='bbox 1633 1074 2028 1144; x_wconf 87' lang='lat' dir='ltr'><strong>respondebis?</strong></span> <span class='ocrx_word' id='word_1_106' title='bbox 2123 1091 2309 1130; x_wconf 90' lang='lat' dir='ltr'><strong>amore</strong></span> <span class='ocrx_word' id='word_1_107' title='bbox 2332 1082 2551 1129; x_wconf 55' lang='lat' dir='ltr'><strong>aeterna</strong></span> <span class='ocrx_word' id='word_1_108' title='bbox 2578 1071 2939 1129; x_wconf 89' lang='lat' dir='ltr'><strong>beatitudinis</strong></span> <span class='ocrx_word' id='word_1_109' title='bbox 2996 1069 3303 1140; x_wconf 89' lang='lat' dir='ltr'><strong>approbare</strong></span> <span class='ocrx_word' id='word_1_110' title='bbox 3337 1112 3351 1135; x_wconf 93' lang='lat'><strong>,</strong></span> <span class='ocrx_word' id='word_1_111' title='bbox 3384 1082 3489 1123; x_wconf 80' lang='lat' dir='ltr'><strong>nec</strong></span> <span class='ocrx_word' id='word_1_112' title='bbox 3533 1082 3633 1136; x_wconf 83' lang='lat' dir='ltr'><strong>ego</strong></span> <span class='ocrx_word' id='word_1_113' title='bbox 3657 1072 3710 1119; x_wconf 92' lang='lat' dir='ltr'><strong>te</strong></span> 
     </span>
    </p>
   </div>
   <div class='ocr_carea' id='block_1_9' title="bbox 491 1155 3708 1238">
    <p class='ocr_par' dir='ltr' id='par_1_9' title="bbox 491 1155 3708 1238">
     <span class='ocr_line' id='line_1_9' title="bbox 491 1155 3708 1238; baseline -0.003 -20"><span class='ocrx_word' id='word_1_114' title='bbox 491 1164 561 1219; x_wconf 80' lang='grc' dir='ltr'><strong>Ν.</strong></span> <span class='ocrx_word' id='word_1_115' title='bbox 592 1164 721 1219; x_wconf 74' lang='lat' dir='ltr'><strong>Haec</strong></span> <span class='ocrx_word' id='word_1_116' title='bbox 745 1164 816 1219; x_wconf 90' lang='lat' dir='ltr'><strong>de</strong></span> <span class='ocrx_word' id='word_1_117' title='bbox 837 1166 1065 1221; x_wconf 89' lang='lat' dir='ltr'><strong>Patrum</strong></span> <span class='ocrx_word' id='word_1_118' title='bbox 1097 1168 1318 1237; x_wconf 89' lang='lat' dir='ltr'><strong>scriptis</strong></span> <span class='ocrx_word' id='word_1_119' title='bbox 1342 1184 1569 1238; x_wconf 91' lang='lat' dir='ltr'><strong>possum</strong></span> <span class='ocrx_word' id='word_1_120' title='bbox 1603 1168 1915 1222; x_wconf 86' lang='lat' dir='ltr'><strong>ostendere.</strong></span> <span class='ocrx_word' id='word_1_121' title='bbox 2129 1180 2371 1234; x_wconf 88' lang='lat' dir='ltr'><strong>unquam</strong></span> <span class='ocrx_word' id='word_1_122' title='bbox 2403 1162 2549 1218; x_wconf 89' lang='lat' dir='ltr'><strong>aliud</strong></span> <span class='ocrx_word' id='word_1_123' title='bbox 2580 1161 2787 1230; x_wconf 90' lang='lat' dir='ltr'><strong>aliquid</strong></span> <span class='ocrx_word' id='word_1_124' title='bbox 2810 1176 2973 1231; x_wconf 87' lang='lat' dir='ltr'><strong>quam</strong></span> <span class='ocrx_word' id='word_1_125' title='bbox 3034 1157 3351 1212; x_wconf 83' lang='lat' dir='ltr'><strong>haereticum</strong></span> <span class='ocrx_word' id='word_1_126' title='bbox 3402 1155 3660 1227; x_wconf 85' lang='lat' dir='ltr'><strong>judicabo</strong></span> <span class='ocrx_word' id='word_1_127' title='bbox 3692 1193 3708 1218; x_wconf 91' lang='lat'><strong>,</strong></span> 
     </span>
    </p>
   </div>
   <div class='ocr_carea' id='block_1_10' title="bbox 489 1247 3709 1329">
    <p class='ocr_par' dir='ltr' id='par_1_10' title="bbox 489 1247 3709 1329">
     <span class='ocr_line' id='line_1_10' title="bbox 489 1247 3709 1329; baseline -0.004 -17"><span class='ocrx_word' id='word_1_128' title='bbox 489 1258 556 1312; x_wconf 88' lang='lat' dir='ltr'><strong>C.</strong></span> <span class='ocrx_word' id='word_1_129' title='bbox 581 1258 695 1313; x_wconf 87' lang='lat' dir='ltr'><strong>Sed</strong></span> <span class='ocrx_word' id='word_1_130' title='bbox 725 1268 784 1314; x_wconf 90' lang='lat' dir='ltr'><strong>et</strong></span> <span class='ocrx_word' id='word_1_131' title='bbox 812 1275 916 1314; x_wconf 92' lang='lat' dir='ltr'><strong>nos</strong></span> <span class='ocrx_word' id='word_1_132' title='bbox 936 1260 1082 1329; x_wconf 89' lang='lat' dir='ltr'><strong>quod</strong></span> <span class='ocrx_word' id='word_1_133' title='bbox 1116 1277 1260 1316; x_wconf 91' lang='lat' dir='ltr'><strong>unus</strong></span> <span class='ocrx_word' id='word_1_134' title='bbox 1284 1278 1351 1317; x_wconf 85' lang='lat' dir='ltr'><strong>ex</strong></span> <span class='ocrx_word' id='word_1_135' title='bbox 1372 1261 1643 1316; x_wconf 88' lang='lat' dir='ltr'><strong>Trinitate</strong></span> <span class='ocrx_word' id='word_1_136' title='bbox 1668 1258 2021 1324; x_wconf 87' lang='lat' dir='ltr'><strong>Christussit,</strong></span> <span class='ocrx_word' id='word_1_137' title='bbox 2128 1258 2223 1328; x_wconf 90' lang='lat' dir='ltr'><strong>qui</strong></span> <span class='ocrx_word' id='word_1_138' title='bbox 2253 1258 2423 1311; x_wconf 90' lang='lat' dir='ltr'><strong>Deum</strong></span> <span class='ocrx_word' id='word_1_139' title='bbox 2452 1256 2689 1311; x_wconf 86' lang='lat' dir='ltr'><strong>Verbum</strong></span> <span class='ocrx_word' id='word_1_140' title='bbox 2705 1253 2997 1308; x_wconf 91' lang='lat' dir='ltr'><strong>Dominum</strong></span> <span class='ocrx_word' id='word_1_141' title='bbox 3030 1258 3284 1327; x_wconf 90' lang='lat' dir='ltr'><strong>nostrum</strong></span> <span class='ocrx_word' id='word_1_142' title='bbox 3330 1248 3516 1305; x_wconf 83' lang='lat' dir='ltr'><strong>Jesum</strong></span> <span class='ocrx_word' id='word_1_143' title='bbox 3545 1247 3709 1302; x_wconf 89' lang='lat' dir='ltr'><strong>Chri-</strong></span> 
     </span>
    </p>
   </div>
   <div class='ocr_carea' id='block_1_11' title="bbox 418 1324 3708 1421">
    <p class='ocr_par' dir='ltr' id='par_1_11' title="bbox 418 1324 3708 1421">
     <span class='ocr_line' id='line_1_11' title="bbox 418 1324 3708 1421; baseline -0.005 -12"><span class='ocrx_word' id='word_1_144' title='bbox 418 1363 487 1401; x_wconf 71' lang='lat' dir='ltr'><strong>ex</strong></span> <span class='ocrx_word' id='word_1_145' title='bbox 512 1349 749 1403; x_wconf 86' lang='lat' dir='ltr'><strong>Patrum</strong></span> <span class='ocrx_word' id='word_1_146' title='bbox 778 1351 1007 1421; x_wconf 88' lang='lat' dir='ltr'><strong>scriptis</strong></span> <span class='ocrx_word' id='word_1_147' title='bbox 1034 1352 1400 1407; x_wconf 88' lang='lat' dir='ltr'><strong>ostendimus.</strong></span> <span class='ocrx_word' id='word_1_148' title='bbox 2130 1358 2298 1416; x_wconf 91' lang='lat' dir='ltr'><strong>stum,</strong></span> <span class='ocrx_word' id='word_1_149' title='bbox 2320 1351 2413 1420; x_wconf 93' lang='lat' dir='ltr'><strong>qui</strong></span> <span class='ocrx_word' id='word_1_150' title='bbox 2429 1364 2531 1419; x_wconf 92' lang='lat' dir='ltr'><strong>pro</strong></span> <span class='ocrx_word' id='word_1_151' title='bbox 2556 1356 2743 1402; x_wconf 89' lang='lat' dir='ltr'><strong>nostra</strong></span> <span class='ocrx_word' id='word_1_152' title='bbox 2774 1346 2947 1401; x_wconf 87' lang='lat' dir='ltr'><strong>salute</strong></span> <span class='ocrx_word' id='word_1_153' title='bbox 2992 1324 3187 1413; x_wconf 85' lang='lat' dir='ltr'><strong>passus</strong></span> <span class='ocrx_word' id='word_1_154' title='bbox 3206 1354 3290 1396; x_wconf 85' lang='lat' dir='ltr'><strong>est</strong></span> <span class='ocrx_word' id='word_1_155' title='bbox 3316 1356 3501 1403; x_wconf 89' lang='lat' dir='ltr'><strong>carne,</strong></span> <span class='ocrx_word' id='word_1_156' title='bbox 3538 1355 3708 1394; x_wconf 89' lang='lat' dir='ltr'><strong>unum</strong></span> 
     </span>
    </p>
   </div>
   <div class='ocr_carea' id='block_1_12' title="bbox 490 1431 3707 1512">
    <p class='ocr_par' dir='ltr' id='par_1_12' title="bbox 490 1431 3707 1512">
     <span class='ocr_line' id='line_1_12' title="bbox 490 1431 3707 1512; baseline -0.002 -19"><span class='ocrx_word' id='word_1_157' title='bbox 490 1440 562 1493; x_wconf 85' lang='lat' dir='ltr'><strong>N.</strong></span> <span class='ocrx_word' id='word_1_158' title='bbox 591 1438 922 1511; x_wconf 83' lang='lat' dir='ltr'><strong>Quanquam</strong></span> <span class='ocrx_word' id='word_1_159' title='bbox 948 1450 1007 1498; x_wconf 92' lang='lat' dir='ltr'><strong>et</strong></span> <span class='ocrx_word' id='word_1_160' title='bbox 1058 1443 1166 1498; x_wconf 91' lang='lat' dir='ltr'><strong>hoc</strong></span> <span class='ocrx_word' id='word_1_161' title='bbox 1212 1460 1278 1498; x_wconf 78' lang='lat' dir='ltr'><strong>ex</strong></span> <span class='ocrx_word' id='word_1_162' title='bbox 1317 1444 1540 1498; x_wconf 87' lang='lat' dir='ltr'><strong>Patrum</strong></span> <span class='ocrx_word' id='word_1_163' title='bbox 1568 1441 1793 1512; x_wconf 89' lang='lat' dir='ltr'><strong>scriptis</strong></span> <span class='ocrx_word' id='word_1_164' title='bbox 1843 1440 2030 1497; x_wconf 89' lang='lat' dir='ltr'><strong>doceri</strong></span> <span class='ocrx_word' id='word_1_165' title='bbox 2129 1457 2253 1498; x_wconf 90' lang='lat' dir='ltr'><strong>esse</strong></span> <span class='ocrx_word' id='word_1_166' title='bbox 2288 1458 2356 1497; x_wconf 80' lang='lat' dir='ltr'><strong>ex</strong></span> <span class='ocrx_word' id='word_1_167' title='bbox 2375 1448 2562 1496; x_wconf 91' lang='lat' dir='ltr'><strong>sancta</strong></span> <span class='ocrx_word' id='word_1_168' title='bbox 2597 1450 2653 1493; x_wconf 89' lang='lat' dir='ltr'><strong>et</strong></span> <span class='ocrx_word' id='word_1_169' title='bbox 2674 1436 2956 1492; x_wconf 89' lang='lat' dir='ltr'><strong>individua</strong></span> <span class='ocrx_word' id='word_1_170' title='bbox 2973 1435 3247 1489; x_wconf 89' lang='lat' dir='ltr'><strong>Trinitatc</strong></span> <span class='ocrx_word' id='word_1_171' title='bbox 3283 1448 3391 1487; x_wconf 91' lang='lat' dir='ltr'><strong>non</strong></span> <span class='ocrx_word' id='word_1_172' title='bbox 3417 1431 3707 1500; x_wconf 85' lang='lat' dir='ltr'><strong>approbas,</strong></span> 
     </span>
    </p>
   </div>
   <div class='ocr_carea' id='block_1_13' title="bbox 421 1523 3632 1601">
    <p class='ocr_par' dir='ltr' id='par_1_13' title="bbox 421 1523 3632 1601">
     <span class='ocr_line' id='line_1_13' title="bbox 421 1523 3632 1601; baseline -0.004 -20"><span class='ocrx_word' id='word_1_173' title='bbox 421 1527 587 1581; x_wconf 79' lang='lat' dir='ltr'><strong>facile</strong></span> <span class='ocrx_word' id='word_1_174' title='bbox 609 1528 784 1582; x_wconf 89' lang='lat' dir='ltr'><strong>credo</strong></span> <span class='ocrx_word' id='word_1_175' title='bbox 805 1570 820 1593; x_wconf 93' lang='lat'><strong>,</strong></span> <span class='ocrx_word' id='word_1_176' title='bbox 850 1530 949 1585; x_wconf 92' lang='lat' dir='ltr'><strong>sed</strong></span> <span class='ocrx_word' id='word_1_177' title='bbox 977 1546 1079 1601; x_wconf 84' lang='lat' dir='ltr'><strong>ego</strong></span> <span class='ocrx_word' id='word_1_178' title='bbox 1124 1531 1310 1587; x_wconf 90' lang='lat' dir='ltr'><strong>dicere</strong></span> <span class='ocrx_word' id='word_1_179' title='bbox 1332 1532 1649 1585; x_wconf 88' lang='lat' dir='ltr'><strong>nullatenus</strong></span> <span class='ocrx_word' id='word_1_180' title='bbox 1686 1529 1978 1598; x_wconf 89' lang='lat' dir='ltr'><strong>acquiesco</strong></span> <span class='ocrx_word' id='word_1_181' title='bbox 2012 1572 2029 1597; x_wconf 91' lang='lat'><strong>,</strong></span> <span class='ocrx_word' id='word_1_182' title='bbox 2131 1534 2221 1591; x_wconf 83' lang='lat' dir='ltr'><strong>cui</strong></span> <span class='ocrx_word' id='word_1_183' title='bbox 2243 1534 2423 1589; x_wconf 77' lang='lat' dir='ltr'><strong>honor</strong></span> <span class='ocrx_word' id='word_1_184' title='bbox 2453 1541 2510 1587; x_wconf 72' lang='lat' dir='ltr'><strong>et</strong></span> <span class='ocrx_word' id='word_1_185' title='bbox 2540 1530 2713 1601; x_wconf 79' lang='lat' dir='ltr'><strong>gloria</strong></span> <span class='ocrx_word' id='word_1_186' title='bbox 2740 1529 2796 1583; x_wconf 81' lang='lat' dir='ltr'><strong>in</strong></span> <span class='ocrx_word' id='word_1_187' title='bbox 2827 1527 3027 1583; x_wconf 73' lang='lat' dir='ltr'><strong>saecula</strong></span> <span class='ocrx_word' id='word_1_188' title='bbox 3058 1526 3402 1581; x_wconf 58' lang='lat' dir='ltr'><strong>graculorum.</strong></span> <span class='ocrx_word' id='word_1_189' title='bbox 3435 1523 3632 1577; x_wconf 79' lang='lat' dir='ltr'><strong>Amen.</strong></span> 
     </span>
    </p>
   </div>
   <div class='ocr_carea' id='block_1_14' title="bbox 420 1614 2029 1682">
    <p class='ocr_par' dir='ltr' id='par_1_14' title="bbox 420 1614 2029 1682">
     <span class='ocr_line' id='line_1_14' title="bbox 420 1614 2029 1682; baseline 0.002 -15"><span class='ocrx_word' id='word_1_190' title='bbox 420 1629 527 1668; x_wconf 87' lang='lat' dir='ltr'><strong>nec</strong></span> <span class='ocrx_word' id='word_1_191' title='bbox 553 1623 742 1669; x_wconf 88' lang='lat' dir='ltr'><strong>tecum</strong></span> <span class='ocrx_word' id='word_1_192' title='bbox 771 1617 1011 1672; x_wconf 88' lang='lat' dir='ltr'><strong>ulterius</strong></span> <span class='ocrx_word' id='word_1_193' title='bbox 1040 1633 1351 1674; x_wconf 90' lang='lat' dir='ltr'><strong>sermonem</strong></span> <span class='ocrx_word' id='word_1_194' title='bbox 1383 1617 1663 1674; x_wconf 84' lang='lat' dir='ltr'><strong>conferam</strong></span> <span class='ocrx_word' id='word_1_195' title='bbox 1681 1655 1697 1682; x_wconf 92' lang='lat'><strong>,</strong></span> <span class='ocrx_word' id='word_1_196' title='bbox 1727 1614 1825 1671; x_wconf 88' lang='lat' dir='ltr'><strong>sed</strong></span> <span class='ocrx_word' id='word_1_197' title='bbox 1849 1631 2029 1671; x_wconf 90' lang='lat' dir='ltr'><strong>meam</strong></span> 
     </span>
    </p>
   </div>
   <div class='ocr_carea' id='block_1_15' title="bbox 422 1709 1308 1769">
    <p class='ocr_par' dir='ltr' id='par_1_15' title="bbox 422 1709 1308 1769">
     <span class='ocr_line' id='line_1_15' title="bbox 422 1709 1308 1769; baseline 0.007 -7"><span class='ocrx_word' id='word_1_198' title='bbox 422 1710 701 1764; x_wconf 86' lang='lat' dir='ltr'><strong>tenaciter</strong></span> <span class='ocrx_word' id='word_1_199' title='bbox 732 1709 937 1766; x_wconf 81' lang='lat' dir='ltr'><strong>fovebo</strong></span> <span class='ocrx_word' id='word_1_200' title='bbox 956 1714 1308 1769; x_wconf 88' lang='lat' dir='ltr'><strong>sententiam.</strong></span> 
     </span>
    </p>
   </div>
   <div class='ocr_carea' id='block_1_16' title="bbox 431 1893 3675 1931">
    <p class='ocr_par' dir='ltr' id='par_1_16' title="bbox 431 1893 3675 1931">
     <span class='ocr_line' id='line_1_16' title="bbox 431 1893 3675 1931; baseline -0.01 0"><span class='ocrx_word' id='word_1_201' title='bbox 431 1893 3675 1931; x_wconf 80' lang='lat'><strong>______________________________________——-</strong></span> 
     </span>
    </p>
   </div>
   <div class='ocr_carea' id='block_1_17' title="bbox 1060 2053 2697 2167">
    <p class='ocr_par' dir='ltr' id='par_1_17' title="bbox 1060 2053 2697 2167">
     <span class='ocr_line' id='line_1_17' title="bbox 1060 2053 2697 2167; baseline -0.009 -4"><span class='ocrx_word' id='word_1_202' title='bbox 1060 2072 1581 2167; x_wconf 86' lang='lat' dir='ltr'><strong>JOANNIS</strong></span> <span class='ocrx_word' id='word_1_203' title='bbox 1656 2067 2258 2161; x_wconf 80' lang='lat' dir='ltr'><strong>MAXEN&#39;l’II</strong></span> <span class='ocrx_word' id='word_1_204' title='bbox 2332 2063 2486 2154; x_wconf 88' lang='lat' dir='ltr'><strong>ET</strong></span> <span class='ocrx_word' id='word_1_205' title='bbox 2539 2053 2697 2152; x_wconf 34' lang='lat' dir='ltr'><strong>&#39;AL</strong></span> 
     </span>
    </p>
   </div>
   <div class='ocr_carea' id='block_1_18' title="bbox 1469 2053 3106 2167">
    <p class='ocr_par' dir='ltr' id='par_1_18' title="bbox 1478 2053 3106 2162">
     <span class='ocr_line' id='line_1_18' title="bbox 1478 2053 3106 2162; baseline -0.01 0"><span class='ocrx_word' id='word_1_206' title='bbox 1478 2072 1581 2162; x_wconf 85' lang='lat' dir='ltr'><strong>IS</strong></span> <span class='ocrx_word' id='word_1_207' title='bbox 1656 2067 2258 2161; x_wconf 81' lang='grc' dir='ltr'><strong>ΜΑΧΕΝἸἸΙ</strong></span> <span class='ocrx_word' id='word_1_208' title='bbox 2332 2063 2486 2154; x_wconf 88' lang='grc' dir='ltr'>ΕΤ</span> <span class='ocrx_word' id='word_1_209' title='bbox 2539 2053 3106 2152; x_wconf 49' lang='grc' dir='ltr'><strong>ἈΙΑῙΟΒΗΜ</strong></span> 
     </span>
    </p>
   </div>
   <div class='ocr_carea' id='block_1_19' title="bbox 1204 2250 2928 2321">
    <p class='ocr_par' dir='ltr' id='par_1_19' title="bbox 1204 2250 2928 2321">
     <span class='ocr_line' id='line_1_19' title="bbox 1204 2250 2928 2321; baseline -0.01 1"><span class='ocrx_word' id='word_1_210' title='bbox 1204 2263 1545 2321; x_wconf 82' lang='lat' dir='ltr'><strong>EPISTOLA</strong></span> <span class='ocrx_word' id='word_1_211' title='bbox 1580 2264 1673 2318; x_wconf 83' lang='lat' dir='ltr'><strong>AD</strong></span> <span class='ocrx_word' id='word_1_212' title='bbox 1711 2258 2085 2318; x_wconf 86' lang='lat' dir='ltr'><strong>EPISCOPOS</strong></span> <span class='ocrx_word' id='word_1_213' title='bbox 2122 2258 2191 2315; x_wconf 89' lang='lat' dir='ltr'><strong>IN</strong></span> <span class='ocrx_word' id='word_1_214' title='bbox 2228 2254 2553 2313; x_wconf 83' lang='lat' dir='ltr'><strong>SARDINIA</strong></span> <span class='ocrx_word' id='word_1_215' title='bbox 2591 2250 2928 2309; x_wconf 80' lang='lat' dir='ltr'><strong>EXSULES.</strong></span> 
     </span>
    </p>
   </div>
   <div class='ocr_carea' id='block_1_20' title="bbox 885 2407 3297 2497">
    <p class='ocr_par' dir='ltr' id='par_1_20' title="bbox 885 2407 3297 2497">
     <span class='ocr_line' id='line_1_20' title="bbox 885 2407 3297 2497; baseline -0.008 -17"><span class='ocrx_word' id='word_1_216' title='bbox 885 2425 1105 2497; x_wconf 70' lang='lat' dir='ltr'><strong>(Exstat</strong></span> <span class='ocrx_word' id='word_1_217' title='bbox 1132 2426 1271 2478; x_wconf 85' lang='lat' dir='ltr'><strong>inter</strong></span> <span class='ocrx_word' id='word_1_218' title='bbox 1296 2422 1433 2494; x_wconf 86' lang='lat' dir='ltr'><strong>Opp.</strong></span> <span class='ocrx_word' id='word_1_219' title='bbox 1466 2422 1642 2477; x_wconf 77' lang='lat' dir='ltr'><strong>sancti</strong></span> <span class='ocrx_word' id='word_1_220' title='bbox 1680 2418 1969 2491; x_wconf 82' lang='lat' dir='ltr'><strong>Fulgentii.</strong></span> <span class='ocrx_word' id='word_1_221' title='bbox 2008 2416 2122 2472; x_wconf 88' lang='lat' dir='ltr'><strong>Vid.</strong></span> <span class='ocrx_word' id='word_1_222' title='bbox 2150 2413 2473 2485; x_wconf 68' lang='lat' dir='ltr'><strong>Patrologiaa</strong></span> <span class='ocrx_word' id='word_1_223' title='bbox 2500 2412 2710 2467; x_wconf 69' lang='lat' dir='ltr'><strong>Latinae</strong></span> <span class='ocrx_word' id='word_1_224' title='bbox 2747 2418 2788 2465; x_wconf 86' lang='lat' dir='ltr'><strong>t.</strong></span> <span class='ocrx_word' id='word_1_225' title='bbox 2831 2409 2993 2477; x_wconf 80' lang='lat' dir='ltr'><strong>LXV,</strong></span> <span class='ocrx_word' id='word_1_226' title='bbox 3022 2407 3124 2464; x_wconf 80' lang='lat' dir='ltr'><strong>col.</strong></span> <span class='ocrx_word' id='word_1_227' title='bbox 3151 2407 3297 2476; x_wconf 69' lang='grc'><strong>442.)</strong></span> 
     </span>
    </p>
   </div>
   <div class='ocr_carea' id='block_1_21' title="bbox 447 2628 3672 2669">
    <p class='ocr_par' dir='ltr' id='par_1_21' title="bbox 447 2628 3672 2669">
     <span class='ocr_line' id='line_1_21' title="bbox 447 2628 3672 2669; baseline -0.01 3"><span class='ocrx_word' id='word_1_228' title='bbox 447 2628 3672 2669; x_wconf 58' lang='lat' dir='ltr'><em>W</em></span> 
     </span>
    </p>
   </div>
   <div class='ocr_carea' id='block_1_22' title="bbox 1739 2814 3197 2885">
    <p class='ocr_par' dir='ltr' id='par_1_22' title="bbox 1739 2814 3197 2885">
     <span class='ocr_line' id='line_1_22' title="bbox 1739 2814 3197 2885; baseline -0.01 -19"><span class='ocrx_word' id='word_1_229' title='bbox 1739 2819 1912 2866; x_wconf 73' lang='lat' dir='ltr'><strong>ANNO</strong></span> <span class='ocrx_word' id='word_1_230' title='bbox 1956 2817 2188 2863; x_wconf 76' lang='lat' dir='ltr'><strong>DOMINI</strong></span> <span class='ocrx_word' id='word_1_231' title='bbox 2233 2817 2436 2885; x_wconf 75' lang='lat' dir='ltr'><strong>DXIV.</strong></span> <span class='ocrx_word' id='word_1_232' title='bbox 3196 2814 3197 2827; x_wconf 78' lang='grc'><em>³</em></span> 
     </span>
    </p>
   </div>
   <div class='ocr_carea' id='block_1_23' title="bbox 876 2991 3302 3193">
    <p class='ocr_par' dir='ltr' id='par_1_23' title="bbox 876 2991 3302 3193">
     <span class='ocr_line' id='line_1_23' title="bbox 876 2991 3302 3193; baseline -0.011 0"><span class='ocrx_word' id='word_1_233' title='bbox 876 2995 2225 3193; x_wconf 78' lang='lat' dir='ltr'><strong>THEODOBUS</strong></span> <span class='ocrx_word' id='word_1_234' title='bbox 2380 2991 3302 3175; x_wconf 79' lang='lat' dir='ltr'><strong>LECTOB.</strong></span> 
     </span>
    </p>
   </div>
   <div class='ocr_carea' id='block_1_24' title="bbox 1801 3455 2349 3553">
    <p class='ocr_par' dir='ltr' id='par_1_24' title="bbox 1801 3455 2349 3553">
     <span class='ocr_line' id='line_1_24' title="bbox 1801 3455 2349 3553; baseline -0.024 1"><span class='ocrx_word' id='word_1_235' title='bbox 1801 3455 2349 3553; x_wconf 89' lang='lat' dir='ltr'><strong>NOTITIA.</strong></span> 
     </span>
    </p>
   </div>
   <div class='ocr_carea' id='block_1_25' title="bbox 766 3640 3403 3751">
    <p class='ocr_par' dir='ltr' id='par_1_25' title="bbox 766 3640 3403 3751">
     <span class='ocr_line' id='line_1_25' title="bbox 766 3640 3403 3751; baseline -0.015 -17"><span class='ocrx_word' id='word_1_236' title='bbox 766 3679 873 3751; x_wconf 81' lang='lat' dir='ltr'><strong>(Ex</strong></span> <span class='ocrx_word' id='word_1_237' title='bbox 900 3677 1103 3735; x_wconf 76' lang='lat' dir='ltr'><strong>Laoms</strong></span> <span class='ocrx_word' id='word_1_238' title='bbox 1140 3673 1353 3731; x_wconf 69' lang='lat' dir='ltr'><strong>Amm</strong></span> <span class='ocrx_word' id='word_1_239' title='bbox 1380 3668 1622 3726; x_wconf 86' lang='lat' dir='ltr'><strong>Diatriba</strong></span> <span class='ocrx_word' id='word_1_240' title='bbox 1653 3666 1719 3720; x_wconf 86' lang='lat' dir='ltr'><strong>de</strong></span> <span class='ocrx_word' id='word_1_241' title='bbox 1741 3661 2044 3726; x_wconf 80' lang='lat' dir='ltr'><strong>Theodoris,</strong></span> <span class='ocrx_word' id='word_1_242' title='bbox 2071 3655 2219 3728; x_wconf 86' lang='lat' dir='ltr'><strong>apud</strong></span> <span class='ocrx_word' id='word_1_243' title='bbox 2243 3654 2381 3725; x_wconf 81' lang='lat' dir='ltr'><strong>Ang.</strong></span> <span class='ocrx_word' id='word_1_244' title='bbox 2412 3650 2518 3707; x_wconf 83' lang='lat' dir='ltr'><strong>Mai</strong></span> <span class='ocrx_word' id='word_1_245' title='bbox 2541 3647 2790 3704; x_wconf 66' lang='lat' dir='ltr'><strong>Biblioth.</strong></span> <span class='ocrx_word' id='word_1_246' title='bbox 2822 3662 2942 3700; x_wconf 79' lang='lat' dir='ltr'><strong>nou.</strong></span> <span class='ocrx_word' id='word_1_247' title='bbox 2971 3653 3013 3701; x_wconf 93' lang='lat' dir='ltr'><strong>t.</strong></span> <span class='ocrx_word' id='word_1_248' title='bbox 3046 3643 3135 3711; x_wconf 78' lang='lat' dir='ltr'><strong>Vl,</strong></span> <span class='ocrx_word' id='word_1_249' title='bbox 3163 3658 3218 3714; x_wconf 91' lang='lat' dir='ltr'><strong>p.</strong></span> <span class='ocrx_word' id='word_1_250' title='bbox 3253 3640 3403 3713; x_wconf 74' lang='grc'><strong>152.)</strong></span> 
     </span>
    </p>
   </div>
   <div class='ocr_carea' id='block_1_26' title="bbox 496 3943 3714 4056">
    <p class='ocr_par' dir='ltr' id='par_1_26' title="bbox 496 3943 3714 4056">
     <span class='ocr_line' id='line_1_26' title="bbox 496 3943 3714 4056; baseline -0.013 -10"><span class='ocrx_word' id='word_1_251' title='bbox 496 3979 845 4047; x_wconf 86' lang='lat' dir='ltr'><strong>Theodori</strong></span> <span class='ocrx_word' id='word_1_252' title='bbox 880 3979 1287 4056; x_wconf 71' lang='lat' dir='ltr'><strong>Anagnostm,</strong></span> <span class='ocrx_word' id='word_1_253' title='bbox 1319 3970 1384 4033; x_wconf 92' lang='lat' dir='ltr'><strong>id</strong></span> <span class='ocrx_word' id='word_1_254' title='bbox 1422 3978 1518 4031; x_wconf 91' lang='lat' dir='ltr'><strong>est</strong></span> <span class='ocrx_word' id='word_1_255' title='bbox 1548 3963 2004 4038; x_wconf 87' lang='lat' dir='ltr'><strong>Lectoris,dut)</strong></span> <span class='ocrx_word' id='word_1_256' title='bbox 2042 3960 2190 4024; x_wconf 88' lang='lat' dir='ltr'><strong>libri</strong></span> <span class='ocrx_word' id='word_1_257' title='bbox 2216 3956 2419 4023; x_wconf 81' lang='lat' dir='ltr'><strong>Graeci</strong></span> <span class='ocrx_word' id='word_1_258' title='bbox 2451 3953 3003 4020; x_wconf 88' lang='lat' dir='ltr'><strong>Collectaneorum</strong></span> <span class='ocrx_word' id='word_1_259' title='bbox 3048 3964 3127 4011; x_wconf 84' lang='lat' dir='ltr'><strong>ex</strong></span> <span class='ocrx_word' id='word_1_260' title='bbox 3159 3944 3446 4008; x_wconf 79' lang='lat' dir='ltr'><strong>historiae</strong></span> <span class='ocrx_word' id='word_1_261' title='bbox 3503 3943 3714 4007; x_wconf 81' lang='lat' dir='ltr'><strong>eccle-</strong></span> 
     </span>
    </p>
   </div>
   <div class='ocr_carea' id='block_1_27' title="bbox 420 4046 3717 4159">
    <p class='ocr_par' dir='ltr' id='par_1_27' title="bbox 420 4046 3717 4159">
     <span class='ocr_line' id='line_1_27' title="bbox 420 4046 3717 4159; baseline -0.012 -12"><span class='ocrx_word' id='word_1_262' title='bbox 420 4086 715 4147; x_wconf 68' lang='lat' dir='ltr'><strong>siasticae</strong></span> <span class='ocrx_word' id='word_1_263' title='bbox 747 4079 1039 4159; x_wconf 88' lang='lat' dir='ltr'><strong>antiquis</strong></span> <span class='ocrx_word' id='word_1_264' title='bbox 1084 4076 1480 4147; x_wconf 84' lang='lat' dir='ltr'><strong>auctoribus,</strong></span> <span class='ocrx_word' id='word_1_265' title='bbox 1514 4069 1776 4134; x_wconf 88' lang='lat' dir='ltr'><strong>Parisiis</strong></span> <span class='ocrx_word' id='word_1_266' title='bbox 1815 4086 1850 4129; x_wconf 89' lang='lat' dir='ltr'><strong>a</strong></span> <span class='ocrx_word' id='word_1_267' title='bbox 1882 4067 2156 4129; x_wconf 79' lang='lat' dir='ltr'><strong>Roberto</strong></span> <span class='ocrx_word' id='word_1_268' title='bbox 2188 4061 2531 4141; x_wconf 87' lang='lat' dir='ltr'><strong>Stephano,</strong></span> <span class='ocrx_word' id='word_1_269' title='bbox 2558 4066 2619 4121; x_wconf 91' lang='lat' dir='ltr'><strong>et</strong></span> <span class='ocrx_word' id='word_1_270' title='bbox 2643 4054 2909 4119; x_wconf 73' lang='lat' dir='ltr'><strong>Basilete</strong></span> <span class='ocrx_word' id='word_1_271' title='bbox 2938 4054 3005 4113; x_wconf 91' lang='lat' dir='ltr'><strong>in</strong></span> <span class='ocrx_word' id='word_1_272' title='bbox 3036 4049 3289 4113; x_wconf 87' lang='lat' dir='ltr'><strong>ofﬁcina</strong></span> <span class='ocrx_word' id='word_1_273' title='bbox 3311 4046 3717 4111; x_wconf 83' lang='lat' dir='ltr'><strong>Frobeniana</strong></span> 
     </span>
    </p>
   </div>
   <div class='ocr_carea' id='block_1_28' title="bbox 429 4148 3715 4260">
    <p class='ocr_par' dir='ltr' id='par_1_28' title="bbox 429 4148 3715 4260">
     <span class='ocr_line' id='line_1_28' title="bbox 429 4148 3715 4260; baseline -0.012 -11"><span class='ocrx_word' id='word_1_274' title='bbox 429 4186 663 4248; x_wconf 80' lang='lat' dir='ltr'><strong>Latine</strong></span> <span class='ocrx_word' id='word_1_275' title='bbox 728 4148 1129 4260; x_wconf 59' lang='lat' dir='ltr'><strong>Woligango</strong></span> <span class='ocrx_word' id='word_1_276' title='bbox 1180 4175 1479 4240; x_wconf 88' lang='lat' dir='ltr'><strong>Musculo</strong></span> <span class='ocrx_word' id='word_1_277' title='bbox 1514 4175 1861 4251; x_wconf 89' lang='lat' dir='ltr'><strong>interprete</strong></span> <span class='ocrx_word' id='word_1_278' title='bbox 1906 4168 2063 4231; x_wconf 90' lang='lat' dir='ltr'><strong>editi</strong></span> <span class='ocrx_word' id='word_1_279' title='bbox 2117 4174 2291 4227; x_wconf 88' lang='lat' dir='ltr'><strong>sunt.</strong></span> <span class='ocrx_word' id='word_1_280' title='bbox 2332 4163 2526 4226; x_wconf 86' lang='lat' dir='ltr'><strong>Addit</strong></span> <span class='ocrx_word' id='word_1_281' title='bbox 2587 4160 2980 4222; x_wconf 83' lang='lat' dir='ltr'><strong>Possevinus</strong></span> <span class='ocrx_word' id='word_1_282' title='bbox 3019 4163 3268 4217; x_wconf 81' lang='lat' dir='ltr'><strong>exstare</strong></span> <span class='ocrx_word' id='word_1_283' title='bbox 3297 4153 3362 4212; x_wconf 91' lang='lat' dir='ltr'><strong>in</strong></span> <span class='ocrx_word' id='word_1_284' title='bbox 3397 4158 3570 4211; x_wconf 91' lang='lat' dir='ltr'><strong>tomo</strong></span> <span class='ocrx_word' id='word_1_285' title='bbox 3602 4148 3715 4209; x_wconf 72' lang='grc' dir='ltr'><strong>νη</strong></span> 
     </span>
    </p>
   </div>
   <div class='ocr_carea' id='block_1_29' title="bbox 426 4250 3714 4350">
    <p class='ocr_par' dir='ltr' id='par_1_29' title="bbox 426 4250 3714 4350">
     <span class='ocr_line' id='line_1_29' title="bbox 426 4250 3714 4350; baseline -0.012 -3"><span class='ocrx_word' id='word_1_286' title='bbox 426 4286 861 4347; x_wconf 60' lang='lat' dir='ltr'><strong>Bibliotheca)</strong></span> <span class='ocrx_word' id='word_1_287' title='bbox 916 4250 1209 4341; x_wconf 58' lang='lat' dir='ltr'><strong>veterum</strong></span> <span class='ocrx_word' id='word_1_288' title='bbox 1256 4279 1509 4337; x_wconf 87' lang='lat' dir='ltr'><strong>Patrum</strong></span> <span class='ocrx_word' id='word_1_289' title='bbox 1540 4270 1784 4350; x_wconf 66' lang='lat' dir='ltr'><strong>Bignmi</strong></span> <span class='ocrx_word' id='word_1_290' title='bbox 1816 4268 1966 4331; x_wconf 91' lang='lat' dir='ltr'><strong>edit.</strong></span> <span class='ocrx_word' id='word_1_291' title='bbox 1992 4269 2053 4327; x_wconf 83' lang='lat'><strong>2.</strong></span> <span class='ocrx_word' id='word_1_292' title='bbox 2087 4269 2250 4326; x_wconf 89' lang='lat' dir='ltr'><strong>Tum</strong></span> <span class='ocrx_word' id='word_1_293' title='bbox 2283 4269 2497 4325; x_wconf 91' lang='lat' dir='ltr'><strong>monet</strong></span> <span class='ocrx_word' id='word_1_294' title='bbox 2529 4283 2543 4322; x_wconf 91' lang='lat'><strong>:</strong></span> <span class='ocrx_word' id='word_1_295' title='bbox 2578 4260 2658 4320; x_wconf 84' lang='lat' dir='ltr'><strong>At</strong></span> <span class='ocrx_word' id='word_1_296' title='bbox 2710 4276 2863 4338; x_wconf 87' lang='lat' dir='ltr'><strong>quos</strong></span> <span class='ocrx_word' id='word_1_297' title='bbox 2907 4256 3326 4334; x_wconf 81' lang='lat' dir='ltr'><strong>Wolfgangus</strong></span> <span class='ocrx_word' id='word_1_298' title='bbox 3358 4250 3714 4323; x_wconf 83' lang='lat' dir='ltr'><strong>Musculus,</strong></span> 
     </span>
    </p>
   </div>
   <div class='ocr_carea' id='block_1_30' title="bbox 428 4353 3714 4467">
    <p class='ocr_par' dir='ltr' id='par_1_30' title="bbox 428 4353 3714 4467">
     <span class='ocr_line' id='line_1_30' title="bbox 428 4353 3714 4467; baseline -0.012 -17"><span class='ocrx_word' id='word_1_299' title='bbox 428 4392 501 4450; x_wconf 81' lang='lat' dir='ltr'><strong>in</strong></span> <span class='ocrx_word' id='word_1_300' title='bbox 540 4389 765 4467; x_wconf 87' lang='lat' dir='ltr'><strong>prima</strong></span> <span class='ocrx_word' id='word_1_301' title='bbox 810 4386 1010 4446; x_wconf 82' lang='lat' dir='ltr'><strong>classe</strong></span> <span class='ocrx_word' id='word_1_302' title='bbox 1067 4383 1136 4443; x_wconf 88' lang='lat' dir='ltr'><strong>in</strong></span> <span class='ocrx_word' id='word_1_303' title='bbox 1188 4381 1460 4439; x_wconf 88' lang='lat' dir='ltr'><strong>Romano</strong></span> <span class='ocrx_word' id='word_1_304' title='bbox 1496 4374 1714 4438; x_wconf 77' lang='lat' dir='ltr'><strong>Indice</strong></span> <span class='ocrx_word' id='word_1_305' title='bbox 1746 4371 2137 4452; x_wconf 80' lang='lat' dir='ltr'><strong>prohibitus,</strong></span> <span class='ocrx_word' id='word_1_306' title='bbox 2166 4368 2520 4435; x_wconf 77' lang='lat' dir='ltr'><strong>transtulit,</strong></span> <span class='ocrx_word' id='word_1_307' title='bbox 2566 4366 2632 4426; x_wconf 86' lang='lat' dir='ltr'><strong>hi</strong></span> <span class='ocrx_word' id='word_1_308' title='bbox 2658 4364 3113 4439; x_wconf 82' lang='lat' dir='ltr'><strong>circumspecte</strong></span> <span class='ocrx_word' id='word_1_309' title='bbox 3152 4355 3395 4437; x_wconf 83' lang='lat' dir='ltr'><strong>legendi</strong></span> <span class='ocrx_word' id='word_1_310' title='bbox 3428 4362 3597 4425; x_wconf 79' lang='lat' dir='ltr'><strong>sunt,</strong></span> <span class='ocrx_word' id='word_1_311' title='bbox 3641 4353 3714 4413; x_wconf 87' lang='lat' dir='ltr'><strong>ob</strong></span> 
     </span>
    </p>
   </div>
   <div class='ocr_carea' id='block_1_31' title="bbox 429 4466 3718 4572">
    <p class='ocr_par' dir='ltr' id='par_1_31' title="bbox 429 4466 3718 4572">
     <span class='ocr_line' id='line_1_31' title="bbox 429 4466 3718 4572; baseline -0.01 -18"><span class='ocrx_word' id='word_1_312' title='bbox 429 4514 506 4554; x_wconf 82' lang='lat' dir='ltr'><strong>ea</strong></span> <span class='ocrx_word' id='word_1_313' title='bbox 538 4512 683 4572; x_wconf 69' lang='lat' dir='ltr'><strong>quae.</strong></span> <span class='ocrx_word' id='word_1_314' title='bbox 712 4489 994 4551; x_wconf 72' lang='lat' dir='ltr'><strong>diximus</strong></span> <span class='ocrx_word' id='word_1_315' title='bbox 1032 4486 1105 4546; x_wconf 88' lang='lat' dir='ltr'><strong>de</strong></span> <span class='ocrx_word' id='word_1_316' title='bbox 1138 4485 1248 4546; x_wconf 84' lang='lat' dir='ltr'><strong>illo</strong></span> <span class='ocrx_word' id='word_1_317' title='bbox 1275 4486 1342 4545; x_wconf 82' lang='lat' dir='ltr'><strong>in</strong></span> <span class='ocrx_word' id='word_1_318' title='bbox 1384 4481 1570 4544; x_wconf 77' lang='lat' dir='ltr'><strong>verba</strong></span> <span class='ocrx_word' id='word_1_319' title='bbox 1610 4481 1931 4554; x_wconf 87' lang='lat' dir='ltr'><strong>Socrates,</strong></span> <span class='ocrx_word' id='word_1_320' title='bbox 1969 4486 2025 4537; x_wconf 85' lang='lat' dir='ltr'><strong>et</strong></span> <span class='ocrx_word' id='word_1_321' title='bbox 2083 4478 2151 4537; x_wconf 86' lang='lat' dir='ltr'><strong>in</strong></span> <span class='ocrx_word' id='word_1_322' title='bbox 2184 4475 2370 4535; x_wconf 79' lang='lat' dir='ltr'><strong>verba</strong></span> <span class='ocrx_word' id='word_1_323' title='bbox 2417 4473 2836 4533; x_wconf 87' lang='lat' dir='ltr'><strong>Sozomenus.</strong></span> <span class='ocrx_word' id='word_1_324' title='bbox 2876 4466 3180 4543; x_wconf 88' lang='lat' dir='ltr'><strong>Editique</strong></span> <span class='ocrx_word' id='word_1_325' title='bbox 3233 4468 3535 4541; x_wconf 79' lang='lat' dir='ltr'><strong>praeterea</strong></span> <span class='ocrx_word' id='word_1_326' title='bbox 3566 4469 3718 4522; x_wconf 89' lang='lat' dir='ltr'><strong>sunt</strong></span> 
     </span>
    </p>
   </div>
   <div class='ocr_carea' id='block_1_32' title="bbox 430 4560 3713 4666">
    <p class='ocr_par' dir='ltr' id='par_1_32' title="bbox 430 4560 3713 4666">
     <span class='ocr_line' id='line_1_32' title="bbox 430 4560 3713 4666; baseline -0.012 -9"><span class='ocrx_word' id='word_1_327' title='bbox 430 4560 732 4657; x_wconf 53' lang='lat' dir='ltr'><strong>Colonias</strong></span> <span class='ocrx_word' id='word_1_328' title='bbox 799 4588 1223 4666; x_wconf 79' lang='lat' dir='ltr'><strong>Allobrogum</strong></span> <span class='ocrx_word' id='word_1_329' title='bbox 1280 4600 1450 4646; x_wconf 91' lang='lat' dir='ltr'><strong>anno</strong></span> <span class='ocrx_word' id='word_1_330' title='bbox 1520 4584 1697 4655; x_wconf 76' lang='lat'><strong>1612,</strong></span> <span class='ocrx_word' id='word_1_331' title='bbox 1738 4596 1865 4641; x_wconf 91' lang='lat' dir='ltr'><strong>non</strong></span> <span class='ocrx_word' id='word_1_332' title='bbox 1893 4579 2035 4640; x_wconf 90' lang='lat' dir='ltr'><strong>sine</strong></span> <span class='ocrx_word' id='word_1_333' title='bbox 2089 4578 2310 4638; x_wconf 89' lang='lat' dir='ltr'><strong>eadem</strong></span> <span class='ocrx_word' id='word_1_334' title='bbox 2368 4570 2648 4635; x_wconf 87' lang='lat' dir='ltr'><strong>Musculi</strong></span> <span class='ocrx_word' id='word_1_335' title='bbox 2698 4560 3250 4647; x_wconf 79' lang='lat' dir='ltr'><strong>interpretatione,</strong></span> <span class='ocrx_word' id='word_1_336' title='bbox 3284 4562 3349 4623; x_wconf 90' lang='lat' dir='ltr'><strong>in</strong></span> <span class='ocrx_word' id='word_1_337' title='bbox 3377 4560 3535 4623; x_wconf 86' lang='lat' dir='ltr'><strong>folio</strong></span> <span class='ocrx_word' id='word_1_338' title='bbox 3567 4576 3713 4621; x_wconf 90' lang='lat' dir='ltr'><strong>cum</strong></span> 
     </span>
    </p>
   </div>
   <div class='ocr_carea' id='block_1_33' title="bbox 426 4663 3715 4754">
    <p class='ocr_par' dir='ltr' id='par_1_33' title="bbox 426 4663 3715 4754">
     <span class='ocr_line' id='line_1_33' title="bbox 426 4663 3715 4754; baseline -0.01 0"><span class='ocrx_word' id='word_1_339' title='bbox 426 4695 585 4754; x_wconf 83' lang='lat' dir='ltr'><strong>aliis</strong></span> <span class='ocrx_word' id='word_1_340' title='bbox 618 4663 1098 4753; x_wconf 70' lang='lat' dir='ltr'><strong>ecclesiasticis</strong></span> <span class='ocrx_word' id='word_1_341' title='bbox 1123 4689 1437 4750; x_wconf 90' lang='lat' dir='ltr'><strong>historiis.</strong></span> <span class='ocrx_word' id='word_1_342' title='bbox 1470 4685 1744 4747; x_wconf 84' lang='lat' dir='ltr'><strong>Vossius</strong></span> <span class='ocrx_word' id='word_1_343' title='bbox 1775 4684 1862 4743; x_wconf 84' lang='lat' dir='ltr'><strong>De</strong></span> <span class='ocrx_word' id='word_1_344' title='bbox 1906 4680 2229 4744; x_wconf 78' lang='lat' dir='ltr'><strong>historicis</strong></span> <span class='ocrx_word' id='word_1_345' title='bbox 2256 4677 2493 4740; x_wconf 65' lang='lat' dir='ltr'><strong>Graecis</strong></span> <span class='ocrx_word' id='word_1_346' title='bbox 2524 4676 2637 4736; x_wconf 90' lang='lat' dir='ltr'><strong>lib.</strong></span> <span class='ocrx_word' id='word_1_347' title='bbox 2676 4692 2746 4746; x_wconf 86' lang='lat' dir='ltr'><strong>ll,</strong></span> <span class='ocrx_word' id='word_1_348' title='bbox 2778 4690 2913 4751; x_wconf 85' lang='lat' dir='ltr'><strong>cap.</strong></span> <span class='ocrx_word' id='word_1_349' title='bbox 2951 4670 3027 4732; x_wconf 76' lang='lat'>32</span> <span class='ocrx_word' id='word_1_350' title='bbox 3057 4691 3072 4730; x_wconf 88' lang='lat'><strong>:</strong></span> <span class='ocrx_word' id='word_1_351' title='bbox 3102 4667 3384 4747; x_wconf 77' lang='lat' dir='ltr'><strong>Reliquit</strong></span> <span class='ocrx_word' id='word_1_352' title='bbox 3422 4664 3578 4724; x_wconf 84' lang='lat' dir='ltr'><strong>duos</strong></span> <span class='ocrx_word' id='word_1_353' title='bbox 3630 4663 3715 4724; x_wconf 87' lang='lat' dir='ltr'><strong>li-</strong></span> 
     </span>
    </p>
   </div>
   <div class='ocr_carea' id='block_1_34' title="bbox 427 4765 3718 4859">
    <p class='ocr_par' dir='ltr' id='par_1_34' title="bbox 427 4765 3718 4859">
     <span class='ocr_line' id='line_1_34' title="bbox 427 4765 3718 4859; baseline -0.01 -4"><span class='ocrx_word' id='word_1_354' title='bbox 427 4797 587 4855; x_wconf 82' lang='lat' dir='ltr'><strong>bros</strong></span> <span class='ocrx_word' id='word_1_355' title='bbox 634 4790 1185 4854; x_wconf 79' lang='lat' dir='ltr'><strong>Collectaneorum</strong></span> <span class='ocrx_word' id='word_1_356' title='bbox 1233 4788 1517 4850; x_wconf 76' lang='lat' dir='ltr'><strong>historia:</strong></span> <span class='ocrx_word' id='word_1_357' title='bbox 1569 4784 2024 4846; x_wconf 70' lang='lat' dir='ltr'><strong>ecclesiasticae.</strong></span> <span class='ocrx_word' id='word_1_358' title='bbox 2060 4780 2305 4859; x_wconf 81' lang='lat' dir='ltr'><strong>Incipit</strong></span> <span class='ocrx_word' id='word_1_359' title='bbox 2374 4786 2584 4838; x_wconf 81' lang='lat' dir='ltr'><strong>autem</strong></span> <span class='ocrx_word' id='word_1_360' title='bbox 2610 4794 2649 4835; x_wconf 84' lang='grc' dir='ltr'><em>α</em></span> <span class='ocrx_word' id='word_1_361' title='bbox 2676 4783 2873 4834; x_wconf 82' lang='lat' dir='ltr'><strong>morte</strong></span> <span class='ocrx_word' id='word_1_362' title='bbox 2908 4769 3246 4834; x_wconf 81' lang='lat' dir='ltr'><strong>Theodosii</strong></span> <span class='ocrx_word' id='word_1_363' title='bbox 3293 4765 3612 4837; x_wconf 83' lang='lat' dir='ltr'><strong>Junioris,</strong></span> <span class='ocrx_word' id='word_1_364' title='bbox 3646 4779 3718 4822; x_wconf 91' lang='lat' dir='ltr'><strong>ac</strong></span> 
     </span>
    </p>
   </div>
   <div class='ocr_carea' id='block_1_35' title="bbox 427 4867 3719 4972">
    <p class='ocr_par' dir='ltr' id='par_1_35' title="bbox 427 4867 3719 4972">
     <span class='ocr_line' id='line_1_35' title="bbox 427 4867 3719 4972; baseline -0.011 -12"><span class='ocrx_word' id='word_1_365' title='bbox 427 4899 673 4960; x_wconf 70' lang='lat' dir='ltr'><strong>desinit</strong></span> <span class='ocrx_word' id='word_1_366' title='bbox 692 4900 762 4957; x_wconf 82' lang='lat' dir='ltr'><strong>in</strong></span> <span class='ocrx_word' id='word_1_367' title='bbox 790 4894 1177 4972; x_wconf 81' lang='lat' dir='ltr'><strong>temporibus</strong></span> <span class='ocrx_word' id='word_1_368' title='bbox 1207 4892 1476 4956; x_wconf 84' lang='lat' dir='ltr'><strong>Justini,</strong></span> <span class='ocrx_word' id='word_1_369' title='bbox 1495 4892 1603 4969; x_wconf 81' lang='lat' dir='ltr'><strong>qui</strong></span> <span class='ocrx_word' id='word_1_370' title='bbox 1632 4890 1940 4967; x_wconf 84' lang='lat' dir='ltr'><strong>imperare</strong></span> <span class='ocrx_word' id='word_1_371' title='bbox 1960 4886 2138 4965; x_wconf 75' lang='lat' dir='ltr'><strong>cmpit</strong></span> <span class='ocrx_word' id='word_1_372' title='bbox 2164 4902 2325 4944; x_wconf 84' lang='lat' dir='ltr'><strong>anno</strong></span> <span class='ocrx_word' id='word_1_373' title='bbox 2344 4882 2481 4943; x_wconf 78' lang='grc'><strong>518.</strong></span> <span class='ocrx_word' id='word_1_374' title='bbox 2507 4883 2794 4942; x_wconf 77' lang='lat' dir='ltr'><strong>Attamen</strong></span> <span class='ocrx_word' id='word_1_375' title='bbox 2828 4877 3228 4940; x_wconf 84' lang='lat' dir='ltr'><strong>Collectanea</strong></span> <span class='ocrx_word' id='word_1_376' title='bbox 3254 4872 3386 4934; x_wconf 58' lang='lat' dir='ltr'><strong>haec</strong></span> <span class='ocrx_word' id='word_1_377' title='bbox 3416 4867 3719 4932; x_wconf 86' lang='lat' dir='ltr'><strong>historica</strong></span> 
     </span>
    </p>
   </div>
   <div class='ocr_carea' id='block_1_36' title="bbox 427 4967 3720 5063">
    <p class='ocr_par' dir='ltr' id='par_1_36' title="bbox 427 4967 3720 5063">
     <span class='ocr_line' id='line_1_36' title="bbox 427 4967 3720 5063; baseline -0.012 0"><span class='ocrx_word' id='word_1_378' title='bbox 427 5016 571 5063; x_wconf 89' lang='lat' dir='ltr'><strong>non</strong></span> <span class='ocrx_word' id='word_1_379' title='bbox 613 4997 995 5060; x_wconf 89' lang='lat' dir='ltr'><strong>concinnata</strong></span> <span class='ocrx_word' id='word_1_380' title='bbox 1020 5002 1173 5055; x_wconf 91' lang='lat' dir='ltr'><strong>sunt</strong></span> <span class='ocrx_word' id='word_1_381' title='bbox 1206 5010 1241 5054; x_wconf 91' lang='lat' dir='ltr'><strong>a</strong></span> <span class='ocrx_word' id='word_1_382' title='bbox 1272 4967 1643 5061; x_wconf 85' lang='lat' dir='ltr'><strong>Theodoro,</strong></span> <span class='ocrx_word' id='word_1_383' title='bbox 1677 4991 1789 5049; x_wconf 87' lang='lat' dir='ltr'><strong>sed</strong></span> <span class='ocrx_word' id='word_1_384' title='bbox 1822 5004 1855 5048; x_wconf 87' lang='lat' dir='ltr'><strong>a</strong></span> <span class='ocrx_word' id='word_1_385' title='bbox 1900 4983 2260 5061; x_wconf 86' lang='lat' dir='ltr'><strong>Nicephoro</strong></span> <span class='ocrx_word' id='word_1_386' title='bbox 2293 4978 2556 5042; x_wconf 87' lang='lat' dir='ltr'><strong>Callisto</strong></span> <span class='ocrx_word' id='word_1_387' title='bbox 2588 4994 2664 5037; x_wconf 80' lang='lat' dir='ltr'><strong>ex</strong></span> <span class='ocrx_word' id='word_1_388' title='bbox 2696 4975 2978 5037; x_wconf 84' lang='lat' dir='ltr'><strong>Historia</strong></span> <span class='ocrx_word' id='word_1_389' title='bbox 3015 4971 3452 5035; x_wconf 88' lang='lat' dir='ltr'><strong>ecclesiastica</strong></span> <span class='ocrx_word' id='word_1_390' title='bbox 3504 4967 3720 5027; x_wconf 88' lang='lat' dir='ltr'><strong>Theo-</strong></span> 
     </span>
    </p>
   </div>
   <div class='ocr_carea' id='block_1_37' title="bbox 425 5077 2062 5179">
    <p class='ocr_par' dir='ltr' id='par_1_37' title="bbox 425 5085 2056 5179">
     <span class='ocr_line' id='line_1_37' title="bbox 425 5085 2056 5179; baseline -0.013 -13"><span class='ocrx_word' id='word_1_391' title='bbox 425 5102 611 5173; x_wconf 80' lang='lat' dir='ltr'><strong>dori,</strong></span> <span class='ocrx_word' id='word_1_392' title='bbox 638 5101 1003 5179; x_wconf 87' lang='lat' dir='ltr'><strong>dictataque</strong></span> <span class='ocrx_word' id='word_1_393' title='bbox 1027 5096 1197 5163; x_wconf 88' lang='lat' dir='ltr'><strong>aliis,</strong></span> <span class='ocrx_word' id='word_1_394' title='bbox 1231 5101 1299 5155; x_wconf 91' lang='lat' dir='ltr'><strong>ut</strong></span> <span class='ocrx_word' id='word_1_395' title='bbox 1333 5089 1627 5171; x_wconf 64' lang='lat' dir='ltr'><strong>praeﬁxus</strong></span> <span class='ocrx_word' id='word_1_396' title='bbox 1660 5085 2056 5149; x_wconf 73' lang='lat' dir='ltr'><strong>titulusindi</strong></span> 
     </span>
    </p>
   </div>
   <div class='ocr_carea' id='block_1_38' title="bbox 2081 5077 3718 5179">
    <p class='ocr_par' dir='ltr' id='par_1_38' title="bbox 2081 5077 3718 5158">
     <span class='ocr_line' id='line_1_38' title="bbox 2081 5077 3718 5158; baseline -0.012 -12"><span class='ocrx_word' id='word_1_397' title='bbox 2081 5092 2159 5146; x_wconf 80' lang='lat' dir='ltr'><strong>:at</strong></span> <span class='ocrx_word' id='word_1_398' title='bbox 2194 5105 2208 5144; x_wconf 88' lang='lat'><strong>:</strong></span> <span class='ocrx_word' id='word_1_399' title='bbox 2239 5082 2472 5158; x_wconf 80' lang='grc' dir='ltr'><strong>Ἐκλογὴ</strong></span> <span class='ocrx_word' id='word_1_400' title='bbox 2517 5086 2625 5139; x_wconf 83' lang='grc' dir='ltr'><strong>ἀπὸ</strong></span> <span class='ocrx_word' id='word_1_401' title='bbox 2654 5085 2753 5155; x_wconf 83' lang='grc' dir='ltr'><strong>τῆς</strong></span> <span class='ocrx_word' id='word_1_402' title='bbox 2786 5082 3255 5154; x_wconf 78' lang='grc' dir='ltr'><strong>ἐκκλησιαστικῆς</strong></span> <span class='ocrx_word' id='word_1_403' title='bbox 3296 5080 3561 5152; x_wconf 84' lang='grc' dir='ltr'><strong>Ἱστορίας</strong></span> <span class='ocrx_word' id='word_1_404' title='bbox 3590 5077 3718 5129; x_wconf 81' lang='grc' dir='ltr'><strong>Θεο-</strong></span> 
     </span>
    </p>
   </div>
   <div class='ocr_carea' id='block_1_39' title="bbox 423 5173 2060 5283">
    <p class='ocr_par' dir='ltr' id='par_1_39' title="bbox 423 5173 2060 5283">
     <span class='ocr_line' id='line_1_39' title="bbox 423 5173 2060 5283; baseline -0.01 -18"><span class='ocrx_word' id='word_1_405' title='bbox 423 5209 619 5283; x_wconf 74' lang='grc' dir='ltr'><strong>δώρου</strong></span> <span class='ocrx_word' id='word_1_406' title='bbox 666 5173 1068 5276; x_wconf 47' lang='grc' dir='ltr'><strong>’Λναγνάλστοψ</strong></span> <span class='ocrx_word' id='word_1_407' title='bbox 1102 5204 1210 5258; x_wconf 80' lang='grc' dir='ltr'><strong>ἀπὸ</strong></span> <span class='ocrx_word' id='word_1_408' title='bbox 1240 5202 1425 5273; x_wconf 77' lang='grc' dir='ltr'>φωνῆς</span> <span class='ocrx_word' id='word_1_409' title='bbox 1454 5199 1779 5271; x_wconf 81' lang='grc' dir='ltr'>Νικηφόρου</span> <span class='ocrx_word' id='word_1_410' title='bbox 1809 5196 2060 5252; x_wconf 67' lang='grc' dir='ltr'><strong>Καλλίστη</strong></span> 
     </span>
    </p>
   </div>
   <div class='ocr_carea' id='block_1_40' title="bbox 2081 5173 3718 5283">
    <p class='ocr_par' dir='ltr' id='par_1_40' title="bbox 2081 5173 3718 5261">
     <span class='ocr_line' id='line_1_40' title="bbox 2081 5173 3718 5261; baseline -0.011 -13"><span class='ocrx_word' id='word_1_411' title='bbox 2081 5213 2117 5247; x_wconf 36' lang='lat' dir='ltr'><strong>tu</strong></span> <span class='ocrx_word' id='word_1_412' title='bbox 2151 5193 2247 5247; x_wconf 84' lang='grc' dir='ltr'><strong>τοῦ</strong></span> <span class='ocrx_word' id='word_1_413' title='bbox 2281 5188 2689 5246; x_wconf 84' lang='grc' dir='ltr'>Ξανθοπούλου.</span> <span class='ocrx_word' id='word_1_414' title='bbox 2720 5180 2983 5249; x_wconf 75' lang='lat' dir='ltr'><strong>selecto,</strong></span> <span class='ocrx_word' id='word_1_415' title='bbox 3006 5178 3277 5249; x_wconf 79' lang='lat' dir='ltr'><strong>scilicet,</strong></span> <span class='ocrx_word' id='word_1_416' title='bbox 3307 5193 3387 5235; x_wconf 76' lang='lat' dir='ltr'><strong>ea:</strong></span> <span class='ocrx_word' id='word_1_417' title='bbox 3419 5173 3718 5261; x_wconf 71' lang='lat' dir='ltr'><strong>Historia</strong></span> 
     </span>
    </p>
   </div>
   <div class='ocr_carea' id='block_1_41' title="bbox 426 5277 3720 5373">
    <p class='ocr_par' dir='ltr' id='par_1_41' title="bbox 426 5277 3720 5373">
     <span class='ocr_line' id='line_1_41' title="bbox 426 5277 3720 5373; baseline -0.011 1"><span class='ocrx_word' id='word_1_418' title='bbox 426 5277 874 5373; x_wconf 78' lang='lat' dir='ltr'><strong>ecclesiastica</strong></span> <span class='ocrx_word' id='word_1_419' title='bbox 946 5301 1261 5366; x_wconf 82' lang='lat' dir='ltr'><strong>Theodori</strong></span> <span class='ocrx_word' id='word_1_420' title='bbox 1322 5299 1760 5371; x_wconf 74' lang='lat' dir='ltr'><strong>Lectoris,ex</strong></span> <span class='ocrx_word' id='word_1_421' title='bbox 1818 5312 1925 5355; x_wconf 88' lang='lat' dir='ltr'><strong>ore</strong></span> <span class='ocrx_word' id='word_1_422' title='bbox 1994 5291 2295 5356; x_wconf 80' lang='lat' dir='ltr'><strong>dictantis</strong></span> <span class='ocrx_word' id='word_1_423' title='bbox 2369 5288 2717 5368; x_wconf 83' lang='lat' dir='ltr'><strong>Nicephori</strong></span> <span class='ocrx_word' id='word_1_424' title='bbox 2771 5285 3024 5347; x_wconf 86' lang='lat' dir='ltr'><strong>Callisti</strong></span> <span class='ocrx_word' id='word_1_425' title='bbox 3094 5277 3509 5358; x_wconf 78' lang='lat' dir='ltr'><strong>Xanthopuii.</strong></span> <span class='ocrx_word' id='word_1_426' title='bbox 3561 5278 3720 5352; x_wconf 69' lang='lat' dir='ltr'><strong>Qum</strong></span> 
     </span>
    </p>
   </div>
   <div class='ocr_carea' id='block_1_42' title="bbox 426 5381 3718 5493">
    <p class='ocr_par' dir='ltr' id='par_1_42' title="bbox 426 5381 3718 5493">
     <span class='ocr_line' id='line_1_42' title="bbox 426 5381 3718 5493; baseline -0.009 -20"><span class='ocrx_word' id='word_1_427' title='bbox 426 5421 771 5493; x_wconf 85' lang='lat' dir='ltr'><strong>postrema</strong></span> <span class='ocrx_word' id='word_1_428' title='bbox 857 5407 1047 5468; x_wconf 89' lang='lat' dir='ltr'><strong>verba</strong></span> <span class='ocrx_word' id='word_1_429' title='bbox 1116 5421 1263 5467; x_wconf 90' lang='lat' dir='ltr'><strong>cum</strong></span> <span class='ocrx_word' id='word_1_430' title='bbox 1338 5402 1665 5464; x_wconf 86' lang='lat' dir='ltr'><strong>omisisset</strong></span> <span class='ocrx_word' id='word_1_431' title='bbox 1742 5399 2112 5476; x_wconf 88' lang='lat' dir='ltr'><strong>interpres,</strong></span> <span class='ocrx_word' id='word_1_432' title='bbox 2170 5396 2405 5458; x_wconf 85' lang='lat' dir='ltr'><strong>factum</strong></span> <span class='ocrx_word' id='word_1_433' title='bbox 2462 5402 2558 5454; x_wconf 91' lang='lat' dir='ltr'><strong>est</strong></span> <span class='ocrx_word' id='word_1_434' title='bbox 2615 5398 2685 5453; x_wconf 88' lang='lat' dir='ltr'><strong>ut</strong></span> <span class='ocrx_word' id='word_1_435' title='bbox 2751 5389 3151 5453; x_wconf 86' lang='lat' dir='ltr'><strong>Collectanea</strong></span> <span class='ocrx_word' id='word_1_436' title='bbox 3226 5384 3346 5445; x_wconf 87' lang='lat' dir='ltr'><strong>ista</strong></span> <span class='ocrx_word' id='word_1_437' title='bbox 3412 5381 3718 5444; x_wconf 89' lang='lat' dir='ltr'><strong>historica</strong></span> 
     </span>
    </p>
   </div>
   <div class='ocr_carea' id='block_1_43' title="bbox 424 5484 3715 5581">
    <p class='ocr_par' dir='ltr' id='par_1_43' title="bbox 424 5484 3715 5581">
     <span class='ocr_line' id='line_1_43' title="bbox 424 5484 3715 5581; baseline -0.009 -8"><span class='ocrx_word' id='word_1_438' title='bbox 424 5484 790 5573; x_wconf 58' lang='lat' dir='ltr'><strong>:l&#39;beodoro</strong></span> <span class='ocrx_word' id='word_1_439' title='bbox 818 5506 1346 5577; x_wconf 87' lang='lat' dir='ltr'><strong>attribuerentur,</strong></span> <span class='ocrx_word' id='word_1_440' title='bbox 1385 5521 1530 5581; x_wconf 64' lang='lat' dir='ltr'><strong>quae</strong></span> <span class='ocrx_word' id='word_1_441' title='bbox 1585 5510 1795 5563; x_wconf 86' lang='lat' dir='ltr'><strong>tamen</strong></span> <span class='ocrx_word' id='word_1_442' title='bbox 1858 5506 2008 5561; x_wconf 90' lang='lat' dir='ltr'><strong>sunt</strong></span> <span class='ocrx_word' id='word_1_443' title='bbox 2064 5515 2177 5577; x_wconf 90' lang='lat' dir='ltr'><strong>per</strong></span> <span class='ocrx_word' id='word_1_444' title='bbox 2250 5494 2684 5572; x_wconf 86' lang='lat' dir='ltr'><strong>Nicephorum</strong></span> <span class='ocrx_word' id='word_1_445' title='bbox 2739 5490 3069 5554; x_wconf 86' lang='lat' dir='ltr'><strong>Callistum</strong></span> <span class='ocrx_word' id='word_1_446' title='bbox 3114 5487 3191 5548; x_wconf 88' lang='lat' dir='ltr'><strong>ab</strong></span> <span class='ocrx_word' id='word_1_447' title='bbox 3225 5484 3365 5562; x_wconf 90' lang='lat' dir='ltr'><strong>ejus</strong></span> <span class='ocrx_word' id='word_1_448' title='bbox 3434 5484 3715 5546; x_wconf 81' lang='lat' dir='ltr'><strong>Historia</strong></span> 
     </span>
    </p>
   </div>
   <div class='ocr_carea' id='block_1_44' title="bbox 425 5584 3717 5683">
    <p class='ocr_par' dir='ltr' id='par_1_44' title="bbox 425 5584 3717 5683">
     <span class='ocr_line' id='line_1_44' title="bbox 425 5584 3717 5683; baseline -0.008 -12"><span class='ocrx_word' id='word_1_449' title='bbox 425 5617 771 5683; x_wconf 77' lang='lat' dir='ltr'><strong>excerpta.</strong></span> <span class='ocrx_word' id='word_1_450' title='bbox 804 5605 991 5679; x_wconf 85' lang='lat' dir='ltr'><strong>Quod</strong></span> <span class='ocrx_word' id='word_1_451' title='bbox 1056 5610 1202 5665; x_wconf 89' lang='lat' dir='ltr'><strong>ante</strong></span> <span class='ocrx_word' id='word_1_452' title='bbox 1259 5619 1374 5664; x_wconf 92' lang='lat' dir='ltr'><strong>nos</strong></span> <span class='ocrx_word' id='word_1_453' title='bbox 1427 5602 1677 5664; x_wconf 88' lang='lat' dir='ltr'><strong>monuit</strong></span> <span class='ocrx_word' id='word_1_454' title='bbox 1735 5617 1994 5680; x_wconf 86' lang='lat' dir='ltr'><strong>quoque</strong></span> <span class='ocrx_word' id='word_1_455' title='bbox 2054 5597 2365 5660; x_wconf 86' lang='lat' dir='ltr'><strong>Baronius</strong></span> <span class='ocrx_word' id='word_1_456' title='bbox 2421 5595 2496 5657; x_wconf 89' lang='lat' dir='ltr'><strong>ad</strong></span> <span class='ocrx_word' id='word_1_457' title='bbox 2567 5609 2808 5655; x_wconf 89' lang='lat' dir='ltr'><strong>annum</strong></span> <span class='ocrx_word' id='word_1_458' title='bbox 2872 5590 3012 5651; x_wconf 71' lang='lat' dir='ltr'><strong>h83.</strong></span> <span class='ocrx_word' id='word_1_459' title='bbox 3050 5588 3201 5648; x_wconf 89' lang='lat' dir='ltr'><strong>Nam</strong></span> <span class='ocrx_word' id='word_1_460' title='bbox 3234 5584 3431 5647; x_wconf 85' lang='lat' dir='ltr'><strong>tradit</strong></span> <span class='ocrx_word' id='word_1_461' title='bbox 3485 5585 3717 5647; x_wconf 88' lang='lat' dir='ltr'><strong>Suidas</strong></span> 
     </span>
    </p>
   </div>
   <div class='ocr_carea' id='block_1_45' title="bbox 427 5687 3716 5782">
    <p class='ocr_par' dir='ltr' id='par_1_45' title="bbox 427 5687 3716 5782">
     <span class='ocr_line' id='line_1_45' title="bbox 427 5687 3716 5782; baseline -0.007 -10"><span class='ocrx_word' id='word_1_462' title='bbox 427 5710 864 5772; x_wconf 86' lang='lat' dir='ltr'><strong>Theodorum</strong></span> <span class='ocrx_word' id='word_1_463' title='bbox 918 5705 1221 5769; x_wconf 74' lang='lat' dir='ltr'><strong>Ecclesize</strong></span> <span class='ocrx_word' id='word_1_464' title='bbox 1274 5703 1997 5782; x_wconf 63' lang='lat' dir='ltr'><strong>Constantinopolitanae</strong></span> <span class='ocrx_word' id='word_1_465' title='bbox 2027 5701 2329 5765; x_wconf 89' lang='lat' dir='ltr'><strong>lectorem</strong></span> <span class='ocrx_word' id='word_1_466' title='bbox 2381 5695 2720 5777; x_wconf 81' lang='lat' dir='ltr'><strong>scripsisse</strong></span> <span class='ocrx_word' id='word_1_467' title='bbox 2752 5690 3098 5755; x_wconf 85' lang='lat' dir='ltr'><strong>Historiam</strong></span> <span class='ocrx_word' id='word_1_468' title='bbox 3133 5687 3637 5751; x_wconf 80' lang='lat' dir='ltr'><strong>ecclesiasticam</strong></span> <span class='ocrx_word' id='word_1_469' title='bbox 3680 5701 3716 5747; x_wconf 89' lang='lat' dir='ltr'><strong>a</strong></span> 
     </span>
    </p>
   </div>
   <div class='ocr_carea' id='block_1_46' title="bbox 432 5786 3710 5888">
    <p class='ocr_par' dir='ltr' id='par_1_46' title="bbox 432 5786 3710 5888">
     <span class='ocr_line' id='line_1_46' title="bbox 432 5786 3710 5888; baseline -0.009 -11"><span class='ocrx_word' id='word_1_470' title='bbox 432 5808 856 5877; x_wconf 84' lang='lat' dir='ltr'><strong>Constantini</strong></span> <span class='ocrx_word' id='word_1_471' title='bbox 888 5807 1290 5888; x_wconf 87' lang='lat' dir='ltr'><strong>temporibus</strong></span> <span class='ocrx_word' id='word_1_472' title='bbox 1322 5824 1533 5887; x_wconf 88' lang='lat' dir='ltr'><strong>usque</strong></span> <span class='ocrx_word' id='word_1_473' title='bbox 1559 5806 1637 5870; x_wconf 88' lang='lat' dir='ltr'><strong>ad</strong></span> <span class='ocrx_word' id='word_1_474' title='bbox 1663 5805 2012 5871; x_wconf 70' lang='lat' dir='ltr'><strong>Iustiniani</strong></span> <span class='ocrx_word' id='word_1_475' title='bbox 2050 5806 2400 5885; x_wconf 83' lang='lat' dir='ltr'><strong>imperium</strong></span> <span class='ocrx_word' id='word_1_476' title='bbox 2440 5824 2454 5865; x_wconf 90' lang='lat'><strong>:</strong></span> <span class='ocrx_word' id='word_1_477' title='bbox 2491 5815 2655 5879; x_wconf 84' lang='lat' dir='ltr'><strong>Opus</strong></span> <span class='ocrx_word' id='word_1_478' title='bbox 2688 5796 2876 5877; x_wconf 84' lang='lat' dir='ltr'><strong>plane</strong></span> <span class='ocrx_word' id='word_1_479' title='bbox 2914 5792 3246 5856; x_wconf 88' lang='lat' dir='ltr'><strong>diversum</strong></span> <span class='ocrx_word' id='word_1_480' title='bbox 3275 5807 3311 5853; x_wconf 85' lang='lat' dir='ltr'><strong>a</strong></span> <span class='ocrx_word' id='word_1_481' title='bbox 3370 5786 3710 5870; x_wconf 84' lang='lat' dir='ltr'><strong>perbrevi-</strong></span> 
     </span>
    </p>
   </div>
  </div>
