4146 6458
490 395 595 465 159
1724 408 2186 475 THEODORUS
2222 413 2536 477 LECTOR.
3641 408 3744 473 160

486 509 611 571 bus
637 509 895 573 duobus
922 510 1049 573 illis
1084 512 1631 576 Collectaneorum
1659 515 2033 600 libris,qua3
2056 521 2408 603 fragmenta
2444 524 2657 604 potius
2698 539 2841 584 esse
2863 521 3186 591 videntur,
3219 536 3413 599 quam
3448 519 3738 583 ordinata

488 626 705 670 rerum
744 611 1047 673 tractatio.
1082 612 1348 690 Scripsit
1377 614 1593 693 itaque
1622 633 1805 680 suam
1839 620 1943 683 hic
1971 622 2351 687 Theodorus
2384 625 2733 687 Historiam
2758 620 3279 684 ecclesiasticam.
3306 621 3574 683 Suidas:
3606 630 3740 686 Θεό-

487 709 660 781 δωρος
684 710 713 761 ὁ
742 710 852 764 ἀπὸ
873 711 1235 779 ἀναγνωστῶν
1259 713 1359 784 τῆς
1391 716 1654 787 Μεγάλης
1675 719 2006 792 Ἐκκλησίας
2024 725 2680 789 Κωνσταντινουπὸλεως,
2704 723 2945 795 ἔγραψεν
2980 720 3249 792 Ἱστορίαν
3278 721 3744 796 ἐκκλησιαστικὴν

488 808 602 861 ἀπὸ
632 810 738 863 τῶν
768 812 975 880 χρόνων
1002 812 1418 868 Κωνσταντίνου
1447 815 1555 881 ἕως
1592 818 1695 888 τῆς
1727 819 2010 890 βασιλείας
2052 824 2122 878 ’lo

2103 824 2461 881 ουστινιανοῦ.
2502 816 2904 889 Theodorus,
2941 814 3399 891 lectorMagnw
3436 813 3740 877 Ecclesiw

493 899 1237 982 Constantinopolitanae,
1268 908 1533 987 scripsit
1564 912 1925 974 Historiam
1958 913 2445 978 ecclesiasticam
2475 936 2515 977 a
2558 916 2943 997 temporibus
2982 914 3390 978 Constantini
3422 933 3618 992 usque
3662 914 3747 975 ad

491 1004 827 1082 imperium
857 1004 1237 1069 Iustiniani.
1274 1011 1365 1071 Ex
1400 1013 1696 1076 Historia
1721 1016 2144 1079 ecclesiastica
2190 1019 2511 1082 Theodori
2562 1019 2850 1083 Lectoris
2905 1018 3257 1080 recitantur
3316 1017 3628 1079 nonnulla
3672 1018 3744 1080 in

491 1102 742 1179 synodo
772 1105 1038 1179 septima
1070 1110 1356 1186 generali
1392 1121 1509 1175 act.
1542 1116 1619 1189 5;
1655 1123 1717 1178 et
1744 1134 1819 1178 ex
1860 1120 2089 1197 quinto
2140 1121 2304 1183 libro
2335 1129 2454 1183 act.
2487 1124 2517 1184 1
2556 1144 2573 1197 ;
2613 1123 2722 1184 abs
2760 1124 3005 1183 Joanne
3052 1121 3446 1181 Damasceno
3513 1126 3669 1181 orat.
3705 1120 3747 1180 3

492 1216 607 1307 pro
663 1202 1103 1307 imaginibus;
1160 1216 1221 1272 et
1265 1227 1301 1272 a
1340 1213 1533 1276 Suida
1570 1233 1706 1279 voc.
1744 1227 2010 1298 Διόδωρος
2046 1246 2129 1299 μοι

2108 1230 2316 1295 ινάζων,
2348 1230 2409 1285 et
2455 1223 2634 1285 alibi.
2666 1220 3132 1302 lnquireudum
3170 1235 3323 1281 vero
3375 1226 3473 1280 est
3519 1236 3595 1281 an
3638 1219 3745 1282 hic

490 1299 663 1403 idem
695 1301 778 1363 sit
808 1304 919 1365 ille
952 1306 1329 1371 Theodorus
1361 1317 1749 1393 Anagnosta,
1774 1335 1892 1381 seu
1929 1322 2173 1394 Lector,
2206 1321 2286 1384 de
2311 1339 2441 1401 quo
2466 1322 2595 1403 agit
2622 1299 2851 1384 Suidas
2883 1331 3341 1399 νοοθΚυνήγων.

572 1400 649 1463 Et
696 1402 965 1469 fortasse
1014 1407 1119 1471 hic
1168 1429 1295 1474 non
1325 1414 1494 1476 alius
1532 1415 1723 1480 fuerit
1772 1438 1965 1499 quam
2005 1422 2409 1499 Theodorus,
2448 1400 2643 1487 lector
2674 1424 3446 1503 Constantinopolitanus,
3478 1420 3742 1483 natione

492 1502 966 1586 Paphlago,qui
1002 1508 1068 1570 in
1098 1527 1214 1573 sua
1246 1514 1676 1580 ecclesiastica
1708 1519 1991 1583 Historia
2015 1539 2095 1585 ex
2125 1523 2551 1596 Theodoreto,
2586 1525 2941 1587 Sozomeno
2988 1533 3051 1587 et
3077 1502 3354 1593 Socrate,
3390 1540 3607 1598 unam,
3636 1522 3747 1583 in—

494 1607 735 1713 tegram
788 1605 1279 1688 absolutamque
1314 1614 1739 1676 narrationem
1771 1618 2125 1694 continuat,
2154 1637 2231 1683 eo
2254 1622 2502 1684 scilicet
2533 1623 2745 1696 modo,
2783 1630 2848 1685 ut
2877 1641 3023 1702 quas
3048 1632 3173 1686 tres
3201 1624 3310 1685 isti
3349 1630 3628 1695 narrant,
3661 1639 3747 1683 ex

494 1715 574 1762 eo
612 1703 735 1765 sibi
767 1717 1121 1783 mutuetur,
1157 1711 1271 1789 qui
1323 1712 1680 1777 dilucidius
1708 1722 1769 1778 et
1801 1721 2159 1784 accuratius
2211 1740 2341 1784 rem
2386 1724 2785 1794 pertractavit
2819 1747 2836 1797 ;
2870 1731 3222 1803 exaggeret
3283 1741 3430 1787 vero
3469 1722 3744 1801 reliqua,

495 1818 642 1879 quas
671 1821 747 1865 ex
802 1806 882 1868 iis
924 1826 1093 1871 unus
1125 1817 1365 1873 tantum
1393 1858 1409 1887 ,
1435 1814 1782 1879 silentibus
1818 1817 1988 1894 aliis,
2027 1820 2094 1881 in
2132 1839 2248 1884 sua
2289 1822 2571 1885 Historia
2634 1823 2953 1903 digessit;
2990 1824 3073 1886 ita
3115 1832 3327 1887 tamen
3373 1837 3444 1886 ut
3492 1833 3748 1902 tempus

493 1916 640 2005 quo
683 1913 877 2005 gesta
907 1915 1058 1968 sunt
1088 1918 1324 1984 servet,
1384 1921 1686 1992 aptetque
1716 1918 1932 1981 omnia
1965 1922 2510 1985 commodissime.
2536 1925 2747 1998 Quare
2794 1923 2906 2004 qui
2942 1922 3126 1986 illum
3169 1924 3420 2005 legerit,
3461 1932 3585 1985 tres
3614 1924 3748 2002 jam

493 1997 784 2062 laudatos
817 2001 1158 2067 historicos
1190 2025 1323 2071 uno
1368 2011 1730 2091 eodemque
1764 2022 2049 2096 tempore
2080 2019 2206 2081 sibi
2240 1997 2629 2085 habebit.Ex
2666 2022 2782 2085 hac
2813 1997 3098 2085 Historia
3126 1997 3290 2086 duds
3324 1997 3512 2085 nobis
3548 1997 3750 2085 libros

493 2098 741 2177 priores
768 2110 1027 2206 tempus
1058 2107 1347 2189 reliquos
1377 2110 1549 2187 fecit,
1587 2116 1704 2193 qui
1733 2118 2161 2183 exordiuntur
2190 2122 2268 2184 ab
2298 2125 2573 2201 imperio
2603 2126 3006 2188 Constantini
3038 2126 3278 2206 Magni,
3315 2132 3375 2187 et
3406 2126 3643 2187 ﬁniunt
3676 2126 3751 2185 in

488 2203 911 2280 auguratione
941 2206 1180 2269 Juliani
1221 2210 1625 2290 imperatoris
1655 2218 1776 2279 sub
1804 2218 2135 2282 consulatu
2170 2222 2364 2283 Tauri
2401 2229 2465 2285 et
2494 2223 3099 2299 Florentii.Quibus
3150 2203 3492 2286 innumera
3549 2238 3755 2301 prOpe

491 2301 626 2365 loca
653 2304 717 2366 in
743 2306 1170 2383 Theodoreto,
1204 2312 1459 2375 Socrate
1490 2322 1553 2376 et
1584 2317 1941 2380 Sozomeno
1976 2324 2471 2386 amanuensium
2532 2324 2782 2387 incuria
2821 2326 3159 2404 depravata
3194 2325 3626 2387 restituuntur
3684 2328 3756 2383 et

489 2409 939 2470 emendantur.
978 2410 1324 2473 Servantur
1353 2430 1553 2490 penes
1584 2432 1687 2478 me
1716 2417 1801 2479 ita
1841 2420 2064 2496 parati,
2100 2426 2171 2483 ut
2200 2438 2346 2484 cum
2381 2442 2494 2503 per
2532 2425 2968 2504 typographos
3000 2425 3284 2496 licuerit,
3320 2424 3527 2487 lucem
3565 2423 3752 2502 aspi-

489 2522 637 2567 cere
669 2507 917 2584 possint
950 2506 1056 2589 (a).
1092 2512 1168 2571 Et
1208 2518 1276 2571 ut
1308 2529 1387 2573 ex
1419 2515 1647 2577 eodem
1692 2523 1761 2578 tu
1819 2535 2086 2598 quoque
2142 2519 2400 2597 habeas,
2441 2523 2658 2598 lector,
2697 2523 2857 2604 quid
2910 2522 3022 2587 ille
3077 2525 3140 2586 in
3181 2524 3468 2585 Historia
3515 2520 3754 2602 egerit,

490 2604 722 2669 habeto
752 2606 869 2667 tibi
901 2610 1120 2687 operis
1154 2612 1559 2686 procemium.

562 2710 668 2762 Ἕκ
700 2728 846 2775 τινος
876 2710 1057 2783 ψήφου
1098 2714 1482 2782 ἐπιξενοῦσθαί
1514 2735 1606 2789 μοι
1638 2719 1858 2791 λαχόντι
1887 2723 2027 2776 κατὰ
2056 2722 2118 2777 τὸ
2157 2724 2428 2795 ἡμέτερον
2456 2726 2825 2796 Παφλαγόνων
2859 2726 3035 2793 έθνος,
3072 2727 3131 2779 ἐν
3156 2723 3490 2797 μητροπόλει
3510 2720 3763 2791 τοῦνομα

488 2800 735 2874 Γάγγρᾳ,
763 2804 824 2856 ἐν
866 2804 1006 2876 αὑτῇ
1039 2823 1099 2859 τε
1137 2807 1512 2863 ἀπολαύσαντι
1539 2810 1643 2881 τῆς
1673 2812 1773 2882 σῆς
1804 2813 1957 2884 ἱερᾶς
1986 2813 2122 2882 όμοῦ
2148 2813 2248 2868 καὶ
2276 2817 2463 2887 τιμίας
2500 2834 2603 2887 μου
2637 2815 3315 2888 κεφαλῆς,ήναγκαζόμην
3337 2811 3469 2883 παρ’
3489 2811 3661 2879 αὐτῆς
3688 2809 3758 2876 ἓξ

488 2896 662 2966 αὐτῆς
685 2896 785 2959 τὰς
819 2898 1105 2964 ὑποθέσεις
1144 2901 1454 2974 ληψόμενος
1474 2946 1489 2970 ,
1529 2909 1861 2975 συναγαγεῖν
1884 2907 1994 2961 τῶν
2014 2909 2490 2978 ἐκκλησιαστικῶν
2538 2913 2818 2984 ’ἱστοριῶν
2851 2912 2981 2975 τοὺς
3018 2911 3302 2977 ἐκθέντας,
3330 2909 3428 2963 καὶ
3464 2907 3594 2981 μίαν
3626 2904 3759 2959 τινὰ

489 2991 552 3057 ἐξ
583 2993 761 3047 αὐτῶν
792 2995 1141 3066 ἁρμόσασθαι
1176 2999 1430 3066 σύνταξιν
1456 3017 1473 3033 ο
1492 3002 1682 3074 ἐπειδὴ
1705 3004 1763 3057 δὲ
1791 3008 2033 3076 πατρικῇ
2066 3007 2315 3061 κελεύσει
2349 3008 2654 3078 ἀντιλέγειν
2683 3010 2780 3079 οὑχ
2802 3009 3043 3072 ὅσιον,εἰ
3073 3008 3169 3060 καὶ
3190 3005 3447 3077 φράσεως
3487 3003 3588 3072 τῆς
3613 3019 3759 3069 πρε·-

488 3084 704 3155 πούσης
734 3086 1053 3161 ἐλειπόμην,
1085 3091 1201 3145 ἀλλ’
1228 3093 1322 3146 ἐπὶ
1353 3093 1415 3147 τὸ
1454 3093 1698 3147 τοιοῦτον
1723 3094 1885 3167 ἔργον
1926 3098 2164 3170 ἀμελητὶ
2190 3095 2356 3171 ἦλθον
2385 3098 2682 3169 ὑμετέραις
2714 3098 2902 3169 εὐχαῖς
2932 3094 3315 3169 τεθαρρηκώς.
3353 3093 3616 3147 Εὑσεὸἰου
3651 3094 3755 3148 τοῦ

489 3177 946 3247 θαυμασιωτάτου
972 3182 1069 3254 τήν
1099 3185 1337 3255 ἐπίκλην
1369 3186 1658 3257 Παμφίλου
1686 3188 2035 3260 κεκμηκότος
2063 3191 2192 3262 περὶ
2224 3190 2322 3263 τὴν
2354 3190 2624 3261 συλλογὴν
2656 3189 2767 3243 τῶν
2804 3188 3073 3243 ἀνέκαθεν
3122 3187 3223 3252 τὰς
3254 3184 3508 3247 τοιαύτας
3556 3185 3761 3257 ἐκκλη-

492 3273 779 3335 σιαστικὰς
800 3275 1088 3339 ὑποθέσεις
1106 3276 1306 3346 λογίων
1331 3278 1545 3351 ἀνδρῶν
1569 3281 2057 3353 συγγεγραφότων,
2084 3284 2146 3337 οὑ
2182 3284 2343 3354 μόνον
2372 3284 2521 3353 λέγω
2553 3282 2663 3337 τῶν
2702 3282 2855 3353 παρὰ
2880 3282 3231 3352 Χριστιανοῖς
3266 3277 3759 3347 φιλοσοφησάντων

489 3362 628 3416 ἁλλὰ
659 3365 753 3417 καὶ
779 3365 909 3437 παρ’
951 3366 1246 3438 Ἑϐραίοις,
1277 3369 1371 3422 καὶ
1402 3368 1565 3440 τήνδε
1607 3371 1707 3442 τὴν
1742 3373 2022 3444 ἱστορικὴν
2059 3373 2316 3440 σύνταξιν
2343 3376 2723 3446 ποιησαμένου
2753 3376 2885 3444 άχρι
2919 3373 3015 3427 τοῦ
3046 3374 3301 3427 εἰκοστοῦ
3342 3371 3497 3436 ἔτους
3528 3372 3626 3442 τῆς
3660 3379 3755 3442 (ρι’

488 3460 799 3533 λοχρίστου,
832 3462 925 3517 καὶ
954 3462 1031 3527 ὡς
1061 3463 1280 3534 ἀληθῶς
1316 3465 1423 3519 ὑπὸ
1445 3465 1582 3519 Θεοῦ
1617 3468 2098 3542 χειροτονηθείσης
2131 3471 2410 3544 βασιλείας
2432 3471 2850 3525 Κωνσταντίνου
2881 3468 2975 3524 τοῦ
3006 3470 3257 3539 πανευφή
3270 3484 3374 3537 μου
3417 3466 3516 3519 καὶ
3567 3483 3756 3536 μακα-

491 3561 759 3630 ριωτάτου
792 3576 807 3590 ·
840 3552 944 3612 ὧδε
974 3561 1407 3626 καταλύσαντος,
1441 3563 1535 3615 ἐπὶ
1559 3562 1620 3616 τὸ
1650 3565 1893 3618 τοιοῦτον
1924 3568 2023 3636 τῆς
2057 3568 2370 3631 ὑποθέσεως
2397 3566 2587 3636 σχῆμα
2620 3566 2761 3634 μετὰ
2790 3565 2992 3634 πολλῆς
3013 3565 3111 3635 τῆς
3134 3560 3532 3633 άκριϐείας,ὦς
3555 3578 3617 3628 γε
3645 3560 3760 3616 τῶν

491 3653 823 3708 ἐκτεθέντων
842 3656 1077 3726 ήγραφὴ
1102 3658 1467 3728 μαρτυρήσει,
1484 3658 1585 3729 τὴν
1608 3659 1847 3731 σπουδὴν
1865 3663 2243 3733 πεποιήκεσαν
2264 3661 2531 3730 θεοφιλεῖς
2542 3659 2678 3731 όμοὺ
2697 3659 2793 3712 καὶ
2815 3656 3137 3728 λογιώτατοι
3153 3656 3365 3727 ἄνδρες,
3381 3654 3522 3722 λέγω
3544 3653 3605 3723 δὴ
3626 3652 3761 3706 Θεο-

491 3746 739 3818 δώρητος
767 3747 910 3819 ὁτῆς
938 3748 1091 3810 ὁσίας
1124 3752 1343 3819 μνήμης
1374 3750 1669 3818 γενόμενος
1703 3750 2002 3815 ἐπίσκοπος
2027 3753 2236 3822 Κύρου,
2263 3753 2602 3822 Σωζόμενος,
2624 3751 2721 3803 καὶ
2752 3748 3195 3820 Σωκράτης,τῶν
3219 3746 3518 3801 ἐπιλοίπων
3547 3745 3759 3815 χρόνων

494 3837 811 3909 ποιούμενοί
840 3854 901 3890 τε
929 3841 1335 3909 πραγματείαν,
1369 3841 1470 3894 οὑκ
1498 3841 1664 3909 ἄμφω
1685 3840 1777 3895 τὸν
1800 3841 2045 3894 τοιοῦτον
2080 3843 2267 3912 ὅμιλον
2299 3842 2545 3909 θέμενοι,
2564 3842 2680 3895 ἀλλ’
2716 3840 2824 3910 ἰδίᾳ
2842 3840 3073 3903 ἕκαστος
3097 3840 3488 3910 φιλοσοφήσας,
3510 3837 3603 3891 καὶ
3624 3836 3760 3896 τοὺς

490 3930 683 3999 λόγους
701 3932 1043 4002 ἀναγράψας.
1075 3933 1229 3987 Ἐπεὶ
1250 3929 1345 3988 οὖν
1372 3934 1499 3986 τινὰ
1519 3934 1618 4003 μὲν
1635 3932 1744 3987 τῶν
1763 3933 1907 3988 κατά
1938 3934 2169 4005 καιροὺς
2188 3933 2543 4005 πραχθέντων
2576 3933 2682 3987 ὑπὸ
2710 3937 2811 4005 τῆς
2834 3920 3157 3997 ἀκολουθίας
3170 3931 3474 4003 ὠθούμενοι
3504 3931 3759 4001 ἑκάτεροι

490 4023 897 4095 ἀπεδείχθησαν
930 4026 1260 4096 φράσαντες,
1275 4025 1401 4079 τινὰ
1427 4025 1485 4079 δὲ
1512 4022 1849 4088 ἰδιαζόντως,
1866 4021 2087 4092 εὔλογον
2111 4025 2298 4095 ᾠήθην
2315 4025 2380 4079 τὰ
2397 4024 2594 4088 κοινῶς
2610 4026 2792 4088 αὑτοῖς
2811 4024 3245 4097 συμφωνούμενα
3260 4024 3349 4079 διὰ
3369 4024 3463 4078 τοῦ
3488 4023 3762 4091 σαφέστε-

492 4132 586 4184 ρον
630 4118 723 4171 καὶ
755 4117 1166 4188 ἁφραδέστερον
1209 4115 1578 4187 διηγουμένου
1612 4119 1679 4187 τῇ
1746 4114 1999 4188 παρούσῃ
2056 4116 2225 4187 βίϐλῳ
2277 4116 2604 4182 κατατάξαι,
2637 4119 2695 4169 ἐν
2755 4118 2821 4187 τῇ
2856 4116 3095 4187 παρόψει
3151 4115 3759 4187 παρασημαινόμενος,

489 4212 566 4274 ὡς
591 4208 758 4281 ἄμφω
797 4213 1274 4283 συμπεφωνήκασι
1308 4227 1322 4241 ο
1358 4210 1427 4263 τὰ
1455 4210 1513 4263 δὲ
1548 4209 1765 4280 ἑκάστῳ
1793 4209 1960 4263 πάλιν
1992 4208 2139 4272 ἰδίως
2170 4208 2465 4262 ἐκτεθέντα
2501 4207 2886 4279 παραδηλώσω
2908 4225 2923 4240 ⁸
2962 4205 3201 4279 ἄρξομαι
3226 4207 3282 4261 δὲ
3306 4207 3404 4278 τῆς
3444 4208 3762 4273 ὑποθέσεως

490 4305 556 4358 ἐκ
603 4306 702 4376 τῆς
739 4305 1007 4377 Ἱστορίας
1040 4303 1137 4359 τοῦ
1196 4304 1621 4375 μακαριωτάτου
1685 4303 2027 4375 Σωζομένου.
2058 4303 2568 4374 Προσφωνητικὸν
2617 4306 2705 4369 εἷς
2733 4303 3060 4359 Θεοδόσιον
3086 4303 3192 4358 τὸν
3218 4302 3487 4368 βασιλέα
3510 4302 3763 4373 Σωζομέ-

487 4427 621 4464 νου.
656 4402 743 4463 De
775 4400 1096 4463 Theodori
1128 4400 1399 4480 hujusce
1434 4400 1730 4462 Historia
1776 4400 2202 4463 ecclesiastica
2248 4401 2522 4461 notanda
2566 4398 2870 4479 equidem
2925 4405 3077 4460 sunt
3138 4415 3283 4476 qua;
3330 4397 3604 4458 Vossius
3665 4397 3761 4460 De

493 4501 821 4566 historicis
861 4500 1098 4562 Gracis
1132 4498 1281 4561 libri
1319 4498 1591 4561 secundi
1622 4499 1907 4577 capitulo
1934 4500 2037 4568 2'2,
2071 4497 2261 4560 tradit
2293 4521 2308 4559 :
2346 4496 2514 4559 Unde
2544 4506 2603 4557 et
2651 4495 2931 4558 Jodocus
2966 4496 3229 4557 Coccius
3259 4495 3327 4555 in
3385 4492 3594 4556 indice
3642 4514 3761 4557 au-

494 4614 741 4665 ctorum
782 4619 959 4679 quem
994 4601 1311 4662 Thesauro
1342 4618 1457 4661 suo
1486 4599 1796 4662 catholico
1824 4600 2156 4679 prtemisit,
2185 4617 2322 4659 eum
2350 4598 2588 4659 vixisse
2619 4616 2784 4657 anno
2815 4597 2906 4658 ait
2935 4597 3074 4659 520.
3101 4594 3285 4670 Quod
3329 4595 3579 4657 biennio
3617 4596 3760 4672 fue-

491 4704 585 4763 rit
602 4690 753 4779 post
799 4709 1055 4759 mortem
1095 4700 1443 4763 Anastasii.
1478 4701 1695 4762 Solum
1737 4702 1941 4780 igitur
1968 4709 2205 4762 tractat
2233 4699 2307 4760 de
2344 4700 2703 4776 Marciano,
2734 4698 2939 4759 Leone
2963 4744 2979 4774 ,
3009 4699 3259 4759 Zenone
3284 4741 3301 4771 ,
3334 4696 3653 4757 Basilisco
3694 4704 3758 4756 et

492 4800 850 4866 Anastasio.
882 4780 1136 4878 quuor
1188 4811 1397 4864 autem
1455 4801 1529 4862 de
1580 4800 1930 4875 Theodoro,
1966 4800 2210 4880 qualem
2238 4817 2405 4861 nunc
2435 4798 2726 4859 habemus
2755 4796 2969 4859 Graece
3006 4797 3345 4876 Latineque
3383 4796 3453 4857 in
3481 4812 3754 4873 corpore

494 4903 800 4966 Historia:
849 4903 1307 4975 ecclesiasticae,
1341 4922 1415 4964 ac
1444 4902 1668 4964 Latine
1714 4904 1919 4966 solum
1946 4904 2017 4965 in
2043 4902 2438 4965 Bibliotheca
2476 4902 2737 4962 Patrum
2784 4909 2932 4961 tom.
2973 4900 3113 4971 VII,
3151 4899 3301 4960 edit.
3346 4916 3468 4959 sec.
3500 4895 3624 4958 Sed
3669 4896 3751 4967 is,

494 5022 615 5084 quo
651 5001 881 5064 Suidas
908 5022 1063 5065 usus
1102 5047 1119 5077 ,
1155 5006 1340 5084 coepit
1373 5024 1413 5065 a
1443 5006 1858 5068 Constantino
1890 5007 2146 5085 Magno.
2178 5004 2347 5070 Num
2393 5004 2669 5067 dicemus
2720 5021 2789 5065 eo
2839 5010 3013 5064 tanto
3071 5005 3269 5067 altius
3319 5018 3535 5061 orsum
3585 4997 3751 5071 dici,

568 5189 647 5261 (a)
680 5189 973 5271 Nunquam
1003 5188 1181 5271 edidit
1206 5188 1309 5271 hos
1346 5189 1782 5271 duosTheonri
1818 5188 2068 5271 Lectoris
2174 5205 2306 5271 num
2335 5189 2603 5271 hei-cleat
2634 5187 2899 5271 priscum,
2928 5188 3023 5271 qui
3055 5188 3160 5271 fuit
3194 5188 3747 5271 cardsBessa'rionis.

496 5259 669 5317 libras
709 5260 960 5319 Allatius.
1003 5259 1100 5313 sed
1147 5268 1356 5331 partem
1392 5260 1776 5331 tantummodo
1800 5260 2069 5331 aliquam
2174 5262 2251 5316 De
2284 5261 2391 5315 hoc
2418 5260 2628 5331 pariter
2660 5260 2827 5331 verba
2852 5259 2956 5314 feci
2997 5259 3052 5331 in
3087 5260 3237 5331 Nova
3282 5260 3503 5331 Patrum
3545 5259 3753 5331 Biblio-

502 5334 780 5385 variarum
807 5332 1107 5386 lectionum
1140 5328 1289 5383 misit
1322 5331 1562 5385 Parisios
1586 5330 1653 5384 ad
1680 5328 1743 5383 Η.
1771 5330 2067 5395 Valesium,
2175 5332 2356 5396 theca,
2394 5328 2437 5384 ιζ
2467 5330 2557 5395 Ill,
2590 5329 2845 5399 part.Gr.
2880 5345 2941 5398 p.
2982 5330 3110 5385 448.
3156 5329 3442 5384 Noverunt
3475 5329 3625 5384 hunc
3649 5330 3754 5383 Ve-

507 5401 687 5471 quide
712 5401 903 5457 codice
930 5401 1203 5456 Allatiano
1225 5402 1380 5470 plura
1408 5400 1545 5454 dicit
1572 5400 1629 5454 in
1660 5399 2075 5471 praefationibus
2182 5411 2369 5456 netum
2397 5400 2577 5471 etiam,
2598 5400 2931 5471 Possevinus
2968 5409 3024 5455 et
3048 5400 3335 5471 Emericus
3355 5399 3620 5471 Bigot_ius,
3653 5400 3751 5471 de-

506 5469 574 5542 ajl
609 5470 892 5542 Socratem
922 5481 979 5527 et
1003 5471 1087 5542 ad
1137 5469 1569 5526 Theodoretum.
1617 5470 1876 5542 codicem
1930 5471 2079 5526 hunc
2179 5488 2287 5542 que
2313 5487 2380 5526 eo
2406 5472 2534 5542 item
2568 5470 2815 5539 loquitur
2843 5470 3091 5542 Valesius
3117 5470 3172 5523 in
3202 5470 3362 5542 praef.
3392 5469 3751 5542 ad‘Theodo-

501 5540 778 5596 Theodori
814 5558 900 5596 me
925 5541 1131 5596 vidisse
1161 5545 1242 5608 (ut
1271 5542 1498 5596 omnino
1527 5540 1805 5609 putabam)
1832 5541 1886 5593 in
1915 5542 2083 5595 Valli-
2182 5538 2363 5597 fetum
2390 5558 2404 5607 ;
2438 5541 2532 5596 sed
2570 5538 2683 5610 pra:
2707 5540 2922 5595 caeteris
2946 5538 3453 5595 accurate'Jacohus
3473 5538 3754 5593 Morellius

502 5611 735 5665 celliana
764 5612 1120 5675 bibliotheca,
1156 5629 1282 5667 cum
1337 5612 1550 5681 reliqua
1601 5611 1868 5664 litteraria
1898 5611 2081 5666 Allatii
2184 5612 2240 5666 in
2265 5613 2511 5681 catalogo
2537 5610 2789 5665 codicum
2814 5615 2909 5665 Gr.
2947 5611 3202 5666 biblioth.
3231 5610 3287 5664 S.
3313 5611 3500 5664 Marci.
3533 5610 3751 5681 Utinam

507 5680 868 5752 supellectile,
890 5682 1001 5735 dixi
1022 5683 1133 5752 jam
1159 5683 1380 5738 iutomo
1402 5679 1803 5752 X’Scrriptorum
1829 5690 2083 5749 veterum,
2185 5679 2482 5752 aliquando
2507 5681 2783 5752 Theodori
2818 5681 2923 5735 hoc
2975 5697 3113 5751 opus
3164 5682 3219 5735 in
3257 5681 3436 5737 lucem
3480 5679 3705 5752 prodeat
3734 5679 3747 5732 l

510 5763 567 5828 ρ.
602 5750 991 5828 (_3_odice_m_
1017 5750 1168 5828 certe
1209 5753 1458 5823 ejusdem
1505 5750 1781 5805 Theodori
1819 5752 2082 5828 Venetam
2185 5750 2410 5828 Interim
2440 5752 2509 5805 ab
2535 5751 2733 5828 Allatio
2763 5750 3093 5828 precantium
3118 5752 3332 5817 saltem,
3352 5750 3533 5823 magni
3557 5764 3750 5805 mune-

515 5819 573 5874 in
597 5819 709 5875 divi
727 5822 893 5877 Marci
917 5819 1254 5879 bibliotheca
1276 5830 1491 5894 egomet
1516 5837 1681 5877 manu
1710 5823 1959 5889 tractavi,
1984 5823 2085 5879 bo-
2188 5824 2267 5879 ris
2300 5823 2495 5890 instar,
2521 5819 2877 5893 accipiamus.
2905 5821 2971 5877 A.
2996 5822 3069 5878 Μ.
