4146 6440
453 400 560 469 161
1939 422 2090 484 NOT

2089 424 2274 485 ‘ITIA.
3622 447 3726 514 162

459 519 611 595 quia
639 523 920 577 extremo
954 515 1124 579 libro
1147 538 1362 599 pauca
1402 522 1630 586 subdat
1680 524 1755 586 de
1787 530 1970 589 annis
2001 530 2405 595 Constantini
2438 537 2673 616 Magni,
2705 539 3082 619 Constantii,
3120 548 3453 613 Theodosii
3480 555 3722 635 Magni,

458 618 715 680 Arcadii
763 628 823 680 et
875 618 1215 685 Theodosii
1243 625 1536 689 Junioris
1568 631 1599 688 ?
1652 629 1942 692 Sedenim
2002 642 2127 693 tam
2157 636 2281 696 ista
2309 649 2457 700 sunt
2495 642 2713 715 exilia,
2748 658 2820 704 ut
2850 665 2979 707 non
3008 662 3373 713 mereantur
3414 657 3484 717 in
3511 618 3724 723 censi:-

454 718 845 780 derationem
874 724 1093 782 venire
1126 743 1147 791 ;
1183 729 1540 802 prasertim
1570 747 1707 790 cum
1730 742 2009 793 extremo
2040 733 2316 798 addatur
2343 738 2503 815 loco,
2540 752 2614 803 ut
2644 744 2718 804 ab
2750 747 2879 807 alio
2906 754 3129 826 potius
3158 752 3502 817 videantur
3538 780 3725 823 assu-

449 835 535 882 ta.
580 822 716 880 lmo
750 831 879 881 tam
911 824 1138 901 exigui
1170 834 1323 886 sunt
1362 827 1485 888 duo
1535 829 1737 931 libelli
1767 831 2332 912 Collectaneorum,
2366 852 2440 901 ut
2468 844 2582 904 via:
2615 845 2795 923 digni
2823 822 2954 909 sint
2989 852 3413 930 appellatione
3460 868 3727 941 Ἱστορίας

440 920 943 995 ἐκκλησιαστικῆς,
977 924 1284 1002 quomodo
1312 937 1495 991 vocat
1522 924 1777 994 Suidas.
1808 932 2118 1012 Equidem
2149 949 2355 1000 metuo
2410 961 2487 1001 ne
2518 920 2722 1005 solum
2751 948 2884 1008 sint
2908 920 3212 1031 excerpta
3240 920 3727 1035 quadams'll‘st;

440 1032 562 1091 que
607 1016 727 1145 hgc
787 1038 857 1145 e‘o
910 1026 1372 1145 pirosimilius,‘
1396 1032 1565 1110 quod
1622 1034 1774 1096 libri
1825 1039 2087 1100 secundi
2132 1040 2472 1122 inscriptio
2510 1048 2617 1119 sit,
2643 1055 2781 1111 Ἀπὸ
2809 1058 2902 1111 τοῦ
2927 1016 3183 1135 δευτέὲου
3218 1016 3474 1145 βίϐλίουλ
3500 1083 3530 1123 e
3559 1067 3722 1128 libro

438 1115 750 1179 secundo.
774 1118 867 1181 Ac
903 1120 1071 1183 libro
1102 1125 1316 1204 primo
1348 1128 1474 1189 hac
1505 1134 1980 1208 praemittuntur
2012 1154 2033 1193 :

2087 1115 2350 1213 ’Exloyai
2363 1148 2471 1202 ἀπὸ
2497 1115 2612 1221 τῆς⁷
2630 1115 3102 1226 ἐκκλησιαπικῆέ
3134 1115 3410 1235 ἦσζοοίας
3433 1115 3577 1223 "aut;

438 1223 541 1292 γῆς
569 1226 899 1299 Νικηφόρον
940 1232 1252 1290 Καλλίστου
1271 1238 1365 1291 τοῦ
1388 1238 1783 1296 Ξανθοπούλου.
1804 1259 1834 1293 (ι
1867 1235 2075 1296 Excer

443 1319 637 1340 _LU.
677 1321 718 1340 η
886 1326 929 1340 ,.
975 1325 1027 1340 τ,
1124 1328 1162 1340 _.
1320 1329 1361 1340 ..
1486 1332 1519 1340 ,-
1613 1330 1633 1340 -
1741 1335 1815 1340 ---
1939 1336 1956 1340 -

2087 1247 2197 1314 pta
2228 1240 2537 1304 Historiae
2563 1245 2998 1310 ecclesiasticae
3027 1250 3102 1309 ab
3136 1272 3242 1314 ore
3273 1223 3724 1340 exceptaNice-

434 1319 929 1438 phori'Callisti
964 1325 1381 1407 Xanthopuli.
1408 1352 1437 1385 ››
1471 1330 1695 1406 Credo,
1729 1335 2125 1414 Nicephorus
2160 1337 2412 1402 Callisti
2438 1345 2454 1421 (
2484 1344 2595 1420 qui
2622 1363 2784 1405 anno
2828 1348 2981 1409 1320
3008 1350 3179 1411 vixit
3212 1354 3232 1431 )
3260 1372 3389 1417 non

440 1420 768 1483 Theodori
795 1425 1180 1501 Historiam,
1202 1430 1312 1491 sed
1345 1431 1550 1492 solum
1580 1452 1649 1493 ea
1676 1452 1810 1513 quas
1841 1444 2109 1514 excepta
2135 1438 2435 1515 digniora
2460 1444 2748 1520 putavit,
2782 1464 2896 1506 suo
2925 1446 3190 1511 dictavit
3212 1420 3603 1521 amanuensi.
3636 1463 3724 1522 Et

434 1538 593 1580 sane
656 1523 990 1601 appendix
1018 1526 1350 1593 Possevini
1400 1530 1483 1591 ad
1516 1532 1924 1613 Apparatum
1970 1555 2223 1598 sacrum
2253 1546 2524 1601 testatur
2554 1543 2622 1603 in
2653 1544 2880 1605 Veneta
2912 1545 3291 1612 bibliotheca
3322 1554 3721 1622 Bessarionis

436 1637 703 1688 exstare
758 1632 1073 1708 epitomen
1107 1635 1552 1700 Historiarum
1598 1642 2167 1707 ecclesiasticarum
2230 1647 2544 1713 Theodori
2578 1651 2885 1729 Lectoris,
2953 1665 3009 1717 et
3064 1657 3502 1738 Philostorgii.
3564 1662 3721 1722 Item

440 1728 767 1793 Theodori
801 1733 1084 1798 Lectoris
1128 1742 1643 1819 compositionem
1682 1748 2166 1811 ecclesiasticam
2206 1770 2235 1810 e
2266 1754 2463 1815 variis
2492 1757 2993 1821 auctoribus.-Ut
3020 1761 3376 1823 Historiam
3407 1762 3722 1827 Theodori

424 1831 677 1911 justam
716 1842 776 1892 et
808 1834 1081 1914 ejusdem
1120 1840 1439 1917 epitomen
1484 1844 1754 1905 alienam
1778 1846 2171 1927 distinguere
2202 1854 2555 1916 conveniat.
2591 1856 2787 1936 Atque
2825 1858 2919 1918 ita
2958 1861 3113 1921 mihi
3146 1861 3394 1940 quidem
3440 1862 3714 1924 videtur.

435 1929 573 1993 Nec
610 1939 820 1992 tamen
840 1935 1143 2013 pugnabo
1182 1939 1241 2000 si
1273 1942 1412 2018 quis
1443 1960 1582 2003 cum
1623 1942 1803 2023 longe
1833 1945 2198 2010 doctissimo
2245 1950 2484 2012 Labbeo
2541 1965 2813 2028 censeat,
2848 1959 2940 2018 sic
2974 1960 3139 2020 hunc
3180 1959 3414 2020 nodum
3450 1963 3716 2039 exsolvi,

434 2029 610 2108 quod
643 2032 742 2091 vel
770 2030 991 2111 plures
1020 2036 1327 2098 historias
1362 2041 1700 2120 scripserit
1730 2042 2093 2107 Theodorus
2144 2046 2396 2121 Lector,
2434 2050 2533 2111 vel
2553 2052 2776 2130 plures
2805 2056 3046 2133 fuerint
3082 2058 3396 2120 Theodori
3430 2029 3714 2123 lectores:

434 2131 631 2204 Quod
674 2131 728 2190 si
764 2133 921 2211 quid
959 2148 1103 2213 post
1127 2139 1293 2199 duos
1320 2138 1437 2201 hos
1470 2141 1646 2203 viros
1678 2145 2204 2221 prmclarissimos
2228 2149 2585 2229 conjectare
2620 2131 3050 2228 licet,ldixero
3072 2177 3274 2220 unum
3304 2162 3718 2226 Theodorum

438 2231 797 2293 Historiam
843 2250 879 2294 a
937 2234 1358 2299 Constantino
1419 2242 1653 2320 Magno
1709 2245 1787 2305 ad
1860 2252 2145 2324 tempora
2201 2250 2550 2313 Iustiniani
2611 2256 3047 2331 continuasse,
3083 2260 3169 2320 ita
3200 2269 3404 2324 tamen
3440 2271 3510 2325 ut
3551 2265 3716 2328 duos

438 2330 643 2393 libros
680 2332 952 2408 priores,
986 2350 1134 2395 cum
1165 2333 1306 2413 ipse
1340 2354 1469 2400 non
1504 2340 1767 2404 haberet
1798 2343 1877 2405 de
1910 2361 2030 2407 suo
2061 2346 2351 2421 meliora,
2385 2367 2465 2411 ex
2513 2351 2919 2418 Theodoreto
2941 2401 2957 2429 ,
2990 2330 3244 2422 Socrate
3290 2368 3353 2423 et
3410 2365 3716 2428 Sozome-

438 2451 549 2507 no,
588 2435 706 2515 qui
739 2436 1198 2500 existimantur
1235 2456 1308 2502 ea
1357 2447 1640 2520 tempora
1672 2445 1843 2509 inter
1885 2446 2049 2511 alios
2110 2454 2473 2516 accuratius
2510 2465 2953 2535 pertractasse,
2997 2466 3519 2541 concinnaverit;
3558 2470 3717 2531 reli-

437 2552 637 2615 quam
671 2534 1028 2597 Historiam
1067 2537 1146 2599 ad
1177 2539 1531 2602 Iustiniani
1566 2543 1912 2622 imperium
1942 2564 2021 2609 ex
2043 2566 2186 2610 sese
2219 2552 2870 2631 conscripserit,cum
2902 2568 3131 2637 praeter
3162 2564 3425 2626 eosdem
3457 2563 3717 2630 haberet

438 2644 501 2713 et
557 2636 728 2697 alios
768 2636 1261 2716 diligentiores;
1294 2650 1356 2702 et
1385 2658 1463 2704 ex
1494 2644 1595 2706 his
1633 2648 2104 2723 posterioribus
2162 2650 2347 2713 libris
2408 2653 2573 2717 duos
2621 2656 2986 2737 eclogarum
3046 2662 3244 2725 libros
3276 2647 3714 2744 Nicephorum

439 2734 792 2797 Callixtum
823 2734 1254 2814 decerpsisse,
1290 2754 1421 2801 non
1450 2757 1605 2802 vero
1635 2760 1713 2803 ex
1747 2743 2003 2806 duobus
2063 2747 2412 2823 prioribus,
2458 2751 2633 2830 quod
2658 2734 2983 2833 quidquid
3010 2756 3097 2818 ibi
3127 2734 3599 2839 contineretur,
3630 2783 3711 2827 ex

438 2835 739 2899 fontibus
800 2836 963 2914 ipsis
1024 2838 1351 2901 sincerius
1385 2840 1632 2906 hauriri
1680 2852 1946 2924 poterat.
2002 2850 2555 2931 Nuncupaturque
2606 2852 2713 2915 hic
2763 2855 3083 2938 Paphlago
3131 2861 3549 2939 Byzantinus,
3581 2835 3714 2928 non

438 2938 615 3015 quod
686 2944 859 2999 esset
903 2937 1103 3016 patria
1160 2939 1582 3018 Byzantinus,
1616 2945 1728 3006 sed
1759 2947 1931 3025 quod
1972 2948 2256 3027 Byzantii
2291 2947 2544 3012 lectoris
2592 2971 2830 3016 munus
2869 2937 3095 3019 obiret.
3132 2937 3203 3020 Id
3236 2962 3425 3023 nobis
3478 2964 3714 3027 Suidas

437 3040 834 3119 signiﬁcavit
870 3048 1194 3120 ιΘεόδωρος
1222 3050 1251 3102 ὁ
1290 3050 1399 3104 ἀπὸ
1434 3052 1804 3120 ἀναγνωστῶν
1857 3056 1957 3127 τῆς
2004 3057 2074 3110 Mt

2076 3056 2264 3128 εγάλης
2318 3056 2618 3130 ἐκκλησίας
2666 3062 3318 3132 Κωνσταντινουπό).εως.
3351 3060 3713 3125 Theodorus

438 3146 638 3203 lector
678 3142 932 3220 Magna:
958 3142 1260 3204 Ecclesia!
1304 3143 2046 3226 Constantinopolitana.
2078 3151 2205 3211 Nec
2227 3149 2405 3211 aliud
2438 3152 2639 3214 voluit
2663 3156 3065 3234 Nicephorus
3093 3159 3422 3232 Callixtus,
3448 3166 3711 3243 quando

440 3240 506 3302 iu
554 3240 936 3303 Prmfatione
993 3243 1083 3305 ait
1119 3265 1133 3304 :
1166 3253 1264 3306 καὶ
1298 3254 1327 3306 ὁ
1354 3252 1653 3318 Βυζάντιος
1699 3256 2061 3326 ἀναγνώστης

2102 3257 2411 3330 Θεόδωρος,
2480 3263 2539 3313 et
2598 3252 2992 3331 Byzantinus
3066 3256 3262 3317 lector
3319 3240 3706 3324 Theodorus.

439 3340 665 3421 Neque
695 3342 871 3404 enim
906 3343 973 3404 id
1013 3352 1112 3405 est
1142 3346 1427 3424 Byzantii
1455 3354 1677 3409 natum
1710 3365 1882 3423 esse,
1918 3351 2034 3410 sed
2059 3348 2363 3413 lectorem
2397 3355 2683 3433 Byzantii
2714 3355 2945 3433 egisse.
2979 3359 3258 3419 Joannes
3282 3361 3715 3425 Damascenus

439 3452 597 3505 orat.
634 3444 675 3503 3
721 3443 813 3503 De
861 3444 1245 3522 imaginibus
1308 3446 1511 3507 utitur
1557 3447 1927 3510 testimonio
1975 3448 2295 3512 Theodori
2342 3452 2843 3532 historiographi
2894 3457 3579 3537 ConstantinOpolitani
3635 3481 3714 3525 ex

438 3548 876 3612 ecclesiastica
933 3550 1219 3613 Historia
1270 3551 1350 3616 de
1399 3552 1734 3614 Gennadio
1785 3553 2136 3630 patriarcha
2193 3557 2919 3637 ConstantinOpOIitano.
2959 3562 3055 3622 An
3097 3578 3176 3623 ex
3220 3562 3367 3638 hoc,
3426 3564 3530 3628 vel
3586 3567 3717 3630 alio

439 3649 791 3713 Theodoro
823 3652 1137 3715 historico
1175 3655 1532 3733 Byzantino
1564 3656 2020 3735 desumpserit,
2054 3658 2343 3720 divinent
2372 3660 2502 3724 alii.

978 3844 3680 3878 ————__________________________________

1549 4000 2058 4094 NOTITIA
2138 4006 2639 4093 ALTERA.

1217 4181 1450 4253 (γλοιοῦ.
1488 4180 1742 4238 Biblioth.
1784 4182 1951 4239 Graec.
2008 4182 2099 4238 ed.
2151 4184 2368 4250 Harles,
2405 4192 2445 4239 t.
2473 4184 2564 4250 Vl,
2612 4200 2667 4256 p.
2703 4185 2852 4257 127.)

511 4428 910 4493 Theodorus
974 4441 1401 4513 ἱστοριογράφος
1460 4442 2098 4506 Κωνσταντινουπόλεως

2076 4460 2098 4506 ς
2161 4433 2456 4496 laudatur
2516 4450 2548 4495 a
2606 4436 2850 4494 Joanne
2907 4436 3301 4497 Damasceno
3360 4435 3465 4496 lib.
3500 4454 3570 4496 ιιι
3630 4440 3713 4499 De

428 4529 699 4607 imagg.,
737 4546 882 4608 pag.
918 4532 1040 4594 386
1065 4532 1376 4593 editionis
1408 4532 1691 4611 insignis
1726 4533 2163 4611 Lequinianm,
2206 4534 2344 4613 qui,
2373 4552 2431 4612 p.
2467 4534 2605 4607 380,
2632 4540 2936 4611 praetcrea
2965 4542 3322 4614 ἀναγνώστην
3349 4537 3482 4599 sive
3516 4539 3710 4600 lecto-

427 4647 569 4689 rem
609 4632 1171 4711 Constantinopoli
1194 4632 1400 4694 fuisse
1433 4632 1628 4695 refert
1652 4635 1854 4712 ;quod
1890 4635 2139 4695 ﬁrmant
2168 4635 2356 4696 etiam
2381 4635 2802 4712 Nicephorus,
2828 4632 2940 4694 lib.
2964 4651 3032 4704 ιι,
3059 4638 3244 4713 cap.1
3268 4638 3469 4706 Hist.;
3494 4649 3713 4703 auctor

428 4742 855 4811 παραστάσεων
877 4743 1149 4814 χρονικῶν
1178 4735 1244 4795 in
1278 4733 1645 4797 Combeﬁsii
1682 4733 2053 4813 Originibus

2113 4734 2628 4816 Constantinop.,
2663 4752 2807 4816 pag.
2848 4734 2923 4794 19
2950 4778 2966 4807 ,
3003 4735 3106 4796 cui
3146 4745 3409 4799 vocatur
3438 4747 3712 4820 Θεδδωρος

425 4844 824 4913 χρονογράφος
872 4845 1253 4917 ἀναρρωσθεὶς
1299 4843 1745 4915 ἀναγνώσμασιν,
1786 4843 1845 4895 Et
1878 4836 2062 4898 Suida

2133 4889 2134 4892 η
2168 4836 2281 4916 qui
2314 4836 2721 4899 Theodorum
2760 4850 2941 4937 vocat
2968 4846 3060 4901 τὸν
3089 4848 3197 4902 ἀπὸ
3226 4850 3591 4918 ἀναγνωστῶν
3610 4850 3715 4919 τῆς
3761 4925 3770 4933 _

424 4945 706 5017 Μεγάλης
742 4947 1044 5018 ἐκκλησίας
1080 4948 1729 5015 Κωνσταντινουπόλεως,
1764 4940 1909 5013 Hic,
1957 4942 2061 5002 Jus

2077 4940 2213 5003 tino
2250 4948 2310 5003 et
2368 4943 2757 5021 Iustiniano,
2797 4954 2867 5010 ut
2925 4948 3201 5021 videtur,
3240 4946 3709 5025 imperantibus

424 5036 682 5109 clarus,
715 5037 976 5100 duobus
1012 5038 1195 5101 libris
1226 5040 1483 5118 scripsit
1514 5038 1968 5118 Compendium
2000 5041 2307 5102 Historia
2340 5042 2774 5106 ecclesiastica:
2807 5046 3136 5125 tripertitae
3162 5063 3241 5107 ex
3270 5042 3448 5105 libris
3489 5046 3711 5105 Socra-

424 5135 535 5207 tis,
572 5136 924 5197 Sozomeni
958 5153 1031 5200 ac
1066 5138 1472 5213 Theodoriti,
1500 5139 1676 5219 quod
1700 5147 1904 5201 exstat
1934 5156 1967 5201 a
2003 5140 2309 5203 vicesimo
2339 5158 2509 5204 anno
2541 5143 2938 5208 Constantini
2970 5148 3056 5209 M.
3090 5161 3297 5225 usque
3328 5144 3406 5205 ad
3463 5142 3712 5203 obitum

422 5238 828 5301 Constantii.
863 5241 1019 5301 Nam
1055 5242 1352 5318 quamvis
1391 5242 1594 5304 lucem
1624 5242 1936 5304 hactenus
1965 5259 2091 5303 non
2139 5242 2321 5314 vidit,
2369 5245 2586 5306 Grmce
2626 5252 2837 5308 tamen
2873 5265 2991 5309 ms.
3024 5246 3148 5309 fuit
3175 5244 3343 5323 apud
3375 5242 3708 5317 Allatium,

421 5338 542 5417 qui
570 5339 773 5400 edere
808 5338 1034 5413 voluit,
1069 5340 1257 5419 cujus
1290 5342 1530 5403 codicis
1564 5343 1753 5402 variis
1780 5342 2165 5404 lectionibus
2193 5344 2358 5404 Sam.
2389 5346 3118 5426 Tennulii,professoris
3158 5346 3709 5425 Noviomagensis,

427 5458 632 5501 manu
670 5440 1022 5519 descriptis
1066 5442 1346 5506 feliciter
1371 5464 1533 5507 usus
1582 5452 1676 5507 est
1701 5444 2001 5505 Valesius
2023 5444 2099 5505 ad
2134 5444 2444 5507 eluendus
2474 5465 2552 5507 ex
2582 5449 2772 5510 trium
2806 5450 3085 5511 virorum
3112 5446 3372 5507 illorum
3407 5444 3710 5509 Historiis

422 5540 731 5613 mendas,
760 5541 870 5620 qui
906 5542 1094 5602 etiam
1130 5544 1511 5607 Prommium
1542 5547 1759 5606 Grmce
1801 5561 1872 5605 ac
1918 5545 2134 5605 Latine.
2178 5546 2529 5623 publicavit
2563 5559 2701 5625 post
2734 5549 2976 5611 Prtefat.
3012 5550 3087 5610 ad
3120 5547 3439 5609 Theudor.
3482 5548 3714 5612 Nescio

421 5658 501 5703 an
563 5642 795 5702 Allatii
832 5640 947 5703 ille
1001 5641 1165 5703 liber
1197 5645 1562 5723 descriptus
1599 5644 1796 5708 fuerit
1830 5663 1863 5706 e
1903 5646 2121 5708 codice
2152 5647 2398 5708 Veneto
2426 5650 2485 5710 S.
2520 5648 2737 5717 Marci.
2773 5648 2959 5727 cujus
3016 5647 3405 5709 mentionem
3470 5644 3712 5709 faciunt

422 5738 840 5800 Possevinus
884 5748 947 5800 et
992 5739 1057 5801 in
1113 5742 1402 5822 catalogo
1472 5761 1627 5805 mss.
1696 5745 2093 5806 Venetorum
2153 5746 2606 5810 Thomasinus.
2658 5751 2838 5812 Certe
2887 5748 3142 5809 videtur
3191 5755 3471 5810 extrema
3537 5756 3711 5826 parte

422 5862 706 5907 mancus
738 5844 972 5919 fuisse,
998 5846 1149 5926 quia
1179 5847 1482 5912 Historiae
1518 5853 1705 5914 telam
1740 5866 1865 5911 non
1900 5867 2106 5930 usque
2138 5855 2214 5914 ad
2257 5860 2534 5915 extrema
2572 5852 2861 5916 Junioris
2895 5853 3245 5917 Theodosii
3276 5852 3708 5935 persequitur.
