  <div class='ocr_page' id='page_1' title='image "/cluster/home/n/w/nwhite01/storage/ocr_20150623/86:pt.1/coo.31924054869874/089.png"; bbox 0 0 4146 6460; ppageno 0'>
   <div class='ocr_carea' id='block_1_1' title="bbox 2604 325 2627 355">
    <p class='ocr_par' dir='ltr' id='par_1_1' title="bbox 2604 325 2627 355">
     <span class='ocr_line' id='line_1_1' title="bbox 2604 325 2627 355; baseline 0 0"><span class='ocrx_word' id='word_1_1' title='bbox 2604 325 2627 355; x_wconf 61' lang='grc' dir='ltr'>ἱ</span> 
     </span>
    </p>
   </div>
   <div class='ocr_carea' id='block_1_2' title="bbox 549 426 3797 497">
    <p class='ocr_par' dir='ltr' id='par_1_2' title="bbox 549 426 3797 497">
     <span class='ocr_line' id='line_1_2' title="bbox 549 426 3797 497; baseline 0.004 -16"><span class='ocrx_word' id='word_1_2' title='bbox 549 427 651 497; x_wconf 80' lang='lat'>163</span> <span class='ocrx_word' id='word_1_3' title='bbox 1793 426 2184 489; x_wconf 81' lang='lat' dir='ltr'>TIIEODORI</span> <span class='ocrx_word' id='word_1_4' title='bbox 2225 430 2591 493; x_wconf 81' lang='lat' dir='ltr'>LECTORIS</span> <span class='ocrx_word' id='word_1_5' title='bbox 3695 433 3797 495; x_wconf 66' lang='grc'>164</span> 
     </span>
    </p>
   </div>
   <div class='ocr_carea' id='block_1_3' title="bbox 627 533 3798 619">
    <p class='ocr_par' dir='ltr' id='par_1_3' title="bbox 627 533 3798 619">
     <span class='ocr_line' id='line_1_3' title="bbox 627 533 3798 619; baseline 0.002 -18"><span class='ocrx_word' id='word_1_6' title='bbox 627 543 933 601; x_wconf 69' lang='lat' dir='ltr'>Prmterea</span> <span class='ocrx_word' id='word_1_7' title='bbox 963 534 1323 614; x_wconf 75' lang='lat' dir='ltr'>composuit</span> <span class='ocrx_word' id='word_1_8' title='bbox 1357 543 1415 595; x_wconf 91' lang='lat' dir='ltr'>et</span> <span class='ocrx_word' id='word_1_9' title='bbox 1450 533 1586 612; x_wconf 90' lang='lat' dir='ltr'>ipse</span> <span class='ocrx_word' id='word_1_10' title='bbox 1618 550 1739 595; x_wconf 92' lang='lat' dir='ltr'>suo</span> <span class='ocrx_word' id='word_1_11' title='bbox 1779 544 1976 596; x_wconf 89' lang='lat' dir='ltr'>marte</span> <span class='ocrx_word' id='word_1_12' title='bbox 2012 538 2368 598; x_wconf 80' lang='lat' dir='ltr'>Historiam</span> <span class='ocrx_word' id='word_1_13' title='bbox 2400 539 2908 614; x_wconf 75' lang='lat' dir='ltr'>ecclesiasticam,</span> <span class='ocrx_word' id='word_1_14' title='bbox 2954 540 3129 603; x_wconf 87' lang='lat' dir='ltr'>libris</span> <span class='ocrx_word' id='word_1_15' title='bbox 3158 543 3377 606; x_wconf 90' lang='lat' dir='ltr'>itidem</span> <span class='ocrx_word' id='word_1_16' title='bbox 3408 544 3686 619; x_wconf 85' lang='lat' dir='ltr'>duobus,</span> <span class='ocrx_word' id='word_1_17' title='bbox 3714 548 3798 607; x_wconf 89' lang='lat' dir='ltr'>ab</span> 
     </span>
    </p>
   </div>
   <div class='ocr_carea' id='block_1_4' title="bbox 544 636 3796 719">
    <p class='ocr_par' dir='ltr' id='par_1_4' title="bbox 544 636 3796 719">
     <span class='ocr_line' id='line_1_4' title="bbox 544 636 3796 719; baseline 0.001 -14"><span class='ocrx_word' id='word_1_18' title='bbox 544 641 848 705; x_wconf 80' lang='lat' dir='ltr'>extremis</span> <span class='ocrx_word' id='word_1_19' title='bbox 875 639 1273 716; x_wconf 83' lang='lat' dir='ltr'>temporibus</span> <span class='ocrx_word' id='word_1_20' title='bbox 1306 636 1656 697; x_wconf 87' lang='lat' dir='ltr'>Theodosii</span> <span class='ocrx_word' id='word_1_21' title='bbox 1684 638 1999 709; x_wconf 80' lang='lat' dir='ltr'>Junioris,</span> <span class='ocrx_word' id='word_1_22' title='bbox 2024 640 2088 699; x_wconf 91' lang='lat' dir='ltr'>in</span> <span class='ocrx_word' id='word_1_23' title='bbox 2121 640 2361 719; x_wconf 87' lang='lat' dir='ltr'>quibus</span> <span class='ocrx_word' id='word_1_24' title='bbox 2394 640 2703 702; x_wconf 89' lang='lat' dir='ltr'>desinunt</span> <span class='ocrx_word' id='word_1_25' title='bbox 2733 643 3041 717; x_wconf 80' lang='lat' dir='ltr'>Socrates,</span> <span class='ocrx_word' id='word_1_26' title='bbox 3070 648 3461 709; x_wconf 89' lang='lat' dir='ltr'>Sozomenus</span> <span class='ocrx_word' id='word_1_27' title='bbox 3491 656 3552 709; x_wconf 91' lang='lat' dir='ltr'>et</span> <span class='ocrx_word' id='word_1_28' title='bbox 3581 648 3796 710; x_wconf 90' lang='lat' dir='ltr'>Theo-</span> 
     </span>
    </p>
   </div>
   <div class='ocr_carea' id='block_1_5' title="bbox 543 739 3796 828">
    <p class='ocr_par' dir='ltr' id='par_1_5' title="bbox 543 739 3796 828">
     <span class='ocr_line' id='line_1_5' title="bbox 543 739 3796 828; baseline 0.002 -23"><span class='ocrx_word' id='word_1_29' title='bbox 543 744 813 816; x_wconf 85' lang='lat' dir='ltr'>doritus,</span> <span class='ocrx_word' id='word_1_30' title='bbox 847 742 924 804; x_wconf 87' lang='lat' dir='ltr'>ad</span> <span class='ocrx_word' id='word_1_31' title='bbox 982 740 1312 801; x_wconf 75' lang='lat' dir='ltr'>Iustinum</span> <span class='ocrx_word' id='word_1_32' title='bbox 1353 740 1510 817; x_wconf 90' lang='lat' dir='ltr'>imp.</span> <span class='ocrx_word' id='word_1_33' title='bbox 1570 739 1901 801; x_wconf 89' lang='lat' dir='ltr'>Seniorem</span> <span class='ocrx_word' id='word_1_34' title='bbox 1959 759 2189 819; x_wconf 89' lang='lat' dir='ltr'>usque.</span> <span class='ocrx_word' id='word_1_35' title='bbox 2223 743 2303 802; x_wconf 86' lang='lat' dir='ltr'>Hi</span> <span class='ocrx_word' id='word_1_36' title='bbox 2357 742 2503 804; x_wconf 85' lang='lat' dir='ltr'><strong><em>libri</em></strong></span> <span class='ocrx_word' id='word_1_37' title='bbox 2535 744 2665 805; x_wconf 93' lang='lat' dir='ltr'>duo</span> <span class='ocrx_word' id='word_1_38' title='bbox 2696 744 2819 823; x_wconf 84' lang='lat' dir='ltr'><strong><em>ipsi</em></strong></span> <span class='ocrx_word' id='word_1_39' title='bbox 2865 747 3127 825; x_wconf 87' lang='lat' dir='ltr'>quidem</span> <span class='ocrx_word' id='word_1_40' title='bbox 3167 748 3419 828; x_wconf 85' lang='lat' dir='ltr'>jamdiu</span> <span class='ocrx_word' id='word_1_41' title='bbox 3474 757 3571 810; x_wconf 89' lang='lat' dir='ltr'>est</span> <span class='ocrx_word' id='word_1_42' title='bbox 3619 750 3796 827; x_wconf 84' lang='lat' dir='ltr'>quod</span> 
     </span>
    </p>
   </div>
   <div class='ocr_carea' id='block_1_6' title="bbox 540 850 2177 936">
    <p class='ocr_par' dir='ltr' id='par_1_6' title="bbox 540 850 2155 932">
     <span class='ocr_line' id='line_1_6' title="bbox 540 850 2155 932; baseline -0.001 -17"><span class='ocrx_word' id='word_1_43' title='bbox 540 852 1029 915; x_wconf 81' lang='lat' dir='ltr'>interciderunt.</span> <span class='ocrx_word' id='word_1_44' title='bbox 1056 853 1317 912; x_wconf 81' lang='lat' dir='ltr'>Exstant</span> <span class='ocrx_word' id='word_1_45' title='bbox 1337 858 1544 913; x_wconf 90' lang='lat' dir='ltr'>tamen</span> <span class='ocrx_word' id='word_1_46' title='bbox 1573 868 1652 912; x_wconf 79' lang='lat' dir='ltr'>ex</span> <span class='ocrx_word' id='word_1_47' title='bbox 1676 850 1809 912; x_wconf 89' lang='lat' dir='ltr'><strong><em>illis</em></strong></span> <span class='ocrx_word' id='word_1_48' title='bbox 1837 860 1946 914; x_wconf 77' lang='grc' dir='ltr'><strong>ἀπὸ</strong></span> <span class='ocrx_word' id='word_1_49' title='bbox 1970 863 2155 932; x_wconf 84' lang='grc' dir='ltr'>φωνῆς</span> 
     </span>
    </p>
   </div>
   <div class='ocr_carea' id='block_1_7' title="bbox 2155 850 3792 936">
    <p class='ocr_par' dir='ltr' id='par_1_7' title="bbox 2179 852 3792 936">
     <span class='ocr_line' id='line_1_7' title="bbox 2179 852 3792 936; baseline -0.004 -20"><span class='ocrx_word' id='word_1_50' title='bbox 2179 863 2498 936; x_wconf 74' lang='grc' dir='ltr'>Νικηφόρον</span> <span class='ocrx_word' id='word_1_51' title='bbox 2521 865 2828 921; x_wconf 80' lang='grc' dir='ltr'>Καλλίστου</span> <span class='ocrx_word' id='word_1_52' title='bbox 2850 863 2946 919; x_wconf 81' lang='grc' dir='ltr'>τοῦ</span> <span class='ocrx_word' id='word_1_53' title='bbox 2972 860 3348 918; x_wconf 79' lang='grc' dir='ltr'>Ξανθοπούλου</span> <span class='ocrx_word' id='word_1_54' title='bbox 3368 859 3663 928; x_wconf 79' lang='lat' dir='ltr'>excerpta</span> <span class='ocrx_word' id='word_1_55' title='bbox 3682 852 3792 929; x_wconf 86' lang='grc' dir='ltr'>(α),</span> 
     </span>
    </p>
   </div>
   <div class='ocr_carea' id='block_1_8' title="bbox 541 952 3796 1034">
    <p class='ocr_par' dir='ltr' id='par_1_8' title="bbox 541 952 3796 1034">
     <span class='ocr_line' id='line_1_8' title="bbox 541 952 3796 1034; baseline -0.002 -17"><span class='ocrx_word' id='word_1_56' title='bbox 541 954 896 1031; x_wconf 84' lang='lat' dir='ltr'>Nicephoro</span> <span class='ocrx_word' id='word_1_57' title='bbox 945 952 1204 1015; x_wconf 80' lang='lat' dir='ltr'>Callisto</span> <span class='ocrx_word' id='word_1_58' title='bbox 1256 954 1533 1015; x_wconf 86' lang='lat' dir='ltr'>dictante</span> <span class='ocrx_word' id='word_1_59' title='bbox 1591 962 1860 1014; x_wconf 88' lang='lat' dir='ltr'>servata.</span> <span class='ocrx_word' id='word_1_60' title='bbox 1903 955 2116 1017; x_wconf 64' lang='lat' dir='ltr'>Graece</span> <span class='ocrx_word' id='word_1_61' title='bbox 2180 958 2471 1034; x_wconf 88' lang='lat' dir='ltr'>prodiere</span> <span class='ocrx_word' id='word_1_62' title='bbox 2542 976 2685 1021; x_wconf 89' lang='lat' dir='ltr'>cum</span> <span class='ocrx_word' id='word_1_63' title='bbox 2741 956 3003 1020; x_wconf 87' lang='lat' dir='ltr'>Eusebii</span> <span class='ocrx_word' id='word_1_64' title='bbox 3053 963 3114 1016; x_wconf 92' lang='lat' dir='ltr'>et</span> <span class='ocrx_word' id='word_1_65' title='bbox 3182 955 3454 1015; x_wconf 89' lang='lat' dir='ltr'>aliorum</span> <span class='ocrx_word' id='word_1_66' title='bbox 3501 953 3796 1013; x_wconf 80' lang='lat' dir='ltr'>Historia</span> 
     </span>
    </p>
   </div>
   <div class='ocr_carea' id='block_1_9' title="bbox 546 1056 3797 1144">
    <p class='ocr_par' dir='ltr' id='par_1_9' title="bbox 546 1056 3797 1144">
     <span class='ocr_line' id='line_1_9' title="bbox 546 1056 3797 1144; baseline 0 -29"><span class='ocrx_word' id='word_1_67' title='bbox 546 1056 964 1117; x_wconf 75' lang='lat' dir='ltr'>ecclesiastica</span> <span class='ocrx_word' id='word_1_68' title='bbox 993 1102 1011 1131; x_wconf 93' lang='lat'>,</span> <span class='ocrx_word' id='word_1_69' title='bbox 1048 1075 1125 1118; x_wconf 80' lang='lat' dir='ltr'>ex</span> <span class='ocrx_word' id='word_1_70' title='bbox 1152 1058 1369 1120; x_wconf 91' lang='lat' dir='ltr'>codice</span> <span class='ocrx_word' id='word_1_71' title='bbox 1396 1059 1598 1136; x_wconf 82' lang='lat' dir='ltr'>Regio</span> <span class='ocrx_word' id='word_1_72' title='bbox 1638 1059 1805 1138; x_wconf 91' lang='lat' dir='ltr'>(quo</span> <span class='ocrx_word' id='word_1_73' title='bbox 1835 1059 1977 1120; x_wconf 89' lang='lat' dir='ltr'>solo</span> <span class='ocrx_word' id='word_1_74' title='bbox 2010 1061 2196 1122; x_wconf 90' lang='lat' dir='ltr'>etiam</span> <span class='ocrx_word' id='word_1_75' title='bbox 2227 1063 2526 1125; x_wconf 84' lang='lat' dir='ltr'>Valesius</span> <span class='ocrx_word' id='word_1_76' title='bbox 2555 1063 2765 1144; x_wconf 91' lang='lat' dir='ltr'>usus),</span> <span class='ocrx_word' id='word_1_77' title='bbox 2786 1063 2984 1126; x_wconf 89' lang='lat' dir='ltr'>Paris.</span> <span class='ocrx_word' id='word_1_78' title='bbox 3008 1061 3184 1135; x_wconf 66' lang='lat' dir='ltr'>15M,</span> <span class='ocrx_word' id='word_1_79' title='bbox 3209 1059 3319 1121; x_wconf 81' lang='lat' dir='ltr'>fol.</span> <span class='ocrx_word' id='word_1_80' title='bbox 3364 1058 3581 1119; x_wconf 86' lang='lat' dir='ltr'>Latine</span> <span class='ocrx_word' id='word_1_81' title='bbox 3610 1056 3797 1117; x_wconf 85' lang='lat' dir='ltr'>vertit</span> 
     </span>
    </p>
   </div>
   <div class='ocr_carea' id='block_1_10' title="bbox 540 1155 3790 1242">
    <p class='ocr_par' dir='ltr' id='par_1_10' title="bbox 540 1155 3790 1242">
     <span class='ocr_line' id='line_1_10' title="bbox 540 1155 3790 1242; baseline -0.001 -23"><span class='ocrx_word' id='word_1_82' title='bbox 540 1155 783 1235; x_wconf 84' lang='lat' dir='ltr'>Wolfg.</span> <span class='ocrx_word' id='word_1_83' title='bbox 816 1160 1180 1231; x_wconf 78' lang='lat' dir='ltr'>Masculus,</span> <span class='ocrx_word' id='word_1_84' title='bbox 1210 1163 1396 1242; x_wconf 86' lang='lat' dir='ltr'>cujus</span> <span class='ocrx_word' id='word_1_85' title='bbox 1430 1161 1893 1240; x_wconf 83' lang='lat' dir='ltr'>interpretatio,</span> <span class='ocrx_word' id='word_1_86' title='bbox 1930 1170 2000 1224; x_wconf 90' lang='lat' dir='ltr'>ut</span> <span class='ocrx_word' id='word_1_87' title='bbox 2031 1163 2451 1228; x_wconf 88' lang='lat' dir='ltr'>Bibliothecas</span> <span class='ocrx_word' id='word_1_88' title='bbox 2496 1170 2748 1229; x_wconf 85' lang='lat' dir='ltr'>Patrum</span> <span class='ocrx_word' id='word_1_89' title='bbox 2784 1177 2841 1228; x_wconf 84' lang='lat' dir='ltr'>et</span> <span class='ocrx_word' id='word_1_90' title='bbox 2873 1166 3030 1228; x_wconf 90' lang='lat' dir='ltr'>alias</span> <span class='ocrx_word' id='word_1_91' title='bbox 3057 1164 3306 1225; x_wconf 88' lang='lat' dir='ltr'>Latinas</span> <span class='ocrx_word' id='word_1_92' title='bbox 3341 1159 3790 1221; x_wconf 86' lang='lat' dir='ltr'>historicorum</span> 
     </span>
    </p>
   </div>
   <div class='ocr_carea' id='block_1_11' title="bbox 540 1263 3794 1347">
    <p class='ocr_par' dir='ltr' id='par_1_11' title="bbox 540 1263 3794 1347">
     <span class='ocr_line' id='line_1_11' title="bbox 540 1263 3794 1347; baseline -0.002 -18"><span class='ocrx_word' id='word_1_93' title='bbox 540 1263 1122 1329; x_wconf 87' lang='lat' dir='ltr'>ecclesiasticorum</span> <span class='ocrx_word' id='word_1_94' title='bbox 1148 1267 1465 1329; x_wconf 89' lang='lat' dir='ltr'>editiones</span> <span class='ocrx_word' id='word_1_95' title='bbox 1496 1285 1688 1347; x_wconf 85' lang='lat' dir='ltr'>supra</span> <span class='ocrx_word' id='word_1_96' title='bbox 1720 1269 1785 1330; x_wconf 90' lang='lat' dir='ltr'>in</span> <span class='ocrx_word' id='word_1_97' title='bbox 1810 1269 2088 1332; x_wconf 88' lang='lat' dir='ltr'>Eusebio</span> <span class='ocrx_word' id='word_1_98' title='bbox 2126 1273 2470 1335; x_wconf 86' lang='lat' dir='ltr'>recensitas</span> <span class='ocrx_word' id='word_1_99' title='bbox 2500 1274 2764 1346; x_wconf 89' lang='lat' dir='ltr'>mittam,</span> <span class='ocrx_word' id='word_1_100' title='bbox 2794 1279 2989 1335; x_wconf 82' lang='lat' dir='ltr'>exstat</span> <span class='ocrx_word' id='word_1_101' title='bbox 3024 1271 3214 1332; x_wconf 88' lang='lat' dir='ltr'>etiam</span> <span class='ocrx_word' id='word_1_102' title='bbox 3236 1268 3300 1329; x_wconf 90' lang='lat' dir='ltr'>in</span> <span class='ocrx_word' id='word_1_103' title='bbox 3324 1264 3794 1329; x_wconf 55' lang='lat' dir='ltr'>Graeco-Latina</span> 
     </span>
    </p>
   </div>
   <div class='ocr_carea' id='block_1_12' title="bbox 539 1362 3793 1451">
    <p class='ocr_par' dir='ltr' id='par_1_12' title="bbox 539 1362 3793 1451">
     <span class='ocr_line' id='line_1_12' title="bbox 539 1362 3793 1451; baseline -0.001 -24"><span class='ocrx_word' id='word_1_104' title='bbox 539 1364 927 1440; x_wconf 86' lang='lat' dir='ltr'>Genevensi,</span> <span class='ocrx_word' id='word_1_105' title='bbox 986 1366 1160 1438; x_wconf 78' lang='grc'>1612,</span> <span class='ocrx_word' id='word_1_106' title='bbox 1219 1364 1330 1427; x_wconf 87' lang='lat' dir='ltr'>fol.</span> <span class='ocrx_word' id='word_1_107' title='bbox 1368 1366 1728 1428; x_wconf 89' lang='lat' dir='ltr'>Novissime</span> <span class='ocrx_word' id='word_1_108' title='bbox 1792 1384 1936 1429; x_wconf 87' lang='lat' dir='ltr'>cum</span> <span class='ocrx_word' id='word_1_109' title='bbox 1997 1371 2293 1433; x_wconf 86' lang='lat' dir='ltr'>versione</span> <span class='ocrx_word' id='word_1_110' title='bbox 2358 1379 2419 1433; x_wconf 91' lang='lat' dir='ltr'>et</span> <span class='ocrx_word' id='word_1_111' title='bbox 2492 1373 2810 1451; x_wconf 71' lang='lat' dir='ltr'>prmclaris</span> <span class='ocrx_word' id='word_1_112' title='bbox 2869 1372 3036 1432; x_wconf 84' lang='lat' dir='ltr'>nmis</span> <span class='ocrx_word' id='word_1_113' title='bbox 3114 1372 3309 1429; x_wconf 82' lang='lat' dir='ltr'>Henr.</span> <span class='ocrx_word' id='word_1_114' title='bbox 3357 1365 3591 1427; x_wconf 85' lang='lat' dir='ltr'>Vaiesii</span> <span class='ocrx_word' id='word_1_115' title='bbox 3630 1362 3793 1442; x_wconf 89' lang='lat' dir='ltr'>,qui</span> 
     </span>
    </p>
   </div>
   <div class='ocr_carea' id='block_1_13' title="bbox 539 1464 3793 1549">
    <p class='ocr_par' dir='ltr' id='par_1_13' title="bbox 539 1464 3793 1549">
     <span class='ocr_line' id='line_1_13' title="bbox 539 1464 3793 1549; baseline -0.001 -22"><span class='ocrx_word' id='word_1_116' title='bbox 539 1468 916 1544; x_wconf 81' lang='lat' dir='ltr'>Fragmenta</span> <span class='ocrx_word' id='word_1_117' title='bbox 971 1468 1160 1530; x_wconf 90' lang='lat' dir='ltr'>etiam</span> <span class='ocrx_word' id='word_1_118' title='bbox 1194 1466 1513 1528; x_wconf 85' lang='lat' dir='ltr'>Theodori</span> <span class='ocrx_word' id='word_1_119' title='bbox 1546 1468 1665 1529; x_wconf 87' lang='lat' dir='ltr'>alia</span> <span class='ocrx_word' id='word_1_120' title='bbox 1699 1486 1774 1530; x_wconf 79' lang='lat' dir='ltr'>ex</span> <span class='ocrx_word' id='word_1_121' title='bbox 1813 1469 2027 1541; x_wconf 90' lang='lat' dir='ltr'>Suida,</span> <span class='ocrx_word' id='word_1_122' title='bbox 2070 1469 2491 1548; x_wconf 86' lang='lat' dir='ltr'>TheOphane,</span> <span class='ocrx_word' id='word_1_123' title='bbox 2525 1475 2913 1533; x_wconf 87' lang='lat' dir='ltr'>Damasceuo</span> <span class='ocrx_word' id='word_1_124' title='bbox 2943 1480 3003 1531; x_wconf 90' lang='lat' dir='ltr'>et</span> <span class='ocrx_word' id='word_1_125' title='bbox 3041 1471 3289 1549; x_wconf 85' lang='lat' dir='ltr'>synodo</span> <span class='ocrx_word' id='word_1_126' title='bbox 3328 1468 3601 1543; x_wconf 86' lang='lat' dir='ltr'>septima</span> <span class='ocrx_word' id='word_1_127' title='bbox 3631 1464 3793 1526; x_wconf 90' lang='lat' dir='ltr'>sub-</span> 
     </span>
    </p>
   </div>
   <div class='ocr_carea' id='block_1_14' title="bbox 532 1566 3793 1649">
    <p class='ocr_par' dir='ltr' id='par_1_14' title="bbox 532 1566 3793 1649">
     <span class='ocr_line' id='line_1_14' title="bbox 532 1566 3793 1649; baseline -0.002 -18"><span class='ocrx_word' id='word_1_128' title='bbox 532 1570 773 1649; x_wconf 78' lang='lat' dir='ltr'>junxit,</span> <span class='ocrx_word' id='word_1_129' title='bbox 793 1570 871 1629; x_wconf 84' lang='lat' dir='ltr'>ad</span> <span class='ocrx_word' id='word_1_130' title='bbox 894 1569 1127 1630; x_wconf 89' lang='lat' dir='ltr'>calcem</span> <span class='ocrx_word' id='word_1_131' title='bbox 1152 1569 1549 1640; x_wconf 88' lang='lat' dir='ltr'>&#39;l‘heodoriti,</span> <span class='ocrx_word' id='word_1_132' title='bbox 1574 1570 1827 1648; x_wconf 79' lang='lat' dir='ltr'>Evagrii</span> <span class='ocrx_word' id='word_1_133' title='bbox 1860 1588 1929 1631; x_wconf 89' lang='lat' dir='ltr'>ac</span> <span class='ocrx_word' id='word_1_134' title='bbox 1946 1569 2373 1649; x_wconf 89' lang='lat' dir='ltr'>Philostorgii,</span> <span class='ocrx_word' id='word_1_135' title='bbox 2394 1572 2470 1632; x_wconf 91' lang='lat' dir='ltr'>de</span> <span class='ocrx_word' id='word_1_136' title='bbox 2497 1590 2769 1649; x_wconf 85' lang='lat' dir='ltr'>quorum</span> <span class='ocrx_word' id='word_1_137' title='bbox 2790 1569 3324 1647; x_wconf 86' lang='lat' dir='ltr'>editionibusjam</span> <span class='ocrx_word' id='word_1_138' title='bbox 3352 1566 3793 1629; x_wconf 73' lang='lat' dir='ltr'>dixi.Adden-</span> 
     </span>
    </p>
   </div>
   <div class='ocr_carea' id='block_1_15' title="bbox 538 1665 3793 1749">
    <p class='ocr_par' dir='ltr' id='par_1_15' title="bbox 538 1665 3793 1749">
     <span class='ocr_line' id='line_1_15' title="bbox 538 1665 3793 1749; baseline -0.001 -20"><span class='ocrx_word' id='word_1_139' title='bbox 538 1669 693 1729; x_wconf 87' lang='lat' dir='ltr'>dum</span> <span class='ocrx_word' id='word_1_140' title='bbox 729 1676 791 1729; x_wconf 90' lang='lat' dir='ltr'>et</span> <span class='ocrx_word' id='word_1_141' title='bbox 821 1668 1125 1728; x_wconf 72' lang='lat' dir='ltr'>Historia:</span> <span class='ocrx_word' id='word_1_142' title='bbox 1159 1669 1594 1729; x_wconf 74' lang='lat' dir='ltr'>ecclesiastica:</span> <span class='ocrx_word' id='word_1_143' title='bbox 1622 1681 2079 1749; x_wconf 80' lang='grc' dir='ltr'>ἀποσπασμάτιον</span> <span class='ocrx_word' id='word_1_144' title='bbox 2122 1671 2200 1731; x_wconf 92' lang='lat' dir='ltr'>de</span> <span class='ocrx_word' id='word_1_145' title='bbox 2253 1665 2766 1747; x_wconf 71' lang='lat' dir='ltr'>expositionibus</span> <span class='ocrx_word' id='word_1_146' title='bbox 2828 1670 2999 1742; x_wconf 86' lang='lat' dir='ltr'>ﬁdei,</span> <span class='ocrx_word' id='word_1_147' title='bbox 3027 1669 3199 1741; x_wconf 90' lang='lat' dir='ltr'>quod</span> <span class='ocrx_word' id='word_1_148' title='bbox 3230 1684 3263 1727; x_wconf 87' lang='lat' dir='ltr'>e</span> <span class='ocrx_word' id='word_1_149' title='bbox 3296 1666 3451 1726; x_wconf 88' lang='lat' dir='ltr'>bibl.</span> <span class='ocrx_word' id='word_1_150' title='bbox 3488 1665 3793 1726; x_wconf 88' lang='lat' dir='ltr'>Vaticana</span> 
     </span>
    </p>
   </div>
   <div class='ocr_carea' id='block_1_16' title="bbox 540 1763 3788 1849">
    <p class='ocr_par' dir='ltr' id='par_1_16' title="bbox 540 1763 3788 1849">
     <span class='ocr_line' id='line_1_16' title="bbox 540 1763 3788 1849; baseline -0 -22"><span class='ocrx_word' id='word_1_151' title='bbox 540 1768 943 1846; x_wconf 80' lang='lat' dir='ltr'>produxit,et</span> <span class='ocrx_word' id='word_1_152' title='bbox 964 1786 1107 1829; x_wconf 91' lang='lat' dir='ltr'>cum</span> <span class='ocrx_word' id='word_1_153' title='bbox 1143 1768 1437 1829; x_wconf 86' lang='lat' dir='ltr'>versione</span> <span class='ocrx_word' id='word_1_154' title='bbox 1470 1786 1584 1830; x_wconf 86' lang='lat' dir='ltr'>sua</span> <span class='ocrx_word' id='word_1_155' title='bbox 1616 1770 1815 1831; x_wconf 86' lang='lat' dir='ltr'>edidit</span> <span class='ocrx_word' id='word_1_156' title='bbox 1847 1772 2165 1849; x_wconf 86' lang='lat' dir='ltr'>Josephus</span> <span class='ocrx_word' id='word_1_157' title='bbox 2195 1770 2393 1833; x_wconf 88' lang='lat' dir='ltr'>Maria</span> <span class='ocrx_word' id='word_1_158' title='bbox 2428 1770 2765 1831; x_wconf 82' lang='lat' dir='ltr'>Suaresius</span> <span class='ocrx_word' id='word_1_159' title='bbox 2795 1770 2871 1830; x_wconf 89' lang='lat' dir='ltr'>ad</span> <span class='ocrx_word' id='word_1_160' title='bbox 2900 1768 3098 1829; x_wconf 84' lang='lat' dir='ltr'>sancti</span> <span class='ocrx_word' id='word_1_161' title='bbox 3129 1765 3255 1827; x_wconf 88' lang='lat' dir='ltr'>Nili</span> <span class='ocrx_word' id='word_1_162' title='bbox 3284 1763 3617 1842; x_wconf 86' lang='lat' dir='ltr'>opuscula,</span> <span class='ocrx_word' id='word_1_163' title='bbox 3647 1780 3788 1840; x_wconf 83' lang='lat' dir='ltr'>pag.</span> 
     </span>
    </p>
   </div>
   <div class='ocr_carea' id='block_1_17' title="bbox 538 1865 3796 1950">
    <p class='ocr_par' dir='ltr' id='par_1_17' title="bbox 538 1865 3796 1950">
     <span class='ocr_line' id='line_1_17' title="bbox 538 1865 3796 1950; baseline -0.002 -19"><span class='ocrx_word' id='word_1_164' title='bbox 538 1871 655 1931; x_wconf 62' lang='grc'>614</span> <span class='ocrx_word' id='word_1_165' title='bbox 688 1890 703 1942; x_wconf 88' lang='grc'><strong>;</strong></span> <span class='ocrx_word' id='word_1_166' title='bbox 746 1879 877 1931; x_wconf 92' lang='lat' dir='ltr'>tum</span> <span class='ocrx_word' id='word_1_167' title='bbox 917 1888 1061 1948; x_wconf 74' lang='lat' dir='ltr'>qum</span> <span class='ocrx_word' id='word_1_168' title='bbox 1091 1888 1125 1931; x_wconf 92' lang='lat' dir='ltr'>e</span> <span class='ocrx_word' id='word_1_169' title='bbox 1159 1871 1497 1931; x_wconf 84' lang='lat' dir='ltr'>Theodoro</span> <span class='ocrx_word' id='word_1_170' title='bbox 1531 1874 1791 1935; x_wconf 90' lang='lat' dir='ltr'>Lectore</span> <span class='ocrx_word' id='word_1_171' title='bbox 1822 1873 2180 1935; x_wconf 70' lang='lat' dir='ltr'>afferuntur</span> <span class='ocrx_word' id='word_1_172' title='bbox 2210 1874 2273 1935; x_wconf 92' lang='lat' dir='ltr'>in</span> <span class='ocrx_word' id='word_1_173' title='bbox 2307 1870 2675 1950; x_wconf 83' lang='lat' dir='ltr'>Originibus</span> <span class='ocrx_word' id='word_1_174' title='bbox 2708 1865 3430 1945; x_wconf 82' lang='lat' dir='ltr'>Constantinopolitanis</span> <span class='ocrx_word' id='word_1_175' title='bbox 3460 1881 3496 1925; x_wconf 90' lang='lat' dir='ltr'>a</span> <span class='ocrx_word' id='word_1_176' title='bbox 3530 1865 3796 1926; x_wconf 78' lang='lat' dir='ltr'>Combe‘</span> 
     </span>
    </p>
   </div>
   <div class='ocr_carea' id='block_1_18' title="bbox 536 1965 3790 2051">
    <p class='ocr_par' dir='ltr' id='par_1_18' title="bbox 536 1965 3790 2051">
     <span class='ocr_line' id='line_1_18' title="bbox 536 1965 3790 2051; baseline -0.002 -20"><span class='ocrx_word' id='word_1_177' title='bbox 536 1970 680 2031; x_wconf 86' lang='lat' dir='ltr'>ﬁsio</span> <span class='ocrx_word' id='word_1_178' title='bbox 711 1969 1067 2031; x_wconf 83' lang='lat' dir='ltr'>illustratis.</span> <span class='ocrx_word' id='word_1_179' title='bbox 1104 1970 1220 2030; x_wconf 89' lang='lat' dir='ltr'>Ubi</span> <span class='ocrx_word' id='word_1_180' title='bbox 1258 1989 1408 2031; x_wconf 84' lang='lat' dir='ltr'>vero</span> <span class='ocrx_word' id='word_1_181' title='bbox 1440 1973 1902 2046; x_wconf 90' lang='lat' dir='ltr'>Damascenus,</span> <span class='ocrx_word' id='word_1_182' title='bbox 1935 1991 2007 2033; x_wconf 89' lang='grc' dir='ltr'>ιιι</span> <span class='ocrx_word' id='word_1_183' title='bbox 2037 1975 2125 2033; x_wconf 84' lang='lat' dir='ltr'>De</span> <span class='ocrx_word' id='word_1_184' title='bbox 2160 1972 2558 2051; x_wconf 80' lang='lat' dir='ltr'>imaginibus,</span> <span class='ocrx_word' id='word_1_185' title='bbox 2596 1989 2737 2049; x_wconf 88' lang='lat' dir='ltr'>pag.</span> <span class='ocrx_word' id='word_1_186' title='bbox 2772 1971 2912 2041; x_wconf 86' lang='grc'>375,</span> <span class='ocrx_word' id='word_1_187' title='bbox 2950 1970 3159 2030; x_wconf 90' lang='lat' dir='ltr'>laudat</span> <span class='ocrx_word' id='word_1_188' title='bbox 3195 1976 3361 2046; x_wconf 83' lang='grc' dir='ltr'>τόμον</span> <span class='ocrx_word' id='word_1_189' title='bbox 3387 1966 3524 2027; x_wconf 89' lang='lat' dir='ltr'>sive</span> <span class='ocrx_word' id='word_1_190' title='bbox 3551 1965 3790 2026; x_wconf 90' lang='lat' dir='ltr'>librum</span> 
     </span>
    </p>
   </div>
   <div class='ocr_carea' id='block_1_19' title="bbox 537 2072 3791 2155">
    <p class='ocr_par' dir='ltr' id='par_1_19' title="bbox 537 2072 3791 2155">
     <span class='ocr_line' id='line_1_19' title="bbox 537 2072 3791 2155; baseline -0.001 -23"><span class='ocrx_word' id='word_1_191' title='bbox 537 2072 859 2133; x_wconf 85' lang='lat' dir='ltr'>Theodori</span> <span class='ocrx_word' id='word_1_192' title='bbox 922 2075 1229 2135; x_wconf 71' lang='lat' dir='ltr'>Historia:</span> <span class='ocrx_word' id='word_1_193' title='bbox 1288 2074 1505 2136; x_wconf 84' lang='lat' dir='ltr'>cccles.</span> <span class='ocrx_word' id='word_1_194' title='bbox 1540 2084 1863 2155; x_wconf 87' lang='lat' dir='ltr'>quartum,</span> <span class='ocrx_word' id='word_1_195' title='bbox 1898 2078 2223 2141; x_wconf 91' lang='lat' dir='ltr'>secundus</span> <span class='ocrx_word' id='word_1_196' title='bbox 2276 2078 2506 2140; x_wconf 90' lang='lat' dir='ltr'>horum</span> <span class='ocrx_word' id='word_1_197' title='bbox 2573 2078 2748 2138; x_wconf 83' lang='lat' dir='ltr'>venit</span> <span class='ocrx_word' id='word_1_198' title='bbox 2801 2075 3285 2153; x_wconf 87' lang='lat' dir='ltr'>intelligendus,</span> <span class='ocrx_word' id='word_1_199' title='bbox 3328 2072 3481 2153; x_wconf 87' lang='lat' dir='ltr'>quia</span> <span class='ocrx_word' id='word_1_200' title='bbox 3534 2074 3791 2148; x_wconf 80' lang='lat' dir='ltr'>priores</span> 
     </span>
    </p>
   </div>
   <div class='ocr_carea' id='block_1_20' title="bbox 534 2171 3787 2257">
    <p class='ocr_par' dir='ltr' id='par_1_20' title="bbox 534 2171 3787 2257">
     <span class='ocr_line' id='line_1_20' title="bbox 534 2171 3787 2257; baseline -0.002 -22"><span class='ocrx_word' id='word_1_201' title='bbox 534 2190 698 2253; x_wconf 91' lang='lat' dir='ltr'>quos</span> <span class='ocrx_word' id='word_1_202' title='bbox 752 2178 1099 2238; x_wconf 87' lang='lat' dir='ltr'>memoravi</span> <span class='ocrx_word' id='word_1_203' title='bbox 1163 2178 1325 2237; x_wconf 90' lang='lat' dir='ltr'>duos</span> <span class='ocrx_word' id='word_1_204' title='bbox 1396 2180 1757 2257; x_wconf 89' lang='lat' dir='ltr'>compendii</span> <span class='ocrx_word' id='word_1_205' title='bbox 1793 2198 1871 2241; x_wconf 81' lang='lat' dir='ltr'>ex</span> <span class='ocrx_word' id='word_1_206' title='bbox 1904 2181 2183 2253; x_wconf 91' lang='lat' dir='ltr'>Socrate,</span> <span class='ocrx_word' id='word_1_207' title='bbox 2209 2180 2561 2241; x_wconf 91' lang='lat' dir='ltr'>Sozomeno</span> <span class='ocrx_word' id='word_1_208' title='bbox 2588 2196 2659 2241; x_wconf 92' lang='lat' dir='ltr'>ac</span> <span class='ocrx_word' id='word_1_209' title='bbox 2692 2178 3080 2239; x_wconf 87' lang='lat' dir='ltr'>Theodorito</span> <span class='ocrx_word' id='word_1_210' title='bbox 3120 2175 3312 2237; x_wconf 92' lang='lat' dir='ltr'>simul</span> <span class='ocrx_word' id='word_1_211' title='bbox 3368 2171 3787 2250; x_wconf 85' lang='lat' dir='ltr'>computavit,</span> 
     </span>
    </p>
   </div>
   <div class='ocr_carea' id='block_1_21' title="bbox 534 2274 3790 2361">
    <p class='ocr_par' dir='ltr' id='par_1_21' title="bbox 534 2274 3790 2361">
     <span class='ocr_line' id='line_1_21' title="bbox 534 2274 3790 2361; baseline -0.002 -25"><span class='ocrx_word' id='word_1_212' title='bbox 534 2278 802 2355; x_wconf 87' lang='lat' dir='ltr'>perinde</span> <span class='ocrx_word' id='word_1_213' title='bbox 862 2288 932 2343; x_wconf 91' lang='lat' dir='ltr'>ut</span> <span class='ocrx_word' id='word_1_214' title='bbox 990 2282 1240 2354; x_wconf 91' lang='lat' dir='ltr'>Suidas,</span> <span class='ocrx_word' id='word_1_215' title='bbox 1274 2282 1385 2361; x_wconf 91' lang='lat' dir='ltr'>qui</span> <span class='ocrx_word' id='word_1_216' title='bbox 1435 2301 1470 2345; x_wconf 86' lang='lat' dir='ltr'>a</span> <span class='ocrx_word' id='word_1_217' title='bbox 1502 2284 1904 2345; x_wconf 89' lang='lat' dir='ltr'>Constantini</span> <span class='ocrx_word' id='word_1_218' title='bbox 1958 2284 2352 2361; x_wconf 88' lang='lat' dir='ltr'>temporibus</span> <span class='ocrx_word' id='word_1_219' title='bbox 2406 2283 2483 2344; x_wconf 92' lang='lat' dir='ltr'>ad</span> <span class='ocrx_word' id='word_1_220' title='bbox 2521 2282 2953 2344; x_wconf 80' lang='lat' dir='ltr'>Justinianum</span> <span class='ocrx_word' id='word_1_221' title='bbox 3011 2278 3413 2359; x_wconf 79' lang='lat' dir='ltr'>pertexuisse</span> <span class='ocrx_word' id='word_1_222' title='bbox 3444 2274 3790 2336; x_wconf 82' lang='lat' dir='ltr'>Historiam</span> 
     </span>
    </p>
   </div>
   <div class='ocr_carea' id='block_1_22' title="bbox 534 2376 3793 2465">
    <p class='ocr_par' dir='ltr' id='par_1_22' title="bbox 534 2376 3793 2465">
     <span class='ocr_line' id='line_1_22' title="bbox 534 2376 3793 2465; baseline -0.002 -22"><span class='ocrx_word' id='word_1_223' title='bbox 534 2383 947 2448; x_wconf 87' lang='lat' dir='ltr'>Theodorum</span> <span class='ocrx_word' id='word_1_224' title='bbox 975 2385 1216 2448; x_wconf 89' lang='lat' dir='ltr'>scribit.</span> <span class='ocrx_word' id='word_1_225' title='bbox 1249 2388 1337 2446; x_wconf 90' lang='lat' dir='ltr'>Ita</span> <span class='ocrx_word' id='word_1_226' title='bbox 1372 2385 1439 2447; x_wconf 90' lang='lat' dir='ltr'>in</span> <span class='ocrx_word' id='word_1_227' title='bbox 1491 2386 1741 2447; x_wconf 89' lang='lat' dir='ltr'>actione</span> <span class='ocrx_word' id='word_1_228' title='bbox 1784 2388 1815 2445; x_wconf 90' lang='lat'><strong>1</strong></span> <span class='ocrx_word' id='word_1_229' title='bbox 1874 2385 2107 2465; x_wconf 87' lang='lat' dir='ltr'>synodi</span> <span class='ocrx_word' id='word_1_230' title='bbox 2150 2402 2258 2455; x_wconf 86' lang='lat' dir='ltr'>vn,</span> <span class='ocrx_word' id='word_1_231' title='bbox 2292 2392 2335 2443; x_wconf 89' lang='lat' dir='ltr'>t.</span> <span class='ocrx_word' id='word_1_232' title='bbox 2372 2384 2455 2444; x_wconf 85' lang='grc' dir='ltr'>ΙΙΙ</span> <span class='ocrx_word' id='word_1_233' title='bbox 2507 2385 2657 2447; x_wconf 91' lang='lat' dir='ltr'>edit.</span> <span class='ocrx_word' id='word_1_234' title='bbox 2721 2382 3022 2454; x_wconf 69' lang='lat' dir='ltr'>Binianaa,</span> <span class='ocrx_word' id='word_1_235' title='bbox 3059 2400 3117 2461; x_wconf 91' lang='lat' dir='ltr'>p.</span> <span class='ocrx_word' id='word_1_236' title='bbox 3151 2379 3287 2451; x_wconf 58' lang='lat' dir='ltr'>h9’s,</span> <span class='ocrx_word' id='word_1_237' title='bbox 3325 2378 3432 2439; x_wconf 89' lang='lat' dir='ltr'>ubi</span> <span class='ocrx_word' id='word_1_238' title='bbox 3492 2376 3793 2437; x_wconf 88' lang='lat' dir='ltr'>laudatur</span> 
     </span>
    </p>
   </div>
   <div class='ocr_carea' id='block_1_23' title="bbox 532 2478 3785 2565">
    <p class='ocr_par' dir='ltr' id='par_1_23' title="bbox 532 2478 3785 2565">
     <span class='ocr_line' id='line_1_23' title="bbox 532 2478 3785 2565; baseline -0.003 -19"><span class='ocrx_word' id='word_1_239' title='bbox 532 2486 693 2548; x_wconf 90' lang='lat' dir='ltr'>liber</span> <span class='ocrx_word' id='word_1_240' title='bbox 721 2486 1009 2565; x_wconf 84' lang='lat' dir='ltr'>quintus,</span> <span class='ocrx_word' id='word_1_241' title='bbox 1032 2486 1323 2548; x_wconf 87' lang='lat' dir='ltr'>Valesius</span> <span class='ocrx_word' id='word_1_242' title='bbox 1352 2486 1431 2548; x_wconf 91' lang='lat' dir='ltr'>ad</span> <span class='ocrx_word' id='word_1_243' title='bbox 1458 2486 1892 2560; x_wconf 91' lang='lat' dir='ltr'>Theodorum,</span> <span class='ocrx_word' id='word_1_244' title='bbox 1929 2502 2070 2563; x_wconf 89' lang='lat' dir='ltr'>pag.</span> <span class='ocrx_word' id='word_1_245' title='bbox 2105 2487 2246 2556; x_wconf 82' lang='lat'>530,</span> <span class='ocrx_word' id='word_1_246' title='bbox 2295 2492 2510 2545; x_wconf 84' lang='lat' dir='ltr'>monet</span> <span class='ocrx_word' id='word_1_247' title='bbox 2561 2492 2776 2563; x_wconf 82' lang='grc' dir='ltr'>πρώτου</span> <span class='ocrx_word' id='word_1_248' title='bbox 2814 2507 2912 2558; x_wconf 87' lang='lat' dir='ltr'>pro</span> <span class='ocrx_word' id='word_1_249' title='bbox 2950 2494 3199 2563; x_wconf 77' lang='grc' dir='ltr'>πέμπτου</span> <span class='ocrx_word' id='word_1_250' title='bbox 3232 2497 3376 2543; x_wconf 90' lang='lat' dir='ltr'>esse</span> <span class='ocrx_word' id='word_1_251' title='bbox 3410 2478 3785 2559; x_wconf 84' lang='lat' dir='ltr'>legendum.</span> 
     </span>
    </p>
   </div>
   <div class='ocr_carea' id='block_1_24' title="bbox 532 2583 3785 2672">
    <p class='ocr_par' dir='ltr' id='par_1_24' title="bbox 532 2583 3785 2672">
     <span class='ocr_line' id='line_1_24' title="bbox 532 2583 3785 2672; baseline -0.003 -19"><span class='ocrx_word' id='word_1_252' title='bbox 532 2591 717 2653; x_wconf 84' lang='lat' dir='ltr'>Alius</span> <span class='ocrx_word' id='word_1_253' title='bbox 780 2592 958 2654; x_wconf 91' lang='lat' dir='ltr'>locus</span> <span class='ocrx_word' id='word_1_254' title='bbox 1014 2592 1392 2672; x_wconf 87' lang='lat' dir='ltr'>producitur</span> <span class='ocrx_word' id='word_1_255' title='bbox 1454 2593 1517 2653; x_wconf 91' lang='lat' dir='ltr'>in</span> <span class='ocrx_word' id='word_1_256' title='bbox 1582 2592 1805 2655; x_wconf 88' lang='lat' dir='ltr'>eadem</span> <span class='ocrx_word' id='word_1_257' title='bbox 1867 2592 2118 2672; x_wconf 88' lang='lat' dir='ltr'>synodo</span> <span class='ocrx_word' id='word_1_258' title='bbox 2174 2590 2478 2670; x_wconf 87' lang='lat' dir='ltr'>septima,</span> <span class='ocrx_word' id='word_1_259' title='bbox 2539 2592 2674 2652; x_wconf 87' lang='lat' dir='ltr'>sive</span> <span class='ocrx_word' id='word_1_260' title='bbox 2734 2590 2987 2652; x_wconf 68' lang='lat' dir='ltr'>Nicmna</span> <span class='ocrx_word' id='word_1_261' title='bbox 3042 2589 3361 2663; x_wconf 87' lang='lat' dir='ltr'>secunda,</span> <span class='ocrx_word' id='word_1_262' title='bbox 3418 2585 3666 2649; x_wconf 88' lang='lat' dir='ltr'>actione</span> <span class='ocrx_word' id='word_1_263' title='bbox 3719 2583 3785 2655; x_wconf 84' lang='lat'>5,</span> 
     </span>
    </p>
   </div>
   <div class='ocr_carea' id='block_1_25' title="bbox 532 2694 990 2773">
    <p class='ocr_par' dir='ltr' id='par_1_25' title="bbox 532 2694 990 2773">
     <span class='ocr_line' id='line_1_25' title="bbox 532 2694 990 2773; baseline 0.004 -20"><span class='ocrx_word' id='word_1_264' title='bbox 532 2708 677 2772; x_wconf 86' lang='lat' dir='ltr'>pag.</span> <span class='ocrx_word' id='word_1_265' title='bbox 708 2694 827 2755; x_wconf 84' lang='lat'><strong>609</strong></span> <span class='ocrx_word' id='word_1_266' title='bbox 850 2710 990 2773; x_wconf 89' lang='lat' dir='ltr'>seq.</span> 
     </span>
    </p>
   </div>
   <div class='ocr_carea' id='block_1_26' title="bbox 601 2869 2238 2950">
    <p class='ocr_par' dir='ltr' id='par_1_26' title="bbox 601 2875 2238 2950">
     <span class='ocr_line' id='line_1_26' title="bbox 601 2875 2238 2950; baseline -0.002 -18"><span class='ocrx_word' id='word_1_267' title='bbox 601 2878 679 2950; x_wconf 83' lang='grc' dir='ltr'>(α)</span> <span class='ocrx_word' id='word_1_268' title='bbox 706 2877 958 2950; x_wconf 64' lang='lat' dir='ltr'>Valesius</span> <span class='ocrx_word' id='word_1_269' title='bbox 987 2886 1143 2950; x_wconf 78' lang='lat' dir='ltr'>putat</span> <span class='ocrx_word' id='word_1_270' title='bbox 1170 2894 1238 2933; x_wconf 91' lang='lat' dir='ltr'>ne</span> <span class='ocrx_word' id='word_1_271' title='bbox 1262 2878 1631 2950; x_wconf 84' lang='lat' dir='ltr'>Nicephorum</span> <span class='ocrx_word' id='word_1_272' title='bbox 1657 2875 1886 2950; x_wconf 80' lang='lat' dir='ltr'>quidem</span> <span class='ocrx_word' id='word_1_273' title='bbox 1942 2878 2101 2950; x_wconf 83' lang='lat' dir='ltr'>plura</span> <span class='ocrx_word' id='word_1_274' title='bbox 2209 2893 2238 2950; x_wconf 60' lang='grc' dir='ltr'>εξ</span> 
     </span>
    </p>
   </div>
   <div class='ocr_carea' id='block_1_27' title="bbox 2147 2869 3784 2950">
    <p class='ocr_par' dir='ltr' id='par_1_27' title="bbox 2209 2869 3784 2950">
     <span class='ocr_line' id='line_1_27' title="bbox 2209 2869 3784 2950; baseline -0.003 -24"><span class='ocrx_word' id='word_1_275' title='bbox 2209 2875 2394 2950; x_wconf 55' lang='lat' dir='ltr'>gravi};</span> <span class='ocrx_word' id='word_1_276' title='bbox 2428 2874 2901 2950; x_wconf 27' lang='lat' dir='ltr'>Ntzngépoukuti</span> <span class='ocrx_word' id='word_1_277' title='bbox 2956 2872 3169 2927; x_wconf 84' lang='lat' dir='ltr'>Leontii</span> <span class='ocrx_word' id='word_1_278' title='bbox 3210 2871 3361 2950; x_wconf 81' lang='lat' dir='ltr'>Iiber_</span> <span class='ocrx_word' id='word_1_279' title='bbox 3408 2870 3486 2923; x_wconf 82' lang='lat' dir='ltr'>De</span> <span class='ocrx_word' id='word_1_280' title='bbox 3532 2869 3701 2949; x_wconf 67' lang='lat' dir='ltr'>sectis,</span> <span class='ocrx_word' id='word_1_281' title='bbox 3734 2884 3784 2948; x_wconf 43' lang='grc' dir='ltr'>,ε</span> 
     </span>
    </p>
   </div>
   <div class='ocr_carea' id='block_1_28' title="bbox 529 2939 3786 3018">
    <p class='ocr_par' dir='ltr' id='par_1_28' title="bbox 529 2939 3786 3018">
     <span class='ocr_line' id='line_1_28' title="bbox 529 2939 3786 3018; baseline -0.004 -15"><span class='ocrx_word' id='word_1_282' title='bbox 529 2939 733 3018; x_wconf 80' lang='lat' dir='ltr'>alioqui</span> <span class='ocrx_word' id='word_1_283' title='bbox 760 2948 885 3003; x_wconf 88' lang='lat' dir='ltr'>inde</span> <span class='ocrx_word' id='word_1_284' title='bbox 915 2939 1265 3003; x_wconf 55' lang='lat' dir='ltr'>in&#39;ﬂistorias</span> <span class='ocrx_word' id='word_1_285' title='bbox 1298 2939 1425 3003; x_wconf 76' lang='lat' dir='ltr'>suas</span> <span class='ocrx_word' id='word_1_286' title='bbox 1448 2939 1842 3009; x_wconf 74' lang='lat' dir='ltr'>derivaturum,</span> <span class='ocrx_word' id='word_1_287' title='bbox 1873 2939 2103 3018; x_wconf 71' lang='lat' dir='ltr'>integris</span> <span class='ocrx_word' id='word_1_288' title='bbox 2207 2939 2499 3018; x_wconf 71' lang='lat' dir='ltr'>Theodoro</span> <span class='ocrx_word' id='word_1_289' title='bbox 2525 2939 3385 3018; x_wconf 26' lang='lat' dir='ltr'>abbatc‘dictatusamanuepsi</span> <span class='ocrx_word' id='word_1_290' title='bbox 3410 2955 3533 3018; x_wconf 64' lang='lat' dir='ltr'>suo,</span> <span class='ocrx_word' id='word_1_291' title='bbox 3579 2939 3786 3018; x_wconf 72' lang='lat' dir='ltr'>inscri-</span> 
     </span>
    </p>
   </div>
   <div class='ocr_carea' id='block_1_29' title="bbox 530 3010 2167 3088">
    <p class='ocr_par' dir='ltr' id='par_1_29' title="bbox 530 3010 2101 3088">
     <span class='ocr_line' id='line_1_29' title="bbox 530 3010 2101 3088; baseline -0.001 -17"><span class='ocrx_word' id='word_1_292' title='bbox 530 3010 804 3073; x_wconf 78' lang='lat' dir='ltr'>Theodori</span> <span class='ocrx_word' id='word_1_293' title='bbox 824 3019 1001 3082; x_wconf 90' lang='lat' dir='ltr'>libris,</span> <span class='ocrx_word' id='word_1_294' title='bbox 1024 3019 1119 3073; x_wconf 88' lang='lat' dir='ltr'>sed</span> <span class='ocrx_word' id='word_1_295' title='bbox 1141 3020 1416 3088; x_wconf 81' lang='lat' dir='ltr'>excerptis</span> <span class='ocrx_word' id='word_1_296' title='bbox 1438 3019 1556 3074; x_wconf 88' lang='lat' dir='ltr'>istis</span> <span class='ocrx_word' id='word_1_297' title='bbox 1578 3017 1920 3073; x_wconf 82' lang='lat' dir='ltr'>solummodo</span> <span class='ocrx_word' id='word_1_298' title='bbox 1941 3010 2101 3088; x_wconf 65' lang='lat' dir='ltr'>usum</span> 
     </span>
    </p>
   </div>
   <div class='ocr_carea' id='block_1_30' title="bbox 2147 3010 3784 3088">
    <p class='ocr_par' dir='ltr' id='par_1_30' title="bbox 2206 3010 3784 3088">
     <span class='ocr_line' id='line_1_30' title="bbox 2206 3010 3784 3088; baseline -0.007 -18"><span class='ocrx_word' id='word_1_299' title='bbox 2206 3017 2358 3088; x_wconf 81' lang='lat' dir='ltr'>bitur</span> <span class='ocrx_word' id='word_1_300' title='bbox 2421 3016 2549 3069; x_wconf 84' lang='grc' dir='ltr'>Ἀπὸ</span> <span class='ocrx_word' id='word_1_301' title='bbox 2616 3014 2803 3084; x_wconf 70' lang='grc' dir='ltr'>φωνῆς</span> <span class='ocrx_word' id='word_1_302' title='bbox 2861 3013 3139 3085; x_wconf 71' lang='grc' dir='ltr'>Θεοδώρου</span> <span class='ocrx_word' id='word_1_303' title='bbox 3202 3013 3297 3065; x_wconf 80' lang='grc' dir='ltr'>τοὺ</span> <span class='ocrx_word' id='word_1_304' title='bbox 3363 3010 3784 3080; x_wconf 71' lang='grc' dir='ltr'>θεοφιλεστάτου</span> 
     </span>
    </p>
   </div>
   <div class='ocr_carea' id='block_1_31' title="bbox 527 3087 2367 3160">
    <p class='ocr_par' dir='ltr' id='par_1_31' title="bbox 527 3087 2367 3160">
     <span class='ocr_line' id='line_1_31' title="bbox 527 3087 2367 3160; baseline -0.001 -17"><span class='ocrx_word' id='word_1_305' title='bbox 527 3103 669 3155; x_wconf 89' lang='lat' dir='ltr'>esse,</span> <span class='ocrx_word' id='word_1_306' title='bbox 705 3104 878 3160; x_wconf 86' lang='lat' dir='ltr'>eaque</span> <span class='ocrx_word' id='word_1_307' title='bbox 924 3090 1141 3146; x_wconf 83' lang='lat' dir='ltr'>cuidam</span> <span class='ocrx_word' id='word_1_308' title='bbox 1176 3087 1431 3157; x_wconf 75' lang='lat' dir='ltr'>dictasse,</span> <span class='ocrx_word' id='word_1_309' title='bbox 1480 3099 1647 3159; x_wconf 86' lang='lat' dir='ltr'>atque</span> <span class='ocrx_word' id='word_1_310' title='bbox 1680 3088 1805 3143; x_wconf 91' lang='lat' dir='ltr'>ideo</span> <span class='ocrx_word' id='word_1_311' title='bbox 1842 3088 1951 3142; x_wconf 89' lang='lat' dir='ltr'>dici</span> <span class='ocrx_word' id='word_1_312' title='bbox 1992 3087 2103 3141; x_wconf 84' lang='grc' dir='ltr'>ἀπὸ</span> <span class='ocrx_word' id='word_1_313' title='bbox 2205 3087 2367 3141; x_wconf 78' lang='grc' dir='ltr'>ὰὸϐά.</span> 
     </span>
    </p>
   </div>
   <div class='ocr_carea' id='block_1_32' title="bbox 1834 4006 2543 4034">
    <p class='ocr_par' dir='ltr' id='par_1_32' title="bbox 1834 4006 2543 4034">
     <span class='ocr_line' id='line_1_32' title="bbox 1834 4006 2543 4034; baseline -0.003 -5"><span class='ocrx_word' id='word_1_314' title='bbox 1834 4006 2451 4034; x_wconf 45' lang='grc' dir='ltr'>*η’-*η-Ο-ςω</span> <span class='ocrx_word' id='word_1_315' title='bbox 2468 4017 2543 4027; x_wconf 67' lang='lat' dir='ltr'>a—</span> 
     </span>
    </p>
   </div>
  </div>
