4146 6440
421 407 531 476 165

1398 410 1993 473 ECCLESIASTIC/E
2031 408 2416 471 HISTORle
2458 410 2606 471 LIB.
2646 411 2697 470 Ι.

3575 404 3680 469 168

434 617 3652 643 .__———_____———————__________.-===

1823 771 2319 859 ΕΚΛΟΓΑΙ

628 975 847 1086 ΕΚ
922 975 1223 1087 ΤΗΣ
1305 968 2684 1089 ΕΚΚΑΗΣΙΑΣΤΙΚΗΣ
2774 966 3473 1084 ΙΣΤΟΡΙΑΣ

941 1196 1873 1334 ΘΕΟΔΩΡΟΥ
1984 1190 3171 1350 ΑΝΑΓΝΩΣΤΟΥ,

1046 1431 1184 1484 AIIO
1220 1429 1453 1483 ΦΩΝΗΣ
1490 1428 1897 1488 ΝΙΚΗΦΟΡυΥ
1934 1424 2337 1481 ΚΔΛΛΙΣΤΟΥ
2376 1424 2515 1478 ΤΟΥ
2551 1423 3086 1480 ΞΑΝΘΟΠΟΥΛΟΥ.

1740 1730 2363 1824 EXCERPTA

1034 1945 1215 2049 EX
1322 1938 2325 2048 ECCLESIASTICA

1185 2172 2003 2300 THEODORI

2439 1943 3051 2051 HISTORIA

2116 2172 2947 2340 LEGTORIS,

1008 2413 1104 2471 EX
1132 2412 1273 2470 OBE
1302 2408 1666 2467 DICTANTIS
1700 2409 2071 2466 NICEPHORI
2108 2409 2441 2480 CALLISTI,
2484 2413 2928 2471 XANTHOPULI
2965 2413 3146 2472 FILII.

414 2603 511 2667 (1-2:
537 2602 765 2653 editione
813 2591 1025 2648 Henrici
1049 2591 1234 2643 Valesii
1266 2590 1500 2652 repetita,
1526 2586 1703 2637 additis
1753 2589 1998 2637 variorum
2053 2590 2454 2642 adnotationibus
2494 2598 2547 2641 et
2587 2594 2769 2643 codicis
2799 2594 3069 2645 Castellani
3114 2596 3385 2645 lectionum
3430 2599 3687 2651 varietate.

1284 2690 1495 2733 curante
1541 2681 1810 2733 Guillelmo
1852 2681 2094 2746 Reading.
2145 2685 2468 2749 Cantabrigize
2500 2686 2636 2747 1720,
2663 2686 2746 2736 fol.
2822 2689 2839 2749 )

1270 2920 1511 3009 ΑΠΟ
1586 2921 1813 3007 ΤΟΥ
1885 2922 2342 3009 ΠΡΩΤοΥ
2412 2922 2881 3011 ΒΙΒΑΙΟΥ.

1519 3238 1683 3327 EX
1754 3234 2126 3327 [ΛΒΒο
2201 3237 2623 3329 PRIMO.

489 3576 568 3625 α’.
604 3565 892 3629 Θεοδόσιος
945 3566 974 3618 ὁ
1021 3564 1139 3627 νέος
1190 3559 1420 3626 ἐξελθὼν
1458 3562 1538 3622 εἰς
1590 3560 1883 3629 κυνήγιον,
1931 3558 2011 3621 εἰς
2037 3563 2087 3622 Α

2185 3558 2343 3631 563
2370 3560 2781 3618 lLTheodosius
2811 3563 3007 3619 Junior
3043 3563 3110 3619 ad
3130 3564 3479 3621 venationem
3511 3583 3683 3638 egres-

418 3661 629 3716 Λευκὺν
667 3659 917 3728 ποταμὸν
939 3655 1243 3727 παραχθεὶς
1265 3654 1365 3724 (1),
1390 3652 1467 3717 ὼς
1496 3652 1666 3720 λέγει,
1690 3653 1755 3721 τῇ
1782 3651 2011 3721 ἐπιούσῃ

422 3754 583 3807 νυκτὶ
612 3750 1000 3819 ἐτελεύτησεν,
1028 3749 1123 3801 καὶ
1153 3747 1327 3817 ἐτάφη
1355 3747 1409 3798 ἐν
1436 3747 1500 3815 τῇ
1543 3744 1685 3815 Θήκῃ
1729 3744 2011 3814 Ἀρκαδίου

418 3846 515 3899 τοῦ
565 3844 777 3915 πατρὸς
823 3840 1014 3896 αὑτοῦ.
1060 3839 1224 3908 Λέγει
1273 3838 1330 3891 δὲ
1373 3837 1449 3900 ὡς
1495 3836 1593 3890 καὶ
1654 3837 1688 3906 ἡ
1725 3835 2012 3905 βασίλισσα

420 3938 660 3991 Euboan
722 3934 1042 3989 ἀπελθοῦσα
1079 3933 1162 3995 εἰς
1221 3930 1599 4001 Ἱεροσόλυμα,
1634 3927 1819 3981 οὐκέτι
1878 3927 2011 3979 ὑπέ-

421 4032 659 4102 cepa}?
716 4030 939 4099 Μαρῖνα
993 4026 1052 4080 δὲ
1105 4023 1517 4097 παρθενεύουσα
1577 4025 1637 4076 ὲν
1687 4024 1800 4086 τοῖς
1857 4022 2009 4092 βασι-

419 4122 602 4187 λείοις,
643 4122 754 4192 πρὸ
800 4119 896 4173 τοῦ
940 4117 1173 4188 ἀδελφοῦ
1210 4115 1553 4185 ἐτελεύτησε.
1592 4115 1703 4168 Καὶ
1735 4114 1816 4167 ὅτι
1866 4116 2015 4185 Χρυ-

418 4213 622 4280 σάφιον
654 4211 751 4262 τὸν
785 4209 1046 4279 Τζουμᾶν
1078 4206 1288 4260 ἀνεῖλεν
1316 4207 1349 4275 ἠ
1384 4204 1721 4275 Πουλχερὶαι
1757 4204 1851 4258 καὶ
1874 4205 1954 4258 ὅτι
1979 4206 2013 4275 ή

417 4303 659 4357 Εὑδοκία
696 4305 766 4373 τῇ
813 4302 1122 4372 Πουλγίερίᾳ⁵
1177 4302 1276 4371 τὴν
1337 4300 1521 4353 εἰκόνα
1585 4302 1685 4369 τῆς
1740 4298 2015 4369 Θεομήτο-

420 4414 514 4467 po;
556 4396 679 4467 (α),
712 4396 782 4466 ἢν
813 4397 842 4449 ὁ
890 4395 1193 4457 ἀπόστολος
1240 4394 1455 4457 Λουκᾶς
1487 4392 1912 4464 καθιστόρησεν,
1956 4393 2017 4459 ἐξ

428 4486 704 4559 Ἰεροσολύ
713 4505 832 4557 μων
874 4486 1217 4541 ἀπέστειλεν.

490 4661 562 4731 β’.
601 4661 927 4731 Μαρκιανὸς
970 4662 1230 4735 Ἰλλυριὸς
1274 4662 1336 4715 τὸ
1379 4662 1555 4730 γένος,
1589 4660 1869 4732 τριὸοὖνος
1915 4660 2012 4727 ὢν,

414 4752 797 4822 προὸεὸηκὼς
838 4754 897 4805 ἐν
938 4753 1148 4825 ἡλικίᾳ,
1192 4754 1251 4807 ἐν
1284 4753 1543 4825 πολέμοις
1570 4754 1861 4823 γενόμενος
1892 4753 2015 4823 ἄρι-

2121 3668 2390 3718 sus,cum
2424 3655 2480 3708 in
2529 3655 2773 3710 Leucum
2816 3656 3045 3711 ﬂuvium
3085 3659 3346 3727 abreptus
3394 3658 3693 3725 fuisset,ut

2119 3743 2287 3798 refert
2321 3745 2667 3811 Theodorus,
2697 3749 2951 3818 sequenti
3000 3757 3163 3803 nocte
3199 3760 3452 3805 mortuus
3501 3760 3606 3817 est,
3636 3761 3695 3808 et

2119 3834 2178 3888 in
2212 3845 2569 3889 monumento
2609 3837 2831 3890 Arcadii
2872 3838 3045 3906 patris
3090 3838 3265 3908 ipsius
3302 3841 3695 3910 sepultus.Rc-

2117 3923 2224 3978 fert
2252 3926 2419 3978 etiam
2457 3925 2786 3981 Theodorus
2819 3927 3118 3982 Eudociam
3151 3928 3453 4000 Augustam
3494 3929 3694 3984 Ilicro-

2114 4015 2321 4086 solyma
2352 4016 2680 4086 profectam,
2715 4032 2825 4071 non
2852 4020 3093 4088 amplius
3130 4021 3458 4075 revertisse:
3489 4031 3546 4076 et
3577 4022 3691 4075 Ma-

2114 4106 2293 4161 rinam
2339 4108 2609 4177 virginem
2636 4109 2693 4162 in
2718 4110 2921 4178 palatio
2951 4122 3079 4166 ante
3100 4111 3287 4167 fratris
3306 4112 3389 4167 sui
3415 4112 3627 4167 obitum
3656 4129 3689 4168 e

2113 4200 2253 4254 vivis
2273 4216 2373 4255 exc
2395 4202 2616 4256 essisse.
2645 4201 2737 4255 Ait
2765 4211 3034 4272 praeterea
3062 4204 3493 4276 Chrysaphium,
3514 4206 3609 4274 qui
3636 4215 3692 4261 et

2115 4294 2352 4348 Tzumas
2381 4293 2562 4348 dictus
2619 4304 2741 4361 est,
2772 4296 2931 4366 jussu
2976 4297 3280 4352 Pulcheriae
3337 4297 3691 4352 interfectum

2112 4385 2301 4440 fuisse.
2342 4384 2533 4440 Refert
2589 4385 2754 4439 etiam
2788 4387 3088 4442 Eudociam
3142 4390 3211 4443 ab
3251 4390 3384 4443 urbe
3429 4388 3690 4443 Hieroso-

2114 4476 2375 4547 lymitana
2412 4475 2479 4529 ad
2527 4476 2873 4531 Pulcheriam
2917 4478 3132 4533 misisse
3172 4479 3463 4551 imaginem
3498 4479 3694 4534 matris

2112 4568 2352 4633 Domini,
2385 4584 2549 4637 quam
2577 4568 2755 4623 Lucas
2780 4571 3065 4638 apostolus
3098 4571 3443 4641 depinxerat.

2180 4662 2235 4715 2.
2259 4659 2572 4714 Marcianus
2602 4660 2873 4715 oriundus
2905 4677 2972 4715 ex
2997 4663 3234 4733 Illyrico,
3276 4664 3551 4725 tribunus,
3566 4678 3693 4734 pro-

2110 4761 2268 4807 vecta
2311 4753 2423 4822 jam
2454 4758 2637 4817 aetate,
2662 4760 2718 4807 et
2749 4752 2804 4806 in
2824 4753 2984 4807 bellis
3024 4765 3304 4820 strenuus,
3333 4756 3400 4810 ab
3430 4758 3692 4810 universo

414 4861 567 4909 στος,
623 4846 979 4918 ἀνηγορεύθη
1032 4845 1289 4917 βασιλεὺς
1338 4846 1398 4901 ἐν
1444 4845 1521 4917 τῷ
1566 4845 1852 4916 Ἑϐδόμῳ,
1908 4848 2013 4901 ὑπὸ
2043 4851 2085 4905 Β

2113 4844 2360 4900 exercitu
2395 4843 2695 4913 imperator
2754 4845 3109 4900 renuntiatus
3166 4856 3257 4902 est
3316 4848 3373 4902 in
3419 4847 3690 4919 Septimo.

1628 4952 1901 5018 VALESII
1937 4960 2501 5033 ANNOTATIQNES.

485 5054 724 5123 (ηεις
756 5052 998 5108 Λευκὸν
1045 5053 1316 5122 ποταμὸν
1363 5053 1714 5122 παραχθείς.
1758 5053 2015 5109 Theodo-

409 5122 764 5179 sius'Junior
792 5124 1089 5196 exercendi
1129 5124 1378 5196 corporis
1406 5140 1572 5179 causa
1601 5138 1667 5178 ex
1698 5124 1834 5196 urbe
1858 5126 2007 5196 regia

406 5209 702 5264 egressus,
724 5208 850 5247 cum
889 5194 1035 5249 inter
1071 5194 1386 5248 venandum
1427 5211 1493 5249 ex
1532 5210 1677 5264 equo
1718 5194 2010 5264 prolapsus

405 5276 587 5328 esset,
616 5265 672 5318 in
711 5264 941 5317 ﬂuvium
968 5264 1214 5318 Leucum
1250 5265 1474 5319 decidit.
1524 5266 1680 5321 Unde
1728 5273 2010 5320 extractus

406 5344 463 5388 et
525 5336 737 5405 lectica
803 5334 1339 5403 Constantinopolim
1405 5346 1690 5399 revectus,
1750 5336 2008 5405 sequenti

408 5416 577 5459 nocte
615 5421 648 5458 e
683 5404 829 5458 vivis
868 5405 1126 5467 excessit,
1162 5414 1224 5458 ut
1270 5405 1462 5461 scribit
1510 5414 1704 5460 auctor
1745 5404 2008 5459 Chronici

405 5474 802 5531 Alexandrini.
834 5474 1049 5529 Leucus
1072 5488 1204 5544 ergo
1250 5475 1452 5531 ﬂuvius
1489 5477 1595 5529 fuit
1626 5474 1772 5529 haud
1813 5475 2006 5544 procul

403 5545 924 5613 Constantinopoli,
952 5560 983 5599 a
1013 5545 1265 5599 candore
1282 5562 1549 5614 aquarum
1596 5546 1669 5599 ita
1709 5545 1912 5610 dictus,
1944 5554 2008 5599 ut

404 5614 579 5671 Ietas
608 5632 641 5669 a
674 5615 991 5685 nigredine.
1036 5615 1186 5671 Idem
1232 5631 1402 5686 porro
1439 5632 1561 5672 esse
1590 5616 1811 5670 videtur
1838 5629 2003 5685 quem

2112 5054 2321 5126 Lycu_m
2352 5059 2517 5126 vocat
2542 5049 2842 5126 _Cedre_t_ius
2873 5050 2935 5126 in;
2958 5052 3212 5126 Claudio,
3250 5053 3344 5126 ubi
3364 5053 3443 5126 de
3468 5052 3693 5126 Apollo-

2112 5120 2209 5179 nio
2242 5120 2517 5192 Tyanensi
2541 5121 2616 5192 ita
2633 5122 2828 5192 scribit
2852 5139 2864 5174 :
2893 5123 3011 5192 Καὶ
3036 5123 3217 5175 Λύκον
3245 5123 3300 5175 δὲ
3330 5124 3421 5175 τὸν
3448 5120 3693 5190 ποῖταμὸν

2112 5190 2509 5263 ἐστοιχεὶωσεν,
2549 5191 2690 5263 ὥστε
2740 5190 2815 5262 μὴ
2834 5191 3333 5263 Ῠπλημμυρήσαντα
3386 5192 3446 5244 τὸ
3483 5192 3693 5256 Βυζάν-

2109 5282 2225 5318 τιον
2258 5261 2765 5331 καταλυμήνασοαι,
2793 5262 2847 5315 id
2879 5261 2983 5324 cst,
3014 5262 3209 5330 Lycum
3247 5277 3449 5331 quoque
3485 5280 3693 5321 omnem

2112 5336 2329 5406 magicis
2369 5332 2682 5406 quibusdam
2724 5332 2911 5406 ﬁguris
2951 5345 2999 5406 et
3029 5334 3475 5406 incantationibus
3510 5350 3691 5389 conse-

2112 5402 2301 5469 crauit,
2357 5420 2421 5456 ne
2451 5405 2727 5456 exundans
2753 5402 3147 5473 Byzantioran
3188 5402 3304 5473 urbi
3350 5403 3567 5473 eqitiurm
3598 5416 3693 5461 aut

2113 5492 2307 5529 noxam
2336 5475 2577 5543 inferret.
2628 5470 2818 5542 Lycus
2841 5474 3005 5526 etiam
3043 5472 3250 5543 dicitur
3282 5472 3338 5543 in
3376 5470 3693 5543 Originibus

2110 5541 2754 5616 Constanti'nopolitanis,
2790 5558 2877 5616 _p._
2930 5544 3015 5606 75,
3077 5541 3169 5595 ubi
3220 5542 3364 5597 intra
3427 5541 3692 5616 templum

2107 5612 2494 5685 Apostolorum
2521 5613 2742 5669 ﬂuxisse
2770 5612 2994 5668 dicitur.

1880 5725 2267 5783 VARIORUM.

474 5820 585 5901 (ιι).
606 5820 733 5901 [ὴν
753 5822 961 5901 εικόγει
987 5821 1101 5901 τῆς
1125 5822 1519 5901 βεψήτορος.
1548 5823 1625 5880 De
1643 5823 1748 5878 hac
1771 5820 2008 5894 imagine
2045 5819 2095 5876 lo

2113 5818 2293 5890 quitur
2316 5820 2623 5879 Germanus
2682 5818 2996 5893 patriarcha
3054 5821 3201 5892 apud
3236 5830 3519 5880 auctorem
3554 5821 3690 5880 Vitae

408 5892 587 5947 sancti
621 5890 893 5961 Stephani
920 5891 1189 5947 Junioris.
