4146 6442
523 412 625 479 167

1764 404 2155 467 THEODORI
2195 402 2559 466 LECTORIS

3650 396 3747 462 168

519 521 624 593 Qui
673 522 858 579 statim
888 519 1179 576 constituit
1230 532 1295 572 ne
1322 517 1447 587 quis
1471 526 1760 571 numerato
1801 516 1985 587 pretio
2014 515 2084 569 ad

2206 515 2391 577 παντὸς
2441 514 2535 569 τοῦ
2574 514 2827 588 στρατοῦ·
2875 514 2933 579 ὃς
2981 512 3142 577 εὐθὺς
3200 510 3486 566 ἐκέλευσεν
3516 510 3751 583 ἄρχοντα

519 614 901 684 magistratum
920 616 1363 681 promoveretur.

592 712 646 764 5.
672 707 983 763 Marcianus
1008 712 1064 757 et
1089 703 1380 758 Pulcheria
1401 702 1616 758 litteras
1656 701 2003 770 scripserunt
2020 698 2090 753 ad

521 802 784 865 Leonem,
838 812 1035 869 papam
1078 795 1235 850 urbis
1276 796 1483 861 Romae,
1514 794 1718 864 quibus
1758 807 1976 847 omnem
2011 791 2090 845 illi

523 900 851 961 potestatem
896 888 1234 942 tribuebant.
1279 888 1371 942 Ea:
1418 901 1640 955 quoque
1673 885 1955 956 jussiones
2009 884 2095 937 in-

523 992 687 1036 serta:
720 986 849 1033 sunt
890 976 1030 1032 actis
1080 976 1277 1048 synodi
1310 975 1812 1041 Chalcedonensis;
1872 975 2097 1044 scripsit

523 1073 690 1127 etiam
716 1070 1018 1139 imperator
1043 1068 1110 1123 ad
1138 1068 1482 1133 singularum
1518 1067 1737 1122 urbium
1780 1067 2091 1137 episcopos.

524 1163 638 1217 Leo
672 1169 853 1215 autem
875 1159 1175 1229 episcopus
1197 1158 1508 1212 mirabilem
1530 1158 1819 1227 epistolam
1872 1157 2097 1227 scripsit

524 1255 589 1309 ad
625 1252 897 1325 synodum
920 1265 1041 1319 quae
1067 1250 1260 1303 Nicaeae
1284 1247 1665 1318 congreganda
1687 1263 1809 1302 esse
1829 1247 2096 1303 credeba-

526 1354 617 1398 tur
646 1361 658 1396 :
687 1356 811 1410 quae
832 1338 1060 1408 quidem
1110 1338 1341 1407 epistola
1376 1337 1582 1390 inserta
1628 1344 1715 1392 est
1763 1337 1929 1391 etiam
1958 1337 2098 1392 actis

526 1432 720 1503 synodi
754 1429 1319 1495 Chalcedonensis,et
1346 1443 1378 1481 a
1404 1427 1697 1483 Theodoro
1730 1429 1961 1484 Lectore
2007 1429 2100 1484 hic

530 1522 790 1577 refertur.

601 1612 765 1684 564
792 1614 846 1669 4.
872 1610 1011 1666 Cum
1038 1626 1107 1665 ex
1130 1611 1391 1667 omnibus
1417 1612 1553 1667 locis
1584 1612 1831 1683 episcopi
1867 1628 2099 1683 congre-

532 1704 643 1775 gati
676 1712 863 1759 essent
890 1703 1104 1768 Nicaeaa,
1138 1703 1471 1768 Marcianus,
1501 1705 1596 1774 qui
1626 1714 1743 1759 tum
1776 1705 1832 1758 in
1866 1704 2103 1759 Thracia

534 1797 880 1861 morabatur,
907 1796 1123 1851 litteras
1151 1795 1373 1866 scripsit
1400 1797 1467 1851 ad
1494 1797 1787 1869 synodum.
1840 1812 1960 1851 sese
2009 1813 2104 1851 ex-

2189 607 2283 661 ἐπὶ
2322 606 2467 660 δόσει
2502 607 2577 678 μὴ
2606 606 2874 676 γίνεσθαι.

2260 706 2330 768 γ’.
2361 700 2682 771 Μαρκιανὸς
2710 700 2802 753 καὶ
2832 699 3139 769 Πούλχερία
3180 697 3426 769 ἔγραψαν
3450 696 3642 750 Λέοντι
3677 695 3756 766 τῷ

2190 791 2351 847 πάπα
2416 790 2673 861 Ῥώμης,
2730 793 2912 844 πᾶσαν
2950 788 3101 860 αύτῷ
3145 789 3431 842 αύθεντίαν
3488 787 3759 857 παρέχον-

2192 899 2284 944 τες
2329 882 2424 952 (b).
2476 882 2846 951 Ἐνετάγησαν
2892 881 3075 935 δὲκαὶ
3127 873 3289 933 αὗται
3334 881 3391 932 αἱ
3444 878 3756 940 κελεύσεις·

2194 969 2404 1041 ἔγραψε
2437 971 2494 1024 δὲ
2542 970 2794 1041 βασιλεὺς
2850 971 2946 1023 καὶ
2998 973 3110 1035 τοῖς
3170 970 3296 1023 καθ’
3330 969 3561 1022 ἕκαστον
3597 969 3761 1021 τόπον

2194 1064 2539 1128 ἐπισκόποις.
2561 1062 2714 1116 Λέων
2741 1064 2799 1116 δέ
2844 1065 2874 1116 ό
2918 1062 3217 1126 ἐπίσκοπος
3256 1061 3463 1131 ἔγραψε
3495 1061 3633 1132 πρὸς
3664 1060 3763 1132 τὴν

2194 1157 2255 1209 ἐν
2284 1157 2494 1229 Νικαία
2527 1156 2888 1227 ἐλπιζομένην
2920 1155 3170 1225 γίνεσθαι
3204 1154 3423 1207 σύνοδον
3453 1153 3766 1224 Θαυμασίαν

2197 1247 2486 1317 ἐπιστολὴν
2512 1288 2529 1312 ,
2560 1247 2684 1317 ἣτις
2749 1247 2846 1300 καὶ
2886 1248 2943 1298 ἐν
2982 1246 3093 1309 τοῖς
3141 1244 3463 1315 πραχθεῖσιν
3523 1245 3581 1296 ἐν
3620 1245 3770 1296 Καλ-

2196 1338 2380 1409 χηδόνι
2418 1338 2720 1409 ἐμφέρεται
2739 1377 2755 1403 ,
2787 1339 2883 1391 καὶ
2926 1336 3032 1391 ύπό
3055 1335 3148 1390 τοῦ
3181 1335 3523 1408 ἱστοροῦντος
3547 1335 3769 1390 ἐντέτα-

2196 1445 2345 1483 κται.

2270 1605 2332 1663 δ’.
2378 1606 2503 1660 Τῶν
2543 1607 2856 1677 ἁπανταχοῦ
2906 1605 3219 1661 ἐπισκόπων
3273 1603 3773 1676 συναθροισθέντων

2202 1701 2261 1753 ἐν
2308 1703 2380 1771 τῇ
2431 1699 2672 1770 Νικαίᾳ,
2728 1698 3048 1770 Μαρκιανὸς
3092 1697 3383 1768 διατρίὸων
3436 1698 3493 1748 ἐν
3538 1695 3727 1766 Θρᾴκῃ
3756 1734 3772 1758 ,

2203 1786 2410 1859 ἔγραψε
2442 1789 2510 1857 τῇ
2555 1786 2755 1856 συνόδῳ
2794 1785 3261 1855 ἀπολογούμενος
3292 1785 3389 1838 καὶ
3426 1783 3523 1853 τὴν
3556 1784 3777 1837 σύνοδον

533 1907 752 1947 cusans.
779 1890 1047 1961 Deditque
1077 1861 1305 1960 operam
1334 1900 1396 1945 ut
1422 1861 1665 1962 synodus
1700 1891 2104 1947 Chalcedonem

2207 1880 2265 1932 tv
2295 1879 2601 1950 Καλχηδόνι
2638 1880 2971 1949 μεταγαγεῖν
3002 1876 3322 1942 ἐσπούδασε,
3350 1876 3518 1929 θέλων
3546 1876 3615 1929 δι’
3646 1877 3778 1929 ἐαυ-

536 1983 948 2047 transferretur,
964 1991 1256 2052 propterea
1271 1982 1424 2052 quod
1451 1992 1681 2053 cuperet
1702 1983 1820 2054 ipse
1838 1984 2105 2039 interesse

533 2075 792 2141 concilio,
825 2076 979 2145 juxta
1005 2076 1319 2145 exemplum
1364 2075 1541 2130 divini
1576 2076 1709 2146 imp.
1736 2076 2104 2132 Constantini.

534 2166 651 2221 Hoc
699 2167 866 2238 igitur
895 2166 1061 2221 modo
1100 2166 1345 2238 synodus
1398 2165 1804 2221 Chalcedouem
1843 2167 2107 2221 translata

532 2267 637 2323 est,
672 2267 730 2314 ct
772 2259 830 2313 in
878 2259 1116 2313 ecclesia
1168 2258 1492 2328 Euphemiae
1523 2258 1783 2328 martyris
1809 2258 2107 2313 celebrata.

533 2349 597 2406 In
625 2351 729 2404 hac
760 2349 972 2420 synodo
1003 2349 1176 2403 multa
1200 2350 1518 2404 necessaria
1542 2349 1797 2419 dogmata
1831 2365 1895 2404 ac
1946 2364 2113 2421 nego-

536 2446 611 2501 tia
643 2444 950 2499 constituta
985 2450 1150 2499 sunt:
1196 2459 1435 2513 quorum
1471 2443 1670 2498 notitia
1731 2452 1789 2498 et
1825 2444 2113 2514 multiplex

539 2537 749 2593 utilitas
776 2552 844 2591 ex
872 2537 992 2606 ipsa
1040 2544 1293 2590 actorum
1346 2535 1586 2590 lectione
1642 2534 1854 2606 percipi
1908 2543 2110 2606 potest.

538 2627 789 2699 Expositi
819 2636 949 2681 sunt
974 2626 1144 2682 etiam
1163 2641 1405 2681 canones
1428 2625 1622 2696 viginti
1645 2636 1883 2696 septem.
1902 2626 2115 2693 Quibus

539 2721 799 2775 omnibus
821 2720 1015 2789 gestis,
1049 2717 1298 2788 episcopi
1344 2717 1414 2772 ab
1473 2718 1906 2788 imperatoribus
1938 2719 2113 2773 hono-

541 2813 645 2866 rati
670 2811 876 2882 singuli
906 2811 973 2865 ad
998 2810 1253 2881 proprias
1306 2810 1562 2865 civitates
1598 2819 1937 2865 remearunt.

613 2909 664 2962 5.
694 2906 988 2961 Pulcheria
1020 2904 1263 2975 Augusta
1321 2904 1616 2958 admodum
1656 2904 1745 2974 pia
1807 2912 2117 2958 extremum

543 2997 691 3052 diem
726 2997 887 3061 obiit,
923 3012 1049 3051 cum
1078 2997 1251 3051 multa
1276 2998 1539 3068 prazclare
1575 2997 1630 3050 in
1669 2997 1782 3051 vita
1828 2997 2114 3066 gessisset,

543 3096 849 3159 cunctaque
882 3090 1026 3144 bona
1064 3104 1163 3144 sua
1191 3091 1440 3144 moriens
1482 3089 1819 3159 pauperibus
1861 3088 2119 3158 reliquis-

544 3189 647 3233 set.
680 3179 811 3248 Ejus
846 3188 1234 3235 testamentum
1266 3181 1575 3234 Marcianus
1605 3179 1886 3234 inﬁrmare
1916 3179 2115 3234 noluit:

544 3269 641 3321 sed
668 3269 735 3323 ad
761 3269 1098 3339 perficienda
1126 3280 1328 3325 cuncta
1360 3287 1481 3340 quae
1523 3271 1615 3325 illa
1641 3269 2020 3334 mandaverat,
2049 3270 2118 3323 li-

545 3357 744 3412 benter
772 3369 1029 3429 sumptus
1071 3358 1537 3415 subministravit.
1586 3358 1898 3413 Aﬂdiﬁcavit
1932 3366 2117 3413 autem

545 3451 840 3505 Pulcheria
886 3453 1150 3509 ecclesias
1176 3453 1527 3522 complures:
1579 3467 1701 3507 eam
1746 3451 1959 3506 scilicet
1998 3467 2121 3520 qua:

546 3550 630 3596 est
654 3542 707 3596 in
734 3543 1084 3606 Blachernis;
1108 3545 1238 3603 item
1258 3560 1378 3599 cam
1410 3561 1533 3615 qum
1555 3552 1643 3599 est
1700 3544 1758 3599 in
1786 3543 2122 3613 ChalcOpra-

2208 1972 2301 2026 τοῦ
2332 1975 2591 2043 παρεῖναι
2616 1972 2673 2024 ἐν
2695 1973 2763 2041 τῇ
2792 1971 3016 2040 συνόδῳ,
3048 1970 3193 2024 κατὰ
3221 1970 3453 2040 μίμησιν
3477 1971 3779 2023 Κωνσταν-

2208 2067 2357 2120 τίνου
2392 2067 2486 2121 τοῦ
2522 2066 2694 2120 θείου.
2742 2065 2899 2119 Οὕτω
2940 2067 3123 2119 τοίνυν
3151 2066 3185 2135 ἡ
3221 2064 3440 2129 σύνοδος
3472 2064 3531 2116 ἐν
3560 2064 3783 2133 Καλχη-

2209 2159 2322 2213 δόνι
2352 2158 2636 2229 μετῆλθεν,
2665 2160 2724 2212 ἐν
2750 2157 2827 2229 τῷ
2858 2157 2973 2229 ναῷ
3014 2159 3303 2229 Εὑφημίας
3342 2158 3439 2228 τῆς
3477 2157 3779 2228 μάρτυρος.

2226 2244 2374 2325 Ἑνῇ
2415 2251 2589 2304 πολλὰ
2636 2251 2732 2304 καὶ
2770 2252 3043 2320 ἀναγκαῖα
3086 2248 3391 2321 διετυπὼθη
3440 2248 3687 2319 δόγματα
3715 2266 3783 2301 τε

2212 2344 2306 2397 καὶ
2337 2344 2662 2415 πράγματα,
2686 2338 2761 2398 ὧν
2794 2346 2828 2415 ἡ
2854 2344 3057 2412 γνῶσις
3083 2343 3176 2397 καὶ
3204 2344 3238 2414 ἡ
3273 2343 3508 2413 ὠφέλεια
3538 2341 3786 2412 πολυμε-

2215 2438 2315 2509 ρὴς
2341 2435 2498 2502 οὖσα,
2538 2435 2627 2488 διὰ
2662 2436 2759 2507 τῆς
2799 2436 2908 2489 τῶν
2938 2436 3343 2506 πεπραγμένων
3365 2434 3615 2505 δηλοῦται
3643 2434 3785 2487 ἀνα·-

2213 2524 2509 2594 γνὼσεως,
2566 2525 2663 2578 καὶ
2715 2525 2800 2590 κζ’
2832 2527 3075 2581 κανόνων
3115 2526 3191 2597 (2)
3239 2526 3273 2596 ἡ
3314 2525 3547 2589 ἔκθεσις.
3600 2524 3790 2592 Ἂπερ

2214 2619 2430 2673 ἅπαντα
2456 2620 2765 2691 πράξαντες
2800 2620 2850 2673 οἱ
2880 2620 3190 2685 ἐπίσκοποι,
3218 2620 3312 2672 καὶ
3340 2619 3489 2689 πάσῃ
3514 2620 3648 2688 τιμῇ
3678 2616 3791 2670 ὑπὸ

2214 2713 2322 2766 τῶν
2366 2713 2630 2783 βασιλέων
2685 2712 3014 2783 τιμηθέντες
3072 2714 3132 2766 ἐν
3176 2712 3369 2783 εἰρήνῃ
3420 2712 3651 2773 ἕκαστος
3681 2708 3789 2781 τὴν

2220 2809 2357 2862 ἰδίαν
2388 2808 2543 2861 πόλιν
2572 2806 2888 2863 κατέλαϐον.

2288 2906 2349 2953 ε’.
2405 2899 2712 2969 Πουλχερία
2745 2900 2779 2969 ἡ
2827 2898 3057 2970 εὐσεϐὴς
3102 2899 3452 2969 ἐτελεύτησεν
3499 2896 3569 2970 (ε)
3618 2896 3796 2950 πολλὰ

2218 2989 2623 3061 κατορθώματα
2676 2989 2753 3060 (5)
2806 2990 2903 3043 καὶ
2951 2989 3130 3042 πάντα
3180 2988 3251 3041 τὰ
3296 2987 3497 3058 ἐαυτῆς
3552 2988 3795 3056 πτωχοῖς

2219 3082 2618 3152 καταλείψασαο
2652 3082 2797 3153 ἅπερ
2831 3082 3151 3152 Μαρκιανὸς
3183 3081 3283 3134 ούκ
3310 3079 3626 3149 ἀνέτρεψεν,
3653 3079 3799 3131 ἀλλὰ

2146 3206 2188 3265 C
2221 3177 2317 3229 καῖ¹
2362 3178 2483 3240 ταῖς
2527 3175 2740 3247 χρείαις
2782 3175 3023 3238 ἀπάσαις
3071 3173 3375 3245 προθύμως
3420 3173 3796 3265 ὑπηρέτησεν.

2227 3268 2467 3337 Ἔκτησε
2499 3268 2516 3298 ¹
2547 3267 2605 3320 δέ
2638 3267 2730 3319 καὶ
2760 3265 3081 3337 εὐκτηρξους
3122 3264 3304 3327 οἴκους
3336 3262 3638 3334 Πουλχερία
3666 3261 3802 3313 πολ-

2224 3358 2372 3421 λοὺς,
2424 3358 2516 3411 τὸν
2570 3359 2630 3411 ἐν
2669 3356 3006 3427 Βλαχέρναις
3030 3397 3045 3421 ,
3079 3356 3171 3409 τὸν
3201 3355 3634 3425 Χαλκοπρατίων
3656 3393 3672 3418 ,
3700 3352 3799 3406 τὸν

2237 3449 2479 3521 Ὀδηγῶν
2510 3449 2745 3520 (4),μεθ’
2773 3442 2849 3504 ὧν
2882 3448 2980 3502 καλ⁸
3011 3448 3105 3502 τὸν
3145 3447 3475 3519 Λαυρεντίου
3506 3445 3600 3501 τοῦ
3649 3446 3801 3518 μάρο

2227 3557 2410 3610 τυρος.

547 3637 641 3691 tiis
670 3653 685 3703 ;
720 3636 883 3690 aliam
909 3652 1134 3707 quoque
1157 3652 1279 3706 quae
1307 3636 1513 3692 dicitur
1540 3635 1926 3707 Hodegorum;
1962 3633 2094 3689 item
2132 3632 2425 3687 ecclesiam
2453 3630 2638 3687 Sancti
2661 3629 2947 3686 Laurentii
2986 3629 3264 3706 martyris.

1850 3752 2084 3809 VARIA‘J
2114 3749 2517 3807 LECTIONES.

1749 3891 2018 3946 VALESll
2066 3889 2623 3946 ANNOTATIONES.

622 3825 638 3855 ⁵
671 3822 805 3879 Cod.
824 3822 1140 3887 Castellani,
1164 3823 1367 3879 ἔκτισε.

620 3983 696 4051 (2)
737 3980 832 4041 κζ’
885 3985 1179 4037 κανόνων.
1224 3984 1387 4040 Certe
1448 3985 1506 4038 in
1542 3984 1783 4039 editione
1814 3984 2131 4054 Moguntina

549 4054 783 4110 totidem
838 4064 1199 4108 numerantur
1248 4070 1486 4108 canones
1542 4055 1760 4109 concilii
1828 4053 2134 4109 Chalcedo-

549 4123 767 4197 nensis.
814 4124 986 4179 Graeci
1042 4134 1223 4179 tamen
1253 4124 1465 4197 addunt
1542 4133 1808 4197 praaterea
1865 4137 2128 4197 canonem

550 4192 876 4248 vicesimum
932 4201 1210 4261 octavum,
1273 4194 1368 4264 qui
1412 4202 1496 4248 est
1540 4194 1609 4248 de
1650 4194 1954 4264 privilegiis
1983 4192 2132 4248 sedis

551 4264 1193 4333 Constantinopolitanze.

626 4335 703 4402 (5i
742 4332 951 4388 Πολλά
983 4336 1425 4403 κατορθώματα.
1448 4335 1608 4389 Hunc
1638 4335 1823 4388 locum
1850 4332 2131 4403 Theodori

552 4403 804 4459 Lectoris
840 4404 1136 4473 descripsit
1167 4402 1531 4473 Theophanes
1554 4405 1606 4457 in
1631 4404 1929 4467 Chronico,
1958 4418 2013 4473 p.
2040 4402 2131 4468 9|,

554 4420 804 4459 LCCIOI'IS
840 4420 1136 4525 OCSCHESH
1168 4420 1199 4457 ἰ
1214 4420 1531 4473 neopnanes
1554 4421 1606 4457 ιη
1631 4420 1856 4459 υηΥΟῐΠ(

554 4473 850 4553 hocumgdo
870 4474 1024 4553 illo).
1061 4477 1094 4527 ὰ
1133 4478 1419 4553 ποιῄσασα.
1438 4475 1856 4553 κατορθώματα.

624 4543 699 4612 (4)
728 4544 836 4596 Τὸν
864 4546 1343 4612 Χαλκοπρατίων,
1362 4546 1468 4597 τὸν
1489 4544 1627 4611 ’06η

1631 4543 1769 4613 τῶν.
1790 4544 1924 4599 Tres
1946 4543 2139 4599 basili-

2233 3994 2424 4039 noster
2461 3984 2625 4052 paulo
2677 3992 2803 4038 ante
2847 3984 3090 4052 scripsit.
3136 3983 3239 4037 Ἦν
3276 3983 3305 4036 ὁ
3333 3984 3627 4047 ἀπόστολος
3665 3987 3806 4043 Λου-

2235 4056 2339 4127 κᾶς
2392 4054 2805 4127 καθ-ιστόρησεν.
2863 4054 3105 4127 verbum
3150 4054 3542 4127 καθιστορῆσαι
3576 4062 3806 4127 proprie

2233 4124 2443 4205 dicitur
2474 4124 2544 4177 de
2573 4124 2785 4205 pictore
2828 4124 2923 4205 qui
2962 4133 3289 4205 prmsentem
3334 4124 3805 4205 aliquem’depin-

2232 4195 2331 4265 git.
2366 4208 2529 4265 quem
2572 4194 2687 4262 ipse
2726 4196 2903 4249 oculis
2928 4194 3350 4263 contemplatur.
3381 4196 3569 4251 Utitur
3603 4194 3805 4254 eodem

2234 4264 2401 4318 verbo
2444 4264 2785 4335 Nicephorus
2826 4265 2882 4317 in
2931 4265 3072 4319 libro
3103 4280 3190 4329 xv,
3230 4267 3410 4335 capite
3444 4269 3609 4322 citato
3642 4285 3656 4321 :
3699 4271 3808 4325 Ἦν

2237 4335 2450 4408 ᾼουκᾶς
2482 4336 2521 4408 ὁ.
2543 4333 2681 4408 θεῖος
2712 4335 3006 4408 ἀπόστολος
3033 4336 3190 4408 χερσὶ
3230 4333 3570 4408 καθιστόρει·
3620 4337 3810 4408 ζώσης

2240 4406 2320 4482 ἐτι
2360 4404 2453 4482 καὶ
2474 4403 2762 4482 τὸχςύπον
2802 4403 3480 4482 όρώσηςίκαὶ-τὴν-χάριν
3516 4410 3580 4482 τῇ
3617 4403 3805 4482 μορφῇ

2243 4474 2509 4547 ὲνιείσης.
2532 4472 2689 4547 Dicta
2715 4472 2883 4547 porro
2915 4472 3000 4547 est
3038 4475 3152 4530 haec
3177 4472 3406 4547 basilica
3428 4472 3803 4547 Hode'gorum';

2244 4560 2313 4617 eo
2364 4542 2512 4613 quod
2565 4542 2732 4617 caici,“
2752 4545 2964 4617 meritis
2989 4547 3161 4600 beatae
3193 4544 3450 4615 Virginis,
3491 4542 3649 4617 cujus
3686 4542 3809 4604 illic

554 4610 750 4685 casdin
805 4613 1071 4685 honorem
1107 4610 1286 4667 beatae
1313 4614 1517 4685 Maria:
1556 4610 1797 4685 Virginis
1844 4615 2134 4685 Pulcheria
2170 4610 2213 4664 D
2248 4610 2580 4685 imagoerat
2603 4614 2871 4685 deposita,
2901 4615 3078 4669 visum
3117 4610 3529 4684 recuperarent,
3558 4610 3661 4672 nec
3683 4635 3809 4673 am-

554 4681 847 4755 aedificavit
870 4678 1496 4755 Constantinopoli,seu
1522 4678 1707 4755 potius
1731 4686 1885 4754 juxta
1930 4683 2124 4755 urbem

553 4752 1105 4823 Constantinopolim.
1167 4755 1242 4807 De
1298 4754 1502 4823 quibus
1522 4752 1815 4809 'videndus
1841 4762 1927 4809 est
1962 4754 2129 4809 Nice-

557 4822 767 4946 phorus
790 4822 1007 4876 inlibro
1026 4839 1134 4887 xw,
1160 4824 1337 4892 capite
1359 4824 1413 4889 2,
1448 4833 1503 4879 et
1528 4825 1581 4878 in
1605 4826 1747 4878 libro
1765 4841 1852 4886 xv,
1877 4840 1995 4894 cap.
2035 4824 2125 4879 M.

584 4908 617 4945 η
662 4891 899 4946 ιίυᾱειῐίε
927 4892 1151 4946 auidem
1198 4894 1453 4946 denosuit
1509 4896 1801 4946 imaginem
1856 4894 2123 4946 Deinarzc.

584 4908 617 4945 η
662 4891 899 4965 llodegis
927 4892 1151 4965 quidem
1198 4891 1453 4962 deposuit
1508 4896 1801 4965 imaginem
1856 4891 2123 4962 Deiparzc,

557 4977 722 5035 quam
781 4977 810 5014 a
864 4961 949 5035 B._
976 4962 1117 5035 Luca
1164 4961 2126 5035 evangelista;depictam‘Eu’docia

556 5032 803 5101 Augusta
831 5032 899 5086 ad
922 5032 1270 5087 Pulcheriam
1294 5032 1695 5098 transmiserat,
1723 5042 1781 5088 ut
1804 5032 2128 5088 Theodorus

2232 4686 2377 4755 plius
2402 4682 2683 4755 banyqitid
2712 4694 2798 4739 est
2817 4685 3046 4740 ductore
3076 4701 3214 4754 opus
3233 4682 3522 4749 haberent,
3555 4696 3616 4741 ut
3640 4688 3810 4745 docet

2230 4754 2475 4837 Codinus
2501 4754 2555 4807 in
2576 4754 2724 4837 tibro
2741 4754 3151 4837 .De'priginibu's
3184 4755 3807 4837 ConstantinOpolitqnis,

2232 4841 2357 4895 pag.
2406 4823 2467 4877 41
2525 4824 2787 4881 editionis
2843 4823 3044 4895 Regiae.
3109 4825 3264 4880 Unde
3310 4827 3487 4882 lucem
3526 4823 3812 4898 accipiunt

2232 4896 2400 4949 verba
2448 4893 2744 4951 Nicenhori
2799 4910 2922 4951 quae
2962 4896 3209 4951 proxime
3264 4906 3591 4951 sequuntur.
3645 4900 3811 4951 Ἥτιε

2229 4910 2400 4949 verba
2448 4910 2744 4976 mcepnori
2799 4910 2922 4964 quae
2962 4911 3209 4963 proxnne
3264 4910 3591 4966 sequuntur,
3645 4910 3811 4963 Ἦτις

2231 4964 2397 5037 εἰκὼν
2451 4965 2509 5037 ἐν
2546 4982 2624 5037 τῳ
2673 4964 3033 5037 τριδουναλίῳ
3074 4966 3352 5037 λεγομένῳ
3401 4968 3632 5037 πρώτως
3661 4968 3719 5019 τὸ
3751 4971 3813 5033 ἐς

2232 5035 2392 5104 δεῦρο
2430 5034 2753 5106 τελούμενον
2804 5035 2942 5105 αὐτῇ
3000 5034 3346 5106 διεπράξατο.
3399 5034 3460 5090 Id
3524 5046 3630 5103 est,
3682 5038 3813 5093 Haec

2001 5144 2390 5201 VARIORUM.

631 5234 704 5306 (b)
742 5231 957 5306 Πᾶσαν
988 5234 1147 5301 αὐτῷ
1186 5236 1506 5290 αὐθεντίαν
1550 5236 1934 5303 παρέχοντες.
1983 5235 2130 5291 Mar-

559 5305 753 5360 cianus
784 5305 841 5359 in
867 5306 1099 5375 epistola
1145 5306 1213 5359 ad
1270 5306 1509 5359 Leonem
1559 5306 1619 5359 P.
1668 5307 1961 5360 certiorem
2002 5322 2130 5360 eum

561 5375 795 5447 facitde
820 5377 1030 5447 synodo
1057 5376 1322 5446 cogenda,
1362 5376 1451 5429 cui
1481 5386 1543 5429 ut
1581 5375 1851 5447 interesse
1874 5375 2133 5447 dignetur

562 5444 871 5501 humillime
904 5462 1031 5501 eum
1066 5444 1239 5516 rogat,
1285 5446 1575 5514 locumque
1614 5444 1728 5516 sibi
1756 5444 2134 5501 commedissi-

564 5529 715 5568 mum
743 5514 1227 5595 designarenvelit,
1270 5531 1380 5595 quo
1418 5514 1735 5595 congregati
1771 5516 2037 5595 episc0pi,
2072 5533 2138 5572 ea

566 5600 687 5656 qua;
728 5587 1011 5656 catholicae
1038 5586 1165 5641 ﬁdei
1220 5586 1454 5656 prosint,
1512 5585 1656 5656 sicut
1692 5585 1804 5639 Leo
1834 5588 2136 5656 secundum

565 5654 968 5775 sectesiasticas
1017 5654 1236 5727 regulas
1284 5655 1621 5721 deﬁnivcrit,
1685 5656 1801 5710 suis
1863 5655 2141 5726 suﬂragiis

608 5737 672 5775 CC
695 5733 871 5775 arent.

608 5733 871 5778 ectarent.

638 5795 707 5861 (c)
771 5795 1106 5863 Πουλχερία
1158 5796 1574 5862 ἐτελεύτησεν.
1662 5794 1949 5849 Pulcheria
2002 5796 2142 5849 obiit

571 5874 721 5919 anno
778 5864 902 5931 455,
962 5874 1026 5920 ut
1080 5865 1449 5930 Marcellinus,
1517 5874 1571 5919 et
1630 5877 1823 5920 auctor
1880 5864 2140 5920 Cbronici

2234 5238 2614 5302 Alexandrini,
2667 5246 2730 5310 et
2759 5237 2977 5295 Idacius
3004 5240 3226 5303 docent,
3265 5251 3551 5310 postquam
3597 5243 3815 5300 vixerat

2350 5325 2525 5390 annos
2560 5316 2626 5390 et
2665 5308 3152 5390 aliquot_mc_nses:
3180 5308 3301 5390 Mox
3350 5308 3422 5390 de
3464 5313 3813 5390 Blachernis,

2236 5378 2530 5449 Dionysius
2558 5378 2851 5448 Byzantius
2881 5381 2935 5434 in
2978 5381 3189 5449 Anaplo
3221 5381 3556 5449 Bosphorico
3593 5378 3812 5448 scribit,

2239 5448 2666 5502 Blachernarum
2688 5463 2910 5516 nomen,
2934 5459 3060 5505 ante
3092 5448 3455 5506 instauratum
3480 5469 3510 5506 a
3534 5452 3813 5507 Constan-

2242 5518 2359 5573 tino
2407 5518 2476 5572 Μ.
2531 5518 2871 5590 Byzantium,
2937 5521 3059 5575 loco
3116 5522 3296 5574 vicino
3359 5539 3389 5575 a
3450 5524 3683 5590 quodam
3729 5523 3813 5577 ibi

2240 5597 2504 5660 regnante
2521 5588 2689 5643 fuisse
2723 5589 2977 5643 inditum.
3005 5590 3384 5660 Chalcopratia
3416 5588 3568 5655 vero,
3602 5603 3815 5647 tractus

2241 5658 2560 5729 fuittrurbis.
2593 5659 2841 5729 ubijam
2882 5660 2952 5713 ab
2993 5660 3164 5729 ipsius
3187 5658 3530 5715 Constantini
3574 5663 3642 5715 M.
3693 5678 3813 5715 arvo

2242 5728 2567 5781 habitabant
2613 5728 2807 5791 Judzei,
2850 5728 3272 5783 stramentorum
3325 5742 3689 5787 mercaturam
3732 5731 3811 5785 ibi

2242 5804 2582 5863 exercentes,
2608 5807 2670 5853 ut
2698 5800 2864 5856 habet
2895 5799 3158 5867 Codinus,
3195 5815 3315 5871 pag.
3341 5802 3430 5855 45.
