4148 6472
562 421 657 490 171
1796 410 2195 476 THEODORI
2233 416 2601 478 LECTORIS
3695 418 3804 486 172

560 556 787 611 ερομιιπι
834 540 1122 609 eligerent,
1175 533 1531 603 semetipsum
1580 529 1800 587 cunctis
1841 529 2133 587 manifeste

2241 552 2337 587 πον
2399 532 2871 606 προχειρίζωντὰι,
2930 533 3123 588 ἑαυτὸν
3193 535 3353 607 δῆλον
3408 539 3541 593 πᾶσι
3606 541 3799 595 ποιῶν.

562 634 876 688 designans.

634 650 675 688 SI
720 650 876 686 nans.

634 650 959 783 9.3.Elurus,
982 720 1206 774 vivente
1236 718 1420 773 adhuc
1448 718 1725 781 Proterio,
1753 716 1823 771 ab
1849 718 2131 789 episcOpis

2304 716 2368 768 θ’.
2418 716 2473 766 '0
2516 715 2797 785 Αἵλουρος,
2824 714 3028 780 ζῶντος
3053 714 3148 769 τοῦ
3184 715 3504 786 Προτερίου,
3534 715 3639 769 ὑπὸ
3666 717 3806 772 καθ-

562 814 916 886 quidepositi
944 812 1184 875 fuerant,
1234 811 1545 865 ordinatur.
1590 810 1899 881 Statimque
1954 811 2132 866 turbis

2241 809 2526 879 ῃρημένων
2564 808 2882 862 ἐπισκόπων
2929 812 3339 880 χειροτονεῖται,
3385 810 3479 862 καὶ
3506 809 3669 873 εὐθὺς
3710 810 3809 863 θο-

562 922 625 959 ac
661 903 1089 958 tumultuatione
1118 903 1419 958 Ecclesiam
1458 903 1729 973 implevit.

2241 901 2418 970 ρύϐων
2447 902 2541 954 καὶ
2565 900 2821 971 ταραχῶν
2852 899 2952 971 τὴν
2985 902 3313 971 Ἐκκλησίαν
3343 901 3682 972 ἐπλήρωσεν.

634 995 719 1049 10.
756 994 981 1065 Magnus
1007 994 1249 1076 Jacobus
1277 995 1452 1049 Nisibi
1490 1004 1611 1049 erat
1640 995 1932 1050 oriundus.
1950 996 2134 1062 Quan-

2309 1002 2361 1047 ι’.
2398 995 2454 1046 '0
2482 993 2764 1057 Νισιϐινδς
2805 989 2874 1065 ἦν
2910 995 2940 1047 6
2972 994 3146 1064 μέγας
3185 993 3439 1057 Ἰάκωϐος
3469 992 3570 1065 (7).
3613 993 3809 1057 Ὅπως

563 1094 613 1137 ta
644 1093 831 1138 autem
870 1084 1073 1138 virtute
1098 1083 1368 1154 prmditus
1389 1083 1578 1149 l‘herit,
1614 1092 1842 1155 apparet
1873 1100 1939 1139 ex
1962 1087 2132 1139 mira-

2241 1086 2289 1139 Βὲ
2314 1084 2379 1158 ἦν
2413 1088 2666 1158 ἐνάρετος
2689 1085 2856 1150 ἔδειξε
2885 1085 2946 1139 τὸ
2980 1088 3108 1156 περὶ
3136 1086 3240 1149 τὰς
3270 1084 3576 1150 πλυνούσας
3615 1085 3808 1156 Ἐλλη-

561 1175 686 1227 culo
708 1172 849 1243 quod
888 1170 1091 1227 factum
1116 1185 1200 1229 est
1231 1176 1285 1229 in
1321 1177 1523 1245 puellis
1549 1177 1881 1245 quibusdam
1908 1179 2130 1247 gentili—

2241 1178 2379 1239 νίδας
2424 1177 2593 1247 κόρας
2632 1179 2689 1230 ὲν
2732 1179 2799 1246 τῇ
2831 1179 3005 1247 πηγῇ,
3041 1176 3104 1229 αῖ
3145 1194 3291 1240 τινες
3326 1177 3418 1229 ἐπὶ
3467 1176 3546 1246 τῷ
3598 1177 3807 1248 ῥήματι

566 1268 687 1332 bus,
714 1283 837 1336 qua:
863 1267 1119 1321 lavabant
1157 1268 1213 1322 in
1244 1269 1411 1324 fonte.
1445 1268 1536 1322 Hae
1562 1271 1707 1323 enim
1763 1280 1889 1339 post
1921 1270 2132 1339 impre-

2246 1269 2503 1323 Ἰακώϐου
2538 1269 2912 1338 ὲπολιὼθησαν
2959 1268 3052 1335 (e),
3102 1268 3198 1322 καὶ
3244 1269 3279 1335 ἡ
3329 1267 3481 1338 πηγὴ
3510 1266 3804 1338 ιὶξηριίινθη⁸

566 1359 843 1413 cationem
864 1358 1053 1413 Jacobi
1086 1360 1474 1423 incanuerunt,
1504 1372 1559 1414 et
1597 1361 1720 1415 fons
1747 1363 1861 1431 ipse
1891 1362 2129 1415 exaruit.

2241 1365 2325 1434 ἣν,
2360 1363 2656 1432 εὐξάμενος
2686 1361 2872 1425 πάλιν,
2906 1361 3338 1430 ἀπεκατέστησε·
3365 1360 3463 1423 τὰς
3503 1359 3687 1429 μέντοι
3710 1359 3807 1412 κό-

566 1448 739 1516 Quem
794 1466 919 1503 mox
981 1451 1221 1506 Jacobus
1278 1453 1628 1507 orationibus
1680 1454 1795 1507 suis
1842 1453 2129 1506 restituit:

2241 1472 2333 1526 ρας
2360 1453 2728 1507 πεπολιῶσθαι
2752 1452 3033 1507 κατέλιπε.
3056 1453 3146 1505 Δεῖ
3171 1451 3370 1504 ειδέναι
3398 1452 3480 1504 ὅτι
3508 1443 3662 1514 οὗτος
3702 1450 3809 1505 Ἰά-

566 1543 779 1611 puellas
802 1558 932 1595 vero
955 1542 1101 1611 ipsas
1134 1559 1297 1599 canas
1323 1546 1569 1613 reliquit.
1616 1546 1913 1600 Sciendum
1967 1562 2133 1615 porro

2241 1546 2409 1609 κωϐος
2440 1548 2467 1599 6
2514 1545 2654 1598 κατὰ
2685 1545 2745 1598 τὸ
2779 1544 2967 1615 θαῦμα
3009 1544 3071 1597 τὸ
3105 1543 3237 1615 περὶ
3265 1543 3362 1612 τὴν
3393 1544 3575 1612 πηγὴν
3607 1541 3683 1612 (8)
3711 1542 3811 1596 καὶ

565 1643 649 1687 est
673 1634 937 1688 Jacobum
964 1634 1135 1700 hunc,
1159 1636 1253 1705 qui
1284 1636 1431 1690 istud
1455 1637 1783 1691 miraculum
1815 1639 1870 1691 in
1904 1638 2053 1693 t‘onte
2076 1648 2133 1693 et

2241 1640 2332 1701 τὰς
2386 1638 2551 1707 κόρας
2588 1639 2855 1706 ποιήσας,
2900 1636 3000 1689 οὐκ
3050 1634 3197 1690 ἔστιν
3230 1636 3259 1689 6
3296 1634 3639 1705 ἀντιγράψας
3670 1632 3809 1708 πρὸς

566 1728 622 1780 in
655 1728 855 1796 puellis
878 1730 1241 1798 perpetravit,
1268 1730 1434 1785 alium
1466 1747 1588 1787 esse
1612 1733 1680 1786 ab
1718 1748 1786 1787 eo
1808 1733 1904 1803 qui
1935 1733 2001 1787 ad
2030 1749 2131 1787 en-

2241 1733 2301 1785 τὰ
2338 1730 2626 1798 ἐγκύκλια.
2655 1723 2825 1792 Οὗτος
2856 1730 2877 1761 ³
2896 1730 2924 1782 6
2957 1727 3263 1791 Νισιϐινὸς,
3289 1727 3349 1779 ὲν
3376 1730 3489 1789 τοῖς
3513 1727 3808 1780 Κωνσταν-

565 1818 801 1888 cyclicas
836 1819 1050 1872 litteras
1075 1821 1384 1889 rescripsit.
1410 1820 1546 1876 Nam
1579 1822 1874 1877 Nisibenus
1902 1823 2127 1893 quidem

2241 1824 2348 1876 τίον
2376 1819 2443 1893 ἦν
2472 1823 2705 1894 χρόνοις.
2730 1822 2876 1893 Πλὴν
2906 1822 3004 1874 καὶ
3023 1814 3180 1884 οὗτος
3210 1823 3239 1873 6
3267 1818 3518 1890 δεύτερος
3553 1817 3811 1880 Ἰάκωϐος

566 1910 655 1963 ille
686 1911 821 1963 vixit
854 1912 1199 1980 temporibus
1230 1912 1563 1968 Constantii.
1598 1914 1697 1970 Hic
1729 1875 2134 1987 tamenjjunior

2241 1875 2410 1986 μέγας
2451 1875 2521 1987 ἦῖί
2558 1875 3000 1983 ὲπίθαύμασιν,
3044 1911 3122 1975 ὥς
3156 1875 3322 1983 ἔρησιν
3365 1875 3527 1981 ἔντῇ
3573 1875 3809 1980 Φιλοθέιρ

564 2002 801 2057 Jacobus
832 2004 1118 2059 miraculis
1147 2019 1369 2074 quoque
1409 2006 1595 2061 clarus
1630 2008 1757 2074 fuit,
1794 2018 1855 2063 ut
1902 2017 2138 2063 testatur

2242 2006 2455 2079 ἱστορίᾳ
2490 2006 2568 2077 (9)
2598 2006 2627 2058 6
2649 2002 3002 2074 Θεοδώριτος.
3630 2000 3635 2005 ”

566 2092 936 2147 Theodoritus
964 2094 1020 2147 in
1050 2094 1280 2149 historia
1324 2096 1638 2152 Pbilotheo.

633 2182 798 2253 566
824 2184 915 2237 il.
947 2183 1325 2240 Theodoritus
1352 2200 1536 2240 arcam
1583 2189 1798 2257 magno'
1820 2187 2028 2243 Iacobo
2068 2189 2134 2245 ad

2310 2182 2401 2238 ια’.
2436 2184 2700 2255 Λάρνακα
2732 2184 2996 2253 ἡτοίμασε
3031 2180 3146 2250 (10)
3181 2178 3512 2249 Θεοδώριτος
3543 2178 3679 2249 πρὸς
3709 2194 3811 2233 τα-

564 2273 907 2342 sepulturam
968 2285 1280 2341 paraverat.
1336 2274 1542 2353 Verum
1592 2275 1964 2332 Theodoritus
2010 2287 2139 2334 ante

2241 2274 2346 2347 φὴν
2373 2274 2452 2347 τῷ
2482 2274 2700 2346 μεγάλῳ
2740 2273 2999 2344 Ἰακώϐῳ.
3033 2271 3241 2343 Συνέϐη
3282 2271 3341 2325 δὲ
3383 2269 3812 2342 προτελευτῆσαι

564 2363 829 2418 Jacobum
864 2380 894 2418 e
921 2364 1061 2419 vivis
1092 2367 1350 2421 excessit.
1382 2366 1762 2423 Nihilominus
1789 2376 1970 2423 tamen
2022 2386 2139 2424 ma-

2241 2370 2331 2423 τὸν
2360 2368 2712 2440 Θεοδώριτον.
2740 2368 2889 2439 Πλὴν
2915 2367 3012 2421 καὶ
3035 2360 3190 2428 οὗτος
3220 2366 3279 2418 ὲν
3300 2365 3434 2435 αὐτῇ
3466 2362 3625 2435 ἐτέθη
3653 2363 3682 2415 6
3714 2363 3818 2433 μέ-

567 2470 708 2525 gnus
736 2455 976 2510 Jacobus
1012 2456 1067 2509 in
1091 2472 1154 2510 ea
1182 2473 1308 2511 arca
1338 2456 1624 2527 depositus
1646 2468 1749 2514 est.

2241 2479 2345 2530 γας
2393 2461 2669 2524 Ἰάκωϐος.

643 2548 731 2603 12.
753 2547 991 2619 Symeon
1007 2550 1279 2605 oriundus
1306 2550 1412 2604 fuit
1442 2568 1512 2607 ex
1537 2553 1660 2606 vico
1684 2551 1865 2617 Sisan,
1894 2554 1990 2623 qui
2024 2555 2137 2623 pri-

567 2652 692 2693 mus
720 2637 899 2692 standi
934 2639 989 2692 in
1019 2638 1275 2694 columna
1300 2642 1755 2697 exercitationem
1784 2644 2137 2714 excogitavit.

569 2730 665 2783 Vir
695 2740 880 2786 autem
914 2730 1015 2784 fuit
1044 2732 1561 2800 prmstantissimus,
1598 2744 1659 2788 ut
1689 2744 1966 2792 testantur
2009 2738 2140 2793 libri

567 2819 634 2873 de
661 2821 782 2889 ejus
809 2820 922 2875 vita
950 2822 1273 2893 conscripti.

638 2912 741 2967 i5:
761 2912 978 2967 Mortuo
1026 2915 1301 2983 Anatolio,
1352 2915 1672 2973 Gennadius
1720 2921 2009 2992 presbyter
2038 2921 2141 2991 Ec-

567 3004 748 3060 clesia:
767 3005 872 3061 ΟΡ.
904 3006 962 3060 in
1016 3009 1139 3079 ejus
1199 3010 1382 3063 locum
1418 3010 1807 3066 substituitur:
1841 3013 2005 3068 simul
2035 3031 2138 3069 no-

568 3099 775 3154 minato
798 3100 1161 3169 quorumdam
1192 3101 1469 3173 suffragiis
1496 3102 1722 3171 Acacio,
1756 3104 2141 3176 Orphanotro-

2313 2552 2399 2622 ιβ’.
2448 2551 2694 2623 Συμεὼν,
2742 2550 2850 2605 ἀπὸ
2892 2550 3087 2621 κώμης
3116 2545 3185 2621 ἦν
3225 2549 3422 2615 Σισὰν,
3467 2547 3562 2601 καὶ
3594 2547 3821 2620 πρῶτος

2239 2644 2346 2697 τῶν
2376 2644 2571 2697 κιόνων
2599 2643 2935 2713 ἐπιτήδευμα
2970 2642 3263 2713 ἐπενόησεν
3294 2641 3467 2713 μέγας
3490 2640 3811 2712 γενόμενος,

2240 2737 2314 2800 ὡς
2339 2734 2557 2805 δηλοῦσι
2585 2735 2652 2790 τὰ
2687 2738 2815 2809 περὶ
2847 2737 3010 2790 αὑτὸν
3040 2734 3476 2807 συγγράμματα.

2313 2914 2403 2985 ιγ’.
2459 2915 2765 2969 Ἀνατολίου
2825 2914 3286 2985 τελευτήσαντος,
3340 2913 3623 2977 Γεννάδιος
3682 2930 3818 2985 προ-

2240 3008 2557 3080 χειρίζεται,
2597 3006 2966 3079 πρεσϐύτερος
2996 3008 3098 3078 τῆς
3152 3007 3497 3078 Ἐκκλησίας,
3549 3006 3815 3060 Ἀκακίου

2240 3100 2335 3155 τοῦ
2373 3100 2811 3173 Ὀρφανοτρόφου
2853 3100 3143 3171 συμψήφου
3188 3099 3479 3170 γενομένου
3507 3098 3640 3168 (Η).
3666 3098 3817 3165 Προ-

566 3191 682 3260 phii
759 3194 1078 3263 praeposito.
1127 3194 1302 3249 Porro
1374 3194 1697 3251 Gennadius
1768 3198 2137 3253 teconomium

2242 3195 2468 3248 εϐάλετο
2492 3194 2548 3247 δὲ
2580 3193 2861 3257 Γεννάδιος
2890 3191 3209 3265 Μαρκιανδν
3237 3190 3543 3263 οἰκονόμον,
3569 3189 3669 3259 τῆς
3700 3190 3818 3242 τῶν

564 3283 825 3338 Ecclesiae
856 3285 1146 3339 conStituit
1172 3285 1530 3351 Marcianum,
1553 3287 1647 3357 qui
1682 3303 1749 3341 ex
1776 3286 2140 3342 Catharorum

566 3385 718 3430 secta
747 3377 815 3431 ad
845 3377 1152 3433 Ecelesiam
1178 3380 1505 3434 catholicam
1558 3381 1878 3436 transierat.
1935 3381 2037 3436 Hic
2065 3382 2140 3436 si-

2246 3285 2521 3355 Καθαρῶν
2541 3284 2668 3338 ὄντα
2694 3283 3011 3356 θρησκείας,
3043 3286 3123 3348 είς
3139 3283 3237 3355 τὴν
3261 3282 3584 3353 Ἐκκλησίαν
3616 3280 3812 3353 μετελ-

2243 3378 2424 3432 θόντα.
2467 3380 2562 3440 Ὃς
2588 3378 2703 3449 ἅμα
2736 3377 2813 3449 τῷ
2843 3376 3097 3445 γενέσθαι
3134 3377 3437 3447 οἰκονόμος,
3473 3376 3542 3429 τὰ
3567 3390 3813 3447 προσφε-

565 3468 677 3521 mul
712 3476 876 3537 atque
925 3482 1247 3525 oeconomus
1290 3469 1473 3526 factus
1509 3480 1612 3535 est,
1643 3470 1891 3526 decrevit
1921 3481 1983 3526 ut
2008 3487 2132 3541 qua:

2241 3470 2443 3542 ρόμενα
2488 3472 2545 3522 ὲν
2589 3472 2802 3544 ἑκάστῃ
2840 3469 3159 3541 Ἐκκλησία,
3193 3470 3320 3532 τοὺς
3345 3466 3441 3522 τοῦ
3470 3468 3633 3522 τόπον
3674 3466 3816 3537 κλη-

1824 3586 2059 3642 VARUE
2094 3584 2494 3641 LECTIONES.

1770 3725 1856 3779 VA
1866 3724 2039 3780 LESII
2074 3725 2606 3781 ANNOTATIONES

640 3821 715 3902 (Ἰ)
757 3819 1150 3902 ὉᾹνισιιϐινὸς.
1162 3814 1454 3902 ᾖημέχας
1467 3818 1927 3902 ςιυξψσυθέΝοιῃ-
1948 3819 2140 3901 dubito
2247 3820 2643 3902 terpreta-tion‘e
2666 3819 2786 3900 ejus
2815 3828 3057 3902 apparet.
3089 3818 3182 3873 Sic
3205 3820 3352 3902 enim
3377 3818 3576 3902 vertit:
3602 3815 3816 3902 Suffra-

566 3887 704 3961 qui-n
729 3889 1079 3961 scribendum
1096 3888 1200 3961 _siti,
1231 3890 1314 3941 ὅτι
1333 3888 1608 3961 Νιᾼσιϐινὸς
1632 3887 1720 3959 ἦν,
1746 3900 1853 3961 etc.
1875 3889 1965 3943 Sic
1988 3891 2135 3961 enim
2244 3887 2427 3961 gatore
2448 3891 2559 3960 ejus
2586 3890 2773 3961 Atracio
2790 3887 3146 3961 orphanorum
3172 3892 3446 3961 nutritore.
3478 3889 3643 3957 Atqui
3672 3887 3815 3961 gap:

569 3956 810 4030 incipere
836 4028 843 4030 ξ
866 3958 1043 4030 solent
1096 3958 1413 4030 huiusmodi
1439 3956 1734 4030 excerpta.
1786 3960 1965 4030 Porro»
1990 3959 2138 4012 hunc
2244 3956 2419 4030 ξρηῲος
2458 3956 2561 4013 hoc
2604 3960 2725 4013 loco
2754 3956 2863 4013 non
2892 3960 3165 4030 signiﬁcat
3194 3956 3631 4030 suﬂ‘ragatorem.
3665 3956 3814 4024 Quid

569 4028 846 4100 Theodori
866 4029 1063 4100 locum
1109 4028 1400 4100 descripsit
1434 4029 1781 4100 Nicephorus
1824 4028 2012 4100 inilib.
2046 4046 2132 4091 xv,
2241 4028 2391 4084 enim
2441 4029 2703 4100 prodesse
2752 4028 2967 4100 poterat
3004 4028 3293 4100 Gennadio
3321 4029 3641 4097 suffragium
3669 4031 3814 4083 Aca-

569 4116 690 4169 cap.
734 4097 821 4151 22.
859 4098 966 4151 Sed
996 4098 1235 4170 graviter
1270 4097 1662 4170 hallucinatur.
1711 4101 1846 4153 Nam
1870 4099 2133 4170 Jacobum
2241 4100 2355 4155 cii?
2416 4097 2698 4170 σύμψηφοι
2745 4097 3068 4154 dicebantur
3122 4116 3153 4153 a
3208 4099 3447 4163 Graecis,
3494 4102 3815 4170 quicunque

570 4170 897 4252 monachum
934 4169 1027 4251 qui
1058 4168 1259 4222 Leonis
1291 4169 1518 4252 augusti
1552 4170 1894 4252 temporibus
1912 4169 2047 4252 vixit
2070 4178 2135 4252 ‘et
2239 4170 2425 4252 populi
2461 4168 2705 4252 cle‘rique
2738 4170 3017 4252 suti'ragiis
3051 4170 3213 4252 simul
3257 4169 3525 4251 nominati
3551 4176 3711 4252 erant
3743 4168 3817 4224 ad

569 4238 863 4309 encyclicis
912 4240 1059 4310 ejus_
1082 4238 1391 4310 respondit,
1442 4239 1694 4293 confudit
1745 4254 1870 4293 cum
1935 4238 2140 4293 Jacobo
2174 4238 2633 4310 Depiscopatum
2668 4238 2991 4310 gerendum.
3052 4241 3249 4295 Plures
3299 4240 3447 4294 enim
3496 4239 3654 4293 initio
3685 4254 3819 4310 pro—

571 4307 833 4381 Nisibeno
880 4307 971 4381 qui
1022 4307 1723 4381 Constantiiitemporibus
1775 4311 2019 4381 vixerat,
2085 4318 2139 4363 et
2244 4307 2822 4381 poniconsueveiant.
2867 4311 3045 4381 donec
3075 4310 3522 4381 conspirantibus
3553 4309 3817 4381 omnium

574 4380 901 4433 miraculum
931 4379 1072 4452 illud
1093 4379 1160 4432 de
1186 4378 1392 4452 puellis
1410 4380 1614 4452 canitie
1634 4380 1913 4452 respersis
1944 4395 2139 4452 perpe-
2243 4378 2519 4452 suii'ragiis
2570 4378 2715 4452 unu's
2761 4382 2968 4452 electus
3015 4378 3232 4452 fuisset.
3301 4379 3385 4452 H_ii
3425 4378 3705 4452 σύμψηφοι
3756 4388 3819 4452 et

2246 4450 2686 4524 συμψηφίζεσθαι
2729 4451 3107 4524 dicebantur.
3154 4450 3278 4524 _Sic
3327 4450 3693 4524 Theophanes
3755 4450 3817 4524 i_n

2242 4521 2518 4577 Chronico
2564 4520 2686 4591 pag.
2720 4522 2841 4583 116,
2883 4521 2976 4575 ubi
3022 4521 3090 4575 de
3119 4520 3391 4591 electione
3429 4520 3659 4591 Palladii
3696 4520 3819 4591 epi-

2245 4592 2400 4661 scopi
2435 4589 2763 4647 Antiocheni
2787 4592 3051 4660 loquitur,
3084 4591 3199 4645 haec
3226 4590 3400 4654 addit,
3440 4589 3818 4661 συνεψηφίσθη

2244 4661 2300 4715 δὲ
2344 4662 2625 4731 Παλλαδίῳ
2681 4663 2777 4715 καὶ
2845 4663 3097 4731 Ἰωάννης
3161 4662 3190 4713 6
3254 4660 3679 4731 Κωνσταντίνου
3720 4660 3823 4713 και.)⁸

2258 4729 2606 4801 ῘΑναστάσιος
2652 4734 2682 4784 6
2725 4729 3110 4801 Σιλεντιάριος,
3163 4734 3191 4785 6
3237 4731 3422 4801 κακῷς
3467 4729 3819 4801 βασιλεύσας.

2245 4798 2698 4883 Quasinterpres,
2729 4798 3041 4883 vir‘aligq’ui
3063 4800 3270 4883 doetus
3290 4799 3427 4883 etde
3452 4798 3823 4883 litterisbene

2245 4873 2498 4937 meritus,
2548 4870 2621 4927 ita
2666 4874 2831 4926 vertit
2859 4889 2871 4924 :
2899 4870 3029 4926 Cum
3056 4870 3302 4925 Palladio
3325 4873 3486 4923 etiam
3520 4870 3667 4924 electi
3690 4879 3827 4922 sunt

2244 4937 2477 4996 Joannes
2503 4941 2854 5005 Constantini,
2888 4951 2936 4995 et
2969 4942 3282 4996 Anastasius
3320 4940 3673 5003 Silentiarius,
3708 4948 3821 4994 etc.

2248 5010 2355 5065 Sed
2388 5014 2712 5067 vertendum
2736 5021 2876 5076 erat,
2912 5011 3027 5066 Una
3060 5029 3177 5065 cum
3200 5010 3445 5081 Palladio
3467 5010 3824 5081 quorumdam

2246 5083 2509 5152 suffragiis
2529 5085 2784 5137 nominati
2799 5081 3165 5136 suntJoannes
3178 5080 3512 5152 Constantini
3527 5080 3693 5152 ﬁlius,
3706 5090 3822 5135 etc.

2248 5150 2550 5223 idem't‘ere
2586 5152 3223 5223 signiﬁcativocabulum
3255 5150 3583 5223 baratlaﬂtptog,
3616 5151 3684 5223 de
3708 5166 3828 5219 quo

2247 5221 2373 5277 vide
2421 5239 2542 5290 quae
2589 5221 2775 5277 notavi
2825 5222 2892 5275 ad
2941 5222 3235 5276 Historiam
3272 5221 3586 5279 Sozomeni.
3649 5221 3835 5279 Porro

2251 5291 2399 5346 hunc
2449 5293 2723 5347 Theodori
2780 5294 2960 5345 locum
3005 5292 3297 5359 descripsit
3348 5292 3698 5359 Nicephorus
3765 5291 3824 5343 in

644 5361 757 5425 (Η)
830 5360 1173 5427 Συμψήφου
1247 5358 1590 5431 γενομένου.
1638 5360 1813 5429 Hujus
1891 5360 2146 5414 vocabuli
2251 5377 2370 5430 cap.
2426 5364 2491 5418 i6
2543 5364 2640 5417 lib.
2690 5380 2778 5425 xv,
2834 5363 2925 5415 ubi
2974 5358 3300 5416 vocabulum
3351 5358 3503 5415 illudi
3530 5360 3830 5431 σύμψηφος

572 5428 1027 5499 signiﬁcationem
1068 5444 1177 5483 non
1209 5428 1478 5485 intellexit
1517 5428 1816 5495 Muscul’us,
1858 5439 1917 5485 ut
1959 5445 2027 5484 ex
2060 5430 2145 5483 in-
2252 5428 2502 5486 reiinuit.
2554 5433 2660 5488 Sed
2695 5434 2935 5488 Joannes
2968 5432 3187 5502 Langus
3213 5431 3350 5487 illud
3386 5447 3500 5487 non
3525 5428 3824 5485 intellexit.

1992 5542 2298 5599 VARIORU
2309 5544 2375 5597 Μ.

647 5636 718 5707 (ε)
780 5639 1256 5711 Ἐπολιώθησαν.
1294 5640 1510 5711 Puellis
1566 5638 1721 5711 hanc
1758 5653 1976 5707 poenam
2025 5637 2150 5690 ideo
2258 5639 2453 5708 basque
2496 5640 2655 5694 oculis
2704 5641 2936 5695 divinum
2984 5642 3245 5695 hominem
3285 5641 3689 5711 conspiciebant,
3729 5654 3831 5711 nec

574 5706 839 5782 irrogavit
865 5710 1120 5772 Jacobus,
1161 5710 1329 5782 quod,
1381 5727 1499 5763 cum
1544 5711 1659 5782 ipse
1696 5706 1890 5782 fontem
1912 5716 2152 5782 Δρῃαξιεν-
2259 5706 2437 5779 capita
2459 5714 2765 5781 aperientes,
2793 5728 2884 5782 nec
2911 5720 3071 5782 vestes
3099 5729 3227 5782 quas
3247 5706 3611 5782 succinxerant
3631 5709 3829 5765 demit-

577 5777 695 5849 iret,
725 5779 780 5831 in
802 5796 901 5847 quo
934 5796 1134 5849 pannos
1163 5777 1433 5841 levabant,
1466 5780 1698 5832 habitum
1731 5779 1844 5845 eius
1869 5778 1999 5830 nihil
2012 5793 2155 5849 ireve-
2260 5777 2445 5845 tentes,
2483 5777 2544 5835 ut
2566 5791 2753 5835 narrat
2785 5777 3150 5838 Theodoritus
3182 5781 3239 5837 in
3266 5781 3577 5838 Pbilotheo.

577 5848 716 5916 ritm,
762 5847 1179 5920 exuto'pudore,
1218 5861 1266 5904 et
1302 5851 1551 5921 perfricta
1593 5849 1783 5917 fronte,
1840 5847 2155 5919 impudenti-

658 3656 748 3709 ‘C.
776 3655 902 3708 add.
936 3656 1064 3724 γάρ.

1232 4378 1392 4449 uellis
1410 4380 1614 4434 canitie
1645 4380 1913 4449 respersis
1944 4395 2139 4448 perpe-

575 4459 831 4512 traverat,
862 4459 996 4503 teste
1012 4448 1347 4503 Theodorito
1369 4450 1422 4502 in
1446 4448 1754 4505 Philotbeo.
1781 4451 1951 4505 Porro
1980 4450 2142 4502 ambo

574 4519 666 4574 isti
710 4518 898 4573 Jacobi
942 4519 1118 4588 patria
1150 4518 1402 4573 Nisibeni
1450 4519 1694 4586 fuerunt,
1740 4529 1801 4574 ut
1838 4520 2025 4573 notavi
2071 4519 2139 4573 ad

573 4589 775 4642 librum
807 4588 1109 4642 secundum
1141 4588 1378 4657 Evagrii.

646 4658 721 4723 (8)
770 4659 831 4710 '0
881 4660 1031 4711 κατὰ
1060 4658 1125 4710 τὸ
1154 4658 1349 4729 θαῦμα
1401 4658 1530 4729 περὶ
1561 4659 1678 4729 τὴν
1722 4660 1945 4728 πηγήν.
1997 4657 2144 4714 Scri-

573 4729 816 4799 ben-dum
844 4729 1065 4799 videtur
1096 4730 1123 4781 6
1159 4728 1319 4799 τοῦτο
1339 4729 1398 4781 τὸ
1428 4728 1628 4799 θαῦμα.

646 4796 719 4867 (9)
764 4799 865 4851 Ἐν
903 4798 976 4866 τῇ
1003 4798 1259 4862 Φιλοθέῳ
1296 4796 1546 4867 templa:
1594 4801 1774 4854 Locus
1818 4797 2144 4853 Theodoriti

573 4883 736 4991 ἓῖοιηι
757 4868 971 4991 lindicat
994 4868 1320 4922 Theodorus
1349 4884 1555 4932 noswr,
1585 4880 1765 4925 exstat
1788 4870 1843 4921 in
1873 4874 2049 4939 capite
2074 4870 2137 4923 21

657 4954 670 4990 ι
696 4949 752 4991 οι
774 4954 865 4991 rei.

657 4949 865 4991 ιιοιιιθι.

646 5009 757 5070 (10)
808 5009 1089 5075 Λάρνακα
1130 5008 1439 5075 ἡτοίμασε.
1483 5009 1633 5064 Idem
1694 5009 1763 5064 de
1811 5023 1870 5063 se
1910 5017 2145 5063 testatur

573 5077 1024 5161 Theodnornitus‘
1048 5077 1286 5161 Historia
1310 5078 1601 5161 Ifhilotheo
1622 5080 1802 5161 capite
1819 5080 1930 5148 jam
1954 5081 2141 5161 citato,

572 5165 696 5219 pag.
730 5148 849 5229 ⁸866
891 5149 1152 5202 editionis
1200 5146 1389 5229 Jacobi
1425 5146 1732 5216 Sirmundi,
1765 5146 2147 5202 κατεσκεύασα

571 5219 629 5269 δὲ
685 5218 835 5286 καγὼ
869 5219 1042 5289 θήκην
1083 5224 1141 5271 ἐν
1185 5234 1263 5287 τῳ
1307 5236 1416 5271 των
1458 5221 1775 5274 ἀποστόλων
1822 5219 2148 5272 καλλινίκων

573 5289 745 5358 σηκῷ.
786 5298 884 5342 etc.

3818 5962 3879 5972 ...-
