4148 6446
570 412 675 479 175

1802 406 2195 470 THEODORI
2236 406 2601 469 LECTORIS

3722 405 3824 475 176

566 525 1077 585 Chalcedonensem
1143 523 1417 597 synodum
1468 522 1815 593 probabant,
1872 541 1980 579 una
2019 540 2145 580 cum

2260 528 2365 579 5am
2408 526 2507 595 μὲν
2540 524 2761 596 ἔχαιρον
2789 525 2855 595 τῇ
2886 524 2944 577 ἐν
2974 524 3278 596 Καλχηδόνι
3314 525 3537 598 συνόδῳ,
3566 527 3720 597 παρὰ
3744 528 3825 601 τῷ

566 621 832 676 Anthimo
843 618 1101 673 collectas
1121 617 1376 687 agebant.
1398 614 1499 669 Hic
1522 617 1673 670 enim
1689 617 1905 688 vigilias
1924 632 2145 687 quoque

568 713 838 769 celebrari
871 710 1019 765 fecit.
1052 708 1334 777 Quotquot
1371 724 1505 763 vero
1552 709 1889 779 supradicta:
1935 709 2146 781 synodo

568 803 771 858 infensi
801 809 982 864 erant,
1020 798 1251 853 Timocli
1278 799 1655 853 adhaeserunt.

635 896 726 950 20.
758 892 1019 963 Martyrio
1063 892 1457 947 Antiochensis
1482 890 1744 947 Ecclesia:
1764 891 2148 962 episcOpatum

567 993 814 1057 gerente,
852 984 1005 1038 Zeno
1028 984 1293 1054 magister
1317 984 1579 1048 militum,
1605 982 1699 1053 qui
1736 982 1943 1039 Leonis
1976 984 2151 1053 impe-

567 1078 772 1133 ratoris
831 1076 1000 1132 filiam
1051 1077 1354 1131 Ariadnem
1414 1093 1642 1133 uxorem
1669 1076 1924 1143 duxerat,
1949 1077 2150 1131 Antio-

567 1171 748 1226 chiam
775 1171 950 1226 venit.
997 1171 1129 1225 Erat
1158 1171 1213 1225 in
1236 1172 1361 1241 ejus
1383 1170 1649 1225 comitatu
1677 1170 1875 1225 Petrus
1896 1169 2148 1240 quidam,

567 1273 936 1336 cognomento
960 1265 1142 1329 Fullo,
1180 1265 1477 1337 presbyter
1500 1265 1753 1321 ecclesias
1768 1264 1949 1319 sancti
1973 1264 2154 1319 Bassa:

569 1358 851 1430 martyris,
903 1374 1027 1428 qua:
1070 1366 1157 1414 est
1188 1356 1561 1413 Chalcedone.
1612 1358 1713 1413 Hic
1755 1357 1905 1412 sedis
1954 1356 2152 1412 Antio-

568 1450 761 1505 chena:
783 1449 1090 1519 cupiditate
1113 1457 1334 1519 captus,
1373 1448 1651 1519 persuasit
1709 1448 1919 1502 Zenoni
1947 1457 2010 1501 ut
2060 1461 2154 1502 co-

568 1548 735 1594 natus
767 1540 945 1610 ipsius
967 1539 1275 1610 adjuvaret.
1304 1538 1607 1595 Conductis
1629 1538 1800 1610 igitur
1821 1536 2153 1608 quibusdam

569 1651 639 1691 ex
664 1635 1006 1705 Apollinaris
1042 1644 1213 1699 secta,
1262 1646 1456 1689 contra
1493 1633 1657 1688 fidem
1697 1641 1754 1688 et
1786 1641 1978 1688 contra
2007 1630 2151 1686 Mar-

572 1728 777 1799 tyrium
838 1726 1160 1796 episcopum
1196 1726 1472 1797 plurimos
1530 1725 1803 1780 tumultus
1852 1722 2153 1789 excitavit,

570 1817 912 1876 anathemati
939 1816 1244 1888 subjiciens
1268 1833 1366 1872 eos
1398 1816 1493 1887 qui
1518 1832 1630 1871 non
1678 1815 1932 1871 dicerent
1978 1815 2154 1869 Deum

2262 618 2507 689 Ἀνθίμῳ
2545 618 2865 686 συνήγοντο.
2895 616 3068 679 Αὐτὸς
3093 618 3210 687 ’γὰρ
3242 617 3459 682 καὶτὰς
3497 619 3827 689 παννυχίδας

2250 712 2633 781 παρεσκεύασε
2678 710 2946 777 γίνεσθαι.
2976 710 3133 763 Ὅσοι
3172 710 3231 763 δὲ
3272 710 3478 781 ταύτης
3516 711 3724 782 ἐχθροὶ,
3748 712 3827 782 τῷ

2248 803 2512 874 Τιμοκλεῖ
2533 802 2911 873 προσέκειντο.

2320 902 2390 951 κ’.
2418 894 2731 965 Μαρτυρίου
2758 893 2859 965 τὴν
2889 892 3217 963 Ἀντιοχείας
3248 890 3673 956 ἐπισκοποῦντος
3708 892 3829 946 Ἕκ-

2252 988 2501 1058 κλησίαν,
2544 986 2811 1040 κατέλαϐε
2854 986 2952 1057 τὴν
2998 986 3327 1056 Ἀντιόχειαν
3367 985 3555 1053 Ζήνων
3603 987 3632 1039 ό
3668 1002 3831 1056 στρα-

2248 1082 2513 1151 τηλάτης.
2552 1080 2581 1131 ὁ
2625 1078 2879 1149 γαμϐρὸς
2908 1078 3001 1131 ἐπὶ
3039 1078 3273 1148 θυγατρὶ
3312 1076 3569 1148 Ἀριάδνῃ
3604 1077 3699 1130 τοῦ
3742 1076 3832 1146 βα-

2253 1173 2447 1236 σιλέως
2474 1172 2728 1235 Λέοντος.
2770 1170 2961 1242 Τούτῳ
3008 1170 3213 1242 Πέτρος
3246 1168 3621 1241 πρεσϐύτερος
3648 1168 3743 1224 τοῦ
3770 1171 3829 1225 ἐν

2251 1266 2561 1337 Καλχηδόνι
2591 1262 2719 1319 ναοῦ
2761 1263 3112 1332 ΒάσσηςίΙἹ)
3140 1264 3239 1333 τῆς
3286 1264 3583 1334 μάρτυρος,
3629 1263 3658 1316 ό
3704 1260 3831 1315 ἐπί-

2254 1358 2387 1430 κλην
2413 1357 2669 1427 Κναφεὺς
2698 1357 2782 1427 (i),
2825 1356 3193 1428 ἠκολούθησεν
3241 1356 3335 1409 ἐπὶ
3377 1356 3709 1426 Ἀντιόχειαν
3756 1352 3833 1425 τῷ

2252 1455 2464 1525 Ζήνωνι
2510 1450 2603 1505 τοῦ
2650 1450 2917 1522 βασιλέως
2980 1449 3241 1522 γαμϐρῷ.
3290 1448 3734 1520 Ἐποφθαλμίσας
3778 1448 3835 1502 δὲ

2251 1543 2331 1615 τῷ
2361 1544 2538 1616 θρόνῳ
2565 1543 2665 1614 τῆς
2705 1540 2935 1605 πόλεως,
2978 1542 3155 1595 πείθει
3185 1540 3277 1595 τὸν
3310 1543 3535 1612 Ζήνωνα
3566 1543 3833 1615 συνεργῆ-

2256 1652 2346 1689 σαι
2378 1633 2547 1705 αύτῷ.
2582 1633 2692 1686 Καὶ
2728 1631 3146 1703 μισθωσάμενός
3187 1648 3340 1695 τινας
3378 1632 3477 1703 τῆς
3518 1631 3699 1703 λώϐης
3741 1630 3833 1685 τοῦ

2268 1725 2705 1797 Ἀπολλιναρίου,
2744 1724 2973 1797 μυρίους
3001 1724 3265 1795 θορύϐους
3292 1724 3435 1777 κατὰ
3468 1726 3570 1795 τῆς
3600 1724 3837 1788 πίστεως

2256 1820 2353 1873 καὶ
2389 1816 2710 1889 Μαρτυρίου
2746 1814 2842 1869 τοῦ
2872 1814 3175 1868 ἐπισκόπου
3196 1814 3513 1884 εἰργάσατο,
3532 1814 3836 1884 άναθέματι

572 1908 921 1963 cruciﬁxum.
951 1908 1126 1974 Quam
1150 1906 1223 1961 ob
1250 1922 1475 1962 causam
1499 1905 1767 1977 populum
1806 1919 2032 1975 quoque
2066 1903 2155 1957 in-

2260 1911 2469 1983 βάλλων
2498 1912 2626 1975 τοὺς
2663 1910 2739 1981 μὴ
2767 1908 3049 1979 λέγοντας,
3080 1908 3163 1962 ὅτι
3204 1908 3337 1971 Θεὸς
3367 1906 3707 1980 ἐσταυρώθη.
3751 1910 3839 1962 Ἐν

575 2009 658 2054 ter
678 2015 738 2055 se
759 1998 1031 2055 dissidere
1057 1997 1211 2053 fecit.
1247 1998 1560 2054 Addiderat
1582 1998 1731 2053 enim
1765 1996 2017 2067 Trisagio
2035 1995 2154 2050 haec

573 2092 776 2147 verba:
810 2089 912 2157 Qui
942 2090 1229 2160 cruciﬁxus
1255 2108 1308 2146 es
1338 2108 1436 2162 pro
1461 2091 1631 2146 nobis.

638 2271 729 2325 21.
790 2269 1091 2341 Martyrius
1137 2284 1263 2324 cum
1313 2267 1381 2322 ad
1438 2268 1835 2337 imperatorem
1870 2267 2155 2331 venisset,

572 2363 881 2419 honoriﬁce
914 2361 1185 2417 dimissus
1207 2369 1313 2428 est,
1342 2361 1531 2416 studio
1558 2368 1724 2430 atque
1747 2360 1973 2415 hortatu
2008 2358 2157 2414 Gen-

572 2456 749 2511 nadii.
798 2455 1083 2510 Reversus
1131 2463 1318 2509 autem
1364 2452 1738 2519 Antiochiam,
1800 2468 1928 2508 cum
1960 2451 2158 2506 Antio-

573 2546 811 2600 chenses
839 2544 1021 2599 turbis
1046 2558 1110 2599 ac
1140 2542 1517 2599 seditionibus
1547 2542 1839 2607 delectari,
1885 2550 1945 2597 et
1965 2541 2039 2595 Ze
2052 2555 2157 2594 no-

573 2654 700 2693 nem
731 2638 799 2692 iis
824 2638 1011 2693 favere
1042 2635 1542 2701 animadverteret,
1563 2634 1914 2706 episcopatui
1949 2649 2158 2690 renun-

575 2730 735 2784 tiavit
765 2743 953 2784 coram
1006 2727 1264 2782 universa
1312 2725 1581 2790 Ecclesia,
1630 2724 1720 2779 his
1768 2723 1954 2779 verbis
1979 2738 2156 2777 usus:

572 2819 738 2879 Clero
788 2818 1126 2884 contumaci,
1163 2827 1220 2872 et
1253 2816 1460 2888 populo
1515 2815 1899 2887 immorigero,
1952 2823 2011 2869 et
2051 2814 2160 2869 Ec-

575 2910 760 2964 clesia:
784 2907 1173 2963 contaminata:
1207 2905 1493 2972 renuntio,
1546 2914 1769 2961 servata
1803 2903 1941 2958 mihi
1974 2918 2161 2959 sacer-

575 3001 716 3057 dotii
746 3000 1035 3071 dignitate.

646 3094 737 3148 22.
767 3093 899 3149 Post
944 3093 1268 3148 abscessum
1302 3090 1571 3163 Martyrii,
1632 3089 1835 3146 Petrus
1879 3089 1936 3145 in
1971 3089 2160 3146 sedem

574 3186 943 3257 episcopalem
963 3184 1245 3257 tyrannice
1259 3184 1481 3240 invasit.
1501 3183 1808 3253 Statimque
1820 3181 2162 3254 5681mm-

2258 1999 2341 2066 οίς
2386 2004 2483 2058 καὶ
2528 2003 2622 2056 τὸν
2672 2002 2801 2057 λαὸν
2845 2002 2928 2064 είς
2971 2000 3241 2071 διαίρεσιν
3262 2001 3439 2071 ἧγαγε
3476 2000 3611 2071 (18),
3648 2002 3744 2055 καὶ
3783 2003 3840 2054 ἐν

2258 2096 2337 2167 τῷ
2370 2096 2649 2167 Τρισαγίῳ
2681 2095 2909 2165 Πέτρος,
2942 2092 3027 2159 τὸ,
3070 2090 3135 2146 '0
3167 2092 3533 2162 σταυρωθείς
3553 2090 3631 2147 δι’
3653 2090 3839 2162 ἡμᾶς,

2260 2186 2621 2259 προσέθηκεν.

2331 2278 2439 2336 κα’.
2480 2278 2624 2349 Πρὸς
2661 2275 2887 2347 βασιλέα
2933 2273 3104 2330 ἐλθὼν
3155 2274 3495 2346 Μαρτύριος,
3533 2274 3631 2328 σὺν
3668 2273 3845 2345 πολλῇ

2259 2374 2394 2443 τιμῇ
2454 2369 2723 2439 ἀπελύθη,
2750 2367 2952 2439 σπουδῇ
3008 2367 3105 2421 καὶ
3152 2366 3477 2438 παραινέσει
3531 2364 3843 2419 Γενναδίου.

2273 2462 2478 2517 Ἐλθὼν
2524 2461 2581 2514 δὲ
2641 2464 2721 2525 εἰς
2756 2460 3114 2531 Ἀντιόχειαν,
3150 2459 3245 2512 καὶ
3295 2457 3508 2529 βλέπων
3545 2458 3848 2528 Ἀντιοχείς

2260 2556 2526 2623 ταραχαῖς
2547 2554 2642 2607 καὶ
2675 2553 2897 2607 στάσεσι
2925 2552 3235 2624 χαίροντας,
3266 2551 3361 2605 καὶ
3380 2551 3603 2622 Ζήνωνα
3631 2551 3849 2613 τούτοις

2264 2646 2708 2717 συμπράττοντα,
2748 2644 3057 2709 ἀπετάξατο
3085 2647 3151 2716 τῇ
3194 2645 3469 2713 ἐπισκοπῇ
3510 2645 3598 2697 ἐπ’
3646 2644 3845 2707 ἐκκλη-

2265 2738 2386 2800 σίας
2419 2735 2612 2802 είπὼν,
2645 2736 2849 2808 Κλήρῳ
2875 2736 3261 2808 ἀνυποτάκτῳ,
3310 2737 3405 2789 καὶ
3439 2735 3554 2807 λαῷ
3600 2736 3842 2798 ἀπειθεῖ,

2261 2829 2356 2881 καὶ
2407 2827 2703 2899 Ἐκκλησία
2736 2828 3102 2899 ἐρῤυπωμένῃ
3132 2826 3529 2897 ἁποτάττομαι,
3562 2826 3848 2896 φυλάττων

2264 2918 2490 2989 ἐμαυτῷ
2516 2918 2579 2971 τὸ
2607 2918 2709 2987 τῆς
2746 2917 3048 2988 ἱερωσύνης
3072 2916 3311 2987 ἀξίωμα.

2337 3097 2443 3168 κβ’.
2484 3095 2805 3167 Μαρτυρίου
2865 3096 3357 3167 αναχωρήσαντος,
3412 3097 3758 3169 τυραννικῶς
3816 3098 3849 3150 ό

2263 3188 2520 3257 Κναφεὺς
2551 3186 2631 3258 τῷ
2663 3186 2839 3258 θρόνῳ
2868 3186 3204 3258 ἐπεπήδησε,
3231 3187 3327 3239 καὶ
3355 3189 3654 3257 χειροτονεῖ
3682 3186 3847 3251 εὐθὺς

576 3295 703 3336 nem
735 3280 1032 3350 quemdam
1049 3278 1146 3349 qui
1175 3286 1339 3333 antea
1376 3278 1668 3347 depositus
1702 3276 1906 3341 fuerat,
1948 3278 2157 3348 episco-

2265 3278 2566 3332 ἐπίσκοπον
2625 3276 2927 3348 Ἀπαμείας
2953 3276 3019 3349 (j)
3080 3278 3337 3349 Ἰωάννην
3383 3278 3496 3350 (19)
3551 3278 3677 3333 τινὰ
3740 3279 3849 3333 άπὸ

1775 3432 2047 3489 VALESII
2076 3434 2621 3492 ANNOTATIONES

576 3558 735 3623 byter
792 3554 917 3619 fuit,
966 3552 1061 3623 qui
1103 3548 2010 3623 plebemgcolligebatL‘Caeterum
2062 3549 2153 3623 hic

577 3573 612 3613 ι)
652 3573 735 3611 ter
792 3573 917 3619 ιιιιι,
966 3573 1061 3623 (ιω
1103 3573 1321 3622 pleuem
1375 3573 1689 3622 coulgcuat.
1734 3573 2010 3604 har-turqu
2062 3573 2153 3605 ulc

576 3573 854 3683 Theodori
877 3626 1031 3704 locus
1074 3632 1253 3704 esst-it
1273 3622 1448 3704 etiam
1480 3621 1632 3704 apud
1675 3620 2049 3704 Nicephorum
2085 3621 2154 3704 in

575 3700 676 3754 lib.
713 3713 806 3759 xv,
841 3693 1239 3761 capitecitato.
1272 3694 1377 3747 Sed
1408 3700 1673 3761 corrupte
1703 3692 1847 3760 apud
1869 3706 1996 3744 eum
2033 3691 2154 3745 edi-

578 3779 692 3831 tur,
717 3768 833 3819 ὃσοι
870 3760 926 3833 δὲ
957 3760 1243 3833 ἐχθρωδῶς
1272 3765 1463 3833 ἐκείνῳ
1490 3760 1769 3833 ἐφέροντο,
1808 3776 1911 3831 pro
1944 3764 2151 3833 ἐκείνῃ.

650 3838 765 3907 (i7)
805 3830 1025 3907 Πέτροξ
1060 3830 1476 3907 ’πρεσϐύτερος
1536 3830 1772 3907 τοῦ-’ἐν
1805 3830 2157 3907 Χαξλκμηδόὸλι

577 3900 757 3963 ναοῦ
806 3900 1078 3969 Βάσσης.
1118 3900 1125 3901 “
1159 3900 1377 3957 Totum,
1416 3904 1566 3957 hunc
1630 3900 1913 3955 Theodori
1968 3902 2157 3955 locum

579 3977 873 4045 descripsit
919 3974 1284 4044 Theophanes
1332 3975 1387 4028 in
1442 3973 1744 4045 Chronico,
1791 3986 1918 4041 pag.
1963 3972 2054 4034 97,
2098 3979 2156 4025 et

577 4050 711 4105 Nice
755 4044 925 4101 horus
958 4046 1012 4098 in
1048 4046 1194 4098 libro
1233 4062 1321 4110 xv,
1376 4060 1496 4114 cap.
1530 4044 1601 4098 28

652 4065 762 4172 (lg)
802 4118 905 4171 Ἐν
931 4110 1018 4172 οἷ(-
1054 4118 1152 4168 erat
1185 4119 1294 4169 τὸν
1330 4116 1486 4169 λαὸν
1506 4116 1594 4172 εἰς

652 4110 762 4242 818)
802 4110 1018 4198 Ἔνθ’-οἷς
1054 4118 1152 4168 καὶ
1185 4119 1294 4169 τὸν
1330 4110 1486 4169 Jac}
1506 4116 1594 4179 εἰς
1620 4110 1915 4181 διαίρεσιν
1946 4110 2153 4181 ἤγαγε.

578 4191 661 4247 Ma
689 4191 794 4244 lem
822 4187 1070 4241 scribere
1094 4185 1179 4256 ἐφ’
1206 4182 1288 4249 οἷς
1318 4189 1414 4238 καὶ
1439 4185 1529 4237 τὸν
1558 4182 1685 4237 λαὸν
1709 4223 1725 4256 ,
1748 4192 1847 4237 etc.
1946 4252 1957 4256 _
2044 4251 2058 4256 Α

558 4298 577 4319 ’
651 4260 760 4330 “9)
789 4256 1119 4330 Χείροτοθῗεῖ
1135 4251 1319 4330 έὺθὺς
1336 4257 1677 4330 infami“)?
1710 4252 2026 4330 Ἀπαμείςις
2044 4251 2154 4330 ἶιω.

579 4322 946 4386 δρὲίὺὲηᾰιίω
981 4328 1067 4383 esl.
1093 4328 1307 4397 procul,
1331 4326 1503 4397 dubio
1551 4323 1825 4397 Ἰωάννην,
1853 4331 1916 4397 ut
1952 4322 2157 4397 legitur

577 4403 720 4472 apud
757 4394 1150 4472 Theophanem
1184 4398 1239 4451 in
1272 4396 1574 4472 Chronico,
1618 4394 1815 4465 pagina
1855 4394 1943 4447 98.
1993 4394 2158 4448 Falli-

581 4467 672 4527 tur
721 4467 1284 4541 tamen'Theodorus
1337 4467 1587 4541 Leetor,_
1630 4478 1872 4541 eumque
1929 4474 2173 4541 secutus‘

580 4542 968 4612 Theophanes,
1027 4539 1122 4608 qui
1164 4538 1433 4612 Joannem
1479 4552 1510 4591 a
1554 4536 1719 4589 Petro
1747 4534 1983 4612 Fullone
2010 4534 2155 4612 Apa-

2255 3553 2497 3623 episcopo
2552 3567 2645 3621 per
2677 3552 2999 3623 ‘hwreticos,
3045 3553 3243 3623 sedem,
3307 3552 3469 3621 ipsius
3540 3566 3845 3622 occupasse,

2257 3620 2605 3693 continuoque
2651 3620 2967 3693 damnatum
3021 3640 3053 3676 a
3107 3622 3280 3675 Leone
3328 3620 3461 3675 tunc
3494 3620 3736 3693 principe
3782 3626 3849 3678 ad

2259 3692 2574 3764 Qasitanum
2628 3692 2872 3764 exsilium
2907 3709 3013 3764 esse
3048 3694 3327 3746 directum.
3380 3693 3455 3746 De
3492 3709 3595 3764 quo
3639 3692 3848 3764 lapsum

2260 3761 2778 3841 Constantinopolim
2831 3763 3070 3841 rediisse,
3130 3782 3193 3817 ac
3239 3764 3441 3817 dedisse
3491 3761 3652 3841 fidem
3696 3761 3850 3841 quod

2260 3833 2439 3886 nullas
2466 3832 2689 3885 ulterius
2736 3832 2917 3886 turbas
2948 3833 3126 3900 facere
3166 3850 3383 3900 prorsus
3419 3834 3657 3889 auderet.
3719 3836 3846 3900 Sed,

2257 3906 2390 3956 sicut
2434 3904 2675 3973 superius
2732 3902 2930 3955 dictum
2989 3914 3085 3965 est,
3136 3902 3378 3959 Basilisci
3422 3905 3768 3973 temporibus,
3815 3926 3849 3961 a

2264 3972 2527 4027 Timotheo
2550 3972 2641 4046 illo
2664 3973 2919 4046 damnato
2955 3976 3045 4043 qui
3071 3972 3585 4046 Constantinopolim
3608 3986 3845 4040 venerat,

2264 4045 2334 4098 ad
2388 4043 2722 4099 Antiochiam
2772 4045 3049 4097 remissum
3114 4046 3293 4113 fuisse,
3365 4043 3430 4099 ut
3482 4048 3677 4099 iterum
3742 4048 3851 4102 illic

2262 4116 2619 4184 episcopatum
2648 4122 2867 4166 teneret.
2893 4114 3007 4180 Quo
3040 4116 3177 4183 [acto
3206 4117 3342 4169 idem
3365 4117 3556 4170 Petrus
3586 4117 3848 4171 Joannem

2262 4185 2545 4258 quemdam
2584 4184 2941 4254 presbyterum
2983 4186 3197 4239 ordinat
3243 4188 3492 4256 Apamea:
3526 4189 3844 4258 episcopum.

2262 4258 2305 4309 A
2335 4256 2525 4337 quibus
2572 4271 2691 4337 non.
2709 4264 2945 4337 receptus
2991 4258 3129 4310 venit
3161 4257 3516 4337 Antiochiam,
3552 4256 3601 4337 et
3630 4256 3848 4337 Petrum

2263 4327 2589 4399 episcopatus
2611 4327 2691 4399 sui
2714 4324 3176 4399 pellitguctorem,
3194 4336 3259 4399 et
3294 4331 3496 4382 invadit
3524 4329 3639 4399 ejus
3663 4327 3849 4383 Eccle-

2259 4394 2416 4450 siam.
2437 4394 2812 4470 'Quosjterum
2843 4396 3126 4470 damnatos
3161 4398 3292 4470 dicit
3314 4394 3559 4463 Aeacius,
3580 4408 3764 4470 petens
3785 4400 3849 4453 ab

2262 4467 2551 4549 apostolica
2590 4466 2722 4549 sede
2752 4474 2831 4549 uti,
2870 4468 2916 4520 si
2932 4469 3075 4549 forte
3099 4468 3168 4521 ad
3200 4484 3319 4549 egm
3355 4466 3720 4549 confingerent,
3747 4487 3850 4549 nec

2261 4538 2586 4611 uisudignos
2608 4538 2817 4591 haberet
2847 4554 2864 4591 :
2892 4547 2940 4591 et
2963 4540 3009 4592 si
3029 4539 3151 4608 jam
3186 4539 3429 4611 aliquam
3455 4538 3850 4611 indulgentiam

580 4600 825 4691 mensem
858 4600 1203 4691 episcopum.
1239 4608 1443 4691 factum
1490 4622 1611 4661 esse
1652 4605 1907 4691 scribunt
1940 4600 2152 4691 prin—ci-
2184 4600 2231 4655 D
2261 4600 2485 4690 forsitan
2524 4600 3162 4691 impetrasse-ntnirritam
3187 4600 3527 4691 essedebere,
3547 4600 3640 4664 nec
3664 4626 3850 4664 eorum

580 4694 713 4752 patu
743 4675 944 4735 Leonis
974 4675 1234 4752 Augusti,
1256 4679 1420 4752 paulo
1463 4688 1755 4752 postquam
1779 4680 1979 4730 Petrus
2002 4675 2160 4731 Fullo

622 4754 742 4806 ulso
790 4748 1508 4821 Martyrio‘Antiochenam
1569 4748 1754 4821 sedem
1812 4756 2160 4821 occupasset.

622 4770 742 4806 [1130
790 4770 1057 4821 martyrlu
1108 4770 1508 4803 Ληιιυριιιτιωιιι
1569 4770 1754 4802 SCUCUI
1812 4770 2160 4814 occupasset.

578 4770 699 4876 gon
739 4820 889 4875 enim
927 4836 995 4874 eo
1027 4828 1274 4888 tempore
1312 4819 1554 4873 Joannes
1582 4834 1613 4872 a
1646 4818 1811 4872 Petro
1852 4817 2042 4888 factus
2077 4828 2164 4871 est

578 4892 896 4961 episcopus,
922 4889 1018 4945 sed
1043 4886 1357 4961 aliquando_
1379 4897 1522 4959 post,
1547 4903 1673 4961 cum
1710 4894 1974 4961 regnante
2014 4886 2165 4961 Basi-

580 4958 718 5019 lisco
760 4958 905 5015 idem
936 4958 1151 5017 Petrus
1178 4960 1247 5014 ab
1294 4958 1486 5013 Adiuro
1514 4958 1866 5013 Antiochiam
1897 4958 2163 5013 remissus

580 5030 796 5087 fuisset.
848 5030 905 5084 ld
958 5029 1408 5085 manifestissime
1442 5030 1605 5084 docet
1638 5038 1835 5083 auctor
1882 5036 2161 5097 gestorum

579 5102 649 5156 de
692 5101 917 5157 nomine
970 5100 1157 5154 Acacii
1203 5116 1326 5170 quae
1378 5116 1409 5154 a
1451 5100 1656 5155 Jacobo
1701 5098 1996 5170 Sirmundo
2036 5109 2167 5153 sunt

578 5172 775 5227 edita:
806 5171 911 5227 Illo
958 5172 1098 5242 enim
1158 5168 1390 5242 tempore
1445 5188 1547 5241 quo
1592 5171 1657 5242 de
1691 5170 1864 5242 _Petro
1908 5168 2164 5242 da_mnato

580 5243 861 5308 retulerat,
917 5260 1023 5297 non
1054 5241 1204 5312 longe
1228 5239 1342 5312 post
1370 5239 1532 5295 etiam
1582 5241 1645 5293 de
1681 5239 1841 5293 Petro
1860 5249 1927 5312 _et
1956 5239 2166 5293 Joanne

580 5316 909 5385 scripserat;
957 5308 1372 5385 Petrum_apud
1430 5308 1943 5385 Constantinopolim
1975 5326 2166 5385 mona-

580 5379 800 5456 sterium
822 5379 1161 5456 gubernasse.
1180 5379 1287 5456 Sed?
1306 5386 1398 5456 hoc
1420 5391 1638 5456 propter
1650 5382 1880 5456 crimina
1897 5379 2165 5456 derelicto,

583 5451 919 5510 Antiochiam
976 5455 1188 5525 fugisse.
1242 5454 1343 5518 Ibi,
1414 5451 1567 5524 pulso
1611 5452 1872 5522 Martyrio
1911 5451 2169 5505 catholico

2262 4678 2626 4751 paenitentiam
2672 4679 3224 4751 _recipiendam_esse.
3264 4680 3471 4735 Eadem
3506 4682 3621 4735 fere
3655 4682 3849 4751 legun-

2264 4760 2354 4802 tur
2392 4748 2446 4801 in
2477 4748 2723 4816 Epistola
2752 4750 3014 4820 synodica
3044 4749 3243 4805 Felicis
3255 4767 3428 4867 ‘papae
3454 4752 3522 4805 ad
3555 4748 3851 4806 universos

2264 4819 2617 4867 nreshvteros
2663 4828 2721 4867 et
2759 4820 3226 4867 archimandritas
3283 4822 3737 4867 .nnslantinnnnli
3791 4830 3848 4867 et

2263 4819 2629 4891 presbyteros?
2663 4828 2721 4873 et
2759 4819 3226 4875 archimandritas
3255 4819 3739 4891 Constantinopoli
3791 4830 3848 4875 et

2302 4905 2362 4944 er
2416 4890 2725 4959 Bithyniam
2768 4891 3095 4954 residentes,
3140 4900 3197 4945 et
3240 4892 3389 4960 apud
3434 4890 3756 4947 Liberatum
3787 4892 3845 4945 in

2314 4960 2569 5032 reviaﬁrio,
2600 4960 2780 5030 capite
2810 4960 2897 5032 18.
2920 4961 2995 5015 Ex
3013 4960 3215 5031 quibus
3241 4972 3469 5032 apparet
3489 4963 3844 5018 verissimum

2264 5045 2387 5085 esse
2417 5031 2473 5084 id
2517 5032 2664 5099 quod
2709 5031 2845 5095 dixi,
2880 5032 3105 5085 Petrum
3138 5031 3353 5087 scilicet
3386 5034 3699 5097 Fulloncm,
3730 5047 3845 5086 non

2267 5100 2323 5154 in
2364 5101 2538 5169 prima
2574 5102 2857 5155 invasione
2888 5102 3244 5171 episcoiiatus
3270 5103 3627 5168 Antiocheni,
3677 5103 3729 5157 id
3760 5110 3847 5156 est

2267 5186 2413 5225 anno
2435 5171 2643 5226 Christi
2668 5173 2793 5243 451,
2822 5172 2919 5226 sed
2950 5172 3003 5225 in
3028 5173 3293 5237 secunda,
3312 5189 3436 5243 quae
3456 5175 3560 5229 sub
3584 5173 3849 5228 Basilisco

2268 5250 2501 5314 tyranno
2544 5242 2795 5314 conligit,
2835 5243 3119 5314 _Joannem
3156 5242 3474 5314 Apamenis
3521 5245 3846 5314 episcopum

2268 5312 2577 5366 ordinasse.
2601 5312 2772 5378 Quam
2795 5312 2867 5367 ob
2888 5329 3110 5367 causam
3138 5313 3429 5369 damnatus
3451 5325 3535 5370 est
3555 5312 3625 5369 ab
3642 5313 3850 5368 Acacio

2271 5383 2326 5456 in
2381 5382 3271 5456 synodoConstantinopolitana.
3328 5385 3499 5456 quue
3553 5384 3847 5456 manifeste

2270 5452 2433 5507 docet
2465 5452 2701 5508 Acacius
2731 5453 2848 5524 ipse
2892 5454 2949 5508 in
2972 5452 3210 5524 epistola
3246 5452 3424 5525 quam‘
3440 5472 3507 5511 ea
3530 5456 3599 5511 de
3628 5472 3689 5511 re
3710 5454 3849 5510 scri-

2008 5567 2395 5624 VARIORUM.

656 5665 718 5738 (i)
748 5665 968 5738 Πέτρος
1024 5668 1345 5738 Κναφεύςη
1376 5664 1715 5738 Turbaverat
1764 5665 2161 5738 is_iEcclesiam

582 5735 653 5792 ab
669 5735 817 5791 anno
837 5736 966 5793 Chr.
983 5738 1110 5802 465,
1139 5735 1200 5792 ut
1221 5736 1420 5807 Pagius
1444 5737 1683 5791 ostendit
1705 5752 1773 5791 ex
1797 5735 2158 5807 Theophane,

581 5807 649 5862 ad
675 5822 805 5879 ann.
837 5808 967 5879 471,
989 5824 1046 5863 n.
1092 5808 1147 5879 5,
1188 5808 1383 5879 Deeo
1401 5807 1561 5876 plura
1600 5823 1692 5879 ap.
1718 5807 1919 5879 Evagr.
1952 5807 2048 5863 lib.
2080 5822 2157 5873 In,

581 5893 700 5949 cap.
743 5877 797 5944 5,
832 5877 995 5945 8,16,
1022 5886 1078 5932 et
1108 5877 1303 5933 Valesii
1332 5876 1550 5932 dissert.
1588 5878 1638 5932 1.

2341 5663 2404 5734 (j)
2443 5664 2810 5718 Ἐπίσκοπον
2846 5665 3185 5732 Ἀπαμείας.
3219 5665 3352 5718 Erat
3375 5664 3603 5734 Apamia
3643 5670 3848 5734 metro-

2269 5732 2410 5804 polis
2435 5734 2606 5803 Syria:
2642 5734 2927 5797 Secundae,
2982 5735 3098 5791 sive
3140 5732 3431 5791 Salutaris.
3481 5735 3653 5790 Porro
3682 5732 3849 5804 Joan-

2271 5800 2356 5859 nis
2382 5800 2788 5859 ordinationem
2820 5805 3004 5877 refert
3045 5806 3243 5877 Pagius
3270 5805 3337 5859 ad
3372 5821 3503 5877 ann.
3529 5804 3659 5859 Chr.
3713 5800 3843 5867 478,

2271 5884 2561 5947 postquam
2590 5877 2785 5931 Petrus
2812 5876 2967 5932 Fullo
2994 5885 3105 5933 tres
3132 5876 3314 5933 annos
3337 5876 3579 5933 sederat.
3678 5908 3683 5913 -
