4148 6464
504 443 604 509 187

1764 423 2154 489 THEODORI
2192 422 2559 487 LECTORIS

3645 416 3751 484 188

500 564 585 609 ter
614 552 764 609 illius
797 556 959 606 secta
988 547 1233 617 ipsorum
1257 544 1456 599 cultrix
1481 549 1627 597 esset
1652 540 2073 596 studiosissima.

2192 554 2282 607 np;
2310 536 2423 609 (46)
2476 537 2693 591 αὐτῶνθ
2747 534 3013 609 ’Λρειανοὶ
3066 537 3142 607 δὲ,
3200 555 3275 601 ως
3326 535 3609 607 Κλέαρχον
3655 533 3749 589 τὸν

500 646 691 701 Ariani
715 658 868 706 vero,
894 648 1183 712 prapterea
1213 636 1361 706 quod
1389 634 1716 690 Clearchum
1746 633 2079 687 avunculum

501 736 772 793 Anastasii
810 733 954 787 idem
988 744 1113 785 cum
1153 728 1287 797 ipsis
1320 727 1648 782 sentientem
1683 724 1971 779 haberent.

576 824 627 877 8.
662 820 979 877 Anastasius
1003 833 1129 873 cum
1152 817 1414 871 violentia
1440 817 1687 871 chartam
1721 814 2080 885 professionis

505 931 615 970 sum
660 915 727 967 ab
762 910 1067 981 Euphemio
1100 909 1340 979 repetiit.

576 1007 629 1060 9.
661 1004 799 1060 Cum
851 1003 1030 1058 Isauri
1081 1003 1253 1056 multa
1290 1000 1591 1055 insolenter
1619 1009 1782 1070 atque
1822 1000 2082 1055 atrociter

504 1096 981 1165 ConstantinOpoli
1017 1102 1450 1165 perpetrassent,
1498 1092 1819 1147 Anastasius
1854 1100 2083 1147 cunctos

506 1205 573 1243 ex
614 1188 749 1243 urbe
776 1188 961 1258 ejecit.
990 1186 1072 1240 Illi
1103 1201 1234 1239 vero
1266 1184 1492 1254 egressi,
1526 1183 1582 1236 in
1613 1192 1859 1253 apertam
1899 1190 2084 1254 tyran-

506 1282 693 1339 nidem
724 1288 1052 1350 eruperunt,
1096 1287 1152 1333 et
1197 1292 1369 1347 usque
1401 1277 1469 1331 ad
1512 1275 1796 1347 Cotyaium
1838 1275 2083 1345 Phrygiae

507 1373 860 1428 excursiones
894 1370 1095 1425 fecere.
1129 1369 1334 1423 Contra
1366 1382 1506 1437 quos
1537 1368 1835 1436 imperator
1872 1364 2083 1420 exerci-

511 1474 627 1520 tum
659 1462 829 1526 misit,
857 1461 1093 1516 ducibus
1118 1460 1327 1516 Joanne
1350 1459 1551 1531 Scytha
1573 1468 1630 1513 et
1655 1458 1864 1513 Joanne
1882 1456 2081 1513 Gibbo.

510 1558 685 1615 Porro
713 1571 837 1611 cum
869 1554 922 1608 id
949 1554 1151 1608 bellum
1185 1553 1429 1622 quinque
1458 1550 1749 1606 continuos
1777 1564 1951 1604 annos
1978 1549 2084 1603 du-

511 1654 711 1710 rasset,
744 1644 1068 1700 Anastasius
1112 1642 1243 1697 belli
1292 1650 1577 1711 pertzesus,
1621 1654 1878 1694 arcanum
1925 1655 2085 1694 suum

514 1735 732 1805 aperuit
773 1732 1079 1802 Euphemio
1108 1729 1659 1800 Constantinopoleos
1702 1729 1981 1799 episcopo,
2026 1744 2086 1783 se

514 1825 772 1879 nimirum
807 1837 995 1892 pacem
1022 1829 1235 1891 optare.
1280 1821 1559 1890 lussitque
1589 1828 1650 1874 ut
1674 1820 1963 1889 episcopos
1990 1820 2085 1889 qui

2184 630 2325 683 θεῖον
2346 629 2482 700 πρὸς
2516 629 2718 701 μητρὸς
2760 630 3109 685 ’Δναστασίου
3130 628 3381 701 ὁμόδοξον
3404 627 3637 698 ἔχοντες.

2259 812 2330 878 η’·
2362 807 2475 877 Τὴν
2504 806 2799 877 ὁμολογίαν
2837 808 3002 862 αὐτοῦ
3036 807 3269 878 βεσαίως
3298 804 3410 876 (ιτ)
3441 820 3531 857 τον
3567 801 3754 873 Εὐφή-

2188 914 2309 967 μιον
2337 898 2619 970 ἀπῄτησεν
2655 900 3002 963 Ἀναστάσιος
3033 898 3374 969 βασιλεύσας.

2256 990 2318 1043 θ’.
2360 990 2537 1044 Πολλὰ
2589 991 2699 1045 τῶν
2741 991 3001 1061 Ἰσαύρων
3051 991 3229 1045 ἄτοπα
3280 990 3372 1043 καὶ
3409 987 3754 1058 ἀπάνθρωπα

2187 1084 2510 1153 πραξάντων
2570 1085 2629 1135 ἐν
2678 1082 3248 1137 Κωνσταντινουπόλει
3275 1126 3290 1148 ,
3340 1082 3587 1143 ἅπαντας
3644 1080 3749 1149 τῆς

2187 1174 2393 1237 πόλεως
2418 1174 2460 1204 ¹¹
2494 1174 2771 1239 ἐξέϐαλεν.
2800 1176 2863 1227 Ol
2897 1174 2953 1226 δὲ
3006 1172 3335 1240 ἐξελθόντες,
3368 1172 3504 1243 πρὸς
3553 1187 3755 1241 τυραν-

2188 1268 2303 1322 νίδα
2369 1262 2653 1340 ὥρμησαν,
2720 1268 2817 1321 καὶ
2882 1267 2988 1330 ἓως
3035 1266 3130 1320 τοῦ
3180 1265 3483 1320 Κοτυαείου
3531 1264 3755 1334 ἐξέδρα-

2192 1377 2291 1430 μον
2327 1359 2461 1431 (18).
2495 1360 2633 1414 Καθ’
2656 1353 2731 1414 ὧν
2769 1362 2797 1414 ὁ
2826 1359 3080 1430 βασιλεὺς
3130 1358 3363 1425 στρατὸν
3418 1356 3751 1427 ἐξέπεμψεν,

2190 1453 2283 1507 καὶ
2321 1454 2570 1523 Ἰωάννην
2596 1452 2687 1506 τὸν
2721 1452 2954 1522 Σκύθην,
2982 1451 3078 1505 καὶ
3120 1451 3371 1519 Ἰωάννην
3394 1449 3486 1504 τὸν
3517 1449 3755 1520 Κυρτόν.

2190 1544 2297 1598 Τοῦ
2355 1544 2411 1597 δὲ
2461 1544 2696 1614 πολέμου
2756 1543 2847 1597 ἐπὶ
2907 1542 3071 1597 πέντε
3122 1541 3220 1613 ἐτη
3266 1542 3639 1614 κρατήσαντος
3659 1539 3758 1611 (r),

2202 1636 2553 1701 Ἀναστάσιος
2607 1637 2909 1708 ἀποκαμὼν
2976 1634 3281 1707 ἐθάρρησεν
3340 1633 3609 1704 Εὐφημίῳ
3666 1632 3748 1703 τῷ

2190 1728 2472 1797 ἐπισκὸπῳ
2499 1728 3144 1793 Κωνσταντινουπόλεως,
3174 1727 3250 1791 ὡς
3278 1727 3501 1798 εἰρήνης
3522 1726 3758 1796 ἐφίεται,

2192 1822 2286 1873 καὶ
2312 1820 2397 1873 ἴνα
2431 1822 2712 1892 συναγάγη
2739 1822 2865 1884 τοὺς
2899 1819 3264 1892 ἐνδημοῦντας
3292 1818 3643 1881 ἐπισκόπους,
3667 1818 3763 1869 καὶ

517 1918 572 1971 in
607 1916 741 1970 urbe
772 1916 917 1985 regia
947 1913 1305 1968 morabantur
1342 1913 1645 1982 colligeret,
1674 1921 1731 1967 et
1760 1926 1862 1982 pro
1890 1911 2087 1967 lsauris

2192 1911 2315 1983 δόξῃ
2362 1912 2502 1983 ὑπὲρ
2560 1912 2668 1965 τῶν
2736 1912 2993 1983 Ἰσαύρων
3050 1912 3235 1966 καλεῖν
3285 1910 3420 1981 (19).
3468 1909 3763 1979 Εὑφήμιος

516 2008 661 2080 apud
717 2008 1110 2077 Imperatorem
1175 2006 1529 2075 supplicaret.
1576 2006 1916 2075 Euphemius
1960 2020 2091 2059 vero

512 2104 682 2159 verba
714 2102 988 2157 Anastasii
1038 2102 1229 2156 retulit
1275 2101 1472 2157 Joanni
1516 2101 1773 2165 Patricio,
1805 2101 1898 2171 qui
1936 2116 2094 2156 socer

511 2206 636 2255 erat
662 2193 1027 2257 Athenodori,
1060 2193 1227 2247 unius
1254 2208 1321 2246 ex
1366 2193 1711 2263 principibus
1752 2192 2090 2250 Isaurorum.

514 2288 611 2344 Ille
632 2286 920 2342 confestim
950 2300 1269 2350 accurrens,
1301 2294 1502 2339 cuncta
1532 2286 1847 2356 imperatori
1866 2287 2091 2340 nuntia-

512 2382 613 2435 vit.
653 2381 729 2435 Ea
775 2394 866 2433 res
893 2377 1243 2432 Anastasium
1289 2378 1595 2448 Euphemio
1643 2378 1916 2433 infensum
1964 2379 2090 2433 red-

514 2472 681 2527 didit.

588 2563 747 2633 573
779 2562 867 2617 I0.
898 2562 1221 2617 Anastasius
1246 2561 1508 2632 deinceps
1536 2562 1708 2633 magis
1740 2561 2091 2632 imperatorie

515 2663 707 2707 contra
754 2654 969 2708 Isauros
996 2664 1200 2719 matus,
1231 2670 1326 2708 eos
1369 2653 1590 2722 penitus
1619 2654 1933 2709 debellavit.
1962 2654 2091 2709 Mis-

515 2759 688 2813 soque
718 2745 783 2798 ad
812 2744 1178 2814 Euphemium
1203 2744 1446 2799 Eusebio
1474 2744 1778 2801 ofﬁciorum
1808 2747 2090 2817 magistro,

516 2835 632 2889 haec
665 2834 970 2903 Euphemio
1008 2835 1357 2905 significavit.
1394 2836 1593 2891 Preces
1640 2846 1767 2901 tuae,
1816 2852 1850 2892 ο
1899 2853 2092 2909 magne

515 2922 623 2987 vir,
654 2924 860 2978 amicos
896 2932 1021 2977 tuos
1053 2923 1283 2995 fuligine
1316 2925 1703 2994 impleverunt.

589 3014 677 3068 11.
708 3014 750 3068 li
782 3014 875 3083 qui
907 3013 1318 3068 insidiabantur
1344 3014 1673 3084 Euphemio,
1701 3026 2094 3087 persuaserunt

516 3105 759 3169 cuidam,
795 3113 855 3159 ut
879 3122 910 3159 e
938 3105 1160 3174 regione
1193 3107 1472 3160 metatorii
1508 3106 1759 3163 districto
1788 3109 1967 3179 gladio
1997 3126 2092 3165 ca-

2189 2004 2247 2057 δέ
2302 2004 2537 2075 ἐξήγαγε
2580 2006 2641 2056 τὸ
2681 2004 2873 2073 λεχθὲν
2934 2004 3070 2075 πρὸς
3132 2003 3387 2075 Ἰωάννην
3440 2002 3756 2072 Πατρὶκιον,

2192 2095 2452 2168 πενθερὸν
2509 2093 2871 2167 Ἀθηνοδώρου
2921 2095 3041 2159 ἐνὸς
3100 2095 3208 2147 τῶν
3254 2093 3592 2165 ἐξαρχόντων
3651 2092 3762 2146 τῶν

2202 2186 2484 2258 ἰσαύρων.
2516 2188 2573 2240 '0
2595 2187 2653 2240 δὲ
2678 2186 2925 2261 δραμὼν,
2953 2186 3131 2240 πάντα
3158 2184 3478 2255 ἀναγγέλλει
3507 2184 3583 2254 τῷ
3609 2184 3763 2254 βασι-

2190 2281 2289 2333 λεί.
2319 2280 2495 2349 Ὅπερ
2540 2279 2621 2342 εἰς
2652 2278 2854 2349 ἔχθραν
2891 2278 2984 2331 τὸν
3028 2278 3257 2349 βασιλέα
3295 2275 3436 2331 κατὰ
3464 2276 3766 2347 Εὐφημίου

2191 2370 2509 2437 ὲξώπλισεν.

2264 2567 2314 2624 ι’.
2370 2566 2723 2630 Ἀναστάσιος
2788 2565 2974 2620 λοιπὸν
3040 2562 3464 2635 βασιλικώτερον
3520 2560 3769 2634 κινηθεὶς

2193 2661 2335 2714 κατὰ
2385 2660 2492 2713 τῶν
2533 2658 2813 2726 Ἰσαύρων,
2844 2656 3073 2719 τούτους
3112 2655 3453 2723 κατακράτος
3488 2652 3764 2722 ἐνίκησεν.

2192 2752 2305 2809 Καὶ
2363 2751 2588 2821 πέμψας
2645 2750 2781 2821 πρὸς
2837 2750 3122 2819 Εὑφήμιον
3152 2746 3414 2800 Εὐσέϐιον
3463 2744 3555 2799 τδν
3595 2745 3769 2814 μάγι-

2195 2859 2375 2913 στρον,
2405 2840 2555 2912 δηλοῖ
2574 2840 2708 2911 πρὸς
2740 2839 2901 2894 αὐτόν
2925 2840 3059 2909 (50)·
3086 2840 3153 2891 Δί
3180 2837 3335 2909 εὐχαί
3363 2854 3524 2891 σου...
3550 2835 3691 2907 (51).

2268 3028 2357 3075 ια’.
2385 3022 2448 3073 Ol
2479 3018 2754 3072 ἐπίϐουλοι
2785 3017 3070 3089 Εὐφημίου
3098 3018 3204 3071 τινὶ
3237 3017 3593 3088 ὑποθέμενοι,
3619 3032 3770 3088 παρ-

2196 3112 2500 3167 εσκεύασαν
2560 3110 2870 3181 ἔμπροσθεν
2920 3111 3015 3164 τοῦ
3068 3110 3404 3181 μιτατωρίου
3436 3108 3549 3179 (52)
3612 3109 3773 3178 ξίφος

516 3205 619 3271 ριι
646 3196 939 3267 Euphemii
985 3195 1199 3251 feriret.
1231 3197 1433 3252 Verum
1468 3198 1671 3254 Paulus
1704 3199 1959 3255 defensor
1987 3202 2087 3257 Ec-

2200 3206 2321 3260 κατ*
2340 3202 2504 3258 αὑτοῦ
2540 3203 2863 3274 γυμνῶσαι,
2887 3204 2978 3256 καὶ
3008 3202 3149 3256 κατά
3187 3203 3285 3271 τῆς
3314 3200 3557 3271 κεφαλῆς
3584 3200 3774 3271 Εὐφη-

520 3288 721 3356 clesiaa,
749 3304 875 3345 cum
901 3297 1049 3345 esset
1078 3304 1311 3359 procero
1340 3306 1594 3361 corpore,
1624 3293 1827 3348 vulnus
1857 3308 1958 3364 pro
1989 3294 2098 3349 Eu-

2207 3296 2330 3367 μίου
2373 3296 2638 3366 ὁρμῆσαι.
2676 3293 2840 3349 Ἀλλά
2872 3292 3083 3358 Παῦλος
3105 3295 3133 3347 ὁ
3168 3292 3381 3357 ἔκδικος
3407 3292 3472 3363 (ε)
3503 3292 3602 3362 τῆς
3646 3290 3776 3345 Ἐκ-

1813 3428 1900 3482 VA
1910 3430 2049 3484 RI/E
2088 3430 2490 3487 LECTIONES.

586 3516 635 3554 “
660 3516 725 3577 (Ξ.
755 3518 859 3591 τῆς
896 3520 1106 3583 πόλεως
1138 3519 1238 3590 τῆς
1273 3519 1563 3591 βασιλίδος.

1720 3608 1898 3665 VALE
1908 3609 1993 3664 Sll
2026 3610 2584 3668 ANNOTATIONES.

591 3702 705 3773 (ιϐ)
759 3701 1179 3773 Ζήλφ-οῦσης.
1216 3700 1596 3773 scribendum
1656 3712 1741 3773 est
1795 3701 2105 3773 ζηλωτρίας

591 3720 705 3773 (ιο)
759 3720 932 3769 amp
968 3720 1179 3767 ουσης.
1231 3720 1596 3757 bertnenaum
1656 3720 1741 3757 εει
1795 3720 1821 3765 ι,
1868 3720 2099 3772 Αωτριας

519 3772 710 3843 οὔσης,
752 3779 817 3843 ιιι
855 3771 1056 3843 legitur
1085 3770 1677 3843 _apud__Theophanem
1714 3772 1773 3843 in
1801 3720 2099 3835 Cilironico,

521 3840 720 3914 pagina
761 3842 887 3914 117,
919 3840 1038 3894 υἱιί
1084 3840 1177 3914 hic
1210 3840 1486 3914 Theodori
1534 3842 1688 3896 locus
1745 3841 2101 3906 describitur,

523 3911 871 3980 dissimulato
908 3918 1091 3963 tamen
1115 3911 1237 3980 ejus
1269 3912 1514 3964 nomine.

600 3978 709 4045 (47)
759 3980 879 4047 Τὴν
927 3976 1252 4047 ὁμολογίαν
1320 3981 1507 4033 αὑτοῦ
1574 3980 1853 4043 βεϐαίως.
1921 3976 2103 4033 Malim

523 4050 752 4110 omnino
780 4049 1023 4104 scribere
1059 4050 1271 4116 βιαίως,
1304 4049 1770 4119 quemadmodum
1811 4050 2013 4119 legitur
2048 4051 2107 4104 in

520 4120 802 4179 Chronico
832 4119 1210 4189 Theophanis.
1236 4136 1360 4189 pag.
1395 4119 1518 4172 I20.

597 4136 802 4174 II’OIIICO
833 4136 863 4173 '1
882 4136 1360 4240 neopriants.lpag.
1395 4136 1518 4172 Izu.

597 4190 709 4260 (-58)
734 4190 840 4243 Kal
859 4188 965 4251 ἕως
988 4194 1215 4243 Κοτυαε
1244 4189 1689 4260 ουνέξέδραμον.
1723 4188 1847 4243 llaec
1879 4188 2108 4245 uberius

524 4260 1062 4332 eXpositaeleguntur
1092 4260 1257 4332 apud»
1289 4259 1681 4332 Theophanem
1715 4260 1784 4332 in_
1807 4260 2104 4332 Chronico,

566 4329 650 4401 ag.
701 4330 824 4384 118.
860 4331 935 4384 De
965 4329 1096 4401 hac
1124 4330 1661 4401 Aeladehlsaurorum
1721 4329 1787 4383 ad
1828 4330 2107 4401 Cotyaeum

526 4347 650 4455 pag.
701 4347 824 4384 ιιδ.
860 4347 935 4384 ue
995 4347 1096 4383 nac
1140 4347 1296 4383 eiaae
1347 4347 1661 4383 isaurorum
1721 4347 1787 4383 au
1828 4347 2103 4401 Latyteum

573 4402 773 4470 hrygiae
826 4400 1074 4468 loquitur
1122 4398 1471 4453 Marcellinus
1508 4400 1561 4470 in
1589 4398 1885 4467 Chronico,
1954 4401 2103 4455 indi-

528 4469 713 4523 ctione
746 4470 830 4532 15.
867 4470 1157 4538 Anastasio
1185 4471 1321 4538 Aug.
1356 4478 1413 4523 et
1442 4469 1584 4523 Rufo
1611 4484 1753 4523 coss.

610 4538 717 4607 (49)
764 4538 943 4605 ’Υπὲρ
968 4535 1086 4590 τῶν
1140 4535 1429 4605 Ἰσαῦρων
1470 4538 1697 4592 καλεῖν.
1740 4540 2104 4595 Scribendum

529 4618 617 4664 est
641 4609 832 4677 procul
862 4607 1036 4662 dubio
1079 4610 1442 4678 παρακαλεῖν,
1471 4608 1935 4678 quemadmodum
1966 4612 2016 4665 le

530 4629 617 4664 εει
641 4629 832 4677 procur
862 4629 1036 4662 unum
1079 4629 1442 4678 παρακαλειν,
1471 4629 1935 4678 quemaumoaum
1966 4629 2016 4665 Ie
2058 4629 2105 4664 t-

530 4679 817 4752 t_.ur_apud
876 4678 1267 4752 Theophanem
1311 4680 1367 4733 in
1444 4679 1741 4752 Chronico,
1797 4697 1918 4752 pag.
1980 4629 2103 4735 Ill).
2138 4655 2182 4710 θ

530 4748 723 4805 Paulo
755 4748 1029 4821 post,_ub_i
1080 4749 1363 4821 legebatur
1392 4751 1527 4821 πρὸς
1567 4748 1821 4821 Ἰωάννην
1868 4748 1959 4807 τὸν
1987 4752 2107 4821 πρί-

531 4834 671 4891 κιον,
731 4817 1054 4891 emendavi_
1077 4817 1169 4871 τὸν
1232 4817 1536 4889 πατρίκιον,
1599 4829 1659 4874 ιιι
1697 4817 1897 4890 legitur
1960 4817 2105 4891 apud

532 4888 951 5011 Theephanem.
1014 4887 1181 4943 Error
1219 4887 1383 4945 natus
1420 4899 1507 4944 est
1543 4906 1611 4945 ex
1641 4887 1929 4962 scripturae
1955 4887 2107 4947 com-

532 4973 636 5011 nen
683 4974 753 5011 ιο.

531 4973 753 5028 penum.

749 5030 1187 5108 Al__aexal_agv.
1211 5031 1352 5108 _Pos_t
1374 5031 1491 5086 haec
1516 5031 1686 5108 verba
1716 5031 2019 5108 asteriscus
2046 5031 2104 5085 in

531 5097 779 5179 editione
812 5097 1341 5179 Robertiﬁtephani
1377 5102 1685 5179 apposi_tus,
1719 5102 1901 5179 locum
1934 5102 2105 5179 “hunc

533 5170 792 5240 mutilum
829 5186 951 5225 esse
977 5170 1203 5225 indicat.
1230 5170 1432 5228 Verum
1451 5170 1528 5227 ex
1553 5171 1905 5240 Theophanis
1926 5170 2105 5226 Chro-

534 5238 829 5329 nicozpag.
858 5240 983 5327 lgO,
1018 5243 1173 5329 locus
1204 5242 1544 5329 supplendus
1565 5252 1651 5296 est
1673 5238 1973 5329 hoe'r‘nodo
1997 5259 2010 5295 :

534 5309 693 5377 εὐχαί
729 5309 844 5370 σου,
885 5309 929 5363 ὧ
967 5313 1129 5381 μέγα,
1178 5309 1519 5379 τοὺξίφίλους
1555 5328 1648 5363 σου
1674 5311 2013 5381 ὴσὸόλωσαν.
2046 5312 2105 5367 Id

533 5386 647 5452 est,
674 5378 950 5452 Oroliones
981 5390 1105 5445 tum,
1140 5401 1168 5435 ο
1202 5398 1395 5452 magne
1423 5383 1521 5443 vir,
1553 5382 1749 5434 amicos
1783 5390 1895 5452 tuos
1923 5382 2106 5452 fuligi-

536 5464 598 5527 ne
630 5450 996 5527 impleverunt.
1051 5453 1208 5527 Apud
1255 5450 1566 5527 Gedrenum
1608 5462 1786 5527 tamen
1834 5451 1890 5504 in
1932 5450 2107 5527 Chro-

533 5520 681 5584 nico,
713 5520 780 5574 ad
812 5538 1020 5577 annum
1052 5520 1405 5577 5’Anastasii.
1443 5521 1607 5576 aliter
1649 5521 1914 5590 scriptum
1944 5523 2101 5577 inve-

2208 3705 2287 3766 ni,
2324 3703 2431 3757 hoc
2484 3702 2696 3758 scilicet
2746 3700 2911 3755 modo
2944 3717 2957 3753 :
2996 3700 3063 3754 Al
3094 3698 3253 3768 εὐχαί
3289 3714 3384 3752 σου
3430 3699 3491 3768 αί
3534 3697 3775 3766 μεγάλαι

2206 3775 2335 3836 τοὺς
2360 3774 2547 3842 φίλους
2584 3789 2676 3823 σου
2699 3771 3044 3842 ίήσὸόλωσαν.
3076 3767 3192 3842 ξω
3234 3767 3588 3842 Theophanis
3628 3769 3775 3842 scri-

2207 3838 2383 3911 ριιιιτι⁷
2404 3843 2608 3896 rectior
2637 3841 2774 3895 mihi
2812 3842 3050 3895 videtur.
3103 3840 3274 3911 Porro
3320 3838 3639 3911 Anastasius
3674 3838 3779 3911 his

2207 3908 2395 3965 verbis
2418 3911 2789 3980 exprobrabat
2830 3908 3545 3981 Euphremiopatriarchae,
3581 3908 3777 3981 amici-

2212 3982 2337 4035 tiam
2361 3990 2418 4034 et
2451 3978 2767 4035 societatem
2795 3978 2933 4035 cum'
2960 3990 3121 4051 gente
3175 3979 3495 4051 ls_aur_orum_
3526 3996 3539 4031 :
3569 3978 3778 4049 quibus

2207 4051 2344 4105 nihil
2381 4050 2654 4120 profuisse
2685 4052 2869 4105 aiebat
2898 4048 3179 4120 orationes
3206 4048 3521 4120 Euphemii.

2277 4118 2395 4191 (51)
2421 4121 2481 4175 In
2518 4136 2621 4175 ms.
2656 4130 2881 4175 notatur
2910 4121 2978 4175 ad
3013 4119 3313 4191 marginem
3352 4118 3549 4191 λείπει.

2274 4188 2793 4259 (ΒΞΓΕμπροσθεν
2828 4191 2935 4244 τοῦ
2982 4188 3356 4259 μιτατωρίου.
3406 4188 3773 4259 Theophanes

2212 4260 2265 4315 in
2294 4261 2589 4325 Chronico,
2629 4277 2752 4331 pag.
2792 4262 2913 4327 119,
2961 4258 3227 4331 scriptum
3282 4258 3627 4331 habc_t_,__rrpb_
3672 4258 3772 4310 τοῦ

2212 4328 2756 4402 μαρτυρίουχαιίιιὶο
2789 4332 2861 4385 ita
2899 4332 3030 4402 legit
3064 4328 3382 4402 Anastasius
3407 4328 3776 4382 Bibliotheca-

2210 4400 2346 4467 riu‘s,
2380 4400 2474 4471 qui
2529 4401 2917 4471 Theophanem
2973 4401 3166 4471 Latine
3196 4400 3607 4471 interpretatus
3660 4409 3770 4452 est.

2212 4472 2320 4550 Sed
2359 4468 2542 4550 vehior
2581 4468 2985 4550 est'seriptura
3023 4469 3302 4550 Theodori
3332 4468 3774 4550 nostri,_€p.1rpo-

2212 4544 2337 4595 σθεν
2371 4541 2466 4595 τοῦ
2503 4544 2855 4611 μιτατωρίου.
2883 4540 3226 4595 Metatorium
3258 4540 3419 4611 locus
3447 4547 3567 4592 erat
3596 4540 3652 4591 in
3680 4553 3777 4593 ec-

2211 4613 2397 4676 clesia,
2437 4609 2685 4679 in‘quem
2720 4609 3093 4666 descendebat
3129 4609 3441 4679 patriarcha
3492 4617 3618 4679 post
3642 4623 3774 4677 per-

2210 4691 2391 4737 actum
2417 4678 2677 4743 oflicium,
2709 4690 2765 4736 et
2816 4696 2883 4735 ex
2912 4696 3021 4750 quo
3075 4678 3531 4750 procedebatﬁad
3576 4678 3772 4739 altare,

2211 4752 2684 4822 quemadmodum,
2698 4746 2958 4805 scribitur
2987 4752 3041 4805 in
3060 4746 3395 4822 Euchologio
3415 4746 3732 4822 Graecorum
3758 4765 3771 4799 :

2211 4819 2306 4876 tibi
2339 4822 2484 4877 idem
2517 4838 2637 4877 esse
2660 4821 2864 4877 dicitur
2891 4836 3014 4876 cum
3050 4820 3356 4883 diaconico,
3386 4819 3502 4873 sive
3534 4826 3779 4872 secreta-

2212 4893 2317 4946 rio.
2351 4892 2428 4946 De
2462 4893 2757 4946 metatorio
2792 4893 2945 4946 locus
2969 4899 3055 4945 est
3090 4890 3325 4943 illustris
3355 4890 3410 4943 in
3444 4889 3567 4943 Vita
3600 4888 3776 4956 impe-

2211 4963 2415 5017 ratoris
2448 4961 2649 5017 Leonis
2680 4962 3015 5031 philosophi,
3052 4961 3145 5031 qui
3178 4960 3249 5014 ob
3292 4968 3517 5031 quartas
3547 4958 3781 5031 nuptias

2211 5028 2719 5087 excommunicatus
2750 5043 2870 5087 erat
2900 5028 2930 5085 Ξι
2970 5028 3281 5102 patriarcha
3311 5045 3327 5083 :
3358 5029 3520 5102 Ὅθεν
3548 5028 3775 5102 διὰ-τοῦ

2211 5102 2387 5167 δεξιοῦ
2436 5102 2635 5173 μέρους
2682 5103 2935 5172 διήρχετο
2970 5097 3060 5173 ἐἰς
3113 5101 3174 5173 τὸ
3215 5097 3584 5173 μιτατώριον.
3638 5099 3775 5173 Quae

2207 5174 2376 5227 verba
2408 5168 2668 5243 leguntur
2711 5168 2875 5227 etiam
2919 5171 3061 5240 apud
3118 5168 3463 5243 Cedrenum,
3497 5184 3619 5238 pag.
3666 5168 3776 5223 495

2205 5240 2861 5312 editionis'Augustanaa.
2912 5244 2988 5295 Ex
3033 5256 3145 5312 quo
3201 5240 3499 5312 colligitur,
3533 5247 3775 5312 metato-

2208 5313 2351 5366 rium
2386 5308 2699 5379 separatum
2738 5313 2909 5367 fuisse
2948 5312 3016 5366 ab
3054 5308 3313 5373 ecclesia,
3340 5308 3440 5364 seu
3487 5308 3671 5379 potius
3701 5309 3775 5363 ab

2208 5328 2351 5366 rium
2386 5328 2443 5367 se
2485 5328 2699 5366 aratum
2738 5328 2909 5367 luisse
2948 5328 3016 5366 an
3059 5328 3313 5373 eccnesna,
3346 5328 3440 5364 seu
3487 5328 3671 5379 ponus
3701 5328 3775 5363 an

2206 5384 2382 5437 altari.
2419 5328 2676 5453 Eliusdem
2716 5383 2823 5436 loci
2858 5382 3064 5437 mentio
3098 5381 3157 5435 fit
3186 5397 3215 5435 a
3244 5379 3455 5435 Codino
3500 5380 3558 5433 in
3595 5378 3776 5447 Origi-

2209 5454 2357 5507 nibus
2381 5453 2995 5521 Constantinopolitanis.

1944 5631 2331 5690 VARIORUM.

605 5721 675 5792 (ι’)
704 5723 816 5779 Τοῦ
848 5726 916 5779 δὲ
945 5724 1211 5795 πολέμου
1235 5725 1333 5779 ἐπὶ
1353 5724 1530 5779 πέντε
1548 5724 1653 5792 ἔτη
1675 5725 2106 5792 κρατήσαντος.

536 5795 672 5867 Male
724 5797 885 5850 vertit
942 5796 1230 5867 Valesius:
1265 5797 1519 5867 Quinque
1576 5811 1748 5850 annos
1815 5797 2106 5850 continuos

538 5866 793 5922 durasset
826 5883 838 5918 :
874 5882 1017 5920 anno
1047 5866 1195 5920 enim
1226 5866 1618 5937 quinto'lincm
1658 5868 1889 5938 accepit,
1926 5867 2105 5937 inquit

2216 5726 2412 5796 Pagius
2447 5726 2513 5781 ad
2543 5742 2669 5781 ann.
2706 5728 2830 5789 498,
2864 5744 2920 5781 ιι.
2948 5728 2997 5782 6.
3029 5728 3113 5783 W.
3148 5725 3365 5781 Lowru.

2285 5794 2351 5865 (is)
2403 5798 2465 5849 '0
2520 5796 2775 5863 ἔκδικος.
2834 5799 3104 5852 Patronus
3166 5806 3286 5851 erat
3341 5794 3771 5858 ecclesiasticus,

2212 5870 2305 5940 qui
2330 5868 2585 5924 Ecclesia:
2609 5869 2736 5940 jura
2774 5878 2831 5925 et
2855 5868 3141 5940 privilegia
3189 5875 3336 5924 sarta
3368 5873 3516 5921 tecta
3541 5879 3769 5921 conser-
