4148 6484
514 466 615 535 191

1746 473 2137 535 THEODORI
2179 473 2547 536 LECTORIS

3657 466 3762 533 192

507 582 729 645 missus,
778 596 903 636 cum
949 582 1191 636 venisset
1232 580 1793 651 Constantinopolim,
1839 586 2087 642 hortatus

2198 588 2374 652 τικὰς,
2399 587 2569 640 ὲλοὼν
2592 588 2673 647 εἰς
2700 586 2799 655 τὴν
2835 585 3099 656 βασιλίδα,
3134 584 3241 639 τῶν
3270 580 3585 654 κορυφαίων
3622 580 3764 635 ἀπο-

506 682 592 730 est
633 681 694 727 ut
735 671 1004 741 principis
1060 672 1433 739 apostolorum
1485 674 1631 728 Petri
1665 691 1729 730 ac
1765 676 1917 731 Pauli
1969 693 2085 731 me-

507 764 684 818 moria
733 776 928 831 magno
966 776 1091 814 cum
1130 761 1337 815 honore
1382 763 1649 832 cultuque
1682 765 2083 821 celebraretur.

507 854 767 920 Quamvis
818 852 985 921 igitur
1034 860 1197 906 antea
1243 870 1463 923 quoque
1528 856 1802 910 celebrata
1854 856 2084 921 fuisset,

507 947 766 1013 deinceps
790 952 917 1013 post
945 944 1267 1013 petitionem
1297 946 1463 1011 Festi,
1496 947 1654 1018 longe
1679 950 1872 1019 majori
1901 950 2086 1019 splen-

508 1034 641 1089 dore
669 1051 732 1089 ea
770 1034 1039 1089 festivitas
1071 1047 1289 1106 peracta
1314 1046 1419 1092 est.

578 1128 663 1182 17.
694 1129 1053 1183 Macedonius
1084 1129 1374 1199 synodicas
1404 1131 1616 1186 litteras
1643 1132 1708 1185 ad
1737 1132 2087 1187 Anastasium

507 1218 767 1274 Romanae
812 1220 965 1274 urbis
993 1220 1312 1289 episcopum
1357 1236 1454 1290 per
1482 1221 1630 1274 hunc
1660 1221 1836 1291 ipsum
1867 1222 2087 1276 Festum

508 1311 726 1365 mittere
758 1312 1099 1366 decreverat.
1136 1311 1244 1367 Sed
1289 1328 1357 1367 ne
1401 1312 1453 1366 id
1505 1312 1729 1376 faceret,
1778 1312 2091 1383 prohibitus

506 1414 593 1459 est
634 1404 703 1458 ab
738 1404 1095 1474 imperatore.
1123 1404 1298 1459 Porro
1331 1405 1523 1459 Festus
1553 1406 1792 1468 occulte,
1820 1414 1878 1459 ut
1909 1404 2086 1469 aiunt,

510 1498 828 1567 imperatori
878 1506 1222 1568 suggesserat
1262 1505 1323 1550 ut
1382 1497 1641 1566 episcopo
1686 1497 1932 1551 Romano
1961 1513 2089 1567 per-

510 1591 771 1645 suaderet
794 1599 854 1645 ut
876 1590 1115 1644 Zenonis
1137 1589 1401 1644 Henotico
1422 1589 1813 1644 subscriberet.
1834 1589 1940 1644 Sed
1963 1606 2087 1643 cum

513 1680 743 1735 Romam
774 1680 1033 1744 venisset,
1063 1680 1411 1734 Anastasium
1441 1680 1759 1749 episcopum
1786 1680 1895 1750 jam
1940 1696 2089 1751 mor-

515 1783 673 1827 tuum
702 1772 928 1841 reperit.
956 1771 1135 1837 Quare
1174 1785 1397 1839 operam
1438 1769 1594 1825 dedit
1620 1778 1681 1823 ut
1708 1786 1805 1840 per
1854 1770 2090 1825 schisma

510 1871 797 1933 promotus
822 1862 1007 1918 edicto
1042 1862 1120 1916 illi
1151 1862 1546 1916 subscriberet.
1590 1862 1774 1917 Multis
1808 1862 1975 1933 igitur
1999 1878 2092 1931 pe-

2196 679 2380 731 στόλου
2422 677 2534 747 (58)
2564 677 2771 748 Πέτρου
2834 678 2928 729 καὶ
2975 675 3189 730 Παύλου
3233 674 3333 744 τὴν
3378 672 3624 742 μνήμην,
3658 670 3763 722 σὺν

2195 769 2365 840 πολλῇ
2410 772 2546 840 τιμῇ
2592 769 2686 821 καὶ
2744 767 3046 837 σεϐάσματι
3091 764 3435 836 παρεκάλεσε
3488 759 3767 830 γίνεσθαι.

2206 856 2665 926 Ἐπιτελουμένης
2693 857 2749 910 δὲ
2784 857 2879 910 καὶ
2906 857 3196 927 πρότερον,
3229 854 3370 925 πλὴν
3399 852 3457 918 ἐξ
3490 849 3769 922 αἰτήσεως

2193 948 2435 1019 Φήστου,
2471 947 2653 1019 πολλῷ
2684 948 2846 1002 πλέον
2872 946 3117 1019 ηὐξήνθη
3149 948 3247 1019 τῆς
3266 946 3526 1017 τοιαύτης
3553 947 3612 1000 τὸ
3635 962 3767 1014 φαι-

2193 1040 2316 1111 δρὸν
2343 1041 2728 1111 πανηγύρεως.

2269 1130 2357 1195 ιζ’.
2386 1132 2485 1186 Διὰ
2513 1131 2706 1187 τούτου
2738 1131 2831 1186 τοῦ
2869 1132 3083 1203 Φήστου
3108 1132 3153 1164 ¹³
3178 1131 3335 1196 δίκας
3373 1131 3492 1203 (59)
3517 1132 3771 1188 Μακεδό-

2194 1240 2311 1285 νιος
2349 1222 2691 1291 Ἀναστασίῳ
2715 1220 2791 1291 τῷ
2815 1221 3104 1289 ὲπισκόπῳ
3138 1219 3359 1290 Ῥώμης
3392 1221 3609 1293 πέμψαι
3638 1221 3770 1290 ἠθέ-

2193 1316 2378 1385 λησεν.
2419 1313 2700 1384 Ἐκωλύθη
2746 1314 2803 1367 δὲ
2854 1313 3014 1367 τοῦτο
3042 1314 3193 1385 παρὰ
3226 1312 3493 1382 βασιλέως
3540 1313 3771 1384 ποιήσα-

2197 1408 2341 1461 σθαι.
2409 1407 2615 1475 Φῆστος
2683 1406 2759 1469 δὲ,
2795 1404 2870 1470 ὡς
2928 1405 3107 1474 λόγος,
3165 1404 3397 1458 ὑπέθετο
3459 1402 3635 1473 λάθρα
3687 1400 3770 1471 τῷ

2198 1498 2409 1568 βασιλεῖ
2455 1496 2592 1567 (60),
2624 1498 2837 1551 πείθειν
2886 1498 2975 1551 τὸν
3044 1496 3264 1567 Ῥώμης
3322 1496 3619 1549 ἐπίσκοπον
3686 1492 3770 1563 τῷ

2206 1589 2482 1658 Ἐνωτικῷ
2562 1590 2808 1657 Ζήνωνος
2884 1590 3244 1660 ὑπογράφειν.
3308 1586 3511 1641 Ἐλθὼν
3589 1585 3647 1639 δὲ
3706 1584 3769 1639 ὲν

2210 1680 2393 1753 Ῥώμῃ
2420 1675 2545 1751 εὗρε
2567 1680 2659 1733 τὸν
2692 1679 2993 1733 ἐπίσκοπον
3034 1676 3384 1732 Ἀναστάσιον
3414 1676 3487 1747 (υ)
3512 1673 3769 1744 τελευτήτ

2200 1789 2387 1829 σαντα.
2420 1773 2511 1826 Διὸ
2560 1772 2798 1842 σπουδὴν
2829 1772 3124 1841 ἐποιήσατο
3151 1769 3241 1824 διὰ
3282 1769 3541 1840 σχήματα
3565 1766 3672 1837 (61)
3702 1764 3767 1818 τὸ

2198 1861 2533 1934 ζητούμενον
2584 1859 2921 1931 ὑπογράψαι.
2970 1858 3337 1930 ’Υποφθείρας
3380 1857 3489 1927 γὰρ
3522 1856 3767 1927 χρήμασι

509 1957 673 2011 cunia
699 1956 991 2025 corruptis,
1032 1955 1218 2009 ellecit
1251 1963 1310 2008 ut
1335 1964 1538 2024 praater
1575 1963 1854 2023 receptum
1887 1971 2087 2010 morem

2199 1955 2472 2019 πλείονας,
2504 1951 2889 2025 παρεσκεύασε
2936 1951 3281 2022 ψηφίσασθαι
3320 1951 3401 2013 είς
3457 1947 3758 2001 ἐπίσκοπον

471 2096 475 2103 .
510 2049 789 2105 Romanus
832 2046 1056 2120 quidam
1093 2045 1255 2117 575
1289 2047 1517 2103 nomine
1562 2047 1914 2111 Laurentius,
1963 2047 2085 2117 epi-

2192 2047 2342 2119 παρὰ
2358 2048 2420 2101 τὸ
2449 2046 2589 2111 ἔθος,
2605 2045 2885 2117 Ῥωμανόν
2911 2046 2956 2079 ιδ
2980 2061 3104 2099 τινα
3121 2042 3255 2116 (62),
3280 2035 3325 2111 ᾧ
3345 2043 3519 2112 ὄνομα
3536 2035 3605 2112 ἦν
3620 2042 3767 2094 Λαυ-

1871 2189 2105 2246 ἺΑΒΙΑΞ
2144 2187 2553 2246 LECTIONES.

582 2281 625 2312 ¹³
646 2281 708 2335 C.
738 2283 951 2352 Φήστου
984 2282 1254 2337 συνοδικά.
1335 2284 1379 2315 ίδ
1416 2283 1478 2340 C.
1526 2285 1818 2355 Ῥωμαῖον.

1714 2400 1987 2457 VALESII
2019 2398 2578 2457 ANNOTATIONES.

579 2493 690 2562 (58)
727 2493 849 2547 Τῶν
890 2496 1243 2564 Κορυφαίων
1278 2496 1651 2549 ἀποστόλου.
1717 2494 2088 2549 Scribendum

508 2564 783 2647 puto-filii:
815 2565 1131 2647 ἀποστόλων
1183 2566 1487 2647 κορυφαίου
1544 2566 1750 2647 Πέτρου
1792 2566 1885 2647 καὶ
1942 2566 2091 2617 Παύ-

509 2634 625 2706 λου,
659 2635 853 2689 Petrus
887 2636 1034 2706 enim
1075 2634 1299 2706 proprie
1336 2644 1391 2689 et
1448 2650 1547 2704 per
1578 2634 1961 2706 excellentiam
1994 2651 2092 2687 vo-

509 2704 625 2777 cari
654 2706 791 2777 solet
821 2722 849 2759 a
878 2704 1102 2771 Graecis]
1136 2704 1440 2777 coryphams
1480 2705 1860 2777 apostolorum,
1899 2715 1959 2759 ut
1980 2707 2090 2775 jam

509 2775 606 2828 alii
633 2774 1023 2830 observarunt.
1056 2774 1337 2831 Interdum
1368 2774 1551 2831 tamen
1597 2776 1795 2829 Petrus
1829 2774 1993 2830 simul
2029 2790 2094 2830 ac

510 2844 714 2916 Paulus
741 2847 1015 2916 coryphaai
1074 2846 1342 2901 dicuntur
1376 2846 1774 2916 apostolorum.
1821 2846 1901 2901 Ita
1953 2848 2094 2901 Pru-

510 2914 737 2969 dentius
767 2916 819 2969 in
842 2905 987 2971 libro
1022 2918 1161 2985 Περὶ
1191 2905 1512 2985 στεφάτὲων
1536 2934 1549 2947 ·

834 3006 929 3060 Hic
962 3024 1147 3077 nempe
1164 3009 1285 3078 jam
1317 3018 1543 3078 regnant
1587 3010 1691 3063 duo

831 3078 1206 3149 Apostolorum
1240 3081 1506 3149 principes
1542 3095 1559 3133 :

830 3148 982 3220 Alter
1014 3158 1234 3203 uocatur
1277 3152 1551 3220 gentium;

829 3218 980 3291 Alter
1010 3218 1320 3274 cathedram
1350 3222 1619 3291 possidens

828 3288 1093 3354 Primam,
1123 3300 1232 3345 etc.

509 3400 1101 3476 Quare__scribendum
1131 3403 1242 3457 erit
1289 3402 1394 3457 hoc
1443 3402 1587 3468 loco,
1634 3402 1747 3456 τῶν
1777 3403 2093 3476 κορυφαίων

508 3470 848 3527 ἀποστόλων.

583 3542 694 3608 (59)
730 3543 833 3596 Διά
869 3543 1086 3596 τούτου
1138 3540 1245 3595 τοῦ
1293 3543 1774 3610 Φήστουδίκας.
1828 3544 2092 3600 Scriben-

510 3612 644 3685 dum
678 3623 764 3667 est
787 3614 985 3685 procul
1015 3612 1186 3666 dubio
1221 3614 1528 3685 cuvobixdrg.
1562 3614 1727 3685 Certe
1751 3617 1894 3685 apud
1926 3617 2092 3671 Nice-

508 3684 749 3753 phorum
786 3683 841 3736 in
870 3684 1013 3738 libro
1038 3699 1148 3745 xvi,
1178 3699 1297 3753 cap.
1325 3684 1414 3751 '55,
1440 3684 1536 3739 ubi
1566 3685 1655 3740 hic
1685 3683 1964 3741 Theodori
2010 3688 2092 3740 lo-

509 3769 612 3808 cus
645 3753 1002 3827 describigir,
1037 3754 1239 3827 legitur
1268 3753 1338 3806 τὰ
1375 3754 1887 3827 συνοδιᾼκὰζ-ειψριο
1911 3758 2095 3827 γράμ-

515 3840 680 3904 ματα.
707 3822 866 3904 Apud
890 3822 1281 3904 Theophanem
1295 3833 1501 3904 ‘autem
1545 3824 1600 3904 iu
1633 3822 1932 3904 Chropico,
1952 3822 2091 3897 'pa'g.

514 3895 636 3959 525,
669 3893 935 3962 scriptum
954 3902 1041 3948 est
1080 3895 1139 3946 τὸ
1164 3893 1438 3947 συνοδικδν
1464 3894 1520 3947 in
1550 3894 1815 3962 singulari
1836 3893 2090 3951 numero.

512 3964 591 4044 ρο
636 3963 955 4044 his_porro_
980 3964 1261 4044 synodicis
1316 3964 1518 4044 litteris
1558 3963 1731 4044 multa
1768 3965 2096 4044 pbservavit

512 4033 888 4088 Bernardinus
915 4033 1204 4089 Ferrarius
1235 4035 1289 4088 in
1316 4035 1459 4089 libro
1484 4034 1732 4089 secundo
1759 4033 1833 4089 De
1849 4035 2096 4091 ecclesia-

511 4105 655 4176 sticis
687 4102 896 4168 litteris,
936 4105 1114 4176 capite
1159 4114 1337 4159 sexto.
1383 4104 1661 4176 Nonnulla
1694 4104 1863 4176 etiam
1896 4106 2093 4176 scripsi

511 4173 570 4228 in
599 4174 743 4229 libro
794 4176 958 4229 tertio
1003 4173 1441 4230 Observationum
1487 4173 1967 4231 ecclesiasticarum
2011 4173 2093 4233 ‘ad

511 4243 798 4315 Socratem
831 4255 997 4315 atque
1028 4245 1417 4315 Sozomenum.

586 4314 697 4388 (60)
727 4313 1239 4388 fraébcrotldﬂpa
1267 4313 1350 4379 τῷ
1373 4313 1642 4388 βασιλεῖ.
1684 4314 1967 4388 Musculus
2011 4316 2095 4373 le-

513 4385 656 4456 gisse
682 4385 905 4457 'videtur
932 4386 1233 4457 ὑπέσχετο,
1274 4394 1441 4457 ut_ex
1478 4385 1940 4455 interpretatione
1970 4389 2092 4457 ejus

514 4454 760 4525 apparet.
799 4456 894 4511 Sic
918 4454 1527 4527 enimp'vertitiFestus
1560 4472 1703 4521 vero,
1729 4458 1863 4510 sicut
1900 4454 2091 4527 fertur,

511 4524 826 4595 imperatori
864 4524 1169 4580 clanculum
1205 4525 1466 4594 pollicitus
1503 4537 1599 4588 est,
1629 4524 2009 4595 persuasurum
2039 4545 2094 4583 se

512 4594 753 4668 Romano
781 4598 1041 4668 episcopo,
1071 4604 1177 4650 etc.
1231 4595 1518 4668 Vulgatam
1546 4594 1729 4652 tamen
1759 4599 2092 4668 scripturam

2194 2494 2287 2547 ubi
2340 2492 2433 2547 hic
2470 2490 2749 2546 Theodori
2802 2496 2959 2548 locus
2996 2488 3351 2551 describitur,
3404 2487 3605 2557 legitur
3639 2502 3767 2539 συν-

2193 2563 2347 2617 έθετο
2375 2580 2387 2614 :
2422 2561 2570 2631 quod
2598 2561 2823 2630 quidem
2855 2561 3029 2631 magis
3051 2561 3252 2629 placet.
3286 2558 3411 2613 Haec
3431 2567 3624 2631 autem
3653 2557 3769 2631 duo

2191 2634 2361 2688 verba
2398 2628 2560 2702 longe
2585 2628 2865 2686 diversum
2891 2628 3135 2702 eﬂiciunt
3155 2644 3397 2702 sensum.
3431 2628 3591 2702 Prius
3616 2630 3769 2702 enim

2196 2704 2332 2757 illud
2361 2698 2612 2763 ὑπέθετο,
2660 2702 2913 2771 designat
2945 2701 3169 2757 Festum
3219 2700 3274 2754 id
3312 2698 3607 2771 consilium
3664 2699 3769 2755 de-

2192 2774 2340 2829 disse
2377 2772 2665 2829 Anastasio
2700 2770 3043 2841 imperatori,
3078 2780 3140 2825 ut
3170 2770 3504 2841 persuadere
3533 2783 3770 2841 conare-

2193 2853 2286 2899 tur
2321 2842 2612 2899 Anastasio
2652 2839 2804 2912 papé
2831 2850 2894 2897 ut
2949 2839 3187 2897 Zenonis
3217 2839 3770 2912 Heneticum‘susci-

2196 2925 2371 2982 peret.
2410 2908 2667 2969 Alterum
2686 2908 2875 2966 autem
2917 2912 3151 2967 verbum
3204 2910 3479 2982 συνέθετο,
3539 2908 3771 2963 denotat

2196 2980 2418 3039 Festum
2445 2984 2514 3039 ab
2542 2983 2873 3051 imperatore
2900 2982 3192 3037 Anastasio
3221 2980 3599 3051 sollicitatum,
3635 2996 3739 3051 pro
3757 3009 3773 3020 -

2196 3055 2415 3111 misisse
2452 3054 2504 3109 ei
2544 3050 2940 3123 persuasurum
2970 3068 3029 3108 se
3051 3050 3367 3123 Anastasio
3391 3066 3544 3121 papae
3583 3059 3645 3104 ut
3667 3050 3777 3123 Z_e-

2195 3127 2357 3180 nonis
2412 3120 2681 3180 Henptico
2712 3124 3105 3179 subscriberet.
3148 3122 3328 3191 Atque
3359 3120 3777 3189 hic'posterior

2197 3210 2394 3251 sensus
2432 3194 2618 3249 verior
2650 3194 2887 3247 videtur.

2271 3267 2383 3337 (61)
2420 3266 2522 3337 Διὰ
2550 3262 2855 3337 σχήματα.
2890 3262 3049 3319 Hunc
3076 3264 3275 3337 locum
3316 3259 3663 3337 Nicephorus
3693 3261 3775 3316 ita

2120 3340 2163 3398 C
2199 3331 2471 3406 expressit
2494 3352 2517 3406 7:
2544 3331 2630 3387 διδ
2648 3331 2886 3406 σπουδὴν
2916 3336 3155 3406 ἐξποιεῖτο
3185 3333 3424 3406 σχήματι
3444 3331 3515 3406 το
3527 3331 3777 3402 ὑπεσχη-

2201 3402 2361 3485 ιέένον
2387 3402 2878 3485 ,καθυπογρᾴφειν
2926 3404 2983 3458 ld
3034 3414 3140 3485 est,
3176 3402 3245 3458 ut
3273 3402 3442 3485 vertit
3493 3402 3715 3485 Langus
3754 3420 3770 3456 :

2194 3473 2427 3532 Proinde
2449 3473 2678 3546 aperam‘
2696 3474 2955 3546 dedityut
2980 3473 3060 3528 vel
3090 3491 3181 3545 per
3206 3474 3427 3546 speciem
3455 3482 3548 3546 aut
3574 3473 3778 3546 _simu—-

2197 3542 2569 3613 lationem,'ea
2604 3562 2766 3615 quam
2797 3544 3064 3614 pollicitus
3090 3542 3287 3614 fuerat,
3306 3542 3617 3615 subscriptio
3645 3559 3778 3615 per—

2193 3612 2463 3686 ﬁceretur.
2514 3612 2628 3686 Ego
2658 3612 2805 3669 vero'
2836 3612 3191 3686 scribendum
3224 3629 3371 3686 esse
3394 3612 3651 3686 existimo
3664 3612 3778 3686 ῥιά

2196 3683 2494 3758 σχίσματα,
2526 3683 2587 3740 ut
2625 3686 2717 3741 hic
2738 3686 2809 3739 sit
2842 3700 3038 3758 sensus
3071 3685 3238 3758 hujus
3264 3683 3372 3739 loci
3405 3700 3418 3736 :
3449 3683 3641 3738 Festus
3663 3683 3781 3737 Ro-

2196 3755 2340 3835 mani
2368 3772 2642 3835 reversus,
2685 3771 2826 3835 cum.
2858 3755 3207 3835 Anastasjum
3257 3768 3457 3835 papam
3484 3762 3774 3835 mortuum

2196 3828 2678 3898 deprehendisset,
2710 3824 2950 3898 schisma
2978 3826 3032 3880 in
3063 3823 3305 3898 Ecclesia
3325 3825 3581 3898 _Boma_na
3617 3823 3777 3898 esci-

2196 3893 2354 3956 tavit.
2383 3908 2445 3952 ut
2468 3898 2588 3967 ejus
2634 3895 2927 3967 occasione
2962 3896 3255 3966 perliceret
3288 3894 3343 3948 id
3372 3893 3523 3965 quod
3552 3893 3779 3965 pollici-

2198 3978 2288 4022 tus
2328 3965 2512 4023 fuerat
2543 3965 2832 4037 Anastasio
2865 3965 3204 4037 imperatori.

2270 4038 2380 4105 (62)
2418 4037 2579 4105 Παρὰ
2605 4035 2670 4088 τὸ
2693 4036 2830 4102 ἔθος
2860 4032 3165 4103 Ῥὡμανόν
3193 4051 3345 4090 τινα.
3375 4032 3628 4105 Dubitari
3658 4048 3774 4105 non

2198 4106 2472 4162 immerito
2508 4104 2717 4175 potest
2794 4121 2895 4160 cur
2947 4114 3148 4175 praeter
3203 4104 3661 4175 consuetudinem
3716 4104 3775 4157 id

2196 4178 2402 4233 factum
2427 4174 2549 4232 esse
2582 4176 2791 4231 scribat
2813 4174 3170 4242 Theodorus;
3208 4188 3276 4230 an
3300 4175 3432 4244 quia
3460 4174 3629 4228 moris
3660 4189 3775 4228 non

2195 4258 2316 4303 erat
2355 4257 2415 4304 ut
2468 4263 2536 4302 ex
2574 4247 2790 4301 civibus
2844 4246 3106 4301 Romanis
3151 4245 3450 4316 eligeretur
3479 4245 3779 4314 episcopus

2198 4320 2354 4373 urbis
2390 4320 2594 4373 Roma.
2621 4316 2730 4372 Sed
2760 4318 2868 4371 hoc
2892 4316 3004 4371 dici
3031 4331 3140 4370 non
3168 4323 3370 4385 potest,
3390 4331 3515 4369 cum
3546 4325 3603 4368 et
3630 4317 3778 4368 Ana-

2196 4390 2398 4443 stasius
2428 4404 2589 4459 papa,
2624 4388 2918 4459 quiipaulo
2955 4386 3343 4459 ante_obi_erat,
3374 4394 3430 4439 et
3457 4385 3613 4459 multi
3644 4393 3778 4459 ante

2196 4459 2351 4514 illum
2382 4455 2628 4529 episcopi
2647 4455 2833 4529 urbis,
2856 4458 3045 4529 Romae
3079 4456 3208 4529 facti
3242 4458 3353 4511 sint
3388 4456 3613 4529 nati_one
3660 4455 3775 4508 Ro-

2196 4531 2365 4593 mani,
2395 4525 2456 4583 ut
2496 4525 2686 4583 videre
2712 4536 2797 4583 est
2824 4528 2880 4581 in
2912 4527 3052 4583 Vitis
3077 4527 3466 4597 episcoporum
3498 4525 3780 4597 Romano-

2197 4615 2343 4653 rum.
2375 4598 2552 4654 Verba
2583 4599 2751 4669 igitur
2784 4599 2899 4669 illa,
2930 4597 3082 4664 παρὰ
3110 4595 3171 4669 τὸ
3202 4597 3342 4669 ἔθος,
3370 4611 3477 4669 non
3517 4595 3776 4649 referun-

513 4667 807 4739 eonlirmat
835 4667 1181 4739 Nicephorus
1199 4665 1289 4739 _in
1338 4666 1535 4739 capite
1565 4669 1844 4723 tricesimo
1873 4665 2092 4739 ‘quinto
2124 4681 2168 4736 ι)
2199 4678 2288 4723 tur
2320 4669 2389 4724 ad
2422 4670 2475 4723 id
2527 4665 2676 4739 quod
2726 4668 2973 4739 proxime
3000 4668 3275 4739 sequitur.
3308 4665 3616 4739 Referenda
3645 4674 3781 4739 sunt

513 4734 644 4789 libri
693 4752 803 4799 xvr,
838 4737 930 4791 ubi
972 4734 1138 4789 'huuc
1198 4734 1473 4790 Theodori
1526 4738 1705 4792 locum
1752 4739 1826 4793 ita
1880 4734 2088 4795 refert:

527 4805 587 4877 f0
616 4805 670 4877 δὲ
702 4806 908 4877 Φῆστος
938 4805 1110 4877 λάθρα
1143 4806 1342 4877 μᾶλλον
1379 4807 1591 4876 βασιλεῖ
1632 4809 1873 4877 προσιὼν
1904 4811 2093 4863 ὑπετί-

516 4873 619 4950 θει-
657 4875 894 4950 ίκανῶς.Δ
924 4874 1082 4950 ἔχειν*
1126 4873 1221 4950 καὶ
1273 4873 1642 4950 unquam
1676 4873 1769 4933 τὸν
1830 4880 2092 4950 πρόεδρον

528 4944 988 5019 Ῥῴμηςῇπείθειν
1015 4944 1092 5019 τῷ
1134 4946 1382 5019 Ζήνωνος
1414 4948 1657 5019 ἑνωτικῴ
1719 4944 2089 5012 συντίθεσθαι,

515 5016 609 5068 καὶ
639 5016 933 5087 αὐτόχειρα
971 5015 1148 5087 τούτῳ
1188 5015 1699 5086 ύποσημαίνειν.ἶ(1
1720 5029 1825 5085 est,
1854 5029 1914 5074 ut
1944 5020 2091 5075 Lan-

515 5102 617 5161 gus
638 5084 807 5161 vertit
839 5084 953 5161 :Et
981 5084 1161 5161 Festus
1189 5087 1243 5140 in
1264 5084 1473 5161 secreto
1504 5089 1766 5161 colloquio
1786 5090 2099 5161 imperatori

512 5155 850 5231 signiﬁcavit,
879 5157 1234 5231 Anastasiun:
1256 5155 1558 5231 Romanum
1605 5155 1894 5215 antistitem
1938 5178 1994 5215 se
2021 5163 2101 5231 fa-

516 5228 613 5299 cile
631 5227 891 5282 adducere
918 5244 1065 5299 posse
1090 5235 1157 5299 ut
1191 5227 1420 5299 Zenonis
1447 5229 1699 5285 Ilenotico
1729 5227 2098 5297 assentiretur,

516 5298 665 5367 eique
715 5316 877 5352 manu
919 5297 1021 5353 sua
1076 5297 1443 5353 subscriberet.
1490 5299 1655 5356 Certe
1694 5303 1925 5357 verbum
1984 5304 2092 5355 ὺπ-

519 5366 677 5440 έθετο
710 5369 764 5424 id
791 5369 1085 5440 significat.
1114 5368 1384 5440 Sicicnim
1437 5369 1763 5428 Theodorus
1814 5382 2003 5429 noster
2036 5372 2091 5426 id

518 5438 749 5513 verbum
776 5438 1072 5513 usurpavit;
1093 5439 1259 5513 paulo
1289 5448 1436 5503 ante,
1465 5441 1567 5513 ubi
1597 5442 1665 5496 de
1692 5444 1929 5513 quodam
1954 5444 2095 5497 sica-

520 5507 606 5563 rio
643 5512 771 5579 agit,
804 5507 1309 5582 quifEupheiniuni
1332 5511 1637 5582 occidere,
1666 5507 1939 5569 voluerat.
1992 5514 2097 5569 Ve-

521 5591 647 5633 rum
678 5580 838 5651 apud'
879 5580 1277 5653 Theophanem
1331 5580 1386 5634 in
1439 5580 1740 5648 Chronico,
1790 5601 1912 5655 pag.
1974 5584 2093 5649 125,

2200 4741 2366 4811 igitur
2398 4735 2583 4809 potius
2619 4739 2687 4793 ad
2723 4735 2777 4811 id
2824 4738 2971 4811 quod
3032 4735 3309 4811 antecedit
3366 4756 3388 4811 :_
3428 4735 3780 4811 ψηφίσασθαι

2201 4806 2280 4869 εἷς
2314 4806 2614 4864 ἐπίσκοπον
2644 4809 2795 4877 παρὰ
2828 4806 2887 4861 τὸ
2912 4808 3054 4870 ἔθος.
3089 4808 3276 4877 Neque
3301 4807 3449 4862 enim
3486 4806 3609 4877 haec
3636 4820 3777 4859 con-

2201 4881 2436 4936 suetudo
2480 4880 2664 4935 fuerat
2715 4876 3093 4933 Romanorum
3135 4876 3204 4932 in’
3222 4878 3496 4932 electione
3528 4876 3780 4945 episcopi

2200 4952 2357 5006 urbis
2386 4952 2595 5014 Romte,
2627 4958 2688 5004 ut
2720 4949 3003 5004 decretum
3044 4964 3138 5004 seu
3174 4948 3486 5018 psephisma
3517 4946 3675 5018 ﬁeret
3697 4946 3781 5018 _de

2199 5023 2472 5078 electione
2504 5019 2783 5091 pontiﬁcis
2812 5020 3064 5074 Romani.
3117 5014 3443 5091 Hujusmodi
3494 5015 3643 5071 enim
3680 5014 3782 5070 de-

2203 5104 2355 5147 creta
2408 5089 2615 5147 ﬁebant
2667 5092 2727 5144 in
2760 5091 3033 5144 electione
3091 5089 3665 5158 metropolitanorum,
3714 5096 3784 5143 ut

2205 5163 2369 5217 docet
2390 5178 2567 5217 canon
2600 5161 2671 5215 28
2693 5160 2886 5225 synodi
2914 5156 3401 5215 Chalcedonensis.
3453 5156 3559 5213 Sed
3593 5172 3784 5225 neque

2206 5233 2324 5288 hinc
2342 5232 2615 5302 expositio
2648 5227 2784 5286 mihi
2810 5230 3101 5302 isatisl‘acit.
3135 5228 3294 5302 _Na_m
3343 5238 3399 5283 et
3436 5229 3493 5283 in
3533 5227 3785 5297 patriar-

2200 5299 2434 5357 charum
2467 5303 2739 5358 electione
2788 5301 3071 5355 decretum
3125 5299 3247 5354 ﬁeri
3294 5305 3683 5360 consueverat,
3722 5305 3785 5352 et

2198 5374 2449 5427 omnium
2477 5374 2873 5443 episcoporum,
2895 5369 3305 5443 subscriptione
3331 5368 3560 5443 (ignari,
3593 5376 3653 5423 ut
3682 5367 3787 5443 do-

2201 5452 2291 5498 cet
2318 5437 2691 5498 Theodoritus
2721 5444 2776 5497 in
2821 5442 2918 5495 lib.
2964 5458 3000 5495 ιι
3033 5437 3172 5494 Hist.
3218 5456 3338 5509 cap.
3375 5441 3465 5503 51,
3512 5454 3679 5510 agens
3711 5437 3786 5491 de

2202 5514 2553 5569 ordinatione
2584 5513 2789 5568 Meletii
2841 5511 3228 5566 Antiochensis
3261 5511 3530 5580 episcopi.
3555 5509 3558 5510 ⁷
3582 5509 3783 5580 Dicen-

2205 5584 2337 5638 dum
2367 5584 2538 5654 igitur
2564 5593 2651 5640 est
2680 5583 2886 5655 potius,
2916 5591 3047 5636 tunc
3090 5579 3784 5651 praater’consuctudinem

1959 5696 2349 5755 VARIOBUM.

599 5784 671 5857 (υ)
720 5787 1130 5859 Ἀ-ναστάσιον.
1164 5796 1488 5851 Anastasius
1521 5795 1590 5859 ll,
1625 5793 1828 5850 Gelasii
1868 5809 2097 5850 succes-

524 5873 639 5936 §9r.
682 5857 968 5936 ordinatus
1020 5861 1282 5936 fuitpdici
1316 5857 1585 5922 vicesima
1635 5875 1831 5934 quarta
1892 5866 2097 5936 mensis

527 5926 855 5986 Novembris
909 5931 1037 5985 anni
1096 5934 1217 5990 496.
1256 5935 1406 5991 Obiit
1459 5936 1550 6005 pie
1597 5926 1830 6006 septima
1878 5935 2095 5991 decima

2203 5791 2534 5847 Novembris
2563 5792 2693 5846 anni
2728 5767 2851 5847 $93.
2878 5790 3107 5846 Vacavit
3146 5787 3307 5843 sedes
3352 5786 3472 5842 dies
3509 5793 3774 5856 quatuor.

2206 5864 2346 5920 Tum
2376 5862 2665 5920 ordinatus
2691 5870 2776 5921 est
2799 5860 3184 5934 Symmachus.
3217 5859 3433 5916 PAGIUS.
