4148 6466
359 424 457 491 193

1325 418 1918 481 ΕΟΟΕΕΞΙΑΞΤΙΟᾸΞ
1956 415 2345 479 HISTORIA?
2384 418 2533 478 LIB-
2578 418 2661 477 ΙΙ.

3512 417 3614 485 191

362 539 579 611 ρὲντιος.
601 531 1050 604 χειροτονοῦνται
1080 532 1175 587 οὖν
1197 532 1309 598 δύο,
1341 532 1446 585 ὑπὸ
1478 533 1576 602 μὲν
1603 533 1713 586 τῶν
1744 532 1929 586 πλειό-

2044 545 2233 601 scopus
2273 529 2593 599 eligeretur.
2639 527 2760 581 Duo
2800 525 2984 596 itaque
3029 527 3269 584 ordinati
3296 540 3444 586 sunt.
3475 533 3546 589 Et
3578 550 3613 591 a

364 647 489 691 νων,
527 628 585 679 ἐκ
604 624 715 677 τῶν
751 624 1029 678 διακόνων
1055 623 1351 693 Σὺμμαχος
1382 640 1397 655 ·
1432 625 1498 676 ἐκ
1523 624 1579 676 δὲ
1604 624 1713 676 τῶν
1736 623 1933 689 ἄλλων,

364 718 699 788 Δαυρέντιος.
721 718 804 769 Δι’
826 717 924 780 οὓς
957 717 1053 771 καὶ
1074 717 1246 785 φόνοι,
1272 717 1364 769 καὶ⁸
1385 716 1655 785 ἁρπαγαὶ,
1686 718 1781 769 καὶ
1802 717 1937 770 ἄλλα

362 809 525 880 μυρξα
547 806 697 861 κακὰ
724 808 877 860 κατά
907 806 1009 877 τὴν
1056 805 1279 877 Ῥώμην
1306 806 1618 874 γεγόνασιν.
1660 806 1937 871 Ὡσαύτως

355 900 517 971 τριῶν
544 899 815 953 ἐνιαυτῶν
844 899 925 971 (x)
948 899 1305 970 κρατησάσης
1322 899 1422 968 τῆς
1442 898 1703 968 τοιαύτης
1734 899 1937 970 συγχύ-

354 1007 507 1053 σειικ,
540 989 875 1061 Θευδὲριχος
910 993 939 1043 ὁ
973 992 1182 1060 Ἀφρος
1207 988 1319 1061 (65)
1378 990 1600 1061 κρατῶν
1647 989 1773 1043 τότε
1833 990 1937 1060 τῆς

359 1081 689 1151 Ῥώμης,εί
744 1082 843 1135 καὶ
888 1080 1168 1152 ’Λρειανὸς
1203 1076 1304 1151 ἦν,
1346 1080 1566 1134 σύνοδον
1619 1080 1936 1134 ἐπισκόπων

350 1173 751 1242 ποιησάμενος,
812 1173 1099 1243 Συμμάχῳ
1151 1172 1248 1242 μὲν
1314 1172 1414 1241 τὴν
1470 1172 1783 1242 ἐπισκοπὴν
1834 1173 1936 1242 τῆς

360 1265 583 1335 Ῥώμης
615 1265 901 1335 ἐκύρωσεν
935 1304 949 1318 .
977 1264 1309 1333 Λαυρέπιον
1340 1264 1396 1317 δὲ
1426 1264 1508 1327 είς
1552 1265 1683 1334 μίαν
1711 1264 1938 1316 ἐπισκο-

348 1356 458 1427 πὴν
491 1356 718 1418 πόλεως
742 1355 972 1425 ὀνόματι
1002 1354 1278 1425 Νοκερίας
1306 1353 1664 1424 ὲνεθρόνισεν.
1692 1352 1939 1424 Λαυρέν-

346 1465 464 1510 tto;
500 1447 562 1500 δὲ
593 1447 696 1516 οὐχ
723 1445 1019 1517 ἡσύχασεν,
1043 1446 1162 1500 ἀλλ’
1194 1447 1274 1499 ἔτι
1320 1449 1420 1518 τῆς
1454 1449 1765 1517 ἐπισκοπῆς
1802 1446 1939 1498 Ῥώ-

348 1555 461 1609 μης
483 1539 695 1605 ἐφίετο.
729 1537 893 1591 Ὅθεν
917 1540 946 1590 ὁ
969 1538 1264 1609 Σύμμαχος
1304 1538 1699 1609 καθαιρεθῆναι
1726 1538 1935 1600 τοῦτον,

346 1631 444 1683 καί
464 1630 818 1702 ἐξορισθῆναι
856 1631 1287 1701 παρεσκεύασεν.
1321 1632 1432 1686 Καὶ
1463 1629 1635 1693 οὕτως
1666 1632 1701 1701 ἡ
1750 1632 1939 1693 στάσις

348 1721 655 1775 ἐπαύσατο.

421 1986 517 2057 ιη’.
586 1985 917 2058 Θευδέριχος
959 1988 989 2041 ὁ
1031 1987 1242 2059 ’Ᾱφρος
1264 2028 1280 2054 ,
1334 1988 1585 2043 διάκονόν
1635 2005 1755 2042 τινα
1795 1983 1941 2059 εἶχεν

345 2080 663 2150 ὁρθόδοξον,
696 2081 758 2133 ὃν
795 2081 939 2134 πάνυ
969 2079 1165 2150 ἠγάπα
1198 2082 1293 2134 καὶ
1328 2080 1585 2135 ἔθαλπεν.
1617 2075 1785 2144 Οὗτος
1821 2080 1879 2133 δὲ
1911 2082 1941 2134 ὀ

345 2174 603 2235 διάκονος
646 2170 887 2242 νομίζων
930 2170 1243 2243 Θευδερίχῳ
1288 2170 1638 2243 χαρίζεσθαι,
1686 2172 1787 2243 τῆς
1842 2172 1940 2226 τοῦ

346 2265 647 2335 ὁμοουσίου
678 2265 917 2326 πίστεως
946 2265 1193 2327 ἀποστάς
1225 2264 1357 2336 (64),
1391 2266 1502 2328 τοῖς
1539 2264 1750 2335 Ἀρείου
1774 2265 1940 2337 ἐφρό-

349 2375 519 2430 νησεν
552 2357 691 2428 (65).
742 2357 910 2420 Γνοὺς
946 2357 1005 2410 δὲ
1035 2356 1199 2410 τοῦτο
1236 2357 1579 2428 Θευδέριχος.
1628 2358 1721 2411 τὸν
1768 2357 1943 2422 οὕτως

350 2450 725 2521 ἀγαπώμενον
768 2449 974 2513 εὐθέως
1027 2449 1454 2517 ἀπεκεφάλισεν,
1501 2449 1713 2503 είπὼν·
1755 2451 1818 2503 Et
1864 2451 1943 2522 τῷ

352 2542 475 2613 Θεῷ
506 2543 693 2596 πίστιν
721 2542 826 2595 οὐκ
863 2540 1161 2611 ὲφύλαξας,
1204 2541 1321 2604 πῶς
1359 2540 1635 2613 ἀνθρώπῳ
1685 2542 1942 2612 φυλάξεις

353 2633 671 2703 συνείδησιν
693 2632 1049 2703 ὑγιαίνουσαν
1069 2649 1085 2697 ;

426 2724 518 2779 ιθ’.
558 2725 777 2797 Πέρσαι
819 2723 1139 2794 κινηθέντες
1190 2722 1335 2777 κατὰ
1390 2723 1695 2796 Ῥωμαίων,
1733 2724 1944 2778 πολλῶν

352 2817 703 2890 κατέδραμον
742 2819 990 2871 πόλεων·
1021 2816 1121 2870 καὶ
1160 2815 1395 2887 μάλιστα
1435 2816 1682 2888 Ἀμίδης.
1731 2816 1839 2870 Τοῦ
1885 2816 1943 2869 δὲ

346 2910 625 2979 βασιλέως
665 2909 805 2980 πρὸς
861 2909 1081 2981 Πέρσας
1149 2908 1385 2972 σπονδάς
1439 2912 1791 2981 ποιήσαντος,
1846 2909 1944 2963 καὶ

344 3002 513 3057 Βάνοι
542 3002 643 3056 τοῦ
678 3003 885 3057 Πόντου
918 3001 1263 3073 κατέδραμον
1288 3000 1422 3072 (66).

415 3187 489 3236 κ’.
554 3182 915 3243 Ἀναστάσιος
934 3182 993 3235 δὲ
1018 3183 1100 3243 είς
1126 3180 1196 3234 τά
1214 3180 1345 3233 πολε
1354 3178 1493 3251 μικά
1521 3179 1941 3251 ἀσχολούμενος,

340 3273 446 3344 τῆς
477 3272 627 3326 κατὰ
661 3272 771 3325 τῶν
811 3272 1111 3342 ὸρθοδόξων
1148 3271 1428 3325 ἐπαύσατο
1480 3271 1623 3341 βίας.
1650 3272 1851 3327 Ἥνικα
1884 3273 1941 3327 δὲ

347 3366 563 3438 μικρὰν
591 3367 661 3419 ὲκ
683 3364 795 3419 τῶν
826 3366 1108 3436 πολεμίων
1133 3364 1317 3420 ἄνεσιν
1354 3364 1571 3428 ἐλαϐεν,
1605 3364 1766 3419 πάλιν
1800 3365 1945 3420 κατά

340 3459 447 3529 τῆς
486 3458 847 3528 Ἐκκλησίας,
879 3457 1023 3512 κατά
1057 3459 1393 3512 Μακεδονίου
1426 3458 1539 3530 (67)
1582 3455 1869 3525 ὡπλίζετο.

416 3643 531 3690 aut.
571 3635 791 3701 Πολλὰς
829 3636 861 3689 ὁ
915 3635 1173 3707 βασιλεὺς
1232 3635 1591 3700 ’Δναστάσιος
1636 3635 1939 3707 ἐκκλησίας

340 3727 406 3779 ιν
435 3726 863 3780 Κωνσταντίνου
891 3726 1046 3779 πόλει
1071 3725 1375 3780 ἀνέκτισεν.
1402 3726 1501 3779 Διὰ
1520 3726 1622 3790 τὰς
1650 3728 1946 3798 γινομένας

342 3816 456 3869 ὑπὸ
480 3816 581 3869 τοῦ
610 3816 745 3870 λαοῦ
772 3816 994 3880 στάσεις
1018 3818 1077 3870 ὲν
1100 3820 1167 3888 τῇ
1197 3817 1351 3870 πόλει
1384 3817 1524 3871 κατά
1543 3816 1639 3871 τοῦ
1658 3818 1944 3889 βασιλέως,

2038 622 2233 693 majori
2282 619 2506 691 quidem
2562 627 2719 689 parte
2764 619 3052 674 ordinatus
3093 629 3176 673 est
3227 621 3611 693 Symmachus,

2039 730 2182 767 unus
2216 728 2283 767 ex
2318 711 2596 776 diaconis;
2631 710 2699 764 ab
2726 710 2849 765 aliis
2873 725 3006 765 vero
3030 710 3378 769 Laurentius.
3403 714 3617 781 Quibus

2038 804 2106 859 de
2135 805 2316 858 causis
2359 802 2536 858 caedes
2573 817 2639 856 ac
2667 801 3026 872 direptiones,
3061 812 3117 858 et
3146 805 3251 859 alia
3282 808 3421 861 mala
3450 809 3616 863 innu-

2037 896 2326 950 merabilia
2356 896 2545 949 Romae
2574 904 2704 948 sunt
2747 903 3082 964 perpetrata.
3124 895 3371 967 Cumque
3418 899 3619 970 hujus-

2039 987 2188 1041 modi
2240 986 2587 1057 perturbatio
2636 994 2747 1040 tres
2795 987 3090 1040 continuos
3136 1003 3312 1043 annos
3372 990 3428 1044 in
3480 992 3619 1046 urbe

2039 1079 2214 1134 Roma
2256 1084 2700 1147 perseverasset,
2744 1076 3125 1131 Theodericus
3174 1078 3325 1143 Afer,
3350 1079 3445 1149 qui
3502 1090 3621 1135 tum

2039 1171 2227 1225 Romae
2259 1170 2545 1240 regnabat,
2576 1168 2829 1239 quamvis
2855 1178 3003 1223 secta
3046 1178 3193 1224 esset
3222 1171 3479 1239 Arianus,
3505 1174 3622 1228 col-

2038 1261 2181 1316 lecta
2215 1270 2397 1315 tamen
2441 1260 2826 1331 episcoporum
2874 1260 3105 1330 synodo,
3139 1261 3468 1330 Symmacho
3500 1263 3623 1331 qui-

2038 1348 2164 1404 dem
2216 1349 2594 1420 episcopatum
2643 1348 2800 1403 urbis
2833 1348 3021 1403 Romaa
3067 1350 3624 1406 confirmavitzLau-

2039 1442 2279 1497 rentium
2304 1456 2437 1496 vero
2462 1441 2745 1512 cujusdam
2776 1441 2952 1505 urbis,
2984 1456 3106 1510 qua:
3136 1441 3368 1496 Nuceria
3397 1442 3621 1508 dicitur,

2038 1531 2357 1602 episcopum
2390 1530 2698 1585 constituit.
2739 1530 3076 1585 Laurentius
3109 1539 3293 1586 tamen
3334 1532 3624 1602 haudqua-

2038 1639 2204 1694 quam
2232 1623 2462 1694 quievit,
2493 1623 2590 1678 sed
2624 1624 3003 1694 episcOpatum
3036 1623 3194 1679 urbis
3220 1624 3408 1678 Romae
3443 1624 3626 1680 adhuc

2039 1713 2251 1768 ambire
2288 1728 2401 1767 non
2430 1712 2662 1767 destitit.
2693 1712 2863 1780 Quam
2898 1714 2970 1767 ob
3005 1729 3227 1768 causam
3258 1730 3384 1769 eum
3419 1714 3622 1785 deponi

2040 1812 2097 1859 et
2126 1804 2182 1858 in
2211 1804 2464 1859 exsilium
2490 1805 2632 1859 mitti
2663 1806 2877 1860 curavit
2901 1805 3280 1877 Symmachus.
3310 1806 3489 1877 Atque
3519 1807 3626 1863 hoc

1972 1897 2017 1952 Β
2044 1895 2209 1951 modo
2236 1895 2439 1951 seditio
2463 1897 2747 1966 consopita
2782 1904 2887 1951 est.

2116 1988 2203 2042 18.
2237 1986 2616 2042 Theodoricus
2638 1986 2769 2042 Afer
2798 1988 3093 2043 diaconum
3118 1989 3410 2059 quemdam
3437 1989 3627 2046 ortho-

2043 2079 2248 2135 doxum
2281 2080 2497 2146 habuit,
2546 2096 2712 2150 quem
2757 2083 2921 2137 unice
2962 2082 3227 2153 diligebat
3273 2098 3338 2138 ac
3382 2083 3622 2140 fovebat.

2043 2171 2146 2227 Hic
2174 2186 2289 2225 rem
2315 2181 2523 2241 gratam
2547 2172 2892 2227 Theodorico
2919 2172 3191 2228 facturum
3228 2189 3286 2229 se
3308 2174 3624 2241 arbitratus,

2042 2278 2075 2317 a
2115 2263 2599 2318 consubstantialis
2628 2264 2733 2318 fide
2767 2264 3077 2331 discedens,
3110 2265 3226 2320 Arii
3260 2266 3458 2337 dogma
3508 2283 3629 2321 am-

2043 2357 2236 2427 plexus
2266 2363 2370 2411 est.
2398 2354 2554 2421 Quod
2584 2356 2678 2410 ubi
2708 2358 2977 2427 comperit
3008 2358 3409 2419 Thcodoricus.
3442 2361 3627 2415 statim

2042 2449 2094 2504 ei
2128 2464 2293 2518 quem
2341 2456 2629 2517 tantopere
2659 2448 2946 2521 diligebat,
2985 2460 3152 2521 caput
3181 2454 3508 2522 amputavit,
3543 2454 3630 2509 his

2042 2541 2231 2596 verbis
2275 2556 2410 2596 usus
2439 2559 2452 2595 :
2479 2540 2536 2596 Si
2579 2542 2693 2595 Deo
2723 2540 2887 2596 fidem
2937 2558 3049 2597 non
3092 2544 3345 2608 servasti,
3389 2560 3628 2613 quonam

2044 2641 2206 2702 pacto
2235 2633 2504 2687 sinceram
2533 2633 2928 2688 conscientiam
2959 2634 3168 2689 homini
3193 2644 3510 2691 servaturus
3532 2638 3632 2691 es?

2116 2723 2203 2778 19.
2260 2725 2459 2789 Persae,
2509 2725 2862 2795 expeditione
2908 2735 3160 2795 suscepta
3207 2726 3472 2783 adversus
3516 2729 3630 2784 Ro-

2044 2830 2237 2870 manos
2267 2816 2469 2870 multas
2500 2816 2689 2879 urbes,
2727 2832 2791 2871 ac
2826 2818 3102 2887 praecipue
3128 2817 3379 2872 Amidam
3416 2818 3615 2873 invasa.

2046 2917 2196 2961 runt.
2230 2907 2423 2961 Postea
2458 2922 2591 2962 vero
2622 2922 2748 2961 cum
2784 2908 3085 2977 imperator
3107 2908 3429 2964 Anastasius
3452 2908 3634 2965 foedus

2044 3015 2171 3054 cum
2201 2998 2386 3053 Persis
2416 2998 2659 3062 fecisset,
2692 2998 2863 3053 Tzani
2893 3015 3113 3070 quoque
3158 3000 3215 3055 in
3256 3001 3493 3056 Pontum
3538 3018 3634 3057 ex-

2046 3091 2337 3146 cursiones
2361 3089 2635 3145 fecerunt.

2115 3182 2205 3238 20.
2244 3183 2416 3237 Porro
2462 3182 2809 3251 Anastasius,
2858 3185 3101 3255 quandiu
3149 3186 3372 3256 quidem
3416 3187 3633 3245 bellicis

2048 3276 2217 3331 rebus
2252 3273 2535 3330 districtus
2568 3276 2880 3342 tenebatur,
2913 3277 2982 3331 ab
3027 3278 3458 3333 orthodoxorum
3504 3297 3633 3350 per-

2050 3368 2337 3423 secutione
2394 3367 2680 3422 abstinuit.
2736 3368 3030 3437 Postquam
3083 3385 3215 3424 vero
3265 3372 3545 3439 paululum
3599 3389 3631 3427 a

2049 3460 2266 3514 bellicis
2310 3459 2768 3529 occupationibus
2792 3459 3102 3528 respiravit,
3153 3460 3337 3515 denuo
3368 3462 3633 3519 adversus

2049 3549 2323 3605 Ecclesiae
2343 3558 2401 3603 et
2433 3557 2626 3603 contra
2656 3549 3037 3604 Macedonium
3068 3550 3389 3605 insurrcxit.

2120 3640 2210 3695 2i.
2242 3641 2568 3696 Anastasius
2610 3642 2910 3711 imperator
2942 3642 3144 3698 multas
3187 3644 3448 3702 ecclesias
3487 3644 3633 3701 Con-

2046 3732 2403 3802 stantinopoli
2446 3732 2793 3788 instauravit.
2828 3731 3100 3787 Caeterum
3152 3734 3225 3789 ob
3260 3735 3485 3791 crebras
3531 3753 3632 3807 po-

2044 3823 2163 3895 puli
2194 3823 2493 3878 seditiones
2518 3839 2640 3893 quae
2685 3823 2744 3877 in
2790 3824 2929 3879 urbe
2972 3824 3121 3895 regia
3151 3824 3418 3881 adversus
3449 3827 3630 3897 ipsum

342 3908 622 3978 ἐπενόησε
660 3909 756 3961 τὸν
790 3908 1034 3980 ἔπαρχον
1076 3907 1178 3978 τῆς
1220 3909 1429 3974 πόλεως
1467 3908 1784 3965 ἀκολουθεῖν
1823 3915 1940 3976 ταῖς

2044 3915 2267 3979 flebant,
2298 3914 2630 3986 excogitavit
2654 3915 2976 3972 Anastasius
3036 3925 3097 3971 ut
3145 3916 3435 3987 praefectus
3475 3920 3631 3975 urbis

1579 4024 1852 4082 VALESII
1881 4026 2328 4085 ANNOTATION
2338 4028 2438 4084 ES.

343 4114 404 4170 id
434 4114 720 4187 evenisse,
768 4123 833 4168 ut
861 4129 972 4187 uno
996 4115 1109 4185 jam
1146 4117 1330 4187 electo
1356 4116 1640 4187 pontifice,
1675 4120 1819 4174 alter
1849 4134 1946 4174 su-

340 4186 761 4256 pereligeretur
788 4184 1101 4255 episcopus.
1131 4184 1287 4252 Quod
1330 4184 1554 4256 quidem
1590 4205 1718 4243 raro
1752 4190 1946 4244 admo-

341 4255 481 4331 dum
516 4255 713 4331 Romae
742 4255 1045 4331 contigisse
1089 4255 1374 4312 fatendum
1416 4266 1522 4323 est,
1572 4268 1945 4331 praeterquam

341 4327 403 4380 in
433 4325 771 4395 pontificatu
801 4324 1045 4380 Damasi.

417 4395 989 4469 (ϐἒῇθειζδέριχοςρό
1014 4398 1260 4469 ζἈςρρος.
1284 4396 1502 4469 Quzeret
1523 4397 1614 4469 hic
1643 4398 1941 4469 quispiam,

2054 4138 2177 4194 rum
2204 4138 2393 4177 amore
2434 4124 2633 4194 arsisse
2665 4123 2821 4194 fingit
2853 4141 2866 4177 :
2909 4136 3057 4193 quoa
3094 4133 3275 4181 tamen
3332 4142 3444 4181 non
3491 4128 3629 4188 dicit

2052 4193 2423 4268 Nicephorus.
2463 4193 2555 4248 Sic
2582 4193 2860 4268 enimille
2890 4211 2904 4248 :
2937 4196 3182 4268 διάκονός
3207 4214 3293 4261 τις
3340 4199 3406 4268 τῇ
3451 4199 3629 4267 om..-

2052 4263 2217 4341 νοιξσῃ
2239 4264 2421 4341 πίστει
2438 4264 2688 4341 στοιχῶν.
2710 4266 3030 4341 περιμανῶς
3047 4263 3624 4341 ῂγαπ-ἄτο-τιξῖἋφρῳ,

2052 4333 2151 4405 καὶ
2177 4333 2386 4405 παντὸς
2409 4333 2503 4386 τοῦ
2531 4334 2751 4405 ἥδοντος
2781 4333 2914 4404 παρ’
2942 4333 3152 4388 ἐκείνου
3186 4333 3453 4405 άπήλαυε.
3489 4333 3623 4405 Quae

2050 4403 2132 4475 sic
2158 4403 2425 4475 vertenda
2451 4412 2613 4475 erant
2645 4420 2658 4457 :
2693 4403 2997 4459 Ministrum
3025 4403 3328 4475 quemdam,
3353 4403 3627 4466 catholij

342 4464 449 4545 cur
479 4464 883 4545 Theodori-cus,
907 4464 1216 4545 Gothorum
1244 4483 1342 4521 rex
1388 4467 1522 4545 Afer
1562 4464 1798 4545 dicatur}
1852 4464 1944 4526 Sic
1968 4473 2019 4534 D
2044 4472 2171 4541 fidei
2196 4480 2528 4545 sectatorem,
2558 4474 2905 4528 Theodericus
2941 4464 3070 4545 Afe'r
3096 4478 3288 4530 mirum
3315 4464 3385 4531 'in
3411 4464 3625 4536 modum

341 4536 500 4592 enim
527 4536 983 4606 cognominatur.
1002 4552 1114 4591 non
1134 4536 1313 4592 solum
1344 4552 1375 4590 a
1400 4537 1696 4593 Theodoro
1725 4548 1938 4605 nostro,

343 4608 445 4678 sed
480 4605 659 4678 etiam
711 4621 743 4659 a
772 4605 1111 4676 Theophane
1156 4622 1222 4662 ac
1273 4607 1610 4677 Nicephoro.
1666 4609 1940 4678 Equidem

344 4676 529 4732 fateor
564 4677 736 4749 huju_s
752 4678 1103 4749 cognomenti
1121 4693 1344 4749 causam
1373 4676 1510 4732 mihi
1532 4676 1760 4749 prorsus
1782 4680 1942 4748 igno-

345 4756 457 4802 tam
485 4744 655 4801 σεῦε(
675 4744 855 4801 61·εοί
882 4746 1106 4816 quidem
1139 4744 1550 4802 Theodoricuui
1593 4748 1740 4804 hunc
1780 4744 1942 4806 Vala-

343 4832 568 4897 ruerem
588 4816 1008 4897 cognominant,
1031 4833 1100 4872 eo
1128 4818 1277 4897 quod
1316 4818 1618 4897 Valameris
1650 4819 1795 4897 regis
1831 4820 1945 4875 Go-

338 4888 579 4970 thorum
606 4886 760 4941 filius
792 4897 963 4970 esset,
991 4897 1088 4970 aut
1128 4886 1313 4970 potius
1346 4904 1543 4970 nepos.
1577 4890 1661 4943 An
1710 4886 1944 4970 fortasse

335 4958 517 5011 Vafer
544 4957 977 5027 cognominatus
1006 4957 1221 5022 est,’ob
1272 4957 1531 5013 eximiam
1582 4960 1941 5028 prudentiam

329 5043 515 5100 atque
550 5028 818 5081 astutiam
858 5047 871 5080 :
902 5028 1053 5097 quod
1086 5036 1514 5100 cognomentum
1540 5038 1730 5099 postea
1764 5029 1941 5086 Graaci

328 5099 395 5153 in
429 5099 618 5168 ἀφρος
642 5106 930 5168 mutarunt
959 5115 973 5150 2
1002 5113 1129 5152 cum
1164 5098 1409 5154 'Vafrum
1450 5098 1595 5153 idem
1649 5116 1772 5155 esse
1813 5116 1940 5157 cum

329 5168 477 5224 Afro
516 5166 936 5239 existimarent.
975 5168 1084 5224 Sed
1116 5169 1239 5239 haec
1272 5168 1411 5223 levis
1435 5171 1755 5239 conjectura
1796 5181 1901 5227 est.

411 5238 533 5364 ρει)
569 5239 846 5302 Πίστεως
888 5239 1186 5305 ὑποστάς.
1220 5238 1590 5294 Scribendum
1632 5248 1718 5295 est
1749 5242 1942 5310 procul

458 5312 518 5363 io
556 5307 836 5364 ἀποστὰς.
892 5318 951 5361 ut
1002 5308 1205 5364 legitur
1247 5310 1393 5364 anud
1440 5310 1667 5364 Suidam
1721 5312 1776 5364 in
1809 5327 1942 5364 voce

328 5307 518 5364 dubio
556 5307 857 5379 ἀποστάς.
892 5318 967 5379 ut,
1002 5308 1205 5379 legitur
1247 5310 1393 5378 apud
1440 5310 1667 5365 Suidam
1721 5307 1776 5365 in
1809 5327 1947 5367 voce

330 5380 705 5448 Θευὸἐριχος,
730 5377 823 5432 ubi
847 5378 938 5432 hic
955 5377 1232 5433 Theodori
1252 5377 1407 5434 locus
1418 5379 1772 5436 describitur.
1788 5382 1948 5435 Eam-

330 5451 465 5506 dem
498 5448 813 5504 historiam
839 5464 908 5503 ex
942 5448 1238 5503 Theodoro
1270 5460 1462 5504 nostro
1493 5450 1761 5505 describit
1786 5452 1947 5506 Nice-

2047 4543 2432 4622 a4_arr_tabat,_et
2473 4553 2662 4622 cuncta
2696 4561 2813 4614 qua:
2838 4545 2921 4599 illi
2940 4543 3181 4615 jucunda
3223 4558 3412 4615 essent,
3442 4568 3625 4622 prom-

2048 4615 2286 4684 ptissime
2314 4613 2593 4684 tribuebat.

2123 4683 2235 4753 (65)
2264 4682 2391 4760 Ἰξοῒς
2433 4683 3043 4760 Ἀρείοιιέφρόνησεν.
3068 4686 3298 4744 Rectius
3318 4689 3464 4760 apud
3496 4690 3625 4747 Sui-

2048 4751 2175 4827 dam
2195 4751 2499 4827 scribitur,
2531 4755 2602 4808 τὰ
2635 4751 2845 4827 Ἀρείου
2877 4751 3195 4827 ἐφρόνησεν.

2125 4823 2238 4900 (6_6)
2274 4823 2384 4877 Καὶ
2416 4822 2737 4900 Βάκοι-τρῦ
2780 4822 3009 4881 πόντου
3029 4822 3432 4900 έατέδραμον.
3470 4832 3623 4889 Scri-

2050 4893 2295 4964 bendum
2355 4895 2547 4964 procul
2580 4894 2755 4951 dubio
2786 4905 2872 4951 est
2903 4902 2998 4951 καὶ
3028 4893 3248 4963 Τζάνοι.
3292 4893 3490 4964 Tzani.
3524 4920 3622 4959 seu

2050 4962 2184 5016 Zani
2222 4962 2413 5033 populi
2449 4973 2608 5019 erant
2641 4966 2799 5021 Lazis
2828 4967 3047 5022 finitimi
3084 4962 3141 5023 et
3181 4962 3513 5028 Armeniis:
3554 4974 3625 5030 de

2049 5033 2254 5106 quibus
2291 5034 2463 5106 multa
2495 5035 2689 5106 scripsi
2730 5038 2787 5091 in
2821 5038 3272 5096 adnotationibus
3301 5042 3367 5096 ad
3418 5043 3621 5097 librum

2045 5117 2153 5180 xxv
2177 5104 2455 5158 Ammiani
2508 5104 2830 5180 Marcellini,
2883 5109 3029 5164 haud
3081 5112 3275 5180 procul
3323 5113 3391 5166 ab
3440 5113 3624 5167 initio.

2046 5172 2164 5227 Hoc
2191 5183 2375 5228 autem
2407 5175 2669 5230 mendum
2696 5188 2882 5232 natum
2912 5190 2997 5235 est
3026 5172 3097 5235 ei
3123 5180 3386 5235 afﬁnitate
3412 5182 3623 5236 littera-

2045 5260 2216 5368 ,ε
2248 5259 2376 5298 nam
2409 5245 2489 5308 τζ¹
2512 5255 2569 5301 et
2607 5246 2638 5316 β
2674 5264 2925 5319 magnam
2963 5250 3109 5306 inter
3136 5266 3195 5305 sc
3227 5252 3435 5306 habent
3463 5253 3622 5307 simi-

2069 5331 2082 5368 l
2116 5331 2146 5367 u
2193 5330 2361 5368 mem.

2069 5330 2361 5369 ttuamem.

2122 5384 2232 5457 (67)
2265 5386 2426 5457 Κατὰ
2486 5385 2598 5453 τῆς
2641 5388 3022 5454 Ἐκκλησιάς,
3068 5389 3219 5443 κατὰ
3271 5390 3376 5445 τοῦ
3421 5394 3621 5447 Μακε-

2045 5451 2277 5528 deﬁcit:
2304 5454 2483 5528 _Lego
2521 5451 2664 5510 κατὰ
2698 5458 2798 5527 τῆς
2843 5451 3195 5528 Ἕκκλήσίας,
3240 5462 3335 5514 καὶ
3372 5462 3622 5520 Μακεδο-

330 5518 1326 5599 phorusin.cap;3§,li_l_3.i6.yerum
1347 5522 1469 5599 ejus
1496 5521 1773 5590 interpres
1790 5523 1944 5591 gravi
2048 5524 2182 5577 νῐου.
2218 5524 2354 5579 Vide
2392 5518 2809 5596 Theophanem,
2853 5545 2976 5599 pag.
3019 5518 3140 5583 198.

332 5588 694 5646 Contumelia
724 5588 912 5643 affecit
946 5588 1391 5655 Theodoricum,
1422 5591 1552 5643 dum
1585 5588 1711 5645 eu'm
1743 5588 1947 5661 puero-

1815 5703 2200 5761 VARIURUM.

408 5799 490 5883 (α)
526 5798 725 5867 Τριῶν
774 5797 1104 5883 ἐνιαυτῶν.Δ
1133 5800 1272 5883 Male
1309 5800 1481 5855 vertit
1528 5799 1803 5883 Valesius,
1836 5811 1942 5854 tres

342 5870 621 5927 attiguas
644 5886 862 5939 annos;
902 5885 1030 5926 cum
1091 5871 1257 5927 tertio
1304 5887 1452 5928 anno
1498 5870 1745 5927 nondum
1798 5885 1947 5925 com-

2053 5800 2204 5881 plente
2232 5801 2643 5881 seditionsopita
2688 5804 2877 5874 fuerit,
2916 5804 3095 5880 inquit
3130 5808 3328 5881 Pagius
3378 5810 3445 5868 ad
3488 5828 3620 5873 ann.

2056 5871 2179 5938 500,
2217 5888 2274 5926 n.
2316 5873 2369 5929 8.
2399 5872 2487 5928 W.
2524 5871 2741 5930 Lowru.
