4148 6462
558 423 660 488 195

1767 412 2164 477 THEODORI
2204 413 2576 475 LECTORIS

3706 404 3811 471 196

547 554 694 610 pone
724 534 888 607 576
910 540 1235 602 sequeretur
1266 529 1321 584 in
1352 526 1591 598 publicis
1614 524 2132 596 supplicationibus.

2242 525 2412 589 λιταῖς
2456 524 2591 595 (68).
2644 520 2922 590 Ἐφοδεῖτο
2959 520 3068 592 γὰρ
3115 518 3205 572 τὸν
3253 515 3359 571 ὑπὸ
3400 516 3501 587 τῆς
3543 516 3813 589 τετάρτης

547 626 803 681 Timebat
833 624 982 679 enim
1018 624 1195 676 zelum
1224 635 1416 674 eorum
1446 619 1540 687 qui
1574 632 1673 687 pro
1702 623 1895 686 quarta
1922 614 2130 686 synodo

548 716 1049 772 tumultuabantur.
1090 712 1268 781 Atque
1324 710 1416 764 hic
1476 723 1595 763 mos
1640 708 1708 761 ab
1759 721 1828 762 eo
1882 714 2130 776 tempore

553 808 815 875 deinceps
844 803 1095 859 invaluit.

622 902 709 954 22.
748 898 961 953 Inimici
995 895 1324 959 Macedonii,
1364 894 1679 949 Ascholium
1710 890 2001 961 quemdam
2044 906 2133 945 su-

551 992 876 1055 bornarunt,
907 990 1003 1059 qui
1047 989 1299 1043 districto
1328 987 1508 1058 gladio
1537 984 1913 1039 Macedonium
1961 983 2133 1052 impe-

552 1089 710 1138 teret.
757 1080 1111 1135 Macedonius
1144 1095 1277 1133 vero
1309 1079 1593 1132 lenitatem
1623 1075 1794 1130 animi
1829 1075 1913 1129 sui
1947 1074 2134 1129 decla-

551 1188 698 1236 rans,
738 1186 969 1225 munera
1014 1170 1064 1224 ei
1102 1169 1223 1223 dari
1272 1167 1553 1237 praecepit.
1596 1165 1746 1219 Idem
1792 1163 1959 1219 etiam
2006 1178 2135 1234 erga

550 1264 845 1334 sacrilegos
868 1263 1136 1333 quosdam
1163 1261 1232 1314 ab
1266 1261 1359 1314 illo
1386 1260 1590 1314 factum
1619 1266 1723 1312 est.

619 1357 710 1410 25.
762 1356 932 1411 Helia:
998 1354 1500 1423 Hierosolymorum
1553 1351 1815 1421 episcopo
1875 1346 2137 1419 praecepit

554 1449 856 1519 imperator
881 1447 1206 1502 Anastasius
1250 1454 1313 1500 ut
1340 1444 1608 1516 synodum
1636 1441 2018 1511 episcoporum
2042 1437 2136 1507 qui

554 1541 659 1596 sub
709 1540 828 1610 ipso
884 1548 1064 1603 erant,
1118 1538 1420 1608 colligeret,
1466 1544 1522 1589 et
1569 1540 1823 1603 quartam
1867 1529 2138 1601 synodum

554 1635 969 1689 condemnaret.
1026 1631 1209 1687 Helias
1252 1646 1386 1684 vero
1436 1627 1706 1699 synodum
1753 1624 1980 1695 quidem
2023 1624 2140 1692 epi-

555 1741 852 1796 scaporum
882 1724 1111 1778 minime
1153 1721 1497 1778 convocavit.
1540 1719 1659 1788 Ipse
1695 1731 1829 1771 vero
1858 1715 2010 1769 solus
2038 1714 2140 1767 im-

557 1817 796 1887 peratori
832 1816 1164 1878 rescribens,
1196 1812 1510 1868 Nestorium
1552 1819 1610 1865 et
1654 1809 1977 1881 Eutychem,
2011 1807 2140 1861 Dio-

2234 617 2455 671 συνόδου
2486 615 2651 685 ζῆλον
2679 614 2789 685 (69)
2816 614 2924 666 τῶν
2964 612 3063 675 τὰς
3105 610 3393 674 ἐπελάσεις
3422 609 3465 641 ’⁵
3491 606 3813 663 ποιούντων.

2234 710 2411 781 Ὅπερ
2444 707 2650 773 λοιπὸν,
2682 704 2741 770 ἐξ
2770 704 2983 758 ἐκείνου
3012 702 3135 767 ἔθος
3162 701 3399 770 ἐγένετο.

2303 888 2409 960 κβ’.
2440 885 2717 957 Εύχώλιόν
2749 902 2873 938 τινα
2922 881 3034 954 (70)
3082 879 3509 950 παρεσκεύασαν
3548 881 3597 932 ot
3632 878 3822 951 ἐχθροὶ

2232 980 2329 1035 τοῦ
2370 978 2707 1036 Μακεδονίω
2757 977 3033 1047 μάχαιραν
3081 974 3204 1026 κατ’
3258 970 3423 1025 αὑτοῦ
3477 972 3819 1027 σπάσασθαι.

2233 1073 2571 1136 Μακεδόνιος
2621 1070 2681 1125 δὲ
2732 1070 2794 1123 τὸ
2852 1069 3031 1138 πρᾶον
3089 1064 3537 1133 ἐπιδειξάμενος,
3608 1063 3822 1134 δόματα

2234 1164 2476 1220 δίδοσθαι
2499 1161 2761 1234 Εύχωλίῳ
2789 1158 3115 1232 προσέταξε.
3158 1156 3231 1209 Τὸ
3262 1157 3449 1228 ὅμοιον
3473 1156 3554 1224 δὲ,
3601 1157 3697 1210 καὶ
3737 1156 3823 1218 είς

2234 1258 2389 1320 τινὰς
2428 1254 2738 1327 ἱεροσύλους
2769 1251 2963 1306 ἐποίει.

2306 1347 2413 1417 κγ’.
2467 1346 2626 1418 Ἠλίᾳ
2662 1345 2740 1417 τῷ
2767 1346 3052 1414 ὲπισκόπῳ
3076 1340 3185 1397 τῶν
3232 1341 3624 1413 Ἰεροσολύμων
3648 1356 3820 1413 προσ-

2237 1441 2395 1506 έταξε
2426 1440 2703 1512 βασιλεὺς,
2733 1439 2951 1493 σύνοδον
2979 1439 3233 1509 ἀθροῖσαι
3256 1436 3366 1489 τῶν
3392 1436 3484 1489 ὑπ’
3509 1433 3691 1496 αὐτὸν,
3715 1433 3817 1487 καὶ

2238 1534 2380 1589 κατὰ
2409 1535 2510 1604 τῆς
2536 1534 2807 1602 τετάρτης
2854 1530 3071 1584 συνόδου
3111 1528 3474 1600 ψηφίσασθαι.
3527 1526 3715 1589 Ἦλίας
3754 1524 3817 1578 δὲ

2242 1626 2460 1679 σύνοδον
2497 1624 2597 1696 μὲν
2626 1624 2687 1678 οὑ
2714 1623 3098 1694 συνήθροισεν.
3133 1620 3305 1685 Αὐτὸς
3339 1620 3453 1690 (71)
3484 1619 3542 1672 δὲ
3579 1619 3739 1689 μόνος
3771 1618 3819 1649 ¹⁶

2240 1714 2656 1787 ἀναθεματίζων
2712 1715 3009 1786 Νεστόριον
3071 1714 3168 1767 καὶ
3223 1708 3464 1783 Εὐτυχῆ,
3532 1711 3823 1783 Διόδωρον,

2240 1812 2337 1865 καὶ
2398 1810 2694 1881 Θέοδωρον,
2760 1809 2856 1861 καὶ
2917 1806 3031 1878 (72)
3094 1805 3192 1877 τὴν
3253 1806 3312 1859 ὲν
3383 1802 3689 1874 Καλχηδόνι
3742 1800 3824 1874 (y)

559 1908 755 1963 dorum
786 1907 915 1963 item
937 1923 1001 1962 ac
1033 1906 1383 1961 Theodorum
1400 1901 1983 1967 anathematizavit,et
2012 1914 2141 1970 syn-

2242 1903 2462 1958 σύνοδον
2489 1904 2557 1959 ¹⁷.

558 2003 725 2058 odum
771 1999 1297 2058 Chalcedonensem.

627 2096 716 2149 24.
755 2094 851 2150 His
885 2094 960 2149 ita
992 2092 1181 2165 gestis.
1229 2090 1554 2147 Anastasius
1599 2087 1980 2144 Macedonium
2025 2086 2143 2140 vio-

556 2184 761 2238 lentius
809 2198 1009 2253 urgere
1055 2182 1223 2250 erepit
1269 2191 1331 2236 ut
1381 2182 1497 2252 ipse
1550 2195 1771 2250 quoque
1809 2179 1955 2233 idem
1994 2176 2147 2233 face-

557 2284 659 2330 ret.
690 2274 1042 2329 Macedonius
1076 2289 1206 2329 vero
1233 2274 1441 2343 absque
1480 2272 1777 2327 universali
1798 2270 2030 2342 synodo,
2054 2268 2145 2325 cui

560 2370 843 2424 Romanus
887 2367 1180 2438 episcopus
1214 2365 1557 2436 praesideret,
1590 2364 1729 2419 nihil
1774 2379 1833 2418 se
1869 2363 2143 2418 facturum

559 2475 679 2515 esse
732 2460 1034 2529 respondit.
1080 2458 1195 2513 Hac
1242 2456 1311 2513 de
1349 2471 1514 2513 causa
1554 2454 1907 2526 imperatoris
1954 2454 2144 2509 odium

561 2550 828 2605 adversus
858 2549 1235 2605 Macedonium
1265 2550 1564 2604 excitatum
1610 2555 1715 2602 est.
1749 2547 1938 2617 Itaque
1973 2544 2146 2615 impe-

564 2650 716 2697 rator
768 2658 865 2697 eos
891 2642 1113 2713 quidem
1161 2642 1257 2713 qui
1288 2642 1357 2697 ad
1399 2641 1646 2711 Magnam
1692 2639 1984 2695 ecclesiam
2016 2653 2151 2693 con-

561 2735 836 2806 fugerent,
893 2735 1073 2805 abripi
1104 2733 1376 2804 permisit,
1409 2732 1796 2787 haereticorum
1840 2737 2025 2786 autem
2057 2745 2149 2787 ec-

562 2826 749 2883 clesiis
775 2827 1090 2881 libertatem
1116 2834 1173 2880 et
1195 2824 1318 2880 asili
1340 2825 1430 2895 jus
1460 2823 1675 2879 tribuit.

632 2918 724 2974 23.
755 2919 1051 2973 Deuterius
1076 2917 1408 2973 Arianorum
1437 2915 1581 2986 apud
1610 2912 2145 2984 Constantinopolim

561 3010 879 3082 episcopus,
915 3025 1041 3065 cum
1076 3010 1370 3081 quemdam
1408 3008 1641 3063 Barbam
1686 3007 1762 3062 ita
1801 3006 2009 3062 dictum
2050 3005 2149 3060 ba-

562 3104 821 3175 ptizaret,
854 3103 1071 3158 Domini
1118 3101 1468 3157 traditionem
1516 3115 1801 3170 respuens,
1851 3113 2019 3153 ausus
2063 3090 2149 3152 est

564 3203 713 3257 inter
758 3193 1151 3266 baptizandum
1195 3192 1381 3249 dicere
1427 3210 1440 3246 :
1483 3188 1802 3263 Baptizatur
1845 3188 2045 3254 Barba,
2090 3189 2147 3242 in

2316 2080 2415 2136 κδ’.
2442 2079 2662 2134 Τούτων
2687 2076 3013 2148 γινομένων,
3047 2074 3256 2147 σφόδρα
3285 2075 3315 2127 ὁ
3340 2071 3598 2144 βασιλεὺς
3631 2071 3829 2125 Maxe-

2243 2173 2402 2243 δονίῳ
2429 2172 2682 2227 ἐπέκειτο
2711 2170 2918 2244 πρᾶξαι
2942 2168 3011 2223 τὰ
3034 2169 3215 2239 ὃμοια.
3260 2167 3317 2220 Ὁ
3340 2165 3419 2232 δὲ,
3448 2165 3618 2237 χωρὶς
3644 2166 3833 2217 οἰκου-

2250 2266 2479 2339 μενικῆς
2515 2264 2735 2318 συνόδου
2763 2262 2997 2334 ἐχούσης
3026 2261 3288 2333 πρόεδρον
3321 2258 3411 2312 τὸν
3443 2259 3542 2330 τῆς
3580 2255 3831 2327 μεγάλης

2257 2360 2480 2430 Ῥώμης
2515 2358 2835 2422 ἐπίσκοπον,
2876 2356 3031 2410 οὐδὲν
3062 2356 3240 2409 ποιεῖν
3274 2351 3484 2421 ἔλεγεν.
3530 2350 3695 2404 Ὅθεν
3744 2351 3834 2413 είς

2246 2450 2448 2523 ἔχθραν
2481 2450 2573 2504 τὸν
2597 2448 2825 2519 βασιλέα
2856 2448 3096 2518 ἐκίνησε.
3123 2448 3233 2502 Καὶ
3260 2448 3389 2511 τοὺς
3420 2446 3517 2517 μὲν
3541 2446 3831 2519 προσφεύ-

2245 2558 2445 2612 γοντας
2460 2544 2527 2611 τῇ
2558 2540 2786 2612 Μεγάλῃ
2816 2539 3085 2611 ἐκκλησίᾳ
3112 2538 3468 2595 ἀποσπᾶσθαι
3518 2537 3834 2609 παρεσκεύ-

2246 2632 2376 2697 αζεν
2396 2648 2411 2663 ο
2439 2634 2560 2696 ταῖς
2588 2631 2645 2686 δὲ
2675 2631 2786 2687 τῶν
2815 2631 3108 2703 αίρετικῶν
3136 2631 3457 2704 ἐκκλησίαις
3494 2630 3653 2703 ὄρους
3683 2632 3831 2701 παῤ-

2246 2725 2442 2798 ρησίας
2468 2728 2796 2797 παρέσχετο.

2317 2911 2415 2961 κε’.
2449 2905 2738 2980 Δευτέριος
2776 2904 2887 2958 τῶν
2930 2904 3228 2977 ’Δρειανῶν
3250 2904 3551 2967 ἐπίσκοπος
3575 2905 3633 2957 ἐν
3664 2904 3825 2956 Κωνο

2247 2998 2529 3053 σταντίνου
2557 2999 2733 3063 πόλει,
2761 2996 3041 3068 βαπτίζων
3068 2997 3189 3052 τινά
3218 2997 3504 3071 Βάρδαρον
3532 2998 3646 3068 (75)
3675 2995 3825 3049 οὕτω

2245 3092 2562 3163 λεγόμενον,
2610 3089 2822 3146 ἀθετῶν
2851 3090 2953 3161 τὴν
2992 3089 3086 3144 τοῦ
3130 3091 3342 3163 Κυρίου
3381 3090 3707 3162 παράδοσιν,
3740 3090 3824 3142 εί-

2248 3188 2371 3238 πεϊν
2401 3184 2707 3255 ἒτόλμησεν
2738 3182 2813 3247 ὡς
2839 3182 3167 3248 ἐϐάπτιζεν·
3202 3181 3554 3245 Βαπτίζεται
3591 3180 3830 3251 Βάρσας

1842 3322 2084 3379 γΑιιιιΕ
2126 3321 2537 3379 LECTIONES.

636 3424 681 3457 "
703 3421 768 3480 C.
804 3421 1110 3487 ὲπελύσεις.

1190 3421 1235 3454 ιι
1269 3421 1431 3492 μόνος
1469 3421 1679 3493 ἔγραψε
1712 3420 1955 3493 βασιλεῦ.
2035 3421 2079 3453 ³⁷
2109 3419 2171 3475 C.
2210 3420 2426 3474 σύνοδον
2459 3420 2762 3491 κρατύνων.

1770 3536 2044 3593 VALESII
2083 3536 2532 3594 ANNUTATION
2540 3537 2643 3592 ES.

642 3629 778 3702 (68)_
823 3628 1198 3702 Ἀκολουρεῖν
1245 3628 1392 3702 ,ταῖς
1460 3629 1677 3702 λιταῖς.
1734 3628 1888 3702 Idem
1957 3628 2154 3702 scribit
2179 3634 2223 3694 ο
2255 3629 2388 3702 dum
2421 3636 2507 3702 est
2543 3628 2898 3702 Theophanis
2922 3628 3282 3702 Chronicum,
3315 3644 3437 3702 pag.
3468 3628 3591 3702 1'50.
3626 3629 3682 3684 in
3717 3644 3837 3699 quo

569 3699 938 3771 TheOphanes
972 3699 1028 3753 in
1052 3699 1354 3771 Chronico,
1382 3715 1506 3771 pag.
1538 3700 1661 3766 128,
1694 3700 1793 3771 ubi
1804 3714 1935 3771 Anon
1975 3699 2149 3768 probo

569 3771 883 3826 versionem
920 3769 1261 3840 interpretis,
1291 3771 1387 3839 qui
1417 3769 1498 3824 sic
1527 3771 1696 3825 vertit
1723 3789 1735 3823 :
1773 3769 1837 3825 Ut
1870 3772 2149 3840 praefectus

570 3844 630 3896 in
667 3841 1001 3893 conventibus
1048 3838 1429 3904 ecclesiasticis,
1467 3841 1549 3896 uel
1603 3842 1825 3911 publicis
1860 3838 2149 3910 processio-

574 3911 726 3965 m'bus
758 3911 1299 3982 intperatoremrpone
1329 3922 1656 3982 sequeretur,
1692 3927 1823 3964 novo
1858 3920 2151 3982 commento

572 3981 898 4053 Anastasius
917 3981 1097 4053 edixit.
1133 3981 1297 4051 Atqui
1328 3980 1695 4053 Theophanes
1722 3998 1832 4034 non
1861 3980 2153 4049 dicitpm

576 4052 783 4105 fectum
819 4051 974 4105 urbis
1001 4068 1031 4106 a
1066 4061 1218 4122 tergo
1259 4051 1648 4121 imperatorem
1700 4061 1951 4122 secutum
1984 4065 2147 4122 esse;

575 4122 675 4177 sed
705 4122 1032 4191 simpliciter
1068 4120 1288 4193 jusfsum
1312 4120 1436 4177 esse
1461 4122 1663 4193 sequi._
1696 4122 1816 4176 Non
1848 4120 2015 4193 igitur
2044 4120 2149 4193 im-_

576 4189 890 4261 peratorem
924 4189 1259 4263 sequebatur
1289 4210 1316 4247 a
1351 4202 1506 4263 tergo
1528 4189 1823 4262 praefectus
1843 4189 2022 4263 urbis,
2055 4189 2153 4263 sed

576 4263 839 4331 populum
867 4261 1022 4318 urbis
1046 4261 1690 4333 Constantinopolitanae,
1723 4278 1793 4315 ne
1834 4261 1973 4333 forte
2008 4261 2154 4315 sedi-

578 4334 782 4388 tionem
813 4344 1206 4389 commoveret.
1243 4332 1432 4401 Neque
1469 4333 1616 4387 enim
1665 4347 1884 4402 semper
1910 4332 2153 4402 impera-

578 4412 669 4475 tor
690 4404 1197 4475 supplicationibus
1222 4405 1463 4475 publicis
1497 4404 1784 4456 intererat.

653 4470 911 4547 (69)”Τόν
953 4475 1087 4547 ,ὑπὸ
1133 4470 1245 4542 τῆξ-
1285 4473 1592 4547 Δτετάρτης
1647 4470 1917 4526 συνόδου
1946 4470 2151 4539 ζῆλον.

580 4542 733 4616 Lego
744 4542 849 4616 ίτὸν
875 4546 1014 4616 ὑπὲρ
1041 4546 1138 4614 τῆς
1172 4544 1459 4616 τετάρτης,
1492 4552 1589 4596 etc.

653 4611 766 4685 (70)
804 4611 1115 4684 Εὐχὼξιιόν
1144 4611 1527 4685 τινᾳζΜειὶυε
1560 4611 1707 4683 apud
1759 4611 2154 4685 Theophanem

582 4684 640 4738 in
664 4682 968 4755 Chronico,
1009 4700 1132 4755 pag.
1167 4684 1291 4751 128,
1325 4682 1599 4755 scriptum
1622 4692 1709 4755 est
1757 4682 2034 4755 ῘΑχόλιοῃ
2065 4682 2154 4755 vel

580 4762 644 4807 ut
701 4754 925 4824 quidam
981 4753 1343 4824 manuscripti
1413 4753 1645 4824 codices,
1690 4753 1920 4819 habent,
1964 4753 2156 4824 Ἀσχότ

580 4824 713 4905 ξρν.
750 4823 856 4905 _Sic.
867 4823 1135 4905 Acholius
1174 4823 1694 4905 Thessalonicensis
1709 4824 2028 4905 episcopus,
2048 4823 2155 4905 _qui

581 4892 883 4964 Theodosii
902 4894 1139 4948 senioris
1169 4895 1512 4963 temporibus
1535 4892 1800 4964 ﬂoruiua
1821 4892 2156 4964 quibusdam

2256 3699 2333 3753 ita
2364 3700 2611 3771 legitur:
2646 3701 2757 3771 Kal.
2794 3703 2895 3771 τὴν
2938 3702 2995 3753 ὲν
3030 3700 3341 3771 Χαλκηδόνι
3376 3699 3594 3753 σύνοδον
3638 3702 3841 3771 ἀποδε-

2255 3769 2506 3840 χόμενος.
2543 3769 2658 3841 Yox
2699 3770 2791 3841 illa
2846 3769 3246 3841 ἀποδεχόμενος
3281 3770 3493 3841 adjecta
3525 3786 3646 3825 esse
3661 3770 3841 3841 _vide-

2257 3839 2350 3895 tur
2378 3856 2409 3894 a
2438 3839 2676 3911 quodan
2701 3839 2870 3895 Helia:
2900 3839 3387 3911 Hierosolymitani
3419 3839 3676 3911 EpiscOpi
3705 3840 3837 3896 fau-

2257 3910 2523 3981 toreLqui
2581 3910 2733 3963 illum
2768 3912 2927 3981 culpa
2982 3910 3221 3981 liberare
3276 3912 3577 3980 satagebat.
3621 3910 3837 3967 Verum

2258 3980 2375 4051 ipse
2405 3980 2771 4049 Theophanes
2799 3982 2963 4050 paulo
3003 3990 3147 4051 post,
3170 3980 3313 4037 hanc
3343 3982 3710 4051 adjectionem
3742 3998 3838 4036 re-

2257 4050 2417 4123 futat,
2475 4060 2827 4123 e_t_bquartam
2871 4050 3157 4123 synodum
3196 4050 3700 4107 Chalcedonensem
3758 4052 3836 4107 ab
3936 4068 3937 4071 ‘

2259 4120 2414 4202 Helia
2461 4120 2994 4202 ‘Hierosolrymitano
3076 4122 3337 4202 episcopo
3408 4122 3836 4202 condemnatam

2258 4191 2429 4245 fuisse
2456 4199 2709 4246 testatur.
2732 4191 2823 4247 Sic
2852 4194 3001 4247 enim
3035 4192 3231 4247 scribit
3264 4193 3321 4247 in
3355 4194 3549 4248 eadem
3589 4193 3785 4262 pagina
3818 4212 3835 4248 :

2271 4263 2329 4313 '0
2357 4262 2416 4314 δὲ
2448 4262 2699 4331 βασιλεὺς
2719 4264 3051 4316 Μακεδόνων
3078 4263 3172 4315 τὸν
3200 4262 3841 4328 Κωνσταντινουπόλεως

2258 4332 2573 4404 ἠνάγκαζεν
2605 4332 3006 4404 ᾀναθεματίσαι
3032 4332 3131 4404 τὴν
3164 4335 3221 4386 ὲν
3268 4334 3575 4403 Χαλκηδόνι
3611 4334 3844 4387 σύνοδον

2260 4402 2511 4474 καθάπερ
2549 4402 2644 4474 καξι
2682 4402 2875 4467 Ἠλίας
2929 4402 3321 4474 ἱεροσολύμων.
3387 4402 3459 4459 Et
3491 4404 3696 4458 iterum
3738 4419 3846 4472 pa-

2259 4473 2387 4544 gina
2413 4474 2504 4527 151
2530 4473 2751 4536 ιἨλίας
2781 4474 2839 4527 δὲ
2868 4475 2896 4526 ὁ
2938 4473 3204 4545 Ἰεροσολύ
3253 4492 3329 4527 ων
3354 4476 3450 4528 καὶ
3477 4493 3504 4527 τ
3550 4492 3577 4524 ν
3605 4477 3661 4527 ὲν
3690 4474 3847 4527 Χαλ-

2261 4543 2447 4599 κηδόνι
2479 4542 2719 4599 ἔγραψεν
2755 4544 3184 4599 ἀποϐάλλεσθαι.
3212 4492 3278 4599 (id
3323 4555 3407 4599 est
3449 4563 3463 4599 :
3501 4476 3683 4599 Helias
3712 4560 3843 4599 vero

2261 4542 2447 4625 κηδόνι
2479 4542 2719 4613 ἔγραψεν
2755 4542 3184 4626 ἀποϐάλλεσθαι.
3216 4542 3278 4599 Id
3323 4555 3407 4600 est
3449 4563 3463 4600 :
3501 4542 3683 4599 Helias
3712 4560 3843 4599 vero

2260 4612 2746 4694 Hierosolymorum
2766 4631 3055 4691 eptscopus,
3074 4614 3547 4694 Chalcejouensem
3572 4615 3844 4694 synpdum

2262 4685 2478 4750 rejicere
2530 4700 2585 4737 se
2628 4687 2822 4757 scripto
2874 4685 3094 4739 testatus
3126 4696 3222 4740 est.
3255 4686 3497 4741 Delenda
3530 4696 3616 4739 est
3660 4685 3842 4755 igitur

2264 4752 2319 4806 in
2345 4754 2681 4809 Theonhane
2719 4771 2824 4809 vox
2878 4756 3296 4809 ἀποδεγόαενος.
3331 4772 3454 4809 uuae
3482 4770 3584 4809 nec
3626 4756 3681 4809 in
3730 4770 3838 4809 co-

2264 4769 2319 4806 m
2346 4769 2681 4824 ’t‘neopnane
2719 4771 2824 4810 vox
2878 4769 3296 4826 αποοεχομενος,
3331 4772 3454 4826 quae
3482 4770 3584 4811 nec
3626 4771 3681 4809 tn
3730 4770 3838 4809 co-

2263 4824 2401 4908 dice.
2448 4825 2704 4908 Palatino
2750 4825 3011 4881 habetur.
3059 4826 3434 4908 Scio.quidem.
3476 4826 3839 4882 Anastasium

2262 4892 2752 4950 Bibliothecarium
2783 4912 2904 4951 eam
2931 4912 3124 4951 vocem
3183 4892 3244 4951 in
3290 4897 3550 4952 versione
3596 4912 3693 4951 sua
3733 4913 3847 4951 ex-

582 4962 867 5053 Acboliuts,
904 4964 972 5017 ab
999 4964 1122 5053 aliis
1152 4962 1443 5053 Aschblius
1481 4963 1820 5019 nominatur.
1840 4962 2159 5020 Eucholius
2194 4996 2238 5053 ι)
2263 4965 2551 5053 pressisse.
2586 4967 2789 5053 Verum
2841 4968 2979 5053 ejus'
3016 4968 3537 5047 interpretationem
3590 4966 3851 5053 refutant;

582 5041 767 5088 autem
799 5033 1049 5088 Graecum
1088 5050 1197 5089 non
1236 5043 1339 5089 est.

657 5102 767 5175 (71)
799 5105 993 5170 Αὐτὸς
1023 5104 1091 5157 δὲ
1111 5106 1318 5173 μόνος.
1338 5106 1467 5160 Post
1491 5105 1610 5162 haec
1628 5106 1799 5163 verba
1826 5104 1882 5159 in
1911 5104 2158 5159 editione

586 5172 817 5229 Ro‘berti
853 5172 1121 5245 Stephani
1158 5176 1353 5229 lacuna
1380 5186 1465 5230 est
1496 5178 1663 5231 trium
1692 5175 1919 5231 circiter
1958 5175 2160 5229 verbo-

588 5260 711 5315 rum
749 5260 939 5314 capax,
972 5262 1135 5315 quam
1185 5261 1253 5300 ex
1302 5246 1657 5315 Theophanis
1684 5246 1982 5308 Chronico,
2032 5260 2158 5315 pag.

2264 5035 2440 5103 ipsius
2469 5035 2824 5107 Theophanis
2863 5035 3056 5105 verba,
3112 5035 3234 5109 quae
3286 5037 3545 5109 superius
3596 5038 3850 5107 protuli-

2263 5120 2409 5160 mus.

2329 5175 2445 5247 (75)
2488 5176 2796 5237 Βαπτίζων
2830 5176 2963 5230 τινὰ
3006 5177 3335 5246 Βάρόαρον.
3374 5177 3467 5233 Sic
3491 5178 3657 5235 etiam
3696 5177 3849 5247 legi-

2329 5195 2445 5247 υο)
2488 5195 2796 5237 uanuch
2830 5195 2963 5230 τινα
3006 5195 3335 5246 ὄαροαρον.
3374 5195 3467 5233 διε
3491 5195 3657 5235 etiam
3698 5195 3746 5233 te
3790 5196 3849 5233 1-

2258 5252 2351 5299 ιιιι·
2378 5247 2543 5329 θριξρν
2562 5248 2953 5329 Theophanem
2988 5248 3043 5301 in
3070 5249 3367 5329 Cbronico,
3400 5265 3534 5329 pag._
3556 5248 3680 5329 Ibo.
3706 5195 3852 5329 je-

589 5314 731 5390 529,_
771 5317 856 5390 ita
894 5314 1175 5390 suppleo“;
1210 5316 1381 5377 Αὐτὸς
1418 5314 1487 5390 δὲ-
1510 5318 1688 5390 ’μόνος
1717 5314 2047 5390 ,ἀντέγραψε
2083 5314 2164 5390 τῷ
2260 5331 2385 5390 rum
2406 5314 2482 5390 ibi
2502 5314 2796 5372 Vaticanus
2818 5319 2991 5374 codex
3004 5321 3212 5374 rectius
3234 5314 3502 5390 scripturn
3520 5321 3687 5376 habet
3706 5318 3857 5387 Βάρ-

591 5385 800 5459 βασιλεί
822 5385 1274 5459 κάναθεματίζων,
1318 5396 1427 5441 etc.
1467 5386 1525 5442 Id
1562 5395 1670 5452 est,
1708 5388 1839 5459 ipsae
1870 5385 1991 5441 vero
2022 5386 2165 5440 solus
2264 5386 2776 5459 §aV._Certepaulo
2810 5398 2937 5459 post
2971 5391 3025 5442 in
3060 5385 3366 5445 Theodoro
3397 5401 3588 5446 nostro
3632 5385 3855 5446 dicitur

586 5456 853 5527 rescripsit
881 5458 1212 5525 imperatori,
1252 5456 1740 5527 anatltematizans,
1772 5466 1878 5511 etc.

658 5524 769 5596 (Ἱὲ)
800 5524 915 5582 Καὶ
944 5532 1060 5596 τὴν
1086 5528 1155 5582 ὲν
1184 5526 1524 5593 Χαλκηδόνι
1563 5528 1851 5581 σύνοδον.
1878 5527 2171 5597 Corrigen-

2267 5404 2387 5439 υαν.
2416 5404 2580 5443 uerte
2612 5404 2776 5458 paqu
2849 5404 2937 5443 05t
2971 5405 3025 5442 in
3060 5404 3356 5445 't'neoaoro
3397 5404 3588 5446 nostro
3632 5404 3852 5446 dicitur

2267 5457 2506 5544 Ilipa“.
2535 5458 2726 5544 Victor
2754 5459 2797 5514 Τ
2805 5404 3255 5544 Eunonensisnin
3304 5460 3603 5544 Chronico,
3658 5462 3852 5544 ipsum

2268 5528 2589 5598 episcopum
2617 5528 2883 5585 Arianum
2913 5531 2988 5585 ita
3020 5531 3291 5601 appellat;
3325 5533 3404 5588 sic
3424 5533 3573 5588 enim
3596 5528 3795 5588 scribit
3824 5552 3855 5595 ε

2036 5641 2122 5697 VA
2133 5640 2426 5698 RIOHUM.

629 5732 738 5856 ,(49)
778 5733 888 5786 Καὶ
915 5732 1033 5802 τὴν
1181 5733 1523 5817 Καλχηδόνι
1569 5733 1857 5813 σύνοδον.
1897 5734 2056 5804 Apud
2086 5735 2167 5789 ri-
2273 5735 2482 5816 cipere,
2535 5751 2601 5790 ac
2636 5736 2938 5819 Diodorum
2981 5748 3039 5795 et
3102 5738 3495 5822 Theodorum,_
3521 5740 3617 5811 qui
3666 5740 3722 5796 in
3775 5756 3850 5796 eo

630 5819 644 5855 l
688 5817 834 5856 tores
858 5802 1195 5856 Catholicos.
1221 5821 1253 5856 a
1285 5805 1489 5856 auibus
1521 5804 1637 5856 haec
1666 5813 1880 5856 aceemt
1908 5804 2167 5856 Theodo-
2275 5807 2515 5856 concilio
2544 5808 2832 5856 annmbati
2869 5818 3020 5856 snnL
3058 5809 3339 5856 damnare-
3372 5811 3568 5856 patrum
3596 5811 3662 5856 ad
3706 5827 3843 5856 ann-

591 5802 834 5877 gidiores
858 5802 1195 5868 Catholicos,
1221 5821 1253 5877 ε
1285 5802 1497 5877 quibus
1521 5804 1637 5877 haec
1666 5803 1880 5874 accepit
1908 5802 2167 5859 Theodo-
2275 5802 2515 5877 concilio
2544 5823 2613 5877 ap

592 5872 711 5941 rus,
738 5872 883 5929 idem
914 5882 1037 5930 erat
1066 5872 1335 5947 synodum
1364 5872 1883 5933 Chalcedonensém
1917 5890 2027 5931 non
2076 5890 2165 5931 re-

2617 5808 2833 5934 pvrollipti
2869 5818 3022 5879 sunt,
3058 5809 3339 5867 damnare.
3370 5808 3568 5885 Pagius
3596 5811 3663 5867 ad
3706 5827 3844 5868 ann.

2693 5917 2706 5931 .
2776 5893 2951 5934 owrn.

2275 5876 2399 5945 491,
2433 5893 2489 5931 n.
2532 5876 2591 5933 8.
2617 5876 2706 5934 W.
2731 5878 2951 5935 Low'rn.
