4148 6450
375 417 481 484 ιπ

1390 414 1983 476 ECCLESIAS'I‘ICE
2021 415 2405 478 HISTORIA!
2444 419 2590 480 LIB.
2627 419 2712 482 II.

3543 424 3643 489 198

379 536 470 594 εις
526 526 587 580 τὸ
627 523 825 589 ὄνομα
874 523 987 577 τοῦ
1066 521 1318 591 Πατρός,
1377 521 1451 575 δι’
1510 518 1669 585 me,
1718 519 1788 571 ἐν
1838 520 1966 588 ἁγίᾳ

2086 526 2294 579 nomine
2325 524 2503 581 Patris
2530 543 2624 596 per
2650 525 2840 581 Filium
2872 528 2927 582 in
2968 535 3147 582 sancto
3189 527 3409 600 Spiritu.
3436 531 3649 599 Quibus

383 620 692 686 Πνεύματι.
722 610 958 679 Οὖτινος
979 615 1289 686 λεχθέντος,
1320 612 1378 666 τὸ
1414 611 1559 682 ὕδωρ
1585 612 1643 664 ὲν
1666 612 1732 681 τῇ
1766 609 1972 679 κολυμ-

381 712 555 780 ϐήθρᾳ
580 708 813 776 γέγονεν
843 709 1057 776 ἀφανές
1078 725 1092 739 ·
1125 707 1156 760 ό
1194 706 1251 759 δὲ
1290 703 1507 777 Βάρϐας
1541 701 1729 771 φυγὼν
1753 700 1973 771 ἐξῆλθε,

377 804 465 855 καὶ
494 802 629 854 πᾶσι
655 801 720 853 τὺ
750 800 944 871 θαῦμα
976 799 1155 852 ὲποίει
1181 796 1479 869 γνώριμον.

444 900 555 958 σις’.
584 893 829 957 Πολλοὺς
860 895 889 945 ὁ
913 892 1171 963 βασιλεὺς
1192 890 1336 945 κατὰ
1362 886 1701 942 Μακεδονίαν
1737 886 1975 957 τρόπους

373 987 607 1039 ἐπενόει.
640 986 706 1040 Ol
740 985 790 1037 δ’
821 984 1147 1055 ἁπόσχιστοι
1195 982 1305 1052 (74)
1341 982 1498 1051 όχλον
1534 979 1805 1051 μισθωτὸν
1844 996 1971 1031 συν·

373 1076 761 1147 αθροίσαντες,
819 1076 879 1128 ἐν
910 1075 1171 1144 κυριακῇ
1203 1072 1454 1142 εἰσῆλθον
1485 1073 1566 1134 εἰς
1596 1070 1689 1123 τὸν
1721 1069 1848 1123 ναὸν
1877 1066 1972 1121 τοῦ

372 1167 787 1239 Ἃρχαγγέλου,
814 1165 914 1219 τοῦ
954 1166 1015 1217 ὲν
1050 1162 1129 1234 τῷ
1153 1162 1399 1232 παλατίῳ
1419 1177 1433 1191 ·
1472 1162 1567 1215 καὶ
1603 1160 1714 1213 τῶν
1733 1158 1972 1213 Ψαλτῶν

368 1260 467 1329 τὴν
494 1260 805 1329 τρισάγιον
833 1257 1127 1325 λεγόντων,
1158 1248 1305 1308 οὗτοι
1350 1254 1492 1325 μετὰ
1523 1254 1623 1324 τῆς
1653 1254 1973 1325 προσθήκης

365 1351 464 1403 τοῦ
488 1366 503 1378 ·
545 1351 613 1403 '0
643 1348 1020 1417 atavpudsic
1050 1347 1126 1400 δι’
1144 1344 1323 1414 ἡμᾶς,
1353 1345 1776 1417 ἀποκρινόμενοι
1806 1344 1973 1414 ἔψαλ-

364 1444 477 1499 λον.
514 1443 598 1513 Τῇ
631 1443 691 1495 δὲ
719 1441 954 1513 ἐπιούσῃ
973 1441 1251 1512 κυριακῇ,
1275 1438 1344 1492 τὰ
1373 1439 1539 1509 ὅμοια
1568 1439 1625 1491 ὲν
1648 1439 1715 1508 τῇ
1743 1436 1971 1508 Μεγάλῃ

365 1532 645 1601 ἐκκλησία
678 1531 950 1601 ἐποίησαν
984 1528 1123 1600 μετὰ
1163 1528 1379 1599 βάκλων
1425 1526 1784 1590 εἰσελθόντες.
1822 1526 1881 1579 '0
1914 1526 1971 1578 δὲ

366 1623 496 1684 λαὸς
527 1620 812 1689 ζηλώσας,
857 1621 929 1674 τὰ
976 1621 1075 1691 μὲν
1119 1619 1338 1690 πρῶτα,
1383 1622 1592 1687 φωναῖς
1636 1616 1971 1688 ἀντέκραζον

367 1714 659 1786 κράζουσι,
709 1714 807 1766 καὶ
861 1712 1143 1783 ὑϐρίζουσι
1193 1710 1539 1782 ἀνθύϐριζον.
1592 1710 1863 1780 ’Υστερον
1910 1708 1970 1761 δὲ

368 1806 514 1874 μετὰ
532 1804 751 1856 πολλῶν
779 1802 917 1873 (75)’
942 1806 970 1855 ό
991 1802 1247 1870 βασιλεὺς
1272 1802 1458 1854 λοιπὸν
1484 1799 1967 1871 ἀπαρακαλύπτως

2076 616 2257 683 dictis,
2287 634 2425 687 aqua
2471 634 2593 687 quas
2638 620 2693 673 in
2732 619 2942 688 piscina
2971 629 3111 682 erat,
3159 622 3342 676 statim
3387 626 3645 691 evanuit;

2074 709 2246 764 Barba
2284 724 2413 763 vero
2442 710 2727 764 confestim
2764 710 2890 766 inde
2922 710 3231 781 aufugiens,
3278 730 3393 768 rem
3435 717 3650 772 cunctis

2074 800 2390 855 declaravit.

2144 891 2303 963 577
2333 894 2421 947 26.
2455 894 2653 949 Multas
2682 894 2901 948 fraudes
2932 905 3095 965 atque
3125 896 3352 952 insidias
3381 897 3649 954 adversus

2072 985 2481 1040 Macedonium~
2527 988 2823 1056 imperator
2888 987 3234 1057 excogitavit.
3302 989 3649 1044 Schismatici

2071 1094 2203 1132 vero
2249 1094 2374 1133 cum
2421 1078 2637 1132 turbam
2681 1078 3021 1147 perditorum
3068 1079 3349 1135 hominum
3394 1081 3650 1135 mercede

2072 1170 2397 1225 conductam
2446 1170 2500 1223 in
2547 1185 2716 1223 unum
2765 1179 3211 1239 congregassent,
3244 1171 3331 1225 die
3362 1171 3649 1225 Dominico

2072 1261 2302 1333 ingressi
2351 1270 2479 1315 sunt
2519 1262 2574 1314 in
2620 1260 2791 1315 aedem
2822 1261 3146 1331 Arcbangeli
3182 1278 3305 1331 quae
3346 1271 3430 1317 est
3461 1262 3519 1316 in
3547 1278 3647 1332 pa-

2070 1353 2222 1407 latio.
2261 1352 2508 1422 Cumque
2553 1354 2746 1407 Psaltze
2780 1353 3043 1423 hymnum
3076 1352 3436 1407 Tersanctum
3480 1369 3646 1409 cane-

2071 1453 2216 1510 rent,
2247 1445 2348 1514 ipsi
2380 1461 2504 1499 cum
2532 1445 2835 1515 appendice
2865 1445 2956 1499 illa
2985 1462 2999 1498 :
3030 1444 3129 1509 Qui
3155 1445 3439 1512 cruciﬁxus
3472 1462 3525 1499 es
3550 1462 3647 1516 pro

2070 1539 2235 1604 nobis,
2263 1538 2662 1607 respondentes
2692 1538 3034 1592 cecinerunt.
3070 1538 3345 1607 Sequente
3380 1537 3509 1592 item
3540 1539 3645 1592 Do-

2068 1628 2295 1693 minica,
2342 1628 2399 1682 in
2444 1629 2635 1698 Magna
2670 1628 2905 1683 ecclesia
2953 1628 3099 1682 idem
3145 1628 3348 1692 fecere,
3392 1642 3516 1681 cum
3551 1628 3645 1682 ba-

2068 1719 2210 1774 culis
2260 1717 2603 1789 introgressi.
2654 1718 2897 1788 Populus
2948 1734 3078 1773 vero
3144 1720 3262 1772 zelo
3323 1732 3639 1781 succensus,

2068 1813 2247 1882 primo
2278 1812 2499 1881 quidem
2535 1826 2668 1865 voce
2701 1820 2879 1874 tenus,
2925 1810 3290 1865 clamantibus
3324 1809 3641 1874 reclamare,

368 1898 513 1949 κατὰ
538 1895 882 1949 Μακεδονίου
916 1894 1170 1964 κείμενος
1201 1892 1335 1963 (76),
1359 1891 1490 1945 ποτὲ
1522 1892 1623 1963 μὲν
1647 1892 1773 1957 τοὺς
1805 1908 1966 1963 μονα-

2073 1914 2130 1959 et
2160 1903 2601 1959 conviciantibus
2639 1902 2887 1958 convicia
2932 1917 3185 1972 regerere
3218 1902 3403 1972 erepit.
3452 1903 3647 1959 Postea

370 1992 503 2059 χοῦς
534 1990 663 2052 τοὺς
694 1986 1062 2055 ἀποσχίστας,
1122 1985 1254 2038 ποτὲ
1286 1985 1343 2037 δὲ
1374 1985 1503 2049 τοὺς
1533 1984 1801 2056 ἄρχοντας
1827 2000 1968 2055 παρ-

373 2080 711 2144 εσκεύαζεν,
742 2080 970 2151 ὕϐρεσιν
1007 2076 1267 2148 ὰσέμνοις
1300 2076 1435 2148 μετὰ
1466 2076 1729 2145 κραυγῶν
1752 2075 1967 2147 βάλλειν

368 2172 465 2223 τὸν
494 2172 819 2224 ἐπίσκοπον.
855 2168 994 2224 Μεθ’
1022 2162 1101 2221 ὧν
1122 2164 1191 2239 ἦν
1212 2169 1305 2222 καὶ
1346 2167 1639 2232 Ἰουλιανὸς
1668 2169 1967 2232 ιπίσκοπος

378 2260 792 2333 Ἁλικαρνασοῦ
824 2262 925 2331 τῆς
957 2261 1195 2331 Καρίας,
1235 2259 1332 2313 καὶ
1368 2260 1607 2330 Σεϐῆρος
1638 2260 1667 2312 ὁ
1711 2260 1963 2331 μοναχός.

371 2355 438 2410 οι
474 2356 569 2407 καὶ
603 2354 704 2424 τῆς
744 2353 1004 2416 πίστεως.
1032 2353 1129 2407 καὶ
1176 2352 1386 2406 ἑαυτῶν
1414 2352 1774 2425 γεγενημένοι
1800 2353 1963 2406 πολέ-

374 2465 515 2519 μιοι.
555 2447 619 2500 '0
640 2446 770 2509 λαὸς
804 2447 906 2499 σὺν
938 2444 1158 2514 γυναιξὶ
1184 2446 1278 2499 καὶ
1306 2445 1538 2509 τέκνοις,
1578 2444 1783 2513 πλῆθος
1809 2444 1964 2498 ἄπει-

375 2558 494 2612 ρον,
550 2542 667 2604 τοίς
724 2540 1057 2610 ἡγουμένοις
1100 2538 1212 2592 τῶν
1258 2537 1509 2609 μοναχῶν
1551 2538 1965 2611 συναθροισθεὶς

368 2634 462 2687 διὰ
500 2633 598 2701 τῆς
630 2631 843 2695 πόλεως
873 2631 1145 2702 ἔκραζον·
1182 2632 1411 2703 Καιρὸς,
1446 2630 1787 2703 Χριστιανοὶ,
1821 2645 1964 2700 μαρ-

366 2727 587 2798 τυρίου.
640 2724 746 2778 Τὸν
793 2724 1010 2794 πατέρα
1044 2723 1237 2795 μηδεὶς
1279 2722 1577 2795 καταλίπῃ.
1615 2721 1876 2792 Ὗϐριζον
1907 2719 1964 2773 δὲ

367 2817 466 2870 τὸν
497 2814 753 2887 βασιλέα,
782 2815 1097 2885 Μανιχαῖοιῖ
1108 2814 1539 2878 ἀποκαλοῦντες,
1564 2813 1661 2867 καὶ
1678 2813 1777 2881 τῆς
1807 2811 1964 2889 βασι-ξ

368 2907 526 2971 λείας
582 2906 830 2973 ἀνάξιον.
900 2908 991 2960 Ἐν
1037 2900 1121 2968 οἷς
1167 2909 1197 2961 ό
1238 2906 1496 2977 βασιλεὺς
1535 2904 1815 2976 φοϐηθεὶς,
1864 2902 1964 2968 τὰς

366 3000 554 3064 πύλας
611 3000 710 3054 τοῦ
770 3000 1045 3070 βασιλείου
1107 3000 1154 3032 ¹⁸
1209 2996 1553 3068 πανταχόθεν
1614 2997 1961 3060 ἀπέκλεισεν,

365 3093 467 3147 καὶ
502 3093 667 3145 πλοῖα
701 3094 784 3155 εἰς
834 3092 898 3146 τὸ
936 3093 1151 3162 φυγεῖν,
1186 3091 1265 3162 τῷ
1293 3089 1540 3159 παλατίῳ
1594 3088 1962 3160 παρέστησεν.

2067 2007 2203 2047 vero
2232 1992 2405 2062 plagis
2432 2008 2529 2047 eos
2555 2008 2620 2048 ac
2646 1990 2974 2047 verberibus
3003 1990 3207 2044 all'ecit.
3237 1990 3367 2044 Post
3395 1994 3511 2047 haec
3543 1994 3646 2046 im-

2066 2092 2292 2152 perator
2311 2091 2499 2152 aperte
2522 2082 2901 2137 Macedonium
2928 2081 3276 2151 impugnans,
3300 2098 3449 2137 nunc
3472 2085 3646 2138 schis-

2068 2171 2284 2226 maticis
2318 2171 2624 2236 monachis,
2659 2186 2807 2226 nunc
2847 2171 3257 2240 magistratibus
3292 2182 3485 2228 auctor
3515 2174 3640 2241 fuit,

2067 2273 2130 2317 ut
2161 2263 2414 2333 turpibus
2442 2263 2708 2317 conviciis
2740 2262 3098 2318 inelamantes
3129 2263 3449 2335 episcopum
3478 2281 3646 2336 appe-

2070 2364 2270 2411 terent.
2317 2356 2467 2410 Inter
2501 2356 2602 2410 hos
2626 2364 2745 2409 erat
2770 2355 3022 2411 Julianus
3062 2356 3354 2426 episcopus
3396 2355 3642 2412 Halicar-

2069 2446 2215 2501 nassi
2269 2446 2425 2501 urbis
2467 2446 2661 2511 Cariae,
2703 2454 2759 2500 et
2804 2444 3042 2501 Severus
3085 2448 3417 2515 monachus;
3454 2447 3548 2519 qui
3584 2460 3643 2503 et

2069 2538 2218 2603 ﬁdei,
2252 2546 2308 2592 et
2340 2538 2540 2592 suimet
2568 2537 2813 2607 ipsorum
2856 2537 3046 2593 hostes
3071 2537 3421 2593 exstiterunt.
3448 2538 3642 2609 Populi

2067 2645 2200 2685 vero
2224 2628 2644 2684 innumerabilis
2664 2630 2961 2685 multitudo
2981 2645 3106 2685 cum
3132 2631 3394 2687 uxoribus
3415 2648 3479 2688 ac
3504 2632 3642 2687 libe-

2064 2723 2160 2789 ris,
2195 2720 2471 2792 adjunctis
2518 2721 2623 2776 sibi
2656 2722 2931 2792 praefectis
2975 2723 3402 2779 orthodoxorum
3447 2739 3641 2780 mona-

2065 2812 2318 2877 chorum,
2366 2827 2466 2882 per
2496 2812 2649 2867 vicos
2690 2813 2841 2867 urbis
2874 2814 3250 2869 conclamabat
3281 2814 3641 2883 :Cbristiani,

2066 2914 2282 2976 tempus
2306 2905 2462 2961 adest
2491 2906 2763 2977 martyrii.
2790 2905 2965 2961 Nemo
2993 2916 3202 2977 patrem
3228 2908 3469 2964 deserat.
3497 2909 3644 2966 Con-

2064 2997 2408 3052 viciabantur
2454 2998 2620 3051 etiam
2667 2996 3026 3067 imperatori,
3074 2998 3432 3055 Manichzeum
3484 3002 3641 3057 illum

2064 3097 2325 3143 vocantes
2376 3096 2434 3142 et
2490 3088 2775 3159 indignum
2828 3089 3082 3159 imperio.
3135 3089 3292 3145 Tunc
3343 3092 3643 3162 imperator

366 3196 523 3243 metu
552 3184 867 3257 perculsus,
897 3194 1087 3256 portas
1115 3184 1304 3256 palatii
1338 3182 1582 3255 undique
1615 3181 1867 3247 occlusit,
1899 3189 1956 3236 et
1992 3181 2206 3252 navigia
2242 3181 2447 3251 palatio
2475 3181 2753 3237 admoveri
2778 3182 2942 3253 jussit
2998 3181 3066 3236 ad
3126 3182 3307 3253 fugam
3344 3199 3640 3254 capessen-

368 3279 497 3335 dum

366 3466 546 3519 δόνιον
575 3464 661 3517 ἔτι
700 3463 780 3533 τῷ
830 3462 1131 3533 προσώπῳ,
1170 3459 1395 3531 πέμψας
1440 3459 1742 3531 παρεκάλει
1774 3456 1964 3511 τοῦτον

366 3554 755 3612 ἀσπάσασθαι.
817 3554 878 3606 '0
930 3552 988 3606 δὲ
1045 3552 1194 3616 λαὸς,
1247 3552 1631 3623 εἰσερχομένου
1677 3548 1802 3611 τοὺς
1853 3548 1962 3600 τῶν

368 3648 764 3719 μοναστηρίων
790 3643 1202 3717 διεμαρτύρατο
1222 3661 1237 3677 ’
1264 3643 1369 3696 Τὸν
1406 3642 1624 3713 πατέρα
1647 3640 1785 3713 πρὸς
1813 3640 1963 3711 ἡμᾶς

369 3740 593 3809 ἔχομεν.
656 3738 768 3791 Καὶ
799 3739 848 3791 οἰ
876 3736 989 3790 τῶν
1030 3735 1236 3806 σχολῶν
1285 3734 1353 3787 δι’
1398 3734 1539 3787 ὅσων
1578 3727 1744 3803 ἦλθεν
1788 3732 1961 3799 εὐφη-

370 3830 607 3900 μοῦντες
651 3829 918 3899 ἐδέχοντο.
952 3828 1063 3881 Καὶ
1098 3824 1375 3890 εἰσελθὼν,
1424 3823 1654 3897 ἤλεγξεν
1699 3822 1961 3875 Ἀναστά-

370 3940 513 3987 σιον,
569 3924 649 3987 ὡς
696 3924 801 3993 τῆς
869 3920 1200 3991 Ἐκκλησίας
1259 3919 1554 3990 πολέμιον·
1617 3919 1646 3971 ὀ
1697 3916 1755 3970 δὲ
1824 3913 1964 3984 μετὰ

368 4015 724 4087 ὑποκρίσεως
768 4013 949 4080 ἔδοξεν
999 4011 1252 4066 ένοῦσθαι
1292 4014 1361 4083 τῇ
1400 4008 1700 4080 Ἐκκλησία
1749 4006 1844 4060 καὶ
1885 4004 1963 4076 τῷ

366 4108 687 4177 ἑπισκόπῳ.

591 3370 655 3421 '0
684 3368 938 3439 βασιλεὺς
968 3369 998 3421 ό
1022 3365 1215 3439 πρώην
1244 3366 1468 3438 όμώσας
1502 3365 1579 3438 μὴ
1613 3365 1743 3419 ἰδεῖν
1771 3364 1962 3419 Μακε-

2134 3365 2223 3420 27.
2269 3366 2574 3436 Imperator
2607 3366 2699 3435 qui
2746 3365 2911 3435 paulo
2968 3374 3127 3421 antea
3166 3367 3447 3435 juraverat
3493 3383 3639 3421 nun-

2068 3473 2231 3528 quam
2259 3472 2319 3511 se
2342 3457 2527 3511 videre
2549 3457 2689 3511 velle
2708 3457 2921 3511 vultum
2947 3456 3271 3519 Macedonii,
3302 3466 3428 3512 tunc
3457 3458 3642 3513 missis

2067 3547 2393 3617 quibusdam
2424 3562 2491 3601 ex
2536 3546 2759 3615 palatio,
2786 3560 2911 3600 eum
2943 3546 3192 3601 hortatus
3238 3556 3321 3603 est
3366 3557 3423 3602 ut
3449 3548 3515 3602 ad
3554 3549 3639 3618 ip-

2066 3652 2188 3692 sum
2216 3636 2561 3691 salutandum
2592 3636 2901 3691 accederet.
2930 3637 3068 3691 Dum
3095 3637 3260 3708 igitur
3287 3638 3641 3694 Macedonius

2065 3728 2134 3781 ad
2187 3728 2572 3797 imperatorem
2619 3737 2889 3799 pergeret,
2927 3729 3164 3799 populus
3196 3730 3483 3799 przefectos
3517 3747 3637 3785 mo-

2064 3820 2431 3874 nasteriorum
2480 3828 2819 3875 contestatus
2865 3821 3185 3875 acclamavit
3220 3841 3233 3875 :
3274 3823 3485 3876 Patrem
3535 3839 3637 3879 no-

2065 3921 2239 3966 strum
2275 3912 2558 3967 nobiscum
2585 3913 2873 3968 habemus.
2906 3913 3105 3969 Milites
3140 3927 3399 3985 praeterea
3426 3916 3640 3971 schola-

2068 4021 2190 4058 rum
2234 4005 2442 4074 palatii,
2476 4021 2575 4075 per
2606 4021 2743 4075 quos
2777 4007 3046 4061 transibat
3091 4007 3461 4073 Macedonius,
3507 4024 3638 4063 eum

2068 4095 2264 4150 faustis
2301 4096 2788 4152 acclamationibus
2829 4110 3186 4167 exceperunt.
3221 4100 3464 4155 Tandem
3505 4114 3638 4155 vero

364 4214 499 4258 cum
530 4201 598 4256 ad
631 4197 983 4255 Anastasium
1015 4194 1278 4260 venisset,
1304 4209 1433 4250 eum
1495 4203 1756 4264 tanquam
1816 4189 2032 4244 hostem
2070 4187 2329 4241 Ecclesia:
2382 4189 2648 4259 coarguit.
2704 4190 2859 4244 Tunc
2922 4189 3241 4245 Anastasius
3288 4192 3637 4248 simulatione

367 4303 561 4359 utens,
590 4288 857 4347 Ecclesia:
874 4296 932 4343 et
954 4287 1216 4358 episcopo
1239 4285 1393 4341 visus
1415 4291 1501 4339 est
1531 4279 1784 4338 adunari.

1667 4416 1906 4474 VARIE
1950 4414 2351 4471 LECTIONES.

440 4520 491 4552 "
520 4518 588 4575 C.
617 4516 911 4572 παλατίου.

1593 4620 1861 4676 VALESII
1899 4619 2453 4680 ANNOTATIONES.

368 4717 612 4777 Patritio
639 4728 691 4773 et
721 4719 953 4790 Hypatio
982 4733 1143 4781 ωσι,
1181 4714 1384 4790 Barba;
1407 4713 1623 4783 quidam
1646 4713 1832 4790 4riani
1877 4730 1963 4767 er-
1996 4717 2040 4772 D
2067 4712 2291 4790 228._I_li
2324 4713 2490 4790 etiam
2516 4714 2624 4768 alio
2654 4715 2883 4790 nomine
2910 4715 3308 4790 ῂακρινόμενοι
3336 4717 3633 4777 'vocaban-

368 4794 511 4846 roris
546 4782 849 4861 episcopis,
875 4789 1000 4841 dum
1018 4787 1290 4861 praesumit
1317 4782 1518 4861 contui
1530 4782 1768 4861 regulam
1801 4800 1965 4861 supra

367 4853 767 4933 baptiuinduin
798 4860 969 4933 dicere
1010 4853 1029 4913 ἑ
1067 4855 1370 4933 (Baptism
1401 4862 1450 4908 te
1476 4853 1677 4908 Barbas
1708 4855 1764 4906 in
1798 4855 1966 4933 nomi-

368 4925 452 4985 ae'
481 4930 675 4986 Patris
704 4946 796 5002 per
833 4928 1049 5002 lilium
1088 4928 1145 4981 in
1183 4925 1389 5002 Spiritu
1429 4933 1647 5002 sancto,_
1670 4942 1688 4975 ι
1724 4925 1963 4993 protinus

366 5019 521 5070 aqua
563 5018 631 5055 ea:
665 4996 773 5071 qua
816 5000 1026 5069 futurus
1058 5004 1173 5050 erat
1202 4996 1471 5071 baptizare
1507 4996 1790 5059 hominem,
1841 5010 1963 5047 nus-

366 5066 543 5143 quam
571 5066 874 5141 comparuit
918 5086 942 5151 ι.
962 5085 1063 5123 uas
1091 5083 1213 5121 vero
1236 5068 1409 5137 ipsum
1441 5066 1499 5119 in
1523 5081 1625 5136 quo
1658 5080 1797 5133 aqua
1823 5072 1961 5129 erat,

365 5143 717 5211 confractum
748 5149 843 5194 est.
880 5139 1020 5196 Vide
1046 5137 1364 5193 Cedrenum
1393 5136 1463 5191 ad
1494 5149 1701 5190 annum
1729 5133 1799 5189 20
1821 5132 1965 5189 Ana-

365 5213 555 5268 stasii.

445 5282 573 5349 (74)
621 5283 688 5335 οι
721 5279 792 5333 δὲ
817 5279 1205 5349 ἀπόσχιστοι.
1238 5276 1333 5349 Sic
1358 5274 1706 5349 vocabantur
1767 5274 1963 5349 obtre-

367 5344 632 5408 ctatores
658 5349 857 5421 synodi
883 5344 1375 5421 Chalcedonensis.
1404 5346 1474 5400 Et
1492 5344 1753 5421 Theodor
1769 5345 1959 5413 usqui-

362 5425 501 5479 dem
533 5416 732 5476 noster
757 5421 921 5489 paulo
952 5428 1096 5489 post,
1118 5418 1457 5488 ἀποσχίστας
1480 5416 1752 5489 μοναχοὶές
1766 5423 1951 5489 locat,

363 5508 433 5549 eo
458 5492 621 5563 quod
650 5483 851 5545 horitm
881 5483 1746 5563 antesignaniessentmonachi.
1770 5483 1949 5537 Theo-

364 5554 590 5633 phanes
611 5576 778 5621 vero,
799 5575 924 5633 pag.
958 5554 1096 5633 13:2;
1121 5558 1359 5633 clericos
1387 5554 1950 5633 etiamuetoepjscopos

362 5624 449 5688 cis
499 5624 971 5687 accensetfln'ter
999 5628 1279 5699 Epistolas
1307 5625 1589 5699 Ephremii
1612 5624 1952 5699 Antiochen-

363 5704 445 5757 sis
478 5701 779 5773 episcopi,
796 5715 904 5754 una
933 5696 1063 5773 fuit
1091 5697 1530 5773 inscripta-[lpos
1561 5697 1688 5758 τοὺς
1723 5696 1951 5773 ἀποσχίιτ

366 5766 901 5837 σταςᾞαλλινίκου,
931 5770 985 5823 id
1012 5780 1119 5829 est,
1139 5769 1221 5821 Ad
1254 5766 1613 5837 schismqticos
1644 5766 1953 5819 monasterii

362 5836 646 5909 Cdtinici,
683 5851 745 5897 ut
793 5848 1031 5896 testatur
1081 5840 1309 5895 Pbotius
1363 5838 1417 5895 in
1452 5836 1951 5907 ,Bibliotheca,cap.

2070 4784 2260 4865 turlid
2281 4792 2395 4865 est.
2432 4782 2697 4865 Separat},
2727 4785 2886 4865 ut_ad
2916 4782 3211 4865 E‘va'griuZm
3246 4791 3454 4865 notavi.

2143 4854 2255 4939 (7‘5)
2281 4854 2829 4939 "I‘U‘rf‘pordéﬂerd
2850 4854 3522 4939 zouér._S_cribendum
3548 4870 3633 4939 est

2117 4926 2213 4977 ετά
2266 4924 2510 4995 πληγῶν,
2542 4932 2602 4979 ut
2663 4926 2867 4997 legitur
2928 4943 2957 4981 a
3002 4926 3073 4981 ud
3132 4928 3522 4998 Theophanem
3572 4935 3631 4988 in

2069 4942 2365 5051 Ehronico.
2401 5009 2524 5051 nas.
2553 4995 2675 5051 152.
2708 4998 2801 5051 ubi
2830 4998 2917 5051 hic
2951 4944 3231 5051 ’Pheodori
3274 5001 3429 5051 locus
3476 5015 3631 5051 com-

2351 5034 2365 5059 ,
2401 5009 2524 5064 pag.
2553 5009 2675 5059 tax,
2708 5009 2801 5051 unt
2830 5009 2917 5051 me
2951 5009 3231 5052 't'neoaort
3274 5009 3429 5054 locus
3476 5015 3597 5055 com

2079 5064 2345 5138 pendiose
2370 5066 2632 5138 refertur.
2668 5065 2773 5121 Sed
2809 5068 3068 5123 videntur
3093 5070 3250 5138 plura
3278 5068 3369 5123 hie
3407 5069 3631 5124 deside-

2068 5136 2201 5219 rari,
2238 5151 2360 5205 qua:
2413 5150 2482 5189 ex
2543 5136 2894 5220 TheOphane.
2928 5140 3003 5193 ita
3055 5136 3301 5219 suppleri
3353 5149 3632 5208 possunt:

2070 5205 2133 5255 '1
2151 5222 2341 5260 στεοον
2395 5205 2452 5258 δὲ
2516 5206 2655 5260 μετὰ
2724 5208 2937 5260 πολλῶν
2992 5208 3219 5260 πληγων
3279 5209 3477 5260 αὐτοὺς
3546 5209 3632 5260 ιε-

2070 5209 2341 5276 ’Υστερον
2395 5209 2452 5258 δὲ
2515 5209 2655 5276 μετὰ
2724 5209 2937 5261 πολλῶν
2992 5209 3219 5279 πληγῶν
3279 5209 3477 5271 αὐτοὺς
3546 5209 3633 5274 ἑξ-

2066 5274 2296 5343 ήλασαν.
2342 5273 2517 5341 Quam
2574 5277 3018 5333 emendationem
3088 5276 3378 5332 confirmat
3461 5278 3627 5333 etiam

2062 5345 2425 5419 Ijicephorus
2454 5346 2509 5399 in
2542 5346 2640 5419 lib.
2687 5364 2798 5409 va,
2830 5364 2953 5419 cap.
2989 5348 3221 5419 ιαμβι
3242 5348 3404 5419 hunc.
3444 5347 3628 5419 locum

2062 5414 2339 5489 :I‘heOdori
2371 5414 2747 5489 describens.
2796 5418 2875 5472 sic
2901 5414 3006 5472 ‘ait
3034 5435 3047 5470 :
3091 5418 3149 5469 '0
3178 5416 3236 5489 ᾃὲ
3294 5416 3447 5489 λαὸς-
3478 5416 3630 5489 ζήλῳ

2058 5485 2479 5559 διαθερμανθεὶς
2549 5488 2791 5557 αἰσχρῶς
2849 5489 3092 5549 ἐκείνους
3158 5486 3260 5557 τῆς
3331 5485 3628 5559 ἐκκλησίας

2056 5555 2379 5611 ἀπέλαυνον.
3218 5555 3226 5557 ἡ
3490 5555 3499 5559 ’

2128 5625 2241 5695 (76)
2297 5627 2457 5681 Κατὰ
2499 5627 2870 5681 Μακεδονίω
2915 5626 3207 5695 κείμενος.
3261 5624 3631 5682 Scribendum

2058 5705 2192 5765 puto
2248 5698 2584 5779 _xw6p.evoc.
2647 5696 2816 5752 Paulo
2880 5704 3005 5766 post
3067 5697 3237 5752 etiam
3308 5696 3427 5771 lege
3492 5698 3632 5770 μετὰ

2060 5784 2093 5819 κ
2099 5783 2334 5838 ραυγων.
