  <div class='ocr_page' id='page_1' title='image "/cluster/home/n/w/nwhite01/storage/ocr_20150623/86:pt.1/coo.31924054869874/107.png"; bbox 0 0 4148 6458; ppageno 0'>
   <div class='ocr_carea' id='block_1_1' title="bbox 540 424 642 490">
    <p class='ocr_par' dir='ltr' id='par_1_1' title="bbox 540 424 642 490">
     <span class='ocr_line' id='line_1_1' title="bbox 540 424 642 490; baseline 0.02 -2"><span class='ocrx_word' id='word_1_1' title='bbox 540 424 642 490; x_wconf 70' lang='lat'><strong>199</strong></span> 
     </span>
    </p>
   </div>
   <div class='ocr_carea' id='block_1_2' title="bbox 1740 420 2542 485">
    <p class='ocr_par' dir='ltr' id='par_1_2' title="bbox 1740 420 2542 485">
     <span class='ocr_line' id='line_1_2' title="bbox 1740 420 2542 485; baseline 0.001 -2"><span class='ocrx_word' id='word_1_2' title='bbox 1740 420 2133 483; x_wconf 85' lang='lat' dir='ltr'><strong>THEODORI</strong></span> <span class='ocrx_word' id='word_1_3' title='bbox 2174 422 2542 485; x_wconf 84' lang='lat' dir='ltr'><strong>LECTORIS</strong></span> 
     </span>
    </p>
   </div>
   <div class='ocr_carea' id='block_1_3' title="bbox 3693 426 3801 491">
    <p class='ocr_par' dir='ltr' id='par_1_3' title="bbox 3693 426 3801 491">
     <span class='ocr_line' id='line_1_3' title="bbox 3693 426 3801 491; baseline 0.028 -3"><span class='ocrx_word' id='word_1_4' title='bbox 3693 426 3801 491; x_wconf 77' lang='lat'><strong>200</strong></span> 
     </span>
    </p>
   </div>
   <div class='ocr_carea' id='block_1_4' title="bbox 607 536 2136 615">
    <p class='ocr_par' dir='ltr' id='par_1_4' title="bbox 607 536 2127 613">
     <span class='ocr_line' id='line_1_4' title="bbox 607 536 2127 613; baseline -0.005 -14"><span class='ocrx_word' id='word_1_5' title='bbox 607 544 700 599; x_wconf 72' lang='lat'><strong>28.</strong></span> <span class='ocrx_word' id='word_1_6' title='bbox 732 542 1041 613; x_wconf 86' lang='lat' dir='ltr'><strong>Imperator</strong></span> <span class='ocrx_word' id='word_1_7' title='bbox 1078 540 1421 601; x_wconf 79' lang='lat' dir='ltr'><strong>existimans,</strong></span> <span class='ocrx_word' id='word_1_8' title='bbox 1454 538 1499 593; x_wconf 88' lang='lat' dir='ltr'><strong>si</strong></span> <span class='ocrx_word' id='word_1_9' title='bbox 1534 536 1888 593; x_wconf 81' lang='lat' dir='ltr'><strong>Macedonius</strong></span> <span class='ocrx_word' id='word_1_10' title='bbox 1915 538 2127 609; x_wconf 86' lang='lat' dir='ltr'><strong>judica-</strong></span> 
     </span>
    </p>
   </div>
   <div class='ocr_carea' id='block_1_5' title="bbox 2237 536 3809 615">
    <p class='ocr_par' dir='ltr' id='par_1_5' title="bbox 2296 537 3809 615">
     <span class='ocr_line' id='line_1_5' title="bbox 2296 537 3809 615; baseline 0.003 -22"><span class='ocrx_word' id='word_1_11' title='bbox 2296 546 2405 607; x_wconf 84' lang='grc' dir='ltr'>κη’.</span> <span class='ocrx_word' id='word_1_12' title='bbox 2464 537 2835 593; x_wconf 78' lang='grc' dir='ltr'>Ὑπολαὸιῦνό</span> <span class='ocrx_word' id='word_1_13' title='bbox 2876 538 3131 608; x_wconf 77' lang='grc' dir='ltr'>βασιλεὺς</span> <span class='ocrx_word' id='word_1_14' title='bbox 3177 539 3259 593; x_wconf 80' lang='grc' dir='ltr'><strong>ὅτι</strong></span> <span class='ocrx_word' id='word_1_15' title='bbox 3305 540 3464 611; x_wconf 85' lang='grc' dir='ltr'>εῐπερ</span> <span class='ocrx_word' id='word_1_16' title='bbox 3512 542 3727 615; x_wconf 80' lang='grc' dir='ltr'><strong>κριθείη</strong></span> <span class='ocrx_word' id='word_1_17' title='bbox 3777 548 3809 601; x_wconf 86' lang='grc' dir='ltr'><strong>ὁ</strong></span> 
     </span>
    </p>
   </div>
   <div class='ocr_carea' id='block_1_6' title="bbox 538 630 2123 705">
    <p class='ocr_par' dir='ltr' id='par_1_6' title="bbox 538 630 2123 705">
     <span class='ocr_line' id='line_1_6' title="bbox 538 630 2123 705; baseline -0.006 -13"><span class='ocrx_word' id='word_1_18' title='bbox 538 646 715 701; x_wconf 85' lang='lat' dir='ltr'><strong>retur,</strong></span> <span class='ocrx_word' id='word_1_19' title='bbox 737 636 950 705; x_wconf 81' lang='lat' dir='ltr'><strong>plebem</strong></span> <span class='ocrx_word' id='word_1_20' title='bbox 988 633 1141 687; x_wconf 91' lang='lat' dir='ltr'><strong>illum</strong></span> <span class='ocrx_word' id='word_1_21' title='bbox 1165 640 1427 700; x_wconf 85' lang='lat' dir='ltr'><strong>tanquam</strong></span> <span class='ocrx_word' id='word_1_22' title='bbox 1455 630 1753 694; x_wconf 76' lang='lat' dir='ltr'><strong>insontem,</strong></span> <span class='ocrx_word' id='word_1_23' title='bbox 1772 630 2123 684; x_wconf 84' lang='lat' dir='ltr'><strong>defensuram</strong></span> 
     </span>
    </p>
   </div>
   <div class='ocr_carea' id='block_1_7' title="bbox 536 724 2119 794">
    <p class='ocr_par' dir='ltr' id='par_1_7' title="bbox 536 724 2119 794">
     <span class='ocr_line' id='line_1_7' title="bbox 536 724 2119 794; baseline -0.004 -8"><span class='ocrx_word' id='word_1_24' title='bbox 536 748 681 794; x_wconf 89' lang='lat' dir='ltr'><strong>esse,</strong></span> <span class='ocrx_word' id='word_1_25' title='bbox 724 738 891 784; x_wconf 92' lang='lat' dir='ltr'><strong>noctu</strong></span> <span class='ocrx_word' id='word_1_26' title='bbox 927 728 1200 781; x_wconf 75' lang='lat' dir='ltr'><strong>violenter</strong></span> <span class='ocrx_word' id='word_1_27' title='bbox 1244 741 1370 779; x_wconf 90' lang='lat' dir='ltr'><strong>eum</strong></span> <span class='ocrx_word' id='word_1_28' title='bbox 1421 724 1652 779; x_wconf 78' lang='lat' dir='ltr'><strong>abduxit</strong></span> <span class='ocrx_word' id='word_1_29' title='bbox 1695 724 2119 780; x_wconf 90' lang='lat' dir='ltr'><strong>Chalcedonem.</strong></span> 
     </span>
    </p>
   </div>
   <div class='ocr_carea' id='block_1_8' title="bbox 538 815 2123 892">
    <p class='ocr_par' dir='ltr' id='par_1_8' title="bbox 538 815 2123 892">
     <span class='ocr_line' id='line_1_8' title="bbox 538 815 2123 892; baseline -0.003 -16"><span class='ocrx_word' id='word_1_30' title='bbox 538 824 718 892; x_wconf 84' lang='lat' dir='ltr'><strong>Atque</strong></span> <span class='ocrx_word' id='word_1_31' title='bbox 748 820 876 874; x_wconf 89' lang='lat' dir='ltr'><strong>inde</strong></span> <span class='ocrx_word' id='word_1_32' title='bbox 921 818 1190 872; x_wconf 89' lang='lat' dir='ltr'><strong>Euchaita</strong></span> <span class='ocrx_word' id='word_1_33' title='bbox 1222 817 1378 871; x_wconf 92' lang='lat' dir='ltr'><strong>illum</strong></span> <span class='ocrx_word' id='word_1_34' title='bbox 1413 815 1615 871; x_wconf 89' lang='lat' dir='ltr'><strong>deduci</strong></span> <span class='ocrx_word' id='word_1_35' title='bbox 1641 816 1824 887; x_wconf 78' lang='lat' dir='ltr'><strong>jussit.</strong></span> <span class='ocrx_word' id='word_1_36' title='bbox 1857 816 2123 887; x_wconf 90' lang='lat' dir='ltr'><strong>Sequenti</strong></span> 
     </span>
    </p>
   </div>
   <div class='ocr_carea' id='block_1_9' title="bbox 538 907 2121 982">
    <p class='ocr_par' dir='ltr' id='par_1_9' title="bbox 538 907 2121 982">
     <span class='ocr_line' id='line_1_9' title="bbox 538 907 2121 982; baseline -0.004 -14"><span class='ocrx_word' id='word_1_37' title='bbox 538 915 629 968; x_wconf 89' lang='lat' dir='ltr'><strong>die</strong></span> <span class='ocrx_word' id='word_1_38' title='bbox 674 913 997 982; x_wconf 88' lang='lat' dir='ltr'><strong>episcopum</strong></span> <span class='ocrx_word' id='word_1_39' title='bbox 1044 908 1356 979; x_wconf 78' lang='lat' dir='ltr'><strong>designavit</strong></span> <span class='ocrx_word' id='word_1_40' title='bbox 1401 907 1755 961; x_wconf 81' lang='lat' dir='ltr'><strong>Timotheum</strong></span> <span class='ocrx_word' id='word_1_41' title='bbox 1806 908 2121 977; x_wconf 89' lang='lat' dir='ltr'><strong>quemdam,</strong></span> 
     </span>
    </p>
   </div>
   <div class='ocr_carea' id='block_1_10' title="bbox 538 1000 2127 1075">
    <p class='ocr_par' dir='ltr' id='par_1_10' title="bbox 538 1000 2127 1075">
     <span class='ocr_line' id='line_1_10' title="bbox 538 1000 2127 1075; baseline -0.001 -19"><span class='ocrx_word' id='word_1_42' title='bbox 538 1006 921 1075; x_wconf 76' lang='lat' dir='ltr'><strong>presbyterum</strong></span> <span class='ocrx_word' id='word_1_43' title='bbox 972 1010 1030 1057; x_wconf 92' lang='lat' dir='ltr'><strong>et</strong></span> <span class='ocrx_word' id='word_1_44' title='bbox 1070 1016 1332 1057; x_wconf 83' lang='lat' dir='ltr'><strong>vasorum</strong></span> <span class='ocrx_word' id='word_1_45' title='bbox 1377 1000 1663 1056; x_wconf 88' lang='lat' dir='ltr'><strong>custodem</strong></span> <span class='ocrx_word' id='word_1_46' title='bbox 1698 1000 1957 1056; x_wconf 74' lang='lat' dir='ltr'><strong>Ecclesia:</strong></span> <span class='ocrx_word' id='word_1_47' title='bbox 1982 1000 2127 1057; x_wconf 89' lang='lat' dir='ltr'><strong>Con-</strong></span> 
     </span>
    </p>
   </div>
   <div class='ocr_carea' id='block_1_11' title="bbox 538 1093 2127 1166">
    <p class='ocr_par' dir='ltr' id='par_1_11' title="bbox 538 1093 2127 1166">
     <span class='ocr_line' id='line_1_11' title="bbox 538 1093 2127 1166; baseline -0.002 -14"><span class='ocrx_word' id='word_1_48' title='bbox 538 1096 1041 1166; x_wconf 74' lang='lat' dir='ltr'><strong>stantinopolitanae</strong></span> <span class='ocrx_word' id='word_1_49' title='bbox 1070 1136 1083 1159; x_wconf 96' lang='lat'><strong>,</strong></span> <span class='ocrx_word' id='word_1_50' title='bbox 1134 1094 1229 1164; x_wconf 90' lang='lat' dir='ltr'><strong>qui</strong></span> <span class='ocrx_word' id='word_1_51' title='bbox 1272 1094 1436 1164; x_wconf 89' lang='lat' dir='ltr'><strong>vulgo</strong></span> <span class='ocrx_word' id='word_1_52' title='bbox 1486 1093 1651 1163; x_wconf 77' lang='lat'><strong>578</strong></span> <span class='ocrx_word' id='word_1_53' title='bbox 1696 1093 2025 1148; x_wconf 88' lang='lat' dir='ltr'><strong>litrobulbes</strong></span> <span class='ocrx_word' id='word_1_54' title='bbox 2070 1103 2127 1149; x_wconf 88' lang='lat' dir='ltr'><strong>et</strong></span> 
     </span>
    </p>
   </div>
   <div class='ocr_carea' id='block_1_12' title="bbox 537 1183 2127 1254">
    <p class='ocr_par' dir='ltr' id='par_1_12' title="bbox 537 1183 2127 1254">
     <span class='ocr_line' id='line_1_12' title="bbox 537 1183 2127 1254; baseline -0.002 -13"><span class='ocrx_word' id='word_1_55' title='bbox 537 1189 698 1242; x_wconf 88' lang='lat' dir='ltr'><strong>colon</strong></span> <span class='ocrx_word' id='word_1_56' title='bbox 732 1187 1055 1250; x_wconf 81' lang='lat' dir='ltr'><strong>vocabatur,</strong></span> <span class='ocrx_word' id='word_1_57' title='bbox 1103 1185 1175 1239; x_wconf 91' lang='lat' dir='ltr'><strong>ob</strong></span> <span class='ocrx_word' id='word_1_58' title='bbox 1209 1184 1354 1239; x_wconf 88' lang='lat' dir='ltr'><strong>facta</strong></span> <span class='ocrx_word' id='word_1_59' title='bbox 1395 1183 1644 1254; x_wconf 62' lang='lat' dir='ltr'><strong>quadam</strong></span> <span class='ocrx_word' id='word_1_60' title='bbox 1687 1183 1775 1238; x_wconf 91' lang='lat' dir='ltr'><strong>his</strong></span> <span class='ocrx_word' id='word_1_61' title='bbox 1809 1184 2127 1238; x_wconf 88' lang='lat' dir='ltr'><strong>nominibus</strong></span> 
     </span>
    </p>
   </div>
   <div class='ocr_carea' id='block_1_13' title="bbox 540 1280 958 1349">
    <p class='ocr_par' dir='ltr' id='par_1_13' title="bbox 540 1280 958 1349">
     <span class='ocr_line' id='line_1_13' title="bbox 540 1280 958 1349; baseline 0 -17"><span class='ocrx_word' id='word_1_62' title='bbox 540 1280 958 1349; x_wconf 85' lang='lat' dir='ltr'><strong>respondentia.</strong></span> 
     </span>
    </p>
   </div>
   <div class='ocr_carea' id='block_1_14' title="bbox 608 1369 2129 1438">
    <p class='ocr_par' dir='ltr' id='par_1_14' title="bbox 608 1369 2129 1438">
     <span class='ocr_line' id='line_1_14' title="bbox 608 1369 2129 1438; baseline -0.003 -11"><span class='ocrx_word' id='word_1_63' title='bbox 608 1373 699 1427; x_wconf 73' lang='lat'><strong>29.</strong></span> <span class='ocrx_word' id='word_1_64' title='bbox 739 1373 909 1425; x_wconf 90' lang='lat' dir='ltr'><strong>Porro</strong></span> <span class='ocrx_word' id='word_1_65' title='bbox 938 1370 1029 1426; x_wconf 91' lang='lat' dir='ltr'><strong>hic</strong></span> <span class='ocrx_word' id='word_1_66' title='bbox 1056 1369 1401 1433; x_wconf 89' lang='lat' dir='ltr'><strong>Timotheus,</strong></span> <span class='ocrx_word' id='word_1_67' title='bbox 1440 1369 1494 1422; x_wconf 93' lang='lat' dir='ltr'><strong>in</strong></span> <span class='ocrx_word' id='word_1_68' title='bbox 1533 1383 1921 1438; x_wconf 90' lang='lat' dir='ltr'><strong>quamcunque</strong></span> <span class='ocrx_word' id='word_1_69' title='bbox 1952 1369 2129 1424; x_wconf 89' lang='lat' dir='ltr'><strong>eccle-</strong></span> 
     </span>
    </p>
   </div>
   <div class='ocr_carea' id='block_1_15' title="bbox 540 1460 2129 1532">
    <p class='ocr_par' dir='ltr' id='par_1_15' title="bbox 540 1460 2129 1532">
     <span class='ocr_line' id='line_1_15' title="bbox 540 1460 2129 1532; baseline -0.002 -14"><span class='ocrx_word' id='word_1_70' title='bbox 540 1463 678 1518; x_wconf 86' lang='lat' dir='ltr'><strong>siam</strong></span> <span class='ocrx_word' id='word_1_71' title='bbox 713 1462 995 1532; x_wconf 85' lang='lat' dir='ltr'><strong>ingressus</strong></span> <span class='ocrx_word' id='word_1_72' title='bbox 1019 1461 1218 1526; x_wconf 88' lang='lat' dir='ltr'><strong>fuerat,</strong></span> <span class='ocrx_word' id='word_1_73' title='bbox 1252 1475 1535 1529; x_wconf 91' lang='lat' dir='ltr'><strong>nunquam</strong></span> <span class='ocrx_word' id='word_1_74' title='bbox 1564 1460 1677 1513; x_wconf 91' lang='lat' dir='ltr'><strong>illic</strong></span> <span class='ocrx_word' id='word_1_75' title='bbox 1707 1460 2003 1514; x_wconf 89' lang='lat' dir='ltr'><strong>missarum</strong></span> <span class='ocrx_word' id='word_1_76' title='bbox 2042 1477 2129 1515; x_wconf 91' lang='lat' dir='ltr'><strong>so-</strong></span> 
     </span>
    </p>
   </div>
   <div class='ocr_carea' id='block_1_16' title="bbox 543 1550 2130 1622">
    <p class='ocr_par' dir='ltr' id='par_1_16' title="bbox 543 1550 2130 1622">
     <span class='ocr_line' id='line_1_16' title="bbox 543 1550 2130 1622; baseline -0.001 -13"><span class='ocrx_word' id='word_1_77' title='bbox 543 1555 749 1609; x_wconf 88' lang='lat' dir='ltr'><strong>lemnia</strong></span> <span class='ocrx_word' id='word_1_78' title='bbox 806 1552 1106 1617; x_wconf 83' lang='lat' dir='ltr'><strong>inchoavit,</strong></span> <span class='ocrx_word' id='word_1_79' title='bbox 1155 1552 1257 1606; x_wconf 87' lang='lat' dir='ltr'><strong>nisi</strong></span> <span class='ocrx_word' id='word_1_80' title='bbox 1308 1551 1462 1621; x_wconf 90' lang='lat' dir='ltr'><strong>prius</strong></span> <span class='ocrx_word' id='word_1_81' title='bbox 1508 1550 1814 1604; x_wconf 82' lang='lat' dir='ltr'><strong>Macedonii</strong></span> <span class='ocrx_word' id='word_1_82' title='bbox 1864 1551 2130 1622; x_wconf 78' lang='lat' dir='ltr'><strong>imagines</strong></span> 
     </span>
    </p>
   </div>
   <div class='ocr_carea' id='block_1_17' title="bbox 544 1646 1276 1702">
    <p class='ocr_par' dir='ltr' id='par_1_17' title="bbox 544 1646 1276 1702">
     <span class='ocr_line' id='line_1_17' title="bbox 544 1646 1276 1702; baseline -0.005 0"><span class='ocrx_word' id='word_1_83' title='bbox 544 1649 699 1702; x_wconf 90' lang='lat' dir='ltr'><strong>illinc</strong></span> <span class='ocrx_word' id='word_1_84' title='bbox 727 1647 987 1701; x_wconf 59' lang='lat' dir='ltr'><strong>detractte</strong></span> <span class='ocrx_word' id='word_1_85' title='bbox 1022 1646 1276 1700; x_wconf 79' lang='lat' dir='ltr'><strong>fuissent.</strong></span> 
     </span>
    </p>
   </div>
   <div class='ocr_carea' id='block_1_18' title="bbox 617 1734 2128 1810">
    <p class='ocr_par' dir='ltr' id='par_1_18' title="bbox 617 1734 2128 1810">
     <span class='ocr_line' id='line_1_18' title="bbox 617 1734 2128 1810; baseline -0.002 -15"><span class='ocrx_word' id='word_1_86' title='bbox 617 1740 705 1795; x_wconf 81' lang='lat'><strong>&#39;50.</strong></span> <span class='ocrx_word' id='word_1_87' title='bbox 735 1738 1176 1810; x_wconf 90' lang='lat' dir='ltr'><strong>Supplicationes</strong></span> <span class='ocrx_word' id='word_1_88' title='bbox 1200 1737 1472 1807; x_wconf 89' lang='lat' dir='ltr'><strong>publicas,</strong></span> <span class='ocrx_word' id='word_1_89' title='bbox 1511 1752 1635 1805; x_wconf 75' lang='lat' dir='ltr'><strong>quze</strong></span> <span class='ocrx_word' id='word_1_90' title='bbox 1674 1734 1764 1791; x_wconf 89' lang='lat' dir='ltr'><strong>die</strong></span> <span class='ocrx_word' id='word_1_91' title='bbox 1796 1737 2128 1792; x_wconf 89' lang='lat' dir='ltr'><strong>Parasceves</strong></span> 
     </span>
    </p>
   </div>
   <div class='ocr_carea' id='block_1_19' title="bbox 547 1826 2127 1899">
    <p class='ocr_par' dir='ltr' id='par_1_19' title="bbox 547 1826 2127 1899">
     <span class='ocr_line' id='line_1_19' title="bbox 547 1826 2127 1899; baseline -0.002 -12"><span class='ocrx_word' id='word_1_92' title='bbox 547 1831 689 1886; x_wconf 82' lang='lat' dir='ltr'><strong>fiunt</strong></span> <span class='ocrx_word' id='word_1_93' title='bbox 721 1832 777 1886; x_wconf 92' lang='lat' dir='ltr'><strong>in</strong></span> <span class='ocrx_word' id='word_1_94' title='bbox 808 1831 1042 1885; x_wconf 88' lang='lat' dir='ltr'><strong>ecclesia</strong></span> <span class='ocrx_word' id='word_1_95' title='bbox 1072 1829 1320 1899; x_wconf 66' lang='lat' dir='ltr'><strong>Deiparaa</strong></span> <span class='ocrx_word' id='word_1_96' title='bbox 1355 1843 1479 1897; x_wconf 81' lang='lat' dir='ltr'><strong>quae</strong></span> <span class='ocrx_word' id='word_1_97' title='bbox 1505 1836 1590 1881; x_wconf 90' lang='lat' dir='ltr'><strong>est</strong></span> <span class='ocrx_word' id='word_1_98' title='bbox 1619 1826 1675 1881; x_wconf 94' lang='lat' dir='ltr'><strong>in</strong></span> <span class='ocrx_word' id='word_1_99' title='bbox 1702 1826 2127 1898; x_wconf 82' lang='lat' dir='ltr'><strong>ChalcOpratiis,</strong></span> 
     </span>
    </p>
   </div>
   <div class='ocr_carea' id='block_1_20' title="bbox 546 1920 1489 1994">
    <p class='ocr_par' dir='ltr' id='par_1_20' title="bbox 546 1920 1489 1994">
     <span class='ocr_line' id='line_1_20' title="bbox 546 1920 1489 1994; baseline -0.004 -17"><span class='ocrx_word' id='word_1_100' title='bbox 546 1924 759 1994; x_wconf 92' lang='lat' dir='ltr'><strong>primus</strong></span> <span class='ocrx_word' id='word_1_101' title='bbox 790 1922 1112 1976; x_wconf 88' lang='lat' dir='ltr'><strong>Timotheus</strong></span> <span class='ocrx_word' id='word_1_102' title='bbox 1140 1920 1489 1991; x_wconf 85' lang='lat' dir='ltr'><strong>excogitavit.</strong></span> 
     </span>
    </p>
   </div>
   <div class='ocr_carea' id='block_1_21' title="bbox 616 2032 2128 2106">
    <p class='ocr_par' dir='ltr' id='par_1_21' title="bbox 616 2032 2128 2106">
     <span class='ocr_line' id='line_1_21' title="bbox 616 2032 2128 2106; baseline -0.005 -15"><span class='ocrx_word' id='word_1_103' title='bbox 616 2038 705 2091; x_wconf 80' lang='lat' dir='ltr'><strong>5i.</strong></span> <span class='ocrx_word' id='word_1_104' title='bbox 745 2035 984 2091; x_wconf 81' lang='lat' dir='ltr'><strong>Joannes</strong></span> <span class='ocrx_word' id='word_1_105' title='bbox 1018 2034 1210 2106; x_wconf 83' lang='lat' dir='ltr'><strong>synodi</strong></span> <span class='ocrx_word' id='word_1_106' title='bbox 1258 2032 1725 2089; x_wconf 87' lang='lat' dir='ltr'><strong>Chalcedonensis</strong></span> <span class='ocrx_word' id='word_1_107' title='bbox 1766 2032 2128 2096; x_wconf 86' lang='lat' dir='ltr'><strong>obtrectator,</strong></span> 
     </span>
    </p>
   </div>
   <div class='ocr_carea' id='block_1_22' title="bbox 547 2125 2128 2195">
    <p class='ocr_par' dir='ltr' id='par_1_22' title="bbox 547 2125 2128 2195">
     <span class='ocr_line' id='line_1_22' title="bbox 547 2125 2128 2195; baseline -0.004 -11"><span class='ocrx_word' id='word_1_108' title='bbox 547 2128 617 2184; x_wconf 92' lang='lat' dir='ltr'><strong>de</strong></span> <span class='ocrx_word' id='word_1_109' title='bbox 666 2128 872 2183; x_wconf 82' lang='lat' dir='ltr'><strong>Severo</strong></span> <span class='ocrx_word' id='word_1_110' title='bbox 916 2128 1033 2182; x_wconf 71' lang='lat' dir='ltr'><strong>haec</strong></span> <span class='ocrx_word' id='word_1_111' title='bbox 1082 2135 1292 2191; x_wconf 87' lang='lat' dir='ltr'><strong>narrat,</strong></span> <span class='ocrx_word' id='word_1_112' title='bbox 1339 2127 1691 2181; x_wconf 88' lang='lat' dir='ltr'><strong>Anastasium</strong></span> <span class='ocrx_word' id='word_1_113' title='bbox 1741 2125 2128 2195; x_wconf 86' lang='lat' dir='ltr'><strong>imperatorem</strong></span> 
     </span>
    </p>
   </div>
   <div class='ocr_carea' id='block_1_23' title="bbox 542 2218 2132 2291">
    <p class='ocr_par' dir='ltr' id='par_1_23' title="bbox 542 2218 2132 2291">
     <span class='ocr_line' id='line_1_23' title="bbox 542 2218 2132 2291; baseline 0.001 -18"><span class='ocrx_word' id='word_1_114' title='bbox 542 2222 915 2291; x_wconf 88' lang='lat' dir='ltr'><strong>juramentum</strong></span> <span class='ocrx_word' id='word_1_115' title='bbox 946 2221 1153 2291; x_wconf 90' lang='lat' dir='ltr'><strong>scripto</strong></span> <span class='ocrx_word' id='word_1_116' title='bbox 1179 2221 1641 2289; x_wconf 88' lang='lat' dir='ltr'><strong>comprehensum</strong></span> <span class='ocrx_word' id='word_1_117' title='bbox 1678 2235 1707 2273; x_wconf 92' lang='lat' dir='ltr'><strong>a</strong></span> <span class='ocrx_word' id='word_1_118' title='bbox 1744 2218 1949 2274; x_wconf 88' lang='lat' dir='ltr'><strong>Severo</strong></span> <span class='ocrx_word' id='word_1_119' title='bbox 1976 2234 2132 2274; x_wconf 88' lang='lat' dir='ltr'><strong>accc-</strong></span> 
     </span>
    </p>
   </div>
   <div class='ocr_carea' id='block_1_24' title="bbox 548 2311 2129 2383">
    <p class='ocr_par' dir='ltr' id='par_1_24' title="bbox 548 2311 2129 2383">
     <span class='ocr_line' id='line_1_24' title="bbox 548 2311 2129 2383; baseline -0.003 -16"><span class='ocrx_word' id='word_1_120' title='bbox 548 2314 716 2383; x_wconf 89' lang='lat' dir='ltr'><strong>pisse,</strong></span> <span class='ocrx_word' id='word_1_121' title='bbox 739 2312 887 2383; x_wconf 91' lang='lat' dir='ltr'><strong>quod</strong></span> <span class='ocrx_word' id='word_1_122' title='bbox 909 2313 954 2366; x_wconf 90' lang='lat' dir='ltr'><strong>si</strong></span> <span class='ocrx_word' id='word_1_123' title='bbox 979 2311 1199 2382; x_wconf 87' lang='lat' dir='ltr'><strong>quando</strong></span> <span class='ocrx_word' id='word_1_124' title='bbox 1224 2311 1611 2366; x_wconf 86' lang='lat' dir='ltr'><strong>Antiochensis</strong></span> <span class='ocrx_word' id='word_1_125' title='bbox 1639 2312 1930 2381; x_wconf 90' lang='lat' dir='ltr'><strong>episc0pus</strong></span> <span class='ocrx_word' id='word_1_126' title='bbox 1953 2311 2129 2374; x_wconf 88' lang='lat' dir='ltr'><strong>fieret,</strong></span> 
     </span>
    </p>
   </div>
   <div class='ocr_carea' id='block_1_25' title="bbox 550 2401 2134 2473">
    <p class='ocr_par' dir='ltr' id='par_1_25' title="bbox 550 2401 2134 2473">
     <span class='ocr_line' id='line_1_25' title="bbox 550 2401 2134 2473; baseline -0.001 -16"><span class='ocrx_word' id='word_1_127' title='bbox 550 2419 832 2473; x_wconf 82' lang='lat' dir='ltr'><strong>nunquam</strong></span> <span class='ocrx_word' id='word_1_128' title='bbox 865 2402 1091 2457; x_wconf 91' lang='lat' dir='ltr'><strong>omnino</strong></span> <span class='ocrx_word' id='word_1_129' title='bbox 1130 2401 1635 2458; x_wconf 81' lang='lat' dir='ltr'><strong>Chalcedonensem</strong></span> <span class='ocrx_word' id='word_1_130' title='bbox 1684 2402 1954 2473; x_wconf 85' lang='lat' dir='ltr'><strong>synodum</strong></span> <span class='ocrx_word' id='word_1_131' title='bbox 1999 2417 2134 2455; x_wconf 84' lang='lat' dir='ltr'><strong>ana-</strong></span> 
     </span>
    </p>
   </div>
   <div class='ocr_carea' id='block_1_26' title="bbox 552 2492 2134 2565">
    <p class='ocr_par' dir='ltr' id='par_1_26' title="bbox 552 2492 2134 2565">
     <span class='ocr_line' id='line_1_26' title="bbox 552 2492 2134 2565; baseline -0.002 -16"><span class='ocrx_word' id='word_1_132' title='bbox 552 2494 779 2549; x_wconf 88' lang='lat' dir='ltr'><strong>themati</strong></span> <span class='ocrx_word' id='word_1_133' title='bbox 809 2493 1162 2565; x_wconf 90' lang='lat' dir='ltr'><strong>subjecturus</strong></span> <span class='ocrx_word' id='word_1_134' title='bbox 1190 2502 1354 2547; x_wconf 84' lang='lat' dir='ltr'><strong>esset.</strong></span> <span class='ocrx_word' id='word_1_135' title='bbox 1385 2492 1652 2548; x_wconf 86' lang='lat' dir='ltr'><strong>Enmdem</strong></span> <span class='ocrx_word' id='word_1_136' title='bbox 1685 2504 1866 2548; x_wconf 89' lang='lat' dir='ltr'><strong>tamen</strong></span> <span class='ocrx_word' id='word_1_137' title='bbox 1898 2493 2019 2564; x_wconf 90' lang='lat' dir='ltr'><strong>ipso</strong></span> <span class='ocrx_word' id='word_1_138' title='bbox 2045 2510 2134 2547; x_wconf 90' lang='lat' dir='ltr'><strong>or-</strong></span> 
     </span>
    </p>
   </div>
   <div class='ocr_carea' id='block_1_27' title="bbox 2224 631 3811 703">
    <p class='ocr_par' dir='ltr' id='par_1_27' title="bbox 2224 631 3811 703">
     <span class='ocr_line' id='line_1_27' title="bbox 2224 631 3811 703; baseline 0.003 -18"><span class='ocrx_word' id='word_1_139' title='bbox 2224 632 2585 697; x_wconf 85' lang='grc' dir='ltr'>Μακεδόνιος,</span> <span class='ocrx_word' id='word_1_140' title='bbox 2620 634 2649 685; x_wconf 85' lang='grc' dir='ltr'>ὁ</span> <span class='ocrx_word' id='word_1_141' title='bbox 2695 632 2823 694; x_wconf 85' lang='grc' dir='ltr'>λαὸς</span> <span class='ocrx_word' id='word_1_142' title='bbox 2874 632 2951 695; x_wconf 81' lang='grc' dir='ltr'>ὡς</span> <span class='ocrx_word' id='word_1_143' title='bbox 2995 631 3171 685; x_wconf 82' lang='grc' dir='ltr'>ἀθὼου</span> <span class='ocrx_word' id='word_1_144' title='bbox 3200 631 3576 703; x_wconf 78' lang='grc' dir='ltr'>ἀντιλήψεται.</span> <span class='ocrx_word' id='word_1_145' title='bbox 3615 637 3811 702; x_wconf 68' lang='grc' dir='ltr'>νυκτὸς</span> 
     </span>
    </p>
   </div>
   <div class='ocr_carea' id='block_1_28' title="bbox 2225 722 3805 796">
    <p class='ocr_par' dir='ltr' id='par_1_28' title="bbox 2225 722 3805 796">
     <span class='ocr_line' id='line_1_28' title="bbox 2225 722 3805 796; baseline 0.004 -21"><span class='ocrx_word' id='word_1_146' title='bbox 2225 722 2387 775; x_wconf 73' lang='grc' dir='ltr'>αὐτὸν</span> <span class='ocrx_word' id='word_1_147' title='bbox 2444 723 2584 792; x_wconf 83' lang='grc' dir='ltr'>μετὰ</span> <span class='ocrx_word' id='word_1_148' title='bbox 2630 722 2753 793; x_wconf 84' lang='grc' dir='ltr'>βίας</span> <span class='ocrx_word' id='word_1_149' title='bbox 2801 722 2896 775; x_wconf 77' lang='grc' dir='ltr'><strong>ἐπὶ</strong></span> <span class='ocrx_word' id='word_1_150' title='bbox 2945 723 3045 794; x_wconf 83' lang='grc' dir='ltr'>τὴν</span> <span class='ocrx_word' id='word_1_151' title='bbox 3102 723 3424 793; x_wconf 80' lang='grc' dir='ltr'><strong>Καλχηδόνα</strong></span> <span class='ocrx_word' id='word_1_152' title='bbox 3475 724 3805 796; x_wconf 63' lang='grc' dir='ltr'>ἐξέπεμψεν.</span> 
     </span>
    </p>
   </div>
   <div class='ocr_carea' id='block_1_29' title="bbox 2226 815 3806 887">
    <p class='ocr_par' dir='ltr' id='par_1_29' title="bbox 2226 815 3806 887">
     <span class='ocr_line' id='line_1_29' title="bbox 2226 815 3806 887; baseline 0.003 -20"><span class='ocrx_word' id='word_1_153' title='bbox 2226 815 2499 868; x_wconf 77' lang='grc' dir='ltr'>Κάκεῖθεν</span> <span class='ocrx_word' id='word_1_154' title='bbox 2525 815 3001 887; x_wconf 81' lang='grc' dir='ltr'>παραπεμφοῆναι</span> <span class='ocrx_word' id='word_1_155' title='bbox 3028 816 3086 868; x_wconf 85' lang='grc' dir='ltr'>ὲν</span> <span class='ocrx_word' id='word_1_156' title='bbox 3123 816 3416 885; x_wconf 78' lang='grc' dir='ltr'>Εὐχαῖτοις</span> <span class='ocrx_word' id='word_1_157' title='bbox 3447 817 3806 887; x_wconf 80' lang='grc' dir='ltr'><strong>προσέταξεν.</strong></span> 
     </span>
    </p>
   </div>
   <div class='ocr_carea' id='block_1_30' title="bbox 2227 906 3808 978">
    <p class='ocr_par' dir='ltr' id='par_1_30' title="bbox 2227 906 3808 978">
     <span class='ocr_line' id='line_1_30' title="bbox 2227 906 3808 978; baseline 0.003 -21"><span class='ocrx_word' id='word_1_158' title='bbox 2227 906 2306 978; x_wconf 79' lang='grc' dir='ltr'>Τῇ</span> <span class='ocrx_word' id='word_1_159' title='bbox 2330 906 2387 959; x_wconf 84' lang='grc' dir='ltr'>δὲ</span> <span class='ocrx_word' id='word_1_160' title='bbox 2414 907 2543 978; x_wconf 81' lang='grc' dir='ltr'>έξῆς</span> <span class='ocrx_word' id='word_1_161' title='bbox 2571 908 2906 978; x_wconf 79' lang='grc' dir='ltr'>προεϐάλετο</span> <span class='ocrx_word' id='word_1_162' title='bbox 2933 909 3013 971; x_wconf 88' lang='grc' dir='ltr'><strong>είς</strong></span> <span class='ocrx_word' id='word_1_163' title='bbox 3034 908 3334 961; x_wconf 78' lang='grc' dir='ltr'>ἐπίσκοπον</span> <span class='ocrx_word' id='word_1_164' title='bbox 3364 908 3632 977; x_wconf 84' lang='grc' dir='ltr'>Τιμόθεόν</span> <span class='ocrx_word' id='word_1_165' title='bbox 3659 926 3808 970; x_wconf 85' lang='grc' dir='ltr'>τινα,</span> 
     </span>
    </p>
   </div>
   <div class='ocr_carea' id='block_1_31' title="bbox 2227 998 3811 1071">
    <p class='ocr_par' dir='ltr' id='par_1_31' title="bbox 2227 998 3811 1071">
     <span class='ocr_line' id='line_1_31' title="bbox 2227 998 3811 1071; baseline 0.002 -20"><span class='ocrx_word' id='word_1_166' title='bbox 2227 998 2604 1070; x_wconf 71' lang='grc' dir='ltr'>πρεσϐύτερον</span> <span class='ocrx_word' id='word_1_167' title='bbox 2635 1000 2734 1071; x_wconf 85' lang='grc' dir='ltr'>τῆς</span> <span class='ocrx_word' id='word_1_168' title='bbox 2782 1000 3112 1070; x_wconf 86' lang='grc' dir='ltr'>Ἔκκλησίας</span> <span class='ocrx_word' id='word_1_169' title='bbox 3147 1001 3241 1053; x_wconf 77' lang='grc' dir='ltr'>καὶ</span> <span class='ocrx_word' id='word_1_170' title='bbox 3289 999 3705 1068; x_wconf 74' lang='grc' dir='ltr'>σκευοφὺλακαο</span> <span class='ocrx_word' id='word_1_171' title='bbox 3746 1001 3811 1055; x_wconf 81' lang='grc' dir='ltr'>ὃν</span> 
     </span>
    </p>
   </div>
   <div class='ocr_carea' id='block_1_32' title="bbox 2226 1091 3809 1167">
    <p class='ocr_par' dir='ltr' id='par_1_32' title="bbox 2226 1091 3809 1167">
     <span class='ocr_line' id='line_1_32' title="bbox 2226 1091 3809 1167; baseline 0.003 -23"><span class='ocrx_word' id='word_1_172' title='bbox 2226 1091 2456 1144; x_wconf 75' lang='grc' dir='ltr'>ἐκάλουν</span> <span class='ocrx_word' id='word_1_173' title='bbox 2478 1091 2832 1164; x_wconf 78' lang='grc' dir='ltr'>λιτροσούλην</span> <span class='ocrx_word' id='word_1_174' title='bbox 2864 1092 2962 1146; x_wconf 76' lang='grc' dir='ltr'>καὶ</span> <span class='ocrx_word' id='word_1_175' title='bbox 2992 1093 3204 1148; x_wconf 89' lang='grc' dir='ltr'>κόλωνα</span> <span class='ocrx_word' id='word_1_176' title='bbox 3237 1094 3372 1165; x_wconf 80' lang='lat'><strong>(77),</strong></span> <span class='ocrx_word' id='word_1_177' title='bbox 3407 1093 3498 1151; x_wconf 82' lang='grc' dir='ltr'>διά</span> <span class='ocrx_word' id='word_1_178' title='bbox 3524 1113 3646 1148; x_wconf 86' lang='grc' dir='ltr'>τινα</span> <span class='ocrx_word' id='word_1_179' title='bbox 3669 1095 3809 1167; x_wconf 74' lang='grc' dir='ltr'>ἔργα</span> 
     </span>
    </p>
   </div>
   <div class='ocr_carea' id='block_1_33' title="bbox 2226 1179 2937 1252">
    <p class='ocr_par' dir='ltr' id='par_1_33' title="bbox 2226 1179 2937 1252">
     <span class='ocr_line' id='line_1_33' title="bbox 2226 1179 2937 1252; baseline 0.01 -21"><span class='ocrx_word' id='word_1_180' title='bbox 2226 1179 2335 1234; x_wconf 84' lang='grc' dir='ltr'><strong>τῶν</strong></span> <span class='ocrx_word' id='word_1_181' title='bbox 2364 1181 2644 1251; x_wconf 86' lang='grc' dir='ltr'><strong>ὀνομάτων</strong></span> <span class='ocrx_word' id='word_1_182' title='bbox 2680 1181 2937 1252; x_wconf 83' lang='grc' dir='ltr'>ἁρμόδια.</span> 
     </span>
    </p>
   </div>
   <div class='ocr_carea' id='block_1_34' title="bbox 2299 1356 3815 1432">
    <p class='ocr_par' dir='ltr' id='par_1_34' title="bbox 2299 1356 3815 1432">
     <span class='ocr_line' id='line_1_34' title="bbox 2299 1356 3815 1432; baseline 0.003 -23"><span class='ocrx_word' id='word_1_183' title='bbox 2299 1356 2401 1410; x_wconf 80' lang='grc' dir='ltr'>κθ¹.</span> <span class='ocrx_word' id='word_1_184' title='bbox 2441 1356 2615 1410; x_wconf 85' lang='grc' dir='ltr'>Ὅπου</span> <span class='ocrx_word' id='word_1_185' title='bbox 2642 1357 2686 1410; x_wconf 83' lang='grc' dir='ltr'>δ’</span> <span class='ocrx_word' id='word_1_186' title='bbox 2708 1357 2775 1411; x_wconf 76' lang='grc' dir='ltr'>ἄν</span> <span class='ocrx_word' id='word_1_187' title='bbox 2819 1375 2952 1412; x_wconf 89' lang='grc' dir='ltr'>ποτε</span> <span class='ocrx_word' id='word_1_188' title='bbox 2980 1358 3230 1429; x_wconf 77' lang='grc' dir='ltr'>εἰσῆλθεν</span> <span class='ocrx_word' id='word_1_189' title='bbox 3268 1359 3324 1412; x_wconf 82' lang='grc' dir='ltr'>ὲν</span> <span class='ocrx_word' id='word_1_190' title='bbox 3350 1360 3614 1432; x_wconf 75' lang='grc' dir='ltr'><strong>ἐκκλησίᾳ</strong></span> <span class='ocrx_word' id='word_1_191' title='bbox 3640 1360 3815 1431; x_wconf 85' lang='grc' dir='ltr'>Τιμό-</span> 
     </span>
    </p>
   </div>
   <div class='ocr_carea' id='block_1_35' title="bbox 2230 1447 3814 1527">
    <p class='ocr_par' dir='ltr' id='par_1_35' title="bbox 2230 1447 3814 1527">
     <span class='ocr_line' id='line_1_35' title="bbox 2230 1447 3814 1527; baseline 0.005 -27"><span class='ocrx_word' id='word_1_192' title='bbox 2230 1447 2371 1514; x_wconf 85' lang='grc' dir='ltr'>θεος,</span> <span class='ocrx_word' id='word_1_193' title='bbox 2404 1449 2454 1500; x_wconf 81' lang='grc' dir='ltr'><strong>εί</strong></span> <span class='ocrx_word' id='word_1_194' title='bbox 2489 1450 2564 1520; x_wconf 82' lang='grc' dir='ltr'>μὴ</span> <span class='ocrx_word' id='word_1_195' title='bbox 2609 1450 2872 1521; x_wconf 83' lang='grc' dir='ltr'>πρότερον</span> <span class='ocrx_word' id='word_1_196' title='bbox 2909 1452 3009 1515; x_wconf 85' lang='grc' dir='ltr'>τὰς</span> <span class='ocrx_word' id='word_1_197' title='bbox 3053 1453 3271 1516; x_wconf 85' lang='grc' dir='ltr'>είκόνας</span> <span class='ocrx_word' id='word_1_198' title='bbox 3318 1453 3652 1507; x_wconf 85' lang='grc' dir='ltr'>Μακεδονίου</span> <span class='ocrx_word' id='word_1_199' title='bbox 3695 1454 3814 1527; x_wconf 83' lang='lat'><strong>(78)</strong></span> 
     </span>
    </p>
   </div>
   <div class='ocr_carea' id='block_1_36' title="bbox 2229 1539 3438 1617">
    <p class='ocr_par' dir='ltr' id='par_1_36' title="bbox 2229 1539 3438 1617">
     <span class='ocr_line' id='line_1_36' title="bbox 2229 1539 3438 1617; baseline 0.004 -24"><span class='ocrx_word' id='word_1_200' title='bbox 2229 1539 2568 1605; x_wconf 82' lang='grc' dir='ltr'>κατέσπασε,</span> <span class='ocrx_word' id='word_1_201' title='bbox 2598 1541 2701 1612; x_wconf 86' lang='grc' dir='ltr'>τῆς</span> <span class='ocrx_word' id='word_1_202' title='bbox 2721 1542 3062 1614; x_wconf 83' lang='grc' dir='ltr'>λειτουργίας</span> <span class='ocrx_word' id='word_1_203' title='bbox 3092 1545 3193 1599; x_wconf 82' lang='grc' dir='ltr'><strong>οὐκ</strong></span> <span class='ocrx_word' id='word_1_204' title='bbox 3222 1546 3438 1617; x_wconf 72' lang='grc' dir='ltr'>ἤρχετο.</span> 
     </span>
    </p>
   </div>
   <div class='ocr_carea' id='block_1_37' title="bbox 2300 1733 3813 1806">
    <p class='ocr_par' dir='ltr' id='par_1_37' title="bbox 2300 1733 3813 1806">
     <span class='ocr_line' id='line_1_37' title="bbox 2300 1733 3813 1806; baseline 0.003 -20"><span class='ocrx_word' id='word_1_205' title='bbox 2300 1734 2367 1788; x_wconf 85' lang='grc' dir='ltr'>λ’.</span> <span class='ocrx_word' id='word_1_206' title='bbox 2410 1734 2522 1797; x_wconf 85' lang='grc' dir='ltr'><strong>Τὰς</strong></span> <span class='ocrx_word' id='word_1_207' title='bbox 2558 1733 2699 1787; x_wconf 83' lang='grc' dir='ltr'>κατὰ</span> <span class='ocrx_word' id='word_1_208' title='bbox 2736 1734 3103 1805; x_wconf 84' lang='grc' dir='ltr'>Παρασκευὴν</span> <span class='ocrx_word' id='word_1_209' title='bbox 3140 1734 3314 1799; x_wconf 77' lang='grc' dir='ltr'>λιτὰς,</span> <span class='ocrx_word' id='word_1_210' title='bbox 3357 1736 3415 1788; x_wconf 81' lang='grc' dir='ltr'>ὲν</span> <span class='ocrx_word' id='word_1_211' title='bbox 3450 1734 3528 1806; x_wconf 83' lang='grc' dir='ltr'>τῷ</span> <span class='ocrx_word' id='word_1_212' title='bbox 3566 1735 3678 1806; x_wconf 80' lang='grc' dir='ltr'>ναῷ</span> <span class='ocrx_word' id='word_1_213' title='bbox 3709 1736 3813 1805; x_wconf 82' lang='grc' dir='ltr'>τῆς</span> 
     </span>
    </p>
   </div>
   <div class='ocr_carea' id='block_1_38' title="bbox 2229 1827 3814 1901">
    <p class='ocr_par' dir='ltr' id='par_1_38' title="bbox 2229 1827 3814 1901">
     <span class='ocr_line' id='line_1_38' title="bbox 2229 1827 3814 1901; baseline 0 -20"><span class='ocrx_word' id='word_1_214' title='bbox 2229 1827 2496 1881; x_wconf 84' lang='grc' dir='ltr'>Θεοτόκου</span> <span class='ocrx_word' id='word_1_215' title='bbox 2534 1828 2593 1880; x_wconf 80' lang='grc' dir='ltr'>ὲν</span> <span class='ocrx_word' id='word_1_216' title='bbox 2640 1829 2753 1891; x_wconf 86' lang='grc' dir='ltr'>τοῖς</span> <span class='ocrx_word' id='word_1_217' title='bbox 2788 1828 3214 1898; x_wconf 86' lang='grc' dir='ltr'>χαλκοπρατίοις</span> <span class='ocrx_word' id='word_1_218' title='bbox 3241 1828 3508 1901; x_wconf 82' lang='grc' dir='ltr'>Τιμόθεος</span> <span class='ocrx_word' id='word_1_219' title='bbox 3549 1830 3814 1900; x_wconf 76' lang='grc' dir='ltr'>ἐπενόησε</span> 
     </span>
    </p>
   </div>
   <div class='ocr_carea' id='block_1_39' title="bbox 2163 1912 2501 1987">
    <p class='ocr_par' dir='ltr' id='par_1_39' title="bbox 2163 1912 2501 1987">
     <span class='ocr_line' id='line_1_39' title="bbox 2163 1912 2501 1987; baseline 0.018 -20"><span class='ocrx_word' id='word_1_220' title='bbox 2163 1912 2204 1967; x_wconf 84' lang='grc' dir='ltr'><strong>Β</strong></span> <span class='ocrx_word' id='word_1_221' title='bbox 2232 1916 2501 1987; x_wconf 73' lang='grc' dir='ltr'>γίνεσθαι.</span> 
     </span>
    </p>
   </div>
   <div class='ocr_carea' id='block_1_40' title="bbox 2308 2029 3819 2104">
    <p class='ocr_par' dir='ltr' id='par_1_40' title="bbox 2308 2029 3819 2104">
     <span class='ocr_line' id='line_1_40' title="bbox 2308 2029 3819 2104; baseline 0.002 -21"><span class='ocrx_word' id='word_1_222' title='bbox 2308 2029 2412 2085; x_wconf 86' lang='grc' dir='ltr'>λα’.</span> <span class='ocrx_word' id='word_1_223' title='bbox 2454 2030 2707 2101; x_wconf 76' lang='grc' dir='ltr'><strong>Ἰωάννης</strong></span> <span class='ocrx_word' id='word_1_224' title='bbox 2754 2029 2865 2101; x_wconf 85' lang='lat'><strong>(79)</strong></span> <span class='ocrx_word' id='word_1_225' title='bbox 2904 2030 2933 2083; x_wconf 86' lang='grc' dir='ltr'>ὁ</span> <span class='ocrx_word' id='word_1_226' title='bbox 2962 2030 3372 2103; x_wconf 75' lang='grc' dir='ltr'>διακρινόμενος</span> <span class='ocrx_word' id='word_1_227' title='bbox 3408 2033 3545 2103; x_wconf 78' lang='grc' dir='ltr'>μετὰ</span> <span class='ocrx_word' id='word_1_228' title='bbox 3571 2033 3819 2104; x_wconf 79' lang='grc' dir='ltr'>Σεὸήρου</span> 
     </span>
    </p>
   </div>
   <div class='ocr_carea' id='block_1_41' title="bbox 2235 2119 3819 2192">
    <p class='ocr_par' dir='ltr' id='par_1_41' title="bbox 2235 2119 3819 2192">
     <span class='ocr_line' id='line_1_41' title="bbox 2235 2119 3819 2192; baseline 0.002 -20"><span class='ocrx_word' id='word_1_229' title='bbox 2235 2120 2439 2189; x_wconf 77' lang='grc' dir='ltr'>ἱστορεί</span> <span class='ocrx_word' id='word_1_230' title='bbox 2470 2119 2578 2189; x_wconf 84' lang='grc'><strong>(80)</strong></span> <span class='ocrx_word' id='word_1_231' title='bbox 2607 2120 2690 2173; x_wconf 80' lang='grc' dir='ltr'>ὅτι</span> <span class='ocrx_word' id='word_1_232' title='bbox 2719 2121 2883 2191; x_wconf 84' lang='grc' dir='ltr'>ὅρκον</span> <span class='ocrx_word' id='word_1_233' title='bbox 2909 2120 3101 2174; x_wconf 77' lang='grc' dir='ltr'>ἔλαϐεν</span> <span class='ocrx_word' id='word_1_234' title='bbox 3122 2124 3151 2175; x_wconf 86' lang='grc' dir='ltr'><strong>ό</strong></span> <span class='ocrx_word' id='word_1_235' title='bbox 3173 2122 3424 2192; x_wconf 79' lang='grc' dir='ltr'>βασιλεὺς</span> <span class='ocrx_word' id='word_1_236' title='bbox 3464 2123 3819 2187; x_wconf 78' lang='grc' dir='ltr'>’Δναστάσιος</span> 
     </span>
    </p>
   </div>
   <div class='ocr_carea' id='block_1_42' title="bbox 2234 2208 3794 2286">
    <p class='ocr_par' dir='ltr' id='par_1_42' title="bbox 2234 2208 3794 2286">
     <span class='ocr_line' id='line_1_42' title="bbox 2234 2208 3794 2286; baseline 0.002 -20"><span class='ocrx_word' id='word_1_237' title='bbox 2234 2211 2327 2266; x_wconf 79' lang='grc' dir='ltr'>τοῦ</span> <span class='ocrx_word' id='word_1_238' title='bbox 2364 2212 2627 2283; x_wconf 76' lang='grc' dir='ltr'>Σεϐήρου,</span> <span class='ocrx_word' id='word_1_239' title='bbox 2656 2212 2737 2265; x_wconf 83' lang='grc' dir='ltr'>ὅτι</span> <span class='ocrx_word' id='word_1_240' title='bbox 2757 2208 2793 2282; x_wconf 79' lang='grc' dir='ltr'>ἦ</span> <span class='ocrx_word' id='word_1_241' title='bbox 2815 2212 2860 2265; x_wconf 79' lang='grc' dir='ltr'>δ’</span> <span class='ocrx_word' id='word_1_242' title='bbox 2891 2212 2956 2266; x_wconf 84' lang='grc' dir='ltr'><strong>ἂν</strong></span> <span class='ocrx_word' id='word_1_243' title='bbox 2977 2212 3202 2285; x_wconf 78' lang='grc' dir='ltr'>γένηται</span> <span class='ocrx_word' id='word_1_244' title='bbox 3236 2214 3570 2286; x_wconf 81' lang='grc' dir='ltr'>Ἀντιοχείας</span> <span class='ocrx_word' id='word_1_245' title='bbox 3594 2215 3794 2269; x_wconf 81' lang='grc' dir='ltr'>ἐπίσκο</span> 
     </span>
    </p>
   </div>
   <div class='ocr_carea' id='block_1_43' title="bbox 2235 2305 3821 2379">
    <p class='ocr_par' dir='ltr' id='par_1_43' title="bbox 2235 2305 3821 2379">
     <span class='ocr_line' id='line_1_43' title="bbox 2235 2305 3821 2379; baseline 0.002 -21"><span class='ocrx_word' id='word_1_246' title='bbox 2235 2322 2357 2371; x_wconf 85' lang='grc' dir='ltr'>πος,</span> <span class='ocrx_word' id='word_1_247' title='bbox 2391 2305 2646 2375; x_wconf 75' lang='grc' dir='ltr'>οὐδαμῶς</span> <span class='ocrx_word' id='word_1_248' title='bbox 2687 2306 2786 2376; x_wconf 80' lang='grc' dir='ltr'>τῆς</span> <span class='ocrx_word' id='word_1_249' title='bbox 2813 2307 2871 2359; x_wconf 82' lang='grc' dir='ltr'>ὲν</span> <span class='ocrx_word' id='word_1_250' title='bbox 2899 2307 3204 2379; x_wconf 84' lang='grc' dir='ltr'>Καλχηδόνι</span> <span class='ocrx_word' id='word_1_251' title='bbox 3238 2308 3459 2363; x_wconf 77' lang='grc' dir='ltr'>συνόδου</span> <span class='ocrx_word' id='word_1_252' title='bbox 3496 2309 3583 2363; x_wconf 78' lang='grc' dir='ltr'><strong>διὰ</strong></span> <span class='ocrx_word' id='word_1_253' title='bbox 3618 2308 3821 2363; x_wconf 80' lang='grc' dir='ltr'>ἀναθέ-</span> 
     </span>
    </p>
   </div>
   <div class='ocr_carea' id='block_1_44' title="bbox 2241 2395 3819 2473">
    <p class='ocr_par' dir='ltr' id='par_1_44' title="bbox 2241 2395 3819 2473">
     <span class='ocr_line' id='line_1_44' title="bbox 2241 2395 3819 2473; baseline 0.003 -24"><span class='ocrx_word' id='word_1_254' title='bbox 2241 2414 2410 2467; x_wconf 89' lang='grc' dir='ltr'>ματος</span> <span class='ocrx_word' id='word_1_255' title='bbox 2440 2395 2668 2461; x_wconf 75' lang='grc' dir='ltr'>ἅψεται·</span> <span class='ocrx_word' id='word_1_256' title='bbox 2703 2398 2797 2449; x_wconf 71' lang='grc' dir='ltr'><strong>καὶ</strong></span> <span class='ocrx_word' id='word_1_257' title='bbox 2824 2397 2906 2451; x_wconf 81' lang='grc' dir='ltr'>ὅτι</span> <span class='ocrx_word' id='word_1_258' title='bbox 2938 2399 2997 2450; x_wconf 84' lang='grc' dir='ltr'>ὲν</span> <span class='ocrx_word' id='word_1_259' title='bbox 3024 2400 3163 2470; x_wconf 81' lang='grc' dir='ltr'>αὐτῇ</span> <span class='ocrx_word' id='word_1_260' title='bbox 3186 2402 3251 2471; x_wconf 82' lang='grc' dir='ltr'>τῇ</span> <span class='ocrx_word' id='word_1_261' title='bbox 3288 2400 3473 2473; x_wconf 77' lang='grc' dir='ltr'>ἡμέρᾳ</span> <span class='ocrx_word' id='word_1_262' title='bbox 3501 2400 3602 2470; x_wconf 79' lang='grc' dir='ltr'>τῆς</span> <span class='ocrx_word' id='word_1_263' title='bbox 3637 2417 3819 2471; x_wconf 78' lang='grc' dir='ltr'>χειρο-</span> 
     </span>
    </p>
   </div>
   <div class='ocr_carea' id='block_1_45' title="bbox 2237 2486 3816 2564">
    <p class='ocr_par' dir='ltr' id='par_1_45' title="bbox 2237 2486 3816 2564">
     <span class='ocr_line' id='line_1_45' title="bbox 2237 2486 3816 2564; baseline 0.002 -21"><span class='ocrx_word' id='word_1_264' title='bbox 2237 2490 2416 2550; x_wconf 85' lang='grc' dir='ltr'>τονίας</span> <span class='ocrx_word' id='word_1_265' title='bbox 2447 2486 2635 2555; x_wconf 81' lang='grc' dir='ltr'>αὑτοῦ,</span> <span class='ocrx_word' id='word_1_266' title='bbox 2667 2488 2909 2543; x_wconf 82' lang='grc' dir='ltr'>ἀνελθὼν</span> <span class='ocrx_word' id='word_1_267' title='bbox 2932 2490 3019 2543; x_wconf 73' lang='grc' dir='ltr'><strong>ἐπ’</strong></span> <span class='ocrx_word' id='word_1_268' title='bbox 3040 2492 3296 2563; x_wconf 76' lang='grc' dir='ltr'>ἄμϐωνος</span> <span class='ocrx_word' id='word_1_269' title='bbox 3319 2493 3527 2564; x_wconf 86' lang='grc' dir='ltr'>ταύτην</span> <span class='ocrx_word' id='word_1_270' title='bbox 3548 2492 3816 2563; x_wconf 79' lang='grc' dir='ltr'>ἀνεθεμάο</span> 
     </span>
    </p>
   </div>
   <div class='ocr_carea' id='block_1_46' title="bbox 1756 2669 2630 2728">
    <p class='ocr_par' dir='ltr' id='par_1_46' title="bbox 1756 2669 2630 2728">
     <span class='ocr_line' id='line_1_46' title="bbox 1756 2669 2630 2728; baseline -0.003 -1"><span class='ocrx_word' id='word_1_271' title='bbox 1756 2669 2026 2728; x_wconf 81' lang='lat' dir='ltr'><strong>VALESII</strong></span> <span class='ocrx_word' id='word_1_272' title='bbox 2066 2669 2630 2727; x_wconf 78' lang='lat' dir='ltr'><strong>ANNOTATIONES.</strong></span> 
     </span>
    </p>
   </div>
   <div class='ocr_carea' id='block_1_47' title="bbox 626 2816 2130 2891">
    <p class='ocr_par' dir='ltr' id='par_1_47' title="bbox 626 2816 2130 2891">
     <span class='ocr_line' id='line_1_47' title="bbox 626 2816 2130 2891; baseline -0.001 -21"><span class='ocrx_word' id='word_1_273' title='bbox 626 2818 1177 2891; x_wconf 29' lang='grc' dir='ltr'><strong>(771Λιλτροϐο-ύλην</strong></span> <span class='ocrx_word' id='word_1_274' title='bbox 1214 2818 1310 2872; x_wconf 75' lang='grc' dir='ltr'>καὶ</span> <span class='ocrx_word' id='word_1_275' title='bbox 1344 2819 1606 2891; x_wconf 44' lang='lat' dir='ltr'><strong>amoma.</strong></span> <span class='ocrx_word' id='word_1_276' title='bbox 1646 2816 1803 2886; x_wconf 86' lang='lat' dir='ltr'><strong>Apud</strong></span> <span class='ocrx_word' id='word_1_277' title='bbox 1834 2816 2130 2891; x_wconf 80' lang='lat' dir='ltr'><strong>Theopha-</strong></span> 
     </span>
    </p>
   </div>
   <div class='ocr_carea' id='block_1_48' title="bbox 556 2888 2131 2959">
    <p class='ocr_par' dir='ltr' id='par_1_48' title="bbox 556 2888 2131 2959">
     <span class='ocr_line' id='line_1_48' title="bbox 556 2888 2131 2959; baseline -0.004 -14"><span class='ocrx_word' id='word_1_278' title='bbox 556 2888 685 2945; x_wconf 80' lang='lat' dir='ltr'><strong>nem</strong></span> <span class='ocrx_word' id='word_1_279' title='bbox 727 2889 784 2943; x_wconf 93' lang='lat' dir='ltr'><strong>in</strong></span> <span class='ocrx_word' id='word_1_280' title='bbox 814 2888 1116 2953; x_wconf 88' lang='lat' dir='ltr'><strong>Chronico,</strong></span> <span class='ocrx_word' id='word_1_281' title='bbox 1151 2904 1276 2959; x_wconf 79' lang='lat' dir='ltr'><strong>pag.</strong></span> <span class='ocrx_word' id='word_1_282' title='bbox 1313 2889 1745 2959; x_wconf 77' lang='lat' dir='ltr'><strong>l53,_excusum</strong></span> <span class='ocrx_word' id='word_1_283' title='bbox 1769 2894 1857 2941; x_wconf 91' lang='lat' dir='ltr'><strong>est</strong></span> <span class='ocrx_word' id='word_1_284' title='bbox 1879 2904 1903 2959; x_wconf 18' lang='lat'><strong>4:</strong></span> <span class='ocrx_word' id='word_1_285' title='bbox 1933 2888 2131 2956; x_wconf 89' lang='grc' dir='ltr'>Λιτρο-</span> 
     </span>
    </p>
   </div>
   <div class='ocr_carea' id='block_1_49' title="bbox 555 2956 2135 3029">
    <p class='ocr_par' dir='ltr' id='par_1_49' title="bbox 555 2956 2135 3029">
     <span class='ocr_line' id='line_1_49' title="bbox 555 2956 2135 3029; baseline -0.003 -15"><span class='ocrx_word' id='word_1_286' title='bbox 555 2959 756 3029; x_wconf 75' lang='grc' dir='ltr'>6ούλην</span> <span class='ocrx_word' id='word_1_287' title='bbox 813 2960 910 3011; x_wconf 67' lang='grc' dir='ltr'><strong>καὶ</strong></span> <span class='ocrx_word' id='word_1_288' title='bbox 963 2956 1203 3029; x_wconf 72' lang='grc' dir='ltr'>κήλωνα.</span> <span class='ocrx_word' id='word_1_289' title='bbox 1230 2956 1339 3014; x_wconf 87' lang='lat' dir='ltr'><strong>Ubi</strong></span> <span class='ocrx_word' id='word_1_290' title='bbox 1376 2956 1503 3029; x_wconf 83' lang='lat' dir='ltr'><strong>vide</strong></span> <span class='ocrx_word' id='word_1_291' title='bbox 1550 2974 1672 3029; x_wconf 76' lang='lat' dir='ltr'><strong>quae</strong></span> <span class='ocrx_word' id='word_1_292' title='bbox 1708 2957 1918 3029; x_wconf 80' lang='lat' dir='ltr'><strong>notavit</strong></span> <span class='ocrx_word' id='word_1_293' title='bbox 1961 2958 2135 3029; x_wconf 70' lang='lat' dir='ltr'><strong>inter~</strong></span> 
     </span>
    </p>
   </div>
   <div class='ocr_carea' id='block_1_50' title="bbox 556 3027 2131 3100">
    <p class='ocr_par' dir='ltr' id='par_1_50' title="bbox 556 3027 2131 3100">
     <span class='ocr_line' id='line_1_50' title="bbox 556 3027 2131 3100; baseline -0.003 -16"><span class='ocrx_word' id='word_1_294' title='bbox 556 3027 815 3100; x_wconf 51' lang='lat' dir='ltr'><strong>presi—</strong></span> <span class='ocrx_word' id='word_1_295' title='bbox 843 3027 1090 3100; x_wconf 84' lang='lat' dir='ltr'><strong>Jacobus</strong></span> <span class='ocrx_word' id='word_1_296' title='bbox 1154 3028 1301 3084; x_wconf 87' lang='lat' dir='ltr'><strong>Goar</strong></span> <span class='ocrx_word' id='word_1_297' title='bbox 1364 3027 1439 3082; x_wconf 91' lang='lat' dir='ltr'><strong>ibi</strong></span> <span class='ocrx_word' id='word_1_298' title='bbox 1486 3027 1729 3100; x_wconf 57' lang='lat' dir='ltr'><strong>notavit,</strong></span> <span class='ocrx_word' id='word_1_299' title='bbox 1750 3028 1897 3095; x_wconf 89' lang='lat' dir='ltr'><strong>quod</strong></span> <span class='ocrx_word' id='word_1_300' title='bbox 1943 3028 2131 3100; x_wconf 69' lang='grc' dir='ltr'>κόλων</span> 
     </span>
    </p>
   </div>
   <div class='ocr_carea' id='block_1_51' title="bbox 557 3096 2129 3169">
    <p class='ocr_par' dir='ltr' id='par_1_51' title="bbox 557 3096 2129 3169">
     <span class='ocr_line' id='line_1_51' title="bbox 557 3096 2129 3169; baseline -0.003 -14"><span class='ocrx_word' id='word_1_301' title='bbox 557 3096 964 3155; x_wconf 70' lang='lat' dir='ltr'><strong>recentioribus</strong></span> <span class='ocrx_word' id='word_1_302' title='bbox 983 3099 1185 3155; x_wconf 62' lang='lat' dir='ltr'><strong>Griecis</strong></span> <span class='ocrx_word' id='word_1_303' title='bbox 1203 3096 1843 3169; x_wconf 67' lang='lat' dir='ltr'><strong>appelleturCynazdus;</strong></span> <span class='ocrx_word' id='word_1_304' title='bbox 1867 3098 2129 3167; x_wconf 81' lang='lat' dir='ltr'><strong>quodque</strong></span> 
     </span>
    </p>
   </div>
   <div class='ocr_carea' id='block_1_52' title="bbox 557 3167 2130 3240">
    <p class='ocr_par' dir='ltr' id='par_1_52' title="bbox 557 3167 2130 3240">
     <span class='ocr_line' id='line_1_52' title="bbox 557 3167 2130 3240; baseline -0.003 -15"><span class='ocrx_word' id='word_1_305' title='bbox 557 3170 740 3240; x_wconf 80' lang='grc' dir='ltr'>κήλων</span> <span class='ocrx_word' id='word_1_306' title='bbox 774 3170 1046 3240; x_wconf 82' lang='lat' dir='ltr'><strong>signiﬁcet</strong></span> <span class='ocrx_word' id='word_1_307' title='bbox 1105 3167 1335 3239; x_wconf 73' lang='lat' dir='ltr'><strong>fervidus</strong></span> <span class='ocrx_word' id='word_1_308' title='bbox 1395 3170 1451 3222; x_wconf 90' lang='lat' dir='ltr'><strong>in</strong></span> <span class='ocrx_word' id='word_1_309' title='bbox 1492 3167 2130 3240; x_wconf 73' lang='lat' dir='ltr'><strong>Venerem._0bservavit</strong></span> 
     </span>
    </p>
   </div>
   <div class='ocr_carea' id='block_1_53' title="bbox 599 3238 2129 3309">
    <p class='ocr_par' dir='ltr' id='par_1_53' title="bbox 599 3238 2129 3309">
     <span class='ocr_line' id='line_1_53' title="bbox 599 3238 2129 3309; baseline -0.001 -16"><span class='ocrx_word' id='word_1_310' title='bbox 599 3238 846 3303; x_wconf 66' lang='lat' dir='ltr'><strong>neterea,</strong></span> <span class='ocrx_word' id='word_1_311' title='bbox 899 3238 1249 3294; x_wconf 77' lang='lat' dir='ltr'><strong>Theoderum</strong></span> <span class='ocrx_word' id='word_1_312' title='bbox 1294 3248 1549 3293; x_wconf 89' lang='lat' dir='ltr'><strong>nostrum</strong></span> <span class='ocrx_word' id='word_1_313' title='bbox 1607 3238 2009 3309; x_wconf 76' lang='grc' dir='ltr'>λιτροὸούλόην</span> <span class='ocrx_word' id='word_1_314' title='bbox 2038 3238 2129 3292; x_wconf 89' lang='lat' dir='ltr'><strong>hic</strong></span> 
     </span>
    </p>
   </div>
   <div class='ocr_carea' id='block_1_54' title="bbox 2237 2814 3816 2885">
    <p class='ocr_par' dir='ltr' id='par_1_54' title="bbox 2237 2814 3816 2885">
     <span class='ocr_line' id='line_1_54' title="bbox 2237 2814 3816 2885; baseline 0.002 -15"><span class='ocrx_word' id='word_1_315' title='bbox 2237 2824 2428 2871; x_wconf 86' lang='lat' dir='ltr'><strong>noster</strong></span> <span class='ocrx_word' id='word_1_316' title='bbox 2464 2815 2518 2869; x_wconf 91' lang='lat' dir='ltr'><strong>in</strong></span> <span class='ocrx_word' id='word_1_317' title='bbox 2549 2815 2895 2885; x_wconf 87' lang='lat' dir='ltr'><strong>Fragmentis</strong></span> <span class='ocrx_word' id='word_1_318' title='bbox 2926 2830 2957 2871; x_wconf 90' lang='lat' dir='ltr'><strong>e</strong></span> <span class='ocrx_word' id='word_1_319' title='bbox 2992 2814 3136 2871; x_wconf 92' lang='lat' dir='ltr'><strong>libro</strong></span> <span class='ocrx_word' id='word_1_320' title='bbox 3174 2831 3232 2870; x_wconf 95' lang='grc'><strong>111</strong></span> <span class='ocrx_word' id='word_1_321' title='bbox 3252 2816 3300 2871; x_wconf 90' lang='lat' dir='ltr'><strong>J.</strong></span> <span class='ocrx_word' id='word_1_322' title='bbox 3338 2816 3663 2872; x_wconf 88' lang='lat' dir='ltr'><strong>Damasccni</strong></span> <span class='ocrx_word' id='word_1_323' title='bbox 3696 2819 3816 2874; x_wconf 88' lang='lat' dir='ltr'><strong>col-</strong></span> 
     </span>
    </p>
   </div>
   <div class='ocr_carea' id='block_1_55' title="bbox 2238 2886 3863 2956">
    <p class='ocr_par' dir='ltr' id='par_1_55' title="bbox 2238 2886 3863 2956">
     <span class='ocr_line' id='line_1_55' title="bbox 2238 2886 3863 2956; baseline 0.004 -17"><span class='ocrx_word' id='word_1_324' title='bbox 2238 2886 2413 2941; x_wconf 88' lang='lat' dir='ltr'><strong>lectis.</strong></span> <span class='ocrx_word' id='word_1_325' title='bbox 2444 2886 2614 2941; x_wconf 89' lang='lat' dir='ltr'><strong>Porro</strong></span> <span class='ocrx_word' id='word_1_326' title='bbox 2648 2887 2869 2955; x_wconf 92' lang='lat' dir='ltr'><strong>quoties</strong></span> <span class='ocrx_word' id='word_1_327' title='bbox 2916 2901 3116 2940; x_wconf 89' lang='lat' dir='ltr'><strong>nomen</strong></span> <span class='ocrx_word' id='word_1_328' title='bbox 3157 2886 3391 2954; x_wconf 84' lang='lat' dir='ltr'><strong>alicujus</strong></span> <span class='ocrx_word' id='word_1_329' title='bbox 3420 2888 3751 2956; x_wconf 67' lang='lat' dir='ltr'><strong>patriarchas</strong></span> <span class='ocrx_word' id='word_1_330' title='bbox 3781 2907 3813 2945; x_wconf 88' lang='lat' dir='ltr'><strong>e</strong></span> <span class='ocrx_word' id='word_1_331' title='bbox 3862 2910 3863 2913; x_wconf 63' lang='lat'>‘</span> 
     </span>
    </p>
   </div>
   <div class='ocr_carea' id='block_1_56' title="bbox 2239 2956 3815 3045">
    <p class='ocr_par' dir='ltr' id='par_1_56' title="bbox 2239 2956 3815 3045">
     <span class='ocr_line' id='line_1_56' title="bbox 2239 2956 3815 3045; baseline -0.001 0"><span class='ocrx_word' id='word_1_332' title='bbox 2239 2956 3257 3045; x_wconf 51' lang='grc' dir='ltr'><strong>ξὶίρινοιιβξέξξρευηξειξηιξξτίξοιςιξεη)</strong></span> <span class='ocrx_word' id='word_1_333' title='bbox 3290 2959 3815 3045; x_wconf 58' lang='grc' dir='ltr'><strong>ηει.ο,ί11ιβεί.ιιείηιε-</strong></span> 
     </span>
    </p>
   </div>
   <div class='ocr_carea' id='block_1_57' title="bbox 2236 3026 3811 3093">
    <p class='ocr_par' dir='ltr' id='par_1_57' title="bbox 2236 3026 3811 3093">
     <span class='ocr_line' id='line_1_57' title="bbox 2236 3026 3811 3093; baseline 0.004 -14"><span class='ocrx_word' id='word_1_334' title='bbox 2236 3026 2391 3093; x_wconf 80' lang='lat' dir='ltr'><strong>gines</strong></span> <span class='ocrx_word' id='word_1_335' title='bbox 2447 3026 2652 3081; x_wconf 87' lang='lat' dir='ltr'><strong>auferri</strong></span> <span class='ocrx_word' id='word_1_336' title='bbox 2692 3026 2759 3080; x_wconf 62' lang='lat' dir='ltr'><strong>ex</strong></span> <span class='ocrx_word' id='word_1_337' title='bbox 2808 3027 3065 3091; x_wconf 85' lang='lat' dir='ltr'><strong>ecclesia,</strong></span> <span class='ocrx_word' id='word_1_338' title='bbox 3100 3036 3161 3080; x_wconf 93' lang='lat' dir='ltr'><strong>ut</strong></span> <span class='ocrx_word' id='word_1_339' title='bbox 3210 3026 3374 3082; x_wconf 86' lang='lat' dir='ltr'><strong>docet</strong></span> <span class='ocrx_word' id='word_1_340' title='bbox 3400 3026 3727 3084; x_wconf 82' lang='lat' dir='ltr'><strong>Theodorus</strong></span> <span class='ocrx_word' id='word_1_341' title='bbox 3754 3031 3811 3086; x_wconf 91' lang='lat' dir='ltr'><strong>in</strong></span> 
     </span>
    </p>
   </div>
   <div class='ocr_carea' id='block_1_58' title="bbox 2237 3095 3813 3169">
    <p class='ocr_par' dir='ltr' id='par_1_58' title="bbox 2237 3095 3813 3169">
     <span class='ocr_line' id='line_1_58' title="bbox 2237 3095 3813 3169; baseline 0.003 -17"><span class='ocrx_word' id='word_1_342' title='bbox 2237 3097 2598 3169; x_wconf 84' lang='lat' dir='ltr'><strong>Fragmentis,</strong></span> <span class='ocrx_word' id='word_1_343' title='bbox 2625 3105 2683 3169; x_wconf 89' lang='lat' dir='ltr'><strong>et</strong></span> <span class='ocrx_word' id='word_1_344' title='bbox 2707 3097 3033 3169; x_wconf 84' lang='lat' dir='ltr'><strong>Anastasius</strong></span> <span class='ocrx_word' id='word_1_345' title='bbox 3060 3095 3520 3169; x_wconf 75' lang='lat' dir='ltr'><strong>Bibliothecarius</strong></span> <span class='ocrx_word' id='word_1_346' title='bbox 3542 3100 3597 3154; x_wconf 91' lang='lat' dir='ltr'><strong>in</strong></span> <span class='ocrx_word' id='word_1_347' title='bbox 3627 3098 3813 3157; x_wconf 85' lang='lat' dir='ltr'><strong>Geslis</strong></span> 
     </span>
    </p>
   </div>
   <div class='ocr_carea' id='block_1_59' title="bbox 2234 3167 3813 3240">
    <p class='ocr_par' dir='ltr' id='par_1_59' title="bbox 2234 3167 3813 3240">
     <span class='ocr_line' id='line_1_59' title="bbox 2234 3167 3813 3240; baseline 0.003 -18"><span class='ocrx_word' id='word_1_348' title='bbox 2234 3168 2555 3238; x_wconf 79' lang='lat' dir='ltr'><strong>Agathonis,</strong></span> <span class='ocrx_word' id='word_1_349' title='bbox 2596 3167 2802 3240; x_wconf 83' lang='lat' dir='ltr'><strong>Deinde</strong></span> <span class='ocrx_word' id='word_1_350' title='bbox 2832 3167 3180 3240; x_wconf 84' lang='lat' dir='ltr'><strong>abstulerunt</strong></span> <span class='ocrx_word' id='word_1_351' title='bbox 3211 3168 3279 3223; x_wconf 90' lang='lat' dir='ltr'><strong>de</strong></span> <span class='ocrx_word' id='word_1_352' title='bbox 3322 3169 3597 3240; x_wconf 89' lang='lat' dir='ltr'><strong>diptychis</strong></span> <span class='ocrx_word' id='word_1_353' title='bbox 3627 3171 3813 3227; x_wconf 79' lang='lat' dir='ltr'><strong>eccle-</strong></span> 
     </span>
    </p>
   </div>
   <div class='ocr_carea' id='block_1_60' title="bbox 2236 3238 3817 3310">
    <p class='ocr_par' dir='ltr' id='par_1_60' title="bbox 2236 3238 3817 3310">
     <span class='ocr_line' id='line_1_60' title="bbox 2236 3238 3817 3310; baseline 0.003 -18"><span class='ocrx_word' id='word_1_354' title='bbox 2236 3240 2444 3310; x_wconf 83' lang='lat' dir='ltr'><strong>siaruin</strong></span> <span class='ocrx_word' id='word_1_355' title='bbox 2493 3238 2716 3310; x_wconf 79' lang='lat' dir='ltr'><strong>nomina</strong></span> <span class='ocrx_word' id='word_1_356' title='bbox 2777 3238 3385 3310; x_wconf 26' lang='lat' dir='ltr'><strong>patriarcharumyvel</strong></span> <span class='ocrx_word' id='word_1_357' title='bbox 3444 3238 3512 3294; x_wconf 83' lang='lat' dir='ltr'><strong>de</strong></span> <span class='ocrx_word' id='word_1_358' title='bbox 3572 3241 3817 3310; x_wconf 90' lang='lat' dir='ltr'><strong>picturis</strong></span> 
     </span>
    </p>
   </div>
   <div class='ocr_carea' id='block_1_61' title="bbox 582 3296 3816 3379">
    <p class='ocr_par' dir='ltr' id='par_1_61' title="bbox 582 3296 3816 3379">
     <span class='ocr_line' id='line_1_61' title="bbox 582 3296 3816 3379; baseline 0.001 -15"><span class='ocrx_word' id='word_1_359' title='bbox 582 3326 744 3379; x_wconf 75' lang='lat' dir='ltr'><strong>egere</strong></span> <span class='ocrx_word' id='word_1_360' title='bbox 770 3296 941 3379; x_wconf 83' lang='lat' dir='ltr'><strong>(quod</strong></span> <span class='ocrx_word' id='word_1_361' title='bbox 972 3309 1223 3364; x_wconf 75' lang='lat' dir='ltr'><strong>Valesius</strong></span> <span class='ocrx_word' id='word_1_362' title='bbox 1252 3310 1417 3365; x_wconf 89' lang='lat' dir='ltr'><strong>etiam</strong></span> <span class='ocrx_word' id='word_1_363' title='bbox 1444 3309 1498 3379; x_wconf 84' lang='lat' dir='ltr'><strong>in</strong></span> <span class='ocrx_word' id='word_1_364' title='bbox 1533 3296 2130 3379; x_wconf 77' lang='lat' dir='ltr'><strong>suainterpretatione</strong></span> <span class='ocrx_word' id='word_1_365' title='bbox 2158 3296 2203 3355; x_wconf 85' lang='lat' dir='ltr'><strong><em>C</em></strong></span> <span class='ocrx_word' id='word_1_366' title='bbox 2233 3309 2482 3363; x_wconf 65' lang='lat' dir='ltr'><strong>ecclesiae</strong></span> <span class='ocrx_word' id='word_1_367' title='bbox 2532 3308 2735 3379; x_wconf 85' lang='lat' dir='ltr'><strong>figuras</strong></span> <span class='ocrx_word' id='word_1_368' title='bbox 2776 3296 2991 3379; x_wconf 75' lang='lat' dir='ltr'><strong>eorum,</strong></span> <span class='ocrx_word' id='word_1_369' title='bbox 3022 3317 3117 3362; x_wconf 91' lang='lat' dir='ltr'><strong>aut</strong></span> <span class='ocrx_word' id='word_1_370' title='bbox 3162 3309 3216 3362; x_wconf 91' lang='lat' dir='ltr'><strong>in</strong></span> <span class='ocrx_word' id='word_1_371' title='bbox 3244 3296 3478 3364; x_wconf 78' lang='lat' dir='ltr'><strong>foribus</strong></span> <span class='ocrx_word' id='word_1_372' title='bbox 3498 3353 3511 3375; x_wconf 92' lang='lat'><strong>,</strong></span> <span class='ocrx_word' id='word_1_373' title='bbox 3545 3296 3637 3365; x_wconf 62' lang='lat' dir='ltr'><strong>u&#39;bi</strong></span> <span class='ocrx_word' id='word_1_374' title='bbox 3686 3296 3816 3369; x_wconf 77' lang='lat' dir='ltr'><strong>esse</strong></span> 
     </span>
    </p>
   </div>
   <div class='ocr_carea' id='block_1_62' title="bbox 557 3376 2129 3450">
    <p class='ocr_par' dir='ltr' id='par_1_62' title="bbox 557 3376 2129 3450">
     <span class='ocr_line' id='line_1_62' title="bbox 557 3376 2129 3450; baseline -0.003 -15"><span class='ocrx_word' id='word_1_375' title='bbox 557 3376 873 3450; x_wconf 62' lang='lat' dir='ltr'><strong>eipresSit)</strong></span> <span class='ocrx_word' id='word_1_376' title='bbox 909 3398 921 3433; x_wconf 89' lang='lat'><strong>:</strong></span> <span class='ocrx_word' id='word_1_377' title='bbox 968 3380 1230 3449; x_wconf 90' lang='lat' dir='ltr'><strong>quodque</strong></span> <span class='ocrx_word' id='word_1_378' title='bbox 1307 3378 1531 3448; x_wconf 76' lang='grc' dir='ltr'>βουλόὸς</span> <span class='ocrx_word' id='word_1_379' title='bbox 1561 3419 1576 3443; x_wconf 85' lang='grc'><em>,</em></span> <span class='ocrx_word' id='word_1_380' title='bbox 1635 3376 1877 3450; x_wconf 80' lang='lat' dir='ltr'><strong>Latinis</strong></span> <span class='ocrx_word' id='word_1_381' title='bbox 1910 3376 2129 3450; x_wconf 84' lang='lat' dir='ltr'><strong>bulbus,</strong></span> 
     </span>
    </p>
   </div>
   <div class='ocr_carea' id='block_1_63' title="bbox 558 3449 2136 3518">
    <p class='ocr_par' dir='ltr' id='par_1_63' title="bbox 558 3449 2136 3518">
     <span class='ocr_line' id='line_1_63' title="bbox 558 3449 2136 3518; baseline -0.001 -14"><span class='ocrx_word' id='word_1_382' title='bbox 558 3449 689 3504; x_wconf 87' lang='lat' dir='ltr'><strong>olim</strong></span> <span class='ocrx_word' id='word_1_383' title='bbox 749 3451 955 3505; x_wconf 85' lang='lat' dir='ltr'><strong>eduliis</strong></span> <span class='ocrx_word' id='word_1_384' title='bbox 1000 3451 1174 3505; x_wconf 87' lang='lat' dir='ltr'><strong>fuerit</strong></span> <span class='ocrx_word' id='word_1_385' title='bbox 1209 3450 1499 3509; x_wconf 87' lang='lat' dir='ltr'><strong>admistus,</strong></span> <span class='ocrx_word' id='word_1_386' title='bbox 1532 3464 1656 3518; x_wconf 76' lang='lat' dir='ltr'><strong>qua:</strong></span> <span class='ocrx_word' id='word_1_387' title='bbox 1686 3449 1914 3503; x_wconf 89' lang='lat' dir='ltr'><strong>Veneris</strong></span> <span class='ocrx_word' id='word_1_388' title='bbox 1948 3449 2136 3503; x_wconf 90' lang='lat' dir='ltr'><strong>conci-</strong></span> 
     </span>
    </p>
   </div>
   <div class='ocr_carea' id='block_1_64' title="bbox 559 3518 2133 3591">
    <p class='ocr_par' dir='ltr' id='par_1_64' title="bbox 559 3518 2133 3591">
     <span class='ocr_line' id='line_1_64' title="bbox 559 3518 2133 3591; baseline -0.001 -18"><span class='ocrx_word' id='word_1_389' title='bbox 559 3521 760 3591; x_wconf 73' lang='lat' dir='ltr'><strong>lianda:</strong></span> <span class='ocrx_word' id='word_1_390' title='bbox 813 3520 989 3591; x_wconf 86' lang='lat' dir='ltr'><strong>gratia</strong></span> <span class='ocrx_word' id='word_1_391' title='bbox 1036 3521 1395 3591; x_wconf 84' lang='lat' dir='ltr'><strong>parabantur.</strong></span> <span class='ocrx_word' id='word_1_392' title='bbox 1438 3519 1594 3591; x_wconf 82' lang='lat' dir='ltr'><strong>Quod</strong></span> <span class='ocrx_word' id='word_1_393' title='bbox 1630 3518 1841 3591; x_wconf 53' lang='lat' dir='ltr'><strong>itaque</strong></span> <span class='ocrx_word' id='word_1_394' title='bbox 1903 3519 2133 3591; x_wconf 63' lang='grc' dir='ltr'>βουλδοῦ</span> 
     </span>
    </p>
   </div>
   <div class='ocr_carea' id='block_1_65' title="bbox 558 3589 2165 3663">
    <p class='ocr_par' dir='ltr' id='par_1_65' title="bbox 558 3589 2165 3663">
     <span class='ocr_line' id='line_1_65' title="bbox 558 3589 2165 3663; baseline 0 -20"><span class='ocrx_word' id='word_1_395' title='bbox 558 3590 748 3663; x_wconf 74' lang='grc' dir='ltr'>λίτρας</span> <span class='ocrx_word' id='word_1_396' title='bbox 780 3589 1054 3644; x_wconf 72' lang='lat' dir='ltr'><strong>bulborum</strong></span> <span class='ocrx_word' id='word_1_397' title='bbox 1082 3590 1247 3663; x_wconf 69' lang='lat' dir='ltr'><strong>libras</strong></span> <span class='ocrx_word' id='word_1_398' title='bbox 1284 3590 1590 3663; x_wconf 70' lang='lat' dir='ltr'><strong>excitanda:</strong></span> <span class='ocrx_word' id='word_1_399' title='bbox 1612 3590 1831 3663; x_wconf 78' lang='lat' dir='ltr'><strong>_Veneri</strong></span> <span class='ocrx_word' id='word_1_400' title='bbox 1873 3589 2133 3663; x_wconf 82' lang='lat' dir='ltr'><strong>comede-</strong></span> <span class='ocrx_word' id='word_1_401' title='bbox 2161 3602 2165 3606; x_wconf 73' lang='lat'><strong><em>’</em></strong></span> 
     </span>
    </p>
   </div>
   <div class='ocr_carea' id='block_1_66' title="bbox 560 3658 2137 3731">
    <p class='ocr_par' dir='ltr' id='par_1_66' title="bbox 560 3658 2137 3731">
     <span class='ocr_line' id='line_1_66' title="bbox 560 3658 2137 3731; baseline -0.001 -16"><span class='ocrx_word' id='word_1_402' title='bbox 560 3658 661 3715; x_wconf 68' lang='lat' dir='ltr'><strong>ret&#39;</strong></span> <span class='ocrx_word' id='word_1_403' title='bbox 686 3662 1046 3725; x_wconf 88' lang='lat' dir='ltr'><strong>Timotheus;</strong></span> <span class='ocrx_word' id='word_1_404' title='bbox 1081 3661 1167 3713; x_wconf 86' lang='lat' dir='ltr'><strong>vel</strong></span> <span class='ocrx_word' id='word_1_405' title='bbox 1212 3660 1385 3731; x_wconf 76' lang='grc' dir='ltr'>λιτρὶς</span> <span class='ocrx_word' id='word_1_406' title='bbox 1416 3659 1640 3731; x_wconf 78' lang='grc' dir='ltr'>βουλὸοὖ</span> <span class='ocrx_word' id='word_1_407' title='bbox 1665 3660 1991 3731; x_wconf 80' lang='lat' dir='ltr'><strong>,bulborum</strong></span> <span class='ocrx_word' id='word_1_408' title='bbox 2024 3658 2137 3714; x_wconf 88' lang='lat' dir='ltr'><strong>fre-</strong></span> 
     </span>
    </p>
   </div>
   <div class='ocr_carea' id='block_1_67' title="bbox 561 3730 1905 3802">
    <p class='ocr_par' dir='ltr' id='par_1_67' title="bbox 561 3730 1905 3802">
     <span class='ocr_line' id='line_1_67' title="bbox 561 3730 1905 3802; baseline -0.001 -17"><span class='ocrx_word' id='word_1_409' title='bbox 561 3732 824 3802; x_wconf 90' lang='lat' dir='ltr'><strong>quentius</strong></span> <span class='ocrx_word' id='word_1_410' title='bbox 856 3739 1228 3802; x_wconf 87' lang='lat' dir='ltr'><strong>comestorum</strong></span> <span class='ocrx_word' id='word_1_411' title='bbox 1255 3730 1384 3784; x_wconf 85' lang='lat' dir='ltr'><strong>arca</strong></span> <span class='ocrx_word' id='word_1_412' title='bbox 1416 3730 1558 3802; x_wconf 86' lang='lat' dir='ltr'><strong>foret</strong></span> <span class='ocrx_word' id='word_1_413' title='bbox 1592 3745 1657 3784; x_wconf 89' lang='lat' dir='ltr'><strong>ac</strong></span> <span class='ocrx_word' id='word_1_414' title='bbox 1686 3730 1905 3802; x_wconf 70' lang='lat' dir='ltr'><strong>loculus.</strong></span> 
     </span>
    </p>
   </div>
   <div class='ocr_carea' id='block_1_68' title="bbox 635 3800 2136 3872">
    <p class='ocr_par' dir='ltr' id='par_1_68' title="bbox 635 3800 2136 3872">
     <span class='ocr_line' id='line_1_68' title="bbox 635 3800 2136 3872; baseline 0.001 -19"><span class='ocrx_word' id='word_1_415' title='bbox 635 3802 747 3872; x_wconf 83' lang='grc'><strong>(78)</strong></span> <span class='ocrx_word' id='word_1_416' title='bbox 808 3803 919 3872; x_wconf 71' lang='grc' dir='ltr'><strong>Τὰς</strong></span> <span class='ocrx_word' id='word_1_417' title='bbox 965 3801 1204 3872; x_wconf 65' lang='grc' dir='ltr'>εἰκόνας</span> <span class='ocrx_word' id='word_1_418' title='bbox 1258 3800 1657 3872; x_wconf 61' lang='grc' dir='ltr'>Μακεδοκίου.</span> <span class='ocrx_word' id='word_1_419' title='bbox 1728 3800 1844 3872; x_wconf 85' lang='lat' dir='ltr'><strong>Mos</strong></span> <span class='ocrx_word' id='word_1_420' title='bbox 1898 3809 2021 3854; x_wconf 91' lang='lat' dir='ltr'><strong>erat</strong></span> <span class='ocrx_word' id='word_1_421' title='bbox 2074 3808 2136 3855; x_wconf 88' lang='lat' dir='ltr'><strong>ut</strong></span> 
     </span>
    </p>
   </div>
   <div class='ocr_carea' id='block_1_69' title="bbox 605 3870 2135 3925">
    <p class='ocr_par' dir='ltr' id='par_1_69' title="bbox 605 3870 2135 3925">
     <span class='ocr_line' id='line_1_69' title="bbox 605 3870 2135 3925; baseline -0.001 -2"><span class='ocrx_word' id='word_1_422' title='bbox 605 3870 1002 3924; x_wconf 85' lang='lat' dir='ltr'><strong>atriarcharum</strong></span> <span class='ocrx_word' id='word_1_423' title='bbox 1034 3870 1297 3925; x_wconf 67' lang='lat' dir='ltr'><strong>imagines</strong></span> <span class='ocrx_word' id='word_1_424' title='bbox 1329 3871 1385 3924; x_wconf 91' lang='lat' dir='ltr'><strong>in</strong></span> <span class='ocrx_word' id='word_1_425' title='bbox 1418 3870 1674 3924; x_wconf 84' lang='lat' dir='ltr'><strong>ecclesiis</strong></span> <span class='ocrx_word' id='word_1_426' title='bbox 1704 3870 2135 3923; x_wconf 87' lang='lat' dir='ltr'><strong>collocarentur.</strong></span> 
     </span>
    </p>
   </div>
   <div class='ocr_carea' id='block_1_70' title="bbox 615 3939 2138 4010">
    <p class='ocr_par' dir='ltr' id='par_1_70' title="bbox 615 3939 2138 4010">
     <span class='ocr_line' id='line_1_70' title="bbox 615 3939 2138 4010; baseline -0.002 -14"><span class='ocrx_word' id='word_1_427' title='bbox 615 3957 680 3996; x_wconf 91' lang='lat' dir='ltr'><strong>ec</strong></span> <span class='ocrx_word' id='word_1_428' title='bbox 719 3957 853 3995; x_wconf 87' lang='lat' dir='ltr'><strong>vero</strong></span> <span class='ocrx_word' id='word_1_429' title='bbox 902 3939 1343 4010; x_wconf 88' lang='lat' dir='ltr'><strong>patriarcharum</strong></span> <span class='ocrx_word' id='word_1_430' title='bbox 1390 3942 1589 4002; x_wconf 92' lang='lat' dir='ltr'><strong>solum,</strong></span> <span class='ocrx_word' id='word_1_431' title='bbox 1661 3939 1716 3993; x_wconf 89' lang='lat' dir='ltr'><strong>id</strong></span> <span class='ocrx_word' id='word_1_432' title='bbox 1772 3941 1920 4010; x_wconf 88' lang='lat' dir='ltr'><strong>enim</strong></span> <span class='ocrx_word' id='word_1_433' title='bbox 1953 3940 2138 3993; x_wconf 88' lang='lat' dir='ltr'><strong>minus</strong></span> 
     </span>
    </p>
   </div>
   <div class='ocr_carea' id='block_1_71' title="bbox 566 4009 2137 4080">
    <p class='ocr_par' dir='ltr' id='par_1_71' title="bbox 566 4009 2137 4080">
     <span class='ocr_line' id='line_1_71' title="bbox 566 4009 2137 4080; baseline -0.003 -15"><span class='ocrx_word' id='word_1_434' title='bbox 566 4011 879 4065; x_wconf 88' lang='lat' dir='ltr'><strong>mirandum</strong></span> <span class='ocrx_word' id='word_1_435' title='bbox 906 4009 1075 4074; x_wconf 85' lang='lat' dir='ltr'><strong>esset,</strong></span> <span class='ocrx_word' id='word_1_436' title='bbox 1108 4026 1233 4066; x_wconf 90' lang='lat' dir='ltr'><strong>cum</strong></span> <span class='ocrx_word' id='word_1_437' title='bbox 1268 4011 1598 4080; x_wconf 70' lang='lat' dir='ltr'><strong>patriarchre</strong></span> <span class='ocrx_word' id='word_1_438' title='bbox 1623 4025 1733 4063; x_wconf 92' lang='lat' dir='ltr'><strong>non</strong></span> <span class='ocrx_word' id='word_1_439' title='bbox 1762 4009 1947 4080; x_wconf 83' lang='lat' dir='ltr'><strong>minus</strong></span> <span class='ocrx_word' id='word_1_440' title='bbox 1972 4024 2137 4078; x_wconf 89' lang='lat' dir='ltr'><strong>quam</strong></span> 
     </span>
    </p>
   </div>
   <div class='ocr_carea' id='block_1_72' title="bbox 567 4078 2140 4159">
    <p class='ocr_par' dir='ltr' id='par_1_72' title="bbox 567 4078 2140 4159">
     <span class='ocr_line' id='line_1_72' title="bbox 567 4078 2140 4159; baseline -0.003 -23"><span class='ocrx_word' id='word_1_441' title='bbox 567 4082 938 4159; x_wconf 80' lang='lat' dir='ltr'><strong>imperatores</strong></span> <span class='ocrx_word' id='word_1_442' title='bbox 965 4082 1068 4152; x_wconf 88' lang='lat' dir='ltr'><strong>ipsi</strong></span> <span class='ocrx_word' id='word_1_443' title='bbox 1092 4078 1413 4159; x_wconf 40' lang='lat' dir='ltr'><strong>colere—titur</strong></span> <span class='ocrx_word' id='word_1_444' title='bbox 1447 4095 1687 4159; x_wconf 83' lang='lat' dir='ltr'><strong>:_ve_rum</strong></span> <span class='ocrx_word' id='word_1_445' title='bbox 1719 4078 1885 4159; x_wconf 85' lang='lat' dir='ltr'><strong>etiam</strong></span> <span class='ocrx_word' id='word_1_446' title='bbox 1934 4080 2140 4159; x_wconf 80' lang='lat' dir='ltr'><strong>orpha-</strong></span> 
     </span>
    </p>
   </div>
   <div class='ocr_carea' id='block_1_73' title="bbox 565 4150 2137 4222">
    <p class='ocr_par' dir='ltr' id='par_1_73' title="bbox 565 4150 2137 4222">
     <span class='ocr_line' id='line_1_73' title="bbox 565 4150 2137 4222; baseline -0.001 -17"><span class='ocrx_word' id='word_1_447' title='bbox 565 4150 1001 4222; x_wconf 71' lang='lat' dir='ltr'><strong>notrophorum,</strong></span> <span class='ocrx_word' id='word_1_448' title='bbox 1032 4159 1089 4205; x_wconf 90' lang='lat' dir='ltr'><strong>et</strong></span> <span class='ocrx_word' id='word_1_449' title='bbox 1143 4153 1379 4206; x_wconf 92' lang='lat' dir='ltr'><strong>aliorum</strong></span> <span class='ocrx_word' id='word_1_450' title='bbox 1441 4150 1795 4222; x_wconf 14' lang='lat' dir='ltr'><strong>clericorumg</strong></span> <span class='ocrx_word' id='word_1_451' title='bbox 1844 4150 2137 4222; x_wconf 66' lang='lat' dir='ltr'><strong>imagines,</strong></span> 
     </span>
    </p>
   </div>
   <div class='ocr_carea' id='block_1_74' title="bbox 566 4218 2140 4278">
    <p class='ocr_par' dir='ltr' id='par_1_74' title="bbox 566 4218 2140 4278">
     <span class='ocr_line' id='line_1_74' title="bbox 566 4218 2140 4278; baseline -0.003 -1"><span class='ocrx_word' id='word_1_452' title='bbox 566 4218 796 4278; x_wconf 80' lang='lat' dir='ltr'><strong>honoris</strong></span> <span class='ocrx_word' id='word_1_453' title='bbox 847 4238 1011 4278; x_wconf 90' lang='lat' dir='ltr'><strong>causa</strong></span> <span class='ocrx_word' id='word_1_454' title='bbox 1045 4222 1457 4278; x_wconf 88' lang='lat' dir='ltr'><strong>collocabantur</strong></span> <span class='ocrx_word' id='word_1_455' title='bbox 1497 4221 1551 4273; x_wconf 92' lang='lat' dir='ltr'><strong>in</strong></span> <span class='ocrx_word' id='word_1_456' title='bbox 1579 4218 1849 4274; x_wconf 88' lang='lat' dir='ltr'><strong>ecclesiis.</strong></span> <span class='ocrx_word' id='word_1_457' title='bbox 1882 4218 2140 4273; x_wconf 87' lang='lat' dir='ltr'><strong>Testatur</strong></span> 
     </span>
    </p>
   </div>
   <div class='ocr_carea' id='block_1_75' title="bbox 566 4288 2138 4359">
    <p class='ocr_par' dir='ltr' id='par_1_75' title="bbox 566 4288 2138 4359">
     <span class='ocr_line' id='line_1_75' title="bbox 566 4288 2138 4359; baseline -0.003 -12"><span class='ocrx_word' id='word_1_458' title='bbox 566 4294 623 4347; x_wconf 84' lang='lat' dir='ltr'><strong>id</strong></span> <span class='ocrx_word' id='word_1_459' title='bbox 666 4304 827 4348; x_wconf 90' lang='lat' dir='ltr'><strong>vetus</strong></span> <span class='ocrx_word' id='word_1_460' title='bbox 865 4303 1077 4355; x_wconf 90' lang='lat' dir='ltr'><strong>auctor,</strong></span> <span class='ocrx_word' id='word_1_461' title='bbox 1114 4292 1380 4354; x_wconf 89' lang='lat' dir='ltr'><strong>Malchus,</strong></span> <span class='ocrx_word' id='word_1_462' title='bbox 1410 4293 1465 4343; x_wconf 89' lang='lat' dir='ltr'><strong>ni</strong></span> <span class='ocrx_word' id='word_1_463' title='bbox 1501 4290 1684 4351; x_wconf 88' lang='lat' dir='ltr'><strong>fallor,</strong></span> <span class='ocrx_word' id='word_1_464' title='bbox 1718 4290 1863 4359; x_wconf 89' lang='lat' dir='ltr'><strong>apud</strong></span> <span class='ocrx_word' id='word_1_465' title='bbox 1908 4288 2138 4359; x_wconf 88' lang='lat' dir='ltr'><strong>Snidam</strong></span> 
     </span>
    </p>
   </div>
   <div class='ocr_carea' id='block_1_76' title="bbox 566 4358 2141 4429">
    <p class='ocr_par' dir='ltr' id='par_1_76' title="bbox 566 4358 2141 4429">
     <span class='ocr_line' id='line_1_76' title="bbox 566 4358 2141 4429; baseline -0.003 -10"><span class='ocrx_word' id='word_1_466' title='bbox 566 4364 820 4429; x_wconf 81' lang='grc' dir='ltr'>ἀκάκιος,</span> <span class='ocrx_word' id='word_1_467' title='bbox 874 4364 969 4418; x_wconf 84' lang='grc'><strong>11111</strong></span> <span class='ocrx_word' id='word_1_468' title='bbox 1024 4363 1159 4418; x_wconf 89' lang='lat' dir='ltr'><strong>dicit</strong></span> <span class='ocrx_word' id='word_1_469' title='bbox 1215 4377 1313 4417; x_wconf 89' lang='lat' dir='ltr'><strong>eos</strong></span> <span class='ocrx_word' id='word_1_470' title='bbox 1364 4360 1459 4428; x_wconf 93' lang='lat' dir='ltr'><strong>qui</strong></span> <span class='ocrx_word' id='word_1_471' title='bbox 1499 4361 1570 4413; x_wconf 91' lang='lat' dir='ltr'><strong>ab</strong></span> <span class='ocrx_word' id='word_1_472' title='bbox 1605 4358 1803 4413; x_wconf 89' lang='lat' dir='ltr'><strong>Acacio</strong></span> <span class='ocrx_word' id='word_1_473' title='bbox 1857 4358 2141 4414; x_wconf 84' lang='lat' dir='ltr'><strong>beneficiis</strong></span> 
     </span>
    </p>
   </div>
   <div class='ocr_carea' id='block_1_77' title="bbox 564 4429 2131 4499">
    <p class='ocr_par' dir='ltr' id='par_1_77' title="bbox 564 4429 2131 4499">
     <span class='ocr_line' id='line_1_77' title="bbox 564 4429 2131 4499; baseline -0.003 -10"><span class='ocrx_word' id='word_1_474' title='bbox 564 4434 747 4489; x_wconf 73' lang='lat' dir='ltr'><strong>affecti</strong></span> <span class='ocrx_word' id='word_1_475' title='bbox 812 4434 1054 4497; x_wconf 83' lang='lat' dir='ltr'><strong>fuerant,</strong></span> <span class='ocrx_word' id='word_1_476' title='bbox 1090 4434 1313 4487; x_wconf 86' lang='lat' dir='ltr'><strong>vivente</strong></span> <span class='ocrx_word' id='word_1_477' title='bbox 1353 4430 1537 4484; x_wconf 89' lang='lat' dir='ltr'><strong>adhuc</strong></span> <span class='ocrx_word' id='word_1_478' title='bbox 1568 4429 1856 4484; x_wconf 89' lang='lat' dir='ltr'><strong>Gennadio</strong></span> <span class='ocrx_word' id='word_1_479' title='bbox 1900 4430 2131 4499; x_wconf 88' lang='lat' dir='ltr'><strong>patriar-</strong></span> 
     </span>
    </p>
   </div>
   <div class='ocr_carea' id='block_1_78' title="bbox 565 4499 2136 4573">
    <p class='ocr_par' dir='ltr' id='par_1_78' title="bbox 565 4499 2136 4573">
     <span class='ocr_line' id='line_1_78' title="bbox 565 4499 2136 4573; baseline -0.003 -15"><span class='ocrx_word' id='word_1_480' title='bbox 565 4505 693 4573; x_wconf 74' lang='lat' dir='ltr'><strong>cha,</strong></span> <span class='ocrx_word' id='word_1_481' title='bbox 728 4504 995 4573; x_wconf 84' lang='lat' dir='ltr'><strong>imagines</strong></span> <span class='ocrx_word' id='word_1_482' title='bbox 1041 4504 1163 4571; x_wconf 87' lang='lat' dir='ltr'><strong>ejus</strong></span> <span class='ocrx_word' id='word_1_483' title='bbox 1215 4502 1272 4573; x_wconf 89' lang='lat' dir='ltr'><strong>in</strong></span> <span class='ocrx_word' id='word_1_484' title='bbox 1312 4501 1530 4554; x_wconf 88' lang='lat' dir='ltr'><strong>cunctis</strong></span> <span class='ocrx_word' id='word_1_485' title='bbox 1568 4499 1818 4573; x_wconf 82' lang='lat' dir='ltr'><strong>ecclesiis</strong></span> <span class='ocrx_word' id='word_1_486' title='bbox 1852 4500 2136 4573; x_wconf 80' lang='lat' dir='ltr'><strong>erexisse;</strong></span> 
     </span>
    </p>
   </div>
   <div class='ocr_carea' id='block_1_79' title="bbox 568 4571 2134 4644">
    <p class='ocr_par' dir='ltr' id='par_1_79' title="bbox 568 4571 2134 4644">
     <span class='ocr_line' id='line_1_79' title="bbox 568 4571 2134 4644; baseline -0.003 -16"><span class='ocrx_word' id='word_1_487' title='bbox 568 4571 1008 4644; x_wconf 31' lang='lat' dir='ltr'><strong>praecipue‘vero</strong></span> <span class='ocrx_word' id='word_1_488' title='bbox 1057 4574 1113 4644; x_wconf 85' lang='lat' dir='ltr'><strong>in</strong></span> <span class='ocrx_word' id='word_1_489' title='bbox 1156 4572 1387 4625; x_wconf 88' lang='lat' dir='ltr'><strong>ecclesia</strong></span> <span class='ocrx_word' id='word_1_490' title='bbox 1426 4586 1549 4644; x_wconf 61' lang='lat' dir='ltr'><strong>quae</strong></span> <span class='ocrx_word' id='word_1_491' title='bbox 1586 4580 1671 4644; x_wconf 81' lang='lat' dir='ltr'><strong>est</strong></span> <span class='ocrx_word' id='word_1_492' title='bbox 1713 4571 1866 4644; x_wconf 78' lang='lat' dir='ltr'><strong>juxta</strong></span> <span class='ocrx_word' id='word_1_493' title='bbox 1907 4571 2134 4644; x_wconf 71' lang='lat' dir='ltr'><strong>navale,</strong></span> 
     </span>
    </p>
   </div>
   <div class='ocr_carea' id='block_1_80' title="bbox 2235 3378 3699 3454">
    <p class='ocr_par' dir='ltr' id='par_1_80' title="bbox 2235 3378 3699 3454">
     <span class='ocr_line' id='line_1_80' title="bbox 2235 3378 3699 3454; baseline 0.001 -21"><span class='ocrx_word' id='word_1_494' title='bbox 2235 3388 2518 3454; x_wconf 65' lang='lat' dir='ltr'><strong>poterant,</strong></span> <span class='ocrx_word' id='word_1_495' title='bbox 2547 3378 2904 3454; x_wconf 79' lang='lat' dir='ltr'><strong>auferentes_;</strong></span> <span class='ocrx_word' id='word_1_496' title='bbox 2944 3378 2997 3432; x_wconf 89' lang='lat' dir='ltr'><strong>id</strong></span> <span class='ocrx_word' id='word_1_497' title='bbox 3037 3387 3134 3454; x_wconf 81' lang='lat' dir='ltr'><strong>est</strong></span> <span class='ocrx_word' id='word_1_498' title='bbox 3150 3378 3299 3449; x_wconf 90' lang='lat' dir='ltr'><strong>Cyri,</strong></span> <span class='ocrx_word' id='word_1_499' title='bbox 3333 3380 3532 3454; x_wconf 83' lang='lat' dir='ltr'><strong>Sergii,</strong></span> <span class='ocrx_word' id='word_1_500' title='bbox 3565 3379 3699 3454; x_wconf 90' lang='lat' dir='ltr'><strong>etc.]</strong></span> 
     </span>
    </p>
   </div>
   <div class='ocr_carea' id='block_1_81' title="bbox 2307 3448 3819 3518">
    <p class='ocr_par' dir='ltr' id='par_1_81' title="bbox 2307 3448 3819 3518">
     <span class='ocr_line' id='line_1_81' title="bbox 2307 3448 3819 3518; baseline 0.003 -17"><span class='ocrx_word' id='word_1_501' title='bbox 2307 3449 2416 3517; x_wconf 91' lang='lat'><strong>(79)</strong></span> <span class='ocrx_word' id='word_1_502' title='bbox 2471 3448 2756 3511; x_wconf 78' lang='grc' dir='ltr'><strong>Ἰωάννης</strong></span> <span class='ocrx_word' id='word_1_503' title='bbox 2793 3452 2825 3502; x_wconf 88' lang='lat' dir='ltr'><strong>d</strong></span> <span class='ocrx_word' id='word_1_504' title='bbox 2865 3448 3319 3518; x_wconf 66' lang='grc' dir='ltr'>διακρινόμενος</span> <span class='ocrx_word' id='word_1_505' title='bbox 3364 3448 3515 3504; x_wconf 69' lang='grc' dir='ltr'>κατὰ</span> <span class='ocrx_word' id='word_1_506' title='bbox 3545 3448 3819 3518; x_wconf 77' lang='grc' dir='ltr'>Σεόήρου</span> 
     </span>
    </p>
   </div>
   <div class='ocr_carea' id='block_1_82' title="bbox 2235 3517 3818 3593">
    <p class='ocr_par' dir='ltr' id='par_1_82' title="bbox 2235 3517 3818 3593">
     <span class='ocr_line' id='line_1_82' title="bbox 2235 3517 3818 3593; baseline 0.002 -19"><span class='ocrx_word' id='word_1_507' title='bbox 2235 3519 2476 3593; x_wconf 50' lang='grc' dir='ltr'>ἱστορεῖ.</span> <span class='ocrx_word' id='word_1_508' title='bbox 2510 3518 2674 3593; x_wconf 69' lang='lat' dir='ltr'><strong>Hunc</strong></span> <span class='ocrx_word' id='word_1_509' title='bbox 2688 3517 2971 3593; x_wconf 71' lang='lat' dir='ltr'><strong>Theodori</strong></span> <span class='ocrx_word' id='word_1_510' title='bbox 3003 3519 3182 3593; x_wconf 76' lang='lat' dir='ltr'><strong>locum</strong></span> <span class='ocrx_word' id='word_1_511' title='bbox 3209 3517 3818 3593; x_wconf 12' lang='lat' dir='ltr'><strong>descripsitiNicepho—</strong></span> 
     </span>
    </p>
   </div>
   <div class='ocr_carea' id='block_1_83' title="bbox 2236 3588 3820 3662">
    <p class='ocr_par' dir='ltr' id='par_1_83' title="bbox 2236 3588 3820 3662">
     <span class='ocr_line' id='line_1_83' title="bbox 2236 3588 3820 3662; baseline 0.002 -19"><span class='ocrx_word' id='word_1_512' title='bbox 2236 3591 2454 3662; x_wconf 54' lang='grc' dir='ltr'><strong>1118-111Δ</strong></span> <span class='ocrx_word' id='word_1_513' title='bbox 2492 3605 2611 3659; x_wconf 90' lang='lat' dir='ltr'><strong>cap.</strong></span> <span class='ocrx_word' id='word_1_514' title='bbox 2646 3588 2715 3662; x_wconf 72' lang='lat'><strong>29</strong></span> <span class='ocrx_word' id='word_1_515' title='bbox 2760 3589 2858 3642; x_wconf 91' lang='lat' dir='ltr'><strong>lib.</strong></span> <span class='ocrx_word' id='word_1_516' title='bbox 2909 3605 2997 3642; x_wconf 71' lang='lat' dir='ltr'><strong>xv:</strong></span> <span class='ocrx_word' id='word_1_517' title='bbox 3030 3606 3042 3641; x_wconf 92' lang='lat'>:</span> <span class='ocrx_word' id='word_1_518' title='bbox 3092 3588 3426 3662; x_wconf 28' lang='grc' dir='ltr'>’ᾼΙστορεᾼῖμδὲ</span> <span class='ocrx_word' id='word_1_519' title='bbox 3463 3588 3746 3662; x_wconf 14' lang='grc' dir='ltr'>κἸωάννης</span> <span class='ocrx_word' id='word_1_520' title='bbox 3786 3595 3820 3646; x_wconf 89' lang='grc' dir='ltr'><strong>ό</strong></span> 
     </span>
    </p>
   </div>
   <div class='ocr_carea' id='block_1_84' title="bbox 2236 3658 3817 3731">
    <p class='ocr_par' dir='ltr' id='par_1_84' title="bbox 2236 3658 3817 3731">
     <span class='ocr_line' id='line_1_84' title="bbox 2236 3658 3817 3731; baseline 0.004 -19"><span class='ocrx_word' id='word_1_521' title='bbox 2236 3660 2387 3730; x_wconf 80' lang='grc' dir='ltr'>αὐτῷ</span> <span class='ocrx_word' id='word_1_522' title='bbox 2437 3658 2870 3731; x_wconf 71' lang='grc' dir='ltr'>διακρινόμενος,</span> <span class='ocrx_word' id='word_1_523' title='bbox 2920 3669 3027 3731; x_wconf 88' lang='lat' dir='ltr'><strong>etc.</strong></span> <span class='ocrx_word' id='word_1_524' title='bbox 3087 3658 3243 3731; x_wconf 63' lang='lat' dir='ltr'><strong>om</strong></span> <span class='ocrx_word' id='word_1_525' title='bbox 3287 3660 3584 3731; x_wconf 87' lang='lat' dir='ltr'><strong>Nicephori</strong></span> <span class='ocrx_word' id='word_1_526' title='bbox 3637 3658 3817 3719; x_wconf 79' lang='lat' dir='ltr'><strong>verba</strong></span> 
     </span>
    </p>
   </div>
   <div class='ocr_carea' id='block_1_85' title="bbox 2234 3729 3819 3801">
    <p class='ocr_par' dir='ltr' id='par_1_85' title="bbox 2234 3729 3819 3801">
     <span class='ocr_line' id='line_1_85' title="bbox 2234 3729 3819 3801; baseline 0.002 -17"><span class='ocrx_word' id='word_1_527' title='bbox 2234 3731 2473 3801; x_wconf 86' lang='lat' dir='ltr'><strong>Joannes</strong></span> <span class='ocrx_word' id='word_1_528' title='bbox 2499 3730 2716 3801; x_wconf 84' lang='lat' dir='ltr'><strong>Langus</strong></span> <span class='ocrx_word' id='word_1_529' title='bbox 2766 3729 2839 3783; x_wconf 87' lang='lat' dir='ltr'><strong>ita</strong></span> <span class='ocrx_word' id='word_1_530' title='bbox 2858 3730 3039 3801; x_wconf 81' lang='lat' dir='ltr'><strong>vertit</strong></span> <span class='ocrx_word' id='word_1_531' title='bbox 3062 3747 3075 3783; x_wconf 95' lang='lat'>:</span> <span class='ocrx_word' id='word_1_532' title='bbox 3110 3730 3343 3784; x_wconf 83' lang='lat' dir='ltr'><strong>Joannes</strong></span> <span class='ocrx_word' id='word_1_533' title='bbox 3367 3729 3546 3801; x_wconf 79' lang='lat' dir='ltr'><strong>porro,</strong></span> <span class='ocrx_word' id='word_1_534' title='bbox 3577 3734 3666 3801; x_wconf 84' lang='lat' dir='ltr'><strong>qui</strong></span> <span class='ocrx_word' id='word_1_535' title='bbox 3691 3750 3819 3788; x_wconf 86' lang='lat' dir='ltr'><strong>cum</strong></span> 
     </span>
    </p>
   </div>
   <div class='ocr_carea' id='block_1_86' title="bbox 2236 3799 3820 3872">
    <p class='ocr_par' dir='ltr' id='par_1_86' title="bbox 2236 3799 3820 3872">
     <span class='ocr_line' id='line_1_86' title="bbox 2236 3799 3820 3872; baseline 0.003 -19"><span class='ocrx_word' id='word_1_536' title='bbox 2236 3800 2353 3862; x_wconf 86' lang='lat' dir='ltr'><strong>illo,</strong></span> <span class='ocrx_word' id='word_1_537' title='bbox 2386 3799 2578 3872; x_wconf 64' lang='lat' dir='ltr'><strong>Severe</strong></span> <span class='ocrx_word' id='word_1_538' title='bbox 2595 3799 2812 3860; x_wconf 77' lang='lat' dir='ltr'><strong>scilicet,</strong></span> <span class='ocrx_word' id='word_1_539' title='bbox 2838 3800 3042 3872; x_wconf 59' lang='lat' dir='ltr'><strong>judicio</strong></span> <span class='ocrx_word' id='word_1_540' title='bbox 3069 3799 3639 3872; x_wconf 41' lang='lat' dir='ltr'><strong>contendit,&#39;scriptx&#39;m</strong></span> <span class='ocrx_word' id='word_1_541' title='bbox 3678 3803 3820 3858; x_wconf 78' lang='lat' dir='ltr'><strong>reli-</strong></span> 
     </span>
    </p>
   </div>
   <div class='ocr_carea' id='block_1_87' title="bbox 2236 3870 3816 3942">
    <p class='ocr_par' dir='ltr' id='par_1_87' title="bbox 2236 3870 3816 3942">
     <span class='ocr_line' id='line_1_87' title="bbox 2236 3870 3816 3942; baseline 0.003 -19"><span class='ocrx_word' id='word_1_542' title='bbox 2236 3872 2507 3942; x_wconf 81' lang='lat' dir='ltr'><strong>quit,_etc.</strong></span> <span class='ocrx_word' id='word_1_543' title='bbox 2537 3870 2761 3932; x_wconf 83' lang='lat' dir='ltr'><strong>Verum,</strong></span> <span class='ocrx_word' id='word_1_544' title='bbox 2786 3878 2863 3942; x_wconf 60' lang='lat' dir='ltr'><strong>ut</strong></span> <span class='ocrx_word' id='word_1_545' title='bbox 2892 3870 3064 3942; x_wconf 87' lang='lat' dir='ltr'><strong>libere</strong></span> <span class='ocrx_word' id='word_1_546' title='bbox 3100 3870 3279 3925; x_wconf 88' lang='lat' dir='ltr'><strong>dicam</strong></span> <span class='ocrx_word' id='word_1_547' title='bbox 3321 3871 3375 3925; x_wconf 92' lang='lat' dir='ltr'><strong>id</strong></span> <span class='ocrx_word' id='word_1_548' title='bbox 3403 3870 3550 3942; x_wconf 87' lang='lat' dir='ltr'><strong>quod</strong></span> <span class='ocrx_word' id='word_1_549' title='bbox 3577 3888 3666 3928; x_wconf 88' lang='lat' dir='ltr'><strong>res</strong></span> <span class='ocrx_word' id='word_1_550' title='bbox 3701 3882 3816 3937; x_wconf 90' lang='lat' dir='ltr'><strong>est,</strong></span> 
     </span>
    </p>
   </div>
   <div class='ocr_carea' id='block_1_88' title="bbox 2237 3938 3819 4012">
    <p class='ocr_par' dir='ltr' id='par_1_88' title="bbox 2237 3938 3819 4012">
     <span class='ocr_line' id='line_1_88' title="bbox 2237 3938 3819 4012; baseline 0.004 -19"><span class='ocrx_word' id='word_1_551' title='bbox 2237 3938 2338 3994; x_wconf 87' lang='lat' dir='ltr'><strong>nec</strong></span> <span class='ocrx_word' id='word_1_552' title='bbox 2366 3940 2603 4012; x_wconf 87' lang='lat' dir='ltr'><strong>Langus,</strong></span> <span class='ocrx_word' id='word_1_553' title='bbox 2642 3955 2746 4012; x_wconf 87' lang='lat' dir='ltr'><strong>nec</strong></span> <span class='ocrx_word' id='word_1_554' title='bbox 2801 3938 3146 4012; x_wconf 83' lang='lat' dir='ltr'><strong>Nicephorus</strong></span> <span class='ocrx_word' id='word_1_555' title='bbox 3189 3942 3312 4012; x_wconf 85' lang='lat' dir='ltr'><strong>ipse</strong></span> <span class='ocrx_word' id='word_1_556' title='bbox 3355 3938 3625 4012; x_wconf 72' lang='lat' dir='ltr'><strong>intellexit</strong></span> <span class='ocrx_word' id='word_1_557' title='bbox 3675 3945 3819 4012; x_wconf 90' lang='lat' dir='ltr'><strong>quid</strong></span> 
     </span>
    </p>
   </div>
   <div class='ocr_carea' id='block_1_89' title="bbox 2238 4010 3821 4079">
    <p class='ocr_par' dir='ltr' id='par_1_89' title="bbox 2238 4010 3821 4079">
     <span class='ocr_line' id='line_1_89' title="bbox 2238 4010 3821 4079; baseline 0.003 -16"><span class='ocrx_word' id='word_1_558' title='bbox 2238 4020 2385 4063; x_wconf 89' lang='lat' dir='ltr'><strong>esset</strong></span> <span class='ocrx_word' id='word_1_559' title='bbox 2448 4010 2863 4079; x_wconf 83' lang='grc' dir='ltr'>διακρινόμενος</span> <span class='ocrx_word' id='word_1_560' title='bbox 2919 4011 3024 4065; x_wconf 91' lang='lat' dir='ltr'><strong>hoc</strong></span> <span class='ocrx_word' id='word_1_561' title='bbox 3078 4011 3133 4065; x_wconf 89' lang='lat' dir='ltr'><strong>in</strong></span> <span class='ocrx_word' id='word_1_562' title='bbox 3187 4011 3331 4067; x_wconf 90' lang='lat' dir='ltr'><strong>loco.</strong></span> <span class='ocrx_word' id='word_1_563' title='bbox 3394 4010 3821 4070; x_wconf 86' lang='lat' dir='ltr'><strong>Obtrectatores</strong></span> 
     </span>
    </p>
   </div>
   <div class='ocr_carea' id='block_1_90' title="bbox 2237 4080 3819 4153">
    <p class='ocr_par' dir='ltr' id='par_1_90' title="bbox 2237 4080 3819 4153">
     <span class='ocr_line' id='line_1_90' title="bbox 2237 4080 3819 4153; baseline 0.004 -20"><span class='ocrx_word' id='word_1_564' title='bbox 2237 4080 2705 4153; x_wconf 71' lang='lat' dir='ltr'><strong>Chalcedonensis</strong></span> <span class='ocrx_word' id='word_1_565' title='bbox 2737 4080 2953 4153; x_wconf 82' lang='lat' dir='ltr'><strong>synodi,</strong></span> <span class='ocrx_word' id='word_1_566' title='bbox 2982 4081 3078 4153; x_wconf 89' lang='lat' dir='ltr'><strong>qui</strong></span> <span class='ocrx_word' id='word_1_567' title='bbox 3140 4081 3405 4153; x_wconf 89' lang='lat' dir='ltr'><strong>Eutychis</strong></span> <span class='ocrx_word' id='word_1_568' title='bbox 3456 4099 3519 4137; x_wconf 91' lang='lat' dir='ltr'><strong>ac</strong></span> <span class='ocrx_word' id='word_1_569' title='bbox 3561 4083 3819 4141; x_wconf 75' lang='lat' dir='ltr'><strong>Diosceri</strong></span> 
     </span>
    </p>
   </div>
   <div class='ocr_carea' id='block_1_91' title="bbox 2237 4151 3821 4223">
    <p class='ocr_par' dir='ltr' id='par_1_91' title="bbox 2237 4151 3821 4223">
     <span class='ocr_line' id='line_1_91' title="bbox 2237 4151 3821 4223; baseline 0.003 -19"><span class='ocrx_word' id='word_1_570' title='bbox 2237 4151 2542 4223; x_wconf 84' lang='lat' dir='ltr'><strong>doctrinam</strong></span> <span class='ocrx_word' id='word_1_571' title='bbox 2568 4151 2957 4223; x_wconf 80' lang='lat' dir='ltr'><strong>defendebant,</strong></span> <span class='ocrx_word' id='word_1_572' title='bbox 2988 4151 3432 4223; x_wconf 77' lang='grc' dir='ltr'>διακρινομένους</span> <span class='ocrx_word' id='word_1_573' title='bbox 3470 4169 3591 4208; x_wconf 90' lang='lat' dir='ltr'><strong>sese</strong></span> <span class='ocrx_word' id='word_1_574' title='bbox 3621 4155 3821 4223; x_wconf 89' lang='lat' dir='ltr'><strong>appel-</strong></span> 
     </span>
    </p>
   </div>
   <div class='ocr_carea' id='block_1_92' title="bbox 2239 4221 3816 4294">
    <p class='ocr_par' dir='ltr' id='par_1_92' title="bbox 2239 4221 3816 4294">
     <span class='ocr_line' id='line_1_92' title="bbox 2239 4221 3816 4294; baseline 0.003 -21"><span class='ocrx_word' id='word_1_575' title='bbox 2239 4221 2441 4294; x_wconf 73' lang='lat' dir='ltr'><strong>larunt,</strong></span> <span class='ocrx_word' id='word_1_576' title='bbox 2474 4228 2537 4294; x_wconf 83' lang='lat' dir='ltr'><strong>ut</strong></span> <span class='ocrx_word' id='word_1_577' title='bbox 2570 4222 2731 4276; x_wconf 90' lang='lat' dir='ltr'><strong>docet</strong></span> <span class='ocrx_word' id='word_1_578' title='bbox 2759 4221 2873 4291; x_wconf 92' lang='lat' dir='ltr'><strong>ipse</strong></span> <span class='ocrx_word' id='word_1_579' title='bbox 2894 4222 3241 4294; x_wconf 85' lang='lat' dir='ltr'><strong>Nicephorus</strong></span> <span class='ocrx_word' id='word_1_580' title='bbox 3274 4223 3329 4277; x_wconf 92' lang='lat' dir='ltr'><strong>in</strong></span> <span class='ocrx_word' id='word_1_581' title='bbox 3366 4223 3461 4277; x_wconf 91' lang='lat' dir='ltr'><strong>lib.</strong></span> <span class='ocrx_word' id='word_1_582' title='bbox 3488 4240 3614 4277; x_wconf 76' lang='lat' dir='ltr'><strong>xvut</strong></span> <span class='ocrx_word' id='word_1_583' title='bbox 3637 4221 3816 4294; x_wconf 23' lang='lat' dir='ltr'><strong>,Vcap,</strong></span> 
     </span>
    </p>
   </div>
   <div class='ocr_carea' id='block_1_93' title="bbox 2238 4291 3817 4361">
    <p class='ocr_par' dir='ltr' id='par_1_93' title="bbox 2238 4291 3817 4361">
     <span class='ocr_line' id='line_1_93' title="bbox 2238 4291 3817 4361; baseline 0.003 -17"><span class='ocrx_word' id='word_1_584' title='bbox 2238 4291 2327 4345; x_wconf 68' lang='lat'><strong>45.</strong></span> <span class='ocrx_word' id='word_1_585' title='bbox 2365 4291 2443 4344; x_wconf 82' lang='lat' dir='ltr'><strong>Ex</strong></span> <span class='ocrx_word' id='word_1_586' title='bbox 2480 4292 2677 4345; x_wconf 91' lang='lat' dir='ltr'><strong>horum</strong></span> <span class='ocrx_word' id='word_1_587' title='bbox 2722 4306 2956 4345; x_wconf 90' lang='lat' dir='ltr'><strong>numero</strong></span> <span class='ocrx_word' id='word_1_588' title='bbox 2992 4292 3095 4345; x_wconf 88' lang='lat' dir='ltr'><strong>fuit</strong></span> <span class='ocrx_word' id='word_1_589' title='bbox 3130 4292 3430 4361; x_wconf 87' lang='lat' dir='ltr'><strong>imperator</strong></span> <span class='ocrx_word' id='word_1_590' title='bbox 3462 4291 3817 4348; x_wconf 79' lang='lat' dir='ltr'><strong>Anastasius.</strong></span> 
     </span>
    </p>
   </div>
   <div class='ocr_carea' id='block_1_94' title="bbox 2241 4360 3817 4418">
    <p class='ocr_par' dir='ltr' id='par_1_94' title="bbox 2241 4360 3817 4418">
     <span class='ocr_line' id='line_1_94' title="bbox 2241 4360 3817 4418; baseline 0.003 -4"><span class='ocrx_word' id='word_1_591' title='bbox 2241 4362 2317 4414; x_wconf 91' lang='lat' dir='ltr'><strong>uti</strong></span> <span class='ocrx_word' id='word_1_592' title='bbox 2349 4362 2510 4416; x_wconf 92' lang='lat' dir='ltr'><strong>docet</strong></span> <span class='ocrx_word' id='word_1_593' title='bbox 2544 4362 2809 4417; x_wconf 90' lang='lat' dir='ltr'><strong>Leontius</strong></span> <span class='ocrx_word' id='word_1_594' title='bbox 2838 4360 3411 4417; x_wconf 29' lang='lat' dir='ltr'><strong>Scholasticus’inlib.</strong></span> <span class='ocrx_word' id='word_1_595' title='bbox 3442 4381 3472 4418; x_wconf 89' lang='lat' dir='ltr'><strong>v</strong></span> <span class='ocrx_word' id='word_1_596' title='bbox 3528 4364 3601 4417; x_wconf 79' lang='lat' dir='ltr'><strong>De</strong></span> <span class='ocrx_word' id='word_1_597' title='bbox 3622 4367 3773 4418; x_wconf 81' lang='lat' dir='ltr'><strong>sectis</strong></span> <span class='ocrx_word' id='word_1_598' title='bbox 3799 4382 3817 4418; x_wconf 89' lang='lat'><strong>:</strong></span> 
     </span>
    </p>
   </div>
   <div class='ocr_carea' id='block_1_95' title="bbox 2239 4428 3821 4504">
    <p class='ocr_par' dir='ltr' id='par_1_95' title="bbox 2239 4428 3821 4504">
     <span class='ocr_line' id='line_1_95' title="bbox 2239 4428 3821 4504; baseline 0.003 -21"><span class='ocrx_word' id='word_1_599' title='bbox 2239 4432 2361 4504; x_wconf 71' lang='grc' dir='ltr'><strong>Τῶν</strong></span> <span class='ocrx_word' id='word_1_600' title='bbox 2390 4435 2501 4504; x_wconf 79' lang='grc' dir='ltr'><strong>γὰρ</strong></span> <span class='ocrx_word' id='word_1_601' title='bbox 2525 4432 2957 4504; x_wconf 64' lang='grc' dir='ltr'>διακρινομένῳν</span> <span class='ocrx_word' id='word_1_602' title='bbox 2989 4428 3109 4504; x_wconf 56' lang='grc' dir='ltr'>ἧι)μό</span> <span class='ocrx_word' id='word_1_603' title='bbox 3148 4434 3821 4504; x_wconf 66' lang='grc' dir='ltr'>Ἀναστάσιοςνιθυηοιθ-</span> 
     </span>
    </p>
   </div>
   <div class='ocr_carea' id='block_1_96' title="bbox 2238 4501 3824 4573">
    <p class='ocr_par' dir='ltr' id='par_1_96' title="bbox 2238 4501 3824 4573">
     <span class='ocr_line' id='line_1_96' title="bbox 2238 4501 3824 4573; baseline 0.003 -20"><span class='ocrx_word' id='word_1_604' title='bbox 2238 4502 2364 4556; x_wconf 89' lang='lat' dir='ltr'><strong>vius</strong></span> <span class='ocrx_word' id='word_1_605' title='bbox 2415 4501 2665 4573; x_wconf 76' lang='lat' dir='ltr'><strong>quidem,</strong></span> <span class='ocrx_word' id='word_1_606' title='bbox 2729 4502 2824 4573; x_wconf 92' lang='lat' dir='ltr'><strong>qui</strong></span> <span class='ocrx_word' id='word_1_607' title='bbox 2884 4501 3177 4557; x_wconf 90' lang='lat' dir='ltr'><strong>Leontium</strong></span> <span class='ocrx_word' id='word_1_608' title='bbox 3210 4503 3403 4558; x_wconf 89' lang='lat' dir='ltr'><strong>Latine</strong></span> <span class='ocrx_word' id='word_1_609' title='bbox 3458 4504 3656 4567; x_wconf 86' lang='lat' dir='ltr'><strong>vertit,</strong></span> <span class='ocrx_word' id='word_1_610' title='bbox 3688 4505 3824 4568; x_wconf 82' lang='grc' dir='ltr'>τοὺς</span> 
     </span>
    </p>
   </div>
   <div class='ocr_carea' id='block_1_97' title="bbox 2239 4573 3818 4644">
    <p class='ocr_par' dir='ltr' id='par_1_97' title="bbox 2239 4573 3818 4644">
     <span class='ocr_line' id='line_1_97' title="bbox 2239 4573 3818 4644; baseline 0.003 -20"><span class='ocrx_word' id='word_1_611' title='bbox 2239 4573 2714 4644; x_wconf 72' lang='grc' dir='ltr'>διακρινομένους,</span> <span class='ocrx_word' id='word_1_612' title='bbox 2742 4574 3042 4644; x_wconf 64' lang='lat' dir='ltr'><strong>haesitantes</strong></span> <span class='ocrx_word' id='word_1_613' title='bbox 3067 4583 3335 4643; x_wconf 89' lang='lat' dir='ltr'><strong>perpetuo</strong></span> <span class='ocrx_word' id='word_1_614' title='bbox 3366 4574 3763 4644; x_wconf 88' lang='lat' dir='ltr'><strong>interpretatur</strong></span> <span class='ocrx_word' id='word_1_615' title='bbox 3800 4593 3818 4629; x_wconf 90' lang='lat'><strong>:</strong></span> 
     </span>
    </p>
   </div>
   <div class='ocr_carea' id='block_1_98' title="bbox 564 4637 3822 4717">
    <p class='ocr_par' dir='ltr' id='par_1_98' title="bbox 564 4637 3822 4717">
     <span class='ocr_line' id='line_1_98' title="bbox 564 4637 3822 4717; baseline -0 -18"><span class='ocrx_word' id='word_1_616' title='bbox 564 4637 934 4717; x_wconf 68' lang='lat' dir='ltr'><strong>Gennadium</strong></span> <span class='ocrx_word' id='word_1_617' title='bbox 970 4643 1367 4717; x_wconf 67' lang='lat' dir='ltr'><strong>patriarchatn,</strong></span> <span class='ocrx_word' id='word_1_618' title='bbox 1399 4637 1456 4694; x_wconf 88' lang='lat' dir='ltr'><strong>et</strong></span> <span class='ocrx_word' id='word_1_619' title='bbox 1498 4637 1756 4694; x_wconf 82' lang='lat' dir='ltr'><strong>Acacium</strong></span> <span class='ocrx_word' id='word_1_620' title='bbox 1795 4639 2131 4717; x_wconf 57' lang='lat' dir='ltr'><strong>depingrisse.</strong></span> <span class='ocrx_word' id='word_1_621' title='bbox 2168 4637 2213 4692; x_wconf 90' lang='lat' dir='ltr'><strong>D</strong></span> <span class='ocrx_word' id='word_1_622' title='bbox 2240 4637 2385 4717; x_wconf 81' lang='lat' dir='ltr'><strong>quod</strong></span> <span class='ocrx_word' id='word_1_623' title='bbox 2416 4637 2525 4717; x_wconf 75' lang='lat' dir='ltr'><strong>non</strong></span> <span class='ocrx_word' id='word_1_624' title='bbox 2560 4643 2755 4717; x_wconf 80' lang='lat' dir='ltr'><strong>probo.</strong></span> <span class='ocrx_word' id='word_1_625' title='bbox 2791 4642 2983 4717; x_wconf 67' lang='lat' dir='ltr'><strong>Melius</strong></span> <span class='ocrx_word' id='word_1_626' title='bbox 3006 4637 3248 4717; x_wconf 57' lang='lat' dir='ltr'><strong>Joannes</strong></span> <span class='ocrx_word' id='word_1_627' title='bbox 3266 4644 3482 4717; x_wconf 87' lang='lat' dir='ltr'><strong>Langus</strong></span> <span class='ocrx_word' id='word_1_628' title='bbox 3514 4637 3822 4715; x_wconf 67' lang='lat' dir='ltr'><strong>segregatos</strong></span> 
     </span>
    </p>
   </div>
   <div class='ocr_carea' id='block_1_99' title="bbox 567 4710 2143 4781">
    <p class='ocr_par' dir='ltr' id='par_1_99' title="bbox 567 4710 2143 4781">
     <span class='ocr_line' id='line_1_99' title="bbox 567 4710 2143 4781; baseline -0.001 -14"><span class='ocrx_word' id='word_1_629' title='bbox 567 4726 733 4781; x_wconf 79' lang='lat' dir='ltr'><strong>atque</strong></span> <span class='ocrx_word' id='word_1_630' title='bbox 755 4713 901 4766; x_wconf 89' lang='lat' dir='ltr'><strong>inter</strong></span> <span class='ocrx_word' id='word_1_631' title='bbox 921 4710 1023 4766; x_wconf 84' lang='lat' dir='ltr'><strong>hos</strong></span> <span class='ocrx_word' id='word_1_632' title='bbox 1047 4711 1297 4781; x_wconf 12' lang='lat' dir='ltr'><strong>medium,</strong></span> <span class='ocrx_word' id='word_1_633' title='bbox 1313 4710 1664 4781; x_wconf 86' lang='lat' dir='ltr'><strong>Servatorem</strong></span> <span class='ocrx_word' id='word_1_634' title='bbox 1689 4711 2143 4781; x_wconf 13' lang='lat' dir='ltr'><strong>nostrumﬁJesum</strong></span> 
     </span>
    </p>
   </div>
   <div class='ocr_carea' id='block_1_100' title="bbox 564 4779 2146 4850">
    <p class='ocr_par' dir='ltr' id='par_1_100' title="bbox 564 4779 2146 4850">
     <span class='ocr_line' id='line_1_100' title="bbox 564 4779 2146 4850; baseline -0.002 -12"><span class='ocrx_word' id='word_1_635' title='bbox 564 4779 876 4846; x_wconf 74' lang='lat' dir='ltr'><strong>Christum,</strong></span> <span class='ocrx_word' id='word_1_636' title='bbox 936 4782 1032 4850; x_wconf 91' lang='lat' dir='ltr'><strong>qui</strong></span> <span class='ocrx_word' id='word_1_637' title='bbox 1095 4781 1210 4835; x_wconf 73' lang='lat' dir='ltr'><strong>haec</strong></span> <span class='ocrx_word' id='word_1_638' title='bbox 1261 4780 1550 4835; x_wconf 87' lang='lat' dir='ltr'><strong>Gennadio</strong></span> <span class='ocrx_word' id='word_1_639' title='bbox 1600 4779 1869 4835; x_wconf 88' lang='lat' dir='ltr'><strong>diceret:</strong></span> <span class='ocrx_word' id='word_1_640' title='bbox 1926 4780 2146 4835; x_wconf 78' lang='lat' dir='ltr'><strong>Destrue</strong></span> 
     </span>
    </p>
   </div>
   <div class='ocr_carea' id='block_1_101' title="bbox 569 4850 2145 4919">
    <p class='ocr_par' dir='ltr' id='par_1_101' title="bbox 569 4850 2145 4919">
     <span class='ocr_line' id='line_1_101' title="bbox 569 4850 2145 4919; baseline 0 -14"><span class='ocrx_word' id='word_1_641' title='bbox 569 4853 705 4905; x_wconf 81' lang='lat' dir='ltr'><strong>hanc</strong></span> <span class='ocrx_word' id='word_1_642' title='bbox 752 4850 1044 4914; x_wconf 77' lang='lat' dir='ltr'><strong>ecclesiam,</strong></span> <span class='ocrx_word' id='word_1_643' title='bbox 1080 4859 1130 4905; x_wconf 86' lang='lat' dir='ltr'><strong>et</strong></span> <span class='ocrx_word' id='word_1_644' title='bbox 1181 4852 1492 4905; x_wconf 79' lang='lat' dir='ltr'><strong>successoris</strong></span> <span class='ocrx_word' id='word_1_645' title='bbox 1535 4855 1611 4904; x_wconf 86' lang='lat' dir='ltr'><strong>tui</strong></span> <span class='ocrx_word' id='word_1_646' title='bbox 1638 4850 1954 4919; x_wconf 77' lang='lat' dir='ltr'><strong>temporibus</strong></span> <span class='ocrx_word' id='word_1_647' title='bbox 1992 4850 2145 4906; x_wconf 81' lang='lat' dir='ltr'><strong>illam</strong></span> 
     </span>
    </p>
   </div>
   <div class='ocr_carea' id='block_1_102' title="bbox 570 4920 2145 4991">
    <p class='ocr_par' dir='ltr' id='par_1_102' title="bbox 570 4920 2145 4991">
     <span class='ocr_line' id='line_1_102' title="bbox 570 4920 2145 4991; baseline -0.001 -15"><span class='ocrx_word' id='word_1_648' title='bbox 570 4923 904 4976; x_wconf 82' lang='lat' dir='ltr'><strong>restaurabo.</strong></span> <span class='ocrx_word' id='word_1_649' title='bbox 942 4921 1132 4976; x_wconf 88' lang='lat' dir='ltr'><strong>Scribe</strong></span> <span class='ocrx_word' id='word_1_650' title='bbox 1174 4921 1342 4991; x_wconf 88' lang='lat' dir='ltr'><strong>igitur</strong></span> <span class='ocrx_word' id='word_1_651' title='bbox 1362 4921 1506 4990; x_wconf 89' lang='lat' dir='ltr'><strong>apud</strong></span> <span class='ocrx_word' id='word_1_652' title='bbox 1526 4920 1795 4976; x_wconf 89' lang='lat' dir='ltr'><strong>Suidam:</strong></span> <span class='ocrx_word' id='word_1_653' title='bbox 1833 4922 1941 4973; x_wconf 84' lang='grc' dir='ltr'>Καὶ</span> <span class='ocrx_word' id='word_1_654' title='bbox 1977 4939 2145 4990; x_wconf 83' lang='grc' dir='ltr'>μετα-</span> 
     </span>
    </p>
   </div>
   <div class='ocr_carea' id='block_1_103' title="bbox 572 4991 2141 5061">
    <p class='ocr_par' dir='ltr' id='par_1_103' title="bbox 572 4991 2141 5061">
     <span class='ocr_line' id='line_1_103' title="bbox 572 4991 2141 5061; baseline 0.001 -16"><span class='ocrx_word' id='word_1_655' title='bbox 572 4993 635 5055; x_wconf 81' lang='grc' dir='ltr'>ξὺ</span> <span class='ocrx_word' id='word_1_656' title='bbox 675 4992 827 5045; x_wconf 75' lang='grc' dir='ltr'>τοῦδε</span> <span class='ocrx_word' id='word_1_657' title='bbox 872 4994 963 5043; x_wconf 84' lang='grc' dir='ltr'><strong>τὸν</strong></span> <span class='ocrx_word' id='word_1_658' title='bbox 1021 4993 1242 5061; x_wconf 80' lang='grc' dir='ltr'>σωτῆρα</span> <span class='ocrx_word' id='word_1_659' title='bbox 1293 4992 1522 5058; x_wconf 79' lang='grc' dir='ltr'>λέγοντα.</span> <span class='ocrx_word' id='word_1_660' title='bbox 1574 4991 1651 5061; x_wconf 88' lang='grc' dir='ltr'>τῷ</span> <span class='ocrx_word' id='word_1_661' title='bbox 1682 4991 1968 5061; x_wconf 72' lang='grc' dir='ltr'>Γενναδξῳ,</span> <span class='ocrx_word' id='word_1_662' title='bbox 2031 5001 2141 5047; x_wconf 89' lang='lat' dir='ltr'><strong>etc.</strong></span> 
     </span>
    </p>
   </div>
   <div class='ocr_carea' id='block_1_104' title="bbox 570 5060 2144 5130">
    <p class='ocr_par' dir='ltr' id='par_1_104' title="bbox 570 5060 2144 5130">
     <span class='ocr_line' id='line_1_104' title="bbox 570 5060 2144 5130; baseline 0 -13"><span class='ocrx_word' id='word_1_663' title='bbox 570 5063 697 5117; x_wconf 90' lang='lat' dir='ltr'><strong>Scio</strong></span> <span class='ocrx_word' id='word_1_664' title='bbox 774 5062 999 5130; x_wconf 88' lang='lat' dir='ltr'><strong>quidem</strong></span> <span class='ocrx_word' id='word_1_665' title='bbox 1077 5060 1372 5115; x_wconf 83' lang='lat' dir='ltr'><strong>Baronium</strong></span> <span class='ocrx_word' id='word_1_666' title='bbox 1448 5061 1515 5115; x_wconf 87' lang='lat' dir='ltr'><strong>ad</strong></span> <span class='ocrx_word' id='word_1_667' title='bbox 1597 5060 1803 5116; x_wconf 84' lang='lat' dir='ltr'><strong>annum</strong></span> <span class='ocrx_word' id='word_1_668' title='bbox 1866 5060 2144 5117; x_wconf 89' lang='lat' dir='ltr'><strong>Christum</strong></span> 
     </span>
    </p>
   </div>
   <div class='ocr_carea' id='block_1_105' title="bbox 569 5131 2146 5203">
    <p class='ocr_par' dir='ltr' id='par_1_105' title="bbox 569 5131 2146 5203">
     <span class='ocr_line' id='line_1_105' title="bbox 569 5131 2146 5203; baseline 0 -15"><span class='ocrx_word' id='word_1_669' title='bbox 569 5134 675 5188; x_wconf 71' lang='lat'><strong>488</strong></span> <span class='ocrx_word' id='word_1_670' title='bbox 728 5132 1074 5188; x_wconf 77' lang='lat' dir='ltr'><strong>existimasse</strong></span> <span class='ocrx_word' id='word_1_671' title='bbox 1143 5147 1238 5187; x_wconf 89' lang='lat' dir='ltr'><strong>eas</strong></span> <span class='ocrx_word' id='word_1_672' title='bbox 1316 5133 1583 5203; x_wconf 82' lang='lat' dir='ltr'><strong>imagines</strong></span> <span class='ocrx_word' id='word_1_673' title='bbox 1661 5131 1864 5187; x_wconf 85' lang='lat' dir='ltr'><strong>Acacio</strong></span> <span class='ocrx_word' id='word_1_674' title='bbox 1938 5134 2146 5201; x_wconf 88' lang='lat' dir='ltr'><strong>positas</strong></span> 
     </span>
    </p>
   </div>
   <div class='ocr_carea' id='block_1_106' title="bbox 570 5203 2143 5270">
    <p class='ocr_par' dir='ltr' id='par_1_106' title="bbox 570 5203 2143 5270">
     <span class='ocr_line' id='line_1_106' title="bbox 570 5203 2143 5270; baseline -0.001 -12"><span class='ocrx_word' id='word_1_675' title='bbox 570 5204 783 5268; x_wconf 85' lang='lat' dir='ltr'><strong>fuisse,</strong></span> <span class='ocrx_word' id='word_1_676' title='bbox 839 5203 968 5257; x_wconf 90' lang='lat' dir='ltr'><strong>dum</strong></span> <span class='ocrx_word' id='word_1_677' title='bbox 1017 5212 1165 5258; x_wconf 90' lang='lat' dir='ltr'><strong>esset</strong></span> <span class='ocrx_word' id='word_1_678' title='bbox 1238 5203 1606 5270; x_wconf 88' lang='lat' dir='ltr'><strong>patriarcha;</strong></span> <span class='ocrx_word' id='word_1_679' title='bbox 1670 5204 1765 5257; x_wconf 87' lang='lat' dir='ltr'><strong>sed</strong></span> <span class='ocrx_word' id='word_1_680' title='bbox 1849 5203 2143 5257; x_wconf 87' lang='lat' dir='ltr'><strong>Baronium</strong></span> 
     </span>
    </p>
   </div>
   <div class='ocr_carea' id='block_1_107' title="bbox 569 5273 2144 5342">
    <p class='ocr_par' dir='ltr' id='par_1_107' title="bbox 569 5273 2144 5342">
     <span class='ocr_line' id='line_1_107' title="bbox 569 5273 2144 5342; baseline 0 -15"><span class='ocrx_word' id='word_1_681' title='bbox 569 5274 830 5329; x_wconf 85' lang='lat' dir='ltr'><strong>refellunt</strong></span> <span class='ocrx_word' id='word_1_682' title='bbox 880 5274 1045 5329; x_wconf 89' lang='lat' dir='ltr'><strong>verba</strong></span> <span class='ocrx_word' id='word_1_683' title='bbox 1094 5273 1288 5327; x_wconf 89' lang='lat' dir='ltr'><strong>Malchi</strong></span> <span class='ocrx_word' id='word_1_684' title='bbox 1346 5274 1489 5341; x_wconf 85' lang='lat' dir='ltr'><strong>apud</strong></span> <span class='ocrx_word' id='word_1_685' title='bbox 1540 5273 1788 5338; x_wconf 88' lang='lat' dir='ltr'><strong>Suidam,</strong></span> <span class='ocrx_word' id='word_1_686' title='bbox 1815 5273 1909 5342; x_wconf 90' lang='lat' dir='ltr'><strong>qui</strong></span> <span class='ocrx_word' id='word_1_687' title='bbox 1968 5275 2144 5328; x_wconf 84' lang='lat' dir='ltr'><strong>eccle-</strong></span> 
     </span>
    </p>
   </div>
   <div class='ocr_carea' id='block_1_108' title="bbox 570 5344 2146 5414">
    <p class='ocr_par' dir='ltr' id='par_1_108' title="bbox 570 5344 2146 5414">
     <span class='ocr_line' id='line_1_108' title="bbox 570 5344 2146 5414; baseline 0 -16"><span class='ocrx_word' id='word_1_688' title='bbox 570 5344 708 5399; x_wconf 88' lang='lat' dir='ltr'><strong>siam</strong></span> <span class='ocrx_word' id='word_1_689' title='bbox 791 5345 941 5398; x_wconf 88' lang='lat' dir='ltr'><strong>illam</strong></span> <span class='ocrx_word' id='word_1_690' title='bbox 1013 5345 1165 5414; x_wconf 81' lang='lat' dir='ltr'><strong>juxta</strong></span> <span class='ocrx_word' id='word_1_691' title='bbox 1248 5344 1458 5414; x_wconf 81' lang='lat' dir='ltr'><strong>navale,</strong></span> <span class='ocrx_word' id='word_1_692' title='bbox 1517 5344 1573 5397; x_wconf 89' lang='lat' dir='ltr'><strong>in</strong></span> <span class='ocrx_word' id='word_1_693' title='bbox 1634 5360 1741 5414; x_wconf 91' lang='lat' dir='ltr'><strong>qua</strong></span> <span class='ocrx_word' id='word_1_694' title='bbox 1784 5344 1961 5414; x_wconf 86' lang='lat' dir='ltr'><strong>imago</strong></span> <span class='ocrx_word' id='word_1_695' title='bbox 2027 5354 2146 5399; x_wconf 90' lang='lat' dir='ltr'><strong>erat</strong></span> 
     </span>
    </p>
   </div>
   <div class='ocr_carea' id='block_1_109' title="bbox 570 5413 2142 5483">
    <p class='ocr_par' dir='ltr' id='par_1_109' title="bbox 570 5413 2142 5483">
     <span class='ocr_line' id='line_1_109' title="bbox 570 5413 2142 5483; baseline -0.001 -14"><span class='ocrx_word' id='word_1_696' title='bbox 570 5414 776 5478; x_wconf 86' lang='lat' dir='ltr'><strong>Acacii,</strong></span> <span class='ocrx_word' id='word_1_697' title='bbox 804 5413 1080 5469; x_wconf 35' lang='lat' dir='ltr'><strong>tcssclla’to</strong></span> <span class='ocrx_word' id='word_1_698' title='bbox 1127 5428 1295 5483; x_wconf 91' lang='lat' dir='ltr'><strong>opere</strong></span> <span class='ocrx_word' id='word_1_699' title='bbox 1342 5413 1786 5478; x_wconf 39' lang='lat' dir='ltr'><strong>fabricata,&#39;sub</strong></span> <span class='ocrx_word' id='word_1_700' title='bbox 1854 5413 2142 5468; x_wconf 89' lang='lat' dir='ltr'><strong>Gennadio</strong></span> 
     </span>
    </p>
   </div>
   <div class='ocr_carea' id='block_1_110' title="bbox 572 5485 2145 5554">
    <p class='ocr_par' dir='ltr' id='par_1_110' title="bbox 572 5485 2145 5554">
     <span class='ocr_line' id='line_1_110' title="bbox 572 5485 2145 5554; baseline 0.002 -16"><span class='ocrx_word' id='word_1_701' title='bbox 572 5485 889 5554; x_wconf 86' lang='lat' dir='ltr'><strong>patriarcha</strong></span> <span class='ocrx_word' id='word_1_702' title='bbox 914 5486 1220 5539; x_wconf 88' lang='lat' dir='ltr'><strong>absolutam</strong></span> <span class='ocrx_word' id='word_1_703' title='bbox 1247 5499 1368 5539; x_wconf 90' lang='lat' dir='ltr'><strong>esse</strong></span> <span class='ocrx_word' id='word_1_704' title='bbox 1409 5492 1642 5539; x_wconf 88' lang='lat' dir='ltr'><strong>testatur</strong></span> <span class='ocrx_word' id='word_1_705' title='bbox 1672 5501 1684 5537; x_wconf 94' lang='lat'><strong>:</strong></span> <span class='ocrx_word' id='word_1_706' title='bbox 1718 5499 1820 5538; x_wconf 90' lang='lat' dir='ltr'><strong>nec</strong></span> <span class='ocrx_word' id='word_1_707' title='bbox 1841 5500 2034 5539; x_wconf 91' lang='lat' dir='ltr'><strong>verum</strong></span> <span class='ocrx_word' id='word_1_708' title='bbox 2059 5495 2145 5541; x_wconf 89' lang='lat' dir='ltr'><strong>est</strong></span> 
     </span>
    </p>
   </div>
   <div class='ocr_carea' id='block_1_111' title="bbox 574 5555 2141 5624">
    <p class='ocr_par' dir='ltr' id='par_1_111' title="bbox 574 5555 2141 5624">
     <span class='ocr_line' id='line_1_111' title="bbox 574 5555 2141 5624; baseline 0.001 -18"><span class='ocrx_word' id='word_1_709' title='bbox 574 5555 718 5623; x_wconf 92' lang='lat' dir='ltr'><strong>quod</strong></span> <span class='ocrx_word' id='word_1_710' title='bbox 763 5555 907 5608; x_wconf 86' lang='lat' dir='ltr'><strong>idem</strong></span> <span class='ocrx_word' id='word_1_711' title='bbox 950 5555 1220 5609; x_wconf 88' lang='lat' dir='ltr'><strong>Baronius</strong></span> <span class='ocrx_word' id='word_1_712' title='bbox 1253 5555 1367 5608; x_wconf 90' lang='lat' dir='ltr'><strong>illic</strong></span> <span class='ocrx_word' id='word_1_713' title='bbox 1389 5555 1666 5618; x_wconf 89' lang='lat' dir='ltr'><strong>observat,</strong></span> <span class='ocrx_word' id='word_1_714' title='bbox 1688 5556 1926 5624; x_wconf 87' lang='lat' dir='ltr'><strong>primum</strong></span> <span class='ocrx_word' id='word_1_715' title='bbox 1946 5572 2012 5610; x_wconf 82' lang='lat' dir='ltr'><strong>ex</strong></span> <span class='ocrx_word' id='word_1_716' title='bbox 2045 5571 2141 5624; x_wconf 86' lang='lat' dir='ltr'><strong>pa-</strong></span> 
     </span>
    </p>
   </div>
   <div class='ocr_carea' id='block_1_112' title="bbox 572 5625 2142 5680">
    <p class='ocr_par' dir='ltr' id='par_1_112' title="bbox 572 5625 2142 5680">
     <span class='ocr_line' id='line_1_112' title="bbox 572 5625 2142 5680; baseline 0.001 -3"><span class='ocrx_word' id='word_1_717' title='bbox 572 5625 830 5679; x_wconf 77' lang='lat' dir='ltr'><strong>triarchis</strong></span> <span class='ocrx_word' id='word_1_718' title='bbox 886 5627 1145 5679; x_wconf 90' lang='lat' dir='ltr'><strong>Acacium</strong></span> <span class='ocrx_word' id='word_1_719' title='bbox 1190 5626 1337 5679; x_wconf 89' lang='lat' dir='ltr'><strong>hunc</strong></span> <span class='ocrx_word' id='word_1_720' title='bbox 1382 5625 1647 5679; x_wconf 88' lang='lat' dir='ltr'><strong>honorem</strong></span> <span class='ocrx_word' id='word_1_721' title='bbox 1675 5626 1982 5680; x_wconf 73' lang='lat' dir='ltr'><strong>affectasse.</strong></span> <span class='ocrx_word' id='word_1_722' title='bbox 2006 5625 2142 5679; x_wconf 85' lang='lat' dir='ltr'><strong>Nam</strong></span> 
     </span>
    </p>
   </div>
   <div class='ocr_carea' id='block_1_113' title="bbox 573 5693 2143 5764">
    <p class='ocr_par' dir='ltr' id='par_1_113' title="bbox 573 5693 2143 5764">
     <span class='ocr_line' id='line_1_113' title="bbox 573 5693 2143 5764; baseline 0.001 -16"><span class='ocrx_word' id='word_1_723' title='bbox 573 5709 643 5748; x_wconf 79' lang='lat' dir='ltr'><strong>ex</strong></span> <span class='ocrx_word' id='word_1_724' title='bbox 686 5693 869 5748; x_wconf 71' lang='lat' dir='ltr'><strong>Suidre</strong></span> <span class='ocrx_word' id='word_1_725' title='bbox 913 5695 1034 5748; x_wconf 90' lang='lat' dir='ltr'><strong>loco</strong></span> <span class='ocrx_word' id='word_1_726' title='bbox 1071 5714 1099 5749; x_wconf 89' lang='lat' dir='ltr'><strong>a</strong></span> <span class='ocrx_word' id='word_1_727' title='bbox 1134 5696 1293 5749; x_wconf 91' lang='lat' dir='ltr'><strong>nobis</strong></span> <span class='ocrx_word' id='word_1_728' title='bbox 1353 5696 1518 5749; x_wconf 89' lang='lat' dir='ltr'><strong>allato</strong></span> <span class='ocrx_word' id='word_1_729' title='bbox 1554 5704 1740 5764; x_wconf 88' lang='lat' dir='ltr'><strong>aperte</strong></span> <span class='ocrx_word' id='word_1_730' title='bbox 1794 5697 2143 5750; x_wconf 90' lang='lat' dir='ltr'><strong>convincitur</strong></span> 
     </span>
    </p>
   </div>
   <div class='ocr_carea' id='block_1_114' title="bbox 575 5764 2138 5835">
    <p class='ocr_par' dir='ltr' id='par_1_114' title="bbox 575 5764 2138 5835">
     <span class='ocr_line' id='line_1_114' title="bbox 575 5764 2138 5835; baseline 0.003 -20"><span class='ocrx_word' id='word_1_731' title='bbox 575 5778 704 5835; x_wconf 79' lang='lat' dir='ltr'><strong>eum</strong></span> <span class='ocrx_word' id='word_1_732' title='bbox 742 5779 949 5835; x_wconf 79' lang='lat' dir='ltr'><strong>morem</strong></span> <span class='ocrx_word' id='word_1_733' title='bbox 993 5764 1260 5819; x_wconf 90' lang='lat' dir='ltr'><strong>Gennadii</strong></span> <span class='ocrx_word' id='word_1_734' title='bbox 1297 5765 1639 5834; x_wconf 90' lang='lat' dir='ltr'><strong>temporibus</strong></span> <span class='ocrx_word' id='word_1_735' title='bbox 1675 5767 1789 5835; x_wconf 87' lang='lat' dir='ltr'><strong>jam</strong></span> <span class='ocrx_word' id='word_1_736' title='bbox 1819 5764 2138 5820; x_wconf 87' lang='lat' dir='ltr'><strong>invaluisse.</strong></span> 
     </span>
    </p>
   </div>
   <div class='ocr_carea' id='block_1_115' title="bbox 578 5832 2142 5906">
    <p class='ocr_par' dir='ltr' id='par_1_115' title="bbox 578 5832 2142 5906">
     <span class='ocr_line' id='line_1_115' title="bbox 578 5832 2142 5906; baseline 0.001 -18"><span class='ocrx_word' id='word_1_737' title='bbox 578 5832 868 5906; x_wconf 80' lang='lat' dir='ltr'><strong>[Praeterea</strong></span> <span class='ocrx_word' id='word_1_738' title='bbox 902 5833 1144 5906; x_wconf 75' lang='lat' dir='ltr'><strong>Flaviani</strong></span> <span class='ocrx_word' id='word_1_739' title='bbox 1166 5843 1231 5906; x_wconf 83' lang='lat' dir='ltr'><strong>et</strong></span> <span class='ocrx_word' id='word_1_740' title='bbox 1262 5832 1501 5906; x_wconf 83' lang='lat' dir='ltr'><strong>Anatolii</strong></span> <span class='ocrx_word' id='word_1_741' title='bbox 1532 5832 1919 5906; x_wconf 77' lang='lat' dir='ltr'><strong>episcoporum</strong></span> <span class='ocrx_word' id='word_1_742' title='bbox 1952 5837 2142 5906; x_wconf 84' lang='lat' dir='ltr'><strong>imagi-</strong></span> 
     </span>
    </p>
   </div>
   <div class='ocr_carea' id='block_1_116' title="bbox 576 5903 2140 5961">
    <p class='ocr_par' dir='ltr' id='par_1_116' title="bbox 576 5903 2140 5961">
     <span class='ocr_line' id='line_1_116' title="bbox 576 5903 2140 5961; baseline 0.001 -3"><span class='ocrx_word' id='word_1_743' title='bbox 576 5903 677 5958; x_wconf 80' lang='lat' dir='ltr'><strong>nes</strong></span> <span class='ocrx_word' id='word_1_744' title='bbox 731 5904 785 5957; x_wconf 91' lang='lat' dir='ltr'><strong>in</strong></span> <span class='ocrx_word' id='word_1_745' title='bbox 817 5903 1049 5958; x_wconf 88' lang='lat' dir='ltr'><strong>ecclesia</strong></span> <span class='ocrx_word' id='word_1_746' title='bbox 1095 5904 1392 5960; x_wconf 88' lang='lat' dir='ltr'><strong>collocatas</strong></span> <span class='ocrx_word' id='word_1_747' title='bbox 1422 5903 1593 5961; x_wconf 78' lang='lat' dir='ltr'><strong>fuisse</strong></span> <span class='ocrx_word' id='word_1_748' title='bbox 1624 5903 1787 5961; x_wconf 81' lang='lat' dir='ltr'><strong>docet</strong></span> <span class='ocrx_word' id='word_1_749' title='bbox 1818 5903 2140 5961; x_wconf 77' lang='lat' dir='ltr'><strong>Theodorus</strong></span> 
     </span>
    </p>
   </div>
   <div class='ocr_carea' id='block_1_117' title="bbox 2246 4713 3825 4785">
    <p class='ocr_par' dir='ltr' id='par_1_117' title="bbox 2246 4713 3825 4785">
     <span class='ocr_line' id='line_1_117' title="bbox 2246 4713 3825 4785; baseline 0.001 -18"><span class='ocrx_word' id='word_1_750' title='bbox 2246 4714 2430 4785; x_wconf 85' lang='lat' dir='ltr'><strong>vertit.</strong></span> <span class='ocrx_word' id='word_1_751' title='bbox 2482 4714 2561 4767; x_wconf 92' lang='lat' dir='ltr'><strong>lta</strong></span> <span class='ocrx_word' id='word_1_752' title='bbox 2610 4713 2759 4785; x_wconf 85' lang='lat' dir='ltr'><strong>enim</strong></span> <span class='ocrx_word' id='word_1_753' title='bbox 2793 4713 2931 4785; x_wconf 29' lang='lat' dir='ltr'><strong>“hoc</strong></span> <span class='ocrx_word' id='word_1_754' title='bbox 2979 4713 3210 4785; x_wconf 83' lang='lat' dir='ltr'><strong>verbum</strong></span> <span class='ocrx_word' id='word_1_755' title='bbox 3277 4713 3508 4785; x_wconf 82' lang='lat' dir='ltr'><strong>usurpat</strong></span> <span class='ocrx_word' id='word_1_756' title='bbox 3559 4713 3825 4769; x_wconf 84' lang='lat' dir='ltr'><strong>Socrates</strong></span> 
     </span>
    </p>
   </div>
   <div class='ocr_carea' id='block_1_118' title="bbox 2248 4782 3822 4851">
    <p class='ocr_par' dir='ltr' id='par_1_118' title="bbox 2248 4782 3822 4851">
     <span class='ocr_line' id='line_1_118' title="bbox 2248 4782 3822 4851; baseline 0.002 -13"><span class='ocrx_word' id='word_1_757' title='bbox 2248 4783 2622 4838; x_wconf 86' lang='lat' dir='ltr'><strong>Scholasticus</strong></span> <span class='ocrx_word' id='word_1_758' title='bbox 2674 4784 2729 4837; x_wconf 91' lang='lat' dir='ltr'><strong>in</strong></span> <span class='ocrx_word' id='word_1_759' title='bbox 2785 4782 3023 4837; x_wconf 76' lang='lat' dir='ltr'><strong>Historia</strong></span> <span class='ocrx_word' id='word_1_760' title='bbox 3065 4782 3441 4851; x_wconf 66' lang='lat' dir='ltr'><strong>ecclesiastica,</strong></span> <span class='ocrx_word' id='word_1_761' title='bbox 3477 4794 3540 4839; x_wconf 91' lang='lat' dir='ltr'><strong>ut</strong></span> <span class='ocrx_word' id='word_1_762' title='bbox 3586 4785 3822 4841; x_wconf 85' lang='lat' dir='ltr'><strong>memini</strong></span> 
     </span>
    </p>
   </div>
   <div class='ocr_carea' id='block_1_119' title="bbox 2247 4853 3819 4926">
    <p class='ocr_par' dir='ltr' id='par_1_119' title="bbox 2247 4853 3819 4926">
     <span class='ocr_line' id='line_1_119' title="bbox 2247 4853 3819 4926; baseline 0.001 -19"><span class='ocrx_word' id='word_1_763' title='bbox 2247 4853 2450 4926; x_wconf 81' lang='lat' dir='ltr'><strong>legere.</strong></span> <span class='ocrx_word' id='word_1_764' title='bbox 2487 4854 2560 4926; x_wconf 81' lang='lat' dir='ltr'><strong>Et</strong></span> <span class='ocrx_word' id='word_1_765' title='bbox 2616 4854 2732 4926; x_wconf 65' lang='lat' dir='ltr'><strong>haec</strong></span> <span class='ocrx_word' id='word_1_766' title='bbox 2788 4853 3021 4926; x_wconf 76' lang='lat' dir='ltr'><strong>quidem</strong></span> <span class='ocrx_word' id='word_1_767' title='bbox 3074 4853 3142 4908; x_wconf 90' lang='lat' dir='ltr'><strong>de</strong></span> <span class='ocrx_word' id='word_1_768' title='bbox 3202 4870 3338 4909; x_wconf 89' lang='lat' dir='ltr'><strong>voce</strong></span> <span class='ocrx_word' id='word_1_769' title='bbox 3378 4856 3819 4926; x_wconf 81' lang='grc' dir='ltr'>διακρινόμενος.</span> 
     </span>
    </p>
   </div>
   <div class='ocr_carea' id='block_1_120' title="bbox 2245 4923 3825 4995">
    <p class='ocr_par' dir='ltr' id='par_1_120' title="bbox 2245 4923 3825 4995">
     <span class='ocr_line' id='line_1_120' title="bbox 2245 4923 3825 4995; baseline 0.001 -17"><span class='ocrx_word' id='word_1_770' title='bbox 2245 4923 2515 4995; x_wconf 64' lang='lat' dir='ltr'><strong>Caeterum</strong></span> <span class='ocrx_word' id='word_1_771' title='bbox 2549 4924 2640 4979; x_wconf 93' lang='lat' dir='ltr'><strong>hic</strong></span> <span class='ocrx_word' id='word_1_772' title='bbox 2661 4923 2900 4995; x_wconf 86' lang='lat' dir='ltr'><strong>Joannes</strong></span> <span class='ocrx_word' id='word_1_773' title='bbox 2932 4924 3155 4978; x_wconf 89' lang='lat' dir='ltr'><strong>videtur</strong></span> <span class='ocrx_word' id='word_1_774' title='bbox 3194 4940 3337 4990; x_wconf 87' lang='lat' dir='ltr'><strong>esse,</strong></span> <span class='ocrx_word' id='word_1_775' title='bbox 3369 4926 3462 4995; x_wconf 90' lang='lat' dir='ltr'><strong>qui</strong></span> <span class='ocrx_word' id='word_1_776' title='bbox 3483 4923 3825 4981; x_wconf 85' lang='lat' dir='ltr'><strong>ecclesiasti-</strong></span> 
     </span>
    </p>
   </div>
   <div class='ocr_carea' id='block_1_121' title="bbox 2246 4994 3822 5064">
    <p class='ocr_par' dir='ltr' id='par_1_121' title="bbox 2246 4994 3822 5064">
     <span class='ocr_line' id='line_1_121' title="bbox 2246 4994 3822 5064; baseline 0.001 -16"><span class='ocrx_word' id='word_1_777' title='bbox 2246 5010 2368 5048; x_wconf 91' lang='lat' dir='ltr'><strong>cam</strong></span> <span class='ocrx_word' id='word_1_778' title='bbox 2422 4994 2722 5049; x_wconf 88' lang='lat' dir='ltr'><strong>Historiam</strong></span> <span class='ocrx_word' id='word_1_779' title='bbox 2769 4994 3066 5064; x_wconf 89' lang='lat' dir='ltr'><strong>scripserat</strong></span> <span class='ocrx_word' id='word_1_780' title='bbox 3107 4995 3269 5049; x_wconf 89' lang='lat' dir='ltr'><strong>libris</strong></span> <span class='ocrx_word' id='word_1_781' title='bbox 3310 4994 3504 5050; x_wconf 86' lang='lat' dir='ltr'><strong>decem</strong></span> <span class='ocrx_word' id='word_1_782' title='bbox 3537 5010 3822 5064; x_wconf 87' lang='lat' dir='ltr'><strong>:quorum</strong></span> 
     </span>
    </p>
   </div>
   <div class='ocr_carea' id='block_1_122' title="bbox 2247 5064 3828 5188">
    <p class='ocr_par' dir='ltr' id='par_1_122' title="bbox 2247 5064 3828 5188">
     <span class='ocr_line' id='line_1_122' title="bbox 2247 5064 3828 5188; baseline 0.001 -71"><span class='ocrx_word' id='word_1_783' title='bbox 2247 5064 2490 5188; x_wconf 62' lang='lat' dir='ltr'><strong>guinque</strong></span> <span class='ocrx_word' id='word_1_784' title='bbox 2512 5065 2780 5146; x_wconf 76' lang='lat' dir='ltr'><strong>duntaxat</strong></span> <span class='ocrx_word' id='word_1_785' title='bbox 2812 5065 3024 5134; x_wconf 80' lang='lat' dir='ltr'><strong>priores</strong></span> <span class='ocrx_word' id='word_1_786' title='bbox 3050 5080 3078 5146; x_wconf 77' lang='lat' dir='ltr'><strong>a</strong></span> <span class='ocrx_word' id='word_1_787' title='bbox 3110 5080 3171 5119; x_wconf 90' lang='lat' dir='ltr'><strong>se</strong></span> <span class='ocrx_word' id='word_1_788' title='bbox 3192 5066 3366 5147; x_wconf 77' lang='lat' dir='ltr'><strong>lectos</strong></span> <span class='ocrx_word' id='word_1_789' title='bbox 3392 5067 3561 5148; x_wconf 75' lang='lat' dir='ltr'><strong>fuisse</strong></span> <span class='ocrx_word' id='word_1_790' title='bbox 3585 5074 3828 5145; x_wconf 77' lang='lat' dir='ltr'><strong>testatur</strong></span> 
     </span>
     <span class='ocr_line' id='line_1_123' title="bbox 2293 5134 3828 5188; baseline 0 0"><span class='ocrx_word' id='word_1_791' title='bbox 2293 5134 2478 5188; x_wconf 83' lang='lat' dir='ltr'><strong>hotius</strong></span> <span class='ocrx_word' id='word_1_792' title='bbox 2511 5152 2566 5188; x_wconf 90' lang='grc'><strong>111</strong></span> <span class='ocrx_word' id='word_1_793' title='bbox 2594 5134 2937 5188; x_wconf 74' lang='lat' dir='ltr'><strong>Bibliotheca.</strong></span> <span class='ocrx_word' id='word_1_794' title='bbox 2965 5134 3178 5188; x_wconf 86' lang='lat' dir='ltr'><strong>Otnbus</strong></span> <span class='ocrx_word' id='word_1_795' title='bbox 3202 5152 3258 5188; x_wconf 93' lang='grc'><strong>111</strong></span> <span class='ocrx_word' id='word_1_796' title='bbox 3280 5137 3441 5188; x_wconf 84' lang='lat' dir='ltr'><strong>libris</strong></span> <span class='ocrx_word' id='word_1_797' title='bbox 3459 5137 3706 5188; x_wconf 88' lang='lat' dir='ltr'><strong>Joannes</strong></span> <span class='ocrx_word' id='word_1_798' title='bbox 3727 5136 3828 5188; x_wconf 81' lang='lat' dir='ltr'><strong>Ille</strong></span> 
     </span>
    </p>
   </div>
   <div class='ocr_carea' id='block_1_123' title="bbox 2293 5134 3829 5200">
    <p class='ocr_par' dir='ltr' id='par_1_123' title="bbox 2293 5134 3829 5200">
     <span class='ocr_line' id='line_1_124' title="bbox 2293 5134 3829 5200; baseline 0.002 -13"><span class='ocrx_word' id='word_1_799' title='bbox 2293 5134 2478 5189; x_wconf 90' lang='lat' dir='ltr'><strong>hotius</strong></span> <span class='ocrx_word' id='word_1_800' title='bbox 2511 5135 2566 5189; x_wconf 92' lang='lat' dir='ltr'><strong>in</strong></span> <span class='ocrx_word' id='word_1_801' title='bbox 2594 5134 2937 5189; x_wconf 82' lang='lat' dir='ltr'><strong>Bibliotheca.</strong></span> <span class='ocrx_word' id='word_1_802' title='bbox 2965 5134 3178 5200; x_wconf 83' lang='lat' dir='ltr'><strong>Quibus</strong></span> <span class='ocrx_word' id='word_1_803' title='bbox 3202 5136 3441 5191; x_wconf 90' lang='lat' dir='ltr'><strong>inlibris</strong></span> <span class='ocrx_word' id='word_1_804' title='bbox 3459 5137 3706 5191; x_wconf 87' lang='lat' dir='ltr'><strong>Joannes</strong></span> <span class='ocrx_word' id='word_1_805' title='bbox 3727 5136 3829 5190; x_wconf 85' lang='lat' dir='ltr'><strong>ille</strong></span> 
     </span>
    </p>
   </div>
   <div class='ocr_carea' id='block_1_124' title="bbox 2246 5204 3832 5275">
    <p class='ocr_par' dir='ltr' id='par_1_124' title="bbox 2246 5204 3832 5275">
     <span class='ocr_line' id='line_1_125' title="bbox 2246 5204 3832 5275; baseline 0 -16"><span class='ocrx_word' id='word_1_806' title='bbox 2246 5204 2753 5260; x_wconf 85' lang='lat' dir='ltr'><strong>Chalcedonensem</strong></span> <span class='ocrx_word' id='word_1_807' title='bbox 2802 5204 3069 5275; x_wconf 77' lang='lat' dir='ltr'><strong>synodum</strong></span> <span class='ocrx_word' id='word_1_808' title='bbox 3130 5206 3352 5275; x_wconf 89' lang='lat' dir='ltr'><strong>probris</strong></span> <span class='ocrx_word' id='word_1_809' title='bbox 3404 5205 3701 5268; x_wconf 89' lang='lat' dir='ltr'><strong>onerabat,</strong></span> <span class='ocrx_word' id='word_1_810' title='bbox 3759 5214 3832 5259; x_wconf 83' lang='lat' dir='ltr'><strong>ut.</strong></span> 
     </span>
    </p>
   </div>
   <div class='ocr_carea' id='block_1_125' title="bbox 2248 5275 3831 5347">
    <p class='ocr_par' dir='ltr' id='par_1_125' title="bbox 2248 5275 3831 5347">
     <span class='ocr_line' id='line_1_126' title="bbox 2248 5275 3831 5347; baseline 0.001 -19"><span class='ocrx_word' id='word_1_811' title='bbox 2248 5275 2454 5329; x_wconf 90' lang='lat' dir='ltr'><strong>ibidem</strong></span> <span class='ocrx_word' id='word_1_812' title='bbox 2514 5276 2711 5330; x_wconf 88' lang='lat' dir='ltr'><strong>scribit</strong></span> <span class='ocrx_word' id='word_1_813' title='bbox 2746 5275 3008 5347; x_wconf 85' lang='lat' dir='ltr'><strong>Photius.</strong></span> <span class='ocrx_word' id='word_1_814' title='bbox 3031 5275 3227 5331; x_wconf 84' lang='lat' dir='ltr'><strong>Merito</strong></span> <span class='ocrx_word' id='word_1_815' title='bbox 3256 5277 3424 5347; x_wconf 89' lang='lat' dir='ltr'><strong>igitur</strong></span> <span class='ocrx_word' id='word_1_816' title='bbox 3462 5294 3493 5331; x_wconf 92' lang='lat' dir='ltr'><strong>a</strong></span> <span class='ocrx_word' id='word_1_817' title='bbox 3527 5275 3831 5331; x_wconf 88' lang='lat' dir='ltr'><strong>Theodoro</strong></span> 
     </span>
    </p>
   </div>
   <div class='ocr_carea' id='block_1_126' title="bbox 2246 5346 3830 5417">
    <p class='ocr_par' dir='ltr' id='par_1_126' title="bbox 2246 5346 3830 5417">
     <span class='ocr_line' id='line_1_127' title="bbox 2246 5346 3830 5417; baseline -0.001 -18"><span class='ocrx_word' id='word_1_818' title='bbox 2246 5354 2437 5400; x_wconf 85' lang='lat' dir='ltr'><strong>nostro</strong></span> <span class='ocrx_word' id='word_1_819' title='bbox 2462 5355 2692 5401; x_wconf 87' lang='lat' dir='ltr'><strong>vocatur</strong></span> <span class='ocrx_word' id='word_1_820' title='bbox 2734 5346 3403 5417; x_wconf 65' lang='lat' dir='ltr'><strong>8:a_xptv6usvo;.Citatur</strong></span> <span class='ocrx_word' id='word_1_821' title='bbox 3434 5347 3527 5402; x_wconf 91' lang='lat' dir='ltr'><strong>hic</strong></span> <span class='ocrx_word' id='word_1_822' title='bbox 3552 5346 3830 5417; x_wconf 74' lang='grc' dir='ltr'>διακρινό-</span> 
     </span>
    </p>
   </div>
   <div class='ocr_carea' id='block_1_127' title="bbox 2293 5415 3833 5488">
    <p class='ocr_par' dir='ltr' id='par_1_127' title="bbox 2293 5415 3833 5488">
     <span class='ocr_line' id='line_1_128' title="bbox 2293 5415 3833 5488; baseline 0.001 -20"><span class='ocrx_word' id='word_1_823' title='bbox 2293 5433 2409 5479; x_wconf 89' lang='grc' dir='ltr'>ενος</span> <span class='ocrx_word' id='word_1_824' title='bbox 2442 5432 2554 5471; x_wconf 83' lang='grc'><strong>11011</strong></span> <span class='ocrx_word' id='word_1_825' title='bbox 2590 5417 2761 5488; x_wconf 86' lang='lat' dir='ltr'><strong>semel</strong></span> <span class='ocrx_word' id='word_1_826' title='bbox 2783 5415 2877 5469; x_wconf 29' lang='lat' dir='ltr'><strong>ab‘</strong></span> <span class='ocrx_word' id='word_1_827' title='bbox 2899 5432 3195 5488; x_wconf 87' lang='lat' dir='ltr'><strong>anonymo,</strong></span> <span class='ocrx_word' id='word_1_828' title='bbox 3230 5418 3325 5487; x_wconf 82' lang='lat' dir='ltr'><strong>qui</strong></span> <span class='ocrx_word' id='word_1_829' title='bbox 3377 5416 3564 5472; x_wconf 69' lang='lat' dir='ltr'><strong>Graece</strong></span> <span class='ocrx_word' id='word_1_830' title='bbox 3600 5415 3833 5488; x_wconf 83' lang='lat' dir='ltr'><strong>scripsit.</strong></span> 
     </span>
    </p>
   </div>
   <div class='ocr_carea' id='block_1_128' title="bbox 2298 5486 3830 5558">
    <p class='ocr_par' dir='ltr' id='par_1_128' title="bbox 2298 5486 3830 5558">
     <span class='ocr_line' id='line_1_129' title="bbox 2298 5486 3830 5558; baseline 0 -20"><span class='ocrx_word' id='word_1_831' title='bbox 2298 5487 2643 5558; x_wconf 13' lang='lat' dir='ltr'><strong>eioriginibus</strong></span> <span class='ocrx_word' id='word_1_832' title='bbox 2682 5486 3088 5558; x_wconf 70' lang='lat' dir='ltr'><strong>Constantinop.</strong></span> <span class='ocrx_word' id='word_1_833' title='bbox 3111 5488 3181 5542; x_wconf 88' lang='lat' dir='ltr'><strong>Et</strong></span> <span class='ocrx_word' id='word_1_834' title='bbox 3220 5486 3277 5542; x_wconf 87' lang='lat' dir='ltr'><strong>in</strong></span> <span class='ocrx_word' id='word_1_835' title='bbox 3318 5487 3830 5558; x_wconf 80' lang='lat' dir='ltr'><strong>septimasynodo,</strong></span> 
     </span>
    </p>
   </div>
   <div class='ocr_carea' id='block_1_129' title="bbox 2246 5556 3831 5621">
    <p class='ocr_par' dir='ltr' id='par_1_129' title="bbox 2246 5556 3831 5621">
     <span class='ocr_line' id='line_1_130' title="bbox 2246 5556 3831 5621; baseline 0 -12"><span class='ocrx_word' id='word_1_836' title='bbox 2246 5557 2464 5610; x_wconf 88' lang='lat' dir='ltr'><strong>actione</strong></span> <span class='ocrx_word' id='word_1_837' title='bbox 2493 5558 2544 5621; x_wconf 84' lang='lat'><strong>5,</strong></span> <span class='ocrx_word' id='word_1_838' title='bbox 2571 5559 2779 5612; x_wconf 83' lang='lat' dir='ltr'><strong>citatur</strong></span> <span class='ocrx_word' id='word_1_839' title='bbox 2835 5558 2993 5611; x_wconf 85' lang='lat' dir='ltr'><strong>locus</strong></span> <span class='ocrx_word' id='word_1_840' title='bbox 3036 5556 3113 5611; x_wconf 77' lang='lat' dir='ltr'><strong>ex</strong></span> <span class='ocrx_word' id='word_1_841' title='bbox 3171 5556 3409 5612; x_wconf 69' lang='lat' dir='ltr'><strong>Historia</strong></span> <span class='ocrx_word' id='word_1_842' title='bbox 3467 5556 3831 5611; x_wconf 69' lang='lat' dir='ltr'><strong>ecclesiastica</strong></span> 
     </span>
    </p>
   </div>
   <div class='ocr_carea' id='block_1_130' title="bbox 2243 5626 3282 5692">
    <p class='ocr_par' dir='ltr' id='par_1_130' title="bbox 2243 5626 3282 5692">
     <span class='ocr_line' id='line_1_131' title="bbox 2243 5626 3282 5692; baseline 0.004 -13"><span class='ocrx_word' id='word_1_843' title='bbox 2243 5626 2472 5681; x_wconf 89' lang='lat' dir='ltr'><strong>Joannis</strong></span> <span class='ocrx_word' id='word_1_844' title='bbox 2494 5628 2928 5692; x_wconf 88' lang='lat' dir='ltr'><strong>Diacrinomeni,</strong></span> <span class='ocrx_word' id='word_1_845' title='bbox 2951 5628 3019 5683; x_wconf 89' lang='lat' dir='ltr'><strong>de</strong></span> <span class='ocrx_word' id='word_1_846' title='bbox 3050 5628 3282 5683; x_wconf 78' lang='lat' dir='ltr'><strong>Xenaia.</strong></span> 
     </span>
    </p>
   </div>
   <div class='ocr_carea' id='block_1_131' title="bbox 2319 5696 3830 5767">
    <p class='ocr_par' dir='ltr' id='par_1_131' title="bbox 2319 5696 3830 5767">
     <span class='ocr_line' id='line_1_132' title="bbox 2319 5696 3830 5767; baseline 0.001 -16"><span class='ocrx_word' id='word_1_847' title='bbox 2319 5697 2430 5766; x_wconf 89' lang='lat'><strong>(80)</strong></span> <span class='ocrx_word' id='word_1_848' title='bbox 2483 5699 2648 5751; x_wconf 85' lang='grc' dir='ltr'>Κατὰ</span> <span class='ocrx_word' id='word_1_849' title='bbox 2702 5696 2973 5764; x_wconf 78' lang='grc' dir='ltr'>Σεϐήρου</span> <span class='ocrx_word' id='word_1_850' title='bbox 3026 5699 3271 5767; x_wconf 77' lang='grc' dir='ltr'>ἱστορεῖ.</span> <span class='ocrx_word' id='word_1_851' title='bbox 3317 5697 3685 5753; x_wconf 89' lang='lat' dir='ltr'><strong>Scribendum</strong></span> <span class='ocrx_word' id='word_1_852' title='bbox 3720 5707 3830 5767; x_wconf 72' lang='lat' dir='ltr'><strong>est</strong></span> 
     </span>
    </p>
   </div>
   <div class='ocr_carea' id='block_1_132' title="bbox 2244 5766 3831 5839">
    <p class='ocr_par' dir='ltr' id='par_1_132' title="bbox 2244 5766 3831 5839">
     <span class='ocr_line' id='line_1_133' title="bbox 2244 5766 3831 5839; baseline 0.001 -19"><span class='ocrx_word' id='word_1_853' title='bbox 2244 5769 2437 5839; x_wconf 86' lang='lat' dir='ltr'><strong>procul</strong></span> <span class='ocrx_word' id='word_1_854' title='bbox 2469 5768 2661 5831; x_wconf 91' lang='lat' dir='ltr'><strong>dubio,</strong></span> <span class='ocrx_word' id='word_1_855' title='bbox 2692 5768 2823 5836; x_wconf 73' lang='grc' dir='ltr'>περὶ</span> <span class='ocrx_word' id='word_1_856' title='bbox 2845 5769 3109 5838; x_wconf 78' lang='grc' dir='ltr'>Σεὸἡρου,</span> <span class='ocrx_word' id='word_1_857' title='bbox 3135 5766 3603 5839; x_wconf 88' lang='lat' dir='ltr'><strong>quemadmodum</strong></span> <span class='ocrx_word' id='word_1_858' title='bbox 3625 5766 3831 5837; x_wconf 81' lang='lat' dir='ltr'><strong>legisse</strong></span> 
     </span>
    </p>
   </div>
   <div class='ocr_carea' id='block_1_133' title="bbox 2244 5838 3832 5962">
    <p class='ocr_par' dir='ltr' id='par_1_133' title="bbox 2244 5838 3832 5962">
     <span class='ocr_line' id='line_1_134' title="bbox 2244 5838 3832 5962; baseline 0.001 -71"><span class='ocrx_word' id='word_1_859' title='bbox 2244 5838 2464 5962; x_wconf 55' lang='lat' dir='ltr'><strong>yidgtur</strong></span> <span class='ocrx_word' id='word_1_860' title='bbox 2495 5840 2796 5905; x_wconf 87' lang='lat' dir='ltr'><strong>Musculus,</strong></span> <span class='ocrx_word' id='word_1_861' title='bbox 2833 5840 2992 5910; x_wconf 86' lang='lat' dir='ltr'><strong>cujus</strong></span> <span class='ocrx_word' id='word_1_862' title='bbox 3017 5838 3327 5896; x_wconf 88' lang='lat' dir='ltr'><strong>versionem</strong></span> <span class='ocrx_word' id='word_1_863' title='bbox 3358 5840 3451 5896; x_wconf 90' lang='lat' dir='ltr'><strong>hic</strong></span> <span class='ocrx_word' id='word_1_864' title='bbox 3493 5852 3832 5912; x_wconf 79' lang='lat' dir='ltr'><strong>magnopere</strong></span> 
     </span>
     <span class='ocr_line' id='line_1_135' title="bbox 2267 5924 2427 5962; baseline -0.006 0"><span class='ocrx_word' id='word_1_865' title='bbox 2267 5924 2333 5962; x_wconf 87' lang='lat' dir='ltr'><strong>au</strong></span> <span class='ocrx_word' id='word_1_866' title='bbox 2376 5924 2427 5962; x_wconf 88' lang='grc' dir='ltr'><strong>ο.</strong></span> 
     </span>
    </p>
   </div>
   <div class='ocr_carea' id='block_1_134' title="bbox 2267 5924 2427 5963">
    <p class='ocr_par' dir='ltr' id='par_1_134' title="bbox 2267 5924 2427 5963">
     <span class='ocr_line' id='line_1_136' title="bbox 2267 5924 2427 5963; baseline -0.013 0"><span class='ocrx_word' id='word_1_867' title='bbox 2267 5924 2427 5963; x_wconf 67' lang='grc'><strong>³1100.</strong></span> 
     </span>
    </p>
   </div>
  </div>
