4108 6458
534 387 672 455 1067

1811 390 2246 453 JUSTINIANI
2289 388 2442 452 IMP.

3619 393 3756 457 1008

515 531 601 563 τον
624 519 696 581 τῷ
726 510 907 579 ὁρατῷ.
932 510 1013 561 καί
1041 511 1097 562 τό
1123 506 1341 579 ἄχρονον
1366 516 1436 577 τῷ
1464 510 1563 561 ύπό
1594 508 1797 582 χρόνον,
1831 510 1916 561 οὐκ
1936 505 2079 567 ἄλλος

2182 510 2320 578 quod
2352 519 2431 564 est
2460 520 2599 565 intus
2632 512 2880 577 hominis,
2925 520 2977 565 et
3005 511 3145 581 quod
3184 518 3265 567 est
3292 509 3657 565 extrinsecus:
3691 520 3745 565 et

523 602 568 651 Si
596 604 677 654 καί
702 597 862 660 ἄλλος,
888 604 954 667 μὴ
975 601 1175 667 γένοιτο.
1208 616 1225 648 ε

2186 608 2243 650 ut
2286 600 2661 668 compendiose
2689 598 2942 664 dicamus,
2980 599 3121 653 aliud
3149 600 3363 669 quidem
3393 606 3449 652 et
3491 599 3631 652 aliud
3682 614 3745 652 ea

2180 703 2246 739 ex
2275 687 2462 755 quibus
2482 688 2723 744 Salvator
2744 696 2842 754 est,
2868 703 2986 743 eum
3014 703 3118 743 non
3151 689 3290 743 idem
3317 690 3387 742 sit
3414 688 3677 745 invisibile
3695 699 3750 742 et

519 778 738 840 visibile,
767 791 817 832 et
850 780 952 831 hoc
980 794 1085 844 quo
1106 778 1118 827 l
1142 779 1255 831 sine
1287 788 1522 847 tempore
1551 787 1652 841 est.
1695 787 1748 833 et
1799 781 1901 833 hoc
1928 778 2071 848 quod
2113 779 2212 831 sub
2242 786 2477 846 tempore
2504 796 2514 829 :
2551 792 2653 833 non
2682 788 2858 833 autem
2887 780 3019 834 alius
3047 788 3099 834 et
3121 780 3255 833 alius
3282 798 3294 832 :
3325 781 3482 834 absit.
3515 800 3532 833 ι

591 866 715 921 Ἰδοὺ
760 866 839 921 διὰ
873 870 1063 921 τούτων
1092 874 1259 939 σαφῶς
1290 866 1517 921 διδάσκει
1561 869 1585 920 ὁ
1634 873 1681 921 ἐν
1712 869 1871 938 ἁγίοις
1896 869 2083 942 Γρη’,ό·

516 979 643 1030 pauc,
669 958 749 1012 ὅτι
771 961 851 1011 ἐπὶ
873 965 961 1011 τοῦ
984 962 1109 1012 κατὰ
1133 962 1341 1032 Χριστόν
1363 964 1646 1032 μυστηρίου
1665 959 1689 1011 ό
1711 963 1798 1028 μὲν
1822 961 1904 1012 ἐπί
1925 979 2083 1032 προσ·

517 1054 665 1100 ὡπων
694 1049 775 1102 τὸν
806 1048 1008 1120 ἀριθμὸν
1044 1049 1233 1118 λέγων,
1262 1049 1328 1106 ὡς
1358 1048 1547 1105 ἀσεϐής
1572 1050 1947 1119 κατακρίνεται⁶
1980 1048 2003 1101 ό
2031 1045 2082 1101 δέ

516 1142 599 1191 ἰπὶ
644 1146 743 1193 τῶν
780 1142 975 1209 φύσεων
1008 1139 1055 1201 ἒξ
1083 1133 1203 1191 ὧνό
1244 1134 1312 1197 εἷς
1359 1137 1592 1194 συνετέθη
1640 1139 1870 1209 Χριστός,
1910 1143 2085 1191 τοῦτον

518 1228 915 1300 παραὶαμέὰνων
945 1228 1102 1300 ὀρθῶς
1124 1227 1351 1298 ὁμολογεῖ
1372 1242 1384 1257 ⁸
1410 1229 1475 1286 ὡς
1497 1229 1701 1295 τὴνομὲν
1729 1225 1958 1300 διαφοράν
1984 1234 2083 1281 τῶν

517 1320 858 1371 συνελθουσῶν
894 1323 1083 1390 φύσεων
1114 1317 1196 1371 διὰ
1234 1321 1417 1372 τούτου
1448 1321 1721 1386 σημαίνων.
1751 1318 1989 1392 διαίρεσιν
2033 1316 2084 1371 δὲ

516 1416 605 1465 τὴν
649 1410 741 1461 άνά
782 1410 931 1483 μέρος
969 1408 1078 1461 κατ’
1106 1407 1277 1462 οὐδένα
1313 1409 1497 1481 τρόπον
1535 1412 1854 1477 ποιούμενος.
1890 1405 2086 1482 Ὠσπερ

518 1499 619 1565 γὰρ
661 1497 808 1571 ἔτὲρα
848 1495 995 1566 φύσις
1024 1504 1114 1554 τῆς
1143 1496 1349 1566 ψυχῆς,
1397 1500 1479 1550 καί
1517 1496 1662 1568 ἑτέρα
1696 1499 1968 1565 σώματος,
2005 1501 2088 1550 καί

522 1590 659 1659 ὅμως
688 1587 758 1648 εἷς
799 1591 927 1643 κατὰ
970 1591 1201 1643 σύνῖεσιν
1239 1587 1499 1664 ἄνθρωπος
1543 1591 1879 1652 ἀποτελεῖται,
1912 1596 1993 1645 καί
2028 1595 2087 1645 ού

519 1677 610 1730 δύο
628 1692 639 1706 ⁶
671 1679 809 1731 οὕτω
845 1683 926 1732 καί
953 1681 1004 1731 ἰν
1039 1686 1238 1750 Χριστῷ
1268 1683 1311 1732 εἰ
1339 1683 1420 1732 καὶ
1446 1678 1536 1733 δύο
1563 1681 1740 1751 φύσεις
1766 1683 2087 1754 Οεωροῦνται,

519 1768 659 1838 ἕτέρκ
698 1772 787 1838 μέν
833 1777 921 1827 τῆς
972 1768 1225 1829 θεότητος,
1280 1770 1422 1843 ετέρα
1458 1765 1512 1823 δῦ
1557 1778 1646 1829 τῆς
1683 1771 2082 1842 ἀνθρωπότητος,

2253 864 2386 919 Ecce
2416 882 2509 933 per
2534 866 2645 920 hzec
2673 867 2946 921 evidenter
2973 868 3130 921 docet
3172 878 3387 922 sanctus
3437 868 3747 937 Gregorius.

2183 954 2323 1021 quod
2354 956 2405 1008 in
2433 957 2682 1024 mysterio
2708 955 2901 1009 Christi
2934 957 3256 1029 illequidem
3286 958 3376 1024 qui
3418 958 3468 1011 in
3509 960 3753 1026 personis

2187 1056 2462 1096 numerum
2492 1044 2636 1109 dicit,
2666 1054 2723 1097 ut
2761 1044 2953 1114 impius
2982 1046 3368 1099 condemnatur
3394 1064 3405 1097 :
3452 1047 3542 1100 ille
3571 1058 3751 1100 autem

2184 1132 2273 1200 qui
2304 1132 2355 1184 in
2404 1134 2625 1196 naturis,
2656 1147 2723 1186 ex
2750 1134 2941 1199 quibus
2975 1149 3109 1187 unus
3155 1133 3395 1188 Christus
3424 1136 3754 1203 compositus

2188 1229 2289 1284 est,
2315 1234 2592 1274 numerum
2635 1222 2844 1290 accipit,
2896 1232 3042 1276 recte
3071 1221 3377 1287 conﬁtetur,
3409 1232 3465 1276 ut
3503 1232 3630 1292 pote
3654 1225 3756 1277 dif-

2192 1307 2464 1360 ferentiam
2494 1310 2707 1378 quidem
2740 1319 3043 1363 naturarum
3074 1324 3189 1379 Qua:
3236 1321 3620 1375 convenerunt,
3659 1329 3757 1383 per

2192 1394 2295 1448 hoc
2315 1395 2615 1463 signiﬁcans
2649 1414 2661 1448 :
2702 1397 3016 1451 divisionem
3052 1407 3253 1464 autem,
3282 1414 3402 1467 qua:
3430 1416 3524 1469 per
3548 1410 3752 1470 partem

2194 1491 2295 1545 est,
2348 1486 2493 1538 nullo
2541 1485 2700 1539 modo
2737 1484 2954 1539 faciens.
2985 1485 3132 1540 Sicut
3161 1488 3300 1540 enim
3348 1489 3515 1542 altera
3564 1498 3753 1544 natura

2188 1583 2269 1627 est
2297 1576 2501 1635 animae,
2534 1584 2587 1629 et
2616 1576 2785 1630 altera
2811 1576 3071 1644 corporis,
3102 1585 3156 1630 et
3186 1585 3362 1631 tamen
3395 1595 3530 1632 unus
3564 1594 3756 1634 secun-

2188 1664 2312 1716 dum
2336 1665 2778 1732 compositionem
2808 1665 2970 1719 homo
3008 1665 3257 1730 efﬁcitur,
3284 1677 3339 1720 et
3373 1683 3477 1721 non
3507 1668 3611 1722 duo
3656 1670 3754 1723 ho—

2188 1753 2394 1818 mines;
2454 1755 2529 1809 sic
2583 1762 2636 1807 et
2687 1755 2739 1808 in
2789 1754 3003 1810 Christo
3056 1757 3181 1811 licet
3230 1758 3348 1811 duae
3396 1760 3759 1827 intelligantur

518 1857 621 1909 ἀλλ’
656 1858 713 1910 ού
754 1855 835 1911 διά
877 1864 1029 1913 τοῦτο
1072 1858 1162 1911 δύο
1206 1859 1494 1931 Χριστοί,ἣ
1535 1858 1626 1913 δύο
1652 1861 1750 1913 υίοί
1778 1855 2080 1931 εἰσάάονται.

2191 1861 2409 1917 naturae,
2438 1853 2604 1907 altera
2633 1854 2846 1923 quidem
2873 1855 3102 1919 deitatis,
3136 1856 3301 1911 altera
3332 1874 3460 1912 vero
3508 1859 3756 1927 humani-

515 1949 667 2006 Ὠστε
700 1953 784 2005 τόν
812 1952 1018 2021 ἀριθμόν
1047 1959 1143 2005 τῶν
1170 1953 1219 2004 ἓν
1239 1959 1439 2025 Χριστῷ
1466 1953 1660 2023 φύσεων
1688 1954 1813 2006 κατά
1838 1954 1923 2006 τόν
1947 1954 2083 2027 εἰρη-

518 2047 656 2114 μὶνον
682 2044 863 2117 τρόπον
892 2045 1283 2119 παραιτούμενοι
1318 2043 1492 2112 λέγειν,
1526 2042 1660 2100 δῆλοί
1682 2044 1778 2097 εἱσι
1806 2047 1896 2099 τήν
1919 2041 2088 2115 διαφο-

516 2139 610 2207 ρὰν
655 2136 845 2188 τούτων
886 2134 1193 2208 ἀρνούμενοι,
1222 2135 1301 2185 καί
1341 2134 1603 2203 σύγχυσιν
1645 2133 1998 2202 ἐπεισάγοντες

518 2226 784 2294 οἰκονομίᾳ.
816 2226 867 2274 Εἰ
895 2221 947 2275 δὲ
976 2228 1066 2280 τήν
1088 2220 1323 2294 διαφοράν
1364 2220 1708 2292 ὁμολογοῦσιν,
1734 2223 1923 2293 ἀνάγκη
1961 2222 2088 2274 πάν-

516 2333 615 2371 τως
646 2314 727 2365 ἐπὶ
757 2316 914 2385 ταύτῃ
949 2314 1029 2364 καὶ
1068 2312 1150 2365 τόν
1192 2311 1397 2387 ἀριθμόν
1441 2318 1541 2364 τῶν
1570 2311 1887 2379 άσυγχύτως
1915 2310 2089 2363 συνελ-

516 2404 709 2455 Θουσῶν
733 2404 927 2473 φύσεων
954 2405 1022 2460 ε“ς
1050 2404 1170 2470 μίαν
1200 2401 1488 2455 ὑπόστασιν
1512 2401 1668 2471 λέγειν
1696 2403 1899 2459 αύτούς.
1922 2397 2085 2454 Ὀπου

516 2492 616 2564 γὰρ
642 2489 851 2561 διαφορά
875 2490 1195 2561 φυλάττεται,
1218 2490 1380 2560 ταύτῃ
1403 2493 1604 2548 πάντως
1629 2492 1714 2543 καί
1740 2490 1943 2562 ἀριθμός
1970 2489 2088 2543 ἕπε-

516 2599 625 2634 ται.
644 2583 731 2639 Εἰς
761 2582 1013 2633 σύστασιν
1043 2578 1094 2632 δὲ
1122 2586 1218 2631 τῶν
1245 2578 1368 2649 παρ’
1401 2580 1537 2647 ἡμῶν
1578 2580 1845 2650 εἰρημένων
1888 2585 1950 2651 τῇ
1988 2586 2087 2631 τῶν

518 2668 669 2738 ἁγίων
698 2670 929 2741 πατέρων
950 2672 1209 2741 μαρτυρίᾳ
1240 2665 1511 2737 χρώμενοι,
1542 2664 1762 2737 δείξομεν
1785 2669 1971 2727 αύτούς
2006 2666 2090 2722 λᾶι

514 2776 644 2825 7m,
679 2756 757 2812 ότι
783 2758 864 2812 ἐπὶ
907 2766 996 2813 τοῦ
1040 2764 1172 2811 κατὰ
1209 2760 1419 2834 Χριστόν
1449 2760 1731 2831 μυστηρίου
1769 2756 1815 2809 οἱ
1840 2759 1929 2826 μὲν
1956 2757 2087 2829 λόγοι

517 2847 828 2922 διαιροῦνται
858 2849 984 2902 κατά
1004 2852 1092 2906 τήν
1118 2844 1352 2922 διαφορὰν
1381 2855 1477 2902 τῶν
1503 2850 1719 2920 φύσεων,
1750 2848 1982 2908 θεότητος
2007 2851 2089 2901 καί

515 2940 912 3013 ἅνθρωπότητος.
948 2940 1001 3003 ἐξ
1030 2936 1095 2992 ὧν
1130 2942 1210 2992 καὶ
1238 2941 1489 3001 συνετέθη,
1523 2939 1605 2991 καί
1640 2940 1722 2992 τόν
1755 2939 1962 3010 ἀριθμὸν
2002 2939 2087 2992 ἐπὶ

514 3029 698 3081 τούτου
716 3029 1217 3103 παραλαμϐάνουσιν,
1242 3030 1303 3081 ού
1319 3033 1414 3097 μὴν
1438 3036 1800 3103 πραγματικῶς
1822 3031 1915 3083 ἀνά
1935 3029 2085 3103 μέρος

512 3127 598 3176 τὴν
625 3126 723 3174 τῶν
750 3121 947 3191 φύσεων
974 3126 1233 3175 ποιοῦνται
1268 3115 1505 3196 διαίρεσιν
1534 3122 1606 3180 εἰς
1635 3119 1724 3175 δύο
1749 3122 2082 3186 ὑποστάσεις,

510 3210 616 3264 ἦτοι
641 3207 729 3264 δύο
754 3206 1022 3271 πρόσωπα.

2189 1944 2333 2009 tatis,
2361 1943 2455 1997 sed
2490 1959 2597 1997 non
2626 1952 2844 2013 propter
2872 1946 2976 2000 hoc
3002 1946 3109 1999 duo
3160 1947 3375 2013 christi,
3410 1958 3501 2003 aut
3524 1950 3631 2004 duo
3662 1952 3756 2005 ﬁlii

2187 2033 2613 2087 introducuntur.
2647 2032 2784 2101 Ergo
2826 2035 2916 2101 qui
2954 2050 3233 2089 numerum
3282 2046 3595 2093 naturarum
3641 2056 3758 2110 qum

2188 2124 2239 2177 in
2271 2122 2486 2179 Christo
2514 2133 2660 2190 sunt,
2681 2125 2969 2178 secundum
3000 2127 3309 2194 praedictum
3337 2129 3550 2183 modum
3577 2131 3760 2185 dicere

2188 2223 2453 2279 recusant,
2479 2214 2742 2268 manifesti
2775 2223 2899 2269 sunt
2922 2215 3273 2271 dill‘erentiam
3306 2227 3612 2273 naturarum
3658 2222 3758 2274 ab-

2190 2312 2461 2372 negantes,
2519 2313 2573 2359 et
2617 2304 2986 2359 confusionem
3040 2307 3439 2363 introducentes
3481 2310 3762 2379 dispensa-

2190 2394 2340 2448 tioni.
2389 2393 2443 2448 Si
2474 2410 2600 2449 vero
2639 2394 2990 2448 diﬁerentiam
3022 2394 3365 2463 confitentur,
3416 2413 3632 2454 necesse
3676 2410 3759 2453 est

2188 2482 2491 2537 omnimodo
2518 2480 2587 2536 ad
2615 2496 2731 2536 eam
2757 2481 3176 2551 signiﬁcandam,
3205 2494 3259 2539 et
3278 2502 3554 2541 numerum
3577 2488 3759 2543 dicere

2191 2581 2493 2627 naturarum
2523 2588 2640 2642 qua:
2665 2574 2779 2627 sine
2807 2575 3116 2630 confusione
3161 2577 3214 2629 in
3264 2592 3421 2631 unam
3461 2575 3757 2633 subsisten-

2189 2674 2313 2725 tiam
2343 2679 2725 2727 convenerunt.
2762 2669 2859 2725 llbi
2888 2672 3027 2727 enim
3053 2671 3349 2727 differentia
3381 2684 3648 2743 servatur,
3680 2677 3752 2730 ibi

2190 2762 2333 2815 omni
2376 2760 2535 2814 modo
2566 2768 2620 2814 et
2660 2775 2911 2814 numerus
2954 2762 3213 2831 sequitur.
3262 2763 3343 2817 Ad
3391 2763 3758 2820 conﬁrmanda

2188 2858 2366 2903 autem
2396 2864 2457 2901 ea
2485 2864 2601 2917 quae
2639 2849 2886 2915 diximus,
2930 2858 3237 2905 sanctorum
3267 2860 3475 2921 patrum
3508 2856 3755 2909 testimo-

2189 2940 2275 2993 nio
2297 2947 2526 3002 utentes,
2555 2939 2895 2992 ostendemus
2931 2953 3024 2994 eos
3052 2939 3253 3008 dicere,
3281 2943 3421 3011 quod
3445 2944 3495 2996 in
3527 2943 3755 3016 [myste-

2187 3032 2265 3085 rio
2294 3030 2489 3083 Christi
2513 3028 2710 3099 (ἐῖσαι
2750 3045 2855 3083 uno
2887 3029 3111 3084 Domino
3152 3041 3335 3085 nostro
3372 3031 3496 3086 Jesu
3541 3035 3760 3090 Christo

2185 3122 2422 3175 rationes
2460 3121 2672 3189 quidem
2710 3118 3014 3175 dividuntur
3065 3122 3353 3176 secundum
3400 3122 3755 3193 differentiam

2117 3202 2166 3269 C
2197 3223 2503 3266 naturarum
2525 3211 2738 3265 deitatis
2764 3220 2819 3265 et
2842 3212 3186 3267 humanitatis
3222 3228 3287 3267 ex
3315 3215 3509 3282 quibus
3528 3229 3583 3269 et
3603 3231 3757 3269 com-

2188 3302 2397 3370 positus
2422 3309 2526 3367 est,
2551 3309 2604 3353 et
2625 3312 2900 3355 numerum
2925 3301 2975 3354 in
3005 3301 3109 3356 hoc
3129 3312 3421 3369 assumunt,
3445 3320 3548 3359 non
3573 3314 3755 3361 tamen

513 3390 628 3456 ipsa
665 3404 721 3444 re
765 3399 821 3444 et
876 3405 974 3460 per
1016 3399 1192 3461 partes
1238 3399 1544 3446 naturarum
1593 3388 1792 3445 faciunt
1837 3392 2150 3445 divisionem
2189 3391 2241 3444 in
2268 3390 2398 3444 duas
2425 3388 2788 3445 subsistentias
2814 3390 2926 3444 sive
2961 3406 3219 3460 personas

584 3482 721 3548 Διγει
764 3484 859 3555 γὰρ
902 3478 925 3533 ό
966 3482 1013 3532 ἔν
1057 3482 1213 3553 ἁγίοις
1257 3482 1486 3557 κύριλλος
1514 3484 1568 3535 ἐν
1609 3490 1671 3555 τῇ
1720 3480 1953 3555 ἑρμηνείᾳ
1989 3487 2077 3534 τοῦ

512 3574 770 3623 Asmme
806 3568 961 3629 οοῗτως
986 3583 998 3598 “
1039 3587 1059 3621 ε
1084 3569 1227 3624 ”Ολον
1253 3569 1317 3629 δή
1342 3573 1491 3625 πάλιν
1524 3573 1572 3624 ἐν
1599 3573 1796 3629 τούτοις
1822 3573 2078 3644 περιαθρει

509 3669 681 3734 σαφῶς
707 3668 797 3716 τοῦ
826 3670 1055 3733 σωτῆρος
1082 3665 1217 3731 ἡμῶν
1245 3665 1304 3717 τό
1333 3668 1634 3738 μυστήριον,
1673 3663 1856 3717 καὶτὸν
1880 3661 1961 3717 διὰ
1987 3668 2077 3715 τοῦ

510 3752 654 3825 ἁγίου
704 3754 1060 3823 βαπτίσματος
1108 3757 1435 3829 καθαρισμὸν.
1486 3757 1581 3809 Δύο
1628 3759 1718 3826 μὶν
1760 3758 1856 3829 ’γὰρ
1897 3758 2080 3829 ὀρνίθια

510 3846 742 3915 Αηφθῆναι
778 3844 959 3899 κελεύει
987 3849 1146 3907 ζῶντα
1172 3849 1254 3898 καί
1295 3849 1503 3918 καθαρὰ.
1538 3850 1617 3899 ἵνα
1656 3852 1837 3917 νοήσῃς
1870 3846 1952 3901 διὰ
1980 3850 2079 3902 τῶν

510 3940 742 3986 πετεινῶν
780 3936 864 3989 τόν
894 3936 1118 4008 οὐράνιον
1160 3932 1421 4009 ἄνθρωπόν
1448 3957 1502 3990 τε
1543 3936 1666 4005 ὁμοῦ
1716 3940 1799 3990 καὶ
1839 3938 1958 3990 Θεὸν
2008 3941 2078 3997 ε”ς

509 4021 598 4077 δύο
624 4028 816 4092 φύσεις,
852 4022 971 4079 ὅσον
1013 4023 1126 4087 ἧκεν
1168 4030 1240 4086 εἰς
1278 4028 1363 4081 τόν
1394 4027 1584 4099 ἑκάστη
1623 4046 1671 4102 π,
1698 4030 1878 4082 ἕποντα
1911 4030 2074 4101 λόγον,

507 4110 879 4187 διαιρούμενον
908 4115 1053 4186 λόγος
1076 4117 1169 4191 γὰρ
1191 4113 1248 4174 ἧν
1275 4114 1300 4170 ὃ
1328 4118 1382 4169 ἐκ
1411 4125 1536 4171 Θεοῦ
1566 4119 1762 4189 πατρὸς
1782 4120 2079 4191 ἀναλάμψας

509 4203 554 4252 ίν
581 4206 729 4276 σαρκὶ
750 4212 811 4275 τῇ
838 4205 892 4257 ix
916 4208 1167 4274 γυηικές,
1196 4206 1320 4264 πλὴν
1348 4208 1404 4259 ού
1429 4210 1747 4280 μεριζόμενος
1770 4224 1783 4236 ⁸
1813 4204 1879 4268 εἷς
1907 4213 2000 4279 γὰρ
2028 4212 2077 4273 ἐξ

507 4293 689 4363 ἀμφοῖν
715 4293 739 4347 ὁ
775 4294 1009 4367 Χριστός.
1036 4312 1054 4345 ν
1090 4298 1177 4350 καί
1201 4297 1339 4349 πάλιν
1361 4280 1385 4349 ό
1411 4298 1556 4356 αὐτὸς
1580 4300 1625 4350 ἐν
1649 4298 1808 4369 ἁγίοις
1842 4301 2077 4375 Κύριλλος

508 4384 556 4435 ἐν
590 4391 652 4456 τῇ
691 4386 813 4461 πρός
854 4389 1121 4440 Σούκςνσον
1162 4385 1374 4463 δευτέρᾳ
1412 4387 1651 4459 ἐπιστολῇ
1675 4394 1849 4462 γράφει
1877 4390 2035 4450 οὗτος
2062 4407 2074 4419 ⁸

513 4490 529 4521 ι
550 4473 671 4527 Ἀλλ’
702 4475 971 4546 ἠγνόησαν,
994 4475 1070 4530 ὅτε
1094 4475 1189 4531 ὅσα
1210 4480 1331 4532 κατά
1353 4480 1503 4548 μόνην
1522 4487 1607 4537 τὴν
1627 4482 1837 4552 θεωρίαν
1865 4478 2076 4555 διαιρεῖ-

506 4566 617 4620 σθαι
645 4568 793 4638 φιλεῖ,
818 4574 982 4622 ταῦτα
1020 4571 1075 4621 ού
1122 4572 1320 4629 πάντως
1350 4574 1427 4623 καί
1470 4573 1539 4630 εἰς
1568 4572 1841 4644 ἑτερότητα
1868 4578 1956 4631 τήν
1985 4577 2077 4628 ἀνὰ

507 4655 653 4724 μέρος
678 4653 957 4728 όλοτρόπως
999 4660 1077 4708 καί
1117 4652 1281 4716 ὶδικῶς
1308 4660 1680 4727 ἀποφοιτήσειεν
1724 4654 1783 4714 ἄν
1820 4663 1909 4715 ἀπ’
1933 4660 2074 4719 ἀλλή-

2252 3479 2389 3532 Dicit
2412 3480 2553 3531 enim
2583 3487 2801 3532 sanctus
2829 3478 3054 3550 Cyrillus
3084 3482 3137 3535 in
3169 3482 3381 3537 Levitici
3431 3485 3751 3554 interpreta-

2180 3568 2326 3622 tione
2356 3566 2538 3631 (Levit.
2565 3568 2671 3636 xw)
2718 3569 2793 3623 sic
2818 3588 2829 3620 :
2868 3589 2886 3620 ε
2908 3568 3097 3623 Totum
3130 3572 3179 3625 in
3204 3572 3284 3628 his
3314 3574 3503 3629 iterum
3526 3576 3755 3633 circum-

2180 3658 2327 3727 spicc
2356 3666 2538 3726 aperte
2564 3658 2855 3713 Salvatoris
2882 3661 3048 3714 nostri
3080 3662 3409 3731 mysterium,
3461 3674 3516 3719 et
3559 3682 3749 3719 emun-

2180 3746 2447 3802 dationem
2470 3761 2589 3815 quae
2615 3762 2710 3815 per
2728 3758 2970 3802 sanctum
3000 3750 3258 3819 baptisma
3301 3752 3374 3805 ﬁt.
3427 3754 3565 3808 Duas
3602 3757 3744 3811 enim

2178 3838 2410 3891 avienlas
2437 3838 2573 3891 ευιηὶ
2591 3838 2741 3905 jubet
2767 3840 2914 3892 vivas
2936 3850 2989 3894 et
3015 3842 3255 3905 mundus,
3290 3852 3346 3897 ut
3368 3844 3629 3913 intelligas
3651 3862 3745 3914 per

2179 3928 2414 3980 volatilia
2448 3929 2718 3981 cwlestem
2752 3930 3019 3982 hominem
3048 3931 3200 3983 simul
3227 3942 3279 3985 et
3311 3932 3494 3998 Deum,
3526 3935 3576 3987 in
3616 3934 3749 3990 duas

2181 4025 2417 4083 naturas,
2460 4026 2715 4085 quantum
2768 4020 2998 4085 pertinet
3038 4020 3103 4073 ad
3157 4022 3417 4075 rationem
3464 4023 3749 4091 unicuique

2179 4109 2609 4175 convenientem,
2632 4109 2989 4164 dividendum.
3019 4111 3154 4165 Deus
3183 4113 3323 4166 enim
3356 4113 3606 4180 Verbum,
3630 4116 3759 4187 quia

2180 4222 2244 4258 cx
2280 4208 2386 4260 Duo
2418 4205 2571 4261 Patre
2601 4217 2702 4271 est,
2734 4208 2999 4276 splenduit
3020 4208 3069 4261 in
3100 4224 3258 4264 carne
3283 4225 3399 4277 qua:
3433 4226 3498 4264 ex
3526 4214 3749 4269 muliere

2178 4307 2279 4359 est,
2328 4306 2688 4351 verumtamen
2743 4314 2849 4351 non
2897 4296 3269 4367 partiendum;
3313 4316 3446 4354 unus
3490 4302 3629 4355 enim
3678 4318 3746 4357 ev.

2181 4386 2416 4453 utrisque
2437 4387 2698 4440 Christus.
2735 4408 2752 4438 ε
2788 4386 2855 4440 Ει
2880 4388 3071 4443 iterum
3102 4387 3243 4443 idem
3275 4401 3489 4445 sanctus
3518 4391 3752 4460 Cyrillus

2180 4479 2230 4531 in
2278 4477 2507 4531 secunda
2541 4479 2606 4533 ad
2643 4476 2960 4534 Successum
3001 4480 3224 4550 epistola
3272 4482 3344 4535 ita
3386 4482 3548 4536 dicit:
3586 4503 3603 4534 ι
3639 4484 3752 4539 Sed

2181 4567 2556 4632 ignoraverunt
2584 4566 2724 4635 quod
2748 4584 2865 4637 qua:
2886 4586 2982 4639 per
3012 4571 3181 4626 solum
3225 4571 3549 4626 intellectum
3578 4574 3744 4628 dividi

2178 4657 2372 4720 solent,
2415 4668 2521 4710 non
2567 4657 2679 4712 haec
2734 4660 3035 4715 necessario
3089 4662 3248 4716 etiam
3304 4662 3357 4717 in
3404 4664 3743 4729 alteritatem,

505 4743 619 4795 λων.
646 4760 664 4794 ι
684 4749 774 4797 καὶ
801 4745 825 4797 ό
854 4747 903 4799 ἐν
923 4745 1081 4817 ἁγίοις
1104 4748 1355 4807 Basilum:
1374 4749 1421 4800 ἐν
1441 4757 1511 4819 τῷ
1534 4752 1759 4821 τετάρτῳ
1790 4754 1897 4807 κατ’
1928 4754 2075 4805 Εὐνο-

2182 4758 2297 4811 qute
2320 4751 2402 4798 est
2422 4758 2517 4812 per
2542 4753 2741 4813 partes,
2771 4748 3078 4803 omnimodo
3106 4759 3161 4804 et
3187 4752 3491 4819 specialiter
3515 4768 3543 4804 a
3574 4768 3633 4807 se
3664 4754 3747 4806 in-

505 4838 620 4903 μίον
646 4835 771 4905 Nm.»
792 4837 1071 4910 ἑρμηνεύων
1098 4840 1403 4912 τό--ιῑύριος
1429 4836 1591 4895 ἔκτισέ
1613 4861 1695 4913 με,
1727 4845 1809 4895 καί
1830 4843 1929 4915 πρό
1951 4846 2075 4895 πάν-

504 4944 604 4978 των
615 4924 806 4993 βουνῶν
825 4934 961 4998 ’γεννᾷ
982 4946 1040 4997 με
1057 4930 1308 5003 -γράφει
1328 4929 1509 4989 οὕτως·
1529 4946 1547 4981 ι
1571 4932 1793 4988 Ληπτέον
1813 4926 1897 4985 οὖν
1907 4931 1962 4985 τό
1984 4935 2072 5002 μέν

504 5016 859 5084 ἐγέννησεν,
881 5019 961 5070 ἐπὶ
989 5024 1080 5071 τοῦ
1102 5024 1227 5071 Θεοῦ
1252 5019 1377 5071 υίοῦ’
1402 5020 1461 5074 τὸ
1478 5019 1530 5074 δὲ
1560 5019 1844 5085 ἔκτισεν,
1870 5021 1953 5074 ἐπὶ
1980 5028 2069 5076 τοῦ

502 5128 590 5165 την
607 5113 795 5182 μορφήν
814 5114 902 5162 τοῦ
921 5108 1095 5163 δούλου
1112 5109 1370 5171 λαϐόντος.
1386 5108 1462 5163 Ἐν
1484 5118 1615 5165 πᾶσι
1632 5108 1682 5164 δέ
1701 5113 1894 5170 τούτοις
1911 5113 1966 5164 ού
1983 5109 2077 5165 δύο

504 5199 723 5270 λὲγομεν.
757 5200 875 5253 Θεὸν
902 5198 1024 5266 ἕδεα.
1054 5204 1138 5255 καί
1166 5198 1428 5276 ἄνθρωπον
1453 5198 1555 5275 ἰδίᾳ
1577 5217 1589 5229 ·
1615 5198 1683 5259 εἷς
1702 5203 1798 5277 γὰρ
1836 5200 1920 5259 ἧν·
1948 5202 2071 5255 ἀλλὰ

502 5288 608 5341 κατ’
638 5289 858 5342 ἐπίνοιαν
886 5295 973 5348 τὴν
1011 5289 1224 5344 ἑκάστου
1250 5293 1399 5361 φύσιν
1435 5290 1760 5360 λογιζόμενοι.
1791 5309 1806 5339 ι
1841 5291 1924 5343 Καὶ
1959 5289 1984 5344 ό
2026 5291 2075 5343 ἐν

503 5375 660 5448 ἁγίοις
691 5374 740 5428 δὲ
771 5375 1041 5453 Γρηγόριος
1067 5378 1093 5431 ό
1122 5378 1342 5449 hold-pc
1365 5380 1414 5430 ἕν
1451 5386 1522 5446 τῷ
1556 5382 1675 5451 περὶ
1714 5381 1824 5432 υἱοῦ
1855 5374 2074 5453 δευτέρῳ

504 5464 631 5533 λόγῳ
658 5463 903 5518 διδάσκων
929 5471 1061 5535 ἡμᾶς
1082 5505 1095 5529 ,
1124 5465 1262 5525 ὅπως
1305 5464 1385 5519 δεῖ
1412 5470 1502 5525 τὰς
1550 5468 1597 5519 ἐν
1636 5475 1711 5540 τῷ
1755 5470 1909 5543 κυρίῳ
1936 5471 2074 5538 ἡμῶν

501 5544 663 5609 ἰησοῦ
710 5563 908 5626 Χριστῷ
948 5556 1120 5623 φύσεις
1156 5556 1268 5609 κατ’
1315 5556 1531 5609 ἐπίνοιαν
1574 5554 1850 5631 διανρίνειν,
1900 5560 2075 5632 γράφει

504 5646 681 5702 οἵτως·
720 5663 736 5694 ι
760 5644 923 5699 Ἠνίκα
947 5647 997 5697 αὶ
1022 5649 1198 5715 φύσεις
1223 5644 1508 5702 διίστανται
1536 5655 1650 5706 ταῖς
1671 5648 1933 5712 ἐπινοίαις,
1961 5670 2078 5702 συν·

508 5728 769 5790 διαιρεῖται
812 5736 894 5785 καί
937 5737 1002 5790 τά
1044 5734 1285 5803 ὀνόματα.
1322 5734 1514 5788 Παύλου
1553 5736 1781 5805 λέγοντος
1821 5732 2072 5791 ἄκουσον

511 5818 678 5874 -ἰνα
694 5821 715 5873 ό
732 5825 851 5879 Θε’ς
872 5830 960 5877 τοῦ
984 5827 1156 5898 κυρίου
1174 5826 1310 5893 ἡμῶν
1325 5822 1489 5880 Ἰησοῦ
1507 5833 1727 5898 Χριστοῦ
1752 5826 1962 5901 όπατὴρ
1982 5837 2072 5889 τῆς

2179 4833 2347 4886 vicem
2390 4834 2796 4901 separabuntur.
2839 4855 2858 4888 ε
2911 4837 3017 4893 Sed
3060 4847 3115 4893 et
3158 4849 3372 4895 sanctus
3418 4841 3642 4895 Basilius
3689 4842 3743 4894 in

2177 4934 2366 4992 quarto
2390 4924 2523 4977 libro
2544 4926 3086 4995 contraEunomium,
3101 4929 3452 4998 interpretans
3480 4932 3580 4986 hoc
3601 4933 3743 5001 quod

2177 5022 2258 5065 est
2284 5030 2294 5064 :
2330 5011 2578 5065 Dominus
2606 5018 2792 5068 crearit
2819 5034 2915 5079 me,
2948 5028 2998 5071 et
3031 5030 3147 5071 ante
3174 5034 3347 5073 omnes
3386 5022 3542 5075 colles
3568 5025 3743 5091 genuit

2177 5102 2447 5172 »κων-ου.
2477 5105 2549 5174 ix)
2568 5122 2580 5156 :
2598 5105 2669 5157 ita
2692 5105 2907 5160 scribit:
2939 5127 2956 5158 ι
2981 5109 3379 5178 Intelligendum
3403 5111 3508 5167 hoc
3529 5115 3744 5183 quidem

2176 5192 2322 5260 quod
2347 5190 2492 5258 dicit,
2524 5200 2729 5258 creauit,
2761 5196 2827 5250 de
2848 5212 2913 5252 eo
2940 5198 3031 5266 qui
3061 5196 3286 5253 fortnam
3331 5203 3468 5256 servi
3510 5206 3741 5273 accepit.

2176 5290 2231 5344 lu
2260 5288 2343 5345 his
2372 5300 2553 5346 autem
2578 5294 2824 5373 omnibus
2854 5311 2957 5349 non
2980 5299 3084 5351 duo
3111 5298 3354 5365 dicimus,
3390 5300 3552 5354 Deum
3582 5318 3740 5371 sepa-

2176 5383 2351 5443 ratim,
2398 5391 2453 5436 et
2497 5383 2764 5437 hominem
2791 5389 3101 5456 separatim,
3129 5406 3262 5444 unus
3291 5392 3431 5444 enim
3461 5403 3613 5445 erat:
3645 5394 3739 5447 sed

2176 5471 2465 5523 secundum
2522 5472 2870 5536 intellectum,
2928 5477 3203 5544 utriusque
3255 5487 3497 5533 naturam
3552 5482 3739 5535 existi-

2178 5568 2402 5614 mantes.
2427 5580 2445 5611 ι
2470 5560 2648 5615 Sedet
2671 5576 2884 5617 sanctus
2904 5562 3189 5632 Gregorius
3212 5567 3510 5636 Theologus
3533 5571 3582 5622 in
3606 5571 3743 5625 libro

2176 5652 2411 5705 secundo
2444 5652 2510 5706 de
2538 5652 2691 5715 Filio,
2724 5655 2921 5710 docens
2968 5673 3066 5712 nos
3094 5660 3363 5727 quomodo
3411 5662 3464 5715 in
3511 5661 3745 5715 Domino

2176 5750 2360 5794 nostro
2381 5739 2505 5795 Jesu
2533 5742 2743 5798 Christo
2771 5755 2985 5814 oportet
3014 5757 3230 5803 naturas
3250 5764 3367 5818 qua:
3415 5752 3468 5804 in
3498 5767 3565 5805 eo
3592 5760 3744 5814 sunt,

2173 5829 2464 5885 secundm
2487 5831 2811 5887 intellectum
2838 5836 3158 5902 discernere,
3189 5840 3260 5893 ita
3289 5840 3472 5894 scribit
3500 5859 3511 5892 :
3550 5858 3568 5891 ι
3600 5839 3739 5892 Cum
