4108 6486
338 468 468 531 ιοος

1395 473 1622 533 LIBER
1665 474 2052 534 ADVERSUS
2089 475 2511 536 ORIGENEM.

3433 477 3567 548 1010

324 589 485 651 ὂὸξης·
519 591 741 659 Χριστοῦ
771 588 860 655 μίν
883 586 1025 645 Θεὸς.
1056 597 1143 647 τῆς
1168 587 1222 641 δί
1245 587 1387 649 δόξης
1415 591 1602 662 πατὴρ.
1624 590 1680 638 l:‘.:'
1703 588 1798 657 γάρ
1821 588 1899 639 καί

2013 592 2203 638 natura:
2235 587 2503 640 intellectu
2532 588 2748 654 distant,
2776 590 2929 643 simul
2957 562 3441 648 dividunturetiam
3466 612 3557 649 no-

325 686 379 736 τό
399 680 765 751 συναμφότερον
784 675 852 733 ἓν.
881 679 982 730 ἀλλ’
1001 680 1056 730 οὑ
1073 688 1132 752 τῇ
1150 681 1317 749 φὺστι,
1342 687 1404 753 τῇ
1431 677 1482 732 δί
1512 675 1722 746 συνόδῳ.
1748 695 1766 727 ι
1802 680 1901 730 Καί

327 768 355 822 ὅ
390 772 433 822 ἕν
472 769 633 839 ὃιγίοις
663 766 715 820 δὲ
744 767 1011 841 Γρηγόριος
1041 768 1064 820 ό
1094 770 1293 826 Νὑσσης
1321 770 1591 826 ἐπίσκοπος
1614 770 1663 821 ίν
1691 774 1762 837 τῷ
1788 776 1900 821 κατ’

327 863 558 930 Ιῗὺνομὶου
585 858 815 929 τετάρτῳ
839 855 971 926 λόγῳ
1001 859 1065 910 τά
1103 860 1232 912 αὑτά
1260 861 1392 926 ἡμᾶς
1420 857 1684 919 διδάσκων,
1723 858 1901 928 γράφει

327 949 508 1005 οὕτως·
547 964 565 993 ι
591 948 673 997 καί
703 950 768 1005 ὡς
794 941 849 997 άν
877 951 943 1013 μή
971 968 1047 1006 τις
1162 949 1392 1022 άκηράτῳ
1419 949 1563 1016 φύσει
1584 947 1639 999 τὸ
1666 949 1788 998 κατά
1813 948 1900 999 τὸν

340 1036 564 1107 σταυρὸν
590 1034 749 1092 πάθος
776 1035 1159 1107 προστρίξοιτο,
1188 1032 1251 1088 δι’
1278 1035 1457 1107 ἑτέρων
1494 1032 1792 1107 τρανότερον
1815 1040 1903 1092 τήν

330 1124 565 1177 τοιαύτην
594 1123 952 1193 ἐπανορθοῦται
986 1120 1193 1184 πλάνην,
1242 1126 1449 1191 μεσίτην
1475 1122 1623 1175 αὑτὸν
1664 1127 1789 1174 Θεοῦ
1818 1122 1903 1173 καί

328 1211 612 1282 άιθρῶπου,
659 1211 781 1263 Θεὸν
819 1212 905 1262 καί
931 1208 1189 1282 ἄνθρωπον
1231 1212 1385 1263 αὑτὸν
1425 1207 1696 1279 ονομοίζων,
1723 1210 1806 1262 ἶνα
1853 1210 1904 1261 ἐκ

330 1312 417 1358 τοῦ
443 1305 505 1356 τά
532 1302 623 1356 δύο
648 1306 767 1372 περὶ
790 1305 848 1356 τό
874 1301 925 1355 ἒν
951 1303 1177 1373 λέγεσθαι
1202 1305 1260 1356 τό
1286 1303 1569 1376 πρόσφορον
1595 1310 1754 1355 νοοῖτο
1787 1305 1905 1374 περί

331 1393 583 1469 ίκοὶτερον,
613 1397 731 1467 περὶ
750 1396 839 1461 μὲν
865 1395 923 1447 τὸ
951 1397 1075 1446 θεῖον
1102 1396 1131 1450 ἡ
1158 1395 1395 1459 ἀπάθεια,
1417 1396 1533 1464 περὶ
1553 1391 1606 1445 δὲ
1630 1393 1688 1445 τὸ
1719 1392 1904 1465 ἀνθρώ-

328 1505 468 1538 πινον
495 1486 525 1541 ἡ
551 1489 683 1536 κατὰ
709 1485 767 1536 τὸ
792 1484 951 1541 πάθος
985 1484 1252 1547 οἰκονομία.
1282 1488 1380 1540 Τῆς
1417 1476 1501 1533 οὑν
1530 1481 1749 1537 ἐπινοίας
1773 1476 1905 1532 διαι-

328 1580 517 1646 ροσης
551 1574 609 1627 τὸ
645 1573 773 1626 κατὰ
798 1572 1161 1643 φιλανθρωπίαν
1186 1575 1275 1641 μέν
1309 1572 1566 1638 ἡνωμένον,
1590 1577 1661 1642 τῷ
1688 1567 1739 1622 δὲ
1774 1569 1903 1641 λόγῳ

330 1660 723 1733 διακρινόμενον,
768 1657 887 1712 ὅταν
1050 1661 1107 1712 τὸ
1134 1659 1507 1732 ὑπερκείμενον,
1536 1660 1622 1710 καί
1650 1658 1906 1731 ὑπερέχον

330 1754 501 1804 πάντα
539 1756 655 1802 νοῦν
697 1748 930 1822 amp-$6632
952 1788 965 1808 ,
1011 1756 1117 1807 τοῖς
1150 1748 1478 1819 ὑψηλοτέροις
1513 1750 1763 1823 κέχρηται
1808 1756 1906 1802 τῶν

331 1840 601 1905 ὀνομάτων,
635 1840 719 1892 ἐπὶ
745 1844 940 1892 πάντων
960 1839 1101 1899 Θεὸν,
1129 1840 1211 1890 καί
1239 1840 1391 1908 μέγαν
1417 1839 1553 1895 Θεὸν.
1577 1844 1661 1892 καί
1688 1836 1901 1906 δύναμιν

2000 675 2160 727 mina.
2195 674 2410 730 Paulum
2434 678 2693 731 dicentem
2718 681 2835 737 audi
2861 700 2871 733 :
2908 680 2975 734 Ut
3005 682 3139 736 Deus
3163 683 3369 739 Domini
3397 691 3557 742 nostri

1999 762 2120 817 Jesu
2141 763 2352 832 Christi,
2385 765 2538 820 Pater
2568 770 2743 837 gloria:
2772 769 2980 838 (Ep/tes.
3014 771 3053 839 t)
3080 790 3092 823 :
3123 772 3317 827 Christi
3347 777 3558 842 quidem

2001 853 2159 917 Deus,
2189 855 2369 921 gloriae
2388 864 2563 909 autem
2596 856 2768 911 Pater.
2800 859 2927 913 Nam
2958 862 3055 915 etsi
3088 870 3367 932 utrumque
3399 882 3559 920 unum

2001 953 2101 1009 est,
2130 954 2304 1000 tamen
2330 962 2434 1000 non
2458 957 2666 1015 natura,
2689 950 2778 1002 sed
2801 959 3084 1004 conventu.
3111 971 3130 1004 ι
3148 952 3214 1006 Ει
3233 964 3446 1009 sanctus
3468 972 3559 1009 au—

2001 1045 2108 1089 tem
2138 1036 2421 1105 Gregorius
2450 1037 2715 1107 Nyssenus
2739 1038 3049 1109 [Episcopus
3079 1041 3273 1112 Nyssae]
3296 1043 3348 1095 in
3370 1055 3560 1112 quarto

2003 1126 2138 1180 libro
2168 1134 2353 1181 contra
2384 1125 2723 1190 Eunomium,
2754 1128 2939 1181 eadem
2972 1146 3067 1182 nos
3100 1130 3314 1193 docens,
3342 1131 3411 1183 ita
3436 1134 3556 1185 scri-

2003 1215 2080 1268 bit
2105 1233 2118 1267 :
2151 1234 2169 1267 ι
2206 1215 2271 1268 Ει
2300 1231 2367 1269 ne
2395 1216 2584 1283 aliquis
2610 1217 2992 1286 incorruptibili
3023 1226 3225 1271 natura:
3252 1220 3423 1273 crucis
3444 1235 3555 1288 pas-

2005 1307 2209 1361 sionem
2236 1307 2545 1375 applicaret,
2578 1322 2675 1375 per
2700 1307 2800 1359 alia
2832 1308 3159 1362 manifestius
3193 1309 3349 1361 talem
3380 1325 3564 1363 emen-

2004 1396 2094 1450 dat
2144 1411 2401 1459 errorem,
2458 1396 2802 1449 mediatorem
2843 1398 3011 1464 ipsum
3062 1397 3150 1450 Dei
3200 1406 3253 1450 et
3296 1398 3567 1450 hominum

2003 1486 2058 1556 (1
2094 1486 2221 1539 Tim.
2257 1486 2335 1552 ιι),
2368 1496 2421 1539 et
2455 1486 2725 1539 hominem
2755 1496 2807 1540 et
2839 1486 3005 1540 Deum
3047 1489 3216 1555 ipsum
3247 1489 3527 1541 nominans
3554 1505 3563 1536 :

2007 1587 2065 1631 ut
2092 1594 2209 1630 cum
2244 1577 2351 1630 duo
2390 1577 2454 1629 de
2481 1592 2588 1630 uno
2626 1576 2892 1643 dicant-ur,
2927 1592 3218 1645 congruum
3248 1577 3568 1644 intelligatur

2005 1668 2143 1719 circa
2167 1673 2465 1732 utrumque,
2485 1665 2623 1719 circa
2645 1665 2895 1719 deitatem
2919 1666 3130 1733 quidem
3157 1666 3566 1734 impassibilitas,

2006 1759 2147 1811 circa
2189 1757 2571 1811 humanitatem
2602 1764 2776 1810 autem
2818 1756 3138 1825 dispensatio
3168 1758 3445 1826 passionis.
3480 1756 3567 1809 ln-

2010 1847 2223 1900 tellectu
2255 1847 2413 1915 igitur
2437 1844 2703 1899 dividente
2733 1846 2833 1900 hoc
2858 1847 3000 1914 quod
3030 1863 3125 1916 per
3152 1848 3569 1902 misericordiam

332 1936 483 1991 Θεοῦ,
514 1932 602 1982 καί
650 1931 846 2000 σοφίαν,
876 1930 954 1981 καί
996 1930 1061 1980 τά
1098 1934 1309 1981 τοιαῦτα
1336 1927 1512 1980 καλῶν.
1541 1925 1696 1982 Ὀταν
1727 1927 1778 1982 δὲ
1818 1934 1906 1985 τήν

2013 1936 2223 2004 quidem
2266 1935 2471 1988 unitqu
2502 1942 2601 1999 est,
2632 1935 2841 1987 ratione
2870 1944 3045 1989 autem
3074 1936 3409 2001 discernitur,
3450 1953 3570 1991 cum

332 2022 612 2092 ἀναγκαίως
649 2018 732 2073 διά
777 2022 833 2071 τὸ
872 2021 1111 2091 ἡμέτερον
1155 2019 1355 2076 ἀσθενὲς
1392 2018 1900 2091 συμπαραληφθεῖσαν

331 2116 433 2164 τῶν
458 2111 773 2177 παθημάτων
800 2115 977 2178 πεῖραν
1012 2110 1289 2180 περιγράφει
1326 2114 1397 2177 τῷ
1422 2107 1575 2177 λόγῳ,
1597 2109 1649 2160 ἐκ
1669 2114 1756 2161 τοῦ
1784 2110 1905 2179 ἠμε-

333 2207 475 2280 τίρου
523 2205 850 2271 κατονομάζει
895 2202 951 2255 τὸ
992 2200 1364 2271 συναμφότερον
1386 2238 1401 2259 ,
1450 2196 1707 2272 ἄνθρωπον
1754 2199 1905 2253 αὑτὸν

336 2296 750 2367 προσαγορεύων,
782 2294 840 2344 οὑ
866 2298 1146 2345 κοινοποιῶν
1175 2292 1302 2362 πρὸς
1327 2294 1415 2347 τήν
1451 2289 1625 2347 λοιπήν
1648 2294 1706 2361 φεῖ
1716 2311 1795 2343 σιν
1823 2289 1904 2345 διά

335 2397 424 2444 τῆς
463 2394 626 2455 φωνῆς
661 2385 745 2438 τόν
779 2382 1096 2451 δηλούμενον,
1127 2382 1229 2434 ἀλλ’
1268 2383 1399 2437 ὥστε
1426 2384 1543 2453 περὶ
1586 2382 1811 2458 ἑκάτερον
1849 2384 1905 2437 τό

338 2477 543 2534 suos“:
572 2476 898 2545 φυλαχθῆναι.
938 2488 960 2525 1

409 2924 618 2978 τούτων
657 2922 820 2982 ο·”τως
859 2918 1279 2993 άποδσδειγμίνων
1311 2921 1394 2979 διὰ
1418 2930 1509 2983 τῆς
1543 2928 1639 2975 τῶν
1680 2922 1915 2994 πατέρων

340 3012 694 3077 διδασκαλίας,
722 3015 1101 3068 παυσάσθωσαν
1145 3014 1189 3066 οἱ
1225 3013 1307 3066 τόν
1341 3014 1548 3087 ἀριθμὸν
1579 3020 1679 3068 τῶν
1704 3011 1755 3067 ἰν
1790 3022 1914 3085 Χριο

344 3113 450 3177 στῷ
496 3107 695 3177 φύσεων
728 3105 977 3178 πρότασιν
1022 3112 1114 3163 τῆς
1154 3105 1341 3163 οἰκείας
1380 3103 1564 3163 πλάνης
1605 3104 1911 3173 ποιούμενοι,

346 3198 421 3248 καί
455 3201 537 3265 τῷ
569 3192 652 3248 διά
699 3192 888 3249 τούτου
914 3199 1005 3253 τήν
1049 3192 1287 3265 διαφοράν
1332 3195 1611 3266 ἀρνεῖσθαι,
1651 3194 1913 3262 σύγχυσιν

2008 2027 2110 2079 hoc
2136 2024 2369 2093 quidem,
2393 2023 2534 2093 quod
2562 2024 2953 2092 superpositum
2983 2032 3061 2079 est
3091 2033 3144 2078 et
3172 2026 3572 2093 supereminens

2008 2131 2218 2169 omnem
2248 2130 2483 2176 sensum,
2517 2115 2788 2183 praedicat,
2819 2115 3093 2169 altioribus
3140 2117 3306 2170 utitur
3341 2118 3568 2170 nomini-

2009 2205 2123 2265 bus,
2154 2219 2313 2270 super
2338 2203 2515 2257 omnia
2536 2203 2729 2267 'Deum,
2754 2211 2805 2256 et
2837 2218 3082 2271 magnum
3110 2203 3297 2268 Deum,
3326 2213 3382 2257 et
3406 2205 3567 2258 virtu-

2011 2302 2117 2346 tem
2148 2292 2262 2355 Dei,
2295 2299 2349 2344 et
2379 2291 2689 2359 sapientiam
2729 2289 2909 2357 (Rom.
2956 2307 3019 2355 x;
3069 2290 3171 2344 Tit.
3202 2307 3270 2354 n;
3304 2289 3332 2343 Ι
3364 2290 3483 2345 Cor.
3515 2293 3574 2360 ι),

2008 2391 2066 2436 et
2092 2382 2218 2435 talia
2251 2396 2485 2437 vocans:
2522 2396 2642 2435 cum
2676 2390 2851 2434 autem
2893 2383 3195 2449 passionum
3236 2382 3573 2450 experimen-

2014 2479 2125 2523 tum
2166 2469 2468 2523 necessario
2500 2479 2718 2537 propter
2744 2478 2979 2523 nostram
3023 2468 3383 2523 inﬁrmitatem
3426 2485 3576 2523 acce-

2012 2568 2161 2629 ptum
2181 2559 2356 2613 verbis
2376 2556 2655 2626 Signiﬁcat,
2680 2573 2747 2612 ex
2773 2567 2956 2613 nostro
2998 2559 3275 2612 nominans
3301 2566 3580 2625 utrumque

2018 2651 2287 2704 hominem
2315 2650 2486 2720 ipsum
2522 2650 2775 2719 appellat,
2807 2666 2911 2703 non
2941 2650 3335 2704 eommunicans
3362 2663 3457 2717 per
3488 2665 3579 2702 vo-

2018 2755 2135 2793 cem
2166 2739 2231 2793 ad
2276 2749 2528 2794 eceteram
2574 2748 2817 2792 naturam
2848 2755 2968 2793 eum
2998 2739 3088 2808 qui
3119 2737 3462 2806 significatur,
3490 2740 3580 2791 sed

2022 2839 2079 2885 ut
2103 2832 2241 2884 circa
2273 2838 2551 2896 utrumque
2579 2829 2747 2898 pietas
2775 2838 3137 2883 conservetur.
3175 2846 3195 2880 ο

2083 2921 2176 2974 liis
2202 2920 2273 2973 ita
2294 2919 2670 2973 demonstratis
2690 2933 2787 2986 per
2813 2926 3116 2972 sanctorum
3146 2916 3358 2971 Patrum
3382 2917 3580 2970 doctri-

2015 3025 2159 3074 nam,
2180 3015 2393 3063 cessent
2415 3008 2505 3076 qui
2532 3022 2807 3061 numerum
2824 3015 3128 3061 naturarum
3154 3021 3270 3075 qua:
3291 3008 3343 3061 in
3370 3005 3582 3061 Christo

2013 3107 2155 3161 sunt,
2184 3099 2521 3153 occasionem
2561 3097 2642 3150 sui
2669 3096 2867 3150 erroris
2899 3095 3119 3161 faciunt,
3144 3104 3199 3151 et
3223 3111 3405 3150 earum
3431 3095 3581 3150 dim--

2016 3187 2243 3243 rentiam
2276 3186 2368 3257 [ob
2394 3185 2446 3239 id
2473 3183 2825 3242 ditl‘erentiam
2854 3184 3118 3253 negando,
3161 3181 3351 3254 Grata]
3378 3185 3582 3238 numeri

346 3287 572 3356 εἰσάγειν
614 3288 1010 3359 ἐπιχειροῦντες.
1041 3290 1149 3343 Πῶς
1174 3286 1272 3357 γάρ
1301 3284 1387 3337 οὑκ
1423 3285 1694 3353 ἀναγκαῖος
1722 3282 1748 3337 ό
1776 3284 1910 3358 άριθο

2017 3275 2351 3329 recusatione
2397 3273 2661 3341 negando,
2697 3273 3065 3327 confusionem
3117 3274 3454 3329 introducere
3493 3291 3580 3330 co-

347 3379 458 3446 μὸς,
485 3371 534 3448 ᾧ
556 3377 642 3429 ἐπὶ
664 3378 893 3447 σημασίᾳ
913 3381 1000 3435 τῆς
1027 3370 1263 3447 διαφορᾶς
1288 3378 1385 3426 τῶν
1415 3371 1681 3425 ἑνωθεισῶν
1707 3373 1777 3430 είς
1800 3374 1916 3442 μίαν

345 3467 638 3521 ὑπόστασιν
682 3468 897 3537 φύσεων,
940 3466 1018 3518 καί
1042 3466 1131 3517 οὑκ
1159 3464 1242 3517 ἐπί
1277 3471 1339 3533 τῇ
1367 3463 1461 3516 άνά
1487 3463 1635 3534 μέρος
1675 3459 1920 3536 διαιρέσει

339 3559 539 3617 αὐτῶν,
577 3555 619 3608 οί
664 3555 881 3625 πατέρες
916 3555 1240 3626 ίχρήσαντος
1281 3548 1714 3622 Ἀποδεδειγμένου
1756 3554 1921 3604 τοίνυν

347 3646 695 3714 πανταχόθεν,
725 3646 791 3703 ὡς
820 3644 996 3703 ἀσεϐές
1030 3644 1135 3696 ἐστι
1171 3643 1231 3696 τό
1270 3642 1425 3713 λέγιιν
1477 3643 1595 3711 μίαν
1622 3642 1785 3710 φύσιν,
1810 3641 1922 3698 ἤτοι

347 3737 530 3788 οὐσίαν
559 3733 792 3791 θεότητος
819 3736 902 3786 καὶ
946 3740 1037 3792 τῆς
1085 3732 1274 3804 σαρκὸς
1312 3736 1401 3785 τοῦ
1444 3737 1683 3803 Χριστοῦ,
1732 3731 1922 3782 κάκεῖνο

348 3826 586 3901 ἐροῦμεν,
616 3826 683 3881 ὡς
716 3820 825 3876 οὐδὲ
866 3823 981 3875 καθὸ
1007 3824 1123 3893 μίαν
1149 3821 1434 3875 ὑπόστασιν
1460 3820 1665 3890 λέγομεν
1692 3827 1782 3878 τῆς
1814 3818 1922 3871 θεό-

348 3935 529 3977 τητος,
556 3916 640 3967 καὶ
672 3920 762 3972 τῆς
796 3910 1178 3983 άνθρωπότητος
1203 3916 1288 3964 τοῦ
1331 3914 1568 3983 Χριστοῦ,
1602 3907 1734 3962 οὕτω
1770 3906 1923 3963 δυναο

347 4005 429 4055 τὸν
478 4005 571 4056 καί
760 4003 908 4072 φύσιν
949 4001 1104 4071 λέγειν
1140 4006 1387 4073 Χριστοῦ.
1424 3997 1618 4056 Ἐπειδή
1646 4002 1714 4067 μὴ
1740 3998 1921 4052 ταυτὸν

346 4094 496 4160 φὺσις
534 4111 587 4144 τε
627 4093 709 4144 καί
751 4089 1058 4147 ὑπόστασις.
1088 4089 1271 4147 Πάντες
1301 4090 1397 4161 γάρ
1446 4088 1490 4140 oi
1533 4085 1664 4157 ἅγιοι
1708 4086 1923 4159 πατέρες

351 4184 638 4253 συμφὼνως
664 4182 795 4249 ἡμᾶς
830 4176 1174 4237 διδάσκουσιν,
1216 4173 1331 4230 ἄλλο
1365 4170 1487 4229 εἶναι
1519 4174 1666 4245 φύσιν
1703 4174 1814 4232 ἤτοι
1838 4176 1920 4227 οὑ-

349 4274 484 4335 σίαν,
530 4272 621 4323 καὶ
649 4273 860 4341 μορφήν,
890 4269 968 4319 καὶ
1010 4262 1125 4319 ἄλλο
1167 4264 1449 4319 ὑπόστασιν
1485 4264 1593 4321 ἤτοι
1626 4265 1919 4338 πρόσωπον⁹

350 4365 427 4413 καί
472 4367 564 4418 τήν
594 4363 686 4428 μὲν
712 4360 879 4430 φύσιν,
910 4358 1021 4414 ἦτοι
1047 4359 1219 4410 οὑσίαν
1244 4358 1327 4410 καί
1347 4359 1531 4428 μορφήν
1556 4356 1612 4407 τὸ
1645 4356 1800 4407 κοινόν
1829 4375 1924 4410 ση-

350 4457 563 4515 μαίνειν,
594 4458 686 4509 τήν
714 4449 765 4505 δέ
794 4451 1082 4504 ὑπόστασιν
1105 4449 1215 4506 ἦτοι
1242 4448 1539 4521 πρόσωπον,
1581 4447 1639 4500 τό
1668 4444 1846 4500 ἱδικόν’
1880 4446 1922 4497 εἰ

347 4540 398 4596 ὃὲ
426 4541 637 4613 φήσωσί
662 4559 811 4601 τινες,
849 4537 924 4593 ὅτι
952 4540 1128 4611 ὥσπερ
1170 4538 1260 4606 μία
1290 4536 1574 4595 ὑπόστασις
1600 4537 1831 4593 σύνθετος
1854 4532 1921 4586 εἴ·

2014 3372 2230 3418 nantur.
2256 3362 2535 3428 Quomodo
2563 3363 2705 3416 enim
2733 3378 2838 3417 non
2856 3370 2937 3417 est
2964 3364 3288 3418 necessarius
3311 3380 3582 3431 numerus,

2014 3480 2140 3533 quo,
2166 3462 2232 3517 ad
2260 3462 2657 3531 signiﬁcandam
2680 3462 3032 3517 differentiam
3058 3472 3364 3518 naturarum
3385 3480 3502 3534 qum
3532 3467 3582 3519 in

2016 3573 2174 3610 unam
2203 3556 2595 3610 subsistentiam
2616 3556 2775 3609 unite
2802 3564 2941 3619 sunt,
2966 3564 3145 3611 etnon
3176 3557 3239 3611 ad
3269 3557 3582 3611 divisionem

2017 3661 2115 3715 per
2166 3655 2347 3715 partes
2398 3661 2601 3709 earum,
2652 3646 2730 3701 usi
2781 3655 2896 3699 sun'
2928 3645 3145 3701 Patres?
3202 3645 3581 3700 Demonstrato

2016 3736 2182 3805 igitur
2210 3736 2458 3803 undique,
2487 3735 2629 3804 quod
2672 3736 2888 3804 impium
2918 3744 3000 3790 est
3034 3736 3214 3791 dicere
3241 3750 3401 3790 unam
3430 3743 3580 3790 natu-

2018 3841 2133 3879 ram
2190 3825 2303 3879 sive
2345 3824 2695 3879 substantiam
2735 3825 2947 3878 deitatis
2974 3833 3028 3877 et
3065 3823 3239 3879 carnis
3282 3822 3498 3887 Christi,
3531 3832 3580 3877 et

2020 3914 2148 3968 illud
2190 3914 2432 3978 dicimus,
2471 3914 2595 3981 quia
2637 3928 2735 3968 nec
2769 3913 3062 3967 secundum
3100 3911 3241 3983 quod
3270 3928 3425 3969 unam
3454 3914 3581 3967 sub.

2020 4002 2315 4057 sistentiam
2338 4002 2562 4057 dicimus
2593 4002 2804 4057 deitatis
2825 4010 2879 4056 et
2899 4002 3241 4057 humanitatis
3268 4002 3484 4068 Christi,
3506 4004 3581 4057 sic

2020 4093 2271 4161 possibile
2295 4100 2376 4146 est
2404 4100 2459 4145 et
2487 4108 2647 4147 unam
2674 4104 2920 4145 naturam
2957 4090 3150 4146 Christi
3181 4090 3358 4145 dicere
3402 4108 3414 4143 :
3456 4107 3579 4160 quo-

2021 4181 2162 4233 niam
2208 4196 2312 4234 non
2355 4181 2497 4235 idem
2539 4190 2623 4235 est
2668 4189 2858 4235 natura
2885 4189 2939 4234 et
2983 4180 3343 4237 subsistentia.
3382 4178 3580 4232 Omnes

2020 4268 2159 4322 enim
2182 4269 2351 4321 sancti
2376 4267 2560 4323 Patres
2580 4278 2938 4324 consonanter
2959 4285 3058 4323 nos
3075 4269 3269 4323 docent
3294 4268 3436 4322 aliud
3466 4284 3580 4322 esse

2021 4366 2263 4412 naturam
2285 4360 2396 4413 sive
2425 4361 2775 4415 substantiam
2805 4367 2861 4414 et
2888 4362 3131 4423 formam,
3179 4368 3235 4413 et
3271 4360 3415 4414 aliud
3454 4361 3579 4413 sub-

2020 4454 2317 4509 sistentiam
2358 4456 2470 4510 sive
2515 4472 2826 4524 personam;
2868 4465 2923 4511 et
2967 4466 3209 4509 naturam
3237 4457 3451 4523 quidem
3500 4458 3579 4509 vel

2021 4543 2368 4597 substantiam
2408 4551 2464 4597 et
2499 4542 2745 4608 formam,
2811 4544 2916 4598 hoc
2980 4542 3124 4611 quod
3160 4554 3242 4598 est
3280 4560 3581 4608 connuune,

346 4652 498 4703 ρηται
522 4634 611 4685 ἐπὶ
636 4634 879 4703 Χριστοῦ,
913 4627 1045 4681 οὕτω
1073 4626 1152 4680 δεῖ
1178 4630 1256 4679 καί
1286 4629 1404 4693 μίαν
1424 4627 1568 4695 φύσιν
1597 4622 1828 4677 σύνθετον
1849 4623 1912 4676 λέ-

2022 4629 2347 4697 signitieare;
2373 4629 2766 4685 subsistentiam
2793 4640 2972 4687 autem
3004 4632 3117 4687 sive
3146 4647 3450 4702 personam,
3483 4634 3581 4687 hoc

344 4740 470 4789 γειν,
496 4717 824 4785 ἀποδείξομεν
849 4719 931 4770 καί
952 4722 1101 4770 τοῦτο
1122 4715 1372 4785 άλ).ότριον
1395 4710 1515 4767 εἶναι
1536 4720 1624 4772 τῆς
1644 4712 1917 4769 εὐσεϐείας.

348 4816 466 4861 Μίαν
490 4812 595 4880 γάρ
625 4809 775 4878 φύσιν
799 4809 1046 4865 θεότητος.
1080 4804 1188 4863 ἤτοι
1219 4807 1388 4858 οὐσίαν
1411 4806 1651 4875 λέγοντες,
1682 4812 1818 4876 τρεῖς
1847 4805 1921 4859 ἐπ’

346 4900 499 4957 αὐτῆς
547 4897 817 4966 δοξάζομεν
856 4896 1162 4953 ὑποστάσεις
1202 4898 1251 4949 ἐν
1283 4895 1470 4968 ἑκάστῃ
1515 4894 1797 4949 ὑποστάσει
1834 4900 1922 4953 τὴν

348 4991 501 5047 αὑτήν
536 4989 708 5060 φύσιν,
746 4987 857 5044 ἤτοι
896 4986 1069 5038 οὑσίαν
1095 4988 1414 5059 γνωρίζοντες
1438 5000 1452 5014 ⁸
1482 4989 1565 5036 καί
1613 4986 1830 5043 εὑσεϐὧς
1872 4986 1923 5036 ἐκ

346 5086 445 5132 τῶν
493 5084 652 5150 τριῶν
692 5076 1021 5129 ὑποστάσεων
1044 5076 1162 5143 μίαν
1202 5074 1487 5129 ὑπόστασιν
1522 5080 1608 5131 τὴν
1648 5081 1739 5127 τοῦ
1767 5074 1915 5145 λόγου

348 5167 479 5238 πρὸς
526 5170 621 5223 τήν
661 5166 827 5235 σάρκα
867 5164 1205 5216 συντεθεῖσθαί
1232 5183 1403 5232 φαμεν.
1450 5160 1617 5220 Οὐδεί,
1660 5161 1756 5238 γάρ
1793 5182 1914 5217 ποτε

349 5256 626 5323 ὶτόὶμησεν
675 5254 723 5304 ἐν
773 5260 835 5325 τῇ
878 5251 1100 5325 καθολικῇ
1149 5250 1387 5323 ἐκκλησίᾳ
1412 5254 1583 5314 εἰπεῖν,
1630 5249 1707 5303 ὅτι
1744 5252 1915 5327 ὥσπερ

350 5351 487 5414 τρεῖς
514 5342 830 5397 ὑποστάσεις
849 5379 863 5403 ,
896 5340 1028 5392 οὑτω
1052 5342 1131 5392 καί
1156 5348 1297 5412 τρεῖς
1327 5340 1497 5407 qua“;
1527 5341 1627 5393 εἰσὶ
1654 5349 1743 5397 τῆς
1770 5339 1918 5408 ἁγίας

348 5431 579 5504 τριάδος,
606 5433 736 5485 ὥστε
778 5434 857 5483 καί
897 5428 1140 5484 δύνασθαι
1175 5428 1328 5500 λέγειν
1374 5432 1490 5499 μίαν
1537 5429 1683 5497 φύσιν
1727 5431 1781 5482 ἔκ
1821 5436 1917 5482 τῶν

348 5530 501 5596 τριῶν
531 5523 732 5592 φύσεων
773 5521 1117 5575 συντεθεῖσθαι
1143 5524 1273 5595 πρὸς
1297 5523 1463 5593 σάρκα
1486 5535 1499 5548 ⁶
1529 5529 1660 5594 τρεῖς
1697 5520 1793 5594 γάρ
1820 5521 1915 5591 φὺ·

350 5631 459 5671 σεις
487 5613 579 5664 ἐπί
608 5619 700 5685 τῆς
729 5610 877 5683 ἁγίας
919 5609 1123 5681 τριάδος
1160 5608 1310 5682 μόνος
1334 5607 1529 5686 ’Δρειος
1555 5611 1809 5683 τολμήσας
1850 5611 1918 5663 εί-

350 5709 468 5755 πεῖν
496 5705 567 5760 ὥς
596 5701 885 5771 βλάσφημος
913 5705 1187 5774 κατεκρίθη.
1220 5705 1309 5756 Διά
1329 5709 1479 5757 τοῦτο
1504 5703 1660 5756 τοίνυν
1686 5701 1813 5755 κατά
1835 5702 1919 5756 τόν

352 5791 499 5864 ὀρθὸν
526 5788 670 5858 λόγον
691 5788 781 5842 δύο
809 5790 999 5857 φύσεων
1024 5789 1200 5844 ἕνωσιν
1220 5791 1437 5862 λέγομεν,
1462 5794 1542 5842 καί
1700 5790 1918 5845 ὑπόστα-

354 5900 457 5934 σιν.
488 5877 692 5937 Ἐπειδή
720 5877 743 5931 ὃ
771 5883 858 5933 τοῦ
884 5885 1009 5931 θεοῦ
1037 5879 1144 5938 υἱός
1175 5882 1297 5933 κατά
1326 5886 1411 5937 τήν
1441 5880 1720 5936 ὑπόστασιν
1749 5879 1915 5951 ἕτερος

2022 4718 2165 4785 quod
2194 4725 2275 4772 est
2313 4719 2564 4786 speciale.
2608 4720 2699 4775 Sin
2729 4736 2859 4775 vero
2897 4722 3126 4775 dixerint
3165 4720 3403 4789 quidam,
3443 4724 3581 4791 quod

2022 4807 2159 4861 sicut
2180 4823 2280 4867 unt|
2308 4808 2644 4865 subsistentia
2679 4813 2971 4879 composita
3006 4812 3201 4867 dicitur
3242 4812 3456 4879 Christi,
3508 4817 3581 4869 sic

2023 4906 2236 4965 oportet
2256 4908 2310 4952 et
2330 4915 2487 4954 unam
2513 4909 2753 4955 naturam
2781 4904 3130 4970 compositam
3166 4903 3343 4958 dicere
3368 4922 3379 4955 :
3403 4913 3579 4957 osten-

2023 4986 2211 5043 demus
2238 4997 2291 5043 et
2319 4990 2420 5044 hoc
2444 4990 2673 5046 alienum
2706 5006 2826 5049 esse
2845 5007 2875 5045 a
2900 4993 3113 5060 pietate.
3142 4992 3309 5045 Unam
3331 4994 3471 5046 enim
3492 5009 3579 5046 na-

2021 5084 2192 5131 turam
2215 5079 2327 5132 sive
2352 5080 2701 5135 substantiam
2736 5079 2954 5135 deiutis
2982 5081 3241 5144 dicentes,
3272 5090 3378 5135 tres
3417 5081 3579 5148 ipsius

2017 5165 2335 5221 conﬁtemur
2386 5167 2778 5239 [gloriﬁcamus,
2824 5168 3025 5239 Gram]
3072 5169 3458 5232 subsistentias,
3525 5170 3577 5222 in

2018 5268 2335 5323 unaquaque
2372 5255 2708 5310 subsistentia
2737 5256 2975 5311 eamdem
3027 5266 3265 5309 naturam
3306 5258 3417 5310 sive
3455 5259 3575 5311 sub-

2015 5341 2265 5394 stantiam
2295 5352 2694 5407 cognoscentes.
2718 5341 2787 5395 Et
2812 5350 2955 5396 recte
2984 5358 3048 5396 ex
3081 5343 3247 5397 tribus
3279 5344 3567 5398 subsisten-

2018 5426 2106 5480 tiis
2127 5442 2282 5480 unam
2310 5426 2700 5482 subsistentiam
2716 5427 2875 5481 Verbi
2904 5429 2967 5481 ad
2991 5443 3204 5482 carnem
3226 5431 3575 5498 compositam

2019 5532 2139 5572 esse
2164 5517 2405 5572 dicimus.
2435 5516 2602 5571 Nemo
2642 5517 2783 5571 enim
2830 5531 3062 5584 unquam
3098 5532 3258 5575 ausus
3284 5526 3365 5572 est
3399 5519 3451 5573 in
3481 5536 3543 5574 ca
3563 5549 3577 5560 -

2017 5606 2209 5661 tholica
2231 5604 2466 5661 Ecclesia
2504 5607 2699 5672 dicere,
2739 5606 2880 5675 quod
2902 5606 3039 5670 sicut
3064 5615 3173 5662 tres
3199 5609 3571 5675 subsistentia),

2014 5698 2092 5753 sic
2118 5706 2172 5751 et
2200 5706 2309 5751 tres
2348 5707 2549 5757 naturae
2588 5704 2709 5753 sunt
2746 5706 2941 5755 sancta:
2970 5691 3276 5753 Trinitatis:
3307 5708 3365 5754 ut
3402 5702 3571 5770 possi-

2014 5789 2120 5845 bile
2148 5789 2216 5845 sit
2242 5789 2440 5854 dicere,
2470 5803 2625 5851 unam
2651 5796 2892 5847 naturam
2922 5804 2986 5844 ex
3010 5790 3175 5844 tribus
3197 5789 3400 5844 naturis
3425 5805 3571 5845 com-

2015 5879 2241 5948 positam
2269 5894 2384 5936 esse
2406 5879 2468 5933 ad
2496 5895 2725 5934 carnem.
2754 5879 2883 5935 Tres
2902 5881 3041 5935 enim
3074 5890 3285 5935 naturas
3314 5879 3363 5957 in
3388 5889 3568 5935 sancta
