4108 6442
576 438 704 503 1011

1840 444 2282 505 ,ΙΙῙΒΤΙΝΙΑΝΙ
2329 445 2480 503 IMP.

3671 439 3800 499 1019

560 554 627 607 ὢν
654 554 789 621 παρά
824 554 897 605 ,ὸν
923 552 1136 622 πατέρα,
1163 557 1251 607 τῆς
1287 550 1435 606 αὐτῆς
1462 546 1514 601 δὲ
1541 548 1732 619 φὺσεως
1758 543 1821 597 ὧν
1844 554 1914 613 τῷ
1942 547 2116 620 πατρί,

2231 540 2482 596 Trinitate
2505 542 2649 595 Solus
2672 543 2824 594 Arius
2854 556 3012 594 ausus
3034 542 3232 606 dicere,
3268 550 3515 608 tauquam
3544 542 3784 611 blasphe‘

560 646 609 696 ἐν
739 642 841 715 ἰδίᾳ
878 642 1156 697 ὑποστάσει
1189 636 1577 711 ἐδηιιιούργησεν
1603 636 1767 704 ἑαυτῷ
1793 637 1955 708 σάρκα
1994 634 2119 703 ἐψυ-

561 734 798 803 χωμὲνην
825 731 975 803 ψυχῇ
1002 731 1165 803 λογικῇ
1189 732 1273 781 καί
1297 732 1465 802 νοερᾷ,
1505 725 1629 800 ὅπερ
1664 725 1805 783 δηλοῖ
1840 726 2119 799 ἀνθρωπίνῃ

559 825 701 893 φύσει
721 823 950 879 ἔνοῆἦνειι
972 821 1053 874 τὸν
1068 826 1155 873 τνῦ
1174 824 1298 873 Θεοῦ
1314 818 1469 889 λόγον,
1491 821 1572 870 καί
1595 819 1697 885 οὐχ
1715 818 1998 869 ὑποστάσει
2009 816 2121 873 ἤτοι

561 916 822 985 προσώπῳ
850 910 996 966 τοῦδέ
1024 926 1172 969 τινος’
1207 908 1322 963 ἔστι
1348 910 1513 962 τοίνυν
1543 908 1568 961 6
1597 914 1686 962 τοῦ
1712 914 1835 961 Θεοῦ
1870 907 2009 978 λόγος
2039 909 2121 959 καί

563 1003 834 1077 σαρκωθείς
858 1005 948 1073 μία
976 1001 1259 1058 ὑπόστασις
1279 1001 1326 1051 ἐν
1347 999 1557 1073 ἑκατέρᾳ
1583 994 2118 1070 φὺσειγνωριζόμενος,

562 1096 611 1146 ἐν
631 1094 681 1147 δὲ
703 1102 764 1165 τῇ
788 1096 915 1166 θείᾳ,
945 1094 995 1146 iv
1015 1090 1046 1165 ᾖ
1066 1093 1272 1166 ὑπῆρχε
1301 1093 1429 1144 κατά
1451 1092 1529 1154 τὸ,
1549 1088 1710 1149 ι-Ὃς
1737 1092 1785 1143 ἓν
1807 1098 1969 1163 μορφῇ
1992 1096 2118 1144 Θεοῦ

562 1186 838 1255 ὑπάρχων.
866 1211 937 1221 -
959 1185 1037 1235 mi.
1059 1183 1106 1233 ἔν
1213 1182 1493 1255 ἀνθρωπίνῃ
1524 1182 1651 1234 κατὰ
1670 1182 1745 1243 τὸ,
1766 1189 1917 1233 -Ὲν
1938 1179 2120 1249 ὁμοιώ-

564 1296 686 1344 ματι
705 1275 975 1345 ἀνθρώπων
992 1271 1266 1343 γενόμενος.
1282 1299 1348 1309 -
1362 1272 1460 1321 Καὶ
1480 1268 1562 1322 διὰ
1582 1276 1730 1323 τοῦτο
1750 1269 1971 1327 εὐσεϐῶς
1992 1267 2122 1322 εἴποι

566 1384 640 1422 τις
680 1360 741 1419 ἂν
766 1368 882 1434 μίαν
922 1360 1207 1414 ὑπόστασιν
1232 1365 1321 1413 τοῦ
1364 1365 1491 1413 Θεοῦ
1519 1360 1663 1429 λόγου
1710 1360 1960 1422 σύνθετον,
1993 1359 2120 1432 ἥπερ

566 1455 684 1521 μίαν
707 1450 851 1521 φύσιν
882 1450 1130 1503 σύνθετον·
1163 1446 1329 1505 ἐπειδὴ
1353 1447 1431 1501 ὅτε
1454 1447 1561 1499 καθ’
1588 1448 1766 1504 ἑαυτὴν
1788 1447 1955 1505 ἁπλῶς
1975 1445 2121 1517 φύσις

565 1541 779 1611 λέγεται.
813 1544 881 1609 μὴ
907 1539 1264 1609 προσκειμένου
1292 1539 1453 1609 ταύτῃ
1483 1536 1638 1590 ίδικοῦ
1668 1558 1797 1595 τινος
1819 1540 2119 1612 προσώπου,

569 1629 802 1703 ἀόριστόν
820 1650 887 1691 τι,
918 1630 1002 1679 καί
1022 1622 1367 1680 ἀνυπόστατον
1396 1624 1553 1682 δηλοῖ³
1582 1626 1639 1680 τὸ
1661 1626 1711 1677 δὲ
1736 1626 1969 1699 ἀόριστον
1997 1627 2123 1696 πρὸς

566 1719 703 1775 οὐδὲν
729 1720 1018 1776 συντεθῆναι
1043 1716 1269 1770 δύναται.
1302 1720 1355 1769 Εἰ
1384 1715 1433 1770 δέ
1460 1736 1538 1774 τις
1564 1719 1643 1767 καί
1668 1722 1794 1783 μετὰ
1821 1718 1938 1774 τοὺς
1962 1718 2125 1768 τοιοὺ-

567 1832 686 1870 τους
706 1809 883 1883 λόγους
906 1810 1032 1880 πρὸς
1060 1808 1346 1880 φιλονεικίαν
1375 1807 1521 1877 μόνην
1548 1806 1695 1880 ὁρῶν,
1725 1807 1984 1860 ἀντιθεῖναι
2012 1808 2121 1860 ἔπι-

2221 646 2342 683 mus
2372 630 2756 683 condemnatus
2785 639 2887 683 est.
2913 630 3037 684 ldeo
3059 631 3217 698 igitur
3262 631 3552 684 secundum
3591 641 3787 695 rectam

2220 721 2501 783 rationem,
2534 719 2755 772 duarum
2796 728 3103 773 naturarum
3133 720 3359 773 dicimus
3398 720 3705 786 unitionem,
3735 734 3788 776 et

2221 825 2379 862 unam
2402 810 2798 863 subsistentiam
2828 827 2840 862 :
2881 811 3131 878 quoniam
3176 810 3270 864 Dei
3299 811 3479 876 Filius,
3511 829 3629 866 cum
3652 826 3789 867 esset

2220 899 2511 953 secundum
2561 901 2956 955 subsistentiam
2988 901 3123 954 alter
3162 910 3357 969 pneler
3385 902 3612 965 Patrem,
3642 920 3787 957 eam-

2222 987 2343 1042 dem
2372 1000 2549 1043 autem
2580 1000 2824 1044 naturam
2853 990 3055 1043 habens
3085 990 3275 1056 Patris,
3302 993 3353 1044 in
3384 1008 3476 1045 sua
3502 994 3789 1046 subsisten-

2221 1081 2293 1133 tia
2325 1082 2603 1149 plasmavit
2626 1082 2723 1135 sibi
2747 1098 2961 1135 carnem
3000 1083 3288 1135 animatam
3320 1084 3497 1136 anima
3544 1084 3788 1137 rationali

2220 1178 2274 1221 et
2297 1170 2644 1223 intellectuali
2672 1188 2683 1222 :
2713 1170 2855 1239 quod
2879 1169 3158 1237 signiﬁcat,
3187 1172 3430 1225 humana:
3460 1181 3659 1226 natum:
3678 1174 3789 1225 uni-

2221 1266 2331 1310 tum
2372 1273 2489 1311 esse
2540 1258 2706 1311 Deum
2737 1258 2991 1323 Verbum,
3050 1268 3104 1313 et
3148 1276 3256 1314 non
3302 1262 3656 1315 subsistentia:
3697 1277 3788 1315 seu

2221 1365 2462 1418 persona:
2491 1350 2781 1417 cujusdam.
2818 1349 2912 1403 Est
2935 1352 3097 1419 igitur
3123 1351 3266 1405 Deus
3298 1351 3528 1406 Verbum
3555 1361 3607 1405 et
3630 1354 3786 1405 incar-

2223 1456 2396 1511 natus,
2428 1463 2529 1499 una
2560 1447 2899 1501 subsistentia
2931 1449 2982 1501 in
3006 1455 3233 1517 utraque
3263 1459 3449 1503 natura
3473 1466 3789 1518 cognoscen-

2222 1536 2357 1590 dus:
2390 1537 2440 1589 in
2471 1536 2667 1601 divina,
2700 1537 2750 1589 in
2784 1553 2887 1605 qua
2928 1548 3064 1603 erat,
3106 1548 3266 1607 prout
3307 1540 3506 1594 dictum
3546 1551 3655 1601 est.
3694 1540 3786 1603 Qui

2222 1643 2331 1679 cum
2357 1629 2411 1680 in
2440 1630 2607 1698 forma
2646 1627 2740 1680 Dei
2778 1638 2907 1680 esset
2936 1628 3152 1697 (Philip.
3173 1631 3266 1699 Jl);
3296 1640 3351 1684 et
3374 1632 3424 1683 in
3455 1632 3681 1684 humana
3709 1646 3790 1683 se-

2222 1716 2451 1768 cundum
2481 1715 2584 1769 hoc
2604 1717 2744 1784 quod
2765 1726 2845 1769 est
2866 1719 2917 1770 in
2947 1718 3329 1772 similitudinem
3351 1721 3607 1773 hominum
3631 1720 3791 1790 factus

2226 1802 2489 1873 (Ibidem).
2526 1803 2591 1857 Et
2624 1805 2743 1858 ideo
2774 1805 2899 1875 [pie,
2942 1806 3133 1877 Greca]
3181 1810 3381 1865 rectius
3424 1811 3569 1865 dicat
3608 1812 3794 1877 aliquis

569 1906 801 1975 χειρήσεε
826 1902 996 1971 λέγων,
1052 1897 1133 1953 ὅτι
1174 1900 1303 1952 κατὰ
1341 1898 1425 1951 ’τὸν
1474 1895 1777 1951 ἀποδοθέντα
1807 1906 1895 1955 τῆς
1930 1895 2126 1966 φύσεως

2231 1912 2385 1949 unam
2433 1896 2825 1950 subsistentiam
2872 1897 2967 1952 Dei
3013 1899 3172 1953 Verbi
3220 1903 3597 1970 compositam,
3639 1918 3792 1971 quam

565 1992 705 2062 λόγον
738 1996 844 2063 χρὴ
875 1992 956 2043 καί
982 1994 1070 2046 την
1099 1988 1405 2059 ἀνθρωπίνην
1436 1987 1579 2056 φύσιν
1616 1992 1706 2039 τοῦ
1744 1991 1964 2059 Χριστοῦ
1996 1983 2125 2038 ἰδίαν

564 2080 864 2140 ὑπόστασιν..
888 2081 997 2134 ἦτοι
1024 2079 1297 2149 πρόσωπον
1320 2075 1441 2130 ἴδιον
1470 2073 1500 2128 ἒ
1502 2097 1634 2146 χειν,
1664 2075 1909 2149 πρόδηλός
1940 2078 2072 2131 ἔστιν
2101 2075 2125 2128 6

566 2176 811 2234 τοιοῦτος,
842 2168 918 2223 ὅτι
950 2168 1333 2243 προῦποστὰντι
1358 2167 1600 2239 ἀνθρώπῳ
1631 2166 1864 2223 ἑνωθῆναι
1890 2167 2016 2237 λέγει
2041 2169 2127 2221 τὸν

564 2262 728 2330 λόγον,
755 2262 840 2314 καί
858 2263 1104 2328 σχετικὴν
1120 2258 1411 2329 γεγενῆσθαι
1430 2261 1517 2313 τὴν
1542 2257 1734 2310 ἕνωσιν.
1758 2257 1851 2308 Δύο
1875 2258 1971 2333 γάρ
1994 2256 2127 2309 ὑπο-

570 2352 826 2413 στάσεων,
865 2347 976 2406 ἤτοι
1002 2349 1284 2418 προσώπων
1319 2346 1425 2399 καθ’
1451 2347 1730 2400 ὑπόστασιν
1766 2348 1990 2417 γενέσθαι
2019 2347 2131 2398 ἕνω-

570 2461 653 2494 σιν
678 2438 942 2493 ἀδύνατον.
965 2434 1123 2491 Ὠστε
1153 2436 1177 2490 6
1199 2442 1365 2491 ταῦτα
1383 2435 1556 2505 λέγων,
1578 2437 1634 2488 τὸ
1654 2434 1862 2489 δυνατὸν
1888 2442 1977 2490 τοῦ
2002 2444 2128 2490 Θεοῦ

568 2528 724 2600 λᾶγοις
750 2529 1057 2604 ἀνθρωπίνης·
1086 2530 1265 2596 σοφίας
1290 2532 1499 2579 κενῶσαι
1532 2525 1850 2590 σπουδάζων,
1883 2528 2051 2596 ἀγνοεῖ
2073 2528 2130 2580 τὸ

571 2625 697 2695 μέγα
720 2630 812 2682 τῆς
836 2621 1092 2682 εὐσεϐείας
1119 2624 1411 2695 μυστήριον,
1442 2618 1566 2694 ὅπερ
1589 2620 1767 2695 καρδίᾳ
1785 2624 1874 2685 μέν
1898 2624 2131 2677 πιστεύε-

569 2737 653 2770 ται
693 2719 764 2775 εἰς
792 2713 1127 2776 δικαιοσύνην,
1157 2713 1372 2785 στόματι
1409 2711 1463 2767 δὲ
1510 2712 1819 2785 ὁμολογεῖται
1856 2716 1927 2775 είς
1965 2737 2132 2775 σωτη-

569 2812 681 2880 ρίαν
708 2824 717 2833 ’
743 2803 854 2860 οὔτε
894 2807 992 2879 γάρ
1021 2807 1050 2862 ἡ
1091 2806 1371 2878 ἀνθρωπίνη
1393 2803 1544 2875 φύσις
1574 2812 1662 2859 τοῦ
1706 2812 1925 2877 Χριστοῦ
1963 2807 2134 2867 ἁπλῶς

571 2917 693 2952 ποτε
719 2897 932 2967 λέγεται,
961 2895 1060 2948 ἀλλ’
1085 2892 1197 2948 οῦτε
1228 2894 1352 2949 ἰδίαν
1381 2894 1688 2953 ὑπόστασιν.
1720 2896 1830 2953 ἦτοι
1858 2896 2133 2965 πρόσωπον

572 2988 752 3057 ἴσχεν,
796 2987 899 3040 ἀλλ’
923 2989 971 3040 ίν
1000 2995 1061 3061 τῇ
1094 2987 1371 3042 ὑποστάσει
1412 2993 1502 3041 τοῦ
1545 2986 1691 3058 λὸγου
1732 2994 1820 3046 τήν
1847 2990 2016 3063 ἀρχὴν
2042 2998 2134 3049 τῆς

573 3079 833 3155 ὑπάρξεως
873 3077 1069 3131 ἔλαϐεν.
1095 3074 1239 3131 Ὀθεν
1261 3079 1411 3131 αὑτὸν
1440 3076 1517 3131 τὸν
1546 3080 1667 3131 Θεὸν
1698 3078 1839 3149 λόγον
1873 3081 2135 3153 ἀτρέπτως

570 3168 826 3244 ἄνθρωπον
847 3170 1139 3240 γεγενῆσθαι
1173 3168 1525 3239 ὁμολογοῦμεν,
1557 3173 1641 3221 καὶ
1668 3171 1757 3222 οὑκ
1780 3171 1848 3228 εἰς
1877 3168 2135 3244 ἄνθρωπόν

2228 2000 2385 2037 unam
2425 1994 2669 2037 naturam
2714 1988 3103 2055 compositam:
3147 1990 3401 2055 quoniam
3448 2007 3571 2045 cum
3611 2006 3705 2059 per
3739 2006 3795 2042 se

2225 2074 2467 2128 absolute
2502 2083 2694 2128 natura
2728 2075 2940 2141 dicitur,
2971 2093 3075 2131 non
3106 2079 3311 2142 adjecta
3358 2080 3407 2133 ei
3449 2081 3670 2149 speciali
3708 2095 3797 2133 cu-

2220 2164 2432 2232 jusdam
2460 2179 2707 2233 persona,
2742 2163 3027 2230 inﬁnitum,
3060 2176 3114 2220 et
3137 2183 3240 2221 non
3270 2169 3568 2223 subsistens
3605 2167 3797 2236 aliquid

2226 2252 2525 2319 significat:
2550 2252 2814 2308 inﬁnitum
2853 2264 3029 2309 autem
3060 2257 3125 2310 ad
3156 2257 3286 2311 nihil
3317 2267 3499 2327 potest
3536 2258 3795 2327 componi.

2228 2341 2319 2395 Sin
2350 2350 2526 2396 autem
2551 2343 2740 2411 aliquis
2762 2352 2816 2398 et
2839 2354 2957 2413 post
2981 2345 3115 2400 tales
3144 2347 3380 2402 rationes
3402 2348 3466 2401 ad
3506 2347 3801 2402 contentio-

2228 2448 2351 2487 nem
2397 2434 2565 2488 solam
2622 2436 2933 2504 respiciens,
2988 2451 3263 2505 opponere
3318 2447 3578 2502 conatur,
3628 2438 3803 2491 dicens

2230 2524 2372 2591 quod
2419 2525 2710 2579 secundum
2744 2525 3001 2579 redditam
3046 2535 3249 2580 natura:
3278 2529 3549 2581 rationem
3598 2534 3807 2595 oportet

2232 2628 2286 2674 et
2312 2620 2599 2675 humanam
2622 2630 2865 2675 naturam
2886 2621 3083 2676 Christi
3114 2639 3262 2677 suam
3285 2624 3691 2679 subsistentiam
3715 2637 3805 2675 seu

2232 2731 2513 2785 personam
2564 2716 2834 2785 propriam
2876 2716 3075 2770 habere
3118 2734 3131 2768 :
3175 2717 3501 2772 manifestus
3552 2726 3629 2771 est
3672 2715 3802 2773 talis,

2231 2807 2372 2875 quod
2396 2815 2519 2860 ante
2548 2806 2852 2860 subsistenti
2879 2805 3079 2860 homini
3106 2808 3308 2861 unitum
3339 2822 3460 2861 esse
3494 2809 3618 2861 dicit
3642 2806 3800 2859 Deum

2234 2902 2485 2966 Verbum,
2517 2910 2573 2956 et
2602 2900 2934 2956 aﬂ‘ectualem
2982 2900 3175 2955 factam
3210 2916 3331 2956 esse
3371 2902 3649 2955 uni-tatem.
3678 2898 3799 2950 Dus:

2234 2992 2377 3046 enim
2408 2992 2763 3046 subsistentia:
2790 3007 2883 3044 seu
2909 3006 3149 3060 personae
3190 2991 3485 3045 secundum
3516 2990 3799 3045 subsisten-

2236 3082 2361 3135 tiam
2394 3082 2531 3135 uniri
2563 3098 2667 3136 non
2699 3090 2939 3150 possunt.
2972 3080 3072 3146 Qui
3096 3081 3254 3149 igitur
3276 3082 3392 3135 haec
3420 3083 3572 3147 dicit,
3596 3080 3685 3134 Dei
3708 3094 3799 3147 po—

2238 3174 2456 3227 tentiam
2476 3174 2653 3227 verbis
2673 3174 2914 3226 humanm
2935 3174 3206 3242 sapientim
3234 3188 3501 3228 evacuarc
3528 3173 3796 3225 festinans,

570 3284 679 3313 τινα
703 3262 848 3314 αὐτὸν
873 3260 1176 3317 ἐληλυθέναι·
1209 3262 1292 3311 καί
1327 3264 1414 3312 τοῦ
1437 3259 1589 3312 αὐτοῦ
1617 3265 1737 3311 Θεοῦ
1766 3260 1914 3331 λόγου
1942 3282 2129 3332 σαρκω-

2238 3263 2447 3330 ignorat
2474 3275 2720 3329 magnum
2744 3262 2958 3330 pietatis
2989 3262 3319 3329 mysterium,
3344 3263 3490 3329 quod
3513 3260 3670 3313 corde
3690 3257 3802 3326 qui-

570 3356 731 3412 Θέντος
758 3358 845 3409 την
874 3354 925 3405 ἐκ
947 3353 1188 3423 παρθένου
1217 3353 1440 3423 γέννησιν
1466 3347 1606 3414 εἶναι,
1630 3355 1712 3404 καὶ
1739 3350 1820 3405 διά
1850 3359 2001 3406 τοῦτο
2028 3356 2135 3408 θεο-

570 3445 713 3495 τόκον
753 3438 874 3496 εἶναι
907 3448 994 3499 τὴν
1023 3441 1166 3512 ἁγίαν
1205 3440 1393 3504 ἔνδοξον
1437 3443 1757 3514 ἀειπάρθενον
1796 3445 2014 3516 Μαρίαν.
2046 3446 2133 3498 Διά

570 3538 721 3584 τοῦτο
761 3532 842 3582 καί
868 3530 967 3602 πρὸ
989 3538 1078 3589 τῆς
1104 3533 1407 3601 σαρκώσεως
1440 3537 1527 3584 τοῦ
1558 3536 1682 3584 Θεοῦ
1708 3529 1873 3598 λόγου,
1904 3534 1983 3584 καί
2008 3533 2135 3600 μετά

572 3626 661 3679 τήν
687 3622 842 3676 αὑτοῦ
880 3625 1130 3695 σάρκωσιν
1163 3630 1293 3697 τρεῖς
1337 3624 1648 3683 ὑποστάσεις
1685 3623 1889 3693 λέγομεν
1916 3629 2003 3681 τοῦ
2034 3646 2134 3678 πα-

572 3715 792 3788 τρόςηκαί
817 3720 905 3768 τοῦ
929 3716 1039 3766 υἶοῦ
1080 3716 1162 3767 καί
1193 3719 1282 3768 τοῦ
1320 3714 1463 3782 ἁγίου
1509 3716 1814 3785 πνεύματος.
1858 3722 1948 3773 τῆς
1989 3714 2135 3783 ἁγίας

572 3805 775 3882 τριάδος
803 3809 1047 3878 τετάρτης
1086 3806 1442 3869 ὑποστάσεως,
1472 3803 1577 3861 ἤτοι
1605 3806 1885 3874 προσώπου
1919 3806 2138 3875 προσθή-

573 3918 658 3953 κην
687 3900 755 3967 μὴ
783 3893 1153 3962 ἐπιδεξαμένης.
1179 3892 1260 3946 Ἐκ
1287 3896 1478 3948 τούτων
1512 3895 1673 3947 τοίνυν
1711 3895 1911 3947 πάντων
1952 3891 2139 3966 διελίγ⁴

573 4008 757 4058 χονται
795 3988 839 4039 οί
878 3987 1099 4058 λέγοντες
1149 3988 1250 4061 πρὸ
1294 3994 1385 4045 τῆς
1434 3987 1660 4045 ίνώσεως
1708 3985 1799 4040 δύο
1842 3990 2035 4058 φύσεις,
2070 3991 2137 4047 ὡς

570 4080 972 4151 προϋποστάντα
1004 4080 1228 4148 λέγουσιν
1277 4074 1557 4150 ἄνθρωπον,
1601 4080 1683 4130 καί
1718 4078 1876 4136 οὕτως
1907 4078 2139 4135 ἔνωθῆναι

573 4177 645 4240 τῷ
675 4176 782 4238 Θεῷ
809 4169 957 4239 λόγῳ,
980 4169 1109 4220 κατὰ
1127 4171 1215 4224 τήν
1236 4169 1417 4234 μανίαν
1443 4164 1723 4239 Θεοδώρου,
1753 4171 1837 4220 καί
1866 4171 2135 4240 Νεστορίου

571 4260 669 4313 τῶν
694 4259 915 4313 ἀσεϐὢνο
943 4260 986 4309 oi
1018 4256 1070 4311 δὲ
1106 4257 1326 4327 λέγοντες
1353 4260 1421 4326 μή
1460 4263 1649 4328 χρῆναι
1691 4256 1845 4324 λέγειν
1883 4257 2012 4325 μετά
2051 4262 2138 4313 τὴν

574 4350 750 4401 ἕνωσιν
776 4345 865 4401 δύο
888 4345 1063 4418 φύσεις
1084 4346 1165 4399 ἐπὶ
1187 4350 1431 4418 Χριστοῦ,
1455 4345 1574 4398 ἀλ)νὰ
1601 4348 1718 4414 μίαν
1743 4344 1915 4416 φύσιν,
1938 4348 2139 4418 σύγχυ-

571 4458 673 4495 σιν,
716 4440 801 4490 καί
830 4440 1108 4507 φαντασίαν
1144 4436 1429 4503 εἰσάγοντες
1453 4431 1762 4505 [εἰσάγουσι]
1795 4438 1919 4488 κατά
1947 4434 2137 4489 ’Δπολι-

571 4528 759 4587 sine»,
784 4529 865 4578 καί
892 4524 1130 4592 Εὑτυχέα
1158 4525 1274 4581 τοὺς
1302 4521 1815 4581 ἁσεϐεῖς.’Δλλόὖτοι
1841 4526 1929 4592 μὲν
1948 4532 2134 4579 ταῦτα.

2235 3352 2354 3405 dem
2378 3351 2705 3425 ereditur_ad
2723 3352 3004 3419 justitiam,
3036 3367 3131 3405 ore
3161 3360 3337 3404 autem
3367 3352 3632 3405 confessio
3658 3350 3711 3401 lit
3738 3346 3799 3399 ad

2234 3440 2482 3495 salutem.
2524 3440 2706 3508 Neque
2735 3442 2876 3494 enim
2911 3442 3139 3494 humana
3169 3440 3365 3495 Christi
3396 3450 3588 3495 natura
3631 3452 3722 3507 per
3747 3450 3803 3488 se

2236 3529 2478 3583 absolute
2501 3544 2731 3598 unquam
2753 3530 2966 3592 dicitur,
2996 3531 3088 3583 sed
3117 3546 3213 3584 nec
3241 3546 3389 3583 suam
3413 3526 3803 3585 subsistentiam

2236 3636 2329 3674 seu
2360 3636 2641 3689 personam
2669 3622 2888 3675 habuit:
2926 3622 3017 3675 sed
3048 3623 3098 3676 in
3142 3623 3487 3676 subsistentia
3516 3623 3608 3676 Dei
3629 3617 3801 3676 Verbi.

2237 3720 2425 3764 natura
2459 3710 2689 3764 humana
2720 3712 2925 3764 initium
2956 3710 3185 3783 [initium
3233 3712 3533 3765 existentize
3574 3706 3796 3775 accep“.

2239 3806 2428 3877 ὦπα]
2459 3816 2519 3861 ut
2540 3817 2698 3872 esset,
2725 3809 2947 3863 habuit:
2981 3808 3119 3863 unde
3150 3810 3321 3878 ipsum
3374 3809 3545 3865 Deum
3575 3806 3799 3861 Verbum

2240 3896 2641 3950 immutabiliter
2668 3897 2939 3951 hominem
2988 3896 3188 3951 factum
3232 3912 3348 3951 esse
3385 3898 3720 3954 conﬁtemur.
3750 3899 3803 3944 et

2239 4003 2343 4041 non
2372 3986 2425 4040 in
2469 3987 2739 4041 hominem
2769 3987 3053 4055 quemdam
3084 3988 3325 4051 venisse;
3369 3996 3428 4041 et
3457 3985 3690 4055 ejusdem
3714 3980 3803 4034 Dei

2240 4077 2396 4132 Verbi
2429 4078 2689 4132 incarnati
2718 4093 2837 4133 esse
2877 4078 3207 4132 nativitatem
3241 4094 3308 4132 ex
3349 4079 3578 4148 virgine,
3607 4084 3661 4130 et
3688 4087 3805 4142 pre-

2237 4186 2357 4241 pter
2383 4177 2488 4245 hoc
2515 4176 2609 4230 Dei
2640 4177 2963 4231 Genitricem
3004 4186 3242 4231 sanctam
3270 4177 3559 4243 gloriosam
3602 4186 3805 4240 semper

2237 4268 2492 4333 virginem
2538 4265 2759 4318 Mariam
2799 4280 2936 4320 esse.
2972 4265 3100 4320 Ideo
3140 4275 3193 4318 et
3233 4273 3357 4318 ante
3392 4264 3803 4319 incarnationem

2240 4357 2330 4410 Dei
2359 4356 2537 4419 Verbi,
2582 4364 2636 4409 et
2675 4362 2795 4424 post
2840 4356 2955 4421 ejus
2985 4355 3429 4421 incarnationem,
3492 4364 3599 4408 tres
3640 4347 3804 4403 subsi—

2238 4448 2460 4501 stentias
2488 4446 2709 4500 dicimus
2737 4444 2929 4507 Patris,
2980 4453 3034 4497 et
3082 4444 3220 4505 Filii,
3247 4452 3300 4498 et
3341 4444 3572 4513 Spiritus
3618 4436 3801 4493 sancti.

2238 4534 2355 4589 Non
2394 4535 2536 4588 enim
2582 4543 2767 4588 sancta
2796 4533 3029 4587 Trinitas
3075 4542 3278 4601 quarta:
3326 4530 3682 4589 subsistentia:
3724 4522 3803 4575 vel

570 4624 629 4667 Oi
659 4617 708 4666 δι
743 4613 871 4684 ἅγιοι
900 4615 1117 4686 πατέρες
1157 4615 1284 4685 μετὰ
1321 4618 1410 4671 τήν
1449 4621 1536 4667 τοῦ
1580 4614 1728 4686 λόγου
1771 4615 2129 4688 ἐνανθρώπησιν

2238 4639 2478 4693 persona:
2506 4623 2858 4689 adjectionem
2887 4624 3140 4691 suscepit.
3174 4622 3248 4675 Ex
3275 4623 3353 4675 his
3379 4622 3540 4691 igitur
3565 4616 3805 4673 omnibus

570 4704 911 4774 θεωρήσαντες
934 4704 997 4755 τά
1020 4703 1070 4767 ἐξ
1095 4700 1159 4754 ὧν
1184 4702 1209 4756 ὁ
1236 4704 1476 4775 Χριστὸς,
1504 4706 1584 4757 καί
1623 4703 1699 4758 ὅτι
1731 4705 2024 4775 ἀσὺγχυτοι
2046 4727 2134 4776 με·

574 4798 841 4861 μενήκασιν
876 4795 925 4847 αί
962 4796 1157 4864 φύσεις,
1193 4796 1437 4867 ὀρθότατα
1476 4798 1580 4853 τὰς’
1617 4794 1706 4848 δύο
1750 4797 1924 4866 φύσεις
1959 4802 2049 4856 τήν
2077 4818 2130 4852 τε

571 4884 725 4945 θείαν,
753 4885 837 4936 καί
879 4884 1180 4960 ἀνθρωπίνην
1221 4885 1270 4936 ἐν
1309 4891 1380 4953 τῷ
1425 4891 1628 4956 Χριστῷ
1677 4882 1799 4941 εἶναι
1851 4890 2130 4961 εἰρήκασιν.

572 4972 696 5027 Οὔτε
720 4977 817 5051 γάρ
848 4972 943 5047 πρὸ
985 4984 1073 5033 τῆς
1112 4976 1527 5047 ἐνανθρωπήσεως
1555 4975 1642 5030 δύο
1673 4979 1847 5047 φύσεις
1876 4977 2004 5037 ἦσαν
2043 4987 2132 5034 τοῦ

569 5065 767 5137 κυρίου,
796 5063 909 5117 οὑδὲ
937 5066 1067 5133 μετά
1102 5070 1190 5121 τὴν
1224 5066 1584 5135 ἐνανθρώπησιν
1606 5068 1655 5119 αἱ
1696 5066 1784 5121 δύο
1812 5071 1902 5139 μία
1935 5068 2136 5145 γεγόνα-

572 5176 667 5214 σιν,
687 5156 730 5207 εί
756 5157 838 5208 καί
864 5155 911 5207 ἐν
935 5159 1027 5225 μιᾶ
1050 5156 1333 5211 ὑποστάσει
1354 5162 1699 5228 γνωρίζονται.

2234 4716 2619 4771 convincuntur
2647 4715 2735 4785 qui
2764 4714 2975 4778 dicunt,
3007 4724 3130 4769 ante
3174 4714 3469 4768 unitionem
3500 4712 3631 4765 duas
3656 4714 3803 4758 natu-

2234 4820 2320 4857 ras
2348 4818 2483 4867 esse,
2510 4802 2653 4872 quod
2673 4812 2795 4856 ante
2821 4803 3135 4872 plasmatum
3164 4797 3599 4876 [subsistentem]
3626 4796 3805 4850 dicunt

2237 4893 2524 4955 hominem,
2560 4900 2615 4945 et
2634 4892 2712 4945 sic
2739 4893 2941 4944 unitum
2971 4906 3089 4946 esse
3128 4891 3238 4945 Deo
3273 4890 3466 4952 Verbo,
3516 4883 3801 4941 secundum

2236 4983 2495 5036 insaniam
2524 4980 2790 5035 Theodori
2813 4990 2867 5035 et
2897 4982 3123 5035 Nestorii
3153 4982 3460 5049 impiorum.
3489 4978 3589 5043 Qui
3629 4980 3802 5025 autem

2235 5072 2437 5138 dicunt,
2469 5072 2610 5138 quod
2638 5087 2747 5125 non
2774 5080 2984 5140 oportet
3011 5081 3130 5139 post
3152 5072 3408 5123 unitatem
3431 5068 3564 5121 duas
3593 5069 3803 5115 naturas

2240 5161 2294 5215 in
2322 5160 2555 5224 Christo,
2583 5160 2676 5214 sed
2706 5176 2866 5213 unam
2922 5161 3117 5225 dicere,
3160 5160 3524 5214 confusionem
3559 5162 3612 5207 et
3640 5150 3802 5217 phan-

2246 5250 2431 5304 tasiam
2458 5250 2799 5304 introducunt
2824 5251 3111 5304 secundum
3143 5250 3525 5319 Apollinarium
3565 5254 3619 5297 et
3648 5240 3803 5305 Euty-

2248 5340 2384 5393 chen
2422 5338 2629 5406 impios.
2671 5337 2778 5391 Sed
2805 5338 2889 5392 isti
2922 5338 3135 5406 quidem
3164 5340 3293 5392 hac
3325 5335 3506 5390 Sancti
3542 5344 3668 5384 vero
3706 5323 3803 5385 Pa.

2245 5436 2373 5492 tres,
2399 5434 2519 5496 post
2554 5426 2648 5481 Dei
2680 5425 2837 5480 Verbi
2876 5427 3293 5480 incarnationem
3319 5422 3717 5479 considerantes
3741 5425 3799 5461 ea

569 5527 634 5564 ex
662 5511 850 5580 quibus
876 5510 1246 5584 Christusest,
1293 5523 1351 5568 et
1391 5515 1532 5583 quod
1577 5514 1865 5569 inconfusze
1904 5526 2214 5570 manserunt
2249 5525 2473 5581 naturas,
2503 5515 2796 5569 rectissime
2824 5515 2956 5569 duas
2987 5523 3224 5577 naturas,
3252 5512 3484 5567 divinam
3523 5514 3577 5561 et
3620 5505 3804 5556 huma-

570 5615 711 5666 nam,
742 5603 792 5654 in
814 5602 1028 5657 Christo
1047 5619 1164 5657 esse
1188 5604 1455 5658 dixerunt.
1483 5605 1589 5659 Nec
1610 5605 1748 5658 enim
1762 5613 1887 5660 ante
1901 5607 2321 5661 incarnationem
2349 5606 2464 5660 dum
2478 5614 2680 5659 naturae
2707 5611 2861 5659 erant
2878 5604 3105 5668 Domini,
3128 5618 3227 5657 nec
3246 5611 3367 5672 post
3387 5594 3798 5653 incarnationem

570 5695 685 5745 dua:
724 5702 927 5748 natum
951 5712 1055 5749 una
1084 5696 1231 5751 factae
1257 5704 1398 5761 sunt,
1429 5696 1550 5751 licet
1573 5700 1625 5751 in
1648 5714 1753 5751 una
1780 5699 2118 5752 subsistentia
2146 5705 2551 5767 cognoscantur.

640 5792 811 5836 Ταῦτα
843 5784 894 5837 δέ
924 5790 1005 5839 καί
1047 5790 1099 5839 ἐκ
1133 5794 1229 5845 τῶν
1266 5790 1407 5840 θείων
1443 5797 1672 5862 γραφῶν,
1716 5792 1795 5842 καί
1838 5790 1889 5840 ἐκ
1917 5796 2007 5848 τῆς
2038 5796 2136 5842 τῶν

575 5872 799 5943 πν-ῖέρων
838 5870 1158 5936 διδασκαλίας
1197 5875 1519 5948 διδαχθέντες
1556 5881 1682 5955 πρὸς
1723 5882 2009 5952 ἀνατροπὴν
2039 5889 2133 5933 τῶν

2316 5788 2443 5842 Haec
2472 5797 2649 5842 autem
2680 5796 2735 5843 et
2764 5803 2828 5842 ex
2858 5788 3048 5842 divinis
3076 5785 3365 5857 Scripturis
3393 5789 3447 5835 et
3468 5781 3678 5831 Patrum
3707 5776 3793 5821 do-

2243 5881 2409 5933 ctrina
2452 5880 2643 5945 edocti,
2701 5881 2765 5933 ad
2797 5879 3103 5934 refutandos
3132 5894 3226 5933 eos
3253 5876 3342 5947 qui
3382 5867 3704 5927 confundunt
3743 5867 3794 5913 οι
