4108 6466
348 429 494 493 ῑο13

1388 433 1619 490 LIBER
1659 430 2053 490 ADVERSUS
2089 428 2508 488 ORIGEN‘ENI.

3460 418 3587 480 init

345 557 576 626 συγχεεῖν
609 578 713 619 ων,
769 559 850 609 καί
901 555 1176 624 τεμνόντων
1223 554 1280 606 τό
1325 561 1416 612 τῆς
1463 554 1595 609 θείας
1644 551 1924 619 οἰκονομίας

2035 545 2268 599 dividunt
2311 545 2501 598 div-ium
2551 541 2957 612 dispensationis
3003 538 3344 611 mysterium,
3395 535 3584 590 merito

345 655 649 722 μυστήριον,
682 644 886 706 εἰκότως
915 645 1222 722 ἐγράψαμεν,
1258 644 1411 696 καίού
1440 649 1512 711 τῷ
1547 643 1829 709 σαφηνίζειν
1860 641 1925 691 τά

346 741 398 798 ἐξ
431 734 498 788 ὧν
523 739 648 798 ἔστι,
678 738 763 788 καί
791 737 839 788 έν
866 731 937 792 οἷς
959 731 1301 808 γνωρίζεταιό
1332 730 1565 806 Χριστός,
1595 729 1857 798 σύγχυσιν
1895 724 1925 783 ἦ

348 827 594 898 ὂ-αίρεσιν
703 827 810 899 θείᾳ
840 827 1096 897 οἰκονομίᾳ
1125 825 1405 894 εἰσάγομεν.
1436 820 1626 890 ’Δμέλει
1646 818 1926 886 δοξολιιγίαν

349 917 552 969 καί-τὸν
578 923 668 973 τῆς
692 915 913 972 ένώσεως
943 913 1019 983 lo",
1033 934 1085 967 ον
1106 914 1460 986 προφέροντες,
1492 912 1578 964 ἕνα
1597 908 1821 981 Χριστόν
1846 909 1928 959 καί

347 1008 459 1058 υίίν
501 1009 586 1058 καί
627 1007 798 1079 κύριον
843 1007 930 1060 τὸν
959 1011 1050 1060 τοῦ
1083 1010 1205 1058 Θεοῦ
1233 1004 1376 1074 λόγον
1406 1002 1807 1072 σεσαρκωμένον,
1848 1001 1930 1052 καί

352 1098 808 1169 ἐνανθρωπήσαντα
831 1095 1161 1167 ὁμολογοῦμέν
1197 1115 1280 1154 τε,
1314 1098 1397 1147 καί
1435 1099 1713 1166 προσκυνοί
1721 1112 1810 1163 μεν
1837 1094 1931 1144 σύν

353 1195 427 1256 τῷ
459 1190 620 1256 πατρί
645 1191 726 1241 καί
750 1195 820 1256 τῷ
846 1188 971 1258 όιγίῳ
999 1191 1267 1256 πνεύματι.
1307 1187 1504 1240 Τούτων
1531 1185 1690 1243 οὕτως
1719 1185 1816 1238 ύπό
1842 1191 1932 1244 τῆς

353 1286 443 1332 τοῦ
475 1285 601 1332 Θεοῦ
628 1279 880 1338 καθολικῆς
907 1279 1169 1337 ἐκκλησίας
1198 1278 1601 1349 ὁμολογουμένων
1621 1319 1636 1343 ,
1678 1280 1934 1348 γινώσκειν

355 1370 640 1438 βουλόμεθα
664 1370 858 1428 πάντας
885 1371 1004 1427 τοὺς
1024 1370 1376 1442 Χριστιανούς,
1413 1365 1493 1421 ὅτι
1513 1369 1680 1442 ὥσπερ
1709 1367 1793 1419 ἕνα
1815 1367 1933 1418 Θεὸν

353 1463 438 1510 καί
465 1456 638 1529 κύριον
679 1455 888 1527 ἔχομεν,
920 1458 1051 1510 οὕτω
1091 1461 1172 1510 καὶ
1197 1461 1314 1526 μίαν
1341 1459 1532 1510 πίστιν.
1569 1453 1646 1515 Εἷς
1673 1458 1772 1528 γάρ
1798 1457 1934 1509 ἐστιν

352 1546 474 1618 ὄρος
505 1552 760 1610 πίστεως,
790 1547 848 1599 τὸ
879 1546 1135 1618 ὁμολογεῖν
1172 1551 1254 1600 καί
1283 1548 1436 1618 ὀρθῶς
1459 1539 1677 1608 δοξάζειν
1713 1545 1933 1616 πατέρα,

354 1643 442 1691 καί
470 1641 686 1713 Χριστόν
712 1639 796 1692 τόν
816 1639 918 1690 υἷόν
940 1644 1031 1690 τοῦ
1053 1643 1200 1695 Θεοῦ,
1228 1640 1314 1689 καί
1336 1636 1475 1708 ἅγιον
1501 1642 1717 1707 πνεῦμα.
1737 1637 1936 1691 Ταύτην

352 1735 445 1786 τήν
468 1729 734 1799 ὁμολογίαν
761 1727 1092 1799 φυλάττομεν,
1126 1728 1194 1784 εἶς
1222 1728 1278 1784 ἣν
1306 1729 1391 1779 καί
1418 1725 1805 1791 ἐϐαπτίσθημεν,
1833 1721 1933 1776 δω-

356 1822 589 1892 ρηθεῖσαν
619 1820 709 1887 μὲν
737 1819 882 1891 παρά
916 1824 1004 1871 τοῦ
1033 1816 1249 1887 μεγάλου
1277 1822 1401 1872 Θεοῦ
1432 1817 1515 1868 καί
1546 1823 1774 1886 σωτῆρος
1801 1815 1937 1883 ἡμῶν

2025 637 2346 704 scripsimus,
2376 645 2430 688 ct
2458 651 2562 688 non
2593 650 2656 687 eo
2685 632 2826 702 quod
2849 631 3185 686 declaramus
3219 645 3280 683 ea
3311 644 3376 682 ex
3399 628 3591 695 quibus

2027 733 2128 790 est,
2157 733 2212 778 et
2240 725 2292 777 iu
2323 725 2514 793 quibus
2543 723 2884 790 cognoscitur
2915 718 3178 783 Christus,
3219 718 3586 773 confusionem

2026 815 2110 868 vel
2138 813 2448 866 divisionem
2478 812 2670 866 divinat
2708 809 3094 878 dispensationi
3127 808 3367 862 facimus.
3401 806 3589 872 Itaque

2027 903 2468 972 glorificationcm
2518 909 2572 955 et
2619 901 2876 954 unitionis
2920 900 3183 952 rationem
3232 895 3587 966 profcreutcs.

2029 1009 2189 1046 unum
2211 992 2477 1046 Christum
2505 999 2559 1044 et
2586 989 2773 1044 Filium
2805 997 2860 1043 et
2886 989 3188 1051 Dominum,
3233 986 3463 1040 Verbum
3495 984 3589 1036 DN

2031 1081 2357 1136 incarnatum
2389 1090 2442 1134 et
2482 1079 2751 1133 hominem
2783 1077 2976 1131 factum
3004 1077 3322 1130 conﬁtemur
3369 1083 3425 1126 et
3461 1072 3593 1124 ado-

2029 1189 2209 1227 ramus
2241 1187 2361 1226 cum
2390 1171 2549 1225 Patre
2585 1179 2642 1225 et
2687 1169 2890 1238 Spiritu
2933 1176 3138 1222 sancto.
3183 1165 3307 1219 Haec
3353 1164 3425 1216 ita
3473 1177 3593 1215 cum

2033 1262 2316 1317 universali
2345 1260 2436 1314 Dei
2466 1259 2701 1314 Ecclesia
2740 1255 3056 1312 conﬁtentes
3096 1259 3136 1318 ‘,
3184 1255 3322 1308 scire
3352 1251 3598 1305 volumus

2033 1368 2220 1407 omnes
2247 1351 2598 1417 Christianos,
2628 1349 2770 1418 quod
2799 1350 2937 1403 sicut
2964 1363 3124 1402 unum
3151 1348 3316 1422 Deum
3339 1351 3395 1398 et
3422 1341 3598 1394 Domi-

2036 1458 2160 1496 num
2188 1441 2460 1505 habemus,
2505 1439 2578 1494 ita
2617 1448 2670 1493 et
2700 1454 2857 1492 unam
2892 1437 3067 1491 fidem.
3106 1435 3220 1490 Una
3249 1433 3391 1489 enim
3415 1431 3602 1486 delini-

2039 1535 2112 1586 Iio
2141 1533 2260 1587 ﬁdei
2288 1540 2387 1593 est,
2421 1531 2664 1586 conﬁteri
2691 1541 2745 1584 ct
2773 1539 2919 1584 recte
2948 1529 3249 1597 gloriﬁcare
3272 1525 3508 1589 Patrem,
3550 1533 3605 1577 et

2036 1623 2304 1677 Christum
2345 1621 2533 1674 Filium
2564 1621 2678 1684 Dei,
2731 1627 2784 1674 et
2813 1619 3072 1689 Spiritum
3122 1625 3386 1671 sanctum.
3444 1613 3603 1667 Istam

2037 1712 2425 1766 confessionem
2466 1725 2872 1776 conservamus,
2921 1709 2975 1762 in
3006 1723 3110 1777 qua
3158 1715 3214 1761 et
3240 1705 3495 1774 baptizati
3525 1719 3606 1756 sn-

2039 1802 2435 1869 mns,<lonatam
2465 1800 2678 1868 quidem
2701 1817 2730 1854 a
2760 1814 2954 1867 magno
2977 1799 3088 1853 Deo
3116 1807 3172 1852 et
3198 1797 3476 1852 Salvatore
3503 1810 3603 1849 nc-

353 1907 524 1966 Ὶησιῦ
551 1915 773 1983 Χριστοῦ
801 1915 911 1966 τοῖς
941 1907 1097 1979 ἁγίοις
1129 1908 1278 1961 αὐτοῦ
1312 1907 1563 1976 μαθηταῖς
1600 1907 1684 1958 καί
1710 1903 1932 1958 άποστό-

2042 1901 2152 1946 stro
2191 1891 2314 1946 Jesu
2345 1891 2557 1947 Christo
2585 1891 2783 1945 sanctis
2812 1891 2922 1944 suis
2949 1889 3223 1958 discipulis
3247 1897 3302 1942 et
3327 1886 3604 1956 apostolis,

358 2000 477 2062 λοις,
512 2002 634 2072 παρ’
659 2000 823 2052 αὐτῶν
845 1997 896 2051 δέ
921 1999 1266 2070 κηρυχθεῖσαν
1295 1997 1342 2048 ἓν
1358 1994 1456 2062 ὅλῳ
1482 2003 1554 2066 τῷ
1579 1995 1775 2064 κόσμῳ.
1802 1995 1860 2046 Oi
1884 1992 1936 2048 δέ

356 2091 642 2165 τριακόσιοι
679 2088 800 2143 δέκα
835 2092 916 2142 καί
953 2090 1079 2142 ὀκτώ
1107 2089 1322 2160 πατέρες
1359 2084 1488 2156 ἆγιοι
1521 2086 1564 2138 οἱ
1595 2085 1936 2156 συναχθέντες

357 2183 404 2230 ἐν
434 2182 610 2251 Nimia
639 2180 765 2233 κατὰ
789 2182 1000 2248 ’Δριίου,
1033 2181 1112 2231 καί
1135 2183 1311 2231 τοῦτον
1339 2177 1470 2245 μετὰ
1496 2183 1585 2234 τῆς
1623 2177 1777 2228 αὐτοῦ
1814 2176 1937 2227 ἀσε-

357 2271 492 2329 ϐείας
527 2269 980 2332 καταδικάσαντες,
1011 2276 1098 2326 τήν
1123 2270 1280 2326 αὐτὴν
1309 2265 1569 2338 ὁμολογίαν
1587 2305 1601 2325 ,
1631 2264 1661 2323 ἦ
1690 2265 1939 2335 σύμϐολον

357 2366 431 2413 καί
460 2359 629 2432 [ἅγιον
670 2356 754 2429 1.]
793 2362 1002 2428 μάθημα
1041 2367 1128 2418 τῆς
1171 2360 1392 2415 πίστεως
1435 2353 1828 2429 παραδεδώκασι
1873 2363 1936 2428 τῇ

355 2447 472 2520 άγίκ
497 2453 592 2500 τοῦ
623 2453 746 2501 Θεοῦ
778 2447 1044 2519 ἐκκλησίᾳ’
1075 2448 1161 2498 καί
1182 2445 1292 2514 μετ’
1315 2445 1526 2503 ἐκείνους
1549 2445 1592 2497 oi
1623 2443 1795 2498 ἑκατόν
1816 2464 1936 2496 πεν-

356 2543 576 2596 τήκοντα
603 2538 736 2608 άγιοι
764 2538 981 2604 πατέρες
1020 2537 1064 2588 οἰ
1091 2535 1433 2604 συναχθέντες
1463 2535 1511 2586 ἐν
1543 2549 1942 2586 limo-tavrum;-

355 2631 490 2684 πόλει
524 2631 658 2684 κατά
688 2629 990 2683 Μακεδονίου
1016 2635 1108 2683 τοῦ
1135 2629 1571 2698 πνευματομάχου
1591 2671 1603 2692 ,
1635 2630 1718 2679 καί
1738 2626 1935 2696 Μάγνου

355 2727 439 2771 τοῦ
465 2717 912 2792 Ἀπολιναριστοῦ,
962 2721 1046 2771 καί
1087 2718 1301 2775 τούτους
1338 2715 1764 2773 καταδικάσαντες
1811 2717 1937 2784 μετὰ

356 2817 446 2868 τῆς
483 2809 656 2863 αύτῶν
701 2809 968 2869 ἀσεϐείας,
1007 2807 1384 2864 άκολουθοῦντές
1416 2825 1469 2859 τε
1498 2806 1624 2859 κατά
1660 2807 1824 2858 πάντα
1865 2811 1935 2874 τῷ

358 2902 493 2970 αύτῷ
529 2897 682 2970 ἁγίων
709 2897 949 2968 συμϐόλῳ
975 2905 1046 2968 τῷ
1070 2899 1210 2971 παρὰ
1238 2903 1333 2949 τῶν
1358 2901 1657 2970 τριακοσίων
1686 2893 1936 2949 δεκαοκτώ

358 2987 512 3057 ἁγίων
535 2990 766 3062 πατέρων
789 2985 1149 3059 παραδοῦέντι,
1175 2987 1454 3063 ἐτράνωσαν
1477 2987 1541 3038 τὰ
1569 2988 1685 3057 περὶ
1712 2993 1800 3043 τῆς
1829 2986 1938 3038 θεό-

355 3096 504 3135 τητος
550 3083 640 3129 τοῦ
691 3076 834 3146 ἁγίου
881 3076 1182 3143 πνεύματος.
1211 3071 1320 3126 "Et:
1356 3070 1410 3126 δέ
1458 3074 1544 3128 καὶ
1588 3073 1630 3125 οἶ
1669 3073 1716 3124 ἐν
1751 3075 1935 3143 Ἐφέσῳ

360 3169 701 3237 συναχθέντες
729 3172 785 3222 τό
821 3168 1063 3240 πρότερον
1095 3165 1228 3234 ἅγιοι
1261 3167 1474 3238 πατέρες
1513 3166 1642 3219 κατά
1670 3167 1940 3239 Νεστορίου

2043 1982 2109 2035 ab
2137 1982 2215 2035 eis
2244 1989 2420 2035 autem
2461 1980 2802 2050 praedicatam
2848 1979 2900 2032 in
2947 1985 3061 2032 toto
3091 1976 3309 2031 mundo.
3354 1975 3605 2028 Trecenti

2042 2083 2219 2127 autem
2249 2073 2432 2127 decem
2464 2080 2520 2126 et
2541 2081 2664 2127 octo
2690 2072 2858 2126 sancti
2890 2069 3081 2125 Patres
3109 2069 3319 2124 collecti
3351 2069 3402 2122 in
3432 2068 3607 2123 Nicma

2043 2164 2291 2217 adversus
2318 2163 2522 2227 Arium,
2555 2163 2645 2216 illo
2668 2177 2787 2216 cum
2817 2176 2911 2216 sua
2935 2161 3206 2230 impietate
3229 2159 3608 2221 condemnato,

2041 2251 2283 2305 eamdem
2313 2250 2724 2315 confessionem,
2769 2250 2821 2304 id
2845 2257 2946 2313 est,
2989 2258 3230 2304 sanctum
3261 2249 3528 2303 mathema
3557 2258 3608 2302 et

2041 2341 2340 2411 symbolum
2370 2339 2496 2394 fidei
2527 2333 2857 2394 tradiderunt
2884 2349 3082 2394 samtze
3121 2339 3213 2393 Dei
3246 2338 3527 2403 Ecclesiat;
3560 2348 3608 2392 ct

2040 2440 2162 2503 post
2209 2432 2350 2498 illos,
2395 2441 2608 2485 centum
2633 2431 3014 2500 quinquaginta
3057 2430 3227 2484 sancti
3259 2429 3443 2484 Patres
3474 2428 3610 2483 Con-

2041 2521 2387 2592 stantinopoli
2432 2521 2642 2576 collecti
2692 2520 2947 2574 adversus
2993 2519 3362 2574 Macedonium
3421 2529 3610 2573 sancto

2041 2609 2261 2679 Spiritui
2307 2617 2712 2678 repugnantem,
2757 2619 2812 2664 et
2860 2605 3106 2676 Magnum
3154 2609 3611 2678 Apollinaristam,

2043 2697 2146 2750 illis
2173 2696 2541 2752 condemnatis
2569 2713 2688 2751 cum
2711 2713 2802 2752 sua
2834 2696 3078 2767 perﬁdia,
3109 2698 3278 2752 secuti
3307 2713 3403 2766 per
3433 2698 3609 2752 omnia

2043 2795 2183 2849 idem
2211 2803 2453 2850 sanctum
2482 2795 2780 2866 symbolum
2813 2796 3064 2850 traditum
3091 2811 3122 2850 a
3144 2797 3398 2864 trecentis
3425 2799 3611 2850 decem

2042 2901 2097 2946 et
2119 2901 2242 2946 octo
2270 2895 2468 2947 sanctis
2496 2891 2765 2960 Patribus,
2799 2893 3220 2962 explanaverunt
3246 2910 3364 2962 qua:
3393 2903 3517 2948 sunt
3545 2894 3612 2948 de

2043 2984 2241 3038 deitate
2281 2987 2447 3060 sancti
2498 2986 2727 3054 Spiritus
2774 2984 2910 3057 (Act.
2953 2984 3028 3055 5).
3069 2983 3292 3054 Insuper
3331 2995 3508 3039 autem
3557 2995 3612 3039 et

2042 3084 2132 3152 qui
2164 3083 2215 3137 in
2243 3082 2456 3152 Epheso
2498 3085 2644 3152 prius
2685 3083 2898 3137 collecti
2945 3092 3069 3138 sunt
3094 3085 3265 3138 sancti
3295 3082 3481 3137 Patres
3509 3084 3609 3136 ad-

2041 3191 2228 3229 versus
2282 3175 2586 3229 Nestorium
2633 3175 2887 3244 impium,
2935 3182 2991 3228 et
3031 3175 3119 3244 qui
3170 3175 3222 3229 in
3267 3173 3610 3230 Chalcedone

361 3265 446 3311 τοῦ
470 3258 791 3323 δυσσεϐοῦς,
833 3261 918 3312 καί
945 3259 989 3310 οί
1019 3257 1067 3311 ἐν
1096 3254 1370 3313 Χαλκηδόνι
1405 3255 1540 3325 ἅγιοι
1567 3259 1780 3329 πατέρες
1807 3257 1932 3310 κατὰ

2037 3272 2403 3319 convenerunt
2447 3265 2616 3319 sancti
2666 3263 2851 3318 Patres
2879 3264 3133 3318 adversus
3165 3263 3456 3334 Eutychem
3500 3265 3604 3318 int--

361 3351 631 3419 Εὐτυχοῦς
659 3353 749 3400 τοῦ
781 3345 1097 3411 δυσσεϐοῦς,
1140 3347 1565 3405 ἀκολουθήσαντες
1608 3349 1736 3399 κατά
1769 3348 1934 3400 πάντα

361 3447 429 3509 τῷ
453 3439 697 3507 εἰρημένῳ
728 3438 852 3509 ἁγίῳ
885 3437 1146 3506 συμϐόλῳ,
1171 3437 1283 3494 ἤτοι
1301 3437 1553 3506 μαθήματι
1575 3444 1664 3494 τῆς
1692 3438 1930 3500 πίστεως,

361 3530 697 3584 νατεδνκασαν
739 3532 855 3588 τοὺς
906 3529 1296 3599 προειρημένους
1350 3527 1622 3602 αίρετικούς
1666 3528 1797 3595 μετὰ
1843 3535 1933 3586 τῆς

361 3622 522 3673 αὐτῶν
552 3619 819 3683 ἀσεϐείας,
849 3621 931 3671 καί
968 3626 1068 3672 τῶν
1095 3615 1246 3687 ὅμοια
1285 3619 1451 3675 αὐτοῖς
1494 3618 1839 3689 φρονησάντων
1861 3656 1874 3680 ,
1901 3615 1930 3674 ἦ

363 3714 444 3762 καὶ
483 3729 817 3781 φρονούντων.
864 3712 960 3761 Καὶ
1000 3711 1130 3779 πρός
1169 3709 1367 3765 τούτοις
1411 3708 1773 3774 ἀνεθεμάτισαν
1816 3709 1935 3766 τούς

364 3801 524 3871 ἕτερον
550 3798 667 3873 ὅρον
694 3802 910 3857 πίστεως
934 3798 1042 3855 ἦτοι
1071 3797 1320 3866 σύμϐολον
1365 3801 1441 3850 καί
1480 3796 1684 3866 μάθημα
1712 3794 1935 3870 παραδι-

364 3887 538 3948 δόντας
566 3897 670 3948 τοῖς
693 3895 962 3963 προσιοῦσι
984 3894 1057 3958 τῷ
1079 3886 1204 3958 ἁγίῳ
1225 3887 1569 3955 βαπτίσματι,
1591 3885 1620 3944 ἣ
1650 3888 1699 3949 ἐξ
1732 3881 1939 3939 οἱασδή-

365 3998 482 4032 ποτε
510 3979 754 4050 αἱρέσεως
785 3977 1138 4048 ἐπιστρέφουσι
1172 3975 1311 4046 παρά
1335 3976 1419 4028 τόν
1455 3971 1825 4048 παραδοθέντα,
1868 3975 1933 4034 ὡς

367 4068 591 4140 ε’ρηται,
631 4068 730 4120 ὑπὸ
757 4073 855 4121 τῶν
894 4068 1196 4136 τριακοσίων
1224 4064 1342 4118 δέκα
1371 4066 1455 4116 καί
1497 4065 1626 4118 ὀκτώ
1655 4062 1807 4135 ἁγίων
1836 4086 1911 4117 πα

364 4160 537 4230 τέρων,
563 4161 650 4210 καί
670 4157 982 4230 τρανωθέντα
1007 4157 1107 4208 ὑπὸ
1130 4162 1228 4208 τῶν
1258 4155 1427 4208 ἑκατὸν
1456 4160 1756 4212 πεντήκοντα
1784 4155 1935 4226 ἁγίων

365 4251 613 4323 πατέρων.
643 4250 845 4302 Τούτων
885 4248 1046 4307 οὕτως
1087 4247 1308 4317 ἐχόντων
1345 4245 1635 4316 συνείδομεν
1671 4251 1752 4300 καὶ
1798 4249 1940 4318 κεφά-

363 4339 473 4394 λαια
509 4341 760 4402 ὑποτάξαι
795 4344 885 4398 τήν
924 4360 976 4393 τε
1021 4347 1112 4398 τῆς
1141 4341 1361 4398 πίστεως
1399 4340 1544 4412 ὀρθὴν
1588 4338 1850 4409 ὁμολογίαν
1891 4340 1938 4391 ἐν

367 4433 624 4503 συντόμῳ,
651 4439 739 4489 τήν
759 4451 812 4484 τε
844 4439 941 4484 τῶν
963 4433 1225 4506 αίρετικῶν
1253 4435 1544 4504 κατάκρισιν
1572 4433 1899 4500 περιέχοντα.

431 4521 491 4574 Εἴ
528 4543 612 4581 τις
659 4523 763 4591 οὐχ
809 4518 1043 4592 ὁμολογεῖ
1076 4521 1307 4591 πατέρα,
1359 4523 1443 4571 καί
1487 4519 1619 4580 υἶόν,
1667 4520 1748 4569 καί
1794 4516 1931 4586 ἅγιον

2036 3358 2204 3426 pium,
2231 3357 2398 3412 secuti
2427 3373 2523 3428 per
2556 3358 2734 3411 omnia
2762 3358 3070 3426 pnndictum
3116 3367 3358 3413 sanctum
3390 3359 3606 3429 symbo-

2037 3449 2144 3502 lum
2171 3448 2284 3502 sive
2309 3449 2581 3502 mathema
2613 3448 2756 3511 fidei,
2803 3447 3295 3502 condemnaverunt
3319 3450 3603 3518 pnedictos

2035 3536 2320 3590 hmreticos
2345 3551 2451 3589 una
2474 3551 2594 3590 cum
2625 3551 2810 3590 eorum
2853 3536 3148 3605 impietate,
3198 3546 3253 3591 et
3283 3537 3382 3592 hos
3413 3539 3501 3606 qui
3528 3541 3602 3591 si-

2034 3626 2178 3680 milia
2203 3626 2307 3680 illis
2334 3633 2644 3695 sapuerunt,
2673 3626 2757 3679 vel
2787 3626 3020 3694 sapiunt.
3068 3625 3135 3678 Et
3162 3642 3322 3695 super
3344 3627 3456 3680 hate
3478 3642 3608 3678 ana-

2035 3715 2515 3768 thematizaveruut
2563 3729 2657 3768 eos
2705 3715 2796 3782 qui
2845 3713 3003 3766 aliam
3045 3713 3410 3768 definitionem
3462 3714 3604 3778 fidei,

2033 3806 2146 3860 sive
2175 3804 2494 3876 symbolum,
2526 3803 2638 3859 sive
2668 3803 2936 3858 mathema
2979 3802 3197 3856 tradunt
3225 3805 3603 3857 accedentibus

2039 3895 2106 3949 ad
2134 3902 2371 3949 sanctum
2401 3893 2682 3962 baptisma,
2714 3893 2797 3946 vel
2833 3909 2900 3947 ex
2929 3909 3246 3964 quacunque
3277 3895 3462 3947 haeresi
3483 3909 3605 3947 eon-

2037 3985 2226 4048 versis,
2255 3990 2451 4054 praeter
2479 3983 2736 4037 traditum
2766 3983 2928 4052 (sicut
2955 3983 3154 4037 dictum
3183 3985 3285 4050 est)
3333 3998 3362 4035 a
3393 3994 3604 4037 trecen-

2037 4073 2104 4127 tis
2132 4073 2314 4127 decem
2345 4080 2398 4126 et
2428 4080 2551 4127 octo
2579 4073 2780 4127 sanctis
2809 4071 3074 4136 Patrihus,
3106 4080 3159 4126 et
3197 4073 3542 4141 explanatum
3573 4088 3603 4127 a

2035 4171 2246 4217 centum
2273 4161 2654 4231 quinquaginta
2682 4162 2880 4214 sanctis
2905 4159 3165 4214 Patrihns.
3197 4159 3289 4214 IIis
3320 4161 3391 4214 ita
3423 4176 3481 4215 se
3510 4162 3606 4214 ha-

2033 4252 2301 4316 bentibus,
2337 4251 2705 4321 perspeximus
2732 4259 2785 4304 et
2813 4249 3042 4319 capitula
3061 4266 3378 4319 supponere,
3416 4251 3609 4318 quibus

2030 4352 2138 4396 tam
2151 4351 2311 4397 recta:
2333 4342 2451 4396 fidei
2477 4341 2856 4411 compendiosa
2876 4339 3164 4406 confessio,
3189 4357 3349 4410 quam
3381 4341 3600 4396 haereti-

2032 4449 2216 4488 corum
2241 4432 2614 4488 condemnatio
2645 4433 2968 4487 continetur.

2105 4521 2144 4575 I.
2187 4520 2242 4575 Si
2288 4521 2408 4589 quis
2461 4537 2568 4575 non
2607 4518 2895 4576 confitetur
2937 4521 3171 4588 Patrem,
3218 4532 3273 4577 et
3303 4523 3517 4588 Filium,
3545 4532 3600 4578 et

363 4619 590 4682 πνεῦμα,
634 4632 719 4684 τρι
759 4609 819 4664 δα
847 4609 1140 4679 ὁμοούσιον,
1182 4611 1300 4678 μίαν
1327 4609 1566 4664 θεότητα,
1605 4607 1757 4678 ἤγουν
1785 4608 1930 4677 φύσιν

2035 4610 2285 4680 Spiritum
2311 4618 2577 4672 sanctum,
2627 4618 2684 4664 et
2710 4610 3024 4665 Trinitatem
3069 4609 3602 4674 consubstantialem,

365 4705 440 4752 καί
467 4704 644 4754 οὐσίαν
662 4741 675 4763 ,
703 4703 820 4772 μίαν
854 4721 907 4754 τε
936 4699 1146 4773 δύναμιν
1180 4704 1262 4754 καί
1288 4703 1516 4764 ἐξουσίαν
1545 4702 1592 4753 έν
1617 4703 1780 4774 τρισίν
1809 4701 1935 4755 ύπο-

365 4797 629 4858 στάσεσιν,
658 4797 808 4867 ’ἤγουν
842 4798 1135 4866 προσώποις
1163 4797 1624 4866 προσκυνουμένην,
1658 4793 1682 4848 ὁ
1709 4799 1934 4854 τοιοῦτος

365 4887 583 4945 ἀνάθεμα
613 4884 771 4938 ἔστω.

427 4973 486 5026 Εἴ
504 4995 584 5033 τις
627 4976 728 5042 οὐχ
767 4971 998 5043 ὁμολογεῖ
1025 4973 1109 5024 τόν
1139 4969 1235 5042 πρὸ
1267 4971 1485 5031 αἰώνων,
1515 4971 1600 5022 καί
1623 4968 1854 5042 άχρόνως
1875 4969 1928 5022 έκ

363 5071 446 5116 τοῦ
472 5069 667 5138 πατρὸς
689 5065 978 5136 γεννηθέντα
1005 5063 1124 5116 Θεὸν
1147 5061 1290 5134 λόγον
1317 5062 1393 5113 ἐπ’
1418 5061 1656 5130 ἐσχάτων
1681 5067 1781 5114 τῶν
1807 5062 1926 5129 ἡμε-

363 5161 457 5223 ρῶν
493 5155 816 5226 [κατελθόντα
844 5155 897 5206 έκ
923 5161 1022 5206 τῶν
1048 5152 1265 5226 οὐρανῶν
1293 5154 1372 5203 καί
1403 5147 1486 5218 Ι...]
1527 5150 1844 5224 σαρκωθέντα
1880 5153 1933 5204 ἐκ

363 5249 447 5300 τῆς
472 5243 619 5314 ἁγίας
642 5240 862 5311 [ἐνδόξου
887 5240 970 5310 ιη]
997 5241 1226 5294 θεοτὸκου
1251 5242 1333 5293 καί
1358 5241 1692 5313 άείπαρθένου
1714 5246 1925 5313 Μαρίας,

366 5333 446 5381 καὶ
481 5327 737 5404 ἄνθρωπον
780 5327 1034 5400 γενόμενον
1075 5329 1360 5400 γεννηθέντα
1399 5329 1449 5391 ἐξ
1492 5331 1672 5394 αὐτῆς,
1721 5333 1799 5382 καί
1844 5329 1927 5384 διά

363 5423 506 5473 τοῦτο
530 5429 618 5474 τοῦ
647 5422 805 5474 αὐτοῦ
834 5427 960 5473 Θεοῦ
986 5419 1130 5488 λόγου
1160 5412 1285 5470 εἶναι
1304 5420 1398 5476 τάς
1427 5416 1516 5470 δύο
1541 5423 1814 5488 γεννήσεις,
1838 5425 1925 5476 τήν

363 5528 413 5558 τι
440 5512 534 5584 πρὸ
568 5512 760 5563 αἰώνων
801 5505 1120 5578 άσωμάτως,
1164 5509 1248 5558 καί
1288 5511 1377 5563 τήν
1421 5505 1500 5558 ἐπ’
1547 5507 1787 5574 ἐσχάτων
1827 5513 1926 5562 τῶν

367 5598 552 5670 ἠτιερῶν
583 5601 713 5652 κατά
741 5600 931 5672 σάρκα,
959 5596 984 5648 ό
1013 5603 1234 5654 τοιοῦτος
1257 5597 1471 5665 ἀνάθεμα
1495 5594 1654 5650 ἔστω.

427 5685 489 5738 Εἴ
505 5709 580 5747 τις
600 5690 728 5759 λέγει
750 5687 894 5743 ἄλλον
923 5683 1050 5741 εἶναι
1067 5690 1151 5742 τόν
1180 5688 1299 5740 Θεὸν
1325 5687 1466 5756 λόγον
1488 5689 1573 5741 τόν
1603 5689 1924 5763 θαυματουρ-

2035 4716 2193 4754 unam
2239 4699 2513 4764 deitatem,
2563 4715 2658 4754 seu
2704 4707 2972 4765 naturam,
3022 4709 3076 4755 et
3113 4703 3496 4768 substantiam,
3549 4710 3604 4755 et

2035 4805 2194 4843 unam
2235 4790 2487 4844 virtutem
2517 4798 2570 4843 et
2597 4797 2920 4859 potestatem
2950 4791 3001 4844 in
3033 4791 3202 4844 tribus
3247 4792 3605 4847 subsistentiis

2030 4895 2126 4934 seu
2153 4878 2394 4948 personis
2422 4879 2764 4944 adorandam,
2800 4879 2922 4934 talis
2946 4881 3227 4934 anathema
3256 4881 3343 4934 sit.

2101 4969 2165 5023 ll.
2205 4967 2262 5023 Si
2289 4969 2410 5038 quis
2431 4984 2544 5023 non
2573 4969 2860 5023 conﬁtetur
2889 4986 3027 5033 cum,
3060 4971 3306 5037 quiante
3333 4972 3526 5026 sarcula
3548 4979 3604 5026 et

2034 5061 2150 5115 sine
2180 5067 2423 5128 tempore
2451 5073 2518 5112 ex
2563 5058 2721 5114 Patre
2750 5068 2905 5113 natus
2934 5068 3034 5125 est,
3076 5059 3240 5115 Deum
3273 5059 3503 5114 \‘erbnm
3545 5061 3599 5113 in

2036 5150 2235 5204 ultimis
2263 5149 2451 5205 diebus
2478 5149 2819 5205 descendisse
2855 5150 2921 5204 de
2965 5151 3136 5218 cmlis,
3183 5159 3238 5205 et
3266 5151 3597 5205 incarnatum

2034 5254 2152 5294 esse
2179 5238 2247 5292 de
2274 5247 2456 5292 sancta
2483 5239 2715 5305 gloriosa
2745 5239 2838 5292 Dei
2868 5240 3137 5294 Genitrico
3165 5248 3220 5292 et
3246 5255 3462 5309 semper
3491 5240 3600 5293 vir-

2029 5330 2151 5394 gine
2179 5327 2362 5394 Maria,
2394 5337 2448 5383 et
2474 5329 2745 5383 hominem
2771 5327 2987 5390 factum,
3021 5338 3202 5382 natum
3225 5344 3344 5382 esse
3371 5345 3436 5383 ex
3459 5330 3597 5399 ipsa,

2031 5422 2082 5467 et
2105 5421 2326 5481 propter
2343 5413 2448 5468 hoc
2465 5413 2714 5482 ejusdem
2740 5411 2828 5465 Dei
2850 5410 3013 5466 Verbi
3036 5412 3172 5466 duas
3198 5429 3319 5467 esse
3345 5418 3602 5470 nativita-

2030 5510 2130 5562 tes,
2152 5499 2362 5570 [SuppL
2394 5512 2653 5557 atternam
2680 5502 2887 5556 scilicet
2910 5501 2984 5573 et]
3009 5515 3127 5555 eam
3151 5517 3268 5569 qua:
3289 5513 3370 5556 est
3396 5505 3446 5556 in
3477 5506 3602 5558 ulti-

2029 5595 2132 5647 mis
2161 5593 2352 5646 dicbus
2378 5595 2676 5648 secundum
2705 5608 2946 5654 carnem,
2968 5595 3094 5646 talis
3117 5595 3400 5645 anathema
3435 5599 3521 5647 sit.

2096 5686 2181 5740 Ill.
2212 5685 2267 5739 Si
2294 5683 2412 5752 quis
2436 5681 2564 5736 dicit
2590 5680 2752 5735 alium
2774 5695 2892 5736 esse
2917 5681 3084 5738 Deum
3111 5684 3341 5740 Verbum
3371 5690 3462 5759 qui
3496 5692 3596 5745 mi-

431 5867 448 5896 ¹
496 5862 806 5918 Universalis
851 5862 914 5916 D.
962 5880 1006 5916 c.
1053 5865 1373 5920 conﬁteatur.
1415 5865 1582 5920 Gneo.
1619 5865 1790 5933 Atque
1833 5864 1904 5919 ita
1948 5881 2048 5922 ms.
2109 5861 2274 5917 codex
2305 5858 2560 5914 Bohicrii.
