4108 6454
489 369 627 433 1015

1770 378 1799 437 J
1814 380 2205 441 USTlNIANI
2249 383 2407 447 1MP.

3599 392 3732 458 1016

485 506 724 572 νήσαντα,
751 502 830 551 ια’
851 498 990 553 ἀλλον
1017 503 1101 553 τὸν
1129 502 1345 576 Χριστὸν
1370 503 1453 555 τὸν
1481 502 1731 557 παθόντα·
1761 501 1790 561 ἦ
1810 504 1893 557 τὸν
1920 504 2022 557 Θεὸ⁴

2145 501 2321 555 racula
2353 512 2605 569 operatus
2628 514 2725 568 est,
2787 515 2841 559 et
2868 507 3027 563 alium
3072 509 3342 565 Christum
3392 515 3481 581 qui
3527 531 3714 583 passus

482 592 619 660 ὶηὸγον
660 598 880 644 συνεῖναι
907 598 977 657 τῷ
1001 600 1201 663 Χριστῷ
1228 593 1355 663 λέγει
1384 596 1626 663 γενομένῳ
1654 597 1706 647 ἐκ
1731 596 1985 665 γυναικὸς,
2015 593 2044 652 ἦ

478 681 528 731 έν
550 683 682 748 αύτῷ
711 676 833 733 εἶναι
860 683 926 738 ὡς
956 678 1096 732 ἄλλον
1125 683 1172 733 ἐν
1193 679 1342 751 ἄλλῳ,
1371 684 1472 736 ἀλλ’
1498 685 1622 752 ούχὶ
1643 684 1726 737 ἕνα
1748 688 1829 737 καὶ
1854 686 1939 737 τὸν
1964 686 2045 736 αύ-

476 774 559 823 τὸν
589 773 677 841 κύρ
688 791 755 824 ιον
783 774 919 841 ἡμῶν
946 770 1133 828 Ἰησοῦν
1151 779 1368 841 Χριστὸν
1392 776 1473 827 τὸν
1499 783 1585 829 τοῦ
1611 782 1737 829 Θεοῦ
1759 776 1896 845 λόγον
1919 797 2043 839 accp-

476 859 724 919 κωθέντα.
754 862 835 911 καὶ
882 861 1362 935 ένανθρνηπήσλντα,
1405 866 1489 916 καὶ
1516 872 1602 917 τοῦ
1634 868 1787 918 σύτοῦ
1824 868 1887 917 τὰ
1917 866 2042 917 θαύ-

474 968 609 1003 ματα
648 949 727 999 καὶ
762 948 825 999 τὰ
854 949 1018 1011 πάθη,
1063 948 1194 1025 ἅπερ
1238 951 1478 1011 έκουσίως
1517 954 1745 1023 ύπέμεινε
1790 957 1974 1027 σαρκὶ,
2018 953 2043 1006 ὁ

471 1042 700 1094 τοιοῦτος
727 1037 947 1093 ἀνάθεμα
979 1035 1009 1089 ἕ
1011 1059 1135 1092 στω.

539 1212 602 1267 Εἴ
628 1236 706 1274 τις
748 1215 878 1285 λέγει
922 1220 1052 1271 κατὰ
1094 1220 1279 1294 χάριν,
1328 1219 1357 1277 ἦ
1395 1222 1503 1275 κατ’
1545 1224 1816 1297 ἐνέργειαν,
1854 1223 1883 1282 ἦ
1930 1225 2041 1278 κατ’

472 1305 637 1369 ἀξίαν,
660 1304 690 1363 ἦ
717 1306 831 1359 κατ’
850 1310 1121 1376 ἰσοτιμίαν,
1152 1308 1181 1366 ἦ
1207 1309 1318 1363 κατ’
1345 1311 1627 1372 αὐθεντέαν.
1652 1311 1681 1370 ἦ
1708 1314 1956 1386 ἀναφορὰν
1974 1355 1986 1375 ,
2014 1314 2043 1371 ἧ

472 1399 686 1466 σχέσιν,
715 1396 745 1455 ἢ
778 1396 1008 1468 δύναμιν,
1036 1406 1125 1456 τήν
1149 1400 1322 1453 ένωσιν
1358 1407 1447 1455 τοῦ
1477 1408 1603 1456 Θεοῦ
1629 1400 1772 1472 λόγου
1799 1404 1925 1473 πρὸς
1954 1400 2040 1455 ἇν-

470 1490 669 1562 ορωπον
694 1490 1011 1560 γεγενῆσθαι,
1043 1490 1071 1547 ἦ
1110 1490 1212 1543 καθ’
1240 1489 1545 1561 ὁμωνυμίαν,
1582 1494 1688 1546 καθ’
1714 1494 1772 1550 ἣν
1793 1493 1837 1547 οἷ
1864 1504 2041 1548 Νεστο-

469 1580 629 1651 ριανοέ
657 1581 738 1633 καὶ
766 1579 848 1632 τὸν
869 1580 989 1632 Θεὸν
1011 1579 1155 1648 λόγον
1179 1582 1392 1656 Χριστὸν
1414 1583 1677 1641 καλοῦντες
1695 1622 1706 1642 ,
1739 1585 1823 1634 xii
1852 1582 1936 1637 τὸν
1965 1582 2043 1636 ὅν-

468 1671 666 1740 θρωπον
694 1670 1080 1742 κεχωρισμένως
1120 1669 1336 1742 Χριστὸν
1379 1671 1699 1738 ὀνομάζοντες
1738 1678 1863 1724 κατά
1892 1672 2042 1740 μόνην

466 1766 557 1816 τήν
584 1760 920 1831 προσηγορίαν
939 1759 1027 1811 ἕνα
1054 1759 1268 1830 Χριστὸν
1294 1759 1545 1829 λέγουσιν’
1567 1760 1596 1817 ἦ
1621 1759 1760 1819 εἴτις
1780 1760 1908 1832 λέγει
1932 1761 2041 1815 κατ’

2147 597 2249 651 est,
2299 600 2392 642 aut
2420 591 2549 645 dicit
2580 591 2741 645 Deum
2773 593 3004 649 Verbum
3036 613 3156 651 cum
3202 599 3416 655 Christo
3461 618 3580 659 esse
3618 621 3716 658 na-

2146 688 2329 734 scente
2357 698 2420 735 ex
2453 684 2697 751 muliere,
2730 686 2812 740 vel
2836 687 2889 741 in
2918 689 3033 757 ipso
3062 705 3181 746 esse
3210 700 3461 761 tanquam
3490 695 3718 749 alterum

2146 770 2199 822 in
2228 770 2418 835 altero,
2461 773 2551 826 sed
2583 789 2688 827 non
2721 791 2882 830 unum
2927 780 3279 848 eumdemque
3310 783 3593 837 Dominum
3617 800 3719 838 no-

2146 869 2313 913 strum
2362 860 2541 916 Jcsum
2572 862 2866 932 Christum,
2918 865 3084 920 Deum
3111 869 3345 924 Verbum
3378 872 3713 926 incarnatum

2144 957 2200 1002 et
2228 950 2495 1004 hominem
2529 951 2751 1015 factum,
2803 964 2857 1008 et
2899 955 3137 1023 ejusdem
3167 958 3332 1026 ipsius
3361 962 3619 1015 miracula
3661 971 3718 1016 et

2146 1039 2443 1106 passiones,
2472 1056 2607 1110 quas
2635 1058 2795 1098 carne
2822 1053 3014 1113 sponte
3042 1048 3315 1109 sustinuit,
3348 1050 3467 1103 talis
3492 1051 3715 1107 anathe-

2146 1144 2229 1181 ma
2260 1130 2348 1189 sit,

2216 1228 2303 1284 IV.
2346 1230 2401 1283 Si
2433 1232 2551 1301 quis
2579 1232 2728 1297 dicit,
2781 1233 3075 1289 secundum
3105 1236 3351 1303 gratiam,
3402 1240 3487 1291 vel
3519 1253 3715 1292 secun-

2144 1316 2269 1369 dum
2319 1320 2721 1384 Operatiouem,
2772 1322 2855 1374 vel
2904 1323 3194 1377 secundum
3243 1326 3578 1391 dignitatem,
3631 1330 3715 1381 vel

2143 1407 2433 1463 secundum
2460 1410 2819 1476 aequalitatem
2838 1411 3078 1474 honoris,
3102 1413 3184 1466 vel
3209 1414 3501 1468 secundum
3525 1425 3714 1470 aucto-

2144 1496 2379 1561 ritatem,
2408 1497 2489 1551 vel
2522 1498 2857 1563 relationem,
2900 1501 2985 1554 vel
3016 1501 3288 1565 allectum,
3321 1505 3405 1559 vel
3436 1506 3715 1572 virtutem,

2142 1585 2438 1641 unitionem
2471 1585 2567 1641 Dei
2601 1585 2762 1641 Verbi
2792 1588 2859 1642 ad
2886 1590 3157 1643 hominem
3205 1590 3399 1646 iactam
3445 1609 3583 1659 esse,
3629 1598 3714 1651 vel

2143 1676 2436 1733 secundum
2485 1676 2920 1749 homonymiam,
2974 1694 3071 1748 per
3108 1696 3270 1751 quam
3323 1683 3624 1739 Nestoriani
3660 1696 3715 1740 ct

2145 1765 2308 1820 Deum
2338 1767 2572 1821 Verbum
2603 1778 2857 1823 vocantes
2877 1768 3171 1835 Christum,
3193 1782 3243 1827 et
3272 1774 3542 1828 hominem
3565 1791 3692 1846 sepa

465 1847 694 1907 εὐδοκίαν
724 1855 813 1906 τήν
839 1850 1015 1903 ἕνωσιν
1042 1852 1334 1921 γεγενῆσθαι
1354 1892 1364 1905 .
1388 1854 1545 1911 καθὼς
1571 1849 1829 1922 Θεόδωρος
1854 1852 1879 1906 ὁ
1907 1853 2011 1926 αἶρε

2143 1857 2296 1910 ratim
2342 1856 2612 1912 Christum
2660 1861 3017 1924 nominantes,
3067 1864 3185 1918 solo
3236 1865 3501 1920 vocabulo
3551 1884 3713 1922 unum

466 1942 601 1999 τικὸς
628 1941 805 1997 αὐταῖς
835 1936 996 2001 λέξεσι
1024 1939 1182 2009 λέγει,
1222 1943 1287 1999 ὡς
1316 1942 1611 2011 ἁρεσθέντος
1638 1948 1730 1995 τοῦ
1757 1943 1871 1995 θεοῦ
1894 1943 2041 2015 λόγου

462 2036 536 2100 τῷ
564 2030 809 2101 ἀνθρώπῳ
833 2029 934 2081 ἀπὸ
958 2035 1043 2081 τοῦ
1068 2023 1121 2082 εῦ
1152 2032 1233 2083 καὶ
1258 2031 1385 2084 καλά
1409 2029 1547 2093 δόξαι
1566 2033 1707 2103 αύτῷ
1727 2035 1843 2108 περὶ
1862 2034 2039 2096 αὑτοῦ,

2144 1947 2410 2003 Christum
2440 1950 2626 2005 dicunt
2653 1970 2665 2004 :
2698 1960 2790 2005 aut
2816 1953 2860 2007 si
2890 1954 3009 2024 quis
3036 1970 3133 2024 per
3160 1956 3354 2010 bonum
3381 1958 3714 2014 voluntatem

2140 2040 2269 2095 dicit
2293 2042 2587 2097 unitionem
2616 2042 2812 2099 factam
2840 2060 2978 2111 esse,
3025 2047 3162 2101 sicut
3190 2047 3506 2105 Theodorus
3545 2052 3702 2106 ἡξει-ει

460 2117 582 2186 ιῦχέ
623 2115 725 2169 καθ’
754 2117 1040 2171 ὑπόστασιν
1080 2124 1172 2172 τοῦ
1209 2126 1333 2172 Θεοῦ
1375 2116 1522 2192 λόγου
1571 2122 1697 2193 πρὸς
1744 2128 1832 2179 την
1879 2124 2022 2198 σάρκι

2125 2143 2269 2195 ticus
2300 2143 2436 2211 ipsis
2464 2143 2650 2197 verbis
2684 2142 2851 2207 dicit,
2893 2141 3051 2210 quasi
3081 2141 3350 2211 placuerit
3386 2139 3495 2195 Deo
3535 2138 3709 2194 Ven-bc

462 2205 799 2275 έψυχωμένην
827 2206 978 2278 ψυχῇ
1006 2208 1174 2283 λογικῇ
1204 2212 1289 2263 καὶ
1316 2216 1459 2285 νοερᾷ
1479 2217 1567 2269 τὴν
1595 2213 1770 2265 ἕνωσιν
1791 2213 2037 2284 ὁμολογεῖ,

462 2303 547 2353 καὶ
579 2299 663 2355 διὰ
703 2307 854 2355 τοῦτο
892 2305 1009 2371 μίαν
1039 2304 1191 2356 αὐτοῦ
1239 2308 1328 2361 τὴν
1380 2304 1669 2360 ὑπόστασιν
1715 2307 1974 2365 σύνθετον,
2012 2304 2037 2367 ὁ

468 2395 696 2453 τοιοῦτος
720 2392 939 2461 ἀνάθεμα
973 2390 1127 2452 ἴστω.

529 2679 686 2740 Εἶτιε
712 2684 841 2736 κατὰ
864 2685 1129 2757 ἀναφορὰν,
1154 2682 1184 2741 ἧ
1208 2694 1632 2757 καταχρηστικῶς
1664 2688 1880 2741 θεοτόκον
1909 2689 2034 2759 λέγει

456 2776 547 2827 τήν
576 2769 723 2839 ἁγίαν
751 2768 943 2834 ἔνδοξον
973 2773 1291 2847 ὰειπάρθενον
1319 2778 1541 2848 Μαρίαν,
1570 2775 1599 2834 ἢ
1628 2778 2027 2852 ἀνθρωπτόκον,

456 2860 484 2921 ὁ
510 2862 860 2935 Χριστοτὸκον,
893 2866 960 2923 ὡς
989 2872 1081 2919 τοῦ
1112 2874 1335 2939 Χριστοῦ
1360 2874 1429 2937 μή
1455 2865 1595 2929 ὄντος
1622 2876 1778 2933 Θεοῦ,
1815 2869 1934 2922 ἀλλὰ
1960 2875 2030 2937 μὴ

451 2956 638 3027 κυρίως
666 2957 751 3008 καὶ
792 2955 905 3010 κατ’
952 2958 1176 3014 ἀλήθειαν
1205 2959 1429 3013 θεοτὸκον
1458 2962 1610 3018 αὐτὴν
1656 2962 1912 3031 ὁμολογεῖ,
1946 2960 2030 3017 διὰ

449 3045 507 3101 τὸ
532 3044 617 3097 τὸν
653 3044 753 3116 πρὸ
784 3046 973 3099 αἰῶνων
999 3047 1054 3099 έκ
1080 3053 1167 3101 τοῦ
1198 3048 1389 3122 πατρὸς
1418 3052 1705 3119 γεννηθέντα
1743 3052 1864 3105 Θεὸν
1887 3051 2027 3123 λόγον

448 3133 530 3196 ἦπ⁹
552 3136 794 3205 έσχάτων
833 3142 934 3191 τῶν
967 3138 1166 3210 ἡμερῶν
1194 3139 1244 3200 EE
1268 3142 1421 3199 αὐτῆς
1448 3142 1768 3215 σαρκωθῆναι
1796 3145 1880 3197 καὶ
1907 3162 2021 3213 γεν-

445 3225 672 3291 «etiam,
698 3225 723 3279 ὁ
743 3232 969 3287 τοιοῦτος
995 3228 1216 3296 ἀνάθεμα
1238 3228 1390 3283 ἔστω.
1528 3216 1533 3221 ἢ

517 3422 579 3477 Εἴ
612 3445 690 3485 τις
728 3426 828 3503 οὐχ
859 3424 1090 3495 ὁμολογεῖ
1114 3429 1198 3482 τὸν
1244 3428 1622 3502 ἐσταυρωμένον
1662 3434 1814 3504 σαρκὶ
1851 3434 2019 3506 κύριον

445 3513 793 3583 ἠμῶνίιησοῦν
817 3520 1029 3587 Χριστὸν
1055 3520 1178 3572 Θεὸν
1206 3514 1326 3572 εἶναι
1356 3520 1594 3583 ἀληθινὸν,
1628 3524 1711 3573 καὶ
1738 3524 1905 3597 κύριον
1928 3533 2017 3581 τῆς

442 3604 620 3670 δοξης,
658 3610 741 3669 καὶ
764 3609 847 3661 ἕνα
886 3617 976 3669 τῆς
1005 3608 1151 3681 ἁγίας
1196 3609 1431 3683 τριάδος,
1464 3610 1488 3665 ὃ
1531 3604 1755 3672 τοιοῦτος
1795 3615 2018 3684 ἀνάθεμα

445 3706 468 3753 ἕ
479 3720 584 3754 στω
591 3739 604 3752 .

512 3810 575 3872 Εἴ
604 3833 682 3872 τις
714 3815 764 3867 ἐν
792 3811 908 3868 δυσὶ
944 3817 1129 3877 φύσεσι
1167 3819 1318 3889 λέγων
1341 3822 1408 3889 μή
1440 3820 1501 3878 ὡς
1531 3818 1579 3873 έν
1612 3815 1834 3876 θεότητι.
1861 3823 1940 3875 καὶ
1968 3822 2016 3873 ἐν

440 3903 788 3976 ἀννρωπότητι
831 3904 917 3959 τὸν
955 3906 1042 3959 ἕνα
1083 3910 1252 3981 κύριον
1284 3911 1422 3978 ἡμῶν
1452 3906 1646 3966 Ἰησοῦν
1683 3912 1894 3984 Χριστὸν
1936 3914 2018 3965 τὸν

438 4001 526 4047 τοῦ
555 4000 680 4048 Θεοῦ
709 3995 849 4067 λόγον
873 3999 1193 4071 σαρκωθέντα
1223 3998 1473 4071 ὁμολογεῖ,
1501 3998 1624 4069 μηδέ
1652 4002 1735 4055 έπέ
1756 4009 1826 4070 τῷ
1848 4008 2017 4070 σημᾶ-

438 4106 518 4148 ιαι
542 4091 632 4148 τήν
658 4084 894 4159 διαφορὰν
923 4096 1020 4150 τῶν
1060 4090 1254 4160 φύσεων
1274 4129 1287 4149 ,
1322 4090 1371 4153 ἐξ
1400 4087 1463 4142 ὦν
1495 4093 1577 4144 καὶ
1605 4092 1866 4156 συνετέθη,
1910 4094 2015 4145 ἀλλ’

438 4176 521 4231 ἰπὶ
551 4173 793 4253 διαιρέσει
821 4187 882 4251 τῇ
910 4179 1004 4233 δινὰ
1034 4181 1185 4251 μέρος
1209 4187 1297 4236 τήν
1326 4182 1561 4236 τοιαύτην
1589 4180 1832 4251 λαμϐάνει
1857 4189 2013 4253 φωνήν

439 4266 521 4318 ἐπὶ
555 4271 644 4319 τοῦ
680 4268 806 4319 κατά
831 4268 1042 4341 Χριστὸν
1075 4274 1357 4343 μυστηρίου
1375 4286 1386 4297 ·
1429 4271 1495 4330 ὡς
1522 4273 1907 4342 κεχωρισμένας
1933 4276 2014 4325 καὶ

440 4355 861 4416 έδιοῦποστὰτους
891 4354 1015 4411 εἶναι
1059 4361 1152 4419 τὰς
1196 4361 1401 4429 φύσεις,
1452 4362 1613 4419 καθὼς
1640 4360 1894 4430 Θεόδωρος
1931 4366 2013 4421 καὶ

436 4453 705 4521 Meropis;
727 4448 1133 4520 βλασφημοῦσιν,
1165 4448 1190 4502 ὁ
1213 4456 1438 4509 τοιοῦτος
1460 4447 1684 4521 ἀνάθεμα
1707 4449 1858 4515 ἴστω.

505 4625 564 4677 lii.’
586 4646 664 4684 τις
692 4626 773 4678 ἐπὶ
798 4632 885 4679 τοῦ
912 4627 1013 4685 ἐνὸς
1036 4632 1213 4698 κυρίου
1238 4631 1374 4694 ἡμῶν
1394 4629 1557 4687 Ἰησοῦ
1582 4637 1803 4709 Χριστοῦ
1821 4674 1833 4695 ,
1863 4653 2010 4687 τουτ-

431 4729 539 4777 eam
584 4722 675 4769 τοῦ
716 4717 1055 4789 σαρκωθέντος
1091 4726 1218 4772 Θεοῦ
1246 4718 1390 4793 λόγου
1433 4722 1517 4775 τὸν
1555 4724 1765 4795 ἀριθμὸν
1791 4731 1887 4778 τῶν
1915 4728 2005 4797 φύ-

429 4827 556 4864 σεων
577 4805 826 4879 ὁμολογῶν
854 4812 921 4876 μή
1042 4812 1220 4882 Θεωρία
1256 4816 1344 4869 τὴν
1371 4810 1605 4880 διαφορὰν
1630 4817 1839 4878 τούτων,
1865 4816 1912 4879 EE
1939 4814 2003 4868 ὧν

429 4902 510 4951 καὶ
536 4892 798 4961 συνετέθη,
831 4899 1104 4964 λαυϐάνει,
1142 4905 1210 4962 ὡς
1242 4905 1429 4965 ταύτης
1454 4906 1542 4958 οὐκ
1581 4908 1893 4983 ἀνῃρημένης
1921 4906 2003 4964 διὰ

434 4998 515 5048 τήν
548 4991 751 5059 ἕνωσιν,
778 4992 883 5045 ἀλλ’
908 4995 991 5047 έπὶ
1016 4992 1259 5063 διαιρέσει
1297 5004 1361 5073 τῇ
1400 4998 1492 5051 ἀνὰ
1532 4999 1684 5073 μέρος
1710 5005 1783 5071 τῷ
1811 5000 2001 5075 ἀριθμῷ

426 5082 704 5149 κέχρηται,
725 5081 750 5135 ὃ
777 5089 1001 5143 τοιοῦτος
1025 5086 1243 5156 ἀνάθεμα
1264 5083 1419 5142 ἴστω.

496 5178 557 5233 Εἴ
574 5201 653 5241 τις
694 5182 877 5254 λέγων,
905 5188 1019 5254 μίαν
1046 5186 1196 5256 φύσιν
1228 5194 1314 5241 τοῦ
1342 5196 1468 5247 Θεοῦ
1495 5190 1640 5260 λόγου
1668 5194 1997 5263 σεσαρκωμέφ

421 5289 534 5331 νην,
564 5272 843 5345 οὖχοῦτως
870 5275 998 5333 αὐτὸ
1043 5276 1372 5346 ἐκλαμϐάνει,
1422 5283 1488 5340 ὡς
1537 5279 1615 5335 ὅτι
1642 5281 1695 5335 ἐκ
1734 5290 1825 5342 tu“:
1863 5285 1997 5344 θείας

426 5359 653 5428 φύσεως,
703 5367 782 5419 καὶ
826 5373 917 5427 τῆς
964 5369 1271 5443 ἀνθρωπίνης
1317 5367 1387 5430 εἷς
1431 5374 1648 5444 Χριστὸς
1685 5373 1995 5433 ἀπετελέσθη

420 5448 694 5518 ὁμοούσιος
719 5460 788 5520 τῷ
832 5459 993 5533 πατρὶ
1019 5458 1148 5511 κατὰ
1186 5463 1275 5517 τὴν
1325 5459 1560 5520 ϐιότητα,
1606 5462 1692 5516 καὶ
1734 5460 1999 5531 ὃμοαύσιος

421 5540 541 5605 ίμῖν
568 5539 594 5593 ὃ
615 5542 766 5603 αὐτὸς
792 5548 915 5599 κατά
937 5551 1027 5604 τήν
1054 5548 1436 5618 ἀνθρωπότητα,
1472 5550 1574 5602 ἀλλ’
1601 5548 1678 5604 ὅτι
1703 5557 1793 5611 τῆς
1821 5551 1993 5609 θεότη-

425 5647 505 5687 τος
522 5668 536 5691 ,
565 5634 645 5683 καὶ
673 5641 761 5692 τῆς
791 5636 977 5709 σαρκὸς
1002 5643 1092 5690 τοῦ
1120 5646 1343 5712 Χριστοῦ
1374 5641 1465 5711 μέα
1489 5643 1671 5713 φύσις,
1710 5641 1820 5700 ἦτοι
1848 5644 1996 5697 ούσία

426 5715 748 5782 ἀπετελέσθη,
780 5725 910 5776 κατὰ
935 5730 1026 5783 τήν
1062 5725 1403 5801 ’Δπολιναρέου
1432 5732 1516 5783 καὶ
1551 5732 1824 5799 Εὐτυχοῦς
1850 5752 1990 5787 κακο-

430 5807 647 5869 ειπτίαν,
681 5808 704 5861 ὸ
734 5817 952 5872 τοιοῦτος
980 5816 1199 5886 ὰνᾴθιμα
1228 5816 1259 5870 ἕ
1261 5838 1386 5872 στω.

2038 4574 2090 4633 D

2124 2235 2305 2299 homo,
2336 2250 2401 2289 eo
2430 2234 2578 2304 quod
2614 2236 2750 2289 bene
2781 2235 2957 2289 visum
2990 2242 3074 2288 est
3120 2234 3168 2289 ei
3198 2232 3266 2287 de
3296 2232 3434 2302 ipso,
3472 2233 3567 2288 sed
3604 2249 3715 2293 non

2122 2326 2422 2378 secundum
2458 2326 2870 2381 subsistentia":
2911 2324 3003 2379 Dei
3044 2323 3207 2378 Verbi
3236 2323 3302 2376 ad
3332 2338 3552 2377 carnem
3581 2324 3705 2376 anis

2122 2426 2320 2470 matam
2369 2419 2552 2474 anima
2584 2419 2841 2474 rationali
2888 2426 2942 2473 et
2986 2419 3345 2474 intellectuali
3399 2421 3704 2474 unitionem

2121 2509 2440 2573 confitetur,
2478 2520 2532 2564 et
2573 2510 2695 2565 ideo
2730 2525 2896 2564 unam
2933 2510 3052 2579 ejus
3099 2510 3509 2565 subsistentimu
3553 2526 3704 2565 com-

2122 2604 2348 2668 pesitam
2380 2616 2523 2664 esse,
2552 2602 2676 2655 talis
2706 2602 2993 2655 anathema
3025 2602 3119 2656 sit.

2209 2688 2266 2742 V.
2298 2688 2354 2744 Si
2396 2691 2515 2759 quis
2561 2706 2659 2760 per
2711 2695 3047 2763 relationem,
3082 2708 3175 2753 aut
3201 2699 3439 2766 abusive,
3484 2700 3577 2755 Dei
3606 2716 3702 2769 ge-

2138 2780 2382 2835 nitricem
2413 2782 2544 2839 dicit
2570 2793 2808 2838 sanctam
2856 2787 3143 2855 gloriosam
3192 2804 3405 2859 semper
3443 2792 3703 2857 virginem

2131 2869 2373 2937 Mariam,
2420 2884 2513 2927 aut
2542 2875 2773 2930 hominis
2800 2878 3133 2945 genitricem,
3182 2888 3277 2939 aut
3302 2879 3701 2947 Christotomn,

2130 2966 2379 3027 tauquam
2403 2959 2617 3021 Christo
2647 2964 2758 3018 Deo
2787 2981 2894 3019 non
2924 2967 3211 3033 existente,
3238 2969 3331 3022 sed
3357 2986 3461 3027 non
3483 2974 3701 3039 proprie

2127 3057 2183 3102 et
2216 3064 2342 3104 vere
2373 3050 2465 3105 Dei
2509 3054 2823 3121 genitricem
2867 3058 3035 3125 ipsam
3083 3058 3391 3127 conﬁtetur,
3440 3076 3507 3115 eo
3554 3063 3700 3131 quad

2128 3137 2241 3207 ipse
2288 3141 2379 3208 qui
2410 3151 2534 3195 ante
2580 3144 2772 3205 saecula
2802 3161 2867 3199 ex
2900 3145 3059 3201 Patre
3089 3157 3245 3202 natus
3288 3160 3371 3203 est
3403 3151 3542 3206 Deus
3569 3152 3697 3205 Ver-

2050 3214 2094 3274 C
2127 3227 2270 3295 bum,
2318 3231 2368 3283 in
2400 3232 2602 3286 ultimis
2648 3234 2837 3292 diebus
2866 3254 2930 3292 ex
2962 3240 3074 3308 ipsa
3106 3240 3415 3297 incarnatus
3456 3252 3511 3298 et
3538 3255 3700 3299 natus

2127 3327 2231 3387 est,
2263 3321 2385 3377 talis
2409 3325 2692 3380 anathema
2724 3328 2817 3390 sit,

2193 3426 2279 3483 Vl.
2331 3428 2387 3483 Si
2441 3431 2563 3498 quis
2610 3448 2718 3493 non
2767 3433 3055 3491 conﬁtetur
3110 3437 3393 3497 Dominum
3450 3452 3699 3505 nostrum

2119 3513 2300 3571 Iesum
2328 3517 2599 3573 Christum
2628 3521 2718 3595 qui
2747 3537 2908 3578 carne
2929 3525 3215 3582 cruciﬁxus
3243 3538 3346 3593 est,
3381 3529 3544 3585 Deum
3576 3548 3701 3589 esse

2121 3618 2329 3669 verum,
2358 3614 2413 3658 et
2442 3605 2721 3665 Dominum
2751 3610 2951 3677 gloria,
2993 3620 3048 3668 et
3077 3630 3240 3675 unum
3269 3616 3336 3675 de
3363 3629 3545 3675 sancta
3577 3620 3693 3679 Tri-

2124 3692 2312 3759 nitate,
2343 3694 2463 3750 talis
2491 3696 2775 3755 anathema
2803 3700 2893 3755 sit.

2190 3803 2299 3857 Vli.
2342 3803 2397 3859 Si
2426 3806 2545 3875 quis
2573 3807 2625 3859 in
2655 3808 2861 3862 duabus
2883 3813 3087 3868 naturis
3108 3812 3293 3871 dicens
3312 3832 3416 3870 non
3440 3825 3695 3890 tanquam

2119 3894 2171 3947 in
2201 3896 2400 3952 deitate
2447 3907 2501 3951 et
2529 3899 2862 3956 humanitate
2908 3919 3071 3958 unum
3117 3904 3400 3963 Dominum
3448 3920 3687 3966 nostrum

2118 3983 2297 4039 Jesum
2323 3985 2612 4055 Christum,
2644 3990 2811 4045 Deum
2842 3992 3073 4049 Verbum
3102 3997 3436 4053 incarnatum
3463 4004 3689 4058 comites

2122 4084 2226 4140 tur,
2275 4092 2375 4131 nec
2400 4076 2465 4131 ad
2506 4078 2907 4147 signiﬁcandam
2953 4083 3309 4145 ditl‘erentiam
3353 4098 3689 4157 naturarum,

2117 4180 2185 4220 ex
2226 4168 2417 4235 quibus
2461 4172 2793 4241 compositus
2840 4182 2960 4238 est,
3015 4177 3107 4231 sed
3156 4195 3255 4248 pro
3288 4181 3550 4238 divisione
3591 4200 3687 4253 per

2121 4264 2353 4323 partem,
2407 4260 2567 4313 talem
2599 4262 2799 4331 excipit
2841 4280 3029 4320 vocem
3075 4268 3127 4322 in
3174 4274 3429 4341 mysterio
3466 4274 3691 4341 Christi,

2116 4360 2269 4412 quas:
2316 4352 2604 4419 separatim
2653 4369 2969 4426 unaquaque
3020 4370 3210 4419 natura
3258 4378 3407 4419 suam
3456 4368 3685 4426 habente

2114 4438 2541 4508 subsistentiam,
2564 4443 2703 4498 sicut
2729 4445 3044 4505 Theodorus
3072 4452 3414 4511 etNestorius
3444 4458 3685 4529 blaSphe»

2114 4539 2415 4595 maverunt,
2444 4533 2564 4587 talis
2589 4536 2871 4590 anathema
2897 4539 2987 4593 sit.

2185 4626 2317 4687 VIII.
2348 4630 2402 4683 Si
2434 4632 2554 4700 quis
2578 4632 2629 4687 in
2657 4650 2763 4689 uno
2793 4635 3019 4693 Domino
3047 4638 3174 4696 Jesu
3203 4642 3437 4711 Christo,
3470 4648 3571 4703 hoc
3598 4660 3685 4709 est

2114 4716 2224 4777 Deo
2241 4719 2417 4775 Verbo
2442 4723 2736 4789 incarnato,
2763 4744 3041 4785 numerum
3064 4734 3325 4790 confitens
3347 4746 3677 4805 naturarum,

2113 4822 2218 4861 non
2250 4810 2520 4865 intellectu
2549 4812 2903 4871 differentiam
2928 4835 3131 4887 earum,
3156 4839 3220 4878 ex
3244 4827 3439 4894 quibus
3458 4839 3512 4883 et
3532 4846 3680 4883 com-

2110 4897 2314 4967 positus
2360 4908 2464 4967 est,
2494 4903 2711 4973 excipit,
2762 4912 2821 4959 ut
2849 4916 2976 4979 pote
3003 4927 3107 4965 non
3139 4912 3510 4985 iuteremptam
3551 4934 3678 4988 pm~

2108 4996 2230 5056 pter
2255 4989 2536 5056 unitatem,
2569 4994 2663 5046 sed
2693 5009 2790 5063 pro
2810 4997 3072 5055 divisione
3098 5017 3195 5071 per
3217 5013 3424 5073 partem
3452 5023 3681 5065 numero

2109 5078 2290 5144 utitur,
2324 5080 2443 5134 talis
2470 5083 2753 5138 anathema
2779 5088 2863 5141 sit.

2176 5187 2265 5248 lx.
2297 5188 2355 5244 Si
2383 5191 2501 5258 quis
2528 5192 2709 5248 dicens
2735 5211 2894 5250 unam
2926 5208 3168 5256 naturam
3199 5201 3291 5257 Dei
3319 5202 3477 5262 Verbi
3499 5208 3674 5262 incar-

2107 5287 2306 5344 natam,
2337 5295 2443 5334 non
2471 5281 2547 5337 sic
2575 5282 2679 5338 hoc
2708 5285 2974 5355 intelligit,
3002 5291 3146 5358 quod
3177 5307 3243 5347 ex
3277 5294 3451 5349 divina
3480 5307 3675 5356 natura

2105 5378 2161 5424 et
2186 5369 2415 5423 humana
2445 5386 2580 5426 unus
2604 5371 2848 5430 Christus
2874 5377 3098 5434 effectus
3118 5390 3220 5445 est,
3244 5385 3670 5442 consubstantia~

2104 5458 2170 5513 lis
2199 5455 2343 5513 Patri
2370 5461 2661 5517 secundum
2692 5463 2965 5533 deitatem,
2995 5477 3050 5523 et
3072 5474 3540 5532 consubstantialis
3566 5494 3670 5534 ne.

2105 5548 2186 5602 bis
2211 5547 2351 5604 idem
2379 5548 2493 5618 ipse
2522 5553 2815 5613 secundum
2843 5554 3250 5628 humanitatem,
3273 5563 3368 5618 sed
3391 5566 3536 5635 quod
3560 5567 3673 5622 dei.

2102 5638 2225 5692 tatis
2261 5645 2318 5697 et
2356 5641 2535 5695 carnis
2579 5642 2775 5701 Christi
2825 5664 2927 5702 una
2981 5660 3170 5711 natura
3217 5654 3332 5711 sive
3368 5660 3665 5715 substantia

2101 5731 2289 5786 etl‘ecta
2320 5742 2403 5788 est
2423 5736 2713 5792 secundum
2741 5739 3054 5809 Apollinarii
3094 5754 3149 5803 et
3204 5746 3515 5819 Eutychetis
3540 5765 3664 5826 pet-

2099 5820 2296 5889 ﬁdiam,
2323 5824 2442 5880 talis
2472 5828 2753 5885 anathema
2779 5832 2874 5891 sit,
