4108 6452
334 429 468 492 10H

1398 428 1629 487 LIBER
1670 424 2070 486 ADVERSUS
2104 424 2535 485 ORIGENEM.

3449 421 3583 481 1013

412 534 617 598 Ἐπίσης
655 540 754 611 γάρ
800 542 884 594 καί
925 543 1044 603 τοὺς
1093 544 1184 595 ἀνά
1227 545 1376 618 μέρος
1417 542 1763 619 διαιροῦντας,
1804 544 1916 600 ’ἦτοι

2089 536 2156 591 Χ.
2183 537 2483 606 ,Ερυοιίιθε
2508 540 2652 594 enim
2680 548 2734 595 et
2754 555 2848 595 eos
2881 547 2969 610 qut
2993 555 3088 610 per
3115 550 3320 611 partem
3342 541 3583 596 incidunt

338 620 629 689 τέιινοντας,
659 634 741 683 καί
777 630 894 690 τοὺς
924 634 1245 703 συγχέοντας
1272 636 1328 689 τὸ
1354 642 1443 693 τῆς
1472 636 1606 693 θείας
1635 638 1915 702 οἰκονομίας

337 727 617 789 μυστήριον
652 726 744 774 τοῦ
769 731 995 795 Χριστοῦ
1029 726 1427 800 ἀποστρέφεται,
1457 728 1543 779 καί
1573 726 1915 792 ἀναθεματίζει

337 814 368 869 ἡ
400 811 545 864 καθολ
565 817 625 870 κὴ
655 812 909 870 ἐκκλησία.

406 899 467 954 Εῗ
482 922 562 961 τις
589 906 658 972 μή
687 904 1035 973 ἀναθεματίζει
1058 902 1276 978 Ἀρειον,
1304 906 1561 975 Εὐνόμιον,
1591 903 1913 969 Μακεδόνων,

333 992 702 1067 Ἀπολινάριον,
735 997 1025 1070 Νεστόριον,
1056 1000 1325 1067 Εὐτυχέα,
1375 1000 1457 1051 καί
1496 1000 1616 1056 τοὺς
1653 998 1719 1051 τά
1756 994 1908 1065 ὅμοια

331 1088 532 1145 τούτοις
560 1091 881 1155 φρονοῦντας,
909 1087 940 1145 ἦ
967 1092 1325 1162 φρονήσαντας,
1350 1088 1569 1157 ἀνάθεμα
1593 1083 1625 1139 ἕ
1625 1108 1752 1140 στω.

403 1264 466 1318 Εἴ
502 1288 581 1325 τις
626 1268 957 1321 ἀντιποιεῖται
1002 1267 1261 1341 Θεοδώρου
1304 1275 1397 1323 τοῦ
1438 1269 1787 1339 Maximum-ria;
1826 1271 1915 1320 τοῦ

332 1358 596 1422 εἰπόντος,
651 1355 794 1412 ἄλλον
837 1355 965 1413 εἶναι
1011 1361 1096 1414 τὸν
1139 1362 1259 1414 θεὸν
1301 1360 1468 1429 λόγον,
1518 1363 1602 1413 καί
1648 1357 1794 1413 ἄλλον
1834 1358 1919 1412 τὸν

332 1450 581 1524 Χριστὸν,
610 1448 712 1502 ὑπὸ
742 1451 911 1502 παθῶν
952 1450 1135 1519 ψυχῆς
1176 1454 1258 1504 καὶ
1284 1457 1381 1503 τῶν
1417 1458 1507 1511 τῆς
1534 1451 1716 1521 σαρκὸς
1744 1450 1921 1501 ἰπιθυ-

333 1545 461 1607 μιῶν
487 1538 873 1609 ἐνοχλούμενον,
902 1540 984 1592 καί
1009 1541 1063 1593 ἐκ
1090 1549 1349 1615 προκοπῆς
1380 1538 1540 1614 ἴργων
1567 1541 1915 1609 βελτιωθέντα,

332 1632 419 1681 καί
447 1628 791 1698 βαπτισθέντος
832 1632 907 1690 εἰς
936 1626 1089 1699 ὄνομα
1124 1632 1320 1703 πατρὸς
1359 1633 1446 1685 καί
1486 1631 1602 1683 υἱοῦ
1650 1633 1735 1683 καί
1772 1628 1916 1702 ἁγίου

329 1720 643 1788 πνεύματος,
666 1722 749 1772 καί
773 1717 859 1773 διά
877 1726 967 1774 τοῦ
992 1720 1349 1792 βαπτίσματος
1370 1726 1459 1779 τὴν
1483 1723 1637 1792 χάριν
1658 1729 1747 1774 τοῦ
1770 1721 1916 1792 ἁγίου

331 1808 622 1877 πνεύματος
665 1807 867 1870 λαϐεῖν,
917 1811 1003 1862 καί
1048 1810 1307 1870 υἱοθεσίας
1352 1811 1643 1874 ἀξιωθῆναι,
1681 1814 1767 1863 καί
1812 1810 1918 1865 κατ’

2013 629 2098 682 vel
2127 628 2387 691 dividunt,
2417 639 2472 683 et
2496 644 2591 683 eos
2611 631 2701 700 qui
2728 629 3061 686 confundunt
3086 630 3281 686 divimn
3308 632 3583 701 dispensaa

2015 721 2177 773 tionis
2206 722 2517 787 mysterium
2546 720 2765 788 Christi,
2817 721 2989 792 rejicit
3034 732 3089 777 et
3117 724 3439 778 condemnat
3467 726 3585 778 uui-

2014 809 2238 863 versalis
2258 807 2352 863 Dei
2382 809 2641 864 Ecclesia.

2087 901 2141 954 Si
2196 902 2316 968 quis
2353 917 2459 955 non
2502 902 2918 955 anathematilat
2974 902 3193 966 Arium,
3245 902 3583 968 Eunomium,

2016 989 2410 1053 Macedonium,
2442 989 2851 1059 Apollinarium,
2894 991 3219 1059 Nestorium,
3267 992 3584 1064 Eutychem,

2017 1090 2073 1135 et
2100 1096 2195 1134 eos
2221 1080 2311 1147 qui
2338 1078 2922 1149 similiaeissapuerunt
2944 1082 3027 1136 vel
3053 1083 3285 1153 sapiunt,
3311 1084 3429 1138 talis
3455 1100 3587 1138 aua-

2019 1171 2196 1224 thema
2226 1172 2316 1225 sit.

2088 1258 2178 1312 XI.
2198 1259 2252 1313 Si
2269 1260 2387 1329 quis
2409 1258 2646 1314 defendit
2662 1258 3001 1315 Theodorum
3026 1259 3476 1331 Mopsuestenum,
3496 1266 3588 1334 qui

2018 1350 2153 1404 dixit
2179 1350 2339 1403 alium
2370 1365 2488 1404 esse
2526 1348 2695 1405 Deum
2724 1350 2979 1415 Verbum,
3025 1360 3081 1406 et
3126 1352 3288 1407 alium
3318 1353 3587 1415 Christum

2019 1457 2049 1494 a
2080 1441 2416 1510 passionibus
2441 1440 2633 1494 animae
2674 1449 2732 1496 et
2771 1442 3052 1497 desideriis
3099 1444 3275 1498 carnis
3320 1447 3591 1501 molestias

2020 1533 2333 1602 patientem,
2385 1539 2442 1586 et
2467 1547 2535 1587 ex
2564 1531 2807 1602 profectu
2852 1549 3075 1603 operum
3127 1536 3486 1601 melioratum,
3536 1549 3594 1592 et

2018 1624 2346 1693 baptizatum
2388 1625 2441 1678 in
2487 1625 2706 1679 nomine
2751 1622 2947 1690 Patris,
3001 1632 3055 1680 et
3094 1625 3233 1689 Filii,
3279 1635 3335 1681 et
3362 1627 3592 1697 Spiritus

2019 1717 2208 1781 sancti,
2240 1725 2294 1771 et
2315 1731 2412 1785 per
2437 1716 2701 1785 baptisma
2728 1717 2952 1785 gratiam
2982 1719 3154 1772 sancti
3182 1717 3409 1786 Spiritus
3437 1736 3590 1775 acce-

2020 1810 2185 1880 pisse,
2216 1817 2272 1864 ct
2300 1808 2664 1863 aﬂiliationem
2694 1810 2971 1873 memisse,
3004 1818 3060 1863 et
3088 1808 3157 1863 ad
3188 1810 3587 1865 similitudinem

332 1899 546 1956 ἰσότητα
574 1899 843 1968 βασιλικῆς
868 1900 1055 1960 εἰκόνος
1079 1901 1151 1959 εἰς
1180 1899 1455 1973 πρόσωπον
1493 1905 1578 1954 τοῦ
1604 1907 1731 1955 Θεοῦ
1766 1900 1914 1971 λόγου

2027 1900 2313 1969 imperialis
2353 1899 2595 1966 imaginis
2638 1899 2691 1953 in
2737 1914 3023 1968 personam
3054 1900 3147 1956 Dei
3177 1900 3336 1955 Verbi
3374 1902 3587 1957 adorari

334 1991 769 2066 προσκυνούμενον
789 2029 804 2054 ,
834 1993 915 2044 καί
942 1993 1070 2059 μετά
1103 1997 1193 2049 τήν
1222 1994 1498 2046 ἀνάστασιν
1527 1988 1776 2065 ἄτρεπτον
1801 2001 1917 2053 ταῖς

334 2082 567 2144 έννοέαις,
592 2084 679 2134 καί
699 2083 1052 2155 ἀναμάρτητον
1077 2082 1332 2143 παντελῶς
1353 2083 1638 2156 γινόμενον·
1666 2086 1750 2137 καί
1769 2082 1916 2137 πάλιν

335 2171 593 2245 εἰρηκότος
624 2176 715 2228 τῆν
743 2171 921 2226 ένωσιν
960 2178 1047 2225 τοῦ
1076 2178 1203 2226 Θεοῦ
1243 2172 1389 2244 λόγου
1426 2172 1552 2245 πρὸς
1590 2174 1676 2227 τὸν
1704 2173 1917 2246 Χριστὸν

335 2261 575 2316 τοιαύτην
600 2262 917 2330 γεγενῆσθαι,
951 2262 1058 2314 οἷαν
1083 2256 1219 2315 εἶπεν
1246 2260 1272 2316 ὸ
1301 2264 1586 2323 ἀπόστολος
1626 2263 1709 2317 έπί
1736 2262 1917 2337 ἀνδρὸς

338 2354 419 2407 καί
445 2352 681 2423 γυναικός
698 2373 714 2391 σ
737 2369 756 2403 t
774 2348 1074 2407 Ἔσονταιοί
1101 2350 1193 2407 δύο
1211 2355 1280 2413 εἰς
1298 2355 1469 2427 σάρκα
1490 2356 1626 2423 μίαν.
1650 2372 1668 2405 ι
1695 2355 1919 2428 καὶπρὸς

335 2448 452 2499 ταῖς
476 2438 652 2500 ἄλλαις
673 2441 1021 2517 ἀναριθμήτοις
1043 2442 1195 2496 αὐτοῦ
1218 2443 1554 2513 βλασφημίαις
1576 2443 1918 2512 τολμήσαντος

335 2538 521 2597 εἰπεῖν,
552 2531 627 2587 ὅτι
657 2535 787 2603 μετά
812 2540 900 2593 τῆν
925 2535 1201 2588 ἀνάστασιν
1226 2536 1527 2606 ἐμφυσήσας
1554 2534 1578 2589 ὸ
1607 2538 1777 2610 κύριος
1808 2544 1921 2599 τοῖς

335 2624 611 2690 μαθηταῖς,
643 2626 725 2676 καί
751 2628 926 2686 εἰπὼν,
959 2642 975 2672 ί
992 2624 1181 2679 Λάϐετε
1203 2630 1403 2692 πνεῦμα
1419 2623 1577 2696 ἅγιον,
1598 2642 1617 2675 ε
1638 2626 1695 2678 οὐ
1710 2624 1921 2680 δέδωκεν

337 2714 515 2774 αὐτοῖς
542 2719 743 2787 πνεῦμα
774 2712 949 2787 ἅγιον,
988 2714 1109 2769 ἀλλά
1144 2718 1381 2787 σχήματι
1423 2715 1568 2787 μόνον
1596 2713 1918 2789 ἐνεφύσησεν.

336 2800 495 2864 Οὗτος
527 2801 581 2857 δέ
609 2808 693 2858 καί
717 2810 809 2863 τήν
837 2805 1095 2878 ὁμολογίαν
1122 2810 1302 2874 Θωμᾶ,
1332 2811 1421 2865 τήν
1446 2809 1529 2860 έπί
1550 2815 1613 2881 τῇ
1642 2807 1922 2878 ψηλαφήσει

336 2902 434 2948 τῶν
467 2902 662 2968 χειρῶν
696 2897 780 2949 καί
818 2902 911 2956 τῆς
949 2896 1175 2969 πλευρᾶς
1203 2902 1293 2950 τοῦ
1322 2900 1493 2971 κυρίου
1522 2900 1652 2967 μετά
1687 2902 1776 2956 τήν
1804 2900 1922 2951 ἀνά-

336 3005 544 3048 στασιν,
568 2986 719 3059 λέγων
743 2987 823 3053 τὸ,
851 3005 870 3039 t
897 2988 957 3044 '0
972 2988 1141 3063 κύριός
1168 3009 1261 3052 μου
1282 2992 1364 3043 καί
1391 2989 1510 3049 Θεὸς
1531 3011 1650 3061 μου,
1674 3008 1694 3042 ε
1717 2987 1824 3044 εἶπε
1849 2995 1920 3061 μή

338 3078 569 3149 ε’ρῆσθαι
596 3082 831 3149 περὶτοῦ
870 3085 1095 3151 Χριστοῦ
1136 3082 1280 3151 παρά
1313 3086 1406 3135 τοῦ
1450 3086 1639 3150 Θωμᾶ,
1684 3079 1794 3135 οῦδί
1823 3084 1921 3156 γὰρ

338 3166 460 3228 εἶναι
496 3169 631 3241 λέγει
660 3170 744 3225 τὸν
771 3172 945 3244 κύριον
972 3173 1123 3237 Θεὸν,
1169 3173 1272 3227 ἀλλ’
1311 3175 1394 3229 έπί
1431 3181 1502 3243 τῷ
1530 3172 1804 3248 παραδόξῳ
1832 3184 1924 3234 τῆς

2020 1987 2382 2060 [adoratum],
2431 1996 2487 2042 et
2531 1996 2652 2057 post
2691 1989 3141 2043 resurrectionem
3198 1990 3586 2045 immutabilem

2018 2079 2453 2147 cogitationibus,
2482 2088 2536 2135 et
2565 2081 2963 2149 impeccabilem
2992 2083 3210 2135 omnino
3238 2081 3432 2137 factum
3461 2083 3590 2137 fuis-

2018 2186 2077 2225 se
2102 2188 2115 2234 ;
2143 2178 2197 2223 et
2223 2171 2413 2225 iterum
2445 2170 2579 2225 dixit
2609 2172 2770 2225 talem
2803 2170 2994 2227 factam
3021 2164 3141 2228 esSe
3169 2174 3464 2229 unitionem
3498 2177 3587 2231 Dei

2022 2258 2181 2313 Verbi
2211 2259 2279 2313 ad
2310 2259 2601 2322 Christum,
2654 2261 2865 2330 qualem
2896 2262 3033 2315 dixit
3063 2262 3351 2332 Apostolus
3381 2265 3448 2319 de
3476 2268 3590 2319 viro

2020 2362 2076 2404 et
2102 2352 2324 2405 muliere
2350 2370 2362 2404 :
2395 2351 2565 2405 Erunt
2592 2352 2691 2405 duo
2717 2354 2772 2405 in
2796 2368 2952 2406 carne
2978 2370 3082 2407 una
3106 2354 3265 2426 (Eph.
3298 2356 3351 2426 ν)
3380 2374 3392 2408 :
3424 2366 3477 2411 et
3503 2374 3594 2411 su-

2021 2455 2119 2509 per
2148 2441 2279 2495 alias
2310 2456 2434 2495 suas
2463 2442 2879 2497 innumerabiles
2914 2443 3279 2513 blaspbentias
3305 2460 3465 2499 ausus
3511 2456 3592 2500 est

2020 2530 2218 2595 dicere,
2265 2530 2410 2601 quod
2439 2540 2561 2601 post
2602 2533 3049 2587 resurrectionem
3098 2548 3222 2587 cum
3271 2534 3592 2589 insuﬂlasset

2020 2619 2279 2674 Dominus
2300 2620 2579 2690 discipulis
2604 2623 2738 2689 suis,
2780 2630 2837 2677 et
2865 2621 3125 2677 dixisset:
3170 2624 3398 2693 Accipite
3419 2625 3562 2693 Spiri

2023 2717 2129 2764 tum
2150 2718 2401 2764 sanctam:
2444 2710 2623 2782 (Joan.
2671 2714 2767 2778 xx)
2801 2728 2814 2763 :
2869 2726 2975 2766 non
3013 2710 3162 2765 dedit
3205 2712 3284 2767 eis
3336 2711 3592 2781 Spiritum

2022 2808 2265 2853 sanctum
2301 2840 2317 2863 ,
2380 2801 2475 2855 sed
2524 2800 2790 2869 ﬁguratim
2851 2801 3222 2855 tantummodo
3267 2800 3592 2856 insufllavit:

2022 2890 2116 2943 sed
2158 2899 2213 2942 et
2253 2888 2374 2960 [Hic
2414 2898 2593 2944 autem
2622 2891 2785 2944 etiam
2828 2888 2946 2962 Gn]
2981 2892 3390 2953 confessionem,
3436 2906 3594 2960 quam

2022 2979 2153 3033 fecit
2198 2978 2432 3034 Thomas
2458 2995 2577 3034 cum
2610 2981 2881 3050 palpasset
2919 2993 3108 3035 manus
3134 2989 3191 3035 et
3219 2981 3357 3035 latus
3385 2980 3595 3035 Domini

2023 3075 2147 3139 post
2176 3069 2643 3133 resurrectionem,
2682 3068 2867 3123 dicens
2890 3109 2906 3133 ,
2938 3067 3192 3123 Dominus
3220 3085 3361 3122 meus
3388 3076 3436 3123 et
3459 3069 3598 3125 Deus

2025 3175 2169 3212 meus
2197 3157 2467 3231 (Ibidem),
2517 3159 2688 3227 inquit
2716 3174 2822 3213 non
2865 3174 2985 3214 esse
3012 3159 3209 3214 dictam
3240 3175 3269 3214 a
3300 3160 3503 3214 Thoma
3531 3161 3606 3215 de

338 3265 679 3322 ἀναστάσεως
722 3264 1027 3336 ἐκπλαγέντα
1069 3266 1154 3319 τὸν
1200 3272 1387 3336 Θωμᾶν
1422 3268 1641 3337 ὑμνῆσαι
1678 3269 1762 3322 τὸν
1804 3270 1924 3321 Θεὸν

2029 3248 2243 3305 Christo
2278 3250 2403 3320 (nec
2430 3250 2571 3303 enim
2601 3250 2737 3303 dixit
2765 3250 3079 3305 Theodorus
3106 3251 3272 3305 Deum
3301 3266 3418 3306 esse
3445 3252 3603 3306 Chri-

339 3354 419 3409 τὸν
446 3355 718 3427 ἐγείραντα
745 3354 829 3408 τὸν
852 3354 1088 3428 Χριστόν.
1113 3356 1180 3408 Τὸ
1210 3354 1262 3409 δέ
1303 3362 1515 3427 χεῖρον,
1564 3354 1643 3410 ὅτι
1676 3358 1756 3409 καί
1792 3356 1839 3408 έν

340 3454 439 3501 τῶν
464 3446 706 3519 πράξεων
731 3453 833 3500 τῶν
863 3447 1161 3501 ἀποστόλων
1188 3450 1421 3519 γενομένη
1450 3449 1573 3517 παρ’
1598 3450 1757 3503 αὐτοῦ
1787 3446 1929 3506 δῆθεν

338 3535 581 3608 έρμηνείᾳ
610 3541 890 3610 συγκρίνων
918 3536 943 3589 ὸ
973 3538 1120 3596 αὐτὸς
1149 3536 1403 3614 Θεόδωρος
1427 3541 1511 3593 τὸν
1548 3540 1762 3613 Χριστὸν
1801 3537 1931 3593 Πλά-

339 3647 476 3691 τωνι,
514 3627 604 3678 καί
626 3629 917 3695 Μανιχαίῳ,
949 3630 1029 3680 καί
1053 3624 1351 3701 Ἐπικούρῳ,
1374 3631 1456 3681 καὶ
1481 3632 1750 3701 Μαρκίωνι,
1778 3628 1927 3699 λέγει,

337 3715 415 3771 ὅτι
445 3720 629 3789 ὥσπερ
661 3718 857 3771 ἐκείνων
884 3718 1099 3777 ἕκαστος
1129 3718 1399 3796 εὑράμενος
1427 3720 1599 3774 οἰκεῖον
1625 3717 1789 3790 δόγμα
1812 3721 1933 3779 τοὺς

342 3810 477 3881 αὐτῷ
491 3809 920 3880 μαθητεύσαντας
942 3812 1177 3867 πεποίηκε
1196 3810 1451 3864 καλεῖσθαι
1470 3812 1823 3878 Πλατωνικοὺς,
1848 3816 1934 3866 καί

346 3902 700 3969 Μανιχνίους,
747 3903 831 3954 καί
860 3898 1230 3974 Ἐπικουρείους
1249 3943 1263 3966 ,
1296 3904 1378 3956 καί
1404 3905 1789 3975 Μαρκιωνιστὸς
1807 3943 1821 3967 ,
1849 3905 1935 3957 τὸν

343 3988 505 4060 ὅμοιον
531 3991 719 4064 τρόπον
749 3992 834 4043 καί
858 3996 949 4046 τοῦ
987 3996 1215 4065 Χριστοῦ
1255 3992 1531 4066 εὑραμένου
1560 3994 1617 4046 τὸ
1645 3991 1841 4063 δόγμα,
1883 3995 1933 4057 έξ

343 4084 496 4140 αὐτοῦ
540 4083 664 4141 τούς
697 4084 1031 4145 Χριστιανοὺς
1069 4082 1344 4138 καλεῖσθαι.
1389 4082 1451 4136 Εἴ
1481 4104 1559 4144 τις
1601 4087 1762 4137 τοίνυν
1798 4086 1935 4138 ἀντι-

344 4181 565 4227 ποιεῖται
587 4169 848 4246 Θεοδώρου
871 4179 961 4228 τοῦ
986 4175 1051 4227 τά
1074 4179 1284 4227 τοιαῦτα
1309 4173 1785 4246 βλασφημήσαντος,
1810 4175 1937 4229 ἀλλά

344 4270 410 4331 μή
440 4264 796 4331 ἀναθεματίζει
821 4265 989 4329 αὐτὸν,
1020 4267 1101 4316 καί
1127 4266 1193 4318 τά
1217 4265 1378 4318 αὐτοῦ
1406 4266 1808 4339 συγγράμματα,
1850 4267 1935 4319 καί

344 4359 462 4417 τοὺς
489 4359 557 4410 τά
608 4353 752 4426 ὅμοια
792 4356 933 4428 αὐτῷ
968 4363 1302 4429 φρονοῦντας,
1339 4354 1370 4415 ἦ
1408 4360 1775 4430 φρονήσαντας,
1819 4359 1938 4413 ἀνάσ

344 4448 471 4517 θεμα
502 4446 670 4503 ἴστω.

2028 3338 2212 3409 stum),
2246 3339 2339 3393 sed
2362 3338 2430 3392 ad
2457 3339 2770 3394 miraculum
2799 3339 3211 3394 resurrectionis
3244 3340 3604 3409 stupefactum

2029 3431 2289 3485 Thomam
2314 3429 2644 3498 glorilicasse
2673 3428 2858 3493 Deum,
2896 3430 2987 3500 qui
3014 3429 3283 3484 Christum
3313 3431 3601 3484 resuscita-

2028 3523 2105 3577 vit
2130 3539 2143 3574 :
2167 3528 2222 3575 et
2246 3519 2389 3588 quod
2415 3519 2567 3589 pejus
2589 3528 2693 3584 est,
2716 3520 2877 3573 etiam
2900 3520 2953 3574 in
2978 3520 3422 3589 interpretatione
3441 3535 3609 3588 quam

2031 3614 2087 3669 in
2114 3612 2279 3668 Actus
2325 3612 2691 3682 apostolorum
2737 3612 2951 3681 scripsit
2997 3611 3333 3678 Theodorus,
3372 3612 3610 3667 similem

2032 3702 2159 3759 fecit
2183 3703 2455 3759 Christum
2495 3702 2731 3767 Platoni,
2763 3711 2819 3758 et
2846 3702 3161 3771 Manichzeo,
3189 3712 3244 3759 et
3272 3704 3521 3774 Epicuro,
3550 3710 3609 3760 et

2032 3799 2311 3863 Mareioni,
2342 3798 2527 3853 dicens
2553 3797 2695 3867 quod
2738 3797 2877 3851 sicut
2906 3797 3116 3851 illorum
3144 3797 3504 3866 unusquisque
3531 3812 3605 3855 ex

2033 3891 2284 3961 dogmate
2312 3889 2454 3958 quod
2484 3889 2709 3955 invenit,
2758 3904 2884 3944 suos
2924 3887 3219 3958 discipulos
3268 3888 3393 3943 fecit
3422 3888 3611 3945 vocari

2034 3976 2360 4047 Platonicos,
2406 3991 2462 4037 et
2488 3982 2829 4047 Manichacus,
2862 3990 2916 4036 et
2944 3982 3256 4051 Epicureos,
3303 3990 3358 4036 et
3382 3980 3609 4035 Marcio-7

2036 4075 2226 4142 nistas,
2251 4074 2407 4128 simili
2437 4072 2598 4127 modo
2637 4080 2690 4127 et
2718 4087 2840 4127 cum
2871 4072 3116 4127 Christus
3142 4072 3333 4141 dogma
3374 4072 3607 4126 invenis‘

2035 4170 2137 4227 set,
2169 4178 2234 4216 ex
2264 4163 2380 4233 ipso
2408 4160 2745 4216 Christianos
2772 4162 2971 4216 vocari.
3004 4162 3060 4215 Si
3088 4163 3208 4231 quis
3234 4162 3392 4230 igitur
3418 4161 3615 4216 defenx

2036 4251 2117 4307 dit
2144 4244 2390 4307 eumdem
2418 4250 2782 4315 Theodorum,
2825 4250 2915 4320 qui
2937 4250 3065 4304 talia
3092 4250 3505 4319 blasphemavit,
3551 4259 3614 4304 et

2037 4357 2146 4397 non
2173 4341 2595 4397 anathematizat
2623 4356 2767 4404 eum,
2818 4350 2874 4395 et
2914 4339 3029 4408 ejus
3056 4340 3380 4409 conscripta,
3435 4348 3490 4394 et
3517 4354 3621 4395 eos

2037 4435 2129 4504 qui
2157 4434 2349 4489 similia
2379 4433 2452 4488 illi
2482 4441 2793 4504 sapuerunt,
2814 4432 2897 4486 vel
2928 4432 3158 4501 sapiunt,
3183 4431 3307 4485 talis
3334 4430 3620 4488 anathema

2038 4525 2127 4579 sit.

410 4628 478 4683 Εἴ
505 4651 587 4693 τις
627 4630 958 4686 ἀντιποιεῖται
996 4638 1096 4686 τῶν
1137 4630 1553 4706 συγγραμμλτων
1588 4629 1926 4705 Θεοδωρίτου,

2112 4614 2224 4668 Xll.
2268 4613 2323 4668 Si
2369 4612 2488 4683 quis
2532 4610 2771 4666 defendit
2798 4610 3102 4681 conscripta
3129 4610 3451 4665 Theodoreti
3497 4625 3621 4678 qua:

346 4718 475 4795 ἆπερ
504 4722 697 4784 ἐξέθετο
721 4722 852 4795 ῦπίρ
875 4724 1150 4796 Νεστορίου
1172 4730 1259 4776 τοῦ
1282 4725 1562 4800 αἶρετεκοῦ,
1588 4726 1668 4776 καί
1692 4724 1819 4778 κατὰ
1841 4731 1932 4783 τῆς

343 4812 492 4883 ὀρθῆς
522 4815 770 4877 πίστεως⁹
805 4814 892 4867 καὶ
919 4821 1009 4872 τῆς
1037 4814 1086 4865 ἐν
1113 4814 1301 4886 Ἐφέσῳ
1340 4817 1548 4885 πρώτης
1586 4819 1737 4885 ἁγίας
1777 4817 1930 4868 συνόο

341 4896 451 4962 δον,
482 4904 690 4954 καὶτοῦ
727 4902 774 4952 ἐν
802 4901 964 4972 ἁγίοις
994 4902 1276 4974 Κυρίλλου,
1314 4905 1399 4956 καί
1427 4909 1525 4956 τῶν
1551 4902 1615 4957 ιϐ’
1652 4904 1803 4957 αὐτοῦ
1847 4924 1930 4957 κε·-

340 4995 577 5064 φαλαίων,
608 4994 656 5046 έν
686 4989 760 5054 οἷς
778 4994 990 5049 ἀσεϐέσι
1015 4996 1382 5069 συγγράμμασι
1414 5001 1662 5066 σχετικὴν
1689 4996 1817 5067 λέγει
1845 5002 1935 5055 τήν

339 5086 519 5143 ἕνωσιν
560 5092 653 5140 τοῦ
682 5092 811 5139 Θεοῦ
840 5087 989 5159 λόγου
1016 5090 1143 5162 πρὸς
1171 5088 1258 5142 τόν
1282 5108 1397 5142 τινα
1421 5084 1700 5162 ἄνθρωπον
1732 5090 1849 5165 περί
1878 5087 1934 5142 οὗ

340 5178 656 5249 βλασφημῶν
686 5177 835 5247 λέγει,
866 5176 945 5233 ότι
971 5178 1255 5250 ἐψηλάφησε
1291 5184 1479 5251 Θωμᾶς
1507 5181 1594 5235 τὸν
1624 5182 1929 5243 ἀναστάντα,

341 5271 425 5321 καί
465 5272 816 5342 προσεκύνησε
847 5269 931 5324 τὸν
958 5270 1246 5340 ἐγείραντα,
1294 5274 1379 5324 καὶ
1421 5267 1505 5324 διά
1539 5276 1690 5325 τοῦτο
1726 5270 1935 5331 ἀσεϐεῖς

340 5359 482 5412 καλεῖ
500 5361 621 5419 τοὺς
644 5368 735 5419 τῆς
758 5360 1022 5419 ἐκκλησίας
1049 5357 1407 5423 διδασκάλους,
1430 5361 1550 5420 τοὺς
1573 5360 1678 5413 καθ’
1701 5355 1936 5415 ὑπόστα-

340 5466 423 5501 σιν
444 5454 537 5506 τῆν
562 5448 741 5503 ἕνωσιν
764 5455 854 5504 τοῦ
878 5456 1005 5503 Θεοῦ
1028 5449 1172 5519 λόγου
1197 5450 1324 5524 πρὸς
1349 5454 1438 5508 τὴν
1460 5452 1628 5523 σάρκα
1650 5449 1936 5521 ὁμολογοῦν-

341 5552 453 5596 τας⁶
486 5540 573 5592 καί
598 5540 728 5611 πρὸς
755 5540 956 5598 τούτοις
980 5538 1204 5593 θεοτόκον
1232 5539 1533 5614 ἀπαρνεῖται
1566 5544 1657 5595 τήν
1853 5536 1933 5593 ἴν-

342 5625 483 5690 ὂοξον
512 5630 834 5702 iuniperum
878 5632 1095 5701 Μαρίαν.
1149 5627 1211 5682 Εἴ
1253 5648 1332 5688 τις
1381 5632 1546 5683 τοίνυν
1591 5629 1657 5682 τά
1704 5631 1938 5702 εἰρημιή

344 5719 731 5792 συγγράμματα
754 5717 1074 5793 Θεοδωρίτου
1097 5720 1311 5785 έπαινεῖ,
1340 5719 1462 5773 ἀλλά
1489 5725 1557 5792 μῆ
1587 5720 1937 5789 ἀναθεματίζει

344 5810 510 5871 αὐτοὶ,
552 5810 767 5881 ἀνάθεμα
808 5808 971 5864 ἴστω·
1023 5808 1106 5865 διὰ
1141 5812 1334 5871 ταύτας
1359 5811 1455 5884 γάρ
1497 5813 1589 5869 τάς
1615 5810 1935 5881 βλασφημίας

342 5918 435 5963 τοι
461 5900 741 5965 ἐπισκοπῆς
769 5902 1021 5969 ἰξίϐλήθη,
1048 5905 1130 5956 καί
1150 5904 1281 5973 μετά
1312 5909 1476 5961 ταῦτα
1503 5904 1549 5955 έν
1579 5910 1639 5978 τῇ
1671 5901 1791 5979 ἁγίᾳ
1820 5924 1931 5959 aw-

2037 4713 2286 4782 exposuit
2343 4726 2442 4781 pro
2485 4709 2733 4765 Nestorio
2794 4708 3049 4764 hmretico
3104 4707 3362 4763 adversus
3408 4716 3621 4765 rectam.

2039 4801 2219 4865 fidem,
2264 4810 2320 4856 et
2360 4800 2684 4871 Ephesinam
2716 4799 2941 4869 primam
2972 4807 3213 4855 sanctam
3241 4798 3527 4870 synodum,
3560 4807 3616 4853 et

2037 4892 2096 4949 S.
2127 4892 2403 4964 Cyrillum,
2453 4901 2509 4948 et
2547 4892 2831 4953 duodecim
2868 4892 2984 4959 ejus
3024 4892 3279 4961 capitula,
3329 4892 3380 4945 iu
3423 4891 3624 4961 quibus

2036 4984 2314 5039 sceleratis
2340 4984 2658 5054 conscriptis
2686 4983 2831 5039 idem
2871 4983 3245 5038 Theodoretus
3271 4981 3617 5049 afl'ectualem

2036 5074 2166 5128 dicit
2212 5074 2472 5130 unitatem
2515 5074 2609 5129 Dei
2657 5072 2821 5129 Verbi
2868 5073 2934 5127 ad
2981 5074 3253 5127 hominem
3302 5074 3611 5143 quemdam,

2036 5164 2104 5218 de
2148 5179 2258 5233 quo
2298 5164 2678 5234 blaSphemans
2714 5163 2872 5227 dixit,
2916 5164 3060 5232 quod
3097 5163 3337 5234 palpavit
3378 5162 3624 5219 Thomas

2039 5268 2159 5308 eum
2180 5254 2271 5323 qui
2302 5255 2613 5317 resurrexit,
2641 5262 2696 5308 et
2716 5253 2957 5307 adoravit
2977 5267 3099 5307 eum
3123 5253 3213 5322 qui
3240 5254 3619 5319 resuscitavit;

2038 5356 2094 5401 et
2134 5354 2357 5416 propter
2383 5347 2488 5402 hoc
2531 5346 2725 5417 impios
2753 5352 2912 5400 vocat
2938 5345 3193 5401 doctores
3220 5343 3473 5400 Ecclesia:
3518 5346 3617 5415 qui

2037 5438 2296 5491 unitatem
2323 5436 2615 5493 secundum
2652 5435 3051 5492 subsistentiam
3081 5435 3176 5490 Dei
3206 5435 3363 5490 Verbi
3394 5435 3462 5490 ad
3492 5452 3612 5492 car-

2038 5544 2159 5584 nem
2183 5527 2549 5592 conlltentur;
2595 5536 2651 5582 et
2677 5541 2838 5596 super
2879 5527 2995 5581 haec
3024 5526 3117 5581 Dei
3158 5524 3487 5581 Genitricem
3517 5529 3613 5582 ab-

2039 5635 2203 5696 negat
2244 5633 2487 5680 sanctam
2532 5633 2589 5679 et
2627 5624 2915 5695 gloriosam
2962 5610 3177 5694 semper
3208 5625 3467 5691 virginem
3499 5625 3610 5680 Ma-

2038 5719 2192 5773 riam.
2219 5716 2275 5771 Si
2300 5716 2421 5786 quis
2448 5715 2611 5783 igitur
2635 5722 2931 5769 memorata
2953 5716 3257 5786 conscripta
3286 5714 3610 5771 Theodoreti

2038 5808 2296 5873 defendit,
2337 5817 2520 5863 etnon
2552 5806 2975 5862 anathematizat
3017 5821 3103 5876 ea,
3150 5805 3271 5865 talis
3317 5807 3613 5863 anathema

2040 5901 2129 5960 sit.
2170 5899 2395 5975 Propter
2442 5898 2578 5955 tales
2624 5897 2769 5955 enim
2809 5897 3169 5969 blasphemia
3197 5896 3265 5957 ab
3294 5898 3609 5967 episcoratu
