4108 6444
562 377 696 439 iul‘J

1821 387 2263 448 JUSTINIANI
2310 390 2466 448 1MP.

3648 398 3778 462 10.20

565 499 662 569 ὁδῳ
710 509 770 558 τῆ
810 503 858 555 έν
898 501 1155 560 Χαλκηδόνι
1193 507 1445 562 συνωθηθη
1478 508 1640 560 πάντα
1682 509 1747 561 τά
1794 509 1985 564 ἐναντία
2012 519 2082 564 τοὶ

2185 543 2193 568 ι
2221 511 2460 578 dejectus
2483 523 2582 575 est,
2608 523 2660 567 et
2688 524 2873 583 postea
2902 533 2952 569 m
2984 525 3166 570 sancto
3193 519 3607 576 (Ihaleedouensi
3635 541 3761 578 cor.-

561 597 954 658 μνημονευθεῖσιν
994 596 1147 647 αὐτοῦ
1197 598 1562 669 συγγράμμασι
1607 607 1814 658 ποιῆσαι
1836 639 1851 663 ,
1898 605 1982 654 καὶ
2027 607 2116 660 τήν

559 681 701 753 ὀρθήν
726 682 895 734 πίστιν
924 681 1239 754 ὁμολογῆσαι.

627 771 688 824 Εἴ
710 793 781 831 τις
808 775 1138 828 ἀντιποιεῖται
1166 784 1254 835 τῆς
1273 777 1490 836 ἀσεϐοῦς
1514 777 1775 838 ἐπιστολῆς
1803 786 1892 838 τῆς
1917 779 2120 849 λεγομέ-

555 883 639 922 νης
670 865 810 937 παρὰ
835 861 945 916 Ἰϐα
964 866 1239 936 γεγράφθαι
1265 867 1391 940 πρὸς
1417 870 1581 939 Μάριν
1604 870 1687 921 τὶν
1716 870 1908 941 Πέρσην
1934 871 2017 922 τὸν
2039 872 2118 925 αἷ-

553 955 770 1024 ρετεκόν,
819 964 908 1014 τῆς
945 959 1244 1029 ἀρνουμένης
1281 960 1363 1012 τόν
1410 961 1530 1012 Θεὸν
1568 960 1707 1031 λόγον
1735 958 1990 1033 ἄνθρωπον
2026 984 2112 1034 γε-

557 1049 804 1114 ιενῆσθαι,
845 1050 926 1100 καὶ
963 1048 1203 1118 λεγούσης
1233 1054 1301 1117 μὴ
1343 1051 1426 1104 τὸν
1462 1051 1580 1104 Θεὸν
1613 1052 1756 1123 λόγον
1783 1055 1834 1106 ἐκ
1871 1064 1960 1114 τῆς
1981 1077 2110 1130 παρ-

549 1137 686 1187 θὶνου
730 1137 1050 1209 σαρκωθέντα
1079 1140 1386 1207 γεννηθῆναι,
1432 1140 1550 1192 ἀλλά
1581 1140 1721 1209 ψιλ’ν
1764 1140 2017 1214 ἄνθρωπον
2055 1147 2108 1209 ἐξ

551 1225 706 1282 αὐτῆς
743 1228 1058 1295 γεννηθῆναι,
1091 1224 1143 1280 ὃν
1171 1228 1278 1279 ναὸν
1305 1229 1570 1290 ἀποκαλεῖ,
1613 1233 1678 1288 ὡς
1709 1228 1849 1283 ἄλλον
1876 1228 1995 1286 εἶναι
2024 1235 2109 1287 τὸν

550 1315 673 1366 Θεὸν
709 1315 868 1383 λόγον,
911 1319 990 1368 καί
1036 1313 1175 1368 ἄλλον
1214 1319 1297 1371 τὸν
1333 1316 1608 1390 ἆνθρωπον’
1646 1322 1770 1394 πρὸς
1815 1325 2012 1382 τούτοις
2050 1322 2103 1378 δέ

549 1406 904 1478 ἐνυϐριζούσης
947 1413 1036 1464 τήν
1070 1409 1116 1460 ἐν
1141 1406 1323 1480 Ἐφέσῳ
1360 1413 1563 1484 πρώτην
1589 1410 1822 1472 σύνοδον.
1847 1416 1913 1472 ὡς
1940 1417 2105 1487 χωρὶς

551 1497 804 1555 ζητήσεως
833 1498 915 1547 καί
935 1498 1149 1568 κρίσεως
1176 1499 1437 1566 Νεστόριον
1459 1498 1884 1562 καταδικασάσης.
1909 1505 1992 1554 καί
2019 1505 2103 1556 τόν

550 1585 597 1635 ἐν
623 1584 784 1654 ὀργίοις
813 1587 1037 1658 Κύριλλον
1064 1589 1304 1662 αἶρετικόν
1329 1590 1707 1654 ἀποκαλούσης,
1738 1595 1823 1644 καί
1847 1595 2008 1652 ἀσεϐῆ
2037 1596 2102 1649 τὰ

548 1673 612 1725 ιϐ’
656 1675 803 1726 αὐτοῦ
829 1676 1089 1745 κεφάλαια·
1115 1679 1379 1752 Νεστόριον
1407 1678 1458 1733 δέ
1481 1683 1561 1734 καί
1580 1681 1831 1750 Θεόδωρον
1855 1685 1981 1752 μετὰ
2007 1690 2104 1737 τῶν

545 1765 701 1816 αὐτοῦ
726 1764 922 1818 ἀσεϐῶν
953 1770 1356 1840 συγγραμμάτων
1398 1773 1728 1835 ἐπαινούσης,
1766 1777 1850 1828 καὶ
1877 1773 2100 1830 έκδικούο

545 1873 659 1912 σης.
691 1852 844 1913 εἴτις
871 1859 1038 1910 τοίνυν
1067 1864 1154 1916 τὴν
1185 1863 1441 1939 εἰρημένην
1479 1865 1637 1926 ἀσεϐῆ
1674 1866 1934 1928 ἐπιστολήν
1976 1867 2106 1929 5x3:-

2221 601 2344 654 cilio
2368 604 2668 670 compulsus
2696 613 2777 658 est
2795 609 2980 660 omnia
3009 610 3272 662 contraria
3306 616 3611 668 memoratis
3653 617 3762 670 suis

2221 691 2534 758 conscriptis
2558 693 2749 758 facere,
2773 704 2827 748 et
2857 705 3050 750 rectam
3071 697 3230 752 fidem
3259 700 3520 756 conliteri.

2290 777 2422 831 Xlll.
2455 779 2509 832 Si
2549 781 2668 848 quis
2695 781 2926 836 defendit
2954 785 3166 855 impiam
3205 789 3484 856 epistolam
3515 807 3671 858 quam
3702 795 3766 848 ad

2219 867 2406 921 Marim
2459 869 2671 924 Persam
2723 873 3027 928 hmreticum
3075 876 3193 931 lhas
3240 880 3514 948 scripsisse
3554 881 3765 951 dicitur,

2217 973 2334 1026 qua:
2361 959 2588 1025 abnegat
2637 960 2797 1015 Deum
2824 963 3051 1016 Verbum
3097 967 3362 1021 hominem
3404 969 3598 1024 factum
3628 987 3763 1035 esse,

2221 1055 2274 1100 et
2299 1047 2426 1101 dicit
2468 1063 2570 1102 non
2603 1049 2764 1102 Deum
2795 1051 3022 1105 Verbum
3050 1069 3116 1107 ex
3162 1056 3362 1122 virgine
3413 1059 3762 1124 incarnatum,

2213 1145 2392 1189 natum
2420 1153 2556 1201 esse,
2592 1141 2684 1193 sed
2709 1156 2894 1208 purum
2917 1143 3180 1198 hominem
3203 1161 3265 1199 ex
3292 1148 3400 1216 ipsa
3425 1165 3542 1204 esse
3564 1161 3760 1216 natum,

2211 1240 2366 1294 quem
2423 1229 2674 1295 templum
2725 1240 2898 1298 vocat,
2949 1243 3005 1286 ut
3049 1234 3182 1289 alius
3229 1237 3296 1290 sit
3344 1237 3483 1293 Deus
3511 1241 3761 1309 Verbum,

2208 1324 2263 1368 ει
2307 1315 2439 1370 alius
2491 1318 2688 1383 homo;
2731 1329 2785 1373 et
2827 1337 2987 1390 super
3035 1323 3144 1378 haec
3186 1326 3403 1392 injuriat
3449 1327 3761 1396 Ephesinam

2207 1403 2432 1471 primam
2475 1407 2757 1475 synodum,
2802 1411 2953 1478 quasi
2979 1412 3094 1466 sine
3123 1414 3462 1482 inquisitione
3489 1427 3544 1472 et
3573 1422 3760 1474 exami-

2207 1493 2422 1546 natione
2451 1495 2518 1548 ab
2563 1497 2674 1563 ipsa
2714 1497 2960 1554 Nestorio
3011 1503 3384 1571 condemnato,
3429 1518 3483 1563 et
3523 1522 3759 1566 sanctum

2205 1579 2455 1649 Cyrillum
2488 1594 2639 1637 vocat
2667 1590 2988 1651 hmreticum,
3019 1600 3074 1644 ct
3101 1592 3376 1652 duodecim
3401 1599 3514 1668 ejus
3537 1603 3758 1671 capitula

2204 1670 2364 1739 impia
2413 1671 2560 1744 dicit,
2606 1678 2914 1738 Nestorium
2953 1693 3128 1742 autem
3176 1702 3229 1744 et
3274 1670 3612 1748 Theodorum
3643 1713 3759 1750 cum

2205 1763 2380 1838 impiis
2409 1787 2591 1827 eorum
2640 1777 2955 1844 conscriptis
2998 1779 3265 1834 collaudat
3309 1791 3362 1835 et
3405 1783 3657 1838 defendit.
3705 1785 3759 1839 Si

2203 1863 2320 1928 quis
2350 1864 2526 1930 igitur,
2573 1867 2708 1918 sicut
2736 1865 2932 1920 dictum
2962 1877 3064 1934 est,
3095 1871 3335 1926 eamdem
3367 1873 3533 1942 ipsam
3564 1876 3758 1942 episto-

541 1948 646 2004 κεῖ,
687 1941 716 1998 ἢ
746 1943 886 2022 ὀρθὴν
907 1946 1061 2007 αότήν
1100 1947 1221 2008 εἶναι
1257 1958 1409 2026 λέγει,
1438 1957 1468 2015 ἢ
1495 1960 1643 2032 μέρος
1669 1962 1854 2025 αὐτῆς,
1883 1963 2004 2019 ἀλλά
2030 1986 2082 2033 μι

2203 1948 2304 2002 lam
2334 1952 2583 2016 vindicat,
2616 1953 2696 2006 vel
2729 1963 2927 2008 rectam
2957 1971 3074 2010 esse
3103 1957 3228 2012 dicit
3254 1960 3420 2028 ipsam
3451 1963 3536 2016 vel
3559 1972 3756 2032 partem

545 2034 888 2102 ἀναθεματίζει
913 2041 1084 2103 αὐτὴν,
1115 2043 1328 2113 ἀνάθεμα
1348 2044 1499 2100 ἴστω.

616 2133 714 2182 Τῆς
740 2128 975 2187 τοιαύτης
1001 2132 1162 2183 τοίνυν
1188 2132 1452 2194 ἐπιστολῆς
1479 2133 1676 2195 δικαίως
1704 2141 2098 2209 ἀναθεματεσθεί-

547 2233 644 2272 σης
681 2212 762 2267 διὰ
788 2218 879 2274 τάς
918 2223 1286 2290 περιεχομένας
1315 2228 1362 2275 ἐν
1401 2226 1526 2297 αὐτῇ
1564 2227 1910 2299 βλασφημίας,
1954 2232 1998 2284 οί
2033 2233 2098 2285 τά

543 2305 837 2375 Νεστορίου,
873 2304 903 2363 ἧ
937 2307 1194 2381 Θεοδώρου
1233 2313 1428 2372 ἀσεϐῶς
1465 2322 1743 2386 φρονοῦντες
1773 2319 2096 2391 ἐπιχειροῦσι

537 2392 719 2465 ’⁸έγευ.
746 2400 933 2455 ταύτην
975 2399 1207 2469 δεδέχθαι
1247 2406 1390 2476 ποιρά
1434 2414 1525 2464 τῆς
1562 2405 1708 2477 ἁγίας
1741 2409 1791 2460 ἂν
1832 2408 2095 2466 Χαλκηδόνι

549 2482 781 2548 συνόδου,
813 2494 960 2541 τοῦτο
1003 2487 1055 2542 δέ
1085 2491 1286 2560 λέγουσι
1310 2498 1395 2550 τήν
1414 2496 1502 2561 μέν
1532 2495 1675 2566 ἀγίαν
1703 2497 1911 2551 σύνοδον
1938 2519 2091 2552 συκο-

538 2579 851 2642 φαντοῦντες,
879 2583 946 2644 τῷ
975 2576 1027 2630 δέ
1050 2580 1238 2638 ταύτης
1261 2587 1598 2656 προσχήματι
1621 2585 1984 2648 σπουδάζοντες
2003 2596 2092 2648 τῆς

542 2662 842 2732 ᾧφειλομένης
919 2672 1253 2739 κατακρίσεως
1318 2673 1640 2751 ἐλευθερῶσαι
1695 2676 1946 2753 Θεόδωρον
2009 2684 2090 2732 καί

536 2755 828 2829 Πεστόριον,
857 2761 940 2810 καὶ
968 2764 1054 2817 τήν
1077 2762 1234 2819 ἀσεϐῆ
1263 2764 1546 2828 ἐπιστολὴν,
1575 2770 1692 2839 περὶ
1716 2766 1773 2826 ἧς
1801 2765 1937 2828 Ἰϐας
1963 2770 2086 2822 πολ-

536 2842 677 2901 λάκις
706 2851 1051 2917 κατηγορηθείς
1079 2850 1165 2901 οὐκ
1203 2851 1466 2920 ἐτόλμησεν
1500 2857 1844 2910 οἰκειώσασθαι
1884 2855 1969 2910 διὰ
1996 2860 2089 2917 τάς

533 2934 897 3003 περιεχομένας
935 2933 984 2986 ἐν
1017 2937 1139 3010 αὐτῇ
1167 2937 1502 3010 βλασφημίας.
1532 2946 1620 2995 Καὶ
1647 2951 1808 2998 ταῦτα
1831 2945 2088 3010 ἀποδείξο-

533 3039 624 3087 μεν
662 3023 714 3074 ἐκ
740 3029 835 3074 τῶν
877 3021 1117 3096 διαφόρως
1158 3031 1276 3097 περὶ
1301 3030 1482 3083 τούτου
1510 3036 1847 3099 κεκινημένων.
1873 3035 1947 3088 Ἐν
1987 3039 2086 3110 γὰρ

529 3118 632 3168 τοῖς
659 3114 799 3184 ποιρά
820 3116 1036 3182 Φωτίου,
1063 3120 1141 3170 καὶ
1162 3119 1433 3173 Εὐσταθίου
1461 3127 1832 3194 πεπραγμένοις
1864 3127 1914 3179 ἐν
1942 3129 2085 3199 Τύρῳ

532 3221 954 3273 κατηγορουμενος
982 3205 1006 3259 ὃ
1037 3207 1332 3279 προλεχθεὶς
1359 3208 1498 3271 Ἰϐας
1519 3217 1635 3284 περὶ
1657 3222 1754 3269 τῶν
1783 3217 1973 3290 ὕϐρεων
1995 3226 2084 3273 τοῦ

2199 2039 2381 2108 ipsius,
2411 2042 2503 2095 sed
2535 2058 2637 2096 non
2667 2045 3079 2100 anathematizat
3102 2063 3242 2114 eam,
3274 2052 3560 2105 anathema
3598 2053 3683 2105 sit.

2270 2130 2383 2185 Tali
2437 2147 2565 2200 ergo
2620 2134 2779 2202 impia
2835 2136 3059 2204 epistola
3110 2138 3253 2205 juste
3306 2142 3753 2195 anathematizata

2197 2235 2416 2291 propter
2442 2224 2668 2278 insertas
2693 2226 2740 2280 ei
2762 2227 3131 2296 blasphemias,
3164 2228 3426 2285 Theodori
3453 2243 3514 2286 et
3534 2233 3756 2287 Nestorii

2199 2316 2479 2384 impiorum
2509 2333 2766 2385 sequaces
2793 2329 3054 2374 conantur
3075 2322 3269 2385 dicere,
3301 2333 3611 2393 susceptam
3641 2340 3756 2378 esse

2197 2421 2316 2458 eam
2365 2421 2395 2458 a
2434 2415 2617 2461 sancto
2663 2407 3086 2465 Chalcedonensi
3129 2412 3374 2466 concilio.
3429 2411 3554 2469 Iloc
3583 2423 3753 2468 autem

2195 2497 2398 2561 dicunt,
2444 2508 2680 2554 sanctam
2710 2503 2921 2570 quidem
2951 2503 3440 2559 Chalcedonensem
3496 2506 3749 2576 synodum

2194 2587 2599 2655 calumniantes,
2631 2593 2844 2644 nomine
2875 2599 3051 2645 autem
3091 2592 3205 2658 ejus
3234 2592 3558 2650 festinantes
3583 2595 3752 2649 debita

2194 2675 2636 2731 condemnatione
2675 2679 2897 2735 liberare
2919 2680 3279 2746 Theodorum,
3333 2693 3388 2737 et
3428 2683 3748 2745 Nestorium,

2193 2769 2247 2814 et
2268 2761 2481 2829 impiam
2510 2766 2812 2832 epistolam,
2840 2784 2934 2836 pro
2963 2783 3063 2836 qua
3087 2769 3202 2822 lhas
3231 2771 3421 2838 saepius
3449 2781 3748 2835 accusatus,

2196 2867 2297 2904 non
2327 2861 2405 2904 est
2433 2867 2591 2907 ausus
2619 2869 2733 2907 eam
2775 2871 2921 2908 suam
2949 2858 3124 2911 dicere
3170 2871 3388 2928 propter
3433 2861 3656 2917 insertas
3695 2862 3743 2912 ei

2191 2940 2564 3008 blasphemias.
2613 2941 2678 2996 Et
2731 2944 2842 2998 hmc
2886 2947 3364 3003 demonstrabimus
3412 2967 3481 3006 ex
3523 2952 3603 3006 his
3628 2965 3741 3020 quae

2190 3027 2393 3082 diverse
2437 3029 2504 3083 de
2554 3031 2652 3084 ista
2700 3049 2855 3085 causa
2886 3043 3029 3088 mota
3076 3046 3216 3089 sunt.
3268 3037 3322 3090 In
3353 3038 3438 3093 his
3467 3041 3604 3093 enim
3629 3053 3742 3108 qua:

2188 3116 2325 3183 apud
2356 3115 2598 3171 Photium
2629 3131 2680 3174 et
2705 3120 3034 3176 Eustathium
3070 3124 3119 3195 [a
3150 3125 3338 3180 Photio
3367 3139 3425 3182 et
3451 3126 3738 3198 Eustathio]

2189 3200 2309 3272 Tyri
2351 3213 2468 3258 acta
2495 3217 2634 3270 sunt,
2684 3225 2800 3262 cum
2825 3223 3165 3266 accusaretur
3193 3217 3478 3282 praedictus
3519 3218 3632 3272 lhas
3675 3218 3739 3272 de

533 3291 578 3340 έν
621 3290 777 3360 ἁγίοις
805 3295 1040 3362 Κυρίλλου
1069 3304 1286 3372 φανερῶς
1328 3299 1584 3363 κατέθετο,
1626 3306 1753 3372 μετά
1778 3311 1865 3362 την
1908 3307 2082 3361 ἕνωσιν

2187 3290 2390 3356 injuriis
2421 3293 2475 3346 S.
2504 3293 2704 3364 Cyrilli,
2731 3299 3008 3353 manifeste
3037 3300 3307 3356 confessus
3333 3314 3438 3371 est,
3487 3316 3606 3374 post
3632 3307 3740 3358 uni—

528 3390 626 3433 τῶν
651 3385 946 3440 ἀνατολικῶν
968 3389 1096 3461 πρὸς
1118 3390 1197 3442 τὸν
1219 3389 1265 3441 ἕν
1289 3389 1446 3461 ἁγίοις
1471 3394 1698 3466 Κύριλλον
1718 3395 1868 3464 μηδέν
1891 3398 2085 3471 ὕϐρεως

527 3471 766 3540 ἐχόμενον
802 3476 1044 3547 εἰρηκέναι
1069 3479 1184 3549 περί
1227 3479 1398 3531 αὐτοῦ·
1429 3482 1458 3538 ἡ
1485 3479 1538 3535 δέ
1578 3483 1811 3542 ἐπιστολὰ
1841 3488 1869 3542 ἠ
1896 3487 2081 3545 πεπλη-

525 3566 718 3631 ρωμένη
742 3572 837 3618 τῶν
866 3569 1130 3636 εἰρημένων
1158 3568 1510 3638 βλασφημιῶν,
1541 3573 1610 3643 ἐφ’
1634 3569 1711 3633 αἷς
1740 3585 2083 3652 κατηγορεῖται

459 3657 462 3660 ’
549 3653 691 3714 ιϐας,
722 3656 906 3713 πολλὰς
935 3659 1059 3710 κατά
1099 3665 1184 3710 τοῦ
1212 3659 1260 3710 ἐν
1296 3658 1454 3729 ἁγίοις
1495 3663 1725 3735 Κυρίλλου
1767 3668 2082 3735 περιέχουσα

525 3744 784 3812 ταρίστησ
804 3763 859 3805 ν,
893 3741 970 3797 ὅτι
999 3747 1127 3813 μετά
1152 3751 1239 3804 τὴν
1274 3749 1447 3802 ἕνωσιν
1475 3755 1563 3807 τήν
1596 3753 1720 3825 πρὸς
1748 3755 1867 3811 τούς
1901 3755 2078 3808 ἀνατο-

521 3830 685 3889 Ιεκούς
705 3834 916 3903 γέγονεν,
944 3835 990 3897 ἐξ
1014 3831 1072 3887 οὗ
1097 3834 1345 3892 δείκνυται
1366 3838 1505 3898 Ἰϐοις
1526 3841 1936 3914 ἀπαρνησάμενος
1956 3845 2076 3899 ταύ-

521 3944 628 3978 την.
657 3921 798 3977 Ὀθεν
828 3926 870 3976 οἱ
901 3929 1312 3995 μνημονευθέντες
1349 3933 1553 3992 Φὼτιος,
1583 3935 1659 3984 καὶ
1687 3934 1963 3993 Εὐστάθιος
1990 3932 2074 3988 διὰ

519 4029 606 4073 τήν
626 4022 722 4070 τῶν
744 4017 1077 4088 ἐγκαλούντων
1097 4019 1432 4095 πληροφορίαν
1455 4023 1708 4095 ἐγγράφως
1731 4021 2070 4089 διετύπωσαν,

516 4129 601 4161 τον
623 4109 867 4180 εἰρημένον
886 4107 1025 4162 Ἰϐαν
1050 4113 1214 4166 πάντα
1234 4115 1297 4165 τὰ
1318 4114 1508 4166 ἐναντία
1609 4114 1839 4187 ἐπιστολῇ
1860 4117 2069 4187 πρᾶξαι,

517 4199 674 4258 καθὼς
701 4202 730 4256 ἡ
760 4204 878 4274 περὶ
901 4206 1083 4256 τούτου
1116 4203 1315 4259 δοθεῖσα
1342 4206 1460 4281 παρ’
1493 4209 1657 4260 αὐτῶν
1683 4207 1928 4279 ἐπίκρισις
1955 4207 2076 4263 δείκ-

521 4307 685 4340 ιυσιν.
708 4290 850 4342 Ἀλλά
871 4297 936 4358 μὴ
964 4293 1235 4364 πληρώσας
1255 4290 1396 4350 ἰϐας
1422 4296 1487 4348 τὰ
1517 4295 1637 4364 παρ’
1668 4297 1858 4348 ἐκείνων
1888 4298 2073 4370 ἐπικρι-

517 4377 658 4430 ξεντα
684 4379 903 4440 ἐξεϐλήθη
930 4389 1018 4439 τῆς
1063 4383 1341 4442 ἐπισκοπῆς
1382 4381 1463 4437 διὰ
1496 4385 1587 4442 τὰς
1625 4384 1941 4455 βλασφημίας
1983 4394 2073 4445 τῆς

515 4465 770 4538 .·ἰρημένης
795 4469 1078 4530 ἐπιστολῆς,
1101 4473 1187 4522 καὶ
1205 4471 1377 4530 Νόννος
1399 4473 1504 4525 ἀντ’
1527 4475 1678 4525 αὐτοῦ
1702 4474 2068 4545 ἐχειροτονήθη,

2184 3389 2345 3433 tatem
2375 3380 2740 3448 Orientalium,
2786 3403 2903 3455 qua:
2945 3389 3009 3442 ad
3038 3399 3236 3444 sancta:
3281 3397 3553 3449 memoria:
3581 3395 3738 3465 Cyril-

2183 3467 2287 3520 lum
2311 3469 2444 3521 facta
2471 3481 2571 3538 est,
2596 3474 2722 3526 nihil
2745 3475 3053 3541 injuriosum
3078 3477 3144 3531 de
3168 3495 3232 3534 eo
3256 3478 3474 3537 dixisse.
3508 3483 3734 3551 Epistula

2181 3567 2356 3610 autem
2386 3560 2538 3626 plena
2571 3563 2834 3629 prtedictis
2860 3565 3219 3634 blaSpbemiis,
3251 3586 3348 3638 pro
3371 3575 3564 3639 quibus
3585 3587 3734 3624 accu-

2181 3653 2394 3706 sabatur
2420 3655 2556 3720 lhas,
2585 3658 2777 3712 multas
2799 3672 2982 3715 contra
3006 3663 3062 3718 S.
3093 3663 3346 3735 Cyrillum
3371 3669 3592 3737 injurias
3617 3681 3735 3718 cono

2180 3740 2372 3805 tinens,
2405 3743 2542 3797 facta
2573 3762 2688 3800 ε;.εε
2717 3752 3011 3804 ostenditur
3041 3763 3159 3822 post
3189 3757 3445 3811 unitatem
3475 3757 3538 3809 ad
3557 3755 3732 3807 Orien-

2182 3830 2311 3883 tales
2362 3833 2572 3898 l'aetam,
2616 3851 2681 3889 ex
2710 3853 2816 3904 quo
2855 3840 3250 3896 demonstratur
3278 3844 3396 3898 lhas
3427 3862 3543 3900 eam
3571 3846 3730 3896 abne-

2175 3932 2345 3985 gassc.
2381 3921 2528 3978 Unde
2557 3928 2789 3994 praedicti
2819 3929 3037 3986 Photius
3080 3943 3135 3988 et
3163 3933 3470 3992 Eustathius
3521 3932 3726 3989 satisfa-

2176 4007 2379 4063 cientes
2409 4017 2806 4072 accusatoribus
2853 4020 2903 4072 in
2954 4023 3161 4089 scriptis
3204 4019 3543 4087 deﬁnierunt,
3595 4036 3726 4090 pric-

2174 4097 2371 4152 dictum
2430 4102 2570 4156 Ibam
2623 4109 2800 4161 omnia
2853 4113 3118 4166 contraria
3165 4116 3407 4182 epistola:
3453 4125 3722 4184 peragere.

2175 4187 2311 4241 sicut
2333 4190 2585 4256 judicium
2612 4197 2677 4249 ab
2719 4199 2796 4251 eis
2822 4198 2889 4253 de
2932 4202 3034 4256 hoc
3076 4203 3254 4256 datum
3301 4206 3578 4270 signiﬁcat.
3626 4198 3727 4253 Sed

2174 4295 2291 4332 cum
2323 4281 2437 4336 lbas
2464 4299 2566 4337 non
2605 4287 2947 4357 adimplesset
2975 4307 3034 4345 ea
3062 4310 3178 4362 quas
3225 4295 3297 4348 illi
3331 4296 3722 4362 judicaverunt,

2174 4368 2372 4436 ejectus
2437 4384 2519 4426 est
2578 4376 2644 4429 ab
2715 4379 3025 4448 episcopatu
3094 4395 3314 4452 propter
3373 4379 3724 4452 blasphemias

2174 4459 2437 4524 pncdicta:
2481 4462 2750 4529 epistolae,
2808 4477 2862 4522 et
2901 4469 3118 4532 Nonnus
3164 4488 3261 4540 pro
3315 4473 3408 4526 illo
3455 4471 3723 4526 ordinatus

519 4551 570 4613 ὃς
612 4559 692 4608 καί
734 4560 1064 4616 συνεκαθέσθη
1086 4568 1147 4633 τῇ
1175 4560 1294 4634 ἁγίᾳ
1324 4564 1373 4615 ἐν
1402 4563 1670 4622 Χαλκηδόνι
1709 4564 1922 4636 συνόδῳ.
1953 4571 2067 4639 Περὶ

2185 4554 2296 4606 est,
2365 4549 2452 4615 qui
2502 4560 2574 4604 -ει
2635 4556 2874 4609 consedit
2937 4557 2988 4610 in
3053 4569 3238 4614 sancto
3305 4552 3722 4614 Chalcedoneusi

516 4652 612 4699 tio
638 4647 796 4700 αὐτῶν
821 4652 984 4702 τοίνυν
1013 4653 1097 4703 καί
1123 4653 1172 4704 ἐν
1199 4651 1465 4709 Χαλκηδόνι
1503 4659 1854 4726 κατηγορηθεὶς
1893 4657 1918 4712 ὁ
1944 4681 2067 4727 μνη⁴

514 4739 763 4802 μονωθεὶς
791 4733 930 4796 Ἰϐας
955 4743 1083 4807 μετά
1104 4747 1192 4799 τήν
1213 4744 1488 4814 ἀνάγνωσιν
1509 4754 1598 4804 τῆς
1625 4748 1842 4808 ἀσεϐοῦς
1869 4747 2066 4804 ἐπιστο-

515 4825 604 4881 ³)ῆς
630 4824 715 4876 οὐκ
738 4825 973 4894 ἐτόλμησε
997 4830 1186 4886 ταύτην
1208 4819 1570 4897 οἰκειῶσασθαι,
1595 4834 1694 4889 ἀλλ’
1722 4838 1866 4898 εὐθὺς
1889 4841 2064 4900 αὐταῖς

513 4912 698 4977 λέξεσιν
719 4916 979 4987 ἐπήγαγεν,
1002 4917 1076 4972 ὅτι
1103 4920 1352 4995 ἀλλότριός
1379 4928 1482 4994 εἰμι
1500 4933 1595 4980 τῶν
1621 4929 1936 5001 ἐπαγομένων
1954 4953 2061 5002 μοι.

533 5006 648 5056 Οθεν
675 5005 707 5061 ἡ
876 5005 1099 5071 σύνοδος,
1131 5015 1198 5079 μὴ
1227 5013 1524 5084 ἀρκεσθεῖσα
1547 5024 1608 5088 τῇ
1631 5019 1835 5090 ἀρνήσει
1862 5017 1980 5074 Ἴϐα
2003 5028 2064 5093 τῇ

511 5093 592 5146 ἐπί
619 5103 679 5165 τῇ
709 5096 885 5149 ἀσεϐεῖ
907 5098 1141 5175 ἐπιστολῇ
1166 5105 1450 5160 συνὼθησεν
1474 5108 1624 5161 αὐτὸν
1649 5111 1884 5163 τάναντία
1903 5118 2060 5185 ταύτῃ

506 5185 722 5259 πρᾶξαι,
752 5189 986 5241 τουτέστι
1012 5194 1099 5246 τὴν
1138 5193 1187 5242 ἐν
1369 5195 1692 5264 ἀθετουμένην
1719 5203 1890 5251 πίστιν
1915 5201 2059 5272 ὀρθήν

505 5271 834 5346 ὁμολογῆσαι,
873 5283 956 5330 καὶ
993 5284 1084 5334 την
1125 5279 1271 5349 ἀγίαν
1311 5285 1359 5335 ἐν
1396 5288 1575 5357 Ἐφέσῳ
1608 5290 1811 5359 πρώτην
1849 5289 2058 5343 σύνοδον

505 5358 752 5426 δέξασθαι,
783 5368 866 5419 καί
892 5369 974 5420 τόν
1001 5368 1048 5419 ἐν
1071 5367 1229 5438 ἁγίοις
1255 5374 1482 5446 Κύριλλον
1501 5358 1699 5449 πατέρα
1721 5381 1803 5430 καί
1825 5377 2058 5433 διδάσκα-

501 5449 578 5502 λον
602 5452 992 5526 ἐπιγράψασθαι,
1019 5458 1082 5509 τὰ
1104 5459 1151 5510 ἐν
1177 5467 1238 5532 τῇ
1266 5462 1445 5514 ἀσεϐεῖ
1471 5464 1708 5538 ἐπιστολῇ
1735 5467 2049 5538 ύϐριζόμενα·

501 5543 583 5590 καί
605 5543 878 5615 Νεστόριον
901 5548 985 5597 καὶ
1012 5547 1069 5604 τὸ
1097 5547 1274 5606 ἀσεϐές
1306 5551 1458 5603 αὐτοῦ
1485 5550 1643 5622 δόγμα
1670 5555 2048 5625 ἀναθεματίσαι.

495 5624 654 5701 Ἀπερ
695 5632 725 5686 ἦ
752 5633 938 5691 ἀσεϐής
958 5633 1196 5692 ἐπιστολή
1234 5637 1424 5691 ἐπαινεῖ
1447 5643 1533 5692 καί
1570 5641 1758 5695 ἐκδικεῖ.
1799 5648 1854 5697 Εἰ
1888 5647 2051 5698 τοίνυν

499 5717 576 5764 θηρὶ
597 5717 742 5775 αὐτὸς
768 5715 911 5778 Ἴδας
941 5718 1188 5792 διαφόρως
1214 5728 1559 5798 κατηγορηθεὶς
1580 5731 1695 5800 περὶ
1714 5739 1804 5790 τῆς
1833 5733 2050 5794 ἀσεϐοῦς

502 5800 784 5868 ἐπιστολῆς,
815 5809 898 5860 οὐκ
936 5809 1202 5880 ἐτόλμησεν
1227 5815 1373 5872 αὐτὴν
1411 5820 1792 5880 οἰκειώσασθαι.
1823 5825 1941 5879 ἀλλὰ
1971 5831 2048 5879 καὶ

2169 4646 2411 4699 concilio.
2497 4648 2570 4702 De
2647 4653 2846 4707 eisdem
2915 4655 3072 4722 igitur
3148 4661 3308 4712 etiam
3383 4653 3721 4712 Chalcedone

2167 4753 2445 4797 accusatus
2501 4758 2826 4804 memoratus
2877 4751 3034 4817 lhas,
3104 4764 3224 4823 post
3278 4756 3561 4810 lectionem
3619 4749 3713 4800 im—

2167 4840 2267 4908 pia:
2314 4841 2549 4909 epistola:
2578 4860 2680 4898 nou
2706 4854 2787 4900 est
2814 4863 2971 4901 ausus
2999 4866 3116 4903 eam
3147 4869 3293 4906 suam
3316 4869 3433 4906 esse
3457 4841 3712 4906 conﬁteri,

2167 4928 2260 4981 sed
2289 4930 2460 4982 statim
2480 4931 2604 4998 ipsis
2627 4935 2799 4990 verbis
2830 4937 3024 5005 intulit,
3055 4941 3282 4994 alienum
3315 4959 3371 4996 se
3396 4955 3513 4995 esse
3533 4945 3714 4990 eorum

2167 5029 2284 5083 qua:
2313 5018 2359 5070 ei
2391 5019 2765 5077 inferebantur.
2819 5022 2968 5079 Unde
2995 5041 3172 5081 sancta
3201 5033 3462 5100 synodus,
3511 5039 3627 5079 cum
3670 5019 3715 5070 ei

2167 5118 2272 5156 non
2299 5106 2564 5160 suﬂiceret
2584 5111 2861 5177 abnegatio
2888 5112 3015 5179 Ihm,
3048 5132 3164 5184 qua:
3192 5119 3327 5173 facta
3355 5127 3434 5172 est
3471 5117 3537 5168 de
3561 5109 3712 5176 impia

2165 5193 2384 5259 epistola
2404 5233 2419 5255 ,
2460 5198 2714 5266 compulit
2738 5215 2858 5253 eum
2881 5208 3148 5259 contraria
3174 5207 3220 5260 ei
3251 5219 3526 5277 peragere,
3560 5200 3608 5253 id
3636 5201 3711 5248 εδει

2163 5284 2497 5350 reprobatam
2529 5286 2578 5338 in
2609 5303 2669 5340 ea
2695 5299 2893 5344 rectam
2920 5292 3070 5347 fidem
3105 5299 3343 5350 confiteri
3362 5338 3376 5362 ,
3419 5305 3472 5348 et
3499 5285 3711 5358 Ephesi-

2161 5388 2282 5426 nam
2301 5374 2519 5441 primatu
2542 5388 2776 5432 sanctam
2795 5383 3054 5450 synodum
3071 5388 3360 5455 suscipere,
3391 5394 3444 5439 ct
3475 5385 3709 5434 sanctum

2161 5461 2408 5530 Cyrillum
2427 5463 2631 5519 Patrem
2659 5478 2713 5522 et
2733 5469 3003 5525 doctorem
3027 5475 3290 5530 ascribere
3301 5473 3500 5544 quae,in
3523 5463 3708 5521 eadem

2157 5557 2314 5624 impia
2341 5562 2561 5626 epistola
2603 5563 2944 5632 injuriantur,
2982 5578 3036 5621 ct
3064 5569 3360 5623 Nestorium
3386 5564 3704 5632 impiumque

2155 5645 2268 5712 ejus
2288 5647 2475 5714 dogma
2506 5653 2969 5720 anathematizare,
2991 5673 3108 5726 qua;
3131 5669 3185 5712 et
3205 5661 3359 5729 impia
3381 5651 3597 5725 είτίςιοΙεὶ
3612 5645 3700 5696 de—

2154 5737 2321 5791 fendit
2334 5749 2387 5791 ει
2403 5741 2682 5795 collaudat.
2700 5743 2753 5797 Si
2773 5746 2927 5811 igitur
2939 5757 2992 5802 ει
3006 5749 3118 5816 ipse
3132 5751 3248 5804 lhas
3263 5736 3698 5819 proptcrimpiam

2155 5829 2430 5896 epistolam
2454 5832 2642 5900 su‘pius
2672 5845 2967 5902 accusatus,
2999 5854 3102 5893 non
3126 5848 3206 5894 est
3236 5854 3392 5895 ausus
3421 5845 3534 5886 catn
3556 5832 3697 5882 sua!"
