  <div class='ocr_page' id='page_1' title='image "/cluster/home/n/w/nwhite01/storage/ocr_20150623/86:pt.1/coo.31924054869874/518.png"; bbox 0 0 4108 6486; ppageno 0'>
   <div class='ocr_carea' id='block_1_1' title="bbox 381 467 519 531">
    <p class='ocr_par' dir='ltr' id='par_1_1' title="bbox 381 467 519 531">
     <span class='ocr_line' id='line_1_1' title="bbox 381 467 519 531; baseline 0.007 -2"><span class='ocrx_word' id='word_1_1' title='bbox 381 467 519 531; x_wconf 78' lang='lat'><strong>1021</strong></span> 
     </span>
    </p>
   </div>
   <div class='ocr_carea' id='block_1_2' title="bbox 1418 479 2553 548">
    <p class='ocr_par' dir='ltr' id='par_1_2' title="bbox 1418 479 2553 548">
     <span class='ocr_line' id='line_1_2' title="bbox 1418 479 2553 548; baseline -0.002 -8"><span class='ocrx_word' id='word_1_2' title='bbox 1418 479 1650 540; x_wconf 83' lang='lat' dir='ltr'>LIBER</span> <span class='ocrx_word' id='word_1_3' title='bbox 1689 479 2086 540; x_wconf 77' lang='lat' dir='ltr'><strong>ADVERSUS</strong></span> <span class='ocrx_word' id='word_1_4' title='bbox 2123 479 2553 548; x_wconf 70' lang='lat' dir='ltr'><strong>ORIGENEM.</strong></span> 
     </span>
    </p>
   </div>
   <div class='ocr_carea' id='block_1_3' title="bbox 3488 476 3624 540">
    <p class='ocr_par' dir='ltr' id='par_1_3' title="bbox 3488 476 3624 540">
     <span class='ocr_line' id='line_1_3' title="bbox 3488 476 3624 540; baseline 0.015 -2"><span class='ocrx_word' id='word_1_5' title='bbox 3488 476 3624 540; x_wconf 65' lang='lat'><strong>10252</strong></span> 
     </span>
    </p>
   </div>
   <div class='ocr_carea' id='block_1_4' title="bbox 402 595 1969 668">
    <p class='ocr_par' dir='ltr' id='par_1_4' title="bbox 402 597 1968 668">
     <span class='ocr_line' id='line_1_4' title="bbox 402 597 1968 668; baseline 0 -12"><span class='ocrx_word' id='word_1_6' title='bbox 402 601 439 656; x_wconf 63' lang='grc' dir='ltr'>ὅ</span> <span class='ocrx_word' id='word_1_7' title='bbox 479 598 596 668; x_wconf 80' lang='grc' dir='ltr'>Ξιγία</span> <span class='ocrx_word' id='word_1_8' title='bbox 620 601 667 652; x_wconf 84' lang='grc' dir='ltr'>ἔν</span> <span class='ocrx_word' id='word_1_9' title='bbox 708 599 972 658; x_wconf 72' lang='grc' dir='ltr'><strong>Χαλκηδόνι</strong></span> <span class='ocrx_word' id='word_1_10' title='bbox 1000 601 1212 662; x_wconf 71' lang='grc' dir='ltr'>σύνοδος</span> <span class='ocrx_word' id='word_1_11' title='bbox 1235 602 1402 656; x_wconf 77' lang='grc' dir='ltr'>πάντα</span> <span class='ocrx_word' id='word_1_12' title='bbox 1441 603 1505 656; x_wconf 87' lang='grc' dir='ltr'><strong>τά</strong></span> <span class='ocrx_word' id='word_1_13' title='bbox 1543 601 1736 654; x_wconf 80' lang='grc' dir='ltr'><strong>ἐναντία</strong></span> <span class='ocrx_word' id='word_1_14' title='bbox 1781 597 1968 656; x_wconf 71' lang='grc' dir='ltr'>ταύτης</span> 
     </span>
    </p>
   </div>
   <div class='ocr_carea' id='block_1_5' title="bbox 2071 595 3628 668">
    <p class='ocr_par' dir='ltr' id='par_1_5' title="bbox 2071 595 3628 660">
     <span class='ocr_line' id='line_1_5' title="bbox 2071 595 3628 660; baseline 0.007 -13"><span class='ocrx_word' id='word_1_15' title='bbox 2071 595 2274 660; x_wconf 88' lang='lat' dir='ltr'><strong>dicere,</strong></span> <span class='ocrx_word' id='word_1_16' title='bbox 2308 597 2400 650; x_wconf 87' lang='lat' dir='ltr'><strong>sed</strong></span> <span class='ocrx_word' id='word_1_17' title='bbox 2428 598 2586 649; x_wconf 87' lang='lat' dir='ltr'><strong>etiam</strong></span> <span class='ocrx_word' id='word_1_18' title='bbox 2615 596 3048 654; x_wconf 85' lang='lat' dir='ltr'><strong>Chalcedonense</strong></span> <span class='ocrx_word' id='word_1_19' title='bbox 3076 611 3315 655; x_wconf 88' lang='lat' dir='ltr'><strong>sanctmn</strong></span> <span class='ocrx_word' id='word_1_20' title='bbox 3345 605 3628 658; x_wconf 84' lang='lat' dir='ltr'><strong>concilium</strong></span> 
     </span>
    </p>
   </div>
   <div class='ocr_carea' id='block_1_6' title="bbox 399 688 1966 764">
    <p class='ocr_par' dir='ltr' id='par_1_6' title="bbox 399 688 1966 764">
     <span class='ocr_line' id='line_1_6' title="bbox 399 688 1966 764; baseline -0.001 -23"><span class='ocrx_word' id='word_1_21' title='bbox 399 690 778 760; x_wconf 74' lang='grc' dir='ltr'><strong>παρεσκεύασεν</strong></span> <span class='ocrx_word' id='word_1_22' title='bbox 797 691 948 745; x_wconf 70' lang='grc' dir='ltr'>αύτιίν</span> <span class='ocrx_word' id='word_1_23' title='bbox 970 694 1177 764; x_wconf 83' lang='grc' dir='ltr'>πρᾶξαι,</span> <span class='ocrx_word' id='word_1_24' title='bbox 1200 699 1308 750; x_wconf 86' lang='grc' dir='ltr'><strong>πῶς</strong></span> <span class='ocrx_word' id='word_1_25' title='bbox 1333 688 1474 760; x_wconf 81' lang='grc' dir='ltr'>εἶχεν</span> <span class='ocrx_word' id='word_1_26' title='bbox 1495 693 1524 748; x_wconf 82' lang='grc' dir='ltr'>ἡ</span> <span class='ocrx_word' id='word_1_27' title='bbox 1548 692 1670 747; x_wconf 80' lang='grc' dir='ltr'>αὐτὴ</span> <span class='ocrx_word' id='word_1_28' title='bbox 1693 689 1812 760; x_wconf 81' lang='grc' dir='ltr'>ἁγία</span> <span class='ocrx_word' id='word_1_29' title='bbox 1839 690 1966 742; x_wconf 78' lang='grc' dir='ltr'>σύν-</span> 
     </span>
    </p>
   </div>
   <div class='ocr_carea' id='block_1_7' title="bbox 399 776 1965 852">
    <p class='ocr_par' dir='ltr' id='par_1_7' title="bbox 399 776 1965 852">
     <span class='ocr_line' id='line_1_7' title="bbox 399 776 1965 852; baseline -0.005 -14"><span class='ocrx_word' id='word_1_30' title='bbox 399 776 516 837; x_wconf 75' lang='grc' dir='ltr'>οδος</span> <span class='ocrx_word' id='word_1_31' title='bbox 543 783 634 836; x_wconf 72' lang='grc' dir='ltr'><strong>τήν</strong></span> <span class='ocrx_word' id='word_1_32' title='bbox 661 781 916 852; x_wconf 74' lang='grc' dir='ltr'><strong>εἰρημένην</strong></span> <span class='ocrx_word' id='word_1_33' title='bbox 941 782 1205 839; x_wconf 74' lang='grc' dir='ltr'>ἐπιστολὴν</span> <span class='ocrx_word' id='word_1_34' title='bbox 1252 779 1487 844; x_wconf 82' lang='grc' dir='ltr'>δέξασθαι</span> <span class='ocrx_word' id='word_1_35' title='bbox 1505 822 1519 844; x_wconf 93' lang='grc'><strong>,</strong></span> <span class='ocrx_word' id='word_1_36' title='bbox 1561 783 1644 833; x_wconf 89' lang='grc' dir='ltr'><strong>καί</strong></span> <span class='ocrx_word' id='word_1_37' title='bbox 1665 786 1736 850; x_wconf 84' lang='grc' dir='ltr'><strong>τῷ</strong></span> <span class='ocrx_word' id='word_1_38' title='bbox 1763 783 1965 851; x_wconf 86' lang='grc' dir='ltr'>κρίματι</span> 
     </span>
    </p>
   </div>
   <div class='ocr_carea' id='block_1_8' title="bbox 393 865 1965 941">
    <p class='ocr_par' dir='ltr' id='par_1_8' title="bbox 393 865 1965 941">
     <span class='ocr_line' id='line_1_8' title="bbox 393 865 1965 941; baseline -0.002 -17"><span class='ocrx_word' id='word_1_39' title='bbox 393 877 492 928; x_wconf 60' lang='grc' dir='ltr'><strong>πῆς</strong></span> <span class='ocrx_word' id='word_1_40' title='bbox 517 871 884 937; x_wconf 74' lang='grc' dir='ltr'><strong>περιεχομένης</strong></span> <span class='ocrx_word' id='word_1_41' title='bbox 905 871 1032 941; x_wconf 77' lang='grc' dir='ltr'>αὐτῇ</span> <span class='ocrx_word' id='word_1_42' title='bbox 1057 869 1294 928; x_wconf 85' lang='grc' dir='ltr'>ἀσεϐείας</span> <span class='ocrx_word' id='word_1_43' title='bbox 1327 869 1620 929; x_wconf 72' lang='grc' dir='ltr'><strong>ὑποπεσεῖν,</strong></span> <span class='ocrx_word' id='word_1_44' title='bbox 1647 865 1726 938; x_wconf 75' lang='grc' dir='ltr'>ἀφ’</span> <span class='ocrx_word' id='word_1_45' title='bbox 1746 865 1804 926; x_wconf 80' lang='grc' dir='ltr'>ἧς</span> <span class='ocrx_word' id='word_1_46' title='bbox 1826 865 1965 922; x_wconf 83' lang='grc' dir='ltr'>Ἰϐαν</span> 
     </span>
    </p>
   </div>
   <div class='ocr_carea' id='block_1_9' title="bbox 401 955 1966 1030">
    <p class='ocr_par' dir='ltr' id='par_1_9' title="bbox 401 955 1966 1030">
     <span class='ocr_line' id='line_1_9' title="bbox 401 955 1966 1030; baseline 0.001 -23"><span class='ocrx_word' id='word_1_47' title='bbox 401 957 732 1029; x_wconf 65' lang='grc' dir='ltr'>ἀευθερῶσαι</span> <span class='ocrx_word' id='word_1_48' title='bbox 752 957 1098 1018; x_wconf 73' lang='grc' dir='ltr'>ἐσπούδασενς</span> <span class='ocrx_word' id='word_1_49' title='bbox 1126 956 1296 1015; x_wconf 82' lang='grc' dir='ltr'>ἐπειδὴ</span> <span class='ocrx_word' id='word_1_50' title='bbox 1316 955 1369 1010; x_wconf 78' lang='grc' dir='ltr'><strong>δέ</strong></span> <span class='ocrx_word' id='word_1_51' title='bbox 1391 958 1566 1015; x_wconf 80' lang='grc' dir='ltr'>πάσας</span> <span class='ocrx_word' id='word_1_52' title='bbox 1585 957 1966 1030; x_wconf 79' lang='grc' dir='ltr'>ὑπερϐαίνοντες</span> 
     </span>
    </p>
   </div>
   <div class='ocr_carea' id='block_1_10' title="bbox 395 1048 1961 1123">
    <p class='ocr_par' dir='ltr' id='par_1_10' title="bbox 395 1048 1961 1123">
     <span class='ocr_line' id='line_1_10' title="bbox 395 1048 1961 1123; baseline -0.001 -23"><span class='ocrx_word' id='word_1_53' title='bbox 395 1049 494 1105; x_wconf 83' lang='grc' dir='ltr'><strong>τάς</strong></span> <span class='ocrx_word' id='word_1_54' title='bbox 514 1050 887 1122; x_wconf 75' lang='grc' dir='ltr'><strong>περιεχομένας</strong></span> <span class='ocrx_word' id='word_1_55' title='bbox 1004 1050 1242 1123; x_wconf 77' lang='grc' dir='ltr'><strong>ἐπιστολῇ</strong></span> <span class='ocrx_word' id='word_1_56' title='bbox 1272 1048 1590 1121; x_wconf 71' lang='grc' dir='ltr'>βλασφημίας</span> <span class='ocrx_word' id='word_1_57' title='bbox 1616 1048 1660 1101; x_wconf 86' lang='grc' dir='ltr'>οί</span> <span class='ocrx_word' id='word_1_58' title='bbox 1691 1049 1961 1120; x_wconf 80' lang='grc' dir='ltr'>αἱρετικοί,</span> 
     </span>
    </p>
   </div>
   <div class='ocr_carea' id='block_1_11' title="bbox 395 1135 1967 1212">
    <p class='ocr_par' dir='ltr' id='par_1_11' title="bbox 395 1135 1967 1212">
     <span class='ocr_line' id='line_1_11' title="bbox 395 1135 1967 1212; baseline 0.001 -25"><span class='ocrx_word' id='word_1_59' title='bbox 395 1141 548 1188; x_wconf 67' lang='grc' dir='ltr'>τοῦτο</span> <span class='ocrx_word' id='word_1_60' title='bbox 585 1135 730 1202; x_wconf 83' lang='grc' dir='ltr'>μόνον</span> <span class='ocrx_word' id='word_1_61' title='bbox 758 1137 807 1199; x_wconf 86' lang='grc' dir='ltr'><strong>ἐξ</strong></span> <span class='ocrx_word' id='word_1_62' title='bbox 850 1138 1006 1195; x_wconf 81' lang='grc' dir='ltr'>αὐτῆς</span> <span class='ocrx_word' id='word_1_63' title='bbox 1040 1139 1348 1212; x_wconf 67' lang='grc' dir='ltr'><strong>προφέρουσι</strong></span> <span class='ocrx_word' id='word_1_64' title='bbox 1375 1139 1432 1191; x_wconf 82' lang='grc' dir='ltr'><strong>τό</strong></span> <span class='ocrx_word' id='word_1_65' title='bbox 1469 1138 1594 1210; x_wconf 83' lang='grc' dir='ltr'>πρὸς</span> <span class='ocrx_word' id='word_1_66' title='bbox 1634 1138 1829 1193; x_wconf 78' lang='grc' dir='ltr'><strong>ἀπάτην</strong></span> <span class='ocrx_word' id='word_1_67' title='bbox 1870 1144 1967 1190; x_wconf 87' lang='grc' dir='ltr'>τῶν</span> 
     </span>
    </p>
   </div>
   <div class='ocr_carea' id='block_1_12' title="bbox 397 1223 1966 1299">
    <p class='ocr_par' dir='ltr' id='par_1_12' title="bbox 397 1223 1966 1299">
     <span class='ocr_line' id='line_1_12' title="bbox 397 1223 1966 1299; baseline 0.001 -24"><span class='ocrx_word' id='word_1_68' title='bbox 397 1223 759 1297; x_wconf 78' lang='grc' dir='ltr'><strong>ἁπλουστέρων</strong></span> <span class='ocrx_word' id='word_1_69' title='bbox 782 1225 923 1298; x_wconf 88' lang='grc' dir='ltr'><strong>παρά</strong></span> <span class='ocrx_word' id='word_1_70' title='bbox 945 1232 1035 1279; x_wconf 91' lang='grc' dir='ltr'><strong>τοῦ</strong></span> <span class='ocrx_word' id='word_1_71' title='bbox 1064 1231 1153 1284; x_wconf 73' lang='grc' dir='ltr'>τήν</span> <span class='ocrx_word' id='word_1_72' title='bbox 1175 1226 1438 1284; x_wconf 70' lang='grc' dir='ltr'>ἐπιστολήν</span> <span class='ocrx_word' id='word_1_73' title='bbox 1461 1225 1747 1299; x_wconf 72' lang='grc' dir='ltr'>γράψαντος</span> <span class='ocrx_word' id='word_1_74' title='bbox 1770 1227 1966 1299; x_wconf 74' lang='grc' dir='ltr'>εἰρημέο</span> 
     </span>
    </p>
   </div>
   <div class='ocr_carea' id='block_1_13' title="bbox 393 1311 1965 1386">
    <p class='ocr_par' dir='ltr' id='par_1_13' title="bbox 393 1311 1965 1386">
     <span class='ocr_line' id='line_1_13' title="bbox 393 1311 1965 1386; baseline 0.004 -24"><span class='ocrx_word' id='word_1_75' title='bbox 393 1332 509 1372; x_wconf 88' lang='grc' dir='ltr'>νον,</span> <span class='ocrx_word' id='word_1_76' title='bbox 550 1314 787 1366; x_wconf 75' lang='grc' dir='ltr'>τουτέστι</span> <span class='ocrx_word' id='word_1_77' title='bbox 815 1311 906 1367; x_wconf 85' lang='grc' dir='ltr'><strong>δύο</strong></span> <span class='ocrx_word' id='word_1_78' title='bbox 944 1316 1138 1385; x_wconf 75' lang='grc' dir='ltr'>φύσεις,</span> <span class='ocrx_word' id='word_1_79' title='bbox 1171 1317 1292 1383; x_wconf 87' lang='grc' dir='ltr'>μίαν</span> <span class='ocrx_word' id='word_1_80' title='bbox 1319 1313 1557 1384; x_wconf 85' lang='grc' dir='ltr'>δύναμιν,</span> <span class='ocrx_word' id='word_1_81' title='bbox 1585 1313 1634 1366; x_wconf 84' lang='grc' dir='ltr'><strong>ἓν</strong></span> <span class='ocrx_word' id='word_1_82' title='bbox 1677 1316 1965 1386; x_wconf 82' lang='grc' dir='ltr'>πρόσωπον,</span> 
     </span>
    </p>
   </div>
   <div class='ocr_carea' id='block_1_14' title="bbox 395 1398 1968 1472">
    <p class='ocr_par' dir='ltr' id='par_1_14' title="bbox 395 1398 1968 1472">
     <span class='ocr_line' id='line_1_14' title="bbox 395 1398 1968 1472; baseline 0.002 -19"><span class='ocrx_word' id='word_1_83' title='bbox 395 1398 724 1472; x_wconf 73' lang='grc' dir='ltr'><strong>ἀποδείξομεν</strong></span> <span class='ocrx_word' id='word_1_84' title='bbox 763 1404 932 1466; x_wconf 65' lang='grc' dir='ltr'>αὐτόν,</span> <span class='ocrx_word' id='word_1_85' title='bbox 961 1406 1044 1457; x_wconf 89' lang='grc' dir='ltr'><strong>καί</strong></span> <span class='ocrx_word' id='word_1_86' title='bbox 1079 1405 1128 1456; x_wconf 82' lang='grc' dir='ltr'>ἐν</span> <span class='ocrx_word' id='word_1_87' title='bbox 1154 1403 1435 1471; x_wconf 67' lang='grc' dir='ltr'>τούτῳτήν</span> <span class='ocrx_word' id='word_1_88' title='bbox 1463 1401 1588 1456; x_wconf 82' lang='grc' dir='ltr'><strong>ἰδίαν</strong></span> <span class='ocrx_word' id='word_1_89' title='bbox 1616 1403 1845 1456; x_wconf 92' lang='grc' dir='ltr'>ἀσέϐειαν</span> <span class='ocrx_word' id='word_1_90' title='bbox 1868 1425 1968 1456; x_wconf 87' lang='grc' dir='ltr'>πα-</span> 
     </span>
    </p>
   </div>
   <div class='ocr_carea' id='block_1_15' title="bbox 393 1491 1966 1571">
    <p class='ocr_par' dir='ltr' id='par_1_15' title="bbox 393 1491 1966 1571">
     <span class='ocr_line' id='line_1_15' title="bbox 393 1491 1966 1571; baseline 0.003 -27"><span class='ocrx_word' id='word_1_91' title='bbox 393 1499 725 1564; x_wconf 85' lang='grc' dir='ltr'>ραμιγνῦντα.</span> <span class='ocrx_word' id='word_1_92' title='bbox 752 1497 892 1554; x_wconf 86' lang='grc' dir='ltr'>Τίνος</span> <span class='ocrx_word' id='word_1_93' title='bbox 915 1496 1010 1570; x_wconf 81' lang='grc' dir='ltr'>γὰρ</span> <span class='ocrx_word' id='word_1_94' title='bbox 1042 1491 1100 1548; x_wconf 84' lang='grc' dir='ltr'>ἂν</span> <span class='ocrx_word' id='word_1_95' title='bbox 1134 1496 1262 1566; x_wconf 86' lang='grc' dir='ltr'>λέγοι</span> <span class='ocrx_word' id='word_1_96' title='bbox 1291 1493 1382 1548; x_wconf 86' lang='grc' dir='ltr'><strong>δύο</strong></span> <span class='ocrx_word' id='word_1_97' title='bbox 1405 1494 1599 1564; x_wconf 85' lang='grc' dir='ltr'>φύσεις,</span> <span class='ocrx_word' id='word_1_98' title='bbox 1623 1498 1703 1548; x_wconf 83' lang='grc' dir='ltr'><strong>καί</strong></span> <span class='ocrx_word' id='word_1_99' title='bbox 1733 1494 1782 1548; x_wconf 87' lang='grc' dir='ltr'><strong>ἓν</strong></span> <span class='ocrx_word' id='word_1_100' title='bbox 1814 1497 1966 1571; x_wconf 79' lang='grc' dir='ltr'>πρόσ-</span> 
     </span>
    </p>
   </div>
   <div class='ocr_carea' id='block_1_16' title="bbox 392 1580 1967 1660">
    <p class='ocr_par' dir='ltr' id='par_1_16' title="bbox 392 1580 1967 1660">
     <span class='ocr_line' id='line_1_16' title="bbox 392 1580 1967 1660; baseline 0.005 -27"><span class='ocrx_word' id='word_1_101' title='bbox 392 1603 534 1634; x_wconf 83' lang='grc' dir='ltr'>ωπον</span> <span class='ocrx_word' id='word_1_102' title='bbox 561 1580 588 1636; x_wconf 84' lang='grc' dir='ltr'>ὁ</span> <span class='ocrx_word' id='word_1_103' title='bbox 616 1585 988 1658; x_wconf 86' lang='grc' dir='ltr'>ἀπαρνούμενος</span> <span class='ocrx_word' id='word_1_104' title='bbox 1028 1588 1110 1640; x_wconf 83' lang='grc' dir='ltr'><strong>τόν</strong></span> <span class='ocrx_word' id='word_1_105' title='bbox 1149 1587 1267 1639; x_wconf 82' lang='grc' dir='ltr'><strong>Θεὸν</strong></span> <span class='ocrx_word' id='word_1_106' title='bbox 1289 1585 1427 1656; x_wconf 85' lang='grc' dir='ltr'>λόγον</span> <span class='ocrx_word' id='word_1_107' title='bbox 1467 1587 1780 1660; x_wconf 81' lang='grc' dir='ltr'>σαρκωθῆναι</span> <span class='ocrx_word' id='word_1_108' title='bbox 1805 1587 1855 1637; x_wconf 84' lang='grc' dir='ltr'>ἐκ</span> <span class='ocrx_word' id='word_1_109' title='bbox 1877 1593 1967 1644; x_wconf 75' lang='grc' dir='ltr'><strong>τῆς·</strong></span> 
     </span>
    </p>
   </div>
   <div class='ocr_carea' id='block_1_17' title="bbox 392 1670 1970 1747">
    <p class='ocr_par' dir='ltr' id='par_1_17' title="bbox 392 1670 1970 1747">
     <span class='ocr_line' id='line_1_17' title="bbox 392 1670 1970 1747; baseline 0.002 -24"><span class='ocrx_word' id='word_1_110' title='bbox 392 1671 545 1741; x_wconf 83' lang='grc' dir='ltr'>ἀγίας</span> <span class='ocrx_word' id='word_1_111' title='bbox 567 1670 763 1734; x_wconf 80' lang='grc' dir='ltr'><strong>ἐνδόξου</strong></span> <span class='ocrx_word' id='word_1_112' title='bbox 789 1675 1012 1728; x_wconf 78' lang='grc' dir='ltr'>θεοτόκου</span> <span class='ocrx_word' id='word_1_113' title='bbox 1037 1678 1122 1728; x_wconf 84' lang='grc' dir='ltr'><strong>καί</strong></span> <span class='ocrx_word' id='word_1_114' title='bbox 1149 1675 1476 1747; x_wconf 83' lang='grc' dir='ltr'>ἀειπαρθένου</span> <span class='ocrx_word' id='word_1_115' title='bbox 1501 1676 1715 1743; x_wconf 75' lang='grc' dir='ltr'>Μαρίας,</span> <span class='ocrx_word' id='word_1_116' title='bbox 1745 1677 1827 1726; x_wconf 87' lang='grc' dir='ltr'><strong>καί</strong></span> <span class='ocrx_word' id='word_1_117' title='bbox 1845 1695 1970 1741; x_wconf 86' lang='grc' dir='ltr'>τεχ-</span> 
     </span>
    </p>
   </div>
   <div class='ocr_carea' id='block_1_18' title="bbox 391 1760 1966 1838">
    <p class='ocr_par' dir='ltr' id='par_1_18' title="bbox 391 1760 1966 1838">
     <span class='ocr_line' id='line_1_18' title="bbox 391 1760 1966 1838; baseline 0.004 -29"><span class='ocrx_word' id='word_1_118' title='bbox 391 1760 533 1815; x_wconf 73' lang='grc' dir='ltr'>θῆναι</span> <span class='ocrx_word' id='word_1_119' title='bbox 566 1760 618 1822; x_wconf 77' lang='grc' dir='ltr'><strong>ἐξ</strong></span> <span class='ocrx_word' id='word_1_120' title='bbox 660 1762 843 1824; x_wconf 55' lang='lat' dir='ltr'><strong>atinas;</strong></span> <span class='ocrx_word' id='word_1_121' title='bbox 893 1763 1013 1816; x_wconf 82' lang='grc' dir='ltr'><strong>ἀ)λά</strong></span> <span class='ocrx_word' id='word_1_122' title='bbox 1056 1763 1300 1838; x_wconf 86' lang='grc' dir='ltr'>πρόδηλον</span> <span class='ocrx_word' id='word_1_123' title='bbox 1348 1767 1416 1823; x_wconf 83' lang='grc' dir='ltr'>ὡς</span> <span class='ocrx_word' id='word_1_124' title='bbox 1447 1764 1628 1835; x_wconf 76' lang='grc' dir='ltr'>ἑκαστῃ</span> <span class='ocrx_word' id='word_1_125' title='bbox 1669 1765 1816 1834; x_wconf 77' lang='grc' dir='ltr'>φύσει</span> <span class='ocrx_word' id='word_1_126' title='bbox 1842 1763 1966 1817; x_wconf 79' lang='grc' dir='ltr'>ἴδιον</span> 
     </span>
    </p>
   </div>
   <div class='ocr_carea' id='block_1_19' title="bbox 389 1848 1970 1928">
    <p class='ocr_par' dir='ltr' id='par_1_19' title="bbox 389 1848 1970 1928">
     <span class='ocr_line' id='line_1_19' title="bbox 389 1848 1970 1928; baseline 0.004 -29"><span class='ocrx_word' id='word_1_127' title='bbox 389 1848 672 1918; x_wconf 78' lang='grc' dir='ltr'>πρόσωπον</span> <span class='ocrx_word' id='word_1_128' title='bbox 716 1852 985 1920; x_wconf 80' lang='grc' dir='ltr'><strong>ἀπονέμει,</strong></span> <span class='ocrx_word' id='word_1_129' title='bbox 1020 1854 1181 1912; x_wconf 82' lang='grc' dir='ltr'>καθὼς</span> <span class='ocrx_word' id='word_1_130' title='bbox 1216 1852 1471 1927; x_wconf 74' lang='grc' dir='ltr'>Θεόδωρος</span> <span class='ocrx_word' id='word_1_131' title='bbox 1507 1856 1589 1906; x_wconf 83' lang='grc' dir='ltr'><strong>καί</strong></span> <span class='ocrx_word' id='word_1_132' title='bbox 1623 1854 1890 1928; x_wconf 76' lang='grc' dir='ltr'>Νεστόριος</span> <span class='ocrx_word' id='word_1_133' title='bbox 1919 1853 1970 1907; x_wconf 88' lang='grc' dir='ltr'><strong>ἐν</strong></span> 
     </span>
    </p>
   </div>
   <div class='ocr_carea' id='block_1_20' title="bbox 388 1935 1968 2013">
    <p class='ocr_par' dir='ltr' id='par_1_20' title="bbox 388 1935 1968 2013">
     <span class='ocr_line' id='line_1_20' title="bbox 388 1935 1968 2013; baseline 0.004 -23"><span class='ocrx_word' id='word_1_134' title='bbox 388 1945 502 1995; x_wconf 85' lang='grc' dir='ltr'>τοῖς</span> <span class='ocrx_word' id='word_1_135' title='bbox 531 1935 674 1998; x_wconf 79' lang='grc' dir='ltr'>ἰδίοις</span> <span class='ocrx_word' id='word_1_136' title='bbox 695 1938 854 2011; x_wconf 89' lang='grc' dir='ltr'>λόγοις</span> <span class='ocrx_word' id='word_1_137' title='bbox 874 1942 1279 2013; x_wconf 64' lang='grc' dir='ltr'><strong>βλασφημοῦντες</strong></span> <span class='ocrx_word' id='word_1_138' title='bbox 1310 1944 1541 2005; x_wconf 78' lang='grc' dir='ltr'><strong>ἐξέθεντο,</strong></span> <span class='ocrx_word' id='word_1_139' title='bbox 1570 1941 1656 2001; x_wconf 75' lang='grc' dir='ltr'><strong>οὓς</strong></span> <span class='ocrx_word' id='word_1_140' title='bbox 1684 1945 1761 1996; x_wconf 87' lang='grc' dir='ltr'><strong>καί</strong></span> <span class='ocrx_word' id='word_1_141' title='bbox 1788 1941 1968 1997; x_wconf 79' lang='grc' dir='ltr'>ἐκδικεῐ</span> 
     </span>
    </p>
   </div>
   <div class='ocr_carea' id='block_1_21' title="bbox 389 2024 1972 2103">
    <p class='ocr_par' dir='ltr' id='par_1_21' title="bbox 389 2024 1972 2103">
     <span class='ocr_line' id='line_1_21' title="bbox 389 2024 1972 2103; baseline 0.003 -23"><span class='ocrx_word' id='word_1_142' title='bbox 389 2024 418 2080; x_wconf 82' lang='grc' dir='ltr'><em>ὅ</em></span> <span class='ocrx_word' id='word_1_143' title='bbox 443 2025 653 2100; x_wconf 72' lang='grc' dir='ltr'>γράψας</span> <span class='ocrx_word' id='word_1_144' title='bbox 677 2033 767 2087; x_wconf 81' lang='grc' dir='ltr'><strong>τήν</strong></span> <span class='ocrx_word' id='word_1_145' title='bbox 792 2031 1060 2089; x_wconf 72' lang='grc' dir='ltr'>ἐπιστολήν</span> <span class='ocrx_word' id='word_1_146' title='bbox 1085 2033 1212 2103; x_wconf 84' lang='grc' dir='ltr'>μετὰ</span> <span class='ocrx_word' id='word_1_147' title='bbox 1238 2040 1330 2090; x_wconf 79' lang='grc' dir='ltr'><strong>τῆς</strong></span> <span class='ocrx_word' id='word_1_148' title='bbox 1355 2033 1516 2086; x_wconf 75' lang='grc' dir='ltr'>αὐτῶν</span> <span class='ocrx_word' id='word_1_149' title='bbox 1548 2032 1805 2090; x_wconf 83' lang='grc' dir='ltr'>ἀσεϐείας.</span> <span class='ocrx_word' id='word_1_150' title='bbox 1830 2029 1972 2084; x_wconf 72' lang='grc' dir='ltr'>Ἐκεῖ-</span> 
     </span>
    </p>
   </div>
   <div class='ocr_carea' id='block_1_22' title="bbox 388 2117 1964 2194">
    <p class='ocr_par' dir='ltr' id='par_1_22' title="bbox 388 2117 1964 2194">
     <span class='ocr_line' id='line_1_22' title="bbox 388 2117 1964 2194; baseline -0.005 -13"><span class='ocrx_word' id='word_1_151' title='bbox 388 2136 466 2170; x_wconf 71' lang='grc' dir='ltr'>νπ</span> <span class='ocrx_word' id='word_1_152' title='bbox 495 2117 597 2186; x_wconf 73' lang='grc' dir='ltr'>γὰρ</span> <span class='ocrx_word' id='word_1_153' title='bbox 621 2125 844 2192; x_wconf 77' lang='grc' dir='ltr'><strong>φανερῶς</strong></span> <span class='ocrx_word' id='word_1_154' title='bbox 879 2119 1083 2190; x_wconf 87' lang='grc' dir='ltr'>λέγουσι</span> <span class='ocrx_word' id='word_1_155' title='bbox 1118 2119 1209 2174; x_wconf 89' lang='grc' dir='ltr'><strong>δύο</strong></span> <span class='ocrx_word' id='word_1_156' title='bbox 1236 2121 1488 2194; x_wconf 89' lang='grc' dir='ltr'>πρόσωπα</span> <span class='ocrx_word' id='word_1_157' title='bbox 1523 2129 1614 2177; x_wconf 90' lang='grc' dir='ltr'><strong>τοῦ</strong></span> <span class='ocrx_word' id='word_1_158' title='bbox 1639 2131 1764 2176; x_wconf 84' lang='grc' dir='ltr'>Θεοῦ</span> <span class='ocrx_word' id='word_1_159' title='bbox 1793 2122 1964 2192; x_wconf 87' lang='grc' dir='ltr'>λόγου,</span> 
     </span>
    </p>
   </div>
   <div class='ocr_carea' id='block_1_23' title="bbox 389 2207 1968 2284">
    <p class='ocr_par' dir='ltr' id='par_1_23' title="bbox 389 2207 1968 2284">
     <span class='ocr_line' id='line_1_23' title="bbox 389 2207 1968 2284; baseline 0.005 -26"><span class='ocrx_word' id='word_1_160' title='bbox 389 2211 477 2259; x_wconf 81' lang='grc' dir='ltr'>καὶ</span> <span class='ocrx_word' id='word_1_161' title='bbox 515 2213 609 2259; x_wconf 86' lang='grc' dir='ltr'><strong>τοῦ</strong></span> <span class='ocrx_word' id='word_1_162' title='bbox 637 2215 880 2280; x_wconf 83' lang='grc' dir='ltr'>Χριστοῦ,</span> <span class='ocrx_word' id='word_1_163' title='bbox 914 2207 968 2263; x_wconf 84' lang='grc' dir='ltr'><strong>ίν</strong></span> <span class='ocrx_word' id='word_1_164' title='bbox 1007 2209 1147 2279; x_wconf 71' lang='grc' dir='ltr'>ψιλόν</span> <span class='ocrx_word' id='word_1_165' title='bbox 1183 2208 1442 2284; x_wconf 76' lang='grc' dir='ltr'>ἄνθρωπον</span> <span class='ocrx_word' id='word_1_166' title='bbox 1470 2212 1803 2266; x_wconf 86' lang='grc' dir='ltr'>ἀποκαλοῦσι.</span> <span class='ocrx_word' id='word_1_167' title='bbox 1835 2213 1968 2266; x_wconf 76' lang='grc' dir='ltr'>Κατὰ</span> 
     </span>
    </p>
   </div>
   <div class='ocr_carea' id='block_1_24' title="bbox 387 2295 1966 2369">
    <p class='ocr_par' dir='ltr' id='par_1_24' title="bbox 387 2295 1966 2369">
     <span class='ocr_line' id='line_1_24' title="bbox 387 2295 1966 2369; baseline 0.003 -20"><span class='ocrx_word' id='word_1_168' title='bbox 387 2301 642 2366; x_wconf 73' lang='grc' dir='ltr'>σχετικὴν</span> <span class='ocrx_word' id='word_1_169' title='bbox 670 2295 722 2350; x_wconf 84' lang='grc' dir='ltr'><strong>δέ</strong></span> <span class='ocrx_word' id='word_1_170' title='bbox 745 2298 1028 2369; x_wconf 75' lang='grc' dir='ltr'>συνάφειαν,</span> <span class='ocrx_word' id='word_1_171' title='bbox 1052 2303 1138 2353; x_wconf 86' lang='grc' dir='ltr'><strong>καί</strong></span> <span class='ocrx_word' id='word_1_172' title='bbox 1159 2305 1247 2358; x_wconf 69' lang='grc' dir='ltr'><strong>τήν</strong></span> <span class='ocrx_word' id='word_1_173' title='bbox 1274 2304 1430 2359; x_wconf 70' lang='grc' dir='ltr'>αὐτὴν</span> <span class='ocrx_word' id='word_1_174' title='bbox 1454 2303 1594 2363; x_wconf 45' lang='lat' dir='ltr'><strong>ﬁta?</strong></span> <span class='ocrx_word' id='word_1_175' title='bbox 1618 2321 1671 2355; x_wconf 90' lang='grc' dir='ltr'><strong>τε</strong></span> <span class='ocrx_word' id='word_1_176' title='bbox 1710 2304 1790 2355; x_wconf 81' lang='grc' dir='ltr'><strong>καί</strong></span> <span class='ocrx_word' id='word_1_177' title='bbox 1820 2307 1966 2367; x_wconf 62' lang='grc' dir='ltr'>τιμήν</span> 
     </span>
    </p>
   </div>
   <div class='ocr_carea' id='block_1_25' title="bbox 387 2385 1965 2460">
    <p class='ocr_par' dir='ltr' id='par_1_25' title="bbox 387 2385 1965 2460">
     <span class='ocr_line' id='line_1_25' title="bbox 387 2385 1965 2460; baseline 0.006 -22"><span class='ocrx_word' id='word_1_178' title='bbox 387 2385 439 2439; x_wconf 79' lang='grc' dir='ltr'><strong>ἓν</strong></span> <span class='ocrx_word' id='word_1_179' title='bbox 479 2387 756 2460; x_wconf 86' lang='grc' dir='ltr'>πρόσωπον</span> <span class='ocrx_word' id='word_1_180' title='bbox 783 2390 1130 2459; x_wconf 61' lang='grc' dir='ltr'>ἀναφαίνεσθαι</span> <span class='ocrx_word' id='word_1_181' title='bbox 1155 2392 1404 2460; x_wconf 86' lang='grc' dir='ltr'>λέγουσιν.</span> <span class='ocrx_word' id='word_1_182' title='bbox 1437 2394 1576 2448; x_wconf 83' lang='grc' dir='ltr'>’Δλλά</span> <span class='ocrx_word' id='word_1_183' title='bbox 1615 2397 1694 2446; x_wconf 83' lang='grc' dir='ltr'><strong>καί</strong></span> <span class='ocrx_word' id='word_1_184' title='bbox 1736 2401 1834 2447; x_wconf 92' lang='grc' dir='ltr'>τῶν</span> <span class='ocrx_word' id='word_1_185' title='bbox 1874 2393 1965 2449; x_wconf 87' lang='grc' dir='ltr'><strong>δύο</strong></span> 
     </span>
    </p>
   </div>
   <div class='ocr_carea' id='block_1_26' title="bbox 387 2477 1968 2558">
    <p class='ocr_par' dir='ltr' id='par_1_26' title="bbox 387 2477 1968 2558">
     <span class='ocr_line' id='line_1_26' title="bbox 387 2477 1968 2558; baseline 0.008 -30"><span class='ocrx_word' id='word_1_186' title='bbox 387 2477 589 2547; x_wconf 69' lang='grc' dir='ltr'>φύσεων</span> <span class='ocrx_word' id='word_1_187' title='bbox 614 2479 732 2547; x_wconf 90' lang='grc' dir='ltr'>μίαν</span> <span class='ocrx_word' id='word_1_188' title='bbox 760 2477 995 2548; x_wconf 87' lang='grc' dir='ltr'>δύναμιν,</span> <span class='ocrx_word' id='word_1_189' title='bbox 1042 2481 1154 2538; x_wconf 72' lang='grc' dir='ltr'>ἤτοι</span> <span class='ocrx_word' id='word_1_190' title='bbox 1193 2480 1492 2536; x_wconf 78' lang='grc' dir='ltr'>δυναστείαν</span> <span class='ocrx_word' id='word_1_191' title='bbox 1527 2485 1678 2555; x_wconf 87' lang='grc' dir='ltr'>λέγων</span> <span class='ocrx_word' id='word_1_192' title='bbox 1716 2485 1968 2558; x_wconf 69' lang='grc' dir='ltr'>ὁγράψας</span> 
     </span>
    </p>
   </div>
   <div class='ocr_carea' id='block_1_27' title="bbox 385 2566 1974 2645">
    <p class='ocr_par' dir='ltr' id='par_1_27' title="bbox 385 2566 1974 2645">
     <span class='ocr_line' id='line_1_27' title="bbox 385 2566 1974 2645; baseline 0.008 -27"><span class='ocrx_word' id='word_1_193' title='bbox 385 2571 483 2623; x_wconf 65' lang='grc' dir='ltr'>τὴν</span> <span class='ocrx_word' id='word_1_194' title='bbox 505 2566 772 2625; x_wconf 73' lang='grc' dir='ltr'>ἐπιστολήν</span> <span class='ocrx_word' id='word_1_195' title='bbox 799 2569 1000 2645; x_wconf 77' lang='grc' dir='ltr'>φανερός</span> <span class='ocrx_word' id='word_1_196' title='bbox 1029 2570 1184 2633; x_wconf 75' lang='grc' dir='ltr'>ἔστιν,</span> <span class='ocrx_word' id='word_1_197' title='bbox 1214 2573 1277 2630; x_wconf 84' lang='grc' dir='ltr'>ὡς</span> <span class='ocrx_word' id='word_1_198' title='bbox 1322 2575 1406 2625; x_wconf 87' lang='grc' dir='ltr'><strong>καί</strong></span> <span class='ocrx_word' id='word_1_199' title='bbox 1429 2574 1480 2625; x_wconf 83' lang='grc' dir='ltr'><strong>έν</strong></span> <span class='ocrx_word' id='word_1_200' title='bbox 1505 2571 1669 2643; x_wconf 80' lang='grc' dir='ltr'>τούτῳ</span> <span class='ocrx_word' id='word_1_201' title='bbox 1713 2575 1974 2630; x_wconf 87' lang='grc' dir='ltr'>ἀκολουθεῖ</span> 
     </span>
    </p>
   </div>
   <div class='ocr_carea' id='block_1_28' title="bbox 384 2657 1970 2735">
    <p class='ocr_par' dir='ltr' id='par_1_28' title="bbox 384 2657 1970 2735">
     <span class='ocr_line' id='line_1_28' title="bbox 384 2657 1970 2735; baseline 0.007 -27"><span class='ocrx_word' id='word_1_202' title='bbox 384 2661 507 2713; x_wconf 78' lang='grc' dir='ltr'>τοῖς</span> <span class='ocrx_word' id='word_1_203' title='bbox 537 2657 808 2731; x_wconf 79' lang='grc' dir='ltr'>ε’ρημένοις</span> <span class='ocrx_word' id='word_1_204' title='bbox 837 2658 1135 2731; x_wconf 81' lang='grc' dir='ltr'>αἱρετικοῐς,</span> <span class='ocrx_word' id='word_1_205' title='bbox 1179 2659 1422 2734; x_wconf 82' lang='grc' dir='ltr'><strong>Θεοδώρῳ</strong></span> <span class='ocrx_word' id='word_1_206' title='bbox 1461 2665 1550 2732; x_wconf 72' lang='grc' dir='ltr'><strong>μέν</strong></span> <span class='ocrx_word' id='word_1_207' title='bbox 1575 2663 1764 2735; x_wconf 80' lang='grc' dir='ltr'>λέγοντι</span> <span class='ocrx_word' id='word_1_208' title='bbox 1790 2665 1838 2717; x_wconf 76' lang='grc' dir='ltr'>ἐν</span> <span class='ocrx_word' id='word_1_209' title='bbox 1862 2673 1970 2725; x_wconf 82' lang='grc' dir='ltr'>τοῖς</span> 
     </span>
    </p>
   </div>
   <div class='ocr_carea' id='block_1_29' title="bbox 387 2747 1970 2826">
    <p class='ocr_par' dir='ltr' id='par_1_29' title="bbox 387 2747 1970 2826">
     <span class='ocr_line' id='line_1_29' title="bbox 387 2747 1970 2826; baseline 0.007 -28"><span class='ocrx_word' id='word_1_210' title='bbox 387 2749 512 2818; x_wconf 83' lang='grc' dir='ltr'><strong>περί</strong></span> <span class='ocrx_word' id='word_1_211' title='bbox 554 2747 970 2820; x_wconf 72' lang='grc' dir='ltr'>ἐνανθρωπήσεως</span> <span class='ocrx_word' id='word_1_212' title='bbox 999 2751 1155 2805; x_wconf 73' lang='grc' dir='ltr'>αὐτοῦ</span> <span class='ocrx_word' id='word_1_213' title='bbox 1194 2749 1445 2826; x_wconf 73' lang='grc' dir='ltr'>διαφόροις</span> <span class='ocrx_word' id='word_1_214' title='bbox 1471 2753 1636 2826; x_wconf 83' lang='grc' dir='ltr'>λόγοις</span> <span class='ocrx_word' id='word_1_215' title='bbox 1664 2755 1864 2814; x_wconf 81' lang='grc' dir='ltr'>ἀσεϐῶς</span> <span class='ocrx_word' id='word_1_216' title='bbox 1894 2756 1970 2809; x_wconf 75' lang='grc' dir='ltr'><strong>ἐκ·</strong></span> 
     </span>
    </p>
   </div>
   <div class='ocr_carea' id='block_1_30' title="bbox 385 2829 1970 2918">
    <p class='ocr_par' dir='ltr' id='par_1_30' title="bbox 385 2829 1970 2918">
     <span class='ocr_line' id='line_1_30' title="bbox 385 2829 1970 2918; baseline 0.008 -28"><span class='ocrx_word' id='word_1_217' title='bbox 385 2837 606 2900; x_wconf 81' lang='grc' dir='ltr'><strong>τεθεῖσι,</strong></span> <span class='ocrx_word' id='word_1_218' title='bbox 635 2841 892 2913; x_wconf 82' lang='grc' dir='ltr'>Νεστορίῳ</span> <span class='ocrx_word' id='word_1_219' title='bbox 917 2838 970 2894; x_wconf 87' lang='grc' dir='ltr'><strong>δέ</strong></span> <span class='ocrx_word' id='word_1_220' title='bbox 997 2842 1044 2894; x_wconf 87' lang='grc' dir='ltr'><strong>έν</strong></span> <span class='ocrx_word' id='word_1_221' title='bbox 1069 2829 1273 2902; x_wconf 79' lang='grc' dir='ltr'>πολλοῖς</span> <span class='ocrx_word' id='word_1_222' title='bbox 1301 2843 1672 2918; x_wconf 70' lang='grc' dir='ltr'>συγγράμμασι</span> <span class='ocrx_word' id='word_1_223' title='bbox 1689 2885 1705 2907; x_wconf 93' lang='grc'><strong>,</strong></span> <span class='ocrx_word' id='word_1_224' title='bbox 1745 2847 1970 2916; x_wconf 80' lang='grc' dir='ltr'>μάλιστα</span> 
     </span>
    </p>
   </div>
   <div class='ocr_carea' id='block_1_31' title="bbox 387 2927 1967 3013">
    <p class='ocr_par' dir='ltr' id='par_1_31' title="bbox 387 2927 1967 3013">
     <span class='ocr_line' id='line_1_31' title="bbox 387 2927 1967 3013; baseline 0.008 -32"><span class='ocrx_word' id='word_1_225' title='bbox 387 2927 442 2982; x_wconf 79' lang='grc' dir='ltr'><strong>δέ</strong></span> <span class='ocrx_word' id='word_1_226' title='bbox 463 2929 518 2982; x_wconf 79' lang='grc' dir='ltr'><strong>έν</strong></span> <span class='ocrx_word' id='word_1_227' title='bbox 539 2937 602 3002; x_wconf 74' lang='grc' dir='ltr'><strong>τῇ</strong></span> <span class='ocrx_word' id='word_1_228' title='bbox 624 2930 859 3006; x_wconf 77' lang='grc' dir='ltr'>ἐπιστολῇ</span> <span class='ocrx_word' id='word_1_229' title='bbox 881 2936 1208 3006; x_wconf 76' lang='grc' dir='ltr'>τῇ²γραφείσῃ</span> <span class='ocrx_word' id='word_1_230' title='bbox 1229 2938 1358 3008; x_wconf 85' lang='grc' dir='ltr'>πρὸς</span> <span class='ocrx_word' id='word_1_231' title='bbox 1379 2935 1693 3012; x_wconf 79' lang='grc' dir='ltr'>Ἀλέξανδρον</span> <span class='ocrx_word' id='word_1_232' title='bbox 1713 2941 1798 2992; x_wconf 90' lang='grc' dir='ltr'>τὸν</span> <span class='ocrx_word' id='word_1_233' title='bbox 1824 2940 1967 3013; x_wconf 62' lang='grc' dir='ltr'>αἱρεα</span> 
     </span>
    </p>
   </div>
   <div class='ocr_carea' id='block_1_32' title="bbox 388 3015 1970 3096">
    <p class='ocr_par' dir='ltr' id='par_1_32' title="bbox 388 3015 1970 3096">
     <span class='ocr_line' id='line_1_32' title="bbox 388 3015 1970 3096; baseline 0.005 -25"><span class='ocrx_word' id='word_1_234' title='bbox 388 3019 530 3072; x_wconf 86' lang='grc' dir='ltr'>τικὸν</span> <span class='ocrx_word' id='word_1_235' title='bbox 556 3015 918 3092; x_wconf 76' lang='grc' dir='ltr'>’1εραπολίτην,</span> <span class='ocrx_word' id='word_1_236' title='bbox 951 3019 1030 3076; x_wconf 86' lang='grc' dir='ltr'>ὅτι</span> <span class='ocrx_word' id='word_1_237' title='bbox 1071 3030 1171 3077; x_wconf 86' lang='grc' dir='ltr'><strong>τῶν</strong></span> <span class='ocrx_word' id='word_1_238' title='bbox 1213 3021 1303 3077; x_wconf 90' lang='grc' dir='ltr'><strong>δύο</strong></span> <span class='ocrx_word' id='word_1_239' title='bbox 1346 3026 1541 3096; x_wconf 77' lang='grc' dir='ltr'>φύσεων</span> <span class='ocrx_word' id='word_1_240' title='bbox 1580 3029 1672 3096; x_wconf 87' lang='grc' dir='ltr'><strong>μία</strong></span> <span class='ocrx_word' id='word_1_241' title='bbox 1701 3029 1838 3081; x_wconf 81' lang='grc' dir='ltr'>ἐστίν</span> <span class='ocrx_word' id='word_1_242' title='bbox 1876 3029 1970 3080; x_wconf 82' lang='grc' dir='ltr'>αύ-</span> 
     </span>
    </p>
   </div>
   <div class='ocr_carea' id='block_1_33' title="bbox 387 3109 1968 3193">
    <p class='ocr_par' dir='ltr' id='par_1_33' title="bbox 387 3109 1968 3193">
     <span class='ocr_line' id='line_1_33' title="bbox 387 3109 1968 3193; baseline 0.008 -35"><span class='ocrx_word' id='word_1_243' title='bbox 387 3115 581 3175; x_wconf 83' lang='grc' dir='ltr'>(εντία,</span> <span class='ocrx_word' id='word_1_244' title='bbox 607 3113 689 3162; x_wconf 85' lang='grc' dir='ltr'><strong>καί</strong></span> <span class='ocrx_word' id='word_1_245' title='bbox 711 3114 804 3178; x_wconf 87' lang='grc' dir='ltr'><strong>μία</strong></span> <span class='ocrx_word' id='word_1_246' title='bbox 827 3109 1056 3184; x_wconf 84' lang='grc' dir='ltr'>δύναμις,</span> <span class='ocrx_word' id='word_1_247' title='bbox 1079 3114 1187 3170; x_wconf 66' lang='grc' dir='ltr'>ἦτοι</span> <span class='ocrx_word' id='word_1_248' title='bbox 1205 3111 1494 3173; x_wconf 80' lang='grc' dir='ltr'>δυναστεία,</span> <span class='ocrx_word' id='word_1_249' title='bbox 1522 3119 1604 3170; x_wconf 90' lang='grc' dir='ltr'><strong>καί</strong></span> <span class='ocrx_word' id='word_1_250' title='bbox 1626 3115 1675 3170; x_wconf 81' lang='grc' dir='ltr'><strong>ἓν</strong></span> <span class='ocrx_word' id='word_1_251' title='bbox 1694 3118 1968 3193; x_wconf 84' lang='grc' dir='ltr'>πρόσωπον</span> 
     </span>
    </p>
   </div>
   <div class='ocr_carea' id='block_1_34' title="bbox 387 3198 1968 3276">
    <p class='ocr_par' dir='ltr' id='par_1_34' title="bbox 387 3198 1968 3276">
     <span class='ocr_line' id='line_1_34' title="bbox 387 3198 1968 3276; baseline 0.006 -25"><span class='ocrx_word' id='word_1_252' title='bbox 387 3198 518 3252; x_wconf 67' lang='grc' dir='ltr'>κατὰ</span> <span class='ocrx_word' id='word_1_253' title='bbox 544 3199 664 3267; x_wconf 87' lang='grc' dir='ltr'>μίαν</span> <span class='ocrx_word' id='word_1_254' title='bbox 689 3200 863 3264; x_wconf 86' lang='grc' dir='ltr'>ἀξίαν,</span> <span class='ocrx_word' id='word_1_255' title='bbox 894 3203 980 3253; x_wconf 82' lang='grc' dir='ltr'><strong>καί</strong></span> <span class='ocrx_word' id='word_1_256' title='bbox 1005 3207 1092 3260; x_wconf 73' lang='grc' dir='ltr'>τήν</span> <span class='ocrx_word' id='word_1_257' title='bbox 1129 3203 1282 3261; x_wconf 72' lang='grc' dir='ltr'>αὐτὴν</span> <span class='ocrx_word' id='word_1_258' title='bbox 1310 3210 1479 3274; x_wconf 79' lang='grc' dir='ltr'>τιμήν.</span> <span class='ocrx_word' id='word_1_259' title='bbox 1507 3202 1607 3276; x_wconf 68' lang='grc' dir='ltr'><strong>Ἀφ’</strong></span> <span class='ocrx_word' id='word_1_260' title='bbox 1635 3202 1700 3258; x_wconf 80' lang='grc' dir='ltr'><strong>ὧν</strong></span> <span class='ocrx_word' id='word_1_261' title='bbox 1737 3205 1968 3260; x_wconf 87' lang='grc' dir='ltr'>ἀποδείκ-</span> 
     </span>
    </p>
   </div>
   <div class='ocr_carea' id='block_1_35' title="bbox 2071 684 3629 763">
    <p class='ocr_par' dir='ltr' id='par_1_35' title="bbox 2071 684 3629 763">
     <span class='ocr_line' id='line_1_35' title="bbox 2071 684 3629 763; baseline 0.008 -27"><span class='ocrx_word' id='word_1_262' title='bbox 2071 684 2245 736; x_wconf 88' lang='lat' dir='ltr'><strong>omnia</strong></span> <span class='ocrx_word' id='word_1_263' title='bbox 2263 685 2312 736; x_wconf 91' lang='lat' dir='ltr'><strong>ei</strong></span> <span class='ocrx_word' id='word_1_264' title='bbox 2335 686 2597 738; x_wconf 88' lang='lat' dir='ltr'><strong>contraria</strong></span> <span class='ocrx_word' id='word_1_265' title='bbox 2612 687 2866 755; x_wconf 90' lang='lat' dir='ltr'><strong>compulit</strong></span> <span class='ocrx_word' id='word_1_266' title='bbox 2897 704 3013 742; x_wconf 74' lang='lat' dir='ltr'><strong>eunt</strong></span> <span class='ocrx_word' id='word_1_267' title='bbox 3037 705 3292 758; x_wconf 78' lang='lat' dir='ltr'><strong>peragere</strong></span> <span class='ocrx_word' id='word_1_268' title='bbox 3317 711 3330 745; x_wconf 91' lang='lat'><strong>:</strong></span> <span class='ocrx_word' id='word_1_269' title='bbox 3360 697 3629 763; x_wconf 78' lang='lat' dir='ltr'><strong>quomodo</strong></span> 
     </span>
    </p>
   </div>
   <div class='ocr_carea' id='block_1_36' title="bbox 2071 771 3630 850">
    <p class='ocr_par' dir='ltr' id='par_1_36' title="bbox 2071 771 3630 850">
     <span class='ocr_line' id='line_1_36' title="bbox 2071 771 3630 850; baseline 0.009 -26"><span class='ocrx_word' id='word_1_270' title='bbox 2071 771 2254 824; x_wconf 90' lang='lat' dir='ltr'><strong>eadem</strong></span> <span class='ocrx_word' id='word_1_271' title='bbox 2283 782 2464 827; x_wconf 90' lang='lat' dir='ltr'><strong>sancta</strong></span> <span class='ocrx_word' id='word_1_272' title='bbox 2500 776 2733 844; x_wconf 84' lang='lat' dir='ltr'><strong>synodus</strong></span> <span class='ocrx_word' id='word_1_273' title='bbox 2761 788 3106 832; x_wconf 73' lang='lat' dir='ltr'><strong>memoratam</strong></span> <span class='ocrx_word' id='word_1_274' title='bbox 3137 782 3415 850; x_wconf 75' lang='lat' dir='ltr'><strong>epistolam</strong></span> <span class='ocrx_word' id='word_1_275' title='bbox 3459 787 3630 838; x_wconf 82' lang='lat' dir='ltr'><strong>susci-</strong></span> 
     </span>
    </p>
   </div>
   <div class='ocr_carea' id='block_1_37' title="bbox 2070 863 3628 938">
    <p class='ocr_par' dir='ltr' id='par_1_37' title="bbox 2070 863 3628 938">
     <span class='ocr_line' id='line_1_37' title="bbox 2070 863 3628 938; baseline 0.006 -24"><span class='ocrx_word' id='word_1_276' title='bbox 2070 871 2242 929; x_wconf 89' lang='lat' dir='ltr'><strong>peret,</strong></span> <span class='ocrx_word' id='word_1_277' title='bbox 2274 870 2326 916; x_wconf 90' lang='lat' dir='ltr'><strong>et</strong></span> <span class='ocrx_word' id='word_1_278' title='bbox 2349 863 2779 918; x_wconf 88' lang='lat' dir='ltr'><strong>condemnationi</strong></span> <span class='ocrx_word' id='word_1_279' title='bbox 2822 867 3109 934; x_wconf 74' lang='lat' dir='ltr'><strong>impietatis</strong></span> <span class='ocrx_word' id='word_1_280' title='bbox 3135 886 3251 938; x_wconf 72' lang='lat' dir='ltr'><strong>qua:</strong></span> <span class='ocrx_word' id='word_1_281' title='bbox 3282 872 3332 923; x_wconf 93' lang='lat' dir='ltr'><strong>in</strong></span> <span class='ocrx_word' id='word_1_282' title='bbox 3363 887 3425 924; x_wconf 90' lang='lat' dir='ltr'><strong>ea</strong></span> <span class='ocrx_word' id='word_1_283' title='bbox 3454 874 3628 925; x_wconf 86' lang='lat' dir='ltr'><strong>conti-</strong></span> 
     </span>
    </p>
   </div>
   <div class='ocr_carea' id='block_1_38' title="bbox 2068 953 3630 1022">
    <p class='ocr_par' dir='ltr' id='par_1_38' title="bbox 2068 953 3630 1022">
     <span class='ocr_line' id='line_1_38' title="bbox 2068 953 3630 1022; baseline 0.008 -19"><span class='ocrx_word' id='word_1_284' title='bbox 2068 961 2240 1017; x_wconf 91' lang='lat' dir='ltr'><strong>netur,</strong></span> <span class='ocrx_word' id='word_1_285' title='bbox 2266 966 2385 1006; x_wconf 90' lang='lat' dir='ltr'><strong>sese</strong></span> <span class='ocrx_word' id='word_1_286' title='bbox 2405 953 2706 1020; x_wconf 85' lang='lat' dir='ltr'><strong>subjiceret,</strong></span> <span class='ocrx_word' id='word_1_287' title='bbox 2727 969 2755 1007; x_wconf 90' lang='lat' dir='ltr'><strong>a</strong></span> <span class='ocrx_word' id='word_1_288' title='bbox 2777 970 2878 1022; x_wconf 87' lang='lat' dir='ltr'><strong>qua</strong></span> <span class='ocrx_word' id='word_1_289' title='bbox 2903 956 3044 1008; x_wconf 90' lang='lat' dir='ltr'><strong>lbam</strong></span> <span class='ocrx_word' id='word_1_290' title='bbox 3077 958 3300 1013; x_wconf 84' lang='lat' dir='ltr'><strong>liberare</strong></span> <span class='ocrx_word' id='word_1_291' title='bbox 3328 960 3630 1015; x_wconf 72' lang='lat' dir='ltr'><strong>festinavit?</strong></span> 
     </span>
    </p>
   </div>
   <div class='ocr_carea' id='block_1_39' title="bbox 2071 1040 3621 1117">
    <p class='ocr_par' dir='ltr' id='par_1_39' title="bbox 2071 1040 3621 1117">
     <span class='ocr_line' id='line_1_39' title="bbox 2071 1040 3621 1117; baseline 0.008 -26"><span class='ocrx_word' id='word_1_292' title='bbox 2071 1040 2330 1104; x_wconf 82' lang='lat' dir='ltr'><strong>Quoniam</strong></span> <span class='ocrx_word' id='word_1_293' title='bbox 2356 1050 2532 1095; x_wconf 84' lang='lat' dir='ltr'><strong>autem</strong></span> <span class='ocrx_word' id='word_1_294' title='bbox 2557 1058 2742 1096; x_wconf 91' lang='lat' dir='ltr'><strong>omnes</strong></span> <span class='ocrx_word' id='word_1_295' title='bbox 2770 1044 3124 1113; x_wconf 88' lang='lat' dir='ltr'><strong>blasphemias</strong></span> <span class='ocrx_word' id='word_1_296' title='bbox 3153 1049 3388 1115; x_wconf 76' lang='lat' dir='ltr'><strong>epistola:</strong></span> <span class='ocrx_word' id='word_1_297' title='bbox 3418 1062 3621 1117; x_wconf 60' lang='lat' dir='ltr'><strong>praeter-</strong></span> 
     </span>
    </p>
   </div>
   <div class='ocr_carea' id='block_1_40' title="bbox 2071 1131 3629 1205">
    <p class='ocr_par' dir='ltr' id='par_1_40' title="bbox 2071 1131 3629 1205">
     <span class='ocr_line' id='line_1_40' title="bbox 2071 1131 3629 1205; baseline 0.006 -22"><span class='ocrx_word' id='word_1_298' title='bbox 2071 1139 2342 1184; x_wconf 79' lang='lat' dir='ltr'><strong>mittentes</strong></span> <span class='ocrx_word' id='word_1_299' title='bbox 2355 1131 2606 1196; x_wconf 66' lang='lat' dir='ltr'><strong>haeretici,</strong></span> <span class='ocrx_word' id='word_1_300' title='bbox 2625 1133 2726 1187; x_wconf 90' lang='lat' dir='ltr'><strong>hoc</strong></span> <span class='ocrx_word' id='word_1_301' title='bbox 2746 1135 2915 1186; x_wconf 90' lang='lat' dir='ltr'><strong>solum</strong></span> <span class='ocrx_word' id='word_1_302' title='bbox 2940 1149 3004 1188; x_wconf 84' lang='lat' dir='ltr'><strong>ex</strong></span> <span class='ocrx_word' id='word_1_303' title='bbox 3029 1136 3138 1203; x_wconf 91' lang='lat' dir='ltr'><strong>ipsa</strong></span> <span class='ocrx_word' id='word_1_304' title='bbox 3169 1137 3461 1205; x_wconf 80' lang='lat' dir='ltr'><strong>proferunt,</strong></span> <span class='ocrx_word' id='word_1_305' title='bbox 3486 1141 3629 1205; x_wconf 84' lang='lat' dir='ltr'><strong>quod</strong></span> 
     </span>
    </p>
   </div>
   <div class='ocr_carea' id='block_1_41' title="bbox 2071 1219 3628 1294">
    <p class='ocr_par' dir='ltr' id='par_1_41' title="bbox 2071 1219 3628 1294">
     <span class='ocr_line' id='line_1_41' title="bbox 2071 1219 3628 1294; baseline 0.006 -23"><span class='ocrx_word' id='word_1_306' title='bbox 2071 1219 2139 1271; x_wconf 83' lang='lat' dir='ltr'><strong>ad</strong></span> <span class='ocrx_word' id='word_1_307' title='bbox 2177 1219 2518 1288; x_wconf 88' lang='lat' dir='ltr'><strong>decipiendos</strong></span> <span class='ocrx_word' id='word_1_308' title='bbox 2546 1222 2896 1290; x_wconf 87' lang='lat' dir='ltr'><strong>simpliciores</strong></span> <span class='ocrx_word' id='word_1_309' title='bbox 2925 1225 3156 1292; x_wconf 85' lang='lat' dir='ltr'><strong>scriptor</strong></span> <span class='ocrx_word' id='word_1_310' title='bbox 3195 1227 3430 1294; x_wconf 70' lang='lat' dir='ltr'><strong>epistola:</strong></span> <span class='ocrx_word' id='word_1_311' title='bbox 3472 1227 3628 1293; x_wconf 85' lang='lat' dir='ltr'><strong>dixit,</strong></span> 
     </span>
    </p>
   </div>
   <div class='ocr_carea' id='block_1_42' title="bbox 2070 1307 3627 1384">
    <p class='ocr_par' dir='ltr' id='par_1_42' title="bbox 2070 1307 3627 1384">
     <span class='ocr_line' id='line_1_42' title="bbox 2070 1307 3627 1384; baseline 0.007 -23"><span class='ocrx_word' id='word_1_312' title='bbox 2070 1307 2174 1362; x_wconf 90' lang='lat' dir='ltr'><strong>hoc</strong></span> <span class='ocrx_word' id='word_1_313' title='bbox 2200 1318 2300 1373; x_wconf 89' lang='lat' dir='ltr'><strong>est,</strong></span> <span class='ocrx_word' id='word_1_314' title='bbox 2333 1309 2464 1362; x_wconf 89' lang='lat' dir='ltr'><strong>duas</strong></span> <span class='ocrx_word' id='word_1_315' title='bbox 2493 1319 2725 1372; x_wconf 87' lang='lat' dir='ltr'><strong>naturas,</strong></span> <span class='ocrx_word' id='word_1_316' title='bbox 2762 1327 2921 1365; x_wconf 91' lang='lat' dir='ltr'><strong>unam</strong></span> <span class='ocrx_word' id='word_1_317' title='bbox 2948 1313 3224 1379; x_wconf 83' lang='lat' dir='ltr'><strong>virtutem,</strong></span> <span class='ocrx_word' id='word_1_318' title='bbox 3256 1330 3412 1368; x_wconf 90' lang='lat' dir='ltr'><strong>unam</strong></span> <span class='ocrx_word' id='word_1_319' title='bbox 3441 1332 3627 1384; x_wconf 69' lang='lat' dir='ltr'><strong>pcrsu»</strong></span> 
     </span>
    </p>
   </div>
   <div class='ocr_carea' id='block_1_43' title="bbox 2071 1395 3630 1469">
    <p class='ocr_par' dir='ltr' id='par_1_43' title="bbox 2071 1395 3630 1469">
     <span class='ocr_line' id='line_1_43' title="bbox 2071 1395 3630 1469; baseline 0.006 -21"><span class='ocrx_word' id='word_1_320' title='bbox 2071 1411 2224 1459; x_wconf 89' lang='lat' dir='ltr'><strong>nam;</strong></span> <span class='ocrx_word' id='word_1_321' title='bbox 2253 1395 2738 1452; x_wconf 85' lang='lat' dir='ltr'><strong>demonstrabimus</strong></span> <span class='ocrx_word' id='word_1_322' title='bbox 2765 1400 2909 1467; x_wconf 87' lang='lat' dir='ltr'><strong>quod</strong></span> <span class='ocrx_word' id='word_1_323' title='bbox 2937 1401 3051 1469; x_wconf 89' lang='lat' dir='ltr'><strong>ipse</strong></span> <span class='ocrx_word' id='word_1_324' title='bbox 3079 1402 3238 1454; x_wconf 87' lang='lat' dir='ltr'><strong>etiam</strong></span> <span class='ocrx_word' id='word_1_325' title='bbox 3269 1404 3320 1455; x_wconf 92' lang='lat' dir='ltr'><strong>in</strong></span> <span class='ocrx_word' id='word_1_326' title='bbox 3349 1403 3451 1457; x_wconf 91' lang='lat' dir='ltr'><strong>hoc</strong></span> <span class='ocrx_word' id='word_1_327' title='bbox 3479 1420 3630 1458; x_wconf 87' lang='lat' dir='ltr'><strong>suam</strong></span> 
     </span>
    </p>
   </div>
   <div class='ocr_carea' id='block_1_44' title="bbox 2071 1487 3630 1557">
    <p class='ocr_par' dir='ltr' id='par_1_44' title="bbox 2071 1487 3630 1557">
     <span class='ocr_line' id='line_1_44' title="bbox 2071 1487 3630 1557; baseline 0.005 -19"><span class='ocrx_word' id='word_1_328' title='bbox 2071 1487 2406 1540; x_wconf 87' lang='lat' dir='ltr'><strong>commiscuit</strong></span> <span class='ocrx_word' id='word_1_329' title='bbox 2425 1487 2770 1556; x_wconf 86' lang='lat' dir='ltr'><strong>impietatem.</strong></span> <span class='ocrx_word' id='word_1_330' title='bbox 2799 1489 2962 1557; x_wconf 88' lang='lat' dir='ltr'><strong>Cujus</strong></span> <span class='ocrx_word' id='word_1_331' title='bbox 2991 1491 3131 1544; x_wconf 92' lang='lat' dir='ltr'><strong>enim</strong></span> <span class='ocrx_word' id='word_1_332' title='bbox 3156 1492 3356 1545; x_wconf 87' lang='lat' dir='ltr'><strong>diceret</strong></span> <span class='ocrx_word' id='word_1_333' title='bbox 3383 1493 3514 1546; x_wconf 91' lang='lat' dir='ltr'><strong>duas</strong></span> <span class='ocrx_word' id='word_1_334' title='bbox 3535 1510 3630 1546; x_wconf 84' lang='lat' dir='ltr'><strong>na-</strong></span> 
     </span>
    </p>
   </div>
   <div class='ocr_carea' id='block_1_45' title="bbox 2075 1575 3631 1648">
    <p class='ocr_par' dir='ltr' id='par_1_45' title="bbox 2075 1575 3631 1648">
     <span class='ocr_line' id='line_1_45' title="bbox 2075 1575 3631 1648; baseline 0.005 -20"><span class='ocrx_word' id='word_1_335' title='bbox 2075 1584 2218 1630; x_wconf 89' lang='lat' dir='ltr'><strong>turas</strong></span> <span class='ocrx_word' id='word_1_336' title='bbox 2239 1587 2293 1630; x_wconf 90' lang='lat' dir='ltr'><strong>et</strong></span> <span class='ocrx_word' id='word_1_337' title='bbox 2313 1593 2471 1630; x_wconf 86' lang='lat' dir='ltr'><strong>unam</strong></span> <span class='ocrx_word' id='word_1_338' title='bbox 2501 1593 2806 1646; x_wconf 87' lang='lat' dir='ltr'><strong>personam,</strong></span> <span class='ocrx_word' id='word_1_339' title='bbox 2837 1580 2926 1648; x_wconf 90' lang='lat' dir='ltr'><strong>qui</strong></span> <span class='ocrx_word' id='word_1_340' title='bbox 2949 1582 3179 1648; x_wconf 84' lang='lat' dir='ltr'><strong>abnegat</strong></span> <span class='ocrx_word' id='word_1_341' title='bbox 3207 1581 3370 1634; x_wconf 87' lang='lat' dir='ltr'><strong>Deum</strong></span> <span class='ocrx_word' id='word_1_342' title='bbox 3399 1575 3631 1636; x_wconf 77' lang='lat' dir='ltr'><strong>Verbum</strong></span> 
     </span>
    </p>
   </div>
   <div class='ocr_carea' id='block_1_46' title="bbox 2071 1668 3630 1740">
    <p class='ocr_par' dir='ltr' id='par_1_46' title="bbox 2071 1668 3630 1740">
     <span class='ocr_line' id='line_1_46' title="bbox 2071 1668 3630 1740; baseline 0.004 -18"><span class='ocrx_word' id='word_1_343' title='bbox 2071 1668 2400 1722; x_wconf 89' lang='lat' dir='ltr'><strong>incarnatum</strong></span> <span class='ocrx_word' id='word_1_344' title='bbox 2428 1670 2494 1725; x_wconf 88' lang='lat' dir='ltr'><strong>de</strong></span> <span class='ocrx_word' id='word_1_345' title='bbox 2535 1680 2719 1725; x_wconf 88' lang='lat' dir='ltr'><strong>sancta</strong></span> <span class='ocrx_word' id='word_1_346' title='bbox 2759 1681 2813 1725; x_wconf 94' lang='lat' dir='ltr'><strong>et</strong></span> <span class='ocrx_word' id='word_1_347' title='bbox 2849 1674 3078 1740; x_wconf 77' lang='lat' dir='ltr'><strong>gloriosa</strong></span> <span class='ocrx_word' id='word_1_348' title='bbox 3126 1675 3219 1728; x_wconf 91' lang='lat' dir='ltr'><strong>Dei</strong></span> <span class='ocrx_word' id='word_1_349' title='bbox 3266 1673 3532 1729; x_wconf 87' lang='lat' dir='ltr'><strong>Geuitrice</strong></span> <span class='ocrx_word' id='word_1_350' title='bbox 3576 1686 3630 1729; x_wconf 88' lang='lat' dir='ltr'><strong>et</strong></span> 
     </span>
    </p>
   </div>
   <div class='ocr_carea' id='block_1_47' title="bbox 2070 1755 3631 1831">
    <p class='ocr_par' dir='ltr' id='par_1_47' title="bbox 2070 1755 3631 1831">
     <span class='ocr_line' id='line_1_47' title="bbox 2070 1755 3631 1831; baseline 0.004 -21"><span class='ocrx_word' id='word_1_351' title='bbox 2070 1771 2281 1826; x_wconf 89' lang='lat' dir='ltr'><strong>semper</strong></span> <span class='ocrx_word' id='word_1_352' title='bbox 2309 1758 2511 1826; x_wconf 79' lang='lat' dir='ltr'><strong>virgine</strong></span> <span class='ocrx_word' id='word_1_353' title='bbox 2549 1759 2738 1822; x_wconf 89' lang='lat' dir='ltr'><strong>Maria,</strong></span> <span class='ocrx_word' id='word_1_354' title='bbox 2773 1768 2828 1813; x_wconf 92' lang='lat' dir='ltr'><strong>et</strong></span> <span class='ocrx_word' id='word_1_355' title='bbox 2855 1770 3037 1814; x_wconf 88' lang='lat' dir='ltr'><strong>natum</strong></span> <span class='ocrx_word' id='word_1_356' title='bbox 3073 1776 3192 1815; x_wconf 89' lang='lat' dir='ltr'><strong>esse</strong></span> <span class='ocrx_word' id='word_1_357' title='bbox 3218 1776 3283 1815; x_wconf 76' lang='lat' dir='ltr'><strong>ex</strong></span> <span class='ocrx_word' id='word_1_358' title='bbox 3321 1763 3476 1831; x_wconf 87' lang='lat' dir='ltr'><strong>ipsa?</strong></span> <span class='ocrx_word' id='word_1_359' title='bbox 3525 1755 3631 1817; x_wconf 80' lang='lat' dir='ltr'><strong>Sed</strong></span> 
     </span>
    </p>
   </div>
   <div class='ocr_carea' id='block_1_48' title="bbox 2070 1846 3630 1917">
    <p class='ocr_par' dir='ltr' id='par_1_48' title="bbox 2070 1846 3630 1917">
     <span class='ocr_line' id='line_1_48' title="bbox 2070 1846 3630 1917; baseline 0.003 -19"><span class='ocrx_word' id='word_1_360' title='bbox 2070 1854 2269 1898; x_wconf 91' lang='lat' dir='ltr'><strong>certum</strong></span> <span class='ocrx_word' id='word_1_361' title='bbox 2297 1855 2407 1912; x_wconf 90' lang='lat' dir='ltr'><strong>est,</strong></span> <span class='ocrx_word' id='word_1_362' title='bbox 2434 1846 2575 1914; x_wconf 91' lang='lat' dir='ltr'><strong>quod</strong></span> <span class='ocrx_word' id='word_1_363' title='bbox 2602 1847 2886 1915; x_wconf 86' lang='lat' dir='ltr'><strong>unicuique</strong></span> <span class='ocrx_word' id='word_1_364' title='bbox 2914 1856 3116 1901; x_wconf 66' lang='lat' dir='ltr'><strong>naturte</strong></span> <span class='ocrx_word' id='word_1_365' title='bbox 3153 1863 3302 1903; x_wconf 90' lang='lat' dir='ltr'><strong>suam</strong></span> <span class='ocrx_word' id='word_1_366' title='bbox 3347 1865 3630 1917; x_wconf 74' lang='lat' dir='ltr'><strong>personam</strong></span> 
     </span>
    </p>
   </div>
   <div class='ocr_carea' id='block_1_49' title="bbox 2071 1934 3631 1998">
    <p class='ocr_par' dir='ltr' id='par_1_49' title="bbox 2071 1934 3631 1998">
     <span class='ocr_line' id='line_1_49' title="bbox 2071 1934 3631 1998; baseline 0.005 -14"><span class='ocrx_word' id='word_1_367' title='bbox 2071 1934 2336 1998; x_wconf 81' lang='lat' dir='ltr'><strong>attribuit,</strong></span> <span class='ocrx_word' id='word_1_368' title='bbox 2367 1936 2505 1990; x_wconf 89' lang='lat' dir='ltr'><strong>sicut</strong></span> <span class='ocrx_word' id='word_1_369' title='bbox 2543 1935 2856 1990; x_wconf 86' lang='lat' dir='ltr'><strong>Theodorus</strong></span> <span class='ocrx_word' id='word_1_370' title='bbox 2884 1946 2939 1990; x_wconf 90' lang='lat' dir='ltr'><strong>et</strong></span> <span class='ocrx_word' id='word_1_371' title='bbox 2965 1936 3239 1990; x_wconf 86' lang='lat' dir='ltr'><strong>Nestorins</strong></span> <span class='ocrx_word' id='word_1_372' title='bbox 3271 1939 3320 1991; x_wconf 91' lang='lat' dir='ltr'><strong>in</strong></span> <span class='ocrx_word' id='word_1_373' title='bbox 3349 1939 3456 1992; x_wconf 89' lang='lat' dir='ltr'><strong>suis</strong></span> <span class='ocrx_word' id='word_1_374' title='bbox 3484 1939 3631 1992; x_wconf 86' lang='lat' dir='ltr'><strong>libris</strong></span> 
     </span>
    </p>
   </div>
   <div class='ocr_carea' id='block_1_50' title="bbox 2002 1989 3631 2098">
    <p class='ocr_par' dir='ltr' id='par_1_50' title="bbox 2002 1989 3631 2098">
     <span class='ocr_line' id='line_1_50' title="bbox 2002 1989 3631 2098; baseline 0.005 -23"><span class='ocrx_word' id='word_1_375' title='bbox 2002 1989 2046 2047; x_wconf 75' lang='grc' dir='ltr'><strong>Β</strong></span> <span class='ocrx_word' id='word_1_376' title='bbox 2069 2022 2501 2093; x_wconf 88' lang='lat' dir='ltr'><strong>blasphemantes</strong></span> <span class='ocrx_word' id='word_1_377' title='bbox 2527 2036 2924 2096; x_wconf 83' lang='lat' dir='ltr'><strong>exposuerunt,</strong></span> <span class='ocrx_word' id='word_1_378' title='bbox 2975 2043 3110 2096; x_wconf 92' lang='lat' dir='ltr'><strong>quos</strong></span> <span class='ocrx_word' id='word_1_379' title='bbox 3138 2029 3373 2082; x_wconf 79' lang='lat' dir='ltr'><strong>defendit</strong></span> <span class='ocrx_word' id='word_1_380' title='bbox 3400 2031 3631 2098; x_wconf 87' lang='lat' dir='ltr'><strong>scriptor</strong></span> 
     </span>
    </p>
   </div>
   <div class='ocr_carea' id='block_1_51' title="bbox 2068 2113 3628 2186">
    <p class='ocr_par' dir='ltr' id='par_1_51' title="bbox 2068 2113 3628 2186">
     <span class='ocr_line' id='line_1_51' title="bbox 2068 2113 3628 2186; baseline 0.003 -20"><span class='ocrx_word' id='word_1_381' title='bbox 2068 2113 2306 2181; x_wconf 87' lang='lat' dir='ltr'><strong>epistolae</strong></span> <span class='ocrx_word' id='word_1_382' title='bbox 2341 2129 2462 2168; x_wconf 91' lang='lat' dir='ltr'><strong>cum</strong></span> <span class='ocrx_word' id='word_1_383' title='bbox 2493 2130 2678 2169; x_wconf 89' lang='lat' dir='ltr'><strong>eorum</strong></span> <span class='ocrx_word' id='word_1_384' title='bbox 2718 2115 3013 2184; x_wconf 89' lang='lat' dir='ltr'><strong>impietate.</strong></span> <span class='ocrx_word' id='word_1_385' title='bbox 3061 2116 3138 2169; x_wconf 90' lang='lat' dir='ltr'><strong>llli</strong></span> <span class='ocrx_word' id='word_1_386' title='bbox 3168 2118 3308 2171; x_wconf 89' lang='lat' dir='ltr'><strong>enim</strong></span> <span class='ocrx_word' id='word_1_387' title='bbox 3338 2128 3522 2186; x_wconf 88' lang='lat' dir='ltr'><strong>aperte</strong></span> <span class='ocrx_word' id='word_1_388' title='bbox 3551 2119 3628 2170; x_wconf 78' lang='lat' dir='ltr'><strong>di-</strong></span> 
     </span>
    </p>
   </div>
   <div class='ocr_carea' id='block_1_52' title="bbox 2066 2210 3604 2284">
    <p class='ocr_par' dir='ltr' id='par_1_52' title="bbox 2066 2210 3604 2284">
     <span class='ocr_line' id='line_1_52' title="bbox 2066 2210 3604 2284; baseline 0.005 -21"><span class='ocrx_word' id='word_1_389' title='bbox 2066 2217 2247 2263; x_wconf 87' lang='lat' dir='ltr'><strong>centes</strong></span> <span class='ocrx_word' id='word_1_390' title='bbox 2267 2210 2400 2264; x_wconf 91' lang='lat' dir='ltr'><strong>duas</strong></span> <span class='ocrx_word' id='word_1_391' title='bbox 2428 2226 2684 2279; x_wconf 89' lang='lat' dir='ltr'><strong>personas</strong></span> <span class='ocrx_word' id='word_1_392' title='bbox 2713 2212 2808 2265; x_wconf 88' lang='lat' dir='ltr'><strong>Dei</strong></span> <span class='ocrx_word' id='word_1_393' title='bbox 2833 2212 2992 2266; x_wconf 76' lang='lat' dir='ltr'><strong>Verbi</strong></span> <span class='ocrx_word' id='word_1_394' title='bbox 3021 2221 3078 2266; x_wconf 90' lang='lat' dir='ltr'><strong>et</strong></span> <span class='ocrx_word' id='word_1_395' title='bbox 3106 2213 3324 2280; x_wconf 86' lang='lat' dir='ltr'><strong>Christi,</strong></span> <span class='ocrx_word' id='word_1_396' title='bbox 3354 2230 3512 2282; x_wconf 87' lang='lat' dir='ltr'><strong>quem</strong></span> <span class='ocrx_word' id='word_1_397' title='bbox 3534 2233 3604 2284; x_wconf 91' lang='lat' dir='ltr'><strong>pu</strong></span> 
     </span>
    </p>
   </div>
   <div class='ocr_carea' id='block_1_53' title="bbox 2065 2299 3629 2372">
    <p class='ocr_par' dir='ltr' id='par_1_53' title="bbox 2065 2299 3629 2372">
     <span class='ocr_line' id='line_1_53' title="bbox 2065 2299 3629 2372; baseline 0.005 -22"><span class='ocrx_word' id='word_1_398' title='bbox 2065 2312 2182 2351; x_wconf 88' lang='lat' dir='ltr'><strong>rum</strong></span> <span class='ocrx_word' id='word_1_399' title='bbox 2199 2299 2468 2353; x_wconf 90' lang='lat' dir='ltr'><strong>hominem</strong></span> <span class='ocrx_word' id='word_1_400' title='bbox 2489 2309 2704 2362; x_wconf 87' lang='lat' dir='ltr'><strong>vocant,</strong></span> <span class='ocrx_word' id='word_1_401' title='bbox 2719 2315 2814 2369; x_wconf 90' lang='lat' dir='ltr'><strong>per</strong></span> <span class='ocrx_word' id='word_1_402' title='bbox 2831 2300 3165 2356; x_wconf 81' lang='lat' dir='ltr'><strong>all&#39;ectualem</strong></span> <span class='ocrx_word' id='word_1_403' title='bbox 3180 2303 3629 2372; x_wconf 88' lang='lat' dir='ltr'><strong>conjunctionem,</strong></span> 
     </span>
    </p>
   </div>
   <div class='ocr_carea' id='block_1_54' title="bbox 2065 2388 3634 2461">
    <p class='ocr_par' dir='ltr' id='par_1_54' title="bbox 2065 2388 3634 2461">
     <span class='ocr_line' id='line_1_54' title="bbox 2065 2388 3634 2461; baseline 0.004 -21"><span class='ocrx_word' id='word_1_404' title='bbox 2065 2397 2121 2440; x_wconf 92' lang='lat' dir='ltr'><strong>et</strong></span> <span class='ocrx_word' id='word_1_405' title='bbox 2165 2403 2265 2456; x_wconf 88' lang='lat' dir='ltr'><strong>per</strong></span> <span class='ocrx_word' id='word_1_406' title='bbox 2302 2388 2543 2442; x_wconf 88' lang='lat' dir='ltr'><strong>eamdem</strong></span> <span class='ocrx_word' id='word_1_407' title='bbox 2579 2389 2893 2456; x_wconf 79' lang='lat' dir='ltr'><strong>dignitatem</strong></span> <span class='ocrx_word' id='word_1_408' title='bbox 2921 2399 2976 2443; x_wconf 91' lang='lat' dir='ltr'><strong>et</strong></span> <span class='ocrx_word' id='word_1_409' title='bbox 3019 2391 3276 2445; x_wconf 88' lang='lat' dir='ltr'><strong>honorem</strong></span> <span class='ocrx_word' id='word_1_410' title='bbox 3320 2408 3476 2446; x_wconf 86' lang='lat' dir='ltr'><strong>uuam</strong></span> <span class='ocrx_word' id='word_1_411' title='bbox 3507 2410 3634 2461; x_wconf 75' lang='lat' dir='ltr'><strong>pea-</strong></span> 
     </span>
    </p>
   </div>
   <div class='ocr_carea' id='block_1_55' title="bbox 2066 2477 3632 2544">
    <p class='ocr_par' dir='ltr' id='par_1_55' title="bbox 2066 2477 3632 2544">
     <span class='ocr_line' id='line_1_55' title="bbox 2066 2477 3632 2544; baseline 0.004 -14"><span class='ocrx_word' id='word_1_412' title='bbox 2066 2491 2251 2530; x_wconf 84' lang='lat' dir='ltr'><strong>sonam</strong></span> <span class='ocrx_word' id='word_1_413' title='bbox 2279 2491 2536 2544; x_wconf 88' lang='lat' dir='ltr'><strong>apparere</strong></span> <span class='ocrx_word' id='word_1_414' title='bbox 2561 2477 2782 2544; x_wconf 87' lang='lat' dir='ltr'><strong>dicunt;</strong></span> <span class='ocrx_word' id='word_1_415' title='bbox 2827 2479 2920 2533; x_wconf 87' lang='lat' dir='ltr'><strong>sed</strong></span> <span class='ocrx_word' id='word_1_416' title='bbox 2959 2487 3013 2533; x_wconf 92' lang='lat' dir='ltr'><strong>et</strong></span> <span class='ocrx_word' id='word_1_417' title='bbox 3053 2481 3281 2534; x_wconf 89' lang='lat' dir='ltr'><strong>duarum</strong></span> <span class='ocrx_word' id='word_1_418' title='bbox 3325 2491 3632 2536; x_wconf 82' lang='lat' dir='ltr'><strong>naturarum</strong></span> 
     </span>
    </p>
   </div>
   <div class='ocr_carea' id='block_1_56' title="bbox 2068 2566 3636 2640">
    <p class='ocr_par' dir='ltr' id='par_1_56' title="bbox 2068 2566 3636 2640">
     <span class='ocr_line' id='line_1_56' title="bbox 2068 2566 3636 2640; baseline 0.004 -22"><span class='ocrx_word' id='word_1_419' title='bbox 2068 2579 2226 2618; x_wconf 89' lang='lat' dir='ltr'><strong>unam</strong></span> <span class='ocrx_word' id='word_1_420' title='bbox 2248 2566 2497 2620; x_wconf 85' lang='lat' dir='ltr'><strong>virtutem</strong></span> <span class='ocrx_word' id='word_1_421' title='bbox 2525 2567 2634 2621; x_wconf 84' lang='lat' dir='ltr'><strong>sive</strong></span> <span class='ocrx_word' id='word_1_422' title='bbox 2659 2569 2953 2637; x_wconf 87' lang='lat' dir='ltr'><strong>potentiam</strong></span> <span class='ocrx_word' id='word_1_423' title='bbox 2975 2569 3156 2624; x_wconf 86' lang='lat' dir='ltr'><strong>dicens</strong></span> <span class='ocrx_word' id='word_1_424' title='bbox 3185 2572 3413 2639; x_wconf 84' lang='lat' dir='ltr'><strong>scriptor</strong></span> <span class='ocrx_word' id='word_1_425' title='bbox 3433 2571 3571 2640; x_wconf 81' lang='lat' dir='ltr'><strong>epist</strong></span> <span class='ocrx_word' id='word_1_426' title='bbox 3593 2603 3636 2622; x_wconf 45' lang='lat' dir='ltr'><strong>l-</strong></span> 
     </span>
    </p>
   </div>
   <div class='ocr_carea' id='block_1_57' title="bbox 2070 2652 3636 2724">
    <p class='ocr_par' dir='ltr' id='par_1_57' title="bbox 2070 2652 3636 2724">
     <span class='ocr_line' id='line_1_57' title="bbox 2070 2652 3636 2724; baseline 0.005 -18"><span class='ocrx_word' id='word_1_427' title='bbox 2070 2652 2156 2720; x_wconf 68' lang='lat' dir='ltr'><strong>las,</strong></span> <span class='ocrx_word' id='word_1_428' title='bbox 2185 2653 2496 2708; x_wconf 84' lang='lat' dir='ltr'><strong>manifestus</strong></span> <span class='ocrx_word' id='word_1_429' title='bbox 2524 2664 2605 2709; x_wconf 86' lang='lat' dir='ltr'><strong>est</strong></span> <span class='ocrx_word' id='word_1_430' title='bbox 2623 2656 2768 2724; x_wconf 88' lang='lat' dir='ltr'><strong>quod</strong></span> <span class='ocrx_word' id='word_1_431' title='bbox 2794 2665 2850 2711; x_wconf 89' lang='lat' dir='ltr'><strong>et</strong></span> <span class='ocrx_word' id='word_1_432' title='bbox 2870 2659 2922 2710; x_wconf 94' lang='lat' dir='ltr'><strong>in</strong></span> <span class='ocrx_word' id='word_1_433' title='bbox 2952 2658 3054 2712; x_wconf 93' lang='lat' dir='ltr'><strong>hoc</strong></span> <span class='ocrx_word' id='word_1_434' title='bbox 3079 2669 3402 2713; x_wconf 89' lang='lat' dir='ltr'><strong>memoratos</strong></span> <span class='ocrx_word' id='word_1_435' title='bbox 3424 2663 3636 2715; x_wconf 67' lang='lat' dir='ltr'><strong>haereti-</strong></span> 
     </span>
    </p>
   </div>
   <div class='ocr_carea' id='block_1_58' title="bbox 2068 2749 3637 2819">
    <p class='ocr_par' dir='ltr' id='par_1_58' title="bbox 2068 2749 3637 2819">
     <span class='ocr_line' id='line_1_58' title="bbox 2068 2749 3637 2819; baseline 0.004 -17"><span class='ocrx_word' id='word_1_436' title='bbox 2068 2763 2161 2802; x_wconf 90' lang='lat' dir='ltr'><strong>cos</strong></span> <span class='ocrx_word' id='word_1_437' title='bbox 2181 2750 2447 2817; x_wconf 89' lang='lat' dir='ltr'><strong>sequitur,</strong></span> <span class='ocrx_word' id='word_1_438' title='bbox 2481 2749 2818 2804; x_wconf 82' lang='lat' dir='ltr'><strong>Theodorum</strong></span> <span class='ocrx_word' id='word_1_439' title='bbox 2847 2751 3058 2819; x_wconf 88' lang='lat' dir='ltr'><strong>quidem</strong></span> <span class='ocrx_word' id='word_1_440' title='bbox 3088 2751 3352 2805; x_wconf 89' lang='lat' dir='ltr'><strong>dicentem</strong></span> <span class='ocrx_word' id='word_1_441' title='bbox 3378 2753 3429 2806; x_wconf 90' lang='lat' dir='ltr'><strong>in</strong></span> <span class='ocrx_word' id='word_1_442' title='bbox 3458 2754 3637 2807; x_wconf 80' lang='lat' dir='ltr'><strong>diver-</strong></span> 
     </span>
    </p>
   </div>
   <div class='ocr_carea' id='block_1_59' title="bbox 2069 2838 3624 2910">
    <p class='ocr_par' dir='ltr' id='par_1_59' title="bbox 2069 2838 3624 2910">
     <span class='ocr_line' id='line_1_59' title="bbox 2069 2838 3624 2910; baseline 0.003 -19"><span class='ocrx_word' id='word_1_443' title='bbox 2069 2838 2142 2892; x_wconf 91' lang='lat' dir='ltr'><strong>sis</strong></span> <span class='ocrx_word' id='word_1_444' title='bbox 2160 2838 2310 2891; x_wconf 86' lang='lat' dir='ltr'><strong>libris</strong></span> <span class='ocrx_word' id='word_1_445' title='bbox 2337 2838 2404 2892; x_wconf 90' lang='lat' dir='ltr'><strong>de</strong></span> <span class='ocrx_word' id='word_1_446' title='bbox 2433 2840 2800 2893; x_wconf 89' lang='lat' dir='ltr'><strong>incarnatione</strong></span> <span class='ocrx_word' id='word_1_447' title='bbox 2828 2841 2990 2908; x_wconf 88' lang='lat' dir='ltr'><strong>impie</strong></span> <span class='ocrx_word' id='word_1_448' title='bbox 3017 2841 3291 2910; x_wconf 81' lang='lat' dir='ltr'><strong>expositis,</strong></span> <span class='ocrx_word' id='word_1_449' title='bbox 3324 2842 3624 2897; x_wconf 76' lang='lat' dir='ltr'><strong>Neswriuin</strong></span> 
     </span>
    </p>
   </div>
   <div class='ocr_carea' id='block_1_60' title="bbox 2066 2927 3630 3000">
    <p class='ocr_par' dir='ltr' id='par_1_60' title="bbox 2066 2927 3630 3000">
     <span class='ocr_line' id='line_1_60' title="bbox 2066 2927 3630 3000; baseline 0.003 -20"><span class='ocrx_word' id='word_1_450' title='bbox 2066 2935 2243 2980; x_wconf 84' lang='lat' dir='ltr'><strong>autem</strong></span> <span class='ocrx_word' id='word_1_451' title='bbox 2273 2927 2325 2980; x_wconf 89' lang='lat' dir='ltr'><strong>in</strong></span> <span class='ocrx_word' id='word_1_452' title='bbox 2355 2928 2537 2982; x_wconf 91' lang='lat' dir='ltr'><strong>multis</strong></span> <span class='ocrx_word' id='word_1_453' title='bbox 2563 2928 2776 2995; x_wconf 86' lang='lat' dir='ltr'><strong>quidem</strong></span> <span class='ocrx_word' id='word_1_454' title='bbox 2805 2930 3046 2997; x_wconf 84' lang='lat' dir='ltr'><strong>scriptis,</strong></span> <span class='ocrx_word' id='word_1_455' title='bbox 3076 2939 3132 2984; x_wconf 90' lang='lat' dir='ltr'><strong>et</strong></span> <span class='ocrx_word' id='word_1_456' title='bbox 3173 2931 3404 2984; x_wconf 83' lang='lat' dir='ltr'><strong>maxime</strong></span> <span class='ocrx_word' id='word_1_457' title='bbox 3432 2933 3485 2983; x_wconf 90' lang='lat' dir='ltr'><strong>in</strong></span> <span class='ocrx_word' id='word_1_458' title='bbox 3513 2933 3630 3000; x_wconf 87' lang='lat' dir='ltr'><strong>epi-</strong></span> 
     </span>
    </p>
   </div>
   <div class='ocr_carea' id='block_1_61' title="bbox 2066 3014 3637 3086">
    <p class='ocr_par' dir='ltr' id='par_1_61' title="bbox 2066 3014 3637 3086">
     <span class='ocr_line' id='line_1_61' title="bbox 2066 3014 3637 3086; baseline 0.004 -18"><span class='ocrx_word' id='word_1_459' title='bbox 2066 3015 2203 3068; x_wconf 86' lang='lat' dir='ltr'><strong>stola</strong></span> <span class='ocrx_word' id='word_1_460' title='bbox 2229 3015 2430 3083; x_wconf 86' lang='lat' dir='ltr'><strong>scripta</strong></span> <span class='ocrx_word' id='word_1_461' title='bbox 2475 3014 2540 3068; x_wconf 90' lang='lat' dir='ltr'><strong>ad</strong></span> <span class='ocrx_word' id='word_1_462' title='bbox 2569 3016 2928 3069; x_wconf 79' lang='lat' dir='ltr'><strong>Alexandrum</strong></span> <span class='ocrx_word' id='word_1_463' title='bbox 2960 3017 3416 3086; x_wconf 84' lang='lat' dir='ltr'><strong>Hierapolitanum</strong></span> <span class='ocrx_word' id='word_1_464' title='bbox 3465 3021 3637 3074; x_wconf 66' lang='lat' dir='ltr'><strong>lucre-</strong></span> 
     </span>
    </p>
   </div>
   <div class='ocr_carea' id='block_1_62' title="bbox 2068 3110 3632 3183">
    <p class='ocr_par' dir='ltr' id='par_1_62' title="bbox 2068 3110 3632 3183">
     <span class='ocr_line' id='line_1_62' title="bbox 2068 3110 3632 3183; baseline 0.004 -19"><span class='ocrx_word' id='word_1_465' title='bbox 2068 3110 2228 3164; x_wconf 87' lang='lat' dir='ltr'><strong>ticum</strong></span> <span class='ocrx_word' id='word_1_466' title='bbox 2246 3151 2261 3177; x_wconf 96' lang='lat'><strong>,</strong></span> <span class='ocrx_word' id='word_1_467' title='bbox 2303 3112 2448 3179; x_wconf 90' lang='lat' dir='ltr'><strong>quod</strong></span> <span class='ocrx_word' id='word_1_468' title='bbox 2473 3112 2696 3166; x_wconf 87' lang='lat' dir='ltr'><strong>duarum</strong></span> <span class='ocrx_word' id='word_1_469' title='bbox 2723 3122 3031 3167; x_wconf 89' lang='lat' dir='ltr'><strong>naturarum</strong></span> <span class='ocrx_word' id='word_1_470' title='bbox 3061 3130 3165 3168; x_wconf 90' lang='lat' dir='ltr'><strong>una</strong></span> <span class='ocrx_word' id='word_1_471' title='bbox 3194 3123 3278 3169; x_wconf 86' lang='lat' dir='ltr'><strong>est</strong></span> <span class='ocrx_word' id='word_1_472' title='bbox 3320 3118 3632 3183; x_wconf 80' lang='lat' dir='ltr'><strong>auctoritas,</strong></span> 
     </span>
    </p>
   </div>
   <div class='ocr_carea' id='block_1_63' title="bbox 2067 3202 3638 3276">
    <p class='ocr_par' dir='ltr' id='par_1_63' title="bbox 2067 3202 3638 3276">
     <span class='ocr_line' id='line_1_63' title="bbox 2067 3202 3638 3276; baseline 0.003 -23"><span class='ocrx_word' id='word_1_473' title='bbox 2067 3206 2123 3253; x_wconf 91' lang='lat' dir='ltr'><strong>et</strong></span> <span class='ocrx_word' id='word_1_474' title='bbox 2151 3215 2254 3253; x_wconf 87' lang='lat' dir='ltr'><strong>una</strong></span> <span class='ocrx_word' id='word_1_475' title='bbox 2286 3203 2470 3264; x_wconf 88' lang='lat' dir='ltr'><strong>virtus,</strong></span> <span class='ocrx_word' id='word_1_476' title='bbox 2517 3202 2630 3255; x_wconf 84' lang='lat' dir='ltr'><strong>sive</strong></span> <span class='ocrx_word' id='word_1_477' title='bbox 2657 3204 2916 3270; x_wconf 89' lang='lat' dir='ltr'><strong>potentia,</strong></span> <span class='ocrx_word' id='word_1_478' title='bbox 2950 3211 3006 3256; x_wconf 90' lang='lat' dir='ltr'><strong>et</strong></span> <span class='ocrx_word' id='word_1_479' title='bbox 3035 3218 3137 3256; x_wconf 89' lang='lat' dir='ltr'><strong>una</strong></span> <span class='ocrx_word' id='word_1_480' title='bbox 3162 3218 3392 3273; x_wconf 87' lang='lat' dir='ltr'><strong>persona</strong></span> <span class='ocrx_word' id='word_1_481' title='bbox 3422 3204 3638 3276; x_wconf 81' lang='lat' dir='ltr'><strong>[secun-</strong></span> 
     </span>
    </p>
   </div>
   <div class='ocr_carea' id='block_1_64' title="bbox 385 3285 1969 3389">
    <p class='ocr_par' dir='ltr' id='par_1_64' title="bbox 385 3285 1969 3361">
     <span class='ocr_line' id='line_1_64' title="bbox 385 3285 1969 3361; baseline 0.006 -22"><span class='ocrx_word' id='word_1_482' title='bbox 385 3308 537 3340; x_wconf 78' lang='grc' dir='ltr'>νυται</span> <span class='ocrx_word' id='word_1_483' title='bbox 571 3285 596 3340; x_wconf 86' lang='grc' dir='ltr'><strong>ὃ</strong></span> <span class='ocrx_word' id='word_1_484' title='bbox 627 3293 718 3346; x_wconf 74' lang='grc' dir='ltr'><strong>τήν</strong></span> <span class='ocrx_word' id='word_1_485' title='bbox 747 3288 1012 3347; x_wconf 69' lang='grc' dir='ltr'>ἐπιστολὴν</span> <span class='ocrx_word' id='word_1_486' title='bbox 1037 3289 1236 3361; x_wconf 69' lang='grc' dir='ltr'>γράψας</span> <span class='ocrx_word' id='word_1_487' title='bbox 1262 3293 1394 3346; x_wconf 87' lang='grc' dir='ltr'><strong>κατά</strong></span> <span class='ocrx_word' id='word_1_488' title='bbox 1419 3297 1510 3350; x_wconf 73' lang='grc' dir='ltr'>τήν</span> <span class='ocrx_word' id='word_1_489' title='bbox 1551 3295 1744 3348; x_wconf 82' lang='grc' dir='ltr'>ἐκείνων</span> <span class='ocrx_word' id='word_1_490' title='bbox 1768 3293 1969 3350; x_wconf 82' lang='grc' dir='ltr'>κακοδο-</span> 
     </span>
    </p>
   </div>
   <div class='ocr_carea' id='block_1_65' title="bbox 2071 3285 3640 3389">
    <p class='ocr_par' dir='ltr' id='par_1_65' title="bbox 2071 3289 3640 3360">
     <span class='ocr_line' id='line_1_65' title="bbox 2071 3289 3640 3360; baseline 0.003 -16"><span class='ocrx_word' id='word_1_491' title='bbox 2071 3289 2192 3344; x_wconf 89' lang='lat' dir='ltr'><strong>dum</strong></span> <span class='ocrx_word' id='word_1_492' title='bbox 2219 3289 2398 3360; x_wconf 88' lang='lat' dir='ltr'><strong>unam]</strong></span> <span class='ocrx_word' id='word_1_493' title='bbox 2422 3306 2516 3358; x_wconf 91' lang='lat' dir='ltr'><strong>per</strong></span> <span class='ocrx_word' id='word_1_494' title='bbox 2535 3291 2848 3360; x_wconf 79' lang='lat' dir='ltr'><strong>dignitatem</strong></span> <span class='ocrx_word' id='word_1_495' title='bbox 2873 3292 3224 3360; x_wconf 87' lang='lat' dir='ltr'><strong>eumdemque</strong></span> <span class='ocrx_word' id='word_1_496' title='bbox 3243 3294 3500 3347; x_wconf 85' lang='lat' dir='ltr'><strong>honorem</strong></span> <span class='ocrx_word' id='word_1_497' title='bbox 3528 3312 3541 3346; x_wconf 90' lang='lat'><strong>:</strong></span> <span class='ocrx_word' id='word_1_498' title='bbox 3569 3311 3640 3350; x_wconf 78' lang='lat' dir='ltr'><strong>ex</strong></span> 
     </span>
    </p>
   </div>
   <div class='ocr_carea' id='block_1_66' title="bbox 386 3379 1968 3459">
    <p class='ocr_par' dir='ltr' id='par_1_66' title="bbox 386 3379 1968 3459">
     <span class='ocr_line' id='line_1_66' title="bbox 386 3379 1968 3459; baseline 0.006 -29"><span class='ocrx_word' id='word_1_499' title='bbox 386 3379 499 3440; x_wconf 76' lang='grc' dir='ltr'>ξίαν</span> <span class='ocrx_word' id='word_1_500' title='bbox 527 3379 640 3430; x_wconf 84' lang='grc' dir='ltr'>ἀντὶ</span> <span class='ocrx_word' id='word_1_501' title='bbox 665 3381 950 3452; x_wconf 76' lang='grc' dir='ltr'>προσώπων</span> <span class='ocrx_word' id='word_1_502' title='bbox 975 3388 1035 3453; x_wconf 77' lang='grc' dir='ltr'>τῇ</span> <span class='ocrx_word' id='word_1_503' title='bbox 1076 3388 1174 3434; x_wconf 85' lang='grc' dir='ltr'><strong>τῶν</strong></span> <span class='ocrx_word' id='word_1_504' title='bbox 1195 3382 1390 3453; x_wconf 80' lang='grc' dir='ltr'>φύσεων</span> <span class='ocrx_word' id='word_1_505' title='bbox 1417 3387 1732 3458; x_wconf 76' lang='grc' dir='ltr'>προσηγορίᾳ</span> <span class='ocrx_word' id='word_1_506' title='bbox 1761 3387 1968 3459; x_wconf 82' lang='grc' dir='ltr'>χρησά-</span> 
     </span>
    </p>
   </div>
   <div class='ocr_carea' id='block_1_67' title="bbox 388 3469 1967 3542">
    <p class='ocr_par' dir='ltr' id='par_1_67' title="bbox 388 3469 1967 3542">
     <span class='ocr_line' id='line_1_67' title="bbox 388 3469 1967 3542; baseline 0.006 -24"><span class='ocrx_word' id='word_1_507' title='bbox 388 3487 560 3534; x_wconf 83' lang='grc' dir='ltr'>μενος.</span> <span class='ocrx_word' id='word_1_508' title='bbox 588 3471 698 3520; x_wconf 81' lang='grc' dir='ltr'><strong>Μία</strong></span> <span class='ocrx_word' id='word_1_509' title='bbox 717 3469 816 3542; x_wconf 79' lang='grc' dir='ltr'>γὰρ</span> <span class='ocrx_word' id='word_1_510' title='bbox 833 3470 1084 3532; x_wconf 83' lang='grc' dir='ltr'>αὺθεντία,</span> <span class='ocrx_word' id='word_1_511' title='bbox 1108 3472 1194 3523; x_wconf 87' lang='grc' dir='ltr'><strong>καί</strong></span> <span class='ocrx_word' id='word_1_512' title='bbox 1215 3472 1307 3539; x_wconf 88' lang='grc' dir='ltr'><strong>μία</strong></span> <span class='ocrx_word' id='word_1_513' title='bbox 1322 3469 1533 3540; x_wconf 84' lang='grc' dir='ltr'>δύναμις</span> <span class='ocrx_word' id='word_1_514' title='bbox 1549 3472 1658 3529; x_wconf 69' lang='grc' dir='ltr'>ἦτοι</span> <span class='ocrx_word' id='word_1_515' title='bbox 1678 3472 1967 3538; x_wconf 85' lang='grc' dir='ltr'>δυναστεία,</span> 
     </span>
    </p>
   </div>
   <div class='ocr_carea' id='block_1_68' title="bbox 389 3559 1963 3637">
    <p class='ocr_par' dir='ltr' id='par_1_68' title="bbox 389 3559 1963 3637">
     <span class='ocr_line' id='line_1_68' title="bbox 389 3559 1963 3637; baseline 0.003 -27"><span class='ocrx_word' id='word_1_516' title='bbox 389 3561 471 3610; x_wconf 83' lang='grc' dir='ltr'><strong>καί</strong></span> <span class='ocrx_word' id='word_1_517' title='bbox 497 3559 592 3627; x_wconf 87' lang='grc' dir='ltr'><strong>μία</strong></span> <span class='ocrx_word' id='word_1_518' title='bbox 619 3559 755 3624; x_wconf 84' lang='grc' dir='ltr'>ἀξία,</span> <span class='ocrx_word' id='word_1_519' title='bbox 787 3562 870 3612; x_wconf 84' lang='grc' dir='ltr'>καὶ</span> <span class='ocrx_word' id='word_1_520' title='bbox 898 3560 926 3616; x_wconf 80' lang='grc' dir='ltr'><strong><em>ἠ</em></strong></span> <span class='ocrx_word' id='word_1_521' title='bbox 950 3561 1077 3617; x_wconf 83' lang='grc' dir='ltr'>αύτὴ</span> <span class='ocrx_word' id='word_1_522' title='bbox 1098 3566 1218 3628; x_wconf 83' lang='grc' dir='ltr'>τιμὴ</span> <span class='ocrx_word' id='word_1_523' title='bbox 1259 3561 1350 3612; x_wconf 83' lang='grc' dir='ltr'><strong>ούκ</strong></span> <span class='ocrx_word' id='word_1_524' title='bbox 1377 3563 1460 3614; x_wconf 89' lang='grc' dir='ltr'><strong>έπί</strong></span> <span class='ocrx_word' id='word_1_525' title='bbox 1488 3559 1729 3637; x_wconf 75' lang='grc' dir='ltr'>διαφόρων</span> <span class='ocrx_word' id='word_1_526' title='bbox 1753 3565 1963 3633; x_wconf 78' lang='grc' dir='ltr'>φύσεων,</span> 
     </span>
    </p>
   </div>
   <div class='ocr_carea' id='block_1_69' title="bbox 389 3649 1970 3727">
    <p class='ocr_par' dir='ltr' id='par_1_69' title="bbox 389 3649 1970 3727">
     <span class='ocr_line' id='line_1_69' title="bbox 389 3649 1970 3727; baseline 0.003 -23"><span class='ocrx_word' id='word_1_527' title='bbox 389 3649 496 3704; x_wconf 73' lang='grc' dir='ltr'>ἀ)λ’</span> <span class='ocrx_word' id='word_1_528' title='bbox 524 3653 611 3704; x_wconf 79' lang='grc' dir='ltr'><strong>ἐπὶ</strong></span> <span class='ocrx_word' id='word_1_529' title='bbox 633 3649 880 3726; x_wconf 75' lang='grc' dir='ltr'>διαφόρων</span> <span class='ocrx_word' id='word_1_530' title='bbox 919 3655 1208 3727; x_wconf 86' lang='grc' dir='ltr'>προσώπων</span> <span class='ocrx_word' id='word_1_531' title='bbox 1234 3657 1318 3706; x_wconf 88' lang='grc' dir='ltr'><strong>καί</strong></span> <span class='ocrx_word' id='word_1_532' title='bbox 1343 3661 1433 3712; x_wconf 80' lang='grc' dir='ltr'>τῆς</span> <span class='ocrx_word' id='word_1_533' title='bbox 1461 3656 1616 3714; x_wconf 72' lang='grc' dir='ltr'>αὐτῆς</span> <span class='ocrx_word' id='word_1_534' title='bbox 1639 3656 1810 3714; x_wconf 87' lang='grc' dir='ltr'>ούσίας</span> <span class='ocrx_word' id='word_1_535' title='bbox 1832 3656 1970 3727; x_wconf 79' lang='grc' dir='ltr'>λέγε-</span> 
     </span>
    </p>
   </div>
   <div class='ocr_carea' id='block_1_70' title="bbox 388 3733 1969 3816">
    <p class='ocr_par' dir='ltr' id='par_1_70' title="bbox 388 3733 1969 3816">
     <span class='ocr_line' id='line_1_70' title="bbox 388 3733 1969 3816; baseline 0.004 -21"><span class='ocrx_word' id='word_1_536' title='bbox 388 3763 503 3802; x_wconf 83' lang='grc' dir='ltr'>ται,</span> <span class='ocrx_word' id='word_1_537' title='bbox 528 3740 654 3814; x_wconf 81' lang='grc' dir='ltr'>ὅπερ</span> <span class='ocrx_word' id='word_1_538' title='bbox 677 3743 760 3794; x_wconf 79' lang='grc' dir='ltr'>ἐπί</span> <span class='ocrx_word' id='word_1_539' title='bbox 786 3749 877 3800; x_wconf 83' lang='grc' dir='ltr'><strong>τῆς</strong></span> <span class='ocrx_word' id='word_1_540' title='bbox 918 3741 1066 3814; x_wconf 80' lang='grc' dir='ltr'>ἁγίας</span> <span class='ocrx_word' id='word_1_541' title='bbox 1083 3733 1295 3816; x_wconf 63' lang='grc' dir='ltr'><strong>⁸-τριιίιδος</strong></span> <span class='ocrx_word' id='word_1_542' title='bbox 1329 3742 1682 3816; x_wconf 84' lang='grc' dir='ltr'>ὁμολογοῦμεν.</span> <span class='ocrx_word' id='word_1_543' title='bbox 1714 3743 1853 3799; x_wconf 84' lang='grc' dir='ltr'>Ὀθεν</span> <span class='ocrx_word' id='word_1_544' title='bbox 1883 3750 1969 3800; x_wconf 86' lang='grc' dir='ltr'><strong>καί</strong></span> 
     </span>
    </p>
   </div>
   <div class='ocr_carea' id='block_1_71' title="bbox 391 3831 1965 3908">
    <p class='ocr_par' dir='ltr' id='par_1_71' title="bbox 391 3831 1965 3908">
     <span class='ocr_line' id='line_1_71' title="bbox 391 3831 1965 3908; baseline 0.004 -24"><span class='ocrx_word' id='word_1_545' title='bbox 391 3833 433 3884; x_wconf 78' lang='grc' dir='ltr'>οἱ</span> <span class='ocrx_word' id='word_1_546' title='bbox 455 3831 601 3906; x_wconf 74' lang='grc' dir='ltr'>ἅγιοι</span> <span class='ocrx_word' id='word_1_547' title='bbox 614 3833 830 3908; x_wconf 84' lang='grc' dir='ltr'>πατέρες</span> <span class='ocrx_word' id='word_1_548' title='bbox 853 3834 1213 3904; x_wconf 77' lang='grc' dir='ltr'>ἀνεθεμάτισαν</span> <span class='ocrx_word' id='word_1_549' title='bbox 1233 3837 1352 3893; x_wconf 86' lang='grc' dir='ltr'>τοὺς</span> <span class='ocrx_word' id='word_1_550' title='bbox 1381 3837 1492 3890; x_wconf 77' lang='grc' dir='ltr'>κατ’</span> <span class='ocrx_word' id='word_1_551' title='bbox 1521 3837 1796 3904; x_wconf 88' lang='grc' dir='ltr'>αύθεντίαν,</span> <span class='ocrx_word' id='word_1_552' title='bbox 1820 3838 1849 3896; x_wconf 77' lang='grc' dir='ltr'><strong>ἣ</strong></span> <span class='ocrx_word' id='word_1_553' title='bbox 1874 3836 1965 3890; x_wconf 84' lang='grc' dir='ltr'>δύ-</span> 
     </span>
    </p>
   </div>
   <div class='ocr_carea' id='block_1_72' title="bbox 389 3921 1967 3998">
    <p class='ocr_par' dir='ltr' id='par_1_72' title="bbox 389 3921 1967 3998">
     <span class='ocr_line' id='line_1_72' title="bbox 389 3921 1967 3998; baseline 0.001 -22"><span class='ocrx_word' id='word_1_554' title='bbox 389 3944 564 3990; x_wconf 71' lang='grc' dir='ltr'>ναμιν,</span> <span class='ocrx_word' id='word_1_555' title='bbox 593 3922 703 3979; x_wconf 66' lang='grc' dir='ltr'>ἦτοι</span> <span class='ocrx_word' id='word_1_556' title='bbox 729 3921 1048 3989; x_wconf 83' lang='grc' dir='ltr'>δυναστείαν,</span> <span class='ocrx_word' id='word_1_557' title='bbox 1074 3924 1104 3983; x_wconf 76' lang='grc' dir='ltr'><em>ἣ</em></span> <span class='ocrx_word' id='word_1_558' title='bbox 1128 3926 1289 3989; x_wconf 82' lang='grc' dir='ltr'>ἀξίαν,</span> <span class='ocrx_word' id='word_1_559' title='bbox 1315 3926 1344 3985; x_wconf 77' lang='grc' dir='ltr'>ἦ</span> <span class='ocrx_word' id='word_1_560' title='bbox 1367 3927 1614 3996; x_wconf 79' lang='grc' dir='ltr'>ἰσοτιμίαν</span> <span class='ocrx_word' id='word_1_561' title='bbox 1635 3928 1861 3998; x_wconf 85' lang='grc' dir='ltr'>λέγοντας</span> <span class='ocrx_word' id='word_1_562' title='bbox 1883 3929 1967 3982; x_wconf 87' lang='grc' dir='ltr'>τὸν</span> 
     </span>
    </p>
   </div>
   <div class='ocr_carea' id='block_1_73' title="bbox 391 4010 1967 4093">
    <p class='ocr_par' dir='ltr' id='par_1_73' title="bbox 391 4010 1967 4093">
     <span class='ocr_line' id='line_1_73' title="bbox 391 4010 1967 4093; baseline 0.003 -25"><span class='ocrx_word' id='word_1_563' title='bbox 391 4016 508 4068; x_wconf 81' lang='grc' dir='ltr'>Θεό.</span> <span class='ocrx_word' id='word_1_564' title='bbox 535 4010 682 4085; x_wconf 81' lang='grc' dir='ltr'>λόγον</span> <span class='ocrx_word' id='word_1_565' title='bbox 702 4021 773 4081; x_wconf 87' lang='grc' dir='ltr'>τῷ</span> <span class='ocrx_word' id='word_1_566' title='bbox 787 4023 990 4086; x_wconf 78' lang='grc' dir='ltr'>Χριστῷ</span> <span class='ocrx_word' id='word_1_567' title='bbox 1013 4017 1251 4079; x_wconf 81' lang='grc' dir='ltr'>ἡνῶσθαι,</span> <span class='ocrx_word' id='word_1_568' title='bbox 1277 4013 1329 4069; x_wconf 78' lang='grc' dir='ltr'><strong>όν</strong></span> <span class='ocrx_word' id='word_1_569' title='bbox 1355 4016 1496 4088; x_wconf 70' lang='grc' dir='ltr'>ψιλὸν</span> <span class='ocrx_word' id='word_1_570' title='bbox 1519 4015 1773 4093; x_wconf 80' lang='grc' dir='ltr'>ἄνθρωπον</span> <span class='ocrx_word' id='word_1_571' title='bbox 1801 4019 1844 4071; x_wconf 85' lang='grc' dir='ltr'>οί</span> <span class='ocrx_word' id='word_1_572' title='bbox 1867 4021 1967 4073; x_wconf 84' lang='grc' dir='ltr'>ἀπὸ</span> 
     </span>
    </p>
   </div>
   <div class='ocr_carea' id='block_1_74' title="bbox 394 4101 1967 4179">
    <p class='ocr_par' dir='ltr' id='par_1_74' title="bbox 394 4101 1967 4179">
     <span class='ocr_line' id='line_1_74' title="bbox 394 4101 1967 4179; baseline 0.002 -22"><span class='ocrx_word' id='word_1_573' title='bbox 394 4101 658 4177; x_wconf 73' lang='grc' dir='ltr'>Θεοδώρου</span> <span class='ocrx_word' id='word_1_574' title='bbox 697 4107 780 4156; x_wconf 85' lang='grc' dir='ltr'>καὶ</span> <span class='ocrx_word' id='word_1_575' title='bbox 816 4107 1084 4179; x_wconf 80' lang='grc' dir='ltr'>Νεστορίου</span> <span class='ocrx_word' id='word_1_576' title='bbox 1119 4107 1380 4169; x_wconf 79' lang='grc' dir='ltr'>καλοῦσιν,</span> <span class='ocrx_word' id='word_1_577' title='bbox 1421 4107 1526 4160; x_wconf 87' lang='grc' dir='ltr'>ἀλλ’</span> <span class='ocrx_word' id='word_1_578' title='bbox 1556 4111 1681 4176; x_wconf 77' lang='grc' dir='ltr'>οὐχί</span> <span class='ocrx_word' id='word_1_579' title='bbox 1709 4108 1816 4160; x_wconf 82' lang='grc' dir='ltr'>καθ’</span> <span class='ocrx_word' id='word_1_580' title='bbox 1842 4107 1967 4160; x_wconf 87' lang='grc' dir='ltr'>ύπό-</span> 
     </span>
    </p>
   </div>
   <div class='ocr_carea' id='block_1_75' title="bbox 395 4196 1970 4275">
    <p class='ocr_par' dir='ltr' id='par_1_75' title="bbox 395 4196 1970 4275">
     <span class='ocr_line' id='line_1_75' title="bbox 395 4196 1970 4275; baseline 0.001 -26"><span class='ocrx_word' id='word_1_581' title='bbox 395 4215 584 4249; x_wconf 79' lang='grc' dir='ltr'>στασιν</span> <span class='ocrx_word' id='word_1_582' title='bbox 610 4199 700 4252; x_wconf 79' lang='grc' dir='ltr'><strong>τὴν</strong></span> <span class='ocrx_word' id='word_1_583' title='bbox 720 4201 808 4249; x_wconf 86' lang='grc' dir='ltr'><strong>τοῦ</strong></span> <span class='ocrx_word' id='word_1_584' title='bbox 833 4196 981 4266; x_wconf 86' lang='grc' dir='ltr'>λόγου</span> <span class='ocrx_word' id='word_1_585' title='bbox 1019 4197 1148 4270; x_wconf 84' lang='grc' dir='ltr'>πρὸς</span> <span class='ocrx_word' id='word_1_586' title='bbox 1166 4201 1254 4256; x_wconf 76' lang='grc' dir='ltr'><strong>τὴν</strong></span> <span class='ocrx_word' id='word_1_587' title='bbox 1282 4200 1444 4275; x_wconf 80' lang='grc' dir='ltr'>σάρκα</span> <span class='ocrx_word' id='word_1_588' title='bbox 1465 4197 1798 4269; x_wconf 71' lang='grc' dir='ltr'>ἐψυχωμένην</span> <span class='ocrx_word' id='word_1_589' title='bbox 1819 4199 1970 4274; x_wconf 74' lang='grc' dir='ltr'>ψυχῇ</span> 
     </span>
    </p>
   </div>
   <div class='ocr_carea' id='block_1_76' title="bbox 395 4286 1876 4362">
    <p class='ocr_par' dir='ltr' id='par_1_76' title="bbox 395 4286 1876 4362">
     <span class='ocr_line' id='line_1_76' title="bbox 395 4286 1876 4362; baseline 0.004 -27"><span class='ocrx_word' id='word_1_590' title='bbox 395 4286 565 4358; x_wconf 73' lang='grc' dir='ltr'>λογικῇ</span> <span class='ocrx_word' id='word_1_591' title='bbox 593 4287 678 4338; x_wconf 83' lang='grc' dir='ltr'><strong>καί</strong></span> <span class='ocrx_word' id='word_1_592' title='bbox 697 4291 840 4362; x_wconf 85' lang='grc' dir='ltr'>νοερᾷ</span> <span class='ocrx_word' id='word_1_593' title='bbox 866 4295 956 4344; x_wconf 71' lang='grc' dir='ltr'>τήν</span> <span class='ocrx_word' id='word_1_594' title='bbox 981 4287 1156 4342; x_wconf 82' lang='grc' dir='ltr'>ἕνωσιν</span> <span class='ocrx_word' id='word_1_595' title='bbox 1177 4289 1470 4360; x_wconf 76' lang='grc' dir='ltr'>γεγενῆσθαι</span> <span class='ocrx_word' id='word_1_596' title='bbox 1498 4288 1876 4362; x_wconf 81' lang='grc' dir='ltr'>ὁμολογοῦντας.</span> 
     </span>
    </p>
   </div>
   <div class='ocr_carea' id='block_1_77' title="bbox 2071 3391 3637 3460">
    <p class='ocr_par' dir='ltr' id='par_1_77' title="bbox 2071 3391 3637 3460">
     <span class='ocr_line' id='line_1_77' title="bbox 2071 3391 3637 3460; baseline 0.003 -18"><span class='ocrx_word' id='word_1_597' title='bbox 2071 3405 2177 3459; x_wconf 93' lang='lat' dir='ltr'><strong>quo</strong></span> <span class='ocrx_word' id='word_1_598' title='bbox 2215 3391 2548 3455; x_wconf 89' lang='lat' dir='ltr'><strong>ostenditur,</strong></span> <span class='ocrx_word' id='word_1_599' title='bbox 2596 3391 2688 3458; x_wconf 91' lang='lat' dir='ltr'><strong>qui</strong></span> <span class='ocrx_word' id='word_1_600' title='bbox 2736 3391 2948 3459; x_wconf 87' lang='lat' dir='ltr'><strong>scripsit</strong></span> <span class='ocrx_word' id='word_1_601' title='bbox 2990 3391 3299 3460; x_wconf 87' lang='lat' dir='ltr'><strong>epistolam,</strong></span> <span class='ocrx_word' id='word_1_602' title='bbox 3348 3393 3637 3446; x_wconf 83' lang='lat' dir='ltr'><strong>secundum</strong></span> 
     </span>
    </p>
   </div>
   <div class='ocr_carea' id='block_1_78' title="bbox 2071 3480 3643 3550">
    <p class='ocr_par' dir='ltr' id='par_1_78' title="bbox 2071 3480 3643 3550">
     <span class='ocr_line' id='line_1_78' title="bbox 2071 3480 3643 3550; baseline 0.002 -15"><span class='ocrx_word' id='word_1_603' title='bbox 2071 3481 2282 3535; x_wconf 90' lang='lat' dir='ltr'><strong>illorum</strong></span> <span class='ocrx_word' id='word_1_604' title='bbox 2311 3480 2586 3550; x_wconf 87' lang='lat' dir='ltr'><strong>perﬁdiam</strong></span> <span class='ocrx_word' id='word_1_605' title='bbox 2617 3496 2713 3550; x_wconf 91' lang='lat' dir='ltr'><strong>pro</strong></span> <span class='ocrx_word' id='word_1_606' title='bbox 2741 3483 2990 3549; x_wconf 89' lang='lat' dir='ltr'><strong>personis</strong></span> <span class='ocrx_word' id='word_1_607' title='bbox 3020 3497 3145 3536; x_wconf 91' lang='lat' dir='ltr'><strong>usus</strong></span> <span class='ocrx_word' id='word_1_608' title='bbox 3181 3484 3441 3537; x_wconf 87' lang='lat' dir='ltr'><strong>vocabulo</strong></span> <span class='ocrx_word' id='word_1_609' title='bbox 3485 3493 3643 3538; x_wconf 88' lang='lat' dir='ltr'><strong>natu-</strong></span> 
     </span>
    </p>
   </div>
   <div class='ocr_carea' id='block_1_79' title="bbox 2071 3568 3642 3640">
    <p class='ocr_par' dir='ltr' id='par_1_79' title="bbox 2071 3568 3642 3640">
     <span class='ocr_line' id='line_1_79' title="bbox 2071 3568 3642 3640; baseline 0.002 -17"><span class='ocrx_word' id='word_1_610' title='bbox 2071 3585 2269 3624; x_wconf 88' lang='lat' dir='ltr'><strong>rarum.</strong></span> <span class='ocrx_word' id='word_1_611' title='bbox 2304 3568 2418 3622; x_wconf 90' lang='lat' dir='ltr'><strong>Una</strong></span> <span class='ocrx_word' id='word_1_612' title='bbox 2447 3571 2588 3622; x_wconf 89' lang='lat' dir='ltr'><strong>enim</strong></span> <span class='ocrx_word' id='word_1_613' title='bbox 2619 3571 2941 3636; x_wconf 78' lang='lat' dir='ltr'><strong>auctoritas,</strong></span> <span class='ocrx_word' id='word_1_614' title='bbox 2993 3578 3050 3625; x_wconf 88' lang='lat' dir='ltr'><strong>et</strong></span> <span class='ocrx_word' id='word_1_615' title='bbox 3078 3587 3181 3624; x_wconf 88' lang='lat' dir='ltr'><strong>una</strong></span> <span class='ocrx_word' id='word_1_616' title='bbox 3209 3573 3377 3624; x_wconf 91' lang='lat' dir='ltr'><strong>virtus</strong></span> <span class='ocrx_word' id='word_1_617' title='bbox 3400 3573 3512 3625; x_wconf 88' lang='lat' dir='ltr'><strong>sive</strong></span> <span class='ocrx_word' id='word_1_618' title='bbox 3542 3587 3642 3640; x_wconf 88' lang='lat' dir='ltr'><strong>po-</strong></span> 
     </span>
    </p>
   </div>
   <div class='ocr_carea' id='block_1_80' title="bbox 2073 3658 3644 3726">
    <p class='ocr_par' dir='ltr' id='par_1_80' title="bbox 2073 3658 3644 3726">
     <span class='ocr_line' id='line_1_80' title="bbox 2073 3658 3644 3726; baseline 0.001 -14"><span class='ocrx_word' id='word_1_619' title='bbox 2073 3660 2258 3724; x_wconf 87' lang='lat' dir='ltr'><strong>tentia,</strong></span> <span class='ocrx_word' id='word_1_620' title='bbox 2287 3667 2341 3712; x_wconf 89' lang='lat' dir='ltr'><strong>et</strong></span> <span class='ocrx_word' id='word_1_621' title='bbox 2369 3675 2472 3712; x_wconf 90' lang='lat' dir='ltr'><strong>una</strong></span> <span class='ocrx_word' id='word_1_622' title='bbox 2494 3658 2723 3726; x_wconf 78' lang='lat' dir='ltr'><strong>dignitas</strong></span> <span class='ocrx_word' id='word_1_623' title='bbox 2745 3668 2798 3712; x_wconf 90' lang='lat' dir='ltr'><strong>et</strong></span> <span class='ocrx_word' id='word_1_624' title='bbox 2827 3659 2964 3712; x_wconf 88' lang='lat' dir='ltr'><strong>idem</strong></span> <span class='ocrx_word' id='word_1_625' title='bbox 2994 3661 3188 3725; x_wconf 89' lang='lat' dir='ltr'><strong>honor,</strong></span> <span class='ocrx_word' id='word_1_626' title='bbox 3214 3675 3319 3713; x_wconf 91' lang='lat' dir='ltr'><strong>non</strong></span> <span class='ocrx_word' id='word_1_627' title='bbox 3343 3661 3396 3713; x_wconf 82' lang='lat' dir='ltr'><strong>in</strong></span> <span class='ocrx_word' id='word_1_628' title='bbox 3417 3661 3644 3713; x_wconf 74' lang='lat' dir='ltr'><strong>diversis</strong></span> 
     </span>
    </p>
   </div>
   <div class='ocr_carea' id='block_1_81' title="bbox 2073 3749 3644 3818">
    <p class='ocr_par' dir='ltr' id='par_1_81' title="bbox 2073 3749 3644 3818">
     <span class='ocr_line' id='line_1_81' title="bbox 2073 3749 3644 3818; baseline 0.001 -15"><span class='ocrx_word' id='word_1_629' title='bbox 2073 3751 2298 3816; x_wconf 88' lang='lat' dir='ltr'><strong>naturis,</strong></span> <span class='ocrx_word' id='word_1_630' title='bbox 2327 3749 2420 3805; x_wconf 87' lang='lat' dir='ltr'><strong>sed</strong></span> <span class='ocrx_word' id='word_1_631' title='bbox 2454 3751 2505 3803; x_wconf 84' lang='lat' dir='ltr'><strong>in</strong></span> <span class='ocrx_word' id='word_1_632' title='bbox 2534 3750 2756 3804; x_wconf 88' lang='lat' dir='ltr'><strong>diversis</strong></span> <span class='ocrx_word' id='word_1_633' title='bbox 2777 3750 3022 3818; x_wconf 89' lang='lat' dir='ltr'><strong>personis</strong></span> <span class='ocrx_word' id='word_1_634' title='bbox 3050 3750 3287 3818; x_wconf 87' lang='lat' dir='ltr'><strong>ejusdem</strong></span> <span class='ocrx_word' id='word_1_635' title='bbox 3332 3751 3644 3804; x_wconf 65' lang='lat' dir='ltr'><strong>substantia:</strong></span> 
     </span>
    </p>
   </div>
   <div class='ocr_carea' id='block_1_82' title="bbox 2069 3839 3644 3908">
    <p class='ocr_par' dir='ltr' id='par_1_82' title="bbox 2069 3839 3644 3908">
     <span class='ocr_line' id='line_1_82' title="bbox 2069 3839 3644 3908; baseline 0 -14"><span class='ocrx_word' id='word_1_636' title='bbox 2069 3841 2295 3907; x_wconf 88' lang='lat' dir='ltr'><strong>dicitur,</strong></span> <span class='ocrx_word' id='word_1_637' title='bbox 2335 3840 2477 3908; x_wconf 91' lang='lat' dir='ltr'><strong>quod</strong></span> <span class='ocrx_word' id='word_1_638' title='bbox 2516 3841 2569 3893; x_wconf 93' lang='lat' dir='ltr'><strong>in</strong></span> <span class='ocrx_word' id='word_1_639' title='bbox 2609 3849 2795 3894; x_wconf 87' lang='lat' dir='ltr'><strong>sancta</strong></span> <span class='ocrx_word' id='word_1_640' title='bbox 2837 3839 3095 3894; x_wconf 87' lang='lat' dir='ltr'><strong>Triuitate</strong></span> <span class='ocrx_word' id='word_1_641' title='bbox 3124 3840 3458 3895; x_wconf 89' lang='lat' dir='ltr'><strong>conﬁtemur.</strong></span> <span class='ocrx_word' id='word_1_642' title='bbox 3496 3841 3644 3895; x_wconf 79' lang='lat' dir='ltr'><strong>Unde</strong></span> 
     </span>
    </p>
   </div>
   <div class='ocr_carea' id='block_1_83' title="bbox 2074 3929 3646 4001">
    <p class='ocr_par' dir='ltr' id='par_1_83' title="bbox 2074 3929 3646 4001">
     <span class='ocr_line' id='line_1_83' title="bbox 2074 3929 3646 4001; baseline -0.001 -16"><span class='ocrx_word' id='word_1_643' title='bbox 2074 3941 2131 3985; x_wconf 88' lang='lat' dir='ltr'><strong>et</strong></span> <span class='ocrx_word' id='word_1_644' title='bbox 2156 3933 2325 3985; x_wconf 91' lang='lat' dir='ltr'><strong>sancti</strong></span> <span class='ocrx_word' id='word_1_645' title='bbox 2356 3929 2542 3984; x_wconf 85' lang='lat' dir='ltr'><strong>Patres</strong></span> <span class='ocrx_word' id='word_1_646' title='bbox 2569 3931 3153 3985; x_wconf 78' lang='lat' dir='ltr'><strong>anathematizaverunt</strong></span> <span class='ocrx_word' id='word_1_647' title='bbox 3191 3947 3285 3987; x_wconf 84' lang='lat' dir='ltr'><strong>eos</strong></span> <span class='ocrx_word' id='word_1_648' title='bbox 3311 3933 3400 4001; x_wconf 89' lang='lat' dir='ltr'><strong>qui</strong></span> <span class='ocrx_word' id='word_1_649' title='bbox 3432 3948 3526 4000; x_wconf 67' lang='lat' dir='ltr'><strong>per</strong></span> <span class='ocrx_word' id='word_1_650' title='bbox 3548 3948 3646 3984; x_wconf 80' lang='lat' dir='ltr'><strong>au-</strong></span> 
     </span>
    </p>
   </div>
   <div class='ocr_carea' id='block_1_84' title="bbox 2074 4022 3644 4091">
    <p class='ocr_par' dir='ltr' id='par_1_84' title="bbox 2074 4022 3644 4091">
     <span class='ocr_line' id='line_1_84' title="bbox 2074 4022 3644 4091; baseline -0.001 -15"><span class='ocrx_word' id='word_1_651' title='bbox 2074 4023 2398 4086; x_wconf 88' lang='lat' dir='ltr'><strong>ctoritatem,</strong></span> <span class='ocrx_word' id='word_1_652' title='bbox 2427 4030 2519 4075; x_wconf 89' lang='lat' dir='ltr'><strong>aut</strong></span> <span class='ocrx_word' id='word_1_653' title='bbox 2547 4022 2815 4086; x_wconf 87' lang='lat' dir='ltr'><strong>virtutem,</strong></span> <span class='ocrx_word' id='word_1_654' title='bbox 2847 4023 2959 4076; x_wconf 85' lang='lat' dir='ltr'><strong>sive</strong></span> <span class='ocrx_word' id='word_1_655' title='bbox 2988 4023 3304 4091; x_wconf 86' lang='lat' dir='ltr'><strong>potentiam,</strong></span> <span class='ocrx_word' id='word_1_656' title='bbox 3335 4031 3427 4076; x_wconf 91' lang='lat' dir='ltr'><strong>aut</strong></span> <span class='ocrx_word' id='word_1_657' title='bbox 3468 4024 3644 4091; x_wconf 78' lang='lat' dir='ltr'><strong>digni-</strong></span> 
     </span>
    </p>
   </div>
   <div class='ocr_carea' id='block_1_85' title="bbox 2076 4111 3650 4180">
    <p class='ocr_par' dir='ltr' id='par_1_85' title="bbox 2076 4111 3650 4180">
     <span class='ocr_line' id='line_1_85' title="bbox 2076 4111 3650 4180; baseline 0.001 -16"><span class='ocrx_word' id='word_1_658' title='bbox 2076 4120 2262 4176; x_wconf 91' lang='lat' dir='ltr'><strong>tatem,</strong></span> <span class='ocrx_word' id='word_1_659' title='bbox 2289 4119 2382 4165; x_wconf 90' lang='lat' dir='ltr'><strong>aut</strong></span> <span class='ocrx_word' id='word_1_660' title='bbox 2407 4111 2766 4180; x_wconf 75' lang='lat' dir='ltr'><strong>tequalitatem</strong></span> <span class='ocrx_word' id='word_1_661' title='bbox 2797 4112 3035 4176; x_wconf 87' lang='lat' dir='ltr'><strong>honoris,</strong></span> <span class='ocrx_word' id='word_1_662' title='bbox 3081 4111 3264 4166; x_wconf 91' lang='lat' dir='ltr'><strong>dicunt</strong></span> <span class='ocrx_word' id='word_1_663' title='bbox 3304 4111 3469 4164; x_wconf 91' lang='lat' dir='ltr'><strong>Deum</strong></span> <span class='ocrx_word' id='word_1_664' title='bbox 3510 4112 3650 4165; x_wconf 73' lang='lat' dir='ltr'><strong>Ver-</strong></span> 
     </span>
    </p>
   </div>
   <div class='ocr_carea' id='block_1_86' title="bbox 2075 4201 3644 4274">
    <p class='ocr_par' dir='ltr' id='par_1_86' title="bbox 2075 4201 3644 4274">
     <span class='ocr_line' id='line_1_86' title="bbox 2075 4201 3644 4274; baseline -0.002 -18"><span class='ocrx_word' id='word_1_665' title='bbox 2075 4203 2202 4256; x_wconf 90' lang='lat' dir='ltr'><strong>bum</strong></span> <span class='ocrx_word' id='word_1_666' title='bbox 2232 4204 2435 4256; x_wconf 87' lang='lat' dir='ltr'><strong>unitum</strong></span> <span class='ocrx_word' id='word_1_667' title='bbox 2463 4216 2582 4256; x_wconf 86' lang='lat' dir='ltr'><strong>esse</strong></span> <span class='ocrx_word' id='word_1_668' title='bbox 2622 4202 2834 4274; x_wconf 87' lang='lat' dir='ltr'><strong>Christo</strong></span> <span class='ocrx_word' id='word_1_669' title='bbox 2867 4218 2882 4268; x_wconf 89' lang='lat'><strong>;</strong></span> <span class='ocrx_word' id='word_1_670' title='bbox 2933 4216 3092 4271; x_wconf 89' lang='lat' dir='ltr'><strong>quem</strong></span> <span class='ocrx_word' id='word_1_671' title='bbox 3136 4216 3325 4269; x_wconf 89' lang='lat' dir='ltr'><strong>purum</strong></span> <span class='ocrx_word' id='word_1_672' title='bbox 3373 4201 3644 4254; x_wconf 77' lang='lat' dir='ltr'><strong>hominem</strong></span> 
     </span>
    </p>
   </div>
   <div class='ocr_carea' id='block_1_87' title="bbox 2077 4289 3648 4356">
    <p class='ocr_par' dir='ltr' id='par_1_87' title="bbox 2077 4289 3648 4356">
     <span class='ocr_line' id='line_1_87' title="bbox 2077 4289 3648 4356; baseline -0.001 -14"><span class='ocrx_word' id='word_1_673' title='bbox 2077 4301 2273 4346; x_wconf 86' lang='lat' dir='ltr'><strong>vocant</strong></span> <span class='ocrx_word' id='word_1_674' title='bbox 2289 4289 2556 4345; x_wconf 87' lang='lat' dir='ltr'><strong>Theodori</strong></span> <span class='ocrx_word' id='word_1_675' title='bbox 2583 4290 2879 4344; x_wconf 77' lang='lat' dir='ltr'><strong>etNeStorii</strong></span> <span class='ocrx_word' id='word_1_676' title='bbox 2910 4304 3182 4356; x_wconf 90' lang='lat' dir='ltr'><strong>sequaces,</strong></span> <span class='ocrx_word' id='word_1_677' title='bbox 3209 4291 3302 4344; x_wconf 90' lang='lat' dir='ltr'><strong>sed</strong></span> <span class='ocrx_word' id='word_1_678' title='bbox 3327 4306 3430 4342; x_wconf 88' lang='lat' dir='ltr'><strong>non</strong></span> <span class='ocrx_word' id='word_1_679' title='bbox 3459 4305 3648 4342; x_wconf 72' lang='lat' dir='ltr'><strong>secun-</strong></span> 
     </span>
    </p>
   </div>
   <div class='ocr_carea' id='block_1_88' title="bbox 2082 4379 3646 4436">
    <p class='ocr_par' dir='ltr' id='par_1_88' title="bbox 2082 4379 3646 4436">
     <span class='ocr_line' id='line_1_88' title="bbox 2082 4379 3646 4436; baseline -0.001 -2"><span class='ocrx_word' id='word_1_680' title='bbox 2082 4382 2207 4435; x_wconf 91' lang='lat' dir='ltr'><strong>dum</strong></span> <span class='ocrx_word' id='word_1_681' title='bbox 2236 4382 2632 4436; x_wconf 88' lang='lat' dir='ltr'><strong>subsistentiam</strong></span> <span class='ocrx_word' id='word_1_682' title='bbox 2662 4380 2757 4435; x_wconf 90' lang='lat' dir='ltr'><strong>Dei</strong></span> <span class='ocrx_word' id='word_1_683' title='bbox 2795 4379 2957 4435; x_wconf 79' lang='lat' dir='ltr'><strong>Verbi</strong></span> <span class='ocrx_word' id='word_1_684' title='bbox 2996 4380 3060 4433; x_wconf 91' lang='lat' dir='ltr'><strong>ad</strong></span> <span class='ocrx_word' id='word_1_685' title='bbox 3098 4395 3311 4435; x_wconf 88' lang='lat' dir='ltr'><strong>carnem</strong></span> <span class='ocrx_word' id='word_1_686' title='bbox 3349 4381 3646 4433; x_wconf 86' lang='lat' dir='ltr'><strong>animatam</strong></span> 
     </span>
    </p>
   </div>
   <div class='ocr_carea' id='block_1_89' title="bbox 396 4465 2348 4533">
    <p class='ocr_par' dir='ltr' id='par_1_89' title="bbox 396 4465 2348 4533">
     <span class='ocr_line' id='line_1_89' title="bbox 396 4465 2348 4533; baseline 0.004 -16"><span class='ocrx_word' id='word_1_687' title='bbox 396 4466 582 4520; x_wconf 85' lang='lat' dir='ltr'><strong>anima</strong></span> <span class='ocrx_word' id='word_1_688' title='bbox 608 4465 860 4521; x_wconf 88' lang='lat' dir='ltr'><strong>rationali</strong></span> <span class='ocrx_word' id='word_1_689' title='bbox 879 4475 935 4521; x_wconf 92' lang='lat' dir='ltr'><strong>et</strong></span> <span class='ocrx_word' id='word_1_690' title='bbox 962 4467 1330 4533; x_wconf 86' lang='lat' dir='ltr'><strong>intellectuali,</strong></span> <span class='ocrx_word' id='word_1_691' title='bbox 1347 4468 1608 4522; x_wconf 90' lang='lat' dir='ltr'><strong>unitatem</strong></span> <span class='ocrx_word' id='word_1_692' title='bbox 1635 4468 1828 4524; x_wconf 78' lang='lat' dir='ltr'><strong>factam</strong></span> <span class='ocrx_word' id='word_1_693' title='bbox 1850 4483 1969 4523; x_wconf 89' lang='lat' dir='ltr'><strong>esse</strong></span> <span class='ocrx_word' id='word_1_694' title='bbox 2004 4471 2348 4526; x_wconf 88' lang='lat' dir='ltr'><strong>conﬁtentur.</strong></span> 
     </span>
    </p>
   </div>
   <div class='ocr_carea' id='block_1_90' title="bbox 466 4558 1970 4635">
    <p class='ocr_par' dir='ltr' id='par_1_90' title="bbox 466 4558 1970 4635">
     <span class='ocr_line' id='line_1_90' title="bbox 466 4558 1970 4635; baseline 0.002 -24"><span class='ocrx_word' id='word_1_695' title='bbox 466 4561 576 4612; x_wconf 74' lang='grc' dir='ltr'><strong>Καί</strong></span> <span class='ocrx_word' id='word_1_696' title='bbox 612 4559 748 4635; x_wconf 73' lang='grc' dir='ltr'>ἤρκει</span> <span class='ocrx_word' id='word_1_697' title='bbox 783 4562 873 4627; x_wconf 79' lang='grc' dir='ltr'><strong>μὲν</strong></span> <span class='ocrx_word' id='word_1_698' title='bbox 902 4566 1067 4614; x_wconf 86' lang='grc' dir='ltr'>ταῦτα</span> <span class='ocrx_word' id='word_1_699' title='bbox 1103 4561 1320 4634; x_wconf 3' lang='grc' dir='ltr'>πρὸςγιτό</span> <span class='ocrx_word' id='word_1_700' title='bbox 1357 4558 1596 4630; x_wconf 78' lang='grc' dir='ltr'>διελέγξαι</span> <span class='ocrx_word' id='word_1_701' title='bbox 1622 4566 1712 4619; x_wconf 78' lang='grc' dir='ltr'>τήν</span> <span class='ocrx_word' id='word_1_702' title='bbox 1736 4561 1970 4615; x_wconf 82' lang='grc' dir='ltr'>ἀσέϐειαν</span> 
     </span>
    </p>
   </div>
   <div class='ocr_carea' id='block_1_91' title="bbox 2146 4557 3650 4630">
    <p class='ocr_par' dir='ltr' id='par_1_91' title="bbox 2146 4557 3650 4630">
     <span class='ocr_line' id='line_1_91' title="bbox 2146 4557 3650 4630; baseline -0.005 -16"><span class='ocrx_word' id='word_1_703' title='bbox 2146 4561 2211 4615; x_wconf 85' lang='grc' dir='ltr'><strong>Ει</strong></span> <span class='ocrx_word' id='word_1_704' title='bbox 2234 4563 2347 4616; x_wconf 57' lang='lat' dir='ltr'><strong>haec</strong></span> <span class='ocrx_word' id='word_1_705' title='bbox 2373 4562 2587 4630; x_wconf 90' lang='lat' dir='ltr'><strong>quidem</strong></span> <span class='ocrx_word' id='word_1_706' title='bbox 2619 4561 2958 4616; x_wconf 80' lang='lat' dir='ltr'><strong>sufﬁciebant</strong></span> <span class='ocrx_word' id='word_1_707' title='bbox 2985 4561 3050 4613; x_wconf 86' lang='lat' dir='ltr'><strong>ad</strong></span> <span class='ocrx_word' id='word_1_708' title='bbox 3081 4558 3502 4612; x_wconf 87' lang='lat' dir='ltr'><strong>convincendam</strong></span> <span class='ocrx_word' id='word_1_709' title='bbox 3547 4557 3650 4609; x_wconf 87' lang='lat' dir='ltr'><strong>im-</strong></span> 
     </span>
    </p>
   </div>
   <div class='ocr_carea' id='block_1_92' title="bbox 397 4648 1969 4730">
    <p class='ocr_par' dir='ltr' id='par_1_92' title="bbox 397 4648 1969 4722">
     <span class='ocr_line' id='line_1_92' title="bbox 397 4648 1969 4722; baseline 0 -18"><span class='ocrx_word' id='word_1_710' title='bbox 397 4657 500 4704; x_wconf 77' lang='grc' dir='ltr'>τῶν</span> <span class='ocrx_word' id='word_1_711' title='bbox 540 4648 864 4704; x_wconf 75' lang='grc' dir='ltr'>ἕκδικούντων</span> <span class='ocrx_word' id='word_1_712' title='bbox 904 4655 994 4707; x_wconf 78' lang='grc' dir='ltr'>τήν</span> <span class='ocrx_word' id='word_1_713' title='bbox 1035 4650 1270 4722; x_wconf 78' lang='grc' dir='ltr'>μυσαράν</span> <span class='ocrx_word' id='word_1_714' title='bbox 1312 4651 1491 4707; x_wconf 77' lang='grc' dir='ltr'>ἐκείνην</span> <span class='ocrx_word' id='word_1_715' title='bbox 1527 4652 1806 4709; x_wconf 77' lang='grc' dir='ltr'>ἐπιστολήν.</span> <span class='ocrx_word' id='word_1_716' title='bbox 1849 4653 1969 4710; x_wconf 70' lang='grc' dir='ltr'><strong>Πλὴν</strong></span> 
     </span>
    </p>
   </div>
   <div class='ocr_carea' id='block_1_93' title="bbox 2071 4648 3641 4730">
    <p class='ocr_par' dir='ltr' id='par_1_93' title="bbox 2076 4648 3641 4724">
     <span class='ocr_line' id='line_1_93' title="bbox 2076 4648 3641 4724; baseline -0.005 -16"><span class='ocrx_word' id='word_1_717' title='bbox 2076 4655 2330 4724; x_wconf 84' lang='lat' dir='ltr'><strong>pietatem</strong></span> <span class='ocrx_word' id='word_1_718' title='bbox 2351 4668 2536 4708; x_wconf 89' lang='lat' dir='ltr'><strong>eorum</strong></span> <span class='ocrx_word' id='word_1_719' title='bbox 2567 4655 2657 4722; x_wconf 90' lang='lat' dir='ltr'><strong>qui</strong></span> <span class='ocrx_word' id='word_1_720' title='bbox 2684 4654 2998 4708; x_wconf 90' lang='lat' dir='ltr'><strong>sceleratam</strong></span> <span class='ocrx_word' id='word_1_721' title='bbox 3028 4649 3309 4720; x_wconf 86' lang='lat' dir='ltr'><strong>epistolam</strong></span> <span class='ocrx_word' id='word_1_722' title='bbox 3343 4648 3641 4701; x_wconf 87' lang='lat' dir='ltr'><strong>vindicant:</strong></span> 
     </span>
    </p>
   </div>
   <div class='ocr_carea' id='block_1_94' title="bbox 399 4739 1976 4813">
    <p class='ocr_par' dir='ltr' id='par_1_94' title="bbox 399 4739 1976 4813">
     <span class='ocr_line' id='line_1_94' title="bbox 399 4739 1976 4813; baseline 0.002 -21"><span class='ocrx_word' id='word_1_723' title='bbox 399 4739 541 4810; x_wconf 76' lang='grc' dir='ltr'>ὅμως</span> <span class='ocrx_word' id='word_1_724' title='bbox 588 4743 668 4792; x_wconf 86' lang='grc' dir='ltr'><strong>καί</strong></span> <span class='ocrx_word' id='word_1_725' title='bbox 708 4742 839 4813; x_wconf 84' lang='grc' dir='ltr'>πρὸς</span> <span class='ocrx_word' id='word_1_726' title='bbox 868 4746 940 4807; x_wconf 86' lang='grc' dir='ltr'><strong>τῷ</strong></span> <span class='ocrx_word' id='word_1_727' title='bbox 979 4739 1104 4793; x_wconf 78' lang='grc' dir='ltr'>τέλει</span> <span class='ocrx_word' id='word_1_728' title='bbox 1130 4749 1220 4799; x_wconf 80' lang='grc' dir='ltr'><strong>τῆς</strong></span> <span class='ocrx_word' id='word_1_729' title='bbox 1258 4742 1416 4799; x_wconf 84' lang='grc' dir='ltr'>αύτῆς</span> <span class='ocrx_word' id='word_1_730' title='bbox 1447 4743 1708 4801; x_wconf 80' lang='grc' dir='ltr'>ἐπιστολῆς</span> <span class='ocrx_word' id='word_1_731' title='bbox 1737 4741 1762 4795; x_wconf 87' lang='grc' dir='ltr'>ὁ</span> <span class='ocrx_word' id='word_1_732' title='bbox 1787 4745 1976 4800; x_wconf 87' lang='grc' dir='ltr'>ταύτην</span> 
     </span>
    </p>
   </div>
   <div class='ocr_carea' id='block_1_95' title="bbox 399 4829 1980 4906">
    <p class='ocr_par' dir='ltr' id='par_1_95' title="bbox 399 4829 1980 4906">
     <span class='ocr_line' id='line_1_95' title="bbox 399 4829 1980 4906; baseline 0.002 -21"><span class='ocrx_word' id='word_1_733' title='bbox 399 4830 609 4906; x_wconf 65' lang='grc' dir='ltr'>γράψας</span> <span class='ocrx_word' id='word_1_734' title='bbox 629 4836 719 4888; x_wconf 78' lang='grc' dir='ltr'><strong>τήν</strong></span> <span class='ocrx_word' id='word_1_735' title='bbox 750 4829 878 4884; x_wconf 85' lang='grc' dir='ltr'>ἰδίαν</span> <span class='ocrx_word' id='word_1_736' title='bbox 904 4830 1125 4884; x_wconf 86' lang='grc' dir='ltr'>δείκνυσι</span> <span class='ocrx_word' id='word_1_737' title='bbox 1168 4829 1460 4892; x_wconf 69' lang='grc' dir='ltr'>κακοδοξίαν</span> <span class='ocrx_word' id='word_1_738' title='bbox 1485 4832 1658 4903; x_wconf 87' lang='grc' dir='ltr'>λέγων,</span> <span class='ocrx_word' id='word_1_739' title='bbox 1693 4832 1772 4888; x_wconf 81' lang='grc' dir='ltr'>ὅτι</span> <span class='ocrx_word' id='word_1_740' title='bbox 1799 4832 1878 4888; x_wconf 82' lang='grc' dir='ltr'><strong>δεῖ</strong></span> <span class='ocrx_word' id='word_1_741' title='bbox 1898 4855 1980 4888; x_wconf 89' lang='grc' dir='ltr'><strong>πι-</strong></span> 
     </span>
    </p>
   </div>
   <div class='ocr_carea' id='block_1_96' title="bbox 402 4923 1976 4997">
    <p class='ocr_par' dir='ltr' id='par_1_96' title="bbox 402 4923 1976 4997">
     <span class='ocr_line' id='line_1_96' title="bbox 402 4923 1976 4997; baseline 0.001 -21"><span class='ocrx_word' id='word_1_742' title='bbox 402 4924 607 4976; x_wconf 85' lang='grc' dir='ltr'>στεύειν</span> <span class='ocrx_word' id='word_1_743' title='bbox 628 4925 697 4980; x_wconf 70' lang='lat' dir='ltr'><strong>ei;</strong></span> <span class='ocrx_word' id='word_1_744' title='bbox 726 4924 808 4975; x_wconf 85' lang='grc' dir='ltr'><strong>τὸν</strong></span> <span class='ocrx_word' id='word_1_745' title='bbox 834 4923 946 4974; x_wconf 82' lang='grc' dir='ltr'>ναὸν</span> <span class='ocrx_word' id='word_1_746' title='bbox 971 4926 1055 4974; x_wconf 86' lang='grc' dir='ltr'><strong>καί</strong></span> <span class='ocrx_word' id='word_1_747' title='bbox 1089 4924 1160 4982; x_wconf 89' lang='grc' dir='ltr'><strong>εἰς</strong></span> <span class='ocrx_word' id='word_1_748' title='bbox 1177 4923 1264 4975; x_wconf 86' lang='grc' dir='ltr'>τὸν</span> <span class='ocrx_word' id='word_1_749' title='bbox 1292 4923 1567 4979; x_wconf 84' lang='grc' dir='ltr'>ἐνοικοῦντα</span> <span class='ocrx_word' id='word_1_750' title='bbox 1594 4925 1646 4978; x_wconf 70' lang='grc' dir='ltr'><strong>ἓν</strong></span> <span class='ocrx_word' id='word_1_751' title='bbox 1673 4931 1744 4994; x_wconf 86' lang='grc' dir='ltr'>τῷ</span> <span class='ocrx_word' id='word_1_752' title='bbox 1777 4933 1902 4997; x_wconf 80' lang='grc' dir='ltr'>ναῷ,</span> <span class='ocrx_word' id='word_1_753' title='bbox 1925 4926 1976 4979; x_wconf 82' lang='grc' dir='ltr'><strong>έν</strong></span> 
     </span>
    </p>
   </div>
   <div class='ocr_carea' id='block_1_97' title="bbox 403 5009 1974 5089">
    <p class='ocr_par' dir='ltr' id='par_1_97' title="bbox 403 5009 1974 5089">
     <span class='ocr_line' id='line_1_97' title="bbox 403 5009 1974 5089; baseline 0.003 -25"><span class='ocrx_word' id='word_1_754' title='bbox 403 5011 472 5072; x_wconf 61' lang='grc' dir='ltr'>εἷς</span> <span class='ocrx_word' id='word_1_755' title='bbox 503 5020 726 5088; x_wconf 73' lang='grc' dir='ltr'>φανερῶς</span> <span class='ocrx_word' id='word_1_756' title='bbox 749 5011 840 5066; x_wconf 89' lang='grc' dir='ltr'><strong>δύο</strong></span> <span class='ocrx_word' id='word_1_757' title='bbox 875 5014 1062 5083; x_wconf 80' lang='grc' dir='ltr'>εἰσάγει</span> <span class='ocrx_word' id='word_1_758' title='bbox 1085 5009 1360 5089; x_wconf 85' lang='grc' dir='ltr'>πρόσωπα.</span> <span class='ocrx_word' id='word_1_759' title='bbox 1384 5014 1524 5068; x_wconf 79' lang='grc' dir='ltr'>Ἀλλά</span> <span class='ocrx_word' id='word_1_760' title='bbox 1556 5018 1640 5069; x_wconf 87' lang='grc' dir='ltr'><strong>καί</strong></span> <span class='ocrx_word' id='word_1_761' title='bbox 1672 5013 1859 5073; x_wconf 83' lang='grc' dir='ltr'>ταύτην</span> <span class='ocrx_word' id='word_1_762' title='bbox 1887 5022 1974 5074; x_wconf 73' lang='grc' dir='ltr'>τήν</span> 
     </span>
    </p>
   </div>
   <div class='ocr_carea' id='block_1_98' title="bbox 404 5103 1977 5180">
    <p class='ocr_par' dir='ltr' id='par_1_98' title="bbox 404 5103 1977 5180">
     <span class='ocr_line' id='line_1_98' title="bbox 404 5103 1977 5180; baseline 0.003 -23"><span class='ocrx_word' id='word_1_763' title='bbox 404 5105 639 5160; x_wconf 69' lang='grc' dir='ltr'>ἀσέϐειαν</span> <span class='ocrx_word' id='word_1_764' title='bbox 665 5103 692 5158; x_wconf 87' lang='grc' dir='ltr'>ὁ</span> <span class='ocrx_word' id='word_1_765' title='bbox 718 5104 919 5178; x_wconf 67' lang='grc' dir='ltr'>γράψας</span> <span class='ocrx_word' id='word_1_766' title='bbox 961 5111 1051 5162; x_wconf 68' lang='grc' dir='ltr'><strong>τόν</strong></span> <span class='ocrx_word' id='word_1_767' title='bbox 1089 5107 1354 5163; x_wconf 75' lang='grc' dir='ltr'>ἐπιστολήν</span> <span class='ocrx_word' id='word_1_768' title='bbox 1393 5109 1539 5180; x_wconf 84' lang='grc' dir='ltr'><strong>παρά</strong></span> <span class='ocrx_word' id='word_1_769' title='bbox 1584 5106 1862 5177; x_wconf 82' lang='grc' dir='ltr'>Θεοδώρου,</span> <span class='ocrx_word' id='word_1_770' title='bbox 1894 5112 1977 5163; x_wconf 83' lang='grc' dir='ltr'><strong>καί</strong></span> 
     </span>
    </p>
   </div>
   <div class='ocr_carea' id='block_1_99' title="bbox 403 5193 1976 5268">
    <p class='ocr_par' dir='ltr' id='par_1_99' title="bbox 403 5193 1976 5268">
     <span class='ocr_line' id='line_1_99' title="bbox 403 5193 1976 5268; baseline 0 -18"><span class='ocrx_word' id='word_1_771' title='bbox 403 5199 677 5268; x_wconf 73' lang='grc' dir='ltr'>Νεστορίου</span> <span class='ocrx_word' id='word_1_772' title='bbox 728 5194 994 5263; x_wconf 79' lang='grc' dir='ltr'>ἐδιδάχθη.</span> <span class='ocrx_word' id='word_1_773' title='bbox 1041 5193 1094 5248; x_wconf 78' lang='grc' dir='ltr'><strong>Ἠ</strong></span> <span class='ocrx_word' id='word_1_774' title='bbox 1123 5197 1288 5264; x_wconf 81' lang='grc' dir='ltr'>μέντοι</span> <span class='ocrx_word' id='word_1_775' title='bbox 1337 5197 1565 5254; x_wconf 75' lang='grc' dir='ltr'>καθολικὴ</span> <span class='ocrx_word' id='word_1_776' title='bbox 1619 5198 1851 5256; x_wconf 79' lang='grc' dir='ltr'>ἐκκλησία</span> <span class='ocrx_word' id='word_1_777' title='bbox 1887 5205 1976 5257; x_wconf 80' lang='grc' dir='ltr'>τήν</span> 
     </span>
    </p>
   </div>
   <div class='ocr_carea' id='block_1_100' title="bbox 403 5283 1980 5359">
    <p class='ocr_par' dir='ltr' id='par_1_100' title="bbox 403 5283 1980 5359">
     <span class='ocr_line' id='line_1_100' title="bbox 403 5283 1980 5359; baseline 0.001 -21"><span class='ocrx_word' id='word_1_778' title='bbox 403 5286 644 5342; x_wconf 79' lang='grc' dir='ltr'>τοιαύτην</span> <span class='ocrx_word' id='word_1_779' title='bbox 675 5283 962 5348; x_wconf 82' lang='grc' dir='ltr'>κακοδοξίαν</span> <span class='ocrx_word' id='word_1_780' title='bbox 997 5288 1372 5359; x_wconf 85' lang='grc' dir='ltr'>κατακρίνουσα</span> <span class='ocrx_word' id='word_1_781' title='bbox 1393 5289 1515 5357; x_wconf 90' lang='grc' dir='ltr'><strong>ούχί</strong></span> <span class='ocrx_word' id='word_1_782' title='bbox 1542 5289 1612 5346; x_wconf 85' lang='grc' dir='ltr'><strong>εἰς</strong></span> <span class='ocrx_word' id='word_1_783' title='bbox 1633 5290 1720 5340; x_wconf 85' lang='grc' dir='ltr'><strong>τόν</strong></span> <span class='ocrx_word' id='word_1_784' title='bbox 1746 5289 1861 5340; x_wconf 86' lang='grc' dir='ltr'>ναόν</span> <span class='ocrx_word' id='word_1_785' title='bbox 1899 5291 1980 5341; x_wconf 85' lang='grc' dir='ltr'><strong>καί</strong></span> 
     </span>
    </p>
   </div>
   <div class='ocr_carea' id='block_1_101' title="bbox 403 5375 1980 5451">
    <p class='ocr_par' dir='ltr' id='par_1_101' title="bbox 403 5375 1980 5451">
     <span class='ocr_line' id='line_1_101' title="bbox 403 5375 1980 5451; baseline -0.001 -18"><span class='ocrx_word' id='word_1_786' title='bbox 403 5400 423 5433; x_wconf 83' lang='grc' dir='ltr'><strong>ε</strong></span> <span class='ocrx_word' id='word_1_787' title='bbox 449 5399 474 5436; x_wconf 82' lang='grc' dir='ltr'><strong>ς</strong></span> <span class='ocrx_word' id='word_1_788' title='bbox 496 5378 580 5431; x_wconf 84' lang='grc' dir='ltr'>τὸν</span> <span class='ocrx_word' id='word_1_789' title='bbox 605 5379 894 5430; x_wconf 82' lang='grc' dir='ltr'>ἐνοικοῦντα</span> <span class='ocrx_word' id='word_1_790' title='bbox 923 5377 971 5428; x_wconf 82' lang='grc' dir='ltr'>έν</span> <span class='ocrx_word' id='word_1_791' title='bbox 997 5383 1069 5446; x_wconf 86' lang='grc' dir='ltr'>τῷ</span> <span class='ocrx_word' id='word_1_792' title='bbox 1095 5384 1217 5448; x_wconf 84' lang='grc' dir='ltr'>ναῷ,</span> <span class='ocrx_word' id='word_1_793' title='bbox 1256 5376 1359 5428; x_wconf 85' lang='grc' dir='ltr'>ἀλλ’</span> <span class='ocrx_word' id='word_1_794' title='bbox 1384 5381 1454 5436; x_wconf 83' lang='grc' dir='ltr'><strong>εἰς</strong></span> <span class='ocrx_word' id='word_1_795' title='bbox 1479 5379 1567 5430; x_wconf 83' lang='grc' dir='ltr'>ἕνα</span> <span class='ocrx_word' id='word_1_796' title='bbox 1594 5376 1761 5451; x_wconf 82' lang='grc' dir='ltr'>κύριον</span> <span class='ocrx_word' id='word_1_797' title='bbox 1788 5375 1980 5434; x_wconf 71' lang='grc' dir='ltr'>Ἰησοῦν</span> 
     </span>
    </p>
   </div>
   <div class='ocr_carea' id='block_1_102' title="bbox 404 5466 1981 5541">
    <p class='ocr_par' dir='ltr' id='par_1_102' title="bbox 404 5466 1981 5541">
     <span class='ocr_line' id='line_1_102' title="bbox 404 5466 1981 5541; baseline 0 -21"><span class='ocrx_word' id='word_1_798' title='bbox 404 5468 621 5539; x_wconf 81' lang='grc' dir='ltr'>Χριστὸν</span> <span class='ocrx_word' id='word_1_799' title='bbox 647 5471 733 5520; x_wconf 74' lang='grc' dir='ltr'><strong>τόν</strong></span> <span class='ocrx_word' id='word_1_800' title='bbox 769 5472 861 5520; x_wconf 86' lang='grc' dir='ltr'><strong>τοῦ</strong></span> <span class='ocrx_word' id='word_1_801' title='bbox 902 5473 1028 5520; x_wconf 77' lang='grc' dir='ltr'>Θεοῦ</span> <span class='ocrx_word' id='word_1_802' title='bbox 1068 5466 1213 5535; x_wconf 88' lang='grc' dir='ltr'>λόγον</span> <span class='ocrx_word' id='word_1_803' title='bbox 1258 5468 1594 5541; x_wconf 84' lang='grc' dir='ltr'>σαρκωθέντα,</span> <span class='ocrx_word' id='word_1_804' title='bbox 1631 5470 1713 5520; x_wconf 83' lang='grc' dir='ltr'><strong>καί</strong></span> <span class='ocrx_word' id='word_1_805' title='bbox 1749 5467 1981 5540; x_wconf 81' lang='grc' dir='ltr'>ένανθρω-</span> 
     </span>
    </p>
   </div>
   <div class='ocr_carea' id='block_1_103' title="bbox 405 5555 1977 5631">
    <p class='ocr_par' dir='ltr' id='par_1_103' title="bbox 405 5555 1977 5631">
     <span class='ocr_line' id='line_1_103' title="bbox 405 5555 1977 5631; baseline 0.002 -23"><span class='ocrx_word' id='word_1_806' title='bbox 405 5564 638 5616; x_wconf 73' lang='grc' dir='ltr'>πύσαντα</span> <span class='ocrx_word' id='word_1_807' title='bbox 661 5558 940 5630; x_wconf 82' lang='grc' dir='ltr'>ὁμολογεῖν,</span> <span class='ocrx_word' id='word_1_808' title='bbox 964 5563 1043 5612; x_wconf 79' lang='grc' dir='ltr'><strong>καὶ</strong></span> <span class='ocrx_word' id='word_1_809' title='bbox 1069 5560 1325 5612; x_wconf 88' lang='grc' dir='ltr'>πιστεύειν</span> <span class='ocrx_word' id='word_1_810' title='bbox 1350 5555 1717 5631; x_wconf 83' lang='grc' dir='ltr'>παραδίδωσιν.</span> <span class='ocrx_word' id='word_1_811' title='bbox 1747 5557 1902 5612; x_wconf 88' lang='grc' dir='ltr'>Ούδέν</span> <span class='ocrx_word' id='word_1_812' title='bbox 1924 5558 1977 5611; x_wconf 81' lang='grc' dir='ltr'><strong>δέ</strong></span> 
     </span>
    </p>
   </div>
   <div class='ocr_carea' id='block_1_104' title="bbox 405 5646 1977 5723">
    <p class='ocr_par' dir='ltr' id='par_1_104' title="bbox 405 5646 1977 5723">
     <span class='ocr_line' id='line_1_104' title="bbox 405 5646 1977 5723; baseline -0.001 -22"><span class='ocrx_word' id='word_1_813' title='bbox 405 5650 711 5720; x_wconf 45' lang='grc' dir='ltr'>θαυμαστὸν,</span> <span class='ocrx_word' id='word_1_814' title='bbox 749 5651 792 5704; x_wconf 87' lang='grc' dir='ltr'><strong>εί</strong></span> <span class='ocrx_word' id='word_1_815' title='bbox 816 5655 877 5723; x_wconf 76' lang='grc' dir='ltr'>τῇ</span> <span class='ocrx_word' id='word_1_816' title='bbox 903 5656 1002 5702; x_wconf 70' lang='grc' dir='ltr'>τῶν</span> <span class='ocrx_word' id='word_1_817' title='bbox 1034 5646 1230 5718; x_wconf 79' lang='grc' dir='ltr'>φύσεων</span> <span class='ocrx_word' id='word_1_818' title='bbox 1267 5649 1516 5720; x_wconf 73' lang='grc' dir='ltr'>ὀνομασίᾳ</span> <span class='ocrx_word' id='word_1_819' title='bbox 1545 5649 1807 5720; x_wconf 81' lang='grc' dir='ltr'>ἐχρήσατο</span> <span class='ocrx_word' id='word_1_820' title='bbox 1837 5646 1863 5702; x_wconf 81' lang='grc' dir='ltr'>ὁ</span> <span class='ocrx_word' id='word_1_821' title='bbox 1887 5654 1977 5705; x_wconf 72' lang='grc' dir='ltr'>τήν</span> 
     </span>
    </p>
   </div>
   <div class='ocr_carea' id='block_1_105' title="bbox 406 5735 1978 5813">
    <p class='ocr_par' dir='ltr' id='par_1_105' title="bbox 406 5735 1978 5813">
     <span class='ocr_line' id='line_1_105' title="bbox 406 5735 1978 5813; baseline -0.001 -21"><span class='ocrx_word' id='word_1_822' title='bbox 406 5740 569 5799; x_wconf 72' lang='grc' dir='ltr'>ἀσεϐῆ</span> <span class='ocrx_word' id='word_1_823' title='bbox 592 5741 774 5798; x_wconf 73' lang='grc' dir='ltr'>ἐκείνην</span> <span class='ocrx_word' id='word_1_824' title='bbox 800 5741 1062 5797; x_wconf 67' lang='grc' dir='ltr'>ἐπιστολήν</span> <span class='ocrx_word' id='word_1_825' title='bbox 1084 5737 1310 5813; x_wconf 63' lang='grc' dir='ltr'><strong>γράψας⁸</strong></span> <span class='ocrx_word' id='word_1_826' title='bbox 1330 5735 1441 5797; x_wconf 70' lang='grc' dir='ltr'>ἔθος</span> <span class='ocrx_word' id='word_1_827' title='bbox 1461 5741 1560 5810; x_wconf 80' lang='grc' dir='ltr'>γὰρ</span> <span class='ocrx_word' id='word_1_828' title='bbox 1580 5744 1684 5796; x_wconf 80' lang='grc' dir='ltr'>τοῖς</span> <span class='ocrx_word' id='word_1_829' title='bbox 1708 5737 1978 5812; x_wconf 83' lang='grc' dir='ltr'>αἰρετικοῐς</span> 
     </span>
    </p>
   </div>
   <div class='ocr_carea' id='block_1_106' title="bbox 409 5825 1978 5901">
    <p class='ocr_par' dir='ltr' id='par_1_106' title="bbox 409 5825 1978 5901">
     <span class='ocr_line' id='line_1_106' title="bbox 409 5825 1978 5901; baseline -0.001 -19"><span class='ocrx_word' id='word_1_830' title='bbox 409 5834 538 5900; x_wconf 73' lang='grc' dir='ltr'>πρὸς</span> <span class='ocrx_word' id='word_1_831' title='bbox 575 5833 775 5888; x_wconf 72' lang='grc' dir='ltr'>ἀπάτην</span> <span class='ocrx_word' id='word_1_832' title='bbox 804 5836 904 5882; x_wconf 85' lang='grc' dir='ltr'>τῶν</span> <span class='ocrx_word' id='word_1_833' title='bbox 932 5827 1291 5901; x_wconf 75' lang='grc' dir='ltr'>ἁπλουστέρων</span> <span class='ocrx_word' id='word_1_834' title='bbox 1329 5834 1442 5885; x_wconf 73' lang='grc' dir='ltr'>ταῖς</span> <span class='ocrx_word' id='word_1_835' title='bbox 1484 5829 1628 5898; x_wconf 83' lang='grc' dir='ltr'><strong>παρά</strong></span> <span class='ocrx_word' id='word_1_836' title='bbox 1655 5833 1750 5880; x_wconf 85' lang='grc' dir='ltr'><strong>τῶν</strong></span> <span class='ocrx_word' id='word_1_837' title='bbox 1788 5825 1978 5899; x_wconf 83' lang='grc' dir='ltr'>ὀρθοδὸ-</span> 
     </span>
    </p>
   </div>
   <div class='ocr_carea' id='block_1_107' title="bbox 408 5919 1957 5990">
    <p class='ocr_par' dir='ltr' id='par_1_107' title="bbox 408 5919 1957 5990">
     <span class='ocr_line' id='line_1_107' title="bbox 408 5919 1957 5990; baseline -0.003 -16"><span class='ocrx_word' id='word_1_838' title='bbox 408 5927 502 5986; x_wconf 64' lang='lat' dir='ltr'><strong>{mu</strong></span> <span class='ocrx_word' id='word_1_839' title='bbox 527 5924 747 5982; x_wconf 66' lang='grc' dir='ltr'>εὐσεϐῶς</span> <span class='ocrx_word' id='word_1_840' title='bbox 783 5922 1066 5989; x_wconf 75' lang='grc' dir='ltr'>λεγομέναις</span> <span class='ocrx_word' id='word_1_841' title='bbox 1094 5925 1280 5990; x_wconf 53' lang='grc' dir='ltr'>φωναῖς</span> <span class='ocrx_word' id='word_1_842' title='bbox 1319 5920 1628 5987; x_wconf 80' lang='grc' dir='ltr'>κεχρῆσθαι,</span> <span class='ocrx_word' id='word_1_843' title='bbox 1658 5921 1741 5972; x_wconf 83' lang='grc' dir='ltr'><strong>καί</strong></span> <span class='ocrx_word' id='word_1_844' title='bbox 1784 5923 1870 5976; x_wconf 73' lang='grc' dir='ltr'><strong>τόν</strong></span> <span class='ocrx_word' id='word_1_845' title='bbox 1903 5919 1957 5972; x_wconf 66' lang='lat' dir='ltr'><strong>es</strong></span> 
     </span>
    </p>
   </div>
   <div class='ocr_carea' id='block_1_108' title="bbox 2076 4736 3652 4812">
    <p class='ocr_par' dir='ltr' id='par_1_108' title="bbox 2076 4736 3652 4812">
     <span class='ocr_line' id='line_1_108' title="bbox 2076 4736 3652 4812; baseline -0.004 -15"><span class='ocrx_word' id='word_1_846' title='bbox 2076 4752 2256 4798; x_wconf 88' lang='lat' dir='ltr'><strong>tamen</strong></span> <span class='ocrx_word' id='word_1_847' title='bbox 2287 4750 2342 4798; x_wconf 92' lang='lat' dir='ltr'><strong>et</strong></span> <span class='ocrx_word' id='word_1_848' title='bbox 2379 4743 2431 4797; x_wconf 89' lang='lat' dir='ltr'><strong>in</strong></span> <span class='ocrx_word' id='word_1_849' title='bbox 2465 4741 2570 4797; x_wconf 89' lang='lat' dir='ltr'><strong>ﬁne</strong></span> <span class='ocrx_word' id='word_1_850' title='bbox 2611 4743 2842 4812; x_wconf 89' lang='lat' dir='ltr'><strong>scriptor</strong></span> <span class='ocrx_word' id='word_1_851' title='bbox 2871 4741 3108 4809; x_wconf 85' lang='lat' dir='ltr'><strong>ejusdem</strong></span> <span class='ocrx_word' id='word_1_852' title='bbox 3146 4740 3385 4809; x_wconf 66' lang='lat' dir='ltr'><strong>epistola:</strong></span> <span class='ocrx_word' id='word_1_853' title='bbox 3415 4736 3652 4792; x_wconf 86' lang='lat' dir='ltr'><strong>ostendit</strong></span> 
     </span>
    </p>
   </div>
   <div class='ocr_carea' id='block_1_109' title="bbox 2077 4831 3649 4904">
    <p class='ocr_par' dir='ltr' id='par_1_109' title="bbox 2077 4831 3649 4904">
     <span class='ocr_line' id='line_1_109' title="bbox 2077 4831 3649 4904; baseline -0.005 -15"><span class='ocrx_word' id='word_1_854' title='bbox 2077 4850 2226 4889; x_wconf 86' lang='lat' dir='ltr'><strong>suam</strong></span> <span class='ocrx_word' id='word_1_855' title='bbox 2253 4833 2566 4904; x_wconf 85' lang='lat' dir='ltr'><strong>perﬁdiam,</strong></span> <span class='ocrx_word' id='word_1_856' title='bbox 2598 4833 2831 4888; x_wconf 88' lang='lat' dir='ltr'><strong>dicendo</strong></span> <span class='ocrx_word' id='word_1_857' title='bbox 2876 4833 3019 4902; x_wconf 89' lang='lat' dir='ltr'><strong>quod</strong></span> <span class='ocrx_word' id='word_1_858' title='bbox 3066 4839 3282 4901; x_wconf 88' lang='lat' dir='ltr'><strong>oportet</strong></span> <span class='ocrx_word' id='word_1_859' title='bbox 3326 4833 3547 4884; x_wconf 89' lang='lat' dir='ltr'><strong>credere</strong></span> <span class='ocrx_word' id='word_1_860' title='bbox 3594 4831 3649 4882; x_wconf 83' lang='lat' dir='ltr'><strong>in</strong></span> 
     </span>
    </p>
   </div>
   <div class='ocr_carea' id='block_1_110' title="bbox 2077 4922 3649 4992">
    <p class='ocr_par' dir='ltr' id='par_1_110' title="bbox 2077 4922 3649 4992">
     <span class='ocr_line' id='line_1_110' title="bbox 2077 4922 3649 4992; baseline -0.004 -15"><span class='ocrx_word' id='word_1_861' title='bbox 2077 4925 2356 4992; x_wconf 88' lang='lat' dir='ltr'><strong>templum,</strong></span> <span class='ocrx_word' id='word_1_862' title='bbox 2388 4932 2442 4978; x_wconf 88' lang='lat' dir='ltr'><strong>et</strong></span> <span class='ocrx_word' id='word_1_863' title='bbox 2470 4924 2523 4976; x_wconf 91' lang='lat' dir='ltr'><strong>in</strong></span> <span class='ocrx_word' id='word_1_864' title='bbox 2552 4939 2672 4978; x_wconf 90' lang='lat' dir='ltr'><strong>eum</strong></span> <span class='ocrx_word' id='word_1_865' title='bbox 2707 4923 2799 4992; x_wconf 89' lang='lat' dir='ltr'><strong>qui</strong></span> <span class='ocrx_word' id='word_1_866' title='bbox 2828 4923 3033 4977; x_wconf 90' lang='lat' dir='ltr'><strong>habitat</strong></span> <span class='ocrx_word' id='word_1_867' title='bbox 3059 4922 3110 4975; x_wconf 81' lang='lat' dir='ltr'><strong>in</strong></span> <span class='ocrx_word' id='word_1_868' title='bbox 3141 4922 3340 4990; x_wconf 90' lang='lat' dir='ltr'><strong>templo</strong></span> <span class='ocrx_word' id='word_1_869' title='bbox 3367 4938 3378 4972; x_wconf 92' lang='lat'>:</span> <span class='ocrx_word' id='word_1_870' title='bbox 3409 4936 3504 4989; x_wconf 89' lang='lat' dir='ltr'><strong>per</strong></span> <span class='ocrx_word' id='word_1_871' title='bbox 3531 4935 3649 4988; x_wconf 72' lang='lat' dir='ltr'><strong>quas</strong></span> 
     </span>
    </p>
   </div>
   <div class='ocr_carea' id='block_1_111' title="bbox 2077 5009 3651 5085">
    <p class='ocr_par' dir='ltr' id='par_1_111' title="bbox 2077 5009 3651 5085">
     <span class='ocr_line' id='line_1_111' title="bbox 2077 5009 3651 5085; baseline -0.006 -16"><span class='ocrx_word' id='word_1_872' title='bbox 2077 5022 2263 5085; x_wconf 89' lang='lat' dir='ltr'><strong>aperte</strong></span> <span class='ocrx_word' id='word_1_873' title='bbox 2288 5015 2420 5069; x_wconf 88' lang='lat' dir='ltr'><strong>duas</strong></span> <span class='ocrx_word' id='word_1_874' title='bbox 2441 5015 2730 5068; x_wconf 88' lang='lat' dir='ltr'><strong>introducit</strong></span> <span class='ocrx_word' id='word_1_875' title='bbox 2757 5029 3032 5082; x_wconf 87' lang='lat' dir='ltr'><strong>personas.</strong></span> <span class='ocrx_word' id='word_1_876' title='bbox 3064 5011 3168 5065; x_wconf 88' lang='lat' dir='ltr'><strong>Sed</strong></span> <span class='ocrx_word' id='word_1_877' title='bbox 3191 5019 3247 5064; x_wconf 88' lang='lat' dir='ltr'><strong>et</strong></span> <span class='ocrx_word' id='word_1_878' title='bbox 3274 5011 3427 5069; x_wconf 79' lang='lat' dir='ltr'><strong>istam</strong></span> <span class='ocrx_word' id='word_1_879' title='bbox 3460 5009 3651 5076; x_wconf 81' lang='lat' dir='ltr'><strong>impie-</strong></span> 
     </span>
    </p>
   </div>
   <div class='ocr_carea' id='block_1_112' title="bbox 2077 5095 3650 5167">
    <p class='ocr_par' dir='ltr' id='par_1_112' title="bbox 2077 5095 3650 5167">
     <span class='ocr_line' id='line_1_112' title="bbox 2077 5095 3650 5167; baseline -0.008 -8"><span class='ocrx_word' id='word_1_880' title='bbox 2077 5115 2240 5159; x_wconf 89' lang='lat' dir='ltr'><strong>tatem</strong></span> <span class='ocrx_word' id='word_1_881' title='bbox 2265 5119 2295 5159; x_wconf 89' lang='lat' dir='ltr'><strong>a</strong></span> <span class='ocrx_word' id='word_1_882' title='bbox 2325 5104 2611 5159; x_wconf 88' lang='lat' dir='ltr'><strong>Theodoro</strong></span> <span class='ocrx_word' id='word_1_883' title='bbox 2642 5112 2695 5157; x_wconf 90' lang='lat' dir='ltr'><strong>et</strong></span> <span class='ocrx_word' id='word_1_884' title='bbox 2719 5103 2968 5156; x_wconf 86' lang='lat' dir='ltr'><strong>Nestorio</strong></span> <span class='ocrx_word' id='word_1_885' title='bbox 2992 5101 3225 5167; x_wconf 88' lang='lat' dir='ltr'><strong>scriptor</strong></span> <span class='ocrx_word' id='word_1_886' title='bbox 3250 5095 3490 5166; x_wconf 71' lang='lat' dir='ltr'><strong>epistola:</strong></span> <span class='ocrx_word' id='word_1_887' title='bbox 3519 5096 3650 5148; x_wconf 88' lang='lat' dir='ltr'><strong>cdo-</strong></span> 
     </span>
    </p>
   </div>
   <div class='ocr_carea' id='block_1_113' title="bbox 2078 5184 3648 5250">
    <p class='ocr_par' dir='ltr' id='par_1_113' title="bbox 2078 5184 3648 5250">
     <span class='ocr_line' id='line_1_113' title="bbox 2078 5184 3648 5250; baseline -0.01 0"><span class='ocrx_word' id='word_1_888' title='bbox 2078 5204 2194 5250; x_wconf 87' lang='lat' dir='ltr'><strong>ctus</strong></span> <span class='ocrx_word' id='word_1_889' title='bbox 2222 5203 2322 5250; x_wconf 87' lang='lat' dir='ltr'><strong>est.</strong></span> <span class='ocrx_word' id='word_1_890' title='bbox 2365 5194 2640 5248; x_wconf 88' lang='lat' dir='ltr'><strong>Catholica</strong></span> <span class='ocrx_word' id='word_1_891' title='bbox 2671 5200 2850 5245; x_wconf 86' lang='lat' dir='ltr'><strong>autem</strong></span> <span class='ocrx_word' id='word_1_892' title='bbox 2889 5189 3130 5244; x_wconf 88' lang='lat' dir='ltr'><strong>Ecclesia</strong></span> <span class='ocrx_word' id='word_1_893' title='bbox 3181 5189 3340 5239; x_wconf 90' lang='lat' dir='ltr'><strong>talem</strong></span> <span class='ocrx_word' id='word_1_894' title='bbox 3389 5184 3648 5239; x_wconf 87' lang='lat' dir='ltr'><strong>condem-</strong></span> 
     </span>
    </p>
   </div>
   <div class='ocr_carea' id='block_1_114' title="bbox 2081 5275 3649 5356">
    <p class='ocr_par' dir='ltr' id='par_1_114' title="bbox 2081 5275 3649 5356">
     <span class='ocr_line' id='line_1_114' title="bbox 2081 5275 3649 5356; baseline -0.01 -15"><span class='ocrx_word' id='word_1_895' title='bbox 2081 5303 2213 5342; x_wconf 89' lang='lat' dir='ltr'><strong>nans</strong></span> <span class='ocrx_word' id='word_1_896' title='bbox 2234 5287 2536 5356; x_wconf 86' lang='lat' dir='ltr'><strong>perﬁdiam,</strong></span> <span class='ocrx_word' id='word_1_897' title='bbox 2563 5301 2668 5339; x_wconf 91' lang='lat' dir='ltr'><strong>non</strong></span> <span class='ocrx_word' id='word_1_898' title='bbox 2700 5285 2752 5336; x_wconf 88' lang='lat' dir='ltr'><strong>in</strong></span> <span class='ocrx_word' id='word_1_899' title='bbox 2781 5283 3060 5350; x_wconf 87' lang='lat' dir='ltr'><strong>templum,</strong></span> <span class='ocrx_word' id='word_1_900' title='bbox 3080 5290 3135 5333; x_wconf 88' lang='lat' dir='ltr'><strong>et</strong></span> <span class='ocrx_word' id='word_1_901' title='bbox 3161 5280 3214 5331; x_wconf 90' lang='lat' dir='ltr'><strong>in</strong></span> <span class='ocrx_word' id='word_1_902' title='bbox 3242 5293 3363 5332; x_wconf 89' lang='lat' dir='ltr'><strong>eum</strong></span> <span class='ocrx_word' id='word_1_903' title='bbox 3384 5276 3476 5343; x_wconf 85' lang='lat' dir='ltr'><strong>qui</strong></span> <span class='ocrx_word' id='word_1_904' title='bbox 3498 5275 3649 5328; x_wconf 84' lang='lat' dir='ltr'><strong>habi-</strong></span> 
     </span>
    </p>
   </div>
   <div class='ocr_carea' id='block_1_115' title="bbox 2081 5365 3649 5448">
    <p class='ocr_par' dir='ltr' id='par_1_115' title="bbox 2081 5365 3649 5448">
     <span class='ocr_line' id='line_1_115' title="bbox 2081 5365 3649 5448; baseline -0.01 -15"><span class='ocrx_word' id='word_1_905' title='bbox 2081 5387 2158 5432; x_wconf 88' lang='lat' dir='ltr'><strong>tat</strong></span> <span class='ocrx_word' id='word_1_906' title='bbox 2187 5379 2237 5432; x_wconf 89' lang='lat' dir='ltr'><strong>in</strong></span> <span class='ocrx_word' id='word_1_907' title='bbox 2271 5379 2488 5448; x_wconf 89' lang='lat' dir='ltr'><strong>templo,</strong></span> <span class='ocrx_word' id='word_1_908' title='bbox 2511 5377 2603 5431; x_wconf 84' lang='lat' dir='ltr'><strong>sed</strong></span> <span class='ocrx_word' id='word_1_909' title='bbox 2633 5377 2685 5428; x_wconf 88' lang='lat' dir='ltr'><strong>in</strong></span> <span class='ocrx_word' id='word_1_910' title='bbox 2717 5389 2878 5428; x_wconf 86' lang='lat' dir='ltr'><strong>unum</strong></span> <span class='ocrx_word' id='word_1_911' title='bbox 2901 5371 3180 5426; x_wconf 91' lang='lat' dir='ltr'><strong>Dominum</strong></span> <span class='ocrx_word' id='word_1_912' title='bbox 3207 5377 3444 5423; x_wconf 88' lang='lat' dir='ltr'><strong>nostrum</strong></span> <span class='ocrx_word' id='word_1_913' title='bbox 3466 5365 3649 5419; x_wconf 82' lang='lat' dir='ltr'><strong>Jesum</strong></span> 
     </span>
    </p>
   </div>
   <div class='ocr_carea' id='block_1_116' title="bbox 2080 5455 3651 5533">
    <p class='ocr_par' dir='ltr' id='par_1_116' title="bbox 2080 5455 3651 5533">
     <span class='ocr_line' id='line_1_116' title="bbox 2080 5455 3651 5533; baseline -0.01 -11"><span class='ocrx_word' id='word_1_914' title='bbox 2080 5469 2346 5522; x_wconf 86' lang='lat' dir='ltr'><strong>Christum</strong></span> <span class='ocrx_word' id='word_1_915' title='bbox 2374 5509 2390 5533; x_wconf 91' lang='lat'><strong>,</strong></span> <span class='ocrx_word' id='word_1_916' title='bbox 2441 5467 2534 5521; x_wconf 91' lang='lat' dir='ltr'><strong>Dei</strong></span> <span class='ocrx_word' id='word_1_917' title='bbox 2570 5465 2804 5520; x_wconf 85' lang='lat' dir='ltr'><strong>Verbum</strong></span> <span class='ocrx_word' id='word_1_918' title='bbox 2833 5464 3161 5516; x_wconf 87' lang='lat' dir='ltr'><strong>inearnatum</strong></span> <span class='ocrx_word' id='word_1_919' title='bbox 3190 5467 3246 5512; x_wconf 88' lang='lat' dir='ltr'><strong>et</strong></span> <span class='ocrx_word' id='word_1_920' title='bbox 3274 5457 3544 5511; x_wconf 87' lang='lat' dir='ltr'><strong>hominem</strong></span> <span class='ocrx_word' id='word_1_921' title='bbox 3573 5455 3651 5507; x_wconf 84' lang='lat' dir='ltr'><strong>l&#39;a-</strong></span> 
     </span>
    </p>
   </div>
   <div class='ocr_carea' id='block_1_117' title="bbox 2081 5545 3639 5612">
    <p class='ocr_par' dir='ltr' id='par_1_117' title="bbox 2081 5545 3639 5612">
     <span class='ocr_line' id='line_1_117' title="bbox 2081 5545 3639 5612; baseline -0.012 0"><span class='ocrx_word' id='word_1_922' title='bbox 2081 5567 2225 5612; x_wconf 88' lang='lat' dir='ltr'><strong>etum</strong></span> <span class='ocrx_word' id='word_1_923' title='bbox 2253 5555 2496 5611; x_wconf 89' lang='lat' dir='ltr'><strong>conﬁteri</strong></span> <span class='ocrx_word' id='word_1_924' title='bbox 2522 5562 2578 5608; x_wconf 91' lang='lat' dir='ltr'><strong>et</strong></span> <span class='ocrx_word' id='word_1_925' title='bbox 2608 5553 2828 5608; x_wconf 87' lang='lat' dir='ltr'><strong>credere</strong></span> <span class='ocrx_word' id='word_1_926' title='bbox 2855 5551 3035 5604; x_wconf 89' lang='lat' dir='ltr'><strong>tradit.</strong></span> <span class='ocrx_word' id='word_1_927' title='bbox 3069 5547 3207 5602; x_wconf 82' lang='lat' dir='ltr'><strong>Nihil</strong></span> <span class='ocrx_word' id='word_1_928' title='bbox 3238 5556 3416 5599; x_wconf 87' lang='lat' dir='ltr'><strong>autem</strong></span> <span class='ocrx_word' id='word_1_929' title='bbox 3446 5545 3639 5596; x_wconf 85' lang='lat' dir='ltr'><strong>miran-</strong></span> 
     </span>
    </p>
   </div>
   <div class='ocr_carea' id='block_1_118' title="bbox 2081 5635 3650 5709">
    <p class='ocr_par' dir='ltr' id='par_1_118' title="bbox 2081 5635 3650 5709">
     <span class='ocr_line' id='line_1_118' title="bbox 2081 5635 3650 5709; baseline -0.01 -9"><span class='ocrx_word' id='word_1_930' title='bbox 2081 5647 2207 5700; x_wconf 90' lang='lat' dir='ltr'><strong>dum</strong></span> <span class='ocrx_word' id='word_1_931' title='bbox 2249 5653 2367 5709; x_wconf 85' lang='lat' dir='ltr'><strong>est,</strong></span> <span class='ocrx_word' id='word_1_932' title='bbox 2411 5644 2457 5696; x_wconf 88' lang='lat' dir='ltr'><strong>si</strong></span> <span class='ocrx_word' id='word_1_933' title='bbox 2496 5642 2758 5696; x_wconf 87' lang='lat' dir='ltr'><strong>vocabulo</strong></span> <span class='ocrx_word' id='word_1_934' title='bbox 2799 5649 3108 5693; x_wconf 89' lang='lat' dir='ltr'><strong>naturarum</strong></span> <span class='ocrx_word' id='word_1_935' title='bbox 3155 5653 3282 5690; x_wconf 88' lang='lat' dir='ltr'><strong>usus</strong></span> <span class='ocrx_word' id='word_1_936' title='bbox 3311 5644 3392 5690; x_wconf 88' lang='lat' dir='ltr'><strong>est</strong></span> <span class='ocrx_word' id='word_1_937' title='bbox 3421 5635 3650 5704; x_wconf 81' lang='lat' dir='ltr'><strong>scriptor</strong></span> 
     </span>
    </p>
   </div>
   <div class='ocr_carea' id='block_1_119' title="bbox 2081 5725 3653 5803">
    <p class='ocr_par' dir='ltr' id='par_1_119' title="bbox 2081 5725 3653 5803">
     <span class='ocr_line' id='line_1_119' title="bbox 2081 5725 3653 5803; baseline -0.008 -14"><span class='ocrx_word' id='word_1_938' title='bbox 2081 5736 2219 5790; x_wconf 87' lang='lat' dir='ltr'><strong>illius</strong></span> <span class='ocrx_word' id='word_1_939' title='bbox 2243 5733 2418 5803; x_wconf 72' lang='lat' dir='ltr'><strong>impia:</strong></span> <span class='ocrx_word' id='word_1_940' title='bbox 2445 5732 2705 5800; x_wconf 64' lang='lat' dir='ltr'><strong>epistola}.</strong></span> <span class='ocrx_word' id='word_1_941' title='bbox 2738 5729 2926 5784; x_wconf 90' lang='lat' dir='ltr'><strong>Solent</strong></span> <span class='ocrx_word' id='word_1_942' title='bbox 2962 5731 3104 5782; x_wconf 89' lang='lat' dir='ltr'><strong>enim</strong></span> <span class='ocrx_word' id='word_1_943' title='bbox 3134 5727 3389 5790; x_wconf 76' lang='lat' dir='ltr'><strong>hau-elici,</strong></span> <span class='ocrx_word' id='word_1_944' title='bbox 3436 5733 3494 5778; x_wconf 90' lang='lat' dir='ltr'><strong>ut</strong></span> <span class='ocrx_word' id='word_1_945' title='bbox 3521 5725 3653 5778; x_wconf 77' lang='lat' dir='ltr'><strong>siiu~</strong></span> 
     </span>
    </p>
   </div>
   <div class='ocr_carea' id='block_1_120' title="bbox 2079 5817 3647 5896">
    <p class='ocr_par' dir='ltr' id='par_1_120' title="bbox 2079 5817 3647 5896">
     <span class='ocr_line' id='line_1_120' title="bbox 2079 5817 3647 5896; baseline -0.006 -17"><span class='ocrx_word' id='word_1_946' title='bbox 2079 5825 2328 5896; x_wconf 83' lang='lat' dir='ltr'><strong>plieiores</strong></span> <span class='ocrx_word' id='word_1_947' title='bbox 2347 5822 2634 5890; x_wconf 83' lang='lat' dir='ltr'><strong>decipiant,</strong></span> <span class='ocrx_word' id='word_1_948' title='bbox 2658 5821 2880 5874; x_wconf 87' lang='lat' dir='ltr'><strong>vocibus</strong></span> <span class='ocrx_word' id='word_1_949' title='bbox 2900 5820 3115 5889; x_wconf 88' lang='lat' dir='ltr'><strong>quidem</strong></span> <span class='ocrx_word' id='word_1_950' title='bbox 3143 5818 3217 5872; x_wconf 88' lang='lat' dir='ltr'><strong>uti</strong></span> <span class='ocrx_word' id='word_1_951' title='bbox 3239 5834 3358 5888; x_wconf 80' lang='lat' dir='ltr'><strong>qua:</strong></span> <span class='ocrx_word' id='word_1_952' title='bbox 3383 5817 3450 5870; x_wconf 90' lang='lat' dir='ltr'><strong>ab</strong></span> <span class='ocrx_word' id='word_1_953' title='bbox 3471 5817 3647 5870; x_wconf 89' lang='lat' dir='ltr'><strong>ortho-</strong></span> 
     </span>
    </p>
   </div>
   <div class='ocr_carea' id='block_1_121' title="bbox 2081 5908 3647 5984">
    <p class='ocr_par' dir='ltr' id='par_1_121' title="bbox 2081 5908 3647 5984">
     <span class='ocr_line' id='line_1_121' title="bbox 2081 5908 3647 5984; baseline -0.007 -13"><span class='ocrx_word' id='word_1_954' title='bbox 2081 5915 2234 5971; x_wconf 75' lang='lat' dir='ltr'><strong>doxis</strong></span> <span class='ocrx_word' id='word_1_955' title='bbox 2257 5914 2342 5984; x_wconf 82' lang='lat' dir='ltr'><strong>pie</strong></span> <span class='ocrx_word' id='word_1_956' title='bbox 2361 5913 2626 5976; x_wconf 85' lang='lat' dir='ltr'><strong>dicuntur,</strong></span> <span class='ocrx_word' id='word_1_957' title='bbox 2660 5918 2866 5966; x_wconf 83' lang='lat' dir='ltr'><strong>rectum</strong></span> <span class='ocrx_word' id='word_1_958' title='bbox 2891 5918 3070 5966; x_wconf 85' lang='lat' dir='ltr'><strong>autem</strong></span> <span class='ocrx_word' id='word_1_959' title='bbox 3102 5923 3285 5964; x_wconf 79' lang='lat' dir='ltr'><strong>earmn</strong></span> <span class='ocrx_word' id='word_1_960' title='bbox 3314 5908 3647 5964; x_wconf 81' lang='lat' dir='ltr'><strong>iutcllecmm</strong></span> 
     </span>
    </p>
   </div>
  </div>
