  <div class='ocr_page' id='page_1' title='image "/cluster/home/n/w/nwhite01/storage/ocr_20150623/86:pt.1/coo.31924054869874/519.png"; bbox 0 0 4108 6448; ppageno 0'>
   <div class='ocr_carea' id='block_1_1' title="bbox 452 416 586 477">
    <p class='ocr_par' dir='ltr' id='par_1_1' title="bbox 452 416 586 477">
     <span class='ocr_line' id='line_1_1' title="bbox 452 416 586 477; baseline 0.007 -1"><span class='ocrx_word' id='word_1_1' title='bbox 452 416 586 477; x_wconf 77' lang='grc' dir='ltr'><strong>1οὶ3</strong></span> 
     </span>
    </p>
   </div>
   <div class='ocr_carea' id='block_1_2' title="bbox 1709 412 2349 475">
    <p class='ocr_par' dir='ltr' id='par_1_2' title="bbox 1709 412 2349 475">
     <span class='ocr_line' id='line_1_2' title="bbox 1709 412 2349 475; baseline 0.003 -2"><span class='ocrx_word' id='word_1_2' title='bbox 1709 413 1740 473; x_wconf 84' lang='lat' dir='ltr'><strong>J</strong></span> <span class='ocrx_word' id='word_1_3' title='bbox 1752 412 2113 473; x_wconf 76' lang='lat' dir='ltr'><strong>USTINIAN</strong></span> <span class='ocrx_word' id='word_1_4' title='bbox 2124 415 2148 473; x_wconf 90' lang='lat' dir='ltr'><strong>l</strong></span> <span class='ocrx_word' id='word_1_5' title='bbox 2192 414 2349 475; x_wconf 76' lang='lat' dir='ltr'><strong>IMP.</strong></span> 
     </span>
    </p>
   </div>
   <div class='ocr_carea' id='block_1_3' title="bbox 3542 410 3680 474">
    <p class='ocr_par' dir='ltr' id='par_1_3' title="bbox 3542 410 3680 474">
     <span class='ocr_line' id='line_1_3' title="bbox 3542 410 3680 474; baseline -0.007 0"><span class='ocrx_word' id='word_1_6' title='bbox 3542 410 3680 474; x_wconf 72' lang='grc'><strong>1024</strong></span> 
     </span>
    </p>
   </div>
   <div class='ocr_carea' id='block_1_4' title="bbox 461 523 2037 618">
    <p class='ocr_par' dir='ltr' id='par_1_4' title="bbox 461 543 2026 618">
     <span class='ocr_line' id='line_1_4' title="bbox 461 543 2026 618; baseline -0.001 -19"><span class='ocrx_word' id='word_1_7' title='bbox 461 546 587 602; x_wconf 72' lang='grc' dir='ltr'>σεϐῆ</span> <span class='ocrx_word' id='word_1_8' title='bbox 626 543 816 598; x_wconf 82' lang='grc' dir='ltr'>τούτων</span> <span class='ocrx_word' id='word_1_9' title='bbox 843 544 1026 597; x_wconf 72' lang='grc' dir='ltr'>ἐννοιάν</span> <span class='ocrx_word' id='word_1_10' title='bbox 1070 565 1121 597; x_wconf 90' lang='grc' dir='ltr'><strong>τε</strong></span> <span class='ocrx_word' id='word_1_11' title='bbox 1162 548 1241 597; x_wconf 86' lang='grc' dir='ltr'><strong>καί</strong></span> <span class='ocrx_word' id='word_1_12' title='bbox 1290 546 1520 613; x_wconf 77' lang='grc' dir='ltr'>ἐξήγησιν</span> <span class='ocrx_word' id='word_1_13' title='bbox 1562 545 1684 618; x_wconf 79' lang='grc' dir='ltr'>πρὸς</span> <span class='ocrx_word' id='word_1_14' title='bbox 1730 550 1817 601; x_wconf 71' lang='grc' dir='ltr'>τήν</span> <span class='ocrx_word' id='word_1_15' title='bbox 1850 546 2026 598; x_wconf 76' lang='grc' dir='ltr'>οἰκείαν</span> 
     </span>
    </p>
   </div>
   <div class='ocr_carea' id='block_1_5' title="bbox 2141 523 3685 618">
    <p class='ocr_par' dir='ltr' id='par_1_5' title="bbox 2141 523 3685 606">
     <span class='ocr_line' id='line_1_5' title="bbox 2141 523 3685 606; baseline -0.008 -13"><span class='ocrx_word' id='word_1_16' title='bbox 2141 549 2186 593; x_wconf 81' lang='lat' dir='ltr'><strong>et</strong></span> <span class='ocrx_word' id='word_1_17' title='bbox 2232 539 2620 606; x_wconf 75' lang='lat' dir='ltr'><strong>expositionem</strong></span> <span class='ocrx_word' id='word_1_18' title='bbox 2673 539 2737 591; x_wconf 76' lang='lat' dir='ltr'><strong>ad</strong></span> <span class='ocrx_word' id='word_1_19' title='bbox 2794 552 2943 595; x_wconf 75' lang='lat' dir='ltr'><strong>suam</strong></span> <span class='ocrx_word' id='word_1_20' title='bbox 2992 523 3317 602; x_wconf 72' lang='lat' dir='ltr'><strong>impietatem</strong></span> <span class='ocrx_word' id='word_1_21' title='bbox 3361 526 3685 581; x_wconf 81' lang='lat' dir='ltr'><strong>transferre:</strong></span> 
     </span>
    </p>
   </div>
   <div class='ocr_carea' id='block_1_6' title="bbox 461 632 2020 708">
    <p class='ocr_par' dir='ltr' id='par_1_6' title="bbox 461 632 2020 708">
     <span class='ocr_line' id='line_1_6' title="bbox 461 632 2020 708; baseline 0 -20"><span class='ocrx_word' id='word_1_22' title='bbox 461 638 749 708; x_wconf 56' lang='grc' dir='ltr'>μεταφέρειν</span> <span class='ocrx_word' id='word_1_23' title='bbox 792 635 1020 687; x_wconf 62' lang='grc' dir='ltr'>ἀσέϐειαν</span> <span class='ocrx_word' id='word_1_24' title='bbox 1045 651 1057 664; x_wconf 86' lang='grc'>⁶</span> <span class='ocrx_word' id='word_1_25' title='bbox 1095 632 1264 695; x_wconf 72' lang='grc' dir='ltr'>ἐπειδὴ</span> <span class='ocrx_word' id='word_1_26' title='bbox 1293 637 1430 694; x_wconf 72' lang='grc' dir='ltr'>ἔστιν</span> <span class='ocrx_word' id='word_1_27' title='bbox 1469 634 1549 689; x_wconf 84' lang='grc' dir='ltr'>ὅτε</span> <span class='ocrx_word' id='word_1_28' title='bbox 1583 636 1637 689; x_wconf 87' lang='grc' dir='ltr'><strong>αί</strong></span> <span class='ocrx_word' id='word_1_29' title='bbox 1674 636 1823 689; x_wconf 71' lang='grc' dir='ltr'>αὐταί</span> <span class='ocrx_word' id='word_1_30' title='bbox 1868 639 2020 705; x_wconf 74' lang='grc' dir='ltr'>φωναί</span> 
     </span>
    </p>
   </div>
   <div class='ocr_carea' id='block_1_7' title="bbox 462 724 2021 793">
    <p class='ocr_par' dir='ltr' id='par_1_7' title="bbox 462 724 2021 793">
     <span class='ocr_line' id='line_1_7' title="bbox 462 724 2021 793; baseline 0.001 -17"><span class='ocrx_word' id='word_1_31' title='bbox 462 726 618 782; x_wconf 78' lang='grc' dir='ltr'>καλῶς</span> <span class='ocrx_word' id='word_1_32' title='bbox 657 726 744 793; x_wconf 87' lang='grc' dir='ltr'><strong>μέν</strong></span> <span class='ocrx_word' id='word_1_33' title='bbox 773 724 1112 793; x_wconf 72' lang='grc' dir='ltr'>ἐξηγούμενοιι,</span> <span class='ocrx_word' id='word_1_34' title='bbox 1142 726 1225 776; x_wconf 86' lang='grc' dir='ltr'><strong>καί</strong></span> <span class='ocrx_word' id='word_1_35' title='bbox 1248 725 1529 792; x_wconf 83' lang='grc' dir='ltr'>νοούμεναι,</span> <span class='ocrx_word' id='word_1_36' title='bbox 1570 726 1699 791; x_wconf 82' lang='grc' dir='ltr'><strong>μετά</strong></span> <span class='ocrx_word' id='word_1_37' title='bbox 1737 733 1827 782; x_wconf 79' lang='grc' dir='ltr'><strong>τῆς</strong></span> <span class='ocrx_word' id='word_1_38' title='bbox 1871 726 2021 777; x_wconf 76' lang='grc' dir='ltr'>εὐστ-</span> 
     </span>
    </p>
   </div>
   <div class='ocr_carea' id='block_1_8' title="bbox 464 810 2019 887">
    <p class='ocr_par' dir='ltr' id='par_1_8' title="bbox 464 810 2019 887">
     <span class='ocr_line' id='line_1_8' title="bbox 464 810 2019 887; baseline 0.001 -22"><span class='ocrx_word' id='word_1_39' title='bbox 464 815 599 871; x_wconf 75' lang='grc' dir='ltr'>ϐείας</span> <span class='ocrx_word' id='word_1_40' title='bbox 628 815 742 878; x_wconf 84' lang='grc' dir='ltr'>εἰσὶ,</span> <span class='ocrx_word' id='word_1_41' title='bbox 764 820 923 871; x_wconf 78' lang='grc' dir='ltr'>κακῶς</span> <span class='ocrx_word' id='word_1_42' title='bbox 945 810 998 866; x_wconf 86' lang='grc' dir='ltr'><strong>δέ</strong></span> <span class='ocrx_word' id='word_1_43' title='bbox 1017 814 1158 878; x_wconf 80' lang='grc' dir='ltr'><strong>παρά</strong></span> <span class='ocrx_word' id='word_1_44' title='bbox 1184 820 1281 867; x_wconf 84' lang='grc' dir='ltr'><strong>τῶν</strong></span> <span class='ocrx_word' id='word_1_45' title='bbox 1313 814 1573 887; x_wconf 84' lang='grc' dir='ltr'>αἰρετικῶν</span> <span class='ocrx_word' id='word_1_46' title='bbox 1616 813 2019 887; x_wconf 76' lang='grc' dir='ltr'>έρμηνευόμεναι.</span> 
     </span>
    </p>
   </div>
   <div class='ocr_carea' id='block_1_9' title="bbox 462 901 2022 976">
    <p class='ocr_par' dir='ltr' id='par_1_9' title="bbox 462 901 2022 976">
     <span class='ocr_line' id='line_1_9' title="bbox 462 901 2022 976; baseline 0.001 -21"><span class='ocrx_word' id='word_1_47' title='bbox 462 908 544 955; x_wconf 86' lang='grc' dir='ltr'>καὶ</span> <span class='ocrx_word' id='word_1_48' title='bbox 568 904 931 975; x_wconf 71' lang='grc' dir='ltr'>προφερόμεναι</span> <span class='ocrx_word' id='word_1_49' title='bbox 962 903 1020 955; x_wconf 83' lang='grc' dir='ltr'>τὸ</span> <span class='ocrx_word' id='word_1_50' title='bbox 1061 903 1243 962; x_wconf 78' lang='grc' dir='ltr'>ἀσεϐές</span> <span class='ocrx_word' id='word_1_51' title='bbox 1272 901 1491 971; x_wconf 67' lang='grc' dir='ltr'>ἔχουσιν</span> <span class='ocrx_word' id='word_1_52' title='bbox 1514 916 1526 930; x_wconf 89' lang='grc'><strong>·</strong></span> <span class='ocrx_word' id='word_1_53' title='bbox 1564 903 1734 972; x_wconf 74' lang='grc' dir='ltr'>ἀμέλει</span> <span class='ocrx_word' id='word_1_54' title='bbox 1760 902 2022 976; x_wconf 77' lang='grc' dir='ltr'>Νεστόριον</span> 
     </span>
    </p>
   </div>
   <div class='ocr_carea' id='block_1_10' title="bbox 460 990 2022 1065">
    <p class='ocr_par' dir='ltr' id='par_1_10' title="bbox 460 990 2022 1065">
     <span class='ocr_line' id='line_1_10' title="bbox 460 990 2022 1065; baseline -0.001 -21"><span class='ocrx_word' id='word_1_55' title='bbox 460 993 664 1045; x_wconf 75' lang='grc' dir='ltr'><strong>εἰπόντα</strong></span> <span class='ocrx_word' id='word_1_56' title='bbox 708 994 796 1061; x_wconf 85' lang='grc' dir='ltr'><strong>μέν</strong></span> <span class='ocrx_word' id='word_1_57' title='bbox 837 991 928 1045; x_wconf 89' lang='grc' dir='ltr'><strong>δύο</strong></span> <span class='ocrx_word' id='word_1_58' title='bbox 980 995 1152 1062; x_wconf 68' lang='grc' dir='ltr'>φύσεις</span> <span class='ocrx_word' id='word_1_59' title='bbox 1208 995 1289 1044; x_wconf 86' lang='grc' dir='ltr'>καὶ</span> <span class='ocrx_word' id='word_1_60' title='bbox 1329 991 1378 1044; x_wconf 85' lang='grc' dir='ltr'><strong>έν</strong></span> <span class='ocrx_word' id='word_1_61' title='bbox 1422 990 1710 1065; x_wconf 80' lang='grc' dir='ltr'>πρόσωπον,</span> <span class='ocrx_word' id='word_1_62' title='bbox 1738 996 1807 1062; x_wconf 75' lang='grc' dir='ltr'>μὴ</span> <span class='ocrx_word' id='word_1_63' title='bbox 1851 991 2022 1060; x_wconf 84' lang='grc' dir='ltr'>ὁμολο·</span> 
     </span>
    </p>
   </div>
   <div class='ocr_carea' id='block_1_11' title="bbox 457 1082 2023 1155">
    <p class='ocr_par' dir='ltr' id='par_1_11' title="bbox 457 1082 2023 1155">
     <span class='ocr_line' id='line_1_11' title="bbox 457 1082 2023 1155; baseline 0 -20"><span class='ocrx_word' id='word_1_64' title='bbox 457 1090 643 1153; x_wconf 81' lang='grc' dir='ltr'>γοῦντα</span> <span class='ocrx_word' id='word_1_65' title='bbox 670 1082 723 1136; x_wconf 84' lang='grc' dir='ltr'><strong>δέ</strong></span> <span class='ocrx_word' id='word_1_66' title='bbox 746 1085 937 1138; x_wconf 88' lang='grc' dir='ltr'>τούτων</span> <span class='ocrx_word' id='word_1_67' title='bbox 962 1089 1051 1141; x_wconf 58' lang='grc' dir='ltr'><strong>τήν</strong></span> <span class='ocrx_word' id='word_1_68' title='bbox 1073 1084 1175 1139; x_wconf 79' lang='grc' dir='ltr'>καθ’</span> <span class='ocrx_word' id='word_1_69' title='bbox 1192 1082 1479 1138; x_wconf 70' lang='grc' dir='ltr'><strong>ὑπόστασιν</strong></span> <span class='ocrx_word' id='word_1_70' title='bbox 1500 1085 1697 1149; x_wconf 83' lang='grc' dir='ltr'>ἕνωσιν,</span> <span class='ocrx_word' id='word_1_71' title='bbox 1718 1086 1749 1141; x_wconf 73' lang='grc' dir='ltr'><strong>τέ</strong></span> <span class='ocrx_word' id='word_1_72' title='bbox 1771 1085 1822 1137; x_wconf 72' lang='grc' dir='ltr'><strong>έν</strong></span> <span class='ocrx_word' id='word_1_73' title='bbox 1842 1083 2023 1155; x_wconf 68' lang='grc' dir='ltr'>Ἐφέσῳ</span> 
     </span>
    </p>
   </div>
   <div class='ocr_carea' id='block_1_12' title="bbox 458 1176 2023 1253">
    <p class='ocr_par' dir='ltr' id='par_1_12' title="bbox 458 1176 2023 1253">
     <span class='ocr_line' id='line_1_12' title="bbox 458 1176 2023 1253; baseline 0.003 -24"><span class='ocrx_word' id='word_1_74' title='bbox 458 1178 631 1253; x_wconf 69' lang='grc' dir='ltr'>πρώτη</span> <span class='ocrx_word' id='word_1_75' title='bbox 657 1177 776 1248; x_wconf 83' lang='grc' dir='ltr'><strong>ἀγά</strong></span> <span class='ocrx_word' id='word_1_76' title='bbox 802 1176 1037 1243; x_wconf 80' lang='grc' dir='ltr'><strong>σύνοδος,</strong></span> <span class='ocrx_word' id='word_1_77' title='bbox 1070 1176 1127 1238; x_wconf 76' lang='grc' dir='ltr'>ἧς</span> <span class='ocrx_word' id='word_1_78' title='bbox 1159 1180 1373 1251; x_wconf 78' lang='grc' dir='ltr'>έξὸρχον</span> <span class='ocrx_word' id='word_1_79' title='bbox 1426 1180 1708 1241; x_wconf 68' lang='grc' dir='ltr'>[ιλιι-τίνος</span> <span class='ocrx_word' id='word_1_80' title='bbox 1746 1183 1831 1234; x_wconf 88' lang='grc' dir='ltr'><strong>καί</strong></span> <span class='ocrx_word' id='word_1_81' title='bbox 1858 1181 2023 1253; x_wconf 77' lang='grc' dir='ltr'>ιύριλ-</span> 
     </span>
    </p>
   </div>
   <div class='ocr_carea' id='block_1_13' title="bbox 457 1268 2024 1341">
    <p class='ocr_par' dir='ltr' id='par_1_13' title="bbox 457 1268 2024 1341">
     <span class='ocr_line' id='line_1_13' title="bbox 457 1268 2024 1341; baseline 0.002 -22"><span class='ocrx_word' id='word_1_82' title='bbox 457 1268 540 1328; x_wconf 84' lang='grc' dir='ltr'><strong>λος</strong></span> <span class='ocrx_word' id='word_1_83' title='bbox 566 1270 611 1320; x_wconf 80' lang='grc' dir='ltr'>οἱ</span> <span class='ocrx_word' id='word_1_84' title='bbox 636 1270 683 1321; x_wconf 86' lang='grc' dir='ltr'><strong>ἐν</strong></span> <span class='ocrx_word' id='word_1_85' title='bbox 706 1268 823 1341; x_wconf 72' lang='grc' dir='ltr'>ὁσία</span> <span class='ocrx_word' id='word_1_86' title='bbox 838 1276 902 1341; x_wconf 73' lang='grc' dir='ltr'><strong>τῇ</strong></span> <span class='ocrx_word' id='word_1_87' title='bbox 923 1273 1108 1341; x_wconf 70' lang='grc' dir='ltr'>μνήμῃ.</span> <span class='ocrx_word' id='word_1_88' title='bbox 1131 1271 1188 1324; x_wconf 84' lang='grc' dir='ltr'><strong>ού</strong></span> <span class='ocrx_word' id='word_1_89' title='bbox 1209 1268 1562 1341; x_wconf 81' lang='grc' dir='ltr'>προσεδέξατο,</span> <span class='ocrx_word' id='word_1_90' title='bbox 1585 1271 1706 1323; x_wconf 85' lang='grc' dir='ltr'><strong>ἀλλά</strong></span> <span class='ocrx_word' id='word_1_91' title='bbox 1732 1274 1813 1323; x_wconf 71' lang='grc' dir='ltr'>καὶ</span> <span class='ocrx_word' id='word_1_92' title='bbox 1835 1270 2024 1325; x_wconf 82' lang='grc' dir='ltr'>κατεδί-</span> 
     </span>
    </p>
   </div>
   <div class='ocr_carea' id='block_1_14' title="bbox 460 1357 2025 1433">
    <p class='ocr_par' dir='ltr' id='par_1_14' title="bbox 460 1357 2025 1433">
     <span class='ocr_line' id='line_1_14' title="bbox 460 1357 2025 1433; baseline 0.002 -23"><span class='ocrx_word' id='word_1_93' title='bbox 460 1379 631 1412; x_wconf 81' lang='grc' dir='ltr'>κασεν.</span> <span class='ocrx_word' id='word_1_94' title='bbox 662 1357 832 1427; x_wconf 77' lang='grc' dir='ltr'>ἰιμεῐς</span> <span class='ocrx_word' id='word_1_95' title='bbox 861 1357 912 1412; x_wconf 88' lang='grc' dir='ltr'><strong>δέ</strong></span> <span class='ocrx_word' id='word_1_96' title='bbox 940 1367 1001 1427; x_wconf 65' lang='grc' dir='ltr'><strong>τεῇ</strong></span> <span class='ocrx_word' id='word_1_97' title='bbox 1044 1366 1143 1414; x_wconf 83' lang='grc' dir='ltr'>τῶν</span> <span class='ocrx_word' id='word_1_98' title='bbox 1173 1358 1326 1429; x_wconf 77' lang='grc' dir='ltr'>ἁγίων</span> <span class='ocrx_word' id='word_1_99' title='bbox 1364 1360 1595 1431; x_wconf 86' lang='grc' dir='ltr'>πατέρων</span> <span class='ocrx_word' id='word_1_100' title='bbox 1618 1358 1918 1433; x_wconf 72' lang='grc' dir='ltr'>διδασκαλίᾳ</span> <span class='ocrx_word' id='word_1_101' title='bbox 1944 1358 2025 1415; x_wconf 80' lang='grc' dir='ltr'>διὰ</span> 
     </span>
    </p>
   </div>
   <div class='ocr_carea' id='block_1_15' title="bbox 458 1450 2025 1521">
    <p class='ocr_par' dir='ltr' id='par_1_15' title="bbox 458 1450 2025 1521">
     <span class='ocr_line' id='line_1_15' title="bbox 458 1450 2025 1521; baseline 0.002 -19"><span class='ocrx_word' id='word_1_102' title='bbox 458 1452 661 1503; x_wconf 78' lang='grc' dir='ltr'>πάντων</span> <span class='ocrx_word' id='word_1_103' title='bbox 692 1450 794 1504; x_wconf 87' lang='grc' dir='ltr'>ἀκο’</span> <span class='ocrx_word' id='word_1_104' title='bbox 811 1452 1070 1509; x_wconf 82' lang='grc' dir='ltr'>ουθοῦντες</span> <span class='ocrx_word' id='word_1_105' title='bbox 1088 1493 1102 1516; x_wconf 87' lang='grc'><strong>,</strong></span> <span class='ocrx_word' id='word_1_106' title='bbox 1134 1454 1213 1503; x_wconf 88' lang='grc' dir='ltr'><strong>καί</strong></span> <span class='ocrx_word' id='word_1_107' title='bbox 1239 1456 1328 1509; x_wconf 68' lang='grc' dir='ltr'>τήν</span> <span class='ocrx_word' id='word_1_108' title='bbox 1360 1458 1458 1505; x_wconf 79' lang='grc' dir='ltr'>τῶν</span> <span class='ocrx_word' id='word_1_109' title='bbox 1484 1451 1574 1506; x_wconf 87' lang='grc' dir='ltr'><strong>δύο</strong></span> <span class='ocrx_word' id='word_1_110' title='bbox 1599 1454 1796 1521; x_wconf 77' lang='grc' dir='ltr'>φύσεων</span> <span class='ocrx_word' id='word_1_111' title='bbox 1828 1453 2025 1516; x_wconf 77' lang='grc' dir='ltr'>ἕνωσιν,</span> 
     </span>
    </p>
   </div>
   <div class='ocr_carea' id='block_1_16' title="bbox 456 1537 2027 1613">
    <p class='ocr_par' dir='ltr' id='par_1_16' title="bbox 456 1537 2027 1613">
     <span class='ocr_line' id='line_1_16' title="bbox 456 1537 2027 1613; baseline 0.003 -22"><span class='ocrx_word' id='word_1_112' title='bbox 456 1540 511 1601; x_wconf 71' lang='grc' dir='ltr'>ἐξ</span> <span class='ocrx_word' id='word_1_113' title='bbox 540 1537 606 1592; x_wconf 82' lang='grc' dir='ltr'><strong>ὧν</strong></span> <span class='ocrx_word' id='word_1_114' title='bbox 648 1537 677 1593; x_wconf 77' lang='grc' dir='ltr'><strong><em>ὅ</em></strong></span> <span class='ocrx_word' id='word_1_115' title='bbox 720 1541 888 1613; x_wconf 86' lang='grc' dir='ltr'>κύριος</span> <span class='ocrx_word' id='word_1_116' title='bbox 926 1542 1063 1607; x_wconf 73' lang='grc' dir='ltr'><strong>ἡμῶν</strong></span> <span class='ocrx_word' id='word_1_117' title='bbox 1092 1538 1285 1599; x_wconf 80' lang='grc' dir='ltr'>Ἰησοῦς</span> <span class='ocrx_word' id='word_1_118' title='bbox 1312 1543 1529 1612; x_wconf 76' lang='grc' dir='ltr'>Χριστός</span> <span class='ocrx_word' id='word_1_119' title='bbox 1568 1541 1594 1595; x_wconf 86' lang='grc' dir='ltr'><strong><em>ὅ</em></strong></span> <span class='ocrx_word' id='word_1_120' title='bbox 1633 1539 1701 1601; x_wconf 80' lang='grc' dir='ltr'><strong>είς</strong></span> <span class='ocrx_word' id='word_1_121' title='bbox 1747 1550 1837 1601; x_wconf 80' lang='grc' dir='ltr'>τῆς</span> <span class='ocrx_word' id='word_1_122' title='bbox 1880 1542 2027 1612; x_wconf 76' lang='grc' dir='ltr'>ἁγίας</span> 
     </span>
    </p>
   </div>
   <div class='ocr_carea' id='block_1_17' title="bbox 458 1629 2029 1704">
    <p class='ocr_par' dir='ltr' id='par_1_17' title="bbox 458 1629 2029 1704">
     <span class='ocr_line' id='line_1_17' title="bbox 458 1629 2029 1704; baseline 0.002 -20"><span class='ocrx_word' id='word_1_123' title='bbox 458 1629 684 1703; x_wconf 83' lang='grc' dir='ltr'>τριάδος,</span> <span class='ocrx_word' id='word_1_124' title='bbox 716 1630 742 1685; x_wconf 87' lang='grc' dir='ltr'><strong>ό</strong></span> <span class='ocrx_word' id='word_1_125' title='bbox 772 1635 894 1691; x_wconf 87' lang='grc' dir='ltr'>Θεὸς</span> <span class='ocrx_word' id='word_1_126' title='bbox 921 1632 1061 1702; x_wconf 86' lang='grc' dir='ltr'>λόγος</span> <span class='ocrx_word' id='word_1_127' title='bbox 1091 1634 1369 1704; x_wconf 74' lang='grc' dir='ltr'>σαρκωθείς</span> <span class='ocrx_word' id='word_1_128' title='bbox 1404 1635 1660 1695; x_wconf 77' lang='grc' dir='ltr'><strong>συνετέθη,</strong></span> <span class='ocrx_word' id='word_1_129' title='bbox 1691 1638 1773 1686; x_wconf 88' lang='grc' dir='ltr'><strong>καί</strong></span> <span class='ocrx_word' id='word_1_130' title='bbox 1796 1641 1885 1691; x_wconf 73' lang='grc' dir='ltr'><strong>τήν</strong></span> <span class='ocrx_word' id='word_1_131' title='bbox 1910 1637 2029 1688; x_wconf 82' lang='grc' dir='ltr'>τού·</span> 
     </span>
    </p>
   </div>
   <div class='ocr_carea' id='block_1_18' title="bbox 458 1722 2029 1799">
    <p class='ocr_par' dir='ltr' id='par_1_18' title="bbox 458 1722 2029 1799">
     <span class='ocr_line' id='line_1_18' title="bbox 458 1722 2029 1799; baseline 0.001 -23"><span class='ocrx_word' id='word_1_132' title='bbox 458 1745 558 1776; x_wconf 90' lang='grc' dir='ltr'><strong>των</strong></span> <span class='ocrx_word' id='word_1_133' title='bbox 592 1722 827 1798; x_wconf 68' lang='grc' dir='ltr'>διαφορὰν</span> <span class='ocrx_word' id='word_1_134' title='bbox 865 1726 950 1777; x_wconf 79' lang='grc' dir='ltr'>οὐκ</span> <span class='ocrx_word' id='word_1_135' title='bbox 976 1725 1283 1797; x_wconf 73' lang='grc' dir='ltr'><strong>ἀνῃρημένην</strong></span> <span class='ocrx_word' id='word_1_136' title='bbox 1324 1723 1410 1778; x_wconf 82' lang='grc' dir='ltr'>διὰ</span> <span class='ocrx_word' id='word_1_137' title='bbox 1456 1730 1545 1781; x_wconf 68' lang='grc' dir='ltr'>τὴν</span> <span class='ocrx_word' id='word_1_138' title='bbox 1586 1726 1760 1779; x_wconf 82' lang='grc' dir='ltr'>ἕνωσιν</span> <span class='ocrx_word' id='word_1_139' title='bbox 1797 1727 2029 1799; x_wconf 77' lang='grc' dir='ltr'><strong>ἀνωτέρω</strong></span> 
     </span>
    </p>
   </div>
   <div class='ocr_carea' id='block_1_19' title="bbox 460 1815 2029 1891">
    <p class='ocr_par' dir='ltr' id='par_1_19' title="bbox 460 1815 2029 1891">
     <span class='ocr_line' id='line_1_19' title="bbox 460 1815 2029 1891; baseline 0.001 -22"><span class='ocrx_word' id='word_1_140' title='bbox 460 1816 768 1889; x_wconf 74' lang='grc' dir='ltr'>σαφέστερον</span> <span class='ocrx_word' id='word_1_141' title='bbox 793 1815 1139 1885; x_wconf 79' lang='grc' dir='ltr'>ἀπεδείξαμιν.</span> <span class='ocrx_word' id='word_1_142' title='bbox 1174 1822 1262 1870; x_wconf 68' lang='grc' dir='ltr'>ἰαί</span> <span class='ocrx_word' id='word_1_143' title='bbox 1290 1816 1433 1891; x_wconf 76' lang='grc' dir='ltr'>ἤρκει</span> <span class='ocrx_word' id='word_1_144' title='bbox 1458 1818 1546 1886; x_wconf 81' lang='grc' dir='ltr'><strong>μέν</strong></span> <span class='ocrx_word' id='word_1_145' title='bbox 1566 1818 1629 1871; x_wconf 83' lang='grc' dir='ltr'>τὰ</span> <span class='ocrx_word' id='word_1_146' title='bbox 1658 1818 1778 1889; x_wconf 78' lang='grc' dir='ltr'>παρ’</span> <span class='ocrx_word' id='word_1_147' title='bbox 1805 1820 1941 1887; x_wconf 75' lang='grc' dir='ltr'>ἡμῶν</span> <span class='ocrx_word' id='word_1_148' title='bbox 1965 1822 2029 1871; x_wconf 84' lang='grc' dir='ltr'>εί-</span> 
     </span>
    </p>
   </div>
   <div class='ocr_carea' id='block_1_20' title="bbox 457 1906 2022 1979">
    <p class='ocr_par' dir='ltr' id='par_1_20' title="bbox 457 1906 2022 1979">
     <span class='ocr_line' id='line_1_20' title="bbox 457 1906 2022 1979; baseline 0 -21"><span class='ocrx_word' id='word_1_149' title='bbox 457 1906 644 1977; x_wconf 81' lang='grc' dir='ltr'>ρημένα</span> <span class='ocrx_word' id='word_1_150' title='bbox 671 1906 1046 1979; x_wconf 64' lang='grc' dir='ltr'>πληροφοίῆσαι</span> <span class='ocrx_word' id='word_1_151' title='bbox 1084 1909 1203 1964; x_wconf 86' lang='grc' dir='ltr'>τούς</span> <span class='ocrx_word' id='word_1_152' title='bbox 1245 1912 1314 1975; x_wconf 75' lang='grc' dir='ltr'>μή</span> <span class='ocrx_word' id='word_1_153' title='bbox 1350 1906 1682 1975; x_wconf 70' lang='grc' dir='ltr'><strong>βουλομένους</strong></span> <span class='ocrx_word' id='word_1_154' title='bbox 1728 1906 2022 1977; x_wconf 64' lang='grc' dir='ltr'>φιλονεικεῖν.</span> 
     </span>
    </p>
   </div>
   <div class='ocr_carea' id='block_1_21' title="bbox 457 1992 2027 2072">
    <p class='ocr_par' dir='ltr' id='par_1_21' title="bbox 457 1992 2027 2072">
     <span class='ocr_line' id='line_1_21' title="bbox 457 1992 2027 2072; baseline 0.005 -27"><span class='ocrx_word' id='word_1_155' title='bbox 457 1992 579 2046; x_wconf 81' lang='grc' dir='ltr'>’Δλλ⁹</span> <span class='ocrx_word' id='word_1_156' title='bbox 604 1993 773 2053; x_wconf 68' lang='grc' dir='ltr'>ἐπειδὴ</span> <span class='ocrx_word' id='word_1_157' title='bbox 794 1997 923 2070; x_wconf 85' lang='grc' dir='ltr'>πρὸς</span> <span class='ocrx_word' id='word_1_158' title='bbox 952 1998 1180 2051; x_wconf 77' lang='grc' dir='ltr'>ἀσέϐειαν</span> <span class='ocrx_word' id='word_1_159' title='bbox 1210 1996 1345 2060; x_wconf 78' lang='grc' dir='ltr'>ἅπαξ</span> <span class='ocrx_word' id='word_1_160' title='bbox 1387 1999 1691 2057; x_wconf 70' lang='grc' dir='ltr'><strong>ἐκκλίναντες</strong></span> <span class='ocrx_word' id='word_1_161' title='bbox 1727 2002 1808 2051; x_wconf 86' lang='grc' dir='ltr'><strong>καί</strong></span> <span class='ocrx_word' id='word_1_162' title='bbox 1840 1999 2027 2072; x_wconf 77' lang='grc' dir='ltr'>ἑτέροις</span> 
     </span>
    </p>
   </div>
   <div class='ocr_carea' id='block_1_22' title="bbox 458 2085 2028 2160">
    <p class='ocr_par' dir='ltr' id='par_1_22' title="bbox 458 2085 2028 2160">
     <span class='ocr_line' id='line_1_22' title="bbox 458 2085 2028 2160; baseline 0.004 -23"><span class='ocrx_word' id='word_1_163' title='bbox 458 2085 719 2160; x_wconf 73' lang='grc' dir='ltr'>ἐπιχειροῖ</span> <span class='ocrx_word' id='word_1_164' title='bbox 733 2107 813 2140; x_wconf 92' lang='grc' dir='ltr'>σιν</span> <span class='ocrx_word' id='word_1_165' title='bbox 834 2124 850 2149; x_wconf 86' lang='lat'><strong>,</strong></span> <span class='ocrx_word' id='word_1_166' title='bbox 880 2088 1158 2159; x_wconf 82' lang='grc' dir='ltr'>ἀναγκαίως</span> <span class='ocrx_word' id='word_1_167' title='bbox 1185 2090 1328 2157; x_wconf 76' lang='grc' dir='ltr'>ἡμεῖς</span> <span class='ocrx_word' id='word_1_168' title='bbox 1355 2092 1436 2141; x_wconf 84' lang='grc' dir='ltr'><strong>καί</strong></span> <span class='ocrx_word' id='word_1_169' title='bbox 1471 2094 1561 2148; x_wconf 78' lang='grc' dir='ltr'>τὰς</span> <span class='ocrx_word' id='word_1_170' title='bbox 1590 2090 1825 2148; x_wconf 72' lang='grc' dir='ltr'>τοιαύτας</span> <span class='ocrx_word' id='word_1_171' title='bbox 1863 2092 2028 2144; x_wconf 77' lang='grc' dir='ltr'>αὐτῶν</span> 
     </span>
    </p>
   </div>
   <div class='ocr_carea' id='block_1_23' title="bbox 458 2176 2027 2253">
    <p class='ocr_par' dir='ltr' id='par_1_23' title="bbox 458 2176 2027 2253">
     <span class='ocr_line' id='line_1_23' title="bbox 458 2176 2027 2253; baseline 0.002 -23"><span class='ocrx_word' id='word_1_172' title='bbox 458 2180 736 2250; x_wconf 66' lang='grc' dir='ltr'>προφάσεις</span> <span class='ocrx_word' id='word_1_173' title='bbox 776 2179 994 2245; x_wconf 77' lang='grc' dir='ltr'>ματαίας</span> <span class='ocrx_word' id='word_1_174' title='bbox 1035 2176 1375 2247; x_wconf 71' lang='grc' dir='ltr'><strong>ἀποδείξομεν.</strong></span> <span class='ocrx_word' id='word_1_175' title='bbox 1422 2182 1666 2253; x_wconf 73' lang='grc' dir='ltr'>Φασίγὰρ</span> <span class='ocrx_word' id='word_1_176' title='bbox 1693 2185 1761 2248; x_wconf 81' lang='grc' dir='ltr'><strong><em>μή</em></strong></span> <span class='ocrx_word' id='word_1_177' title='bbox 1804 2178 1901 2233; x_wconf 88' lang='grc' dir='ltr'>δεῖν</span> <span class='ocrx_word' id='word_1_178' title='bbox 1927 2182 2027 2233; x_wconf 86' lang='grc' dir='ltr'><strong>ύπὸ</strong></span> 
     </span>
    </p>
   </div>
   <div class='ocr_carea' id='block_1_24' title="bbox 461 2267 2028 2342">
    <p class='ocr_par' dir='ltr' id='par_1_24' title="bbox 461 2267 2028 2342">
     <span class='ocr_line' id='line_1_24' title="bbox 461 2267 2028 2342; baseline 0 -21"><span class='ocrx_word' id='word_1_179' title='bbox 461 2267 649 2337; x_wconf 69' lang='grc' dir='ltr'>μέμψιν</span> <span class='ocrx_word' id='word_1_180' title='bbox 689 2268 920 2337; x_wconf 82' lang='grc' dir='ltr'>γενέσθαι</span> <span class='ocrx_word' id='word_1_181' title='bbox 951 2273 1043 2324; x_wconf 74' lang='grc' dir='ltr'><strong>τὴν</strong></span> <span class='ocrx_word' id='word_1_182' title='bbox 1072 2268 1232 2324; x_wconf 74' lang='grc' dir='ltr'>ἀσεϐῆ</span> <span class='ocrx_word' id='word_1_183' title='bbox 1272 2269 1532 2325; x_wconf 74' lang='grc' dir='ltr'>ἐπιστολήν</span> <span class='ocrx_word' id='word_1_184' title='bbox 1574 2267 1657 2323; x_wconf 81' lang='grc' dir='ltr'>διὰ</span> <span class='ocrx_word' id='word_1_185' title='bbox 1703 2271 1760 2321; x_wconf 85' lang='grc' dir='ltr'>τὸ</span> <span class='ocrx_word' id='word_1_186' title='bbox 1802 2271 2028 2342; x_wconf 68' lang='grc' dir='ltr'>φέρεσθαι</span> 
     </span>
    </p>
   </div>
   <div class='ocr_carea' id='block_1_25' title="bbox 459 2356 2029 2430">
    <p class='ocr_par' dir='ltr' id='par_1_25' title="bbox 459 2356 2029 2430">
     <span class='ocr_line' id='line_1_25' title="bbox 459 2356 2029 2430; baseline 0.001 -19"><span class='ocrx_word' id='word_1_187' title='bbox 459 2359 510 2411; x_wconf 74' lang='grc' dir='ltr'><strong>ἶν</strong></span> <span class='ocrx_word' id='word_1_188' title='bbox 529 2380 634 2413; x_wconf 87' lang='grc' dir='ltr'>τισι</span> <span class='ocrx_word' id='word_1_189' title='bbox 658 2359 885 2430; x_wconf 72' lang='grc' dir='ltr'>βιϐλίοις.</span> <span class='ocrx_word' id='word_1_190' title='bbox 910 2357 1030 2411; x_wconf 81' lang='grc' dir='ltr'>Ἀλλ’</span> <span class='ocrx_word' id='word_1_191' title='bbox 1060 2363 1104 2412; x_wconf 79' lang='grc' dir='ltr'>εἰ</span> <span class='ocrx_word' id='word_1_192' title='bbox 1139 2360 1288 2413; x_wconf 82' lang='grc' dir='ltr'>τοῦτό</span> <span class='ocrx_word' id='word_1_193' title='bbox 1310 2380 1386 2418; x_wconf 87' lang='grc' dir='ltr'><strong>τις</strong></span> <span class='ocrx_word' id='word_1_194' title='bbox 1415 2361 1540 2412; x_wconf 77' lang='grc' dir='ltr'>κατὰ</span> <span class='ocrx_word' id='word_1_195' title='bbox 1564 2366 1649 2416; x_wconf 80' lang='grc' dir='ltr'><strong>τήν</strong></span> <span class='ocrx_word' id='word_1_196' title='bbox 1678 2362 1837 2410; x_wconf 78' lang='grc' dir='ltr'>αὐτῶν</span> <span class='ocrx_word' id='word_1_197' title='bbox 1867 2356 2029 2413; x_wconf 71' lang='grc' dir='ltr'>ἄνοιαν</span> 
     </span>
    </p>
   </div>
   <div class='ocr_carea' id='block_1_26' title="bbox 461 2447 2028 2524">
    <p class='ocr_par' dir='ltr' id='par_1_26' title="bbox 461 2447 2028 2524">
     <span class='ocr_line' id='line_1_26' title="bbox 461 2447 2028 2524; baseline -0.001 -23"><span class='ocrx_word' id='word_1_198' title='bbox 461 2447 820 2524; x_wconf 76' lang='grc' dir='ltr'>προσδέξηται.</span> <span class='ocrx_word' id='word_1_199' title='bbox 853 2447 930 2502; x_wconf 88' lang='grc' dir='ltr'><strong>δεῖ</strong></span> <span class='ocrx_word' id='word_1_200' title='bbox 954 2451 1037 2501; x_wconf 86' lang='grc' dir='ltr'><strong>καί</strong></span> <span class='ocrx_word' id='word_1_201' title='bbox 1065 2449 1301 2517; x_wconf 77' lang='grc' dir='ltr'>Εὑτυχέα</span> <span class='ocrx_word' id='word_1_202' title='bbox 1346 2451 1427 2501; x_wconf 85' lang='grc' dir='ltr'><strong>καί</strong></span> <span class='ocrx_word' id='word_1_203' title='bbox 1463 2448 1729 2511; x_wconf 73' lang='grc' dir='ltr'>Νεστόριον</span> <span class='ocrx_word' id='word_1_204' title='bbox 1763 2447 2028 2516; x_wconf 75' lang='grc' dir='ltr'>δέχεσθαι.</span> 
     </span>
    </p>
   </div>
   <div class='ocr_carea' id='block_1_27' title="bbox 460 2537 2032 2610">
    <p class='ocr_par' dir='ltr' id='par_1_27' title="bbox 460 2537 2032 2610">
     <span class='ocr_line' id='line_1_27' title="bbox 460 2537 2032 2610; baseline 0 -19"><span class='ocrx_word' id='word_1_205' title='bbox 460 2537 632 2597; x_wconf 76' lang='grc' dir='ltr'>ἐπειδὴ</span> <span class='ocrx_word' id='word_1_206' title='bbox 653 2539 808 2591; x_wconf 83' lang='grc' dir='ltr'>πολλὰ</span> <span class='ocrx_word' id='word_1_207' title='bbox 832 2542 914 2591; x_wconf 84' lang='grc' dir='ltr'><strong>καί</strong></span> <span class='ocrx_word' id='word_1_208' title='bbox 945 2539 1267 2610; x_wconf 80' lang='grc' dir='ltr'>περὶτούτων</span> <span class='ocrx_word' id='word_1_209' title='bbox 1294 2547 1399 2596; x_wconf 66' lang='grc' dir='ltr'>ταῖς</span> <span class='ocrx_word' id='word_1_210' title='bbox 1421 2538 1469 2590; x_wconf 86' lang='grc' dir='ltr'>ἐν</span> <span class='ocrx_word' id='word_1_211' title='bbox 1497 2546 1555 2609; x_wconf 79' lang='grc' dir='ltr'>τῇ</span> <span class='ocrx_word' id='word_1_212' title='bbox 1584 2538 1773 2607; x_wconf 82' lang='grc' dir='ltr'>συνόδῳ</span> <span class='ocrx_word' id='word_1_213' title='bbox 1802 2559 2032 2610; x_wconf 88' lang='grc' dir='ltr'>πεπραγ-</span> 
     </span>
    </p>
   </div>
   <div class='ocr_carea' id='block_1_28' title="bbox 462 2626 2033 2707">
    <p class='ocr_par' dir='ltr' id='par_1_28' title="bbox 462 2626 2033 2707">
     <span class='ocr_line' id='line_1_28' title="bbox 462 2626 2033 2707; baseline -0.001 -26"><span class='ocrx_word' id='word_1_214' title='bbox 462 2630 623 2696; x_wconf 77' lang='grc' dir='ltr'>μένοις</span> <span class='ocrx_word' id='word_1_215' title='bbox 645 2630 926 2707; x_wconf 65' lang='grc' dir='ltr'>ἐμγέρεται.</span> <span class='ocrx_word' id='word_1_216' title='bbox 948 2626 1069 2680; x_wconf 80' lang='grc' dir='ltr'>Ἀλλ’</span> <span class='ocrx_word' id='word_1_217' title='bbox 1096 2627 1253 2686; x_wconf 80' lang='grc' dir='ltr'>οὐδεὶς</span> <span class='ocrx_word' id='word_1_218' title='bbox 1277 2635 1377 2681; x_wconf 87' lang='grc' dir='ltr'>τῶν</span> <span class='ocrx_word' id='word_1_219' title='bbox 1405 2630 1763 2699; x_wconf 73' lang='grc' dir='ltr'>εὐφρονούντων</span> <span class='ocrx_word' id='word_1_220' title='bbox 1783 2636 1885 2686; x_wconf 89' lang='grc' dir='ltr'>τοῖς</span> <span class='ocrx_word' id='word_1_221' title='bbox 1912 2631 2033 2702; x_wconf 80' lang='grc' dir='ltr'>παρ’</span> 
     </span>
    </p>
   </div>
   <div class='ocr_carea' id='block_1_29' title="bbox 462 2721 2032 2793">
    <p class='ocr_par' dir='ltr' id='par_1_29' title="bbox 462 2721 2032 2793">
     <span class='ocr_line' id='line_1_29' title="bbox 462 2721 2032 2793; baseline -0.001 -20"><span class='ocrx_word' id='word_1_222' title='bbox 462 2722 625 2773; x_wconf 63' lang='grc' dir='ltr'>αλτῶν</span> <span class='ocrx_word' id='word_1_223' title='bbox 649 2721 928 2792; x_wconf 75' lang='grc' dir='ltr'>λεγομένοις</span> <span class='ocrx_word' id='word_1_224' title='bbox 968 2722 1201 2793; x_wconf 80' lang='grc' dir='ltr'>προσέξει</span> <span class='ocrx_word' id='word_1_225' title='bbox 1243 2722 1327 2773; x_wconf 86' lang='grc' dir='ltr'>τὸν</span> <span class='ocrx_word' id='word_1_226' title='bbox 1367 2726 1503 2772; x_wconf 75' lang='grc' dir='ltr'>νοῦν.</span> <span class='ocrx_word' id='word_1_227' title='bbox 1534 2722 1607 2773; x_wconf 85' lang='grc' dir='ltr'><strong>Τά</strong></span> <span class='ocrx_word' id='word_1_228' title='bbox 1634 2722 1730 2792; x_wconf 88' lang='grc' dir='ltr'><strong>γάρ</strong></span> <span class='ocrx_word' id='word_1_229' title='bbox 1776 2725 1893 2793; x_wconf 71' lang='grc' dir='ltr'>περὶ</span> <span class='ocrx_word' id='word_1_230' title='bbox 1935 2728 2032 2773; x_wconf 85' lang='grc' dir='ltr'><strong>τῶν</strong></span> 
     </span>
    </p>
   </div>
   <div class='ocr_carea' id='block_1_30' title="bbox 462 2810 2033 2887">
    <p class='ocr_par' dir='ltr' id='par_1_30' title="bbox 462 2810 2033 2887">
     <span class='ocr_line' id='line_1_30' title="bbox 462 2810 2033 2887; baseline -0.002 -20"><span class='ocrx_word' id='word_1_231' title='bbox 462 2814 726 2885; x_wconf 75' lang='grc' dir='ltr'>αἱρετικῶν</span> <span class='ocrx_word' id='word_1_232' title='bbox 750 2813 799 2865; x_wconf 88' lang='grc' dir='ltr'><strong>ἐν</strong></span> <span class='ocrx_word' id='word_1_233' title='bbox 828 2822 940 2872; x_wconf 86' lang='grc' dir='ltr'>ταῖς</span> <span class='ocrx_word' id='word_1_234' title='bbox 978 2810 1206 2872; x_wconf 83' lang='grc' dir='ltr'>συνόδοις</span> <span class='ocrx_word' id='word_1_235' title='bbox 1231 2812 1602 2887; x_wconf 67' lang='grc' dir='ltr'>προφερόμένα,</span> <span class='ocrx_word' id='word_1_236' title='bbox 1643 2816 1723 2864; x_wconf 74' lang='grc' dir='ltr'><strong>καί</strong></span> <span class='ocrx_word' id='word_1_237' title='bbox 1752 2814 1904 2885; x_wconf 80' lang='grc' dir='ltr'>μέρος</span> <span class='ocrx_word' id='word_1_238' title='bbox 1937 2819 2033 2865; x_wconf 85' lang='grc' dir='ltr'><strong>τῶν</strong></span> 
     </span>
    </p>
   </div>
   <div class='ocr_carea' id='block_1_31' title="bbox 462 2901 2034 2974">
    <p class='ocr_par' dir='ltr' id='par_1_31' title="bbox 462 2901 2034 2974">
     <span class='ocr_line' id='line_1_31' title="bbox 462 2901 2034 2974; baseline -0.001 -19"><span class='ocrx_word' id='word_1_239' title='bbox 462 2903 836 2973; x_wconf 76' lang='grc' dir='ltr'><strong>ὑπομνημάτων</strong></span> <span class='ocrx_word' id='word_1_240' title='bbox 855 2902 1079 2971; x_wconf 72' lang='grc' dir='ltr'>γινόμενα</span> <span class='ocrx_word' id='word_1_241' title='bbox 1105 2903 1189 2953; x_wconf 80' lang='grc' dir='ltr'><strong>οὐκ</strong></span> <span class='ocrx_word' id='word_1_242' title='bbox 1215 2904 1299 2955; x_wconf 89' lang='grc' dir='ltr'><strong>ἐπί</strong></span> <span class='ocrx_word' id='word_1_243' title='bbox 1324 2910 1397 2973; x_wconf 83' lang='grc' dir='ltr'>τῷ</span> <span class='ocrx_word' id='word_1_244' title='bbox 1418 2901 1813 2974; x_wconf 66' lang='grc' dir='ltr'>ᾶιυθερωῦἧνρι,</span> <span class='ocrx_word' id='word_1_245' title='bbox 1840 2901 1941 2954; x_wconf 77' lang='grc' dir='ltr'>ἀλλ’</span> <span class='ocrx_word' id='word_1_246' title='bbox 1964 2921 1984 2954; x_wconf 92' lang='grc' dir='ltr'><strong>ε</strong></span> <span class='ocrx_word' id='word_1_247' title='bbox 2010 2922 2034 2960; x_wconf 88' lang='grc' dir='ltr'><strong>ς</strong></span> 
     </span>
    </p>
   </div>
   <div class='ocr_carea' id='block_1_32' title="bbox 464 2990 2035 3063">
    <p class='ocr_par' dir='ltr' id='par_1_32' title="bbox 464 2990 2035 3063">
     <span class='ocr_line' id='line_1_32' title="bbox 464 2990 2035 3063; baseline -0.001 -20"><span class='ocrx_word' id='word_1_248' title='bbox 464 2990 681 3063; x_wconf 76' lang='grc' dir='ltr'>ἕλιγχον</span> <span class='ocrx_word' id='word_1_249' title='bbox 708 2993 890 3051; x_wconf 83' lang='grc' dir='ltr'>αὐτῶν,</span> <span class='ocrx_word' id='word_1_250' title='bbox 916 2993 1000 3043; x_wconf 86' lang='grc' dir='ltr'><strong>καί</strong></span> <span class='ocrx_word' id='word_1_251' title='bbox 1025 2991 1107 3043; x_wconf 83' lang='grc' dir='ltr'>ἐπί</span> <span class='ocrx_word' id='word_1_252' title='bbox 1135 2993 1320 3059; x_wconf 78' lang='grc' dir='ltr'>μείζονι</span> <span class='ocrx_word' id='word_1_253' title='bbox 1347 2992 1633 3063; x_wconf 81' lang='grc' dir='ltr'>κατακρίσει</span> <span class='ocrx_word' id='word_1_254' title='bbox 1660 2991 1821 3042; x_wconf 80' lang='grc' dir='ltr'>αὐτῶν</span> <span class='ocrx_word' id='word_1_255' title='bbox 1849 3009 1923 3055; x_wconf 86' lang='grc' dir='ltr'><strong>τε,</strong></span> <span class='ocrx_word' id='word_1_256' title='bbox 1950 2993 2035 3042; x_wconf 85' lang='grc' dir='ltr'><strong>καί</strong></span> 
     </span>
    </p>
   </div>
   <div class='ocr_carea' id='block_1_33' title="bbox 462 3077 2035 3155">
    <p class='ocr_par' dir='ltr' id='par_1_33' title="bbox 462 3077 2035 3155">
     <span class='ocr_line' id='line_1_33' title="bbox 462 3077 2035 3155; baseline 0 -22"><span class='ocrx_word' id='word_1_257' title='bbox 462 3082 529 3133; x_wconf 80' lang='grc' dir='ltr'>τὰ</span> <span class='ocrx_word' id='word_1_258' title='bbox 553 3078 703 3148; x_wconf 84' lang='grc' dir='ltr'>ὅμοια</span> <span class='ocrx_word' id='word_1_259' title='bbox 736 3082 905 3138; x_wconf 73' lang='grc' dir='ltr'>αὐτοῖς</span> <span class='ocrx_word' id='word_1_260' title='bbox 936 3082 1239 3155; x_wconf 76' lang='grc' dir='ltr'>φρονούντων</span> <span class='ocrx_word' id='word_1_261' title='bbox 1273 3078 1743 3150; x_wconf 80' lang='grc' dir='ltr'>παραλαμϐάνεται.</span> <span class='ocrx_word' id='word_1_262' title='bbox 1770 3080 1824 3130; x_wconf 73' lang='lat' dir='ltr'><strong>Ei</strong></span> <span class='ocrx_word' id='word_1_263' title='bbox 1852 3082 1930 3132; x_wconf 83' lang='grc' dir='ltr'><strong>καί</strong></span> <span class='ocrx_word' id='word_1_264' title='bbox 1958 3077 2035 3133; x_wconf 83' lang='grc' dir='ltr'>ὅτι</span> 
     </span>
    </p>
   </div>
   <div class='ocr_carea' id='block_1_34' title="bbox 463 3168 2037 3246">
    <p class='ocr_par' dir='ltr' id='par_1_34' title="bbox 463 3168 2037 3246">
     <span class='ocr_line' id='line_1_34' title="bbox 463 3168 2037 3246; baseline -0.001 -21"><span class='ocrx_word' id='word_1_265' title='bbox 463 3172 531 3226; x_wconf 81' lang='grc' dir='ltr'><strong>τά</strong></span> <span class='ocrx_word' id='word_1_266' title='bbox 562 3179 652 3230; x_wconf 75' lang='grc' dir='ltr'>τῆς</span> <span class='ocrx_word' id='word_1_267' title='bbox 682 3172 899 3230; x_wconf 73' lang='grc' dir='ltr'>ἀσεϐοῦς</span> <span class='ocrx_word' id='word_1_268' title='bbox 927 3170 1191 3229; x_wconf 72' lang='grc' dir='ltr'>ἐπιστολῆς</span> <span class='ocrx_word' id='word_1_269' title='bbox 1218 3170 1460 3246; x_wconf 67' lang='grc' dir='ltr'>φερόμενα</span> <span class='ocrx_word' id='word_1_270' title='bbox 1486 3171 1820 3239; x_wconf 68' lang='grc' dir='ltr'>ὑπομνήματα</span> <span class='ocrx_word' id='word_1_271' title='bbox 1849 3168 1905 3223; x_wconf 73' lang='grc' dir='ltr'><strong>ἕν</strong></span> <span class='ocrx_word' id='word_1_272' title='bbox 1930 3190 2037 3225; x_wconf 86' lang='grc' dir='ltr'>τισι</span> 
     </span>
    </p>
   </div>
   <div class='ocr_carea' id='block_1_35' title="bbox 464 3259 2038 3336">
    <p class='ocr_par' dir='ltr' id='par_1_35' title="bbox 464 3259 2038 3336">
     <span class='ocr_line' id='line_1_35' title="bbox 464 3259 2038 3336; baseline 0.001 -22"><span class='ocrx_word' id='word_1_273' title='bbox 464 3264 556 3332; x_wconf 75' lang='grc' dir='ltr'><strong>μέν</strong></span> <span class='ocrx_word' id='word_1_274' title='bbox 578 3262 809 3332; x_wconf 78' lang='grc' dir='ltr'>βιϐλίοις,</span> <span class='ocrx_word' id='word_1_275' title='bbox 833 3264 900 3322; x_wconf 83' lang='grc' dir='ltr'>ὡς</span> <span class='ocrx_word' id='word_1_276' title='bbox 923 3259 1133 3336; x_wconf 78' lang='grc' dir='ltr'>εἴρηται,</span> <span class='ocrx_word' id='word_1_277' title='bbox 1173 3262 1481 3327; x_wconf 85' lang='grc' dir='ltr'>ἐντέτακται,</span> <span class='ocrx_word' id='word_1_278' title='bbox 1518 3264 1566 3315; x_wconf 89' lang='grc' dir='ltr'>ἐν</span> <span class='ocrx_word' id='word_1_279' title='bbox 1594 3262 1647 3317; x_wconf 87' lang='grc' dir='ltr'><strong>δέ</strong></span> <span class='ocrx_word' id='word_1_280' title='bbox 1677 3272 1781 3323; x_wconf 75' lang='grc' dir='ltr'>τοῖς</span> <span class='ocrx_word' id='word_1_281' title='bbox 1812 3266 2038 3317; x_wconf 76' lang='grc' dir='ltr'>αύθεντι-</span> 
     </span>
    </p>
   </div>
   <div class='ocr_carea' id='block_1_36' title="bbox 464 3349 2038 3427">
    <p class='ocr_par' dir='ltr' id='par_1_36' title="bbox 464 3349 2038 3427">
     <span class='ocr_line' id='line_1_36' title="bbox 464 3349 2038 3427; baseline 0.002 -22"><span class='ocrx_word' id='word_1_282' title='bbox 464 3360 588 3415; x_wconf 82' lang='grc' dir='ltr'>κοῖς,</span> <span class='ocrx_word' id='word_1_283' title='bbox 622 3354 670 3406; x_wconf 86' lang='grc' dir='ltr'>ἐν</span> <span class='ocrx_word' id='word_1_284' title='bbox 700 3349 771 3413; x_wconf 81' lang='grc' dir='ltr'><strong>οἷς</strong></span> <span class='ocrx_word' id='word_1_285' title='bbox 791 3352 1091 3427; x_wconf 68' lang='grc' dir='ltr'>ὑπέγραψαν</span> <span class='ocrx_word' id='word_1_286' title='bbox 1110 3353 1153 3405; x_wconf 76' lang='grc' dir='ltr'>οἷ</span> <span class='ocrx_word' id='word_1_287' title='bbox 1186 3351 1454 3407; x_wconf 75' lang='grc' dir='ltr'>ὁσιώτατα</span> <span class='ocrx_word' id='word_1_288' title='bbox 1485 3356 1770 3417; x_wconf 82' lang='grc' dir='ltr'>ἐπίσκοποι,</span> <span class='ocrx_word' id='word_1_289' title='bbox 1800 3353 2038 3427; x_wconf 72' lang='grc' dir='ltr'>οὐδαμῶς</span> 
     </span>
    </p>
   </div>
   <div class='ocr_carea' id='block_1_37' title="bbox 466 3441 2038 3519">
    <p class='ocr_par' dir='ltr' id='par_1_37' title="bbox 466 3441 2038 3519">
     <span class='ocr_line' id='line_1_37' title="bbox 466 3441 2038 3519; baseline 0.003 -25"><span class='ocrx_word' id='word_1_290' title='bbox 466 3443 701 3515; x_wconf 69' lang='grc' dir='ltr'>ηὕρηται.</span> <span class='ocrx_word' id='word_1_291' title='bbox 733 3443 855 3499; x_wconf 75' lang='grc' dir='ltr'>Πλὴν</span> <span class='ocrx_word' id='word_1_292' title='bbox 878 3444 1086 3513; x_wconf 81' lang='grc' dir='ltr'>κάκείνῳ</span> <span class='ocrx_word' id='word_1_293' title='bbox 1124 3441 1204 3496; x_wconf 84' lang='grc' dir='ltr'><strong>δεῖ</strong></span> <span class='ocrx_word' id='word_1_294' title='bbox 1226 3447 1508 3519; x_wconf 80' lang='grc' dir='ltr'>προσέχειν</span> <span class='ocrx_word' id='word_1_295' title='bbox 1536 3449 1654 3505; x_wconf 81' lang='grc' dir='ltr'>τοὺς</span> <span class='ocrx_word' id='word_1_296' title='bbox 1688 3452 1776 3503; x_wconf 72' lang='grc' dir='ltr'>τήν</span> <span class='ocrx_word' id='word_1_297' title='bbox 1810 3446 2038 3503; x_wconf 75' lang='grc' dir='ltr'>ἀλήθειαν</span> 
     </span>
    </p>
   </div>
   <div class='ocr_carea' id='block_1_38' title="bbox 469 3531 2037 3609">
    <p class='ocr_par' dir='ltr' id='par_1_38' title="bbox 469 3531 2037 3609">
     <span class='ocr_line' id='line_1_38' title="bbox 469 3531 2037 3609; baseline 0 -23"><span class='ocrx_word' id='word_1_298' title='bbox 469 3536 787 3608; x_wconf 78' lang='grc' dir='ltr'>έρευνῶντας⁶</span> <span class='ocrx_word' id='word_1_299' title='bbox 818 3531 898 3587; x_wconf 76' lang='grc' dir='ltr'>ὅτι</span> <span class='ocrx_word' id='word_1_300' title='bbox 922 3534 1154 3593; x_wconf 70' lang='grc' dir='ltr'>πολλάκις</span> <span class='ocrx_word' id='word_1_301' title='bbox 1182 3537 1291 3588; x_wconf 82' lang='grc' dir='ltr'>τινὰ</span> <span class='ocrx_word' id='word_1_302' title='bbox 1311 3535 1359 3586; x_wconf 89' lang='grc' dir='ltr'>έν</span> <span class='ocrx_word' id='word_1_303' title='bbox 1396 3542 1515 3592; x_wconf 79' lang='grc' dir='ltr'>ταῖς</span> <span class='ocrx_word' id='word_1_304' title='bbox 1540 3533 1766 3593; x_wconf 84' lang='grc' dir='ltr'>συνόδοις</span> <span class='ocrx_word' id='word_1_305' title='bbox 1794 3536 1935 3609; x_wconf 87' lang='grc' dir='ltr'><strong>παρά</strong></span> <span class='ocrx_word' id='word_1_306' title='bbox 1958 3555 2037 3588; x_wconf 88' lang='grc' dir='ltr'>τι-</span> 
     </span>
    </p>
   </div>
   <div class='ocr_carea' id='block_1_39' title="bbox 467 3623 2037 3701">
    <p class='ocr_par' dir='ltr' id='par_1_39' title="bbox 467 3623 2037 3701">
     <span class='ocr_line' id='line_1_39' title="bbox 467 3623 2037 3701; baseline -0.001 -23"><span class='ocrx_word' id='word_1_307' title='bbox 467 3647 563 3681; x_wconf 86' lang='grc' dir='ltr'><strong>νων</strong></span> <span class='ocrx_word' id='word_1_308' title='bbox 592 3626 643 3678; x_wconf 76' lang='grc' dir='ltr'><strong>ἐν</strong></span> <span class='ocrx_word' id='word_1_309' title='bbox 669 3628 848 3684; x_wconf 76' lang='grc' dir='ltr'>αὑταῖς</span> <span class='ocrx_word' id='word_1_310' title='bbox 866 3626 1232 3701; x_wconf 64' lang='grc' dir='ltr'>εὑρισκομένων</span> <span class='ocrx_word' id='word_1_311' title='bbox 1258 3626 1451 3696; x_wconf 85' lang='grc' dir='ltr'>λέγεται</span> <span class='ocrx_word' id='word_1_312' title='bbox 1473 3623 1504 3683; x_wconf 69' lang='grc' dir='ltr'>ἦ</span> <span class='ocrx_word' id='word_1_313' title='bbox 1526 3626 1653 3679; x_wconf 81' lang='grc' dir='ltr'>κατὰ</span> <span class='ocrx_word' id='word_1_314' title='bbox 1672 3628 2037 3698; x_wconf 56' lang='grc' dir='ltr'>προσπάθειαν,</span> 
     </span>
    </p>
   </div>
   <div class='ocr_carea' id='block_1_40' title="bbox 470 3714 2042 3790">
    <p class='ocr_par' dir='ltr' id='par_1_40' title="bbox 470 3714 2042 3790">
     <span class='ocr_line' id='line_1_40' title="bbox 470 3714 2042 3790; baseline -0.001 -19"><span class='ocrx_word' id='word_1_315' title='bbox 470 3719 500 3777; x_wconf 75' lang='grc' dir='ltr'><em>ἦ</em></span> <span class='ocrx_word' id='word_1_316' title='bbox 541 3720 643 3771; x_wconf 74' lang='grc' dir='ltr'>κατ’</span> <span class='ocrx_word' id='word_1_317' title='bbox 670 3720 977 3779; x_wconf 77' lang='grc' dir='ltr'>ίναντίωσιν,</span> <span class='ocrx_word' id='word_1_318' title='bbox 1024 3716 1053 3775; x_wconf 77' lang='grc' dir='ltr'><strong>ἦ</strong></span> <span class='ocrx_word' id='word_1_319' title='bbox 1095 3716 1202 3771; x_wconf 80' lang='grc' dir='ltr'>κατ’</span> <span class='ocrx_word' id='word_1_320' title='bbox 1231 3714 1449 3788; x_wconf 79' lang='grc' dir='ltr'>ἆγνοαν,</span> <span class='ocrx_word' id='word_1_321' title='bbox 1494 3716 1659 3776; x_wconf 82' lang='grc' dir='ltr'>οὐδεὶς</span> <span class='ocrx_word' id='word_1_322' title='bbox 1698 3716 1751 3770; x_wconf 81' lang='grc' dir='ltr'><strong>δέ</strong></span> <span class='ocrx_word' id='word_1_323' title='bbox 1791 3720 2042 3790; x_wconf 86' lang='grc' dir='ltr'>προσέχει</span> 
     </span>
    </p>
   </div>
   <div class='ocr_carea' id='block_1_41' title="bbox 469 3806 2043 3881">
    <p class='ocr_par' dir='ltr' id='par_1_41' title="bbox 469 3806 2043 3881">
     <span class='ocr_line' id='line_1_41' title="bbox 469 3806 2043 3881; baseline -0.003 -19"><span class='ocrx_word' id='word_1_324' title='bbox 469 3816 579 3866; x_wconf 87' lang='grc' dir='ltr'>τοῖς</span> <span class='ocrx_word' id='word_1_325' title='bbox 607 3809 734 3861; x_wconf 86' lang='grc' dir='ltr'><strong>κατά</strong></span> <span class='ocrx_word' id='word_1_326' title='bbox 758 3808 907 3880; x_wconf 85' lang='grc' dir='ltr'>μέρος</span> <span class='ocrx_word' id='word_1_327' title='bbox 934 3808 1074 3881; x_wconf 83' lang='grc' dir='ltr'><strong>παρά</strong></span> <span class='ocrx_word' id='word_1_328' title='bbox 1105 3827 1249 3861; x_wconf 86' lang='grc' dir='ltr'>τινων</span> <span class='ocrx_word' id='word_1_329' title='bbox 1269 3806 1568 3877; x_wconf 46' lang='grc' dir='ltr'>λεγομένοις,</span> <span class='ocrx_word' id='word_1_330' title='bbox 1600 3807 1722 3859; x_wconf 82' lang='grc' dir='ltr'><strong>ἀλλά</strong></span> <span class='ocrx_word' id='word_1_331' title='bbox 1749 3806 1913 3874; x_wconf 87' lang='grc' dir='ltr'>μόνοις</span> <span class='ocrx_word' id='word_1_332' title='bbox 1931 3814 2043 3864; x_wconf 88' lang='grc' dir='ltr'>τοῖς</span> 
     </span>
    </p>
   </div>
   <div class='ocr_carea' id='block_1_42' title="bbox 471 3896 2041 3970">
    <p class='ocr_par' dir='ltr' id='par_1_42' title="bbox 471 3896 2041 3970">
     <span class='ocr_line' id='line_1_42' title="bbox 471 3896 2041 3970; baseline -0.003 -18"><span class='ocrx_word' id='word_1_333' title='bbox 471 3901 603 3953; x_wconf 85' lang='grc' dir='ltr'><strong>κατά</strong></span> <span class='ocrx_word' id='word_1_334' title='bbox 628 3904 789 3956; x_wconf 75' lang='grc' dir='ltr'>κοινήν</span> <span class='ocrx_word' id='word_1_335' title='bbox 817 3900 1095 3950; x_wconf 87' lang='grc' dir='ltr'>συναίνεσιν</span> <span class='ocrx_word' id='word_1_336' title='bbox 1132 3898 1274 3970; x_wconf 82' lang='grc' dir='ltr'>παρὰ</span> <span class='ocrx_word' id='word_1_337' title='bbox 1300 3899 1501 3951; x_wconf 77' lang='grc' dir='ltr'>πάντων</span> <span class='ocrx_word' id='word_1_338' title='bbox 1524 3896 1840 3968; x_wconf 77' lang='grc' dir='ltr'>ὁριζομένοις.</span> <span class='ocrx_word' id='word_1_339' title='bbox 1871 3899 1927 3948; x_wconf 76' lang='grc' dir='ltr'><strong>Εἰ</strong></span> <span class='ocrx_word' id='word_1_340' title='bbox 1946 3898 2041 3969; x_wconf 81' lang='grc' dir='ltr'>γὰρ</span> 
     </span>
    </p>
   </div>
   <div class='ocr_carea' id='block_1_43' title="bbox 472 3986 2045 4061">
    <p class='ocr_par' dir='ltr' id='par_1_43' title="bbox 472 3986 2045 4061">
     <span class='ocr_line' id='line_1_43' title="bbox 472 3986 2045 4061; baseline -0.003 -19"><span class='ocrx_word' id='word_1_341' title='bbox 472 3988 584 4043; x_wconf 77' lang='grc' dir='ltr'>κατ’</span> <span class='ocrx_word' id='word_1_342' title='bbox 633 3987 845 4045; x_wconf 85' lang='grc' dir='ltr'>ἐκείνους</span> <span class='ocrx_word' id='word_1_343' title='bbox 892 3986 1147 4054; x_wconf 76' lang='grc' dir='ltr'>βουληθείη</span> <span class='ocrx_word' id='word_1_344' title='bbox 1191 4007 1269 4047; x_wconf 88' lang='grc' dir='ltr'><strong>τις</strong></span> <span class='ocrx_word' id='word_1_345' title='bbox 1313 3988 1589 4061; x_wconf 85' lang='grc' dir='ltr'>προσέχειν</span> <span class='ocrx_word' id='word_1_346' title='bbox 1629 3994 1741 4044; x_wconf 81' lang='grc' dir='ltr'>ταῖς</span> <span class='ocrx_word' id='word_1_347' title='bbox 1786 3987 2045 4045; x_wconf 82' lang='grc' dir='ltr'>τοιαύταις</span> 
     </span>
    </p>
   </div>
   <div class='ocr_carea' id='block_1_44' title="bbox 470 4073 2044 4148">
    <p class='ocr_par' dir='ltr' id='par_1_44' title="bbox 470 4073 2044 4148">
     <span class='ocr_line' id='line_1_44' title="bbox 470 4073 2044 4148; baseline -0.001 -19"><span class='ocrx_word' id='word_1_348' title='bbox 470 4077 834 4136; x_wconf 75' lang='grc' dir='ltr'>ἐναντιωσεσιν,</span> <span class='ocrx_word' id='word_1_349' title='bbox 872 4075 1058 4131; x_wconf 71' lang='grc' dir='ltr'>ἑκάστη</span> <span class='ocrx_word' id='word_1_350' title='bbox 1112 4073 1326 4135; x_wconf 86' lang='grc' dir='ltr'>σύνοδος</span> <span class='ocrx_word' id='word_1_351' title='bbox 1364 4076 1657 4148; x_wconf 79' lang='grc' dir='ltr'>εὑρίσκεται</span> <span class='ocrx_word' id='word_1_352' title='bbox 1695 4075 1881 4133; x_wconf 82' lang='grc' dir='ltr'>έαυτὴν</span> <span class='ocrx_word' id='word_1_353' title='bbox 1922 4077 2044 4128; x_wconf 85' lang='grc' dir='ltr'>ἀνα·</span> 
     </span>
    </p>
   </div>
   <div class='ocr_carea' id='block_1_45' title="bbox 472 4163 2044 4240">
    <p class='ocr_par' dir='ltr' id='par_1_45' title="bbox 472 4163 2044 4240">
     <span class='ocr_line' id='line_1_45' title="bbox 472 4163 2044 4240; baseline -0.002 -21"><span class='ocrx_word' id='word_1_354' title='bbox 472 4168 758 4239; x_wconf 82' lang='grc' dir='ltr'>τρέπουσα.</span> <span class='ocrx_word' id='word_1_355' title='bbox 800 4167 886 4219; x_wconf 80' lang='grc' dir='ltr'>Διά</span> <span class='ocrx_word' id='word_1_356' title='bbox 925 4172 1084 4219; x_wconf 82' lang='grc' dir='ltr'>ταῦτα</span> <span class='ocrx_word' id='word_1_357' title='bbox 1120 4168 1287 4218; x_wconf 84' lang='grc' dir='ltr'>τοίνυν</span> <span class='ocrx_word' id='word_1_358' title='bbox 1324 4163 1425 4219; x_wconf 76' lang='grc' dir='ltr'>ἴδει</span> <span class='ocrx_word' id='word_1_359' title='bbox 1468 4166 1674 4226; x_wconf 69' lang='grc' dir='ltr'>αὐτούς,</span> <span class='ocrx_word' id='word_1_360' title='bbox 1702 4163 1844 4240; x_wconf 78' lang='grc' dir='ltr'>εἴπερ</span> <span class='ocrx_word' id='word_1_361' title='bbox 1888 4165 2044 4235; x_wconf 78' lang='grc' dir='ltr'>ὀρθῶς</span> 
     </span>
    </p>
   </div>
   <div class='ocr_carea' id='block_1_46' title="bbox 474 4252 2046 4327">
    <p class='ocr_par' dir='ltr' id='par_1_46' title="bbox 474 4252 2046 4327">
     <span class='ocr_line' id='line_1_46' title="bbox 474 4252 2046 4327; baseline -0.002 -18"><span class='ocrx_word' id='word_1_362' title='bbox 474 4254 713 4325; x_wconf 79' lang='grc' dir='ltr'>ἐδέχοντο</span> <span class='ocrx_word' id='word_1_363' title='bbox 741 4262 829 4313; x_wconf 78' lang='grc' dir='ltr'>τὴν</span> <span class='ocrx_word' id='word_1_364' title='bbox 871 4254 1016 4323; x_wconf 84' lang='grc' dir='ltr'>ἀγίαν</span> <span class='ocrx_word' id='word_1_365' title='bbox 1044 4252 1265 4318; x_wconf 80' lang='grc' dir='ltr'>σύνοδον,</span> <span class='ocrx_word' id='word_1_366' title='bbox 1304 4260 1373 4324; x_wconf 73' lang='grc' dir='ltr'>μή</span> <span class='ocrx_word' id='word_1_367' title='bbox 1410 4256 1646 4314; x_wconf 80' lang='grc' dir='ltr'>τοιαύτας</span> <span class='ocrx_word' id='word_1_368' title='bbox 1680 4255 1805 4327; x_wconf 70' lang='grc' dir='ltr'>αὐτῇ</span> <span class='ocrx_word' id='word_1_369' title='bbox 1832 4254 2046 4325; x_wconf 66' lang='grc' dir='ltr'>μέμψεις</span> 
     </span>
    </p>
   </div>
   <div class='ocr_carea' id='block_1_47' title="bbox 475 4343 2049 4417">
    <p class='ocr_par' dir='ltr' id='par_1_47' title="bbox 475 4343 2049 4417">
     <span class='ocr_line' id='line_1_47' title="bbox 475 4343 2049 4417; baseline -0.001 -20"><span class='ocrx_word' id='word_1_370' title='bbox 475 4348 793 4417; x_wconf 81' lang='grc' dir='ltr'>περιάπτειν,</span> <span class='ocrx_word' id='word_1_371' title='bbox 817 4345 939 4397; x_wconf 80' lang='grc' dir='ltr'><strong>ἀλλά</strong></span> <span class='ocrx_word' id='word_1_372' title='bbox 967 4344 1291 4401; x_wconf 78' lang='grc' dir='ltr'>ἀκολουθῆσαι</span> <span class='ocrx_word' id='word_1_373' title='bbox 1312 4352 1422 4405; x_wconf 77' lang='grc' dir='ltr'>τοῖς</span> <span class='ocrx_word' id='word_1_374' title='bbox 1443 4343 1763 4403; x_wconf 76' lang='grc' dir='ltr'>διδασκάλοις</span> <span class='ocrx_word' id='word_1_375' title='bbox 1790 4353 1880 4403; x_wconf 74' lang='grc' dir='ltr'>τῆς</span> <span class='ocrx_word' id='word_1_376' title='bbox 1907 4346 2049 4397; x_wconf 86' lang='grc' dir='ltr'>καθο-</span> 
     </span>
    </p>
   </div>
   <div class='ocr_carea' id='block_1_48' title="bbox 2118 616 3686 695">
    <p class='ocr_par' dir='ltr' id='par_1_48' title="bbox 2118 616 3686 695">
     <span class='ocr_line' id='line_1_48' title="bbox 2118 616 3686 695; baseline -0.008 -13"><span class='ocrx_word' id='word_1_377' title='bbox 2118 628 2383 694; x_wconf 73' lang='lat' dir='ltr'><strong>siquidem</strong></span> <span class='ocrx_word' id='word_1_378' title='bbox 2430 622 2747 695; x_wconf 75' lang='lat' dir='ltr'><strong>[interdum]</strong></span> <span class='ocrx_word' id='word_1_379' title='bbox 2796 623 2994 677; x_wconf 59' lang='lat' dir='ltr'><strong>eadem</strong></span> <span class='ocrx_word' id='word_1_380' title='bbox 3048 638 3231 686; x_wconf 81' lang='lat' dir='ltr'><strong>voces,</strong></span> <span class='ocrx_word' id='word_1_381' title='bbox 3284 618 3503 689; x_wconf 83' lang='lat' dir='ltr'><strong>quando</strong></span> <span class='ocrx_word' id='word_1_382' title='bbox 3548 616 3686 672; x_wconf 79' lang='lat' dir='ltr'><strong>bene</strong></span> 
     </span>
    </p>
   </div>
   <div class='ocr_carea' id='block_1_49' title="bbox 2119 712 3685 785">
    <p class='ocr_par' dir='ltr' id='par_1_49' title="bbox 2119 712 3685 785">
     <span class='ocr_line' id='line_1_49' title="bbox 2119 712 3685 785; baseline -0.006 -14"><span class='ocrx_word' id='word_1_383' title='bbox 2119 726 2465 785; x_wconf 74' lang='lat' dir='ltr'><strong>exponuntur</strong></span> <span class='ocrx_word' id='word_1_384' title='bbox 2513 727 2559 768; x_wconf 72' lang='lat' dir='ltr'><strong>ut</strong></span> <span class='ocrx_word' id='word_1_385' title='bbox 2620 715 3027 776; x_wconf 65' lang='lat' dir='ltr'><strong>intelliguntur,</strong></span> <span class='ocrx_word' id='word_1_386' title='bbox 3083 729 3207 765; x_wconf 88' lang='lat' dir='ltr'><strong>cum</strong></span> <span class='ocrx_word' id='word_1_387' title='bbox 3270 712 3469 777; x_wconf 83' lang='lat' dir='ltr'><strong>pietate</strong></span> <span class='ocrx_word' id='word_1_388' title='bbox 3521 720 3685 771; x_wconf 72' lang='lat' dir='ltr'><strong>sunt,</strong></span> 
     </span>
    </p>
   </div>
   <div class='ocr_carea' id='block_1_50' title="bbox 2126 800 3693 871">
    <p class='ocr_par' dir='ltr' id='par_1_50' title="bbox 2126 800 3693 871">
     <span class='ocr_line' id='line_1_50' title="bbox 2126 800 3693 871; baseline -0.002 -16"><span class='ocrx_word' id='word_1_389' title='bbox 2126 802 2339 871; x_wconf 84' lang='lat' dir='ltr'><strong>quando</strong></span> <span class='ocrx_word' id='word_1_390' title='bbox 2364 811 2542 856; x_wconf 86' lang='lat' dir='ltr'><strong>autem</strong></span> <span class='ocrx_word' id='word_1_391' title='bbox 2566 802 2702 856; x_wconf 86' lang='lat' dir='ltr'><strong>male</strong></span> <span class='ocrx_word' id='word_1_392' title='bbox 2722 802 2789 855; x_wconf 88' lang='lat' dir='ltr'><strong>ab</strong></span> <span class='ocrx_word' id='word_1_393' title='bbox 2818 801 3082 857; x_wconf 63' lang='lat' dir='ltr'><strong>hiereticis</strong></span> <span class='ocrx_word' id='word_1_394' title='bbox 3108 800 3473 867; x_wconf 77' lang='lat' dir='ltr'><strong>intelliguntur</strong></span> <span class='ocrx_word' id='word_1_395' title='bbox 3491 808 3546 853; x_wconf 91' lang='lat' dir='ltr'><strong>et</strong></span> <span class='ocrx_word' id='word_1_396' title='bbox 3567 816 3693 868; x_wconf 81' lang='lat' dir='ltr'><strong>pro-</strong></span> 
     </span>
    </p>
   </div>
   <div class='ocr_carea' id='block_1_51' title="bbox 2127 889 3693 961">
    <p class='ocr_par' dir='ltr' id='par_1_51' title="bbox 2127 889 3693 961">
     <span class='ocr_line' id='line_1_51' title="bbox 2127 889 3693 961; baseline -0.003 -16"><span class='ocrx_word' id='word_1_397' title='bbox 2127 893 2387 957; x_wconf 82' lang='lat' dir='ltr'><strong>feruntur,</strong></span> <span class='ocrx_word' id='word_1_398' title='bbox 2419 892 2743 961; x_wconf 72' lang='lat' dir='ltr'><strong>impietatem</strong></span> <span class='ocrx_word' id='word_1_399' title='bbox 2772 893 2989 947; x_wconf 86' lang='lat' dir='ltr'><strong>habent.</strong></span> <span class='ocrx_word' id='word_1_400' title='bbox 3023 889 3205 958; x_wconf 83' lang='lat' dir='ltr'><strong>Itaque</strong></span> <span class='ocrx_word' id='word_1_401' title='bbox 3229 891 3528 945; x_wconf 77' lang='lat' dir='ltr'><strong>Neistorium</strong></span> <span class='ocrx_word' id='word_1_402' title='bbox 3560 890 3693 944; x_wconf 86' lang='lat' dir='ltr'><strong>duas</strong></span> 
     </span>
    </p>
   </div>
   <div class='ocr_carea' id='block_1_52' title="bbox 2126 982 3694 1053">
    <p class='ocr_par' dir='ltr' id='par_1_52' title="bbox 2126 982 3694 1053">
     <span class='ocr_line' id='line_1_52' title="bbox 2126 982 3694 1053; baseline -0.001 -16"><span class='ocrx_word' id='word_1_403' title='bbox 2126 984 2340 1053; x_wconf 87' lang='lat' dir='ltr'><strong>quidem</strong></span> <span class='ocrx_word' id='word_1_404' title='bbox 2370 993 2585 1039; x_wconf 88' lang='lat' dir='ltr'><strong>naturas</strong></span> <span class='ocrx_word' id='word_1_405' title='bbox 2615 992 2669 1038; x_wconf 90' lang='lat' dir='ltr'><strong>et</strong></span> <span class='ocrx_word' id='word_1_406' title='bbox 2706 1000 2868 1037; x_wconf 85' lang='lat' dir='ltr'><strong>unam</strong></span> <span class='ocrx_word' id='word_1_407' title='bbox 2909 999 3192 1052; x_wconf 81' lang='lat' dir='ltr'><strong>personam</strong></span> <span class='ocrx_word' id='word_1_408' title='bbox 3236 982 3498 1035; x_wconf 85' lang='lat' dir='ltr'><strong>dicentem</strong></span> <span class='ocrx_word' id='word_1_409' title='bbox 3520 1023 3535 1046; x_wconf 93' lang='lat'><strong>,</strong></span> <span class='ocrx_word' id='word_1_410' title='bbox 3585 996 3694 1037; x_wconf 87' lang='lat' dir='ltr'><strong>non</strong></span> 
     </span>
    </p>
   </div>
   <div class='ocr_carea' id='block_1_53' title="bbox 2124 1071 3693 1131">
    <p class='ocr_par' dir='ltr' id='par_1_53' title="bbox 2124 1071 3693 1131">
     <span class='ocr_line' id='line_1_53' title="bbox 2124 1071 3693 1131; baseline -0.003 -3"><span class='ocrx_word' id='word_1_411' title='bbox 2124 1076 2463 1128; x_wconf 78' lang='lat' dir='ltr'><strong>cantitentem</strong></span> <span class='ocrx_word' id='word_1_412' title='bbox 2491 1084 2667 1131; x_wconf 88' lang='lat' dir='ltr'><strong>autem</strong></span> <span class='ocrx_word' id='word_1_413' title='bbox 2698 1089 2879 1128; x_wconf 88' lang='lat' dir='ltr'><strong>earum</strong></span> <span class='ocrx_word' id='word_1_414' title='bbox 2922 1074 3178 1127; x_wconf 87' lang='lat' dir='ltr'><strong>unitatem</strong></span> <span class='ocrx_word' id='word_1_415' title='bbox 3207 1071 3497 1125; x_wconf 85' lang='lat' dir='ltr'><strong>secundum</strong></span> <span class='ocrx_word' id='word_1_416' title='bbox 3520 1071 3693 1124; x_wconf 91' lang='lat' dir='ltr'><strong>subsi-</strong></span> 
     </span>
    </p>
   </div>
   <div class='ocr_carea' id='block_1_54' title="bbox 2122 1166 3694 1239">
    <p class='ocr_par' dir='ltr' id='par_1_54' title="bbox 2122 1166 3694 1239">
     <span class='ocr_line' id='line_1_54' title="bbox 2122 1166 3694 1239; baseline -0.004 -14"><span class='ocrx_word' id='word_1_417' title='bbox 2122 1172 2399 1233; x_wconf 85' lang='lat' dir='ltr'><strong>stentiam,</strong></span> <span class='ocrx_word' id='word_1_418' title='bbox 2442 1170 2703 1239; x_wconf 84' lang='lat' dir='ltr'><strong>Ephesina</strong></span> <span class='ocrx_word' id='word_1_419' title='bbox 2751 1169 2916 1237; x_wconf 72' lang='lat' dir='ltr'><strong>prima</strong></span> <span class='ocrx_word' id='word_1_420' title='bbox 2945 1170 3211 1238; x_wconf 77' lang='lat' dir='ltr'><strong>synodus,</strong></span> <span class='ocrx_word' id='word_1_421' title='bbox 3260 1166 3413 1234; x_wconf 76' lang='lat' dir='ltr'><strong>cujus</strong></span> <span class='ocrx_word' id='word_1_422' title='bbox 3443 1174 3694 1220; x_wconf 83' lang='lat' dir='ltr'><strong>auctores</strong></span> 
     </span>
    </p>
   </div>
   <div class='ocr_carea' id='block_1_55' title="bbox 2127 1258 3693 1330">
    <p class='ocr_par' dir='ltr' id='par_1_55' title="bbox 2127 1258 3693 1330">
     <span class='ocr_line' id='line_1_55' title="bbox 2127 1258 3693 1330; baseline -0.006 -12"><span class='ocrx_word' id='word_1_423' title='bbox 2127 1272 2279 1318; x_wconf 82' lang='lat' dir='ltr'><strong>crant</strong></span> <span class='ocrx_word' id='word_1_424' title='bbox 2310 1261 2631 1318; x_wconf 69' lang='lat' dir='ltr'><strong>leestinus</strong></span> <span class='ocrx_word' id='word_1_425' title='bbox 2658 1270 2713 1314; x_wconf 91' lang='lat' dir='ltr'><strong>et</strong></span> <span class='ocrx_word' id='word_1_426' title='bbox 2739 1258 2969 1330; x_wconf 78' lang='lat' dir='ltr'><strong>Cyrillus</strong></span> <span class='ocrx_word' id='word_1_427' title='bbox 2996 1266 3196 1313; x_wconf 77' lang='lat' dir='ltr'><strong>sanctae</strong></span> <span class='ocrx_word' id='word_1_428' title='bbox 3236 1272 3536 1317; x_wconf 60' lang='lat' dir='ltr'><strong>memorat,</strong></span> <span class='ocrx_word' id='word_1_429' title='bbox 3587 1271 3693 1309; x_wconf 91' lang='lat' dir='ltr'><strong>non</strong></span> 
     </span>
    </p>
   </div>
   <div class='ocr_carea' id='block_1_56' title="bbox 2127 1348 3695 1421">
    <p class='ocr_par' dir='ltr' id='par_1_56' title="bbox 2127 1348 3695 1421">
     <span class='ocr_line' id='line_1_56' title="bbox 2127 1348 3695 1421; baseline -0.005 -15"><span class='ocrx_word' id='word_1_430' title='bbox 2127 1354 2399 1421; x_wconf 83' lang='lat' dir='ltr'><strong>suscepit,</strong></span> <span class='ocrx_word' id='word_1_431' title='bbox 2444 1351 2537 1407; x_wconf 85' lang='lat' dir='ltr'><strong>sed</strong></span> <span class='ocrx_word' id='word_1_432' title='bbox 2578 1350 2972 1405; x_wconf 78' lang='lat' dir='ltr'><strong>condemnavit.</strong></span> <span class='ocrx_word' id='word_1_433' title='bbox 3017 1348 3125 1401; x_wconf 82' lang='lat' dir='ltr'><strong>Nos</strong></span> <span class='ocrx_word' id='word_1_434' title='bbox 3167 1356 3345 1401; x_wconf 82' lang='lat' dir='ltr'><strong>autem</strong></span> <span class='ocrx_word' id='word_1_435' title='bbox 3389 1354 3695 1401; x_wconf 86' lang='lat' dir='ltr'><strong>sanctorum</strong></span> 
     </span>
    </p>
   </div>
   <div class='ocr_carea' id='block_1_57' title="bbox 2132 1439 3695 1510">
    <p class='ocr_par' dir='ltr' id='par_1_57' title="bbox 2132 1439 3695 1510">
     <span class='ocr_line' id='line_1_57' title="bbox 2132 1439 3695 1510; baseline -0.005 -14"><span class='ocrx_word' id='word_1_436' title='bbox 2132 1442 2344 1496; x_wconf 83' lang='lat' dir='ltr'><strong>Patrum</strong></span> <span class='ocrx_word' id='word_1_437' title='bbox 2364 1443 2662 1497; x_wconf 77' lang='lat' dir='ltr'><strong>doctrinam</strong></span> <span class='ocrx_word' id='word_1_438' title='bbox 2693 1457 2788 1510; x_wconf 85' lang='lat' dir='ltr'><strong>per</strong></span> <span class='ocrx_word' id='word_1_439' title='bbox 2812 1441 2989 1494; x_wconf 86' lang='lat' dir='ltr'><strong>omnia</strong></span> <span class='ocrx_word' id='word_1_440' title='bbox 3014 1447 3322 1507; x_wconf 80' lang='lat' dir='ltr'><strong>sequentes,</strong></span> <span class='ocrx_word' id='word_1_441' title='bbox 3353 1446 3407 1490; x_wconf 88' lang='lat' dir='ltr'><strong>et</strong></span> <span class='ocrx_word' id='word_1_442' title='bbox 3436 1439 3695 1491; x_wconf 87' lang='lat' dir='ltr'><strong>unitatem</strong></span> 
     </span>
    </p>
   </div>
   <div class='ocr_carea' id='block_1_58' title="bbox 2128 1527 3697 1599">
    <p class='ocr_par' dir='ltr' id='par_1_58' title="bbox 2128 1527 3697 1599">
     <span class='ocr_line' id='line_1_58' title="bbox 2128 1527 3697 1599; baseline -0.004 -12"><span class='ocrx_word' id='word_1_443' title='bbox 2128 1533 2349 1587; x_wconf 89' lang='lat' dir='ltr'><strong>duarum</strong></span> <span class='ocrx_word' id='word_1_444' title='bbox 2382 1541 2706 1591; x_wconf 87' lang='lat' dir='ltr'><strong>naturarum,</strong></span> <span class='ocrx_word' id='word_1_445' title='bbox 2736 1546 2801 1584; x_wconf 79' lang='lat' dir='ltr'><strong>ex</strong></span> <span class='ocrx_word' id='word_1_446' title='bbox 2831 1530 3023 1599; x_wconf 82' lang='lat' dir='ltr'><strong>quibus</strong></span> <span class='ocrx_word' id='word_1_447' title='bbox 3050 1528 3305 1581; x_wconf 90' lang='lat' dir='ltr'><strong>Dominus</strong></span> <span class='ocrx_word' id='word_1_448' title='bbox 3334 1539 3517 1582; x_wconf 87' lang='lat' dir='ltr'><strong>noster</strong></span> <span class='ocrx_word' id='word_1_449' title='bbox 3543 1527 3697 1581; x_wconf 78' lang='lat' dir='ltr'><strong>Jesus</strong></span> 
     </span>
    </p>
   </div>
   <div class='ocr_carea' id='block_1_59' title="bbox 2130 1619 3699 1683">
    <p class='ocr_par' dir='ltr' id='par_1_59' title="bbox 2130 1619 3699 1683">
     <span class='ocr_line' id='line_1_59' title="bbox 2130 1619 3699 1683; baseline -0.004 -7"><span class='ocrx_word' id='word_1_450' title='bbox 2130 1623 2368 1677; x_wconf 78' lang='lat' dir='ltr'><strong>Christus</strong></span> <span class='ocrx_word' id='word_1_451' title='bbox 2387 1638 2521 1676; x_wconf 89' lang='lat' dir='ltr'><strong>unus</strong></span> <span class='ocrx_word' id='word_1_452' title='bbox 2548 1630 2746 1675; x_wconf 72' lang='lat' dir='ltr'><strong>sancta:</strong></span> <span class='ocrx_word' id='word_1_453' title='bbox 2776 1620 3074 1683; x_wconf 80' lang='lat' dir='ltr'><strong>Trinitatis,</strong></span> <span class='ocrx_word' id='word_1_454' title='bbox 3097 1619 3236 1672; x_wconf 82' lang='lat' dir='ltr'><strong>Deus</strong></span> <span class='ocrx_word' id='word_1_455' title='bbox 3266 1620 3496 1671; x_wconf 73' lang='lat' dir='ltr'><strong>Verbum</strong></span> <span class='ocrx_word' id='word_1_456' title='bbox 3528 1619 3699 1671; x_wconf 86' lang='lat' dir='ltr'><strong>incar-</strong></span> 
     </span>
    </p>
   </div>
   <div class='ocr_carea' id='block_1_60' title="bbox 2131 1708 3696 1789">
    <p class='ocr_par' dir='ltr' id='par_1_60' title="bbox 2131 1708 3696 1789">
     <span class='ocr_line' id='line_1_60' title="bbox 2131 1708 3696 1789; baseline -0.004 -22"><span class='ocrx_word' id='word_1_457' title='bbox 2131 1722 2304 1775; x_wconf 87' lang='lat' dir='ltr'><strong>natus,</strong></span> <span class='ocrx_word' id='word_1_458' title='bbox 2328 1712 2656 1789; x_wconf 80' lang='lat' dir='ltr'><strong>compositus</strong></span> <span class='ocrx_word' id='word_1_459' title='bbox 2676 1718 2775 1773; x_wconf 80' lang='lat' dir='ltr'><strong>est,</strong></span> <span class='ocrx_word' id='word_1_460' title='bbox 2802 1718 2857 1763; x_wconf 89' lang='lat' dir='ltr'><strong>et</strong></span> <span class='ocrx_word' id='word_1_461' title='bbox 2888 1708 3032 1777; x_wconf 90' lang='lat' dir='ltr'><strong>quod</strong></span> <span class='ocrx_word' id='word_1_462' title='bbox 3058 1724 3243 1762; x_wconf 89' lang='lat' dir='ltr'><strong>earum</strong></span> <span class='ocrx_word' id='word_1_463' title='bbox 3270 1708 3565 1761; x_wconf 77' lang='lat' dir='ltr'><strong>differentia</strong></span> <span class='ocrx_word' id='word_1_464' title='bbox 3590 1724 3696 1761; x_wconf 93' lang='lat' dir='ltr'><strong>non</strong></span> 
     </span>
    </p>
   </div>
   <div class='ocr_carea' id='block_1_61' title="bbox 2131 1798 3698 1871">
    <p class='ocr_par' dir='ltr' id='par_1_61' title="bbox 2131 1798 3698 1871">
     <span class='ocr_line' id='line_1_61' title="bbox 2131 1798 3698 1871; baseline -0.004 -13"><span class='ocrx_word' id='word_1_465' title='bbox 2131 1806 2447 1871; x_wconf 87' lang='lat' dir='ltr'><strong>interempta</strong></span> <span class='ocrx_word' id='word_1_466' title='bbox 2484 1811 2567 1856; x_wconf 87' lang='lat' dir='ltr'><strong>est</strong></span> <span class='ocrx_word' id='word_1_467' title='bbox 2611 1810 2833 1870; x_wconf 80' lang='lat' dir='ltr'><strong>propter</strong></span> <span class='ocrx_word' id='word_1_468' title='bbox 2875 1800 3136 1853; x_wconf 89' lang='lat' dir='ltr'><strong>unitatem</strong></span> <span class='ocrx_word' id='word_1_469' title='bbox 3164 1838 3179 1862; x_wconf 92' lang='lat'><strong>,</strong></span> <span class='ocrx_word' id='word_1_470' title='bbox 3222 1798 3277 1852; x_wconf 90' lang='lat' dir='ltr'><strong>in</strong></span> <span class='ocrx_word' id='word_1_471' title='bbox 3332 1798 3698 1866; x_wconf 82' lang='lat' dir='ltr'><strong>superioribus</strong></span> 
     </span>
    </p>
   </div>
   <div class='ocr_carea' id='block_1_62' title="bbox 2130 1887 3696 1964">
    <p class='ocr_par' dir='ltr' id='par_1_62' title="bbox 2130 1887 3696 1964">
     <span class='ocr_line' id='line_1_62' title="bbox 2130 1887 3696 1964; baseline -0.005 -15"><span class='ocrx_word' id='word_1_472' title='bbox 2130 1896 2365 1964; x_wconf 84' lang='lat' dir='ltr'><strong>apertius</strong></span> <span class='ocrx_word' id='word_1_473' title='bbox 2418 1892 2918 1947; x_wconf 81' lang='lat' dir='ltr'><strong>demonstravimus.</strong></span> <span class='ocrx_word' id='word_1_474' title='bbox 2978 1889 3044 1943; x_wconf 87' lang='lat' dir='ltr'><strong>Et</strong></span> <span class='ocrx_word' id='word_1_475' title='bbox 3096 1887 3431 1944; x_wconf 79' lang='lat' dir='ltr'><strong>sufficiebant</strong></span> <span class='ocrx_word' id='word_1_476' title='bbox 3484 1889 3696 1958; x_wconf 90' lang='lat' dir='ltr'><strong>quidem</strong></span> 
     </span>
    </p>
   </div>
   <div class='ocr_carea' id='block_1_63' title="bbox 2129 1982 3698 2055">
    <p class='ocr_par' dir='ltr' id='par_1_63' title="bbox 2129 1982 3698 2055">
     <span class='ocr_line' id='line_1_63' title="bbox 2129 1982 3698 2055; baseline -0.001 -19"><span class='ocrx_word' id='word_1_477' title='bbox 2129 2003 2247 2055; x_wconf 67' lang='lat' dir='ltr'><strong>quae</strong></span> <span class='ocrx_word' id='word_1_478' title='bbox 2288 1985 2643 2055; x_wconf 76' lang='lat' dir='ltr'><strong>pmdiximus,</strong></span> <span class='ocrx_word' id='word_1_479' title='bbox 2675 1982 2989 2037; x_wconf 82' lang='lat' dir='ltr'><strong>satisfacere</strong></span> <span class='ocrx_word' id='word_1_480' title='bbox 3029 1982 3106 2036; x_wconf 87' lang='lat' dir='ltr'><strong>eis</strong></span> <span class='ocrx_word' id='word_1_481' title='bbox 3134 1983 3223 2049; x_wconf 90' lang='lat' dir='ltr'><strong>qui</strong></span> <span class='ocrx_word' id='word_1_482' title='bbox 3258 1982 3443 2036; x_wconf 89' lang='lat' dir='ltr'><strong>nolunt</strong></span> <span class='ocrx_word' id='word_1_483' title='bbox 3470 1990 3698 2035; x_wconf 86' lang='lat' dir='ltr'><strong>conten-</strong></span> 
     </span>
    </p>
   </div>
   <div class='ocr_carea' id='block_1_64' title="bbox 2130 2071 3702 2143">
    <p class='ocr_par' dir='ltr' id='par_1_64' title="bbox 2130 2071 3702 2143">
     <span class='ocr_line' id='line_1_64' title="bbox 2130 2071 3702 2143; baseline -0.003 -13"><span class='ocrx_word' id='word_1_484' title='bbox 2130 2078 2275 2131; x_wconf 83' lang='lat' dir='ltr'><strong>dere.</strong></span> <span class='ocrx_word' id='word_1_485' title='bbox 2306 2075 2410 2130; x_wconf 86' lang='lat' dir='ltr'><strong>Sed</strong></span> <span class='ocrx_word' id='word_1_486' title='bbox 2447 2076 2697 2143; x_wconf 90' lang='lat' dir='ltr'><strong>quoniam</strong></span> <span class='ocrx_word' id='word_1_487' title='bbox 2728 2074 2802 2127; x_wconf 89' lang='lat' dir='ltr'><strong>illi</strong></span> <span class='ocrx_word' id='word_1_488' title='bbox 2831 2073 2921 2142; x_wconf 93' lang='lat' dir='ltr'><strong>qui</strong></span> <span class='ocrx_word' id='word_1_489' title='bbox 2962 2072 3124 2128; x_wconf 80' lang='lat' dir='ltr'><strong>semel</strong></span> <span class='ocrx_word' id='word_1_490' title='bbox 3151 2071 3216 2127; x_wconf 89' lang='lat' dir='ltr'><strong>ad</strong></span> <span class='ocrx_word' id='word_1_491' title='bbox 3247 2072 3574 2140; x_wconf 81' lang='lat' dir='ltr'><strong>impietatem</strong></span> <span class='ocrx_word' id='word_1_492' title='bbox 3606 2072 3702 2125; x_wconf 84' lang='lat' dir='ltr'><strong>de-</strong></span> 
     </span>
    </p>
   </div>
   <div class='ocr_carea' id='block_1_65' title="bbox 2130 2165 3701 2234">
    <p class='ocr_par' dir='ltr' id='par_1_65' title="bbox 2130 2165 3701 2234">
     <span class='ocr_line' id='line_1_65' title="bbox 2130 2165 3701 2234; baseline -0.004 -12"><span class='ocrx_word' id='word_1_493' title='bbox 2130 2169 2496 2231; x_wconf 86' lang='lat' dir='ltr'><strong>clinaverunt,</strong></span> <span class='ocrx_word' id='word_1_494' title='bbox 2524 2173 2581 2221; x_wconf 84' lang='lat' dir='ltr'><strong>et</strong></span> <span class='ocrx_word' id='word_1_495' title='bbox 2609 2165 2710 2219; x_wconf 86' lang='lat' dir='ltr'><strong>alia</strong></span> <span class='ocrx_word' id='word_1_496' title='bbox 2739 2180 3041 2234; x_wconf 90' lang='lat' dir='ltr'><strong>proponere</strong></span> <span class='ocrx_word' id='word_1_497' title='bbox 3070 2173 3367 2228; x_wconf 86' lang='lat' dir='ltr'><strong>conantur,</strong></span> <span class='ocrx_word' id='word_1_498' title='bbox 3393 2166 3701 2217; x_wconf 87' lang='lat' dir='ltr'><strong>necessario</strong></span> 
     </span>
    </p>
   </div>
   <div class='ocr_carea' id='block_1_66' title="bbox 2134 2251 3698 2310">
    <p class='ocr_par' dir='ltr' id='par_1_66' title="bbox 2134 2251 3698 2310">
     <span class='ocr_line' id='line_1_66' title="bbox 2134 2251 3698 2310; baseline -0.003 0"><span class='ocrx_word' id='word_1_499' title='bbox 2134 2273 2230 2310; x_wconf 87' lang='lat' dir='ltr'><strong>nos</strong></span> <span class='ocrx_word' id='word_1_500' title='bbox 2273 2264 2327 2310; x_wconf 89' lang='lat' dir='ltr'><strong>el</strong></span> <span class='ocrx_word' id='word_1_501' title='bbox 2373 2256 2503 2309; x_wconf 89' lang='lat' dir='ltr'><strong>tales</strong></span> <span class='ocrx_word' id='word_1_502' title='bbox 2548 2270 2732 2308; x_wconf 88' lang='lat' dir='ltr'><strong>eorum</strong></span> <span class='ocrx_word' id='word_1_503' title='bbox 2776 2254 3092 2308; x_wconf 86' lang='lat' dir='ltr'><strong>occasiones</strong></span> <span class='ocrx_word' id='word_1_504' title='bbox 3138 2268 3305 2307; x_wconf 79' lang='lat' dir='ltr'><strong>vanas</strong></span> <span class='ocrx_word' id='word_1_505' title='bbox 3333 2251 3698 2305; x_wconf 82' lang='lat' dir='ltr'><strong>ostendemus.</strong></span> 
     </span>
    </p>
   </div>
   <div class='ocr_carea' id='block_1_67' title="bbox 2137 2340 3704 2411">
    <p class='ocr_par' dir='ltr' id='par_1_67' title="bbox 2137 2340 3704 2411">
     <span class='ocr_line' id='line_1_67' title="bbox 2137 2340 3704 2411; baseline -0.004 -11"><span class='ocrx_word' id='word_1_506' title='bbox 2137 2346 2326 2400; x_wconf 82' lang='lat' dir='ltr'><strong>Dicunt</strong></span> <span class='ocrx_word' id='word_1_507' title='bbox 2347 2344 2485 2398; x_wconf 87' lang='lat' dir='ltr'><strong>enim</strong></span> <span class='ocrx_word' id='word_1_508' title='bbox 2515 2359 2619 2396; x_wconf 89' lang='lat' dir='ltr'><strong>non</strong></span> <span class='ocrx_word' id='word_1_509' title='bbox 2646 2352 2897 2411; x_wconf 81' lang='lat' dir='ltr'><strong>oportere</strong></span> <span class='ocrx_word' id='word_1_510' title='bbox 2927 2344 3229 2409; x_wconf 76' lang='lat' dir='ltr'><strong>vituperare</strong></span> <span class='ocrx_word' id='word_1_511' title='bbox 3264 2340 3477 2409; x_wconf 86' lang='lat' dir='ltr'><strong>impiam</strong></span> <span class='ocrx_word' id='word_1_512' title='bbox 3501 2342 3704 2408; x_wconf 85' lang='lat' dir='ltr'><strong>episto-</strong></span> 
     </span>
    </p>
   </div>
   <div class='ocr_carea' id='block_1_68' title="bbox 2139 2432 3705 2503">
    <p class='ocr_par' dir='ltr' id='par_1_68' title="bbox 2139 2432 3705 2503">
     <span class='ocr_line' id='line_1_68' title="bbox 2139 2432 3705 2503; baseline -0.003 -12"><span class='ocrx_word' id='word_1_513' title='bbox 2139 2437 2267 2502; x_wconf 88' lang='lat' dir='ltr'><strong>lam,</strong></span> <span class='ocrx_word' id='word_1_514' title='bbox 2290 2452 2355 2488; x_wconf 88' lang='lat' dir='ltr'><strong>eo</strong></span> <span class='ocrx_word' id='word_1_515' title='bbox 2375 2435 2516 2503; x_wconf 89' lang='lat' dir='ltr'><strong>quod</strong></span> <span class='ocrx_word' id='word_1_516' title='bbox 2533 2436 2585 2487; x_wconf 89' lang='lat' dir='ltr'><strong>in</strong></span> <span class='ocrx_word' id='word_1_517' title='bbox 2603 2434 2884 2501; x_wconf 84' lang='lat' dir='ltr'><strong>aliquantis</strong></span> <span class='ocrx_word' id='word_1_518' title='bbox 2909 2433 3071 2487; x_wconf 86' lang='lat' dir='ltr'><strong>fertur</strong></span> <span class='ocrx_word' id='word_1_519' title='bbox 3092 2432 3381 2487; x_wconf 85' lang='lat' dir='ltr'><strong>codicibus.</strong></span> <span class='ocrx_word' id='word_1_520' title='bbox 3405 2432 3508 2486; x_wconf 86' lang='lat' dir='ltr'><strong>Sed</strong></span> <span class='ocrx_word' id='word_1_521' title='bbox 3530 2432 3572 2487; x_wconf 87' lang='lat' dir='ltr'><strong>si</strong></span> <span class='ocrx_word' id='word_1_522' title='bbox 3598 2432 3705 2487; x_wconf 84' lang='lat' dir='ltr'><strong>hoc</strong></span> 
     </span>
    </p>
   </div>
   <div class='ocr_carea' id='block_1_69' title="bbox 2138 2528 3705 2601">
    <p class='ocr_par' dir='ltr' id='par_1_69' title="bbox 2138 2528 3705 2601">
     <span class='ocr_line' id='line_1_69' title="bbox 2138 2528 3705 2601; baseline 0 -16"><span class='ocrx_word' id='word_1_523' title='bbox 2138 2533 2328 2600; x_wconf 84' lang='lat' dir='ltr'><strong>aliquis</strong></span> <span class='ocrx_word' id='word_1_524' title='bbox 2344 2530 2631 2585; x_wconf 87' lang='lat' dir='ltr'><strong>secundum</strong></span> <span class='ocrx_word' id='word_1_525' title='bbox 2645 2546 2830 2584; x_wconf 88' lang='lat' dir='ltr'><strong>eorum</strong></span> <span class='ocrx_word' id='word_1_526' title='bbox 2855 2529 3176 2583; x_wconf 84' lang='lat' dir='ltr'><strong>dem‘entiam</strong></span> <span class='ocrx_word' id='word_1_527' title='bbox 3193 2529 3420 2583; x_wconf 81' lang='lat' dir='ltr'><strong>sufficiat</strong></span> <span class='ocrx_word' id='word_1_528' title='bbox 3442 2528 3521 2601; x_wconf 71' lang='grc' dir='ltr'><strong>[Ρ.</strong></span> <span class='ocrx_word' id='word_1_529' title='bbox 3537 2534 3705 2585; x_wconf 88' lang='lat' dir='ltr'><strong>susci-</strong></span> 
     </span>
    </p>
   </div>
   <div class='ocr_carea' id='block_1_70' title="bbox 2138 2620 3706 2692">
    <p class='ocr_par' dir='ltr' id='par_1_70' title="bbox 2138 2620 3706 2692">
     <span class='ocr_line' id='line_1_70' title="bbox 2138 2620 3706 2692; baseline -0.001 -17"><span class='ocrx_word' id='word_1_530' title='bbox 2138 2620 2289 2692; x_wconf 86' lang='lat' dir='ltr'><strong>piat],</strong></span> <span class='ocrx_word' id='word_1_531' title='bbox 2312 2628 2524 2690; x_wconf 82' lang='lat' dir='ltr'><strong>oportet</strong></span> <span class='ocrx_word' id='word_1_532' title='bbox 2543 2621 2910 2675; x_wconf 83' lang='lat' dir='ltr'><strong>etNestorium</strong></span> <span class='ocrx_word' id='word_1_533' title='bbox 2934 2630 2987 2673; x_wconf 80' lang='lat' dir='ltr'><strong>et</strong></span> <span class='ocrx_word' id='word_1_534' title='bbox 3012 2620 3301 2691; x_wconf 79' lang='lat' dir='ltr'><strong>Eutycbem</strong></span> <span class='ocrx_word' id='word_1_535' title='bbox 3327 2621 3541 2689; x_wconf 85' lang='lat' dir='ltr'><strong>suscipi,</strong></span> <span class='ocrx_word' id='word_1_536' title='bbox 3570 2636 3706 2689; x_wconf 86' lang='lat' dir='ltr'><strong>quo-</strong></span> 
     </span>
    </p>
   </div>
   <div class='ocr_carea' id='block_1_71' title="bbox 2142 2710 3703 2781">
    <p class='ocr_par' dir='ltr' id='par_1_71' title="bbox 2142 2710 3703 2781">
     <span class='ocr_line' id='line_1_71' title="bbox 2142 2710 3703 2781; baseline 0.001 -18"><span class='ocrx_word' id='word_1_537' title='bbox 2142 2713 2281 2763; x_wconf 86' lang='lat' dir='ltr'><strong>niam</strong></span> <span class='ocrx_word' id='word_1_538' title='bbox 2307 2712 2528 2778; x_wconf 89' lang='lat' dir='ltr'><strong>plurima</strong></span> <span class='ocrx_word' id='word_1_539' title='bbox 2555 2719 2609 2764; x_wconf 90' lang='lat' dir='ltr'><strong>et</strong></span> <span class='ocrx_word' id='word_1_540' title='bbox 2628 2711 2694 2763; x_wconf 92' lang='lat' dir='ltr'><strong>de</strong></span> <span class='ocrx_word' id='word_1_541' title='bbox 2715 2710 2797 2763; x_wconf 88' lang='lat' dir='ltr'><strong>his</strong></span> <span class='ocrx_word' id='word_1_542' title='bbox 2818 2711 2867 2763; x_wconf 92' lang='lat' dir='ltr'><strong>in</strong></span> <span class='ocrx_word' id='word_1_543' title='bbox 2891 2711 3053 2776; x_wconf 72' lang='lat' dir='ltr'><strong>gestis</strong></span> <span class='ocrx_word' id='word_1_544' title='bbox 3076 2710 3414 2763; x_wconf 87' lang='lat' dir='ltr'><strong>continentur</strong></span> <span class='ocrx_word' id='word_1_545' title='bbox 3434 2726 3550 2777; x_wconf 63' lang='lat' dir='ltr'><strong>qua:</strong></span> <span class='ocrx_word' id='word_1_546' title='bbox 3566 2712 3703 2781; x_wconf 88' lang='lat' dir='ltr'><strong>apud</strong></span> 
     </span>
    </p>
   </div>
   <div class='ocr_carea' id='block_1_72' title="bbox 2135 2798 3702 2870">
    <p class='ocr_par' dir='ltr' id='par_1_72' title="bbox 2135 2798 3702 2870">
     <span class='ocr_line' id='line_1_72' title="bbox 2135 2798 3702 2870; baseline -0.001 -15"><span class='ocrx_word' id='word_1_547' title='bbox 2135 2801 2397 2870; x_wconf 78' lang='lat' dir='ltr'><strong>synodum</strong></span> <span class='ocrx_word' id='word_1_548' title='bbox 2422 2810 2541 2854; x_wconf 86' lang='lat' dir='ltr'><strong>acta</strong></span> <span class='ocrx_word' id='word_1_549' title='bbox 2582 2809 2724 2853; x_wconf 89' lang='lat' dir='ltr'><strong>sunt.</strong></span> <span class='ocrx_word' id='word_1_550' title='bbox 2751 2798 2856 2853; x_wconf 90' lang='lat' dir='ltr'><strong>Sed</strong></span> <span class='ocrx_word' id='word_1_551' title='bbox 2895 2815 3052 2852; x_wconf 91' lang='lat' dir='ltr'><strong>nemo</strong></span> <span class='ocrx_word' id='word_1_552' title='bbox 3097 2800 3311 2867; x_wconf 89' lang='lat' dir='ltr'><strong>sapiens</strong></span> <span class='ocrx_word' id='word_1_553' title='bbox 3332 2798 3488 2853; x_wconf 87' lang='lat' dir='ltr'><strong>dictis</strong></span> <span class='ocrx_word' id='word_1_554' title='bbox 3515 2816 3702 2853; x_wconf 88' lang='lat' dir='ltr'><strong>eorum</strong></span> 
     </span>
    </p>
   </div>
   <div class='ocr_carea' id='block_1_73' title="bbox 2136 2889 3708 2959">
    <p class='ocr_par' dir='ltr' id='par_1_73' title="bbox 2136 2889 3708 2959">
     <span class='ocr_line' id='line_1_73' title="bbox 2136 2889 3708 2959; baseline 0.001 -17"><span class='ocrx_word' id='word_1_555' title='bbox 2136 2892 2367 2943; x_wconf 82' lang='lat' dir='ltr'><strong>animum</strong></span> <span class='ocrx_word' id='word_1_556' title='bbox 2390 2889 2653 2944; x_wconf 70' lang='lat' dir='ltr'><strong>intendet.</strong></span> <span class='ocrx_word' id='word_1_557' title='bbox 2682 2889 2809 2954; x_wconf 67' lang='lat' dir='ltr'><strong>Quae</strong></span> <span class='ocrx_word' id='word_1_558' title='bbox 2830 2891 2969 2944; x_wconf 87' lang='lat' dir='ltr'><strong>enim</strong></span> <span class='ocrx_word' id='word_1_559' title='bbox 2992 2890 3057 2942; x_wconf 89' lang='lat' dir='ltr'><strong>de</strong></span> <span class='ocrx_word' id='word_1_560' title='bbox 3086 2889 3344 2944; x_wconf 63' lang='lat' dir='ltr'><strong>haereticis</strong></span> <span class='ocrx_word' id='word_1_561' title='bbox 3362 2889 3708 2959; x_wconf 89' lang='lat' dir='ltr'><strong>proferuntur</strong></span> 
     </span>
    </p>
   </div>
   <div class='ocr_carea' id='block_1_74' title="bbox 2138 2977 3708 3049">
    <p class='ocr_par' dir='ltr' id='par_1_74' title="bbox 2138 2977 3708 3049">
     <span class='ocr_line' id='line_1_74' title="bbox 2138 2977 3708 3049; baseline 0.002 -17"><span class='ocrx_word' id='word_1_562' title='bbox 2138 2979 2189 3032; x_wconf 91' lang='lat' dir='ltr'><strong>in</strong></span> <span class='ocrx_word' id='word_1_563' title='bbox 2218 2978 2437 3049; x_wconf 81' lang='lat' dir='ltr'><strong>synodis</strong></span> <span class='ocrx_word' id='word_1_564' title='bbox 2463 2987 2519 3032; x_wconf 92' lang='lat' dir='ltr'><strong>et</strong></span> <span class='ocrx_word' id='word_1_565' title='bbox 2544 2994 2665 3047; x_wconf 81' lang='lat' dir='ltr'><strong>pars</strong></span> <span class='ocrx_word' id='word_1_566' title='bbox 2690 2986 2961 3046; x_wconf 77' lang='lat' dir='ltr'><strong>gestorum</strong></span> <span class='ocrx_word' id='word_1_567' title='bbox 2995 2977 3157 3045; x_wconf 80' lang='lat' dir='ltr'><strong>fiunt,</strong></span> <span class='ocrx_word' id='word_1_568' title='bbox 3202 2994 3309 3033; x_wconf 91' lang='lat' dir='ltr'><strong>non</strong></span> <span class='ocrx_word' id='word_1_569' title='bbox 3338 2980 3404 3033; x_wconf 92' lang='lat' dir='ltr'><strong>ad</strong></span> <span class='ocrx_word' id='word_1_570' title='bbox 3434 2980 3708 3035; x_wconf 60' lang='lat' dir='ltr'><strong>liberatio-</strong></span> 
     </span>
    </p>
   </div>
   <div class='ocr_carea' id='block_1_75' title="bbox 2138 3069 3705 3137">
    <p class='ocr_par' dir='ltr' id='par_1_75' title="bbox 2138 3069 3705 3137">
     <span class='ocr_line' id='line_1_75' title="bbox 2138 3069 3705 3137; baseline 0.003 -14"><span class='ocrx_word' id='word_1_571' title='bbox 2138 3086 2257 3124; x_wconf 90' lang='lat' dir='ltr'><strong>nem</strong></span> <span class='ocrx_word' id='word_1_572' title='bbox 2299 3069 2608 3124; x_wconf 72' lang='lat' dir='ltr'><strong>inseruntur</strong></span> <span class='ocrx_word' id='word_1_573' title='bbox 2632 3112 2645 3135; x_wconf 92' lang='lat'><strong>,</strong></span> <span class='ocrx_word' id='word_1_574' title='bbox 2687 3073 2783 3125; x_wconf 88' lang='lat' dir='ltr'><strong>sed</strong></span> <span class='ocrx_word' id='word_1_575' title='bbox 2814 3070 2880 3123; x_wconf 90' lang='lat' dir='ltr'><strong>ad</strong></span> <span class='ocrx_word' id='word_1_576' title='bbox 2921 3072 3177 3137; x_wconf 87' lang='lat' dir='ltr'><strong>majorem</strong></span> <span class='ocrx_word' id='word_1_577' title='bbox 3206 3072 3705 3128; x_wconf 86' lang='lat' dir='ltr'><strong>condemnationem</strong></span> 
     </span>
    </p>
   </div>
   <div class='ocr_carea' id='block_1_76' title="bbox 2140 3162 3709 3231">
    <p class='ocr_par' dir='ltr' id='par_1_76' title="bbox 2140 3162 3709 3231">
     <span class='ocr_line' id='line_1_76' title="bbox 2140 3162 3709 3231; baseline 0.002 -15"><span class='ocrx_word' id='word_1_578' title='bbox 2140 3178 2345 3225; x_wconf 88' lang='lat' dir='ltr'><strong>eorum,</strong></span> <span class='ocrx_word' id='word_1_579' title='bbox 2382 3170 2440 3215; x_wconf 90' lang='lat' dir='ltr'><strong>et</strong></span> <span class='ocrx_word' id='word_1_580' title='bbox 2465 3163 2556 3231; x_wconf 91' lang='lat' dir='ltr'><strong>qui</strong></span> <span class='ocrx_word' id='word_1_581' title='bbox 2586 3163 2665 3217; x_wconf 86' lang='lat' dir='ltr'><strong>eis</strong></span> <span class='ocrx_word' id='word_1_582' title='bbox 2691 3162 2884 3216; x_wconf 86' lang='lat' dir='ltr'><strong>similia</strong></span> <span class='ocrx_word' id='word_1_583' title='bbox 2911 3164 3143 3231; x_wconf 86' lang='lat' dir='ltr'><strong>sapiunt.</strong></span> <span class='ocrx_word' id='word_1_584' title='bbox 3194 3172 3209 3202; x_wconf 77' lang='grc' dir='ltr'><strong>ί</strong></span> <span class='ocrx_word' id='word_1_585' title='bbox 3242 3163 3495 3230; x_wconf 79' lang='lat' dir='ltr'><strong>Quamvis</strong></span> <span class='ocrx_word' id='word_1_586' title='bbox 3530 3175 3709 3219; x_wconf 86' lang='lat' dir='ltr'><strong>autem</strong></span> 
     </span>
    </p>
   </div>
   <div class='ocr_carea' id='block_1_77' title="bbox 2139 3252 3711 3321">
    <p class='ocr_par' dir='ltr' id='par_1_77' title="bbox 2139 3252 3711 3321">
     <span class='ocr_line' id='line_1_77' title="bbox 2139 3252 3711 3321; baseline 0.003 -16"><span class='ocrx_word' id='word_1_587' title='bbox 2139 3253 2463 3320; x_wconf 82' lang='lat' dir='ltr'><strong>exemplaria</strong></span> <span class='ocrx_word' id='word_1_588' title='bbox 2502 3252 2675 3321; x_wconf 66' lang='lat' dir='ltr'><strong>impias</strong></span> <span class='ocrx_word' id='word_1_589' title='bbox 2704 3252 2942 3321; x_wconf 72' lang='lat' dir='ltr'><strong>epistola:</strong></span> <span class='ocrx_word' id='word_1_590' title='bbox 2966 3267 3087 3321; x_wconf 61' lang='lat' dir='ltr'><strong>quae</strong></span> <span class='ocrx_word' id='word_1_591' title='bbox 3132 3252 3611 3318; x_wconf 81' lang='lat' dir='ltr'><strong>circumferuntur,</strong></span> <span class='ocrx_word' id='word_1_592' title='bbox 3659 3257 3711 3310; x_wconf 89' lang='lat' dir='ltr'><strong>in</strong></span> 
     </span>
    </p>
   </div>
   <div class='ocr_carea' id='block_1_78' title="bbox 2139 3344 3710 3413">
    <p class='ocr_par' dir='ltr' id='par_1_78' title="bbox 2139 3344 3710 3413">
     <span class='ocr_line' id='line_1_78' title="bbox 2139 3344 3710 3413; baseline 0.001 -16"><span class='ocrx_word' id='word_1_593' title='bbox 2139 3345 2403 3413; x_wconf 80' lang='lat' dir='ltr'><strong>aliquibus</strong></span> <span class='ocrx_word' id='word_1_594' title='bbox 2427 3344 2792 3410; x_wconf 87' lang='lat' dir='ltr'><strong>codicibus,ut</strong></span> <span class='ocrx_word' id='word_1_595' title='bbox 2816 3344 3013 3397; x_wconf 90' lang='lat' dir='ltr'><strong>dictum</strong></span> <span class='ocrx_word' id='word_1_596' title='bbox 3030 3352 3130 3407; x_wconf 89' lang='lat' dir='ltr'><strong>est,</strong></span> <span class='ocrx_word' id='word_1_597' title='bbox 3162 3344 3357 3397; x_wconf 88' lang='lat' dir='ltr'><strong>inserta</strong></span> <span class='ocrx_word' id='word_1_598' title='bbox 3375 3346 3500 3403; x_wconf 85' lang='lat' dir='ltr'><strong>sint,</strong></span> <span class='ocrx_word' id='word_1_599' title='bbox 3536 3355 3710 3399; x_wconf 87' lang='lat' dir='ltr'><strong>tamen</strong></span> 
     </span>
    </p>
   </div>
   <div class='ocr_carea' id='block_1_79' title="bbox 2141 3435 3713 3505">
    <p class='ocr_par' dir='ltr' id='par_1_79' title="bbox 2141 3435 3713 3505">
     <span class='ocr_line' id='line_1_79' title="bbox 2141 3435 3713 3505; baseline -0.001 -15"><span class='ocrx_word' id='word_1_600' title='bbox 2141 3436 2193 3490; x_wconf 89' lang='lat' dir='ltr'><strong>in</strong></span> <span class='ocrx_word' id='word_1_601' title='bbox 2222 3436 2547 3489; x_wconf 86' lang='lat' dir='ltr'><strong>authenticis</strong></span> <span class='ocrx_word' id='word_1_602' title='bbox 2579 3437 2630 3489; x_wconf 92' lang='lat' dir='ltr'><strong>in</strong></span> <span class='ocrx_word' id='word_1_603' title='bbox 2654 3435 2847 3505; x_wconf 86' lang='lat' dir='ltr'><strong>quibus</strong></span> <span class='ocrx_word' id='word_1_604' title='bbox 2873 3436 3192 3489; x_wconf 87' lang='lat' dir='ltr'><strong>sanctissimi</strong></span> <span class='ocrx_word' id='word_1_605' title='bbox 3215 3435 3450 3505; x_wconf 84' lang='lat' dir='ltr'><strong>episcopi</strong></span> <span class='ocrx_word' id='word_1_606' title='bbox 3481 3439 3713 3489; x_wconf 82' lang='lat' dir='ltr'><strong>subscri-</strong></span> 
     </span>
    </p>
   </div>
   <div class='ocr_carea' id='block_1_80' title="bbox 2140 3528 3712 3602">
    <p class='ocr_par' dir='ltr' id='par_1_80' title="bbox 2140 3528 3712 3602">
     <span class='ocr_line' id='line_1_80' title="bbox 2140 3528 3712 3602; baseline -0.003 -15"><span class='ocrx_word' id='word_1_607' title='bbox 2140 3541 2379 3602; x_wconf 87' lang='lat' dir='ltr'><strong>pserunt,</strong></span> <span class='ocrx_word' id='word_1_608' title='bbox 2408 3532 2712 3585; x_wconf 86' lang='lat' dir='ltr'><strong>nullatenus</strong></span> <span class='ocrx_word' id='word_1_609' title='bbox 2734 3532 3095 3585; x_wconf 86' lang='lat' dir='ltr'><strong>inveniuntur.</strong></span> <span class='ocrx_word' id='word_1_610' title='bbox 3111 3528 3333 3599; x_wconf 87' lang='lat' dir='ltr'><strong>Oportet</strong></span> <span class='ocrx_word' id='word_1_611' title='bbox 3348 3540 3524 3584; x_wconf 87' lang='lat' dir='ltr'><strong>autem</strong></span> <span class='ocrx_word' id='word_1_612' title='bbox 3553 3534 3712 3585; x_wconf 87' lang='lat' dir='ltr'><strong>etiam</strong></span> 
     </span>
    </p>
   </div>
   <div class='ocr_carea' id='block_1_81' title="bbox 2142 3620 3712 3687">
    <p class='ocr_par' dir='ltr' id='par_1_81' title="bbox 2142 3620 3712 3687">
     <span class='ocr_line' id='line_1_81' title="bbox 2142 3620 3712 3687; baseline -0.002 -13"><span class='ocrx_word' id='word_1_613' title='bbox 2142 3622 2272 3675; x_wconf 83' lang='lat' dir='ltr'><strong>illud</strong></span> <span class='ocrx_word' id='word_1_614' title='bbox 2292 3620 2568 3674; x_wconf 90' lang='lat' dir='ltr'><strong>attendere</strong></span> <span class='ocrx_word' id='word_1_615' title='bbox 2582 3636 2677 3673; x_wconf 89' lang='lat' dir='ltr'><strong>eos</strong></span> <span class='ocrx_word' id='word_1_616' title='bbox 2696 3621 2787 3687; x_wconf 85' lang='lat' dir='ltr'><strong>qui</strong></span> <span class='ocrx_word' id='word_1_617' title='bbox 2812 3620 3092 3673; x_wconf 74' lang='lat' dir='ltr'><strong>veritatem</strong></span> <span class='ocrx_word' id='word_1_618' title='bbox 3119 3628 3540 3687; x_wconf 88' lang='lat' dir='ltr'><strong>perscrutantur,</strong></span> <span class='ocrx_word' id='word_1_619' title='bbox 3569 3621 3712 3687; x_wconf 85' lang='lat' dir='ltr'><strong>quod</strong></span> 
     </span>
    </p>
   </div>
   <div class='ocr_carea' id='block_1_82' title="bbox 2144 3707 3718 3777">
    <p class='ocr_par' dir='ltr' id='par_1_82' title="bbox 2144 3707 3718 3777">
     <span class='ocr_line' id='line_1_82' title="bbox 2144 3707 3718 3777; baseline -0.003 -12"><span class='ocrx_word' id='word_1_620' title='bbox 2144 3711 2368 3765; x_wconf 79' lang='lat' dir='ltr'><strong>forsitan</strong></span> <span class='ocrx_word' id='word_1_621' title='bbox 2397 3712 2450 3764; x_wconf 92' lang='lat' dir='ltr'><strong>iu</strong></span> <span class='ocrx_word' id='word_1_622' title='bbox 2482 3710 2724 3765; x_wconf 88' lang='lat' dir='ltr'><strong>conciliis</strong></span> <span class='ocrx_word' id='word_1_623' title='bbox 2749 3709 2990 3777; x_wconf 53' lang='lat' dir='ltr'><strong>quaedam</strong></span> <span class='ocrx_word' id='word_1_624' title='bbox 3012 3724 3042 3761; x_wconf 89' lang='lat' dir='ltr'><strong>a</strong></span> <span class='ocrx_word' id='word_1_625' title='bbox 3069 3707 3230 3762; x_wconf 90' lang='lat' dir='ltr'><strong>certis</strong></span> <span class='ocrx_word' id='word_1_626' title='bbox 3253 3708 3324 3761; x_wconf 89' lang='lat' dir='ltr'><strong>ibi</strong></span> <span class='ocrx_word' id='word_1_627' title='bbox 3356 3709 3718 3762; x_wconf 85' lang='lat' dir='ltr'><strong>convenienti-</strong></span> 
     </span>
    </p>
   </div>
   <div class='ocr_carea' id='block_1_83' title="bbox 2143 3805 3714 3877">
    <p class='ocr_par' dir='ltr' id='par_1_83' title="bbox 2143 3805 3714 3877">
     <span class='ocr_line' id='line_1_83' title="bbox 2143 3805 3714 3877; baseline -0.003 -13"><span class='ocrx_word' id='word_1_628' title='bbox 2143 3811 2242 3864; x_wconf 86' lang='lat' dir='ltr'><strong>bus</strong></span> <span class='ocrx_word' id='word_1_629' title='bbox 2266 3810 2529 3873; x_wconf 89' lang='lat' dir='ltr'><strong>dicuntur,</strong></span> <span class='ocrx_word' id='word_1_630' title='bbox 2556 3816 2649 3861; x_wconf 91' lang='lat' dir='ltr'><strong>aut</strong></span> <span class='ocrx_word' id='word_1_631' title='bbox 2676 3823 2771 3877; x_wconf 88' lang='lat' dir='ltr'><strong>per</strong></span> <span class='ocrx_word' id='word_1_632' title='bbox 2796 3805 3031 3861; x_wconf 86' lang='lat' dir='ltr'><strong>favorem</strong></span> <span class='ocrx_word' id='word_1_633' title='bbox 3050 3848 3066 3873; x_wconf 91' lang='lat'><strong>,</strong></span> <span class='ocrx_word' id='word_1_634' title='bbox 3109 3814 3201 3860; x_wconf 91' lang='lat' dir='ltr'><strong>aut</strong></span> <span class='ocrx_word' id='word_1_635' title='bbox 3231 3822 3328 3875; x_wconf 90' lang='lat' dir='ltr'><strong>per</strong></span> <span class='ocrx_word' id='word_1_636' title='bbox 3356 3806 3682 3861; x_wconf 87' lang='lat' dir='ltr'><strong>contrarieta</strong></span> <span class='ocrx_word' id='word_1_637' title='bbox 3701 3835 3714 3847; x_wconf 91' lang='lat'><strong>-</strong></span> 
     </span>
    </p>
   </div>
   <div class='ocr_carea' id='block_1_84' title="bbox 2146 3897 3717 3968">
    <p class='ocr_par' dir='ltr' id='par_1_84' title="bbox 2146 3897 3717 3968">
     <span class='ocr_line' id='line_1_84' title="bbox 2146 3897 3717 3968; baseline 0.001 -16"><span class='ocrx_word' id='word_1_638' title='bbox 2146 3908 2287 3966; x_wconf 88' lang='lat' dir='ltr'><strong>tem,</strong></span> <span class='ocrx_word' id='word_1_639' title='bbox 2333 3907 2425 3952; x_wconf 91' lang='lat' dir='ltr'><strong>aut</strong></span> <span class='ocrx_word' id='word_1_640' title='bbox 2450 3914 2546 3968; x_wconf 91' lang='lat' dir='ltr'><strong>per</strong></span> <span class='ocrx_word' id='word_1_641' title='bbox 2570 3899 2949 3965; x_wconf 76' lang='lat' dir='ltr'><strong>ignorantiam.</strong></span> <span class='ocrx_word' id='word_1_642' title='bbox 2995 3897 3162 3952; x_wconf 78' lang='lat' dir='ltr'><strong>Nemo</strong></span> <span class='ocrx_word' id='word_1_643' title='bbox 3190 3907 3368 3952; x_wconf 88' lang='lat' dir='ltr'><strong>autem</strong></span> <span class='ocrx_word' id='word_1_644' title='bbox 3402 3898 3628 3951; x_wconf 87' lang='lat' dir='ltr'><strong>attendit</strong></span> <span class='ocrx_word' id='word_1_645' title='bbox 3653 3914 3717 3953; x_wconf 90' lang='lat' dir='ltr'><strong>ea</strong></span> 
     </span>
    </p>
   </div>
   <div class='ocr_carea' id='block_1_85' title="bbox 2147 3987 3717 4058">
    <p class='ocr_par' dir='ltr' id='par_1_85' title="bbox 2147 3987 3717 4058">
     <span class='ocr_line' id='line_1_85' title="bbox 2147 3987 3717 4058; baseline -0.001 -16"><span class='ocrx_word' id='word_1_646' title='bbox 2147 4004 2265 4058; x_wconf 79' lang='lat' dir='ltr'><strong>qua:</strong></span> <span class='ocrx_word' id='word_1_647' title='bbox 2291 4003 2388 4056; x_wconf 91' lang='lat' dir='ltr'><strong>per</strong></span> <span class='ocrx_word' id='word_1_648' title='bbox 2410 3997 2617 4057; x_wconf 90' lang='lat' dir='ltr'><strong>partem</strong></span> <span class='ocrx_word' id='word_1_649' title='bbox 2644 4003 2674 4040; x_wconf 89' lang='lat' dir='ltr'><strong>a</strong></span> <span class='ocrx_word' id='word_1_650' title='bbox 2699 3988 3020 4056; x_wconf 82' lang='lat' dir='ltr'><strong>quibusdam</strong></span> <span class='ocrx_word' id='word_1_651' title='bbox 3046 3987 3292 4041; x_wconf 90' lang='lat' dir='ltr'><strong>dicuntur</strong></span> <span class='ocrx_word' id='word_1_652' title='bbox 3326 4005 3336 4038; x_wconf 89' lang='lat'><strong>:</strong></span> <span class='ocrx_word' id='word_1_653' title='bbox 3368 3987 3461 4042; x_wconf 87' lang='lat' dir='ltr'><strong>sed</strong></span> <span class='ocrx_word' id='word_1_654' title='bbox 3484 3987 3595 4041; x_wconf 90' lang='lat' dir='ltr'><strong>sola</strong></span> <span class='ocrx_word' id='word_1_655' title='bbox 3628 3987 3717 4040; x_wconf 90' lang='lat' dir='ltr'><strong>illa</strong></span> 
     </span>
    </p>
   </div>
   <div class='ocr_carea' id='block_1_86' title="bbox 2148 4078 3720 4147">
    <p class='ocr_par' dir='ltr' id='par_1_86' title="bbox 2148 4078 3720 4147">
     <span class='ocr_line' id='line_1_86' title="bbox 2148 4078 3720 4147; baseline 0 -15"><span class='ocrx_word' id='word_1_656' title='bbox 2148 4094 2265 4147; x_wconf 69' lang='lat' dir='ltr'><strong>qua:</strong></span> <span class='ocrx_word' id='word_1_657' title='bbox 2304 4079 2371 4131; x_wconf 91' lang='lat' dir='ltr'><strong>ab</strong></span> <span class='ocrx_word' id='word_1_658' title='bbox 2406 4080 2652 4132; x_wconf 83' lang='lat' dir='ltr'><strong>omnibus</strong></span> <span class='ocrx_word' id='word_1_659' title='bbox 2688 4080 2954 4133; x_wconf 88' lang='lat' dir='ltr'><strong>communi</strong></span> <span class='ocrx_word' id='word_1_660' title='bbox 2985 4094 3248 4132; x_wconf 85' lang='lat' dir='ltr'><strong>consensu</strong></span> <span class='ocrx_word' id='word_1_661' title='bbox 3275 4079 3621 4133; x_wconf 90' lang='lat' dir='ltr'><strong>deliuiuntur.</strong></span> <span class='ocrx_word' id='word_1_662' title='bbox 3662 4078 3720 4132; x_wconf 88' lang='lat' dir='ltr'><strong>Si</strong></span> 
     </span>
    </p>
   </div>
   <div class='ocr_carea' id='block_1_87' title="bbox 2150 4168 3719 4236">
    <p class='ocr_par' dir='ltr' id='par_1_87' title="bbox 2150 4168 3719 4236">
     <span class='ocr_line' id='line_1_87' title="bbox 2150 4168 3719 4236; baseline -0.003 -14"><span class='ocrx_word' id='word_1_663' title='bbox 2150 4171 2290 4222; x_wconf 89' lang='lat' dir='ltr'><strong>enim</strong></span> <span class='ocrx_word' id='word_1_664' title='bbox 2331 4168 2520 4236; x_wconf 87' lang='lat' dir='ltr'><strong>aliquis</strong></span> <span class='ocrx_word' id='word_1_665' title='bbox 2546 4168 2836 4222; x_wconf 82' lang='lat' dir='ltr'><strong>secundum</strong></span> <span class='ocrx_word' id='word_1_666' title='bbox 2868 4168 2986 4220; x_wconf 87' lang='lat' dir='ltr'><strong>illos</strong></span> <span class='ocrx_word' id='word_1_667' title='bbox 3009 4169 3236 4222; x_wconf 81' lang='lat' dir='ltr'><strong>voluerit</strong></span> <span class='ocrx_word' id='word_1_668' title='bbox 3266 4169 3545 4223; x_wconf 83' lang='lat' dir='ltr'><strong>attendere</strong></span> <span class='ocrx_word' id='word_1_669' title='bbox 3572 4170 3719 4235; x_wconf 82' lang='lat' dir='ltr'><strong>ejus-</strong></span> 
     </span>
    </p>
   </div>
   <div class='ocr_carea' id='block_1_88' title="bbox 2152 4259 3719 4329">
    <p class='ocr_par' dir='ltr' id='par_1_88' title="bbox 2152 4259 3719 4329">
     <span class='ocr_line' id='line_1_88' title="bbox 2152 4259 3719 4329; baseline -0.001 -16"><span class='ocrx_word' id='word_1_670' title='bbox 2152 4260 2293 4313; x_wconf 87' lang='lat' dir='ltr'><strong>modi</strong></span> <span class='ocrx_word' id='word_1_671' title='bbox 2322 4261 2752 4323; x_wconf 87' lang='lat' dir='ltr'><strong>contrarietates,</strong></span> <span class='ocrx_word' id='word_1_672' title='bbox 2798 4273 3129 4327; x_wconf 57' lang='lat' dir='ltr'><strong>unaquaeque</strong></span> <span class='ocrx_word' id='word_1_673' title='bbox 3155 4260 3389 4329; x_wconf 89' lang='lat' dir='ltr'><strong>synodus</strong></span> <span class='ocrx_word' id='word_1_674' title='bbox 3420 4259 3719 4312; x_wconf 84' lang='lat' dir='ltr'><strong>invenietur</strong></span> 
     </span>
    </p>
   </div>
   <div class='ocr_carea' id='block_1_89' title="bbox 2153 4349 3724 4420">
    <p class='ocr_par' dir='ltr' id='par_1_89' title="bbox 2153 4349 3724 4420">
     <span class='ocr_line' id='line_1_89' title="bbox 2153 4349 3724 4420; baseline -0.003 -15"><span class='ocrx_word' id='word_1_675' title='bbox 2153 4352 2491 4420; x_wconf 87' lang='lat' dir='ltr'><strong>semetipsam</strong></span> <span class='ocrx_word' id='word_1_676' title='bbox 2522 4352 2821 4404; x_wconf 88' lang='lat' dir='ltr'><strong>destruens.</strong></span> <span class='ocrx_word' id='word_1_677' title='bbox 2864 4349 3092 4419; x_wconf 82' lang='lat' dir='ltr'><strong>Propter</strong></span> <span class='ocrx_word' id='word_1_678' title='bbox 3116 4351 3226 4405; x_wconf 61' lang='lat' dir='ltr'><strong>haec</strong></span> <span class='ocrx_word' id='word_1_679' title='bbox 3258 4352 3415 4419; x_wconf 78' lang='lat' dir='ltr'><strong>igitur</strong></span> <span class='ocrx_word' id='word_1_680' title='bbox 3438 4350 3724 4419; x_wconf 82' lang='lat' dir='ltr'><strong>oportebat</strong></span> 
     </span>
    </p>
   </div>
   <div class='ocr_carea' id='block_1_90' title="bbox 475 4436 2037 4513">
    <p class='ocr_par' dir='ltr' id='par_1_90' title="bbox 475 4436 2037 4507">
     <span class='ocr_line' id='line_1_90' title="bbox 475 4436 2037 4507; baseline 0 -17"><span class='ocrx_word' id='word_1_681' title='bbox 475 4439 612 4495; x_wconf 79' lang='grc' dir='ltr'>λικῆς</span> <span class='ocrx_word' id='word_1_682' title='bbox 642 4437 927 4495; x_wconf 78' lang='grc' dir='ltr'>ἐκκλησίας.</span> <span class='ocrx_word' id='word_1_683' title='bbox 969 4439 1050 4489; x_wconf 89' lang='grc' dir='ltr'><strong>καί</strong></span> <span class='ocrx_word' id='word_1_684' title='bbox 1075 4436 1297 4504; x_wconf 82' lang='grc' dir='ltr'>μάλιστα</span> <span class='ocrx_word' id='word_1_685' title='bbox 1324 4442 1397 4507; x_wconf 84' lang='grc' dir='ltr'>τῷ</span> <span class='ocrx_word' id='word_1_686' title='bbox 1424 4437 1473 4487; x_wconf 89' lang='grc' dir='ltr'>έν</span> <span class='ocrx_word' id='word_1_687' title='bbox 1501 4436 1661 4506; x_wconf 75' lang='grc' dir='ltr'>ἁγίοις</span> <span class='ocrx_word' id='word_1_688' title='bbox 1685 4437 1957 4505; x_wconf 82' lang='grc' dir='ltr'>’Δθανασίῳ</span> <span class='ocrx_word' id='word_1_689' title='bbox 1977 4443 2037 4507; x_wconf 71' lang='grc' dir='ltr'><strong>τᾷ</strong></span> 
     </span>
    </p>
   </div>
   <div class='ocr_carea' id='block_1_91' title="bbox 2141 4436 3724 4513">
    <p class='ocr_par' dir='ltr' id='par_1_91' title="bbox 2154 4438 3724 4507">
     <span class='ocr_line' id='line_1_91' title="bbox 2154 4438 3724 4507; baseline -0.003 -13"><span class='ocrx_word' id='word_1_690' title='bbox 2154 4456 2265 4504; x_wconf 88' lang='lat' dir='ltr'><strong>eos,</strong></span> <span class='ocrx_word' id='word_1_691' title='bbox 2284 4442 2327 4493; x_wconf 92' lang='lat' dir='ltr'><strong>si</strong></span> <span class='ocrx_word' id='word_1_692' title='bbox 2355 4447 2595 4493; x_wconf 84' lang='lat' dir='ltr'><strong>sanctum</strong></span> <span class='ocrx_word' id='word_1_693' title='bbox 2618 4439 2905 4493; x_wconf 91' lang='lat' dir='ltr'><strong>concilium</strong></span> <span class='ocrx_word' id='word_1_694' title='bbox 2927 4450 3075 4492; x_wconf 89' lang='lat' dir='ltr'><strong>recte</strong></span> <span class='ocrx_word' id='word_1_695' title='bbox 3095 4439 3442 4507; x_wconf 83' lang='lat' dir='ltr'><strong>susciperent,</strong></span> <span class='ocrx_word' id='word_1_696' title='bbox 3469 4454 3571 4491; x_wconf 89' lang='lat' dir='ltr'><strong>non</strong></span> <span class='ocrx_word' id='word_1_697' title='bbox 3592 4438 3724 4490; x_wconf 86' lang='lat' dir='ltr'><strong>tales</strong></span> 
     </span>
    </p>
   </div>
   <div class='ocr_carea' id='block_1_92' title="bbox 477 4525 2052 4599">
    <p class='ocr_par' dir='ltr' id='par_1_92' title="bbox 477 4525 2052 4599">
     <span class='ocr_line' id='line_1_92' title="bbox 477 4525 2052 4599; baseline -0.001 -20"><span class='ocrx_word' id='word_1_698' title='bbox 477 4529 722 4599; x_wconf 75' lang='grc' dir='ltr'>γινομένῳ</span> <span class='ocrx_word' id='word_1_699' title='bbox 745 4536 835 4585; x_wconf 81' lang='grc' dir='ltr'>τῆς</span> <span class='ocrx_word' id='word_1_700' title='bbox 859 4525 1207 4598; x_wconf 78' lang='grc' dir='ltr'>Ἀλεξανδρέων</span> <span class='ocrx_word' id='word_1_701' title='bbox 1226 4526 1483 4585; x_wconf 78' lang='grc' dir='ltr'>ἐκκλησίας</span> <span class='ocrx_word' id='word_1_702' title='bbox 1513 4526 1793 4595; x_wconf 82' lang='grc' dir='ltr'>ἐπισκόπῳ,</span> <span class='ocrx_word' id='word_1_703' title='bbox 1820 4528 1902 4579; x_wconf 88' lang='grc' dir='ltr'><strong>καί</strong></span> <span class='ocrx_word' id='word_1_704' title='bbox 1928 4526 2052 4580; x_wconf 89' lang='grc' dir='ltr'>πολ-</span> 
     </span>
    </p>
   </div>
   <div class='ocr_carea' id='block_1_93' title="bbox 478 4614 2050 4691">
    <p class='ocr_par' dir='ltr' id='par_1_93' title="bbox 478 4614 2050 4691">
     <span class='ocr_line' id='line_1_93' title="bbox 478 4614 2050 4691; baseline -0.001 -22"><span class='ocrx_word' id='word_1_705' title='bbox 478 4617 595 4675; x_wconf 81' lang='grc' dir='ltr'>λοὺς</span> <span class='ocrx_word' id='word_1_706' title='bbox 635 4618 716 4669; x_wconf 83' lang='grc' dir='ltr'>καὶ</span> <span class='ocrx_word' id='word_1_707' title='bbox 752 4616 1001 4687; x_wconf 73' lang='grc' dir='ltr'>μεγάλους</span> <span class='ocrx_word' id='word_1_708' title='bbox 1039 4617 1238 4687; x_wconf 83' lang='grc' dir='ltr'>ἀγῶνας</span> <span class='ocrx_word' id='word_1_709' title='bbox 1274 4614 1618 4685; x_wconf 66' lang='grc' dir='ltr'>ἀναδεξαμένῳ</span> <span class='ocrx_word' id='word_1_710' title='bbox 1659 4618 1790 4691; x_wconf 86' lang='grc' dir='ltr'><strong>ύπέρ</strong></span> <span class='ocrx_word' id='word_1_711' title='bbox 1832 4624 1924 4675; x_wconf 71' lang='grc' dir='ltr'>τῆς</span> <span class='ocrx_word' id='word_1_712' title='bbox 1952 4624 2050 4670; x_wconf 82' lang='grc' dir='ltr'><strong>τῶν</strong></span> 
     </span>
    </p>
   </div>
   <div class='ocr_carea' id='block_1_94' title="bbox 479 4706 2050 4780">
    <p class='ocr_par' dir='ltr' id='par_1_94' title="bbox 479 4706 2050 4780">
     <span class='ocr_line' id='line_1_94' title="bbox 479 4706 2050 4780; baseline -0.003 -19"><span class='ocrx_word' id='word_1_713' title='bbox 479 4711 787 4775; x_wconf 76' lang='grc' dir='ltr'>Χριστιανῶν</span> <span class='ocrx_word' id='word_1_714' title='bbox 836 4708 1055 4763; x_wconf 84' lang='grc' dir='ltr'>πίστεως</span> <span class='ocrx_word' id='word_1_715' title='bbox 1099 4706 1246 4778; x_wconf 81' lang='grc' dir='ltr'>ὀρθῆς</span> <span class='ocrx_word' id='word_1_716' title='bbox 1286 4706 1415 4758; x_wconf 82' lang='grc' dir='ltr'>κατὰ</span> <span class='ocrx_word' id='word_1_717' title='bbox 1452 4707 1623 4763; x_wconf 81' lang='grc' dir='ltr'>πάσης</span> <span class='ocrx_word' id='word_1_718' title='bbox 1661 4707 1919 4780; x_wconf 77' lang='grc' dir='ltr'>αἱρέσεως,</span> <span class='ocrx_word' id='word_1_719' title='bbox 1968 4708 2050 4757; x_wconf 81' lang='grc' dir='ltr'><strong>καί</strong></span> 
     </span>
    </p>
   </div>
   <div class='ocr_carea' id='block_1_95' title="bbox 483 4794 2051 4869">
    <p class='ocr_par' dir='ltr' id='par_1_95' title="bbox 483 4794 2051 4869">
     <span class='ocr_line' id='line_1_95' title="bbox 483 4794 2051 4869; baseline -0.001 -22"><span class='ocrx_word' id='word_1_720' title='bbox 483 4797 707 4866; x_wconf 65' lang='grc' dir='ltr'>μάλιστα</span> <span class='ocrx_word' id='word_1_721' title='bbox 750 4801 849 4847; x_wconf 83' lang='grc' dir='ltr'><strong>τῶν</strong></span> <span class='ocrx_word' id='word_1_722' title='bbox 891 4794 1242 4848; x_wconf 81' lang='grc' dir='ltr'>ἀσεϐεστάτων</span> <span class='ocrx_word' id='word_1_723' title='bbox 1283 4801 1579 4867; x_wconf 76' lang='grc' dir='ltr'>’Δρειανῶν’</span> <span class='ocrx_word' id='word_1_724' title='bbox 1612 4802 1711 4849; x_wconf 84' lang='grc' dir='ltr'>τῶν</span> <span class='ocrx_word' id='word_1_725' title='bbox 1755 4796 1852 4869; x_wconf 87' lang='grc' dir='ltr'><strong>γάρ</strong></span> <span class='ocrx_word' id='word_1_726' title='bbox 1881 4797 2051 4849; x_wconf 70' lang='grc' dir='ltr'>αὐτῶν</span> 
     </span>
    </p>
   </div>
   <div class='ocr_carea' id='block_1_96' title="bbox 480 4884 2051 4961">
    <p class='ocr_par' dir='ltr' id='par_1_96' title="bbox 480 4884 2051 4961">
     <span class='ocr_line' id='line_1_96' title="bbox 480 4884 2051 4961; baseline 0.001 -24"><span class='ocrx_word' id='word_1_727' title='bbox 480 4885 747 4959; x_wconf 78' lang='grc' dir='ltr'>Ἀριιανὼν</span> <span class='ocrx_word' id='word_1_728' title='bbox 782 4886 908 4956; x_wconf 83' lang='grc' dir='ltr'>πρὸς</span> <span class='ocrx_word' id='word_1_729' title='bbox 931 4884 1126 4941; x_wconf 80' lang='grc' dir='ltr'>ἀπάτην</span> <span class='ocrx_word' id='word_1_730' title='bbox 1155 4891 1251 4937; x_wconf 85' lang='grc' dir='ltr'><strong>τῶν</strong></span> <span class='ocrx_word' id='word_1_731' title='bbox 1275 4884 1405 4938; x_wconf 84' lang='grc' dir='ltr'>λαῶν</span> <span class='ocrx_word' id='word_1_732' title='bbox 1426 4888 1502 4944; x_wconf 82' lang='grc' dir='ltr'>εἰς</span> <span class='ocrx_word' id='word_1_733' title='bbox 1532 4890 1623 4944; x_wconf 75' lang='grc' dir='ltr'><strong>τὴν</strong></span> <span class='ocrx_word' id='word_1_734' title='bbox 1653 4886 1840 4940; x_wconf 85' lang='grc' dir='ltr'>έαυτῶν</span> <span class='ocrx_word' id='word_1_735' title='bbox 1868 4884 2051 4961; x_wconf 87' lang='grc' dir='ltr'>μερίδα</span> 
     </span>
    </p>
   </div>
   <div class='ocr_carea' id='block_1_97' title="bbox 484 4972 2054 5048">
    <p class='ocr_par' dir='ltr' id='par_1_97' title="bbox 484 4972 2054 5048">
     <span class='ocr_line' id='line_1_97' title="bbox 484 4972 2054 5048; baseline -0.001 -20"><span class='ocrx_word' id='word_1_736' title='bbox 484 4974 847 5038; x_wconf 75' lang='grc' dir='ltr'>ἐπισπωμένων</span> <span class='ocrx_word' id='word_1_737' title='bbox 872 4974 1149 5035; x_wconf 80' lang='grc' dir='ltr'>Διονύσιον,</span> <span class='ocrx_word' id='word_1_738' title='bbox 1179 4976 1279 5048; x_wconf 82' lang='grc' dir='ltr'>πρὸ</span> <span class='ocrx_word' id='word_1_739' title='bbox 1316 4974 1504 5027; x_wconf 86' lang='grc' dir='ltr'>πολλῶν</span> <span class='ocrx_word' id='word_1_740' title='bbox 1535 4977 1658 5029; x_wconf 80' lang='grc' dir='ltr'>ἐτῶν</span> <span class='ocrx_word' id='word_1_741' title='bbox 1684 4982 1774 5028; x_wconf 85' lang='grc' dir='ltr'>τοῦ</span> <span class='ocrx_word' id='word_1_742' title='bbox 1803 4972 1853 5028; x_wconf 85' lang='grc' dir='ltr'><strong>έν</strong></span> <span class='ocrx_word' id='word_1_743' title='bbox 1893 4974 2054 5044; x_wconf 77' lang='grc' dir='ltr'>ἁγίοις</span> 
     </span>
    </p>
   </div>
   <div class='ocr_carea' id='block_1_98' title="bbox 490 5056 2057 5135">
    <p class='ocr_par' dir='ltr' id='par_1_98' title="bbox 490 5056 2057 5135">
     <span class='ocr_line' id='line_1_98' title="bbox 490 5056 2057 5135; baseline -0.001 -20"><span class='ocrx_word' id='word_1_744' title='bbox 490 5056 780 5120; x_wconf 80' lang='grc' dir='ltr'>’Δθανασίου</span> <span class='ocrx_word' id='word_1_745' title='bbox 825 5069 915 5121; x_wconf 73' lang='grc' dir='ltr'>τῆς</span> <span class='ocrx_word' id='word_1_746' title='bbox 941 5060 1301 5135; x_wconf 73' lang='grc' dir='ltr'>Ἀλεξανδρείας</span> <span class='ocrx_word' id='word_1_747' title='bbox 1341 5063 1603 5133; x_wconf 85' lang='grc' dir='ltr'>γενόμενον</span> <span class='ocrx_word' id='word_1_748' title='bbox 1641 5065 1932 5124; x_wconf 77' lang='grc' dir='ltr'>ἐπίσκοπον,</span> <span class='ocrx_word' id='word_1_749' title='bbox 1974 5065 2057 5114; x_wconf 84' lang='grc' dir='ltr'><strong>καί</strong></span> 
     </span>
    </p>
   </div>
   <div class='ocr_carea' id='block_1_99' title="bbox 480 5149 2059 5223">
    <p class='ocr_par' dir='ltr' id='par_1_99' title="bbox 480 5149 2059 5223">
     <span class='ocr_line' id='line_1_99' title="bbox 480 5149 2059 5223; baseline -0.001 -15"><span class='ocrx_word' id='word_1_750' title='bbox 480 5149 745 5223; x_wconf 76' lang='grc' dir='ltr'>λεγόντων,</span> <span class='ocrx_word' id='word_1_751' title='bbox 775 5156 843 5213; x_wconf 81' lang='grc' dir='ltr'>ὡς</span> <span class='ocrx_word' id='word_1_752' title='bbox 885 5155 969 5207; x_wconf 84' lang='grc' dir='ltr'><strong>καί</strong></span> <span class='ocrx_word' id='word_1_753' title='bbox 1014 5154 1171 5213; x_wconf 74' lang='grc' dir='ltr'>αὐτὸς</span> <span class='ocrx_word' id='word_1_754' title='bbox 1212 5153 1239 5207; x_wconf 81' lang='grc' dir='ltr'>ὁ</span> <span class='ocrx_word' id='word_1_755' title='bbox 1285 5156 1540 5214; x_wconf 79' lang='grc' dir='ltr'>Διονύσιος</span> <span class='ocrx_word' id='word_1_756' title='bbox 1585 5156 1648 5209; x_wconf 77' lang='grc' dir='ltr'>τὰ</span> <span class='ocrx_word' id='word_1_757' title='bbox 1697 5152 1842 5222; x_wconf 86' lang='grc' dir='ltr'>ὅμοια</span> <span class='ocrx_word' id='word_1_758' title='bbox 1889 5156 2059 5213; x_wconf 74' lang='grc' dir='ltr'>αὐτοῖς</span> 
     </span>
    </p>
   </div>
   <div class='ocr_carea' id='block_1_100' title="bbox 479 5242 2059 5317">
    <p class='ocr_par' dir='ltr' id='par_1_100' title="bbox 479 5242 2059 5317">
     <span class='ocr_line' id='line_1_100' title="bbox 479 5242 2059 5317; baseline -0.001 -20"><span class='ocrx_word' id='word_1_759' title='bbox 479 5244 768 5317; x_wconf 70' lang='grc' dir='ltr'>ἐφρόνησεν,</span> <span class='ocrx_word' id='word_1_760' title='bbox 801 5242 1087 5302; x_wconf 81' lang='grc' dir='ltr'>’Δθανάσιος</span> <span class='ocrx_word' id='word_1_761' title='bbox 1113 5242 1139 5297; x_wconf 88' lang='grc' dir='ltr'><strong>ό</strong></span> <span class='ocrx_word' id='word_1_762' title='bbox 1167 5245 1327 5315; x_wconf 88' lang='grc' dir='ltr'>μέγας</span> <span class='ocrx_word' id='word_1_763' title='bbox 1352 5252 1445 5303; x_wconf 80' lang='grc' dir='ltr'>τῆς</span> <span class='ocrx_word' id='word_1_764' title='bbox 1476 5245 1735 5304; x_wconf 85' lang='grc' dir='ltr'>ἐκκλησίας</span> <span class='ocrx_word' id='word_1_765' title='bbox 1761 5242 2059 5303; x_wconf 81' lang='grc' dir='ltr'>διδάσκαλος</span> 
     </span>
    </p>
   </div>
   <div class='ocr_carea' id='block_1_101' title="bbox 483 5334 2059 5409">
    <p class='ocr_par' dir='ltr' id='par_1_101' title="bbox 483 5334 2059 5409">
     <span class='ocr_line' id='line_1_101' title="bbox 483 5334 2059 5409; baseline 0 -21"><span class='ocrx_word' id='word_1_766' title='bbox 483 5336 678 5395; x_wconf 87' lang='grc' dir='ltr'>πολλοῖς</span> <span class='ocrx_word' id='word_1_767' title='bbox 734 5335 942 5408; x_wconf 86' lang='grc' dir='ltr'>τρόποις</span> <span class='ocrx_word' id='word_1_768' title='bbox 990 5335 1250 5409; x_wconf 72' lang='grc' dir='ltr'>έγγράφως</span> <span class='ocrx_word' id='word_1_769' title='bbox 1293 5334 1538 5399; x_wconf 79' lang='grc' dir='ltr'>ἀπέδειξε,</span> <span class='ocrx_word' id='word_1_770' title='bbox 1569 5340 1659 5393; x_wconf 69' lang='grc' dir='ltr'>τὴν</span> <span class='ocrx_word' id='word_1_771' title='bbox 1704 5337 1850 5406; x_wconf 81' lang='grc' dir='ltr'>ὀρθὴν</span> <span class='ocrx_word' id='word_1_772' title='bbox 1888 5339 2059 5389; x_wconf 82' lang='grc' dir='ltr'>πίστιν</span> 
     </span>
    </p>
   </div>
   <div class='ocr_carea' id='block_1_102' title="bbox 484 5423 2060 5501">
    <p class='ocr_par' dir='ltr' id='par_1_102' title="bbox 484 5423 2060 5501">
     <span class='ocr_line' id='line_1_102' title="bbox 484 5423 2060 5501; baseline -0.001 -21"><span class='ocrx_word' id='word_1_773' title='bbox 484 5428 745 5480; x_wconf 83' lang='grc' dir='ltr'>Διονύσιον</span> <span class='ocrx_word' id='word_1_774' title='bbox 773 5428 819 5489; x_wconf 84' lang='grc' dir='ltr'>ἐξ</span> <span class='ocrx_word' id='word_1_775' title='bbox 847 5428 1020 5501; x_wconf 79' lang='grc' dir='ltr'>ἀρχῆς</span> <span class='ocrx_word' id='word_1_776' title='bbox 1044 5425 1269 5501; x_wconf 70' lang='grc' dir='ltr'>κηρύξαι.</span> <span class='ocrx_word' id='word_1_777' title='bbox 1304 5428 1386 5481; x_wconf 85' lang='grc' dir='ltr'><strong>καί</strong></span> <span class='ocrx_word' id='word_1_778' title='bbox 1412 5423 1655 5494; x_wconf 80' lang='grc' dir='ltr'>μηδαμῶς</span> <span class='ocrx_word' id='word_1_779' title='bbox 1684 5426 2060 5481; x_wconf 72' lang='grc' dir='ltr'>ἐπικοινωνῆσαι</span> 
     </span>
    </p>
   </div>
   <div class='ocr_carea' id='block_1_103' title="bbox 483 5512 2059 5589">
    <p class='ocr_par' dir='ltr' id='par_1_103' title="bbox 483 5512 2059 5589">
     <span class='ocr_line' id='line_1_103' title="bbox 483 5512 2059 5589; baseline -0.003 -19"><span class='ocrx_word' id='word_1_780' title='bbox 483 5526 547 5587; x_wconf 79' lang='grc' dir='ltr'><strong>τῇ</strong></span> <span class='ocrx_word' id='word_1_781' title='bbox 581 5524 679 5570; x_wconf 84' lang='grc' dir='ltr'><strong>τῶν</strong></span> <span class='ocrx_word' id='word_1_782' title='bbox 712 5515 969 5589; x_wconf 79' lang='grc' dir='ltr'>’Δρειανῶν</span> <span class='ocrx_word' id='word_1_783' title='bbox 1004 5517 1233 5588; x_wconf 52' lang='grc' dir='ltr'>ἀσεϐείᾳ.</span> <span class='ocrx_word' id='word_1_784' title='bbox 1262 5512 1421 5569; x_wconf 77' lang='grc' dir='ltr'>οὗτοι</span> <span class='ocrx_word' id='word_1_785' title='bbox 1458 5512 1512 5568; x_wconf 84' lang='grc' dir='ltr'><strong>δέ</strong></span> <span class='ocrx_word' id='word_1_786' title='bbox 1551 5516 1615 5568; x_wconf 84' lang='grc' dir='ltr'><strong>τά</strong></span> <span class='ocrx_word' id='word_1_787' title='bbox 1652 5521 1751 5568; x_wconf 81' lang='grc' dir='ltr'><strong>τῶν</strong></span> <span class='ocrx_word' id='word_1_788' title='bbox 1794 5515 2059 5586; x_wconf 79' lang='grc' dir='ltr'>αἰρετικῶν</span> 
     </span>
    </p>
   </div>
   <div class='ocr_carea' id='block_1_104' title="bbox 483 5608 2059 5680">
    <p class='ocr_par' dir='ltr' id='par_1_104' title="bbox 483 5608 2059 5680">
     <span class='ocr_line' id='line_1_104' title="bbox 483 5608 2059 5680; baseline 0.001 -22"><span class='ocrx_word' id='word_1_789' title='bbox 483 5614 779 5680; x_wconf 64' lang='grc' dir='ltr'>φρονοῦντες</span> <span class='ocrx_word' id='word_1_790' title='bbox 807 5615 895 5666; x_wconf 72' lang='grc' dir='ltr'>τὴν</span> <span class='ocrx_word' id='word_1_791' title='bbox 924 5612 1103 5662; x_wconf 72' lang='grc' dir='ltr'>οἰκείων</span> <span class='ocrx_word' id='word_1_792' title='bbox 1123 5608 1355 5661; x_wconf 76' lang='grc' dir='ltr'>ἀσέϐειαν</span> <span class='ocrx_word' id='word_1_793' title='bbox 1382 5608 1540 5679; x_wconf 71' lang='grc' dir='ltr'>ταύτῃ</span> <span class='ocrx_word' id='word_1_794' title='bbox 1567 5608 1861 5677; x_wconf 77' lang='grc' dir='ltr'>περιάπτειν</span> <span class='ocrx_word' id='word_1_795' title='bbox 1888 5627 2059 5660; x_wconf 82' lang='grc' dir='ltr'>σπου-</span> 
     </span>
    </p>
   </div>
   <div class='ocr_carea' id='block_1_105' title="bbox 487 5694 2061 5769">
    <p class='ocr_par' dir='ltr' id='par_1_105' title="bbox 487 5694 2061 5769">
     <span class='ocr_line' id='line_1_105' title="bbox 487 5694 2061 5769; baseline -0.001 -18"><span class='ocrx_word' id='word_1_796' title='bbox 487 5694 745 5760; x_wconf 54' lang='grc' dir='ltr'>δάζουσιν.</span> <span class='ocrx_word' id='word_1_797' title='bbox 772 5706 974 5752; x_wconf 84' lang='grc' dir='ltr'>¹οπ.ῑον</span> <span class='ocrx_word' id='word_1_798' title='bbox 1005 5696 1058 5752; x_wconf 85' lang='grc' dir='ltr'><strong>δέ</strong></span> <span class='ocrx_word' id='word_1_799' title='bbox 1084 5700 1197 5752; x_wconf 79' lang='grc' dir='ltr'>ἐστι</span> <span class='ocrx_word' id='word_1_800' title='bbox 1223 5699 1531 5769; x_wconf 71' lang='grc' dir='ltr'>κατάκριμα,</span> <span class='ocrx_word' id='word_1_801' title='bbox 1563 5699 1648 5750; x_wconf 85' lang='grc' dir='ltr'>καὶ</span> <span class='ocrx_word' id='word_1_802' title='bbox 1670 5698 1790 5751; x_wconf 83' lang='grc' dir='ltr'>ποία</span> <span class='ocrx_word' id='word_1_803' title='bbox 1816 5698 2061 5751; x_wconf 74' lang='grc' dir='ltr'>ἐπίκειται</span> 
     </span>
    </p>
   </div>
   <div class='ocr_carea' id='block_1_106' title="bbox 2154 4528 3724 4597">
    <p class='ocr_par' dir='ltr' id='par_1_106' title="bbox 2154 4528 3724 4597">
     <span class='ocr_line' id='line_1_106' title="bbox 2154 4528 3724 4597; baseline -0.001 -14"><span class='ocrx_word' id='word_1_804' title='bbox 2154 4530 2510 4597; x_wconf 83' lang='lat' dir='ltr'><strong>blasphemias</strong></span> <span class='ocrx_word' id='word_1_805' title='bbox 2537 4529 2587 4582; x_wconf 87' lang='lat' dir='ltr'><strong>ei</strong></span> <span class='ocrx_word' id='word_1_806' title='bbox 2618 4530 2913 4597; x_wconf 87' lang='lat' dir='ltr'><strong>applicare,</strong></span> <span class='ocrx_word' id='word_1_807' title='bbox 2958 4528 3050 4583; x_wconf 85' lang='lat' dir='ltr'><strong>sed</strong></span> <span class='ocrx_word' id='word_1_808' title='bbox 3078 4530 3225 4595; x_wconf 89' lang='lat' dir='ltr'><strong>sequi</strong></span> <span class='ocrx_word' id='word_1_809' title='bbox 3257 4529 3505 4583; x_wconf 85' lang='lat' dir='ltr'><strong>doctores</strong></span> <span class='ocrx_word' id='word_1_810' title='bbox 3534 4529 3724 4582; x_wconf 87' lang='lat' dir='ltr'><strong>catho-</strong></span> 
     </span>
    </p>
   </div>
   <div class='ocr_carea' id='block_1_107' title="bbox 2155 4618 3723 4684">
    <p class='ocr_par' dir='ltr' id='par_1_107' title="bbox 2155 4618 3723 4684">
     <span class='ocr_line' id='line_1_107' title="bbox 2155 4618 3723 4684; baseline -0.001 -12"><span class='ocrx_word' id='word_1_811' title='bbox 2155 4619 2272 4673; x_wconf 58' lang='lat' dir='ltr'><strong>licae</strong></span> <span class='ocrx_word' id='word_1_812' title='bbox 2296 4618 2565 4680; x_wconf 61' lang='lat' dir='ltr'><strong>Ecclesia,</strong></span> <span class='ocrx_word' id='word_1_813' title='bbox 2599 4628 2654 4672; x_wconf 92' lang='lat' dir='ltr'><strong>et</strong></span> <span class='ocrx_word' id='word_1_814' title='bbox 2678 4619 2907 4672; x_wconf 79' lang='lat' dir='ltr'><strong>maxime</strong></span> <span class='ocrx_word' id='word_1_815' title='bbox 2934 4629 3175 4673; x_wconf 83' lang='lat' dir='ltr'><strong>sanctum</strong></span> <span class='ocrx_word' id='word_1_816' title='bbox 3209 4618 3553 4671; x_wconf 79' lang='lat' dir='ltr'><strong>Athanasium</strong></span> <span class='ocrx_word' id='word_1_817' title='bbox 3576 4660 3588 4679; x_wconf 86' lang='lat'><strong>.</strong></span> <span class='ocrx_word' id='word_1_818' title='bbox 3634 4620 3723 4684; x_wconf 89' lang='lat' dir='ltr'><strong>qni</strong></span> 
     </span>
    </p>
   </div>
   <div class='ocr_carea' id='block_1_108' title="bbox 2156 4709 3726 4777">
    <p class='ocr_par' dir='ltr' id='par_1_108' title="bbox 2156 4709 3726 4777">
     <span class='ocr_line' id='line_1_108' title="bbox 2156 4709 3726 4777; baseline -0.001 -15"><span class='ocrx_word' id='word_1_819' title='bbox 2156 4710 2253 4763; x_wconf 77' lang='lat' dir='ltr'><strong>fuit</strong></span> <span class='ocrx_word' id='word_1_820' title='bbox 2294 4709 2625 4763; x_wconf 66' lang='lat' dir='ltr'><strong>Alexandria:</strong></span> <span class='ocrx_word' id='word_1_821' title='bbox 2654 4710 2976 4776; x_wconf 68' lang='lat' dir='ltr'><strong>episcolnus,</strong></span> <span class='ocrx_word' id='word_1_822' title='bbox 3025 4720 3077 4761; x_wconf 90' lang='lat' dir='ltr'><strong>et</strong></span> <span class='ocrx_word' id='word_1_823' title='bbox 3119 4709 3374 4777; x_wconf 84' lang='lat' dir='ltr'><strong>plurimos</strong></span> <span class='ocrx_word' id='word_1_824' title='bbox 3406 4718 3459 4763; x_wconf 90' lang='lat' dir='ltr'><strong>et</strong></span> <span class='ocrx_word' id='word_1_825' title='bbox 3506 4724 3726 4774; x_wconf 83' lang='lat' dir='ltr'><strong>magnos</strong></span> 
     </span>
    </p>
   </div>
   <div class='ocr_carea' id='block_1_109' title="bbox 2155 4800 3729 4868">
    <p class='ocr_par' dir='ltr' id='par_1_109' title="bbox 2155 4800 3729 4868">
     <span class='ocr_line' id='line_1_109' title="bbox 2155 4800 3729 4868; baseline 0 -15"><span class='ocrx_word' id='word_1_826' title='bbox 2155 4801 2363 4855; x_wconf 89' lang='lat' dir='ltr'><strong>labores</strong></span> <span class='ocrx_word' id='word_1_827' title='bbox 2391 4801 2625 4868; x_wconf 83' lang='lat' dir='ltr'><strong>suscepit</strong></span> <span class='ocrx_word' id='word_1_828' title='bbox 2647 4815 2745 4868; x_wconf 86' lang='lat' dir='ltr'><strong>pro</strong></span> <span class='ocrx_word' id='word_1_829' title='bbox 2770 4811 2917 4854; x_wconf 90' lang='lat' dir='ltr'><strong>recta</strong></span> <span class='ocrx_word' id='word_1_830' title='bbox 2946 4800 3369 4853; x_wconf 80' lang='lat' dir='ltr'><strong>Christianorum</strong></span> <span class='ocrx_word' id='word_1_831' title='bbox 3400 4800 3500 4852; x_wconf 85' lang='lat' dir='ltr'><strong>lide</strong></span> <span class='ocrx_word' id='word_1_832' title='bbox 3538 4801 3729 4853; x_wconf 83' lang='lat' dir='ltr'><strong>adver-</strong></span> 
     </span>
    </p>
   </div>
   <div class='ocr_carea' id='block_1_110' title="bbox 2154 4889 3727 4957">
    <p class='ocr_par' dir='ltr' id='par_1_110' title="bbox 2154 4889 3727 4957">
     <span class='ocr_line' id='line_1_110' title="bbox 2154 4889 3727 4957; baseline -0.001 -13"><span class='ocrx_word' id='word_1_833' title='bbox 2154 4906 2245 4944; x_wconf 84' lang='lat' dir='ltr'><strong>sus</strong></span> <span class='ocrx_word' id='word_1_834' title='bbox 2272 4905 2484 4943; x_wconf 88' lang='lat' dir='ltr'><strong>omnem</strong></span> <span class='ocrx_word' id='word_1_835' title='bbox 2508 4889 2735 4941; x_wconf 66' lang='lat' dir='ltr'><strong>baercsin</strong></span> <span class='ocrx_word' id='word_1_836' title='bbox 2760 4930 2775 4955; x_wconf 93' lang='lat'><strong>,</strong></span> <span class='ocrx_word' id='word_1_837' title='bbox 2808 4899 2861 4942; x_wconf 90' lang='lat' dir='ltr'><strong>et</strong></span> <span class='ocrx_word' id='word_1_838' title='bbox 2904 4890 3137 4942; x_wconf 80' lang='lat' dir='ltr'><strong>maxime</strong></span> <span class='ocrx_word' id='word_1_839' title='bbox 3167 4898 3353 4942; x_wconf 89' lang='lat' dir='ltr'><strong>contra</strong></span> <span class='ocrx_word' id='word_1_840' title='bbox 3383 4890 3727 4957; x_wconf 70' lang='lat' dir='ltr'><strong>impiissimos</strong></span> 
     </span>
    </p>
   </div>
   <div class='ocr_carea' id='block_1_111' title="bbox 2157 4977 3728 5047">
    <p class='ocr_par' dir='ltr' id='par_1_111' title="bbox 2157 4977 3728 5047">
     <span class='ocr_line' id='line_1_111' title="bbox 2157 4977 3728 5047; baseline -0.001 -15"><span class='ocrx_word' id='word_1_841' title='bbox 2157 4980 2401 5033; x_wconf 73' lang='lat' dir='ltr'><strong>Arianos.</strong></span> <span class='ocrx_word' id='word_1_842' title='bbox 2448 4977 2581 5047; x_wconf 74' lang='lat' dir='ltr'><strong>Ipsis</strong></span> <span class='ocrx_word' id='word_1_843' title='bbox 2609 4980 2749 5032; x_wconf 82' lang='lat' dir='ltr'><strong>enim</strong></span> <span class='ocrx_word' id='word_1_844' title='bbox 2781 4978 2990 5031; x_wconf 78' lang='lat' dir='ltr'><strong>Arianis</strong></span> <span class='ocrx_word' id='word_1_845' title='bbox 3032 4979 3097 5031; x_wconf 89' lang='lat' dir='ltr'><strong>ad</strong></span> <span class='ocrx_word' id='word_1_846' title='bbox 3127 4977 3467 5047; x_wconf 90' lang='lat' dir='ltr'><strong>decipiendos</strong></span> <span class='ocrx_word' id='word_1_847' title='bbox 3502 4978 3728 5046; x_wconf 89' lang='lat' dir='ltr'><strong>populos</strong></span> 
     </span>
    </p>
   </div>
   <div class='ocr_carea' id='block_1_112' title="bbox 2157 5066 3726 5138">
    <p class='ocr_par' dir='ltr' id='par_1_112' title="bbox 2157 5066 3726 5138">
     <span class='ocr_line' id='line_1_112' title="bbox 2157 5066 3726 5138; baseline -0.004 -16"><span class='ocrx_word' id='word_1_848' title='bbox 2157 5085 2254 5122; x_wconf 88' lang='lat' dir='ltr'><strong>suo</strong></span> <span class='ocrx_word' id='word_1_849' title='bbox 2280 5068 2448 5123; x_wconf 82' lang='lat' dir='ltr'><strong>errori</strong></span> <span class='ocrx_word' id='word_1_850' title='bbox 2480 5067 2921 5134; x_wconf 76' lang='lat' dir='ltr'><strong>conjungeutibns</strong></span> <span class='ocrx_word' id='word_1_851' title='bbox 2944 5067 3273 5138; x_wconf 73' lang='lat' dir='ltr'><strong>Dionysium,</strong></span> <span class='ocrx_word' id='word_1_852' title='bbox 3314 5068 3403 5134; x_wconf 89' lang='lat' dir='ltr'><strong>qui</strong></span> <span class='ocrx_word' id='word_1_853' title='bbox 3435 5076 3559 5119; x_wconf 86' lang='lat' dir='ltr'><strong>ante</strong></span> <span class='ocrx_word' id='word_1_854' title='bbox 3588 5066 3726 5118; x_wconf 85' lang='lat' dir='ltr'><strong>mul-</strong></span> 
     </span>
    </p>
   </div>
   <div class='ocr_carea' id='block_1_113' title="bbox 2160 5152 3728 5227">
    <p class='ocr_par' dir='ltr' id='par_1_113' title="bbox 2160 5152 3728 5227">
     <span class='ocr_line' id='line_1_113' title="bbox 2160 5152 3728 5227; baseline -0.003 -17"><span class='ocrx_word' id='word_1_855' title='bbox 2160 5167 2243 5210; x_wconf 84' lang='lat' dir='ltr'><strong>tos</strong></span> <span class='ocrx_word' id='word_1_856' title='bbox 2272 5172 2441 5210; x_wconf 86' lang='lat' dir='ltr'><strong>annos</strong></span> <span class='ocrx_word' id='word_1_857' title='bbox 2480 5154 2755 5209; x_wconf 79' lang='lat' dir='ltr'><strong>Athanasii</strong></span> <span class='ocrx_word' id='word_1_858' title='bbox 2792 5156 2995 5227; x_wconf 76' lang='lat' dir='ltr'><strong>[multis</strong></span> <span class='ocrx_word' id='word_1_859' title='bbox 3022 5158 3175 5211; x_wconf 91' lang='lat' dir='ltr'><strong>annis</strong></span> <span class='ocrx_word' id='word_1_860' title='bbox 3204 5165 3328 5209; x_wconf 92' lang='lat' dir='ltr'><strong>ante</strong></span> <span class='ocrx_word' id='word_1_861' title='bbox 3358 5152 3728 5224; x_wconf 76' lang='lat' dir='ltr'><strong>Athanasium]</strong></span> 
     </span>
    </p>
   </div>
   <div class='ocr_carea' id='block_1_114' title="bbox 2162 5245 3733 5314">
    <p class='ocr_par' dir='ltr' id='par_1_114' title="bbox 2162 5245 3733 5314">
     <span class='ocr_line' id='line_1_114' title="bbox 2162 5245 3733 5314; baseline -0.003 -14"><span class='ocrx_word' id='word_1_862' title='bbox 2162 5249 2258 5300; x_wconf 85' lang='lat' dir='ltr'><strong>fuit</strong></span> <span class='ocrx_word' id='word_1_863' title='bbox 2290 5245 2625 5300; x_wconf 72' lang='lat' dir='ltr'><strong>Alexandria:</strong></span> <span class='ocrx_word' id='word_1_864' title='bbox 2648 5247 2952 5314; x_wconf 84' lang='lat' dir='ltr'><strong>episcopus,</strong></span> <span class='ocrx_word' id='word_1_865' title='bbox 2974 5254 3029 5300; x_wconf 90' lang='lat' dir='ltr'><strong>et</strong></span> <span class='ocrx_word' id='word_1_866' title='bbox 3052 5246 3350 5299; x_wconf 84' lang='lat' dir='ltr'><strong>dicentibus</strong></span> <span class='ocrx_word' id='word_1_867' title='bbox 3367 5245 3508 5313; x_wconf 92' lang='lat' dir='ltr'><strong>quod</strong></span> <span class='ocrx_word' id='word_1_868' title='bbox 3542 5253 3597 5296; x_wconf 86' lang='lat' dir='ltr'><strong>et</strong></span> <span class='ocrx_word' id='word_1_869' title='bbox 3620 5246 3733 5310; x_wconf 86' lang='lat' dir='ltr'><strong>ipse</strong></span> 
     </span>
    </p>
   </div>
   <div class='ocr_carea' id='block_1_115' title="bbox 2161 5332 3731 5407">
    <p class='ocr_par' dir='ltr' id='par_1_115' title="bbox 2161 5332 3731 5407">
     <span class='ocr_line' id='line_1_115' title="bbox 2161 5332 3731 5407; baseline -0.003 -15"><span class='ocrx_word' id='word_1_870' title='bbox 2161 5337 2443 5407; x_wconf 84' lang='lat' dir='ltr'><strong>Dionysius</strong></span> <span class='ocrx_word' id='word_1_871' title='bbox 2470 5336 2661 5391; x_wconf 89' lang='lat' dir='ltr'><strong>similia</strong></span> <span class='ocrx_word' id='word_1_872' title='bbox 2688 5336 2767 5390; x_wconf 90' lang='lat' dir='ltr'><strong>eis</strong></span> <span class='ocrx_word' id='word_1_873' title='bbox 2795 5337 3002 5405; x_wconf 85' lang='lat' dir='ltr'><strong>sapuit,</strong></span> <span class='ocrx_word' id='word_1_874' title='bbox 3030 5337 3351 5389; x_wconf 79' lang='lat' dir='ltr'><strong>Athanasius</strong></span> <span class='ocrx_word' id='word_1_875' title='bbox 3379 5349 3604 5402; x_wconf 75' lang='lat' dir='ltr'><strong>magnus</strong></span> <span class='ocrx_word' id='word_1_876' title='bbox 3626 5332 3731 5387; x_wconf 83' lang='lat' dir='ltr'><strong>Ec-</strong></span> 
     </span>
    </p>
   </div>
   <div class='ocr_carea' id='block_1_116' title="bbox 2161 5424 3731 5492">
    <p class='ocr_par' dir='ltr' id='par_1_116' title="bbox 2161 5424 3731 5492">
     <span class='ocr_line' id='line_1_116' title="bbox 2161 5424 3731 5492; baseline -0.004 -11"><span class='ocrx_word' id='word_1_877' title='bbox 2161 5430 2335 5481; x_wconf 73' lang='lat' dir='ltr'><strong>clesia:</strong></span> <span class='ocrx_word' id='word_1_878' title='bbox 2356 5427 2546 5482; x_wconf 85' lang='lat' dir='ltr'><strong>doctor</strong></span> <span class='ocrx_word' id='word_1_879' title='bbox 2560 5426 2741 5481; x_wconf 84' lang='lat' dir='ltr'><strong>multis</strong></span> <span class='ocrx_word' id='word_1_880' title='bbox 2761 5427 2933 5479; x_wconf 87' lang='lat' dir='ltr'><strong>modis</strong></span> <span class='ocrx_word' id='word_1_881' title='bbox 2946 5425 3180 5479; x_wconf 85' lang='lat' dir='ltr'><strong>ostendit</strong></span> <span class='ocrx_word' id='word_1_882' title='bbox 3201 5426 3253 5478; x_wconf 90' lang='lat' dir='ltr'><strong>in</strong></span> <span class='ocrx_word' id='word_1_883' title='bbox 3284 5424 3516 5492; x_wconf 91' lang='lat' dir='ltr'><strong>scriptis,</strong></span> <span class='ocrx_word' id='word_1_884' title='bbox 3530 5432 3731 5476; x_wconf 86' lang='lat' dir='ltr'><strong>rectam</strong></span> 
     </span>
    </p>
   </div>
   <div class='ocr_carea' id='block_1_117' title="bbox 2161 5513 3733 5589">
    <p class='ocr_par' dir='ltr' id='par_1_117' title="bbox 2161 5513 3733 5589">
     <span class='ocr_line' id='line_1_117' title="bbox 2161 5513 3733 5589; baseline -0.005 -18"><span class='ocrx_word' id='word_1_885' title='bbox 2161 5518 2316 5573; x_wconf 69' lang='lat' dir='ltr'><strong>ﬁdem</strong></span> <span class='ocrx_word' id='word_1_886' title='bbox 2335 5518 2646 5589; x_wconf 85' lang='lat' dir='ltr'><strong>Dionysium</strong></span> <span class='ocrx_word' id='word_1_887' title='bbox 2668 5517 2735 5571; x_wconf 87' lang='lat' dir='ltr'><strong>ab</strong></span> <span class='ocrx_word' id='word_1_888' title='bbox 2756 5517 2910 5571; x_wconf 90' lang='lat' dir='ltr'><strong>initio</strong></span> <span class='ocrx_word' id='word_1_889' title='bbox 2938 5517 3279 5587; x_wconf 70' lang='lat' dir='ltr'><strong>prtcdicasse,</strong></span> <span class='ocrx_word' id='word_1_890' title='bbox 3297 5514 3554 5582; x_wconf 86' lang='lat' dir='ltr'><strong>nulloque</strong></span> <span class='ocrx_word' id='word_1_891' title='bbox 3575 5513 3733 5565; x_wconf 90' lang='lat' dir='ltr'><strong>modo</strong></span> 
     </span>
    </p>
   </div>
   <div class='ocr_carea' id='block_1_118' title="bbox 2161 5600 3734 5678">
    <p class='ocr_par' dir='ltr' id='par_1_118' title="bbox 2161 5600 3734 5678">
     <span class='ocr_line' id='line_1_118' title="bbox 2161 5600 3734 5678; baseline -0.004 -18"><span class='ocrx_word' id='word_1_892' title='bbox 2161 5608 2479 5678; x_wconf 89' lang='lat' dir='ltr'><strong>participem</strong></span> <span class='ocrx_word' id='word_1_893' title='bbox 2512 5606 2721 5660; x_wconf 74' lang='lat' dir='ltr'><strong>Ariana:</strong></span> <span class='ocrx_word' id='word_1_894' title='bbox 2750 5605 3040 5674; x_wconf 84' lang='lat' dir='ltr'><strong>impietatis</strong></span> <span class='ocrx_word' id='word_1_895' title='bbox 3066 5604 3246 5659; x_wconf 87' lang='lat' dir='ltr'><strong>fuisse.</strong></span> <span class='ocrx_word' id='word_1_896' title='bbox 3296 5603 3387 5657; x_wconf 77' lang='lat' dir='ltr'><strong>Isti</strong></span> <span class='ocrx_word' id='word_1_897' title='bbox 3418 5610 3597 5657; x_wconf 86' lang='lat' dir='ltr'><strong>autem</strong></span> <span class='ocrx_word' id='word_1_898' title='bbox 3625 5600 3734 5654; x_wconf 75' lang='lat' dir='ltr'><strong>lue-</strong></span> 
     </span>
    </p>
   </div>
   <div class='ocr_carea' id='block_1_119' title="bbox 2160 5694 3729 5769">
    <p class='ocr_par' dir='ltr' id='par_1_119' title="bbox 2160 5694 3729 5769">
     <span class='ocr_line' id='line_1_119' title="bbox 2160 5694 3729 5769; baseline -0.007 -16"><span class='ocrx_word' id='word_1_899' title='bbox 2160 5699 2327 5753; x_wconf 86' lang='lat' dir='ltr'><strong>retica</strong></span> <span class='ocrx_word' id='word_1_900' title='bbox 2354 5698 2644 5769; x_wconf 86' lang='lat' dir='ltr'><strong>sapientes,</strong></span> <span class='ocrx_word' id='word_1_901' title='bbox 2665 5711 2812 5752; x_wconf 86' lang='lat' dir='ltr'><strong>suam</strong></span> <span class='ocrx_word' id='word_1_902' title='bbox 2840 5696 3167 5765; x_wconf 82' lang='lat' dir='ltr'><strong>impietatem</strong></span> <span class='ocrx_word' id='word_1_903' title='bbox 3192 5695 3364 5751; x_wconf 86' lang='lat' dir='ltr'><strong>eidem</strong></span> <span class='ocrx_word' id='word_1_904' title='bbox 3394 5694 3600 5765; x_wconf 81' lang='lat' dir='ltr'><strong>synodo</strong></span> <span class='ocrx_word' id='word_1_905' title='bbox 3634 5705 3729 5759; x_wconf 74' lang='lat' dir='ltr'><strong>ap~</strong></span> 
     </span>
    </p>
   </div>
   <div class='ocr_carea' id='block_1_120' title="bbox 571 5870 2283 5944">
    <p class='ocr_par' dir='ltr' id='par_1_120' title="bbox 571 5870 2283 5944">
     <span class='ocr_line' id='line_1_120' title="bbox 571 5870 2283 5944; baseline 0.002 -14"><span class='ocrx_word' id='word_1_906' title='bbox 571 5874 587 5907; x_wconf 83' lang='lat'>‘</span> <span class='ocrx_word' id='word_1_907' title='bbox 627 5871 753 5930; x_wconf 68' lang='lat' dir='ltr'><strong>[hac</strong></span> <span class='ocrx_word' id='word_1_908' title='bbox 776 5872 967 5926; x_wconf 85' lang='lat' dir='ltr'><strong>absunt</strong></span> <span class='ocrx_word' id='word_1_909' title='bbox 991 5886 1024 5927; x_wconf 89' lang='lat' dir='ltr'><strong>a</strong></span> <span class='ocrx_word' id='word_1_910' title='bbox 1061 5887 1159 5928; x_wconf 87' lang='lat' dir='ltr'><strong>ms.</strong></span> <span class='ocrx_word' id='word_1_911' title='bbox 1193 5870 1514 5927; x_wconf 75' lang='lat' dir='ltr'><strong>Bobieriano</strong></span> <span class='ocrx_word' id='word_1_912' title='bbox 1537 5880 1655 5937; x_wconf 57' lang='grc' dir='ltr'>..οι</span> <span class='ocrx_word' id='word_1_913' title='bbox 1697 5872 1838 5944; x_wconf 89' lang='lat' dir='ltr'><strong>apud</strong></span> <span class='ocrx_word' id='word_1_914' title='bbox 1880 5870 2283 5933; x_wconf 79' lang='lat' dir='ltr'><strong>Leundavium.</strong></span> 
     </span>
    </p>
   </div>
  </div>
