4108 6456
350 404 485 468 1025

1384 422 1612 483 LIBER
1657 424 2053 487 ADVERSUS
2094 429 2519 489 ORIGENEM.

3455 441 3593 507 1026

344 537 444 608 ἀρά
486 543 589 597 τοῖς
618 537 688 596 εἰς
716 541 938 613 πατέρας
972 537 1335 612 ἁμαρτάνωσι,
1371 540 1595 597 διδάσκει
1625 546 1757 614 ἡμᾶς
1787 547 1869 598 καί
1895 546 1913 600 ἦ

2029 543 2227 611 plicare
2266 542 2537 599 festinant.
2571 548 2751 613 Qualis
2780 541 2955 605 auteTn
2987 561 3068 606 est
3097 553 3472 608 condemnatio
3492 599 3507 620 ,
3540 566 3597 611 et

344 628 450 679 θεία
476 631 661 699 γραφή·
690 632 749 680 Εἰ
779 630 876 702 γὰρ
904 632 1019 699 Χάμ
1048 629 1073 684 ὁ
1105 632 1213 691 υίὸς
1240 638 1327 687 τοῦ
1357 640 1458 687 Νῶε
1488 634 1795 703 θεασάμενος
1820 656 1917 705 γυ-

343 718 460 785 μνὸν
486 718 568 770 τὸν
594 715 717 771 ἴδιον
743 721 964 793 πατέρα,
1005 723 1090 774 καί
1127 726 1195 793 μή
1218 722 1447 792 καλύψας
1483 728 1572 781 τήν
1605 730 1696 777 τοῦ
1726 725 1919 800 πατρὸς

344 817 638 881 σωματικήν
689 815 971 883 γύμνωσιν,
1016 815 1215 879 ἐξελθὼν
1263 818 1519 889 ἐπήγγειλε
1576 820 1764 876 ταύτην
1811 826 1919 878 τοῖς

342 902 586 976 ἀδελφοῖς,
616 909 699 959 καὶ
730 908 906 962 έκεῖνοι
934 908 1117 977 ίματίῳ
1140 908 1329 967 ταύτην
1356 912 1792 985 περιεσκὲπασαν,
1821 915 1921 965 αὺ-

340 998 428 1054 ra:
458 995 511 1050 δέ
536 998 653 1065 Χάμ
674 1002 758 1052 καί
785 999 830 1051 οἱ
860 1000 912 1063 ἐξ
936 1001 1093 1054 αὐτοῦ
1128 1002 1439 1071 γεννηθέντες
1468 1003 1567 1055 ύπό
1594 1003 1817 1074 κατάραν
1841 1021 1921 1074 γε·

338 1087 565 1157 γόνασιν,
596 1089 640 1140 οἶ
664 1085 718 1141 δέ
742 1093 1093 1152 σκεπάσαντες
1119 1093 1344 1162 εὐλογίας
1372 1092 1589 1164 μεγάλης
1612 1093 1915 1155 ἠξιώθησαν·

337 1176 503 1250 πολλῷ
522 1178 703 1242 μᾶλλον
727 1176 865 1234 οὗτοι
884 1184 1105 1252 μείζονος
1128 1183 1213 1234 καί
1234 1179 1309 1235 ἔτι
1328 1182 1549 1242 πλείονος
1572 1185 1918 1257 κατακρίσεόκ·

338 1272 463 1321 εἰσιν
497 1266 649 1334 ἄξιοι,
678 1271 724 1324 οί
764 1278 854 1331 τήν
894 1272 1138 1343 μηδαμῶς
1160 1279 1455 1347 προσοῦσαν
1483 1275 1683 1343 ἀτιμίαν
1707 1282 1769 1347 τῇ
1794 1294 1917 1328 συν-

338 1356 434 1428 ὁδῳ
471 1357 845 1423 σπουδάζοντες
889 1360 974 1415 διὰ
1011 1370 1103 1421 τῆς
1128 1362 1364 1421 ἀσεϐείας
1406 1371 1495 1421 τῆς
1535 1363 1803 1422 ἐπιστολῆς
1838 1366 1917 1418 καί

337 1447 595 1516 Θεοδώρου
620 1454 919 1526 περιάπτειν
949 1455 1098 1528 αὐτῇ.
1129 1451 1249 1508 Ἀλλ’
1275 1454 1332 1507 οῦ
1363 1451 1446 1507 διὰ
1471 1459 1619 1509 τοῦτο
1658 1456 1689 1512 ἠ
1726 1456 1916 1514 ἀσεϐὴς

337 1542 593 1603 ἐπιστολή.
617 1543 646 1600 ἦ
674 1544 721 1596 οί
739 1547 931 1604 ταύτης
951 1543 1350 1614 ἀντιποιούμενοι
1378 1546 1689 1616 ἐκφεύξονται
1718 1550 1807 1603 τήν
1833 1547 1915 1598 ἐπὶ

333 1642 394 1705 τῇ
421 1636 582 1689 αὐτῶν
612 1637 823 1710 ἀσεϐείᾳ
847 1639 1159 1712 κατάκρισιν.
1190 1635 1307 1691 Ἀλλ’
1330 1635 1443 1691 οὐδέ
1469 1635 1728 1706 Θεόδωρος
1749 1636 1774 1691 ὁ
1794 1634 1914 1690 Ἐλη

334 1724 481 1784 ληνάς
517 1745 571 1780 τε
622 1729 706 1779 καί
750 1724 1024 1787 Ἰουδαίους
1048 1732 1131 1782 καὶ
1174 1733 1366 1787 πάντας
1406 1727 1678 1801 αἱρετικοῦς
1708 1734 1769 1802 τῇ
1790 1729 1916 1781 ἀσεο

336 1814 446 1894 εείᾳ
474 1814 922 1888 ὑπερϐαλλόμενος.
953 1811 1115 1875 Οὗτος
1141 1818 1239 1892 γάρ
1268 1835 1340 1890 πρ
1373 1837 1398 1875 ς
1431 1823 1540 1875 ταῖς
1570 1812 1740 1876 ἄλλαις
1759 1817 1909 1871 αὐτοῦ

2025 634 2198 703 qualis
2239 635 2479 690 imminet
2504 640 2808 696 maledictio
2837 642 2915 696 eis
2939 644 3027 712 qui
3054 644 3106 697 in
3136 642 3323 698 Patres
3350 656 3593 714 peccant,

2023 725 2182 780 docet
2206 742 2304 781 nos
2332 734 2386 782 et
2424 727 2600 783 divina
2630 730 2927 801 Scriptura.
2979 733 3035 788 Si
3064 736 3205 788 enim
3248 735 3414 791 Cham
3458 739 3595 793 tilius

2024 815 2135 870 Noe
2180 815 2389 885 (Cenes.
2433 820 2509 887 ix)
2558 836 2679 875 cum
2713 822 2932 877 vidisset
2957 824 3156 877 nudum
3182 841 3334 879 suum
3364 836 3592 894 patrem,

2021 908 2272 974 quoniam
2297 924 2404 962 non
2426 911 2708 978 cooperuit
2734 913 2899 980 patris
2919 915 3253 982 corporalem
3278 916 3592 980 nuditatem,

2021 997 2114 1051 sed
2144 1012 2393 1065 egressus
2423 1001 2687 1054 nuntiavit
2714 1017 2832 1055 eam
2881 1003 3162 1068 fratribus,
3213 1014 3268 1059 et
3313 1006 3385 1059 illi
3427 1009 3597 1062 vesti-

2021 1094 2202 1140 mento
2214 1102 2333 1141 eam
2350 1097 2764 1157 cooperucrunt,
2783 1090 2897 1159 ipse
2908 1090 3121 1157 quidem
3136 1091 3325 1156 Cham,
3344 1103 3399 1147 et
3414 1094 3487 1148 illi
3498 1094 3590 1162 qui

2021 1193 2085 1231 ex
2117 1178 2234 1247 ipso
2260 1181 2372 1233 nati
2400 1186 2545 1245 sunt,
2595 1180 2692 1233 sub
2736 1180 3109 1234 maledic-tione
3138 1181 3259 1235 facti
3289 1192 3411 1237 sunt
3436 1201 3451 1249 ;
3499 1186 3592 1254 qui

2020 1274 2198 1320 autem
2220 1276 2634 1336 cooperuerunt,
2662 1282 2908 1336 magnam
2935 1269 3359 1325 benedictionem
3382 1288 3594 1327 merue—

2020 1367 2144 1411 runt
2192 1375 2205 1410 :
2248 1359 2418 1412 multo
2457 1358 2627 1427 magis
2668 1359 2757 1414 isti
2786 1358 2988 1427 majore
3028 1370 3084 1413 et
3110 1360 3367 1430 ampliore
3396 1363 3595 1417 conde-

2020 1450 2294 1505 mnatione
2318 1450 2461 1518 digni
2503 1458 2646 1514 sunt,
2692 1452 2783 1519 qui
2809 1451 2876 1505 ad
2903 1454 3161 1521 synodum
3188 1455 3408 1509 minime
3430 1456 3597 1523 perti-

2019 1548 2236 1592 nentem
2259 1539 2550 1605 infamiam,
2569 1540 2823 1595 festinant
2848 1555 2946 1609 per
2971 1541 3302 1610 impietatem
3331 1545 3591 1613 epistolzn,

2018 1639 2074 1685 et
2119 1629 2415 1696 Theodori,
2463 1632 2639 1686 eidem
2684 1642 2886 1687 sanctae
2914 1633 3121 1702 synodo
3148 1636 3436 1704 applicare.
3486 1634 3596 1690 Sed

2020 1735 2128 1774 non
2158 1720 2277 1775 ideo
2308 1722 2468 1789 impia
2491 1722 2746 1791 epistola,
2775 1722 2860 1777 vel
2890 1722 3242 1777 defendentes
3270 1740 3421 1792 eam,
3463 1742 3599 1779 conv

2018 1809 2414 1865 damnationem
2464 1827 2570 1865 sua:
2612 1813 2905 1881 impietatis
2945 1812 3201 1880 eﬂ‘ugient
3243 1829 3256 1866 :
3297 1813 3391 1868 sed
3421 1829 3596 1883 nequc

331 1902 674 1975 βλασφημίαις
699 1907 784 1958 οὐκ
807 1909 1014 1981 ἠρκέσῦη
1042 1914 1115 1978 τῷ
1140 1908 1268 1981 πρὸς
1288 1912 1375 1964 τήν
1404 1904 1532 1960 ἰδίαν
1566 1906 1748 1963 πλάνην
1775 1926 1908 1980 παρ-

2017 1895 2361 1965 Theodorus,
2397 1901 2488 1968 qui
2530 1914 2766 1970 paganos
2792 1912 2847 1955 et
2874 1901 3103 1969 Iudaeos,
3132 1911 3187 1956 et
3212 1918 3403 1957 omnes
3432 1905 3595 1957 luere-

333 2001 642 2064 ερμηνεῦσαι
670 1996 729 2048 τὸ
765 1997 1017 2068 σύμϐολον
1056 2005 1156 2052 τῶν
1182 2001 1484 2071 τριακοσίων
1513 1992 1632 2051 δέκα
1674 2000 1756 2051 καί
1783 2000 1911 2053 ὀκτώ

331 2083 486 2154 ἁγίων
524 2087 786 2156 πατέρων.
818 2086 941 2140 ἀλλά
982 2089 1064 2140 καί
1098 2092 1472 2162 περιφρονήσας
1513 2089 1696 2142 τούτου
1722 2087 1910 2160 ,ἕτερον

332 2176 586 2245 σύμϐολον
616 2177 802 2239 ἐξέθετο
841 2178 1013 2237 πάσης
1048 2180 1289 2238 ἀσειῗείας
1334 2179 1755 2254 πεπληρωμένον,
1796 2183 1847 2232 ἐν

330 2266 689 2333 ἀναθεματίσαι
723 2267 845 2326 τοὺς
893 2266 1077 2342 έτέρως
1125 2274 1445 2343 φρονοῦντας.
1473 2268 1504 2327 ἦ
1540 2266 1911 2345 παραδιδόντας

330 2354 620 2425 ἐτόλμησεν*
650 2355 782 2409 ὥστε
826 2354 943 2409 ὅσον
978 2359 1108 2412 κατά
1148 2364 1237 2416 τὴν
1274 2359 1467 2412 ἐκείνων
1502 2363 1683 2429 μανίαν
1715 2362 1911 2423 πάντας

329 2448 445 2504 τοὺς
490 2444 668 2515 ἀσκίους
705 2442 1037 2510 ἀποστόλους,
1084 2451 1170 2501 καί
1216 2450 1444 2521 πατέρας
1487 2452 1871 2525 κατακεκρίσθαι
1893 2466 1908 2481 ·

330 2540 474 2589 τοῦτο
515 2534 572 2589 δέ
610 2537 669 2589 τὸ
709 2537 891 2596 ἀσεϐές
921 2536 1181 2612 Θεοδώρου
1219 2538 1473 2610 σύμϐολον
1515 2544 1595 2595 καί
1624 2543 1673 2595 ἰν
1710 2551 1771 2616 τῇ
1802 2542 1911 2597 κατ’

328 2619 535 2695 Ἔφεσον
579 2628 757 2700 πρώτῃ
786 2626 983 2682 συνόδω
1021 2631 1378 2701 προκομισθίν,
1424 2634 1511 2686 καί
1562 2633 1611 2686 ἐν
1643 2632 1913 2691 Χαλκηδόνι

329 2719 641 2789 ἀναγνωσθίν
668 2719 745 2792 ὑφ’
772 2720 1014 2798 ἑκατέρας
1042 2720 1258 2778 συνόδου
1288 2726 1419 2793 μετά
1440 2728 1527 2779 τοῦ
1549 2726 1808 2796 ἐκθεμένου
1830 2730 1914 2781 καί

327 2816 424 2862 τῶν
452 2807 729 2879 δεξαμένων
756 2812 883 2865 αὐτὸ
909 2813 1193 2884 κατεκρίθη.

393 3073 596 3136 Ἐπιεδή
640 3075 693 3131 δέ
732 3097 862 3140 τινες
888 3078 973 3134 τὸν
1001 3078 1132 3153 ύπέρ
1159 3080 1416 3153 Θεοδώρου
1445 3080 1587 3152 λόγον
1625 3084 1913 3149 ποιούμενοι

329 3168 704 3245 προφερομένων
727 3175 827 3223 τῶν
854 3171 1055 3224 ἀσεϐῶν
1076 3172 1231 3225 αὐτοῦ
1260 3173 1673 3245 συγγραμμάτων
1710 3171 1791 3227 διὰ
1822 3180 1912 3232 τήν

2016 1989 2152 2043 ticos
2192 1991 2469 2059 impietate
2508 2004 2749 2061 superat.
2794 1992 2964 2062 lmpio
2995 1995 3137 2049 enim
3175 1994 3461 2049 Theodoro
3486 2012 3593 2050 non

2014 2079 2225 2134 suil‘ecit
2251 2096 2414 2151 super
2440 2083 2574 2136 alias
2610 2082 2726 2151 ejus
2761 2084 3122 2154 blasphemias
3158 2086 3224 2140 ad
3253 2102 3404 2141 suum
3441 2103 3596 2141 erro-

2017 2185 2129 2224 rem
2160 2171 2299 2226 male
2328 2172 2667 2242 interpretari
2687 2175 2989 2244 symbolum
3018 2185 3376 2231 trecentorum
3403 2178 3592 2234 decem

2014 2270 2067 2314 et
2088 2269 2210 2316 octo
2238 2272 2548 2317 sanctorum
2580 2262 2821 2329 Patrum,
2863 2265 2957 2319 sed
2984 2266 3147 2320 etiam
3166 2277 3478 2338 contempto
3498 2285 3586 2334 eo,

2013 2351 2157 2406 aliud
2185 2353 2488 2422 symbolum
2518 2355 2769 2422 exposuit
2796 2356 2942 2410 omni
2972 2344 3245 2426 impietate
3273 2359 3506 2428 plenum,
3537 2362 3594 2415 in

2012 2456 2121 2509 quo
2149 2443 2610 2499 anathematizare
2650 2460 2811 2499 ausus
2840 2454 2923 2501 est
2948 2462 3043 2502 eos
3082 2448 3175 2517 qui
3205 2449 3361 2503 aliter
3379 2450 3593 2519 sapiunt

2012 2536 2098 2591 vel
2129 2536 2363 2602 tradunt,
2392 2545 2470 2605 ut,
2501 2547 2759 2607 quantum
2782 2539 2848 2593 ad
2876 2539 3017 2595 illius
3045 2541 3308 2596 insaniam
3338 2545 3591 2613 pertinet,

2013 2641 2202 2681 omnes
2225 2628 2395 2681 sancti
2413 2630 2645 2697 apostoli
2669 2638 2724 2684 et
2741 2627 2927 2684 Patres
2949 2632 3456 2688 condemnarentur.
3480 2633 3596 2690 Hoc

2012 2723 2195 2770 autem
2224 2714 2493 2771 Theodori
2524 2718 2743 2788 impium
2776 2719 3078 2789 symbolum
3120 2729 3177 2775 et
3222 2723 3277 2777 in
3324 2721 3594 2793 Ephesina

2013 2806 2186 2875 prima
2226 2806 2434 2876 synodo
2459 2807 2750 2877 prolatum,
2783 2817 2839 2863 et
2868 2808 2920 2862 in
2948 2806 3376 2865 Chalcedonensi
3404 2814 3601 2867 recita-

2014 2906 2149 2961 tum,
2179 2898 2246 2952 ab
2273 2906 2498 2967 utraque
2526 2901 2734 2971 synodo
2758 2916 2879 2956 cum
2904 2901 3021 2969 ejus
3049 2903 3391 2972 expositore,
3436 2914 3491 2959 et
3518 2906 3599 2961 eis

2014 2989 2107 3059 qui
2133 2988 2263 3043 illud
2292 2991 2622 3060 suscipiunt,
2653 2992 3067 3048 condemnatum
3096 3003 3196 3049 est.

2087 3077 2350 3145 Quoniam
2381 3087 2560 3134 autem
2592 3081 2838 3149 quidam,
2883 3083 3049 3137 verba
3079 3099 3177 3153 pro
3203 3083 3489 3143 Theodoro
3515 3090 3597 3143 fa-

2016 3165 2243 3232 cientes,
2266 3183 2386 3222 cum
2417 3167 2765 3238 proferuntur
2790 3172 2952 3240 impia
2983 3171 3099 3240 ejus
3127 3176 3451 3246 conscripta,
3480 3194 3602 3247 pro-

330 3258 542 3312 ἐνοῦσαν
592 3260 769 3319 αὐτοῖς
805 3260 1120 3335 βλασφημίαν
1163 3267 1565 3334 προσποιοῦνται
1607 3265 1696 3334 μὲν
1728 3264 1909 3335 λέγειν,

2016 3268 2137 3326 pter
2183 3257 2441 3313 insertam
2479 3260 2558 3313 eis
2592 3259 2983 3329 blasphemiam
3030 3261 3344 3333 confingunt
3380 3268 3599 3335 quidem

329 3348 405 3401 ὃτι
429 3348 595 3406 ἀσεϐῆ
622 3355 792 3404 ταῦτα
832 3353 1101 3422 τυγχάνει,
1130 3352 1276 3406 αὐτὸν
1315 3350 1368 3406 δέ
1406 3354 1494 3408 τὸν
1518 3352 1753 3411 τοιαύτην
1787 3355 1912 3408 ἀσέ-

330 3439 465 3491 ϐειαν
495 3441 805 3508 έξεμέσαντα
832 3447 1197 3515 παραιτοῦνται
1239 3442 1633 3513 ἀναθεματίζειν,
1656 3443 1912 3517 θαυμάζο-

327 3551 415 3600 μεν
440 3538 537 3591 τὴν
566 3538 760 3588 τούτων
789 3530 978 3597 ἄνοιαν,
1012 3532 1088 3588 ὅτι
1115 3542 1175 3609 τῇ
1203 3537 1308 3608 θείᾳ
1340 3536 1589 3605 τολμῶσιν
1621 3538 1913 3592 ἐναντιοῦσ-

326 3628 402 3679 θαι
427 3634 600 3700 γραφῇ
623 3633 843 3700 φανερῶς
867 3629 1109 3698 λεγούσῃ,
1135 3623 1213 3680 ὅτι
1239 3643 1258 3676 ε
1282 3627 1329 3678 ἐν
1352 3626 1445 3697 ἴσῳ
1472 3629 1663 3698 μισητὰ
1689 3636 1796 3700 Θεῷ
1830 3630 1915 3682 καί

328 3714 353 3769 ὃ
376 3717 581 3770 ἀσεϐῶν
603 3718 688 3769 καί
708 3718 739 3773 ἡ
760 3717 961 3770 ἀσέϐεια
984 3719 1159 3770 αὐτοῦ.
1185 3734 1202 3766 ι
1238 3719 1325 3770 Καί
1352 3718 1448 3791 γὰρ
1475 3718 1534 3771 τὸ
1562 3719 1797 3791 πραχθέν
1822 3722 1915 3772 σῦν

326 3816 394 3876 τῷ
432 3807 686 3883 δράσαντι
725 3809 1097 3864 κολασθήσεται.
1134 3809 1188 3862 Εἰ
1217 3806 1269 3861 δέ
1297 3805 1480 3879 ὁμοίως
1595 3810 1747 3863 αὐτοῦ
1788 3810 1911 3863 ἀσε-

325 3896 434 3972 ϐείᾳ
461 3899 680 3970 μισητός
706 3905 814 3969 Θεῷ
842 3900 925 3951 καί
950 3897 975 3951 ὁ
1004 3896 1225 3964 ἀσεϐῶν,
1263 3894 1511 3974 πρόδηλον
1540 3901 1607 3957 ὡς
1635 3898 1661 3952 ὁ
1687 3906 1915 3959 τοιοῦτος

324 3993 640 4063 κεχώρισται
661 3998 752 4043 τοῦ
779 3996 929 4051 Θεοῦ,
958 3993 1043 4044 καὶ
1068 3997 1141 4061 τῷ
1164 3991 1437 4059 ἀναθέματι
1465 3988 1669 4050 δικαίως
1696 3991 1915 4045 ὑποϐάλ-

323 4077 477 4135 λεται.
515 4081 581 4134 Τὸ
603 4084 701 4154 γάρ
726 4080 949 4151 ἀνάθεμα
988 4080 1128 4135 οὐδέν
1157 4082 1327 4156 ἕτερον
1358 4086 1607 4151 σημαίνει,
1637 4082 1666 4140 ἧ
1702 4083 1786 4137 τὸν
1814 4082 1913 4137 ἀπὸ

325 4176 410 4223 τοῦ
433 4177 567 4226 Θεοῦ
597 4172 883 4247 χωρισμὸν,
916 4174 984 4231 ὡς
1010 4172 1061 4225 ἐν
1101 4179 1164 4245 τῇ
1193 4172 1384 4243 παλαιᾷ
1407 4176 1484 4226 καί
1522 4180 1666 4241 καινῇ
1707 4171 1912 4247 διαθήκῃ

325 4261 379 4313 τὸ
406 4262 643 4336 περὶτοῦ
682 4260 989 4332 ἀναθέματος
1027 4267 1190 4332 κρῖμα
1228 4258 1391 4318 δηλοῖ.
1414 4258 1528 4315 Ὀτι
1569 4259 1621 4315 δὲ
1668 4260 1694 4314 ὁ
1740 4263 1913 4338 κύριος

325 4355 441 4411 τούς
469 4357 544 4424 μή
577 4348 725 4411 ὄντας
762 4352 812 4405 ἐν
836 4358 909 4424 τῷ
933 4352 1270 4412 τῆςλᾶληθείας
1301 4353 1456 4405 αὐτοῦ
1482 4352 1635 4425 λίνῳ,
1662 4372 1914 4423 κεχωρισ-

322 4443 503 4514 μένους
551 4437 677 4496 εἶναι
725 4441 853 4513 λέγει
880 4451 970 4501 τῆς
1018 4442 1298 4505 ἐκκλησίας,
1345 4443 1394 4496 ἐν
1431 4450 1503 4515 τῷ
1532 4445 1663 4498 κατά
1688 4441 1914 4501 Ἰωάννην

327 4534 599 4606 εὐαγγελίῳ
621 4535 751 4607 πρὸς
778 4536 898 4593 τούς
925 4531 1203 4593 Ἰουδαίους
1230 4531 1571 4607 διαλεγόμενος
1598 4534 1731 4589 οὕτω
1772 4540 1905 4607 φησί’

2018 3350 2197 3406 dicere
2222 3350 2367 3419 quod
2398 3351 2558 3421 impia
2587 3361 2739 3416 sunt,
2771 3352 2942 3422 ipsum
2973 3363 3150 3409 autem
3191 3357 3283 3424 qui
3312 3356 3470 3411 talem
3500 3358 3602 3411 im-

2018 3441 2272 3512 pietatem
2303 3442 2569 3508 evomuit,
2620 3452 2869 3498 recusant
2897 3445 3357 3501 anathematizare
3388 3464 3402 3500 :
3434 3448 3601 3501 mira-

2017 3549 2138 3587 mur
2164 3548 2352 3588 eorum
2375 3532 2723 3596 dementiam,
2751 3533 2899 3603 quod
2924 3534 3117 3589 divinae
3146 3536 3434 3605 Scriptum
3462 3554 3599 3591 con-

2015 3623 2178 3677 traria
2211 3628 2394 3691 agunt,
2428 3621 2707 3677 evidenter
2735 3623 2953 3689 dicenti,
2987 3623 3112 3691 quia
3140 3626 3407 3694 aequaliter
3436 3627 3600 3682 horri-

2017 3713 2143 3767 bilia
2171 3722 2291 3766 sunt
2319 3712 2458 3782 apud
2498 3710 2665 3765 Deum
2692 3715 2881 3782 impius
2928 3724 2978 3768 et
3006 3716 3244 3785 impietas
3284 3717 3396 3786 ejus
3424 3717 3598 3789 (Sap.

2017 3805 2151 3873 xw).
2183 3802 2341 3859 Actio
2380 3803 2525 3859 enim
2564 3818 2686 3858 cum
2715 3813 2935 3859 auctore
2964 3804 3190 3877 [actore]
3234 3809 3520 3875 punietur:
3552 3809 3623 3863 si“

2017 3906 2195 3953 autem
2220 3897 2467 3953 similiter
2490 3897 2749 3968 impietati
2776 3898 3047 3953 horribilis
3066 3908 3149 3954 est
3172 3900 3283 3954 Deo
3309 3909 3365 3954 et
3392 3900 3480 3954 ille
3503 3901 3604 3968 qui-

2017 3990 2177 4059 impie
2205 3990 2335 4059 agit,
2362 3998 2513 4045 certe
2540 3998 2819 4059 separatus
2844 3999 2927 4045 est
2953 3989 3075 4046 talis
3094 4006 3125 4045 a
3146 3989 3277 4054 Deo,
3296 3998 3353 4044 et
3376 3991 3603 4045 anathec

2014 4081 2144 4135 mati
2172 4080 2330 4150 ~juste
2372 4080 2672 4150 subjicitur.
2701 4080 3001 4135 Anathema
3030 4082 3172 4135 enim
3201 4082 3331 4135 nihil
3356 4082 3497 4136 aliud
3526 4084 3607 4137 si-

2014 4172 2260 4242 gnificat‘,
2294 4171 2394 4226 nisi
2423 4187 2451 4225 a
2485 4171 2594 4227 Deo
2622 4171 3021 4241 separationem
3042 4217 3055 4239 ,
3084 4173 3221 4227 sicut
3256 4172 3308 4226 in
3336 4172 3519 4227 Veteri
3543 4180 3601 4229 et

2014 4263 2164 4319 Novo
2191 4260 2536 4319 Testamento
2559 4263 2909 4331 judicium‘de
2936 4264 3278 4318 anathemate
3306 4262 3598 4332 signiﬁcat.

2015 4354 2169 4421 Quod
2199 4364 2379 4409 autem
2403 4361 2461 4408 et
2489 4353 2748 4407 Dominus
2774 4367 2872 4407 eos
2909 4352 2998 4423 qui
3029 4368 3137 4407 non
3179 4362 3499 4423 permanent
3542 4354 3603 4409 in

2012 4444 2180 4499 verbo
2208 4443 2449 4498 veritatis
2499 4442 2701 4511 ipsius,
2760 4449 3040 4511 separatos
3076 4456 3197 4496 esse
3245 4442 3313 4496 ab
3354 4440 3601 4497 Ecclesia

2012 4535 2165 4603 dicit,
2194 4534 2246 4588 in
2275 4532 2566 4601 Evangelia
2593 4532 2887 4586 secundum
2912 4529 3174 4585 Joannem
3202 4529 3417 4586 Judaeos
3456 4530 3597 4586 allo-

332 4639 350 4673 ι
376 4631 475 4688 Πᾶς
496 4625 694 4680 ὃποιῶν
721 4630 811 4682 τήν
833 4624 1085 4695 ἁμαρτίαν
1106 4622 1280 4683 δοῦλός
1309 4626 1420 4679 ἐστι
1446 4632 1538 4685 τῆς
1565 4623 1840 4699 ἁμαρτίας.
1862 4637 1913 4680 Ὁ

2020 4641 2212 4697 quens,
2252 4624 2331 4680 sic
2351 4624 2429 4677 ait
2468 4640 2483 4677 ;
2529 4622 2712 4676 Omnis
2736 4621 2824 4691 qui
2852 4621 2978 4692 facit
3003 4629 3286 4690 peccatum,
3318 4638 3492 4675 servus
3520 4632 3606 4678 εει

329 4713 377 4769 δέ
404 4714 582 4776 δοῦλος
604 4719 660 4768 οῦ
689 4717 822 4781 μένει
842 4717 891 4770 ἰν
918 4722 980 4789 τῇ
1001 4714 1133 4789 οἰκίᾳ
1161 4718 1231 4776 εἰς
1258 4718 1340 4771 τὸν
1374 4720 1553 4781 αἰῶνα,
1579 4714 1676 4771 ὁδί
1697 4719 1805 4777 υίὸς
1828 4720 1912 4789 μέ-

326 4828 397 4864 νει
423 4812 493 4867 εἰς
522 4809 607 4862 τὸν
628 4812 806 4861 αἰῶνα.
841 4826 858 4857 ι
886 4804 1001 4862 Ὀτι
1028 4804 1081 4861 δέ
1102 4812 1191 4865 τὴν
1207 4808 1350 4881 παρά
1372 4814 1460 4862 τοῦ
1483 4810 1659 4878 κυρίου
1679 4811 1912 4877 ὠνομασ-

327 4902 475 4967 μένην
517 4901 676 4953 οἰκίαν
717 4901 749 4956 ἡ
773 4899 880 4952 θεία
917 4904 1081 4971 γραφὴ
1102 4897 1362 4955 ἐκκλησίαν
1403 4905 1529 4953 Θεοῦ
1552 4903 1732 4963 ζῶντος
1756 4900 1908 4964 καλεῖ,

329 4987 663 5047 ὁάπόστολος
704 4996 959 5063 μαρτυρεῖ
993 4989 1041 5041 ἓν
1074 4995 1136 5062 τῇ
1170 4989 1299 5060 πρὸς
1334 4987 1572 5057 Τιμόθεον
1604 4991 1779 5065 πρώτῃ
1804 4991 1912 5044 ἐπι-

330 5079 505 5154 στολῇ.

394 5172 456 5222 Ei
488 5167 543 5223 δέ
589 5169 793 5241 λέγουσί
837 5187 968 5227 τινες
1005 5173 1073 5239 μή
1113 5165 1215 5221 δεῖν
1254 5163 1509 5241 Θεόδωρον
1539 5169 1669 5236 μετά
1705 5167 1912 5222 θάιατον

328 5260 798 5333 ἀναθεματίζεσθαι,
833 5259 1062 5315 Δἰστωσαθ
1090 5260 1136 5312 οἰ
1164 5259 1246 5314 τὸν
1276 5267 1499 5314 τοιοῦτον
1540 5261 1788 5335 αἱρετικὸν
1828 5261 1910 5312 ἐκ-

329 5350 606 5415 δικοῦντες,
662 5353 731 5412 ὡς
784 5354 889 5410 πᾶς
942 5350 1191 5425 αἰρετικὸς
1234 5353 1398 5425 μέχρι
1447 5350 1617 5410 τέλους
1655 5358 1717 5424 τῇ
1756 5352 1913 5426 οἰκείᾳ

330 5441 492 5514 πλάνῃ
529 5441 769 5511 ἐμμείνας
806 5436 1116 5511 δικαιότερον
1158 5437 1375 5498 διηνεκεῖ
1418 5441 1801 5512 ἀναθεματισμῷ
1830 5443 1913 5497 καί

331 5535 460 5600 μετά
484 5534 694 5587 θάνατον
727 5530 1085 5586 ὑποϐάλλεται.
1127 5533 1228 5585 Καὶ
1246 5536 1398 5585 τοῦτο
1427 5530 1509 5584 ἐπὶ
1539 5530 1742 5589 πολλοῖς
1776 5531 1913 5601 γέγο-

331 5646 409 5680 νεν
436 5626 709 5701 αἱρετικοῐς
731 5624 1091 5700 ἀρχαιοτέροις
1117 5643 1170 5679 τε
1208 5626 1295 5678 καί
1334 5630 1436 5682 τοῖς
1462 5623 1741 5695 ἐγγυτέρωο
1768 5643 1912 5678 τουτ-

332 5720 442 5771 έστι
487 5712 772 5787 Βαλεντίνῳ,
816 5713 1102 5786 ιασιλείδῃ,
1146 5714 1442 5785 Μαρκίωνι,
1471 5714 1720 5787 Κηρίνθῳ,
1751 5724 1908 5766 Μανι-

333 5809 489 5876 χαίῳ,
520 5808 770 5877 Εὗνομίῳ,
796 5808 879 5860 καί
906 5804 1124 5873 Βονόσῳ⁸
1149 5808 1301 5856 τοῦτο
1328 5800 1381 5857 δέ
1404 5802 1526 5857 αὐτὸ
1549 5804 1632 5856 καί
1673 5802 1758 5855 έπί
1785 5810 1908 5855 Θεο-

333 5892 481 5967 ὶώρῳ
508 5895 672 5967 γέγονε
697 5897 779 5948 καί
804 5893 855 5947 ἐν
882 5896 983 5967 ζωῇ
1007 5891 1418 5967 κατηγορηθέντι,
1444 5893 1525 5944 καί
1553 5893 1682 5961 μετά
1706 5891 1911 5946 θάνατον

2017 4716 2231 4785 peccati.
2265 4713 2452 4769 Servus
2472 4720 2641 4765 autem
2669 4727 2771 4764 non
2792 4718 2964 4764 manet
2984 4710 3037 4764 in
3067 4709 3291 4765 domoin
3314 4720 3595 4779 aeternum;

2017 4806 2158 4877 ﬁlius
2187 4814 2355 4859 autem
2381 4811 2647 4873 permanet
2683 4802 2737 4855 in
2763 4811 3013 4856 (sternam
3042 4800 3238 4870 (Joan.
3265 4802 3409 4869 vui).
3442 4802 3601 4869 Quod

2018 4904 2217 4958 autem,
2249 4912 2408 4965 quam
2441 4896 2701 4951 Dominus
2728 4893 2971 4948 nominat
2989 4891 3234 4959 domum,
3255 4893 3432 4948 divina
3458 4895 3602 4949 Scri-

2018 4995 2171 5056 ptura
2222 4985 2512 5041 Ecclesiam
2560 4984 2654 5059 Dei
2686 4983 2790 5037 vivi
2835 4990 3023 5048 vocat,
3051 4979 3341 5051 Apostolus
3368 4991 3599 5037 testatur

2018 5077 2072 5131 in
2101 5076 2339 5146 Epistola
2366 5077 2536 5146 prima
2566 5075 2633 5129 ad
2660 5074 3000 5128 Timotheum
3031 5072 3185 5143 (Cap.
3211 5074 3314 5141 in).

2083 5169 2140 5224 Si
2165 5158 2303 5223 vero
2325 5166 2539 5236 quidam
2562 5165 2777 5229 dicunt,
2827 5180 2936 5218 nou
2963 5170 3219 5232 oportere
3247 5162 3593 5218 Theodorum

2014 5268 2136 5330 post
2156 5267 2385 5313 mortem
2412 5255 2886 5320 anathematizari,
2917 5254 3091 5309 sciant
3113 5253 3205 5321 qui
3235 5253 3394 5307 talem
3422 5254 3591 5329 hare-

2014 5350 2176 5405 ticum
2204 5344 2537 5411 defendunt,
2585 5345 2728 5417 quod
2768 5345 2943 5399 omnis
2985 5343 3269 5398 hmreticus
3315 5358 3481 5412 usque
3521 5345 3590 5398 ad

2018 5438 2177 5494 ﬁnem
2204 5439 2329 5492 vitae
2360 5438 2413 5491 in
2442 5451 2543 5492 suo
2571 5449 2758 5491 errore
2782 5448 3133 5505 permanens,
3160 5433 3304 5502 juste
3332 5444 3591 5503 perpetuo

2014 5527 2342 5584 anathemati
2392 5535 2449 5581 et
2493 5534 2617 5596 post
2654 5533 2883 5579 mortem
2911 5522 3215 5591 subjicitur.
3273 5521 3342 5576 Et
3386 5523 3491 5578 hoc
3539 5524 3591 5578 in

2014 5618 2194 5672 multis
2223 5615 2493 5671 heretici:
2521 5624 2577 5668 et
2605 5611 2998 5681 antiquioribus
3025 5619 3082 5665 et
3126 5610 3469 5681 propioribus
3510 5610 3592 5664 fa-

2012 5717 2156 5762 ctum
2200 5714 2303 5771 est,
2349 5704 2404 5759 id
2434 5713 2516 5759 est
2544 5702 2858 5767 Valentino,
2892 5701 3145 5770 Basilide,
3173 5701 3461 5766 Marcione,
3488 5699 3597 5758 Ce-

2013 5798 2217 5863 rintho,
2251 5794 2568 5858 Manichmo,
2600 5793 2899 5857 Eunomio,
2927 5800 2984 5847 et
3010 5791 3244 5847 Bonoso.
3274 5790 3391 5849 Hoc
3411 5801 3595 5847 autem

2009 5888 2153 5943 idem
2183 5896 2238 5944 et
2262 5887 2318 5943 in
2349 5885 2636 5943 Theodoro
2657 5885 2855 5940 factum
2886 5893 2989 5951 est,
3014 5892 3069 5939 et
3100 5884 3153 5938 in
3181 5884 3291 5939 vita
3313 5891 3589 5952 accusata,
