4108 6490
425 447 554 511 11127

1697 443 2133 504 JUS’I'lNlANl
2183 441 2334 500 1MP.

3528 427 3664 491 10:28

423 579 854 644 ἀναθεματισοέντι
882 578 981 631 ὑπὸ
1009 583 1106 630 τῶν
1135 575 1286 644 άγίων
1307 575 1557 644 πατέρων.
1587 567 1670 628 Οἷς
1701 571 1743 622 εἰ
1772 571 1838 636 μή
1869 565 1982 638 pm;-
2012 600 2020 620 ι

2121 569 2140 610 ι
2178 567 2298 626 post
2336 565 2558 609 nortem
2589 554 3038 608 anathematizato
3079 569 3108 606 a
3144 552 3342 605 sanctis
3381 548 3648 612 Patribus,

425 709 591 745 towat
631 690 885 742 πείθεσθαι
907 691 973 746 ὡς
1007 688 1242 760 αἱρετικοί
1281 687 1325 738 οἱ
1353 705 1537 739 τουτου
1569 677 1984 749 ἀντιποιούμενοι,

427 790 482 849 τῇ
519 786 640 851 γοῦν
687 777 808 850 παρ’
853 779 1013 831 αὐτῶν
1058 775 1372 847 ἐκδικουμένῃ
1410 774 1588 828 ἀσεϐεῖ
1615 771 1854 841 ἐπιστολῇ
1901 790 1988 822 πι-

420 872 808 931 στευσάτωσαν,
836 870 945 927 ἥτις
973 873 1017 921 εἰ
1051 871 1133 921 καὶ
1170 869 1233 922 τά
1258 868 1477 935 μάλιστα
1498 863 1748 937 Θεόδωρον
1778 860 1986 923 ἐκδικεῖ,

428 960 556 1029 ὅμως
593 967 813 1033 φανερῶς
853 960 1000 1030 λέγει,
1052 959 1129 1014 ὅτι
1171 963 1253 1012 καί
1295 960 1376 1012 ἐπὶ
1401 957 1661 1016 ἐκκλησίας
1685 956 1809 1028 παρ’
1836 954 1990 1023 ἁγίων

435 1053 655 1122 πατέρων
675 1052 1054 1121 ἀνεθεματίσθη,
1084 1052 1164 1101 καί
1189 1051 1236 1112 ἐξ
1272 1050 1460 1102 ἐκείνου
1489 1046 1638 1104 πολλὴ
1676 1050 1882 1108 ζήτησις
1909 1044 1990 1110 νέ-

424 1162 534 1212 -γονε
565 1146 681 1214 περὶ
706 1149 804 1196 τῶν
828 1145 984 1194 αὺτοῦ
1008 1145 1440 1214 συγγραμμάτων,
1470 1141 1536 1198 ὡς
1563 1138 1798 1194 ἀσεϐείας
1826 1135 1992 1193 δηλον-

428 1234 506 1284 ότι
534 1233 962 1303 πεπληρωμένων’
995 1237 1149 1284 τοῦτο
1189 1228 1241 1283 δέ
1283 1230 1474 1282 ἐποίουν
1512 1233 1788 1284 τηνικαῦτα
1828 1227 1872 1278 οἱ
1905 1234 1996 1284 τῆς

431 1321 678 1379 καθολικῆς
707 1320 989 1381 ἐκκλησίας,
1021 1318 1088 1390 ἐφ’
1177 1325 1246 1386 μή
1269 1322 1386 1378 τούς
1414 1318 1792 1390 ἁπλουστέρους
1821 1318 1996 1384 ἐντυν-

434 1411 688 1479 χάνοντας
712 1416 818 1468 τοῖς
865 1401 1046 1461 ἐκείνόυ
1078 1409 1290 1462 ἀσεϐέσι
1318 1409 1685 1480 συγγράμμασι
1726 1414 1816 1466 τῆς
1854 1407 1998 1479 όρθῆς

434 1501 836 1574 παρατρέπεσθαι
876 1499 1116 1559 πίστεως.
1142 1498 1253 1552 Ὀτι
1297 1498 1349 1552 δὲ
1392 1500 1436 1551 οί
1481 1500 1688 1558 ἀσεϐεῖς
1733 1499 1776 1551 εί
1820 1502 2000 1568 καίμή

437 1595 567 1645 κατά
611 1593 877 1665 πρόσωπον
925 1594 1015 1658 μίν
1071 1593 1121 1644 ἐν
1165 1595 1265 1664 ζωῇ
1303 1589 1540 1654 δέξωνται
1584 1591 1998 1660 ἀναθεματισμόν,

439 1683 574 1752 ἰμως
602 1686 678 1735 καὶ
705 1684 834 1752 μετὰ
855 1683 1063 1735 θάνατον
1089 1682 1531 1750 ἀναθεματίζονται
1559 1680 1660 1733 ύπό
1693 1687 1785 1737 τῆς
1818 1678 2003 1731 καθολι-

440 1783 528 1832 κής
572 1774 850 1833 ἐκκλησίας,
884 1771 1132 1826 δείκνυται
1156 1773 1207 1824 ἐκ
1234 1779 1330 1826 τῶν
1367 1772 1518 1844 ἁγίων
1561 1770 1802 1826 συνόδων.
1835 1781 1885 1824 Ἦ
1913 1773 2004 1841 μὲν

439 1867 538 1936 γάρ
584 1866 634 1918 ἐν
670 1866 845 1936 Νικαίᾳ
891 1866 1008 1922 τοὺς
1052 1863 1108 1916 τό
1152 1863 1335 1922 ἀσεϐὲς
1361 1862 1548 1936 ’Δρείου
1581 1863 1804 1936 φρόνημα
1843 1882 2001 1936 πρεσ-

442 1956 682 2014 ϐεύοντας
709 1955 974 2025 ἀνωνύμως
1011 1955 1400 2021 ἀνεθεμάτισεν..
1431 1965 1480 2007 Ἦ
1506 1953 1558 2008 δέ
1591 1956 1642 2007 ἐν
1680 1963 2000 2007 Κωνσταντι-

441 2041 672 2098 νουπόλει
713 2054 803 2102 τήν
852 2042 1155 2096 Μακεδονίου
1200 2044 1545 2100 άσεϐεστάτην
1592 2045 1782 2118 α“ρεσιν
1825 2041 2006 2113 ὁμοίως

443 2135 822 2204 ἀνεθεμάτισεν·
859 2134 963 2186 ἀλλ’
992 2132 1124 2204 ὅμως
1159 2135 1189 2190 ἡ
1231 2133 1348 2204 ἁγία
1377 2139 1465 2187 τοῦ
1495 2139 1616 2186 Θεοῦ
1660 2133 1892 2188 ἐκκλησία
1928 2134 2009 2184 καί

447 2226 574 2293 μετά
601 2226 810 2279 θάνατον
828 2221 1037 2301 ’Δρειονν
1068 2227 1146 2278 καί
1173 2223 1467 2278 Μακεδόνων
1495 2225 1737 2295 ὀνομαστί
1765 2224 2012 2294 ἀναθεμα-

446 2321 589 2380 τίζει.
620 2315 703 2369 Ἐκ
736 2317 925 2370 πολλῶν
968 2315 1020 2370 δὲ
1061 2323 1159 2371 τῶν
1209 2314 1505 2379 ἀποδείξεων
1559 2315 1896 2386 ἐλεγχόμενοι,
1945 2317 2013 2374 ὡς

449 2411 695 2465 ἀσεϐοῦσι
723 2407 948 2468 διακενῆς
978 2409 1021 2461 οἱ
1049 2407 1309 2484 Θεοδώρου
1351 2413 1432 2462 καί
1459 2417 1548 2470 τῆς
1579 2409 1812 2471 ἀσεϐείας
1849 2411 2012 2466 αὑτοῦ

451 2501 868 2570 ἀντιποιούμενοι,
924 2499 993 2570 ἐφ’
1021 2499 1194 2574 ἑτέραν
1233 2502 1446 2571 ματαίαν
1488 2503 1731 2575 πρόφασιν
1768 2504 2017 2574 καταφεύ-

452 2611 602 2662 γουσι
628 2591 871 2663 λέγοντες,
897 2597 965 2662 μη
993 2592 1092 2647 δεῖν
1123 2595 1275 2648 αὑτὸν
1305 2595 1751 2660 ἀναθεματισθῆναι
1778 2593 1862 2648 διά
1889 2595 1944 2647 τό
1967 2596 2016 2646 ἐν

454 2691 516 2758 τῇ
545 2687 772 2758 κοινωνίᾳ
800 2693 899 2739 τῶν
927 2685 1201 2741 ἐκκλησιῶν
1225 2687 1644 2743 τετελευτηκέναι.
1671 2682 1810 2738 ’Ἔδει
1842 2683 1894 2739 δὲ
1925 2688 2019 2738 αὑ-

455 2779 576 2834 τούς
605 2774 795 2835 εἰδέναι.
846 2779 913 2836 ὡς
955 2778 1130 2830 ἐκεῖνοι
1167 2777 1464 2831 τελευτῶσιν
1503 2778 1552 2829 ἐν
1579 2784 1640 2850 τῇ
1668 2779 1894 2849 κοινωνίᾳ
1921 2783 2018 2830 τῶν

458 2865 746 2930 ἐκκλησιῶν,
774 2868 819 2919 οἱ
854 2868 910 2920 τό
937 2868 1095 2920 κοινόν
1117 2874 1208 2925 τῆς
1249 2867 1506 2926 εὐσεϐείας
1535 2864 1697 2937 δόγμα
1725 2868 1783 2920 τό
1823 2867 1905 2918 ἐπί
1929 2876 2018 2926 τῆς

457 2955 712 3014 καθολεκῆς
756 2956 1018 3016 ἐκκλησίας
1064 2957 1426 3031 κηρυττόμενον
1472 2959 1634 3027 μέχρι
1670 2957 1840 3015 τέλους
1869 2956 2021 3026 φυλα-

458 3047 676 3116 ξάμενοι.
708 3043 870 3109 Οὗτος
903 3046 955 3102 δέ
1087 3050 1238 3120 οἰκείᾳ
1279 3049 1626 3107 ἔντελευτὴσας
1669 3049 1878 3121 ἀσεϐείᾳ
1918 3049 2020 3103 ἀπό

459 3139 630 3198 πάσης
658 3139 914 3200 ἐκκλησίας
943 3140 1187 3204 ἐξεϐλήθη.
1219 3137 1406 3212 ’Λμέλει
1430 3161 1514 3193 τοι
1549 3142 1632 3193 καὶ
1669 3145 1772 3193 πᾶν
1799 3141 1856 3194 τὸ
1896 3140 2022 3199 πλή-

2085 649 2275 717 qnibus
2296 647 2339 700 si
2367 646 2587 700 credere
2617 644 2886 698 noluerint
2914 652 2972 696 ut
3001 643 3234 696 haeretici
3265 642 3381 707 ejus
3401 640 3652 695 defenso-

2087 757 2192 804 res,
2225 739 2310 793 vel
2336 737 2509 806 impia:
2538 736 2794 804 epistolm,
2842 750 3003 804 quam
3034 735 3130 802 ipsi
3174 731 3497 796 defendunt,
3529 747 3652 786 cre-

2087 816 2236 885 dant.
2300 828 2430 894 Qua:
2469 827 2595 880 licet
2637 825 2973 879 Theodorum
3029 823 3331 885 collaudet,
3373 820 3656 877 manifeste

2090 927 2267 971 tamen
2297 915 2442 978 dicit,
2473 913 2616 982 quod
2646 913 2698 966 in
2725 911 2961 966 Ecclesia
2990 926 3019 963 a
3040 911 3239 966 sanctis
3264 909 3508 964 Patribus
3527 925 3658 962 ana-

2090 1006 2464 1059 tbematizatus
2491 1011 2603 1067 est,
2650 1009 2706 1055 et
2734 1016 2804 1056 ex
2844 1001 2936 1054 illo
2961 1000 3186 1069 plurima
3219 999 3490 1067 inquisitio
3520 999 3659 1053 facta

2093 1102 2174 1148 est
2201 1094 2268 1147 de
2293 1092 2407 1161 ejus
2434 1090 2770 1158 conscriptis,
2797 1097 2854 1143 ut
2880 1097 3008 1158 pote
3031 1089 3201 1157 plenis
3227 1088 3520 1156 impietate.
3546 1087 3660 1141 Hoc

2093 1192 2272 1237 autem
2303 1190 2429 1235 tunc
2456 1180 2719 1234 faciebant
2763 1178 3044 1232 catholica:
3091 1176 3344 1231 Ecclesia:
3390 1178 3660 1239 doctores,

2095 1287 2162 1326 ne
2191 1270 2542 1339 simpliciores
2589 1268 2825 1334 legentes
2870 1267 3010 1319 illius
3055 1266 3213 1334 impia
3242 1267 3578 1334 conscripta,
3630 1280 3661 1318 a

2096 1371 2240 1416 recta
2271 1361 2371 1415 lide
2397 1359 2747 1414 declinarent.
2797 1355 2951 1423 Quod
2973 1365 3151 1410 autem
3181 1356 3358 1424 impii,
3405 1355 3533 1410 licet
3553 1371 3662 1409 non

2097 1454 2149 1506 in
2174 1452 2283 1504 vita
2312 1452 2366 1505 in
2393 1439 2544 1504 suam
2574 1463 2860 1518 personam
2890 1447 3174 1500 anathema
3202 1446 3553 1514 susceperint,
3580 1455 3664 1498 ta-

2100 1557 2222 1596 men
2257 1549 2311 1595 et
2361 1548 2482 1610 post
2529 1546 2752 1592 mortem
2796 1535 3314 1589 anathematizentnr
3341 1549 3370 1588 a
3400 1535 3664 1588 catholica

2102 1631 2336 1686 Ecclesia
2355 1672 2370 1696 ,
2401 1629 2698 1684 ostenditur
2727 1641 2757 1679 a
2786 1625 2984 1680 sanctis
3011 1624 3247 1694 synodis.
3281 1623 3492 1678 Nicmna
3521 1625 3663 1677 enim

2101 1720 2334 1790 synodus
2363 1734 2456 1772 eos
2480 1717 2570 1785 qui
2606 1716 2753 1785 impii
2800 1713 3059 1786 [impiam]
3089 1713 3200 1766 Arii
3231 1722 3431 1766 sectam
3460 1713 3666 1779 colunt,

2103 1811 2218 1865 sine
2245 1809 2457 1862 nomine
2485 1803 2970 1859 anathematizavit.
3003 1801 3132 1867 Quae
3159 1809 3337 1854 autem
3367 1799 3670 1855 Constanti-

2032 1908 2079 1967 Β
2106 1897 2286 1968 nopoli
2315 1903 2635 1964 congregata
2659 1901 2770 1956 est,
2821 1892 3036 1961 impiam
3085 1891 3380 1944 Macedonii
3427 1890 3668 1943 hmresim

2103 1988 2350 2044 similiter
2372 1984 2772 2048 condemnavit;
2797 1983 2890 2036 sed
2921 1991 3094 2035 tamen
3115 1989 3296 2035 sancta
3324 1980 3416 2034 Dei
3435 1979 3669 2034 Ecclesia

2104 2089 2159 2134 et
2187 2088 2308 2150 post
2348 2086 2574 2132 mortem
2611 2075 2792 2129 Arium
2838 2084 2893 2127 et
2936 2073 3305 2127 Macedoninm
3355 2072 3670 2126 nominatim

2107 2166 2540 2224 anathematizat.
2587 2165 2720 2219 Cum
2748 2173 2925 2217 autem
2956 2178 3021 2216 ex
3051 2162 3231 2216 multis
3271 2161 3674 2230 probationibus

2109 2258 2525 2322 convincuntur,
2581 2255 2723 2323 quod
2753 2268 3080 2322 supervacue
3109 2261 3162 2305 et
3193 2253 3355 2320 impie
3393 2263 3557 2320 agunt
3583 2267 3676 2319 qui

2111 2347 2452 2405 Theodorum
2495 2355 2551 2400 et
2577 2346 2901 2417 impietatem
2927 2343 3039 2414 ejus
3070 2343 3380 2406 defendunt,
3420 2343 3484 2397 ad
3518 2343 3676 2398 aliam

2112 2459 2302 2496 vanam
2341 2442 2680 2496 occasionem
2725 2439 3062 2506 confugiunt,
3117 2437 3356 2491 dicentes
3384 2453 3492 2490 non
3518 2452 3679 2505 opor-

2114 2543 2228 2586 tere
2254 2547 2376 2585 eum
2403 2529 2843 2585 anathematizari
2865 2544 2930 2582 eo
2952 2527 3093 2597 quod
3116 2528 3166 2580 in
3188 2527 3677 2580 communicatione

2116 2621 2474 2676 Ecclesiarum
2503 2627 2746 2674 mortuus
2770 2626 2869 2672 est.
2895 2617 3186 2686 Oportebat
3214 2625 3390 2670 autem
3419 2617 3559 2670 scire
3586 2631 3682 2671 eos

2115 2711 2258 2780 quod
2302 2711 2375 2764 illi
2427 2711 2726 2764 moriuntur
2775 2710 2825 2761 in
2878 2707 3362 2762 communicatione
3411 2705 3677 2760 Ecclesia-

2116 2819 2252 2864 rum,
2281 2801 2372 2869 qui
2396 2813 2679 2854 commune
2707 2798 2924 2867 pietatis
2951 2797 3163 2864 dogma,
3208 2797 3353 2866 quod
3383 2799 3436 2851 in
3467 2799 3677 2852 Univer-

2119 2889 2464 2945 saliEcclesia
2487 2889 2822 2958 praadicatur,
2852 2903 3017 2956 usque
3044 2887 3110 2941 ad
3132 2885 3287 2941 linem
3316 2898 3684 2942 servaverunt.

2119 2979 2226 3035 Iste
2294 2989 2472 3034 autem
2523 2993 2692 3047 usque
2739 2978 2806 3031 ad
2856 2986 3084 3032 mortem
3131 2979 3182 3031 in
3221 2993 3316 3032 sua
3368 2993 3687 3047 permanens

2121 3070 2412 3140 impietate,
2460 3070 2527 3123 ab
2571 3067 2715 3122 omni
2760 3066 2993 3121 Ecclesia
3030 3067 3234 3134 ejectus
3271 3076 3372 3122 est.
3425 3067 3607 3136 Itaque
3632 3079 3688 3122 et

2123 3163 2296 3217 omnis
2359 3160 2632 3231 plenitudo
2675 3158 3061 3227 Mopsuestena:
3117 3158 3396 3221 Ecclesiae,
3477 3159 3530 3212 in
3583 3175 3688 3229 qua

458 3248 606 3302 ρωμα
631 3237 720 3290 τῆς
749 3231 797 3284 ἐν
819 3230 1137 3303 Μούουεστίᾳ
1164 3229 1443 3294 ἐκκλησίας,
1479 3231 1524 3282 ἐν
1609 3230 1800 3302 λέγεται
1821 3232 2019 3285 ἐπίσκο·

2125 3227 2405 3322 episcopus
2432 3250 2625 3304 dicitur
2665 3247 2829 3302 fuisse
2875 3249 3134 3320 [propter
3184 3249 3535 3317 blasphemias
3559 3290 3576 3316 ,
3600 3227 3688 3304 θοι)

459 3342 556 3382 πος
583 3323 894 3394 γεγενῆσθαι,
920 3321 1001 3377 διὰ
1040 3325 1130 3384 τάς
1158 3323 1495 3393 βλασφημίας,
1527 3321 1589 3377 δι’
1628 3323 1794 3397 ἅσπερ
1819 3320 2022 3382 Ἐλλησί

461 3434 515 3467 τε
531 3451 545 3476 ,
574 3418 659 3468 καί
684 3413 938 3474 Ἰουδαίοις
954 3456 968 3477 ,
1013 3418 1093 3468 καί
1123 3412 1410 3481 Σοδομίταις
1435 3417 1578 3472 παρά
1606 3421 1705 3469 τῶν
1746 3415 1898 3487 ἀγίων
1922 3436 2023 3468 πα-

459 3505 617 3579 τέρων
643 3506 999 3578 συνηριθμήθη,
1041 3504 1320 3577 ἀπήλειψαν
1349 3507 1398 3570 ἐξ
1426 3507 1605 3559 ἐκείνου
1632 3513 1730 3562 τῶν
1759 3507 1901 3581 ἱερῶν
1934 3515 2024 3565 τῆς

463 3590 722 3653 ἐκκλησίας
773 3591 1041 3662 διπτύχων
1092 3598 1180 3651 τήν
1222 3595 1402 3647 τούτου
1442 3597 1809 3669 προσηγορίαν,
1853 3596 1920 3653 ὡς
1958 3595 2026 3648 τά

462 3687 579 3757 περὶ
604 3687 783 3738 τούτου
825 3687 1092 3740 συστάντα
1118 3687 1248 3739 κατά
1292 3690 1381 3743 τήν
1412 3687 1569 3743 αὐτην
1607 3686 1748 3758 πόλιν
1783 3687 1924 3758 παρά

467 3772 660 3844 συνόδῳ
682 3783 773 3834 τῆς
797 3775 1054 3847 ἐπαρχίας
1075 3778 1411 3842 ὑπομνήματα
1434 3773 1672 3830 δείκνυσι.
1696 3777 2028 3843 Θαυμάζομεν

467 3867 633 3918 τοίνυν
669 3867 794 3924 τούς
822 3863 1130 3925 ἐκδικοῦντας
1166 3863 1443 3939 Θεόδωρον,
1489 3867 1851 3932 οἰκειουμένους
1876 3867 2028 3919 αὐτόν

466 3975 520 4008 τε
547 3957 627 4008 καί
651 3959 740 4013 τὴν
766 3958 926 4009 αὑτοῦ
954 3956 1206 4022 ἀσέϐειαν,
1237 3954 1361 4009 ὅπου
1388 3977 1443 4029 γε
1475 3959 1504 4014 ri
1533 3958 1784 4022 ἐκκλησία,
1817 3959 1865 4011 ἐν
1955 3960 2032 4030 γέ-

471 4065 604 4114 ;εον-ν
644 4045 936 4109 ἐπίσκοπος,
967 4047 1034 4104 ὡς
1077 4047 1318 4118 αἱρετικὸν
1347 4046 1398 4098 ἐκ
1451 4047 1641 4099 πολλῶν
1690 4054 1787 4100 τῶν
1834 4045 2032 4121 χρόνον

466 4138 616 4189 αὐτὸν
639 4137 931 4191 ansam.
953 4135 1066 4192 Ὀτι
1086 4135 1138 4191 δέ
1163 4138 1243 4190 ἐπὶ
1265 4139 1554 4213 κατακρίσει
1579 4141 1731 4212 οἰκείᾳ
1752 4145 1840 4215 τήν
1861 4141 2032 4193 τοιαύ-

465 4249 556 4286 την
595 4230 960 4301 προϐἀλλονται
1002 4231 1253 4308 πρόφασιν
1290 4230 1334 4283 οἱ
1383 4229 1640 4301 Θεόδωρον
1685 4229 1994 4291 ἐκδικοῦντες
2019 4275 2032 4298 ,

468 4316 633 4380 ἔξεστι
666 4327 848 4391 γνῶναι
871 4322 952 4372 καί
990 4320 1039 4381 ἐξ
1063 4321 1212 4372 αὐτοῦ
1242 4325 1332 4374 τοῦ
1357 4322 1440 4373 ἐπὶ
1467 4317 1632 4374 Ἰούδα
1660 4322 1920 4392 γενομένου
1949 4343 2036 4391 φο-

471 4408 560 4482 ϐερ
591 4416 620 4462 ῦ
657 4412 912 4481 κρίματος.
940 4409 1144 4469 Ἐκεῖνος
1171 4413 1270 4484 ’γὰρ
1296 4414 1507 4480 νομίσας
1547 4412 1793 4466 λανθάνειν
1841 4412 1928 4466 τόν
1967 4415 2037 4468 τὰ

470 4499 670 4570 κρυπτά
699 4507 796 4552 τῶν
822 4501 1095 4574 ἀνθρώπων
1121 4503 1445 4571 γινώσκοντα,
1474 4502 1760 4558 ἐκοινώνησε
1787 4511 1884 4556 τῶν
1911 4525 2037 4574 μυσ-

2121 3355 2256 3410 quas
2296 3337 2546 3410 paganis]
2594 3352 2713 3391 cum
2744 3338 3030 3392 invenisset
3057 3337 3198 3405 quod
3241 3339 3462 3406 paganis
3507 3347 3563 3393 et
3592 3338 3689 3392 Ju-

2123 3431 2252 3485 dzeis
2297 3438 2352 3484 et
2395 3429 2756 3483 Sodomitanis
2794 3443 2824 3480 a
2854 3428 3054 3481 sanctis
3109 3425 3350 3481 Patribus
3394 3443 3690 3483 connume-

2123 3529 2273 3575 ratus
2317 3527 2437 3586 est,
2488 3517 2803 3573 deleverunt
2849 3517 2948 3588 ipsi
2993 3533 3059 3570 ex
3111 3517 3201 3570 illo
3250 3533 3278 3570 a
3316 3519 3483 3572 sacris
3517 3517 3694 3572 Eccle-

2125 3611 2218 3663 sia:
2246 3608 2508 3678 diptychis
2537 3609 2651 3675 ejus
2682 3622 2902 3670 nomen,
2940 3607 3078 3661 sicut
3117 3617 3266 3674 gesta
3295 3608 3360 3661 de
3385 3608 3490 3661 hoc
3519 3608 3572 3660 in
3601 3623 3692 3661 ea-

2127 3700 2248 3754 dem
2275 3700 2491 3754 civitate
2518 3699 2657 3768 apud
2686 3698 2967 3753 concilium
2999 3700 3368 3767 episcoporum
3401 3700 3540 3755 illius
3566 3715 3695 3768 pro-

2127 3791 2315 3845 vincia:
2350 3789 2592 3844 confecta
2623 3789 2928 3844 ostendunt.
2963 3788 3216 3842 Miramur
3243 3791 3402 3856 igitur
3429 3790 3697 3844 Theodori

2129 3893 2405 3947 sequaces,
2436 3879 2525 3947 qui
2548 3893 2668 3931 eum
2699 3886 2751 3931 et
2781 3877 3106 3946 impietatem
3135 3879 3249 3944 ejus
3276 3888 3523 3947 tanquam
3545 3894 3700 3932 suam

2133 3967 2455 4032 defendunt,
2487 3983 2606 4021 cum
2647 3966 2915 4030 Ecclesia,
2950 3967 3003 4021 in
3033 3983 3136 4036 qua
3177 3968 3276 4021 fuit
3311 3969 3610 4036 episcopus,
3642 3976 3702 4021 ut

2133 4065 2259 4127 pote
2287 4057 2596 4111 hmreticum
2624 4074 2690 4112 ex
2724 4057 2903 4111 multis
2935 4058 3262 4126 temporibus
3308 4072 3428 4110 eum
3459 4056 3698 4123 ejecerit.

2135 4148 2286 4213 Quod
2307 4157 2485 4200 autem
2513 4147 2576 4200 ad
2605 4148 3271 4203 condemnationemsuam
3295 4150 3452 4203 talem
3471 4149 3705 4203 occasio-

2136 4255 2256 4294 nem
2306 4237 2665 4309 [praetextum]
2712 4247 3017 4307 proponunt
3055 4237 3364 4291 defensores
3410 4237 3703 4302 Theodori,

2135 4329 2273 4382 scire
2302 4328 2427 4381 licet
2449 4336 2503 4381 et
2531 4343 2596 4380 ex
2619 4327 2734 4396 ipso
2756 4326 3016 4388 adversus,
3035 4324 3228 4379 Judam
3260 4324 3397 4378 facto
3427 4323 3703 4378 tremendo

2132 4415 2353 4486 judicio.
2388 4416 2480 4469 Ille
2509 4417 2648 4469 enim
2685 4431 2804 4489 cum
2837 4423 3075 4483 putasset
3106 4416 3270 4467 latere
3315 4429 3437 4467 eum
3478 4413 3568 4482 qui
3607 4428 3704 4466 oc-

2137 4505 2279 4559 culta
2302 4504 2576 4558 hominum
2601 4505 2899 4570 cognoscit,
2927 4503 3274 4557 sacramentis
3298 4501 3708 4556 communicavit

472 4590 654 4662 τηρίων
684 4597 793 4650 τοῖς
835 4590 1146 4653 ἀποστόλοις,
1179 4589 1283 4645 ἀλλ’
1320 4588 1459 4658 ὅμως
1496 4590 1632 4645 οὐδὲν
1666 4593 1815 4646 αὐτόν
1855 4591 2020 4649 ὤνησε

2140 4611 2260 4650 cum
2290 4594 2545 4663 apostolis
2577 4612 2589 4646 :
2623 4593 2716 4648 sed
2748 4603 2924 4647 tamen
2951 4594 3082 4647 nihil
3112 4594 3160 4647 ei
3192 4593 3390 4662 profuit
3417 4593 3558 4660 quod
3584 4607 3705 4647 cum

475 4683 556 4732 καί
585 4683 615 4736 ἠ
640 4681 767 4748 μετά
793 4680 1106 4754 ὑποκρίσεως
1134 4683 1379 4733 κοινωνία.
1409 4679 1547 4734 ’Δλλά
1575 4680 1686 4735 ούδέ
1713 4685 1797 4734 καὶ
1823 4683 1882 4736 τό
1911 4684 2040 4752 μετά

474 4770 686 4822 θάνατον
727 4769 878 4822 αὐτοῦ
925 4767 1113 4823 δώδεκα
1157 4769 1491 4837 ὀνομασθῆναι
1532 4773 1650 4829 τούς
1685 4771 1930 4840 μαθητὰς,
1973 4772 2041 4829 ῶς

478 4878 622 4928 φησιν
642 4858 862 4916 Ἰωάννης
879 4855 1262 4928 όεύαογγελιστής
1275 4857 1448 4929 λέγων,
1463 4877 1481 4908 ε
1502 4865 1688 4929 Θωμᾶς
1715 4858 1766 4913 δὲ
1786 4859 1810 4913 ό
1838 4856 2041 4931 λεγόμε-

477 4969 555 5008 νος
599 4946 830 5018 Δίδυμος,
882 4945 951 5007 εἷς
996 4956 1096 5002 τῶν
1134 4948 1344 5014 δώδεκα,
1377 4953 1465 5004 οὐκ
1503 4949 1558 5010 ἣν
1594 4953 1702 5021 μετ’
1745 4955 1928 5016 αὐτῶν,
1958 4952 2038 5007 ὅτε

480 5037 619 5096 ἦλθεν
640 5038 665 5092 ό
687 5035 875 5096 ἰησοῦς
892 5078 906 5099 ,
932 5057 949 5087 ι
981 5037 1010 5094 ἧ
1039 5039 1223 5113 ἐξαίρει
1239 5039 1324 5092 τόν
1346 5037 1533 5093 Ἰούδαν
1555 5049 1646 5100 τῆς
1675 5045 2036 5115 κατακρίσεως,

477 5127 508 5186 ἦ
536 5129 948 5200 συναριθμεῖσθαι
974 5135 1108 5181 ποιεῖ
1128 5137 1230 5187 τοτς
1259 5130 1576 5189 ἀποστόλοις.
1600 5129 1782 5201 Ἀμέλει
1809 5153 1886 5185 τοι
1914 5134 2042 5201 μετά

477 5225 566 5277 τήν
587 5224 680 5273 τοῦ
719 5223 894 5291 κυρίου
933 5218 1172 5289 ἀνάληψιν
1214 5221 1259 5273 οἱ
1288 5222 1557 5276 ἀπόστολοι
1581 5221 1645 5277 δι’
1669 5225 1852 5282 οἰκείας
1877 5225 2042 5294 ψήφου

480 5310 561 5362 τόν
609 5310 754 5372 αὐτὸν
794 5307 977 5362 Ἰούδαν
1022 5311 1105 5362 καί
1148 5311 1276 5379 μετά
1318 5312 1523 5364 θάνατον
1564 5310 1913 5374 κατεδίκασαν,
1960 5318 2047 5369 tri

479 5400 645 5469 ἕτερον
673 5399 1048 5469 άντεεσηγαγον.
1080 5396 1194 5450 Ὅτι
1220 5396 1274 5452 δέ
1302 5403 1518 5468 ματαίαν
1557 5401 1805 5476 πρόφασιν
1828 5403 2046 5476 προϐάλ-

481 5490 646 5542 λονται
694 5489 929 5560 λέγοντες,
961 5493 1030 5558 μή
1077 5487 1179 5542 δεῖν
1223 5491 1342 5548 τούς
1389 5489 1724 5550 τελευτῶντας
1768 5491 2048 5565 αἱρετικοὺς

481 5577 945 5647 άναθεματίζεσϐαε,
971 5579 1054 5630 καί
1081 5578 1129 5639 ἐξ
1153 5577 1311 5630 αὐτῶν
1334 5583 1433 5631 τῶν
1465 5584 1554 5631 τοῦ
1593 5583 1776 5652 κυρίου
1814 5579 2050 5654 ῥημάτων

487 5665 826 5737 ἀποδείξομεν.
855 5670 981 5726 Τούς
1007 5669 1105 5742 γάρ
1135 5666 1337 5727 ἀσεϐεῖς
1374 5671 1452 5721 καί
1493 5666 1568 5722 ἔτι
1614 5673 1804 5733 ζῶντας
1848 5674 2047 5744 νεκρούς

488 5759 713 5826 ὀνομάζει
734 5758 903 5829 λέγων·
926 5776 944 5808 ε
963 5757 1110 5830 ’Δφες
1128 5759 1246 5816 τούς
1262 5760 1464 5831 νεκρούς
1483 5759 1641 5830 θάψαι
1657 5764 1776 5820 τοὺς
1793 5783 1826 5816 α
1838 5764 1955 5816 Στῶν
1973 5783 2046 5816 νε·

485 5848 658 5919 -κρούς’
684 5865 700 5897 ε
728 5850 864 5900 ὥσπε
871 5869 898 5920 ρ
920 5844 1004 5901 οὖν
1020 5849 1100 5902 καί
1122 5845 1242 5906 τοὺς
1262 5844 1483 5908 δικαίους
1504 5850 1901 5910 τελευτήσαντας
1925 5856 2045 5914 ζῶν·

2139 4682 2262 4736 dolo
2291 4683 2720 4737 communicavit.
2752 4683 2860 4736 Sed
2889 4683 3016 4737 licet
3044 4689 3166 4752 post
3193 4693 3420 4736 mortem
3443 4681 3556 4749 ejus
3575 4682 3710 4736 duo-

2139 4772 2314 4827 decim
2339 4773 2595 4826 nominati
2621 4774 2726 4826 sint
2750 4773 3026 4842 discipuli,
3057 4772 3191 4828 sicut
3219 4769 3451 4826 Joannes
3475 4786 3707 4839 evange-

2141 4862 2260 4916 lista
2284 4862 2411 4915 dicit
2443 4879 2454 4912 :
2487 4861 2708 4915 Thomas
2738 4871 2942 4926 autent,
2988 4863 3073 4933 qui
3120 4860 3372 4930 Didymus
3415 4860 3702 4921 dicebatur,

2140 4968 2270 5004 unus
2301 4967 2363 5003 ex
2394 4951 2689 5014 duodecim,
2735 4968 2837 5004 non
2877 4959 2988 5003 erat
3016 4967 3129 5003 cum
3166 4951 3292 5019 ipsis
3338 4950 3542 5020 quando
3575 4951 3712 5002 venit

2141 5039 2291 5093 Jcsus
2323 5040 2341 5109 (
2360 5039 2516 5092 Joan.
2549 5041 2660 5110 xx)
2695 5059 2707 5093 :
2745 5049 2921 5094 tamen
2951 5041 3054 5094 hoc
3085 5055 3190 5093 non
3221 5038 3411 5092 liberat
3447 5037 3636 5094 Judam
3678 5054 3710 5092 a

2145 5131 2608 5195 condemnatione,
2623 5140 2714 5185 aut
2729 5132 3103 5185 connumerari
3117 5129 3242 5183 facit
3261 5130 3538 5198 apostolis.
3557 5127 3713 5184 Unde

2145 5229 2266 5289 post
2291 5219 2654 5273 ascensionem
2688 5219 2918 5283 Domini,
2947 5217 3174 5288 apostoli
3205 5233 3300 5286 per
3329 5232 3477 5272 suam
3505 5225 3714 5272 senten-

2147 5311 2273 5364 tiam
2297 5307 2543 5361 eumdem
2572 5307 2760 5362 Judam
2799 5309 2959 5361 etiam
2990 5315 3112 5377 post
3139 5315 3367 5361 mortem
3397 5307 3714 5360 condemna-

2147 5407 2356 5462 vernnt,
2379 5407 2435 5452 et
2453 5399 2613 5453 alium
2633 5415 2731 5468 pro
2753 5400 2842 5454 illo
2871 5399 3278 5453 introduxerunt
3300 5397 3433 5467 (Act.
3467 5397 3528 5463 ι).
3559 5395 3712 5461 Quod

2150 5497 2324 5542 autem
2352 5503 2540 5541 vanam
2564 5490 2901 5544 occasionem
2946 5496 3268 5557 proponunt,
3320 5489 3559 5541 dicentes
3603 5501 3713 5540 ncn

2147 5589 2398 5649 oportere
2441 5580 2721 5636 haereticos
2750 5590 2992 5636 mortuos
3033 5579 3497 5644 anathematizari,
3547 5587 3602 5633 et
3645 5593 3714 5632 ex

2151 5669 2278 5738 ipsis
2307 5669 2512 5724 Domini
2541 5671 2717 5725 verbis
2744 5670 3106 5725 ostendemus.
3147 5668 3343 5740 lmpios
3373 5670 3512 5724 enim
3541 5678 3595 5724 et
3621 5669 3715 5722 ad-

2151 5762 2254 5815 huc
2282 5761 2448 5826 vivos,
2463 5772 2702 5818 mortuos
2729 5763 2989 5827 nominat,
3017 5761 3230 5816 dicens:
3257 5761 3466 5814 Dimitte
3487 5771 3713 5814 omnia:

2148 5850 2364 5917 sepelire
2384 5859 2608 5904 mortuos
2629 5867 2745 5905 suos
2770 5850 2979 5923 (Matth.
3004 5849 3118 5920 VIII)
3141 5869 3151 5903 :
3176 5853 3314 5907 sicut
3337 5851 3512 5920 justus
3531 5860 3582 5904 et
3598 5849 3711 5918 jam
