4108 6450
330 431 466 492 1029

1389 427 1621 488 LIBER
1664 430 1704 486 Α
1719 427 2060 488 DVERSUS
2097 427 2520 487 ORIGENEM.

3445 421 3583 484 1030

326 583 420 617 τας
465 561 726 616 ἀποκαλεῖ.
763 562 901 630 Λέγει
941 562 1037 632 γάρ
1084 579 1200 630 περ.
1240 558 1468 632 ’Δϐραὰμ
1514 554 1776 609 καίῚο-αᾶκ
1817 555 1904 607 καί

2026 549 2310 614 lefunctos,
2338 551 2490 602 vivos
2516 549 2772 603 nominat.
2809 548 2944 603 Dicit
2970 549 3110 602 enim
3139 550 3205 604 de
3224 550 3490 605 Abraham
3523 561 3578 606 et

325 652 527 716 ⁸ὶωώϐ,
567 649 644 705 ὄτι
694 650 719 704 6
759 650 878 708 Θεὸς
919 652 1004 703 οὐκ
1058 647 1174 704 ἔστι
1217 657 1422 723 νεκρῶν,
1465 648 1588 702 ἀλλὰ
1615 650 1829 710 ζώντων.
1856 647 1912 698 Εἰ

326 747 497 797 τοίνυν
519 743 653 796 κατά
691 743 812 800 τοὺς
842 741 1037 794 ἐκείνων
1060 740 1232 810 λόγους
1261 743 1318 792 οὺ
1349 744 1456 812 χρή
1481 741 1601 798 τοὺς
1627 739 1910 814 αἰρετικούς

327 832 669 890 τελευτῶντας
720 831 1167 900 ἀναθεματίζεσθαι
1191 869 1206 893 ,
1265 828 1379 882 οὖδέ
1434 832 1614 891 ζῶντες
1667 828 1908 901 αἰρετικοί

327 923 922 992 ἀναθεματισἨσονταΓ,
980 918 1068 980 οὓς
1104 921 1306 989 νεκροὺς
1350 918 1373 971 6
1422 919 1595 990 κύριος
1644 917 1905 978 ἀποκαλεῖ,

321 1012 410 1068 διὰ
426 1015 481 1068 τὸ
501 1013 1019 1088 ἀποκεχωρισμένους
1033 1007 1174 1067 εἶναι,
1189 1012 1346 1064 αὐτοῦ
1360 1010 1608 1074 εἰπόντος,
1633 1025 1650 1057 ι
1668 1005 1789 1079 Ἐγώ
1810 1009 1911 1077 εἰμι

319 1107 353 1163 ἡ
388 1107 512 1168 ζωή’
537 1123 555 1156 ε
581 1107 660 1157 καί
688 1103 802 1158 κατ’
825 1105 1010 1162 αὐτοὺς
1036 1102 1205 1156 λοιπὸν
1227 1098 1342 1155 οὕτε
1369 1104 1569 1165 ζῶντες,
1601 1096 1715 1152 οὔτε
1743 1099 1883 1152 τελευ
1899 1126 1911 1135 -

326 1205 515 1258 τῶντες
560 1198 802 1270 αἰρετικοί
850 1195 1414 1264 ἀναθεματισθήσονται’
1465 1196 1546 1246 καί
1593 1193 1761 1261 μάτην
1803 1190 1910 1245 κατ’

329 1288 540 1347 ἐκείνους
583 1290 614 1345 ή
642 1285 951 1343 ἀποστολική
993 1284 1297 1339 διδασκαλία
1341 1282 1695 1357 παραδέδωκεν
1737 1283 1909 1335 ἀναθε-

328 1380 628 1448 ματίζεσθαι
653 1379 774 1438 τοὺς
815 1374 1184 1449 παραδιδόντας
1213 1374 1334 1449 παρ’
1363 1371 1388 1428 6
1414 1374 1782 1447 παρελάϐομεν·
1813 1375 1913 1445 μά-

328 1491 420 1526 την
448 1469 500 1522 αἰ
543 1468 678 1540 ἅγιαι
709 1465 910 1520 σύνοδοι
934 1469 1054 1525 τούς
1091 1467 1375 1542 αἰρετικούς
1404 1467 1720 1538 κατέκριναν·
1750 1467 1911 1535 μάτην

329 1563 411 1613 καί
438 1561 483 1612 oi
508 1557 640 1614 ἄλλοι
671 1558 806 1629 ἅγιοι
831 1559 1047 1631 πατέρες
1071 1560 1155 1611 καί
1196 1555 1489 1611 διδάσκαλοι
1524 1565 1614 1615 τῆς
1651 1556 1912 1615 ἐκκλησίας

328 1652 450 1709 τοὺς
476 1651 767 1724 αἱρετικούς
796 1648 1177 1717 ἀνεθεμάτισαν.
1223 1646 1539 1716 Μέμψωνται
1581 1644 1633 1700 δέ
1666 1649 1913 1716 καίἹερε-

329 1741 420 1813 μία
441 1747 516 1811 τῷ
533 1743 761 1812 προφήτῃ
784 1739 993 1809 λέγοντι,
1017 1755 1036 1788 ι
1060 1735 1455 1812 Ἐπικατάρατος
1475 1736 1501 1790 6
1522 1743 1675 1791 ποιῶν
1694 1738 1756 1791 τὰ
1782 1734 1913 1810 ἔργα

329 1837 417 1885 τοῦ
429 1834 608 1905 κυρίου
629 1832 845 1902 ἀμελῶς’
869 1850 887 1882 ι
906 1834 988 1886 καί
1001 1830 1151 1886 Δαυίδ
1169 1839 1240 1902 τῷ
1262 1835 1490 1904 προφήτῃ
1508 1831 1714 1892 εἰπόντι,
1737 1846 1756 1879 ι
1771 1827 1912 1884 Ἐπι-

2009 641 2157 695 Isaac
2184 652 2234 694 et
2262 640 2446 704 Jacob,
2471 640 2613 708 quod
2640 641 2778 695 Deus
2806 657 2911 694 non
2941 651 3022 696 est
3046 641 3188 697 Deus
3216 651 3574 709 mortuorum,

2009 731 2103 785 sed
2131 733 2418 785 viventium
2439 730 2816 801 (Matthxxnh
2849 731 2903 785 Si
2931 747 3058 801 ergo
3085 734 3375 788 secundum
3406 737 3567 788 verba

2010 822 2218 876 illorum
2245 839 2352 875 non
2388 830 2603 890 oportet
2631 823 2908 877 haereticos
2937 834 3176 879 mortuos
3218 827 3576 880 anathemati-

2011 913 2138 976 zari,
2163 927 2261 966 nec
2288 910 2400 965 vivi
2416 913 2648 967 haeretici
2681 915 3288 981 anathematizabuntur,
3307 890 3450 985 ‘quos
3474 917 3578 971 Do-

2011 1003 2186 1057 minus
2216 1013 2456 1058 mortuos
2484 1013 2659 1067 vocat,
2686 1006 2807 1072 quia
2838 1008 3069 1075 separati
3095 1017 3218 1060 sunt
3247 1009 3312 1063 ab
3344 1011 3459 1078 ipso
3489 1012 3576 1077 qui

2011 1094 2146 1148 dixit
2172 1113 2184 1146 :
2218 1092 2328 1165 Ego
2359 1111 2471 1148 sum
2512 1096 2613 1148 vita
2643 1095 2832 1167 (Joan.
2862 1114 2915 1150 ιιι
2943 1107 2991 1150 et
3018 1097 3157 1169 ιη’),
3207 1108 3261 1152 et
3289 1101 3576 1155 secundum

2011 1199 2106 1237 eos
2130 1183 2238 1251 jam
2269 1199 2368 1237 nec
2387 1184 2515 1247 vivi,
2547 1199 2646 1238 nec
2672 1185 2865 1238 mortui
2895 1185 3129 1239 haeretici
3159 1189 3582 1241 anathematizae

2010 1275 2236 1337 buntur;
2261 1283 2315 1327 et
2345 1274 2460 1328 sine
2481 1289 2660 1338 causa,
2684 1275 2972 1328 secundum
3005 1276 3144 1342 illos,
3171 1277 3465 1343 apostolica
3493 1276 3562 1330 do

2013 1365 2183 1418 ctrina
2231 1363 2439 1434 (Galat.
2473 1364 2525 1433 ι)
2575 1364 2741 1418 tradit
2765 1351 3199 1418 anathematizari
3231 1381 3325 1418 eos
3352 1365 3444 1434 qui
3471 1373 3582 1418 tra-

2015 1455 2150 1510 dunt
2177 1456 2538 1526 prteler-quod
2568 1456 2874 1524 accepimus
2907 1473 2919 1506 :
2955 1457 3070 1509 sine
3095 1471 3253 1509 causa
3279 1464 3476 1509 sanctce
3503 1470 3585 1525 sy-

2011 1545 2140 1599 nodi
2187 1546 2464 1600 liaereticos
2493 1545 3018 1608 condemnaverunt,
3051 1547 3166 1600 sine
3206 1561 3364 1600 causa
3411 1554 3466 1599 et
3494 1546 3584 1599 alii

2013 1636 2184 1692 sancti
2211 1635 2398 1690 Patres
2427 1645 2481 1689 et
2501 1635 2752 1689 doctores
2777 1634 3028 1689 Ecclesia:
3056 1637 3337 1690 hzerelicos
3363 1637 3588 1690 anathe-

2015 1729 2417 1782 matizaverunt.
2451 1727 2730 1796 lnculpent
2759 1735 2938 1780 autem
2966 1736 3020 1780 et
3047 1727 3332 1781 Jeremiam
3365 1728 3587 1796 prophe.

2016 1827 2125 1873 tam
2151 1819 2416 1874 dicentem
2451 1837 2464 1871 :
2493 1817 2858 1871 Emaecrandus
2899 1820 2982 1889 qui
3010 1835 3162 1887 opera
3209 1816 3418 1870 Domini
3461 1819 3588 1888 facit

332 1923 612 1994 κατάρατοι
637 1922 682 1974 oi
712 1923 1006 1982 ἐκκλίνοντες
1026 1923 1124 1976 ἀπὸ
1146 1929 1243 1976 τῶν
1267 1920 1474 1976 ἐντολῶν
1498 1935 1614 1975 σου’
1637 1938 1656 1971 ι
1685 1925 1769 1975 καί
1793 1942 1908 1974 συν·

2026 1915 2332 1984 negligenter
2353 1912 2483 1980 (Jer.
2519 1911 2702 1978 XLVIII)
2728 1928 2743 1976 ;
2788 1920 2842 1963 et
2870 1910 3032 1963 David
3060 1911 3374 1979 prophetam
3405 1910 3587 1963 dicen-

329 2011 500 2080 τόμως
524 2015 701 2077 εἰπεῖν,
727 2014 868 2085 πάσῃ
893 2021 954 2088 τῇ
987 2015 1092 2087 θείᾳ
1118 2021 1282 2090 γραφῇ
1311 2013 1571 2083 πολλαχοῦ
1606 2015 1700 2073 τάς
1741 2015 1914 2068 τοιαύ-

332 2123 424 2162 τας
447 2107 772 2178 κατακρίσεις
793 2105 1052 2174 έπαγούσῃ
1074 2112 1182 2162 τοῖς
1210 2104 1470 2157 ἀσεϐέσιν.
1490 2105 1549 2154 Εἰ
1571 2101 1624 2156 δέ
1649 2103 1694 2156 οἰ
1721 2103 1916 2172 ἀμελῶς

332 2200 593 2254 ποιοῦντες
620 2195 684 2249 τά
728 2192 854 2270 ἔργα
883 2197 1081 2269 κυρίου,
1114 2198 1199 2255 καί
1237 2195 1610 2268 ἁμαρτάνοντες
1657 2197 1778 2268 περί
1825 2197 1917 2256 τάς

332 2285 495 2336 αὺτοῦ
545 2283 766 2348 ἐντολάς,
809 2286 1073 2342 τοιαύταις
1120 2285 1480 2358 κατακρίσεσιν
1527 2284 1915 2347 ὑποϐάλλονται,

334 2373 482 2444 πόσῳ
522 2375 706 2444 μᾶλλον
743 2373 1000 2450 Θεόδωρος
1037 2374 1062 2428 6
1097 2376 1306 2439 ἀσεϐής,
1337 2374 1362 2428 6
1388 2381 1598 2430 τοιαῦτα
1624 2377 1732 2431 κατ’
1763 2379 1918 2430 αὐτοῦ

334 2473 420 2519 τοῦ
465 2467 685 2539 μεγάλου
731 2474 857 2522 Θεοῦ
903 2470 986 2522 καί
1035 2475 1266 2541 σωτῆρος
1319 2469 1456 2537 ἡμῶν
1499 2465 1662 2525 Ἰησοῦ
1699 2476 1916 2543 Χριστοῦ

336 2561 733 2629 ﬁlum-gaudeas,
774 2556 1077 2633 δικαιότερον
1105 2559 1480 2635 κατακέκριται,
1511 2561 1594 2612 καί
1621 2560 1923 2630 ἀναθεματίο

336 2654 473 2712 ζει-αι
498 2672 514 2716 ;

407 2835 499 2884 Καί
527 2831 663 2906 ἤρκει
683 2834 774 2902 μέν
793 2838 959 2886 ταῦτα
982 2832 1109 2904 πρός
1136 2838 1255 2889 ταῖς
1281 2832 1672 2906 παρατεθείσαις
1689 2831 1919 2904 ἀνωτέρω

338 2944 411 2986 τε,
428 2926 514 2976 καὶ
536 2922 583 2974 ἐν
605 2923 788 2998 ἑτέροις
808 2924 944 2990 ἡμῶν
956 2922 1114 2994 λόγοις
1136 2919 1444 2984 ἀποδείξεσι,
1468 2923 1696 2990 περὶτοῦ
1719 2918 1824 2973 δεῖν
1839 2923 1924 2974 καί

337 3017 466 3084 μετά
497 3013 732 3070 τελευτήν
756 3015 876 3071 τούς
901 3013 1185 3088 αἰρετικούς
1208 3012 1607 3085 κατακρίνεσθαι,
1635 3010 1925 3079 καταισχύ-

337 3125 432 3158 νειν
479 3105 601 3163 τοὺς
637 3101 892 3177 Θεοδώρου
942 3103 1432 3174 μεταποιουμένους,
1480 3104 1560 3154 καί
1610 3097 1791 3154 παύειν
1836 3107 1928 3158 τῆς

338 3194 583 3253 τοιαύτης
618 3191 874 3250 ἀσεϐείας.
920 3193 1008 3244 Διά
1052 3187 1103 3244 δέ
1142 3191 1201 3244 τό
1230 3187 1574 3260 ἐμφιλονείκως
1617 3203 1724 3246 τοῖς
1760 3189 1926 3246 αὐτοῖς

2019 2014 2123 2059 tem
2159 2023 2172 2058 :
2203 2004 2526 2058 Exsecrandi
2555 2004 2640 2074 qui
2669 2003 2927 2056 declinant
2948 2018 2978 2053 a
3006 2002 3263 2055 mandatis
3286 2002 3385 2054 tuis
3414 1999 3584 2071 (Psal.

2016 2097 2199 2165 cxvm)
2223 2114 2238 2162 ;
2265 2105 2319 2151 et
2341 2104 2394 2149 nt
2421 2095 2802 2164 compendiose
2831 2094 3088 2156 dicamus,
3114 2107 3326 2146 omnem
3354 2091 3587 2144 divinam

2017 2187 2348 2256 Scripturam
2396 2187 2449 2240 in
2488 2185 2713 2240 diversis
2757 2184 2890 2238 locis
2937 2183 3069 2236 tales
3113 2183 3590 2237 condemnationcs

2017 2281 2194 2350 impiis
2241 2279 2580 2333 inferentem.
2637 2276 2730 2331 Sin
2781 2285 2959 2330 autem
3005 2275 3077 2328 illi
3122 2274 3214 2342 qui
3261 2273 3592 2341 negligenter

2018 2388 2182 2442 opera
2213 2371 2307 2424 Dei
2337 2369 2555 2431 faciunt,
2589 2376 2644 2422 et
2672 2375 2899 2437 peccant
2928 2367 2979 2420 in
3009 2364 3275 2418 mandatis
3303 2363 3448 2432 ejus,
3471 2363 3595 2416 tali-

2017 2463 2118 2516 bus
2165 2459 2701 2514 condemnationibus
2749 2457 3144 2524 subjiciuntur:
3179 2463 3378 2524 quanto
3424 2455 3594 2522 magis

2021 2553 2216 2622 impius
2233 2551 2570 2616 Theodorus,
2596 2550 2684 2618 qui
2710 2548 2834 2602 talia
2857 2548 3111 2602 adversus
3141 2548 3312 2616 ipsum
3341 2561 3592 2614 magnum

2020 2643 2188 2697 Deum
2230 2652 2285 2696 et
2324 2639 2658 2694 Salvatorem
2687 2647 2928 2692 nostrum
2956 2636 3136 2691 Jesum
3175 2635 3444 2690 Christum
3472 2636 3593 2690 hia--

2021 2733 2338 2804 sphemavit,
2353 2731 2496 2800 jnste
2517 2729 2908 2784 condemnatus
2919 2736 3000 2782 est
3011 2737 3065 2782 et
3080 2727 3595 2780 anathematizatus?

2093 2823 2160 2877 Et
2190 2823 2304 2876 hac
2331 2820 2544 2889 quidem
2573 2817 2925 2883 sufﬁciebant,
2968 2833 3129 2886 super
3157 2813 3445 2888 [superius]
3482 2830 3596 2868 me-

2023 2921 2264 2967 moratas
2291 2919 2346 2966 et
2375 2912 2494 2965 aliis
2532 2911 2730 2964 nostris
2771 2909 2920 2963 libris
2957 2909 3186 2962 insertas
3229 2907 3595 2976 probationes,

2022 3017 2156 3071 quas
2178 2999 2496 3070 protulimus
2519 3037 2533 3060 ,
2584 2997 2957 3060 ostendentes,
3005 2997 3147 3065 quod
3176 3005 3390 3066 oportet
3434 2996 3597 3050 etiam

2025 3102 2147 3163 post
2172 3100 2402 3151 mortem
2432 3091 2714 3144 hmreticos
2739 3088 3116 3152 condemnari,
3147 3086 3475 3142 confundere
3501 3101 3598 3139 eos

2025 3184 2118 3252 qui
2148 3182 2489 3237 Theodorum
2527 3179 2837 3243 defendunt,
2869 3187 2924 3232 et
2959 3191 3302 3245 compescere
3329 3191 3358 3228 a
3383 3175 3475 3228 tali
3496 3174 3598 3228 im-

340 3285 606 3352 ἐπιμένειν.
638 3285 720 3336 καί
745 3283 802 3336 τὸ
827 3280 972 3335 πλέον
998 3281 1201 3356 ἐροῦμεν
1219 3321 1234 3345 ,
1266 3277 1343 3334 ὅτι
1371 3281 1499 3337 τινές
1519 3284 1617 3330 τῶν
1644 3277 1923 3346 συναχθέν-

2028 3274 2246 3344 pietate.
2291 3271 2554 3336 Quoniam
2593 3279 2770 3322 autem
2799 3268 3128 3323 contentiosc
3175 3266 3226 3319 in
3257 3265 3443 3319 iisdem
3471 3279 3598 3333 per-

339 3397 437 3429 των
467 3376 521 3428 ἓν
545 3383 605 3448 τῇ
633 3375 760 3428 κατά
787 3376 992 3429 Νίκαιαν
1026 3373 1146 3448 ἁγίᾳ
1189 3371 1403 3441 συνόδῳ,
1435 3370 1925 3446 καί-ὑπογράψαντες

341 3475 410 3536 τῷ
431 3468 688 3521 ἰκτεθίντι
707 3462 828 3544 παρ’
851 3467 1012 3525 αὐτῆς
1039 3462 1160 3539 ὅρῳ,
1183 3463 1292 3522 ήτοι
1315 3485 1380 3518 συ
1386 3463 1551 3537 μϐὀλῳ
1571 3470 1660 3521 τῆς
1681 3463 1921 3528 πίστεως,

340 3554 520 3613 ε’πειδή
546 3556 679 3626 μετά
706 3562 874 3610 ταῦτα
897 3557 1100 3609 ἐναντία
1127 3557 1463 3630 φρονήταντες
1485 3553 1752 3622 ἐφάνησαν,
1773 3552 1819 3605 oi
1837 3554 1927 3621 μέν

341 3647 549 3709 ζῶντες,
582 3643 629 3696 oi
655 3641 707 3697 δέ
746 3645 874 3714 μετά
899 3641 1110 3697 θάνατον
1151 3642 1607 3711 ἀν-θεματίσθησαν
1643 3642 1790 3714 παρὰ
1827 3652 1927 3694 Δα-

341 3737 514 3802 μάσου
557 3741 644 3789 τοῦ
691 3742 784 3792 τῆς
812 3733 957 3792 ὁσίας
1003 3736 1198 3802 μνήμης
1241 3733 1393 3785 πάπα
1435 3738 1527 3789 τῆς
1571 3731 1927 3805 πρεσϐυτέρας

339 3822 559 3898 Ῥώμης,
590 3828 675 3880 καί
702 3833 794 3884 τῆς
818 3827 869 3878 ἒν
896 3822 1107 3898 Σαρδικῇ
1133 3821 1372 3886 συνόδου,
1403 3823 1531 3877 καθὰ
1570 3829 1823 3896 μαρτυρεῖ
1844 3826 1928 3876 καί

344 3913 368 3966 6
413 3919 464 3969 εν
512 3915 675 3987 ἁγίοις
713 3916 1020 3973 ’Δθανάσιος.
1052 3912 1192 3968 Ἀλλά
1232 3916 1318 3967 καί
1361 3914 1391 3970 ri
1430 3914 1477 3965 ἔν
1513 3911 1783 3970 Χαλκηδόνι
1812 3911 1932 3984 ἁγία

347 4004 562 4064 σύνοδος
630 4004 807 4076 Δόμν.ν
851 4006 935 4058 τόν
980 4003 1288 4073 Ἀντιοχείας
1352 4005 1611 4073 γενόμενον
1663 4004 1931 4058 ἐπίσκοπον

346 4099 473 4165 μετά
518 4099 730 4150 θάνατον
770 4093 1105 4160 κατεδίκασε,
1151 4095 1476 4163 τολμήσαντα
1517 4094 1662 4163 μόνον
1701 4092 1926 4166 γράψαι.

346 4188 447 4243 δεῖν
482 4189 949 4262 πίρασιωπηθήναι
985 4188 1050 4242 τά
1085 4185 1279 4241 δώδεκα
1318 4186 1550 4256 κεφάλαια
1579 4191 1670 4239 τοῦ
1699 4186 1747 4239 ἐν
1773 4184 1931 4258 ἁγίοις

350 4277 610 4351 Κυρίλλου.

418 4365 620 4424 Ἐπειδὴ
647 4364 700 4420 δέ
723 4367 767 4419 oi
793 4367 1054 4441 Θεοδώρου
1076 4367 1474 4436 ἀντιποιούμενοι
1497 4363 1739 4436 ατρετικοί
1763 4363 1933 4420 πάσης

350 4463 653 4535 προτάσεως
682 4461 765 4510 καί
807 4458 1149 4530 ἐγχειρήσεως
1179 4452 1554 4511 έκπεπτωκᾶτες
1593 4452 1933 4524 ἐπεχείρησαν

348 4548 501 4620 λέγειν
542 4548 673 4620 πρὸς
716 4548 914 4605 ἀπάτην
953 4554 1053 4602 τῶν
1081 4548 1422 4618 ἀγνοούντων,
1477 4547 1544 4603 ὡς
1588 4541 1613 4596 6
1658 4550 1748 4600 τῆς
1792 4540 1932 4600 ότίας

2028 3371 2264 3427 manent,
2280 3363 2442 3416 etiam
2461 3359 2601 3428 quod
2628 3368 2710 3414 est
2731 3358 2956 3427 amplius
2991 3356 3358 3426 dicimus,quia
3381 3353 3596 3424 quidam

2027 3469 2094 3509 ex
2134 3453 2263 3523 ipsis
2304 3451 2394 3520 qui
2434 3451 2487 3504 in
2515 3449 2725 3503 Nicmna
2763 3455 2945 3502 sancta
2975 3447 3180 3517 synodo
3209 3452 3622 3508 convenerunt,

2029 3526 2364 3611 et'exposita:
2385 3539 2452 3594 ab
2493 3553 2557 3593 ea
2599 3538 2721 3592 tidei
2748 3537 3046 3591 deﬁnitioni
3093 3536 3176 3589 vel
3203 3536 3444 3606 symbolo
3471 3537 3589 3590 sub-

2030 3635 2374 3704 scripserunt,
2394 3631 2645 3699 quoniam
2657 3637 2842 3699 postea
2861 3628 3128 3682 contraria
3153 3627 3423 3695 sapientes
3435 3641 3601 3695 appa-

2030 3732 2270 3788 ruerunt,
2297 3723 2384 3776 alii
2398 3721 2613 3790 quidem
2634 3719 2757 3783 vivi,
2774 3717 2862 3771 alii
2885 3726 3064 3771 autem
3079 3723 3201 3786 post
3221 3724 3446 3769 mortem
3470 3729 3600 3767 ana-

2033 3814 2362 3871 thematizati
2383 3820 2507 3866 sunt
2519 3827 2547 3864 a
2571 3811 2800 3863 Damaso
2811 3815 3008 3861 sancta:
3030 3805 3300 3860 memoria:
3313 3818 3447 3872 papa
3461 3811 3596 3856 anlt-

2031 3906 2233 3976 quioris
2247 3904 2507 3966 Romm,et
2519 3903 2585 3954 ab
2599 3897 2887 3954 universali
2902 3895 3200 3950 Sardicensi
3213 3893 3606 3964 synodo,prort

2034 4001 2257 4049 testatur
2283 4001 2498 4046 sanctus
2526 3988 2871 4043 Athanasius.
2913 3984 3017 4039 Sed
3056 3992 3112 4038 et
3152 3981 3606 4036 Chalcedonensis

2032 4092 2220 4141 sancta
2235 4082 2469 4155 synodus
2480 4081 2742 4135 Domuum
2760 4076 3056 4131 Antiochia:
3081 4073 3274 4126 factum
3293 4071 3603 4140 episcOpum

2033 4184 2156 4248 post
2179 4182 2406 4229 mortem
2421 4169 2812 4232 condemnavit,
2829 4165 2971 4235 quod
2985 4165 3157 4246 solum
3186 4178 3347 4216 ausus
3367 4164 3457 4214 est
3470 4159 3606 4214 scri-

2033 4247 2180 4329 bere,
2201 4271 2451 4332 oportere
2469 4259 2630 4313 taceri
2651 4257 2931 4311 duodecim
2954 4251 3182 4322 capitula
3196 4250 3366 4306 sancti
3394 4247 3603 4332 Cyrilli.

2107 4330 2368 4418 Quoniam
2426 4357 2602 4402 autem
2659 4344 2928 4399 Theodori
2983 4341 3292 4396 defensores
3345 4330 3610 4401 luerelici,

2036 4443 2180 4498 omni
2205 4439 2571 4511 propositione
2599 4445 2654 4490 et
2684 4443 2882 4488 conatu
2911 4431 3218 4486 excidentes
3236 4470 3251 4494 ,
3279 4435 3610 4497 praesumunt

2037 4534 2215 4588 dicere
2244 4529 2310 4583 ad
2355 4526 2724 4596 deceptionem
2768 4521 3127 4590 ignorantium
3153 4559 3166 4582 ,
3218 4516 3364 4586 quod
3405 4521 3610 4570 sancta:

406 4602 418 4620 ο
585 4602 596 4620 .
650 4602 666 4607 -
874 4602 883 4605 -
1122 4602 1135 4618 ,
1411 4602 1420 4608 ,
1525 4602 1530 4603 ,

350 4643 548 4710 μνήμης
578 4637 810 4712 κύριλλος
833 4634 865 4690 ἕ
864 4659 889 4688 ν
907 4658 1000 4691 τινι
1024 4639 1163 4712 μέρει
1183 4635 1448 4692 ἐπιστολῆς
1473 4638 1653 4688 τοῦτον
1681 4633 1923 4701 ἐπῄνεσεν

2041 4621 2311 4678 memoria:
2339 4617 2569 4690 Cyrillus
2591 4616 2644 4669 in
2675 4613 2853 4681 aliqua
2883 4619 3037 4680 parte
3064 4609 3304 4678 epistola:
3329 4607 3475 4661 illum
3501 4602 3612 4657 col-

351 4730 405 4778 ἑκ
445 4727 640 4781 πολλῶν
665 4723 1048 4790 ἀποδείκνυται,
1081 4721 1156 4777 ὅτι
1182 4725 1238 4776 ού
1265 4722 1532 4791 συμϐαίνει
1567 4720 1624 4774 τὸ
1661 4720 1825 4772 αὐτῶν
1853 4719 1937 4787 ἐγ-

354 4820 588 4890 χείρημα
616 4822 728 4875 τοῖς
766 4814 1038 4890 εἰρημένοις
1059 4813 1204 4885 παρὰ
1228 4817 1319 4864 τοῦ
1348 4811 1396 4862 ἐν
1425 4809 1580 4880 ἁγίοις
1616 4806 1857 4882 Κυρίλλον
1887 4807 1937 4858 ἐν

355 4904 613 4978 διαφόροις
632 4905 786 4959 αὐτοῦ
806 4904 970 4976 λόγοις
997 4904 1120 4957 κατὰ
1146 4908 1235 4957 τοῦ
1265 4899 1550 4958 δυσσεϐοῦς
1581 4897 1858 4974 Θεοδώρου,
1889 4896 1938 4948 ἐν

356 4991 426 5054 οἷς
453 4994 794 5070 ἀσεϐ.στερον
819 4994 963 5045 αὐτὸν
988 4997 1189 5046 πάντων
1213 4997 1313 5046 τῶν
1341 4987 1497 5042 ἄλλων
1525 4989 1781 5060 αἰρετικῶν
1806 4987 1938 5039 ἀπο·

353 5083 518 5148 δείξας
547 5079 671 5136 εἶναι
689 5121 703 5146 ,
750 5083 835 5133 οὐκ
860 5082 1070 5153 ἐνεγκὼν
1109 5080 1168 5133 τὸ
1213 5077 1396 5136 πλῆθός
1422 5095 1476 5130 τε
1500 5116 1513 5137 ,
1541 5077 1622 5128 καί
1651 5074 1707 5128 τό
1734 5073 1936 5144 μέγεθος

350 5184 449 5230 τῶν
484 5179 638 5230 αὐτοῦ
675 5175 1000 5246 βλασφημιῶν
1025 5181 1124 5227 τῶν
1151 5174 1414 5248 εἰρημένων
1452 5169 1577 5223 κατά
1601 5175 1687 5222 τοῦ
1716 5167 1935 5237 μεγάλου

353 5275 482 5323 Θεοῦ
510 5272 594 5321 καὶ
621 5275 849 5339 σωτῆρος
883 5269 1022 5335 ἡμῶν
1050 5263 1218 5322 Ἰησοῦ
1241 5269 1460 5337 Χριστοῦ
1491 5262 1826 5333 ἀπεφθέγξατο
1853 5260 1938 5312 οῦ-

353 5381 451 5419 τως
475 5361 653 5413 εἰπών’
685 5377 702 5408 ε
722 5359 932 5420 Ἐξέστη
955 5356 1200 5429 ὁούρανός
1223 5357 1301 5409 ἰπὶ
1325 5354 1510 5423 τούτῳ,
1531 5354 1613 5404 καί
1641 5349 1834 5422 ἔφριξεν
1855 5350 1936 5401 ἐπί

353 5449 507 5503 πλείω
531 5447 747 5524 σφόδρα,
786 5449 915 5517 λέγει
950 5443 1144 5520 κύριος.
1176 5443 1239 5496 Ὠ
1262 5451 1350 5502 τῆς
1373 5441 1658 5516 ἀπορρήτου
1689 5438 1931 5493 σκαιότη-

354 5558 460 5601 τος.
495 5536 536 5592 ώ
561 5539 799 5610 γλώσσης
825 5537 1072 5595 λαλούσης
1099 5532 1292 5588 ἀδικίαν
1320 5533 1448 5586 κατά
1471 5536 1562 5585 τοῦ
1594 5534 1740 5590 Θεοῦ,
1773 5527 1933 5581 καὶτὸ

356 5627 508 5700 γέρας
518 5629 786 5700 αἰρούσης.
802 5643 820 5674 ι
839 5627 938 5678 Καὶ
955 5624 1100 5677 πάλιν
1139 5640 1156 5670 ι
1177 5619 1388 5681 Ἐπίθες,
1403 5615 1655 5692 ἄνθρωπε,
1743 5620 1933 5669 σαυτοῦ

356 5717 556 5788 γλώττῃ
580 5715 736 5792 θύραν
776 5719 860 5769 καί
909 5713 1118 5785 μοχλόν.
1165 5717 1366 5765 Παῦσαι
1404 5710 1463 5763 τὸ
1503 5708 1648 5782 κέρας
1693 5708 1762 5766 εἰς
1807 5705 1936 5773 ὕψος

358 5811 595 5884 ἐπαίρων,
623 5811 707 5862 καί
731 5807 886 5861 λαλῶν
912 5803 1103 5860 ἀδικίαν
1139 5804 1266 5857 κατὰ
1295 5805 1384 5856 τοῦ
1415 5805 1561 5854 Θεοῦ.
1603 5797 1783 5870 Μέχρι
1808 5795 1938 5852 τίνος

361 5895 612 5969 ἐπιπηδᾷς
639 5899 1006 5961 ἀνεξικακοῦντι
1024 5899 1256 5968 Χριστῷ;
1285 5893 1352 5951 εἰς
1371 5896 1484 5944 νοῦν
1509 5887 1603 5958 ἔχε
1630 5891 1685 5942 τὸ
1709 5903 1936 5958 γεγραμ-

2038 4713 2308 4776 laudavit;
2358 4726 2428 4765 ex
2457 4707 2637 4763 multis
2665 4703 2995 4766 ostenditur,
3030 4701 3182 4769 ,quod
3205 4695 3319 4754 non
3359 4697 3612 4753 convenit

2040 4819 2225 4859 eorum
2254 4815 2519 4872 conamen
2564 4797 2717 4851 dictis
2758 4809 2788 4847 a
2818 4793 2876 4848 S.
2908 4790 3106 4862 Cyrillo
3145 4791 3196 4843 in
3243 4787 3468 4843 diversis
3496 4785 3612 4853 ejus

2039 4892 2188 4948 libris
2235 4899 2421 4944 contra
2470 4887 2690 4955 impium
2732 4882 3092 4946 Theodorum,
3141 4878 3413 4948 inquibus
3443 4876 3612 4941 magis

2041 4981 2258 5052 impium
2283 4979 2529 5034 omnibus
2545 4977 2662 5030 aliis
2678 4972 2943 5027 haereticis
2961 4986 3083 5024 eum
3099 4970 3406 5029 ostendens,
3419 4965 3611 5020 deinde

2044 5087 2151 5125 non
2173 5069 2442 5123 sustinens
2461 5065 2716 5136 plurimas
2745 5069 2802 5114 et
2830 5061 3089 5114 maximas
3118 5058 3232 5126 ejus
3255 5055 3611 5123 blaspheimas

2039 5156 2232 5215 contra
2261 5169 2509 5224 magnum
2525 5154 2690 5208 Deum
2718 5157 2775 5205 et
2803 5149 3134 5203 Salvatorem
3165 5152 3406 5199 nostrum
3428 5140 3611 5199 Jesum

2044 5249 2310 5304 Christum
2333 5246 2520 5307 dictas,
2543 5239 2883 5301 exclamavit,
2900 5237 2971 5289 ita
2993 5235 3201 5288 dicens:
3225 5251 3242 5283 ι
3266 5229 3604 5299 Εκρενὶιςω-

2044 5341 2151 5394 lum
2180 5352 2340 5407 super
2366 5335 2492 5397 hoc,
2517 5340 2573 5386 et
2595 5329 2803 5384 horruit
2830 5327 3056 5396 amplius
3086 5325 3453 5386 vehementer,
3482 5318 3612 5372 dicit

2045 5429 2321 5483 Dominus.
2370 5422 2415 5476 Ο
2444 5419 2830 5476 intolerabilem
2860 5414 3274 5478 malignitatem,
3320 5425 3354 5464 o
3379 5409 3608 5475 linguam

2037 5519 2346 5588 loquentem
2375 5511 2709 5578 iniquitatem
2732 5513 2916 5560 contra
2948 5504 3112 5559 Deum
3137 5540 3153 5564 ,
3195 5509 3250 5554 et
3289 5499 3341 5552 in
3371 5496 3610 5550 altitudi—

2038 5623 2159 5662 nem
2177 5619 2342 5659 cornu
2355 5597 2727 5656 extollentem!
2753 5615 2772 5647 ι
2792 5594 3080 5664 (Etiterum
3103 5608 3115 5643 :
3137 5611 3155 5641 ι
3175 5589 3411 5658 lmpone,
3427 5587 3612 5658 homo,

2042 5705 2144 5751 tum
2173 5695 2362 5762 lingua:
2396 5690 2588 5744 ostium
2613 5694 2669 5740 et
2693 5698 2888 5746 seram,
2919 5695 3069 5735 cessa
3094 5693 3261 5734 cornu
3291 5677 3342 5729 in
3372 5672 3610 5728 altitudi—

2041 5801 2164 5842 nem
2181 5782 2462 5845 extollens,
2482 5786 2537 5834 et
2555 5778 2780 5846 loquens
2798 5771 3130 5840 iniquitatem
3147 5769 3401 5823 adversus
3415 5765 3604 5818 Deum.

2044 5878 2330 5944 Quousque
2351 5869 2576 5927 insultas
2603 5865 2824 5938 patienti
2853 5862 3110 5919 Christo?
3157 5860 3214 5915 ln
3250 5865 3428 5912 mente
3468 5856 3612 5910 bubo
