4108 6440
563 387 693 450 ιοοξι

1861 391 2301 452 JUSTINIANI
2348 388 2501 450 IMP.

3684 382 3816 447 10132

570 510 713 578 μένον
732 496 867 572 παρά
886 501 973 549 τοῦ
995 496 1264 548 Θεσπεσίου
1280 494 1492 548 ῐισυλου·
1507 521 1577 533 -
1593 490 1743 547 οὕτω
1764 490 1818 546 δέ
1840 492 2131 567 ἁμαρτάνον·

2246 490 2502 559 scriptum
2527 505 2556 543 a
2587 492 2765 545 uivino
2792 491 2955 546 Paulo
2990 511 2999 545 :
3039 494 3128 546 Sic
3157 504 3325 548 autem
3351 506 3613 566 peccantes
3637 500 3688 551 in
3715 504 3813 565 {va-

567 605 648 645 τος
677 587 745 644 είς
772 587 891 644 τοὺς
916 583 1175 654 ἀδελφοὺς,
1204 587 1289 639 καί
1312 584 1616 643 πλήττοντες
1640 585 1804 637 αὐτῶν
1830 584 2141 635 ἀσθενοῦσαν

566 671 655 733 την
680 672 957 732 συνείδησιν
978 678 1047 733 εἰς
1070 684 1103 726 Χ
1110 675 1281 746 ριστὸν
1302 673 1715 747 ἁμαρτάνετε.-
1730 676 1818 727 Καὶ
1832 674 1911 725 ἶνα
1928 693 1975 725 τι
1997 676 2077 725 καί
2093 672 2142 725 ἔκ

566 773 882 836 προφητικῶν
909 766 1182 836 φθέγξωμαι
1224 765 1449 835 βιῆλίων,
1480 762 1845 821 -Ἐδικαιὼθη
1868 762 2061 834 Σόδομα
2090 764 2142 815 έκ

563 858 677 906 σοῦ.
708 882 775 891 -
801 858 1060 912 Νενίκηκας
1100 856 1191 912 τάς
1229 862 1327 908 τῶν
1364 853 1602 912 Ἑλλήνων
1642 855 2035 927 ἀθυροστομίας,
2081 852 2142 911 ἂς

568 944 863 1001 έποιήσαντο
895 948 1023 997 κατά
1061 951 1287 1016 Χριστοῦ
1310 984 1325 1005 ,
1354 949 1545 1014 μωρίαν
1575 946 1838 1013 ἡγούμενοι
1866 944 1950 995 τὸν
1976 964 2141 996 σταυ-

564 1034 670 1107 ρόν.
684 1033 839 1088 Οὐδέν
860 1032 977 1089 ὄντα
993 1032 1233 1098 διέδειξας
1254 1038 1317 1089 τά
1337 1032 1703 1093 τῆςἸουδακῆς
1720 1036 1955 1092 ἀπονοίας
1973 1033 2137 1104 ἐγκλή-

563 1144 721 1190 ματα.
746 1141 762 1173 ι
795 1125 996 1177 Τούτων
1016 1126 1177 1178 τείνυν
1197 1125 1357 1183 οἷ’τως
1386 1125 1467 1176 έπί
1494 1127 1788 1198 κατακρίσιι
1806 1128 1895 1177 τοῦ
1926 1123 2142 1181 ἀσεϐοῦς

563 1213 825 1286 Θεοῧὼρου
857 1216 958 1267 ὑπὸ
982 1221 1075 1269 τοῦ
1116 1217 1162 1267 ἐν
1190 1215 1300 1283 ἀκέο
1325 1235 1349 1274 ς
1390 1214 1632 1288 Κυρίλλου
1662 1214 1960 1288 εἰρημένων,
1994 1216 2035 1266 εί
2062 1215 2141 1265 καί

564 1303 672 1363 δοίη
693 1326 769 1363 τις
791 1308 918 1357 κατά
945 1308 1061 1363 τοὺς
1103 1306 1295 1358 ἐκείνων
1323 1306 1495 1375 λόγους
1528 1326 1609 1358 τον
1639 1306 1685 1355 ἐν
1716 1302 1876 1375 ἁγίοις
1916 1303 2140 1378 κύριλλον

564 1399 812 1469 εἰρηκέναι
840 1418 889 1450 τι
910 1398 1039 1470 ὑπὲρ
1069 1395 1352 1469 Θεοδώρου,
1380 1394 1494 1449 οὐδέ
1523 1403 1671 1449 τοῦτο
1698 1397 1964 1467 ὶξαιρείται
1993 1396 2141 1447 αὐτόν

562 1495 651 1545 τῆς
682 1490 1047 1557 κατακρίσεως.
1080 1486 1384 1557 Εὐρίσκομεν
1411 1489 1532 1557 γὰρ,
1565 1488 1630 1543 ὡς
1656 1485 1828 1537 πολλοὶ
1864 1491 1962 1537 τῶν
1988 1483 2139 1554 ἁγίων

566 1580 797 1651 πατέρων
840 1581 977 1636 τινάς
1006 1585 1105 1632 τῶν
1142 1578 1401 1648 αἷρετικῶν
1441 1574 1763 1638 ἀπεδέξαντο.
1797 1575 1974 1648 ὥσπερ
2005 1573 2137 1627 καὶὸ

564 1674 612 1721 ἐν
638 1668 793 1739 ἀγίοις
822 1671 1070 1738 Δάμασος,
1104 1670 1187 1719 καί
1214 1668 1519 1730 Ἀθανάσιος,
1550 1669 1632 1717 καί
1660 1663 1911 1723 Βασίλειος
1940 1662 2137 1716 ’Δπολι-

561 1757 761 1832 νάριον,
804 1762 887 1811 καὶ
923 1760 1055 1812 Λέων
1082 1756 1133 1811 δέ
1162 1757 1187 1810 ό
1216 1765 1306 1816 τῆς
1336 1756 1483 1827 ἁγίας
1520 1760 1713 1825 μνήμης
1759 1755 2018 1823 Εὐτυχέα.
2052 1756 2139 1805 καί

2248 588 2376 637 tres,
2411 589 2457 630 et
2484 580 2819 641 percutientes
2846 597 3019 633 eorum
3047 584 3311 650 inﬁrmam
3339 586 3731 652 conscientiam,
3761 590 3813 642 in

2246 666 2502 721 Christum
2530 672 2751 737 peccatis
2774 668 2829 740 (1
2859 669 2979 724 Cur.
3007 673 3138 741 vm).
3170 671 3235 724 Et
3260 682 3317 726 ut
3342 674 3538 743 aliquid
3562 677 3720 730 etiam
3748 694 3811 733 ex

2245 758 2575 827 propheticis
2602 760 2792 827 loquar
2818 760 3090 816 codicibus
3124 780 3135 814 :
3163 763 3462 833 Justiﬁcata
3489 776 3566 820 est
3590 767 3814 823 Sodoma

2242 866 2308 902 ea:
2336 858 2384 902 te
2407 848 2617 919 (Ezech.
2647 850 2775 919 xw),
2805 853 3071 919 superasti
3095 867 3417 922 paganorum
3448 858 3811 922 verbositates,

2243 956 2376 1007 quas
2398 950 2586 994 contra
2608 940 2877 995 Christum
2912 942 3171 1010 fecerunt,
3203 948 3482 1001 stultitiam
3511 951 3814 1006 existiman-

2254 1040 2335 1085 tes
2356 1047 2569 1086 crucem
2601 1031 2656 1103 (Ι
2682 1033 2801 1088 Cor.
2820 1038 2951 1105 vui),
2985 1037 3115 1090 nihil
3145 1053 3263 1092 esse
3288 1041 3565 1095 ostendisti
3588 1042 3816 1099 Judaicze

2243 1122 2505 1191 superbiae
2533 1124 2775 1199 crimina.
2808 1144 2826 1176 ι
2862 1123 2956 1180 His
3004 1128 3164 1196 igitur
3205 1129 3271 1181 ad
3317 1131 3815 1188 condemnationem

2247 1210 2515 1266 Theodori
2544 1214 2621 1267 sic
2640 1228 2669 1265 a
2691 1224 2877 1268 sancto
2898 1214 3097 1286 Cyrillo
3123 1217 3297 1285 dictis,
3330 1219 3453 1273 licet
3480 1221 3671 1291 aliquis
3689 1238 3813 1277 cou-

2240 1305 2433 1369 cedat,
2487 1306 2779 1360 secundum
2828 1307 3039 1362 illorum
3080 1310 3242 1363 verba
3288 1322 3530 1366 sanctum
3561 1313 3811 1385 Cyrillum

2242 1393 2437 1463 aliquid
2461 1410 2559 1463 pro
2582 1394 2867 1449 Theodoro
2887 1395 3104 1461 dixisse,
3138 1413 3311 1468 neque
3331 1400 3433 1454 hoc
3456 1400 3646 1455 liberat
3672 1402 3811 1455 illum

2240 1498 2271 1537 a
2301 1484 2763 1538 condemnatione.
2797 1484 3098 1539 Invenimus
3127 1486 3291 1552 enim,
3336 1488 3481 1558 quod
3512 1489 3666 1543 multi
3693 1506 3812 1543 ssn-

2241 1580 2449 1625 etorum
2482 1571 2697 1626 Patrum
2727 1572 2988 1640 quosdam
3029 1574 3310 1629 hmreticos
3356 1576 3810 1644 collaudaverunt,

2240 1664 2379 1717 sicut
2417 1672 2473 1718 et
2512 1664 2681 1719 sancti
2728 1665 2985 1719 Damasus
3030 1673 3084 1719 et
3130 1665 3450 1721 Athanasius
3492 1676 3549 1722 et
3596 1668 3813 1724 Basilius

2241 1758 2648 1829 Apollinarium,
2676 1768 2731 1814 et
2758 1768 2974 1814 sanctus
2996 1759 3216 1833 [sancte
3246 1761 3543 1833 memoriae]
3573 1761 3677 1817 Leo
3706 1761 3810 1817 Eu-

561 1849 697 1918 ὁμως
726 1846 895 1907 έπειδή
921 1852 1104 1921 φανερά
1138 1850 1329 1919 γέγονεν
1357 1849 1386 1904 ἡ
1425 1848 1613 1900 τούτων
1638 1846 1871 1909 ἀσέϐεια,
1914 1846 1997 1897 οὐκ
2035 1843 2131 1906 έξέ-

2242 1849 2432 1919 tycheu
2462 1866 2473 1901 :
2501 1856 2558 1903 et
2578 1857 2759 1903 tamen
2781 1850 2994 1918 cognita
3027 1866 3211 1903 eorum
3248 1851 3545 1921 impietate,
3568 1868 3671 1906 non
3694 1868 3812 1922 pro-

558 1963 709 2013 φυγον
754 1940 835 1995 διὰ
871 1947 961 1999 την
1005 1945 1243 1997 τοιαύτην
1293 1938 1559 2010 ἀποδοχήν
1599 1939 1842 2011 αἶρετικοί
1880 1941 1967 1993 τήν
2009 1936 2136 2005 μετά

557 2037 721 2085 ταῦτα
747 2034 817 2090 είς
845 2033 1022 2084 οίκεῖον
1048 2031 1322 2105 πρόσωπον
1349 2032 1431 2082 καί
1464 2035 1552 2085 την
1595 2029 1760 2081 αὐτῶν
1788 2027 2026 2080 ἀσέϐειαν
2054 2046 2137 2096 γε·

560 2123 763 2192 νομένην
796 2125 1090 2195 κατάκρισιν
1128 2141 1179 2177 τε
1225 2125 1307 2176 καὶ
1343 2119 1763 2191 ἀναθεματισμόν.
1808 2120 2035 2177 Τοσαύτη
2081 2118 2134 2173 δέ

558 2214 693 2268 έστιν
720 2216 749 2269 ἡ
783 2216 936 2281 μανία
971 2221 1068 2266 τῶν
1098 2211 1359 2281 Θεόδωρον
1389 2211 1742 2275 έκδικούντων,
1795 2208 1874 2263 ὅτι
1914 2211 2137 2277 τολμῶσι

557 2300 969 2373 καταψεύδεσθαι
993 2305 1074 2355 καί
1108 2304 1378 2377 Γρηγορίου
1407 2307 1496 2356 τοῦ
1523 2301 1750 2372 θεολόγον
1768 2343 1780 2365 ,
1806 2303 1888 2353 καί
1916 2300 2134 2353 Ἰωάννου

559 2402 651 2450 τοῦ
707 2394 1311 2461 Κωνσταντινουπὸλεως,
1365 2394 1431 2452 ὡς
1493 2393 1765 2450 ἕπιστολάς
1811 2392 1935 2467 πρὸς
1986 2390 2135 2444 αὐτόν

558 2482 813 2557 Θεόδωρον
851 2486 1249 2539 ἀποστειλάντων
1290 2485 1688 2557 πεπληρωμένας
1730 2484 1933 2536 ἐπαίνου
1957 2499 1968 2511 ⁸
2010 2479 2135 2554 ὅπερ

558 2575 779 2646 ’.ιεύδους
810 2578 920 2629 ίστί
963 2577 1165 2645 μεστόν.
1198 2575 1474 2650 Γρηγόριος
1626 2580 1743 2649 γὰρ,
1778 2572 1859 2628 ὅτε
1890 2576 2018 2649 ὑπέρ
2046 2583 2136 2633 τῆς

552 2670 785 2729 ἀληθείας
826 2670 875 2721 ἓν
917 2668 1431 2722 Κωνστοιντινουπόλει
1466 2668 1868 2737 ἀγωνισάμενος,
1903 2668 2130 2725 καὶτοὺς

558 2758 709 2817 λαοὺς
751 2758 850 2810 ἀπὸ
875 2765 966 2815 τῆς
1002 2763 1101 2810 τῶν
1136 2754 1400 2831 ’Δρειανῶν
1442 2756 1625 2813 πλάνης
1654 2756 1724 2813 εἰς
1763 2760 1851 2811 τήν
1880 2753 2134 2827 όρθόδοξον

558 2856 734 2904 πίστιν
780 2848 1094 2923 έπιστρέψας
1135 2851 1207 2908 είς
1239 2853 1329 2906 τήν
1366 2848 1550 2901 οἰκείαν
1598 2847 1837 2903 ίπανῆλθε
1884 2845 2129 2921 πατρίδα,

554 2944 651 2998 τὰς
677 2942 820 3005 ποιρά
848 2945 945 2992 τῶν
987 2939 1246 3015 αἰρετικῶν
1284 2940 1572 3009 κακούργως
1609 2937 1979 3011 προφερομένας
2018 2933 2133 2990 έπε-

557 3030 739 3088 στολάς
766 3030 822 3099 οὐ
852 3030 977 3102 πρὸς
1000 3026 1251 3102 Θεόδωρον
1272 3029 1352 3080 τὸν
1379 3025 1988 3101 Μοψουεστιαςῖγραψεν,
2013 3027 2134 3080 ἀλλὰ

556 3121 682 3192 πρὸς
709 3116 961 3191 Θεόδωρον
990 3119 1268 3172 έπίσκοπον
1292 3119 1517 3183 Τυάνων,
1549 3120 1660 3177 ἥτις
1696 3119 1806 3174 ἔστί
1846 3126 1932 3178 τῆς
1961 3117 2132 3172 δευτέ-

2238 1946 2357 2008 pter
2384 1938 2487 1993 hoc
2509 1947 2794 1993 evaserunt
2824 1939 3058 1994 hzeretici
3080 1940 3585 1995 condemnationem
3615 1949 3669 1995 et
3688 1957 3813 1994 ana-

2238 2028 2457 2091 thema,
2513 2028 2656 2097 quod
2708 2036 2895 2098 postea
2940 2038 3129 2083 contra
3182 2045 3369 2085 eorum
3426 2047 3709 2101 personam
3759 2040 3810 2084 et

2237 2118 2563 2187 impietatem
2594 2116 2790 2172 factum
2830 2127 2929 2173 est.
2980 2119 3183 2174 Tantus
3216 2130 3393 2174 autem
3423 2130 3505 2175 est
3533 2121 3679 2175 furor
3717 2121 3809 2175 de-

2236 2209 2566 2263 fendentium
2610 2206 2986 2278 Theodorum,
3033 2211 3155 2281 quia
3186 2218 3517 2280 przesumunt
3562 2210 3809 2264 adversus

2234 2298 2549 2367 Gregorium
2595 2298 2924 2367 theologum,
2955 2306 3009 2354 et
3037 2299 3297 2355 Joannem
3323 2300 3809 2369 Constantinopoli-

2237 2398 2418 2443 tanum
2449 2390 2684 2451 mentiri,
2717 2389 2958 2444 dicentes
2984 2391 3240 2459 epistolas
3268 2389 3336 2445 ad
3363 2390 3611 2445 eumdem
3639 2388 3806 2443 Theca

2236 2480 2423 2533 dorum
2448 2481 2633 2549 plenas
2662 2478 2836 2533 laudis
2864 2493 2960 2535 eos
2988 2480 3248 2535 direxisse
3274 2498 3287 2532 :
3318 2481 3463 2549 quod
3494 2481 3679 2533 falsum
3708 2486 3802 2531 est.

2236 2569 2524 2638 Gregorius
2549 2572 2714 2636 enim,
2742 2587 2865 2626 cum
2894 2572 2945 2625 in
2968 2571 3437 2640 ConstantinOpoli
3468 2587 3564 2641 pro
3589 2572 3806 2624 veritate

2236 2660 2485 2714 laborans
2506 2698 2521 2723 ,
2569 2662 2845 2716 conversis
2886 2676 2983 2731 per
3024 2676 3146 2716 eum
3184 2661 3253 2715 ab
3282 2662 3482 2717 Ariana
3510 2663 3709 2716 insania
3742 2659 3805 2712 ad

2234 2750 2551 2805 catholicam
2580 2750 2738 2805 ﬁdem
2769 2752 2980 2822 populis
3000 2793 3014 2816 ,
3040 2752 3107 2807 ad
3133 2768 3282 2807 suam
3314 2754 3544 2823 patriam
3570 2765 3805 2806 reversus

2233 2851 2335 2907 est,
2367 2843 2621 2913 epistolas
2649 2859 2784 2913 quas
2813 2845 3047 2900 hmretici
3067 2844 3254 2900 dolose
3276 2844 3575 2915 proferunt,
3609 2859 3709 2897 non
3740 2840 3803 2893 ad

2236 2935 2575 2991 Theodorum
2603 2936 3039 3007 Mopsuestenum
3069 2938 3311 3006 scripsit,
3342 2937 3442 2991 sed
3471 2936 3538 2990 ad
3568 2932 3802 2989 Theodo-

2234 3042 2351 3081 rum
2374 3028 2685 3097 episcopum
2710 3027 3069 3099 Tyanensem,
3089 3042 3208 3096 qua:
3235 3036 3316 3083 est
3336 3028 3585 3083 secundae
3608 3024 3801 3093 Cappa.

2233 3119 2402 3175 docia:
2431 3119 2762 3187 metropolis.
2793 3117 3043 3187 Ejusdem
3072 3128 3253 3173 autem
3284 3117 3572 3187 provincia:
3604 3120 3723 3168 sunt
3750 3118 3801 3163 et

557 3227 653 3279 ρας
682 3204 1035 3261 Καππαδόκων
1058 3208 1384 3281 μητρόπολις.
1410 3212 1511 3266 Τῆς
1535 3205 1587 3261 δέ
1610 3208 1764 3266 αὐτῆς
1788 3210 1967 3280 χώρας
1996 3210 2131 3261 ἆστὶν

2234 3208 2528 3264 Nazianzus
2547 3209 2755 3273 civitas,
2778 3208 2927 3277 cujus
2950 3208 3122 3263 fuerat
3149 3208 3431 3278 episcopus
3454 3208 3590 3263 idem
3611 3210 3799 3259 sancta!

557 3302 586 3354 η
618 3300 926 3361 Ναζιαζός,
978 3295 1034 3357 ἧς
1080 3299 1273 3370 γέγονεν
1320 3298 1597 3358 ὄπισκοπος
1636 3297 1661 3351 ὁ
1700 3300 1845 3356 αὐτός
1872 3302 1921 3352 ὲν
1969 3298 2129 3369 ἁγίοις

556 3385 846 3461 Γρηγόριος,
880 3389 958 3438 καί
982 3388 1227 3460 ’Δριανζὸς
1254 3388 1312 3441 τό
1346 3390 1555 3459 χωρίον.
1587 3383 1693 3440 ὅθεν
1719 3390 1940 3460 ὡρμᾶτο.
1970 3395 2129 3443 Τοῦτο

556 3480 655 3550 γὰρ
682 3479 769 3529 καί
796 3478 945 3530 αὐταί
971 3484 1141 3547 σαφῶς
1171 3475 1404 3534 δηλοῦσιν
1426 3478 1475 3530 αί
1504 3478 1795 3542 ίπιστολαί,
1825 3482 2130 3551 μεμνημέναι

556 3567 737 3627 έονῶν,
782 3568 863 3618 καί
887 3563 1139 3629 συνόδων,
1171 3570 1253 3619 καί
1290 3572 1379 3619 τοῦ
1426 3568 1583 3620 αὐτοῦ
1630 3570 1823 3644 χωρίου
1850 3565 2127 3643 Ἄριανζοῦ,

556 3660 642 3710 καί
670 3656 851 3729 έτέρων
880 3659 1084 3730 χωρίων
1128 3665 1217 3715 τῆς
1256 3659 1409 3718 αὐτῆς
1455 3659 1745 3731 έπαρχίας,
1778 3663 1862 3713 καί
1889 3661 2041 3731 μηνὸς

558 3746 824 3818 ἐπιχωρίῳ
888 3742 1129 3817 διαλέκτῳ
1188 3744 1527 3801 Καππαδόκων
1597 3751 1993 3818 ὠνομασμένων,
2045 3754 2131 3805 καί

562 3837 833 3908 Βοσπορίου
861 3834 1134 3889 ἐπισκόπου
1174 3836 1261 3889 ὑπ’
1294 3836 1445 3889 αὐτὸν
1474 3836 1732 3897 τελοῦντος
1765 3838 2012 3899 Κολωνίας
2040 3848 2129 3901 τῆς

557 3925 766 3984 πόλεως,
794 3928 878 3978 καί
904 3926 1086 4000 έτέρων
1115 3924 1425 3989 ίπισκόπων,
1456 3931 1540 3980 καί
1567 3928 1976 4001 χωρεπισκόπων
1995 3972 2009 3995 ,
2050 3937 2130 3987 καί

555 4018 901 4088 μοναστηρίων
930 4016 1032 4069 ὑπὸ
1065 4018 1147 4071 τόν
1172 4017 1323 4070 αὐτόν
1350 4017 1622 4071 τελούντων
1647 4017 1899 4093 Θεόδωρον
1937 4043 2126 4093 μνημο-

554 4108 819 4165 νεύουσαι,
849 4102 912 4159 ὧν
944 4108 1029 4159 καί
1069 4106 1233 4179 μέχρι
1258 4112 1343 4159 νῦν
1384 4110 1602 4170 σὼζεται
1643 4110 1707 4162 τὰ
1739 4108 1973 4178 ὀνόματα.
2005 4115 2125 4166 Ποία

554 4191 606 4246 δέ
632 4197 877 4264 μετουσία
908 4194 1278 4255 Καππαδόκαις
1315 4197 1444 4270 πρὸς
1472 4199 1589 4255 τοὺς
1616 4205 1705 4258 τῆς
1733 4196 1974 4273 δευτέρας
2001 4201 2125 4256 κιλι-

555 4288 666 4345 τείως
694 4284 724 4345 ἧ
751 4288 864 4340 τότε
911 4285 940 4344 ἦ
978 4293 1067 4339 νῦν
1102 4288 1368 4358 ὑπάρχει,
1408 4286 1858 4366 διαμεμερισμένης
1894 4302 1985 4353 τῆς
2028 4302 2125 4348 τῶν

557 4379 825 4446 ἐπαρχιῶν
860 4378 1048 4430 τούτων
1083 4374 1395 4442 διοικήσεωςς
1428 4378 1457 4436 ἦ
1487 4383 1670 4439 ποίους
1709 4382 2014 4442 ἐπισκόπους
2043 4384 2125 4455 ὑφ’

558 4467 733 4517 έαυτόν
759 4464 901 4537 ἔχειν
922 4464 1138 4525 ἠδύνατο
1179 4464 1204 4520 ὁ
1246 4468 1602 4538 Μοψσυεστίας
1629 4471 1931 4539 ἐπίσκοπος,
1975 4476 2125 4534 αὐτὸς

2232 3300 2506 3355 memoria:
2530 3298 2840 3366 Gregorius,
2884 3306 2939 3352 et
2966 3298 3223 3352 Arianzus
3251 3296 3528 3366 prmdium,
3554 3292 3689 3347 unde
3716 3304 3797 3344 or-

2232 3400 2319 3447 tus
2348 3391 2545 3445 fuerat.-
2571 3389 2686 3446 Hoc
2711 3391 2853 3445 enim
2884 3399 2939 3445 et
2967 3391 3095 3459 ipsa:
3124 3388 3366 3459 epistolae
3393 3396 3580 3458 aperte
3601 3380 3796 3453 signiﬁ-

2230 3490 2384 3547 cant,
2433 3481 2747 3535 memoriam
2791 3478 3049 3535 facientes
3088 3478 3533 3533 consuetudinum
3562 3483 3615 3529 et
3641 3473 3794 3529 coll?

2230 3573 2488 3634 ctionum,
2519 3577 2574 3625 et
2600 3570 2837 3639 ejusdem
2863 3569 3045 3639 praedii
3072 3570 3301 3635 Arianzi,
3335 3577 3392 3623 et
3415 3569 3637 3623 aliorum
3669 3574 3770 3632 pne

2236 3663 2447 3717 diorum
2494 3663 2737 3731 ejusdem
2787 3664 3111 3733 provinciaa,
3169 3671 3221 3715 et
3268 3662 3470 3715 mensis
3519 3652 3793 3713 vernacula

2237 3753 2414 3819 lingua
2437 3752 2812 3822 Cappadocum
2843 3751 3120 3816 nominati,
3142 3762 3195 3805 et
3226 3749 3509 3819 Bosphorii
3533 3738 3792 3821 [Bospori]

2231 3840 2467 3910 epiicopi
2518 3842 2618 3894 sub
2646 3840 2835 3894 eodem
2864 3836 3150 3893 Theodoro
3178 3839 3493 3902 constituti,
3541 3834 3631 3902 qui
3671 3840 3793 3883 tunc

2230 3930 2485 3999 temporis
2504 3929 2743 3983 Coloniae
2770 3930 2998 3983 civitatis
3025 3927 3261 3997 ejusdem
3289 3927 3575 3997 provincia:
3596 3921 3794 3990 episcoo

2228 4036 2328 4087 pus
2356 4028 2504 4084 erat,
2536 4029 2590 4075 et
2618 4020 2846 4074 aliorum
2876 4022 3270 4090 episcoporum,
3301 4028 3356 4073 et
3384 4015 3789 4085 chorepiscopo‘

2194 4102 2195 4105 “
2230 4126 2346 4164 rum
2370 4149 2384 4171 ,
2432 4119 2486 4164 et
2533 4112 3012 4174 monasteriorum,
3060 4125 3179 4177 qua:
3205 4110 3304 4165 sub
3334 4105 3603 4163 Theodori
3638 4099 3792 4169 jul'iP

2226 4199 2462 4253 dictione
2489 4207 2641 4252 erant
2665 4236 2680 4265 ,
2726 4212 2954 4267 quorum
2984 4214 3151 4267 usque
3182 4213 3321 4252 nunc
3361 4198 3549 4252 eadem
3581 4188 3786 4245 nomina

2227 4298 2524 4343 servantur.
2556 4288 2740 4355 Qualis
2763 4304 2925 4358 porro
2958 4290 3263 4345 communio
3298 4283 3702 4359 Cappadocibus
3726 4275 3790 4329 ad

2226 4378 2515 4432 secundam
2543 4376 2803 4444 Ciliciam,
2829 4379 2911 4433 vel
2939 4386 3085 4445 tunc,
3118 4379 3201 4434 vel
3240 4379 3400 4435 modo
3429 4376 3594 4432 divisa
3614 4380 3787 4425 earum

2228 4468 2622 4536 provinciarum
2649 4468 3081 4535 gubernatione?
3127 4466 3193 4523 Et
3220 4484 3354 4538 quos
3383 4467 3661 4538 episcopos
3694 4456 3788 4513 sub

555 4551 657 4605 ὑπὸ
675 4554 760 4605 τόν
779 4562 868 4611 τῆς
887 4555 1037 4613 αὐτῆς
1066 4553 1306 4627 δευτέρας
1331 4557 1540 4616 Κιλικίοις
1560 4560 1928 4631 μητροπολίτην
1948 4564 2126 4627 τελῶν;

2233 4575 2290 4614 se
2320 4560 2517 4614 habere
2538 4567 2749 4629 poterat
2776 4559 3183 4629 Mopsuestenus
3203 4561 3509 4629 episcopus,
3541 4566 3658 4609 cum
3680 4549 3787 4617 ipse

562 4645 782 4703 Ἰωάννης
825 4641 877 4697 δέ
921 4643 946 4697 ὁ
990 4644 1553 4709 ιωνσταντινουπόλιως
1599 4646 1816 4723 ἔγραψεν
1863 4650 2131 4712 έπιστολην

557 4732 682 4806 πρὸς
711 4731 965 4807 Θεόδωρον
1003 4737 1089 4787 τὸν
1118 4734 1507 4805 Μοψουεστίας,
1534 4740 1623 4791 οὐκ
1648 4740 1858 4795 έπαίνων
1887 4740 1939 4797 δέ
1959 4786 1973 4808 ,
2006 4744 2130 4799 ἀλλά

554 4821 792 4892 μέμψεων
812 4831 895 4875 καὶ
932 4825 1268 4892 ἐπιτιμήσεων
1295 4821 1457 4881 οὖσαν
1483 4836 1691 4898 μεστὴν,
1728 4834 1794 4889 ὡς
1831 4832 2128 4895 έκπεσὸντος

555 4913 706 4965 αὐτοῦ
740 4920 832 4971 τῆς
856 4912 1162 4973 θεοσεϐείας.
1200 4921 1517 4977 Συνασκὰσας
1543 4921 1642 4993 γὰρ
1669 4922 1801 4989 αὐτῷ
1827 4922 1909 4976 τόν
1938 4928 2126 4999 μονήρη

555 5005 665 5071 βίον
693 5004 740 5057 έν
765 5003 834 5057 ένί
861 5008 941 5057 καί
964 5011 1036 5076 τῷ
1064 5006 1203 5073 αὐτῷ
1230 5011 1573 5082 μοναστηρίῳ,
1602 5020 1691 5072 τῆς
1720 5012 1883 5066 ἐκεῖσε
1915 5013 2124 5069 συνδιαο

553 5102 718 5167 γωγῆε
746 5096 1101 5168 ἀναμιμνήσκει
1126 5098 1295 5151 αὐτόν.
1329 5103 1415 5151 Καί
1441 5105 1607 5154 ταῦτα
1634 5111 1885 5177 μαρτυρεῖ
1905 5105 2120 5173 Σωζὸμεο

552 5207 650 5248 νος,
678 5189 759 5239 καί
777 5184 1043 5256 ἰισύχιος,
1073 5190 1158 5241 καί
1179 5193 1473 5259 Σωκράτης,
1502 5196 1587 5245 καί
1612 5191 1922 5267 θεοδὼριτος
1947 5195 1972 5247 ὁ
1997 5196 2120 5249 πολ-

551 5277 661 5336 λοὺς
694 5278 823 5350 ὑπέρ
860 5275 1116 5347 Θεοδώρου
1145 5277 1319 5349 λόγους
1341 5300 1390 5333 τε
1420 5283 1503 5334 καί
1531 5282 1765 5342 ἐπαίνους
1794 5280 2031 5343 έκτείνας.
2064 5288 2124 5337 Εἰ

550 5365 604 5420 δέ
641 5369 948 5441 προφέρουσι
985 5372 1272 5443 μαρτυρίας
1294 5368 1513 5424 Ἰωάννου
1561 5378 1655 5424 τοῦ
1694 5368 2004 5443 ’Δντιοχείας
2042 5379 2124 5429 καί

550 5467 641 5517 τῆς
664 5458 749 5512 ὑπ’
776 5460 930 5513 αὐτὸν
970 5460 1257 5535 ἀνατολικῆς
1298 5458 1544 5525 συνόδου,
1594 5461 1725 5533 ὑπὲρ
1754 5460 2012 5536 Θεοδώρου
2041 5468 2125 5519 καὶ

550 5557 641 5607 τῆς
669 5550 817 5603 αὑτοῦ
846 5550 1078 5609 ἀσεϐείας
1125 5552 1419 5619 γενομένης,
1469 5545 1654 5620 ἀνάγκη
1693 5552 1873 5610 αὐτοὺς
1921 5553 2123 5606 κάκεῖνα

550 5638 810 5701 δέξασθαι,
842 5640 973 5715 ἅπερ
1003 5640 1120 5695 ὅσον
1148 5642 1203 5694 τό
1223 5661 1277 5712 γε
1315 5642 1394 5695 ἐπ’
1417 5644 1593 5701 αὐτοῖς
1622 5645 1690 5702 είς
1718 5644 2006 5717 κατάκρισιν
2034 5652 2121 5699 τοῦ

550 5728 601 5778 ἄν
627 5727 785 5797 ἁγίοις
816 5731 1050 5803 κυρίλλου
1074 5770 1090 5793 ,
1123 5734 1207 5783 καὶ
1233 5730 1469 5788 ἀθέτησιν
1510 5739 1599 5791 τῆς
1629 5732 1777 5808 ὀρθῆς
1821 5737 2046 5793 πίστεως
2075 5736 2119 5788 οἱ

552 5819 667 5889 περὶ
698 5815 914 5876 Ἰωάννην
941 5820 1235 5890 ίτὰλμησαν·
1267 5821 1352 5872 καί
1382 5818 1512 5893 ἅπερ
1554 5818 1808 5894 ἔγραψαν,
1852 5822 2119 5897 Νεστόρεον

2232 4652 2331 4706 sub
2354 4651 2763 4721 metropolitano
2788 4654 3039 4708 secundae
3060 4654 3259 4709 Cilicia:
3281 4654 3601 4709 constitutus
3620 4637 3788 4698 esset?

2228 4739 2463 4796 Joannes
2490 4748 2669 4796 autem
2694 4740 3316 4811 Constantinopolitanus
3342 4741 3554 4812 scripsit
3581 4730 3785 4804 quidem

2229 4831 2510 4901 epistolam
2538 4832 2605 4887 ad
2633 4828 2972 4888 Theodorum
2995 4833 3446 4904 Mopsuestenum,
3480 4845 3585 4886 non
3616 4830 3785 4879 tamen

2228 4923 2495 4990 laudibus,
2517 4923 2611 4978 sed
2637 4925 2985 4992 querimoniis
3012 4935 3069 4979 et
3090 4925 3543 4996 increpationibus
3563 4917 3781 4988 plenam,

2230 5025 2289 5069 ut
2332 5025 2458 5084 pote
2506 5014 2596 5070 illo
2640 5031 2669 5069 a
2700 5016 2841 5071 bona
2880 5018 3291 5073 conversatione
3337 5006 3579 5089 [pietate]
3621 5006 3779 5070 Ι³Ρ⁵⁰ο

2229 5103 2489 5169 Quoniam
2538 5106 2679 5158 enim
2730 5120 2849 5159 cum
2894 5120 2960 5159 eo
2999 5104 3364 5161 monachicam
3396 5094 3557 5157 vitam
3604 5095 3653 5182 in
3682 5099 3783 5182 υξξίξ

2229 5192 2524 5260 eodemque
2566 5195 2892 5247 monasterio
2924 5195 3200 5260 exercuit,
3248 5181 3669 5247 conversationis
3713 5175 3780 5228 ibi

2230 5282 2381 5337 facta:
2410 5298 2530 5337 eum
2578 5283 2856 5339 admonuit
2884 5302 2894 5337 :
2928 5294 2981 5340 et
3016 5300 3113 5354 pro
3143 5286 3227 5340 his
3273 5280 3625 5340 testimonium
3655 5279 3782 5337 PF‘B‘

2228 5373 2357 5427 bent
2380 5373 2730 5438 Suzomenus,
2754 5385 2806 5430 et
2834 5375 3146 5446 Hesychius,
3176 5385 3230 5431 et
3253 5376 3519 5433 Socrates,
3544 5374 3595 5419 et
3616 5359 3779 5446 Thcoe

2224 5465 2463 5528 doretus,
2487 5468 2577 5536 qui
2604 5468 2799 5522 multas
2822 5483 2918 5540 pro
2932 5445 3218 5523 Theodoro
3247 5468 3518 5523 orationes
3536 5465 3589 5511 et
3610 5445 3781 5544 laude,

2225 5556 2370 5612 fecit.
2414 5558 2470 5613 Si
2501 5568 2677 5616 autem
2724 5561 3027 5615 testimonia
3058 5559 3335 5628 proferunt
3361 5548 3577 5611 Joannis
3605 5542 3779 5628 Antio.

2224 5647 2405 5713 ebeni,
2438 5657 2493 5701 et
2521 5649 2808 5703 Orientalis
2843 5625 3181 5704 concilii-sub
3210 5665 3275 5704 eo
3302 5635 3606 5703 constituti,
3648 5625 3777 5680 fac“

2224 5751 2322 5803 pro
2344 5735 2652 5803 Theodoro,
2683 5747 2736 5792 et
2763 5739 2881 5807 ejus
2909 5739 3205 5808 impietate,
3238 5747 3457 5791 necesse
3485 5733 3564 5781 εει
3590 5730 3679 5808 eo?
3725 5714 3776 5808 cf

2224 5791 2313 5878 illa
2354 5827 2625 5896 suscipere
2638 5791 2663 5894 ί,
2710 5791 2892 5898 quaeq
2904 5791 3162 5898 quantum
3192 5791 3259 5881 ad
3287 5825 3405 5880 illos
3427 5802 3685 5893 perduci)
3711 5791 3774 5848 ²¹²

1955 6423 2583 6432 Ἥ
