4108 6486
318 448 456 513 1033

1392 451 1626 514 LIBER
1665 455 2062 516 ADVERSUS
2095 454 2518 515 OlilGENEM.

3417 453 3553 520 103i.

323 570 401 620 καί
424 573 512 626 τήν
537 569 697 623 αὑτοῦ
724 569 1009 634 κακοδοξίαν
1038 575 1121 628 ἐπί
1151 575 1390 630 πλεῖστον
1429 579 1616 648 χρόνον
1643 576 1886 632 ἐκδικοῦν-

1990 579 2488 635 condemnattonem
2536 583 2704 636 sancti
2751 581 2970 652 Cyrilli,
3023 592 3078 638 et
3116 584 3548 654 reprobationem

327 679 425 718 εις.
455 661 542 712 καί
568 667 718 714 τοῦτο
740 659 996 716 δείκνυται
1019 664 1069 716 ἐκ
1096 663 1340 738 διαφόρων
1364 668 1524 720 αὐτῶν
1551 667 1706 736 λόγων
1730 687 1783 721 τε
1805 670 1886 721 καί

323 749 595 804 επιστολῶν
628 752 753 822 πρὸς
780 751 1046 807 Θεοδόσιον
1074 756 1155 808 τόν
1183 765 1273 814 τῆς
1299 756 1536 814 εὐσεϐοῦς
1561 757 1743 819 λήξεως
1761 795 1775 820 ,
1807 759 1888 809 καί

322 840 521 911 ίτίρους
547 839 816 916 διαφόρους
841 853 1145 916 γραφεισῶν.

1990 679 2150 722 recta:
2196 668 2313 723 ﬁdei
2358 669 2597 725 fecerunt
2633 670 2864 726 Joannes
2889 682 2944 726 et
2969 674 3059 740 qui
3088 688 3208 727 cum
3249 675 3338 728 illo
3368 686 3543 740 erant,

1994 771 2093 812 nec
2121 773 2227 812 non
2257 759 2417 813 etiam
2457 775 2575 828 quae
2617 761 2962 828 scripserunt.
3012 760 3309 815 Nestorium
3339 771 3394 817 et
3432 763 3548 832 ejus

1996 845 2270 913 perﬁdiam
2299 846 2497 901 diutius
2525 848 2887 902 defendentes.
2935 848 3000 901 Et
3027 850 3130 903 hoc
3157 853 3451 905 ostenditur
3478 867 3547 907 ex

1993 938 2218 992 diversis
2239 953 2422 993 eorum
2453 939 2598 993 libris
2645 947 2698 992 ct
2737 940 3004 1008 epistolis,
3043 957 3175 1010 quas
3203 941 3267 994 ad
3298 940 3545 997 Theodo-

321 1019 451 1074 sium
478 1019 580 1087 pia:
609 1021 997 1077 recordationis
1019 1063 1035 1087 ,
1088 1030 1142 1077 et
1189 1023 1256 1077 ad
1304 1025 1439 1079 alios
1479 1025 1717 1082 diversos
1753 1027 2097 1097 scripserunt.

390 1115 475 1164 καὶ
505 1119 673 1166 ταῦτα
701 1115 788 1183 μὲν
817 1114 996 1172 οὕτως·
1025 1115 1108 1169 ἵνα
1136 1114 1189 1169 δὲ
1218 1114 1367 1187 μηδὲν
1393 1125 1483 1177 τῆς
1505 1119 1762 1192 ἀκριϐείας
1788 1139 1886 1172 πα-

321 1201 634 1274 ραλείψωμεν
655 1242 670 1262 .
719 1206 987 1274 ἀναγκαῖον
1029 1207 1330 1273 ἐνομίσαμεν
1367 1211 1640 1276 μνησθῆναι
1674 1212 1758 1262 καί
1791 1217 1887 1263 τῶν

320 1293 600 1363 γραφέντων
621 1297 766 1365 παρὰ
793 1295 1123 1366 Δύγουστίνου
1152 1302 1244 1351 τοῦ
1272 1305 1362 1356 τῆς
1385 1297 1528 1358 ὁσίας
1549 1304 1745 1368 μνήμης
1773 1302 1885 1354 ἐπι-

319 1387 512 1440 σκόπου
550 1385 600 1438 iv
625 1395 824 1461 ’Λφρικῇ
851 1389 1130 1459 γενομένου.
1170 1393 1434 1451 Ζητήσεως
1469 1381 1568 1468 γοίρ
1606 1413 1736 1454 τινος
1767 1397 1886 1469 περὶ

322 1477 625 1531 ιαικιλιανοῦ
653 1479 782 1546 μετά
808 1479 1016 1532 θάνατον
1042 1481 1197 1534 αὐτοῦ
1241 1482 1543 1547 κινηθείσης,
1593 1486 1660 1543 ὡς
1690 1493 1779 1544 τῆς
1808 1487 1885 1537 ἐκν-

323 1564 670 1624 κλησιαστικῆς
698 1566 1110 1643 παρατραπίντος
1135 1568 1483 1644 παραδόσεως,
1510 1572 1593 1625 καί
1613 1593 1753 1626 τινων
1777 1575 1888 1628 τού-

325 1672 410 1707 εου
441 1651 600 1728 χάριν
639 1657 973 1728 χωρισὰντων
1008 1656 1217 1716 ἑαυτούς
1255 1658 1358 1712 οἰπό
1397 1666 1487 1720 τῆς
1516 1661 1768 1722 καθολικῆς
1807 1663 1889 1714 ἔκ-

320 1745 553 1805 κλησίας.
597 1744 775 1820 γράφει
836 1750 960 1820 πρὸς
1001 1755 1284 1818 Βονιφὰτιον
1335 1749 1362 1803 ὁ
1409 1752 1558 1810 αὐτὸς
1604 1759 1693 1811 τῆς
1740 1753 1886 1812 ὁσίας

321 1836 517 1903 μνήμης
543 1836 902 1903 Δύγουστῖνος.
935 1836 1000 1892 ὡς
1027 1836 1116 1887 ούκ
1143 1833 1248 1910 ἔδει
1276 1839 1410 1895 τινὰς
1440 1836 1524 1891 διὰ
1551 1845 1700 1892 τοῦτο
1723 1842 1887 1913 χωρί-

2062 1115 2125 1169 Ει
2149 1117 2262 1170 Ι]ωο
2283 1117 2494 1185 quidem
2522 1116 2601 1171 sic
2626 1131 2684 1170 se
2711 1116 2927 1171 habent.
2964 1115 3029 1170 Ut
3056 1126 3232 1173 autem
3265 1120 3390 1174 nihil
3415 1121 3545 1176 sub-

1991 1207 2198 1260 tilitatis
2212 1206 2693 1274 praetermittamus,
2725 1208 3078 1261 necessarium
3108 1211 3406 1276 putavimus
3434 1227 3544 1266 me-

1990 1312 2202 1350 morare
2241 1297 2403 1350 etiam
2422 1294 2505 1346 illa
2521 1309 2640 1362 qua:
2654 1294 2722 1347 ab
2739 1294 3035 1364 Augustino
3053 1307 3249 1353 sancta:
3277 1302 3544 1354 memoriae

1990 1384 2237 1439 Africano
2261 1386 2515 1453 episcopo
2559 1387 2756 1455 scripta
2783 1395 2926 1440 sunt.
2956 1387 3257 1452 Quaestione
3285 1391 3423 1443 enim
3445 1392 3547 1445 ali-

1987 1488 2090 1541 qua
2116 1482 2238 1542 post
2265 1482 2489 1527 mortem
2535 1473 2798 1528 Caeciliani
2827 1474 2892 1528 de
2921 1489 2986 1528 eo
3011 1484 3172 1539 mota,
3200 1478 3340 1544 quod
3362 1478 3427 1531 ab
3455 1494 3548 1532 ec-

1987 1565 2282 1620 clesiastica
2311 1565 2596 1618 traditione
2619 1563 2908 1618 declinasse
2935 1565 3224 1631 dicebatur,
3253 1576 3306 1621 et
3331 1579 3549 1637 propter

1986 1654 2089 1708 hoc
2115 1653 2425 1721 quihusdam
2447 1668 2475 1706 a
2505 1654 2765 1709 catholica
2794 1653 3030 1708 Ecclesia
3057 1657 3333 1724 separatis,
3365 1659 3551 1713 scribit

1988 1746 2053 1800 ad
2083 1744 2409 1799 Bonifacium
2464 1744 2604 1798 idem
2649 1752 2863 1798 sanctus
2890 1744 3231 1812 Augustinus,
3264 1747 3406 1814 quod
3438 1763 3547 1800 non

1987 1838 2270 1904 oportebat
2311 1837 2515 1904 aliquos
2543 1835 2661 1890 ideo
2688 1850 2936 1904 separare
2960 1851 3077 1890 sese
3105 1852 3136 1890 a
3164 1837 3425 1891 catholica
3452 1836 3550 1893 Ec-

321 1943 410 1975 σαι
458 1923 673 1981 ἑαυτούς
716 1931 805 1981 τῆς
854 1925 1111 1984 ταῦολικῆς
1160 1925 1439 1986 ἐκκλησίας.
1491 1929 1547 1980 Ei
1586 1930 1682 2001 γὰρ
1733 1930 1884 1988 ἀληθή

1990 1927 2166 1981 clesia.
2194 1925 2250 1978 Si
2288 1927 2429 1980 enim
2460 1941 2581 1979 vera
2604 1934 2782 1980 essent
2807 1942 2869 1980 ea
2898 1940 3015 1995 quae
3042 1925 3324 1982 Gtcciliano
3353 1929 3549 1983 infere—
3596 1951 3605 1959 -

321 2011 530 2081 ὑπῆρχε
552 2011 615 2063 τὰ
644 2011 924 2080 ἑπαγόμενα
948 2013 1256 2081 Καικιλιανῷ.
1289 2017 1369 2066 mi
1398 2017 1673 2088 ἐφανερώθη
1695 2019 1887 2072 ἐναντία

319 2104 576 2172 φρονήσας
605 2108 694 2158 τῆς
722 2102 980 2164 καθολικῆς
1007 2105 1388 2165 καταστάσεως,
1427 2108 1510 2158 καὶ
1531 2109 1658 2175 μετὰ
1684 2108 1890 2161 θάνατον

320 2191 378 2243 ἔν
420 2196 598 2245 τοῦτον
640 2192 906 2263 ἀναθέματε
956 2193 1228 2247 ὑπέϐαλον.
1282 2193 1421 2246 Ἀλλά
1468 2197 1552 2248 καί
1596 2199 1754 2249 κανὼν
1798 2205 1889 2256 τῆς

319 2282 467 2351 ἁγίας
497 2283 545 2334 ἐν
570 2281 767 2356 Ἀερικῇ
810 2280 1022 2335 συνόδου
1065 2281 1344 2355 διαγορεύει
1386 2285 1503 2344 τούς
1548 2284 1884 2352 ἐπισκόπους,

318 2380 440 2432 τούς
478 2380 568 2432 τήν
595 2379 777 2428 οἰκείαν
803 2373 833 2432 ἢ
875 2376 924 2426 ἓν
954 2373 1184 2446 διαθήκη,
1212 2373 1241 2433 ἦ
1276 2375 1327 2437 ἕξ
1361 2373 1617 2429 ἀδιαθέτου
1653 2377 1888 2449 αίρετικῷ

320 2467 762 2536 παραπέμποντας
809 2471 999 2537 χρῆναι
1041 2467 1126 2520 καί
1164 2465 1291 2533 μιτά
1335 2463 1551 2520 θάνατον
1588 2467 1889 2536 ἀναθεματί-

318 2559 512 2620 Ceo-9m.
550 2558 678 2628 Πρός
705 2559 902 2615 τούτοις
931 2556 982 2610 δὲ
1027 2556 1226 2621 ἅπασι,
1272 2559 1350 2618 τίς
1392 2560 1561 2629 ἀγνοεῖ
1597 2559 1660 2611 τὰ
1701 2559 1750 2610 ἐν
1779 2566 1890 2617 τοῖς

321 2649 576 2720 ..μετέροις
634 2647 831 2722 χρόνοις
886 2647 937 2700 iv
986 2654 1048 2719 τῇ
1099 2646 1332 2720 ἐκκλησίᾳ
1397 2655 1489 2707 τῆς
1536 2649 1890 2722 πρεσϐυτίρας

319 2735 509 2807 ἰ’ὡμης
541 2739 781 2810 γενόμενα
822 2738 951 2791 κατά
999 2739 1292 2809 Διοσκόρου;
1334 2735 1385 2798 ὃς
1427 2737 1565 2793 οὒδ.’ν
1591 2741 1674 2792 ίπί
1715 2741 1890 2794 πίστιν

320 2831 649 2902 ἡμαρτηκὼς,
684 2827 766 2882 διὰ
799 2828 949 2899 μόνην
975 2828 1384 2886 ἕκκλησιαστικήν
1417 2830 1732 2883 κατάστασιν
1759 2832 1889 2897 μετὰ

317 2918 532 2973 ὒάνατον
553 2919 678 2992 παρ’
705 2923 862 2978 αὐτῆς
897 2927 988 2978 τῆς
1027 2923 1154 2974 κατά
1178 2917 1365 2990 Ῥώμην
1399 2915 1684 2990 ἁγιωτάτης
1718 2921 1890 2978 ἐκκλη-

321 3011 437 3068 σίας
484 3012 867 3079 ἀνεθεματίσθη.
901 3014 955 3064 Εἰ
981 3013 1140 3066 τοίνυν
1167 3013 1214 3064 οἱ
1242 3011 1394 3083 μηδὲν
1421 3016 1493 3072 είς
1529 3016 1700 3067 πίστιν
1735 3015 1889 3067 πταί-

319 3117 503 3160 σαντες
547 3103 814 3156 ἐπίσκοποι
855 3100 937 3157 διὰ
977 3106 1286 3158 κατάστασιν
1330 3104 1761 3169 ἐκκλησιαστικήν,
1810 3107 1889 3157 καὶ

316 3189 400 3244 διὰ
429 3197 757 3265 χρηματικήν
782 3192 944 3246 αἰτίαν
973 3193 1237 3261 ἀναθίματι
1264 3194 1347 3245 καί
1375 3192 1501 3262 μετά
1527 3193 1732 3247 θάνατον
1756 3193 1887 3245 ὐπο-

1989 2018 2201 2080 bantur,
2231 2024 2286 2070 et
2327 2017 2694 2072 manifestatus
2721 2024 2860 2070 esset
2886 2019 3208 2071 contrarium
3235 2019 3432 2086 aliquid
3458 2033 3550 2074 ec-

1987 2110 2285 2164 clesiastico
2327 2110 2488 2164 statui
2536 2109 2792 2179 sapuisse,
2825 2109 2984 2164 etiam
3024 2118 3144 2177 post
3171 2120 3394 2165 mortem
3423 2127 3545 2166 eum

1988 2199 2308 2252 anathemati
2340 2198 2674 2266 subjicerem.
2707 2197 2812 2252 Sed
2839 2205 2893 2252 et
2927 2199 3106 2266 regula
3133 2208 3329 2253 sancta:
3357 2201 3546 2269 synodi

1987 2287 2245 2341 Africanae
2272 2292 2475 2352 statuLt,
2506 2288 2785 2356 episcopos
2812 2287 2902 2355 qui
2923 2303 3046 2341 suas
3073 2288 3354 2342 facultates
3385 2290 3436 2342 in
3470 2298 3549 2343 te-

1987 2387 2272 2443 stamento,
2294 2379 2379 2432 vel
2399 2394 2466 2432 ex
2495 2379 2745 2432 intestato
2765 2379 3016 2433 h:erctico
3042 2380 3366 2448 relinquunt,
3389 2395 3550 2448 Opor-

1989 2481 2102 2525 tere
2139 2479 2194 2524 et
2221 2481 2342 2539 post
2369 2477 2594 2523 mortem
2633 2470 3086 2524 anathematizari.
3120 2471 3292 2540 Super
3317 2472 3427 2525 haec
3453 2486 3549 2526 au-

1988 2570 2094 2618 tem
2123 2564 2321 2624 omnia,
2349 2561 2465 2632 quis
2512 2561 2720 2628 ignorat
2761 2575 2824 2614 ea
2853 2575 2970 2630 quae
3003 2562 3198 2617 nostris
3227 2560 3549 2631 temporibus

1989 2652 2042 2706 in
2066 2652 2298 2707 Ecclesia
2326 2651 2636 2719 antiquioris
2666 2650 2848 2705 Romae
2875 2660 3062 2706 contra
3091 2651 3401 2706 Dioscorum
3428 2664 3548 2707 arta

1987 2743 2145 2798 sunt?
2173 2741 2274 2809 Qui
2302 2757 2420 2796 cum
2442 2741 2572 2795 nihil
2599 2741 2653 2793 in
2684 2739 2836 2796 ﬁdem
2864 2751 3154 2810 peccasset,
3181 2749 3357 2796 tamen
3384 2756 3547 2810 prop—

1991 2842 2072 2887 ter
2109 2835 2280 2888 solum
2310 2833 2726 2888 ecclesiasticum
2775 2833 3014 2886 ordinem
3062 2841 3182 2899 post
3228 2830 3450 2887 mortem
3480 2835 3547 2887 ab

1989 2924 2174 2978 eadem
2208 2931 2393 2978 sancta
2421 2919 2654 2976 Ecclesia
2683 2920 2921 2975 Romana
2948 2921 3418 2975 anathematizatus
3444 2930 3545 2976 est.

1989 3011 2045 3066 Si
2074 3012 2231 3080 igitur
2268 3011 2398 3064 nihil
2440 3011 2493 3063 in
2542 3009 2696 3064 (idem
2726 3019 3006 3078 peccantes
3045 3010 3300 3080 episcopi,
3330 3022 3548 3080 propter

1988 3103 2160 3155 solum
2209 3101 2626 3155 ecclesiasticum
2672 3100 2934 3167 ordinem,
2983 3109 3038 3154 et
3086 3107 3304 3170 propter
3331 3117 3543 3156 causam

1989 3188 2349 3262 pecunia'riam
2372 3191 2697 3245 anathemati
2719 3200 2772 3244 et
2789 3200 2909 3259 post
2929 3200 3154 3244 mortem
3176 3192 3544 3260 subjiciuntur,

319 3287 350 3336 6
369 3286 616 3351 σίλλονται,
647 3286 796 3354 πόσῳ
841 3285 1023 3355 μᾶλλον
1049 3283 1304 3358 Θεόδωρος
1329 3284 1354 3338 ό
1385 3287 1454 3342 είς
1489 3285 1634 3338 αὑτὸν
1657 3285 1738 3339 τὸν
1766 3285 1888 3339 Θεὸν

1990 3289 2188 3347 quanto
2209 3281 2376 3347 magis
2403 3279 2736 3345 Theodorus,
2765 3280 2856 3348 qui
2886 3281 2938 3334 in
2966 3279 3136 3347 ipsum
3162 3280 3324 3334 Deum
3353 3295 3546 3349 pecca-

316 3375 613 3437 ἀσεϐήσαςς
644 3374 763 3428 ὅσον
807 3373 860 3428 δὲ
891 3375 1014 3448 πρὸς
1052 3380 1141 3431 τὴν
1177 3372 1348 3428 ἄνοιαν
1389 3382 1487 3429 τῶν
1523 3375 1778 3444 λεγόντων,
1817 3379 1886 3444 μὴ

315 3464 422 3518 δεῖν
461 3467 914 3537 ἀναθεματίζεσθαε
958 3469 1086 3538 μιτὰ
1132 3467 1342 3520 θάνατον
1388 3468 1507 3525 τούς
1542 3467 1589 3518 ἐν
1625 3474 1688 3541 τῇ
1734 3467 1887 3540 οἰκείᾳ

317 3555 532 3627 ἀσεϐείᾳ
557 3555 913 3616 τελευτῶντας,
944 3557 1001 3607 οὐ
1040 3553 1120 3608 δεῖ
1138 3552 1260 3624 μηδὲ
1287 3557 1407 3613 τούς
1433 3552 1618 3614 ἀδίκως
1656 3575 1887 3625 κατακρι-

316 3647 494 3702 θίντκς
521 3646 750 3719 πατέρας
777 3647 904 3716 μετὰ
942 3635 1150 3698 θάνατον
1185 3644 1534 3697 ἀνακαλεῖσθαι
1553 3683 1568 3705 ,
1598 3641 1720 3718 ὅπερ
1751 3664 1884 3712 σύμ·-

317 3735 500 3792 ϐέϐηκε
536 3735 620 3788 καί
655 3735 739 3787 ίπί
762 3731 962 3806 Ἰωάννῃ
990 3741 1061 3803 τῷ
1099 3734 1147 3785 ἐν
1179 3732 1295 3803 όσίᾳ
1336 3741 1399 3806 τῇ
1427 3737 1590 3804 μνήμῃ
1635 3734 1887 3805 ίπεσκὸπῳ

317 3826 566 3896 γενομένῳ
595 3824 1166 3882 ιωνστοεντινουπόλεως
1191 3822 1292 3875 ύπὸ
1318 3829 1407 3879 τῆς
1436 3822 1695 3881 καθολικῆς
1717 3822 1886 3879 ἐκκλη-

317 3921 437 3978 σίας
466 3920 600 3988 μετά
622 3915 834 3971 θάνατον
855 3916 1186 3973 ὰνακληθὲντι·
1210 3917 1294 3968 καί
1320 3917 1403 3968 ἐπί
1427 3915 1680 3982 Φλαυιανῷ
1702 3922 1772 3983 τῷ
1798 3921 1887 3974 τῆς

315 4007 463 4065 vicia;
503 4009 702 4077 μνήμης
735 4007 817 4057 καί
859 4007 998 4074 αὐτῷ
1039 4003 1609 4063 Κωνσταντινουπόλεως
1647 4005 1888 4074 γενομένῳ

314 4093 582 4166 ίττισκόπῳ
600 4133 618 4157 ,
645 4092 828 4154 ἀδίκως
857 4097 946 4164 μίν
976 4095 1024 4146 ἐν
1063 4099 1163 4168 ζωῇ
1191 4095 1559 4169 κατακριθέντι,
1607 4091 1808 4150 δικαίως
1835 4091 1889 4145 δὲ

315 4186 445 4246 μετὰ
472 4184 683 4238 θάνατον
724 4184 1036 4240 ὼακληθέντι
1065 4183 1168 4236 ύπό
1195 4203 1248 4236 τε
1277 4188 1365 4237 τοῦ
1403 4190 1494 4242 τῆς
1522 4181 1666 4240 ὁσίας
1694 4186 1886 4252 μνήμης

315 4276 462 4325 nam:
493 4273 724 4331 Λέοντος,
751 4274 833 4324 καί
859 4280 949 4331 τῆς
983 4274 1032 4325 ἐν
1059 4271 1325 4328 Χαλκηδόνι
1350 4271 1498 4342 ἁγίας
1528 4271 1763 4326 συνόδου.
1792 4281 1886 4324 Ἐν-

314 4362 486 4412 τεῦθεν
509 4358 563 4413 δὲ
591 4359 858 4429 συμϐαίνει
882 4363 1012 4414 κατὰ
1045 4363 1164 4419 τούς
1190 4361 1381 4414 ἐκίνων
1411 4361 1589 4431 λόγους
1606 4401 1620 4421 ,
1655 4363 1774 4420 τούς
1800 4363 1888 4430 μὲν

313 4452 606 4527 αἶρετικούς
633 4458 736 4509 τοῖς
764 4451 924 4520 ἁγίοις
953 4454 1174 4526 πατράσι
1198 4452 1623 4524 συναριθμεῖσθαι,
1650 4447 1728 4505 οἷα
1758 4452 1890 4504 ἐλευ-

311 4544 494 4613 θέρους
522 4541 814 4611 ἀφιεμένους
838 4548 929 4598 τῆς
959 4541 1267 4611 ὀφειλομένης
1307 4541 1480 4598 αὐτοῖς
1517 4544 1886 4612 κατακρίσεως·

1987 3371 2096 3425 vit?
2126 3371 2391 3438 Quantum
2420 3379 2597 3424 autem
2645 3370 2708 3423 ad
2741 3370 3094 3439 insipientiam
3125 3371 3410 3424 dicentium
3439 3389 3544 3425 nor.

1989 3481 2237 3538 oportere
2266 3467 2701 3522 anathematizari
2734 3471 2852 3534 post
2878 3474 3102 3520 mortem
3133 3481 3228 3520 eos
3255 3467 3344 3535 qui
3372 3467 3423 3520 in
3449 3481 3542 3520 sua

1987 3558 2259 3628 impietate
2284 3557 2476 3611 mortui
2504 3565 2626 3609 sunt
2658 3574 2669 3608 :
2701 3555 2982 3624 oportebat
3004 3570 3102 3609 nec
3127 3569 3219 3610 eos
3239 3557 3328 3624 qui
3355 3556 3549 3621 injuste

1987 3647 2326 3703 condemnati
2349 3655 2474 3700 sunt
2497 3645 2682 3699 Patres
2708 3653 2828 3713 post
2848 3654 3073 3699 mortem
3095 3646 3356 3712 revocari,
3385 3649 3543 3715 quale

1987 3739 2210 3806 contigit
2255 3739 2308 3792 in
2355 3735 2560 3791 Joanne
2614 3744 2811 3789 sancta:
2858 3735 3242 3790 recordatioois
3290 3738 3544 3804 episcopo

1985 3828 2583 3898 Constantinopolitanm
2609 3825 2854 3886 civitatis,
2904 3825 2968 3878 ab
2997 3825 3280 3883 universali
3310 3824 3546 3880 Ecclesia

1987 3927 2107 3991 post
2136 3926 2363 3972 mortem
2392 3924 2662 3980 revocato,
2692 3922 2744 3968 et
2768 3915 2820 3968 in
2849 3913 3102 3967 Flaviano
3130 3922 3325 3968 sancta:
3353 3929 3550 3968 mem-i-

1986 4009 2078 4062 rizc
2109 4019 2161 4062 et
2191 4009 2304 4076 ipso
2344 4007 2594 4075 episcopo
2642 4003 3244 4072 Constantinopolitanae
3295 4005 3546 4068 civitatis,

1988 4098 2184 4166 injuste
2207 4096 2418 4165 quidem
2443 4096 2494 4148 in
2525 4095 2630 4147 vita
2651 4093 3026 4157 condemnato,
3052 4091 3196 4160 juste
3221 4100 3399 4146 autem
3429 4104 3550 4162 post

1988 4196 2216 4241 mortem
2263 4192 2555 4246 revocato,
2615 4192 2722 4236 tam
2771 4197 2799 4235 a
2847 4190 3042 4235 sanctze
3095 4181 3364 4235 memoria:
3414 4198 3549 4250 papa
3595 4169 3601 4176 ’

1989 4277 2167 4331 Leone
2189 4289 2347 4343 quam
2369 4290 2398 4328 a
2424 4282 2606 4328 sancta
2635 4271 3054 4327 Chalcedonensi
3085 4270 3306 4340 synodo.
3345 4270 3418 4326 Ex
3449 4273 3551 4327 hoc

1989 4377 2167 4422 autem
2197 4366 2457 4433 contingit
2496 4364 2784 4418 secundum
2812 4363 3020 4416 illorum
3042 4362 3224 4425 verba,
3275 4361 3551 4416 haereticos

1989 4456 2206 4525 quidem
2236 4455 2434 4509 sanctis
2481 4454 2725 4507 Patribus
2753 4453 3147 4516 connumerari,
3178 4459 3235 4505 nt
3262 4462 3386 4521 pote
3416 4453 3551 4507 libe‘

1991 4556 2137 4601 ratos
2155 4546 2332 4601 debita
2354 4544 2432 4599 eis
2451 4543 2914 4604 condemnatione,
2931 4549 3146 4596 sanctos
3167 4550 3341 4596 autem
3365 4539 3550 4596 Patres

314 4635 435 4692 τοὺς
475 4628 536 4684 δὲ
579 4627 753 4700 ἁγίους
789 4630 1015 4703 πατέρας
1060 4627 1246 4687 ἀδίκως
1291 4627 1742 4689 καταδικασθέντας
1783 4638 1888 4688 τοῖς

1990 4643 2184 4711 injuste
2209 4641 2610 4706 condemnatos,
2635 4637 2894 4692 haereticis
2915 4636 3181 4705 conjungi,
3206 4645 3263 4690 ut
3293 4645 3417 4708 pote
3445 4654 3550 4692 non

313 4727 591 4800 αἶρετικοῐς
621 4727 968 4781 συνάπτεσθαι
986 4763 1000 4789 ,
1034 4721 1114 4778 οἶα
1142 4729 1212 4794 μή
1234 4724 1476 4795 λυομένης
1498 4731 1589 4784 τῆς
1623 4725 1699 4779 ἐπ’
1723 4727 1891 4784 αὐτοῖς

313 4815 495 4870 ἀδίκου
525 4812 1332 4888 κατακρίσεωςοἍξιοπιστότερος
1360 4812 1412 4869 δὲ
1433 4815 1633 4868 πάντων
1663 4816 1773 4868 ἐστὶ
1813 4812 1889 4868 δι-

312 4897 573 4964 δασκαλος
600 4909 626 4957 ὅ
666 4906 831 4980 κύριος
870 4906 952 4956 καί
980 4903 1098 4960 Θεὸς
1124 4904 1260 4969 ἡμῶν
1296 4899 1485 4961 Ἰησοῦς
1513 4904 1730 4976 Χριστὸς
1773 4906 1891 4974 περὶ

313 4997 516 5048 ἑαυτοῦ
532 4995 684 5064 λέγων
746 5011 762 5042 ε
793 4993 939 5048 Οἶτω
964 4995 1062 5064 γὰρ
1086 4993 1344 5062 ἠγάπησεν
1372 4991 1398 5045 ό
1425 4993 1545 5050 Θεὸς
1570 4993 1657 5045 τόν
1678 4992 1885 5058 κόσμον,

314 5089 451 5138 ὥστε
473 5086 561 5139 τὸν
588 5085 696 5141 υίὸν
722 5085 874 5138 αὐτοῦ
905 5083 991 5136 τόν
1023 5088 1255 5150 μονογενῆ
1285 5078 1480 5142 ἔδωκεν,
1511 5081 1594 5132 ’ίνα
1619 5085 1721 5136 πᾶς
1751 5080 1777 5134 ὁ
1805 5100 1892 5134 πμ

317 5177 528 5243 στεύων
549 5176 620 5234 είς
661 5175 814 5227 αὑτὸν
843 5177 912 5241 μὴ
940 5171 1180 5228 ἀπόληται
1198 5212 1212 5236 ,
1256 5170 1358 5222 ἀλλ’
1386 5168 1488 5240 ἴλῃ
1527 5173 1654 5232 ζωὴν
1679 5171 1891 5223 αἰώνιον.

315 5270 394 5317 Οὐ
407 5267 512 5338 γὰρ
543 5263 836 5318 ἀπέστειλεν
858 5260 884 5314 ό
921 5262 1039 5320 Θεὸς
1066 5260 1152 5313 τόν
1174 5260 1283 5312 υίον
1312 5259 1464 5311 αὐτοῦ
1488 5261 1560 5317 εἰς
1588 5259 1668 5311 τόν
1690 5259 1894 5326 κόσμον,

313 5357 400 5408 ἵνα
423 5357 570 5428 apium
597 5354 685 5406 τόν
712 5351 914 5422 κόσμον,
945 5351 1048 5404 ἀλλ’
1072 5350 1156 5402 ἵνα
1193 5349 1330 5422 σωθῇ
1355 5348 1379 5401 ό
1405 5349 1598 5417 κόσμος
1627 5347 1690 5403 δι’
1713 5349 1892 5402 αὐτοῦ.

316 5457 374 5498 '0
402 5439 668 5498 πιστεύων
699 5445 768 5502 3’:
791 5443 935 5494 αὐτόν
965 5442 1023 5493 ού
1053 5441 1298 5513 κρίνεται’
1325 5438 1350 5492 ό
1373 5437 1425 5493 δὲ
1453 5444 1521 5510 μὴ
1549 5441 1802 5492 πιστεύων
1826 5442 1896 5499 είς

313 5535 481 5586 αὐτόν
507 5531 602 5591 ἤδη
629 5534 870 5605 κέκριται,
898 5528 976 5584 ὅτι
1001 5536 1072 5601 μή
1096 5532 1430 5583 πεπίστευκεν
1453 5533 1524 5588 εἰς
1548 5530 1603 5581 τό
1633 5525 1786 5598 ὄνομα
1807 5537 1894 5583 τοῦ

317 5628 626 5695 μονογενοῦς
661 5623 780 5675 υίοῦ
804 5627 898 5674 τοῦ
926 5625 1075 5675 Θεοῦ.
1102 5638 1119 5669 ε
1147 5623 1246 5673 Καὶ
1268 5621 1325 5672 τὸ
1346 5625 1543 5692 πνεῦμα
1570 5620 1627 5672 τὸ
1657 5619 1793 5689 ἅγιον
1818 5619 1898 5674 δὰ

318 5724 413 5770 τοῦ
438 5717 706 5790 προφήτου
727 5713 881 5770 Δαυίδ
898 5716 1049 5787 λέγει,
1071 5716 1190 5774 τοὺς
1211 5713 1413 5773 ἀσεϐεῖς
1433 5719 1502 5784 μὴ
1521 5716 1898 5773 ἀναστήσεσθαι

319 5810 371 5859 ἔν
401 5809 593 5877 κρίσει.
632 5813 730 5864 Τῆς
765 5799 850 5857 οὖν
874 5806 1112 5863 τοιαύτης
1141 5809 1228 5858 τοῦ
1259 5803 1434 5874 κυρίου
1457 5804 1756 5873 ἀποφάσεως
1795 5805 1896 5867 ἑξε-

321 5901 598 5973 νιχθτίσης
619 5900 746 5950 κατά
769 5897 954 5955 παντὸς
982 5896 1217 5958 ἀσεϐοῦς,
1240 5896 1321 5946 καί
1341 5891 1492 5963 μηδέν
1513 5893 1900 5956 διαστελλούσκς

643 6015 915 6073 ΡΑτειοι..
965 6009 1081 6069 Gn.
1131 6007 1230 6066 L.\
1247 6005 1473 6066 XXVI.

1994 4736 2168 4789 soluta
2193 4741 2377 4788 contra
2407 4747 2500 4785 eos
2533 4729 2670 4785 facta
2700 4730 2876 4798 iniqua
2903 4729 3262 4784 damnatione.
3301 4728 3555 4786 Omnibus

1994 4831 2173 4877 autem
2203 4821 2371 4889 magis
2399 4819 2693 4874 credendus
2715 4817 2854 4890 [llde
2877 4816 3086 4891 dignus]
3117 4827 3199 4872 est
3226 4819 3424 4875 Doctor
3447 4821 3556 4874 Do-

1994 4913 2167 4965 minus
2211 4917 2264 4964 et
2292 4909 2430 4962 Deus
2473 4916 2656 4962 noster
2679 4907 2832 4962 .lesus
2860 4907 3118 4970 Christus,
3151 4909 3216 4962 de
3245 4924 3302 4963 se
3329 4910 3510 4964 dicens
3539 4930 3552 4962 :

1994 4999 2083 5054 Sic
2105 5002 2239 5052 enim
2266 4998 2443 5052 dilexit
2471 4997 2606 5050 Deut
2651 4997 2914 5059 mundum,
2947 5006 3002 5050 ut
3043 4996 3236 5050 Filium
3276 5015 3423 5060 suum
3450 5003 3558 5052 uui-

1995 5091 2214 5160 genitum
2239 5087 2404 5151 daret,
2428 5096 2482 5140 ut
2506 5089 2670 5142 omnis
2695 5090 2778 5158 qui
2810 5088 2969 5139 credit
2998 5089 3046 5138 in
3070 5104 3203 5150 eum,
3228 5104 3330 5140 non
3359 5099 3556 5156 pereat,

1993 5179 2082 5232 sed
2112 5177 2293 5232 habeat
2333 5180 2487 5232 vitam
2529 5187 2790 5232 aeternam.
2818 5176 2938 5231 Non
2978 5177 3111 5230 enim
3139 5178 3276 5230 misit
3309 5178 3439 5230 Dens
3467 5176 3555 5230 πί*

1995 5267 2120 5320 lium
2140 5282 2285 5318 suum
2305 5266 2358 5318 in
2389 5267 2634 5318 mundum
2660 5275 2713 5318 ut
2734 5265 2929 5333 judice:
2955 5265 3218 5323 mundum,
3255 5265 3343 5317 sed
3373 5276 3425 5315 ut
3453 5269 3558 5318 sul—

1993 5366 2135 5409 vetur
2159 5355 2378 5409 mundus
2401 5372 2490 5424 per
2515 5357 2700 5423 ipsum.
2735 5356 2830 5417 Qui
2860 5353 3020 5405 credit
3048 5355 3100 5405 in
3130 5368 3262 5412 eum,
3294 5369 3393 5404 non
3409 5353 3558 5421 jun‘i-

1998 5453 2142 5497 catur
2171 5460 2188 5495 :
2233 5444 2318 5512 qui
2359 5452 2527 5495 autem
2573 5458 2673 5494 non
2698 5442 2872 5502 credit,
2894 5443 3006 5508 jam
3034 5441 3297 5510 judicatus
3319 5451 3410 5499 est,
3439 5444 3558 5510 quia

1995 5549 2097 5586 non
2125 5533 2284 5585 credit
2304 5533 2358 5584 in
2381 5531 2584 5583 nomine
2610 5531 2856 5600 unigeniti
2879 5529 2983 5582 Fili
3032 5529 3123 5581 Dei
3153 5529 3329 5600 (Joan.
3359 5543 3457 5592 Ill).
3495 5527 3559 5582 Et

1996 5623 2224 5692 Spiritus
2270 5627 2445 5674 autem
2496 5629 2710 5674 sanctus
2739 5635 2835 5688 per
2873 5619 3184 5688 prophetam
3236 5618 3398 5671 David
3429 5617 3559 5672 dicit

1995 5715 2166 5784 (Psal.
2198 5713 2267 5777 ι),
2298 5713 2488 5781 impios
2533 5726 2638 5764 non
2681 5718 3078 5766 resurrecturos
3117 5711 3169 5763 in
3195 5708 3415 5778 judicio.
3442 5707 3560 5769 Tali

1999 5805 2157 5872 igitur
2186 5801 2393 5856 Domini
2420 5801 2682 5856 sententia
2705 5800 2910 5869 prolata
2941 5799 3194 5853 adversus
3223 5812 3436 5854 onmem
3463 5813 3557 5851 nn-

1999 5894 2168 5964 pium,
2195 5884 2389 5946 etnihil
2413 5890 2746 5946 discernente
2781 5889 2918 5944 inter
2939 5890 3086 5944 vivos
3115 5897 3167 5944 ct
3190 5898 3430 5947 mortuos
3451 5885 3557 5941 lae»-

3188 5978 3265 6039 33
