4108 6462
575 458 709 524 1035

1889 460 2328 521 JUSTINIANI
2376 459 2455 517 1M
2471 458 2525 515 Ρ.

3679 451 3814 515 1υ36

570 580 759 642 ιιιτάξῦ
798 581 996 641 ζώντων
1036 580 1121 631 καί
1157 585 1339 651 νεκρῶν
1374 576 1669 649 αἱρετικῶν,
1719 584 1824 635 πῶς
1886 576 2130 642 τολμῶσιν

2242 577 2461 641 reticos,
2493 583 2762 642 quomodo
2810 577 3009 631 audent
3039 583 3283 632 resistere
3317 578 3406 631 tali
3437 578 3729 642 sententiae,
3754 588 3809 633 et

568 666 880 722 ἀντιπίπτειν
913 676 973 741 τῇ
1012 669 1223 738 τοιαύτῃ
1262 668 1541 738 ἀποφάσει,
1580 670 1662 719 καί
1688 671 1804 725 τοὺς
1844 665 1979 727 ἅπαξ
2020 668 2136 717 ἀσε-

567 758 849 821 ϐήσαντας,
880 762 965 812 καί
989 756 1073 813 διὰ
1101 765 1253 813 τοῦτο
1280 758 1375 816 ἤδη
1414 760 1515 813 ὑπὸ
1538 765 1625 811 τοῦ
1654 760 1826 829 κυρίου
1850 777 2135 827 κατακεκρι-

567 848 767 907 ιιίνους,
798 848 975 918 λέγειν,
1002 854 1069 906 μή
1094 847 1194 902 δεῖν
1216 850 1345 919 μετά
1367 850 1577 900 θάνατον
1608 848 2015 921 κατακρίνεσθαι;
2052 850 2138 898 Καί

564 937 591 990 ὃ
610 938 737 997 θεῖος
759 936 811 992 δί
829 938 1108 996 ἀπόστολος
1126 939 1211 992 τὸν
1231 940 1447 1012 Χριστὸν
1468 938 1499 991 ἔ
1496 961 1535 1007 χ
1541 960 1603 989 ων
1627 940 1675 990 ἐν
1689 938 1849 1005 ἑαυτῷ
1871 937 2133 997 λαλοῦντα,

565 1030 620 1083 Ίῦ
663 1029 815 1101 μόνον
856 1030 983 1083 κατά
1020 1030 1311 1102 ἀνθρώπων,
1354 1030 1475 1081 ἀλλά
1514 1032 1599 1081 καί
1639 1027 1747 1081 κατ’
1787 1028 2006 1097 ἀγγέλων
2050 1032 2137 1083 τὴν

559 1120 801 1176 τοιαύτην
828 1124 1073 1191 ἐπήγαγεν
1104 1117 1386 1189 ἀπόφασιν,
1418 1121 1571 1171 εἰπὼν
1612 1120 1662 1170 ἐν
1699 1125 1761 1191 τῇ
1802 1117 2037 1188 ἐπιστολῇ
2076 1124 2137 1187 τῇ

556 1213 679 1284 πρὶς
698 1212 944 1271 Γαλάτας·
979 1228 997 1261 ε
1018 1209 1161 1265 ’Λλλά
1181 1214 1267 1263 καί
1287 1212 1371 1264 ἒάν
1392 1212 1556 1279 ἡμεῖς,
1577 1208 1606 1266 ἦ
1630 1207 1835 1280 ἅγγελος
1852 1210 1901 1271 ἐξ
1925 1210 2137 1281 οὐρανοῦ

562 1302 947 1373 εὐαγγελίσηται
968 1304 1101 1372 ὑμᾶς
1126 1302 1248 1374 παρ’
1271 1300 1295 1354 ὁ
1320 1303 1746 1373 εὐαγγελισάμεθα
1765 1303 1903 1371 ὑμῖν,
1921 1302 2138 1367 ἀνάθεμα

562 1390 719 1445 ἴστω.
762 1391 851 1453 ’.Ως
892 1398 1285 1467 προειρήκαμεν,
1316 1395 1399 1445 καί
1437 1390 1552 1467 ἄρτι
1593 1392 1737 1444 πάλιν
1781 1390 1935 1461 λίγω”
1980 1389 2029 1444 εἴ
2060 1412 2137 1448 τις

564 1484 701 1553 ὑμᾶς
727 1485 1096 1556 εὐαγγελίζεται
1120 1486 1244 1558 παρ’
1269 1483 1291 1537 ὁ
1317 1484 1660 1553 παρελάϐετε,
1687 1484 1903 1552 ἀνάθεμα
1930 1482 2083 1537 ἔστω.
2113 1502 2130 1533 ι

567 1576 654 1625 lini
682 1575 758 1633 τίς
783 1573 945 1633 οῦτως
968 1575 1188 1637 ἀσεϐής,
1218 1576 1285 1633 ὡς
1306 1575 1556 1643 τολμῆσαι
1584 1578 1741 1627 εἰπεῖν
1760 1613 1774 1637 ,
1811 1576 1877 1632 ὡς
1906 1576 1971 1628 τά
1996 1575 2137 1648 παρά

562 1660 823 1731 Θεοδώρου
844 1664 1044 1723 ἀσεϐῶς
1073 1666 1421 1737 συγγραφέντα
1440 1706 1453 1729 ,
1482 1664 1511 1721 ἦ
1537 1667 1688 1740 μέρος
1706 1668 1867 1719 αὐτῶν
1890 1664 2136 1741 παρεδόθη

562 1755 690 1806 ποτὶ
719 1762 780 1826 τῇ
808 1754 924 1827 ἁγίςι
954 1761 1044 1809 τοῦ
1074 1763 1197 1808 Θεοῦ
1239 1757 1469 1828 ἐκκλησίᾳ
1487 1799 1500 1821 ,
1530 1756 1632 1809 ἀλλ’
1666 1757 1751 1809 οὐκ
1785 1758 1929 1817 εὐθὺς
1959 1756 1984 1811 ὁ
2013 1757 2138 1811 τολ-

562 1846 729 1910 μήσας
771 1865 820 1897 τι
847 1851 1069 1898 τοιοῦτον
1114 1846 1562 1918 παραφθίγξασοαι
1606 1846 1879 1917 ἀναθέματι
1919 1848 2133 1900 καθυπε-

562 1936 712 1993 ίλήθη
734 1938 875 2010 παρὰ
901 1944 999 1989 τῶν
1028 1935 1189 2007 ἁγίων
1217 1938 1477 2009 πατέρων;

631 2024 691 2079 Εἴ
710 2047 787 2086 τις
811 2031 977 2081 τοίνυν
1015 2032 1145 2096 μετὰ
1182 2032 1270 2086 τὴν
1309 2025 1546 2083 τοιαύτην
1586 2028 1733 2099 ὀρθήν
1772 2026 2026 2099 ὁμολογίαν
2056 2031 2140 2082 καί

562 2118 860 2189 κατάκρισιν
888 2127 987 2170 τῶν
1016 2119 1278 2191 αἱρετικῶν
1297 2160 1308 2178 ,
1358 2127 1448 2177 τῆς
1486 2120 1725 2177 εὐσεϐοῦς
1754 2120 1940 2178 ἑννοίας
1976 2122 2138 2181 σωζο-

562 2210 731 2279 μένης.
748 2212 867 2285 περὶ
889 2209 1167 2278 ὀνομάτων,
1190 2210 1218 2269 ἦ
1248 2211 1531 2272 συλλαϐῶν,
1550 2211 1579 2269 ἦ
1608 2212 1783 2273 λέξεων
1808 2215 2133 2280 ζυγομαχῶν,

563 2301 771 2374 χωρίζει
801 2299 975 2354 ἑαυτὸν
998 2308 1088 2359 τῆς
1120 2300 1263 2372 ἁγίας
1287 2308 1377 2355 τοῦ
1408 2307 1537 2355 Θεοῦ
1568 2300 1846 2364 ἐκκλησίας,
1882 2302 2057 2373 ὥσπερ
2090 2302 2137 2353 ίν

561 2391 774 2459 ὀνόμασι
812 2392 979 2459 μόνοις
1015 2395 1098 2446 καί
1129 2394 1288 2456 λέξεσι
1323 2396 1549 2463 κειμένης
1575 2395 1691 2463 ἡμῖν
1721 2400 1812 2452 τῆς
1854 2394 2134 2453 εὐσεϐείας,

560 2481 664 2536 ἀλλ’
706 2484 789 2533 οὐκ
834 2482 883 2534 ἐν
926 2479 1252 2555 πράγμασιν.
1303 2483 1327 2537 ὁ
1366 2492 1594 2542 τοιοῦτος
1624 2486 1691 2543 ὡς
1720 2491 1832 2543 τοῖς
1871 2486 2135 2553 σχίσμασι

563 2573 757 2647 χαίρων
798 2572 941 2643 λόγον
980 2574 1143 2644 ὑφέξει
1184 2575 1313 2647 ὑπὲρ
1356 2575 1571 2637 ἑαυτοῦ,
1613 2580 1694 2628 καὶ
1730 2582 1828 2629 ⁴νῶν
1858 2576 1947 2627 ὑπ’
1976 2576 2134 2629 αὐτοῦ

560 2664 939 2734 ἁπατωμὲνων,
977 2663 1007 2722 ἦ
1044 2666 1497 2735 ennumquam
1544 2674 1616 2734 τῷ
1662 2668 1861 2739 μεγάλῳ
1900 2676 2009 2740 Θεῷ
2054 2672 2136 2723 καί

559 2762 753 2826 σωτῆρι
772 2755 910 2824 ἡμῶν
939 2752 1099 2812 Ἰησοῦ
1124 2764 1332 2830 Χριστῷ
1355 2758 1405 2810 ἐν
1430 2758 1591 2831 ἡμέρα
1621 2762 1851 2831 κρίσεως,
1880 2765 2049 2829 ’Λμήν.

559 2911 724 2999 τῦῖος
752 2922 841 2971 τοῦ
871 2918 1120 3007 βασιλέως
1171 2914 1523 3007 ἰουστιγιανοῦ
1550 2922 1675 2993 πρὸς
1705 2925 1790 2979 τήν
1820 2920 1961 3007 ἁγίαν
1986 2944 2131 2977 σ-νο-

642 2998 650 3007 ι
670 3006 675 3007 γ
843 2989 852 3006 Ὁ
880 2996 912 3007 Α
1020 2992 1029 3005 ο
1225 2994 1243 3002 -
1272 2999 1313 3007 ι-
1546 2992 1554 3007 Ι
1709 2992 1717 3007 1
1783 3000 1802 3007 -
1982 2998 2005 3007 -ο

628 2983 713 3039 δον
739 2989 854 3061 περί
871 2983 1139 3059 ’Θεοδώρου
1160 2994 1248 3040 τοῦ
1272 2983 1618 3057 Μοῲουεστίας
1638 2992 1837 3044 καὶτῶν
1858 2983 2059 3046 λοιπῶν.

628 3124 825 3183 Σπιιυδὴ
854 3128 942 3193 μὲν
970 3128 1165 3197 γέγονεν
1209 3130 1290 3182 ἀεί
1326 3137 1433 3189 τοῖς
1468 3128 1771 3204 ὀρθοδὸξοις,
1803 3136 1878 3183 καὶ
1904 3132 2130 3201 εὐσεϐῶς

557 3218 1050 3292 προϐεϐασιλευκόσι
1106 3228 1212 3280 τοῖς
1257 3222 1511 3297 ἡμετέροις
1557 3225 1821 3299 πατράσι.
1868 3225 1960 3284 τὰς
2003 3226 2130 3279 κατὰ

2240 678 2336 717 eos
2378 665 2468 733 qui
2497 667 2661 718 semel
2692 668 2849 735 impie
2882 680 3123 735 egerunt,
3155 678 3207 722 et
3257 678 3476 739 propter
3515 671 3618 725 hoc
3639 671 3747 739 jam
3778 688 3808 727 ει

2241 754 2467 808 Domino
2498 757 2840 810 condemnati
2870 769 3019 823 sunt,
3045 760 3247 824 dicere,
3277 776 3384 813 non
3416 770 3666 829 oportere
3689 770 3808 831 post

2240 858 2466 902 mortem
2491 850 2873 905 condemnari?
2901 850 2966 905 Et
2992 853 3201 907 divinus
3230 864 3405 909 autem
3436 854 3641 926 [etiam]
3669 858 3810 925 Apco

2239 938 2426 1004 stolus,
2451 939 2541 1008 qui
2580 938 2845 994 Christum
2876 942 2927 994 in
2957 943 3246 1011 semetipso
3293 944 3452 997 habet
3480 945 3807 1011 loquentem,

2239 1045 2346 1081 non
2393 1030 2564 1083 solum
2612 1030 2864 1085 adversus
2907 1032 3179 1095 homines,
3209 1033 3303 1086 sed
3353 1035 3511 1086 etiam
3552 1033 3811 1088 adversus

2240 1118 2457 1185 angelos
2488 1119 2646 1171 talem
2672 1120 2892 1187 protulit
2916 1123 3256 1185 sententiam,
3288 1124 3470 1177 dicens
3500 1124 3551 1175 in
3580 1124 3806 1191 epistola

2239 1209 2303 1261 ad
2334 1208 2549 1263 Galatas
2574 1208 2722 1279 (Cap.
2746 1210 2783 1280 ι)
2818 1228 2829 1261 :
2876 1210 2982 1264 Sed
3010 1212 3129 1264 licet
3150 1229 3243 1265 nos
3264 1222 3350 1264 aut
3370 1214 3581 1280 angelus
3604 1214 3666 1265 de
3687 1216 3811 1267 cwlo

2240 1300 2659 1368 evmtgelizaverit
2684 1310 3021 1369 prwterquam
3060 1302 3196 1372 quod
3237 1304 3695 1372 euangelizavinms
3725 1321 3811 1356 ro-

2241 1388 2337 1455 bis,
2368 1390 2643 1442 anathema
2671 1392 2756 1443 sit.
2791 1390 2938 1443 Sicut
2974 1393 3330 1461 prwdiximus,
3361 1402 3408 1446 et
3457 1409 3593 1446 nunc
3628 1396 3808 1447 iterum

2241 1477 2353 1531 dico
2380 1493 2397 1531 :
2431 1479 2491 1532 Si
2519 1479 2631 1547 quis
2661 1478 2798 1532 vobis
2825 1481 3243 1550 evangelizaverit
3272 1492 3456 1551 praeter
3485 1484 3539 1535 id
3564 1486 3698 1555 quod
3719 1501 3808 1537 ac-

2240 1572 2465 1639 cepistis,
2492 1572 2767 1623 anathema
2788 1573 2873 1626 sit.
2900 1571 2967 1626 Et
2994 1574 3113 1641 quis
3144 1574 3215 1627 ita
3246 1576 3439 1643 impius
3468 1582 3569 1640 est,
3595 1586 3653 1629 ut
3676 1591 3808 1644 pne-

2239 1668 2416 1715 sumat
2440 1661 2637 1726 dicere,
2669 1662 2814 1729 quod
2840 1662 3105 1717 Theodori
3138 1664 3300 1732 impia
3323 1665 3541 1732 scripta,
3577 1666 3657 1718 vel
3690 1680 3810 1733 pars

2240 1768 2447 1817 eorum,
2479 1752 2669 1805 tradita
2699 1761 2781 1806 est
2808 1754 3093 1821 aliquando
3120 1764 3314 1808 sancue
3337 1755 3429 1808 Dei
3458 1754 3724 1819 Ecclesiae,
3758 1764 3812 1808 et

2241 1861 2346 1899 non
2369 1844 2569 1911 statim,
2597 1845 2686 1912 qui
2738 1860 2896 1898 ausus
2925 1853 3004 1898 est
3031 1846 3230 1915 aliquid
3274 1846 3377 1901 tale
3415 1846 3561 1915 loqui
3590 1848 3809 1900 anathe-

2171 1947 2212 2004 B
2241 1938 2368 1993 mali
2396 1938 2667 2004 subjectus
2695 1945 2779 1990 cst
2806 1952 2836 1990 a
2866 1938 3065 1991 sanctis
3096 1936 3373 1992 Patribus?

2307 2028 2364 2082 Si
2391 2027 2508 2095 quis
2530 2028 2689 2095 igitur
2714 2034 2835 2095 post
2864 2026 3128 2095 ejusmodi
3157 2038 3359 2083 rectam
3392 2029 3806 2093 confessionem,

2237 2130 2292 2175 et
2319 2121 2690 2175 hmreticorum
2717 2121 3241 2189 condemnationem,
3262 2123 3413 2177 salvo
3442 2133 3695 2178 manente
3724 2124 3809 2192 pio

2238 2212 2534 2275 intellectu,
2566 2210 2631 2264 de
2662 2211 2968 2265 nominibus
2996 2212 3079 2266 vel
3109 2213 3329 2282 syllabis
3377 2213 3459 2267 vel
3494 2216 3811 2268 dictionibus

2236 2302 2585 2365 contendens,
2603 2310 2816 2371 separat
2830 2316 2889 2355 se
2909 2316 2939 2355 a
2955 2311 3137 2357 sancta
3162 2302 3253 2357 Dei
3272 2303 3536 2371 Ecclesia,
3561 2315 3808 2372 tauquam

2238 2405 2344 2443 non
2388 2389 2438 2443 in
2469 2391 2651 2457 rebus,
2679 2389 2771 2444 sed
2823 2388 2875 2444 in
2922 2390 3228 2445 nominibus
3254 2393 3383 2447 solis
3410 2401 3466 2445 et
3496 2394 3810 2448 dictionibus

2234 2479 2410 2548 posita
2440 2479 2592 2534 nobis
2646 2480 2890 2549 pietate:
2939 2480 3061 2534 talis
3107 2489 3165 2533 ut
3214 2489 3341 2551 pote
3391 2483 3809 2538 dissensionibus

2234 2566 2493 2636 gaudens,
2526 2569 2787 2623 rationem
2834 2585 2931 2639 pro
2959 2571 3267 2639 semetipso,
3292 2580 3347 2625 et
3370 2588 3472 2640 pro
3498 2574 3732 2642 deceptis
3755 2581 3808 2625 et

2235 2657 2561 2725 decipiendis
2603 2660 2671 2711 ab
2702 2675 2785 2723 eo,
2819 2660 3005 2715 reddet
3050 2674 3242 2728 magno
3288 2661 3397 2716 Deo
3447 2672 3505 2717 et
3548 2663 3809 2718 Salvatori

2236 2757 2420 2803 nostro
2441 2747 2567 2805 Jcsu
2596 2749 2809 2804 Christo
2840 2750 2891 2803 in
2914 2751 3001 2806 die
3026 2752 3232 2819 judicii.
3264 2754 3459 2809 Amen.

2232 2910 2858 2985 Jtcsti/iianijinperatoris
2886 2916 2954 2967 ad
2980 2924 3211 2968 sanctam
3238 2916 3493 2985 synodum
3514 2914 3723 2985 epistola
3745 2912 3805 2968 de

2516 2983 2799 3038 Theodosio
2830 2985 3191 3054 Mopsuesteno
3224 2983 3278 3039 et
3296 2988 3528 3055 reliquis.

2304 3118 2529 3189 Semper
2556 3121 2766 3190 quidem
2788 3124 3020 3177 studium
3051 3124 3148 3177 fuit
3168 3126 3485 3180 orthoaoxis
3510 3134 3563 3178 et
3590 3125 3685 3195 piis
3706 3123 3803 3176 im-

2238 3210 2576 3277 peratoribus
2617 3210 2857 3279 patribus
2895 3212 3110 3277 nostris,
3153 3229 3251 3282 pro
3297 3222 3545 3283 tempore
3597 3218 3805 3266 exortae

558 3307 724 3377 καιρὸν
774 3308 1115 3379 ἀναφυομένας
1166 3310 1385 3387 αἱρέσεις
1434 3309 1516 3364 δά
1564 3311 1784 3366 συνόδων
1837 3312 2127 3369 ὁσιωτάτων

2235 3300 2464 3353 hzereses
2517 3316 2612 3371 per
2639 3303 3104 3370 congregationem
3160 3304 3682 3373 religiosissimorum
3722 3316 3804 3355 εει

556 3396 724 3463 ίερέων
750 3396 1023 3459 ἐκκόπτειν,
1052 3400 1135 3451 καί
1157 3408 1248 3457 τῆς
1271 3399 1419 3473 ὀρθῆς
1444 3403 1669 3461 πίστεως
1694 3403 1919 3475 καθαρῶς
1943 3424 2129 3477 κηρυτ-

554 3486 767 3553 τομίνης
795 3486 845 3539 iv
873 3488 1155 3561 εἰρήνῃετὴν
1184 3491 1329 3560 ἁγίαν
1367 3497 1456 3543 τοῦ
1490 3497 1615 3545 Θεοῦ
1658 3492 1919 3550 ἐκκλησίαν
1948 3492 2124 3565 διαφυ-

555 3573 748 3628 λάττειν
769 3592 781 3603 ’
808 3576 985 3650 διόπερ
1008 3579 1086 3630 καί
1110 3588 1476 3639 κωνσταντῖνος
1504 3578 1530 3633 ὅ
1552 3582 1727 3653 μέγας,
1751 3579 1939 3655 Ἀρείου
1969 3582 2124 3651 βλασ-

555 3672 829 3733 φημοῦντος
863 3672 947 3720 καί
974 3669 1221 3739 λέγοντος,
1258 3676 1329 3741 μή
1362 3668 1487 3725 εἶναι
1511 3673 1597 3726 τὸν
1628 3673 1733 3725 υίὸν
1761 3671 2026 3742 ὁμοούσιον
2058 3682 2130 3743 τῷ

554 3763 663 3825 Θεῷ
688 3760 770 3810 καί
793 3761 971 3832 πατρί,
998 3758 1121 3813 ἀλλὰ
1153 3762 1347 3830 κτίσμα
1386 3764 1472 3814 καί
1493 3759 1542 3825 ἐξ
1570 3765 1661 3817 οὒκ
1684 3758 1837 3815 ὅντων
1860 3764 2126 3833 γεγονέναι,

554 3848 857 3916 συναγαγὼν
873 3846 919 3897 ἐν
940 3849 1112 3920 Νικαίᾳ
1130 3851 1246 3907 τούς
1260 3848 1581 3923 τριακοσίους
1598 3848 1716 3903 δέκα
1731 3853 1814 3903 καί
1835 3852 1965 3905 ὀκτὼ
1979 3852 2131 3905 ποτίέ-

555 3954 647 4009 ρας
667 3974 681 3995 ,
709 3938 794 3989 καί
830 3937 979 3997 αὐτὸς
1004 3938 1110 3991 ἐκεῖ
1132 3940 1535 4010 παραγενόμενος
1553 3980 1564 3998 .
1593 3943 1675 3993 καί
1697 3946 1789 3993 τοῦ
1810 3942 1995 4015 Ἀρείου
2024 3963 2129 3994 κα-

556 4022 940 4086 ταδικασθέντος
956 4030 1039 4081 καὶ
1059 4029 1555 4097 ἀναθεματισθέντος,
1575 4026 1865 4083 ἐσπούδασε
1884 4035 1972 4087 τήν
1995 4030 2128 4103 ὀρθό-

551 4111 690 4176 δοξον
705 4122 945 4188 κρατῦναι
956 4120 1147 4170 πίστιν.
1164 4114 1228 4170 Δι’
1244 4114 1301 4176 ἧς
1318 4117 1714 4187 ὁμολογήσαντες
1727 4118 1770 4170 oi
1785 4120 1903 4172 θεῖοι
1912 4122 2128 4193 πατέρες

553 4204 817 4273 ὃμοούσιον
842 4203 962 4260 εἶναι
977 4208 1063 4261 τὸν
1079 4208 1186 4262 υίόν
1199 4216 1270 4279 τῷ
1284 4217 1392 4281 Θεῷ
1410 4210 1491 4261 καί
1513 4212 1685 4282 πατρί,
1704 4209 1825 4262 ἀλλά
1844 4215 1912 4279 μὴ
1934 4213 2128 4281 κτίσμα

552 4298 632 4347 καὶ
660 4296 705 4358 ἐξ
720 4299 806 4348 οὖν
828 4293 981 4351 ὄντων
993 4298 1261 4369 γεγονέναι.
1280 4299 1441 4372 μέχρι
1462 4305 1548 4350 νῦν
1570 4296 1744 4370 ᾄδεται
1761 4297 1853 4367 lia.
1875 4296 2120 4370 ᾅδονται].

555 4387 643 4437 Καὶ
670 4383 931 4445 Θεοδόσιος
959 4385 1013 4440 δί
1042 4385 1068 4439 ὁ
1090 4387 1471 4461 πρεσϐύτερος,
1503 4385 1795 4441 Μακεδονίου
1819 4389 2122 4462 ἀρνουμένου

554 4480 645 4531 τὴν
670 4476 882 4536 θεότητα
919 4484 1009 4530 τοῦ
1040 4477 1183 4549 ἁγίου
1214 4480 1519 4549 πνεύματος,
1551 4482 1633 4531 καί
1666 4476 2003 4553 ’Δπολιναρίου
2033 4486 2122 4534 τοῦ

555 4567 781 4634 μαθητοῦ
821 4569 975 4622 αὐτοῦ
1019 4569 1430 4639 βλασφημοῦντος
1468 4572 1538 4629 εἰς
1581 4576 1670 4629 τήν
1709 4574 1987 4641 οἰκονομίαν
2032 4580 2121 4627 τοῦ

2235 3389 2511 3445 cerdotum
2540 3401 2841 3460 amputare,
2880 3402 2935 3447 et
2955 3401 3101 3448 recta
3125 3395 3226 3449 ﬁde
3253 3399 3464 3451 sincere
3502 3394 3797 3466 praedicata,

2234 3482 2286 3535 in
2310 3497 2442 3550 pace
2461 3490 2699 3537 sanctam
2729 3484 2823 3538 Dei
2846 3484 3136 3540 Ecclesiam
3158 3488 3450 3544 custodire.
3475 3490 3800 3556 Quaproiiter

2235 3582 2287 3627 et
2303 3572 2683 3628 Constantinus
2699 3573 3077 3643 Magnus,Ario
3100 3578 3505 3648 blasphemante
3527 3586 3580 3631 et
3596 3576 3798 3629 dicente

2234 3662 2424 3716 Filium
2456 3680 2561 3717 non
2584 3679 2703 3717 esse
2730 3648 3238 3719 consubstantialem
3292 3668 3402 3721 Deo
3429 3677 3481 3721 et
3522 3664 3684 3739 Patri,
3705 3658 3792 3712 sed

2234 3762 2552 3815 creaturam,
2586 3764 2640 3807 et
2684 3770 2749 3808 ex
2793 3771 2897 3809 non
2927 3757 3261 3811 exstantibus
3290 3756 3487 3812 factum
3511 3769 3648 3819 esse,
3669 3764 3793 3804 con-

2231 3844 2471 3912 gregavit
2510 3844 2698 3899 Niaea:
2747 3854 3016 3899 trecentos
3038 3845 3223 3900 decem
3261 3854 3313 3900 et
3358 3856 3483 3900 octo
3513 3844 3715 3903 Patres,
3744 3843 3796 3889 ci

2232 3950 2355 3989 cum
2385 3935 2499 4003 ipse
2518 3935 2746 3988 concilio
2770 3935 3115 3997 interfuisset,
3147 3937 3399 3990 damnato
3420 3944 3474 3991 ct
3502 3929 3796 3986 anathema-

2232 4027 2394 4081 tizato
2443 4026 2571 4080 Ario
2615 4035 2814 4081 rectam
2866 4026 3021 4080 ﬁdem
3071 4026 3391 4081 conﬁrmare
3435 4022 3673 4081 studuit:
3706 4026 3795 4084 νοΐ

2229 4129 2388 4183 quam
2412 4115 2573 4169 divini
2607 4115 2680 4168 illi
2706 4114 2892 4168 Patres
2913 4116 3230 4170 conﬁtcntes
3251 4115 3443 4168 Filium
3466 4108 3795 4167 consubstan-

2230 4206 2412 4260 tialem
2438 4222 2559 4260 esse
2588 4207 2697 4261 Deo
2728 4215 2783 4260 et
2827 4205 2992 4272 Patri,
3038 4222 3143 4260 non
3183 4224 3310 4261 vero
3338 4213 3636 4262 creaturam
3663 4205 3713 4251 et
3732 4207 3792 4244 ex

2234 4316 2340 4354 non
2371 4302 2704 4355 exstantibus
2743 4300 2960 4363 factum,
3012 4315 3182 4369 usque
3223 4299 3287 4353 ad
3319 4299 3631 4354 hodiernum
3660 4288 3792 4340 diem

2229 4391 2455 4444 canitur.
2510 4390 2846 4444 Theodosius
2877 4398 3055 4444 autem
3110 4391 3312 4457 senior,
3366 4381 3675 4443 Macedonio
3704 4390 3790 4428 ηο-

2227 4487 2386 4547 gante
2432 4477 2686 4532 deitatem
2732 4478 2903 4531 sancti
2947 4476 3195 4546 Spiritus,
3229 4487 3283 4530 et
3312 4470 3638 4545 Apollinario
3681 4464 3789 4529 eius

2226 4568 2483 4637 discipulo
2512 4567 2914 4636 blasphemante
2941 4568 3201 4621 incarnati
3229 4568 3322 4621 Dei
3355 4564 3509 4620 Verbi
3530 4561 3790 4625 dispensa-

555 4661 683 4709 Θεοῦ
706 4656 871 4728 λόγον,
904 4662 985 4711 καί
1014 4660 1302 4727 φάσκοντος,
1327 4668 1445 4718 νοῦν
1470 4662 1772 4735 ἀνθρώπινον
1794 4666 1863 4731 μὴ
1886 4662 2125 4733 εἰληφέναι

2234 4659 2451 4724 tionem,
2480 4666 2534 4711 et
2560 4657 2771 4711 dicente
2799 4656 2890 4711 Dei
2916 4656 3145 4710 Verbum
3170 4672 3275 4710 non
3296 4649 3639 4720 assumpsisse
3654 4652 3790 4735 men:

556 4747 637 4799 τὸν
667 4752 755 4799 τοῦ
784 4754 908 4800 Θεοῦ
938 4748 1112 4817 λόγον,
1145 4749 1265 4802 ἀλλά
1296 4753 1450 4824 σαρκί
1479 4750 1712 4807 ένωθῆναι
1750 4751 1929 4819 ψυχὴν
1954 4748 2125 4822 ἄλογον

553 4838 775 4910 ἐχούσῃ,
815 4843 1111 4910 συναγαγὼν
1140 4839 1188 4892 ἔν
1227 4841 1751 4895 Κωνσταντινουπόλει
1784 4844 1901 4901 τοὺς
1931 4841 2000 4915 ρν’
2026 4863 2125 4895 πα·

556 4929 701 5003 τέρας
730 4932 816 4983 καί
852 4933 1131 5001 μετασχὼν
1170 4933 1254 4984 καί
1281 4931 1432 4989 αὐτὸς
1472 4939 1569 4989 τῆς
1613 4930 1860 4993 συνόδου,
1906 4935 1991 4985 καί
2030 4938 2131 4987 τῶν

552 5018 814 5093 εἰρημένων
847 5021 1258 5093 καθαιρεθέντων,
1294 5022 1379 5073 καί
1408 5021 1901 5089 ἀναθεματισθζντων
1939 5024 2131 5093 αἱρετι-

550 5115 676 5171 κῶν,
703 5112 831 5178 μετά
859 5113 945 5163 καί
978 5116 1075 5164 τῶν
1100 5111 1295 5164 ἀσεϐῶν
1326 5113 1487 5165 αὐτῶν
1513 5110 1772 5182 δογμάτων
1812 5116 1894 5165 καί
1918 5113 2128 5184 empt-

549 5217 663 5258 νων,
688 5199 1036 5273 παρεσκεύασε
1065 5202 1153 5256 τήν
1177 5197 1426 5272 ὀρθόδοξον
1446 5202 1618 5252 πίστιν
1644 5201 2002 5273 κηρύττεσθαι.
2028 5204 2128 5255 Καὶ

548 5286 812 5348 Θευδὸσιος
850 5286 958 5342 δέὁ
999 5289 1129 5351 νὲος,
1174 5296 1266 5342 τοῦ
1309 5289 1528 5349 ἀσεϐοῦς
1558 5291 1827 5358 Νεστορίου
1861 5289 2122 5359 λέγοντος,

549 5374 692 5431 ἄλλον
718 5374 843 5431 εἶναι
868 5379 953 5433 τὸν
992 5380 1115 5432 Θεὸν
1151 5378 1320 5449 λόγον,
1354 5382 1439 5433 καί
1469 5376 1610 5432 ἄλλον
1650 5378 1732 5433 τὸν
1760 5378 2005 5453 Χριστὸν,
2044 5385 2125 5434 καί

546 5470 631 5521 τὸν
666 5471 752 5535 μὲν
783 5470 928 5540 φύσει
954 5470 1059 5522 υίὸν
1100 5477 1190 5523 τοῦ
1218 5477 1344 5524 Θεοῦ
1384 5474 1469 5524 καί
1498 5473 1695 5543 πατρὸς
1717 5508 1732 5534 ,
1759 5472 1843 5524 τὸν
1866 5468 1917 5523 δὲ
1945 5472 2123 5543 χάριτι

549 5558 655 5610 υέὁν
679 5558 875 5620 ἀσεϐῶς
908 5560 1226 5631 εἶσάγοντος,
1256 5562 1341 5614 καί
1377 5566 1464 5618 τὴν
1492 5560 1638 5632 ἁγίαν
1666 5562 1856 5636 Μαρίαν
1882 5557 2001 5613 εἶναι
2023 5563 2124 5613 θεο-

546 5647 697 5702 τόκον
745 5648 1080 5719 ἀρνουμένου,
1124 5652 1426 5721 συναγαγὼν
1467 5656 1555 5707 τήν
1583 5652 1830 5723 προτέραν
1862 5650 1908 5699 ἐν
1942 5652 2125 5719 Ἐφέσῳ

546 5746 647 5789 τῶν
674 5734 937 5791 διακοσίων
976 5738 1127 5809 ἁγίων
1168 5740 1395 5811 πατέρων
1426 5737 1664 5801 σύνοδον,
1698 5740 1784 5791 καί
1823 5739 2125 5798 ἀποστείλας

548 5822 812 5900 «itpr
836 5828 1113 5900 ἐφείλοντας
1144 5838 1370 5904 παρεῖναι
1485 5826 1703 5897 συνέδῳ,
1734 5829 2013 5900 προσέταξε
2044 5831 2125 5881 καί

549 5934 637 5972 τον
668 5924 930 5987 Νεστοριον
958 5918 1349 5990 παραγενέσθαι,
1396 5914 1481 5966 καί
1509 5916 1672 5988 κρίσιν
1715 5916 1795 5970 ἐπ’
1822 5920 1956 5991 αὖτῷ
1991 5921 2125 5989 γενέ·

2229 4756 2339 4801 tem
2363 4747 2673 4813 humanam,
2707 4748 2800 4802 sed
2823 4749 2968 4803 carni
2990 4749 3219 4801 animam
3248 4742 3564 4801 rationalem
3588 4732 3789 4789 haben"

2230 4838 2393 4890 fuisse
2446 4838 2674 4900 unitum,
2730 4838 3069 4908 congregatis
3116 4838 3166 4890 in
3213 4821 3790 4910 Constantinopolitana

2234 4925 2365 4980 urbe
2411 4933 2626 4979 centum
2673 4926 3056 4994 quinquaginta
3107 4924 3372 4988 Patribus,
3403 4936 3468 4974 ac
3498 4918 3609 4985 ipse
3635 4916 3785 4977 Pam'

2233 5028 2359 5081 ceps
2404 5014 2612 5067 concilii
2643 5013 2881 5078 etl‘ectus,
2914 5015 3175 5069 damnatis
3215 5023 3270 5069 et
3314 5008 3654 5067 anathemate
3675 5004 3789 5063 Pe"

2232 5105 2394 5159 culsis
2450 5106 2715 5173 praedictis
2768 5107 3031 5160 haereticis
3081 5122 3182 5160 una
3228 5121 3350 5160 cum
3399 5095 3573 5166 impiis
3612 5093 3783 5142 eorum

2232 5194 2570 5261 dogmatibus
2600 5210 2660 5248 ac
2691 5196 3066 5260 sectatoribus,
3100 5211 3281 5249 curam
3311 5186 3549 5247 adhibuit
3570 5186 3625 5232 ut
3649 5177 3785 5261 τεῦξε

2233 5280 2363 5335 ﬁdes
2402 5280 2799 5349 praedicaretur.
2849 5281 3179 5337 Theodosius
3228 5296 3355 5335 vero
3384 5272 3589 5331 Junior.
3634 5261 3785 5349 imp")

2233 5348 2481 5424 Nestorio
2507 5371 2717 5425 dicente
2739 5372 2900 5425 alium
2930 5388 3049 5427 esse
3080 5373 3245 5426 Deum
3271 5368 3523 5425 Verbum.
3553 5348 3781 5445 “illi”?

2228 5460 2526 5525 Christum.
2558 5476 2621 5514 ac
2654 5461 2882 5514 Verbum
2934 5462 3147 5529 quidem
3200 5470 3391 5514 natura
3443 5462 3558 5504 esse

2230 5551 2320 5604 Dei
2353 5560 2405 5604 et
2430 5551 2615 5616 Patris,
2642 5551 2911 5607 Christum
2932 5526 3060 5606 uero
3085 5563 3287 5606 tantum
3319 5564 3383 5603 ex
3408 5538 3573 5612 gratia
3601 5526 3778 5621 Filitllll

2225 5643 2389 5711 impie
2419 5644 2811 5707 introduccnte,
2845 5652 2900 5697 et
2928 5652 3167 5697 sanctam
3197 5643 3418 5697 Mariam
3445 5626 3536 5683 Dei
3558 5620 3777 5715 rge'fuirrl:

2224 5748 2341 5787 cem
2372 5749 2489 5787 esse
2515 5743 2744 5802 negante
2769 5751 2783 5800 ;
2826 5736 3171 5802 congregavit
3199 5735 3432 5805 priorem
3473 5708 3772 5809 Ephﬁsmaf:

2224 5825 2486 5896 synodum
2519 5834 2871 5880 ducentorum
2912 5837 3217 5882 sanctorum
3246 5826 3478 5880 Patrum.
3503 5814 3554 5862 εί
3574 5798 3772 5896 dm?qu

2226 5918 2559 5988 principibus
2582 5918 2671 5985 qui
2704 5918 2961 5972 deberent
2988 5919 3215 5974 concilio
3256 5917 3525 5971 interesse.
3550 5891 3698 5961 λυδδίι
3720 5879 3769 5928 ⁸⁸
