4108 6446
378 463 506 529 1037

1105 448 1469 510 EPISTULA
1510 455 1906 515 ADVERSUS
1946 459 2423 520 TI'IEODORUM
2468 457 2882 519 MOPSUEST.

3472 461 3609 528 1038

372 576 507 625 σθαι.
536 574 624 625 Καὶ
657 570 717 630 δὴ
746 574 1002 645 γενομένης
1032 575 1271 649 ἀκριϐοῦς
1302 575 1577 640 ἐξετάσεως
1616 577 1936 633 κατεδίκασαν

2050 579 2224 647 ipsum
2283 579 2581 632 Nestorium
2614 579 2823 646 adesse,
2856 589 2908 633 et
2948 580 3205 647 judicium
3234 581 3300 637 de
3344 597 3412 638 eo
3461 584 3575 639 ﬁeri
3606 604 3619 639 :

380 663 641 733 ‘lEc’TéptO‘J
661 704 675 726 ,
715 664 1167 733 άναθεματίσαντες
1193 671 1285 722 σὺν
1322 678 1425 729 τοῖς
1455 670 1726 743 ὁμόφροσιν
1771 675 1941 727 αὐτοῦ.

378 753 565 805 τούτων
594 750 646 805 δὲ
676 753 810 805 οὕτω
839 756 1206 825 προελθόντων,
1239 758 1607 819 ἐπαναστάντες
1630 762 1847 833 Κυρίλλῳ
1875 771 1947 834 τῷ

372 841 733 910 πανοσιωτάτῳ
754 841 800 893 oi
825 849 917 901 τῆς
937 843 1203 911 έξαγίστου
1225 847 1498 919 Νεστορίου
1526 847 1740 924 μερίδος,
1767 850 1947 903 ἐσπού-

368 928 531 983 δασαν
547 970 561 993 ,
601 930 660 984 τό
683 951 739 1003 γε
780 930 858 984 ἐπ’
883 934 1069 996 αὐτοῖς,
1098 934 1375 1006 ἀνατρέψαι
1401 942 1490 994 τήν
1516 941 1648 992 κατὰ
1676 945 1944 1013 Νεστορίου

366 1023 691 1091 γεγενημένην
735 1024 914 1097 κρίσιν.
943 1021 1062 1076 Ἀλλ’
1106 1017 1190 1075 οὖν
1231 1045 1285 1094 γε
1339 1024 1601 1101 Θεοδόσιος
1633 1027 1659 1081 ό
1707 1029 1947 1090 βασιλεὺς

368 1114 849 1182 ἀντιλαμϐανόμενος
876 1122 974 1167 τῶν
1015 1111 1167 1175 ὄντως
1204 1116 1362 1187 ὀρθῶς
1398 1120 1527 1171 κατά
1567 1121 1832 1193 Νεστορίου
1862 1126 1947 1175 καί

368 1211 465 1258 τῶν
506 1211 731 1280 πονηρῶν
779 1206 934 1258 αὐτοῦ
976 1203 1238 1275 δογμάτων
1265 1207 1556 1281 κριθέντων,
1592 1211 1945 1281 παρεσκεύασε

367 1302 570 1365 κρατεῖν
622 1296 857 1367 γενναίως
897 1294 1137 1364 [Latinus
1181 1294 1444 1363 interpres
1482 1294 1609 1363 legit
1643 1296 1825 1366 οὕτως]
1859 1304 1947 1357 τήν

368 1385 443 1437 ἔπ’
496 1388 638 1457 αὐτῷ
691 1386 1017 1456 γεγενημένην
1066 1387 1247 1457 κρίσιν.
1308 1388 1398 1439 Καὶ
1456 1388 1556 1459 γάρ
1623 1387 1753 1460 πρὸς
1821 1390 1943 1442 τού-

364 1502 469 1541 τοις
515 1485 600 1535 καὶ
661 1480 786 1534 ἄλλα
838 1482 951 1535 τινά
1004 1482 1131 1534 κατὰ
1178 1486 1265 1535 τοῦ
1314 1482 1445 1533 θείου
1500 1481 1734 1557 κυρίλλου
1789 1503 1945 1535 κατα-

366 1572 789 1640 φλυαρησάντων,
854 1573 1030 1645 γράφει
1090 1574 1218 1645 πρὸς
1282 1574 1368 1626 τόν
1431 1572 1642 1640 βασιλέα
1710 1571 1942 1646 Κύριλλος

363 1672 593 1719 τοιαῦτα·
626 1683 643 1714 ι
662 1662 960 1737 Ἐπειδήπερ
982 1664 1248 1735 ἐπυθόμην,
1278 1659 1316 1715 ὦ
1345 1663 1679 1717 εὐσεϐέστατι
1708 1663 1938 1735 βασιλεῦ,

363 1764 459 1811 τῶν
483 1758 754 1830 φιλολογεῖν
793 1756 1029 1810 εἰωθότων
1054 1757 1193 1814 τινὰς
1236 1756 1418 1830 ἀγρίων
1452 1762 1650 1825 σφηκῶν
1689 1753 1827 1812 δίκην
1853 1776 1944 1810 πε-

362 1848 622 1921 ριϐομϐεῖν
640 1888 652 1908 ,
688 1850 772 1901 καὶ
811 1847 1106 1919 μοχθηροὺς
1132 1846 1419 1916 ἐρεύγεσθαι
1456 1844 1567 1899 κατ’
1594 1846 1715 1914 ἐμοῦ
1740 1846 1937 1917 λόγους,

2050 669 2396 739 diligentiquc
2445 671 2846 724 examinatione
2871 670 3028 737 facta,
3061 672 3385 729 damnarunt
3411 684 3466 728 et
3493 691 3605 729 ana-

2051 760 2466 814 thematizarunt
2495 759 2797 815 Nestorium
2827 778 2930 815 una
2952 777 3075 816 cum
3098 765 3452 819 sectatoribus
3480 768 3619 835 ejus.

2049 851 2142 905 llis
2163 860 2339 904 autem
2369 852 2442 904 ita
2471 851 2784 916 subsecutis,
2817 868 2937 906 cum
2984 853 3394 909 insurrexissent
3430 866 3620 913 contra

2048 941 2440 995 sanctissimum
2496 939 2752 1010 Cyrillum
2808 951 3101 997 sectatores
3156 945 3303 1014 impii
3350 946 3618 1013 Nestorii,

2045 1031 2223 1084 conati
2244 1038 2370 1084 sunt
2392 1032 2668 1100 (quantum
2699 1032 2751 1085 in
2778 1033 2906 1101 ipsis
2927 1033 3045 1105 fuit)
3071 1037 3375 1092 rescindere
3394 1048 3612 1092 senten-

2046 1121 2174 1173 tiam
2204 1130 2392 1175 contra
2420 1122 2721 1175 Nestorium
2743 1123 2924 1177 latam.
2950 1123 3056 1178 Sed
3086 1125 3418 1182 Theodosius
3443 1129 3615 1197 impe-

2047 1220 2213 1273 rator,
2247 1211 2539 1266 defendens
2565 1228 2627 1266 ea
2658 1229 2776 1281 qua:
2810 1215 2881 1267 ita
2916 1224 3063 1270 recte
3095 1226 3282 1271 contra
3309 1218 3611 1273 Nestorium

2047 1311 2102 1355 et
2131 1302 2287 1370 impia
2320 1303 2434 1370 ejus
2458 1304 2709 1372 dogmata
2738 1306 2948 1359 fuerant
2973 1306 3231 1374 iudicata,
3261 1310 3618 1367 damnationis

2046 1394 2363 1446 sententiam
2400 1394 2451 1447 in
2484 1409 2604 1447 eum
2635 1393 2829 1449 factam
2859 1405 3032 1449 ratam
3063 1398 3248 1452 haberi
3279 1401 3503 1456 curavit.
3533 1399 3620 1455 In-

2044 1499 2207 1552 super
2235 1494 2412 1538 autem
2446 1501 2565 1540 cum
2587 1494 2641 1539 et
2667 1487 2909 1555 quaedam
2938 1489 3041 1542 alia
3063 1490 3286 1545 crimina
3314 1492 3494 1546 divino
3514 1490 3620 1562 Cy-

2044 1573 2165 1626 rillo
2205 1573 2343 1641 apud
2390 1575 2767 1643 imperatorem
2819 1578 3096 1643 nugaciter
3140 1580 3520 1648 inipingercnt,
3550 1582 3620 1637 ad

2044 1665 2422 1734 imperatorem
2453 1666 2681 1737 Cyrillus
2710 1669 2762 1721 in
2807 1669 2945 1723 hanc
2986 1673 3309 1726 sententiam
3357 1675 3614 1742 scripsit:

2050 1774 2068 1807 ι
2096 1755 2385 1825 Postquam
2429 1758 2555 1811 mihi
2578 1800 2592 1824 ,
2624 1760 2862 1827 piissime
2891 1760 3205 1829 imperator,
3250 1764 3617 1818 renuntiatum

2044 1856 2144 1911 est,
2176 1846 2437 1914 quosdam
2477 1848 2717 1915 garrulos
2746 1849 2917 1903 instar
2951 1865 3233 1919 vesparum
3264 1852 3495 1907 ferarum
3525 1868 3617 1907 su-

362 1940 426 1996 ὡς
456 1939 510 2001 ἐξ
538 1938 753 2013 οὐρανοῦ
783 1937 1166 2007 κατακομισθέν,
1202 1938 1287 1988 καί
1324 1937 1408 1988 οὐκ
1435 1936 1487 1988 ἐκ
1509 1944 1597 1996 τῆς
1626 1935 1775 2006 ἁγίας
1800 1958 1935 2009 παρ-

2040 1937 2206 1991 surris
2226 1937 2332 1991 suis
2359 1953 2513 1991 aures
2561 1947 2679 2009 tuas
2708 1954 3017 2008 personare,
3055 1949 3109 1994 et
3137 1941 3419 1996 maledicta
3449 1943 3502 1997 in
3528 1958 3616 1997 me

360 2030 498 2081 θ’νου
525 2028 751 2097 λέγοντος
788 2028 845 2081 τό
884 2028 1011 2080 θεῖον
1041 2034 1193 2096 σῶμα
1218 2031 1472 2099 Χριστοῦ,
1505 2028 1588 2079 καί
1626 2028 1715 2092 μέν
1752 2048 1828 2080 τοι
1854 2030 1939 2081 καί

358 2117 447 2171 δύο
469 2119 616 2177 υἱοὺς
642 2113 773 2172 κατά
792 2118 1058 2190 Νεστόριον
1077 2116 1328 2189 ὁμολογεῖν
1343 2118 1476 2188 ἡμᾶς
1498 2118 1936 2191 κατεφλυάρησαν,

357 2208 463 2262 δεῖν
484 2213 710 2281 ᾠήθημεν
732 2210 873 2278 ὀλίγα
889 2210 1008 2282 περὶ
1025 2208 1203 2261 τούτου
1226 2207 1353 2282 πρός
1374 2209 1560 2268 αὐτοὺς
1584 2209 1739 2262 εἰπεῖν
1757 2208 1935 2266 οὕτως·

357 2297 428 2351 Ὦ
453 2302 657 2358 ἀνόητοι
683 2300 766 2355 καὶ
798 2300 943 2371 μόνον
970 2299 1153 2359 εἰδότες
1179 2309 1524 2372 συκοφαντεῖν,
1557 2308 1666 2359 πῶς
1694 2302 1764 2361 εἰς
1792 2306 1941 2353 τοῦτο

358 2393 656 2461 παρήχθητε
701 2394 937 2461 γνώμης,
984 2393 1065 2444 καὶ
1102 2392 1357 2449 τοσαύτην
1396 2395 1693 2449 νενοσγᾶκατε
1726 2393 1936 2455 uariata;

358 2480 457 2538 ἔδει
490 2490 665 2554 σαφῶς
708 2484 917 2548 ἐννοεῖν,
950 2481 1027 2536 ὅτι
1069 2481 1260 2551 σχεδόν
1307 2481 1441 2541 ἅπας
1465 2484 1584 2552 ἡμῖν
1628 2482 1653 2536 6
1691 2484 1820 2557 ὑπὲρ
1849 2492 1940 2543 τῆς

358 2576 577 2632 πίστεως
619 2574 754 2644 ἀγὼν
781 2573 1174 2643 συνεκεκρότητο
1205 2571 1693 2644 διαϐεϐαιουμένοις,
1723 2573 1800 2629 ὄτι
1827 2577 1935 2628 θεο-

357 2664 495 2723 τόκος
532 2663 672 2717 ἐστίν
700 2665 729 2721 ἡ
758 2663 878 2736 ἁγία
904 2667 1092 2740 Μαρία.
1120 2658 1242 2720 Ἀλλ’
1268 2667 1474 2741 ἐπείπερ
1505 2669 1554 2731 ἐξ
1584 2669 1790 2741 οὐρανοῦ
1808 2710 1821 2733 ,
1853 2672 1940 2722 καί

356 2756 443 2808 οὐκ
469 2756 517 2819 ἐξ
538 2756 695 2814 αὐτῆς
718 2758 1043 2828 γεγεννῆσθαι
1069 2756 1128 2811 τὸ
1166 2758 1293 2810 θεῖον
1321 2765 1471 2827 σῶμα
1493 2764 1585 2811 τοῦ
1614 2764 1838 2832 Χριστοῦ
1857 2759 1940 2811 λέ-

357 2865 531 2917 γομεν,
571 2848 640 2908 ὥς
666 2869 819 2921 φασι,
851 2856 960 2910 πῶς
989 2844 1047 2902 ἂν
1074 2856 1237 2903 νοοῖτο
1266 2849 1526 2914 θεοτόκος;
1556 2853 1666 2904 τίνα
1687 2848 1785 2924 γὰρ
1814 2849 1938 2909 ὅλως

358 2940 578 3002 τέτοκεν,
606 2941 649 2992 εί
671 2942 740 3007 μή
770 2938 904 2993 ἔστιν
937 2939 1109 2999 ἀληθὲς
1131 2936 1208 2993 ὅτι
1237 2940 1496 3011 γεγέννηκε
1519 2941 1647 2993 κατά
1664 2941 1828 3012 σάρκα
1856 2942 1938 2993 τόν

359 3034 700 3105 taumatia);
729 3033 1059 3102 γελάσθωσαν
1086 3034 1251 3088 τοίνυν
1279 3033 1324 3087 οἱ
1348 3038 1510 3087 ταῦτα
1533 3037 1616 3086 καί
1644 3035 1707 3087 τά
1726 3040 1937 3089 τοιαῦτα

361 3124 469 3177 κατ’
522 3126 649 3193 ἐμοῦ
704 3123 1132 3195 πεφλυαρηκότες.
1178 3124 1247 3175 Οὐ
1286 3126 1385 3195 γὰρ
1434 3122 1678 3191 ψεύδεται
1711 3122 1866 3194 λέγων
1911 3121 1936 3175 ὁ

360 3214 519 3283 μακάρ
546 3234 601 3273 ος
625 3214 849 3273 Ἠσαίας·
870 3241 939 3252 -
955 3213 1086 3267 Ἰδοὺ
1109 3216 1139 3271 ἡ
1160 3216 1403 3285 παρθένος
1430 3215 1477 3266 ἐν
1496 3217 1682 3288 γαστρί
1708 3216 1824 3279 ἕξει,
1853 3218 1939 3269 καὶ

2041 2033 2305 2091 eructare,
2339 2034 2600 2094 nugantes
2628 2042 2715 2081 me
2740 2043 2984 2083 asserere
3011 2028 3209 2084 Christi
3231 2030 3465 2085 divinum
3493 2047 3616 2087 θοι-η

2039 2132 2139 2186 pus
2159 2117 2295 2171 caelo
2323 2116 2579 2181 delatum,
2611 2126 2666 2171 et
2692 2133 2800 2173 non
2821 2118 2888 2173 de
2917 2128 3100 2173 sancta
3132 2120 3350 2189 Virgine
3373 2137 3615 2192 assump-

2042 2214 2181 2273 tum;
2214 2207 2448 2276 itemque
2478 2207 2612 2264 duos
2641 2208 2778 2264 ﬁlios
2800 2210 2867 2264 de
2895 2212 3158 2265 sententia
3188 2212 3414 2267 Nestorii
3447 2211 3617 2267 υοηίί-

2041 2299 2141 2353 teri
2167 2315 2180 2350 :
2213 2299 2516 2354 existimavi
2542 2300 2742 2355 debere
2771 2317 2858 2356 me
2895 2303 3151 2357 adversus
3189 2304 3332 2373 ipsos
3361 2320 3531 2374 pauca
3561 2306 3616 2360 in

2041 2388 2180 2443 hanc
2222 2390 2538 2443 sententiam
2570 2390 2748 2446 dicere
2774 2410 2786 2444 :
2832 2391 2875 2445 Ο
2904 2393 3053 2458 fatui,
3084 2402 3139 2447 et
3182 2396 3377 2450 nullius
3406 2396 3483 2450 rei
3515 2396 3616 2451 nisi

2039 2479 2397 2534 calumniandi
2471 2484 2659 2550 gnari,
2706 2470 3007 2553 quomodo
3035 2486 3089 2538 in
3139 2487 3279 2540 hanc
3324 2487 3617 2542 devenistis

2039 2572 2378 2635 sententiam,
2406 2581 2719 2642 tantumque
2747 2575 2967 2629 insanite
2995 2578 3356 2646 eoncepistis?
3384 2576 3615 2632 Omnino

2040 2662 2183 2716 enim
2209 2664 2493 2732 oportebat
2514 2666 2619 2720 hoc
2644 2682 2739 2720 vos
2764 2667 3044 2736 perspicue
3071 2670 3290 2732 sentire,
3317 2677 3482 2722 totam
3508 2669 3617 2724 fere

2041 2761 2278 2806 nostram
2302 2754 2368 2808 de
2392 2753 2493 2808 [ide
2513 2755 2929 2825 disputationem
2971 2756 3094 2811 inde
3123 2767 3316 2823 ortam,
3348 2759 3489 2826 quod
3517 2774 3617 2813 nos

2041 2851 2280 2896 sanctam
2310 2839 2844 2914 Mariaui'beiparam
2874 2860 2992 2901 esse
3028 2847 3421 2901 contendimus.
3452 2848 3616 2915 Atqui

2039 2934 2103 3000 si,
2130 2943 2187 2988 ut
2207 2935 2281 2988 illi
2310 2936 2513 2999 dicunt,
2543 2951 2643 2991 nos
2676 2953 2873 3006 corpus
2912 2937 3110 2991 Christi
3134 2937 3373 2993 divinum
3404 2939 3615 2992 caelitus

2038 3026 2271 3089 venisse,
2302 3042 2406 3079 non
2436 3042 2502 3081 ex
2533 3028 2647 3095 ipsa
2691 3037 2874 3082 natum
2920 3028 3165 3093 dicimus,
3198 3030 3470 3097 quomodo
3492 3028 3615 3083 Dei-

2041 3128 2169 3183 para
2199 3114 2302 3169 dici
2340 3117 2573 3185 poterit?
2602 3116 2770 3182 Quem
2799 3118 2943 3171 enim
2972 3119 3204 3189 peperit,
3232 3119 3277 3172 si
3305 3119 3407 3172 hoc
3430 3134 3612 3173 verum

2042 3218 2147 3256 non
2199 3211 2299 3264 est,
2332 3204 2475 3271 quod
2506 3205 2798 3259 secundum
2840 3209 3059 3260 car'nem
3110 3209 3381 3276 pepererit
3408 3206 3613 3261 Emma-

358 3305 545 3367 τέξεται
575 3304 698 3367 ν’όν,
730 3306 818 3357 καί
854 3304 1127 3363 καλέσουσι
1153 3306 1210 3358 τό
1240 3301 1395 3375 ὄνομα
1427 3306 1578 3359 αὐτοῦ
1603 3306 1931 3377 Ἐμμανουήλ,

2040 3293 2288 3347 nuelem?
2318 3293 2611 3348 Rideantur
2639 3309 2769 3362 ergo
2798 3298 2887 3364 qui
2915 3298 3029 3351 haec
3058 3306 3114 3352 et
3145 3299 3265 3352 talia
3295 3299 3362 3353 de
3390 3315 3477 3353 me
3500 3299 3612 3352 bla-

358 3394 384 3449 ὅ
404 3394 534 3459 ἔστι,
552 3396 657 3466 μεθ’
681 3398 819 3465 ἡμῶν
844 3395 867 3447 ὁ
893 3396 1037 3456 Θεός.
1057 3424 1125 3434 ——
1142 3397 1388 3453 ’Δληθεύει
1408 3395 1460 3449 δέ
1482 3398 1679 3456 πάντως
1701 3395 1822 3451 καὶὸ
1845 3398 1937 3470 ἀρ-

358 3489 613 3561 χάγγελος
634 3486 855 3560 Γαϐριὴλ
871 3489 998 3561 πρὸς
1014 3492 1102 3545 τήν
1120 3487 1363 3560 παρθένον
1384 3487 1638 3540 εἱπώνο-
1658 3491 1732 3544 Μὴ
1757 3487 1934 3555 φοϐοῦ,

357 3585 563 3656 Μαριάμ
583 3620 598 3641 ,
632 3576 777 3654 εὗρες
804 3581 904 3655 γὰρ
943 3581 1097 3653 χάριν
1135 3581 1275 3651 παρά
1297 3587 1370 3651 τῷ
1400 3587 1540 3650 Θεῷ⁰
1569 3581 1649 3631 καὶ
1681 3577 1787 3632 ἰδοὺ
1818 3579 1937 3632 συλ-

356 3669 489 3745 iri-dp
515 3673 566 3724 ἐν
589 3675 802 3744 γαστρὶ,
833 3674 916 3724 καὶ
958 3671 1115 3733 τέξεις
1150 3669 1281 3734 υἱὸν,
1326 3675 1407 3724 καὶ
1430 3670 1660 3730 καλέσεις
1698 3672 1754 3725 τό
1785 3668 1937 3741 ὄνομα

360 3762 510 3814 αὐτοῦ
535 3761 756 3816 Ἰησοῦν.
787 3760 945 3818 Αὐτὸς
965 3761 1065 3832 γάρ
1096 3762 1258 3813 σώσει
1276 3759 1363 3813 τὸν
1390 3760 1504 3813 λαὸν
1533 3761 1685 3814 αὐτοῦ
1717 3760 1816 3814 ἀπὸ
1837 3769 1936 3815 τῶν

358 3848 618 3927 ἁμαρτιῶν
634 3851 812 3904 αὐτῶν.
830 3879 899 3889 --
908 3847 1065 3902 Ὀταν
1076 3848 1127 3903 δέ
1139 3849 1356 3922 λέγομεν,
1373 3847 1555 3903 ἄνωθεν
1570 3850 1617 3913 ἐξ
1630 3852 1839 3924 οὐρανοῦ
1851 3852 1936 3904 τὸν

356 3944 521 4014 κύριον
550 3944 690 4012 ἡμῶν
717 3940 911 3999 Ἰησοῦν
942 3942 1156 4016 Χριστόν
1174 3981 1188 4004 ,
1222 3944 1327 4011 οὐχ
1355 3945 1422 4003 ὡς
1449 3940 1633 3995 ἄνωθεν
1653 3943 1703 4005 ἐξ
1731 3944 1934 4012 οὐρανοῦ

356 4036 743 4103 κατινεχθείσης
766 4044 854 4093 τῆς
878 4033 1019 4105 ἁγίας
1044 4035 1201 4088 αὐτοῦ
1232 4036 1417 4105 σαρκός
1441 4037 1605 4090 ταῦτά
1624 4056 1800 4106 φαμεν,
1834 4036 1935 4089 ἀλλ’

357 4129 420 4185 ab;
441 4127 676 4198 ἑπόμενοι
697 4134 769 4198 τῷ
787 4127 902 4198 ἱερῷ
918 4126 1089 4194 Παύλῳ
1106 4128 1364 4197 φάσκοντι,
1382 4156 1451 4165 —
1464 4138 1516 4179 ‘0
1530 4135 1726 4200 πρῶτος
1742 4123 1906 4201 ἀνθρω
1920 4157 1933 4165 ·

356 4236 448 4276 πος
476 4219 528 4270 ἐκ
554 4224 650 4287 γῆς
693 4218 897 4285 χοεκός,
936 4214 961 4268 6
1009 4213 1239 4290 δεύτερος
1270 4214 1296 4269 6
1336 4217 1503 4289 κύριος
1533 4217 1835 4293 ἐξρύρανοῦ.
1867 4247 1936 4258 -

355 4310 647 4377 Μεμνὴμεθα
671 4305 723 4359 δὲ
766 4309 850 4359 καὶ
877 4307 1028 4359 αὐτοῦ
1066 4311 1157 4359 τοῦ
1195 4307 1371 4379 κυρίου
1400 4306 1646 4375 λέγοντος,
1676 4335 1745 4345 ——
1764 4306 1935 4365 Οὐδεὶς

355 4400 658 4455 ἀναϐέϐηκεν
692 4400 761 4456 ε’ς
789 4398 874 4451 τὸν
905 4398 1133 4471 οὐρανόν,
1165 4399 1209 4449 εἰ
1232 4402 1301 4468 μή
1341 4395 1366 4450 6
1395 4398 1448 4451 ἐκ
1489 4404 1575 4451 τοῦ
1607 4399 1813 4467 οὐρανοῦ
1845 4421 1935 4453 κα-

355 4492 541 4556 ταϐάς,
578 4490 603 4545 ὁ
630 4492 739 4549 υ’ός
768 4497 858 4544 τοῦ
886 4491 1167 4563 ἀνθρώπου.
1196 4518 1267 4529 --
1288 4493 1449 4545 Καίτοι
1488 4492 1776 4563 γεγέννηται
1803 4495 1933 4545 κατὰ

355 4584 550 4655 σάρκα,
587 4578 875 4655 ὡςεῖρηται
894 4620 908 4643 ,
950 4581 1002 4633 ἐκ
1030 4589 1120 4640 τῆς
1142 4579 1284 4652 ἀγίας
1312 4582 1581 4654 παρθένου,
1620 4580 1788 4640 ἐπειδῄ
1829 4581 1880 4636 δέ
1906 4582 1932 4636 ὁ

2038 3390 2233 3436 terant.
2259 3384 2376 3438 Non
2406 3386 2546 3439 enim
2580 3388 2836 3441 mentitur
2861 3397 3075 3443 sanctus
3099 3388 3261 3444 Isaias
3286 3403 3404 3443 cum
3428 3389 3501 3442 ita
3530 3406 3611 3442 va-

2040 3473 2293 3528 ticinatur
2319 3493 2330 3526 :
2358 3474 2490 3529 Ecce
2502 3478 2641 3547 virgo
2662 3478 2715 3529 in
2743 3487 2887 3531 utero
2909 3478 3131 3544 habebit,
3154 3489 3202 3532 et
3228 3480 3395 3548 pariet
3422 3479 3610 3547 ﬁiium,

2037 3574 2087 3619 et
2114 3566 2360 3621 vocabunt
2386 3584 2500 3621 eum
2530 3568 2867 3638 Emmanuel,
2897 3571 3033 3641 quod
3056 3581 3152 3635 est,
3183 3571 3444 3623 nobiscum
3481 3569 3611 3624 Deut

2040 3664 2173 3735 (lsa.
2207 3667 2364 3735 xvu).
2397 3664 2464 3718 Et
2492 3665 2635 3719 haud
2685 3666 2844 3720 dubie
2888 3682 3075 3721 verum
3120 3667 3254 3720 dixit
3280 3665 3494 3720 Gabriel
3522 3681 3613 3719 ar-

2037 3757 2324 3824 changelus
2353 3759 2426 3811 ita
2457 3758 2674 3811 Mariam
2701 3760 3016 3827 alloquens:
3048 3759 3132 3812 Ne
3183 3762 3381 3821 timeas,
3412 3758 3608 3823 Maria,

2035 3849 2272 3901 invenisti
2301 3850 2435 3901 enim
2462 3850 2687 3919 gratiam
2732 3850 2871 3920 apud
2899 3849 3083 3903 Deum.
3119 3849 3252 3902 Ecce
3280 3850 3532 3919 concipies
3560 3850 3610 3900 in

2036 3948 2198 4001 utero,
2230 3948 2278 3991 et
2328 3940 2498 4007 paries
2526 3940 2711 4009 ﬁlium,
2740 3949 2790 3992 et
2816 3941 3019 3993 vocabis
3050 3957 3231 3993 nomen
3254 3942 3363 4010 ejus
3388 3939 3564 3993 Jesum
3594 3957 3609 3993 :

2036 4030 2145 4099 ipse
2184 4031 2318 4082 enim
2360 4032 2557 4084 salvum
2586 4034 2739 4103 faciet
2770 4033 3012 4103 pupulum
3041 4050 3186 4087 suum
3215 4051 3246 4086 a
3275 4034 3496 4104 peccatis
3522 4051 3609 4086 eo-

2036 4136 2149 4172 rum
2178 4118 2324 4189 (Luc.
2358 4136 2407 4185 1;
2440 4120 2625 4174 Matth.
2658 4122 2718 4188 1).
2752 4122 2880 4175 Cum
2928 4131 3107 4176 autem
3158 4122 3439 4178 Dominum
3481 4139 3609 4177 nos-

2040 4228 2176 4272 trum
2207 4217 2388 4273 Jcsum
2418 4219 2685 4273 Christum
2733 4221 2958 4275 dicimus
2987 4221 3217 4291 desuper
3254 4222 3321 4276 de
3346 4222 3485 4276 coelo
3513 4238 3608 4276 ve-

2038 4310 2200 4376 nisse,
2248 4325 2354 4362 non
2407 4326 2474 4364 eo
2514 4326 2673 4365 sensu
2722 4310 2966 4373 dicimus,
3017 4314 3169 4381 quasi
3214 4322 3459 4383 putemus
3486 4328 3609 4367 eum

2036 4406 2275 4451 sanctam
2300 4414 2447 4453 suam
2480 4415 2695 4454 carnem
2723 4401 2789 4455 de
2812 4402 2949 4457 ecelo
2995 4402 3281 4469 detulisse;
3312 4403 3405 4457 sed
3431 4404 3609 4471 sequi-

2036 4503 2155 4542 mur
2182 4498 2425 4543 sanctum
2474 4489 2716 4553 Paulum,
2750 4492 2839 4561 qui
2869 4493 2941 4546 ita
2970 4494 3045 4546 ait
3073 4510 3086 4545 :
3133 4492 3345 4547 Primus
3368 4494 3517 4546 homo
3548 4493 3609 4545 de

2038 4588 2174 4632 terra
2196 4588 2458 4644 terrenus;
2488 4582 2762 4649 secundus,
2789 4582 3040 4637 Dominus
3063 4601 3091 4637 e
3112 4584 3235 4637 calo
3265 4582 3318 4652 (I
3344 4584 3462 4637 Cor.
3496 4588 3608 4653 xv).

356 4671 533 4727 ἄνωθεν
578 4675 630 4736 ἐξ
675 4675 892 4743 οὐρανοῦ
930 4679 1305 4744 καταψοιτήσας
1333 4674 1454 4734 Θεὸς
1495 4674 1637 4745 λόγος
1675 4677 1933 4729 κεκένωκεν

2039 4668 2306 4722 lmitamur
2333 4670 2493 4722 etiam
2523 4679 2577 4724 et
2602 4670 2771 4741 ipsum
2796 4673 3076 4727 Dominum
3107 4674 3375 4727 dicentem
3402 4691 3417 4725 ι
3440 4672 3608 4727 Nemo

355 4764 559 4825 ἔαυτόν,
588 4770 778 4839 μορφήν
809 4763 987 4818 δούλου
1018 4765 1211 4825 λαϐὼν,
1244 4766 1325 4819 καὶ
1350 4767 1719 4837 κεχρημάτικιν
1743 4768 1933 4841 ἀνθρὼ-

355 4876 452 4908 που
481 4858 594 4915 υἱὸς
630 4856 760 4925 μετὰ
796 4862 883 4910 τοῦ
913 4861 1073 4926 μεῖναι
1101 4853 1124 4907 ὂ
1149 4853 1227 4915 ἧν,
1256 4856 1486 4908 τουτέστι
1513 4855 1656 4915 Θεός’
1686 4853 1933 4926 ἄτρεπτος

354 4946 450 5019 γὰρ
478 4948 568 4998 καὶ
587 4945 914 5003 ἀναλλοίωτος
943 4946 1072 4998 κατά
1104 4946 1251 5014 φύσι)
1279 4946 1448 4998 ἐστίν’
1482 4946 1546 5003 ὡς
1575 4941 1643 5002 εἷς
1670 4943 1765 5002 ἤδη
1791 4947 1933 4998 νοού-

354 5054 496 5100 μενος
522 5036 655 5105 μετὰ
688 5043 778 5093 τῆς
817 5033 948 5093 ἰδίας
973 5035 1189 5108 σαρκὸς,
1220 5035 1267 5097 ἐξ
1297 5034 1509 5108 οὐρανοῦ
1536 5034 1732 5105 λέγεται
1760 5038 1933 5090 κατελ-

352 5124 465 5184 θεῖν,
496 5124 793 5194 ὠνόμασται
816 5121 868 5176 δέ
892 5126 974 5176 καί
1003 5121 1262 5197 ἅνθρωπος
1291 5125 1339 5186 ἐξ
1364 5126 1609 5197 οὐρανοῦ,
1650 5125 1834 5186 τέλειος
1867 5125 1933 5181 ὧν

353 5211 401 5262 ἓν
426 5212 626 5269 θεότητι
645 5251 661 5274 ,
691 5214 777 5264 καὶ
811 5213 991 5269 τέλειος
1033 5211 1057 5265 6
1084 5213 1237 5270 αὐτὸς
1264 5213 1313 5264 ἐν
1343 5214 1713 5287 ἀνθρωπότητι,
1751 5217 1836 5268 καὶ
1864 5218 1932 5275 ὡς

354 5301 403 5353 ἔν
450 5302 524 5355 ἐνί
574 5305 832 5370 προσώπῳ
882 5304 1172 5371 νοούμενος.
1226 5298 1308 5361 Εἷς
1360 5303 1456 5376 γάρ
1515 5304 1685 5376 κύριος
1737 5303 1932 5365 Ἰησοῦς

353 5392 610 5463 Χριστὸς,
655 5387 744 5444 κάν
787 5393 818 5449 ἡ
864 5398 963 5446 τῶν
1006 5393 1202 5463 φύσεων
1250 5390 1461 5463 διαφορά
1499 5399 1567 5461 μή
1596 5396 1852 5465 ἀγνοῆται,
1883 5397 1931 5459 ἐξ

355 5478 417 5533 ὧν
446 5488 535 5539 τήν
575 5482 860 5558 ἀπόρρητον
887 5482 1063 5535 ἕνωσίν
1101 5503 1256 5553 φαμεν
1296 5486 1617 5552 πεπρᾶχθαι.
1657 5490 1932 5555 Τοιγαροῦν

355 5572 685 5646 ὁμολογοῦμεν
728 5575 811 5627 τὸν
862 5582 1093 5644 μονογενῆ
1140 5575 1246 5628 υἱόν
1291 5580 1381 5626 τοῦ
1430 5580 1555 5628 Θεοῦ
1602 5574 1761 5645 λόγον,
1809 5578 1927 5629 Θεὸν

354 5662 566 5726 τέλειον,
609 5668 694 5719 καὶ
733 5662 994 5738 ἄνθρωπον
1032 5664 1237 5726 τέλειον,
1284 5666 1336 5716 ἐκ
1380 5664 1561 5733 ψυχῆς
1601 5665 1799 5735 λογικῆς
1847 5670 1928 5720 καὶ

355 5754 608 5822 σώματος,
633 5755 733 5826 πρὸ
752 5757 943 5807 αἰώνων
960 5756 1047 5825 μέν
1069 5755 1121 5805 ἔκ
1143 5759 1232 5806 τοῦ
1259 5754 1451 5827 πατρὸς
1478 5756 1769 5824 γεννηθέντα
1798 5761 1927 5813 κατά

355 5848 442 5900 τὴν
469 5846 707 5906 θεότητα,
750 5846 829 5898 ἐπ’
857 5846 1101 5912 ἐσχάτων
1131 5842 1184 5897 δέ
1210 5851 1308 5896 τῶν
1347 5846 1542 5917 ἡμερῶν
1568 5846 1653 5897 τόν
1690 5847 1838 5897 αὐτόν
1866 5846 1934 5902 δι’

358 5936 487 6006 ἡμᾶς
510 5938 592 5989 καὶ
617 5933 698 5990 διὰ
724 5942 811 5994 τήν
838 5938 1082 6009 ἡμετέραν
1108 5938 1362 6009 σωτηρίαν
1386 5936 1437 5989 ἐκ
1457 5939 1650 6008 Μαρίας
1674 5944 1762 5996 τῆς
1792 5959 1927 6012 nego:

2034 4758 2265 4812 ascendit
2291 4761 2343 4812 in
2370 4761 2568 4827 coelum,
2601 4763 2702 4815 nisi
2755 4764 2841 4833 qui
2883 4764 3143 4817 descendit
3170 4764 3232 4816 de
3259 4764 3381 4817 cazlo
3398 4804 3412 4828 ,
3438 4762 3609 4816 Filius

2033 4847 2255 4900 hominis
2282 4846 2460 4916 (Joan.
2496 4848 2556 4918 ι).
2586 4850 2654 4903 At
2703 4867 2833 4906 vero
2872 4855 3014 4921 quod
3046 4853 3114 4906 ad
3148 4869 3365 4908 carnem
3396 4853 3607 4916 attinet,

2032 4948 2189 4994 natus
2217 4949 2316 5003 est,
2348 4941 2486 4995 sicut
2513 4943 2760 5010 diximus,
2794 4960 2859 4998 ex
2889 4945 3044 4998 beata
3070 4945 3307 5012 Virgine.
3336 4944 3439 4999 Sed
3468 4960 3607 5012 quo-

2035 5030 2175 5084 niam
2207 5032 2440 5086 Verbum
2465 5033 2559 5087 Dei
2582 5034 2649 5089 de
2678 5036 2816 5090 caelo
2860 5034 3210 5097 descendens,
3244 5036 3468 5103 seipsum
3493 5036 3607 5085 exi-

2036 5124 2253 5188 nanivit,
2304 5126 2525 5194 formam
2566 5127 2697 5180 servi
2747 5128 3074 5192 assumenda,
3105 5124 3349 5191 ﬁliusque
3377 5123 3608 5176 hominis

2033 5214 2258 5282 exstitit,
2289 5229 2412 5269 eum
2444 5224 2618 5269 tamen
2649 5216 2787 5271 idem
2818 5223 3157 5284 permaneret
3185 5215 3274 5282 qui
3305 5222 3461 5266 antea
3490 5212 3606 5265 fue-

2033 5313 2134 5370 rat,
2167 5306 2369 5359 scilicet
2398 5306 2536 5360 Deus
2566 5307 2671 5375 (est
2700 5307 2842 5361 enim
2872 5303 3236 5370 immutabilis,
3277 5312 3331 5356 et
3370 5302 3499 5355 nulli
3528 5303 3606 5356 al-

2036 5396 2287 5449 terationi
2315 5396 2561 5449 obnoxiae
2612 5396 2858 5467 naturae),
2892 5412 3013 5451 eum
3037 5395 3149 5463 jam
3177 5411 3313 5449 unus
3340 5393 3606 5461 intelliga-

2034 5500 2120 5544 tur
2147 5506 2266 5545 esse
2296 5507 2417 5545 cum
2441 5493 2659 5561 pr0pria
2686 5508 2865 5557 carne,
2892 5493 3086 5548 dicitur
3112 5496 3177 5549 de
3198 5497 3338 5552 cmlo
3367 5499 3579 5551 venisse

2034 5579 2102 5634 Et
2121 5581 2427 5635 nominatur
2450 5583 2610 5645 etiam
2639 5583 2801 5637 homo
2829 5583 2896 5637 de
2916 5585 3073 5650 cmlo,
3099 5601 3217 5639 cum
3249 5587 3320 5641 sit
3339 5585 3606 5655 perlectus

2033 5671 2086 5724 in
2108 5671 2329 5737 dentale,
2361 5670 2606 5739 idemque
2640 5669 2907 5741 perfectus
2936 5673 2986 5726 in
3016 5673 3344 5728 humanitate
3369 5694 3380 5727 :
3411 5675 3605 5736 intelli-

2030 5773 2277 5831 giturque
2306 5777 2411 5815 una
2440 5776 2559 5817 esse
2587 5777 2837 5831 persona.
2873 5761 3021 5818 Unus
3049 5766 3189 5819 enim
3239 5775 3321 5818 est
3350 5765 3606 5820 Dominus
3628 5818 3646 5835 ,

2030 5850 2185 5905 Jcsus
2241 5850 2505 5918 Christus,
2554 5853 2764 5907 tametsi
2811 5861 3121 5909 naturarum
3170 5855 3454 5911 discrimen
3499 5872 3603 5909 non

2032 5953 2329 6013 ignoretur,
2352 5960 2415 5999 ex
2438 5946 2628 6014 quibus
2660 5943 2977 6002 ineffabilem
2996 5941 3138 6002 illam
3161 5945 3388 6005 dicimus
3411 5946 3605 6003 factum
