4108 6436
452 433 583 499 1041

1145 393 1532 504 ,Epts'rom
1579 432 1976 496 anvsnsus
2015 439 2498 502 THEODORUM
2539 432 2935 507 MOPSUEST

3562 428 3696 511 1042

433 562 529 610 τῶν
555 552 804 629 χειρόνων
836 553 974 628 ,κατά
1003 557 1176 628 μικρὸν
1205 556 1538 626 ἀφιστάμενον
1581 557 1707 630 πρὸς
1745 560 1810 612 τά
1851 559 2014 632 κρείτ-

2141 567 2406 611 naverunt
2452 574 2616 626 opera
2644 559 2916 613 Theodori
2961 556 3344 628 Mopsuestenl,
3390 557 3484 629 qui
3533 566 3702 613 multo

437 667 546 700 εονα
575 654 638 716 τῇ
683 653 914 722 προκοπῇ
943 651 1044 700 τῶν
1084 641 1245 719 ἔργων
1281 646 1575 708 ἐληλυθέναι,
1608 650 1687 700 καὶ
1730 656 1790 719 τῇ
1831 651 2016 718 ἀρίστη

431 734 656 806 πολιτείᾳ
700 734 956 806 γενόμενον
995 731 1220 804 ἄμωμον.
1270 739 1356 789 Καὶ
1396 737 1462 795 ὡς
1491 735 1632 806 ψιλὸν
1673 735 1922 814 ἄνθρωπον
1970 741 2020 790 ἐν

431 827 634 893 ὀνόματι
658 827 878 899 πατρὸς,
907 829 992 880 καί
1021 827 1157 886 υἱοῦ,
1190 830 1275 880 καί
1303 827 1448 899 ἁγίου
1473 830 1759 901 πνεύματος
1799 830 2023 902 βαπτισ-

428 917 590 980 θῆναι,
628 920 712 970 καὶ
755 913 839 970 διὰ
867 924 958 970 τοῦ
1001 916 1361 990 βαπτίσματος
1409 924 1497 977 τήν
1540 922 1699 993 χάριν
1743 927 1831 972 τοῦ
1874 918 2020 988 ἁγίου

431 1004 716 1078 πνεύματος
769 1009 1008 1080 εἰληφέναι
1054 1012 1141 1062 καὶ
1192 1010 1444 1070 υἱοθεσίας
1485 1013 1740 1072 ἠξιῶσθαι.
1789 1013 1874 1081 καί
1915 1010 2024 1064 καθ’

431 1100 666 1168 ὁμοίωσιν
692 1100 958 1172 βασιλικῆς
987 1102 1167 1159 εἰκόνος
1192 1103 1261 1161 εἰς
1298 1102 1572 1171 πρόσωπον
1602 1109 1693 1156 τοῦ
1722 1109 1849 1157 Θεοῦ
1879 1101 2022 1173 λόγου

430 1193 513 1247 τὸν
563 1193 779 1268 Χριστὸν
823 1193 1242 1270 προσκυνεῖσθαι,
1291 1196 1377 1247 καί
1421 1195 1549 1264 μετά
1595 1199 1688 1252 τὴν
1739 1195 2025 1248 ἀνάστασιν

431 1279 683 1355 ἄτρεπτον
709 1291 822 1343 ταῖς
851 1283 1052 1343 ἐννοίαις
1076 1286 1162 1337 καί
1185 1284 1540 1358 ἀναμάρτητον
1577 1286 1893 1356 γεγενῆσθαι.
1927 1287 2026 1336 Καὶ

432 1376 560 1449 πρὸς
591 1377 791 1434 τούτοις
838 1369 969 1437 εἷπε,
1016 1377 1254 1432 τοιαύτην
1280 1376 1579 1446 γεγενῆσθαι
1603 1381 1691 1434 τήν
1734 1377 1908 1428 ἕνωσιν
1935 1382 2025 1430 τοῦ

432 1472 562 1518 Θεοῦ
589 1465 740 1538 λόγου
783 1467 912 1538 πρὸς
953 1466 1036 1520 τὸν
1081 1467 1321 1542 Χριστὸν,
1355 1466 1528 1520 ὁποίαν
1559 1465 1584 1520 ὁ
1613 1465 1897 1526 ἀπόστολος
1933 1464 2026 1539 ἔφη

434 1560 555 1630 περὶ
579 1564 670 1611 τοῦ
708 1555 888 1635 ἀνδρὸς
914 1561 999 1612 καί
1033 1567 1126 1617 τῆς
1150 1557 1388 1630 γυναικὸς
1409 1573 1424 1588 ο
1463 1575 1480 1607 ε
1506 1554 1745 1612 Ἔσονται
1771 1559 1815 1612 ei
1839 1556 1930 1612 δύο
1957 1563 2029 1618 εἰς

437 1653 611 1725 σάρκα
637 1651 756 1721 μίαν
773 1667 786 1680 ⁸
818 1669 834 1702 ε
875 1651 957 1708 ἔτι
977 1651 1030 1707 δέ
1052 1654 1410 1727 προτρέπομαι
1431 1653 1566 1724 ὑμᾶς
1589 1653 1822 1717 ἐξετάσαι
1851 1654 1934 1706 καί
1961 1654 2030 1706 τά

436 1750 601 1804 κακῶς
627 1746 882 1816 γραφέντα
911 1746 1054 1820 παρὰ
1094 1743 1408 1821 Θεοδωρίτου
1434 1749 1517 1799 καὶ
1554 1742 1668 1799 Ἴϐα
1695 1746 1826 1799 κατὰ
1865 1752 1954 1804 τῆς
1984 1746 2033 1797 ἐν

435 1836 621 1906 Ἐφέσῳ
646 1838 854 1912 πρώτης
884 1836 1030 1910 ἁγίας
1063 1833 1299 1902 συνόδου,
1328 1839 1414 1891 καὶ
1441 1835 1621 1909 ὁμοίως
1651 1839 1717 1891 τά
1741 1837 1851 1892 κατ’
1875 1837 2030 1890 αὐτοῦ

437 1926 815 1995 ἀποφήνασθαι.

2128 647 2311 717 pejora
2342 662 2499 715 quam
2524 648 2800 706 Nestorius
2834 651 2951 719 ejus
2975 650 3266 720 discipulus
3289 649 3701 721 blasphetnavit.

2126 737 2233 792 Nos
2263 739 2424 805 igitur
2449 750 2735 809 sequentes
2773 750 2992 796 sanctos
3030 752 3208 811 patres
3249 752 3487 808 nostros,
3520 749 3577 797 et
3603 758 3704 797 vo-

2127 827 2296 883 lentes
2344 839 2545 884 rectam
2589 829 2746 884 fidem
2793 833 2910 887 sine
2961 833 3062 886 ulla
3100 832 3310 889 macula
3353 849 3700 898 conservare,

2128 917 2408 978 hortamur
2437 937 2548 985 vos,
2581 932 2639 976 ut
2677 922 2834 990 hujus
2873 940 3086 993 quoque
3115 924 3474 994 blasphemias
3501 925 3713 980 exami‘

2130 1023 2340 1076 nantes,
2373 1011 2440 1066 de
2467 1027 2532 1066 eo
2546 1020 2601 1066 et
2621 1015 3114 1086 sectatoribusejus
3129 1017 3452 1071 sententiam
3505 1014 3708 1072 feratis.

2130 1099 2262 1154 Nam
2292 1109 2486 1171 praeter
2534 1102 2812 1156 innumera
2839 1101 2943 1155 alia
2977 1118 3097 1172 qua:
3127 1105 3289 1174 impie
3337 1106 3390 1159 in
3437 1105 3712 1161 Christum

2133 1192 2299 1246 Deum
2330 1200 2571 1246 nostrum
2597 1192 2884 1247 maledicta
2929 1194 3184 1259 evomuit,
3218 1193 3273 1248 id
3302 1211 3514 1265 quoque
3542 1206 3716 1266 protu-

2132 1283 2213 1347 lit,
2241 1283 2402 1337 alium
2439 1297 2557 1338 esse
2605 1279 2774 1338 Deum
2806 1284 3060 1352 Verbum,
3094 1286 3256 1339 alium
3304 1285 3592 1352 Christum,
3626 1288 3716 1356 qui

2134 1375 2297 1429 animi
2349 1374 2842 1443 perturbationibus
2891 1383 2946 1429 et
2975 1377 3154 1431 carnis
3191 1377 3573 1446 cupiditatibus
3612 1395 3721 1431 mo-

2135 1463 2345 1519 lestiam
2383 1463 2486 1535 ipsi
2534 1459 2932 1531 exhibentibus,
2975 1465 3232 1535 paulatim
3285 1483 3314 1521 a
3367 1468 3721 1522 deterioribus

2135 1554 2420 1622 desistens,
2461 1553 2728 1610 factorum
2778 1556 3021 1626 profectu
3069 1559 3122 1613 in
3153 1559 3346 1615 melius
3372 1561 3626 1626 evaserit,
3649 1562 3724 1614 iti-

2135 1647 2458 1716 culpataque
2502 1647 2718 1716 optima:
2757 1647 2882 1702 vita:
2926 1649 3138 1703 ratione
3192 1664 3318 1704 usus
3371 1652 3459 1704 sit.
3493 1649 3615 1716 Qui,
3667 1660 3724 1702 ut

2135 1753 2302 1810 purus
2327 1739 2512 1799 homo,
2543 1738 2596 1791 in
2630 1739 2848 1792 nomine
2891 1737 3085 1805 Patris,
3120 1749 3175 1794 et
3221 1739 3365 1808 Filii,
3395 1749 3451 1795 et
3491 1740 3723 1809 Spiritus

2138 1829 2306 1884 sancti
2336 1829 2659 1898 baptizatus,
2711 1843 2808 1899 per
2861 1829 3185 1899 baptismum
3217 1833 3443 1899 gratiam
3492 1830 3725 1902 Spiritus

2065 1941 2113 2000 Β
2139 1919 2309 1974 sancti
2329 1924 2667 1984 consecutus,
2699 1919 2988 1988 adoptione
3017 1921 3086 1974 sit
3107 1919 3385 1988 dignatus;
3409 1930 3462 1975 et
3491 1921 3557 1975 ad
3586 1922 3724 1976 simi-

2141 2012 2420 2068 litudinem
2451 2011 2614 2085 regia:
2644 2011 2891 2079 imaginis
2933 2009 3178 2066 Christus
3207 2012 3258 2066 in
3302 2028 3532 2082 persona
3561 2012 3724 2066 Verbi

441 2106 535 2160 Dei
577 2107 856 2173 adoratus,
901 2119 1024 2178 post
1063 2109 1515 2165 resurrectionem
1560 2109 1740 2165 animo
1797 2107 2064 2165 constanti
2116 2113 2172 2162 et
2211 2113 2557 2175 peccatorum
2600 2116 2770 2156 vacuo
2820 2101 2996 2156 fuerit.
3044 2101 3309 2156 Praeterea
3364 2103 3724 2172 pronuntiavit

438 2213 556 2253 eam
579 2197 744 2253 fuisse
770 2197 928 2254 Verbi
955 2217 1074 2254 cum
1105 2200 1320 2256 Christo
1346 2201 1676 2266 uuitionem,
1727 2216 1846 2270 qua:
1893 2209 1975 2254 est
2028 2199 2096 2252 ab
2136 2193 2396 2264 Apostolo
2435 2193 2576 2247 dicta
2603 2191 2702 2245 viri
2747 2206 2868 2246 cum
2900 2192 3128 2246 muliere
3161 2210 3173 2244 :
3210 2191 3278 2244 Et
3329 2201 3478 2246 erunt
3525 2193 3625 2247 duo
3672 2195 3724 2246 iu

439 2305 542 2341 una
567 2303 723 2340 came
747 2285 798 2356 (1
822 2287 942 2341 Cor.
971 2289 1067 2358 ix).
1123 2289 1203 2342 Ad
1240 2289 1355 2344 hate
1397 2305 1492 2344 vos
1538 2290 1744 2353 hortor,
1775 2299 1916 2344 utea
1946 2289 2105 2343 etiam
2146 2283 2467 2339 examinetis
2504 2297 2622 2351 qua:
2662 2297 2693 2336 a
2743 2282 3085 2338 Theodoreto
3115 2290 3171 2337 et
3218 2283 3310 2338 Iba
3360 2284 3500 2339 male
3529 2284 3725 2353 scripta

437 2388 564 2434 sunt
609 2389 796 2433 contra
835 2379 984 2448 prius
1029 2379 1356 2448 Ephesinum
1404 2389 1649 2434 sanctum
1694 2379 1979 2435 concilium
2005 2419 2020 2444 ,
2056 2381 2355 2442 contraque
2377 2387 2474 2426 eos
2515 2370 2707 2426 eodem
2738 2370 2899 2426 modo
2927 2372 3250 2426 sententiam
3290 2373 3492 2428 feratis.

513 2475 612 2524 Καὶ
640 2477 808 2523 ταῦτα
833 2471 981 2526 πάλιν
1010 2473 1258 2530 ὡσαύτως
1287 2471 1332 2524 οἱ
1354 2471 1474 2524 θεῖοι
1492 2472 1711 2544 πατέρες
1732 2471 2031 2547 πολυπραγ-

441 2566 752 2624 μονήσαντες
799 2562 1146 2635 ἀπεκρίθησαν
1171 2578 1183 2589 ·
1211 2562 1240 2618 ἡ
1267 2563 1357 2632 μέν
1387 2562 1435 2614 ἐν
1463 2560 1738 2619 Χαλκηδόνι
1762 2565 1871 2616 θεία
1912 2563 2034 2616 σύν-

347 2713 359 2723 γ
441 2652 556 2714 οδος
580 2653 897 2728 Θεοδωρίτου
922 2656 1007 2706 καί
1031 2651 1145 2708 ἰϐα
1168 2654 1325 2707 πολλά
1346 2655 1737 2719 καταϐοήσασα,
1760 2656 1846 2707 οὐκ
1875 2651 2035 2714 ἄλλως

441 2747 627 2804 αὐτοὺς
657 2743 877 2808 ἐδέξατο,
923 2747 966 2797 εἰ
1007 2751 1076 2817 μὴ
1121 2745 1368 2820 πρότερον
1414 2746 1781 2816 ἀνεθεμάτισαν
1819 2747 1886 2800 rei
1929 2743 2033 2802 ἴδια

441 2840 632 2912 πονηρά
685 2838 1113 2910 συγγράμματα,
1167 2840 1250 2891 καί
1296 2835 1552 2910 Θεόδωρον
1603 2839 1689 2890 καί
1736 2837 2030 2912 Νεστὸριον.

443 2935 607 2996 Ἡμεῖς
649 2925 702 2981 δὲ
754 2931 1116 3003 κατακρίνομεν
1159 2931 1242 2983 καί
1290 2930 1719 3000 άναθεματίζομεν
1763 2931 1892 3002 πρὸς
1931 2936 2036 2988 τοῖς

443 3020 608 3081 ἄλλοις
634 3019 832 3077 ἅπασιν
857 3023 1130 3094 αἱρετικοῖς
1159 3031 1268 3083 τοῖς
1293 3023 1643 3094 κατακριθεῐσι
1669 3027 1755 3076 καί
1795 3025 2036 3092 ἀναθεμα-

443 3116 686 3168 τεσθεῐσιν
717 3114 819 3168 ὑπὸ
857 3125 958 3168 τῶν
989 3116 1260 3190 εἰρημένων
1299 3115 1453 3186 ἁγίων
1489 3116 1758 3190 τεσσάρων
1787 3114 2031 3176 συνόδων,

445 3201 527 3257 καὶ
555 3203 809 3278 θεόδωρον
838 3203 1098 3276 γενόμενον
1129 3205 1404 3258 ἐπίσκοπον
1433 3205 1789 3275 Μοψουεστίας
1809 3245 1824 3269 ,
1855 3209 1938 3259 καί
1969 3208 2035 3260 rei

2217 2460 2423 2525 Patres,
2456 2458 2537 2515 his
2567 2475 2777 2513 rursum
2807 2464 3059 2514 accurate
3105 2461 3480 2527 consideratis,
3514 2477 3727 2532 respon-

2145 2551 2344 2609 derunt
2373 2570 2386 2605 :
2419 2550 2864 2608 Chalcedonense
2906 2567 3122 2607 sacrum
3166 2553 3455 2608 concilium
3487 2551 3726 2610 Theodo-

2143 2653 2318 2700 retum
2347 2651 2402 2698 et
2443 2642 2589 2698 lbain
2642 2643 2878 2712 graviter
2903 2644 3082 2700 verbis
3113 2644 3453 2709 insectatum,
3487 2662 3596 2700 non
3626 2647 3727 2700 alia

2142 2735 2451 2802 conditione
2481 2735 2533 2789 in
2581 2734 2809 2804 gratiam
2855 2734 3089 2804 recepit,
3129 2749 3290 2804 quam
3338 2742 3399 2790 ut
3437 2736 3587 2806 prius
3632 2751 3726 2791 sua

2142 2825 2462 2882 damnarent
2481 2825 2622 2880 mala
2646 2825 2865 2896 scripta,
2889 2825 3304 2882 etTheodorum
3319 2841 3384 2882 ac
3401 2826 3726 2883 Nestorium.

2137 2926 2246 2982 Nos
2277 2935 2456 2980 autem
2488 2933 2685 2996 praster
2712 2926 2952 2994 reliquos
2982 2941 3173 2981 omnes
3201 2927 3487 2982 haireticos
3509 2943 3540 2981 a
3570 2928 3728 2984 dictis

2137 3024 2372 3086 quamet
2413 3015 2614 3070 sanctis
2651 3015 2898 3071 conciliis
2937 3015 3244 3085 damnatos,
3297 3025 3458 3086 atque
3489 3015 3728 3074 Ecclesia

2138 3110 2409 3175 exclusos,
2434 3108 2752 3163 damnamus
2776 3108 2938 3162 etiam
2961 3116 3122 3179 atque
3145 3109 3529 3178 proscribimus
3559 3108 3711 3166 Theo

2138 3199 2356 3270 dorum,
2385 3201 2478 3269 qui
2525 3199 2626 3254 fuit
2653 3199 2994 3270 Mopsuestite
3035 3201 3341 3271 episcopus,
3374 3201 3597 3271 ejusque
3625 3203 3726 3257 im-

443 3292 677 3352 δυσσεϐἦ
706 3296 1092 3367 συγγράμματα
1120 3296 1297 3349 αὐτοῦ.
1328 3299 1422 3350 Καὶ
1447 3298 1642 3366 μέντοι
1665 3300 1753 3351 καὶ
1782 3298 1848 3351 τὰ
1873 3305 2031 3356 κακῶς

2144 3292 2263 3362 pios
2289 3292 2455 3347 libros
2488 3308 2501 3344 ε
2531 3306 2632 3346 nec
2658 3306 2764 3346 non
2787 3306 2850 3346 ea
2881 3306 3001 3361 qua:
3033 3290 3405 3347 Theodoretus
3437 3293 3580 3348 male
3603 3294 3727 3348 seri

443 3387 586 3457 παρὰ
633 3383 949 3460 Θεοδωρίτου
980 3389 1335 3460 συγγραφέντα
1361 3388 1494 3443 κατά
1534 3407 1588 3442 τε
1624 3397 1716 3447 τῆς
1756 3389 1905 3462 ὀρθῆς
1949 3393 2036 3443 πί-

442 3493 599 3533 στεως
623 3478 705 3528 καὶ
733 3482 836 3529 τῶν
857 3472 1054 3529 δώδεκα
1082 3477 1360 3547 κεφαλαίων
1388 3483 1475 3530 τοῦ
1507 3477 1554 3529 ἐν
1581 3476 1742 3548 ἁγίοις
1774 3479 2035 3551 κυρίλλου,

446 3567 534 3618 καί
572 3574 664 3625 τῆς
693 3566 742 3619 ἐν
763 3569 947 3638 Ἐφέσῳ
984 3571 1192 3638 πρώτης
1215 3569 1355 3643 ἱερᾶς
1383 3567 1624 3633 συνόδου,
1651 3575 1738 3625 καί
1777 3569 1880 3626 ὅσα
1908 3574 2036 3647 ὑπὲρ

446 3661 760 3730 συνηγορίας
789 3657 1055 3733 Θεοδώρου
1099 3665 1180 3715 καὶ
1220 3666 1496 3737 Νεστορίου
1545 3664 1682 3734 αύτῷ
1727 3665 2036 3736 γέγραπται.

448 3749 569 3823 Πρὸς
615 3750 818 3810 τούτοις
853 3751 1280 3821 ἀναθεματίζομεν
1319 3756 1404 3805 καὶ
1429 3758 1520 3810 τήν
1559 3753 1722 3810 ἀσεϐῆ
1769 3753 2038 3811 ἐπιστολήν

443 3845 534 3899 τὴν
557 3840 822 3912 λεγομένην
847 3844 992 3919 παρά
1012 3840 1128 3898 ’Ὶϐα
1149 3847 1429 3917 γεγράφθαι
1465 3847 1592 3918 πρὸς
1617 3847 1776 3921 Μάριν
1802 3847 1887 3900 τὸν
1916 3849 2038 3920 Πέρ-

446 3953 559 3996 σην,
590 3937 680 3990 τήν
709 3932 1018 4006 ἀρνουμένην
1047 3936 1130 3990 τὸν
1156 3937 1276 3990 Θεὸν
1315 3937 1456 4007 λόγον
1487 3937 1540 3989 ἐκ
1559 3946 1650 3996 τῆς
1680 3937 1828 4010 ἁγίας
1849 3940 2038 4013 παρθέ-

442 4047 532 4081 νου
559 4035 650 4088 τῆς
675 4028 906 4083 θεοτὸκου
943 4035 1135 4098 Μαρίας
1159 4032 1484 4106 σαρκωθέντα
1504 4028 1761 4107 ἄνθρωπον
1795 4041 2037 4105 γεγενῆσ-

443 4122 548 4182 θαι,
570 4124 657 4174 καί
683 4122 771 4175 τὸν
798 4121 1065 4176 θεσπέσιον
1093 4123 1335 4196 Κύριλλον
1365 4126 1433 4183 ὡς
1465 4124 1712 4200 αἱρετικὸν
1743 4122 2042 4178 διαϐάλλου-

444 4228 564 4275 σαν,
613 4213 696 4262 καὶ
739 4211 1058 4282 μεμφομένην
1087 4215 1176 4282 μὲν
1204 4218 1294 4272 τήν
1333 4214 1384 4267 ἐν
1412 4213 1604 4285 Ἐφέσῳ
1641 4218 1850 4288 πρώτην
1892 4216 2038 4289 ἁγίαν

443 4300 678 4364 σύνοδον,
708 4305 779 4362 ὡς
808 4307 976 4378 χωρὶς
1008 4309 1221 4378 κρίσεως
1255 4309 1341 4361 καὶ
1369 4312 1628 4372 ζητήσεως
1658 4311 1744 4362 τὸν
1767 4309 2037 4382 Νεστόριον

445 4391 773 4455 καθελοῦσαν,
803 4396 888 4446 καί
927 4396 994 4448 rei
1036 4392 1228 4450 δώδεκα
1254 4397 1494 4468 κεφάλαια
1521 4404 1615 4453 τοῦ
1651 4402 1903 4472 μακαρίου
1932 4410 2039 4453 Κυ-

445 4479 610 4552 ριλλου
637 4477 1016 4548 διαπτύουσαν,
1046 4482 1344 4540 ἐκδικοῦσαν
1371 4484 1424 4541 δὲ
1454 4487 1710 4562 Θεόδωρον
1747 4493 1831 4544 καὶ
1859 4491 2039 4546 Νεστό-

443 4589 570 4642 ριον,
602 4573 685 4624 καί
711 4574 776 4626 τὰ
812 4573 1058 4645 θεοστυγῆ
1102 4577 1267 4630 αὐτῶν
1301 4581 1688 4651 συγγράμμπά
1720 4599 1774 4635 τε
1805 4585 1890 4635 καὶ
1917 4581 2036 4655 δόγ-

2142 3391 2250 3460 psit
2271 3400 2461 3444 contra
2493 3405 2673 3444 veram
2706 3390 2880 3455 ﬁdem,
2915 3399 2970 3444 et
3019 3389 3304 3446 duodecim
3335 3392 3506 3446 sancti
3543 3391 3727 3464 Cyrilli

2141 3482 2340 3551 capita,
2368 3497 2431 3536 ac
2457 3482 2684 3550 primam
2729 3489 2972 3536 sanctam
3005 3480 3335 3551 Ephesinam
3359 3482 3647 3554 synodum,
3673 3495 3726 3540 ei

2141 3596 2239 3651 pro
2260 3579 2575 3636 defensione
2603 3580 2872 3635 Theodori
2909 3596 2973 3635 ac
3003 3580 3251 3635 Nestorii.
3281 3580 3552 3638 Praeterea
3583 3583 3728 3638 dam-

2140 3688 2331 3728 namus
2371 3673 2534 3727 etiam
2571 3672 2856 3741 epistolam
2897 3687 3060 3740 quam
3106 3671 3222 3728 lbas
3249 3673 3422 3728 fertur
3448 3675 3728 3745 scripsisse

2140 3764 2207 3816 ad
2234 3764 2420 3817 Marim
2448 3762 2690 3828 Persam,
2715 3778 2835 3831 quae
2867 3771 3029 3831 negat
3059 3761 3291 3818 Verbum
3335 3765 3428 3819 Dei
3451 3780 3519 3820 ex
3539 3777 3725 3822 sancta

2139 3855 2358 3923 Virgine
2407 3855 2635 3925 Deipara
2686 3854 2852 3910 Maria
2903 3855 3238 3910 incarnatum
3290 3858 3562 3913 hominem
3611 3873 3728 3914 esse

2140 3947 2361 4015 factum,
2395 3957 2450 4004 et
2470 3949 2650 4003 divum
2678 3946 2933 4019 Cyrillum
2958 3960 3057 4018 pro
3087 3949 3343 4004 haeretico
3373 3949 3634 4017 traducit;
3665 3965 3728 4006 ac

2139 4041 2366 4111 primam
2396 4041 2612 4110 quidem
2661 4039 2987 4110 Ephesinam
3017 4056 3223 4095 sacram
3247 4041 3510 4111 synodum
3552 4057 3728 4112 reprc-

2139 4131 2350 4195 hendit,
2378 4139 2434 4185 ut
2462 4145 2583 4200 qua:
2628 4131 2896 4199 incognita
2925 4145 3087 4186 causa
3116 4130 3420 4186 Nestorium
3444 4132 3728 4185 damnave-

2139 4222 2243 4286 rit;
2269 4221 2551 4276 duodecim
2573 4230 2755 4276 autem
2783 4220 3015 4291 capitula
3045 4221 3218 4276 sancti
3239 4220 3428 4293 Cyrilli
3456 4223 3726 4290 conspuit,

2139 4311 2387 4368 Nestorio
2417 4327 2546 4368 vero
2576 4319 2630 4367 et
2658 4311 2942 4367 Theodoro
2987 4326 3284 4382 eorumque
3314 4312 3493 4382 impiis
3517 4312 3730 4382 scriptis

2139 4413 2195 4459 et
2217 4404 2562 4474 opinionibus
2593 4404 2983 4474 patrocinatur.
3009 4402 3352 4472 Quapropter
3370 4401 3599 4458 eﬂ‘renes
3629 4403 3730 4457 ha:-

2139 4504 2431 4559 reticorum
2479 4503 2706 4563 istorum
2755 4503 2983 4570 linguas,
3035 4503 3455 4574 impiissimaqne
3509 4503 3729 4574 scripta,

2140 4591 2392 4662 ipsosque
2419 4592 2487 4647 ad
2515 4601 2816 4648 extremum
2867 4593 2920 4647 in
2973 4592 3121 4647 falsis
3150 4593 3262 4648 suis
3292 4593 3638 4664 opinionibus
3667 4610 3731 4650 ac

445 4682 601 4728 Γ«ιατοι.
634 4668 715 4716 Διὸ
745 4661 808 4722 δὴ
836 4667 1003 4718 τοίνυν
1037 4669 1130 4726 τάς
1155 4670 1248 4738 μὲν
1277 4676 1378 4723 τῶν
1405 4670 1667 4742 αἱρετικῶν
1705 4674 1916 4735 τούτων.
1952 4677 2031 4729 καὶ

2143 4661 2343 4737 malitia
2375 4691 2804 4752 perseverantes,
2833 4685 3040 4754 optimo
3081 4684 3204 4753 jure
3233 4661 3368 4755 patri
3417 4685 3730 4740 mendacio—

443 4756 650 4808 πάντων
691 4756 1079 4830 ἁθυροστὸμους
1107 4761 1370 4832 γλώσσας,
1401 4766 1602 4824 καὶτὰς
1626 4761 1821 4820 τούτων
1850 4766 2037 4820 ἀσεϐεο

442 4846 636 4906 στάτας
671 4853 995 4923 συγγραφάς,
1019 4851 1201 4914 αύτούς
1227 4875 1281 4908 τε
1325 4857 1448 4915 τοὺς
1492 4855 1774 4930 αἱρετικούς
1800 4860 1918 4916 τούς
1946 4859 2036 4928 μέ-

444 4954 541 5002 χρι
564 4937 737 4998 τέλους
764 4941 1091 5011 ἔμμείναντας
1120 4951 1181 5016 τῇ
1206 4946 1363 5016 οἰκείᾳ
1391 4944 1658 5020 κακοδοξίᾳ
1682 4950 1768 5000 καὶ
1797 4951 2027 5023 πονηρίᾳ,

440 5027 572 5092 μετά
601 5033 696 5080 τοῦ
719 5032 918 5103 πατρὸς
962 5038 1053 5087 τοῦ
1096 5031 1318 5104 ψεύδους
1346 5034 1549 5096 εἰκότως
1591 5033 1826 5092 διαξόλου
1872 5059 2030 5094 συνα-

2141 4788 2260 4827 rum
2289 4773 2512 4830 diabolo
2561 4784 3002 4842 annumerantes,
3032 4775 3273 4830 dicemus
3301 4793 3313 4828 :
3355 4775 3540 4830 Vadite
3568 4776 3622 4828 in
3651 4776 3722 4828 lu-

2141 4868 2279 4918 mine
2324 4866 2462 4936 ignis
2512 4867 2685 4935 vestri,
2738 4874 2788 4920 et
2851 4868 2907 4922 in
2961 4867 3175 4937 ﬂamma
3222 4883 3376 4939 quam
3425 4869 3730 4932 concauus:

2139 4953 2296 5025 (Isai.
2349 4958 2424 5026 ι).

442 5122 742 5190 ρ-ιῦιιοῦντες
789 5121 996 5196 ἐροῦμεν
1029 5139 1044 5154 ⁸
1094 5127 1368 5199 Πορεύεσθε
1415 5135 1488 5196 τῷ
1533 5132 1660 5199 φωτί
1703 5136 1796 5184 τοῦ
1832 5134 1998 5208 πυρὸς
2035 5133 2200 5202 ὑμῶν,
2229 5140 2310 5190 καί
2337 5146 2398 5211 τῇ
2427 5138 2588 5209 φλογί,
2680 5139 2996 5203 ἕξεκαύσατε.

1067 5359 1120 5430 J
1133 5359 1441 5434 USTIN
1447 5363 1633 5438 IAN
1640 5366 1680 5438 Ι
1737 5365 2506 5447 IMPERATORIS
2563 5375 3101 5448 EPISTULA

449 5486 783 5546 Anniam:
829 5503 1198 5551 NONNULLOS
1246 5510 1480 5555 IMPIUM
1529 5511 1929 5559 TBEODOBUM
1979 5518 2031 5559 A'l

2135 5517 2183 5560 ’E
2228 5517 2448 5571 ηιρω
2495 5519 2645 5564 EJUS
2694 5521 2960 5565 DOGMA'I'
3017 5551 3036 5580 ,
3085 5522 3162 5565 ET
3206 5521 3554 5569 πεπετοιιυ
3605 5529 3728 5575 Inst

551 5597 823 5657 DICTAI,
853 5601 974 5646 NEC
1016 5603 1139 5649 NON
1179 5606 1504 5654 THEODORI
1548 5613 1766 5660 ιωιιοο
1795 5612 2042 5659 CONTRA
2075 5616 2489 5662 CATIIOLICAM
2525 5619 2752 5677 FIDEM,
2790 5621 3067 5666 SCBHTIS
3099 5617 3618 5676 PROPUGNAN'IBS.

439 5786 592 5877 Ἴσον.
609 5792 881 5855 ἐπιστολῆς
922 5796 1316 5885 ἀντιγραφείσης
1338 5806 1486 5885 παρά
1522 5813 1615 5862 τοῦ
1658 5809 2029 5868 εὐσεϐεστάτου

514 5870 595 5915 καί
624 5870 1114 5954 κῆιξττιανικωτᾴτόυ
1141 5870 1388 5934 Bacchas:
1415 5870 1770 5934 Ἱουστινιανοῡ
1801 5885 1932 5954 πρὸς
1955 5905 2030 5938 τεο

511 5953 600 5994 ναί
614 5935 909 6006 Ίρἀὶιανταε
929 5942 1009 5991 καὶ
1030 5937 1389 6006 ἀδικήσαντας
1406 5948 1657 6022 Θεόδωρον
1681 5953 1761 6006 τὸν
1776 5935 1931 6008 elisa}
1941 5935 2001 6012 ei
2011 5995 2023 6018 ,

2138 5810 2430 5886 Eremplar
2473 5813 2706 5886 epistolae
2733 5828 2776 5886 κα
2805 5813 3040 5884 piissimo
3087 5825 3237 5886 atque
3283 5814 3726 5878 Christiariiuimo

2209 5875 2522 5952 imperatori
2546 5875 2846 5939 Iustiniano
2884 5875 3189 5955 perscriptis
3221 5888 3465 5943 adversus
3503 5875 3728 5946 natural;

2210 5957 2290 6009 los
2321 5955 2531 6025 impium
2568 5955 2887 6011 Theodorum
2919 5965 3070 6027 atque
3099 5957 3271 6028 iniqua
3301 5960 3414 6030 ejus
3448 5963 3720 6032 dogmata,
