4108 6458
391 452 526 516 1θ¹ι3

467 580 550 630 ναὶ
593 572 659 630 τά
696 577 846 629 αὖτεῦ
892 573 1089 644 πονηρά
1134 569 1392 644 δόγματα,
1441 572 1524 622 καί
1566 573 1669 644 τηνΔ
1702 567 1967 638 λεγομένην
1998 571 2045 627 Α

464 645 583 699 Ἰξιι
609 646 891 704 ἐπιστολήν,
923 637 1106 696 καῖτά
1141 637 1518 714 συγγράμματα
1548 637 1860 711 Θεοδωρίτου
1904 637 1968 690 τά

467 717 598 770 κατὰ
623 723 714 774 τῆς
745 717 893 788 ὀρθῆς
916 715 1137 772 πίστεως
1162 712 1506 784 γεγραμμένοι.

466 807 752 880 Γράμματα
778 806 918 876 ὑμῶν
946 801 1236 872 ἐδεξάμεθα,
1267 800 1398 876 ἅπερ
1422 795 1714 871 ἀναγνόντες
1756 797 1968 864 ἐθαυμά-

397 918 579 968 σαμεν,
596 898 731 970 ὑμᾶς
758 899 830 966 μὴ
855 896 1184 954 ἐννοήσαντας
1203 897 1294 950 τὴν
1316 897 1407 946 τοῦ
1436 893 1612 966 κυρίου
1643 887 1972 944 διδασκαλίαν

399 991 642 1060 )έγοντος,
673 1007 692 1039 ι
710 988 900 1043 Μάθετε
922 985 1011 1041 ἀπ’
1029 987 1174 1056 ἐμοῦ,
1202 982 1279 1039 ὅτι
1306 983 1466 1057 πρᾷός
1493 986 1615 1052 εἰμι,
1643 985 1728 1035 καὶ
1746 981 1973 1042 ταπεινὸς

398 1086 460 1152 τῇ
481 1075 678 1154 καρδίᾳ,
704 1094 722 1127 ε
750 1077 852 1129 ἀλλ’
871 1079 944 1135 εἰς
969 1080 1211 1129 τοσοῦτον
1233 1073 1602 1146 ὑπερηφανείας
1629 1072 1885 1144 ἀρθέντας,
1905 1072 1974 1129 ὡς

400 1168 588 1225 πάντας
607 1168 730 1226 τοὺς
753 1166 910 1240 ἱερεῖς
937 1172 1029 1223 τῆς
1061 1169 1149 1218 τοῦ
1178 1167 1306 1217 Θεοῦ
1335 1163 1598 1220 ἐκκλησίας
1623 1158 1969 1225 ἐξουδενῶσαι,

403 1259 488 1311 καί
509 1257 691 1328 μόνους
716 1256 853 1329 ὑμᾶς
890 1257 1075 1315 αύτούς
1117 1257 1170 1308 ἐκ
1206 1257 1401 1309 πάντων
1435 1251 1722 1311 δικαιῶσαι,
1747 1251 1974 1323 καθάπερ

403 1347 582 1405 ἐκεῖνος
610 1344 636 1400 ὁ
658 1354 948 1421 Φαρισαῖος,
975 1342 1030 1406 ὃς
1053 1343 1170 1398 ούδέ
1201 1344 1286 1400 τὸν
1316 1345 1526 1402 τελώνην
1553 1344 1850 1414 κατακρίνας
1873 1342 1977 1397 ἰδι-

404 1438 620 1494 καιώθη⁶
649 1439 734 1490 καί
759 1437 807 1489 ἐν
844 1435 952 1506 ὅσῳ
977 1436 1246 1506 ἠλπίζομεν
1269 1439 1427 1506 ὑμᾶς,
1458 1433 1609 1504 ὅμοια
1651 1442 1760 1494 τοῖς
1787 1435 1977 1494 λοιποῖς

405 1529 599 1604 ίερεῦσι
620 1535 837 1600 φρονεῖν,
865 1528 1084 1604 ηὕρομεν
1111 1527 1236 1599 παρ’
1257 1527 1465 1588 ἐλπίδας
1493 1529 1653 1582 ἐκεῖνα
1681 1529 1815 1598 ὑμᾶς
1845 1527 1978 1583 ἐκδι-

403 1624 610 1690 κοῦντας
629 1615 696 1673 τοὶ
721 1621 804 1671 καί
829 1626 902 1690 τῷ
933 1625 1061 1689 Θεῷ,
1087 1622 1172 1671 καὶ
1190 1625 1255 1692 τῇ
1275 1619 1391 1694 ὀρθῇ
1410 1622 1586 1672 πίστει
1607 1620 1976 1690 ἐναντιούμενα·

406 1712 489 1764 καί
535 1705 672 1779 ὅμως
713 1709 953 1766 τοιαύτην
1001 1709 1232 1762 ἀσίϐειαν
1281 1707 1620 1775 ἐκδικοῦντες,
1667 1705 1816 1768 ἴσους
1843 1709 1979 1779 ὑμᾶς

406 1802 595 1862 αὐτούς
631 1795 755 1854 εἶναι
793 1809 900 1861 τοῖς
939 1799 1244 1859 ἀποστόλοις
1286 1797 1564 1853 ύπελοίϐετε
1607 1801 1863 1872 λέγοντες,
1910 1804 1980 1869 μή

409 1893 607 1961 ὀφείλειν
637 1891 747 1945 τινὰ
781 1893 849 1949 ὡς
869 1890 1136 1961 ἀγροίκους
1164 1888 1302 1956 ὑμᾶς
1339 1887 1587 1952 ὀνειδίζειν
1605 1904 1617 1916 ·
1645 1887 1814 1946 ἐπειδή
1846 1893 1932 1943 καὶ
1956 1889 1981 1943 ὁ

407 1982 529 2040 Θεὸς
555 1981 810 2054 ἀγροίκοις
837 1981 1147 2054 προσέταξεν
1183 1981 1448 2053 κηρύττειν
1477 1981 1536 2033 τὸ
1565 1979 1843 2052 εὐαγγέλιον
1862 1996 1875 2009 '
1905 1983 1985 2034 καὶ

408 2078 549 2145 ἡμεῖς
560 2077 647 2144 μέν
658 2075 700 2128 εί
711 2079 794 2128 καί
807 2076 1099 2152 ἀγροίκους,
1109 2076 1175 2134 ὠς
1187 2075 1405 2147 λέγεται,
1419 2074 1554 2147 ὑμᾶς
1569 2073 1893 2142 ἐκαλέσαμεν,
1902 2070 1986 2126 διὰ

411 2171 564 2220 τοῦτο
589 2164 752 2225 οὕτως
773 2163 998 2234 εἴπομεν,
1026 2163 1197 2222 ἐπειδὴ
1217 2166 1509 2236 ἀγνοοῦντες
1531 2167 1620 2221 τήν
1641 2163 1986 2220 ἐκκλησιαστι-

413 2261 500 2315 κὴν
516 2256 656 2319 τάξιν
669 2277 723 2310 τε
738 2259 824 2309 καί
835 2254 1123 2331 παράδοσιν
1135 2258 1216 2308 καί
1227 2260 1314 2313 τήν
1331 2255 1585 2330 όρθόδοξον
1608 2257 1798 2314 πίστιν,
1815 2257 1988 2310 τοιαύ-

414 2369 505 2403 την
523 2349 756 2402 ἀσέϐειαν
777 2347 1033 2404 ἐκδικεῖται
1045 2347 1132 2418 [Ε’-
1153 2346 1431 2418 ἐκδικεῖτε]’
1448 2351 1567 2408 τοὺς
1580 2349 1896 2407 ἀποστόλους
1910 2345 1988 2414 δέ,

415 2437 503 2498 οῦς
523 2440 674 2509 ύμεῐς
689 2442 953 2516 ἀγροίκους
970 2439 1188 2492 καλεῖται
1200 2437 1291 2508 [ιθ.
1307 2435 1522 2507 καλεῖτε]
1533 2480 1546 2502 ,
1560 2439 1584 2492 ό
1596 2439 1713 2496 Θεὸς
1725 2439 1990 2501 ἐπελέξατο

413 2529 602 2600 ἐαυτῷ,
641 2531 724 2584 καί
749 2534 841 2583 τοῦ
879 2525 1006 2582 ἰδίου
1033 2529 1321 2598 πνεύματος
1349 2531 1432 2581 καί
1457 2530 1677 2601 χάριτος
1703 2530 1785 2579 καί
1812 2529 1992 2598 σοφίας

416 2620 696 2692 ἐπλήρωσε,
723 2623 806 2674 καί
841 2619 1002 2678 οὕτως
1033 2619 1220 2678 αὐτούς
1255 2619 1566 2682 ἀπέστειλεν,
1588 2619 1671 2671 ἶνα
1697 2612 1766 2672 τά
1793 2617 1904 2676 ἔθνη
1929 2620 1994 2674 τὰ

419 2707 504 2763 τόν
530 2709 649 2762 Θεὸν
669 2709 939 2783 ἀγνοοῦντα
964 2708 1094 2778 πρὸς
1121 2713 1210 2767 τήν
1237 2716 1328 2767 τῆς
1349 2709 1578 2767 ἀληθείας
1602 2707 1712 2762 ὁδὸν
1735 2706 1994 2781 ὁδηγήσω-

419 2814 519 2850 σιν’
545 2797 655 2851 ὅθεν
667 2801 749 2851 καί
772 2799 945 2857 αὐτοῖς
965 2797 1134 2870 μόνοις
1155 2806 1266 2858 τοῖς
1283 2799 1582 2858 ἀποστόλοις
1607 2795 1763 2864 εἶπεν,
1791 2818 1808 2849 ‹
1830 2808 1994 2870 Ὓμε’ς

423 2889 536 2941 ἐστε
560 2889 616 2942 τό
645 2895 747 2960 φῶς
770 2894 858 2941 τοῦ
897 2888 1104 2959 κόσμου’
1129 2907 1147 2937 ›
1182 2889 1378 2962 φανεροί
1402 2890 1566 2942 τοίνυν
1596 2888 1736 2950 ὲστέ,
1766 2888 1993 2964 καθάπερ

422 2975 449 3030 ὃ
480 2977 756 3038 ἀπόστολος
782 2974 946 3045 εἶπεν,
982 2995 1001 3030 t
1028 2984 1099 3048 μὴ
1125 2986 1382 3043 νοοῦντες,
1413 2983 1538 3050 μήτε
1574 2978 1606 3032 ἂ
1642 2979 1838 3050 λέγετε,
1869 2986 1994 3050 μήτε

424 3073 544 3144 περὶ
558 3073 705 3125 τίνων
728 3069 1135 3126 διαϐεϐαιοῦσθε·
1161 3090 1180 3123 ε
1207 3069 1284 3128 ὅτι
1305 3072 1613 3143 ἐτολμήσατε
1633 3075 1844 3132 καὶτοῖς
1865 3074 1995 3127 ἀπο·-

424 3161 619 3220 στόλοις
636 3161 851 3224 ἑαυτούς
876 3165 1140 3230 ἐξισῶσαι,
1163 3168 1243 3217 καί
1271 3167 1387 3224 τούς
1405 3165 1743 3238 πατριάρχας
1763 3169 1846 3219 καὶ
1865 3169 1996 3222 πάν-

425 3271 517 3310 τας
540 3254 655 3311 τούς
675 3251 822 3328 ἱερεῖς
838 3253 1120 3327 ἐνυϐρίσαι.
1144 3259 1392 3307 Τοσοῦτον
1407 3250 1563 3311 δὲτὴν
1583 3253 1996 3312 ἐκκλησιαστικὴν
2023 3294 2073 3356 C

540 3341 550 3356 .
827 3343 1087 3356 ...η
1248 3339 1756 3356 .νηη..π..
1901 3343 1994 3356 α.

428 3341 748 3394 κατάστασιν
790 3343 874 3394 οὐκ
909 3344 1210 3413 ἐφυλάξατε,
1241 3341 1318 3398 ὅτι
1347 3341 1435 3412 [θ’.
1463 3339 1621 3412 ὥστε]
1649 3344 1707 3398 τὸ
1735 3344 1782 3396 ἐν
1824 3343 1998 3414 μηδενί

429 3431 605 3501 χρόνῳ
647 3432 903 3502 γενόμενον
945 3434 1044 3487 ὑπὸ
1091 3440 1394 3510 Χριστιανῶν
1419 3435 1731 3505 ἐτολμήσατε
1770 3442 1995 3492 ποιῆσαι.

429 3522 625 3577 Πάντων
666 3527 766 3597 γὰρ
803 3531 899 3579 τῶν
927 3524 1328 3599 μακαριωτάτων
1371 3532 1711 3598 πατριαρχῶν
1749 3530 1839 3582 τήν
1874 3526 2000 3596 πρὸς

429 3611 670 3672 ἀλλήλους
715 3615 889 3668 ἕνωσιν
935 3615 1156 3684 ἐχόντων
1196 3613 1356 3674 οὐδεὶς
1387 3615 1565 3669 ἑαυτὸν
1606 3623 1698 3674 τῆς
1741 3615 2000 3674 καθολικῆς

432 3701 697 3761 ἐκκλησίας
734 3700 1004 3778 ἐχώρισεν,
1036 3705 1080 3757 εἰ
1120 3708 1189 3774 μὴ
1219 3711 1439 3776 φανερῶς
1465 3704 1688 3775 αἱρετικὴ
1728 3706 1884 3773 μανία
1910 3726 2000 3758 κα-

429 3792 661 3859 τείχετο
710 3789 839 3864 ὅπερ
888 3794 1034 3864 ὑμεῖς
1070 3794 1152 3847 ἐπί
1187 3801 1276 3848 τοῦ
1313 3793 1563 3869 παρόντος
1611 3801 1772 3847 ποιεῖν
1812 3796 2004 3848 ἐσπου-

432 3878 648 3934 δάσατε⁸
677 3881 779 3936 ἀλλ’
799 3883 842 3936 εἰ
866 3885 947 3935 καί
976 3888 1128 3938 τοῦτο
1151 3885 1346 3955 γέγονεν
1373 3883 1493 3955 παρ’
1511 3887 1675 3954 ὑμῶν,
1699 3881 1832 3952 ὅμως
1861 3886 2002 3952 ἡμεῖς

434 3972 494 4024 ού
536 3973 801 4040 παυόμεθα
829 3977 932 4026 πᾶν
962 3971 988 4026 ὅ
1030 3995 1080 4026 τε
1115 3968 1358 4045 οὖν’πρός
1388 3973 1726 4045 ἐπανόρθωσιν
1755 3975 2002 4048 ύμετέραν

432 4062 516 4115 καὶ
555 4068 814 4123 ποιοῦντες
865 4067 950 4116 καὶ
974 4066 1268 4136 γράφοντες.
1297 4062 1493 4121 Ἐπειδή
1531 4067 1698 4117 τοίνυν
1745 4065 2002 4134 ἐγράψατε

432 4152 672 4223 λέγοντες,
699 4152 782 4206 διὰ
808 4161 959 4209 τοῦτο
979 4156 1113 4224 ἡμᾶς
1162 4151 1387 4210 σπουδήν
1432 4154 1744 4211 ποιήσασθαι
1789 4156 1855 4208 τὰ
1892 4158 2006 4229 τρία

433 4248 599 4296 ταῦτα
652 4243 893 4316 κεφάλαια
956 4243 1412 4307 καταδικασθῆναι,
1464 4247 1701 4300 τουτέστι
1748 4244 2003 4320 Θεόδωρον

434 4335 561 4404 μετά
589 4342 687 4389 τῶν
715 4337 902 4390 οἰκείων
930 4339 1358 4413 συγγραμμάτων,
1388 4339 1470 4390 καί
1492 4342 1582 4394 τὴν
1606 4337 1869 4408 λεγομένην
1891 4335 2005 4391 ἰϐα

433 4423 730 4490 ἐπιστο”η·ι,
772 4428 853 4479 καί
897 4428 962 4480 τά
1011 4425 1325 4502 Θεοδωρίτου
1377 4429 1786 4503 συγγράμματα,
1828 4429 1908 4481 ἵνα
1950 4429 2006 4482 τό

434 4515 624 4585 θέλημα
649 4515 884 4590 πληρωθῇ
911 4522 1010 4570 τῶν
1057 4517 1158 4570 ἀπὸ
1186 4524 1278 4576 τῆς
1305 4515 1564 4575 καθολικῆς
1604 4516 1863 4575 ἐκκλησίας
1890 4517 2010 4570 ἑαυ-

435 4605 555 4665 τούς
599 4607 960 4681 χωρισάντων,
989 4609 1260 4676 γινώσκετε
1301 4603 1378 4660 ὅτι
1425 4608 1567 4676 ἡμεῖς
1608 4609 1664 4659 ού
1714 4605 1776 4660 δι’
1793 4608 2006 4665 ἐκείνους

1699 447 2137 510 JUSTlNlANl
2178 447 2314 506 1MP

3516 436 3650 501 1044

2141 574 2190 619 et
2219 565 2488 635 epistolam
2533 561 2641 618 Iba:
2669 562 2879 635 dictam,
2916 575 3007 635 nec
3035 573 3138 635 non
3171 556 3465 611 Tlieodoriti
3490 555 3648 611 libros

2142 630 2325 690 contra
2353 635 2661 688 catholicam
2689 633 2866 702 ﬁdem,
2895 630 3098 697 scriptis
3127 636 3508 702 propugnantes
3541 636 3589 679 ⁸.

2142 704 2375 760 Litteras
2399 712 2605 759 vestras
2632 696 2964 770 accepimus,
2995 696 3127 766 quas
3165 696 3300 751 cum
3329 696 3648 763 legeremus,

2073 791 2422 847 vehementer
2447 790 2626 844 mirati
2646 804 2848 854 sumus,
2872 802 2970 841 vos
2991 784 3212 840 minime
3240 782 3307 837 ad
3329 797 3452 837 eam
3479 781 3653 837 domi-

2072 885 2248 940 nicam
2270 883 2658 938 institutionem
2686 883 3028 936 advertentes
3045 877 3303 940 animum.
3321 890 3426 945 qua
3449 873 3652 929 dictum

2073 984 2158 1031 est
2190 973 2427 1028 :Discite
2466 991 2497 1026 α
2546 989 2628 1026 me
2664 972 2784 1043 quia
2823 970 2962 1023 mitis
3011 983 3124 1022 sum
3163 975 3212 1019 et
3253 964 3458 1018 humilis
3501 963 3657 1016 corde

2078 1065 2292 1138 (Matth.
2329 1081 2400 1127 XI,
2443 1061 2557 1134 29),
2589 1062 2641 1116 in
2674 1062 2723 1116 id
2752 1059 2946 1126 fastigii
2976 1072 3098 1112 esse
3127 1055 3389 1120 sublatos,
3418 1062 3478 1108 ut
3506 1053 3658 1107 nihili

2076 1156 2348 1211 faciendos
2389 1155 2670 1208 universos
2694 1151 2946 1206 Ecclesia:
2967 1148 3061 1203 Dei
3089 1148 3359 1202 antistites
3381 1145 3654 1214 judicetis,

2076 1265 2174 1305 vos
2203 1257 2383 1303 autem
2431 1245 2604 1300 solum
2643 1259 2753 1314 prte
2798 1241 3006 1298 ceteris
3038 1239 3298 1307 justitiam
3338 1245 3661 1291 consecutos

2077 1355 2197 1398 esse
2220 1336 2583 1400 arbitremini;
2603 1334 2717 1402 ejus
2737 1340 3024 1402 propterea
3047 1327 3299 1382 Pharisaei
3326 1325 3549 1390 similes,
3575 1327 3658 1395 qui

2071 1433 2387 1505 justificatus
2435 1445 2538 1483 non
2584 1435 2678 1490 est,
2724 1423 2860 1493 quod
2903 1421 3233 1492 publicanum
3271 1417 3663 1470 condemnasset

2077 1504 2366 1593 iniquitatis
2397 1516 2546 1590 (Luc.
2574 1531 2721 1581 xvni,
2757 1513 2867 1580 H).
2900 1514 3142 1579 Cumque
3167 1521 3264 1562 vos
3292 1504 3436 1560 haud
3466 1504 3533 1559 ab
3560 1518 3660 1557 cm-

2081 1612 2210 1666 teris
2231 1608 2604 1666 sacerdotibus
2629 1602 2908 1658 dissimilia
2936 1599 3209 1669 sapienter
3239 1596 3440 1651 sentire
3478 1608 3662 1663 spera-

2080 1716 2281 1767 remus,
2325 1698 2604 1768 inopinato
2647 1694 2968 1756 invenimus,
2997 1691 3248 1760 dogmata
3289 1702 3320 1740 a
3359 1684 3512 1740 vobis
3539 1699 3660 1738 cum

2085 1793 2198 1847 Deo
2227 1799 2481 1858 rectaque
2512 1785 2613 1841 ﬁde
2644 1785 2762 1853 ejus
2789 1781 3079 1854 pugnantia
3102 1775 3375 1844 sustineri,
3400 1773 3664 1842 simulque

2086 1883 2349 1955 ejusmodi
2395 1880 2729 1950 impietatem
2773 1874 2919 1929 omni
2968 1879 3166 1927 conatu
3211 1867 3578 1929 defendentes,
3611 1863 3662 1916 id

2089 1978 2241 2032 vobis
2287 1972 2536 2045 praesidio
2585 1981 2816 2032 sumere,
2865 1963 3008 2033 quod
3057 1960 3315 2032 apostolis
3361 1971 3520 2028 pares
3565 1969 3665 2008 vos

2087 2081 2205 2121 esse
2228 2044 2459 2134 jactetis,
2491 2073 2666 2128 neque
2688 2057 2766 2114 fas
2792 2069 2929 2117 esse,
2959 2060 3019 2106 ut
3047 2067 3076 2104 a
3105 2049 3355 2121 quopiam
3388 2044 3667 2115 imperitiae

2088 2132 2250 2224 atque
2307 2152 2554 2207 ruditatis
2618 2141 3121 2216 reprehendamini,
3177 2145 3463 2210 propterea
3520 2132 3666 2202 quod

2092 2218 2236 2299 Deus
2289 2241 2453 2297 etiam
2504 2239 2618 2307 ipse
2658 2235 2879 2290 rudibus
2920 2239 3082 2299 atque
3110 2227 3410 2298 agrestibus
3439 2218 3667 2278 homini-

2090 2335 2190 2389 bus
2235 2329 2566 2386 mandaverit
2613 2324 2888 2392 Evangelii
2942 2321 3024 2376 sui
3079 2318 3532 2390 prredicationem.
3591 2314 3668 2368 Ac

2091 2439 2190 2479 nos
2218 2421 2467 2491 quidem,
2493 2433 2614 2472 cum
2642 2423 2879 2483 agrestes
2901 2426 2996 2466 vos
3037 2409 3466 2472 nominaremus,
3496 2419 3561 2457 ea
3589 2402 3669 2458 usi

2092 2526 2274 2568 sumus
2303 2507 2554 2577 loquendi
2597 2505 2826 2566 ratione,
2857 2507 3143 2571 propterea
3172 2495 3314 2566 quod
3342 2491 3670 2549 ecclesiasti-

2095 2617 2186 2658 cas
2223 2598 2434 2668 regulas
2472 2603 2634 2664 atque
2665 2592 2979 2647 traditiones
3006 2587 3368 2656 negligentes,
3401 2583 3672 2652 ipsiusque

2095 2690 2409 2749 orthodoxae
2438 2685 2556 2739 tidei
2581 2681 2832 2752 imperiti,
2860 2693 2977 2734 eam
3007 2676 3336 2745 impietatem
3363 2683 3671 2740 propugna—

2094 2784 2241 2840 retis.
2275 2777 2563 2850 Apostolos
2591 2787 2842 2844 namque,
2872 2784 3006 2839 quos
3039 2766 3191 2822 vobis
3221 2771 3459 2831 agrestes
3487 2758 3674 2829 appel-

2095 2876 2208 2930 lare
2236 2868 2516 2939 libuit,sibi
2549 2863 2818 2936 prmelegit
2847 2861 3017 2926 Deus,
3048 2857 3358 2929 Spirituque
3385 2869 3484 2908 suo
3513 2862 3673 2920 atque

2096 2963 2358 3035 sa,.ientia
2386 2959 2632 3030 replevit,
2677 2969 2848 3024 eaque
2889 2951 3099 3007 ratione
3140 2953 3467 3018 prteparatos
3507 2942 3673 3005 misit,

2097 3031 2429 3124 tit-gentibus
2449 3064 2567 3118 quae
2589 3048 2840 3115 ignorant
2873 3043 3061 3108 Deum,
3090 3039 3254 3093 duces
3283 3042 3463 3090 essent
3491 3031 3561 3085 ad
3588 3047 3673 3086 sc-

2098 3148 2283 3202 mitam
2310 3142 2568 3200 veritatis.
2600 3138 2786 3208 Itaque
2816 3132 3085 3204 Apostolis
3126 3129 3257 3200 ipsis
3286 3127 3444 3182 unice
3471 3124 3675 3178 dictum

2100 3245 2183 3294 est
2213 3255 2226 3290 :
2269 3236 2372 3291 Vos
2399 3236 2518 3288 estis
2547 3232 2636 3285 lux
2668 3227 2846 3283 mundi
2879 3223 3092 3296 (Matth.
3127 3238 3176 3286 v,
3210 3218 3320 3289 H),
3354 3216 3515 3271 lucidi
3544 3230 3680 3283 ergo

2101 3334 2294 3393 estote,
2325 3319 2773 3395 quemadmodum
2813 3315 2942 3385 ipsis
2971 3313 3164 3367 iterum
3193 3309 3496 3378 subjectum
3531 3314 3614 3361 est
3642 3320 3680 3359 a

2102 3417 2329 3472 Domino
2361 3432 2375 3467 :
2409 3411 2587 3466 Nolite
2626 3409 2874 3479 cogitare,
2919 3419 3078 3474 neque
3113 3401 3236 3472 quid
3263 3400 3565 3470 loquamini,
3594 3414 3678 3451 ne-

2101 3525 2196 3579 que
2223 3523 2325 3578 qua
2353 3505 2415 3558 de
2442 3520 2498 3558 re
2527 3502 2682 3556 laturi
2712 3498 2825 3552 sitis
2856 3493 3202 3549 testimonium
3233 3489 3448 3561 (Matth.
3480 3505 3534 3553 χ,
3572 3490 3678 3557 l9).

2103 3597 2230 3650 Ausi
2277 3595 2407 3650 estis
2452 3590 2808 3658 vosmetipsos
2857 3583 3114 3656 apostolis
3162 3593 3510 3650 comparare,
3558 3593 3679 3632 om-

2103 3700 2307 3753 nesque
2344 3685 2652 3738 sacerdotes
2691 3677 2882 3748 injuria
2912 3676 3180 3729 lacessere
3209 3687 3315 3727 non
3346 3671 3474 3724 estis
3501 3669 3677 3729 veriti,

2103 3785 2265 3845 atque
2294 3774 2428 3828 adeo
2452 3788 2482 3826 a
2512 3772 2662 3826 vobis
2689 3767 2944 3836 neglectae
2982 3773 3109 3820 sunt
3150 3760 3527 3817 ecclesiasticae
3553 3774 3680 3812 san-

2104 3871 2330 3934 ctiones,
2356 3876 2412 3921 ut
2434 3865 2487 3920 id
2513 3863 2688 3919 moliri
2711 3876 2808 3932 per
2835 3873 3102 3914 summam
3127 3854 3405 3909 audaciam
3436 3853 3680 3907 institue-

2105 3963 2250 4024 riti’s,
2279 3956 2422 4027 quod
2449 3955 2594 4010 nulla
2624 3966 2858 4022 unquam
2887 3949 3202 4004 Christiana:
3229 3945 3499 4012 religionis
3525 3950 3682 3995 aetate

2106 4053 2219 4106 lieri
2249 4067 2278 4104 a
2309 4049 2559 4118 quopiam
2605 4052 2864 4100 tentatum
2907 4048 3009 4096 est.
3063 4037 3391 4094 Beatissimis
3437 4033 3684 4089 videlicet

2105 4138 2424 4210 patriarchis
2443 4143 2680 4190 mutuam
2709 4131 3047 4186 traditionem
3072 4127 3482 4194 omnitempore
3510 4121 3682 4175 invio-

2107 4233 2271 4287 latam
2323 4228 2555 4283 vicissim
2606 4221 3050 4288 custodientibus,
3107 4233 3266 4273 nemo
3295 4231 3548 4284 unquam,
3581 4214 3684 4268 nisi

2108 4323 2197 4393 qui
2227 4321 2401 4390 palam
2431 4316 2678 4371 hmretica
2705 4313 2924 4369 vesania
2965 4318 3154 4380 captus
3196 4315 3360 4374 esset,
3391 4304 3683 4359 Ecclesiaut

2108 4390 2392 4465 schismate
2421 4404 2620 4466 divisit,
2652 4400 2794 4470 quod
2833 4415 2931 4453 vos
2977 4395 3454 4466 imprazsentiarum
3504 4399 3562 4445 ut
3593 4390 3684 4444 tie-

2109 4515 2191 4564 rct
2238 4503 2536 4561 curavistis.
2570 4500 2666 4556 Cui
2695 4499 2908 4570 quidem
2956 4497 3100 4550 malo
3147 4494 3292 4563 quod
3345 4500 3561 4561 patrare
3590 4503 3684 4557 ago

2110 4605 2276 4674 gressi
2306 4602 2468 4668 estis,
2494 4609 2552 4652 ut
2575 4599 2674 4667 ipsi
2705 4596 3029 4660 medeamur,
3059 4591 3366 4646 vehementi
3397 4587 3686 4656 ﬂagramus

436 4697 740 4765 ἐποιήσαμεν
786 4702 957 4758 τοῦτο,
984 4697 1106 4750 ἀλλά
1151 4703 1350 4770 πρῶτον
1389 4700 1477 4766 μὲν
1522 4696 1604 4750 διὰ
1631 4703 1720 4754 τήν
1766 4698 1995 4751 ἀσέϐεια-ι

2109 4695 2394 4756 desiderio,
2437 4692 2527 4759 qui
2576 4690 2826 4742 nimirum
2867 4701 3033 4755 opere
3071 4699 3136 4738 ac
3178 4682 3390 4751 scriptis
3429 4681 3479 4733 id
3521 4693 3683 4733 unum

435 4792 536 4840 τῶν
569 4787 938 4859 προειρημένων
975 4788 1272 4856 κεφαλαίων,
1313 4786 1494 4842 ἔπειτα
1540 4787 1592 4842 δὲ
1615 4829 1628 4850 ,
1660 4787 1736 4844 ὅτι
1775 4792 1903 4848 τινὲς
1950 4791 2006 4843 τ)

435 4879 706 4954 Νεστορίου
733 4873 887 4949 ὄνομα
915 4884 1112 4947 σιωπᾷν
1139 4882 1570 4950 προσποιούμενοι
1600 4879 1682 4934 διὰ
1709 4887 1806 4934 τῶν
1836 4899 2009 4953 προει-

435 4968 687 5038 ρημένων,
731 4968 882 5021 αὐτὸν
935 4967 1199 5043 Νεστόριον
1258 4971 1340 5021 καί
1381 4975 1469 5026 τήν
1520 4968 1807 5032 κακοδοξίαν
1855 4971 2006 5025 αὐτοῦ

436 5058 720 5128 εἰσαγαγεῖν
756 5060 1058 5131 ἐπεχείρουν
1083 5067 1172 5116 την
1200 5059 1436 5113 ἀσέϐειαν
1462 5067 1560 5114 τῶν
1584 5061 1858 5132 κεφαλαίων
1889 5063 2006 5116 τού-

433 5168 535 5201 των
560 5155 622 5220 τῇ
652 5149 877 5222 καθολικῇ
905 5151 1147 5224 ἐκκλησία
1173 5156 1579 5226 προσάπτοντες.

436 5341 547 5390 tate
599 5333 1038 5402 incenderemur,
1098 5347 1158 5392 ut
1211 5355 1242 5393 a
1299 5337 1566 5394 catholica
1622 5344 2000 5408 separarentur
2056 5331 2292 5388 Ecclesia
2358 5348 2370 5382 :

2109 4787 2496 4847 contendimus,
2531 4790 2586 4835 ut
2619 4772 2963 4847 resipiscatis.
2993 4775 3109 4829 Jam
3139 4789 3288 4839 vero,
3320 4787 3441 4827 cum
3463 4771 3516 4824 in
3545 4769 3684 4823 hanc

2110 4876 2432 4934 sententiam
2473 4870 2811 4940 scripseritis,
2837 4885 2888 4922 .a
2927 4867 3080 4920 nobis
3125 4865 3404 4933 diligenter
3441 4869 3684 4916 curatqu

2110 4984 2248 5034 esse,
2299 4977 2357 5020 ut
2398 4965 2496 5019 tria
2549 4963 2660 5017 hare
2701 4960 2948 5031 capitula,
2992 4957 3304 5012 Theodorus
3331 4955 3534 5010 scilicet
3561 4967 3684 5005 cum

2111 5059 2322 5128 scriptis
2351 5055 2480 5118 suis,
2513 5052 2738 5124 epistola
2777 5065 2895 5120 qua:
2947 5049 3048 5104 Iba:
3091 5047 3306 5110 dicitur,
3345 5041 3686 5098 Theodoriti-

2113 5165 2218 5219 que
2253 5149 2454 5218 pariter
2491 5145 2688 5212 scripta
2716 5140 3223 5201 condemnarentur,
3267 5136 3372 5189 hoc
3398 5133 3598 5195 animo,
3627 5137 3687 5184 ut

2110 5239 2371 5296 voluntati
2398 5246 2591 5291 nostra:
2624 5234 2777 5287 lierct
2804 5231 2952 5296 satis,
2981 5228 3124 5298 quod
3149 5225 3450 5282 incredibili
3479 5221 3682 5291 cupidi-

2437 5324 2775 5394 cognoscite,
2841 5321 2897 5376 id
2957 5320 3175 5374 minime
3220 5333 3250 5371 a
3297 5315 3450 5371 nobis
3498 5328 3684 5368 eorum

436 5437 602 5480 causa
647 5421 842 5480 factum
886 5423 1078 5490 fuisse;
1122 5428 1216 5481 sed
1256 5427 1430 5495 primo
1473 5426 1688 5494 quidem
1733 5425 1877 5494 quod
1917 5425 2152 5493 graviter
2194 5417 2446 5476 commoti
2488 5429 2728 5470 essemus
2771 5425 2956 5467 eorum
2997 5408 3350 5478 capitulorum
3391 5405 3683 5474 impietate,

437 5526 562 5587 post
581 5526 783 5585 autem,
803 5517 928 5588 quia
954 5533 1062 5572 non
1089 5517 1397 5583 defuerunt,
1428 5518 1521 5586 qui
1558 5532 1845 5586 suppresso
1884 5515 2114 5570 Nestorii
2144 5513 2359 5567 nomine
2378 5551 2392 5576 ,
2439 5506 2672 5562 Nestorii
2717 5513 2894 5559 tamen
2935 5501 3210 5555 studentes
3237 5497 3506 5568 partibus,
3537 5507 3688 5548 erro-

438 5623 595 5666 neam
639 5610 757 5680 ejus
803 5609 964 5666 ﬁdem
1004 5610 1261 5666 inducere
1316 5609 1631 5675 niterentur,
1675 5608 2035 5678 Ecclesizeque
2065 5606 2299 5660 tribuere
2351 5618 2456 5657 non
2485 5606 2795 5654 vererentur
2845 5610 3030 5650 eorum
3070 5592 3302 5663 capitum
3334 5589 3684 5660 impietatem.

511 5777 536 5804 α
567 5766 695 5848 Qute
717 5763 929 5848 quidem
957 5766 1202 5846 epistola,
1230 5781 1349 5848 cum
1371 5765 1617 5848 omnibus
1638 5764 1809 5818 adhuc
1832 5763 2012 5848 ignota

441 5837 674 5898 latuerit,
705 5833 1098 5905 plurimumque
1127 5836 1201 5889 rei
1233 5835 1608 5889 ecclesiasticze
1636 5833 2012 5905 promovendm

442 5902 876 5987 ςυιιῖθτςιξξιιυιιιε
903 5902 1302 5987 addita‘liatina
1330 5905 1595 5987 versipne,
1617 5919 1776 5987 quam
1800 5902 2011 5968 elegan-

447 5985 529 6034 ter
555 5974 781 6030 coniecit
819 5973 1037 6030 Clariss.
1077 5975 1434 6030 Dominicana'.
1466 5971 1675 6029 familia:
1716 5971 2006 6029 Monachus

2115 5761 2200 5812 Jo.
2233 5757 2540 5812 Dominicus
2579 5753 2833 5817 Stratico,
2876 5751 2927 5804 in
2974 5747 3378 5818 lueemiprod‘it,
3408 5757 3687 5818 ex_recen-_

2114 5810 2265 5883 sane
2288 5810 2354 5883 ν.
2384 5810 2470 5880 Cl.
2499 5825 2684 5892 Angeli
2709 5810 2841 5877 Mar;
2871 5819 3116 5892 lian‘dini,
3141 5810 3271 5873 t.'U.
3298 5810 3440 5874 me;
3458 5810 3689 5869 Caesarei

2115 5899 2360 5962 mulcere
2390 5889 2723 5953 bibliotheca‘
2757 5889 3005 5961 prmt'v'cti.
