4108 6446
420 430 556 494 1045

1163 425 1527 486 EPISTULA
1572 425 1970 485 ADVERSUS
2009 421 2488 483 TI—IEODORUM
2529 419 2946 480 MUl’SUEST.

3543 407 3674 474 1046

497 564 584 616 Διά
607 569 756 616 τοῦτο
777 563 955 631 ἡμεῖς.
987 562 1030 612 εί
1061 564 1142 614 καί
1172 563 1354 632 φανερά
1380 557 1438 617 ἧν
1461 561 1490 616 ἡ
1513 565 1608 614 τῶν
1650 559 1812 611 αὐτῶν
1854 576 2000 627 κεφα-

2175 552 2485 618 Qnanquam
2517 543 2684 618 igitur‘
2703 546 3056 616 capitulorum
3087 541 3337 610 iriquitas
3382 537 3661 606 manii'eSw

423 655 570 706 λνιίων
609 653 840 716 ἀσέϐεια,
874 649 1010 722 ὅμως
1053 655 1382 724 ἠρωτήσαμεν
1426 651 1544 708 τούς
1585 650 1732 722 ίερεῑς
1777 656 1866 705 τῆς
1904 652 1992 700 τοῦ

423 748 551 797 Θεοῦ
581 743 860 802 ἐκκλησίας.
881 747 930 795 τί
951 745 1070 815 περὶ
1099 743 1288 795 τούτων
1315 747 1596 812 φρονοῦσιν·
1620 740 1665 792 οἷ
1689 759 1819 799 τινες
1841 737 1995 800 δεῖξαι

425 836 737 905 βουλόμενοι,
771 831 849 887 ὅτι
878 839 967 890 τήν
993 835 1229 889 τοιαύτην
1256 832 1486 885 ἀσέϐειαν
1509 833 1538 890 η
1564 831 1790 888 καθολικη
1831 831 1996 887 ἐκκλη-

426 935 518 985 σία
547 925 657 980 οὐδὲ
704 925 844 996 ἔσχε
891 927 1034 989 ποτὲ,
1067 922 1177 978 οὐδὲ
1218 922 1354 992 ἔχει,
1386 922 1722 976 κατεδίκασαν
1746 923 1829 974 καί
1855 923 1998 974 αὐτοὶ

425 1023 514 1075 τήν
527 1017 761 1072 τοιαύτην
774 1015 1092 1080 δυσσέϐειαν,
1114 1015 1338 1086 ἐξαρχῆς
1356 1014 1458 1067 ὑπὸ
1477 1020 1573 1066 τῶν
1594 1011 1747 1084 ἁγίων
1767 1012 1998 1087 πατέρων

426 1104 936 1176 καταδεδικασμένην·
970 1103 1081 1158 οὐδέ
1126 1105 1225 1176 γὰρ
1253 1104 1297 1156 οί
1323 1111 1414 1163 τῆς
1448 1103 1706 1160 καθολικῆς
1735 1101 1997 1162 ἐκκλησίας

424 1197 793 1268 κεχωριομένι
841 1198 958 1270 περί
1011 1196 1204 1248 τούτων
1245 1199 1342 1246 τῶν
1383 1192 1654 1263 κεφαλαίων
1700 1191 1841 1260 λόγον
1886 1193 1998 1246 τινὰ

425 1295 708 1350 ⁸ἰεοιοὲνται,
743 1284 925 1344 εἰδότες
958 1283 1037 1338 ὅτι
1064 1290 1235 1339 ταῦτα
1264 1283 1420 1343 οὐδεὶς
1452 1281 1661 1336 δύναται
1690 1288 1995 1356 χριστιανοῦ

425 1381 770 1454 προσηγορίαν
817 1376 950 1446 ἔλων
985 1375 1219 1436 ἐκδικεῖν,
1249 1376 1370 1428 ἀλλά
1414 1382 1486 1445 τῷ
1523 1372 1622 1446 ὅρῳ
1666 1377 1998 1427 ἐναντιοῦνται

426 1480 519 1527 *ἧς
556 1470 702 1541 ἁγίας
747 1474 797 1522 ἐν
832 1467 1102 1524 Χαλκηδόνι
1148 1465 1386 1531 συνόδου,
1411 1475 1484 1537 τῷ
1521 1469 1636 1540 περὶ
1663 1474 1754 1525 τῆς
1780 1470 1999 1525 πίστεως

428 1563 785 1634 τροενεχθέντι
808 1561 937 1633 πρὸς
966 1561 1258 1632 κατάκρισιν
1281 1562 1570 1632 Νεστορίου,
1596 1561 1681 1610 καί
1703 1561 1996 1626 Εὑτυχοῦς,

427 1657 514 1706 καὶ
545 1661 635 1710 τῆς
677 1653 844 1704 αὐτῶν
889 1652 1155 1708 ἀπιστίας.
1180 1650 1238 1702 Οί
1264 1651 1358 1726 γάρ
1385 1658 1490 1708 τοῖς
1519 1649 1687 1722 ὀρθοῖς
1710 1655 1798 1706 τῆς
1826 1647 1998 1703 ἐκκλη-

427 1747 548 1801 σίας
563 1743 925 1809 ἐναντιούμενοι
953 1739 1221 1809 δόγμασιν,
1248 1741 1569 1802 ἐπιθυμοῦσιν
1587 1741 1768 1794 μᾶλλον
1787 1742 1850 1793 rei
1872 1761 1996 1807 μνη-

430 1832 728 1902 μονευθέντα
743 1831 904 1887 ἀσεϐῆ
926 1830 1166 1901 κεφάλαια
1193 1829 1394 1883 ἐκδικεῖν
1415 1835 1503 1887 τὴν
1521 1831 1662 1901 ἁγίαν
1673 1836 1762 1883 τοῦ
1778 1835 1902 1883 Θεοῦ
1915 1833 1996 1885 Ξκ-

2099 649 2338 712 pateret,
2369 649 2545 694 tamen
2574 640 2738 692 nihilo
2766 638 2940 691 secius
2966 633 3216 689 Ecclesia:
3257 631 3352 685 Dei
3399 628 3662 683 antistites

2098 734 2150 786 in
2181 747 2341 786 unum
2369 738 2721 798 congregatos
2749 726 3191 794 interrogavimus
3217 721 3341 791 quid
3369 720 3436 774 de
3460 719 3544 774 his
3567 719 3664 774 de-

2095 827 2380 874 cernerent
2400 833 2518 873 esse
2546 815 2916 880 sentiendum;
2939 814 3030 883 qui
3057 827 3176 867 cum
3199 811 3480 880 perspicuo
3507 808 3661 862 testi-

2096 907 2278 960 monio
2324 906 2609 960 ostendere
2656 903 2855 958 vellent
2902 899 3162 969 ejusmodi
3207 912 3436 958 errores,
3487 911 3662 964 neque

2096 997 2350 1052 Ecclesize
2396 995 2609 1066 probari
2632 1037 2644 1057 ,
2677 1008 2850 1062 neque
2878 992 2987 1046 ullo
3007 1005 3239 1058 unquam
3268 997 3508 1056 tempore
3537 1001 3662 1054 pro-

2096 1085 2262 1139 batos
2280 1099 2396 1138 esse
2414 1101 2439 1150 ;
2459 1099 2576 1137 eam
2607 1082 2934 1150 impietatem
2964 1079 3115 1132 initio
3144 1093 3174 1131 a
3196 1077 3394 1132 sanctis
3415 1075 3662 1128 Patribus

2095 1177 2511 1245 praedamnatam
2535 1189 2631 1227 suo
2654 1187 2840 1226 omnes
2862 1170 3109 1237 sull‘ragio
3129 1183 3311 1221 rursus
3335 1165 3649 1236 proscripse-

2098 1275 2241 1321 runt.
2274 1266 2376 1332 Qui
2407 1280 2566 1335 porro
2594 1265 2662 1318 ob
2693 1263 2851 1317 trium
2879 1260 3230 1330 capitulorum
3274 1257 3656 1317 defensionem,

2097 1358 2164 1411 ab
2211 1357 2448 1412 Ecclesia
2495 1355 2648 1410 divisi
2697 1361 2852 1416 sunt,
2901 1351 2938 1405 ii
2984 1359 3161 1404 tacent
3215 1347 3472 1404 omnino:
3507 1346 3663 1414 plane

2099 1460 2332 1513 namque
2380 1444 2701 1512 intelligunt,
2746 1441 2962 1495 minime
2999 1453 3159 1508 posse
3205 1438 3318 1492 lucc
3362 1436 3430 1490 ab
3467 1451 3534 1489 eo
3569 1433 3664 1507 gui

2096 1538 2427 1593 Christianus
2487 1535 2793 1589 nominetur
2852 1529 3094 1593 defendi;
3160 1536 3412 1582 caeterum
3475 1532 3666 1593 aperte

2096 1646 2293 1693 sanctae
2313 1632 2732 1689 Chalcedonensi
2765 1627 2968 1699 synodo
2989 1628 3354 1687 adversantur,
3376 1637 3494 1692 qua:
3511 1619 3664 1675 fidei

2097 1727 2396 1783 doctrinam
2427 1723 2666 1777 deﬁnivit
2694 1721 2747 1774 in
2774 1717 3031 1784 Nestorii,
3054 1714 3365 1786 Eutychetis
3390 1725 3663 1766 errorum.-

2100 1834 2204 1886 que
2233 1818 2299 1871 ab
2328 1817 2456 1886 ipsis
2486 1815 2819 1868 invectorum
2856 1807 3378 1863 condemnationem.
3408 1802 3510 1869 Qui
3534 1817 3678 1856 vero

431 1923 639 1976 κλησίαν
649 1965 661 1983 ,
675 1923 757 1973 ’ἱνα
777 1919 860 1974 διὰ
880 1922 1066 1979 ταύτης
1080 1928 1169 1980 τῆς
1181 1922 1481 1994 προφάσεως
1492 1943 1514 1974 ἰ
1524 1923 1608 1979 οὺς
1621 1920 1999 1990 ἁπλουστέρους

2114 1909 2264 1962 rectis
2294 1905 2545 1960 Ecclesia:
2574 1899 2909 1970 dogmatibus
2935 1895 3312 1961 adversantur,
3352 1891 3500 1946 omni
3532 1905 3664 1944 con-

432 2017 735 2070 ἀπατήσωσι
745 2051 757 2071 ,
771 2013 950 2064 καὶτὸν
963 2011 1258 2084 Χριστιανὸν
1271 2012 1383 2064 λα’ξν
1394 2019 1483 2068 τῆς
1498 2011 1761 2072 ἐκκλησίας
1775 2014 2004 2085 χωρίσωο

437 2126 538 2157 σιν.
566 2101 766 2158 Ἐπειδὴ
789 2100 841 2155 δὲ
870 2100 1118 2174 ἐγράψατε
1143 2099 1254 2164 δύο,
1280 2104 1322 2154 εἰ
1347 2101 1406 2160 δη
1429 2099 1518 2170 LF.
1540 2099 1673 2155 είδεῖ
1690 2103 1791 2152 sive
1807 2104 1850 2154 εἰ
1871 2100 2005 2175 χρὴ]

433 2203 524 2253 τὴν
547 2195 710 2252 ἀσεϐῆ
727 2196 910 2251 ἐκείνην
925 2195 1184 2267 περιέχειν
1201 2194 1486 2252 ἐπιστολήν
1508 2192 1555 2246 ἓν
1578 2195 1686 2263 μὲν,
1717 2191 1796 2247 ὅτι
1821 2194 2000 2266 ὀρθῶς,

435 2290 504 2346 ὡς
535 2289 748 2357 λέγεται,
780 2288 910 2341 κατὰ
925 2284 1260 2359 ’Λπολιναρίου
1289 2289 1593 2358 ἠγωνίσατο*
1625 2285 1791 2360 ἕτερον
1819 2283 1892 2346 δέ,
1925 2283 2001 2338 ὅτι

434 2373 530 2429 κᾶν
579 2374 746 2438 ἔδοξεν
792 2375 816 2428 ό
864 2374 1066 2448 γράψας
1094 2380 1183 2432 τήν
1224 2375 1486 2431 ἐπιστολήν
1527 2376 1613 2428 τόν
1641 2376 1690 2426 ἐν
1723 2373 1882 2445 ἁγίοις
1909 2377 2001 2426 liv)-

437 2470 600 2544 ριλλον
625 2467 908 2542 διασύρειν,
938 2465 1075 2536 ὅμως
1103 2475 1281 2521 τοῦτον
1310 2469 1391 2520 τόν
1418 2467 1593 2519 σπῖλον
1624 2474 1712 2524 τῆς
1739 2466 1932 2540 ὖίρεως
1957 2467 2005 2518 ἐν

436 2566 514 2631 τῷ
542 2567 630 2617 τῆς
659 2559 930 2616 ἐπιστολῆς
958 2557 1194 2630 ἀνέτρεψε
1221 2558 1369 2620 τέλει,
1401 2559 1484 2609 καί
1511 2555 1594 2610 διὰ
1617 2563 1765 2609 τοῦτο
1791 2557 2004 2625 λέγεται,

441 2649 646 2716 ὀφείλειν
671 2653 762 2705 τήν
791 2649 948 2704 αὐτὴν
978 2649 1137 2706 ἀσεϐῆ
1168 2649 1432 2704 ἐπιστολήν
1458 2647 1707 2719 ὦρθόδοξον
1736 2651 2004 2721 κρίνεσθαιο

440 2739 579 2798 δῆλοι
624 2741 987 2802 καθεστήκατε,
1017 2737 1093 2793 ὅτι
1121 2737 1233 2792 οἵτε
1273 2739 1328 2791 τὸ
1357 2739 1495 2809 ὕφος,
1529 2736 1643 2792 οὗτε
1685 2745 1772 2796 τὴν
1802 2737 2010 2807 δύναμιν

441 2829 630 2902 ἔγνωτε
659 2839 749 2890 τῆς
791 2833 946 2890 αὐτῆς
979 2833 1195 2890 ἀσεῗοῦς
1242 2831 1536 2893 ἐπιστολῆς,
1584 2833 1712 2884 κατά
1750 2828 2006 2884 ’Λπολιναο

443 2927 557 2994 ρίου
580 2925 681 2996 γὰρ
701 2920 840 2976 οὐδὲν
859 2923 1113 2994 περιέχει,
1130 2921 1231 2975 ἀλλ’
1254 2923 1402 2974 αὐτὴν
1423 2923 1506 2975 τὸν
1529 2924 1578 2974 ἐν
1603 2923 1760 2992 ἁγίοις
1778 2922 2010 2996 Κύριλλον

444 3011 893 3088 Ἀποῖιναριαστήν
922 3014 1078 3066 καλεῖ⁶
1106 3016 1188 3066 καὶ
1213 3011 1320 3066 οὐδὲ
1350 2996 1492 3084 ἐν’τῷ
1519 3012 1648 3066 τέλει
1674 3015 1704 3069 ἡ
1730 3015 1853 3070 αὐτὴ
1882 3013 2014 3065 ἀσε-

449 3104 541 3163 ϐής
579 3104 818 3162 ἐπιστολή
869 3103 1103 3176 ἀνέτρεψε
1152 3105 1218 3157 rei
1263 3103 1389 3157 κατά
1429 3108 1516 3158 τοῦ
1556 3104 1713 3156 αὐτοῦ
1761 3103 1808 3154 ἐν
1855 3103 2012 3171 ἁγίοις

449 3195 683 3267 εἰρημένα
709 3192 960 3267 κυρίλλου.
981 3192 1163 3263 μᾶλλον
1187 3193 1273 3260 μὲν
1302 3186 1388 3244 οὖν
1408 3191 1473 3244 τὰ
1496 3193 1702 3262 χείρονα
1728 3189 1840 3245 κατ’
1857 3193 2010 3244 αὐτοῦ

449 3282 499 3333 ἐν
527 3290 632 3343 τοῖς
663 3282 965 3341 τελευταίοις
1001 3278 1136 3334 εἶπεν
1156 3294 1168 3308 '
1202 3281 1459 3352 προέόντες
1488 3279 1541 3335 δέ
1571 3278 1702 3350 ὅμως
1730 3284 1814 3334 καί
1840 3286 2012 3335 πᾶσαν
2042 3280 2088 3340 C
2115 3257 2277 3326 pisse-

447 3378 540 3432 τήν
564 3373 800 3428 ἀσέϐειαν
824 3380 914 3432 τῆς
940 3373 1201 3442 λεγομένης
1239 3370 1356 3426 Ἴϐα
1385 3374 1666 3436 ἐπιστολῆς,
1698 3377 1779 3426 καὶ
1802 3378 1891 3430 τήν
1916 3395 2014 3442 μα-

451 3465 694 3521 meum
719 3471 817 3515 τῶν
853 3463 1146 3534 κεφαλαίων,
1176 3460 1338 3539 ὧνπερ
1367 3463 1642 3534 ἐπέμψατε,
1673 3464 2013 3534 ἀποδείξομεν.

453 3559 650 3606 Πάντων
665 3554 765 3626 γὰρ
786 3554 1194 3623 ἀναγνωσθέντων
1219 3560 1316 3606 τῶν
1342 3552 1464 3626 παρ’
1482 3554 1620 3624 ὑμῶν
1645 3556 2016 3629 γεγραμμένων,

453 3643 646 3720 σφόδρα
670 3645 977 3714 ἐλυπήθημεν
995 3684 1010 3708 ,
1038 3641 1116 3698 ὅτι
1145 3646 1214 3702 εἰς
1251 3646 1490 3701 τοιαύτην
1517 3647 1781 3697 ἐνεπέσατε
1809 3645 2014 3713 πλάνην,

454 3732 699 3809 ἅνθρωποι
743 3737 794 3798 ἐξ
837 3738 1018 3795 ἐκείνης
1059 3731 1193 3794 ὄντες
1237 3743 1328 3794 τῆς
1373 3738 1588 3806 χώρας,
1637 3734 1765 3790 ὅπου
1809 3737 1885 3790 ἀεὶ
1923 3740 2020 3809 πρὸ

456 3827 596 3895 ὑμῶν
618 3827 647 3883 ἡ
669 3826 787 3899 ὀρθή
807 3827 978 3885 πίστις
997 3826 1264 3895 ἀμώμητος
1295 3822 1574 3895 ἐφυλάχθη.
1589 3822 1732 3878 Ὀθεν
1761 3827 2022 3896 ἀναγκαῖον

455 3915 751 3983 ἐνομίσαμεν
799 3909 922 3967 εἶναι
961 3916 1046 3967 καί
1089 3914 1218 3987 πρὸς
1254 3913 1317 3966 τὰ
1357 3913 1561 3988 ρηθέντα
1606 3913 1747 3983 ὑμῶν
1785 3915 2023 3984 κεφαλαια

455 4003 789 4078 ἀντιγράψαι,
818 4005 902 4056 καί
928 4001 1232 4074 παραινέσαι
1267 4003 1383 4071 ύμῖν
1423 4001 1616 4062 ταύτης
1647 4011 1738 4062 τῆς
1765 4004 2020 4068 ἀσεϐείας,

458 4096 545 4146 καί
579 4100 668 4146 τοῦ
712 4093 930 4151 ἀσεϐοῦς
959 4094 1098 4160 ὑμῶν
1141 4090 1442 4145 διδασκάλου
1477 4094 1792 4153 ἀποστῆναι,
1823 4100 1913 4148 τοῦ
1958 4097 2023 4149 rei

455 4181 793 4255 προειρημένα
834 4181 1071 4250 κεφαλαια
1120 4179 1564 4253 συγγραψαμένου.
1613 4189 1889 4240 ’Δπατῆσαι
1923 4185 2022 4255 γὰρ

457 4274 606 4326 θέλων
649 4277 786 4342 ὑμᾶς
825 4273 1026 4348 ῥήματά
1054 4293 1164 4325 τινα
1204 4277 1487 4347 προήγαγεν
1516 4276 1570 4327 ἐκ
1597 4281 1696 4330 τῶν
1723 4277 1862 4329 θείων
1890 4298 2026 4350 γρα-

458 4370 578 4432 φῶν,
605 4365 638 4411 ἆ
664 4383 773 4416 τινα
796 4365 977 4420 νοήσας
1000 4368 1163 4419 κακῶς
1198 4362 1558 4435 προσαρμόσαι
1589 4364 1778 4436 ῥήμασὶ
1799 4387 1907 4420 τισι
1934 4374 2025 4426 τῆς·

457 4452 819 4526 προειρημένης
862 4451 1079 4509 ἀσεϐοῦς
1123 4451 1388 4510 ἐπιστολῆς
1434 4453 1785 4530 ἐπεχείρησεν’
1819 4453 1948 4530 ὅπερ
1982 4457 2028 4509 οἱ

456 4543 695 4616 ατρετικοὶ
717 4544 902 4601 πάντες
924 4548 1152 4604 ποιοῦσι,
1175 4543 1381 4614 ῥήματά
1408 4565 1518 4597 τινα
1540 4552 1638 4598 τῶν
1666 4547 1804 4598 θείων
1829 4555 2028 4619 γραφῶν

2102 1999 2339 2051 tentione
2368 1996 2625 2058 nituntur,
2656 2000 2715 2046 ut
2759 1989 2974 2060 praefata
3009 1988 3106 2042 tria
3135 1986 3314 2052 iniqua
3342 1982 3536 2051 capita,
3565 1995 3665 2037 ceu

2102 2087 2168 2140 ab
2197 2085 2432 2139 Ecclesia
2464 2083 2556 2136 Dei
2585 2080 2816 2134 admissa
2845 2076 3091 2132 sustineri
3129 2074 3452 2143 judicentur,
3482 2077 3539 2123 ut
3567 2068 3668 2122 hac

2104 2176 2350 2229 videlicet
2373 2173 2581 2227 ratione
2632 2169 2984 2239 simpliciores
3010 2164 3304 2234 decipiant,
3335 2159 3670 2230 populusque

2102 2263 2438 2319 Christianus
2465 2261 2752 2314 schismate
2779 2256 3060 2312 dividatur.
3090 2253 3273 2322 Itaque
3293 2265 3414 2304 cum
3439 2249 3546 2303 duo
3571 2261 3669 2318 po.

2105 2356 2366 2408 tissimum
2395 2351 2461 2420 (si
2490 2350 2668 2405 omnia
2697 2363 2815 2417 quae
2841 2347 3015 2416 impiis
3043 2345 3145 2398 illis
3175 2341 3364 2396 litteris
3392 2338 3671 2394 continen-

2107 2454 2192 2500 tur
2245 2442 2629 2497 contrahantur
2679 2438 2734 2491 in
2779 2435 2972 2507 pauca)
3022 2430 3341 2501 scripseritis
3388 2445 3401 2480 :
3445 2427 3672 2479 alterum

2107 2547 2320 2602 nempe,
2349 2539 2493 2584 recte
2522 2528 2651 2582 inibi
2688 2533 2875 2582 contra
2913 2521 3296 2592 Apollinarium
3345 2516 3671 2586 disputatum

2108 2639 2256 2686 esse;
2289 2623 2514 2675 alterum
2536 2633 2686 2681 vero,
2712 2614 2952 2684 epistola:
2980 2613 3313 2681 scriptorem,
3340 2616 3394 2662 et
3423 2607 3467 2662 si
3495 2604 3671 2658 videa«

2108 2723 2196 2768 tur
2226 2714 2282 2767 S.
2315 2711 2568 2782 Cyrillum
2601 2705 2860 2778 principio
2889 2703 3080 2772 injuria
3105 2703 3388 2764 lacessere,
3417 2691 3572 2751 hanc
3593 2704 3674 2748 ta-

2109 2819 2232 2858 men
2257 2804 2504 2871 irrogata:
2529 2802 2596 2854 ab
2623 2815 2683 2854 se
2711 2799 2917 2868 injuria:
2947 2795 3120 2848 labem
3149 2792 3290 2847 circa
3321 2789 3479 2844 linem
3507 2787 3675 2856 depu-

2110 2894 2276 2960 lisse;
2305 2899 2633 2961 quapropter
2658 2903 2834 2958 operae
2872 2885 3100 2956 pretium
3145 2898 3285 2949 esse,
3325 2889 3386 2935 ut
3426 2881 3586 2949 impia
3611 2893 3675 2934 ea

2111 2987 2334 3055 epistola
2381 2984 2643 3041 catholica
2686 2997 2803 3036 esse
2844 2979 3109 3048 judicetur
3142 2991 3155 3027 :
3187 2974 3290 3028 hoc
3325 2971 3552 3042 primum
3581 2985 3677 3070 pr‘e

2111 3086 2259 3132 certo
2283 3077 2554 3136 habetote,
2585 3089 2681 3128 vos
2711 3087 2882 3140 neque
2904 3070 3188 3125 verborum
3216 3072 3555 3126 contextum,
3586 3077 3676 3114 ne-

2112 3181 2217 3236 que
2244 3167 2626 3220 sententiarum
2666 3163 2775 3216 vim
2819 3161 2958 3215 illius
2995 3158 3170 3226 impim
3210 3153 3461 3236 epistolis,
3493 3165 3678 3224 perce-

2325 3255 2440 3309 Non
2489 3254 2630 3309 enim
2676 3252 2929 3306 adversus
2981 3248 3341 3318 Apollinarem
3389 3233 3681 3307 Concludit,

2118 3349 2214 3402 sed
2240 3353 2480 3400 sanctum
2519 3343 2771 3414 Cyrillum
2799 3342 2971 3410 ipsum
3013 3335 3401 3409 Apollinarlstis
3428 3348 3681 3389 annume-

2116 3445 2220 3501 rat,
2253 3446 2413 3519 atque
2444 3443 2644 3488 tantum
2699 3433 2852 3486 abest
2898 3437 2958 3484 ut
2984 3429 3126 3484 circa
3156 3426 3272 3495 ejus
3318 3425 3478 3478 ﬁnem
3528 3419 3682 3493 quid-

2118 3517 2275 3597 ρὶοιο
2298 3541 2363 3580 ex
2412 3526 2476 3580 iis
2518 3539 2638 3594 quae
2685 3523 2939 3578 adversus
2985 3528 3227 3576 sanetum
3256 3517 3512 3588 Cyrillum
3559 3529 3681 3584 pro-

2120 3618 2363 3670 nuntiata
2410 3623 2552 3677 sunt,
2605 3612 2946 3667 revocatione
2989 3611 3305 3677 castigetur,
3341 3615 3398 3660 ut
3424 3605 3567 3660 circa
3597 3619 3685 3659 ex-

2122 3716 2348 3760 tremum
2375 3704 2554 3773 potius
2574 3703 2688 3772 ejus
2709 3703 2937 3771 scriptor
2965 3701 3018 3754 in
3045 3699 3301 3768 Cyrillum
3332 3696 3568 3750 deterius
3594 3694 3686 3748 de-

2120 3797 2410 3851 bacchatus
2436 3811 2553 3850 esse
2573 3793 2835 3848 videatur.
2860 3791 3216 3856 Quamobrem
3247 3786 3298 3840 id
3328 3787 3501 3855 ipsum
3542 3784 3685 3855 prinv

2123 3887 2286 3955 cipio,
2309 3886 2572 3956 simulque
2601 3885 2898 3938 universam
2931 3880 3090 3949 hujus
3115 3894 3234 3948 quae
3270 3877 3374 3932 Iba:
3414 3889 3688 3944 nuncupa-

2085 3987 2211 4032 ‘tur
2261 3976 2501 4046 cpistolre
2553 3974 2912 4044 impietatem,
2969 3983 3265 4037 eorumque
3315 3981 3436 4035 qua:
3480 3964 3548 4019 ad
3590 3978 3688 4018 nos

2122 4067 2344 4121 misistis
2371 4066 2605 4135 capitum
2652 4065 2915 4119 insaniam
2959 4059 3285 4130 argumentis
3326 4057 3686 4113 ostendemus.

2124 4157 2256 4212 Cum
2305 4158 2448 4211 enim
2495 4171 2558 4211 ea
2606 4155 2784 4210 omnia
2829 4168 2948 4222 qua:
2991 4151 3307 4221 scripsistis,
3356 4149 3694 4216 legissemus,

2125 4258 2435 4328 gravissimo
2465 4254 2638 4310 ail‘ecti
2657 4268 2839 4309 sumus
2859 4251 3065 4317 dolore,
3095 4264 3191 4303 vos
3219 4246 3333 4316 ejus
3359 4245 3505 4300 urbis
3526 4244 3689 4308 cives,

2127 4348 2180 4402 in
2210 4362 2314 4416 qua
2342 4359 2554 4414 semper
2580 4343 2646 4397 ad
2671 4343 2785 4397 haec
2814 4354 2981 4410 usque
3009 4349 3250 4408 tempora
3291 4336 3446 4390 unice
3481 4341 3693 4389 servata

2128 4436 2227 4489 fuit
2265 4443 2412 4489 recta
2455 4433 2604 4497 ﬁdes,
2635 4433 2688 4486 in
2718 4439 2922 4485 tantum
2958 4442 3196 4484 errorem
3235 4441 3352 4480 esse
3393 4423 3690 4492 prolapsus.

2129 4524 2467 4593 Quapropter
2498 4520 2858 4576 necessarium
2897 4533 3016 4574 esse
3044 4515 3466 4572 existimavimus
3508 4513 3690 4567 adver-

458 4633 940 4706 παρερμηνεύοντες,
971 4634 1056 4685 καὶ
1102 4635 1230 4707 πρὶς
1271 4637 1360 4690 τήν
1398 4631 1795 4708 διεστραμμένην
1840 4638 2013 4692 ἐαυτῶτ

2132 4631 2221 4670 sus
2246 4615 2496 4684 praedicta
2524 4612 2757 4682 capitula
2794 4610 2861 4664 ad
2893 4625 2985 4664 vos
3011 4609 3263 4672 scribere,
3305 4616 3465 4676 atque
3493 4604 3560 4659 de
3598 4617 3693 4658 eo-

458 4722 820 4792 μεταφέροντες
851 4717 1063 4772 ἕννοιαν⁶
1093 4722 1173 4772 καὶ
1205 4719 1338 4775 δοκεῖ
1362 4723 1478 4792 ἡμῖν
1505 4720 1529 4774 ό
1561 4724 1748 4782 ἀσεϐὴς
1783 4725 1923 4795 ύμῶν
1951 4724 2027 4781 δι·

458 4809 739 4869 δασκαλος,
768 4808 798 4866 ἦ
843 4813 910 4876 μή
953 4811 1276 4877 ἀνεγνωκέναι
1304 4815 1392 4868 την
1422 4813 1674 4881 ἀνώνυμον
1706 4815 1892 4871 ἐκείνην
1922 4816 2029 4870 ἐπι·

457 4899 657 4962 στολήν,
683 4897 712 4956 ἦ
755 4900 1073 4970 ἀνεγνωκέναι
1109 4900 1196 4969 μὲν
1236 4904 1528 4970 κακούργως
1574 4905 1655 4954 καὶ
1695 4901 1896 4979 ῥήματά
1921 4926 2031 4959 τινα

457 4991 650 5047 ταύτης
674 4998 1004 5064 προαγαγεῖν,
1029 4991 1093 5044 τὰ
1117 4990 1315 5043 πλείονα
1335 4989 1386 5043 δὲ
1409 4994 1491 5043 καὶ
1514 4993 1726 5064 χείρονα
1749 5003 2028 5053 σιωπῆσαι.

464 5080 719 5148 Λεγούσης
747 5080 844 5151 γὰρ
869 5085 958 5135 τῆς
993 5079 1150 5137 αὐτῆς
1181 5079 1449 5138 ἐπιστολῆς
1494 5083 1612 5152 περὶ
1650 5087 1740 5134 τοῦ
1776 5087 2029 5156 μακαρίου

462 5167 720 5240 Κυρίλλου,
750 5172 827 5220 καί
855 5174 947 5221 τοῦ
978 5167 1191 5227 ἀσεϐῶς
1225 5171 1518 5244 Νεστορίου,
1567 5167 1647 5223 ὅτι
1674 5171 1898 5247 ἑκάτεροι
1922 5173 2031 5228 κατ’

459 5259 677 5314 ἀλλήλων
710 5257 990 5330 βλαϐερούς
1025 5257 1198 5327 λόγους
1240 5255 1492 5334 ἔγραψαν,
1517 5260 1599 5312 καί
1645 5257 1721 5313 ὅτι
1759 5262 2031 5335 Νεστόριος

459 5351 550 5416 μέν
581 5346 771 5416 ἔλεγεν,
800 5353 890 5404 τήν
920 5349 1172 5420 μακαρίαν
1209 5352 1398 5421 Μαρίαν
1427 5353 1495 5417 μή
1525 5344 1650 5402 εἶναι
1678 5352 1936 5415 Θεοτόκον,
1963 5354 2031 5412 ὡς

463 5441 754 5506 ν·ιμισθῆναι
790 5447 900 5497 τοῖς
936 5438 1132 5497 πολλοῖς
1160 5442 1212 5491 ὲκ
1239 5446 1328 5498 τῆς
1358 5440 1549 5495 Παύλου
1581 5447 1668 5495 τοῦ
1706 5445 2031 5515 Σαμοσατέως

463 5530 708 5602 αἱρέσεως
739 5524 880 5582 εἶναι’
913 5528 1156 5600 Κύριλλος
1185 5526 1236 5581 δὲ
1266 5529 1566 5599 βουλόμενος·
1602 5533 1722 5589 τοὺς
1761 5537 2028 5605 Νεστορίου

463 5619 744 5692 ἀνατρέψαι
781 5619 980 5690 λόγους,
1015 5619 1216 5674 ὤλισθεν
1244 5622 1328 5672 καὶ
1355 5621 1582 5673 ἐνέπεσεν
1605 5623 1675 5681 εἰς
1699 5624 1757 5676 τὸ
1785 5621 2032 5678 ’Δπολινα-

464 5712 579 5784 ρίου
615 5705 804 5780 δόγμα·
834 5709 1038 5785 φανερόν
1076 5709 1214 5763 ἐστιν
1259 5707 1340 5762 ὅτι
1376 5708 1400 5764 ό
1428 5710 1633 5783 γραφαί·
1656 5717 1745 5769 την
1775 5713 2034 5770 ἐπιστολήν

467 5808 531 5870 τῇ
563 5803 828 5875 Νεστορίου
854 5805 1003 5873 μανίᾳ
1029 5801 1385 5874 κεκρατημένος
1415 5799 1681 5856 δείκνυται·
1711 5799 1763 5863 ὃς
1783 5805 1926 5856 αὐτόν
1948 5806 2037 5874 μέν

467 5893 737 5966 Νεστόριον
763 5891 1064 5964 ἀρνούμενον
1096 5893 1328 5947 Θεοτόκον
1359 5889 1477 5948 εἶναι
1509 5897 1591 5950 τήν
1628 5893 1771 5966 ἀγί-ςην
1803 5897 2038 5969 παρθένον

2131 4721 2252 4760 rum
2300 4704 2572 4773 impietate
2615 4716 2713 4755 vos
2760 4701 2904 4770 ipsos
2949 4700 3258 4762 admonere,
3296 4704 3357 4749 ut
3398 4695 3466 4750 ab
3513 4693 3694 4763 iniquo

2135 4803 2463 4864 praeceptore
2489 4801 2688 4858 vestro,
2719 4790 2809 4858 qui
2838 4805 2900 4843 ea
2929 4788 3285 4842 monumentis
3309 4785 3581 4843 mandavit
3609 4783 3696 4836 lit-

2136 4895 2388 4950 terarum,
2430 4882 2708 4937 recedatis.
2742 4879 2947 4935 Etenim
2969 4893 3093 4933 cum
3122 4877 3168 4932 is
3196 4877 3296 4932 sibi
3334 4875 3696 4945 proposuisset

2133 4984 2188 5039 in
2225 4985 2404 5037 animo
2447 4997 2546 5036 vos
2593 4981 2647 5034 in
2694 4979 3063 5047 deceptionem
3099 4976 3368 5038 inducere,
3416 4972 3696 5027 nommllas

2135 5089 2203 5128 ex
2230 5072 2421 5128 divinis
2451 5071 2640 5126 litteris
2679 5067 2972 5123 sententias
3015 5066 3211 5130 hausit,
3258 5062 3531 5132 quibusin
3568 5076 3692 5130 pra-

2135 5178 2256 5217 vam
2297 5159 2741 5230 signilicationem
2788 5155 3068 5223 contortis,
3099 5155 3272 5223 inipize
3297 5153 3437 5207 illius
3461 5149 3699 5221 epistola!

2134 5253 2412 5323 opiniones
2431 5249 2712 5303 nonnullas
2732 5244 3049 5303 conﬁrmare
3076 5257 3353 5312 aggressus
3377 5249 3477 5306 est,
3507 5256 3698 5310 quem»

2135 5349 2416 5404 admodum
2455 5345 2721 5400 haireticis
2749 5342 2846 5399 fuit
2887 5355 3099 5410 semper
3145 5341 3197 5394 in
3247 5353 3400 5393 more
3443 5338 3699 5408 positum,

2136 5440 2375 5510 qumdain
2402 5437 2696 5491 divinarum
2716 5435 3009 5488 litterarum
3040 5431 3342 5485 testimonia
3370 5439 3700 5498 pervertere,

2135 5541 2296 5598 atque
2336 5530 2390 5582 in
2438 5526 2761 5581 contrariam
2792 5521 3192 5591 intelligentiam
3223 5521 3560 5589 detorquere.
3593 5519 3700 5576 Ita-

2135 5642 2240 5696 que
2267 5625 2352 5679 vel
2381 5629 2762 5691 praeceptorem
2807 5626 3038 5673 vestrum
3109 5615 3328 5670 minime
3373 5628 3696 5684 anonymam

2138 5731 2255 5769 eam
2306 5709 2588 5780 epistolam
2638 5706 2928 5777 perlegisse
2981 5705 3374 5768 existimamus,
3421 5702 3509 5758 vel
3559 5703 3702 5757 maia

2139 5801 2422 5856 admodum
2453 5797 2586 5863 ﬁde,
2611 5795 2863 5850 nonnulla
2893 5794 3082 5864 legisse
3106 5793 3317 5862 Quidcm
3344 5794 3546 5862 ipsum,
3572 5792 3698 5848 reli.

2141 5908 2244 5961 qua
2269 5905 2416 5959 vero,
2445 5904 2561 5960 qua:
2589 5887 2753 5945 multo
2782 5886 3048 5942 deteriora
3085 5894 3289 5953 essent,
3321 5884 3533 5941 silentio
3559 5900 3688 5956 ιδπε-
