4108 6476
463 459 595 523 1047

1776 452 2118 514 JUSTlNIA
2131 453 2204 511 Nl
2253 453 2406 512 IMP.

3596 442 3730 507 10l8

463 578 680 648 Μαρίαν,
713 571 874 644 μέχρι
902 568 1056 638 μόνης
1098 574 1187 623 τῆς
1219 586 1364 618 τινων
1388 562 1615 625 uiro-Lm;
1648 563 1920 620 ἐληλυθέναι
1946 579 2040 632 φη-

2158 553 2377 610 Leriisse.
2411 555 2542 610 Cum
2567 568 2708 611 enim
2755 556 2808 608 in
2851 569 2911 609 ea
2958 555 3186 624 epistola
3223 554 3290 610 de
3337 554 3498 610 beato
3530 553 3732 623 Cyrillo

465 675 564 731 σὶν,
593 669 650 721 οὐ
695 662 1081 737 μὴν-αἱρετικὸν
1107 661 1162 714 ἐκ
1191 660 1377 714 τούτου
1421 666 1647 730 φανῆναι*
1679 659 1762 713 τὸν
1794 658 1840 710 ἐν
1882 657 2042 729 ἀγίοις

464 758 516 812 δὲ
547 757 775 831 κύρελλον
802 755 882 808 τὸν
906 761 996 812 τῆς
1027 752 1291 809 ἐκκλησίας
1318 748 1634 809 διδάσκαλον,
1665 751 1736 809 είς
1761 751 1818 803 τὸ
1848 746 2043 805 ’Λπολε-

465 853 634 924 ναρίου
665 848 831 919 δόγμα
859 845 1119 902 ὀλισθῆσαι
1149 840 1534 914 διῐσχυρίζεται
1561 844 1646 894 καί
1672 849 1865 896 πεσεῖν.
1911 841 2045 893 Διότι

464 938 600 996 εἶπεν
635 939 787 992 αὐτὸν
822 936 905 990 τὸν
931 937 1052 988 Θεὸν
1087 933 1229 1005 λόγον
1274 933 1592 1005 σαρκωῧῆναι
1618 935 1703 984 καὶ
1732 931 2046 1004 ἐνανηρωπῆ-

466 1044 575 1085 σαι·
605 1033 690 1081 καὶ
715 1033 875 1080 ταῦτα
902 1027 992 1091 μὲν
1018 1025 1083 1078 τά
1109 1025 1309 1099 ῥήματα
1336 1021 1719 1094 παραλέλοιπεν,
1751 1025 1817 1081 ὡς
1843 1024 2046 1095 εἰρήκα-

466 1141 573 1190 μεν,
599 1117 625 1173 ὁ
651 1115 950 1174 διδάσκαλος
997 1114 1156 1183 ὑμῶν,
1186 1116 1444 1182 γινώσκων
1481 1110 1559 1166 ὅτι
1606 1111 1632 1165 ὸ
1674 1112 1827 1183 λέγων
1871 1112 1954 1165 τὸν
1997 1112 2048 1164 ἐν

466 1209 628 1284 ἁγίοις
675 1205 906 1282 Κύριλλον
953 1207 1213 1264 ὸλισθῆσαι
1258 1207 1343 1257 καί
1387 1213 1579 1265 πεσεῖν,
1631 1208 1714 1258 καί
1763 1205 2049 1279 αἱρετικούς

464 1303 627 1356 καλῶν
653 1303 773 1358 τοὺς
808 1300 991 1353 τούτου
1033 1297 1232 1368 λόγους,
1262 1301 1436 1349 πᾶσαν
1482 1294 1802 1358 καταδικάζει
1841 1300 1931 1351 τήν
1972 1295 2050 1345 ia-

470 1393 699 1458 κλησίαν,
734 1398 823 1449 τήν
865 1391 1064 1459 πατέρα
1106 1391 1192 1441 καὶ
1234 1385 1535 1441 διδάσκαλον
1578 1389 1778 1445 εἰκὸτως
1809 1385 2049 1460 Κύριλλον

472 1482 726 1553 ἔχουσαν.
761 1488 870 1539 Πῶς
907 1478 958 1534 δέ
995 1480 1082 1532 οὐκ
1114 1476 1283 1551 ἔφριξε
1328 1479 1502 1549 λέγων,
1539 1479 1606 1538 ὡς
1631 1475 1657 1530 ὸ
1687 1484 1732 1530 ἓν
1757 1476 1916 1548 ἁγίοις
1944 1477 2051 1528 Κύ-

471 1576 638 1650 ριλλος
676 1572 928 1646 αἱρετικὸς
968 1573 1134 1635 ἐστιν,
1165 1568 1334 1627 ἔπειδή
1382 1566 1546 1628 εἶπεν.
1580 1567 1661 1622 ὅτι
1704 1567 1898 1629 αὐτὸςὸ
1926 1570 2052 1627 Θεὸς

471 1665 613 1736 λόγος
637 1659 896 1736 ἄνθρωπος
917 1661 1113 1730 γέγονε.
1136 1662 1218 1712 καὶ
1250 1656 1330 1712 ὅτι
1356 1658 1488 1712 οὕτω
1513 1658 1666 1729 λέγων
1693 1655 1934 1728 διαφορὰν
1959 1663 2050 1712 τοῦ

472 1761 594 1810 ναοῦ
632 1759 716 1808 καὶ
754 1760 844 1809 τοῦ
894 1754 1196 1811 ἐνοικοῦντος
1238 1754 1287 1805 ἐν
1331 1753 1468 1820 αὐτῷ
1515 1754 1623 1820 οὺχ
1670 1749 1933 1820 ὸμολογεῖ;
1966 1753 2053 1806 Διά

472 1848 662 1901 τουτων
685 1847 785 1914 γάρ
811 1850 910 1897 τῶν
953 1842 1111 1914 λόγων
1140 1843 1199 1895 οὐ
1235 1842 1383 1912 μόνον
1418 1843 1500 1895 τίν
1529 1843 1579 1894 ἓν
1624 1841 1782 1913 ἁγίοις
1811 1841 2052 1911 Κύριλλον

2147 657 2307 716 atque
2339 647 2504 716 impio
2534 647 2784 702 Nestorio
2813 658 3082 713 narretur,
3113 647 3437 717 proscidisse
3467 663 3563 706 eds
3612 663 3733 706 sese

2147 733 2373 788 invicem
2423 735 2711 796 conviciis;
2756 745 2915 803 atque
2959 734 3258 790 allirmasse
3287 735 3592 790 Nestorium
3635 738 3734 792 Ini-

2148 831 2291 884 ninie
2319 831 2601 900 Deiparam
2627 846 2747 886 esse
2775 831 2988 886 beatam
3018 829 3313 900 Virginem,
3347 839 3405 886 ut
3434 832 3604 900 ipsam
3637 848 3736 887 no-

2147 921 2340 976 minari
2371 922 2653 990 permultis
2680 936 2748 977 ex
2774 920 2923 976 Pauli
2949 921 3290 977 Samosateni
3321 923 3511 978 haeresi
3557 921 3735 990 place-

2148 1013 2274 1079 bat;
2303 1013 2560 1085 Cyrillum
2589 1025 2796 1079 contra,
2826 1015 2916 1084 qui
2945 1013 3178 1068 Ncstorii
3226 1029 3468 1069 errorem
3497 1013 3735 1068 refutare

2150 1108 2430 1172 niteretur,
2489 1108 2695 1177 lapsum
2747 1107 2949 1176 pariter
3004 1122 3142 1172 esse,
3201 1106 3362 1174 inque
3418 1105 3736 1170 Apollinarii

2148 1198 2400 1266 dogmata
2428 1197 2770 1254 descendisse
2803 1214 2816 1249 :
2849 1197 2968 1252 luce
2993 1197 3186 1253 clarius
3215 1206 3296 1252 est
3325 1197 3566 1266 epistola:
3595 1196 3737 1265 ejus-

2149 1286 2273 1342 dem
2301 1287 2618 1355 scriptorem
2648 1285 2963 1343 Nestoriana
2991 1285 3262 1341 dementia
3299 1295 3735 1355 praeoccupatum

2151 1377 2390 1446 agnosci,
2430 1377 2522 1448 qui
2568 1377 2872 1432 Nestorium
2921 1389 3164 1433 sanctam
3211 1377 3432 1432 Mariam
3463 1376 3735 1445 Virginem

2152 1467 2435 1536 Deiparam
2485 1470 2642 1521 fateri
2688 1466 3116 1534 detrectantem,
3163 1467 3480 1537 suspicionis
3532 1475 3738 1521 tantum

2153 1557 2409 1612 adversus
2430 1573 2488 1612 se
2515 1558 2688 1613 locum
2719 1558 3036 1628 quibusdam
3062 1559 3311 1614 tribuisse
3327 1600 3341 1621 ,
3367 1559 3588 1612 minime
3612 1573 3740 1612 vero

2154 1648 2349 1703 exinde
2376 1649 2686 1704 luereticum
2727 1650 3085 1704 demonstrari
3116 1650 3404 1705 contendat
3436 1668 3448 1702 :
3481 1649 3738 1720 Cyrillum

2154 1750 2334 1794 autem
2377 1751 2625 1794 sanctum
2677 1738 2935 1795 Ecclesiae
2991 1741 3269 1796 doctorem
3319 1740 3372 1796 in
3425 1741 3740 1811 Apollinarii

2157 1830 2402 1885 haeresim
2453 1831 2704 1884 incidisse
2752 1828 2950 1886 diserte
3000 1830 3204 1895 tradat,
3255 1841 3544 1901 propterea
3598 1831 3743 1900 quod

475 1942 740 2011 μέμφεται,
773 1938 897 1992 ἀλλά
925 1941 1002 1991 καὶ
1023 1941 1108 1990 τζν
1129 1937 1481 2007 εὐαγγελιστήν
1508 1936 1594 1990 τὸν
1619 1935 1847 2007 λέγοντα,
1877 1932 1954 1989 ὅτι
1989 1951 2008 1986 t
2030 1933 2053 1989 ὸ

2159 1923 2329 1993 ipsum
2362 1923 2527 1977 Deum
2555 1921 2788 1978 Verbum
2820 1923 3155 1978 incarnatum
3188 1939 3306 1979 esse
3334 1924 3552 1988 dixerit,
3583 1933 3744 1992 atque

473 2030 614 2104 λόγος
647 2031 774 2102 σὰρξ
802 2029 1015 2101 ἐγένετο,
1043 2045 1062 2078 ε
1093 2030 1175 2080 καί
1199 2028 1393 2085 πάντας
1420 2028 1540 2085 τοὺς
1567 2029 1828 2100 προφήτας
1851 2029 1938 2082 τὴν
1969 2023 2053 2079 διὰ

475 2123 660 2196 σαρκὸς
693 2119 959 2192 ἐπιδημίαν
987 2121 1142 2174 αὑτοῦ
1172 2125 1262 2172 τοῦ
1291 2124 1416 2172 Θεοῦ
1443 2117 1588 2188 λόγου
1617 2119 1948 2191 κηρύξαντας,
1975 2118 2052 2168 καὶ

475 2214 696 2282 μάλιστα
744 2213 986 2285 Ἰερεμίαν
1011 2210 1094 2264 τὸν
1117 2209 1343 2280 λέγοντα·
1365 2222 1383 2254 ι
1405 2205 1573 2278 «Οὗτος
1601 2206 1625 2260 ὸ
1648 2209 1771 2266 Θεὸς
1800 2208 1967 2277 ἡμῶν,
1999 2208 2054 2258 οὐ

476 2305 826 2374 λογισθήσεται
850 2302 1022 2374 ἔτερος
1050 2302 1178 2374 πρὸς
1207 2299 1376 2351 αὐτὸν·
1401 2299 1530 2370 μετά
1553 2303 1719 2352 ταῦτα
1742 2297 1823 2350 ἐπί
1850 2304 1942 2356 τῆς
1961 2304 2054 2368 γῆς

478 2393 611 2462 ὤφθη
633 2433 648 2457 ,
693 2396 776 2445 καί
821 2399 926 2450 τοῖς
966 2390 1244 2464 ἀνθρώποις
1293 2389 1698 2460 συνανεστρὰφηο
1732 2403 1748 2436 ι
1783 2389 1867 2440 καὶ
1901 2387 2054 2440 ,πάλιν

479 2480 682 2535 Ἡσαΐαν
709 2480 941 2552 λέγοντα,
979 2496 998 2528 ι
1029 2485 1094 2530 Τὸ
1120 2475 1318 2530 παιδίον
1349 2478 1468 2530 Θεὸν
1505 2475 1727 2548 ἰσχυρὸν
1756 2476 1945 2539 (Ἦσαΐ.
1978 2490 2052 2539 lx,

480 2568 560 2637 6)‘
601 2586 622 2618 ι
657 2569 878 2642 καὶπρὸς
894 2568 1092 2626 τούτοις
1126 2575 1210 2620 τόν
1237 2562 1520 2619 ἀπόστολον
1559 2567 1744 2619 Παῦλον
1780 2566 1982 2636 λέγοντα
2011 2568 2058 2619 ἐν

476 2669 538 2731 τῇ
577 2660 710 2733 πρὸς
753 2659 1008 2728 Ἐφεσίους
1054 2657 1311 2730 ἐπιστολῇ,
1344 2673 1361 2705 ι
1399 2655 1456 2709 '0
1486 2657 1714 2715 καταϐὰς
1745 2658 1895 2717 αὐτὸς
1922 2660 2054 2718 ἐστι,

479 2757 562 2807 καί
589 2751 613 2806 ὁ
636 2751 828 2809 ἀναϐάς
849 2750 1086 2824 ὑπεράνω
1101 2752 1300 2803 πάντων
1319 2755 1420 2802 τῶν
1447 2750 1684 2824 οὐρανῶν,
1708 2749 1788 2802 ἵνα
1814 2748 2057 2823 πληρώσῃ

477 2848 542 2898 τά
587 2845 773 2897 πάντα.
809 2859 826 2892 ι
877 2843 962 2893 Καὶ
1003 2840 1124 2913 γὰρ,
1155 2841 1221 2899 ὡς
1268 2839 1448 2898 intra;
1491 2839 1633 2909 ὑμῶν
1682 2837 1708 2892 ὸ
1757 2836 2059 2898 διδάσκαλος

479 2938 813 3005 παραφρονῶν
837 2929 987 2999 λέγει,
1018 2929 1253 3000 μέμψεώς
1281 2931 1403 3008 εἰσιν
1432 2925 1561 2992 ἄξιοι
1587 2931 1668 2982 καί
1701 2937 1748 2981 οι
1781 2937 2056 3001 προφῆται,

479 3026 560 3075 καὶ
588 3022 634 3074 οἱ
666 3022 1036 3092 εὐαγγελισταέ,
1061 3022 1144 3072 καί
1165 3019 1211 3072 oi
1239 3018 1511 3074 ἀπόστολοι
1537 3020 1782 3090 λέγοντες,
1808 3018 1884 3074 ὅτι
1907 3021 2060 3078 αὐτὸς

481 3111 505 3166 ὁ
531 3113 652 3170 Θεὸς
678 3111 822 3182 λόγος
853 3111 1246 3184 ἐνηνθρώπησεν,
1275 3112 1342 3168 ὡς
1372 3108 1452 3164 διὰ
1476 3111 1668 3164 τούτων
1696 3119 1794 3165 τῶν
1821 3112 2059 3185 ῥημάτων

480 3209 669 3277 τροπήν
706 3212 796 3261 τῆς
837 3198 1068 3261 θεότητος
1099 3205 1169 3260 εἰς
1198 3206 1289 3260 τήν
1324 3201 1688 3274 ἀνθρωπότητα
1724 3203 1950 3274 λέγοντες
1973 3223 2060 3276 γε-

2153 2014 2942 2082 assumpsissehumanitatem.
2967 2013 3092 2070 llmc
3115 2025 3294 2069 autem
3323 2016 3511 2079 verba,
3554 2024 3611 2069 ut
3649 2032 3740 2068 su-

2154 2104 2335 2176 perius
2365 2103 2859 2170 animadvertimus,
2906 2105 3164 2174 praeteriit
3209 2114 3516 2174 prteceptor
3546 2114 3740 2169 vester,

2155 2207 2312 2276 plane
2346 2207 2696 2275 perspiciens,
2727 2221 2849 2260 eum
2879 2207 2968 2284 qui
2998 2205 3257 2276 Cyrillum
3299 2207 3512 2276 lapsum
3542 2221 3662 2261 esse
3690 2207 3743 2258 in

2154 2298 2400 2352 hmresim
2446 2297 2638 2361 tradat,
2671 2299 3071 2366 contendatque
3093 2299 3376 2352 hmreticas
3424 2299 3601 2368 ipsum
3651 2297 3746 2353 de-

2155 2388 2389 2444 fendisse
2421 2389 2743 2454 sententias,
2778 2389 2831 2443 in
2863 2390 3166 2443 universam
3196 2389 3501 2446 Ecclesiam
3529 2389 3746 2443 danma—

2158 2481 2319 2535 tionis
2347 2480 2487 2534 ferre
2505 2480 2785 2548 judicium,
2818 2496 2939 2533 cum
2963 2479 3210 2534 universa
3239 2479 3453 2535 scilicet
3471 2478 3724 2551 Cyrillum

2156 2579 2217 2625 ut
2256 2568 2468 2624 Patrem
2510 2570 2654 2624 colat
2697 2577 2860 2638 atque
2890 2569 3186 2625 doctorem.
3217 2571 3486 2626 Caeterum
3515 2571 3604 2640 qui
3637 2570 3747 2626 fieri

2157 2660 2332 2729 potuit
2362 2668 2420 2713 ut
2446 2675 2552 2713 non
2583 2660 2991 2714 exhorresceret
3031 2661 3342 2715 hmreticum
3370 2662 3556 2716 dicens
3577 2660 3742 2731 Cyril-

2158 2749 2289 2808 lum.
2319 2757 2605 2819 propterea
2631 2748 2774 2816 quod
2797 2748 2964 2803 Deum
2989 2749 3220 2803 Verbum
3252 2751 3524 2805 hominem
3546 2754 3741 2804 factum

2161 2860 2280 2900 esse
2320 2846 2564 2900 docuerit
2610 2863 2622 2898 :
2672 2845 2905 2914 indeque
2957 2846 3215 2917 consequi
3267 2848 3624 2916 subjungens,
3677 2847 3745 2901 ab

2159 2937 2360 3008 Cyrillo
2410 2938 2526 2991 haec
2578 2937 2807 2991 docente
2861 2937 3149 2992 discrimen
3202 2937 3342 2992 inter
3394 2940 3645 3008 templum
3691 2938 3742 2990 in

2161 3041 2334 3094 eoque
2363 3011 2768 3081 inhabitantem’
2784 3042 2892 3081 non
2932 3027 3174 3080 admitti?
3207 3026 3318 3080 llac
3347 3030 3548 3098 quippe
3573 3026 3747 3081 aiendi

2159 3117 2370 3170 ratione
2395 3123 2514 3169 non
2532 3124 2779 3170 sanctum
2811 3115 3064 3187 Cyrillum
3090 3117 3430 3182 criminatur,
3453 3118 3546 3172 sed
3575 3115 3744 3170 Evan-

2159 3206 2429 3275 gelistam,
2471 3206 2691 3260 Verbum
2713 3224 2920 3260 carnem
2957 3210 3150 3279 factum
3183 3226 3293 3262 esse
3339 3209 3558 3278 (Joamt.
3587 3225 3622 3272 ι,
3659 3206 3745 3276 li)

481 3297 730 3367 γινῆσθαι·
759 3295 804 3347 οἱ
842 3293 895 3349 δέ
943 3293 1092 3348 αὐτὸν
1124 3295 1210 3346 τὸν
1243 3293 1364 3348 Θεὸν
1405 3293 1541 3363 λόγον
1586 3294 1965 3367 ἐνανθρωπῆσαι
1991 3299 2054 3364 μή

2164 3301 2364 3353 diserte
2419 3299 2881 3369 pronuntiantem,
2932 3301 3025 3355 sed
3069 3296 3361 3370 prophetas
3410 3316 3615 3364 omnes,
3655 3299 3744 3366 qui

481 3388 838 3458 ὁμολογοῦντες
856 3425 868 3448 ,
899 3387 1096 3459 φανεροί
1124 3385 1226 3438 εἰσι
1252 3387 1337 3437 τὸν
1378 3384 1594 3456 Χριστὸν
1631 3384 1770 3455 ψιλὸν
1799 3382 2058 3458 ἄνθρωπον

479 3471 622 3536 εἶναι,
655 3477 742 3529 καὶ
784 3476 913 3529 κατὰ
941 3476 1100 3549 χάριν
1127 3475 1234 3528 υἱὸν
1280 3480 1407 3528 Θεοῦ
1454 3476 1782 3545 ὀνομάζεσθαι
1811 3475 2056 3544 λέγοντες,

481 3569 548 3626 ὡς
570 3567 602 3624 r‘;
629 3564 894 3628 κακοδοξία
921 3567 1188 3638 Νεστορίου
1225 3567 1312 3620 καὶ
1338 3564 1596 3626 Θεοδώρου
1622 3571 1718 3620 τοῦ
1750 3565 2055 3621 διδασκάλου

478 3658 636 3713 αὐτοῦ
666 3656 815 3728 λέγει.

2170 3390 2327 3444 Verbi
2359 3389 2452 3443 Dei
2483 3388 2772 3443 adventum
2802 3405 2901 3458 per
2927 3404 3144 3444 carnem
3175 3390 3559 3459 prmdixerunt,
3600 3388 3745 3442 Jere~

2166 3483 2326 3535 miam
2355 3481 2692 3550 potissimum
2721 3481 2988 3536 dicentem
3019 3500 3031 3534 :
3060 3482 3164 3536 Hic
3195 3482 3334 3536 Deus
3366 3493 3539 3538 noster
3567 3499 3584 3536 :
3615 3481 3744 3534 alius

2167 3571 2411 3626 adversus
2431 3586 2545 3624 eum
2572 3586 2674 3624 non
2696 3571 3036 3624 wstimabitnr
3064 3591 3081 3628 :
3111 3580 3225 3642 post
3255 3573 3367 3626 lucc
3397 3575 3452 3627 in
3485 3573 3631 3626 terris
3653 3587 3742 3638 up-

2167 3663 2358 3730 paruit,
2407 3671 2456 3714 et
2509 3678 2624 3716 cum
2672 3662 2962 3715 hominibus
3013 3672 3338 3716 conuersatus
3389 3673 3464 3718 est
3521 3662 3745 3734 (Baraclt

2170 3753 2271 3817 ιιι),
2329 3761 2491 3822 atque
2538 3753 2728 3808 Isaiam
2781 3755 3012 3808 alentem
3064 3753 3349 3809 similiter:
3400 3756 3552 3820 Puer,
3608 3753 3747 3806 Deus

480 3841 632 3912 (om)
661 3839 816 3905 (Isai.
843 3856 916 3906 Ix,
949 3840 1006 3909 6)
1037 3856 1050 3893 :
1079 3839 1174 3895 sed
1198 3841 1502 3911 apostolum
1542 3853 1654 3910 prie
1697 3840 1904 3895 emteris
1945 3840 2192 3912 Paulum,
2242 3843 2394 3914 cujus
2423 3845 2536 3900 hmc
2585 3853 2670 3900 est
2712 3845 2765 3900 in
2814 3845 3055 3915 Epistula
3102 3862 3193 3901 sua
3225 3847 3290 3902 ad
3321 3848 3582 3919 Ephesios
3627 3861 3745 3900 sen-

479 3931 646 3987 tentia
680 3950 692 3984 :
723 3931 822 3996 Qui
861 3933 1139 3998 descendit,
1171 3934 1281 4003 ipse
1319 3941 1391 3987 est
1428 3943 1477 3987 et
1514 3934 1603 4004 qui
1640 3933 1871 3986 ascendit
1907 3951 2061 4004 super
2097 3953 2272 3990 omnes
2325 3937 2477 3992 cwlos
2499 3977 2515 4005 ,
2543 3945 2600 3990 ut
2628 3937 2861 4008 impleret
2903 3939 3078 3991 omnia
3125 3935 3283 4009 (Ep/2.
3320 3951 3394 4005 ιν,
3443 3941 3519 4009 9).
3566 3939 3623 3993 Si
3647 3937 3744 4006 igi-

477 4014 881 4090 tur’desipienti
923 4023 1129 4076 doctori
1179 4031 1360 4077 vestro
1406 4022 1658 4076 assentiri
1702 4023 1965 4088 velimus,
2029 4027 2322 4095 praphetas
2347 4065 2362 4091 ,
2411 4027 2802 4095 evangelistas,
2846 4028 3121 4098 apostolos
3163 4030 3433 4086 haereseos
3475 4029 3745 4084 accusabi-

478 4127 618 4178 mns,
647 4116 738 4183 qui
764 4113 859 4169 Dei
893 4115 1122 4169 Verbum
1164 4115 1397 4168 dixerint
1435 4114 1705 4168 hominem
1744 4113 1941 4168 factum
1967 4130 2109 4181 esse,
2146 4117 2300 4186 quasi
2339 4117 2424 4172 his
2462 4117 2717 4187 loquendi
2759 4115 2935 4172 modis
2977 4117 3291 4174 admiserint
3338 4120 3743 4174 conversionem

480 4203 778 4261 ilivinttatis
838 4207 889 4260 in
938 4207 1348 4260 humanitatem.
1406 4205 1608 4260 Verum
1646 4206 1737 4272 qui
1787 4205 1956 4260 Deum
2005 4206 2244 4264 Verbum
2288 4209 2566 4264 hominem
2610 4208 2810 4264 factum
2849 4223 2969 4264 esse
3012 4225 3122 4264 non
3181 4210 3529 4279 conﬁtentur,
3588 4210 3744 4263 iidem

479 4298 760 4355 manifeste
797 4300 1068 4354 Christum
1115 4314 1306 4368 purum
1354 4299 1628 4352 hominem
1674 4299 1901 4367 faciunt,
1953 4316 2050 4369 per
2094 4303 2321 4369 gratiam
2348 4305 2566 4358 tantum
2610 4300 2729 4356 Filii
2776 4302 2870 4357 Dei
2915 4301 3136 4358 nomine
3177 4301 3512 4370 decoratum,
3562 4315 3744 4371 quem-

480 4385 763 4446 admodum
791 4405 1018 4446 erronea
1046 4389 1274 4443 Nestorii
1303 4388 1680 4457 Theodorique
1709 4389 1946 4457 magistri
1986 4391 2156 4460 ipsius
2183 4393 2450 4448 sententia
2476 4391 2845 4450 constituitur.

550 4480 608 4534 Δί
646 4482 746 4553 γάρ
795 4481 922 4533 θεῖαι
968 4481 1189 4551 γραφαὶ,
1220 4480 1305 4530 καὶ
1334 4478 1376 4530 oi
1407 4475 1540 4550 ἅγιοι
1586 4480 1802 4552 πατέρες
1846 4478 2061 4540 ταύταις

479 4570 861 4628 ἀκολουθοῦντες
881 4610 894 4631 ,
940 4571 1090 4624 αὐτὸν
1120 4569 1204 4623 τὸν
1233 4569 1352 4622 Θεὸν
1396 4567 1536 4640 λόγον
1565 4569 1650 4622 τὸν
1697 4568 1942 4640 ἀόρατον,
1974 4570 2060 4622 τὸν

2239 4480 2440 4536 Divina:
2469 4495 2699 4549 namque
2725 4480 2962 4547 Litterae,
2984 4491 3146 4553 atque
3173 4483 3256 4538 bis
3286 4484 3605 4539 inhaerentes
3625 4495 3743 4535 san-

2167 4573 2240 4628 cti
2266 4570 2522 4627 Ecclesia:
2552 4569 2740 4625 Patres
2769 4571 2943 4641 ipsum
2987 4572 3154 4628 Deum
3193 4572 3431 4629 Verbum
3461 4573 3739 4632 invisibile,

480 4663 776 4729 ἀσώματον,
807 4659 889 4712 τὸν
921 4659 972 4712 ἐκ
999 4664 1091 4712 τοῦ
1117 4660 1279 4729 φωτὸς
1321 4665 1450 4729 φῶς,
1481 4659 1568 4713 τὸν
1608 4659 1709 4733 πρὸ
1743 4660 1954 4722 αἰώνων,
1980 4662 2054 4713 καὶ

2165 4662 2409 4733 corporis
2453 4676 2667 4731 expers,
2713 4660 2892 4715 lumen
2919 4661 2988 4717 de
3026 4662 3249 4732 lumine,
3299 4674 3425 4718 ante
3469 4661 3659 4717 saecula
3689 4663 3738 4710 et

406 4767 411 4772 '
480 4750 722 4824 ἀχρόνως
749 4750 801 4802 ἐκ
827 4755 917 4804 τοῦ
947 4749 1141 4819 πατρὸς
1163 4750 1452 4820 γεννηθέντα
1494 4750 1643 4804 αὐτὸν
1673 4751 1953 4812 κατελθεῖν,
1978 4753 2062 4804 καὶ

480 4843 817 4914 σαρκωθῆναι,
864 4843 946 4893 καὶ
988 4841 1367 4912 ἐνανθρωπῆσαι
1413 4839 1666 4911 λέγουσιν.
1707 4840 1844 4894 Εαὶὸ
1872 4843 1962 4912 μὲν
2012 4843 2061 4893 ἐν

481 4930 642 5002 ἁγίοις
681 4931 952 5005 Γρηγὸριος
990 4929 1040 4982 ἐν
1067 4935 1142 5000 τῷ
1177 4928 1306 4998 λόγῳ
1334 4935 1406 4997 τῷ
1436 4935 1508 4988 εἰς
1547 4931 1614 4984 τά
1652 4931 1893 5001 Θεοφάνια
1924 4930 2060 4984 οὕτω

483 5023 626 5096 λέγει’
657 5039 676 5072 ε
701 5023 855 5082 Αὐτὸς
879 5021 903 5074 ὸ
930 5028 1021 5077 τοῦ
1042 5027 1164 5074 Θεοῦ
1185 5017 1354 5093 λόγος,
1375 5020 1400 5076 ὁ
1421 5025 1741 5094 προαιὼνεος,
1764 5023 1789 5075 ὸ
1815 5023 2055 5097 ἀόρατος,

480 5111 506 5166 ὅ
530 5113 903 5186 ἀπερίληπτος,
939 5111 968 5166 ὁ,
992 5114 1289 5181 ἀσώματος,
1318 5113 1350 5169 ἡ
1379 5114 1431 5164 ἐκ
1469 5119 1559 5173 τῆς
1588 5113 1760 5186 ἀρχῆς
1799 5114 1967 5186 ἀρχή,
1997 5116 2058 5168 τὸ

478 5206 535 5257 ἐκ
564 5209 656 5258 τοῦ
682 5205 846 5275 φωτὸς
878 5210 1010 5275 φῶς,
1042 5204 1072 5260 ἡ
1109 5206 1245 5272 πηγὴ
1271 5210 1361 5261 τῆς
1392 5205 1522 5264 ζωῆς
1551 5208 1632 5254 καί
1659 5209 1750 5260 τῆς
1778 5202 2058 5262 ἀθανασίας

478 5301 538 5358 τὸ
564 5301 824 5373 ἐκμαγεῖον
852 5306 943 5354 τοῦ
976 5299 1305 5375 ἀρχετύπου,
1338 5299 1368 5354 ἡ
1395 5301 1464 5366 μὴ
1511 5297 1769 5368 κινουμένη
1815 5298 2054 5367 σφραγὶς,

478 5397 508 5453 ἡ
536 5395 919 5466 ἀπαράλλακτος
945 5394 1106 5454 εἰκὼν,
1139 5392 1165 5446 ὸ
1193 5398 1281 5445 τοῦ
1309 5392 1505 5465 πατρὸς
1532 5388 1649 5462 ὄρος
1693 5393 1779 5444 καί
1804 5390 1945 5462 Malo;
1973 5392 2058 5445 ἰπὶ

477 5491 566 5544 τὴν
605 5485 730 5541 ἰδίαν
762 5487 923 5540 εὶκὸνα
949 5492 1118 5558 χωρεῖ
1144 5487 1228 5537 καί
1264 5485 1435 5556 σάρκα
1472 5490 1615 5556 septi
1641 5481 1724 5536 διά
1749 5487 1836 5540 τήν
1864 5484 2054 5553 σάρκα,

482 5577 565 5629 καί
593 5576 745 5647 ψυχή
772 5577 920 5651 νοερά
948 5574 1030 5630 διά
1058 5580 1147 5633 τὴν
1174 5571 1294 5646 ἐμήν
1321 5573 1502 5643 ψυχήν
1529 5575 1787 5642 μίγνυται,
1811 5578 1882 5644 τῷ
1904 5570 2058 5643 ὁμοίῳ

480 5668 540 5722 τὸ
571 5665 738 5738 ὅμοιον
759 5669 1126 5740 ἀνακαθαίρωω,
1142 5667 1228 5718 καὶ
1247 5667 1408 5720 πάντα
1432 5669 1622 5735 γίνεται
1642 5664 1767 5722 πλὴν
1785 5673 1872 5724 τῆς
1895 5663 2058 5735 ἆμαρ-

485 5759 593 5820 τᾱις
620 5756 914 5830 ἄνθ-ρωπος,
937 5759 1134 5816 κυηθεὶς
1160 5758 1218 5810 ἑκ
1246 5764 1337 5816 τῆς
1362 5757 1606 5831 παρθένου
1653 5759 1738 5810 καὶ
1765 5756 1944 5826 ψυχήν
1973 5760 2060 5809 καὶ

481 5852 654 5918 σάρκα
697 5851 1124 5921 προκαθαρθείσης
1163 5857 1236 5915 τῷ
1276 5851 1543 5920 πνεύματι·
1574 5846 1676 5904 ἴδει
1702 5849 1797 5922 γάρ
1833 5851 1919 5901 καὶ
1943 5849 2055 5920 γέν-

485 5958 624 5994 ντισιν
663 5940 942 6011 τιμηθῆναι,
977 5942 1058 5994 καί
1091 5941 1356 6015 παρθενίαν
1398 5942 1781 6012 προτιμηθῆναι.
1802 5959 1819 5991 ι
1855 5941 1927 5995 Τά
1959 5963 2058 5995 παν

2169 4763 2411 4823 tempora
2438 4768 2506 4808 ex
2537 4753 2694 4808 Patre
2721 4753 2995 4821 genitum,
3027 4754 3130 4810 hoc
3173 4755 3312 4810 idem
3349 4753 3657 4814 advenisse,
3691 4755 3740 4801 et

2167 4847 2501 4901 incarnatum
2530 4859 2670 4910 esse,
2703 4852 2758 4899 et
2785 4845 3059 4901 hominem
3100 4847 3297 4902 factum
3342 4862 3465 4903 esse
3507 4843 3740 4898 disertis-

2165 4937 2302 4992 sime
2322 4937 2664 4992 conlitentur.
2692 4936 2922 4990 Sanctus
2950 4936 3093 4990 enim
3114 4935 3404 5004 Gregorius
3425 4935 3478 4988 in
3499 4943 3739 4987 sermone

2167 5025 2235 5080 de
2261 5024 2645 5095 Theophaniis,
2666 5042 2763 5081 seu
2783 5025 2850 5080 de
2871 5025 3067 5080 Christi
3096 5025 3384 5080 Nativitate
3410 5025 3523 5078 hzec
3553 5019 3703 5074 habet
3726 5020 3746 5061 ἱ

2173 5135 2191 5169 ι
2220 5117 2396 5187 Ipsum
2418 5117 2514 5171 Dei
2537 5117 2802 5171 invisibile
2826 5116 3081 5182 Verbum,
3106 5116 3195 5171 ille
3219 5115 3428 5171 smculis
3455 5107 3737 5178 antiquior.

2167 5204 2256 5259 ille
2279 5205 2850 5274 incomprehensibilis,
2880 5205 2970 5260 ille
2999 5205 3376 5274 incorporeus,
3408 5199 3537 5256 illud
3565 5197 3738 5251 lumen

2165 5309 2235 5349 ex
2264 5295 2486 5362 lumine,
2510 5310 2577 5350 ex
2609 5294 2872 5365 principio
2900 5294 3240 5364 principium,
3267 5293 3386 5350 fons
3413 5292 3535 5344 vitm
3561 5293 3614 5340 et
3644 5282 3739 5335 im—

2165 5388 2529 5456 mortalitatis,
2561 5389 2650 5442 illa
2679 5389 2956 5458 archetypi
2979 5389 3284 5459 expressio,
3309 5385 3434 5442 illud
3464 5384 3732 5437 immotum

2163 5479 2432 5548 sigillum,
2479 5479 2568 5534 illa
2614 5493 2712 5549 per
2750 5480 2934 5534 omnia
2979 5479 3169 5534 similis
3207 5479 3404 5547 imago,
3443 5474 3530 5528 ille
3568 5462 3731 5522 Patris

2163 5571 2422 5626 terminus
2462 5577 2517 5624 et
2555 5571 2725 5637 ratio;
2766 5569 2876 5636 ille,
2917 5570 3155 5639 inquam,
3185 5568 3253 5623 ad
3280 5564 3558 5632 imaginem
3582 5563 3725 5610 suam

2161 5680 2221 5720 se
2273 5661 2502 5729 confert,
2533 5673 2587 5719 et
2626 5679 2843 5719 carnem
2888 5663 2956 5718 ob
2999 5678 3216 5717 carnem
3254 5661 3410 5731 gerit,
3457 5663 3511 5711 et
3546 5649 3727 5742 animt!»

2160 5753 2509 5810 intellectuali
2550 5761 2770 5824 propter
2799 5751 3031 5806 animam
3077 5767 3250 5807 meam
3281 5748 3531 5821 jungitur,
3563 5747 3617 5793 ut
3651 5750 3720 5788 ει-

2158 5848 2286 5902 mile
2335 5861 2432 5918 per
2483 5846 2656 5901 simile
2702 5855 2983 5916 repurget,
3036 5855 3197 5917 atque
3248 5847 3476 5912 humana
3531 5827 3716 5925 omnia.

2160 5947 2387 6010 excepto
2416 5947 2655 6010 peccato,
2690 5938 2929 6008 suscipit,
2962 5946 3254 6009 conceptus
3281 5932 3489 6004 quidem
3515 5939 3580 5980 ex
3605 5919 3715 5974 Vi!"
