4108 6452
343 434 481 502 1049

1047 429 1414 493 EPISTOLA
1449 426 1846 490 ADVERSUS
1885 423 2366 486 THEODORUM
2397 421 2816 483 MOPSUEST.

3467 413 3483 473 l
3495 414 3527 474 0
3534 413 3602 476 50

349 558 608 635 ραπλήσια
637 550 690 608 δέ
720 555 806 607 καί
834 550 860 607 ὸ
897 551 945 604 έν
974 551 1136 622 όιγέοις
1171 547 1465 608 Ἀθανάσιος
1494 550 1542 600 ἐν
1569 555 1640 616 τῷ
1668 548 1786 622 περὶ
1829 551 1918 600 τοῦ
1952 586 1958 602 ι

2062 543 2166 603 ine,
2199 539 2379 594 animo
2428 546 2480 593 el
2511 553 2738 608 corpore
2766 553 2796 591 a
2824 537 3025 608 Spiritu
3068 546 3428 608 prtepurgata;
3476 553 3598 594 nam

348 633 492 719 ξενίου
521 645 812 714 πνεύματος
847 641 978 711 λόγῳ
1017 640 1146 695 κατὰ
1168 636 1438 716 Ἀρειανῶν
1463 636 1599 692 οὕτω
1625 636 1774 709 λέγει·
1812 652 1830 685 ε
1867 633 1926 688 '0

350 738 595 809 γΜηθεῖς
637 732 823 788 ἄνωθεν
869 733 924 785 In
961 736 1054 786 τοῦ
1103 733 1298 803 πατρὸς
1335 728 1597 804 ἀρρήτως,
1629 723 1927 800 ἀφράστως,

349 827 718 886 ἀκαταλήπτοις
735 865 751 890 ,
777 822 972 884 ἀϊδίως,
999 822 1144 882 αὐτὸς
1174 822 1223 874 ἐν
1253 820 1426 890 χρόνῳ
1449 822 1684 890 γεννᾷται
1711 817 1930 870 κάτωθεν

351 921 405 974 έκ
432 928 524 980 τῆς
556 919 806 993 παρθένου
851 916 1071 990 Μαρίας.
1102 930 1121 963 ε
1150 915 1240 966 Καὶ
1279 912 1425 966 πάλιν
1456 910 1480 964 6
1505 911 1552 962 ἐν
1586 909 1743 981 ἁγίοις
1777 909 1933 961 Βασί-

351 1011 478 1070 λειος
513 1010 644 1084 πρὸς
673 1006 998 1080 ’Δμφιλόχιον
1041 1005 1244 1080 γράφων
1287 1005 1338 1058 έν
1372 1011 1446 1076 τῷ
1485 1000 1641 1074 ὀγδόῳ
1685 999 1934 1070 κεφαλαίῳ

353 1102 509 1160 οὕτως
537 1097 695 1154 εἶπεν·
731 1117 748 1149 ι
773 1099 846 1152 Οὑ
873 1099 970 1170 γὰρ
997 1103 1238 1150 τοσοῦτον
1270 1093 1503 1177 οὑρανὸς,
1533 1095 1615 1145 καὶ
1641 1098 1727 1164 γῆ,
1758 1093 1842 1143 καὶ
1871 1092 1936 1145 τὰ

355 1191 538 1261 μεγέθη
575 1195 674 1242 τῶν
700 1187 955 1259 πελαγῶν,
982 1190 1069 1240 καί
1096 1187 1163 1241 τὰ
1213 1185 1261 1237 ἐν
1296 1183 1454 1237 ὕδασι
1500 1180 1822 1251 διαιτώμενα,
1854 1181 1939 1233 καί

357 1283 419 1336 τά
449 1287 684 1352 χερσαῖα
720 1285 818 1332 τῶν
848 1281 1004 1342 ζώων,
1037 1279 1118 1330 καὶ
1153 1275 1303 1349 φυτὰ,
1339 1277 1424 1328 καί
1450 1274 1682 1347 ἀστέρες,
1707 1273 1790 1325 καὶ
1817 1272 1937 1345 ἀὴρ.

358 1372 440 1423 καί
484 1367 648 1438 ὧραι,
692 1370 776 1420 καί
817 1368 846 1424 ἡ
888 1366 1086 1424 ποικίλη
1132 1370 1223 1418 τοῦ
1268 1363 1453 1422 παντὸς
1500 1360 1838 1429 διακόσμησις
1884 1359 1941 1413 τὸ

360 1461 624 1535 ὑπερέχον
645 1468 737 1518 τῆς
766 1460 959 1527 ἰσχύος
989 1459 1307 1517 συνίστησιν,
1339 1453 1454 1508 ὅσον
1483 1455 1540 1508 τὸ
1569 1452 1834 1510 δυνηθῆναι
1860 1453 1943 1506 τὸν

361 1554 481 1610 Θεὸν
516 1554 599 1609 τὸν
643 1553 916 1624 άχώρητον
963 1549 1175 1608 ἀπαθῶς
1220 1545 1302 1601 διὰ
1348 1545 1543 1618 σαρκὸς
1590 1544 1944 1613 συμπλακῆναι

363 1650 435 1711 τῷ
458 1644 681 1712 θανάτῳ,
710 1643 792 1694 ἱνα
823 1641 945 1710 ἡμῖν
971 1645 1042 1708 τῷ
1071 1635 1181 1708 ἰδίῳ
1225 1637 1378 1692 πάθει
1404 1641 1494 1693 την
1517 1635 1758 1688 ἀπάθειαν
1789 1635 1946 1703 χαρίε-

367 1754 536 1790 σηται.
567 1749 588 1782 ε
618 1731 760 1785 Ἀλλὰ
809 1733 894 1784 καί
940 1728 966 1783 ὸ
1008 1730 1059 1782 έν
1098 1728 1260 1802 ἁγίοις
1292 1729 1632 1799 Δὺγουστῖνος
1669 1725 1946 1782 έπέσκοπος

365 1826 420 1880 ix
442 1833 533 1884 τῆς
556 1830 656 1877 τῶν
682 1824 869 1895 ’Δφρῶν
897 1824 1079 1894 χώρας
1099 1822 1148 1874 έν
1172 1828 1235 1894 τῇ
1258 1823 1378 1895 περί
1403 1825 1492 1873 τοῦ
1524 1817 1780 1888 συμϐόλου
1810 1814 1947 1870 έκθέ-

2031 641 2086 687 ct
2114 631 2458 685 Nativitatem
2505 628 2713 682 honore
2759 629 2921 692 aﬂici,
2965 639 3018 683 et
3067 629 3427 697 virginitatem
3469 645 3607 700 prac-

2031 721 2156 775 ferri
2203 719 2504 789 oportebat.
2541 737 2560 769 »
2593 716 2762 771 Simili
2810 733 3030 787 prorsus
3075 717 3236 771 modo
3284 717 3608 772 Athanasius

2033 809 2279 863 edisserit
2306 808 2358 862 in
2385 822 2450 861 ea
2486 807 2731 860 oratione
2773 820 2894 874 quae
2933 806 3188 860 adversus
3232 805 3462 861 Arianos
3505 817 3607 870 est,

2033 898 2101 954 de
2129 899 2330 967 Spiritu
2355 905 2562 952 sancto.
2602 914 2619 947 ι
2659 895 2771 959 Ille,
2805 896 2994 965 inquit,
3027 897 3119 965 qui
3145 913 3354 952 sursum
3382 897 3434 951 in
3463 897 3612 951 caelis

2035 1004 2099 1043 ex
2125 988 2283 1042 Patre
2329 987 2540 1055 genitus
2581 993 2697 1040 erat
2735 985 3092 1050 inell'abiliter,
3144 985 3611 1054 inexplicabilitcr,

2038 1079 2460 1142 immutabiliter,
2490 1086 2690 1131 aaterne
2723 1093 2736 1128 :
2770 1077 2882 1144 ipse
2912 1077 2966 1129 in
2991 1074 3148 1131 terzis
3178 1077 3428 1131 deorsum
3461 1095 3614 1147 gem-

2039 1178 2125 1224 tus
2164 1177 2246 1223 est
2289 1168 2342 1220 in
2375 1175 2619 1235 tempore
2645 1180 2712 1219 ex
2742 1165 2959 1232 Virgine
2986 1165 3170 1220 Maria.
3211 1184 3231 1219 ι
3266 1165 3491 1223 Basilius
3518 1185 3613 1238 pa-

2040 1261 2171 1314 rit-er
2200 1267 2394 1313 octavo
2422 1257 2542 1312 iihri
2564 1257 2632 1311 ad
2651 1257 3080 1328 Amphilochium
3108 1259 3284 1328 capite
3305 1261 3382 1314 sic
3399 1261 3576 1315 scribit
3603 1279 3616 1314 :

2049 1379 2067 1412 ε
2101 1360 2286 1429 Neque
2315 1360 2457 1414 enim
2486 1359 2681 1414 coelum
2721 1373 2785 1412 ac
2819 1368 2982 1426 terra,
3027 1359 3392 1430 immensaque
3430 1363 3622 1427 maria,

2043 1467 2142 1505 nec
2173 1451 2486 1515 animantia,
2533 1450 2618 1504 vel
2653 1451 2706 1504 in
2747 1451 2919 1519 aquis,
2952 1451 3036 1505 vel
3067 1452 3119 1505 in
3159 1453 3314 1506 terris
3352 1454 3623 1521 degentia,

2045 1559 2147 1599 nec
2185 1543 2402 1612 plantae,
2431 1558 2532 1597 nec
2558 1552 2724 1606 astra,
2756 1557 2858 1596 nec
2885 1557 2999 1607 aer,
3030 1558 3132 1596 nec
3166 1543 3334 1609 horm,
3365 1559 3465 1598 nec
3491 1548 3625 1598 mul-

2047 1635 2212 1704 tiplex
2243 1633 2478 1687 universi
2519 1640 2742 1687 ornatus
2777 1633 3150 1688 excellentiam
3195 1636 3448 1703 potentiae
3489 1635 3628 1689 illius

2049 1727 2204 1782 nobis
2249 1724 2477 1796 perinde
2520 1725 2923 1788 commendant,
2970 1733 3132 1794 atque
3178 1727 3320 1794 quod
3365 1726 3505 1780 Deus
3546 1727 3628 1780 in-

2053 1815 2550 1886 comprehensibilis
2581 1815 2658 1870 sic
2686 1830 2783 1886 per
2821 1831 3037 1870 carnem
3066 1816 3401 1872 conﬂictatus
3427 1829 3506 1874 est
3528 1859 3545 1885 ,
3573 1829 3629 1872 ut

367 1937 447 1970 σει
458 1922 626 1971 ταῦτα
640 1916 789 1986 λέγει·
816 1933 834 1964 ε
856 1916 974 1969 Εἰπέ
991 1917 1073 1967 καί
1088 1915 1154 1968 σὺ
1163 1954 1178 1978 ,
1235 1912 1530 1985 ’Δμϐακοὺμ
1545 1918 1803 1986 προφῆτα,
1815 1931 1949 1983 μαρο

2061 1909 2168 1978 ipsa
2193 1907 2440 1962 divinitas
2467 1907 2600 1960 nihil
2629 1915 2934 1976 pateretur,
2978 1924 3086 1978 quo
3125 1909 3280 1963 nobis
3319 1926 3415 1964 sua
3457 1921 3633 1966 morte

366 2011 546 2083 τυρέαν
590 2010 710 2074 περὶ
751 2013 841 2061 τοῦ
878 2012 1122 2080 Χριστοῦ.
1153 2005 1332 2077 Κύριε,
1361 2007 1529 2076 φησίν,
1559 2005 1833 2060 εὲσακήκοα
1859 2005 1950 2059 τήν

367 2106 513 2162 ἀκοήν
536 2123 654 2168 σου,
677 2105 758 2155 καί
786 2101 1045 2173 ἐφοϐήθην·
1074 2120 1356 2157 κατενοησα
1381 2092 1448 2152 τά
1472 2095 1596 2172 ἶργα
1616 2117 1732 2160 σου,
1757 2095 1780 2149 6
1808 2097 1948 2159 Θεὸς,

369 2197 450 2248 καί
500 2193 720 2257 ἐξέστην.
761 2212 778 2243 ε
830 2200 955 2246 Ποῖα
1004 2189 1130 2266 ἔργα
1179 2196 1270 2244 τοῦ
1314 2194 1440 2243 Θεοῦ
1487 2185 1635 2249 οὗτος
1683 2188 1954 2258 θαυμάσας

371 2283 572 2346 ἐξέστω
603 2286 673 2355 μή
701 2305 750 2338 τι
776 2287 865 2340 τήν
903 2285 1067 2336 κτίσιν
1109 2286 1199 2335 τοῦ
1241 2280 1428 2350 κόσμου
1445 2294 1464 2342 ;
1491 2282 1560 2349 μὴ
1607 2281 1824 2350 γένοιτο⁶
1849 2275 1956 2331 ἀλλ’

369 2370 588 2426 ἄκουσον
635 2373 768 2446 πρὸς
801 2373 855 2426 τί
887 2372 1083 2434 ὶξέστη.
1124 2386 1143 2420 ε
1171 2369 1249 2423 Ἐν
1274 2370 1448 2439 μέσῳ,
1492 2372 1648 2440 φησί,
1678 2365 1770 2422 δύο
1812 2369 1951 2431 ζώων

369 2467 742 2537 γνωσθήσονται
768 2464 830 2518 τά
861 2460 993 2538 ἔργα
1038 2484 1137 2517 σου
1158 2478 1170 2491 ⁸
1214 2459 1292 2516 ὅτι
1319 2463 1384 2515 σὺ
1416 2459 1442 2515 ὸ
1483 2462 1608 2520 Θεὸς
1651 2459 1794 2532 λόγος
1821 2459 1953 2534 σὰρξ

369 2556 563 2627 ὶγένου·
589 2556 638 2607 ἐν
663 2555 806 2624 μέσῳ
833 2551 924 2607 δύο
943 2555 1082 2616 ζώων
1107 2553 1395 2624 γνωσθήσῃ.
1423 2553 1513 2610 Τίς
1541 2549 1607 2604 ὢν
1636 2553 1798 2624 μέχρι
1823 2551 1956 2608 τίνος

371 2644 606 2704 κατέϐηςὲ
628 2645 900 2718 Ιέκστῆναί
927 2664 987 2715 με
1017 2645 1328 2704 πεποίηκας,
1357 2639 1439 2697 ὅτι
1467 2641 1491 2696 ὀ
1517 2641 1685 2713 λόγος,
1718 2639 1784 2696 δι’
1805 2638 1860 2694 οὗ
1888 2643 1956 2696 τά

371 2736 539 2790 πάντα
566 2735 758 2806 ἐγένετο
785 2735 831 2785 ἐν
854 2735 1011 2806 φάτνῃ
1055 2733 1286 2802 έτέχθης.
1313 2747 1332 2782 ε
1357 2732 1434 2785 Τὰ
1465 2728 1616 2800 ὅμοια
1659 2728 1714 2784 δέ
1743 2733 1826 2783 καί
1852 2728 1878 2784 ὃ
1906 2731 1956 2783 ἐν

371 2825 532 2893 ἁγίοις
578 2825 715 2877 Λέων
755 2823 936 2882 πάπας
981 2824 1168 2892 Ῥώμης
1198 2823 1250 2874 έν
1294 2830 1357 2894 τῇ
1400 2821 1526 2896 πρὸς
1569 2820 1842 2874 Φλαυιανόν
1867 2821 1954 2875 τὸν

371 2915 784 2988 ἀρχιεπίσκοπον
826 2912 1398 2972 Κωνσταντινονπόλεως
1425 2911 1665 2984 ἐπιστολῇ
1697 2909 1860 2970 ο·ἷτως
1881 2907 1955 2964 εἶ·-

371 3020 480 3056 πεν·
515 3021 534 3054 ε
563 3003 621 3057 Ὀ
647 3005 846 3063 ἀπαθής
881 3004 1005 3063 Θεὸς
1034 3004 1118 3056 οὐκ
1160 3005 1418 3066 ἀπηξίωσε
1447 3003 1665 3061 παθητὸς
1710 2998 1832 3059 εἶναι
1867 2999 1955 3058 ἄν·

372 3096 598 3170 θρωπος,
623 3097 711 3149 καί
733 3093 757 3148 6
779 3096 1023 3154 ἀθάνατος
1048 3097 1217 3165 νόμςις
1242 3095 1547 3149 ὑποκεῖσθαι
1575 3095 1807 3150 θανάτου.
1823 3113 1841 3144 ι

2053 2000 2338 2068 largiretur
2367 1999 2843 2054 immortalitatem.
2883 2018 2901 2051 ε
2935 1999 3164 2054 Sanctus
3193 2001 3354 2054 etiam
3380 2001 3633 2069 Augusti-

2053 2105 2154 2142 nus
2182 2087 2445 2142 Africante
2473 2087 2748 2156 cujusdam
2779 2087 3011 2142 civitatis
3045 2090 3351 2158 episcopus,
3385 2091 3436 2144 in
3467 2107 3634 2160 expo-

2055 2179 2249 2231 sitione
2277 2176 2518 2247 Symboli
2543 2175 2760 2231 disserit
2787 2176 2840 2230 in
2869 2175 3013 2230 hunc
3049 2177 3265 2231 modum
3293 2195 3306 2230 :
3358 2197 3375 2229 ι
3407 2176 3634 2234 Protulit

2056 2267 2150 2321 tibi
2174 2265 2560 2340 [Gmaproler
2587 2273 2641 2320 et
2669 2273 2723 2320 tu
2729 2286 2746 2338 J
2770 2263 3024 2321 Habacuc
3045 2267 3307 2336 prapheta
3333 2269 3401 2322 de
3423 2268 3636 2323 Christo

2058 2359 2464 2413 testimonium:
2499 2357 2744 2423 Domine,
2787 2358 3052 2429 inquiens,
3101 2359 3273 2413 audivi
3321 2361 3637 2416 auditionem

2060 2457 2220 2513 tuam,
2233 2458 2281 2502 et
2305 2449 2467 2511 timui,
2481 2448 2716 2503 intellexi
2739 2467 2896 2516 opera
2911 2460 3014 2518 tua,
3035 2448 3194 2519 Deus,
3209 2461 3257 2504 et
3271 2454 3471 2521 expavi.
3490 2453 3639 2520 Qua:-

2059 2557 2182 2596 nam
2223 2557 2387 2612 opera
2417 2542 2512 2597 Dei
2555 2543 2642 2597 hic
2671 2543 2965 2598 admiratus
2993 2546 3242 2614 expavit?
3277 2546 3414 2600 Num
3457 2549 3640 2602 numdi

2060 2632 2430 2686 creationem?
2459 2632 2829 2703 Nequaquam.
2859 2632 2967 2689 Cur
2995 2645 3174 2689 autem
3208 2637 3501 2705 expaverit,
3547 2654 3641 2692 ac-

2062 2724 2198 2794 cipe.
2224 2723 2281 2779 ln
2303 2725 2697 2795 medio,inquit,
2723 2726 2951 2781 duorum
2981 2727 3288 2782 animalium
3312 2744 3642 2798 cognoscen-

2063 2824 2151 2870 tur
2182 2831 2349 2886 opera
2387 2823 2496 2883 tua,
2520 2815 2678 2881 Deus,
2711 2817 2967 2885 quoniam
3005 2825 3059 2870 tu
3089 2817 3228 2872 Deus
3258 2817 3488 2872 Verbum
3517 2835 3643 2876 caro

2065 2907 2264 2964 factum
2287 2909 2340 2962 in
2363 2907 2541 2963 medio
2571 2909 2798 2963 duorum
2830 2908 3136 2962 animalium
3166 2910 3484 2964 innotesces.
3511 2910 3643 2975 Qua-

2065 3000 2129 3054 lis
2158 3016 2281 3054 cum
2318 3013 2486 3062 esses,
2514 3013 2682 3068 usque
2705 3013 2812 3068 quo
2841 2999 3196 3054 descendisti!
3253 3003 3646 3071 Ubstupescere

2063 3106 2152 3146 me
2181 3090 2371 3155 fecisti,
2406 3090 2658 3158 quoniam
2706 3090 2965 3157 Verbum,
2995 3105 3095 3160 per
3137 3106 3296 3160 quem
3339 3090 3476 3145 facta
3520 3101 3644 3146 sunt

2073 3183 2273 3249 omnia,
2299 3184 2352 3237 in
2379 3197 2617 3252 praesepe
2646 3191 2802 3237 natus
2831 3199 2939 3237 es.»
2974 3182 3176 3238 Horum
3203 3183 3392 3238 similia
3430 3191 3645 3239 sanctus

374 3276 484 3332 Leo
513 3275 788 3332 Romanus
809 3275 1049 3348 pontifex
1078 3276 1240 3331 habet
1260 3276 1314 3332 in.
1344 3276 1571 3346 epistola
1600 3277 1668 3332 ad
1697 3276 2009 3332 Flavianum
2035 3274 2498 3344 archiepiscopum
2540 3273 3208 3342 ConstantinOpolitanum.
3241 3292 3259 3325 ι
3283 3271 3648 3344 lmpassibilis,

375 3370 570 3439 inquit,
599 3368 740 3425 Deus
780 3385 888 3424 non
930 3368 1244 3437 dedignatus
1271 3376 1355 3423 est
1379 3383 1500 3423 esse
1541 3369 1705 3423 homo
1735 3367 2022 3438 passibilis,
2051 3375 2106 3422 et
2132 3365 2447 3422 immortalis
2476 3362 2662 3417 mortis
2688 3361 2892 3430 legibus
2921 3361 3218 3432 subiacere.
3249 3382 3268 3414 ε

448 3465 540 3517 Καὶ
563 3469 730 3517 ταῦτα
754 3465 844 3532 μέν
883 3463 933 3516 αἶ
965 3483 1020 3516 τε
1058 3465 1186 3516 θεῖαι
1216 3464 1439 3536 γραφαί,
1480 3463 1564 3516 καί
1601 3462 1646 3514 οἰ
1686 3459 1818 3532 ἅγιοι
1861 3482 1962 3515 πα·
1989 3464 2034 3524 C

379 3556 515 3628 εέρες
551 3557 826 3628 εἰρήκασινο
874 3554 992 3610 ὅσον
1037 3554 1090 3610 δὲ
1136 3555 1267 3630 πρὸς
1309 3557 1428 3616 τοὺς
1468 3555 1746 3628 ὑμετέρους
1785 3553 1964 3626 λόγους

378 3651 683 3721 κατηγορίας
717 3651 843 3702 εἰσίν
885 3644 1043 3712 ἄξιοι,
1088 3649 1156 3707 ὡς
1201 3648 1468 3718 σύγχυσιν
1510 3654 1600 3705 τῆς
1638 3646 1857 3717 σαρκὸς,
1884 3647 1966 3699 καί

381 3749 468 3802 τῆς
513 3739 747 3800 θεότητος
792 3741 1107 3812 εἰσάγοντες,
1147 3737 1319 3796 ἔπειδή
1359 3739 1513 3792 αὑτὸν
1552 3738 1639 3792 τὸν
1667 3737 1787 3791 Θεὸν
1823 3737 1968 3808 λόγον

379 3829 643 3908 ἄνθρωπον
669 3833 965 3904 γεγενῆσθαι
990 3833 1245 3905 εἴρηκασιν
1265 3867 1282 3893 ,
1327 3829 1478 3884 ὸπότε
1513 3832 1599 3883 καί
1624 3833 1709 3882 τὸν
1737 3828 1784 3881 ἐν
1809 3827 1968 3899 ἁγίοις

383 3923 609 3999 Ιίὺριλλον
633 3922 839 3994 λέγοντα
863 3922 1016 3976 αὐτὸν
1036 3921 1124 3975 τὸν
1144 3921 1262 3976 Θεὸν
1283 3919 1425 3993 λόγον
1447 3917 1709 3996 ἄνθρωπον
1735 3920 1969 3991 γενέσθαι

383 4017 650 4088 σύγχυσιν
679 4016 896 4087 εἰσάγειν
941 4013 1024 4070 διὰ
1061 4019 1256 4069 τούτων
1291 4023 1392 4069 τῶν
1427 4014 1671 4087 ῥημάτων
1713 4019 1968 4091 εἰρήκατε.

382 4095 494 4160 ὀτι
516 4105 568 4161 δέ
591 4105 616 4161 ὸ
636 4111 727 4165 τὴν
745 4099 1010 4165 ἐπιστολήν
1030 4106 1234 4184 γράψας
1256 4115 1317 4180 τῇ
1343 4104 1605 4180 Θεοδώρου
1629 4106 1971 4178 κατεχόμενος

387 4203 536 4273 μανίᾳ
562 4203 814 4274 ἠρνήσατο
841 4200 928 4252 τὸν
965 4200 1082 4252 Θεὸν
1122 4199 1264 4271 λόγον
1308 4195 1569 4272 ἄνθρωπον
1597 4199 1872 4270 γεγονέναι.
1921 4199 1972 4262 έξ

385 4295 550 4347 αὐτῶν
583 4290 822 4361 δείξωμεν
857 4298 957 4344 τῶν
988 4280 1498 4367 κατάᾊπολιναρίου
1535 4296 1628 4344 τοῦ
1654 4290 1878 4350 ἀσεϐοῦς
1900 4295 1973 4360 τῷ

387 4383 524 4454 αὐτῷ
552 4383 791 4453 α’ρετικῷ
823 4379 1068 4455 Θεοδώρῳ
1089 4382 1399 4456 γραφέντων.
1427 4379 1504 4434 Ἐν
1523 4383 1625 4454 γάρ
1645 4387 1716 4451 τῷ
1742 4387 1973 4454 τετάρτῳ

389 4469 510 4545 λόγῳ
530 4473 710 4546 γράφει
731 4473 912 4531 οὕτως*
943 4488 963 4521 ε
994 4471 1266 4527 Δεδωκέναι
1294 4475 1379 4526 σοί
1409 4491 1552 4530 τινας
1586 4478 1688 4526 τῶν
1722 4473 1976 4546 ἡμετέρων

388 4554 535 4620 εἶπας
562 4563 627 4614 τά
656 4566 742 4614 οὐκ
769 4558 828 4615 ἄν
853 4581 974 4614 ποτε
1003 4560 1210 4616 δοθέντα
1239 4565 1380 4636 παρά
1406 4582 1539 4621 τινος
1562 4569 1661 4616 τῶν
1681 4570 1772 4622 τῆς
1803 4564 1976 4622 ἐκκλη-

390 4660 663 4712 σιαστικῆς
695 4654 1004 4722 ἀντέχεσθαι
1040 4651 1189 4716 δόξης
1225 4652 1634 4708 ἐσπουδακότων.
1674 4653 1979 4710 Ἑπυνθανό·

391 4743 515 4811 μεθα
547 4745 646 4816 γάρ
685 4745 727 4795 εί
755 4765 842 4798 τιν
875 4745 995 4798 Θεὸν
1025 4743 1164 4814 λόγον
1194 4743 1518 4816 ὁμολογοῦσιν
1546 4742 1808 4815 ἄνθρωπον
1830 4765 1977 4818 γεγε-

2135 3455 2194 3509 ln
2223 3455 2365 3509 hanc
2395 3454 2554 3523 igitur
2585 3454 2906 3524 sententiam
2928 3454 3120 3507 divinae
3137 3453 3352 3508 Littera:
3370 3456 3648 3525 sanctique

2067 3543 2256 3601 Patres
2277 3545 2587 3614 loquuntur,
2607 3552 2784 3598 vestra
2805 3543 3011 3598 scilicet
3040 3545 3303 3598 sententia
3332 3546 3648 3614 castigandi.

2068 3648 2328 3710 tanquam
2381 3639 2558 3693 carnis
2612 3637 3015 3706 divinitatisque
3070 3637 3443 3694 confusionem
3493 3641 3650 3695 indu-

2067 3740 2283 3797 centes,
2340 3746 2463 3785 cum
2516 3729 2616 3799 ipsi
2679 3743 2897 3798 quoque
2944 3729 3034 3783 Dei
3089 3729 3324 3785 Verbum
3377 3732 3654 3788 hominem

2069 3822 2268 3879 factum
2298 3838 2417 3879 esse
2453 3823 2651 3877 diserte
2678 3822 3027 3892 pronuntient
3045 3861 3061 3887 ,
3091 3821 3278 3878 eadem
3308 3840 3525 3892 prorsus
3566 3840 3654 3878 ra-

2072 3914 2221 3968 tione
2269 3928 2375 3982 qua
2423 3911 2683 3983 Cyrillum
2731 3911 2982 3976 aientem,
3035 3912 3211 3981 ipsum
3264 3911 3361 3968 Dei
3416 3913 3661 3970 Verbum

2071 4003 2344 4058 hominem
2374 4002 2572 4058 factum
2612 4017 2752 4068 esse,
2781 4003 2933 4071 quasi
2971 4001 3301 4058 confusionis
3331 4003 3436 4058 hoc
3478 4005 3660 4058 aiendi

2071 4096 2234 4152 modo
2256 4097 2610 4161 invectorem,
2629 4095 2960 4150 traduxistis.
2976 4094 3239 4150 Cazterum
3256 4096 3494 4165 epistola:
3516 4097 3658 4151 illius

2073 4195 2354 4243 auctorem
2408 4186 2678 4242 Theodori
2738 4186 3105 4242 deliramentis
3159 4197 3376 4259 captum
3431 4204 3662 4257 negasse

2074 4277 2244 4334 Deum
2271 4277 2507 4333 Verbum
2549 4277 2823 4332 hominem
2861 4276 3058 4331 factum
3089 4292 3209 4332 esse
3249 4277 3425 4343 fateri,
3467 4293 3536 4334 ex
3575 4280 3668 4334 his

2074 4369 2358 4425 manifeste
2403 4370 2783 4433 conclusimus,
2829 4384 2950 4439 qua:
2992 4370 3059 4424 ab
3091 4371 3204 4439 ipso
3235 4371 3301 4426 ad
3347 4373 3657 4427 hmreticum

2076 4460 2419 4516 Theodorum
2477 4469 2661 4516 contra
2724 4461 2946 4530 impium
3007 4460 3394 4531 Apollinarium
3458 4464 3663 4534 scripta

2076 4567 2220 4614 sunt.
2251 4555 2377 4614 Haec
2405 4558 2602 4628 quippe
2625 4558 2679 4612 in
2707 4567 2901 4628 quarto
2927 4573 3175 4613 sermone
3196 4560 3378 4614 scribit
3411 4577 3423 4612 :
3459 4581 3477 4612 ‹
3514 4561 3663 4616 Dixin

2076 4650 2145 4706 sti
2174 4649 2435 4720 quosdam
2464 4665 2533 4706 ex
2575 4649 2772 4704 nostris
2810 4649 3066 4704 nonnulla
3111 4651 3312 4706 sentire
3351 4666 3471 4720 qua:
3519 4669 3662 4707 nun-

2079 4754 2240 4810 quam
2269 4740 2335 4796 iis
2365 4740 2591 4812 probata
2629 4748 2754 4794 sunt
2786 4740 2876 4809 qui
2911 4740 3287 4798 ecclesiasticis
3323 4743 3668 4812 dogmatibus

390 4837 562 4891 νήσθαι
600 4837 754 4888 εἰπών
793 4833 1330 4908 ἐπήγαγες“έδίὸοσαν·
1370 4837 1458 4889 Καὶ
1491 4836 1568 4895 τίς
1604 4830 1662 4888 ἂν
1689 4832 1830 4905 ἔχων
1862 4840 1958 4888 νοῦ·

2083 4830 2355 4885 adhaerere
2380 4829 2617 4885 student.
2657 4829 2790 4885 Cum
2821 4831 2964 4885 enim
3002 4833 3071 4886 ab
3116 4831 3181 4887 iis
3218 4833 3471 4888 sciscitati
3511 4849 3659 4889 esse-

391 4923 652 4999 ἄνθρωπον
696 4925 832 4979 εἶ’ποι
875 4928 958 4980 τὸν
995 4927 1117 4980 Θεὸν
1153 4927 1451 4997 γεγενῆσθαι
1493 4926 1663 4996 λόγον,
1711 4929 1779 4986 ὡς
1823 4928 1973 4994 ὑμεῖς

392 5034 539 5089 pars;
600 5020 644 5073 εἰ
684 5023 753 5088 μή
792 5017 894 5094 ἄρα
923 5023 1012 5076 τήν
1059 5021 1211 5077 αὑτήν
1257 5019 1382 5088 ὑμῖν
1430 5019 1673 5096 πρότερον
1716 5022 1975 5078 νοσήσειεν

392 5104 580 5162 ἄνοιαν.
611 5115 777 5178 Ἡμεῖς
809 5111 907 5183 γὰρ
955 5110 1197 5182 εἰληφέναι
1234 5107 1492 5184 ἄνθρωπον
1537 5112 1624 5166 τὸν
1673 5111 1796 5164 Θεὸν
1834 5111 1974 5182 λόγον

392 5203 471 5253 καί
491 5199 687 5275 σφόδρα
705 5205 889 5272 φαμέν,
907 5203 1206 5272 γεγενῆσθαι
1225 5199 1279 5256 δὲ
1297 5200 1550 5278 ἄνθρωπον
1575 5203 1681 5257 καθ’
1702 5204 1860 5274 ὑμᾶς,
1885 5204 1976 5257 οὐκ

392 5286 452 5346 ὗ»
478 5312 599 5347 ποτε
630 5297 786 5347 εἰπεῖν
812 5294 1185 5364 ἀνασχοίμεθα.
1227 5311 1246 5344 ε

2087 4938 2224 4986 mus,
2242 4937 2369 4975 num
2393 4921 2488 4976 Dei
2517 4921 2756 4976 Verbum
2777 4922 3051 4977 hominem
3075 4922 3273 4978 factum
3293 4941 3409 4980 esse
3431 4925 3661 4980 fateren-

2087 5019 2195 5075 tur,
2209 5009 2480 5064 aﬂirmans
2496 5011 2770 5078 protulere
2785 5027 3120 5081 responsum.
3137 5012 3265 5079 Quis
3282 5022 3458 5068 autem
3480 5014 3665 5070 meriti

2086 5105 2181 5179 [F.
2217 5103 2438 5177 mentis]
2467 5116 2690 5174 compos
2719 5100 2889 5156 Deum
2925 5100 3155 5155 Verbum
3182 5098 3381 5152 factum
3405 5113 3528 5151 esse
3559 5099 3660 5150 ho-

2087 5199 2286 5252 minem
2319 5195 2541 5259 dixerit,
2589 5203 2648 5248 ut
2683 5208 2712 5248 a
2747 5193 2902 5248 vobis
2950 5192 3175 5262 proponi
3208 5190 3376 5254 solet,
3411 5188 3514 5242 nisi
3549 5189 3660 5257 pri-

2089 5302 2234 5342 mum
2287 5285 2580 5340 dementia:
2629 5292 2825 5339 vestra!
2876 5281 3063 5335 morbo
3115 5279 3186 5333 sit
3236 5276 3503 5331 allectus?
3551 5275 3661 5328 Nos

394 5409 554 5459 porro
590 5393 762 5448 Deum
795 5395 1076 5454 hominem
1120 5401 1494 5471 assumpsisse
1522 5409 1846 5459 constanter
1894 5402 2152 5468 fatemur,
2185 5414 2443 5459 caeterum
2480 5401 2754 5457 hominem
2786 5399 2986 5454 factum
3020 5412 3163 5463 esse,
3190 5391 3650 5466 quemudmmlum

391 5489 695 5546 exprimere
723 5489 879 5545 vobis
908 5499 1234 5549 consuetum
1266 5502 1370 5562 est,
1407 5495 1556 5553 nulla
1587 5495 1801 5553 ratione
1825 5495 1932 5552 dici
1969 5500 2289 5554 toleramus.
2330 5515 2349 5548 ε

451 5586 870 5656 ’Δποδειιθέντος
917 5597 1080 5644 τοίνυν
1123 5590 1204 5646 διὰ
1254 5601 1354 5648 τῶν
1404 5597 1673 5670 εἰρημένων
1725 5593 1968 5669 Θεοδώρῳ

390 5676 650 5748 σύμφωνον
680 5675 806 5734 εἶναι
831 5686 923 5739 τήν
956 5680 1191 5736 ἀσέϐειαν
1224 5690 1315 5743 τῆς
1355 5686 1623 5746 έπιστολῆἲ
1650 5693 1712 5759 τῇ
1742 5687 1969 5760 α’ρετικῇ

387 5764 569 5820 ἐκείνου
592 5771 775 5842 μανίᾳ,
801 5776 912 5830 πῶς
956 5772 1014 5825 οὑ
1039 5769 1246 5832 δικαίως
1271 5778 1377 5834 πᾶς
1402 5780 1493 5833 τήν
1519 5773 1698 5829 ἐλπίδα
1727 5773 1871 5846 ἔχων
1899 5777 1970 5834 εὶς

387 5854 470 5910 τὸν
493 5860 823 5930 «πηρωθέντα
846 5864 926 5916 καί
953 5861 1403 5938 ένανθρωπήσαντα
1431 5866 1556 5921 Θεὸν
1593 5865 1753 5936 λόγον,
1787 5865 1971 5936 ὁμοίως

459 5959 478 5979 ⁹
509 5954 672 6015 Forte
705 5961 994 6034 legendum
1023 5967 1307 6028 ἀπάντησιν
1329 5987 1428 6041 pro
1461 5975 1612 6028 εἰπὼν
1645 5977 1792 6047 imi-7.
1823 5978 1969 6034 Enn.

2142 5591 2277 5648 Cum
2307 5592 2487 5661 itaque
2537 5607 2604 5647 ex
2653 5593 2717 5648 iis
2765 5608 2885 5662 quae
2932 5594 3002 5649 ad
3053 5595 3398 5652 Theodorum
3442 5600 3655 5669 scribit,

2072 5679 2322 5738 ostendat
2349 5696 2469 5735 cum
2499 5681 2722 5750 hujusce
2748 5683 3115 5741 deliramentis
3143 5687 3381 5757 epistolae
3402 5689 3654 5760 impieta-

2073 5781 2182 5828 tem
2209 5771 2424 5841 egregie
2449 5774 2760 5842 convenire,
2782 5777 3053 5846 quomodo
3077 5794 3183 5834 non
3202 5777 3432 5848 quisque
3452 5779 3652 5850 justus.

2075 5860 2229 5932 cujus
2276 5861 2346 5918 sit
2391 5861 2442 5918 in
2493 5861 2588 5919 Dei
2629 5862 2806 5923 Verbo
2855 5865 3134 5926 incarnato
3160 5869 3487 5942 homineque
3509 5869 3654 5928 facto
