4108 6444
507 406 639 472 1οἰ

1813 409 2253 470 JUSTINIANI
2301 410 2456 468 1MP.

3631 409 3764 474 1052

515 519 598 568 καὶ
625 513 898 587 Θεόδωρον,
931 515 1015 565 καί
1039 516 1126 568 τήν
1152 512 1411 584 εἰρημένην
1440 510 1601 566 ἀσεϐἠ
1632 511 1895 567 ἐπιστολήν
1925 533 2078 564 κατα-

2195 520 2356 564 locata
2385 528 2525 580 spes,
2558 509 2919 577 Theodorum,
2951 529 3162 582 unaque
3193 514 3406 583 impiam
3453 518 3606 569 sunul
3637 519 3749 588 epi-

518 605 742 669 δικάσει;
765 603 959 660 Ἐπειδὴ
977 603 1027 656 δὲ
1052 604 1293 656 ἐπαινεῖτε
1317 607 1405 660 τήν
1433 601 1592 659 ἀσεϐῆ
1615 603 1884 658 ἐπιστολήν
1914 605 2079 674 περιέο

521 717 558 765 χ
579 717 748 756 υσαν,
779 694 854 749 ὅτι
880 694 904 747 ὃ
930 695 1084 765 λέγων
1111 696 1258 748 αὐτὸν
1291 694 1378 748 τὸν
1423 695 1542 747 Θεὸν
1577 694 1718 764 λόγον
1766 695 2082 766 σαρκωθῆναι

517 787 601 837 καί
628 785 984 856 ἔνανίρωπίσαι
1011 796 1099 842 την
1127 782 1362 856 διαφορὰν
1383 784 1580 856 ἀναιρεῖ
1605 787 1694 835 τοῦ
1722 789 1839 834 ναοῦ
1881 782 1962 834 καί
1993 789 2080 836 τοῦ

517 877 818 933 ἐνοικοῦντος
844 875 889 926 ἐν
918 881 988 942 τῷ
1014 881 1145 943 ναῷ,
1175 876 1437 945 γινώσκετε
1475 870 1551 926 ὅτι
1584 871 1820 945 διαφορὰν
1849 876 1938 942 μὲν
1982 880 2081 927 τῶν

515 967 741 1037 suiatore,
789 965 838 1026 ἐξ
873 961 991 1017 ὧνὸ
1037 961 1105 1024 εἷς
1135 961 1403 1036 Χριστὸςὸ
1444 964 1612 1033 κύριος
1659 965 1746 1015 καί
1782 965 1904 1024 Θεὸς
1946 965 2083 1023 ἡμῶν

517 1055 783 1114 συνετέθη,
827 1057 985 1129 ὀρθῶς
1023 1055 1053 1112 ἡ
1083 1054 1202 1124 ἁγία
1240 1060 1331 1107 τοῦ
1369 1059 1496 1108 Θεοῦ
1533 1053 1774 1110 ἐκκλησία
1816 1055 2082 1130 κηρύττει’

515 1148 746 1226 διαφορὰν
775 1147 827 1202 δὲ
855 1154 942 1204 τοῦ
972 1154 1094 1201 ναοῦ
1121 1150 1204 1200 καί
1229 1155 1315 1201 τοῦ
1339 1148 1639 1204 ἐνοικοῦντος
1664 1145 1712 1198 ἐν
1737 1147 1892 1215 αὐτῷ.
1924 1143 2083 1204 οὐδεὶς

522 1251 612 1295 ενῖιν
639 1240 790 1312 ἁγίων
819 1243 1052 1314 πατέρων
1085 1237 1302 1302 ἐδίδαξεν
1320 1277 1334 1300 ,
1363 1239 1484 1292 ἀλλά
1523 1240 1664 1308 μόνοι
1688 1239 1732 1292 οἱ
1772 1239 1970 1297 ἀσεϐεῖς
1994 1249 2083 1292 Nec

516 1331 721 1406 στόριος
761 1335 845 1386 καί
879 1329 1137 1405 Οεόδωρος
1164 1334 1424 1403 εἰρήκασι,
1463 1327 1554 1382 δύο
1590 1329 1806 1382 ἐντεῦθεν
1827 1329 2084 1402 πρόσωπα

518 1422 731 1493 είσάγειν
759 1421 1064 1492 βουλόμενοι.
1097 1416 1189 1473 κᾶν
1207 1422 1306 1496 γὰρ
1329 1420 1380 1472 αί
1399 1420 1524 1472 θεῖαι
1547 1421 1752 1491 γραφαί,
1781 1424 1864 1472 καὶ
1887 1420 1929 1472 oi
1953 1417 2086 1489 ἅγιοι

519 1513 734 1585 πατέρες
760 1521 820 1585 τῇ
846 1519 935 1567 τοῦ
959 1518 1078 1565 ναοῦ
1107 1512 1350 1582 ὀνομασίᾳ
1379 1511 1675 1583 κέχρηνται,
1706 1509 1829 1562 ἀλλά
1854 1509 1910 1563 τὸ
1935 1517 2086 1578 σῶμα

527 1608 607 1656 τοῦ
631 1608 926 1673 μονογενοῦς
951 1602 1062 1654 υίοῦ
1081 1607 1171 1654 τοῦ
1187 1607 1314 1655 Θεοῦ
1333 1601 1662 1670 σημαίνοντες
1685 1606 1837 1654 τοῦτο
1862 1600 2085 1668 λέγουσι,

519 1695 680 1753 καθὼς
710 1690 844 1748 εἶπεν
880 1693 906 1748 ὁ
947 1693 1326 1765 εὐαγγελιστής⁶
1360 1709 1376 1740 t
1402 1693 1553 1750 Αὐτὸς·
1583 1690 1636 1744 δέ
1675 1689 1814 1761 ἔλεγε
1853 1695 1969 1764 περὶ
1997 1698 2085 1744 τοῦ

519 1789 632 1836 ναοῦ
658 1789 744 1838 τοῦ
775 1785 1012 1852 σώματος
1048 1785 1221 1835 αὐτοῦ.
1253 1798 1271 1832 ι
1302 1779 1478 1842 Οὐδείς
1503 1781 1603 1854 γὰρ
1629 1787 1718 1834 τοῦ
1753 1781 1860 1840 ἐνὸς
1883 1785 2087 1854 προσώ-

2184 601 2376 654 stolam
2432 604 2844 657 condemnabit?
2894 605 3027 657 Cum
3082 614 3260 658 autem
3310 606 3360 658 id
3408 607 3749 662 vehementer

2184 691 2442 760 probetis,
2492 691 2634 759 quod
2683 693 2737 746 in
2785 694 3102 747 exsecrabili
3142 709 3205 747 ea
3242 694 3464 762 epistola
3504 695 3746 763 traditur,

2185 779 2486 832 doctrinam
2534 781 2780 834 nimirum
2828 798 2931 851 qua
2985 782 3214 836 Verbum
3262 783 3400 836 Deus
3447 783 3751 839 incarnatus

2185 869 2454 938 homoque
2501 873 2672 926 factus
2717 872 2932 940 dicitur,
2984 873 3266 927 discrimen
3316 874 3454 928 inter
3493 875 3750 943 templum

2185 969 2346 1028 atque
2375 961 2427 1014 in
2458 962 2658 1030 templo
2689 962 3070 1017 inhabitantem
3100 963 3399 1028 sustollere,
3425 965 3750 1031 cognoscite,

2187 1061 2495 1106 naturarum
2525 1054 2909 1120 diversitatem,
2951 1070 3017 1108 ex
3057 1055 3249 1122 quibus
3287 1055 3470 1110 unicus
3515 1055 3752 1110 Christus

2188 1143 2328 1198 Deus
2374 1153 2536 1212 atque
2576 1145 2826 1200 Salvator
2874 1155 3058 1200 noster
3088 1146 3450 1211 constituitur,
3495 1155 3642 1200 recte
3687 1147 3753 1201 ab

2187 1241 2372 1287 sancta
2403 1233 2495 1286 Dei
2527 1233 2760 1288 Ecclesia
2789 1235 3085 1303 praedicari;
3116 1243 3368 1290 czeterum
3414 1236 3596 1305 templi
3629 1236 3751 1304 hoc,

2187 1332 2347 1393 atque
2395 1325 2448 1377 in
2497 1325 2614 1393 ipso
2662 1326 3005 1381 inhabitantis
3041 1327 3328 1381 discrimen
3357 1343 3386 1380 a
3417 1329 3631 1382 nemine
3660 1345 3754 1382 un-

2187 1429 2347 1482 quam
2375 1424 2680 1468 sanetorum
2715 1416 2928 1469 Patrum
2973 1415 3135 1470 fuisse
3164 1418 3514 1486 propositum,
3561 1418 3653 1471 sed
3691 1421 3754 1472 ab

2189 1503 2365 1572 impiis
2388 1505 2558 1558 solum
2589 1504 2873 1561 Theodoro
2921 1515 3080 1575 atque
3103 1507 3352 1562 Nestorio
3375 1509 3755 1575 excogitatum,

2189 1592 2331 1659 quod
2360 1593 2492 1646 duas
2529 1595 2724 1648 exinde
2769 1611 3026 1664 personas
3073 1597 3326 1651 inducere
3375 1599 3754 1652 decrevissent.

2192 1686 2344 1752 Quod
2370 1687 2414 1740 si
2453 1687 2772 1756 quandoque
2798 1690 2986 1743 divina:
3041 1689 3253 1743 Littera:
3279 1692 3557 1760 sanctique
3582 1692 3756 1746 Eccle-

2189 1776 2282 1829 sia}
2311 1775 2498 1832 Patres
2542 1778 2642 1832 hac
2686 1795 2899 1847 quoque
2939 1781 3120 1849 templi
3156 1780 3474 1834 translatitia
3518 1781 3597 1834 usi
3640 1790 3756 1834 sunt

520 1893 616 1924 που
655 1878 743 1926 τοῦ
775 1878 996 1946 Χριστοῦ
1033 1870 1264 1945 διαφορὰν
1305 1871 1432 1942 πρὸς
1464 1872 1613 1924 ἐαυτό
1656 1867 1780 1924 εἶναί
1809 1893 1982 1944 φησιν,
2020 1875 2087 1934 ὡς

2195 1870 2569 1939 appellatione,
2605 1870 2653 1923 id
2685 1879 2860 1924 tamen
2881 1911 2894 1936 ,
2925 1879 2982 1924 ut
3009 1871 3372 1939 significarent
3398 1881 3606 1925 tantum
3641 1869 3755 1925 Uni~

518 1955 659 2012 ἄλλον
689 1961 735 2011 ἐν
765 1956 894 2030 ἄλλῳ
916 1955 1061 2025 εἶναι,
1095 1961 1216 2013 ἀλλὰ
1242 1967 1340 2014 τῶν
1366 1961 1562 2031 φύσεων
1589 1960 1735 2029 μόνον
1757 1999 1772 2024 ,
1795 1962 1845 2024 ἒξ
1875 1959 1940 2014 ὧν
1969 1961 1994 2016 ὁ
2023 1960 2090 2023 εἷς

519 2049 729 2120 Χριστὸς
756 2049 1075 2120 ἀσυγχύτως
1101 2053 1185 2103 καί
1211 2048 1504 2122 ἁδιαιρέτως
1535 2050 1861 2109 ἀπετελέσθη.

2191 1961 2354 2030 geniti
2384 1961 2502 2014 Filii
2535 1961 2628 2014 Dei
2673 1977 2868 2029 corpus
2897 1961 3209 2024 adhibuere,
3240 1976 3305 2015 eo
3334 1970 3558 2030 prorsus
3611 1962 3760 2015 modo

2198 2068 2304 2120 quo
2332 2052 2397 2104 de
2425 2052 2541 2118 ipso
2567 2052 2737 2119 inquit
2769 2051 3103 2118 Evangelista
3132 2069 3145 2104 :
3176 2051 3296 2121 Ipse
3339 2062 3512 2104 autem
3534 2049 3762 2122 loqueba-

2197 2151 2279 2193 tur
2323 2140 2386 2193 de
2438 2141 2622 2202 templo
2672 2142 2900 2210 corporis
2943 2144 3046 2194 suis
3096 2139 3274 2210 (Joan.
3328 2157 3385 2206 ιι,
3434 2141 3554 2212 21).
3604 2141 3761 2196 Nemo

519 2243 682 2294 porro
712 2227 824 2281 hac
862 2226 914 2280 in
949 2228 1104 2282 unica
1133 2227 1329 2283 Christi
1363 2244 1593 2298 persona
1619 2230 1821 2284 invexit
1849 2230 2152 2285 discrimina
2180 2272 2195 2297 ,
2236 2231 2386 2300 quasi
2417 2232 2519 2285 alia
2550 2235 2602 2285 in
2629 2231 2728 2284 alia
2759 2232 2866 2298 sit,
2905 2246 3090 2284 verum
3116 2231 3520 2285 distinctionem
3569 2240 3762 2284 tantum

517 2327 827 2373 naturarum
857 2318 1212 2384 admiserunt,
1241 2335 1307 2374 ex
1337 2321 1530 2388 quibus
1561 2337 1698 2376 unus
1733 2322 1976 2375 Christus
1996 2320 2286 2391 perﬁcitur,
2320 2337 2424 2375 non
2448 2321 2882 2376 conunixtionem
2905 2335 3120 2388 passus,
3146 2334 3318 2388 neque
3345 2319 3683 2374 divisionem.

589 2417 678 2468 Bai
703 2413 847 2482 ὑμεῖς
879 2415 1040 2468 τοίνυν
1080 2419 1169 2470 την
1207 2429 1298 2473 τίς
1330 2415 1599 2474 ἐπιστολῆς
1635 2414 1943 2474 ἐκδικοῦντες
1971 2416 2092 2469 ἀσέ-

520 2505 690 2568 ϐειαν,
735 2512 826 2564 τῆς
853 2505 1156 2578 ἀρνουμένης
1200 2505 1347 2557 αὐτὸν
1373 2505 1459 2559 τὸν
1495 2506 1616 2558 Θεὸν
1648 2505 1791 2574 λόγον
1836 2503 2094 2579 ἄνθρωπον

521 2597 830 2665 γεγενῆσθαι,
855 2591 1088 2670 πρόδηλοι
1111 2595 1447 2652 καθεστήκατε
1469 2594 1560 2650 δύο
1590 2597 1841 2669 πρόσωπα
1863 2601 1946 2651 εἰσ
1982 2618 2093 2668 γον-

521 2703 627 2747 τες,
667 2685 748 2736 καί
784 2691 948 2737 ταῦτα
971 2690 1198 2744 νοοῦντες
1226 2688 1454 2760 περὶτοῦ
1482 2695 1704 2758 Χριστοῦ
1735 2689 1802 2746 ὡς
1830 2693 1978 2758 ψιλοῦ
2004 2691 2092 2741 ἁν-

522 2774 752 2846 θ..ὡπου’
783 2771 907 2848 ὅπερ
943 2771 968 2827 ὃ
996 2773 1270 2834 ἀπόστολος
1309 2771 1444 2830 εἶπεν
1470 2775 1552 2831 διὰ
1577 2781 1696 2838 τοὺς
1724 2782 1940 2840 πιστοὺς
1972 2799 1989 2830 ι
2016 2778 2093 2834 ὅτι

521 2862 665 2931 ὑμεῖς
691 2863 810 2923 ναὸς
847 2870 973 2918 θεοῦ
1009 2869 1124 2920 ἐστε
1143 2904 1157 2929 ,
1188 2873 1272 2918 καὶ
1298 2867 1356 2920 τὸ
1394 2874 1592 2938 πνεῦμα
1618 2876 1709 2924 τοῦ
1733 2877 1862 2925 Θεοῦ
1902 2873 2028 2928 ο⁷κεῖ
2052 2873 2099 2926 ἐν

523 2953 664 3009 ῦιν.
698 2971 718 3006 ι
753 2965 838 3018 Ὠς
885 2959 1010 3013 κατὰ
1051 2961 1140 3018 τήν
1182 2957 1433 3030 ῦμετὲραν
1471 2962 1657 3021 πλάνην
1693 2965 1937 3036 μηδεμίαν
1977 2963 2098 3021 εἶναι

521 3045 760 3119 διαφορὰν
788 3050 976 3118 μεταξύ
1008 3051 1146 3118 ἡμῶν
1167 3057 1267 3105 τῶν
1296 3053 1585 3126 ἀνθρώπων,
1625 3060 1708 3110 καί
1739 3063 1828 3110 τοῦ
1855 3066 2096 3131 Χριστοῦ,

522 3137 651 3190 λοιθά
687 3139 774 3190 καί
807 3139 958 3199 αὐτὸς
981 3137 1233 3213 Θεόδωρος
1261 3140 1286 3195 ὁ
1313 3141 1590 3215 αἱρετικὸς,
1619 3144 1645 3200 ὃ
1683 3144 1981 3207 διδάσκαλος
2007 3155 2097 3201 τοῦ

2269 2412 2375 2466 Vos
2403 2413 2580 2480 itaque
2609 2412 2746 2465 illius
2774 2411 3010 2480 cpistola:
3042 2410 3370 2479 impietatem
3400 2409 3764 2475 defendentes,

2195 2519 2299 2572 qua
2328 2503 2490 2556 Deum
2527 2501 2758 2556 Verbum
2809 2501 3076 2554 hominem
3118 2501 3316 2554 factum
3360 2515 3490 2555 esse
3533 2509 3764 2569 negatur,

2197 2594 2480 2647 manifesto
2509 2592 2735 2661 duplicis
2767 2593 2815 2644 in
2850 2590 3064 2645 Christo
3089 2589 3333 2643 admissa:
3361 2605 3610 2658 persona:
3654 2591 3755 2644 red-

2198 2683 2512 2750 arguimini,
2568 2690 2729 2749 atque
2774 2681 2876 2735 hoc
2925 2681 3086 2733 modo
3125 2679 3192 2734 de
3235 2679 3477 2746 Christo,
3519 2689 3760 2747 tanquam

2199 2788 2336 2840 puro
2379 2772 2595 2824 homine
2637 2770 2823 2824 deliria
2864 2769 3135 2832 docentes,
3181 2769 3232 2822 in
3273 2769 3521 2823 eamdem
3557 2769 3622 2822 de
3654 2768 3757 2837 ipsa

2196 2862 2516 2918 sententiam
2547 2861 2840 2932 loqnunini,
2872 2876 2976 2928 qua
3005 2858 3069 2915 de
3097 2858 3440 2915 credentibus
3467 2860 3664 2915 dictmn
3688 2868 3762 2914 est

2199 2955 2266 3007 ab
2296 2953 2553 3022 Apostolo
2589 2971 2600 3004 :
2640 2950 2894 3016 Quoniam
2924 2954 3166 3021 temivtum
3194 2951 3290 3006 Dei
3313 2954 3437 3006 estis
3466 2970 3572 3016 ros,
3596 2963 3643 3006 et
3671 2952 3762 3004 1)ιί

2201 3043 2426 3114 Spiritus
2473 3042 2725 3095 inhabitat
2762 3042 2814 3093 in
2855 3042 2993 3094 vobis
3033 3039 3084 3110 (Ι
3116 3039 3234 3094 Cor.
3261 3057 3337 3105 ιιι,
3370 3041 3492 3111 16);
3519 3043 3590 3094 ita
3618 3049 3692 3103 ut,
3721 3039 3761 3092 si

2199 3135 2397 3190 erroris
2423 3134 2585 3188 vestri
2611 3132 2856 3187 habenda
2894 3133 2964 3186 sit
2992 3133 3147 3196 ratio,
3176 3132 3378 3186 nullum
3402 3133 3515 3202 jam
3541 3133 3760 3202 supersit

521 3227 810 3298 γράψαντος
835 3234 924 3288 τήν
953 3232 1237 3300 ἐπιστολὴν,
1269 3240 1316 3288 ἓν
1335 3244 1407 3307 τῷ
1430 3237 1586 3310 τρίτῳ
1610 3241 1741 3292 κατά
1758 3239 2092 3316 ’Δπολιναρίου

2199 3248 2298 3286 nos
2335 3232 2577 3286 homines
2616 3231 2754 3285 inter
2797 3231 3172 3297 Christumque
3201 3229 3511 3296 discrimen,
3538 3230 3688 3298 juxta
3717 3228 3762 3281 id

522 3316 652 3388 λόγῳ
689 3328 1016 3394 παραφρονῶν
1050 3327 1216 3377 ταῦτα
1242 3325 1310 3383 ὡς
1348 3325 1399 3378 ἐκ
1435 3331 1711 3400 προσώπου
1749 3335 1838 3383 τοῦ
1873 3336 2094 3400 Χριστοῦ

523 3408 674 3478 λέγει’
701 3427 718 3458 ε
740 3409 866 3482 Ἐγὼ
893 3415 1002 3474 μὲν,
1021 3409 1074 3466 ὃν
1099 3412 1248 3482 ὁρᾶτε
1279 3413 1497 3486 δ-Σναμαι
1517 3421 1608 3488 μὲν
1633 3427 1791 3474 ποιεῖν
1806 3418 1946 3474 οὐδὲν
1965 3424 2095 3475 κατὰ

523 3508 612 3557 τήν
655 3503 836 3554 οἷκείαν
883 3505 1034 3573 φύσιν
1086 3504 1174 3560 ἄτε
1227 3504 1486 3581 ἅνθρωπος
1536 3509 1622 3564 ὧν.
1665 3513 1964 3583 Ἕργάζομαι
2004 3510 2092 3577 δὲ,

522 3589 693 3649 ἐπειδή
725 3594 771 3644 ἐν
799 3595 906 3662 ἐμοὶ
933 3596 1093 3663 μένων
1118 3597 1142 3649 ὁ
1168 3603 1336 3673 πατὴρ
1368 3598 1571 3656 ἅπαντα
1597 3611 1749 3656 ποιεῖ.
1781 3601 1975 3662 Ἐπειδὴ
1997 3607 2095 3678 γὰρ

522 3683 622 3752 ἐγώ
647 3703 722 3742 τε,
748 3687 918 3756 φησίν,
941 3686 988 3738 ἐν
1014 3694 1085 3755 τῷ
1113 3690 1294 3760 πατρί,
1321 3693 1402 3743 καὶ
1425 3689 1450 3744 ὁ
1478 3696 1646 3766 πατὴρ
1667 3694 1715 3745 ἐν
1742 3694 1868 3760 ἐμοί,
1891 3695 2014 3750 Θεὸς
2044 3693 2096 3747 δὲ

523 3771 670 3842 λόγος
697 3775 746 3826 ἐν
768 3772 926 3842 ἐμοὶὸ
954 3782 1043 3830 τοῦ
1077 3786 1202 3832 Θεοῦ
1231 3788 1517 3851 μονογενής,
1551 3779 1694 3838 δῆλον
1723 3781 1800 3838 ὅτι
1819 3787 1902 3837 καί
1927 3792 2097 3860 πατὴρ

523 3864 620 3914 σὺν
640 3862 796 3930 αὐτῷ,
828 3865 878 3916 ἐν
900 3865 1007 3934 ἐμοί
1024 3885 1077 3920 τε
1105 3869 1283 3937 μένων,
1313 3873 1482 3924 καὶτὰ
1511 3869 1636 3945 ζογα
1661 3881 1839 3925 ποιῶν⁶
1869 3877 1954 3929 καὶ
1973 3877 2099 3928 θαυ-

526 3953 720 4022 μαστόν
745 3975 800 4026 γε
837 3955 976 4009 οὐδὲν
1007 3959 1089 4011 ἐπί
1115 3966 1204 4013 τοῦ
1235 3969 1451 4034 Χριστοῦ
1483 3970 1633 4017 τοῦτο
1661 3966 1895 4033 νομίζειν,
1927 3975 2099 4037 σαφῶς

525 4042 684 4094 αὐτοῦ
711 4047 828 4116 περὶ
848 4052 944 4099 τῶν
970 4047 1152 4100 λοιπῶν
1172 4048 1398 4121 λέγοντος
1419 4054 1713 4126 ἀνθρώπων,
1728 4052 1865 4107 -”Ο
1887 4056 2097 4127 ἀγαπῶν

525 4151 586 4199 με
609 4133 689 4184 τὸν
713 4133 854 4205 λόγον
882 4158 977 4206 μου
1005 4144 1234 4209 τηρήσει,
1265 4144 1347 4194 καὶ
1370 4141 1395 4196 ὁ
1422 4148 1592 4214 πατήρ
1616 4167 1713 4216 μου
1736 4146 1990 4219 ἀγαπήσει
2011 4151 2098 4200 αὖ·

526 4225 642 4287 τὸν,
684 4228 915 4303 καὶπρὸς
948 4231 1096 4283 αὐτὸν
1130 4233 1464 4302 ἐλευσόμεθα,
1503 4242 1586 4290 καί
1631 4240 1780 4301 μονὴν
1813 4238 1936 4308 παρ’
1963 4241 2098 4310 αὖτῷ

527 4317 888 4384 ποιήσομεν.-
900 4322 956 4370 Εἰ
971 4321 1067 4391 γὰρ
1082 4322 1205 4394 παρ’
1223 4323 1412 4390 ἑκάστῳ
1432 4329 1530 4376 τῶν
1552 4327 1794 4379 τοιούτων
1826 4329 1906 4384 ὅτε
1928 4335 2096 4406 πατὴρ

526 4407 612 4456 καί
638 4403 664 4458 ὁ
701 4406 808 4466 υίὸς
837 4413 924 4465 τήν
952 4411 1105 4476 μονήν
1135 4418 1420 4474 ποιοῦνται,
1464 4417 1514 4466 τί
1540 4415 1828 4486 θαυμαστὸν
1871 4421 1914 4470 εἰ
1943 4419 1990 4470 ἐν
2025 4428 2096 4490 τῷ

526 4493 655 4545 κατά
697 4496 860 4566 σάρκα
896 4493 1114 4570 δεσπότῃ
1141 4507 1343 4570 Χριστῷ
1385 4498 1528 4572 ἆμφω
1567 4506 1696 4557 κατὰ
1741 4507 1922 4560 ταυτὸν
1959 4512 2097 4579 νομί-

2198 3324 2341 3395 quod
2368 3324 2678 3378 Theodorus
2708 3323 2988 3378 hmreticus
3030 3323 3169 3377 illius
3212 3321 3454 3390 epistola:
3498 3321 3761 3390 scriptoris

2195 3416 2448 3482 magister
2480 3415 2534 3468 in
2577 3414 2735 3468 tertio
2767 3413 3023 3468 adversus
3063 3412 3454 3481 Apollinarium
3499 3426 3762 3474 sermone,

2195 3505 2462 3559 Christum
2495 3504 2561 3558 de
2586 3519 2646 3558 se
2674 3504 2789 3573 ipso
2818 3505 3124 3572 loquentem
3153 3503 3501 3558 introducens
3529 3503 3631 3558 hoc
3655 3517 3762 3554 mo-

2197 3595 2286 3659 do,
2336 3595 2518 3663 inepte
2565 3605 2901 3648 commentus
2949 3604 3030 3649 est
3062 3611 3075 3646 :
3113 3613 3131 3645 ι
3168 3593 3279 3662 Ego
3321 3594 3571 3662 quidem,
3611 3608 3763 3662 quem

2199 3685 2502 3755 prospicitis
2530 3679 2660 3738 nihil
2689 3683 2864 3740 facere
2894 3701 3109 3755 possum
3140 3683 3433 3738 secundum
3467 3700 3640 3738 meam
3677 3698 3764 3736 na~

2198 3782 2391 3839 turam,
2419 3788 2540 3828 cum
2579 3774 2741 3828 homo
2769 3774 2869 3828 sim
2911 3792 2924 3828 :
2955 3790 3151 3844 operor
3178 3782 3377 3839 autem,
3424 3775 3673 3844 quoniam
3714 3773 3764 3826 in

2198 3881 2286 3919 me
2325 3879 2547 3918 manens
2575 3864 2732 3918 Pater
2761 3875 2947 3919 cuncta
2981 3874 3232 3935 operatur
3261 3883 3274 3917 :
3319 3867 3622 3930 enimvero,
3681 3864 3762 3917 in-

2198 3963 2332 4031 quit,
2362 3970 2417 4016 et
2445 3977 2545 4030 ego
2573 3963 2627 4017 in
2668 3961 2846 4026 Patre,
2879 3971 2935 4018 et
2962 3962 3121 4018 Pater
3162 3965 3214 4018 in
3256 3978 3364 4031 me,
3409 3965 3549 4018 Deus
3594 3971 3764 4017 autem

2198 4051 2433 4107 Verbum
2459 4053 2788 4119 unigenitum
2819 4053 2871 4106 in
2902 4036 2986 4107 me
3014 4061 3094 4106 est
3122 4071 3136 4104 :
3165 4063 3368 4107 certum
3400 4062 3504 4119 est,
3547 4053 3687 4122 quod
3715 4060 3765 4106 et

2200 4138 2359 4194 Pater
2387 4156 2506 4195 cum
2539 4142 2654 4210 ipso
2694 4142 2744 4194 in
2775 4157 2860 4196 me
2890 4152 3088 4207 manet,
3121 4151 3175 4196 et
3203 4157 3364 4212 opera
3391 4143 3535 4196 facit.
3569 4143 3635 4196 Et
3665 4157 3764 4194 non

2199 4240 2282 4286 est
2325 4231 2627 4286 mirandum
2667 4233 2733 4286 de
2771 4233 2986 4287 Christo
3025 4233 3137 4288 luce
3165 4235 3480 4299 existimari,
3513 4252 3632 4290 cum
3660 4236 3766 4289 eri-

2199 4322 2389 4376 denter
2434 4322 2547 4391 ipse
2568 4323 2633 4377 de
2661 4325 2868 4378 caeteris
2896 4325 3198 4378 hominibus
3227 4325 3373 4379 dicat
3413 4345 3431 4382 :
3465 4328 3564 4390 Qui
3604 4327 3765 4397 diligit

2198 4427 2295 4477 me,
2329 4429 2614 4466 sermonem
2657 4430 2823 4466 meum
2861 4413 3098 4482 servabit,
3138 4425 3186 4468 et
3223 4415 3384 4468 Pater
3413 4434 3556 4471 meus
3596 4417 3766 4486 diliget

2198 4519 2331 4567 eum,
2355 4511 2404 4556 et
2429 4503 2496 4555 ad
2523 4520 2635 4556 eum
2663 4507 2938 4568 veniemus,
2959 4514 3007 4557 et
3031 4507 3343 4558 mansionem
3375 4510 3513 4576 apud
3539 4524 3650 4560 eum
3688 4508 3767 4576 fa-

526 4583 684 4641 ζοιντο
707 4586 888 4650 μένειν,
915 4594 1005 4644 τῆς
1030 4590 1155 4640 κατά
1179 4594 1269 4646 τήν
1290 4592 1457 4645 οὐσίαν
1477 4594 1725 4654 κοινωνίας
1746 4600 2091 4667 προσιεμένης,

2201 4595 2390 4647 ciemus
2417 4594 2595 4663 (Joan.
2622 4611 2726 4659 xw,
2757 4593 2866 4663 25).
2902 4596 2954 4648 Si
2992 4597 3131 4649 enim
3167 4598 3303 4666 apud
3333 4612 3599 4667 quemque
3627 4597 3766 4665 ejus-

527 4672 595 4728 ὡς
618 4673 770 4737 ε’κός,
801 4677 879 4725 καὶ
905 4682 991 4731 τήν
1011 4685 1100 4736 τῆς
1126 4687 1277 4746 μονῆῖ
1306 4685 1579 4749 κοινωνίανς
1611 4700 1630 4733 ι

593 4762 793 4816 Τούτων
837 4769 1002 4818 τοίνυν
1047 4768 1180 4822 οῗτω
1210 4773 1351 4844 παρά
1386 4779 1474 4825 τοῦ
1516 4771 1798 4836 δυσσεϐοῦς
1837 4776 2093 4855 Θεοδώρου

524 4853 807 4924 εἰρημένων.
841 4857 896 4908 οὗ
929 4860 1245 4927 θαυμαστὸν,
1286 4861 1426 4934 εἴπερ
1451 4863 1476 4917 ὁ
1505 4867 1724 4919 ἐκπεσών
1749 4874 1840 4921 τοῦ
1876 4876 2000 4924 Θεοῦ
2032 4878 2095 4944 τῇ

524 4942 733 5015 ἀσεϐείᾳ
758 4950 1146 5018 συνεζευγμένην
1177 4949 1291 5020 ἔχει
1319 4956 1401 5006 καί
1426 4957 1640 5028 μωρίαν,
1672 4959 1834 5019 καθὼς
1860 4964 1976 5032 περὶ
1997 4969 2097 5015 τ’ἷν

524 5035 722 5086 ἀσεξῶν
762 5035 784 5088 ὁ
815 5043 1072 5108 προφήτης
1102 5042 1304 5103 Ἡσαΐας
1330 5045 1478 5116 λέγει,
1515 5064 1532 5096 ε
1563 5059 1616 5100 Ὁ
1641 5049 1810 5123 μωρὸς
1833 5052 1980 5124 μωρὰ
2005 5051 2093 5104 λα-

522 5124 692 5188 λήσει,
722 5130 804 5180 καί
837 5131 865 5186 ἡ
899 5129 1079 5204 καρδία
1106 5134 1259 5188 αὐτοῦ
1297 5138 1492 5204 μάταια
1529 5143 1717 5194 νοήσει.
1745 5157 1763 5189 ι
1799 5150 1854 5191 ‘0
1889 5142 1986 5214 γὰρ
2014 5143 2097 5194 τὸν

521 5217 721 5292 πατέρα
761 5221 956 5275 καὶτὸν
983 5224 1090 5276 υἱὸν
1126 5224 1258 5280 οὕτω
1295 5231 1456 5298 μένειν
1483 5231 1532 5282 ἐν
1560 5238 1632 5301 τῷ
1668 5239 1901 5303 Χριστῷ,
1937 5234 2100 5291 καθὼς

523 5310 608 5359 καί
633 5309 680 5360 ἐν
718 5317 824 5369 τοῖς
861 5311 1056 5373 λοιποῖς
1089 5317 1368 5380 ἀνθρώποις
1408 5317 1876 5395 διισχυριζόμενες,
1907 5325 1990 5373 καί
2029 5328 2098 5393 μή

523 5397 774 5471 ὁμολογῶν
801 5403 882 5454 τὸν
908 5406 1121 5477 Χριστὸν
1163 5403 1288 5460 εἶναι
1335 5410 1419 5462 τὸν
1454 5413 1572 5463 Οεὸν
1611 5411 1750 5481 λόγον
1779 5413 2100 5486 σαρκωθέντα

524 5491 604 5543 καί
630 5490 1108 5564 ἐνανθρωπήσαντα,
1155 5505 1264 5556 πῶς
1300 5499 1432 5569 λέγει
1477 5501 1695 5569 Χριστὸν
1733 5503 1857 5556 κατὰ
1903 5503 2096 5572 capra;

523 5579 584 5632 Oi
608 5574 707 5654 γάρ
739 5581 873 5652 ἅγιοι
899 5587 1116 5658 πατέρες
1136 5584 1492 5656 ὁμολογοῦντες
1513 5590 1600 5642 τὸν
1629 5593 1848 5662 Χριστὸν
1869 5587 1993 5644 εἶναι
2013 5593 2098 5644 τὸν

521 5671 648 5725 Ειιὸν
681 5671 816 5741 λόγον
853 5677 1173 5747 σαρκοιθέντα
1219 5679 1300 5730 καὶ
1335 5679 1809 5750 ἑνανθρωπήσαντα,
1849 5680 1920 5734 ὅτ’
1949 5680 2010 5735 ἄν
2049 5705 2098 5737 τι

527 5762 645 5828 περὶ
672 5763 829 5815 αὐτοῦ
863 5769 1092 5819 ταπεινὸν
1119 5766 1376 5836 λέγουσιν,
1412 5769 1569 5843 ὀρθῶς
1603 5771 1847 5839 ἐπάγουσι
1873 5773 1929 5824 τὸ
1967 5773 2097 5824 κατὰ

517 5854 714 5923 ςίἁριια.
748 5847 866 5902 Ἀλλ’
895 5853 938 5905 εἰ
962 5857 1047 5908 καὶ
1071 5863 1326 5924 προσῆκον
1353 5855 1407 5916 ἦν
1434 5860 1548 5918 τοὺς
1577 5858 1828 5931 Θεόδωρον
1859 5859 2096 5914 gramm-

2194 4686 2339 4739 modi
2387 4686 2661 4740 hominum
2702 4695 2755 4740 et
2801 4685 2960 4739 Pater
2999 4697 3054 4740 et
3093 4685 3256 4741 Filius
3298 4691 3630 4742 mansionem
3691 4686 3766 4738 fa-

2195 4776 2363 4840 ciunt,
2393 4775 2520 4845 quid
2558 4778 2750 4830 mirum
2780 4777 2822 4830 si
2866 4778 2917 4830 in
2964 4777 3187 4830 Domino
3226 4779 3518 4833 secundum
3553 4791 3762 4833 carnem

2198 4865 2434 4932 Christo,
2463 4868 2620 4920 ambo
2643 4868 2798 4920 simul
2823 4877 3135 4936 putarentur
3163 4884 3397 4933 manere,
3430 4868 3760 4924 communio-

2197 4970 2267 5008 ne
2322 4969 2507 5008 eorum
2572 4956 2864 5009 secundum
2912 4956 3286 5022 substantiam,
3338 4959 3762 5012 communionem

2200 5059 2413 5112 quoque
2453 5045 2745 5099 mansionis
2784 5044 3008 5099 fortasse
3051 5047 3405 5114 suscipiente?
3443 5067 3460 5098 ι
3497 5047 3588 5101 His
3612 5047 3764 5114 igitur

2199 5134 2253 5187 in
2294 5134 2434 5188 hunc
2473 5135 2688 5188 modum
2731 5134 2797 5188 ab
2827 5136 2986 5202 impio
3017 5135 3297 5191 Theodoro
3339 5139 3644 5208 prepositis,
3669 5133 3762 5188 tui-

2199 5241 2317 5278 rum
2348 5241 2468 5280 esse
2493 5227 2710 5280 minime
2751 5227 2909 5281 debet
2936 5228 3078 5295 quod
3107 5244 3136 5281 a
3170 5229 3279 5283 Dco
3306 5230 3558 5284 excideris
3584 5228 3763 5297 impie-

2201 5317 2296 5369 tati
2327 5317 2694 5387 desipientiam
2725 5317 3054 5388 adjunxerit,
3087 5322 3534 5389 quemadmodum
3564 5322 3628 5375 de
3664 5321 3761 5373 im-

2200 5407 2301 5475 piis
2326 5407 2633 5476 prophetica
2661 5408 2809 5464 Isaia:
2829 5411 3044 5479 przefert
3069 5413 3330 5467 sententia
3361 5430 3374 5464 :
3407 5412 3498 5466 Vir
3523 5414 3762 5482 insipiens

2203 5497 2357 5550 stulta
2387 5498 2633 5568 loquetur,
2659 5508 2707 5552 et
2733 5515 2822 5553 cor
2846 5501 2956 5568 ejus
2984 5503 3129 5571 fatua
3155 5503 3396 5573 cogitabit
3419 5502 3572 5574 (lsai.
3601 5516 3756 5563 xuii,

2204 5588 2278 5658 6).
2323 5588 2572 5658 Quisquis
2621 5591 2762 5644 enim
2809 5587 3020 5644 Patrem
3069 5601 3125 5646 et
3147 5592 3336 5646 Filium
3366 5592 3527 5646 sicin
3558 5590 3758 5645 Christo

2200 5682 2647 5750 quemadmodum
2671 5690 2725 5735 et
2745 5681 2796 5735 in
2818 5683 3035 5750 reliquis
3063 5683 3364 5739 hominibus
3387 5699 3598 5738 manere
3625 5680 3745 5734 aflir

2203 5779 2331 5830 mat.
2358 5770 2633 5838 Deumque
2664 5769 2892 5827 Verbum
2921 5773 3187 5830 Christum
3217 5778 3570 5843 iucarnatum,
3600 5775 3764 5828 homi-

2205 5864 2431 5930 nemque
2461 5861 2654 5916 factum
2685 5878 2801 5918 esse
2826 5880 2931 5919 non
2959 5853 3262 5938 conﬁtetur,
3293 5866 3572 5938 quomodo
3599 5869 3766 5936 potest
