4108 6472
530 452 668 518 1055

1789 449 2223 510 JUSTINIANI
2267 452 2422 510 IMP.

3605 446 3621 508 1
3635 448 3742 510 056

532 573 557 627 ὃ
584 583 676 627 ζῶν
700 579 889 646 πατὴρ,
913 576 1048 640 κάγώ
1070 579 1137 635 ζῶ
1167 571 1248 626 διὰ
1279 573 1358 626 τὸν
1385 575 1597 647 πατέρα,
1625 578 1711 625 καί
1752 573 1776 625 ὁ
1803 577 2008 644 τρώγων
2032 593 2094 640 με

2211 579 2251 626 in
2281 591 2358 626 me
2388 584 2576 636 "tonet,
2603 583 2650 627 et
2670 592 2762 643 ego
2785 577 2835 627 in
2865 591 2922 627 eo
2947 575 3122 642 (Joan.
3157 589 3208 625 vr
3228 613 3243 639 ,
3275 562 3384 634 5i).
3437 571 3584 626 Sicut
3613 577 3752 629 misit

533 665 752 723 κάκεῖνος
780 666 924 726 ζήτει
965 659 1026 713 δι’
1057 661 1160 728 ἐμᾶ.
1191 676 1209 709 ε
1255 664 1352 713 Καὶ
1391 667 1556 715 ταῦτα
1585 662 1673 730 μέν
1714 661 1845 714 οὕτω
1886 663 1968 714 καί
2009 682 2097 714 πι-

533 753 786 816 στεύομεν,
812 752 898 802 καὶ
923 748 1276 820 ὁμολογοῦμεν.

601 929 762 982 Πόσον
790 926 842 981 δὲ
874 925 1091 996 ψεύδους
1119 928 1257 980 ίστίν
1288 927 1484 979 κάκεῖνο
1510 927 1706 997 μεστὸν,
1729 923 1854 997 ὅπερ
1877 934 1938 995 τῇ
1978 947 2092 993 μνη·

532 1019 823 1089 μονωθείσῃ
853 1019 1027 1071 ἀσεϐεῖ
1055 1018 1294 1090 ἐπιστολῇ
1322 1018 1620 1091 περιέχεται
1647 1021 1763 1090 περί
1787 1025 1886 1069 τῶν
1906 1015 2100 1070 δώδεκα

531 1109 799 1178 κεφαλαίων
828 1115 917 1162 τοῦ
958 1110 1006 1161 ἓν
1035 1109 1194 1180 ἁγίοις
1226 1108 1494 1181 κυρίλλους
1537 1114 1836 1178 Συκοφαντεῐ
1869 1109 1964 1179 γὰρ
2005 1108 2097 1158 αύ-

529 1199 632 1261 τὸν,
672 1201 738 1257 ὡς
767 1200 884 1267 μίαν
915 1200 1060 1269 φύσιν
1097 1206 1186 1256 τῆς
1212 1199 1457 1256 Θεότητος
1494 1201 1691 1256 καὶτῆς
1716 1198 2100 1268 ἀνθρωπότητος

531 1293 622 1340 τοῦ
667 1295 886 1361 Χριστοῦ
926 1289 974 1338 ἐν
1000 1289 1196 1346 τούτοις
1237 1288 1467 1358 λέγοντα,
1505 1289 1589 1338 καὶ
1633 1285 1716 1341 διὰ
1744 1293 1894 1340 τοῦτο
1932 1288 2099 1346 πάσης

533 1381 768 1438 autem
806 1380 1166 1450 πεπληρῶσθαι
1201 1381 1267 1433 τά
1311 1381 1438 1432 αὐτὰ
1481 1378 1722 1449 κεφάλαια
1763 1378 1912 1450 λέγει.
1936 1375 2098 1450 Ὀπερ

534 1469 560 1522 ὃ
584 1470 825 1541 ὑμέτερος
844 1466 1145 1527 διδάσκαλος
1171 1469 1465 1540 πανούργως
1488 1467 1790 1541 ἔρμήνευσαι
1823 1467 1974 1536 λέγων
1991 1464 2094 1536 ’[Ιθ.

535 1559 844 1627 ίρμηνεύσας
891 1555 1070 1628 λίγει],
1110 1562 1177 1620 μὴ
1223 1556 1305 1610 διὰ
1349 1559 1412 1611 τὰ
1452 1555 1642 1611 δώδεκα
1692 1555 1932 1626 κεφαλαια
1961 1557 2007 1608 ἐν
2039 1564 2100 1627 τῇ

535 1648 776 1718 ἐπιστολῇ
815 1647 1042 1716 εἰρῆσθαι
1061 1644 1138 1700 ὅτε
1165 1651 1330 1699 ταῦτα
1356 1647 1524 1704 πάσης
1550 1645 1788 1704 ἀσεϐείας
1817 1645 2102 1719 πεπλήρων-

536 1761 640 1804 ται,
681 1738 783 1792 ἀλλ’
809 1735 887 1791 ὅτι
910 1736 1105 1809 εῗρηταε
1128 1738 1246 1807 μίαν
1283 1733 1407 1789 εἶναι
1445 1737 1594 1810 φύσιν
1627 1737 1861 1796 θεότητος
1898 1740 1982 1790 καί
2023 1739 2102 1791 ἀν-

535 1831 874 1905 θρωπότητος.
894 1826 1055 1903 Ὀπερ
1084 1830 1328 1906 προςανίς
1355 1828 1540 1898 ψεῦδός
1565 1829 1726 1882 ἐστιν.

2196 681 2274 718 me
2302 667 2466 720 ινὶυειιε
2509 664 2681 731 Pater,
2709 676 2758 717 ει
2785 681 2878 736 ego
2918 666 3024 718 vivo
3055 672 3263 733 praptcr
3312 663 3538 725 Patrem,
3572 676 3620 717 et
3665 669 3751 734 qui

2198 755 2472 807 manducat
2517 771 2597 808 me
2646 766 2695 807 ει
2731 757 2840 824 ipse
2885 756 3008 808 vivet
3055 762 3263 823 propter
3293 769 3390 806 me.
3425 753 3596 820 Atque
3640 755 3754 810 M‘c

2195 846 2409 914 quidem
2439 845 2705 900 credimus
2731 852 2785 898 et
2813 844 3144 898 conlltemur.

2267 935 2462 999 Quanti
2510 949 2722 1004 quoque
2768 933 3029 988 mendacii
3078 934 3290 1001 plenum
3339 942 3421 988 est
3453 933 3499 986 id
3530 933 3670 1002 quod
3706 936 3755 989 in

2198 1034 2489 1078 memorata
2519 1027 2678 1094 impia
2706 1025 2930 1093 epistola
2979 1024 3046 1078 de
3067 1024 3346 1078 duodecim
3377 1027 3544 1077 sancti
3575 1026 3755 1093 Cyrilli

2197 1117 2457 1184 capitibus
2484 1116 2789 1170 continetur
2815 1115 2827 1166 !
2860 1114 3224 1168 Calumniator
3247 1130 3475 1181 namque
3502 1113 3756 1184 Cyrillum

2199 1206 2390 1273 ipsum,
2420 1204 2564 1272 quod
2602 1220 2760 1257 unam
2789 1204 3079 1258 divinitatis
3102 1204 3555 1270 humanitatisque
3598 1212 3756 1257 natu-

2199 1308 2312 1346 ram
2343 1293 2394 1345 in
2422 1293 2655 1360 Christo,
2683 1293 2734 1346 in
2766 1292 2995 1360 pnelatis
3036 1292 3298 1359 capitibus
3327 1291 3620 1356 admiserit,
3672 1293 3757 1344 in-

2197 1383 2371 1450 deque
2413 1390 2619 1436 scatere
2667 1396 2728 1433 ea
2758 1381 2932 1449 capita
2973 1380 3244 1434 concludit
3271 1381 3413 1434 omni
3462 1381 3758 1448 iniquitate,

2199 1472 2341 1538 quod
2373 1472 2546 1538 ipsum
2572 1469 2763 1524 callide
2793 1471 2856 1522 ab
2887 1477 3214 1538 praeceptore
3249 1477 3427 1522 vestro
3451 1469 3754 1536 expositum

2199 1572 2300 1624 est,
2349 1561 2576 1625 dicente,
2624 1576 2731 1614 non
2779 1569 2836 1614 ut
2882 1560 2979 1628 ipsi
3026 1559 3215 1628 injuria
3266 1559 3415 1613 fieret
3462 1575 3525 1613 ea
3566 1568 3757 1614 vocata

2200 1652 2361 1707 fuisse
2393 1652 2650 1706 universae
2700 1652 2988 1720 impietatis
3031 1651 3221 1719 plena,
3273 1649 3364 1704 sed
3395 1651 3644 1718 quoniam
3686 1650 3757 1704 ibi

2200 1745 2410 1798 unicam
2439 1757 2556 1796 esse
2584 1742 2807 1796 docetur
2833 1741 3123 1794 divinitatis
3167 1741 3615 1809 humanitatisque
3657 1756 3760 1796 na-

2202 1841 2394 1886 turam.
2435 1831 2488 1883 Id
2517 1838 2694 1884 autem
2722 1830 2962 1898 putidum
2991 1837 3073 1883 est
3094 1838 3384 1898 patensque
3401 1831 3758 1886 mendacium.

605 1918 661 1972 ’0
705 1920 801 1989 γὰρ
832 1919 878 1970 ἐν
906 1918 1066 1991 ἁγίοις
1105 1918 1336 1992 κύριλλος
1363 1915 1475 1971 οὔτε
1519 1918 1568 1970 ίν
1609 1923 1719 1976 τοῖς
1755 1913 1915 1975 ἄλλοις
1946 1916 2097 1968 αᾶτοῦ

2211 1920 2396 1973 Nullibi
2431 1919 2571 1972 enim
2617 1917 3014 1971 demonstratur
3064 1917 3341 1988 Cyrillum,
3383 1933 3554 1986 neque
3590 1918 3642 1971 in
3695 1933 3758 1974 ea

535 2009 943 2082 συγγράμμασιν,
979 2005 1094 2061 οὔτε
1130 2008 1178 2058 ίν
1219 2014 1280 2077 τῇ
1322 2005 1581 2078 ἐπιστολῇ,
1692 2026 1788 2060 τινι
1817 2008 1882 2058 τά
1911 2003 2105 2058 δώδεκα

537 2098 774 2168 κεφάλαια
801 2099 1155 2162 ὑποτέτακται,
1184 2096 1289 2150 ἀλλ’
1332 2095 1446 2150 οὐδὲ
1487 2099 1534 2150 ἐν
1579 2099 1757 2156 αὐτοῖς
1805 2104 1912 2156 τοῖς
1960 2116 2107 2166 κεφα-

537 2189 690 2249 λαίοις
719 2191 839 2261 μίαν
866 2189 1012 2259 φύσιν
1043 2189 1274 2247 θεότητος
1318 2191 1401 2241 καί
1442 2189 1821 2262 ἀνθρωπότητος
1859 2186 2106 2242 δείκνυται

539 2285 777 2352 ετρηκώς,
823 2274 945 2333 ἀλλά
979 2283 1095 2351 μίαν
1122 2279 1404 2334 ὑπόστασιν
1431 2279 1540 2336 ἤτοι
1564 2277 1840 2352 πρόσωπον
1871 2288 1960 2338 τῆς
2000 2277 2104 2332 θεό-

539 2390 688 2428 τητος
726 2371 808 2422 καί
847 2377 935 2428 τῆς
965 2365 1345 2442 ἀνθρωπότητος
1386 2374 1473 2422 τοῦ
1516 2374 1735 2442 Χριστοῦ
1775 2363 1898 2420 εἶναι
1928 2364 2104 2420 διδάσο

541 2480 636 2512 κει.
660 2457 820 2532 Ὀπερ
859 2460 942 2511 καί
964 2455 994 2511 1'1
1022 2457 1141 2527 ἁγία
1165 2464 1255 2511 τοῦ
1286 2465 1410 2511 Θεοῦ
1454 2458 1689 2512 ἐκκλησία
1729 2458 1984 2531 κηρύττει,
2025 2457 2108 2508 καί

541 2547 730 2605 πάντες
758 2547 802 2598 oi
838 2545 1055 2618 πατέρες
1089 2543 1346 2608 ἐδίδαξαν,
1377 2547 1814 2614 ἀναθεματίζοντες
1849 2547 1966 2603 τούς
1993 2549 2109 2612 μίαν

544 2637 693 2706 φύσιν
720 2642 807 2693 τῆς
836 2634 1064 2692 θεότητος
1093 2636 1175 2686 καί
1215 2642 1304 2692 τῆς
1344 2633 1727 2708 ἀνθρωπότητος
1770 2639 1858 2688 τοῦ
1891 2639 2107 2705 Χριστοῦ

544 2724 790 2794 λίγοντας.
819 2720 963 2777 ’Άλλο
1005 2724 1102 2800 γάρ
1146 2725 1255 2776 ίστι
1291 2726 1458 2795 φηῖσις,
1505 2726 1590 2777 καί
1629 2721 1744 2777 ἄλλο
1796 2724 2104 2789 ύπέστοσις,

545 2815 654 2872 Stat
680 2814 974 2886 πρόσωπον.
1007 2817 1093 2866 ἰαί
1133 2815 1164 2870 ἠ
1199 2815 1290 2884 μὲν
1322 2814 1472 2884 φύσις
1499 2813 1557 2867 τὸ
1598 2819 1765 2871 κοινῶς
1793 2816 1874 2866 καί
1905 2820 2111 2883 γενικῶς

545 2909 672 2962 κατά
718 2907 917 2960 πάντων
969 2908 1254 2978 προσώπων
1303 2908 1734 2977 κατηγορούμενον
1780 2907 2030 2972 σημαίνει,
2079 2906 2110 2962 ἡ

544 2997 828 3055 ὑπόστασις
856 2993 910 3048 δὲ
959 2993 1067 3050 ἤτοι
1109 2994 1376 3067 πρόσωπον
1403 2996 1462 3048 τὸ
1497 2993 1651 3048 aaut»
1685 2993 1926 3048 δείκνυσι·
1955 2994 2112 3066 πρόσ-

543 3106 680 3138 ωπον
727 3087 826 3160 γὰρ
871 3084 917 3135 iv
951 3080 1080 3151 ἄλλῳ
1109 3085 1364 3154 προσώπῳ
1402 3079 1494 3135 οῦκ
1522 3082 1889 3154 ίπιθεωρεῑται.
1917 3078 2032 3134 Ὀτι
2058 3079 2111 3134 δὲ

545 3177 576 3233 ἡ
605 3176 813 3245 μυσαρὰ
842 3172 1083 3230 ἐπιστολὴ
1123 3174 1241 3243 περί
1274 3178 1372 3226 τῶν
1409 3169 1603 3224 δώδεκα
1639 3171 1909 3241 κεφαλαίων
1943 3177 2035 3225 τοῦ
2064 3171 2112 3224 ἐν

2202 2009 2427 2078 epistola
2457 2022 2574 2075 quae
2601 2007 2878 2060 duodecim
2906 2006 3137 2074 capitula
3163 2007 3552 2074 complectitur,
3588 2021 3760 2075 neque

2203 2097 2255 2150 in
2285 2110 2469 2150 eorum
2499 2095 2731 2163 capitum
2770 2093 2969 2162 aliquo,
3022 2109 3197 2162 neque
3225 2095 3276 2146 in
3305 2097 3514 2149 casteris
3540 2097 3760 2162 quibus-

2204 2188 2334 2241 libet
2378 2185 2527 2238 libris
2569 2185 2680 2240 suis
2726 2185 2939 2238 unicam
2983 2186 3273 2239 divinitatis
3316 2186 3763 2253 humanitatisque

2203 2286 2443 2332 naturam
2473 2276 2688 2341 dixisse,
2720 2290 2840 2329 cum
2869 2284 3055 2330 contra
3084 2277 3281 2331 diserte
3310 2277 3518 2340 doceat,
3549 2277 3763 2330 unicam

2204 2383 2322 2422 esse
2353 2367 2406 2420 in
2433 2367 2645 2420 Christo
2700 2365 2991 2420 divinitatis
3038 2367 3482 2435 humanitatisque
3511 2367 3764 2438 hypoga-

2205 2458 2304 2511 sim
2335 2459 2447 2511 sive
2476 2470 2777 2526 personam,
2824 2454 2968 2522 quod
3010 2465 3194 2511 sancta
3223 2456 3316 2510 Dei
3355 2457 3633 2525 proﬁtetur
3663 2456 3763 2510 Ee-

2205 2548 2389 2612 clesia,
2435 2546 2775 2613 universique
2821 2544 3006 2600 Patres
3048 2555 3306 2615 perpetuo
3353 2547 3601 2612 docuere,
3645 2564 3765 2601 ana-

2208 2642 2386 2693 thema
2436 2639 2487 2692 in
2517 2653 2611 2692 eos
2665 2637 2904 2691 dicentes
2948 2637 3040 2706 qui
3075 2639 3280 2692 unicam
3331 2638 3625 2692 divinitatis
3671 2639 3766 2691 bu-

2207 2731 2581 2796 manitatisque
2645 2735 2887 2782 naturam
2954 2741 3074 2783 esse
3129 2728 3182 2781 in
3237 2727 3449 2782 Christo
3489 2729 3764 2792 dicerent;

2210 2818 2352 2872 aliud
2416 2817 2612 2885 quippe
2666 2824 2854 2869 natura
2912 2825 3026 2883 est,
3101 2818 3241 2871 aliud
3301 2819 3601 2888 hypostasis
3653 2819 3768 2872 sive

2212 2920 2465 2976 persona.
2510 2904 2707 2958 Natura
2736 2903 2985 2958 videlicet
3012 2907 3366 2959 communiter
3417 2916 3576 2973 atque
3604 2918 3768 2972 gene-

2211 2997 2322 3051 rice
2348 2996 2417 3050 de
2457 2995 2643 3065 quavis
2669 3009 2896 3063 persona
2926 2995 3267 3063 praedicatur,
3315 3010 3542 3064 persona
3572 3005 3770 3058 autem,

2217 3086 2330 3141 sive
2356 3086 2661 3156 hypostasis
2687 3086 2939 3153 exprimit
2971 3086 3353 3154 proprietatem
3378 3103 3392 3151 ;
3425 3089 3772 3154 quamobrem

2217 3192 2319 3232 una
2364 3191 2594 3245 persona
2642 3175 2858 3228 minime
2911 3178 2962 3229 in
3008 3176 3175 3230 altera
3205 3175 3591 3230 consideratur.
3624 3176 3773 3241 Quo-

547 3262 704 3331 ἁγίοις
750 3261 982 3335 κυρίλλου
1020 3261 1168 3330 λέγει,
1199 3263 1266 3319 ὡς
1293 3259 1466 3317 πάσης
1489 3259 1726 3318 ἀσεϐείας
1766 3260 2109 3330 πεπλήρωται,

2216 3267 2356 3320 niam
2383 3273 2558 3318 autem
2582 3265 2632 3317 in
2659 3264 2896 3332 improba
2920 3279 2981 3318 ea
2998 3265 3218 3334 epistola
3232 3266 3296 3319 de
3310 3267 3586 3320 duodecim
3605 3265 3772 3322 sancti

547 3351 738 3412 ἔξεστιν
761 3352 876 3420 ὑμῖν
905 3347 960 3403 ἐκ
989 3357 1087 3402 τῶν
1104 3351 1271 3420 ἐφεξῆς
1298 3357 1387 3408 τῆς
1416 3350 1572 3406 αὐτῆς
1598 3349 1818 3408 ἀσεϐοῦς
1845 3349 2113 3409 ἒπιστολῆς

549 3448 697 3496 τοῦτο
727 3442 915 3514 εύρεῑν,
950 3442 997 3492 ἐν
1040 3437 1110 3499 οἷς
1135 3447 1354 3514 φανερῶς
1395 3437 1528 3496 εἶπεν
1555 3444 1620 3495 τά
1657 3443 1785 3496 αύτὰ
1812 3439 2001 3496 δώδεκα
2028 3461 2113 3494 κε-

550 3535 730 3604 φάλαια
759 3534 953 3585 ἐναντία
973 3527 1096 3584 εἶναι
1119 3539 1181 3605 τῇ
1209 3532 1327 3606 ὀρθῇ
1348 3533 1538 3585 πίστει.
1559 3529 1761 3590 Ἐπειδὴ
1791 3531 1843 3586 δὲ
1872 3535 2116 3603 μέμφεται

550 3626 579 3679 ἡ
607 3625 731 3681 αύτὴ
768 3623 957 3680 ἀσεϐής
999 3622 1234 3678 ίπιστολὴ
1275 3624 1304 3679 ἡ
1344 3623 1577 3692 λεγομένη
1596 3619 1712 3676 ἰϐα
1737 3623 1824 3676 τὸν
1870 3621 1920 3674 ἔν
1957 3620 2116 3692 ἁγίοις

553 3712 799 3786 ιύριλλην,
833 3714 898 3771 ὡς
928 3719 1094 3781 φωνῶν
1139 3711 1374 3784 διαφορὰν
1405 3713 1796 3784 ἀπαρνούμενον.
1846 3713 2115 3782 γινώσκετε

555 3804 635 3859 ὅτι
676 3805 758 3856 καί
796 3805 845 3854 ἐν
885 3804 1048 3870 τούτῳ
1076 3801 1211 3854 καὶὸ
1239 3802 1442 3876 γράψας
1482 3807 1573 3860 τὴν
1617 3801 1780 3858 ἀσεϐῆ
1831 3802 2113 3863 ἐπιστολήν,

556 3895 637 3946 καὶ
676 3892 700 3946 ό
737 3893 974 3967 ὑμέτερος
1000 3888 1301 3950 διδάσκαλος
1340 3889 1603 3960 ψεύδεται.
1626 3889 1700 3943 Ἐν
1728 3896 1856 3945 πᾶσι
1881 3891 1977 3963 γὰρ
2015 3897 2117 3949 τοῖς

553 3986 694 4046 ἰδίοις
721 3985 879 4055 λόγοις
908 3983 933 4037 ό
957 3985 1006 4036 ἐν
1035 3983 1194 4054 ἁγίοις
1225 3984 1477 4059 Κύριλλος,
1520 3985 1638 4056 περί
1666 3989 1755 4038 τοῦ
1785 3984 1956 4052 κυρίου
1983 3984 2118 4052 ἡμῶν

549 4075 712 4134 Ἰησοῦ
733 4082 954 4148 Χριστοῦ
980 4074 1250 4138 διδάσκων,
1280 4081 1449 4146 φωνῶν
1470 4075 1603 4146 λέγει
1627 4074 1885 4147 διαφορὰν,
1915 4078 1999 4127 καί
2026 4075 2119 4133 τὰς

551 4171 638 4230 μὲν
680 4168 876 4233 ὑψηλάς
919 4169 1047 4220 κατὰ
1091 4171 1180 4224 τήν
1215 4167 1425 4222 θεότητα
1470 4167 1660 4228 αὐτοῦ,
1684 4167 1776 4226 τάς
1802 4163 1854 4220 δὲ
1881 4167 2117 4223 ταπεινὰς

551 4261 672 4312 mw:
711 4264 798 4316 τὴν
837 4259 1191 4331 ἀνθρωπότητα
1231 4257 1409 4318 αὐτοῦ,
1450 4259 1625 4315 πασας
1654 4253 1707 4308 δὲ
1736 4255 1871 4326 ὅμως
1909 4256 1956 4317 ἐξ
1984 4255 2114 4317 ἰνὸς,

549 4350 634 4401 καί
669 4351 782 4420 περὶ
816 4347 944 4409 ἑνὸς,
976 4349 1060 4398 καί
1087 4350 1176 4398 τοῦ
1222 4346 1372 4398 αὐτοῦ
1404 4350 1530 4397 Θεοῦ
1558 4344 1700 4414 λόγου
1729 4345 2116 4417 σεσαρκωμένου

553 4441 799 4514 εἰρῆσθαι’
847 4439 1148 4513 ἀπαγορεύει
1197 4435 1251 4489 δί
1296 4434 1322 4489 ὀ
1368 4436 1513 4494 αὐτὸς
1557 4437 1606 4488 ὲν
1652 4435 1813 4508 ἁγίοις
1853 4436 2116 4509 Κύριλλος,

551 4529 684 4600 ἄλλῳ
735 4533 817 4582 καί
873 4527 1000 4597 ἄλλῳ
1046 4529 1303 4599 προσώπῳ
1354 4524 1669 4594 διανέμεσθαι
1714 4527 1925 4585 ταύτας.
1979 4522 2119 4581 Ἀλλὰ

549 4620 889 4690 ἀναμφιϐόλως
911 4619 1055 4687 ὑμεῖς
1079 4616 1169 4671 δύο
1198 4619 1494 4690 προσώποις
1516 4614 1760 4686 διανέμειν
1785 4617 2001 4675 θέλοντες
2025 4618 2117 4676 τὰς
2147 4644 2194 4704 D

549 4708 745 4778 φωνὰς,
779 4704 861 4760 διά
897 4715 1051 4760 τοίτο
1089 4706 1256 4778 λέγετε
1292 4707 1378 4760 τόν
1416 4708 1467 4758 ἐν
1505 4705 1663 4775 ἁγίοις
1696 4704 1921 4782 nepeta»
1951 4712 2120 4778 φωνῶν

550 4798 785 4870 ειαφορὰν
833 4796 1245 4868 ἀπαρνήσασθαι.
1281 4791 1484 4852 Ἐπειδὴ
1529 4792 1581 4848 δὲ
1635 4794 1930 4867 βουλόμενος
1984 4793 2121 4862 ὑμᾶς

552 4890 815 4946 ἀπατῆσαι
860 4889 946 4939 καί
974 4887 1022 4938 ἐν
1047 4888 1211 4956 τούτῳ
1243 4885 1269 4940 ό
1314 4885 1610 4948 διδάσκαλος
1643 4888 1783 4957 ύμῶν
1820 4883 1989 4948 εἶπεν,
2034 4891 2123 4946 την

548 4979 700 5034 αὐτήν
735 4976 894 5033 ἀσεϐῆ
942 4976 1200 5034 ἐπιστολήν
1232 4982 1324 5035 τὴν
1355 4977 1622 5048 λεγομένην
1659 4976 1776 5031 ἰϐα
1801 4988 1891 5036 τῆς
1928 4979 2119 5033 ’Δπολιη

547 5069 720 5143 νᾳρίου
742 5066 977 5125 ἀσεϐείας
996 5067 1347 5140 καταγράφειν,
1370 5070 1452 5120 καί
1467 5066 1548 5122 διὰ
1565 5075 1718 5122 τοῦτο
1739 5068 1939 5138 ὀφεῖλειν
1959 5069 2117 5126 αὐτὴν

549 5155 804 5228 ἰρθοδοξον
824 5159 1130 5228 νομίζεσθαϋ
1167 5157 1346 5213 εἰδέναι
1369 5152 1503 5230 dita;
1531 5166 1638 5234 χρὴ
1671 5157 1749 5214 ὅτι
1774 5163 1860 5214 καί
1881 5161 1929 5214 iv
1949 5161 2116 5232 τούτῳ

547 5248 816 5318 ἐψεύσατο·
840 5246 956 5303 οῦτε
975 5251 1074 5324 γὰρ
1095 5251 1220 5304 κατά
1244 5251 1607 5324 Ἀπολ-ιναρίου,
1628 5248 1857 5324 καθάπερ
1887 5252 2116 5324 ἀνωτέρω

545 5343 837 5413 εἰρήκαμεν,
866 5341 1168 5412 γέγραπταιο
1196 5337 1334 5408 ὅμως
1355 5339 1409 5393 δὲ
1433 5342 1476 5393 εἰ
1497 5343 1578 5394 καί
1601 5339 1710 5394 καθ’
1734 5341 1867 5408 ὑμᾶς
1887 5347 2034 5394 τοῦτο
2059 5337 2118 5399 ἦν

543 5430 737 5493 ἀληθὲς,
763 5431 821 5482 οὐ
843 5427 924 5483 διὰ
943 5435 1095 5485 τοῦτο
1116 5431 1440 5503 ἠλευθεροῦτο
1461 5438 1549 5490 τῆς
1573 5431 1912 5503 κατακρίσεως
1933 5433 1964 5488 ἡ
1987 5433 2118 5489 αὑτὴ

543 5522 803 5579 ἐπιστολή.
843 5515 939 5574 κᾶν
973 5518 1070 5594 γὰρ
1108 5518 1254 5579 εἴτις
1296 5521 1542 5594 αίρετεκός
1572 5515 1702 5575 κατὰ
1741 5521 2020 5596 αἶρετικοῦ,
2063 5519 2121 5573 οὺ

543 5606 624 5661 διὰ
647 5615 796 5662 τοῦτο
819 5610 968 5668 αὐτὸς
983 5606 1241 5683 όρθόδοξος
1263 5606 1530 5664 δείκνυται.
1553 5613 1637 5664 Καὶ
1660 5607 1855 5685 Ἄρειος
1875 5611 1970 5685 γὰρ
1993 5613 2122 5665 κατά

545 5698 803 5750 Σαῗελλίου
835 5693 972 5753 εἶπεν
989 5737 1004 5758 .
1035 5701 1121 5752 καί
1143 5697 1483 5772 ’Δπολινάριος
1509 5699 1636 5754 κατά
1663 5702 1849 5777 Ἀρείου
1867 5744 1880 5765 ,
1919 5704 2004 5754 καί
2032 5703 2121 5754 Εὖ-

545 5787 716 5850 τνχὴς
762 5780 896 5839 κατά
939 5790 1232 5861 Νεστορίου.
1276 5791 1366 5841 Καὶ
1401 5784 1494 5842 κᾶν
1535 5791 1602 5845 τά
1639 5790 1866 5856 μάλιστα
1901 5789 2121 5866 διαφόρῳ

550 5889 700 5937 ηυνξ.
731 5871 911 5932 πάντες
949 5872 1086 5929 οὗτοι
1127 5879 1453 5946 κατείχοντο,
1499 5875 1635 5948 ὅμως
1675 5877 1836 5940 οὐδεῖῖ
1869 5881 2031 5934 α’)τῶν
2068 5881 2120 5934 ἐκ

2215 3355 2394 3426 Cyrilli
2417 3354 2677 3423 capitibus
2712 3353 2923 3418 dicitur,
2964 3355 3077 3422 ipsa
3107 3369 3225 3409 esse
3255 3356 3547 3423 iniquitatis
3592 3357 3774 3425 plena,

2215 3449 2267 3502 id
2307 3460 2465 3515 quam
2511 3444 2700 3497 falsum
2749 3444 2817 3498 sit
2845 3459 2912 3498 ex
2943 3444 3054 3513 ipsa
3077 3445 3316 3515 epistola:
3360 3446 3501 3500 serie
3527 3447 3774 3516 perves:i-

2215 3552 2340 3605 gare
2369 3536 2546 3590 licebit
2576 3535 2770 3604 illaque
2801 3536 3132 3603 perquirere,
3180 3537 3234 3591 iu
3275 3537 3468 3604 quibus
3493 3537 3776 3592 duodecim

2215 3642 2278 3681 ea
2307 3623 2478 3694 capita
2509 3623 2739 3678 afﬁrmat
2763 3641 2882 3678 cum
2915 3636 3059 3680 recta
3091 3626 3193 3681 fide
3217 3642 3474 3696 pugnare.
3518 3628 3649 3682 Cum
3674 3644 3774 3681 au-

2219 3723 2324 3766 tem
2350 3714 2510 3781 impia
2539 3729 2600 3766 ea
2628 3713 2851 3781 epistola
2879 3728 2996 3782 qum
3021 3715 3123 3769 lba:
3147 3715 3362 3784 dicitur,
3392 3720 3568 3785 negati
3596 3720 3779 3787 appel-

2216 3801 2475 3855 lationum
2506 3801 2824 3856 discriminis
2844 3811 3084 3857 sanetum
3105 3803 3359 3875 Cyrillum
3381 3815 3614 3873 accuset,
3637 3808 3778 3860 scia-

2219 3893 2306 3959 tis,
2353 3893 2493 3947 circa
2545 3893 2647 3946 hoc
2694 3893 2868 3962 ipsum
2913 3907 3129 3961 quoque
3173 3909 3280 3948 non
3328 3894 3491 3949 modo
3537 3895 3781 3964 epistolae

2217 3981 2357 4037 illius
2383 3982 2719 4050 scriptorem,
2747 3999 2930 4037 verum
2961 3985 3267 4051 magistrum
3297 4000 3512 4054 quoque
3540 3995 3781 4041 vestrum

2217 4087 2336 4127 esse
2387 4074 2690 4126 mentitum.
2743 4072 3028 4129 Enimvero
3071 4091 3392 4145 quocunque
3435 4078 3486 4131 in
3531 4092 3784 4131 sermone

2217 4177 2314 4216 suo
2343 4170 2554 4217 sanctus
2579 4162 2805 4233 Cyrillus
2834 4163 2899 4217 de
2926 4161 3052 4218 Jesu
3094 4163 3307 4220 Christo
3337 4165 3564 4220 Domino
3596 4175 3782 4221 nostro

2216 4254 2518 4305 sermonem
2544 4251 2791 4314 instituit,
2823 4253 3235 4322 appellationum
3258 4256 3371 4309 sive
3391 4256 3784 4328 depominatio-

2217 4357 2341 4395 num
2367 4342 2652 4397 discrimen
2675 4343 2776 4396 hoc
2804 4344 2980 4409 docet,
3006 4353 3061 4398 ct
3081 4346 3333 4400 sublimes
3354 4346 3568 4419 quidem
3596 4346 3782 4403 dicen-

2217 4433 2270 4487 di
2308 4434 2541 4489 rationes
2572 4433 2670 4503 ipsi
2707 4434 3000 4488 secundum
3029 4435 3378 4500 divinitatem,
3428 4437 3654 4490 humiles
3694 4451 3783 4490 au-

2217 4531 2324 4575 tem
2377 4529 2432 4576 et
2460 4521 2719 4577 demissas
2748 4524 3034 4577 secundum
3065 4525 3449 4578 humanitatem
3472 4527 3781 4588 convenire,

2219 4627 2405 4666 omnes
2434 4621 2611 4667 tamen
2661 4628 2726 4667 ex
2759 4630 2863 4667 uno
2893 4624 3054 4682 atque
3093 4615 3160 4670 de
3192 4632 3298 4670 uno
3349 4617 3623 4672 incarnato
3673 4618 3783 4670 Deo

2223 4699 2404 4754 Verbo
2434 4701 2730 4770 praedicari.
2769 4702 2929 4757 Vetat
2950 4713 3128 4758 autem
3156 4704 3384 4774 Cyrillns
3413 4721 3480 4760 ne
3524 4706 3784 4773 ejusmodi

2221 4791 2683 4851 denominationes
2710 4794 2798 4846 alii
2851 4804 2906 4848 et
2935 4796 3022 4848 alii
3054 4811 3297 4864 persona:
3319 4798 3526 4851 divisim
3557 4799 3785 4856 tribuan-

2222 4889 2331 4935 tur.
2365 4881 2476 4936 τνὀε
2506 4891 2685 4936 autem
2714 4884 2900 4954 procul
2930 4885 3092 4939 dubio
3121 4885 3319 4955 duplici
3352 4887 3632 4956 sejunctim
3665 4903 3786 4958 per-

2222 5005 2372 5045 sonas
2432 4990 2693 5058 ejusmodi
2750 4994 3136 5062 appellationes
3209 4997 3444 5051 tribuere
3503 4997 3741 5052 volentes
3765 5037 3781 5062 ,

2223 5082 2478 5153 Cyrillum
2526 5084 2646 5139 ideo
2695 5086 3110 5154 appellationum
3156 5088 3461 5143 discrimina
3506 5090 3787 5143 sustulisse

2220 5173 2636 5228 calumniamini.
2679 5174 2813 5228 Cum
2859 5177 3002 5229 enim
3043 5178 3184 5231 circa
3227 5179 3328 5233 hoc
3355 5192 3572 5246 quoque
3607 5194 3702 5232 vos
3731 5181 3783 5232 in

2220 5276 2454 5314 errorem
2478 5262 2726 5318 inducere
2749 5265 2846 5318 sibi
2873 5267 3234 5335 proposuisset
3265 5269 3317 5321 in
3337 5269 3516 5322 animo
3536 5271 3790 5336 magister

2221 5359 2420 5415 vester,
2469 5351 2652 5418 itaque
2698 5363 3032 5408 commentus
3057 5364 3197 5410 esset
3227 5371 3346 5410 eam
3374 5372 3492 5424 quae
3520 5358 3622 5411 lbze
3651 5357 3788 5412 dici-

2227 5446 2314 5491 tur
2342 5438 2624 5507 epistolam
2647 5439 2904 5494 adversus
2935 5442 3243 5512 Apollinarii
3273 5445 3598 5514 impietatem
3629 5444 3791 5500 fuisse

2224 5531 2613 5598 perscriptam,
2661 5531 2991 5601 proindeque
3057 5536 3311 5603 expedire
3365 5545 3427 5589 ut
3481 5537 3786 5591 orthodoxa

2219 5614 2571 5684 judicaretur,
2604 5618 3039 5675 animadvertatis
3083 5631 3317 5690 Oportet,
3351 5639 3416 5678 eo
3439 5639 3655 5692 quoque
3683 5623 3787 5677 loci

2224 5710 2502 5758 mentitum
2533 5707 2734 5776 pariter
2761 5722 2880 5762 esse
2907 5726 2920 5760 :
2961 5725 3066 5763 non
3097 5712 3260 5774 enim,
3292 5719 3351 5765 ut
3378 5712 3622 5780 superius
3651 5712 3788 5764 indi-

2222 5795 2481 5860 cavimus,
2497 5795 2749 5850 adversns
2764 5796 3143 5866 Apollinarium
3163 5801 3360 5870 scripta
3383 5809 3484 5854 est.
3499 5799 3786 5860 Cmtcrum,

2223 5883 2454 5944 etiamsi,
2487 5892 2540 5938 ut
2572 5884 2723 5941 vobis
2753 5886 2948 5957 placet,
2979 5889 3029 5943 id
3054 5893 3223 5960 ipsum
3249 5907 3345 5960 pro
3373 5905 3498 5946 vero
3525 5888 3787 5944 conceda-
