4108 6452
318 404 465 470 1057

1066 399 1427 463 EPISTOLA
1472 403 1870 467 ADVERSUS
1907 407 2389 474 THEODORUM
2431 413 2851 477 MOPSUEST.

3451 420 3593 485 1058

326 537 425 588 τῆς
488 530 729 587 τοιαύτης
786 527 1127 599 ἁντιρῤησεως
1183 524 1446 601 ὀρθὸδοξος
1513 526 1765 602 κρίνεται,
1822 527 1925 582 ἀλλ’

2031 534 2133 591 tur,
2167 544 2275 584 non
2319 540 2606 600 propterea
2650 535 2762 605 ipsa
2811 539 3061 595 immunis
3107 550 3373 603 censenda
3417 556 3519 608 erit
3566 572 3595 609 a

325 621 385 690 ὄρ
400 640 520 679 οιως
548 622 736 680 πάντες
758 620 857 673 ἀπὸ
878 628 968 679 τῆς
994 619 1256 678 καθολικὴς
1284 617 1542 677 ἐκκλησίας
1573 616 1924 680 καταδικάζον-

324 732 434 764 ται.
476 714 564 764 καί
591 711 643 763 ἐκ
674 711 863 764 τούτου
893 708 947 764 δὲ
977 708 1187 782 φανερός
1216 710 1351 764 ἔστιν
1386 707 1411 762 6
1440 714 1530 766 τήν
1564 710 1925 778 μνημονευθεῐ-

324 786 427 854 οταν
456 802 621 859 ασεΕῆ
641 802 847 874 γράψας
879 802 1149 859 ἐπιστολήν
1173 800 1265 855 δύο
1292 802 1544 875 πρόσωπα
1573 800 1821 873 εἰσάγων,
1848 800 1923 855 ὅτι

322 890 491 958 εἶπεν,
529 910 546 943 ε
574 902 679 952 Πῶς
707 891 918 948 δυνατὸν
938 894 1177 964 ληφθῆναι
1198 895 1285 949 τὸν
1314 896 1362 947 ἐν
1394 895 1538 967 ἀρχῇ
1567 894 1708 965 λόγον
1732 895 1809 947 έπί
1837 901 1924 948 τοῦ

322 991 453 1037 ναοῦ
475 992 566 1038 τοῦ
589 986 642 1038 ἐκ
666 987 872 1060 Μαρίας
890 988 1237 1059 γεννηθέντος
1265 1006 1282 1039 ε
1309 987 1380 1040 Δι’
1407 986 1469 1040 ὧν
1487 989 1719 1063 ῥημάτων
1734 987 1925 1043 δείκνυ-

321 1100 415 1132 ται
460 1086 715 1152 φανερῶς,
764 1078 841 1133 ὅτι
883 1081 943 1133 οὐ
968 1081 1056 1134 τὸν
1101 1082 1222 1134 Θεὸν
1270 1080 1416 1153 λόγον
1453 1081 1803 1153 σαρκωθῆναι,
1843 1084 1928 1133 καί

321 1170 574 1238 τεχθῆναι
598 1170 652 1222 ἐκ
678 1177 770 1230 τῆς
794 1170 942 1242 ἁγίας
961 1172 1209 1246 παρθένου
1238 1170 1432 1243 Μαρίας
1454 1171 1608 1243 λέγει,
1636 1166 1759 1225 ἀλλᾶ
1784 1170 1925 1241 ψιλὸν

322 1258 589 1334 ἄνθρωπον
633 1264 719 1316 τῖν
770 1263 992 1335 Χριστὸν
1038 1260 1089 1315 6v
1131 1264 1249 1317 ναὸν
1291 1263 1552 1317 ἀποκαλεῖ.
1580 1261 1695 1317 Ὀτι
1740 1261 1794 1317 δέ
1844 1267 1927 1317 καί

324 1352 518 1408 ταύτην
546 1356 635 1408 τήν
662 1351 901 1405 ἀσέϐειαν
929 1352 981 1405 ἐκ
1000 1358 1089 1411 τῆς
1112 1350 1371 1425 Θεοδώρου
1402 1350 1725 1411 διδασκαλίας
1749 1350 1925 1407 ἴλαϐεν

322 1441 350 1493 6
373 1446 467 1499 τὴν
497 1444 739 1512 μυσαρὰν
762 1442 951 1499 ἐκείνην
978 1442 1182 1514 γράψας
1211 1443 1505 1503 ἑπιστολήν,
1533 1441 1676 1499 δῆλον
1704 1445 1753 1507 ἔξ
1780 1440 1846 1496 ὧν
1877 1446 1925 1497 ἐν

323 1538 401 1599 τῷ
436 1533 593 1605 τρίτῳ
622 1531 753 1603 λόγῳ
783 1534 914 1585 κατὰ
938 1532 1288 1603 Ἀπολιναρίου
1319 1539 1410 1587 τοῦ
1440 1533 1697 1606 αἱρετικοῦ
1723 1533 1747 1587 6
1774 1537 1927 1596 αὐτὸς

320 1622 522 1681 ἀσεϐής
551 1621 809 1695 Θεόδωρος
839 1620 1061 1696 ἔγραψεν
1089 1622 1245 1693 λέγων
1262 1622 1462 1682 οὕτως’
1500 1640 1517 1672 ε
1545 1620 1667 1677 Ἀλλ’
1695 1621 1777 1696 ὅγε
1808 1626 1930 1685 Θεὸς

322 1715 416 1765 καί
436 1713 489 1765 ἐκ
516 1719 644 1767 Θεοῦ
672 1716 758 1768 καί
782 1712 1048 1783 ὀμοούσιος
1072 1720 1144 1783 τῷ
1171 1717 1358 1789 πατρί,
1386 1722 1459 1787 τῷ
1484 1716 1573 1785 μέν
1596 1715 1648 1768 έκ
1676 1730 1767 1775 τῆς
1796 1735 1930 1788 παρ·

323 1809 471 1860 θένου
503 1807 806 1879 γεννηθέντι,
839 1802 879 1859 ὦ
909 1807 1158 1877 Θαυμάσιε
1176 1849 1191 1874 ,
1232 1809 1318 1860 καί
1347 1809 1447 1861 ὑπὸ
1476 1812 1569 1862 τοῦ
1598 1806 1743 1880 ἁγίου
1775 1805 1929 1862 πνεύ-

2028 620 2489 677 condemnationis
2519 624 2757 693 judicio;
2806 645 2913 685 non
2961 635 3103 689 enim
3147 638 3268 694 ideo
3314 642 3598 700 hmreticus

2026 709 2289 778 quispiam
2332 711 2391 765 lit
2438 714 2790 783 orthodoxus,
2837 731 3123 790 propterea
3170 728 3314 794 quod
3343 730 3599 788 adversus

2026 801 2189 855 alium
2218 802 2526 857 hmreticum
2555 806 2927 876 disputaverit.
2968 813 3210 885 Namque
3240 821 3397 876 Arius
3433 826 3594 879 etiam

2028 890 2283 946 adversus
2325 892 2616 949 Sabellium
2662 899 2953 967 disseruit,
3004 914 3059 958 et
3107 908 3363 965 adversus
3409 913 3593 970 Arium

2027 980 2405 1051 Apollinarius,
2429 996 2485 1041 et
2505 986 2773 1060 Eutyches
2795 1005 2980 1049 contra
3001 997 3322 1065 Nestorium,
3354 1016 3407 1058 et
3425 1022 3598 1076 quan-

2026 1090 2185 1143 quam
2213 1077 2436 1134 diversis
2466 1082 2798 1148 potissimum
2828 1088 3098 1143 erroribus
3124 1092 3455 1150 adhaererent
3481 1101 3600 1153 uni-

2028 1168 2189 1236 versi,
2238 1184 2398 1225 nemo
2446 1180 2627 1228 tamen
2666 1190 2735 1229 ex
2778 1176 2941 1245 ipsis,
2990 1188 3293 1237 mutuarum
3336 1186 3598 1253 ejusmodi

2026 1262 2488 1316 concertationum
2518 1280 2699 1331 causa,
2749 1269 3080 1325 orthodoxus
3123 1283 3208 1327 est
3248 1276 3474 1342 habitus,
3508 1283 3601 1335 sed

2027 1366 2214 1406 omnes
2239 1354 2357 1420 pari
2386 1355 2606 1410 omnino
2637 1358 2847 1412 ratione
2868 1362 2936 1414 ab
2963 1360 3204 1417 Ecclesia
3235 1368 3601 1423 condemnan-

2028 1448 2132 1493 tnr.
2169 1444 2243 1496 Ex
2288 1444 2391 1497 hoc
2432 1461 2594 1514 porro
2624 1450 2963 1517 perspicuum
2991 1461 3093 1515 est,
3145 1470 3457 1511 memoratae
3490 1462 3603 1529 epi-

2026 1531 2177 1585 stola:
2203 1534 2517 1603 scriptorem
2549 1535 2811 1606 duplicem
2842 1555 3125 1609 personam
3157 1545 3430 1614 inducere,
3461 1549 3603 1616 quod

2027 1621 2221 1676 dixerit
2248 1642 2260 1675 :
2300 1643 2318 1675 ε
2348 1623 2630 1689 Quomodo
2659 1628 2775 1682 lieri
2807 1640 2983 1699 potest
3014 1634 3323 1691 utVerbum
3357 1640 3422 1692 ab
3450 1639 3603 1694 initio

2026 1713 2093 1766 de
2121 1715 2320 1784 templo
2348 1719 2645 1786 acceperit,
2678 1721 2823 1788 quod
2855 1738 2922 1776 ex
2952 1722 3120 1778 Maria
3147 1728 3386 1793 genitum
3422 1739 3503 1783 est
3527 1732 3550 1784 ?
3578 1750 3597 1782 ε

2029 1802 2233 1869 Quibus
2260 1806 2438 1861 verbis
2481 1810 2736 1877 exprimit
2776 1813 3055 1868 evidenter
3095 1832 3153 1870 se
3183 1819 3403 1873 minime
3431 1821 3603 1875 conli-

324 1917 498 1966 ματος
527 1900 657 1951 κατά
689 1898 784 1955 τὰς
813 1896 950 1955 θείας
979 1896 1339 1952 διαπλασθέντι
1378 1900 1600 1970 γραφὰς,
1640 1900 1718 1950 καί
1749 1901 1840 1955 τήν
1866 1917 1922 1968 γε

2031 1895 2128 1947 teri
2160 1896 2389 1951 Verbum
2420 1898 2589 1953 Deum
2634 1902 2966 1957 incarnatum
3014 1921 3152 1970 esse,
3202 1924 3266 1962 ac
3310 1909 3379 1963 de
3419 1919 3601 1967 sancta

322 1992 593 2042 σύστασιν
620 1989 701 2041 ὶπί
720 1997 810 2048 τῆς
832 1990 1120 2059 γυναικεθας
1145 1987 1390 2059 δεξαμένῳ
1413 1990 1793 2062 γαστρὸς,·ἑνῆν
1812 2030 1825 2049 ,
1856 1991 1923 2047 ὡς

324 2079 491 2145 εἰκὸς,
525 2076 696 2135 ἐπειδή
734 2077 843 2148 ἅμα
888 2086 961 2149 τῷ
988 2076 1389 2142 διαπλασθῆναι,
1432 2082 1513 2132 καὶ
1551 2080 1607 2133 τὸ
1649 2075 1772 2134 εἶναι
1798 2086 1923 2132 Θεοῦ

323 2171 450 2224 ναὸν
480 2170 694 2241 ἀλάθει’
737 2171 793 2222 οῦ
822 2175 919 2239 μὴν
950 2171 1033 2224 τὸν
1071 2171 1192 2225 Θεὸν
1232 2173 1532 2242 γεγενῆσθαι
1570 2172 1777 2241 ἡγητέον
1803 2174 1924 2242 ἡμῖν

324 2264 389 2312 ἐκ
417 2268 510 2319 τῆς
530 2261 801 2333 παρθένου,
830 2262 872 2314 εί
891 2267 960 2330 μή
976 2259 1079 2334 ἄρα
1100 2264 1285 2317 ταυτὸν
1308 2264 1513 2333 ἡγητέον
1529 2265 1651 2319 ἡμῖν
1666 2265 1724 2315 τό
1746 2283 1799 2317 τε
1814 2283 1924 2335 γεν-

324 2354 475 2408 νηθὲν
506 2357 590 2405 καί
615 2355 673 2406 τὸ
702 2356 750 2404 ἐν
788 2360 851 2424 τῷ
883 2355 1161 2425 γεννηθέντι
1185 2356 1272 2409 τὸν
1288 2358 1427 2421 ναὸν,
1452 2357 1637 2410 καὶτὸν
1659 2356 1705 2408 έν
1726 2364 1798 2428 τῷ
1822 2365 1927 2428 ναῷ

324 2445 457 2497 Θεὸν
487 2443 650 2515 λόγον*
684 2446 743 2496 οὐ
770 2450 866 2513 μην
888 2443 997 2499 οὐδὲ
1025 2447 1154 2500 κατὰ
1179 2451 1268 2504 τήν
1299 2452 1391 2504 σήν
1422 2451 1582 2518 φωνην
1617 2451 1924 2519 ἁποφαντέον

326 2537 500 2591 πάντη
525 2535 608 2589 τὸν
636 2537 688 2587 ἐκ
716 2543 806 2594 τῆς
829 2536 1079 2607 παρθένου
1107 2537 1395 2608 γεννηθέντα
1422 2540 1545 2594 Θεὸν
1575 2532 1695 2591 εἶναι
1722 2538 1775 2590 εκ
1796 2545 1924 2592 Θεοῦ

327 2626 606 2694 ὁμοούσιον
627 2632 700 2696 τῷ
730 2628 909 2695 πατρί.
939 2621 1107 2701 Εἰγοὶρ
1132 2632 1221 2680 οῦκ
1248 2624 1509 2698 ἄνθρωπός
1534 2630 1693 2691 ἔστιν,
1723 2632 1789 2688 ὡς
1812 2636 1924 2701 φής,

331 2718 625 2789 ἀναληφθεὶς
646 2718 672 2773 6
691 2720 937 2789 γεννηθείς
951 2721 1002 2772 ἐκ
1016 2728 1108 2778 τῆς
1122 2721 1395 2794 παρθένου,
1410 2722 1533 2779 Θεὸς
1550 2719 1602 2774 δέ
1625 2742 1659 2775 σ
1680 2760 1681 2763 η
1696 2723 1925 2794 ρκωθείς,

327 2817 449 2869 πῶς
486 2808 512 2863 6
550 2812 770 2878 γενηθείς
798 2812 919 2869 Θεὸς
946 2811 999 2862 ἐκ
1024 2818 1184 2872 Θεοῦ,
1228 2815 1309 2865 καί
1351 2810 1619 2882 ὁμοοῦσιος
1642 2814 1833 2884 λέγοιτο
1870 2808 1929 2867 ἂν

329 2910 405 2953 τιῖι
445 2904 627 2973 πατρί,
658 2908 749 2959 τῆς
783 2902 970 2977 σαρκὸς
1009 2904 1064 2954 οὐ
1094 2900 1372 2970 δυναμένης
1400 2906 1588 2961 ταύτην
1626 2906 1930 2977 προσίεσθαι

329 2996 426 3047 τήν
449 2996 636 3061 φωνηνς
666 2993 843 3046 Ἐστιν
880 2994 970 3061 μὲν
1012 2995 1112 3066 γὰρ
1153 2994 1358 3050 ἁνλητον
1383 2995 1440 3047 τὸ
1480 2996 1563 3048 τὸν
1602 2996 1726 3048 Θεὸν
1762 2996 1819 3048 ἐκ
1840 3004 1930 3054 τῆς

331 3083 589 3153 παρθένου
605 3086 925 3154 γεγεννῆσθαι
946 3084 1119 3154 λέγειν.
1137 3092 1297 3137 Τοῦτο
1309 3092 1407 3156 γὰρ
1424 3083 1564 3139 οὐδὲν
1580 3086 1746 3157 ἕτερόν
1768 3086 1924 3148 ἐστιν,

331 3174 365 3234 ὁ
397 3174 452 3226 ix
477 3176 774 3248 σπέρματος
814 3174 965 3226 αὐτὸν
993 3173 1150 3244 λέγειν
1193 3172 1348 3227 Δαϐὶδ
1389 3175 1440 3227 έκ
1481 3181 1575 3233 τῆς
1618 3176 1797 3234 οὐσίας
1840 3183 1930 3234 τῆς

2028 1984 2245 2053 Virgine
2273 1998 2477 2054 natum,
2506 1991 2600 2044 sed
2630 2007 2819 2061 purum
2847 1994 3119 2050 hominem
3143 1996 3414 2053 Christum
3442 2017 3602 2068 quem

2025 2079 2208 2147 templi
2235 2081 2496 2136 vocabulo
2519 2082 2781 2151 designat.
2812 2084 3094 2141 Constabit
3123 2090 3322 2157 pariter
3351 2092 3600 2154 dilucide,

2025 2168 2162 2224 hanc
2189 2185 2403 2239 quoque
2433 2172 2763 2241 impietatem
2812 2177 2881 2229 ab
2927 2178 3173 2247 improbo
3204 2183 3443 2248 epistola:
3472 2186 3602 2237 scri-

2026 2268 2180 2327 ptore
2211 2260 2455 2314 haustam
2496 2278 2615 2316 esse
2660 2279 2729 2318 ex
2776 2265 3045 2322 Theodori
3088 2269 3353 2334 doctrina,
3404 2277 3448 2327 si
3479 2290 3602 2328 cum

2026 2351 2090 2405 iis
2117 2367 2235 2420 quae
2264 2353 2577 2410 Theodorus
2607 2357 2720 2425 ipse
2751 2358 2803 2411 in
2835 2361 2995 2414 tertio
3018 2361 3271 2417 adversus
3292 2364 3604 2422 hsrreticum

2026 2440 2413 2507 Apollinarium
2463 2446 2599 2500 libro
2643 2449 2852 2517 scribit,
2896 2451 3224 2506 conferatur.
3273 2475 3292 2506 ε
3322 2457 3383 2510 At
3436 2462 3600 2522 enim,

2029 2531 2217 2598 inquit,
2252 2532 2415 2601 Deus,
2439 2545 2493 2589 et
2522 2552 2586 2591 ex
2617 2538 2748 2603 Deo,
2780 2543 3255 2599 consubstantialis
3286 2544 3450 2613 Patri,
3481 2559 3533 2602 et
3562 2551 3604 2605 is

2029 2624 2168 2678 idem
2194 2626 2383 2697 [στανδ.
2410 2627 2508 2699 illi]
2522 2630 2611 2698 qui
2633 2645 2700 2683 ex
2715 2630 2935 2699 Virgine
2952 2643 3110 2689 natus
3131 2644 3268 2701 erat,
3293 2653 3327 2691 o
3343 2640 3603 2705 mirande,

2030 2726 2084 2770 et
2106 2720 2193 2786 qui
2214 2734 2309 2787 per
2329 2719 2588 2789 Spiritum
2612 2731 2879 2792 sanctum,
2904 2726 3196 2779 secundum
3219 2727 3429 2783 divinas
3456 2729 3604 2785 Scri-

2033 2816 2216 2877 pturas
2245 2809 2539 2878 plasmatus
2570 2820 2650 2866 est
2692 2820 2746 2865 et
2793 2813 2847 2867 in
2894 2816 3143 2869 muliebri
3180 2827 3368 2871 ventre
3397 2822 3605 2891 accepit

2031 2901 2427 2965 conﬁctionem,
2456 2903 2631 2957 inerat
2653 2900 2896 2968 forsitan,
2920 2906 3043 2973 quia
3067 2921 3212 2970 mox,
3239 2916 3297 2960 ut
3313 2910 3605 2978 plasmatus

2032 2999 2133 3055 est,
2167 3001 2222 3045 et
2266 2998 2324 3046 ut
2355 2993 2614 3061 templum
2660 2992 2753 3047 Dei
2800 3004 2944 3049 esset
2985 2999 3235 3066 accepit:
3268 3015 3373 3053 non
3424 3009 3603 3057 tamen

2033 3081 2443 3134 existimandum
2473 3091 2554 3136 est
2584 3083 2750 3135 Deum
2782 3100 2847 3138 ex
2875 3084 3091 3153 Virgine
3120 3097 3303 3141 natum
3333 3104 3471 3155 esse,
3504 3094 3603 3147 nisi

2033 3171 2173 3225 forte
2200 3173 2339 3226 idem
2367 3175 2782 3229 existimandum
2813 3177 2967 3231 nobis
2995 3187 3094 3243 est,
3148 3189 3201 3234 et
3231 3182 3372 3249 quod
3420 3193 3603 3238 natum

334 3266 589 3338 παρθένου
653 3267 980 3334 τεταγμένον,
1038 3267 1119 3317 ναί
1169 3266 1219 3316 ὲν
1273 3266 1397 3338 αὐτῇ
1445 3263 1923 3335 διαπεπλασμένον

2031 3268 2131 3323 est,
2160 3260 2376 3328 etquod
2401 3268 2483 3313 est
2508 3260 2565 3314 in
2583 3271 2710 3321 nato
2730 3267 3079 3335 templum,et
3098 3284 3170 3338 qu
3209 3270 3263 3323 in
3294 3270 3494 3339 templo
3523 3280 3605 3327 est

331 3357 505 3423 έπείγε
535 3356 591 3409 τὸ
621 3356 672 3406 ἐκ
710 3358 1003 3431 σπέρματος
1052 3353 1213 3408 Δαϐίδ
1263 3359 1348 3409 καί
1390 3357 1441 3408 έκ
1482 3365 1570 3416 τῆς
1616 3358 1792 3413 οὐσίας
1836 3365 1927 3417 τῆς

333 3446 584 3520 trapezitae
608 3450 803 3500 συστὰν
827 3446 876 3498 έν
901 3454 961 3519 τῇ
983 3449 1195 3520 μητρῷα
1218 3450 1428 3519 γαστρί,
1462 3454 1547 3501 καί
1574 3456 1635 3519 τῇ
1662 3455 1750 3501 τοῦ
1778 3446 1926 3519 ἁγίου

332 3539 629 3604 πνεύματος
651 3535 958 3591 διαπλασθὲν
986 3535 1194 3605 δυνάμει
1217 3539 1542 3608 γεγεννῆσθαί
1575 3558 1732 3608 φαμεν
1762 3541 1813 3591 ἐκ
1836 3548 1928 3597 τῆς

331 3628 611 3703 παρθένου.
645 3645 664 3677 ε

2032 3347 2177 3402 Deus
2206 3348 2435 3402 Verbum
2462 3367 2475 3401 :
2506 3366 2611 3403 non
2644 3359 2839 3415 tamen,
2888 3368 2987 3408 nec
3012 3356 3300 3410 secundum
3333 3368 3479 3414 tuam
3512 3378 3597 3417 vo-

2032 3458 2149 3497 cem
2180 3443 2632 3511 pronuntiandum
2681 3452 2764 3497 est
2807 3445 3047 3509 omnino,
3082 3461 3148 3500 ex
3197 3447 3411 3516 Virgine
3440 3451 3606 3508 Deum

2034 3542 2217 3588 natum
2241 3547 2378 3597 esse,
2410 3540 2465 3587 et
2491 3547 2556 3586 ex
2585 3532 2697 3587 Deo
2722 3534 3233 3589 consubstantialem
3262 3537 3424 3592 Patri.
3475 3542 3607 3595 Nam

2034 3626 2080 3679 si
2120 3641 2229 3679 non
2273 3625 2438 3679 homo
2468 3632 2570 3688 est,
2602 3626 2739 3678 sicut
2768 3625 2920 3689 dicis,
2952 3636 3275 3697 assumptus,
3319 3632 3408 3700 qui
3449 3642 3608 3687 natus

2034 3728 2117 3774 est
2152 3733 2221 3772 ex
2243 3717 2481 3785 Virgine,
2526 3716 2665 3769 Deus
2690 3731 2821 3769 vero
2856 3717 3179 3784 incarnatus,
3212 3722 3485 3788 quomodo
3512 3721 3607 3791 qui

332 3817 496 3865 natus
542 3820 626 3865 est
683 3810 824 3866 Deus
877 3828 943 3867 ex
1005 3812 1156 3881 Deo,
1212 3823 1267 3869 et
1315 3814 1784 3869 consubstantialis
1814 3815 2010 3871 dicitur
2045 3812 2214 3877 Patri,
2251 3824 2412 3865 carne
2452 3824 2558 3861 non
2604 3816 2825 3876 p0tente
2866 3808 3002 3861 hanc
3051 3824 3240 3863 vocem
3286 3812 3609 3881 suscipere!

330 3903 474 3957 Nam
520 3914 605 3958 est
650 3904 864 3972 quidem
913 3904 1182 3961 dementia
1211 3906 1391 3961 dicere
1438 3907 1606 3961 Deum
1653 3922 1719 3961 ex
1752 3907 1990 3976 xVirgine
2030 3914 2213 3959 natum
2242 3918 2382 3957 esse.
2431 3899 2548 3954 Hoc
2574 3900 2715 3954 enim
2742 3899 2873 3953 nihil
2900 3899 3041 3952 aliud
3070 3910 3331 3969 estquam
3362 3920 3424 3958 ex
3449 3906 3608 3960 semi-

334 4010 409 4049 ne
450 4009 573 4048 eum
623 3994 802 4049 dicere
847 3995 1031 4059 David,
1085 4003 1141 4050 et
1180 3996 1251 4050 de
1297 3996 1594 4052 substantia
1634 3998 1871 4066 Virginis
1909 3998 2167 4067 genitum,
2218 4004 2273 4049 et
2318 3995 2371 4048 in
2417 3994 2529 4063 ipsa
2559 3994 2898 4063 plasmatum,
2948 3994 3072 4060 quia
3116 3995 3259 4060 quod
3297 4011 3362 4049 ex
3404 3998 3608 4053 semine

332 4085 525 4149 David,
572 4094 631 4139 et
680 4086 748 4139 de
788 4086 1085 4141 substantia
1136 4085 1371 4155 Virginis
1420 4097 1502 4142 est
1548 4087 1600 4142 in
1657 4096 1903 4143 materno
1929 4095 2121 4142 ventre
2149 4085 2411 4146 constitit,
2464 4093 2519 4139 et
2565 4083 2736 4138 sancti
2768 4082 2997 4152 Spiritus
3026 4085 3345 4154 plasmatum
3392 4088 3605 4155 virtute,

334 4185 523 4230 natum
553 4175 717 4229 luisse
742 4175 971 4229 dicimus
997 4191 1065 4230 ex
1094 4176 1330 4244 Virgine.
1364 4196 1381 4229 ι

414 4267 561 4321 οὓτω
607 4268 775 4321 τοίνυν
823 4266 1239 4339 βλασφημοῦντος
1262 4266 1546 4342 Θεοδώρου,
1579 4272 1661 4322 καί
1690 4270 1927 4331 πολλάκις

334 4354 786 4424 διαξεϐαιουμένου
828 4360 897 4425 μή
939 4354 1152 4409 δυνατὸν
1181 4352 1304 4410 εἶναι
1330 4356 1418 4410 τὸν
1456 4357 1576 4411 Θεὸν
1604 4361 1687 4411 καὶ
1717 4359 1772 4412 έκ
1799 4366 1924 4412 Θεοῦ

335 4452 426 4500 καί
473 4447 742 4518 ὁμοούσιον
788 4455 862 4518 τῷ
906 4449 1098 4521 πατρί,
1132 4448 1455 4520 σαρκωθῆναι
1495 4451 1582 4501 καί
1611 4450 1848 4519 τεχθῆναι
1873 4448 1925 4503 ἐκ

335 4549 431 4599 τῆς
470 4541 755 4616 παρθένου,
796 4536 971 4596 ἐπειδή
1021 4537 1139 4593 οὐδὲ
1167 4540 1197 4596 ἡ
1223 4540 1355 4612 σὰρξ
1399 4537 1669 4608 ὁμοούσιὸς
1701 4542 1813 4594 ἐστι
1853 4548 1925 4609 τῷ

336 4638 516 4709 πατρί,
548 4643 659 4693 πῶς
707 4635 794 4686 οὐκ
840 4632 1137 4707 έρυθριῶσιν
1183 4632 1230 4684 οί
1275 4633 1365 4686 τὸν
1409 4639 1635 4687 τοιοῦτον
1681 4633 1925 4705 αἱρετικὸν

335 4725 684 4787 ἐκδικοῦντεςς
721 4723 777 4783 ὄς
800 4744 875 4782 τις
904 4730 1054 4778 τοῦτο
1082 4726 1171 4793 μέν
1191 4732 1301 4782 ταῖς
1333 4725 1488 4781 θείαις
1513 4732 1749 4797 γραφαῖς,
1774 4730 1924 4778 τοῦτο

336 4817 396 4872 δὲ
426 4822 507 4871 καί
549 4826 656 4876 τοῖς
688 4816 850 4886 ἁγίοις
894 4820 1152 4887 πατράσιν
1200 4816 1392 4868 ἐναντία
1432 4822 1678 4885 μυσαρῶς
1715 4816 1923 4879 ἐξέθετο,

333 4908 487 4962 ὁπέτε
533 4906 682 4964 δῆλον
716 4911 853 4960 πᾶσι
901 4907 1203 4962 καθέστηκεν
1242 4908 1310 4965 ὡς
1355 4907 1605 4978 ἁπαρχῆς
1636 4908 1686 4969 ἐξ
1715 4903 1927 4979 οὗπερ’ὁ

334 5003 464 5060 Θεὸς
510 5005 601 5058 τήν
648 4998 907 5055 ὶκκλησίαν
956 4998 1281 5067 ὶθεμελίωσεν
1324 5000 1373 5050 ἐν
1414 5006 1478 5068 τῇ
1520 4999 1637 5072 ὀρθῇ
1667 4996 1925 5071 ὁμολογίᾳ⁶

337 5096 526 5151 πάντες
556 5092 603 5144 οἵ
644 5097 734 5144 τοῦ
769 5095 898 5143 Θεοῦ
938 5091 1093 5165 ἱερεῖς
1126 5087 1369 5162 ἔκηρυξαν
1409 5089 1492 5141 τὸν
1527 5092 1650 5142 Θεᾲν
1678 5088 1818 5156 λόγον
1845 5089 1928 5142 τὸν

339 5185 394 5237 ix
422 5191 550 5238 Θεοῦ
581 5184 902 5257 σαρκωθῆναι
932 5181 983 5233 ἐκ
1009 5188 1101 5239 τῆς
1142 5180 1289 5251 ἁγίας
1322 5182 1403 5233 καὶ
1445 5177 1641 5242 ἐνδόξου
1678 5179 1926 5251 παρθένου

339 5278 531 5349 Μαρίας
568 5275 721 5348 σαρκί
758 5272 1073 5342 έφυχωμένῃ
1116 5270 1269 5344 ψυχῇ
1309 5270 1478 5342 λογικῇ
1522 5272 1603 5322 καί
1642 5274 1815 5343 νοερᾷ,
1847 5274 1930 5324 καί

338 5369 362 5416 ἑ
378 5366 723 5440 ιαθθρωπῆσαι
743 5364 825 5415 καί
853 5363 900 5425 ἐξ
923 5362 1082 5421 αὐτῆς
1108 5365 1369 5429 τεχθῆναι⁶
1397 5365 1475 5413 καί
1498 5362 1629 5415 οἷ’τω
1664 5360 1925 5415 διὸὠσκονο

338 5478 443 5519 τίς,
476 5454 593 5510 οὐδέ
623 5459 815 5530 τροπὴν
842 5460 935 5512 τῆς
955 5453 1189 5511 θεότητος
1213 5455 1287 5513 εἰς
1316 5453 1480 5528 σάρκα
1507 5454 1793 5525 εἰσήγαγον,
1814 5452 1925 5507 οὐδέ

337 5547 421 5601 δια
452 5553 545 5605 τὴν
570 5548 741 5620 σάρκα
770 5544 1037 5614 ὀμοούσιον
1073 5538 1229 5598 αὐτὸν
1252 5539 1376 5598 εἶναι
1405 5551 1476 5615 τῷ
1506 5549 1662 5616 πατρί
1699 5548 1925 5619 ἀπηρνή-

337 5660 515 5701 σαντο,
560 5638 727 5697 καθὼς
765 5635 1024 5710 Θεόδωρος
1069 5636 1239 5710 ληρεῖ·
1271 5634 1375 5687 ἀλλ’
1400 5635 1488 5689 ἕνα
1533 5639 1614 5688 καί
1650 5637 1735 5690 τὸν
1778 5635 1925 5690 αὐτὸν

338 5727 507 5801 κύριον
546 5732 635 5782 καὶ
677 5729 795 5782 Θεὸν
834 5730 973 5797 ἡμῶν
1006 5732 1197 5784 ’ῐησοῦν
1247 5726 1500 5798 Χριστὸν,
1530 5726 1658 5779 κατὰ
1698 5727 1785 5795 μέν
1836 5732 1924 5785 την

339 5823 553 5878 θεοτητα
581 5818 850 5888 ὁμοοῦσιον
873 5813 995 5870 εἶναι
1022 5824 1091 5885 τῷ
1118 5819 1295 5887 πατρί,
1320 5815 1451 5867 κατὰ
1470 5813 1524 5867 δὲ
1552 5821 1641 5872 τήν
1667 5816 1925 5893 ἀνθρωπό-

347 5930 480 5969 tam
504 5910 585 5965 τὸν
617 5910 765 5965 αὐτὸν
793 5908 1061 5974 ὁμοούσιον
1091 5909 1206 5977 ἡμῖν
1234 5902 1353 5960 εἶναι
1380 5901 1622 5967 ἐδίδαξαν.

1954 4677 2001 4735 D

2103 4266 2193 4321 Sic
2239 4266 2419 4334 itaque
2464 4267 2871 4336 blasphemante
2921 4266 3226 4333 Theodoro,
3277 4278 3437 4338 atque
3466 4286 3607 4341 saepe

2032 4359 2224 4427 sepius
2272 4357 2601 4425 argumentis
2661 4357 2975 4411 deeertante
3020 4357 3239 4411 minime
3290 4360 3402 4412 ﬁeri
3451 4377 3607 4429 posse

2032 4449 2198 4502 Deum
2228 4449 2298 4502 de
2327 4448 2460 4514 Deo,
2492 4446 2743 4515 Patrique
2771 4448 3287 4501 consubstantialem
3317 4450 3607 4515 incarnari,

2029 4548 2083 4591 et
2110 4554 2176 4592 ex
2207 4538 2423 4606 Virgine
2453 4538 2619 4601 nasci,
2644 4552 2764 4591 cum
2793 4552 2921 4591 caro
2949 4535 3093 4590 Patri
3128 4539 3607 4595 consubstantialis

2029 4646 2147 4683 esse
2188 4645 2295 4683 non
2327 4630 2512 4698 possit,
2544 4628 2813 4697 quomodo
2839 4628 3045 4697 pudore
3072 4629 3308 4683 maximo
3353 4629 3471 4697 ejus
3499 4630 3608 4683 bte-

2028 4721 2179 4775 retici
2209 4720 2419 4791 patroni
2454 4735 2562 4773 non
2590 4717 2911 4782 afﬁciuntur,
2954 4719 3044 4787 qui
3092 4718 3195 4773 hoc
3223 4720 3393 4773 sacris
3418 4721 3608 4775 litteris

2028 4813 2385 4875 contrarium,
2434 4810 2486 4865 id
2528 4826 2651 4865 eum
2694 4818 3003 4865 sanctorum
3050 4808 3269 4865 Patrum
3321 4812 3609 4866 traditione

2028 4915 2271 4971 pugnans
2320 4902 2599 4966 invi-xerit,
2654 4901 2706 4954 in
2759 4900 2951 4969 quibus
2997 4900 3204 4954 scilicet
3250 4902 3608 4955 certissimum

2026 5004 2111 5048 est
2139 4994 2444 5061 unicuique,
2497 4992 2664 5046 Deum
2712 4993 2779 5046 ab
2828 4991 2980 5044 initio
3032 4988 3325 5045 Ecclesiam
3369 5006 3524 5045 suam
3555 4990 3606 5041 in

2027 5094 2178 5139 recta
2222 5081 2563 5137 confessione
2604 5080 2989 5135 constituisse?
3040 5077 3287 5133 Universi
3325 5080 3467 5132 enim
3515 5080 3606 5133 Dei

2031 5174 2343 5228 sacerdotes
2390 5172 2746 5242 prmdicarunt
2792 5170 2961 5223 Deum
3009 5168 3269 5231 Verbum,
3321 5168 3487 5221 Deum
3539 5169 3606 5222 de

2030 5266 2162 5332 Deo,
2194 5284 2259 5322 ex
2287 5277 2472 5321 sancta
2499 5274 2659 5332 atque
2693 5264 2924 5332 gloriosa
2954 5262 3119 5316 Maria
3152 5263 3367 5329 Virgine
3419 5272 3602 5316 natum

2029 5367 2085 5414 et
2115 5361 2448 5413 incarnatum
2488 5371 2624 5419 esse,
2667 5368 2995 5422 carnemque
3039 5354 3214 5407 anima
3257 5354 3503 5408 rationali
3550 5364 3605 5410 et

2027 5448 2374 5504 intellectuali
2397 5446 2714 5500 viviﬁcatam
2742 5445 3110 5513 assumpsisse,
3141 5452 3195 5498 et
3220 5445 3492 5499 hominem
3523 5445 3602 5499 fa-

2028 5549 2174 5595 ctum
2203 5552 2340 5602 esse,
2378 5545 2538 5604 atque
2564 5536 2630 5588 de
2659 5536 2771 5605 ipsa
2800 5533 3017 5601 Virgine
3045 5543 3267 5589 natum:
3322 5534 3481 5603 idque
3506 5536 3604 5589 do-

2027 5641 2211 5687 centes
2245 5645 2418 5698 neque
2448 5630 2857 5683 conversionem
2882 5627 3177 5682 divinitatis
3207 5629 3261 5682 in
3293 5631 3600 5684 humanita-

2029 5732 2136 5777 tem
2158 5724 2491 5783 invexerunt,
2517 5733 2689 5786 neque
2712 5718 2882 5787 ipsum
2904 5719 3193 5773 secundum
3216 5734 3429 5773 carnem
3454 5719 3600 5775 Patri

2028 5811 2535 5867 consubstantialem
2584 5824 2703 5864 esse
2736 5808 3026 5862 commenti
3057 5814 3203 5875 sont,
3235 5818 3395 5881 prout
3422 5809 3597 5866 Theo.

2028 5905 2191 5960 dorus
2222 5904 2443 5975 ineptit;
2485 5902 2579 5957 sed
2629 5902 2840 5957 auidum
2873 5908 2929 5956 et
2960 5900 3207 5957 eumdem
3232 5904 3514 5960 Dominum
3546 5911 3600 5959 et
