4108 6484
538 433 676 500 1059

1847 437 2282 499 JUSTINIANI
2325 439 2477 500 1MP.

3667 438 3801 506 1060

554 563 721 616 Deum
765 569 1004 616 nostrum
1052 557 1232 612 Jesum
1271 555 1564 617 Christum,
1616 552 1906 605 secundum
1953 551 2284 604 divinitatem
2329 553 2473 608 Patri
2527 557 3032 614 consubstantialem
3076 575 3231 626 esse,
3286 563 3438 618 nobis
3485 573 3666 620 autem
3709 583 3795 621 se-

549 650 780 704 cundum
837 645 1220 701 humanitatem
1272 659 1390 697 esse
1447 640 1953 696 consubstantialem
2015 640 2330 696 docuerunt.

617 741 762 797 Πάλιν
791 739 844 794 δέ
873 740 920 792 ἐν
949 747 1020 807 τῷ
1046 737 1377 810 προλεχθέντι
1401 736 1533 808 λόγῳ
1564 735 1587 786 6
1617 733 1876 791 δυσσεεής
1917 729 2116 786 Θεόδω-

2292 734 2494 792 Rursus
2534 747 2714 792 autem
2763 740 2956 808 impius
2989 741 3307 799 Theodorus
3344 745 3396 798 in
3428 747 3649 815 prtefato
3678 765 3794 804 ser-

546 851 633 903 ρος
658 831 962 900 βλασφημῶν
987 831 1068 881 καὶ
1095 833 1256 881 ταῦτα
1275 826 1426 896 λέγει·
1465 843 1481 874 t
1505 823 1626 878 Ἀλλ’
1643 826 1744 892 οὐχ
1768 825 1797 881 ἡ
1828 824 1936 876 Θεία
1965 825 2113 894 φύσις

547 919 599 970 ἐκ
625 920 872 991 παρθένου
914 919 1226 988 γεγέννηται⁶
1273 917 1563 987 γεγέννηται
1592 912 1644 967 δέ
1674 914 1727 966 ἐκ
1754 921 1844 972 τῆς
1869 913 2114 985 παρθένου

546 1009 571 1062 6
600 1009 650 1062 ἐκ
678 1018 766 1068 τῆς
797 1010 973 1069 οὐσίας
996 1016 1084 1068 τῆς
1111 1007 1361 1078 παρθένου
1391 1005 1604 1064 συστάς’
1635 1005 1735 1073 οὐχ
1769 1002 1793 1056 6
1822 1004 1945 1062 Θεὸς
1973 999 2116 1073 λόγος

545 1100 599 1150 ὲκ
623 1106 712 1156 τῆς
738 1101 927 1172 Μαρίας
955 1097 1240 1168 γεγέννηται
1261 1113 1273 1124 ⁸
1302 1096 1584 1166 γεγέννηται
1613 1091 1666 1147 δέ
1697 1093 1749 1146 ἐκ
1789 1096 1982 1168 Μαρίας
2011 1090 2036 1145 6
2067 1092 2118 1144 ἐκ

546 1190 839 1262 σπέρματος
870 1185 1047 1242 Δαϐίδ.
1081 1189 1203 1256 ,Οὐχ
1233 1191 1257 1238 ὁ
1283 1187 1403 1243 Θεὸς
1430 1185 1575 1253 λόγος
1603 1185 1655 1236 ἐκ
1679 1185 1914 1254 γυναικὸς
1945 1183 2112 1252 γεγένο

544 1295 708 1335 νηται·
739 1281 1024 1350 γεγέννηται
1052 1277 1105 1332 δέ
1147 1280 1200 1330 έκ
1227 1278 1455 1347 γυναικὸς
1485 1276 1594 1349 ὸτῇ
1639 1282 1728 1331 τοῦ
1775 1275 1918 1346 ἁγίου
1962 1272 2117 1329 πνεύ-

544 1391 704 1438 ματος
753 1368 959 1438 δυνάμει
1005 1369 1331 1429 διαπλασοείς
1377 1369 1425 1421 ἰν
1474 1370 1636 1440 αὐτῇ·
1684 1368 1775 1419 οὐκ
1821 1367 1873 1418 ἐκ
1918 1370 2117 1440 μήτρας

543 1463 771 1514 τέτεκται
799 1460 825 1515 6
855 1460 1123 1528 όμοούσιος
1152 1469 1224 1532 τῷ
1249 1462 1428 1532 πατρί,
1458 1461 1664 1534 ἀμήτωρ
1685 1462 1784 1532 γὰρ
1821 1455 1970 1518 οὗτος
1989 1459 2120 1513 κατά

543 1556 631 1608 την
673 1557 766 1604 τοῦ
814 1552 1058 1623 μακαρίου
1105 1552 1297 1604 Παύλου
1344 1555 1519 1622 φωνὴν,
1553 1549 1676 1602 ἀλλὰ
1725 1547 1749 1600 6
1792 1550 1842 1601 ἐν
1885 1549 2119 1620 ὑστέροις

545 1649 739 1716 καιροῖς
775 1641 822 1692 ἐν
859 1649 920 1714 τῇ
949 1643 1158 1712 μητρῲᾳ
1197 1643 1383 1711 γαστρί
1410 1647 1471 1714 τῇ
1500 1646 1590 1693 τοῦ
1638 1637 1784 1706 ἁγίου
1833 1640 2120 1710 πνεύματος

544 1727 750 1800 δυνάμει
777 1728 1118 1792 διαπλασθεὶς,
1145 1729 1231 1784 ἀτε
1263 1733 1347 1783 καί
1376 1729 1589 1802 ἀπάτωρ
1633 1727 1714 1782 διὰ
1737 1735 1886 1782 τοῦτο
1915 1729 2119 1800 λεγόμε-

544 1843 645 1882 νος.
669 1841 687 1874 ι
717 1827 804 1878 Καὶ
830 1831 995 1878 ταῦτα
1023 1826 1113 1894 μὲν
1141 1823 1164 1878 6
1193 1826 1381 1885 ἀσεϐὴς
1399 1823 1654 1898 Θεόδωρος
1674 1823 2123 1900 παραλογιζόμενος

542 1921 631 1974 τήν
658 1921 774 1992 περί
801 1919 982 1972 τούτου
1014 1917 1340 1973 διδασκαλίαν
1368 1926 1458 1972 τοῦ
1489 1919 1768 1973 ἀποστόλου
1815 1918 2042 1989 λέγοντος
2071 1921 2120 1972 ἐν

541 2015 604 2080 τῇ
645 2011 776 2083 πρὸς
818 2008 1081 2084 Ἐϐραίους
1129 2010 1369 2085 ἐπιστολῇ
1410 2013 1527 2085 περί
1571 2016 1661 2062 τοῦ
1703 2012 1880 2082 κυρίου
1922 2009 2118 2068 οὕτως’

2219 840 2378 879 mone
2420 827 2532 882 haec
2561 844 2776 898 quoque
2803 832 3139 901 blasphemat
3163 849 3216 888 ει
3248 835 3362 888 Νοιι
3394 847 3575 892 autem
3607 839 3792 895 divina

2219 926 2406 971 natura
2436 934 2503 972 ex
2531 921 2746 989 Virgine
2775 933 2900 976 nata
2927 933 3028 991 εει,
3061 926 3152 978 sed
3175 934 3329 980 natus
3358 937 3527 982 estex
3549 929 3790 998 Virgine,

2217 1009 2306 1075 qui
2329 1024 2395 1062 ex
2418 1011 2708 1065 substantia
2733 1013 2957 1080 Virginis
2983 1022 3194 1068 coastat
3219 1033 3230 1067 :
3258 1032 3361 1069 non
3391 1017 3529 1083 Deus
3553 1018 3789 1073 Verbum

2219 1113 2283 1152 ex
2315 1099 2477 1153 Maria
2504 1111 2657 1155 natus
2686 1113 2802 1165 est;
2837 1113 2993 1158 natus
3037 1114 3119 1159 est
3157 1116 3334 1159 autem
3377 1123 3440 1161 ex
3485 1107 3649 1162 Maria
3696 1113 3790 1177 qui

2219 1205 2285 1242 ex
2312 1191 2516 1246 semine
2559 1201 2642 1245 est
2667 1191 2851 1246 David.
2885 1194 2999 1248 Non
3031 1194 3170 1249 Deus
3205 1197 3432 1249 Verbum
3465 1213 3532 1251 ex
3563 1199 3791 1254 ntuliere

2219 1290 2374 1335 natus
2405 1290 2505 1344 est,
2556 1281 2649 1336 sed
2679 1295 2834 1339 natus
2863 1293 2944 1338 est
2990 1301 3056 1338 ex
3087 1285 3328 1350 muliere,
3377 1288 3466 1356 qui
3497 1303 3561 1340 ex
3591 1289 3789 1343 virtute

2220 1371 2449 1440 Spiritus
2477 1375 2643 1427 sancti
2675 1375 2966 1442 plasmatus
2995 1384 3077 1430 est
3123 1377 3175 1430 in
3205 1392 3266 1431 ea
3293 1395 3306 1430 :
3354 1394 3459 1432 non
3515 1395 3581 1433 ex
3614 1391 3788 1435 matre

2219 1472 2375 1516 natus
2402 1475 2483 1518 est
2507 1465 2975 1520 consubstantialis
2989 1465 3153 1532 Patri,
3187 1469 3301 1522 sine
3324 1478 3494 1524 matre
3516 1472 3656 1526 enim
3683 1481 3785 1538 est,

2220 1556 2511 1610 secundum
2541 1557 2683 1610 beati
2713 1555 2861 1611 Pauli
2893 1573 3104 1622 vocem,
3147 1559 3241 1612 sed
3269 1560 3360 1626 qui
3388 1561 3440 1613 in
3470 1563 3788 1629 posteriori-

2219 1645 2318 1698 bus
2371 1645 2698 1716 temporibus
2742 1647 2796 1700 in
2845 1655 3090 1701 materno
3136 1658 3323 1702 ventre
3359 1652 3529 1703 sancti
3558 1649 3791 1720 Spiritus

2221 1735 2418 1788 virtute
2447 1736 2740 1803 plasmatus
2769 1744 2869 1801 est,
2899 1736 3014 1791 sine
3049 1735 3206 1792 Patre
3235 1748 3520 1808 pr0pterea
3541 1741 3732 1796 dictus.
3763 1760 3784 1793 ε

2222 1823 2346 1878 lia-c
2375 1825 2565 1894 impius
2591 1826 2906 1880 Theodorus
2951 1837 3264 1896 pervertens
3306 1830 3604 1884 doctrinam
3645 1833 3792 1901 Apo-

2221 1919 2344 1972 stoli
2373 1919 2426 1971 in
2458 1917 2694 1987 Epistola
2731 1919 2797 1972 ad
2837 1918 3088 1974 llebmos
3117 1921 3184 1975 de
3214 1919 3429 1976 Christo
3453 1921 3678 1977 Domino
3707 1925 3789 1978 di-

2223 2009 2393 2063 centis
2419 2025 2432 2060 :
2467 2007 2644 2062 Primo
2673 2010 2875 2079 quidem
2895 2011 3260 2079 interpretatus
3289 2022 3362 2065 est
3394 2011 3508 2066 Rea:
3528 2014 3786 2084 justitiw;

548 2113 568 2149 ε
616 2106 816 2173 Πρῶτον
871 2083 960 2170 μέν
1006 2083 1395 2174 ἑρμηνευόμενος
1459 2083 1700 2170 βασιλεὺς
1751 2098 2070 2158 δικαιοσύνης
2098 2141 2112 2162 ,

2223 2097 2404 2151 deinde
2447 2115 2564 2151 vero
2610 2101 2764 2151 etiam
2811 2116 2902 2152 rea:
2946 2100 3144 2166 Salem,
3193 2103 3328 2171 quod
3373 2115 3449 2156 est
3494 2083 3606 2158 Rex
3625 2109 3791 2174 pacis,

542 2185 717 2242 ἔπειτα
745 2187 797 2242 δέ
825 2191 909 2242 καὶ
938 2189 1173 2258 βασιλεὺς
1201 2191 1364 2258 Σαλήμ
1384 2229 1398 2252 ,
1425 2187 1452 2242 ὅ
1480 2190 1590 2244 ἐστι
1629 2189 1869 2258 βασιλεὺς
1901 2192 2112 2257 εἰρήνης,

541 2282 774 2355 ἀπάτωρ,
814 2285 1046 2358 ἀμήτωρ,
1078 2285 1482 2362 ἀγενεαλόγητος,
1509 2295 1634 2355 μήτε
1678 2285 1848 2357 ἀρχὴν
1891 2286 2112 2355 ἡμερῶν,

542 2373 665 2437 μήτε
687 2374 818 2432 ζωῆς
838 2371 975 2430 τέλος
998 2370 1162 2441 ἔχων.
1185 2389 1200 2420 ε
1225 2379 1326 2426 Τοῦ
1345 2375 1444 2446 γάρ
1465 2372 1752 2427 ἀποστόλου
1775 2375 1891 2446 περί
1911 2373 2012 2432 ἰνὸς
2034 2375 2116 2426 καί

543 2465 636 2515 τοῦ
654 2459 1049 2520 αὐτοῦεἶπόντος
1095 2461 1377 2537 ἀπάτωρ,
1410 2464 1689 2535 ἀμήτωρ,
1719 2463 2117 2536 ἀγενεαλόγη-

543 2569 664 2611 τος,
686 2555 838 2622 μήτε
861 2553 1066 2628 ἀρχὴν
1090 2555 1351 2626 ἡμερῶν,
1377 2557 1527 2621 μήτε
1557 2553 1901 2615 ζωῆςτέλος
1926 2553 2110 2623 ἔχων,

543 2638 569 2694 ὂ
612 2639 867 2702 δυσσεϐὴς·
904 2643 1160 2721 Θεόδωρος
1191 2642 1334 2698 ἄλλον
1370 2645 1500 2714 λέγει
1540 2646 1808 2718 ἀπάτορα,
1848 2649 1933 2699 καὶ
1975 2645 2116 2700 ἄλλον

545 2731 796 2806 διμήτορα·
846 2733 968 2788 ἀλλά
1011 2733 1316 2808 διελέγξομεν
1359 2742 1450 2794 τὴν
1493 2743 1594 2790 τῶν
1635 2737 1768 2790 οὕτω
1811 2740 2116 2812 φρονούντων

544 2821 793 2879 ἀσέϐειαν.
826 2826 908 2877 καί
948 2825 1002 2878 ἐκ
1039 2833 1130 2885 τῆς
1177 2832 1274 2878 τῶν
1319 2824 1472 2896 ἁγίων
1502 2826 1736 2900 πατέρων
1767 2825 2113 2886 διδασκαλί-κς.

544 2914 689 2986 Λέγει
713 2916 812 2989 γάρ
842 2913 867 2969 6
895 2917 946 2968 έν
985 2915 1144 2988 ἁγίοις
1182 2917 1451 2989 Γρηγόριος
1485 2916 1511 2973 6
1540 2921 1815 2980 Ναζιανζοῦ
1843 2919 2118 2977 ἐπίσκοπος

545 3001 594 3054 ἐν
619 3011 690 3068 τῷ
709 3008 825 3076 περὶ
846 3012 944 3059 τῶν
965 3009 1227 3076 Θεοφανίων
1245 3007 1371 3076 λόγῳ
1395 3006 1571 3066 οὕτως’
1602 3024 1619 3054 t
1646 3010 1731 3066 Τίς
1765 3008 1821 3061 ού
1844 3016 2125 3078 προσκυνεῖ

545 3091 630 3145 τὸν
669 3095 946 3168 ἀπαρχῆςς
976 3100 1053 3156 τίς
1081 3099 1138 3150 ού
1166 3096 1363 3161 δοξάζει
1407 3100 1494 3152 τὸν
1537 3099 1858 3156 τελευταῖονζ
1890 3100 2035 3153 πάλιν
2060 3101 2118 3154 τὸ

544 3183 722 3244 σκότος
759 3183 946 3252 λύεται,
978 3188 1126 3241 πάλιν
1151 3189 1208 3242 τὸ
1246 3195 1347 3260 φῶς
1373 3189 1663 3258 ὑφίσταται,
1694 3191 1842 3243 πάλιν
1868 3188 2120 3261 Αἴγυπτος

544 3273 712 3344 σκότῳ
753 3277 1029 3340 κολάζεται,
1074 3278 1221 3332 πάλιν
1267 3279 1466 3352 Ἰσραήλ
1507 3279 1675 3348 στύλῳ
1720 3281 2004 3349 φωτίζεται.
2057 3292 2112 3334 '0

544 3361 664 3424 λαὸς
689 3365 714 3420 6
740 3371 1010 3438 καθήμενος
1039 3370 1088 3422 ἐν
1117 3369 1286 3424 σκότει
1313 3378 1402 3428 τῆς
1428 3371 1650 3441 ἀγνοίας.
1681 3369 1826 3424 ἰδέτω
1866 3379 1964 3441 φῶς
1992 3371 2118 3442 μέγα

545 3465 636 3517 τῆς
651 3459 987 3531 ἐπιγνώσεως.
1004 3463 1079 3515 Τά
1096 3463 1303 3535 ἀρχαῖα
1324 3463 1564 3531 παρῆλθε,
1583 3468 1663 3517 καί
1683 3463 1848 3535 γέγονε
1867 3466 1932 3518 τὰ
1953 3466 2118 3518 πάντα
2147 3437 2195 3502 C

545 3553 709 3612 καινὰ,
739 3553 796 3606 τὸ
827 3555 1038 3626 γράμμα
1063 3556 1351 3627 ὑποχωρεῖ.
1383 3556 1440 3610 τὸ
1470 3564 1670 3627 πνεῦμα
1692 3559 2117 3633 παρρησιάζεται·

545 3651 601 3696 αἱ
628 3646 772 3698 σκιαί
796 3648 1238 3720 παρατρέχουσιν,
1262 3650 1292 3704 ἡ
1318 3647 1517 3704 ἀλήθεια
1547 3649 1923 3721 ἐπεισέρχεται⁶
1948 3648 1972 3702 6
1999 3651 2124 3702 Μελ-

549 3731 760 3801 χισεδέκ
785 3735 1076 3802 συνάγεται⁸
1105 3733 1131 3788 6
1160 3737 1387 3812 ἀμήτωρ.
1422 3736 1632 3810 ἀπάτωρ
1672 3738 1879 3804 γίνεται,
1912 3737 2124 3812 ἀμήτωρ

547 3825 607 3880 τὸ
633 3825 892 3897 πρότερον,
915 3825 1130 3902 ἀπάτωρ
1160 3827 1216 3882 τὸ
1246 3825 1496 3901 δεύτερον.
1544 3828 1701 3896 Νόμοι
1730 3825 1928 3898 φύσεως
1966 3850 2124 3884 κατα·

547 3912 773 3970 λύονται.
805 3916 1118 3987 πληρωθῆναι
1159 3913 1239 3969 δεῖ
1281 3916 1363 3968 τὸν
1413 3912 1513 3968 ἅνω
1561 3916 1768 3984 κόσμον·
1797 3917 2010 3988 Χριστὸς
2042 3937 2090 3968 κε
2111 3944 2125 3956 ο

549 4001 682 4058 λεύει
709 4008 776 4072 μή
803 4006 1171 4076 ἀντιτείνωμεν.
1212 4022 1230 4054 ι
1266 4005 1390 4078 Πρὸς
1428 4001 1623 4064 τούτοις
1643 4002 1697 4057 δὲ
1727 4007 1808 4057 καί
1834 4004 1858 4058 6
1887 4006 1935 4057 ἐν
1965 4004 2127 4074 ἁγίοις

549 4094 760 4168 Πρόκλος
789 4093 813 4148 6
843 4095 1114 4156 ἐπίσκοπος
1177 4094 1748 4153 Κωνσταντινουπόλεως
1801 4093 1849 4146 έν
1887 4101 1958 4164 τῷ
1996 4095 2126 4167 λόγῳ

549 4192 621 4257 τῷ
645 4187 714 4246 εἰς
742 4191 832 4244 τήν
853 4187 1091 4241 Θεοτὸκον
1117 4186 1247 4240 οὕτω
1270 4186 1419 4256 λέγει’
1453 4203 1469 4235 t
1495 4185 1552 4238 ’0
1583 4184 1648 4240 ὢν
1674 4187 1803 4240 κατὰ
1830 4188 1976 4258 φύσιν
1997 4189 2128 4241 ἀπα-

551 4278 657 4341 θὴς,
687 4278 852 4348 γέγονε
880 4276 942 4332 δι’
963 4274 1120 4332 οἶκτον
1143 4277 1456 4336 πολυπαθής’
1489 4279 1579 4330 οὐκ
1609 4279 1662 4331 ἐκ
1684 4287 1938 4352 προκοπῆς
1958 4280 2125 4349 γέγονε

550 4366 691 4432 Θεὸς,
727 4367 752 4420 6
779 4368 1018 4436 Χριστὸς,
1049 4373 1116 4436 μὴ
1143 4370 1356 4437 γένοιτο,
1385 4367 1508 4420 ἆλλά
1538 4365 1602 4421 δι’
1619 4361 1781 4421 οἶκτον
1806 4369 2000 4440 γέγονεν
2029 4365 2127 4421 ἆν-

549 4455 745 4530 ορωπος
771 4453 796 4510 6
827 4457 980 4520 Θεὸς,
1020 4454 1059 4529 ᾧ
1103 4461 1429 4524 πιστεύομεν·
1472 4458 1556 4510 ούκ
1605 4454 1864 4530 ἄνθρωπον
1907 4459 2130 4511 ἀποθεω-

548 4549 692 4603 θέντα
719 4551 1051 4623 κηρύττομεν,
1081 4549 1205 4603 ἀλλὰ
1243 4551 1363 4603 Θεὸν
1403 4551 1721 4624 σαρκωθέντα
1772 4549 2125 4621 ὁμολογοῦμεν.

548 4645 646 4694 τὴν
693 4641 876 4692 οἰκείαν
915 4637 1092 4696 δούλην
1137 4639 1459 4712 ἐπεγράψατο
1513 4640 1706 4713 μητέρα
1753 4638 1778 4692 6
1825 4641 1935 4695 κατ’
1955 4642 2126 4694 οὐσίαν

550 4732 762 4799 ἀμήτωρ
783 4769 797 4791 ,
827 4732 913 4783 καί
941 4729 1051 4785 κατ’
1064 4735 1337 4802 οἰκονομίαν
1377 4733 1610 4806 ἀπάτωρ·
1643 4734 1753 4786 imi
1780 4740 1888 4792 πῶς
1919 4731 1942 4786 6
1972 4735 2125 4794 αύτὲς

2217 2188 2327 2241 sine
2354 2198 2516 2258 patre,
2547 2191 2658 2242 sine
2687 2200 2868 2255 matre,
2901 2190 3012 2243 sine
3042 2192 3363 2262 genealogia,
3395 2210 3555 2264 neque
3584 2195 3790 2249 initium

2217 2278 2416 2332 dierum
2457 2279 2668 2343 habens,
2718 2296 2874 2350 neque
2914 2281 3111 2334 vivendi
3157 2283 3313 2351 ﬁnem
3354 2281 3540 2354 (Hebr.
3577 2301 3676 2348 nt,
3708 2285 3787 2352 3).

2216 2367 2350 2422 Cum
2389 2364 2534 2423 enim
2567 2370 2853 2439 Apostolus
2896 2371 2965 2426 de
3011 2387 3118 2426 uno
3147 2372 3447 2442 eodemque
3475 2375 3636 2440 dicat,
3680 2377 3791 2429 sine

2215 2469 2380 2526 patre,
2417 2461 2529 2512 sine
2554 2470 2737 2527 matre,
2764 2461 2874 2513 sine
2903 2462 3220 2532 genealogia,
3254 2479 3414 2531 neque
3443 2465 3645 2518 initium
3677 2466 3791 2519 die-

2217 2566 2332 2603 rum
2353 2549 2573 2612 habens,
2613 2566 2772 2620 neque
2796 2554 2990 2605 vivendi
3016 2554 3207 2622 ﬁnem;
3239 2555 3430 2623 impius
3462 2556 3573 2624 ipse
3611 2555 3790 2610 Theo-

2216 2641 2380 2696 dorus
2423 2641 2648 2695 alterum
2693 2644 2808 2696 sine
2853 2651 3004 2712 patre
3043 2645 3110 2698 ab
3141 2645 3309 2699 altero
3338 2646 3453 2700 sine
3482 2657 3652 2701 matre
3679 2647 3792 2701 dis-

2217 2733 2408 2787 cernit.
2475 2731 2740 2786 Ctetcrum
2796 2747 2865 2787 ex
2933 2744 3240 2789 sanctorum
3296 2751 3512 2804 quoque
3567 2737 3784 2792 Patrum

2217 2821 2462 2876 doctrina
2514 2822 2781 2890 ejusmodi
2825 2824 3202 2894 desipientium
3260 2827 3510 2896 impietas
3556 2828 3785 2884 demon~

2218 2918 2442 2966 stratur.
2473 2909 2703 2966 Sanctus
2731 2914 2874 2966 enim
2903 2913 3196 2983 Gregorius
3230 2917 3480 2972 Nazianzi
3511 2920 3795 2989 episcopus

2219 3001 2272 3055 in
2300 3015 2364 3054 eo
2393 3016 2642 3056 sermone
2670 3003 2759 3070 qui
2806 3003 2872 3057 de
2901 3005 3101 3059 sanctis
3146 3005 3534 3074 Theophaniis,
3582 3008 3698 3063 sive
3727 3009 3797 3064 de

2219 3090 2414 3146 Christi
2437 3091 2724 3145 Nativitatc
2747 3093 3074 3160 inscribitur,
3101 3095 3213 3149 ha3c
3239 3095 3432 3150 habet:
3471 3118 3486 3147 |
3509 3099 3635 3162 Quis
3653 3114 3796 3164 eum,

2221 3183 2312 3251 qui
2360 3197 2389 3235 a
2421 3183 2682 3252 principio
2719 3191 2819 3247 est,
2873 3201 2980 3238 non
3029 3187 3264 3240 adoret?
3294 3188 3414 3255 quis
3447 3189 3796 3243 novissimum

2221 3288 2328 3326 non
2358 3272 2538 3327 laudet
2575 3288 2638 3326 ac
2667 3274 2946 3328 celebret?
2981 3275 3270 3330 Solvuntur
3314 3277 3506 3331 iterum
3539 3279 3794 3343 tenelmc,

2222 3380 2434 3418 rursum
2477 3374 2690 3420 creatur
2732 3365 2855 3432 lux;
2886 3367 3076 3420 iterum
3109 3369 3342 3422 tenebris
3372 3377 3598 3422 vexatur
3628 3369 3795 3440 {Egy-

2226 3463 2366 3524 ptus,
2399 3471 2582 3508 rursus
2607 3453 2773 3509 Israel
2805 3471 2901 3524 per
2943 3456 3248 3511 culmnnam
3289 3458 3640 3513 illuminatur.
3689 3459 3796 3512 Po—

2224 3548 2382 3618 pulus
2423 3547 2513 3616 qui
2568 3548 2620 3602 in
2662 3550 2900 3603 tenebris
2941 3551 3122 3612 sedet,
3174 3565 3421 3619 magnam
3473 3553 3800 3621 cognitionis

2226 3635 2400 3690 lucem
2432 3637 2695 3704 inspiciat,
2727 3647 2908 3691 vetera
2939 3640 3332 3707 praeterierunt,
3364 3655 3491 3696 ecce
3518 3641 3657 3696 facta
3673 3651 3799 3699 sunt

2228 3729 2406 3780 omnia
2438 3743 2574 3781 nova
2602 3744 2615 3779 :
2669 3727 2846 3781 littera
2887 3729 3048 3794 cedit,
3081 3730 3301 3799 spiritus
3327 3741 3566 3801 supcrat,
3598 3733 3798 3789 umbra:

2227 3826 2572 3888 pnetcreunt,
2603 3820 2801 3873 veritas
2824 3820 3145 3888 ingreditur;
3178 3821 3570 3878 Melchisedech
3592 3827 3799 3894 colligi-

2228 3916 2341 3959 tur:
2363 3908 2454 3974 qui
2482 3908 2598 3963 sine
2627 3917 2796 3962 matre
2826 3919 2961 3971 erat,
2993 3911 3109 3964 sine
3137 3920 3291 3980 patre
3315 3911 3388 3976 iit,
3416 3915 3562 3983 prius
3583 3916 3799 3982 quidem

2229 3996 2344 4050 sine
2376 4007 2566 4060 matre,
2597 4007 2720 4068 post
2745 4007 2920 4052 autem
2944 4001 3061 4054 sine
3083 4009 3254 4069 patre.
3296 4001 3509 4058 Natura:
3532 4006 3677 4074 leges
3704 4007 3799 4062 οὓς

2230 4097 2545 4157 vertuntur,
2605 4105 2916 4159 supremum
2975 4092 3228 4146 mundum
3279 4095 3488 4164 impleri
3543 4110 3801 4168 oportet;

2227 4179 2471 4236 Christus
2490 4181 2641 4248 jubet
2670 4196 2738 4235 ne
2766 4183 3106 4238 obsistamus.
3133 4203 3150 4236 ι
3181 4184 3380 4240 Horum
3425 4188 3617 4241 similia
3642 4189 3802 4244 habet

2228 4273 2282 4327 S.
2305 4272 2523 4328 Proclus
2537 4273 3157 4344 Constantinopolitanus
3169 4279 3452 4348 episcopus
3475 4281 3528 4335 in
3550 4297 3802 4338 sermone

2228 4379 2326 4418 suo
2337 4364 2401 4418 de
2413 4363 2469 4418 S.
2487 4364 2729 4434 Deipara.
2752 4385 2770 4417 ι
2792 4366 2889 4433 Qui
2904 4375 3114 4435 natura,
3132 4368 3318 4438 inquit,
3338 4370 3678 4439 impassibilis
3693 4386 3796 4434 est,

2234 4455 2412 4511 factus
2433 4465 2518 4511 est
2545 4470 2638 4524 per
2658 4456 2994 4512 calamitates
3019 4457 3209 4529 [ϐπ-ωε.
3235 4476 3326 4529 per
3346 4463 3798 4538 misericordiam]

2234 4547 2420 4602 multis
2467 4545 2746 4613 subjectus
2797 4549 3143 4616 passionibus
3187 4565 3199 4600 :
3239 4566 3346 4605 non
3389 4567 3453 4607 ex
3510 4567 3798 4623 pmgressu

2237 4637 2415 4692 factus
2447 4642 2530 4690 cst
2562 4633 2701 4690 Deus
2731 4635 3004 4700 Christus,
3038 4639 3204 4693 absit!
3232 4641 3460 4711 sed‘per
3491 4645 3801 4698 misericor-

2233 4723 2376 4779 diam
2404 4726 2545 4780 Deus
2574 4725 2746 4780 factus
2773 4734 2854 4781 est
2877 4727 3061 4792 homo,
3095 4727 3147 4781 in
3177 4709 3628 4796 quem'credimus
3651 4748 3666 4795 ;
3692 4746 3798 4783 non

551 4822 677 4876 κατά
705 4821 891 4874 Παῦλον
935 4823 1144 4895 ἀμήτωρ
1186 4825 1269 4876 καί
1296 4824 1543 4895 ἀπάτωρς
1575 4826 1630 4876 Εἰ
1657 4823 1798 4895 ψιλὸς
1840 4820 2120 4892 ἅνθρωπος,

2229 4816 2496 4870 hominem
2521 4816 2827 4871 Dcitieatum
2852 4819 3220 4887 prtedicamus,
3240 4821 3336 4874 sed
3365 4820 3528 4874 Deum
3551 4819 3798 4874 incarna-

550 4913 639 4965 οὐκ
669 4914 899 4985 ἀμήτωρ,
925 4909 958 4964 ἴ
953 4933 1042 4982 χει
1079 4914 1175 4986 γὰρ
1215 4915 1432 4986 μητέρα·
1477 4919 1564 4966 νῦν
1591 4912 1644 4968 δέ
1673 4913 1698 4966 ὸ
1730 4914 1878 4972 αὐτὸς
1911 4915 2122 4985 ἀμήτωρ

549 5004 618 5061 ὡς
657 5001 905 5062 πλάστης,
942 5003 1151 5076 ἀπάτωρ
1195 5004 1264 5062 ὡς
1297 5003 1522 5074 πλάσμα.
1555 5022 1572 5055 ι
1609 5006 1694 5057 Καὶ
1719 5003 1744 5058 ὸ
1772 5005 1822 5057 ἐν
1868 5002 2030 5073 ἁγίοις
2070 5002 2124 5055 δέ

549 5092 876 5162 Δύγουστῖνος
898 5089 944 5142 έν
965 5098 1036 5158 τῷ
1059 5093 1176 5161 περί
1200 5100 1290 5151 τῆς
1319 5091 1559 5152 ἐκθέσεως
1587 5098 1676 5146 τοῦ
1707 5092 1963 5163 συμϐόλου
1993 5092 2122 5162 λόγῳ

549 5181 716 5242 οὕτως
740 5182 888 5254 λέγει’
923 5199 940 5232 ε
969 5183 1270 5255 Πιστεύομεν
1298 5187 1370 5243 εἰς
1395 5185 1479 5238 τὸν
1507 5185 1616 5237 υἱὸν
1645 5185 1798 5237 αὐτοῦ
1825 5183 2016 5240 Ἰησοῦν
2038 5185 2123 5236 τὸν

545 5272 760 5346 Χριστὸν
787 5273 1074 5342 γεννηθέντα
1097 5272 1149 5327 έκ
1175 5275 1466 5342 πνεύματος
1507 5273 1675 5345 ἀγίου,
1705 5275 1792 5327 καί
1818 5281 1907 5332 τῆς
1932 5275 2116 5343 παρθέο

544 5382 626 5415 νου
672 5365 888 5439 Μαρίας.
939 5367 1078 5416 Διατί
1122 5365 1311 5420 ταύτην
1352 5367 1442 5420 τήν
1477 5363 1721 5434 γέννησιν,
1747 5358 1786 5413 ὦ
1814 5359 2017 5426 ἄπιστε,
2044 5362 2125 5414 ἰκ-

551 5454 819 5518 πληττεις;
850 5459 918 5525 μὴ
943 5456 1155 5509 πίστευε
1196 5458 1240 5507 εἰ
1264 5453 1413 5522 μόνον
1451 5450 1708 5530 ἅνθρωπος
1732 5450 1834 5510 ἧνὸ
1865 5453 2123 5524 γεννηθείς·

547 5550 592 5600 εἰ
611 5545 663 5601 δέ
686 5548 807 5606 Θεὸς
829 5543 1088 5622 ἅνθρωπος
1109 5545 1184 5608 ἦν,
1203 5547 1312 5608 έξῆς
1334 5544 1427 5615 ﬂ“.
1454 5548 1500 5609 ἐξ
1523 5541 1603 5614 ἧς]
1623 5546 1856 5604 ἠθέλησεν
1877 5545 2122 5616 ἐγεννήθη,

548 5639 718 5698 ἔπειδή
738 5643 805 5701 ὡς
826 5641 1056 5699 ἠθέλησεν
1083 5640 1327 5710 ἐγεννήθη
1349 5641 1509 5692 ἐκεῖνο
1531 5639 1788 5709 Θαύμασον
1814 5636 2013 5699 μᾶλλον,
2041 5634 2123 5689 ὅτι

546 5729 573 5786 6
598 5733 733 5804 λόγος
755 5731 927 5786 ἔλαϐεν
952 5732 1144 5802 σάρκα,
1170 5732 1250 5783 καί
1279 5731 1362 5782 οὐκ
1391 5731 1582 5804 ἐτράπη
1609 5731 1681 5787 εἰς
1711 5729 1895 5802 σάρκα·
1931 5723 2007 5780 ὅτι
2033 5727 2122 5794 μέ-

547 5838 638 5872 νων
684 5822 802 5878 Θεὸς
846 5820 1041 5890 γέγονεν
1082 5815 1369 5895 ἅνθρωπος·
1403 5819 1528 5876 πλὴν
1570 5821 1622 5872 τί
1663 5819 1934 5884 Θανμάζεις
1971 5815 2053 5870 ὅτι
2091 5819 2121 5874 ἦ

553 5914 855 5977 γεννήσασα,
879 5912 962 5963 τὸν
1006 5908 1128 5963 ἴδιον
1173 5911 1424 5981 ἐγέννησα
1468 5910 1696 5976 κτίστην,
1730 5905 1810 5962 ὅτι
1842 5909 1901 5962 τὸ
1929 5911 2125 5976 ποίημα

2228 4912 2338 4957 tum
2367 4905 2684 4958 conﬁtemur
2712 4924 2724 4958 :
2757 4907 3001 4961 ancillam
3023 4923 3172 4961 suam
3203 4909 3301 4962 sibi
3325 4917 3548 4964 matrem
3573 4909 3789 4976 delegit,

2226 4992 2318 5060 qui
2347 4999 2533 5046 natura
2562 4993 2677 5048 sine
2704 5003 2873 5048 matre
2901 5003 3010 5060 est,
3049 5004 3105 5049 et
3132 4996 3530 5064 dispensatione
3557 4997 3673 5051 sine
3698 5014 3794 5067 pa-

2227 5093 2331 5137 tre.
2369 5083 2648 5148 Quomodo
2698 5086 2840 5139 enim
2898 5086 3044 5154 ipse,
3083 5087 3235 5155 juxta
3286 5086 3436 5142 Pauli
3478 5090 3795 5143 sententiam

2227 5175 2343 5230 sine
2391 5183 2541 5244 patre
2582 5186 2636 5230 et
2679 5178 2796 5231 sine
2823 5188 2991 5232 matre
3022 5181 3146 5234 est?
3193 5179 3248 5233 Si
3277 5195 3443 5249 purus
3475 5181 3657 5247 homo,
3693 5198 3800 5235 non

2225 5265 2342 5320 sine
2371 5274 2577 5332 matre;
2627 5276 2851 5321 matrem
2880 5268 3021 5321 enim
3053 5268 3252 5323 habet:
3305 5270 3385 5324 sin
3417 5280 3595 5325 autem
3625 5271 3800 5324 nudus

2227 5356 2382 5422 Deus,
2415 5373 2520 5411 non
2549 5357 2662 5411 sine
2692 5367 2863 5426 patre,
2895 5357 3106 5412 Patrem
3137 5359 3331 5429 quippe
3359 5361 3557 5415 habet:
3588 5369 3672 5416 est
3700 5361 3800 5414 ita-

2226 5461 2332 5514 que
2375 5445 2517 5501 idem
2567 5447 2680 5516 ipse
2728 5448 2912 5502 matris
2957 5464 3170 5518 expers,
3198 5459 3256 5503 ut.
3302 5460 3557 5517 creator;
3609 5468 3801 5505 carens

2227 5548 2406 5593 autem
2435 5549 2608 5608 patre,
2641 5549 2699 5591 ut
2728 5550 2992 5593 creatura.
3027 5557 3045 5592 ι
3101 5541 3331 5595 Sanctus
3361 5543 3520 5596 etiam
3551 5542 3800 5609 Augusti-

2229 5645 2326 5683 nus
2357 5630 2406 5682 in
2435 5643 2683 5683 sermone
2712 5629 2778 5682 de
2806 5631 3143 5698 expositione
3173 5631 3412 5702 Symboli
3453 5633 3571 5686 haec
3602 5632 3794 5686 habet:

2234 5739 2250 5770 ε
2278 5719 2554 5772 Credimus
2583 5720 2636 5771 in
2664 5718 2854 5771 Filium
2902 5720 3018 5785 ejus
3060 5720 3240 5776 Jesutn
3288 5723 3560 5779 Christum
3615 5732 3795 5776 natum

2228 5811 2295 5863 de
2310 5809 2506 5879 Spiritu
2538 5817 2742 5873 sancto,
2770 5819 2904 5862 etex
2929 5810 3090 5864 Maria
3111 5812 3348 5880 Virgine.
3387 5813 3518 5881 Cur,
3549 5813 3796 5877 inﬁdelis,

2229 5903 2367 5957 hanc
2415 5899 2751 5955 nativitatem
2795 5902 3122 5969 perturbas?
3168 5904 3246 5958 Ne
3291 5903 3479 5960 credas
3507 5904 3588 5959 vel
3615 5905 3792 5963 solum
