4108 6476
371 415 511 478 106ι

1102 404 1466 465 EPISTOLA
1507 403 1903 464 ADVERSUS
1941 403 2423 465 TI-IEODORUM
2461 401 2880 480 MOPSUEST.

3495 420 3629 485 1062

374 530 466 584 u‘v
492 531 703 586 ποιητὴν
728 527 984 599 ἐγέννησεν
1007 568 1018 587 ,
1067 527 1223 588 οὕτως
1265 527 1515 585 ἠϐουλήθη
1553 527 1578 582 6
1612 527 1827 596 ὕψιστος
1851 548 1947 598 γεν-

2064 528 2335 584 hominem
2361 545 2479 585 esse
2507 531 2597 601 qui
2626 539 2781 584 natus
2809 541 2910 595 est,
2941 530 3024 584 vel
3054 531 3095 584 si
3126 530 3262 584 Deus
3289 532 3448 587 homo
3478 545 3617 593 erat.

372 617 579 678 νηθῆναι
604 617 863 680 ταπεινὸς,
890 619 973 672 ἶνα
997 618 1045 671 ἐν
1069 616 1192 676 αὖτῆ
1222 626 1284 689 τῇ
1322 621 1618 673 ταπεινώσει
1646 617 1950 681 ἐπιδείξηται

370 733 467 771 την
493 709 869 785 μεγαλειότητα.
886 727 905 761 ε

2056 617 2311 690 deinceps
2339 621 2485 674 nasci
2515 621 2743 676 voluisse
2786 639 2797 672 :
2853 635 2974 673 nam
3018 620 3464 688 quemadmodum
3503 621 3621 692 ipse

2055 711 2240 774 voluit,
2273 712 2351 765 sic
2378 721 2534 765 natus
2562 721 2662 766 est.
2692 711 2825 764 illud
2855 711 3029 781 potius
3061 713 3276 776 mirare,
3307 713 3452 782 quod
3481 711 3617 767 Ver-

2053 801 2178 854 bum
2209 816 2333 856 caro
2364 800 2557 854 factum
2587 809 2684 864 est,
2717 809 2770 854 et
2811 817 2914 854 non
2942 810 3022 854 est
3064 816 3380 855 conversum
3411 803 3464 856 in
3495 817 3612 856 car-

370 907 522 958 nem,
551 889 803 959 quodque
849 904 1071 943 manens
1121 889 1260 943 Deus
1284 929 1298 954 ,
1350 888 1520 944 factus
1556 899 1637 945 est
1686 891 1865 942 homo.
1917 889 2022 944 Sed
2060 891 2185 958 quid
2214 893 2424 955 mirare,
2458 908 2574 945 eam
2605 908 2722 960 qute
2753 893 2936 958 genuit
2961 894 3230 962 proprium
3261 893 3506 959 genuisse
3536 894 3614 946 la-

367 988 578 1032 etorem
603 1019 617 1042 ,
664 987 1072 1044 creaturamque
1110 993 1263 1029 suum
1309 987 1608 1030 creatorem
1647 978 1979 1045 protulisse?
2035 977 2125 1032 Sic
2162 979 2333 1034 voluit
2361 981 2662 1035 Altissimus
2691 981 2901 1034 humilis
2930 980 3108 1044 nasci,
3158 989 3215 1034 ut
3244 997 3390 1036 suam
3421 981 3470 1034 in
3503 983 3614 1052 ipsa

370 1069 676 1122 humilitate
701 1067 1150 1135 magniﬁcentiam
1179 1068 1506 1122 ostenderet.
1539 1087 1556 1119 ι

446 1165 534 1215 Kai
562 1170 728 1216 ταὶτα
756 1163 845 1230 μὲν
883 1162 926 1214 οἱ
971 1161 1105 1234 ἅγιοι
1137 1165 1374 1235 πατέρες.
1403 1161 1515 1218 Ὀτι
1543 1163 1593 1217 δέ
1623 1167 1706 1218 καὶ
1738 1167 1789 1219 αἱ
1817 1167 1948 1222 θεῖαι

370 1257 583 1325 γραφαί,
626 1250 706 1311 α’ς
747 1252 1079 1310 ἠκολούθησαν
1109 1255 1156 1308 οἱ
1207 1254 1337 1324 ἀγιοι
1382 1257 1626 1329 πατέρες,
1675 1259 1825 1311 αὐτὸν
1863 1261 1948 1312 τόν

369 1345 496 1396 Θεὸν
537 1343 678 1413 λόγον
705 1345 1022 1418 σαρκωθῆναι
1063 1347 1144 1396 καὶ
1177 1347 1418 1414 τεχθῆναι
1450 1347 1502 1399 ἐκ
1527 1356 1616 1405 τῆς
1646 1347 1793 1418 ἀγίας
1817 1370 1948 1422 παρ-

369 1436 512 1486 θένου
542 1437 758 1505 Μαρίας,
783 1437 868 1486 καὶ
892 1434 1260 1508 ἐνανθρωπῆσαι
1287 1432 1588 1488 διδάσκουσι
1613 1434 1756 1494 δῆλον
1785 1439 1951 1511 ὑπάρ-

370 1545 482 1593 χει.
518 1525 660 1594 Λέγει
699 1527 798 1597 γὰρ
840 1522 1099 1598 πρῶτονὸ
1140 1529 1398 1596 προφήτης
1438 1526 1666 1590 Ἠσαίας,
1713 1545 1728 1574 ι
1757 1525 1876 1580 Ἰδοὺ
1920 1529 1949 1585 ἡ

371 1615 620 1688 παρθένος
653 1616 702 1667 ἐν
732 1616 921 1686 γαστρὶ
947 1615 1044 1677 ἕξει
1072 1615 1150 1666 καὶ
1180 1616 1369 1675 τέξεται
1400 1615 1523 1676 υἶὸν,
1562 1619 1644 1668 καὶ
1679 1617 1948 1670 καλέσουσι

371 1703 430 1755 τὸ
477 1699 630 1770 ὄνομα
671 1703 826 1756 αὐτοῦ
861 1700 1188 1770 Ἐμμανουήλ,
1223 1721 1240 1752 ε
1275 1701 1303 1755 ὅ
1326 1706 1432 1757 ἐστι
1474 1706 1948 1777 μεθερμηνευόμενον

370 1792 505 1862 μεθ’
533 1796 696 1861 ἡμῶν
725 1792 751 1846 6
787 1797 967 1853 Θεός.
1017 1791 1136 1848 Εἶτα
1154 1799 1238 1848 καὶ
1259 1794 1454 1849 Δαϐίδό
1475 1802 1732 1870 προγήτης
1751 1799 1880 1868 λέγει
1901 1801 1949 1852 ἐν

369 1893 445 1948 τῷ
475 1885 732 1954 ἑκατοστῷ
755 1886 885 1956 ἕκτῳ
903 1886 1106 1957 Ψαλμῷ·
1137 1903 1154 1935 1
1175 1885 1480 1943 Ἀπέστειλεν
1501 1891 1584 1942 τὸν
1612 1891 1752 1962 λόγον
1773 1894 1948 1958 αὐτοῦ,

369 1977 456 2027 καὶ
489 1975 668 2030 ἰάσατο
691 1977 895 2038 αὐτοὺς,
931 1978 1011 2028 καί
1055 1976 1304 2051 ἐρρύσατο
1339 1981 1524 2038 αὐτοὺς
1552 1981 1603 2032 ἐκ
1632 1989 1728 2034 τῶν
1751 1980 1948 2050 διαφθο-

368 2071 476 2136 ρῶν
503 2065 680 2117 αὐτῶν.
707 2081 724 2112 ι
754 2061 896 2116 Ἀλλά
938 2067 1019 2117 καὶ
1045 2063 1069 2118 6
1101 2063 1241 2136 ἅγιος
1287 2066 1563 2127 ἀπόστολος
1592 2070 1783 2128 [ιαῦλος
1814 2071 1948 2125 οὕτω

367 2151 525 2225 λέγει’
553 2173 570 2200 ι
599 2150 718 2206 ὐτε
747 2151 795 2207 δ’
821 2151 927 2211 ἦλθε
951 2155 1006 2207 τὸ
1025 2154 1274 2227 πλήρωμα
1309 2165 1408 2210 τῶν
1434 2165 1634 2235 καιρῶν,
1667 2161 1948 2224 ἐξαπέστει-

370 2242 457 2294 λεν
484 2241 508 2296 6
536 2243 656 2301 Θεὸς
683 2244 764 2297 τόν
784 2245 893 2297 υἷὸν
917 2246 1073 2299 αὐτοῦ
1101 2247 1358 2318 γενόμενον
1383 2249 1438 2301 ἐκ
1465 2252 1718 2320 γυναικὸς,
1748 2253 1949 2321 γενόμε-

369 2355 454 2387 νον
484 2336 585 2389 ὑπὸ
613 2335 778 2404 νόμον,
801 2337 883 2389 ἵνα
929 2340 1049 2396 τοὺς
1096 2337 1196 2392 ὑπὸ
1241 2339 1390 2408 νόμον
1433 2341 1730 2416 ἔξαγοίάσῃ,
1753 2345 1834 2395 ἵνα
1860 2350 1950 2402 τήν

369 2426 624 2478 υέοθεσίαν
654 2426 1002 2492 ἀπολάέῗωμεν.
1035 2445 1053 2476 ι
1086 2429 1286 2482 Τούτων
1313 2435 1476 2484 τοίνυν
1514 2432 1674 2491 οὕτως
1702 2435 1945 2503 ἑχόντων,

367 2522 454 2578 τίς·
479 2519 611 2571 οἶτω
640 2519 888 2586 μαίνεται,
913 2520 982 2579 ὥς
1012 2540 1066 2573 τε
1106 2521 1354 2590 τολμῆσαι
1378 2525 1550 2585 εἰπεῖν,
1581 2524 1659 2579 ὅτι
1690 2524 1950 2598 ἅνθρωπος

368 2605 431 2666 ἦν
480 2609 530 2660 ἐν
574 2615 685 2668 τοῖς
731 2609 990 2679 οὐρανοῖς,
1021 2611 1251 2669 κάκεῖνος
1292 2613 1551 2670 ἀπεστάλη
1595 2615 1676 2666 ’ἶνα
1746 2616 1952 2687 γένηται

368 2699 427 2751 ἐκ
454 2701 710 2770 γυναικὸς,
737 2701 822 2752 καί
857 2699 960 2752 ὑπὸ
992 2699 1163 2770 νόμον;
1195 2701 1253 2752 Οἱ
1288 2697 1539 2775 ἅνθρωποι
1579 2704 1677 2777 γάρ
1722 2704 1824 2775 πρὸ
1862 2713 1951 2763 τῆς

364 2792 466 2840 τοῦ
492 2786 644 2856 λόγου
668 2789 979 2861 σαρκώσεως
1007 2788 1107 2843 ῦπό
1137 2788 1282 2858 νόμον
1309 2787 1458 2847 ἦσαν·
1489 2790 1593 2843 ἀλλ’
1608 2793 1752 2850 αὐτὸς
1781 2791 1805 2846 6
1829 2797 1950 2855 Θεᾶς

363 2877 570 2947 λόγοςὸ
611 2884 880 2950 μονογενής
905 2880 1012 2939 υίὸς
1053 2887 1140 2933 τοῦ
1186 2886 1332 2946 Θεοῦ,
1364 2881 1388 2935 6
1420 2887 1488 2951 μὴ
1528 2881 1594 2936 ὢν
1635 2884 1734 2938 ὑπὸ
1779 2887 1947 2954 νόμον,

366 2971 601 3026 ἀλλάὐτἶ
615 2994 638 3032 ς
655 2969 882 3030 δεδωκὼς
902 2971 985 3025 τὸν
1005 2968 1169 3043 νόμον,
1188 2975 1443 3032 ἀπεστάλη
1465 2977 1609 3050 παρά
1628 2982 1719 3031 τοῦ
1736 2981 1948 3052 πατρὸς,

366 3063 454 3114 καὶ
485 3061 535 3113 ἐκ
559 3061 791 3132 γυναικὸς
825 3059 1088 3132 γενόμενος
1127 3062 1323 3133 γέγονεν
1368 3063 1467 3116 ὑπό
1498 3063 1665 3131 νόμον,
1694 3065 1776 3118 ἵνα
1818 3069 1952 3131 ἡμᾶς

365 3154 489 3211 τοὺς
537 3152 636 3204 ὑπὸ
683 3143 828 3222 νὸμδν
876 3151 1191 3226 ἐξαγοράσῃ,
1218 3155 1301 3206 καὶ
1333 3157 1420 3211 τὴν
1462 3153 1710 3208 υἱοθεσίαν
1753 3158 1949 3212 ἀπολά-

368 3245 559 3313 ἕωμεν-

443 3338 502 3385 Ei
526 3337 710 3395 τοίνυν,
749 3335 818 3392 ὡς
848 3332 871 3387 6
900 3334 1099 3406 “naida;
1123 3340 1211 3394 τὴν
1252 3335 1411 3394 ἀσεϐῆ
1443 3338 1618 3395 ἐκείνην
1662 3337 1948 3398 ἐπιστολήν,

366 3427 454 3477 καί
484 3424 508 3478 6
538 3425 788 3498 αἷρετικὸς
816 3423 1099 3498 Θεόδωρος,
1135 3425 1410 3494 μαίνονται,
1442 3425 1530 3477 οὐκ
1557 3421 1616 3484 ἦν
1642 3427 1831 3488 ἀληθῶς
1869 3431 1952 3480 καὶ

366 3519 554 3590 κυρίως
594 3516 706 3574 υἱός
753 3522 845 3569 τοῦ
891 3523 1018 3570 Θεοῦ
1047 3515 1071 3569 6
1102 3518 1303 3584 τεχθεὶς
1331 3518 1383 3569 ἐκ
1409 3520 1662 3588 γυναικός,
1693 3525 1800 3580 πῶς
1827 3517 1951 3578 ἠδύ-

366 3626 488 3659 νατο
501 3609 616 3675 ήμῖν
632 3606 884 3664 υἱοθεσίας
902 3603 1257 3680 δωρήσασθαι;
1284 3609 1411 3678 Πρὸς
1432 3609 1634 3666 τούτοις
1654 3610 1953 3681 περιέχεται

368 3697 422 3749 έν
446 3705 508 3771 τῇ
533 3697 659 3765 αὐτῇ
682 3696 863 3750 ἀσεϐεῖ
879 3696 1136 3768 ἐπιστολῇ,
1158 3693 1236 3749 ὅτι
1261 3698 1340 3758 τὸ,
1369 3696 1742 3756 ἠλάττωσας
1769 3699 1951 3752 αὐτὸν

367 3786 589 3855 βραχύ
618 3807 680 3840 τι
707 3785 857 3859 παρ’
888 3786 1226 3858 ἀγγέλους,
1255 3787 1341 3838 οὐκ
1369 3785 1702 3841 ἔστιδυνατὸν
1720 3792 1837 3863 περὶ
1861 3796 1952 3848 τῆς

370 3873 602 3934 θεότητος
650 3879 742 3927 τοῦ
783 3880 1078 3944 μονογενοῦς
1121 3875 1350 3945 ῥηθῆναι·
1383 3871 1505 3952 ὅπερ
1551 3877 1632 3929 καί
1675 3876 1839 3947 ὑμεῖς,
1885 3880 1952 3937 ὡς

367 3963 530 4036 ὀρθῶς
565 3961 706 4035 ῥηθὲν
729 3963 1079 4038 προτεθείκατε
1104 3963 1329 4033 λέγοντες
1346 4002 1360 4026 ,
1393 3961 1474 4016 ὅτι
1500 3967 1616 4037 περί
1643 3971 1733 4019 τοῦ
1760 3967 1955 4040 ἀνθρώ-

368 4073 489 4108 που.
522 4055 606 4104 καὶ
645 4053 767 4119 οὐχὶ
808 4055 927 4126 περὶ
971 4057 1064 4106 τοῦ
1113 4059 1242 4106 Θεοῦ
1290 4053 1438 4122 λόγου
1476 4061 1566 4108 τοῦ
1615 4055 1952 4128 σαρκωθέντες

367 4151 520 4198 τοῦτο
545 4143 757 4196 δύναται
781 4143 1034 4214 λέγεσθαι.
1054 4141 1170 4198 Ὀτι
1194 4142 1246 4197 δὲ
1278 4147 1360 4198 καὶ
1388 4146 1577 4203 ταύτην
1605 4155 1692 4201 την
1717 4147 1951 4200 ἀσέϐειαν

368 4233 508 4305 παρά
537 4231 798 4305 Θεοδώρου
829 4239 917 4287 τοῦ
947 4233 1197 4301 αἱρετικοῦ
1223 4233 1484 4304 διδαχθείς
1519 4235 1545 4288 ὁ
1572 4240 1660 4293 τήν
1687 4236 1953 4295 ἐπιστολήν

367 4323 572 4396 γράψας
594 4325 660 4376 τὰ
685 4328 899 4376 τοιαῦτα
928 4323 1330 4393 ἐϐλασφήμησεν,
1355 4326 1562 4397 φανερὸν
1589 4330 1876 4396 ποιήσωμεν
1898 4329 1950 4380 ἔκ

367 4421 465 4466 τῶν
494 4421 567 4483 τῷ
598 4415 738 4484 αὑτῷ
789 4412 1033 4487 Θεοδώρῳ
1075 4416 1342 4490 εἰρημένων
1370 4417 1418 4469 ἐν
1448 4425 1519 4488 τῷ
1555 4419 1783 4490 τετάρτῳ
1821 4419 1951 4490 λόγῳ

368 4513 440 4575 τῷ
459 4505 592 4557 κατά
610 4503 975 4579 ’Δπολιναρίου.
997 4503 1150 4575 ’Ἔχει
1167 4504 1218 4560 δέ
1241 4506 1423 4568 οὕτως’
1451 4525 1469 4558 ε
1491 4510 1582 4561 Τὸν
1601 4506 1653 4562 δὲ
1677 4506 1949 4582 ἄνθρωπον,

2125 1168 2192 1222 Ει
2232 1171 2345 1224 haec
2372 1170 2587 1238 quidem
2619 1186 2648 1222 a
2685 1170 2782 1224 SS.
2817 1172 3062 1227 Patribus
3107 1173 3459 1240 disputantur.
3509 1170 3613 1222 Sed

2055 1259 2194 1312 haud
2223 1261 2556 1328 perspicuum
2579 1269 2658 1314 est
2673 1262 2846 1314 minus
2874 1261 3078 1314 divinas
3099 1261 3343 1324 Litteras,
3373 1277 3504 1329 quas
3531 1277 3614 1314 sc-

2055 1352 2164 1404 cuti
2194 1360 2319 1404 sunt
2340 1351 2506 1404 sancti
2536 1351 2786 1405 Ecclesia:
2817 1351 3002 1406 Patres
3036 1353 3258 1420 idipsum
3289 1352 3503 1418 docere,
3534 1353 3615 1405 ni-

2055 1444 2243 1496 mirum
2275 1443 2441 1497 Deum
2481 1445 2710 1498 Verbum
2741 1445 3092 1512 incarnatum,
3125 1453 3179 1498 et
3201 1461 3264 1498 ex
3293 1452 3479 1498 saneta
3506 1443 3615 1497 Ma-

2054 1531 2132 1583 ria
2182 1530 2398 1598 Virgine
2451 1540 2654 1598 natum,
2710 1543 2765 1586 et
2812 1535 3082 1588 hominem
3131 1535 3327 1588 factum
3373 1549 3511 1588 esse.
3542 1534 3618 1587 Ac

2053 1621 2223 1690 primo
2254 1621 2416 1675 Isaias
2440 1623 2695 1692 propheta
2723 1641 2734 1675 :
2767 1624 2920 1688 Ecce,
2950 1625 3138 1692 inquit,
3171 1625 3326 1695 Virgo
3348 1625 3615 1695 concipiet,

2053 1718 2101 1762 et
2126 1713 2289 1779 pariet
2317 1713 2503 1779 ﬁlium,
2551 1722 2600 1766 et
2642 1715 2899 1767 vocabitur
2928 1732 3113 1768 nomen
3151 1717 3260 1785 ejus
3289 1715 3614 1780 Emmanue.,

2053 1801 2195 1869 quod
2245 1809 2327 1856 est
2375 1803 2808 1870 interpretatum,
2863 1804 3148 1857 Nobiscum
3196 1805 3354 1859 Deus.
3415 1805 3618 1859 Rursus

1985 1884 2025 1942 Β
2055 1890 2218 1942 David
2247 1891 2503 1960 propheta
2535 1892 2739 1961 psalmo
2768 1892 3064 1946 centesimo
3104 1900 3258 1946 sexto
3293 1892 3474 1946 canit:
3507 1892 3614 1945 Μὶο

2051 1979 2117 2030 sit
2156 1977 2373 2030 Verbum
2395 1997 2561 2045 suum,
2593 1989 2641 2032 et
2668 1981 2869 2033 sanavit
2897 1997 3001 2044 eos,
3036 1989 3083 2033 et
3105 1981 3290 2047 eripuit
3320 1996 3404 2034 eos
3443 1980 3505 2033 de
3529 1982 3614 2033 inc

2032 2067 2366 2121 'teritionibus
2395 2085 2586 2122 eorum.
2621 2068 2906 2137 Apostolus
2932 2069 3132 2138 pariter
3148 2069 3372 2124 Paulus:
3398 2070 3618 2132 Quando

2049 2167 2235 2220 autem,
2295 2158 2486 2226 inquit,
2533 2160 2668 2212 venit
2716 2159 2979 2227 plenitudo
3020 2161 3278 2228 temporis,
3311 2161 3449 2212 misit
3482 2159 3616 2212 Deus

2049 2245 2245 2299 Filium
2274 2264 2442 2312 suum,
2477 2250 2668 2318 factum
2690 2263 2754 2300 ea:
2783 2248 3014 2307 muliere,
3056 2250 3251 2318 factum
3279 2247 3369 2301 sub
3409 2248 3537 2319 lege,
3561 2259 3616 2301 ut

2047 2353 2131 2390 eos
2155 2339 2238 2406 qui
2266 2338 2355 2390 sub
2383 2338 2488 2407 lege
2511 2346 2657 2390 erant
2689 2340 2978 2403 redimeret,
3009 2348 3065 2390 ut
3105 2340 3434 2414 adoptionem
3473 2342 3615 2409 [ilio-

2048 2444 2164 2479 rum
2191 2428 2549 2496 reciperemus.
2583 2426 2711 2492 Qua:
2731 2443 2852 2480 cum
2881 2428 2952 2480 ita
2980 2443 3038 2481 se
3067 2428 3318 2492 habeant,
3337 2427 3455 2495 quis
3481 2428 3616 2484 adeo

2048 2515 2296 2583 desipiet,
2347 2525 2406 2568 ut
2451 2515 2628 2570 dicere
2674 2517 2867 2570 audeat
2914 2509 3187 2571 hominem
3228 2518 3531 2587 quempiam
3562 2519 3617 2574 in

2049 2607 2197 2661 cmlis
2223 2605 2405 2669 fuisse,
2454 2607 2732 2675 ipsumque
2758 2607 2976 2662 missum
3020 2622 3160 2671 esse,
3213 2617 3271 2660 ut
3299 2623 3362 2662 ex
3394 2609 3618 2663 muliere

2049 2705 2208 2764 atque
2236 2697 2332 2752 sub
2363 2697 2479 2763 lege
2507 2700 2858 2752 nasceretur?
2886 2697 3097 2752 Etenim
3127 2699 3373 2752 homines
3401 2701 3616 2766 quidem

2050 2795 2176 2838 ante
2222 2785 2649 2839 lnearnationem
2699 2788 2797 2840 sub
2828 2786 2944 2853 lege
2989 2795 3180 2852 erant;
3224 2795 3279 2841 at
3325 2788 3440 2857 ipse
3481 2790 3616 2844 Deus

2053 2875 2282 2930 Verbum
2314 2876 2616 2945 unigenitus
2644 2877 2736 2931 Dei
2767 2877 2948 2942 Filius,
2982 2877 3074 2946 qui
3105 2893 3210 2931 non
3233 2878 3618 2946 subjiciebatur

2049 2965 2171 3031 legi,
2204 2965 2297 3019 sed
2326 2975 2440 3019 erat
2465 2966 2578 3034 ipse
2606 2965 2896 3034 legislator,
2948 2966 3138 3020 missus
3166 2977 3248 3021 est
3276 2983 3305 3021 a
3330 2967 3506 3034 Patre,
3563 2979 3617 3024 et

2053 3055 2228 3111 factus
2256 3071 2324 3110 ex
2354 3058 2596 3122 muliere,
2646 3058 2819 3111 factus
2859 3066 2943 3112 est
2971 3060 3070 3113 sub
3101 3059 3234 3126 lege,
3286 3067 3344 3113 ut
3374 3075 3492 3124 nos,
3526 3061 3617 3129 qui

2050 3147 2149 3200 sub
2175 3146 2291 3214 lege
2319 3162 2552 3214 eramus,
2585 3148 2889 3213 redimeret,
2924 3155 2981 3201 ut
3010 3148 3350 3218 adeptionem
3390 3149 3617 3205 liliorum

1969 3231 2016 3293 C
2047 3235 2426 3303 reciperemus.

2122 3323 2178 3378 Si
2207 3325 2388 3393 itaque
2416 3325 2461 3379 is
2487 3324 2579 3393 qui
2607 3339 2675 3378 ex
2705 3325 2928 3380 muliere
2956 3333 3116 3380 natus
3143 3333 3255 3389 est,
3285 3340 3414 3380 vere
3443 3325 3628 3380 excel—

2050 3415 2330 3484 lenterque
2356 3431 2464 3470 non
2495 3415 2635 3470 foret
2663 3416 2759 3470 Dei
2789 3417 2977 3482 Filius,
3025 3417 3475 3486 quemadmodum
3521 3418 3616 3473 im-

2053 3505 2152 3574 pia:
2181 3505 2324 3560 illius
2360 3505 2601 3574 epistola:
2627 3506 2857 3576 scriptor
2885 3507 3278 3577 btereticusque
3305 3507 3620 3564 Theodorus

2051 3596 2231 3666 inepte
2260 3597 2608 3662 contendunt,
2639 3599 2908 3666 quomodo
2937 3601 3195 3668 potuisset
3220 3601 3370 3656 nobis
3394 3601 3623 3657 liliorum

2051 3693 2394 3763 adoptionem
2425 3693 2671 3763 elargiri?
2703 3693 2970 3749 Prteterea
3001 3700 3053 3749 in
3079 3698 3398 3751 exsecrabili
3426 3713 3487 3752 ea
3517 3701 3633 3768 epi-

2051 3786 2190 3840 stola
2221 3786 2525 3840 continetur
2553 3785 2679 3840 illud
2706 3787 2914 3854 psalmi,
2946 3789 3177 3842 minuisti
3207 3805 3321 3842 eum
3344 3790 3497 3858 paulo
3527 3791 3629 3843 mi-

2051 3891 2149 3929 nus
2176 3875 2239 3928 ab
2270 3877 2493 3948 angelis,
2532 3876 2750 3930 minime
2779 3876 3034 3931 amrmari
3071 3892 3230 3947 posse
3257 3878 3324 3933 de
3355 3877 3619 3948 Unigeniti

2051 3965 2328 4020 divinitate
2349 3966 2549 4020 dictum
2578 3981 2715 4031 esse,
2747 3966 2891 4035 quod
2915 3981 3033 4033 vos,
3061 3982 3159 4021 ceu
3195 3968 3462 4022 catholiee
3490 3983 3618 4037 pro-

2054 4057 2354 4110 nuntiatum
2385 4056 2586 4124 pariter
2614 4055 2985 4125 proposuistis,
3014 4055 3219 4110 aientes
3246 4056 3479 4122 homini,
3510 4072 3618 4112 non

2053 4152 2232 4197 autem
2257 4143 2432 4197 Verbo
2461 4144 2735 4197 incarnato
2767 4144 2820 4197 id
2852 4143 3007 4196 tribui
3039 4159 3218 4212 posse.
3265 4144 3414 4199 lianc
3441 4156 3617 4201 autem

2052 4234 2296 4288 similiter
2326 4235 2653 4302 impietatem
2685 4233 2752 4286 ab
2785 4233 3034 4286 hmretico
3065 4232 3348 4288 Theodoro
3370 4234 3617 4290 edoctum

2051 4323 2289 4392 epistola:
2309 4323 2619 4391 scriptorem
2636 4320 2894 4388 ejusmodi
2918 4321 3198 4388 protulisse
3213 4322 3616 4390 blasphemiam.

2051 4410 2388 4484 perspicuum
2419 4427 2448 4464 a
2477 4411 2632 4465 nobis
2662 4409 2750 4464 ﬁet
2779 4425 2845 4464 ex
2874 4411 2938 4466 iis
2967 4426 3086 4479 qua:
3113 4412 3342 4479 ipsemet
3373 4412 3615 4468 Theodo-

2052 4520 2142 4556 rus
2171 4502 2386 4555 disserit
2433 4502 2485 4555 in
2515 4509 2708 4569 quarto
2737 4501 2990 4555 adversus
3028 4501 3414 4570 Apollinarium
3460 4504 3616 4558 libro.

367 4597 486 4668 περὶ
525 4591 586 4647 οὗ
626 4597 794 4648 ταῦτά
840 4617 986 4667 φησιν
1033 4595 1059 4650 6
1103 4601 1380 4668 προφήτης,
1411 4604 1582 4668 σαφῶς
1632 4597 1656 4652 6
1700 4599 1944 4672 μακάριος

2053 4612 2070 4644 ε
2101 4591 2401 4656 Hominem,
2431 4591 2620 4658 inquit,
2649 4590 2717 4643 de
2742 4605 2848 4657 quo
2875 4589 3138 4658 propheta
3169 4590 3421 4659 loquitur,
3449 4593 3617 4645 maui-

365 4681 510 4742 δηλοῖ
533 4685 746 4748 Παῦλος,
770 4686 852 4739 τὸν
874 4685 975 4738 ὑπὸ
1002 4693 1092 4738 τοῦ
1123 4693 1416 4758 μονογενοῦς
1440 4687 1725 4758 εἰλημμένον
1752 4687 1946 4764 ἅνθρω-

367 4795 463 4828 πον
489 4771 636 4830 εἶναι·
669 4777 880 4848 εἰρηκώς
908 4778 1024 4852 γάρ,
1048 4774 1124 4830 ὅτι
1151 4776 1526 4853 διεμαρτύρατο
1553 4777 1606 4834 δέ
1631 4781 1732 4834 πού
1758 4800 1835 4840 τις
1863 4781 1944 4835 λέ-

365 4885 494 4936 γων,
516 4893 588 4906 -
609 4868 672 4919 Τί
696 4868 836 4921 ἐστιν
875 4865 1149 4943 ἅνθρωπος,
1179 4866 1260 4923 ὅτι
1286 4873 1538 4943 μιμνήσκῃ
1567 4871 1749 4936 αὐτοῦ,
1778 4870 1808 4929 ἢ
1836 4873 1944 4932 υἱὸς

367 4956 651 5030 ἀνθρώπου,
686 4954 762 5009 ὅτι
805 4959 1080 5030 ἐπισκέπτῃ
1107 4956 1287 5020 αὼιόνζ
1316 4957 1617 5020 ἠλάττωσας
1643 4962 1790 5015 αὐτὸν
1814 4962 1945 5036 βρα-

369 5046 442 5113 χύ
463 5067 513 5099 τι
543 5047 672 5119 παρ’
691 5046 962 5118 ἀγγέλους,
994 5046 1109 5118 δόξῃ
1137 5051 1220 5102 καὶ
1243 5056 1363 5120 τιμῇ
1392 5050 1737 5121 ἐστεφάνωσας
1765 5054 1934 5115 αὐτὸν,

366 5139 447 5190 καί
476 5138 794 5197 κατέστησας
839 5140 988 5192 αὐτὸν
1030 5140 1115 5192 ἐπὶ
1159 5141 1225 5194 τά
1267 5138 1399 5212 ἔργα
1442 5148 1540 5195 τῶν
1590 5151 1779 5217 χειρῶν
1819 5165 1934 5209 σου,

366 5230 530 5284 πάντα
551 5232 806 5294 ὑπέταξας
830 5230 1070 5286 ὑποκάτω
1097 5239 1196 5286 τῶν
1224 5231 1392 5287 ποδῶν
1418 5233 1607 5299 αὐτοῦ,
1634 5263 1702 5274 -
1729 5235 1934 5309 έπάγει⁶

367 5320 535 5372 -Τόν
556 5317 608 5373 δὲ
633 5319 814 5394 βραχύ
843 5343 893 5375 τι
914 5320 1036 5390 παρ’
1057 5322 1299 5392 ἀγγέλους
1319 5322 1655 5393 ἠλαττωμένον
1693 5322 1938 5398 βλέπομεν

365 5405 580 5470 Ἰησοῦν,
611 5407 695 5464 διὰ
721 5412 779 5464 τὸ
801 5411 1010 5483 πάθημα
1033 5418 1122 5465 τοῦ
1149 5412 1362 5466 θανάτου
1395 5411 1508 5485 δόξῃ
1547 5417 1627 5467 καὶ
1651 5422 1767 5485 τιμῇ
1791 5415 1939 5469 ἐστε-

362 5501 667 5569 φανωμένον
681 5507 929 5572 -σαφῶς
947 5499 1137 5560 δεικνὺς
1158 5499 1234 5555 ὅτι
1253 5508 1442 5561 Ἰησοῦς
1469 5499 1726 5576 ἄνθρωπος
1746 5507 1861 5577 περὶ
1885 5501 1941 5557 οὗ

361 5586 389 5641 6
412 5590 661 5667 μακάριός
683 5613 804 5660 φησι
833 5590 984 5646 Δαϐὶδ
1014 5592 1399 5662 ἐκπληττόμενος
1424 5589 1502 5646 ὅτι
1524 5594 1553 5650 ἡ
1577 5594 1683 5645 θεία
1708 5593 1856 5661 φύσις
1885 5594 1943 5652 ἣν

363 5676 494 5748 ἴσχε
521 5682 636 5736 τότε
659 5685 811 5736 αὐτοῦ
835 5684 1142 5738 ποιήσασθαι
1160 5688 1354 5755 μνήμην
1379 5683 1521 5754 (sie)'
1544 5687 1625 5738 καὶ
1653 5682 1811 5742 δήκαὶ
1835 5685 1944 5739 ἐπι-

365 5769 588 5836 σκέψεως
607 5772 870 5835 ἀξιώσασα
890 5776 1092 5833 οἰκείας·
1117 5774 1299 5846 βραχὺ
1429 5797 1478 5829 τι
1504 5776 1641 5849 παρὰ
1660 5777 1778 5834 τοὺς
1798 5775 1942 5847 ἀγγέ-

366 5850 478 5914 λους
495 5861 641 5916 αὐτόν
657 5863 947 5923 ἠλάττωσαι
963 5865 1084 5928 (sic)
1100 5867 1157 5922 τό
1174 5866 1456 5926 γεύσασθαι
1477 5875 1687 5923 ποιῆσαι
1704 5868 1940 5929 θανάτου,

2047 4681 2181 4737 feste
2196 4681 2386 4735 beatus
2407 4681 2605 4734 indicat
2622 4678 2840 4746 Paulus,
2862 4693 2984 4732 eum
3001 4692 3120 4733 esse
3140 4679 3230 4746 qui
3248 4681 3314 4734 ab
3333 4678 3619 4749 Unigenito

2048 4781 2351 4842 assumptus
2378 4781 2499 4838 est;
2530 4769 2993 4843 inquiens_[Gra:c.
3029 4785 3151 4824 cum
3190 4771 3330 4824 enim
3375 4772 3616 4846 dixisset;

2050 4864 2406 4919 testimonium
2435 4863 2501 4918 de
2531 4863 2644 4932 ipso
2683 4877 2805 4917 esse
2833 4863 3100 4933 prolatum
3141 4862 3208 4916 ab
3240 4877 3307 4917 eo
3349 4863 3441 4932 qui
3485 4863 3616 4917 dixit

2048 4953 2218 5025 (Psal.
2247 4969 2360 5020 vnt,
2382 4952 2732 5024 6seq.):Quid
2757 4961 2831 5006 est
2855 4953 3006 5007 homo
3027 4952 3161 5024 quod
3196 4969 3389 5005 memor
3408 4968 3461 5005 es
3482 4953 3612 5021 ejus,

2046 5054 2134 5098 aut
2155 5045 2292 5114 filius
2323 5044 2562 5108 hominis,
2586 5044 2706 5113 quia
2735 5044 3030 5096 consideras
3053 5042 3209 5095 eum?
3230 5040 3466 5094 Minuisti
3500 5057 3614 5094 eum

2043 5135 2197 5203 paulo
2218 5135 2386 5187 minus
2400 5130 2462 5184 ab
2484 5133 2708 5202 angelis;
2731 5133 2896 5202 gloria
2917 5140 2965 5185 et
2986 5131 3177 5184 honore
3197 5130 3456 5183 coronasti
3475 5145 3611 5194 eum,

2043 5239 2092 5284 et
2112 5229 2418 5284 constituisti
2435 5244 2549 5280 eum
2569 5245 2719 5296 super
2739 5243 2893 5297 opera
2915 5243 3156 5280 manuum
3179 5235 3410 5287 tuarum;
3437 5226 3612 5278 omnis:

2045 5321 2302 5392 subjecisti
2353 5319 2443 5377 sub
2472 5319 2684 5389 pedibus
2737 5319 2866 5388 ejus,
2900 5319 2976 5371 sic
3011 5317 3180 5385 pergit
3207 5315 3390 5385 (Hebr.
3423 5331 3478 5378 ιι,
3511 5313 3566 5386 9)
3593 5333 3609 5370 :

2047 5411 2097 5464 Μ
2108 5413 2364 5465 inoratum
2385 5426 2500 5464 vero
2522 5410 2674 5478 paulo
2695 5410 2860 5461 minus
2882 5407 2944 5460 ab
2967 5407 3163 5477 angelis
3186 5405 3409 5458 videmus
3430 5403 3608 5459 Jesum

2041 5513 2249 5574 propter
2275 5502 2566 5571 passionem
2581 5499 2782 5565 mortis,
2798 5500 2964 5569 gloria
2984 5509 3031 5552 et
3054 5498 3244 5552 honore
3265 5506 3561 5551 coronatum
3589 5511 3608 5549 :

2042 5593 2317 5647 evidenter
2345 5590 2620 5645 declarans
2640 5589 2819 5644 Jesum
2840 5605 2963 5644 eum
2984 5589 3253 5642 hominem
3276 5600 3395 5642 esse
3415 5585 3480 5639 de
3499 5600 3608 5654 quo

2039 5692 2255 5739 sanctus
2285 5682 2514 5750 loquitur
2539 5680 2703 5736 David
2731 5688 2950 5752 stupore
2977 5679 3214 5744 alfeetus,
3245 5676 3389 5747 quod
3416 5675 3608 5730 divina:

2039 5789 2200 5842 quam
2241 5773 2469 5827 habebat
2516 5779 2718 5825 natura:
2765 5770 2837 5824 ibi
2883 5769 3083 5825 mentio
3131 5768 3270 5823 facta
3317 5773 3498 5832 esset;
3550 5772 3606 5823 et

2047 5867 2184 5935 quod
2212 5866 2426 5930 propria
2475 5865 2646 5928 ipsum
2686 5862 2932 5930 dignatus
2961 5871 3102 5919 esset
3130 5856 3472 5916 visitatione:
3512 5857 3614 5911 mi-
