4108 6524
427 458 563 521 1063

1739 456 2177 519 JUSTINIANI
2220 456 2374 517 IMP.

3553 432 3687 508 1οο4

436 591 554 650 δυξη
582 584 633 638 δὲ
663 582 814 636 αὑτὸν
860 584 940 635 καὶ
976 588 1104 653 ,τιμῇ
1133 580 1273 649 πάσῃ
1306 576 1610 649 περιϐαλεῖν·
1645 575 1775 627 ὥστε
1808 576 1892 624 καὶ
1922 574 2008 622 κυ-
2041 604 2051 630 Α

2155 582 2352 621 uratum
2393 584 2507 619 vero
2539 568 2693 633 paulo
2726 568 2891 619 minus
2922 565 2984 618 ab
3033 565 3253 635 angelis,
3303 563 3430 632 quia
3458 575 3688 622 mortem

441 698 545 742 ριον
576 676 821 744 ἀποφῆναι
844 678 942 723 τῶν
980 670 1213 723 ἀπάντων
1242 667 1326 722 διά
1352 676 1442 726 τῆς
1482 666 1606 740 πρὸς
1653 664 1828 717 ἑαυτὸν
1858 683 2015 715 συνα-

439 769 596 839 φείας.
629 782 646 814 i
676 766 763 816 Καὶ
780 762 923 815 πάλιν
945 764 994 814 ἐν
1015 769 1075 834 τῇ
1101 762 1336 835 ἑρμηνείᾳ
1357 765 1448 813 τοῦ
1472 755 1647 829 ὀγδόου
1672 756 1876 827 ψαλμοῦ
1899 758 2017 827 περὶ

440 862 530 910 τοῦ
570 854 724 907 αὑτοῦ
765 852 918 924 ῥητοῦ
946 851 971 904 6
998 852 1152 908 αὑτὸς
1197 850 1385 907 ἀσεϐής
1423 846 1679 921 Θεόδωρος
1708 845 1839 900 οὕτω
1866 845 2015 914 λέγει·

447 965 465 994 ο
490 947 579 1000 Διά
596 950 745 999 τοῦτο
765 944 928 996 τοίνυν
949 947 1038 998 τήν
1058 944 1145 1010 μὲν
1163 938 1396 1014 διαφοράν
1413 945 1501 992 τοῦ
1526 958 1579 991 τε
1602 943 1730 991 Θεοῦ
1745 935 1911 1005 λόγου,
1935 937 2021 988 καί

441 1043 527 1091 τοῦ
559 1034 915 1104 ἀναληφθέντος
952 1034 1237 1104 ἀνθρώπου,
1269 1030 1522 1085 τοσαύτην
1565 1030 1687 1097 ἡμῖν
1724 1025 1969 1080 δείκνυσιν
1996 1024 2021 1079 6

443 1125 658 1195 ψαλμός’
703 1122 977 1196 διῃρημένα
1015 1121 1068 1176 δὲ
1116 1128 1282 1176 ταῦτα
1325 1123 1371 1174 ἐν
1521 1129 1660 1192 καινῇ
1703 1119 1909 1191 διαθήκῃ
1946 1118 2024 1170 εὑ-

446 1223 689 1291 ρίσκεται,
714 1223 802 1270 τοῦ
832 1219 919 1286 μὲν
948 1220 1125 1290 κυρίου
1157 1214 1229 1281 ἐφ’
1246 1215 1426 1268 ἑαυτὸν
1451 1212 1792 1281 λαμϐάνοντος
1819 1210 1881 1264 τὰ
1900 1208 2026 1285 πρό-

446 1328 570 1379 τερα
612 1313 697 1360 τοῦ
728 1306 952 1376 ψαλμοῦ,
1003 1307 1053 1358 ἓν
1106 1300 1177 1363 οἷς
1208 1308 1418 1362 ποιητήν
1454 1324 1509 1358 τε
1551 1304 1697 1356 αὑτὸν
1740 1296 1864 1355 εἷναί
1904 1320 2026 1371 φησι

448 1404 539 1457 τῆς
562 1398 790 1457 κτίσεως,
819 1398 901 1448 καὶ
932 1395 1208 1464 ἐπηρμένην
1238 1393 1386 1462 ἔχειν
1415 1392 1648 1465 ὑπεράνω
1677 1397 1774 1444 τῶν
1812 1393 2026 1465 οὗρανῶν

449 1493 537 1545 τήν
583 1487 1042 1559 μεγαλοπρέπειαν,
1071 1488 1149 1537 καί
1196 1486 1649 1553 τεθαυμαστῶσθαι
1694 1482 1741 1534 ἓν
1786 1482 1927 1550 πάσῃ
1966 1487 2027 1552 τῇ

451 1588 536 1653 γῇ·
568 1586 660 1632 τοῦ
689 1578 741 1633 δὲ
770 1579 1055 1633 ἀποστόλου
1080 1575 1146 1632 τοὶ
1175 1575 1388 1650 δεύτερα
1418 1577 1481 1630 τά
1507 1578 1625 1648 περὶ
1651 1580 1739 1628 τοῦ
1767 1576 2028 1651 ἀνθρώπου

454 1680 545 1730 τῆς
583 1670 842 1729 τοσαύτης
887 1670 1178 1742 εὐεργεσίας
1218 1667 1605 1728 καταξιωθέντος
1637 1666 1719 1717 ἐπὶ
1747 1671 1838 1718 τοῦ
1864 1664 2029 1720 Ἰησοῦ

456 1760 820 1830 λαμϐάνοντος,
864 1766 971 1817 πῶς
1013 1760 1070 1810 οὑ
1113 1756 1359 1831 πρόδηλον
1408 1754 1485 1811 ὅτι
1511 1757 1677 1827 ἕτερον
1715 1759 1805 1826 μέν
1843 1758 1977 1827 ἡμᾶς
2002 1756 2032 1813 ἠ

457 1851 563 1904 θεία
588 1856 748 1927 γραφή
787 1847 1009 1903 διδάσκει
1048 1856 1218 1921 σαφῶς
1248 1844 1373 1902 εἶναι
1406 1850 1492 1902 τὸν
1522 1850 1644 1901 Θεὸν
1681 1848 1842 1921 λόγον,
1865 1847 2034 1921 ἕτερον

2120 668 2236 713 erat
2266 666 2595 725 gustaturus,
2628 657 2795 725 gloria
2835 669 2995 725 porro
3026 664 3079 709 et
3108 655 3312 707 honore
3342 652 3687 713 circumdari,

2119 753 2192 806 ita
2223 762 2283 806 ut
2318 751 2575 805 Dominus
2620 749 2784 803 etiam
2830 746 3249 802 constitueretur
3294 743 3690 799 universorum,

2119 846 2189 898 ob
2235 858 2385 897 suam
2432 857 2555 897 cum
2604 842 2724 911 ipso
2770 838 3227 907 conjunctionem.
3276 833 3345 886 Et
3390 832 3585 885 iterum
3636 827 3691 879 in

2120 933 2455 1001 expositione
2482 931 2657 985 octavi
2688 930 2875 999 psalmi
2927 928 2995 982 de
3035 926 3223 981 eodem
3255 923 3452 994 prolati
3498 919 3696 990 impius

2122 1023 2261 1076 idem
2291 1021 2605 1074 Theodorus
2630 1021 2744 1073 lucc
2773 1019 2965 1071 habet:
2999 1037 3014 1068 ‹
3040 1016 3165 1070 Ideo
3188 1028 3317 1081 ergo
3341 1011 3697 1066 diiTerentiam

2123 1112 2340 1181 quidem
2372 1112 2466 1165 Dei
2494 1111 2676 1173 Verbi,
2724 1117 2779 1162 et
2820 1111 2885 1162 ah
2932 1108 3049 1176 ipso
3089 1106 3290 1174 recepti
3322 1103 3552 1158 hominis
3580 1111 3701 1155 tau-

2125 1212 2233 1257 tam
2262 1203 2417 1256 nobis
2444 1201 2676 1256 ostendit
2707 1201 2793 1254 hic
2833 1199 3089 1268 psalmus.
3142 1197 3318 1251 Divisa
3347 1210 3475 1249 vero
3503 1195 3617 1248 haec
3646 1194 3699 1247 in

2127 1291 2276 1346 Novo
2325 1290 2670 1344 Testamento
2712 1289 3074 1358 reperiuntur,
3126 1285 3355 1341 Domino
3401 1283 3619 1354 quidem
3650 1284 3704 1337 in

2127 1400 2188 1439 se
2227 1384 2526 1451 accipiente
2553 1380 2844 1451 primordia
2870 1378 3083 1449 psalmi,
3134 1378 3187 1431 in
3225 1377 3414 1446 quibus
3442 1374 3704 1429 factorem

2129 1490 2252 1530 eum
2280 1473 2411 1528 dicit
2439 1487 2560 1526 esse
2589 1480 2869 1535 creaturae,
2915 1476 2970 1524 et
3011 1469 3278 1523 elcvatam
3310 1467 3507 1520 habere
3546 1480 3709 1533 super

2131 1564 2294 1619 caelos
2322 1562 2790 1630 magniﬁcentiam,
2847 1569 2902 1615 et
2951 1558 3221 1613 miriﬁcari
3270 1558 3322 1610 in
3365 1556 3510 1611 omni
3545 1564 3703 1609 terra.

2134 1654 2397 1724 Apostolo
2419 1661 2597 1707 autem
2624 1652 2848 1719 reliqua,
2891 1665 3009 1720 qum
3051 1649 3119 1703 de
3167 1648 3385 1701 homine
3432 1655 3577 1710 sunt,
3616 1645 3710 1713 qui

2132 1745 2454 1801 beneﬁcium
2481 1743 2702 1797 meritus
2732 1750 2834 1808 est,
2853 1740 2919 1794 de
2941 1739 3067 1794 Jesu
3093 1737 3407 1807 accipiente,
3442 1735 3712 1805 quomodo

2136 1852 2245 1891 non
2276 1833 2636 1897 manifestum,
2668 1831 2811 1901 quod
2843 1831 3069 1885 alterum
3100 1830 3312 1899 quidem
3357 1828 3534 1882 divina
3564 1827 3712 1882 Scri-

457 1938 511 1994 6i
535 1941 619 1994 τόν
644 1938 925 2016 ἄνθρωπον;
962 1940 1144 1999 πολλήν
1182 1960 1236 1993 τε
1268 1942 1431 1995 αὐτῶν
1460 1935 1611 1994 οὖσαν
1644 1938 1892 1994 δείκνυστν
1920 1942 2036 2009 ἡμῖν

2155 1935 2296 1995 ptura
2324 1925 2481 1979 docet
2509 1923 2784 1978 evidenter
2823 1936 2943 1976 esse
2986 1921 3151 1975 Deum
3182 1919 3441 1985 Verbum,
3490 1918 3714 1971 alterum

457 2037 545 2089 τήν
573 2030 830 2105 διαφυηράν.
869 2042 923 2083 '0
957 2034 1045 2102 μέν
1080 2034 1181 2105 γὰρ
1213 2033 1526 2101 μνημονεύει,
1568 2030 1592 2085 6
1624 2030 1676 2084 δὲ
1714 2038 1804 2091 τῆς
1842 2035 2038 2101 μνήμης

460 2122 799 2183 καταξιοῦται·
845 2124 929 2174 καὶ
972 2120 997 2175 6
1031 2124 1119 2191 μὲν
1165 2124 1560 2186 ὶπισκέπτεται,
1591 2122 1617 2174 ὁ
1646 2119 1701 2176 δὲ
1734 2124 1816 2175 καί
1848 2123 2040 2181 ταύτης

461 2212 841 2280 καταξιοὺμενος
870 2215 1226 2285 μακαρίζεται”
1259 2215 1344 2265 καί
1374 2212 1399 2266 6
1428 2214 1518 2283 μέν
1553 2214 1821 2286 εὐεργετῶν
1844 2213 2043 2269 ἐλαττοῖ

463 2302 641 2375 βραχὺ
677 2322 729 2355 τι
774 2303 896 2377 παρ’
918 2303 1163 2373 ἀγγέλους
1186 2343 1196 2359 ,
1231 2302 1255 2356 6
1288 2301 1342 2356 δὲ
1372 2304 1701 2376 εὑεργετεῑται
1727 2304 1810 2356 καί
1862 2303 1944 2357 ἐπὶ
1980 2310 2042 2375 τῇ

464 2393 672 2462 τοιαύτη
698 2392 986 2446 ἕλαττὼσει⁶
1020 2396 1102 2445 καί
1132 2393 1156 2446 6
1188 2394 1277 2463 μὲν
1315 2392 1431 2465 δόξῃ
1458 2397 1539 2446 καὶ
1566 2403 1685 2466 τιμῇ
1730 2402 1984 2467 στεφανοῖ,
2018 2393 2044 2449 6

465 2480 518 2536 δὲ
548 2490 895 2553 στεφανοῦται,
940 2487 1021 2537 καί
1057 2484 1143 2537 ἐπὶ
1174 2487 1373 2543 τούτοις
1415 2490 1770 2558 μακαρίζεται’
1797 2489 1880 2539 καί
1909 2485 1932 2539 6
1957 2488 2045 2557 μὲν

467 2575 776 2631 κατέστησεν
806 2576 959 2627 αὑτὸν
982 2576 1067 2628 ἐπί
1088 2577 1255 2629 πάντα
1279 2578 1343 2631 τά
1372 2573 1496 2649 ἔργα
1522 2585 1621 2630 τῶν
1653 2582 1839 2651 χειρῶν
1867 2578 2043 2641 αὑτοῦ,

468 2664 553 2715 καί
596 2666 765 2717 πάντα
809 2664 1054 2727 ὑπέταξεν
1098 2665 1336 2719 ὑποκάτω
1376 2675 1475 2721 τῶν
1516 2665 1684 2721 ποδῶν
1713 2669 1903 2725 αὑτοῦ,
1937 2666 1961 2720 ό
1995 2666 2047 2721 δέ

471 2753 748 2815 κατηξιώθη
772 2758 860 2806 τοῦ
893 2752 1158 2817 δεσπόζειν
1182 2757 1399 2821 τούτων,
1425 2750 1491 2809 ὧν
1513 2756 1759 2830 πρότερον
1790 2759 1879 2811 οὑκ
1910 2754 2052 2829 εἶχεν

473 2847 563 2898 την
593 2843 840 2903 ἄξουσίαν.
875 2856 894 2891 ι

546 2934 637 2985 [αἱ
682 2938 847 2987 ταῦτα
896 2935 986 3003 μέν
1028 2932 1052 2988 6
1094 2936 1286 2995 ἀσεϐής
1332 2935 1621 3010 Θεόδωρος,
1661 2942 1739 2992 καὶ
1777 2942 1806 2997 ἡ
1845 2944 2053 3013 μυσαρά

472 3022 630 3077 ἐκείνη
684 3023 917 3080 ἐπιστολή
958 3024 1321 3095 βλασφημοῦσι
1369 3036 1591 3101 φανερῶς
1635 3030 1863 3101 λέγοντες
1911 3027 2053 3084 ἄλλον

474 3109 600 3165 εἶναι
638 3112 720 3167 τὸν
762 3115 886 3166 Θεὸν
927 3114 1094 3185 λόγον,
1126 3120 1208 3169 καί
1255 3114 1398 3171 ἄλλον
1445 3122 1531 3173 τίν
1580 3122 1826 3193 Χριστὸν,
1855 3119 1927 3181 οἷς
1974 3126 2055 3175 καί

474 3204 623 3266 ὑμεῖς
648 3203 1028 3264 ἀκολουθοῦντες
1072 3212 1444 3279 γεγραφήκατε,
1485 3208 1560 3265 ὅτι
1589 3214 1644 3266 τό
1664 3254 1676 3275 ,
1712 3230 1730 3262 ι
1753 3215 2055 3274 ἠλάττωσας

2139 2032 2269 2071 vero
2298 2014 2601 2070 hominem?
2640 2019 2696 2067 et
2720 2012 2941 2066 multam
2973 2026 3159 2064 eorum
3191 2009 3345 2063 nobis
3375 2022 3495 2063 esse
3533 2014 3715 2061 osten—

2139 2108 2218 2163 dit
2242 2104 2619 2161 differentiam.
2651 2101 2782 2157 Nam
2816 2103 2916 2156 iste
2942 2100 3155 2169 quidem
3180 2105 3465 2163 memorat,
3496 2096 3584 2151 ille
3615 2111 3715 2150 au-

2140 2217 2251 2261 tem
2291 2204 2608 2259 memoriam
2657 2210 3057 2265 commeretur;
3107 2199 3209 2253 iste
3256 2197 3473 2268 quidem
3516 2196 3717 2259 visitat,

2143 2296 2277 2351 alter
2306 2302 2483 2348 autem
2524 2292 2887 2346 visitationem
2918 2304 3037 2344 eam
3071 2294 3453 2350 commeretur,
3502 2286 3714 2340 beatus-

2142 2401 2248 2456 que
2274 2384 2469 2439 dicitur
2497 2400 2511 2448 ;
2559 2390 2615 2437 et
2663 2383 2764 2436 iste
2792 2379 3009 2449 quidem
3038 2378 3354 2434 beneﬁcium
3395 2376 3570 2432 dando
3622 2376 3722 2429 mi-

2145 2475 2262 2528 nuit
2288 2474 2449 2543 paulo
2478 2473 2655 2526 minus
2678 2471 2745 2523 ab
2775 2470 2999 2538 angelis.
3034 2469 3121 2522 ille
3150 2476 3328 2522 autem
3358 2475 3412 2520 et
3434 2482 3528 2535 per
3558 2467 3721 2519 talem

2146 2565 2498 2635 minutionem
2527 2562 2845 2619 beneﬁcium
2888 2561 3083 2630 accipit
3110 2578 3123 2623 ;
3155 2568 3209 2615 ct
3238 2561 3336 2614 iste
3362 2558 3577 2628 quidem
3606 2559 3725 2627 glo-

2148 2658 2224 2711 ria
2277 2666 2333 2711 et
2371 2657 2580 2710 honore
2629 2662 2876 2721 coronat,
2924 2654 3061 2707 alter
3100 2661 3278 2706 autem
3324 2659 3635 2717 coronatur,
3672 2660 3727 2704 et

2149 2756 2438 2818 propterea
2468 2748 2659 2801 beatus
2689 2746 2921 2809 dicitur;
2970 2753 3025 2799 et
3054 2744 3155 2813 iste
3190 2743 3406 2812 quidem
3451 2743 3729 2797 constituit

2154 2839 2323 2907 ipsum
2352 2851 2514 2906 super
2543 2836 2724 2891 omnia
2770 2850 2934 2905 opera
2963 2850 3215 2887 manuum
3261 2832 3397 2901 ejus,
3447 2832 3733 2899 omniaque

2151 2930 2384 3000 subjecit
2423 2929 2521 2982 sub
2562 2927 2788 2997 pedibus
2833 2926 2970 2995 ejus,
3014 2926 3152 2980 alter
3181 2934 3361 2979 autem
3397 2924 3618 2977 meritus
3646 2930 3729 2977 est

2156 3021 2418 3078 dominari
2439 3020 2517 3075 eis
2540 3035 2766 3089 quorum
2791 3028 2945 3072 antea
2974 3034 3079 3072 non
3104 3017 3334 3073 habebat
3357 3023 3697 3088 potestatem.
3712 3033 3732 3065 ο

2158 3111 2426 3166 Hactenus
2474 3110 2668 3179 impius
2697 3106 3032 3174 Theodorus,
3080 3108 3329 3162 similiter
3376 3116 3537 3177 atque
3580 3121 3737 3161 exse-

2160 3202 2374 3258 crabilis
2402 3201 2629 3270 epistola
2657 3201 3033 3270 hlasphemant
3066 3208 3253 3269 aperte
3278 3200 3440 3253 alium
3474 3199 3569 3253 Dei
3601 3196 3736 3275 Ver-t

475 3292 633 3345 ατᾶτίν
654 3293 836 3366 βραχὺ
866 3315 915 3349 τι
950 3294 1077 3368 παρ’
1104 3297 1362 3368 ἀγγέλους,
1398 3318 1416 3350 ι
1444 3305 1561 3375 περὶ
1584 3304 1865 3378 ἀνθρώπου,
1896 3308 1978 3357 καί
2005 3307 2051 3358 οὖ

2159 3295 2285 3347 hum
2315 3308 2464 3362 esse,
2507 3294 2666 3346 alium
2700 3280 3174 3356 vero'Christum;
3217 3308 3354 3360 quos
3400 3306 3496 3345 vos
3538 3293 3733 3354 secuti,

475 3388 594 3456 περὶ
620 3390 711 3439 τοῦ
741 3387 1083 3461 σαρκωθέντος
1112 3397 1237 3443 Θεοῦ
1263 3391 1408 3461 λόγου
1448 3392 1662 3469 εῖρηται’
1693 3400 1771 3449 καί
1795 3418 1872 3451 τοι
1897 3399 2059 3471 ἐχρῆν

476 3477 613 3546 ὑμᾶς
642 3486 797 3541 νοεῖν,
832 3476 907 3533 ὅτι
930 3485 1034 3540 πᾶς
1063 3478 1323 3557 ἅνθρωπος
1367 3485 1582 3540 ἐλάττων
1608 3488 1744 3542 ἐστὶν
1776 3497 1874 3542 τῶν
1902 3492 2058 3561 ἀγγέο

477 3567 594 3635 λων,
628 3569 749 3624 ἀλλά
777 3576 928 3624 τοῦτο
958 3568 1153 3646 εἴρηται
1181 3571 1264 3627 διά
1291 3574 1374 3629 τόν
1402 3585 1636 3647 μονογενῆ
1663 3579 1767 3631 υἱὸν
1795 3586 1884 3634 τοῦ
1908 3588 2057 3635 Θεοῦ.

479 3661 605 3717 Θεὸς
657 3660 753 3731 γάρ
797 3658 861 3713 ὢν
910 3662 1115 3723 ἠξίωσεν
1167 3660 1428 3737 ἄνθρωπος
1454 3667 1685 3737 γενέσθαι
1729 3677 1789 3739 τῇ
1842 3670 2062 3744 ἡμετέρα

481 3750 892 3820 συγκαταϐαίνων
941 3751 1202 3826 ἀσθενείᾳ·
1244 3750 1371 3827 ὅπερ
1428 3759 1513 3808 καί
1546 3756 1570 3809 6
1604 3757 1886 3818 ἀπόστολος
1929 3761 2063 3830 ἡμᾶς

481 3837 705 3892 δὶδάσιει
727 3838 903 3907 λέγων,
930 3856 948 3889 ι
978 3839 1065 3892 τόν
1086 3838 1137 3893 δὲ
1159 3841 1341 3911 βραχὺ
1368 3864 1419 3897 τι
1434 3841 1555 3918 παρ’
1575 3846 1816 3916 ἀγγέλους
1839 3846 2065 3904 ἠλαττω-

484 3932 629 3996 μένον
649 3929 895 3999 βλέπομεν
938 3926 1151 3994 Ἰησοῦν,
1183 3929 1263 3986 διὰ
1290 3934 1349 3987 τό
1378 3936 1580 4004 πάθημα
1601 3941 1687 3989 τοῦ
1712 3938 1924 3991 θανάτου
1948 3934 2064 4009 δόξῃ

483 4024 561 4072 καί
600 4028 723 4094 τιμῇ
769 4023 1181 4091 ἐστεφανωμένον.
1207 4042 1223 4073 ι
1259 4025 1315 4076 Εἰ
1350 4028 1537 4091 τοίνυν,
1575 4030 1642 4087 ὡς
1692 4028 1836 4100 ὑμεῖς
1876 4030 2062 4102 λέγετε,

484 4106 627 4168 illo;
664 4111 801 4163 ἐστὶν
847 4117 1041 4170 Ἰησοῦς
1084 4110 1110 4165 6
1151 4111 1335 4185 βραχὺ
1358 4136 1409 4168 τι
1434 4115 1804 4193 παρ’ἀγγέλους
1832 4121 2067 4179 ἠλαττω-

486 4202 661 4270 μένος,
688 4205 775 4254 καί
820 4198 965 4261 ἄλλος
1012 4203 1035 4257 ό
1075 4210 1167 4259 τοῦ
1217 4213 1341 4259 Θεοῦ
1376 4206 1522 4278 λόγος
1567 4207 1592 4262 6
1638 4214 1707 4280 μὴ
1749 4211 2062 4277 ἐλαττωθείς,

486 4293 833 4365 ἀναμφιϐόλως
860 4292 884 4348 6
907 4296 1116 4371 Χριστὸς
1148 4295 1293 4365 ψιλός
1325 4300 1461 4353 ἐστιν
1490 4297 1751 4376 ἄνθρωπος
1781 4302 1805 4356 6
1832 4306 1887 4356 τὸ
1913 4306 2067 4364 πάθος

487 4382 788 4451 ὑπομείνας,
821 4386 955 4437 ὥστε
986 4385 1089 4438 καθ’
1111 4386 1245 4453 ὑμᾶς
1271 4391 1354 4441 καί
1379 4391 1464 4442 τὸν
1491 4390 1766 4444 ἀπόστολον
1791 4392 2069 4461 ψεύδεσθαι

488 4470 712 4541 λέγοντα,
745 4491 762 4523 ε
791 4476 846 4526 Ei
869 4477 971 4547 γάρ
999 4473 1259 4545 ἔγνωσαν,
1287 4480 1373 4531 οὑκ
1409 4474 1466 4531 ἂν
1495 4480 1577 4533 τόν
1608 4482 1775 4554 κὺριον
1809 4491 1899 4543 τῆς
1927 4482 2069 4547 δόξης

491 4563 850 4640 ἐσταύρωσαν.
874 4584 890 4616 ι
923 4572 1009 4627 Τίς
1050 4570 1144 4643 γάρ
1175 4570 1310 4624 ἐστιν
1350 4570 1372 4622 ό
1404 4569 1575 4642 κὺριος
1605 4581 1697 4634 τῆς
1735 4572 1897 4639 δόξης,
1931 4578 1974 4628 εἰ
1999 4580 2069 4646 μή

2162 3403 2364 3462 pariter
2393 3394 2679 3464 scripsistis
2724 3393 2901 3448 locum
2932 3393 3079 3448 illum
3110 3434 3124 3460 ,
3165 3391 3403 3446 Minuisti
3430 3409 3544 3446 eum
3581 3393 3741 3461 paulo

2161 3488 2332 3541 minus
2359 3487 2421 3540 ab
2450 3488 2671 3557 angelis,
2695 3486 2763 3540 de
2788 3485 3040 3549 homine,
3075 3486 3293 3540 minime
3322 3494 3502 3539 autem
3532 3485 3599 3539 de
3628 3484 3740 3539 Deo

2161 3577 2341 3632 Verbo
2381 3577 2661 3630 incarnato
2704 3591 2826 3630 esse
2863 3576 3152 3645 prolatum.
3204 3573 3499 3644 Oportebat
3541 3583 3743 3639 autem,

2165 3676 2221 3721 ut
2250 3666 2618 3735 intelligeretis
2667 3680 2880 3719 omnem
2930 3666 3204 3718 hominem
3252 3664 3455 3732 angelis
3485 3678 3603 3718 esse
3638 3664 3741 3716 mi-

2165 3773 2372 3822 norem,
2405 3755 2498 3811 sed
2529 3756 2581 3809 id
2612 3756 2678 3810 de
2708 3755 2985 3825 unigenito
3014 3755 3122 3809 Deo
3162 3755 3339 3810 Verbo
3370 3755 3571 3809 dictum
3601 3770 3741 3818 esse,

2165 3847 2251 3914 qui
2282 3844 2421 3900 Deus
2441 3846 2675 3901 existens
2708 3846 2958 3913 dignatus
3004 3855 3085 3900 est
3125 3847 3288 3900 homo
3320 3847 3456 3913 ticri,
3505 3854 3744 3899 nostram

2166 3939 2266 3993 sibi
2293 3939 2625 4006 conjungens
2653 3938 3042 4002 inﬁrmitatem,
3070 3939 3214 4007 quod
3253 3938 3411 3994 docet
3452 3940 3569 4008 ipse
3598 3939 3744 4007 Apo-

2167 4030 2335 4083 stolus
2364 4030 2546 4083 dicens
2570 4048 2582 4083 ε
2614 4029 2668 4084 Μ
2675 4033 2933 4084 inoratum
2971 4031 3125 4100 paulo
3166 4032 3333 4083 minus
3356 4030 3422 4083 ab
3445 4032 3643 4102 angelis
3667 4032 3743 4085 vi-

2169 4120 2344 4173 demus
2367 4120 2543 4174 Jesum
2572 4138 2662 4188 per
2695 4123 2989 4189 passionem
3018 4124 3216 4187 mortis,
3263 4123 3432 4193 gloria
3470 4134 3519 4176 et
3556 4124 3748 4176 honore

2172 4224 2496 4268 coronatum.
2549 4214 2603 4268 Si
2635 4216 2839 4284 itaque,
2882 4224 2939 4269 ut
2967 4224 3143 4269 vestra
3174 4223 3258 4268 est
3286 4216 3569 4281 sententia,
3615 4214 3750 4267 alius

2174 4313 2257 4359 est
2286 4302 2441 4359 Jesus
2472 4305 2628 4367 paulo
2670 4307 2845 4359 minus
2890 4306 2957 4359 ab
2999 4306 3202 4373 angelis
3249 4305 3565 4369 minoratus,
3614 4304 3752 4359 alius

2174 4406 2352 4451 autem
2384 4398 2524 4450 Deus
2560 4396 2796 4449 Verbum
2829 4412 2935 4450 non
2965 4397 3318 4461 minoratum,
3362 4394 3550 4464 procul
3588 4394 3752 4449 dubio

2172 4501 2337 4556 purus
2376 4487 2538 4539 homo
2570 4496 2672 4550 est,
2717 4488 2806 4555 qui
2838 4488 3143 4557 passionem
3188 4487 3457 4554 sustinuit,
3488 4485 3750 4548 Christus,

2174 4578 2509 4645 mendaxque
2555 4578 2692 4632 adeo
2728 4576 2783 4630 ﬁt
2834 4595 2865 4632 a
2892 4580 3047 4633 vobis
3073 4577 3364 4647 Apostolus
3410 4578 3591 4632 dicens
3627 4592 3642 4630 :
3691 4577 3753 4630 Si

492 4656 517 4710 6
543 4658 662 4718 Θεὸς
686 4659 829 4727 λόγος
862 4660 888 4711 ὁ
910 4662 1188 4732 σαρκωθείς
1205 4702 1217 4723 ,
1248 4659 1298 4714 ὃν
1321 4664 1365 4715 oi
1386 4662 1607 4720 Ἰουδαῖοι
1630 4668 1748 4721 Θεὸν
1774 4664 1893 4723 εἶναι
1921 4672 2041 4741 ἀγνο

2170 4674 2540 4744 cognovissent,
2570 4690 2832 4745 nunquam
2859 4674 3139 4728 Dominum
3171 4676 3350 4745 gloriae
3371 4673 3756 4741 cruciﬁmissent

493 4757 666 4809 οῦντες
715 4747 907 4817 ὓεγον,
936 4766 957 4799 ε
988 4753 1129 4804 Διατί
1164 4754 1228 4804 σὺ
1258 4750 1518 4825 ἄνθρωπος
1548 4755 1614 4809 ὢν
1652 4766 1817 4819 ποιεῖς
1859 4762 2072 4815 σεαυτὸν

494 4838 641 4897 Θεὸνς
667 4856 684 4887 ι
703 4835 863 4911 Ὀπερ
890 4841 973 4891 καί
997 4840 1022 4891 ὁ
1044 4840 1287 4915 ὑμέτερος
1309 4842 1603 4907 διδάσκαλος
1624 4846 1707 4903 διὰ
1726 4857 1817 4910 τῆς
1841 4857 2068 4924 πονηρᾶς

496 4932 684 4990 ταύτης
734 4930 996 5003 ileon-uia:
1036 4938 1139 4991 τοῖς
1179 4932 1445 4996 Ἰουδαίοις
1486 4940 1668 5008 μᾶλλον
1704 4941 2069 5011 ἀκολουθήσας,

496 5022 755 5076 κατέναντι
781 5026 873 5076 τοῦ
904 5027 1027 5076 Θεοῦ
1051 5025 1187 5094 ἡμῶν
1210 5025 1467 5085 ἐλάλησεν.

567 5303 692 5375 Πρός
721 5302 775 5358 δέ
803 5303 1076 5376 βεϐαίωσιν
1105 5312 1204 5360 τῶν
1238 5307 1498 5385 ὑμετέρων
1531 5309 1688 5377 λόγων
1731 5313 2074 5384 προσεθήκατε

498 5402 606 5454 τοῖς
635 5394 916 5465 κεφαλαίοις
963 5397 1105 5468 ὑμῶν
1145 5397 1369 5467 λέγοντες
1411 5400 1468 5451 τό
1509 5400 1763 5471 εἰρημένον
1808 5402 1953 5477 παρά
1989 5408 2080 5455 τοῦ

500 5482 784 5540 ἀποστόλου
819 5504 838 5537 ε
867 5484 920 5545 ὃς
949 5487 999 5543 ἔν
1024 5495 1187 5561 μορφῇ
1211 5494 1336 5541 Θεοῦ
1363 5489 1620 5563 ὑπάρχων
1646 5491 1882 5544 ἐκένωσεν
1910 5490 2080 5545 ἑαυτὸν

501 5582 690 5649 μορφὴν
730 5577 907 5633 δοὺλου
943 5578 1109 5632 λαϐὼν
1138 5596 1157 5630 ι
1186 5576 1419 5651 συνᾴδειν
1458 5586 1521 5653 τῇ
1551 5580 1775 5653 ὑμετέρᾳ
1816 5580 2087 5654 ἑρμηνεία,

502 5671 588 5722 καί
612 5673 680 5739 μη
703 5672 821 5739 περὶ
846 5676 936 5723 τοῦ
962 5677 1091 5724 Θεοῦ
1115 5671 1263 5741 λόγου
1295 5674 1656 5748 σαρκωθέντος,
1688 5673 1813 5728 άλλά
1840 5678 1959 5746 περὶ
1993 5676 2084 5729 ἀνο

500 5762 704 5835 ὑρὼπου
732 5760 873 5830 μόνον
902 5765 1144 5836 εἰρῆσθαι.
1172 5762 1312 5817 ’Λλλά
1336 5768 1381 5818 εἰ
1409 5766 1490 5819 καί
1527 5766 1677 5836 ὑμεῖς
1713 5772 1774 5839 τῇ
1812 5772 1909 5819 τῶν
1937 5765 2079 5839 αἶρε·

505 5858 653 5904 τικῶν
687 5854 770 5901 καί
789 5850 839 5901 ἐν
857 5852 1022 5920 τούτῳ
1046 5853 1311 5907 ἀκολουθοῖ
1321 5876 1432 5915 ντες
1466 5856 1642 5927 πλάνῃ,
1675 5858 1792 5927 περί
1816 5856 2078 5925 ἀνθρώπου

515 5942 595 5993 τὸν
630 5939 907 5992 ἀπέστελλον
950 5944 1196 6015 εἰρηκέναι
1241 5942 1681 6010 διαϐεϐαιοῦσθαι,
1722 5943 1797 5999 ὅτι
1842 5944 2079 5998 Exime"

2183 4763 2237 4833 (I
2259 4765 2379 4818 Cor.
2414 4781 2468 4827 ιι,
2507 4764 2583 4834 8).
2626 4764 2756 4829 Quis
2802 4765 2945 4819 enim
2996 4765 3254 4819 Dominus
3302 4772 3386 4818 est
3427 4764 3613 4830 gloriae
3655 4763 3757 4819 nisi

2178 4854 2321 4909 Deus
2346 4853 2577 4908 Verbum
2624 4856 2976 4917 incarnatum,
3028 4872 3187 4925 quem
3217 4855 3385 4910 Judazi
3428 4856 3596 4909 Deum
3640 4869 3757 4909 esse

2177 4952 2437 5012 negantes
2467 4945 2819 5015 increpabant
2846 4946 2987 5002 :Cur
3014 4955 3069 4998 tu
3095 4947 3245 4999 homo
3274 4962 3389 4998 cum
3427 4946 3519 5008 sis,
3552 4947 3683 5016 facis
3711 4954 3759 4999 te

2175 5043 2345 5112 ipsum
2371 5040 2537 5095 Deum
2570 5040 2751 5109 (Joan.
2784 5059 2843 5105 ι,
2865 5043 3001 5112 53)?
3030 5043 3182 5109 Quod
3214 5044 3387 5112 ipsum
3424 5044 3587 5097 etiam
3619 5057 3760 5112 pne-

2181 5140 2372 5203 ceptor
2398 5140 2579 5187 vester
2604 5132 2817 5189 Judmos
2841 5135 3002 5204 impia
3031 5148 3096 5190 ea
3128 5135 3575 5205 interpretatione
3611 5151 3766 5191 secu-

2178 5232 2287 5282 tus.
2316 5222 2518 5292 pariter
2546 5233 2887 5279 commentus
2913 5232 3021 5279 est.

2255 5314 2327 5369 Ut
2352 5331 2481 5370 vero
2536 5316 2831 5371 sententias
2881 5317 3162 5386 praedictas
3216 5318 3546 5385 argumentis
3572 5314 3770 5372 conﬁr-

2183 5405 2425 5467 maretis,
2457 5404 2657 5460 dictum
2690 5406 3097 5485 illudApostoli
3126 5408 3388 5477 capitibus
3414 5409 3611 5462 vestris
3639 5422 3768 5475 pro-

2186 5497 2471 5564 posuistis:
2498 5494 2597 5560 Qui
2626 5514 2740 5551 cum
2766 5501 2821 5552 in
2852 5502 3022 5569 forma
3050 5499 3151 5554 Dei
3190 5510 3339 5565 esset,
3372 5501 3661 5554 exinaniri!
3686 5516 3770 5553 se-

2186 5588 2460 5656 metipsum
2481 5589 2706 5658 formam
2730 5592 2863 5644 serui
2880 5592 3142 5662 accipiens
3171 5592 3391 5662 (Philip.
3418 5609 3472 5653 τι,
3504 5593 3583 5661 7),
3619 5606 3773 5660 egre-

2187 5678 2272 5744 gie
2304 5693 2423 5731 cum
2468 5680 2804 5749 expositione
2848 5691 3026 5735 vestra
3073 5683 3382 5743 convenire,
3437 5698 3503 5737 ac
3541 5694 3650 5737 non
3704 5682 3772 5737 de

2192 5765 2366 5819 Verbo
2395 5767 2507 5821 Deo
2536 5769 2835 5832 incarnato,
2862 5770 2957 5824 sed
2996 5770 3065 5825 de
3091 5788 3227 5841 puro
3254 5771 3472 5825 homine
3498 5771 3673 5826 solum
3701 5769 3773 5825 ibi

2189 5868 2310 5909 esse
2337 5871 2660 5911 sermonem.
2694 5858 2771 5913 Ac
2799 5874 3103 5929 quanquam
3132 5876 3230 5914 vos
3252 5861 3395 5915 circa
3423 5858 3476 5913 id
3506 5858 3777 5913 etiamse-

2185 5946 2315 6000 ctati
2344 5947 2717 6003 haereticorum
2746 5965 3003 6017 errorem,
3036 5951 3104 6006 de
3158 5952 3373 6009 homine
3427 5952 3774 6009 contendatis
