4108 6514
268 491 290 547 1
302 488 414 547 i565

1040 484 1411 547 EPISTOLA
1449 488 1847 549 ADVERSUS
1879 488 2364 550 TIIEODORUM
2405 486 2822 551 MOPSUEST.

3398 491 3533 555 1066

260 621 471 678 ἑαυτὸν.
501 618 637 681 ὅμως
681 623 811 673 πᾶσι
835 626 937 678 τοῖς
968 618 1247 690 όρθοδόξοις
1279 618 1420 678 δῆλόν
1456 621 1622 683 ἐστιν,
1657 620 1683 671 o'
1711 620 1842 674 ἀπό-

1974 625 2186 672 ocutum
2215 633 2333 671 esse
2354 616 2665 686 Apostolum
2689 618 2972 686 dicentem,
3004 623 3146 691 quod
3172 633 3520 697 semetipsum

261 711 452 766 στόλος
509 707 660 761 αυτὸν
712 708 795 760 τόν
844 709 966 761 Θεὸν
1015 707 1155 778 λόγον
1208 710 1387 761 ἑαυτὸν
1437 711 1646 762 κενῶσαί
1688 730 1853 778 φησιν,

260 800 443 857 ἐπειδὴ
493 798 542 851 ἐν
586 807 750 871 μορφῇ
794 805 921 851 Θεοῦ
950 799 1233 875 ὑπάρχων,
1274 801 1537 852 τουτέστιν
1578 800 1623 851 ἐν
1660 808 1721 871 τῇ
1752 801 1857 873 θεία

260 892 446 960 εύσει,
478 891 691 951 ἠξίωσεν
729 894 921 961 μορφὴν
951 888 1131 942 δούλου
1176 889 1361 942 λαϐεῖν·
1407 891 1437 946 ἠ
1483 887 1537 942 δὲ
1577 894 1737 961 μορφὴ
1762 896 1851 943 τοῦ

261 979 451 1034 δούλου
480 986 570 1038 τὴν
599 982 908 1053 ἀνθρωπίνην
932 982 1078 1049 φύσιν
1108 981 1339 1049 σημαίνει
1358 1019 1372 1038 ,
1402 981 1459 1037 ἣν
1494 980 1542 1031 ἐν
1574 987 1634 1053 τῇ
1666 982 1855 1054 γαστρὶ

261 1080 356 1127 τῆς
384 1072 670 1143 παρθένου,
717 1073 803 1123 καί
828 1071 879 1132 ἐξ
916 1072 1070 1127 αὐτῆς
1098 1078 1159 1142 τῇ
1198 1068 1298 1142 ἰδίᾳ
1337 1070 1621 1123 ὑποστάσει
1662 1069 1688 1123 ὁ
1730 1070 1852 1129 Θεὸς

262 1161 414 1231 λόγος
442 1162 652 1217 ἥνωσεν.
696 1165 797 1214 Καὶ
835 1163 889 1214 οὐ
923 1159 1385 1234 προδιαπλασθέντι
1414 1162 1650 1235 ἀνθρώπῳ
1672 1164 1849 1224 ήνὼθη,

263 1252 492 1325 καθάπερ
521 1253 551 1307 ἡ
572 1255 845 1322 Νεστορίου
878 1255 963 1304 καὶ
990 1250 1247 1326 Θεοδώρου
1276 1251 1620 1322 παραδέδωκεν
1648 1252 1852 1307 ἀσέϐεια

263 1352 371 1401 τοῖς
418 1344 775 1395 ἀκολουθοῦσιν
804 1344 992 1400 αὐτοῖς.
1027 1343 1290 1415 Νεστόριος
1325 1345 1411 1411 μέν
1439 1346 1539 1415 γὰρ
1576 1342 1738 1407 λέγει,
1775 1340 1855 1397 ὅτι

268 1439 295 1490 ὁ
326 1437 451 1495 Θεὸς
474 1437 616 1508 λόγος
648 1445 799 1492 συνῆν
830 1446 899 1507 τῷ
928 1439 1170 1509 ἀνθρώπῳ
1200 1443 1271 1507 τῷ
1301 1436 1351 1487 ἐκ
1381 1440 1575 1508 Μαρίας
1596 1437 1851 1505 τεχθέντι.

265 1526 532 1601 Θεόδωρος
562 1528 615 1581 δέ
642 1529 772 1599 λέγει
802 1525 923 1597 [Jul
950 1529 1055 1583 ένῆν
1083 1529 1148 1584 ὡς
1178 1527 1303 1585 εἰκός
1328 1535 1398 1595 τῷ
1419 1527 1670 1596 τεχθέντι.

1958 709 2269 771 exinanivit,
2328 708 2493 761 nihilo
2524 716 2700 762 tamen
2746 712 2920 765 secius
2966 715 3304 781 exploratum
3334 717 3521 769 catho-

1959 797 2074 851 licis
2095 799 2342 851 omnibus
2369 806 2469 862 est,
2503 798 2814 867 Apostolum
2844 802 2910 855 de
2937 802 3052 870 ipso
3095 802 3205 857 Deo
3231 802 3407 858 Verbo
3439 807 3522 859 sui

1960 889 2126 956 ipsius
2150 889 2563 943 exinanitionem
2592 890 2807 956 docere,
2842 893 3092 959 quoniam
3121 908 3242 948 cum
3272 894 3324 947 in
3354 892 3524 947 forma

1957 978 2052 1033 Dei
2076 987 2236 1043 esset,
2265 979 2317 1033 in
2346 980 2523 1033 divina
2566 980 2769 1034 scilicet
2798 994 3008 1046 natura,
3032 982 3275 1050 dignatus
3306 992 3389 1038 est
3413 984 3522 1037 for-

1958 1086 2099 1123 tnam
2122 1070 2261 1124 servi
2286 1068 2554 1138 accipere:
2580 1068 2746 1122 forma
2777 1084 2938 1137 porro
2959 1074 3097 1124 servi
3122 1074 3408 1126 humanam
3433 1089 3519 1125 na-

1955 1170 2128 1214 turam
2157 1160 2442 1227 signiﬁcat,
2488 1175 2645 1228 quam
2682 1175 2747 1213 ex
2776 1159 3027 1228 Virgineo
3083 1171 3236 1217 utero
3264 1173 3423 1233 atque
3452 1180 3519 1217 ex

1955 1253 2169 1322 propria
2214 1251 2552 1305 subsistentia
2583 1251 2723 1303 Deus
2767 1250 3001 1304 Verbum
3041 1252 3140 1306 sibi
3171 1252 3395 1321 perfecit
3423 1270 3436 1305 :
3467 1263 3525 1308 es

1962 1360 2066 1395 non
2090 1343 2233 1410 prius
2254 1342 2516 1410 plasmato
2539 1340 2739 1393 homini
2762 1341 3094 1396 extrinsecus
3114 1343 3328 1411 adjecit,
3343 1359 3527 1413 quem-

1960 1431 2242 1483 admodum
2276 1430 2432 1497 impia
2464 1429 2692 1483 Nestorii
2720 1428 3093 1498 Theodorique
3121 1434 3393 1500 disciplina
3424 1445 3526 1487 tra-

1955 1509 2127 1563 ditum
2154 1520 2257 1566 est.
2283 1508 2462 1579 inquit
2486 1510 2629 1563 enim
2652 1508 2934 1564 Nestorius
2959 1508 3123 1563 Deum
3148 1506 3379 1564 Verbum
3396 1527 3523 1568 esse

1957 1602 2117 1655 simul
2145 1617 2265 1654 cum
2295 1617 2358 1654 eo
2387 1601 2603 1654 homine
2624 1602 2714 1670 qui
2733 1616 2795 1654 ex
2826 1600 2990 1653 Maria
3015 1602 3192 1655 editus
3216 1609 3325 1655 est:
3347 1601 3525 1656 Theo-

266 1709 436 1763 dorus
457 1716 652 1769 autem,
671 1717 813 1773 quoa
836 1706 883 1759 ei
908 1721 972 1758 ex
1002 1704 1164 1759 Maria
1195 1706 1336 1757 edito
1361 1704 1551 1770 inerat,
1570 1710 1625 1756 ut
1647 1701 1835 1766 simile,
1878 1698 2259 1770 pronuntiavit.

342 1799 459 1854 Ὀτι
499 1799 552 1853 δέ
583 1803 813 1873 περὶτοῦ
854 1805 981 1853 Θεοῦ
1008 1798 1150 1868 λόγου
1182 1807 1269 1851 τοῦ
1300 1800 1640 1871 σαρκωοέντος
1662 1795 1855 1869 ε”ρηται

2028 1790 2179 1855 Quod
2224 1797 2401 1843 autem
2450 1789 2516 1842 de
2544 1788 2654 1843 Deo
2682 1789 2859 1845 Verbo
2918 1790 3195 1844 incarnato
3222 1789 3426 1843 dictum
3462 1788 3529 1841 sit

270 1892 362 1953 τὸ,
400 1907 418 1939 ε
449 1888 751 1947 ἠλάττωσας
786 1886 935 1942 αῦτόν
966 1887 1147 1961 βραχῦ
1195 1911 1243 1942 τι
1272 1888 1395 1961 παρ’
1423 1887 1691 1957 ἀγγέλους,
1723 1902 1741 1933 )
1774 1887 1859 1937 καὶ
1889 1940 1892 1944 ,

273 2000 293 2031 ε
317 1985 553 2036 ἐκένωσεν
572 1982 748 2035 ἑαυτὸν
767 1987 955 2052 μορφήν
978 1979 1151 2033 δούλου
1168 1981 1354 2041 λαϐὼν,
1379 1997 1395 2028 ι
1423 1982 1506 2031 καί
1526 1981 1575 2041 ἐξ
1598 1975 1752 2031 ἄλλων
1769 1978 1854 2052 ρη-

271 2074 447 2141 μάτων
477 2078 569 2125 τοῦ
609 2071 895 2125 ἀποστόλου
933 2068 1266 2136 διδασκόμεθα
1303 2069 1433 2122 οὕτω
1453 2069 1693 2137 λέγοντος·
1730 2083 1747 2116 t
1770 2077 1855 2121 Γι-

271 2164 491 2214 νώσκετε
516 2162 613 2233 γὰρ
642 2165 732 2217 τήν
761 2162 916 2235 χάριν
937 2165 1027 2212 τοῦ
1047 2162 1223 2232 κυρίου
1250 2161 1387 2229 ἡμῶν
1413 2156 1578 2214 Ἰησοῦ
1606 2162 1851 2231 Χριστοῦ,

269 2251 353 2305 ὅτι
381 2250 445 2305 δι’
468 2254 602 2321 ἡμᾶς
623 2250 954 2318 ἐπτώχευσεν
984 2250 1227 2308 πλούσιος
1257 2247 1339 2305 ὧν.
1371 2249 1456 2301 ἵνα
1481 2250 1620 2317 ἡμεῖς
1647 2255 1707 2317 τῇ
1739 2247 1858 2299 ἐκεί-

274 2362 363 2394 νου
392 2342 633 2412 πτωχείᾳ
661 2339 1040 2407 τελευτήσωμεν.
1074 2356 1093 2389 ε
1127 2344 1211 2397 Τίς
1236 2340 1400 2391 τοίνυν
1419 2338 1654 2407 τολμήσει
1683 2337 1858 2409 λέγειν,

270 2429 357 2483 ὅτι
386 2429 647 2503 ἅνθρωπος
688 2430 935 2488 πλούσιος
976 2427 1032 2487 ἦν
1051 2469 1067 2493 ,
1098 2432 1183 2481 καί
1212 2431 1545 2499 ἐπτώχευσεν
1564 2470 1577 2491 ,
1606 2429 1687 2481 ἵνα
1728 2430 1860 2496 ἡμᾶς

274 2521 573 2591 πλουτήσῃς
603 2518 802 2577 Ἐπειδὴ
842 2517 894 2572 δὲ
934 2518 1101 2598 λέγετε
1120 2561 1135 2585 ,
1175 2517 1253 2572 ότι
1295 2516 1345 2571 εἴ
1375 2539 1453 2578 τις
1481 2515 1595 2588 εἴπῃ
1623 2519 1741 2589 περί
1772 2523 1859 2570 τοῦ

273 2610 623 2685 ταρκωθέντος
653 2616 780 2662 Θεοῦ
815 2609 963 2679 λόγου
992 2615 1082 2663 τοῦ
1124 2613 1420 2678 μονογενοῦς
1445 2607 1557 2660 υἱοῦ
1591 2614 1680 2661 τοῦ
1709 2611 1858 2669 Θεοῦ,

277 2697 311 2750 ὅ
318 2720 366 2750 τι
391 2699 542 2757 αὐτὸς
567 2697 847 2760 ἠλαττώθη,
871 2696 900 2754 ἦ
924 2697 1153 2759 ἐκενώθη,
1177 2701 1368 2770 τροπήν
1397 2704 1487 2754 τῆς
1509 2695 1640 2756 θείας
1664 2697 1864 2765 φύσεως

281 2794 418 2859 moui
450 2787 592 2839 ’κατὰ
620 2790 709 2843 τήν
734 2784 1073 2862 Ἀπολιναρίου
1103 2787 1359 2851 ἀσέϐειαν,
1388 2785 1417 2844 ἦ
1440 2788 1658 2844 παθητὴν
1680 2788 1869 2859 εἰσάγει

281 2884 375 2934 τόν
395 2878 607 2931 θεότητα
630 2881 760 2932 κατὰ
789 2884 878 2935 τὴν
897 2876 1083 2954 Ἀρείου
1113 2881 1318 2948 μανίαν,
1350 2878 1554 2950 ἁρμόζει
1585 2880 1710 2953 πρὸς
1734 2880 1869 2947 ὑμᾶς

283 2969 368 3022 τόν
389 2970 702 3041 εὐαγγελικόν
722 2970 901 3022 ἐκεῖνον
915 2970 1055 3041 λόγον
1076 2972 1255 3023 εἰπεῖν’
1286 2988 1303 3019 ε
1323 2970 1569 3023 Πλανᾶσθε
1592 2976 1659 3039 μὴ
1681 2968 1865 3031 εἰδότες

282 3058 379 3117 τὰς
408 3060 636 3134 γραφὰς,
681 3057 806 3127 μηδέ
834 3064 923 3117 την
959 3058 1166 3130 δύναμιν
1203 3065 1293 3113 τοῦ
1325 3065 1449 3112 Θεοῦ
1473 3061 1812 3128 ἐπιστάμενοι.
1842 3076 1861 3110 ε

1960 1880 2088 1934 illud
2121 1900 2141 1931 ι
2163 1880 2397 1935 Minuisti
2427 1896 2546 1934 eum
2572 1881 2730 1950 paulo
2759 1882 2934 1935 minus
2955 1882 3021 1933 ab
3044 1880 3265 1948 angelis,
3289 1898 3306 1929 ›
3340 1888 3526 1947 atque,

1967 1992 1984 2023 ε
2004 1970 2660 2040 Exinanivitsemetipsum
2684 1972 2906 2027 formam
2922 1973 3059 2027 servi
3073 1972 3362 2040 accipiens,
3383 1990 3400 2021 ι
3421 1971 3527 2024 alio

1960 2062 2200 2131 Apostoli
2253 2063 2373 2118 loco
2413 2064 2667 2117 docemur
2712 2065 2780 2118 de
2807 2065 2924 2134 ipso
2952 2065 3218 2119 dicentis:
3256 2082 3276 2115 ι
3311 2064 3528 2129 Cogno-

1964 2153 2101 2206 scite
2145 2152 2371 2220 gratiam
2417 2151 2624 2206 Domini
2657 2154 2825 2207 nostri
2860 2151 2985 2207 Jcsu
3032 2152 3245 2216 Christi,
3277 2154 3528 2220 quoniam

1962 2258 2083 2297 cum
2110 2243 2257 2297 dives
2305 2250 2466 2297 esset.
2509 2250 2726 2313 propter
2770 2258 2870 2297 nos
2913 2257 3114 2311 egenus
3140 2242 3313 2296 factus
3341 2250 3443 2307 est,
3474 2250 3531 2295 ut

1966 2346 2064 2385 nos
2112 2331 2226 2399 ejus
2270 2331 2447 2399 inOpia
2489 2331 2680 2385 divites
2708 2346 2945 2386 essemus
2976 2329 3061 2401 (11
3091 2332 3207 2384 Cor.
3255 2346 3361 2394 vm,
3391 2331 3467 2400 9).
3508 2350 3526 2381 ι

1966 2423 2096 2488 Quis
2118 2432 2296 2476 autem
2318 2422 2497 2475 dicere
2518 2420 2712 2475 audeat
2738 2421 3009 2475 hominem
3032 2421 3248 2475 divitem
3280 2420 3460 2487 fuisse,
3482 2433 3535 2477 et

1965 2528 2193 2583 egenum
2241 2512 2437 2567 factum
2490 2528 2626 2577 esse,
2680 2520 2737 2565 ut
2765 2526 2864 2566 nos
2892 2511 3272 2581 iocupletaret?
3296 2509 3536 2581 Cumque

1965 2619 2151 2659 rursus
2175 2602 2363 2657 dicatis
2391 2617 2513 2655 eum
2558 2602 2646 2669 qui
2671 2601 2737 2655 de
2766 2602 3041 2655 incamato
3062 2600 3171 2654 Deo
3200 2599 3396 2665 Verbo,
3420 2602 3537 2655 uni-

1966 2696 2252 2764 genitoque
2296 2692 2392 2746 Dei
2432 2691 2565 2746 Filio
2606 2691 2835 2746 afﬁrmet
2861 2692 3183 2744 minoratum
3212 2704 3341 2755 esse,
3362 2690 3535 2759 ipsum

1969 2792 2130 2852 atque
2173 2782 2522 2845 exinanitum,
2556 2781 2960 2835 conversionem
2991 2779 3181 2833 divina:
3214 2788 3421 2833 natura:
3457 2780 3538 2834 in-

1968 2875 2164 2929 ducere
2187 2873 2342 2942 juxta
2371 2872 2686 2941 Apoliinarii
2734 2872 3083 2943 impietatem,
3121 2870 3206 2924 vel
3246 2872 3538 2927 secundum

1970 2966 2082 3019 Arii
2111 2980 2348 3019 errorem
2377 2964 2709 3018 divinitatem
2757 2964 3059 3032 passibilem
3091 2964 3288 3032 facere,
3328 2968 3539 3035 egregie

1974 3055 2228 3109 adversus
2253 3068 2349 3108 vos
2394 3053 2624 3120 quadrat
2670 3052 2975 3119 evangelica
3017 3054 3281 3108 sententia
3310 3052 3492 3108 dicens
3522 3072 3537 3106 :

286 3151 349 3202 Τί
374 3150 472 3221 γὰρ
510 3150 663 3200 εἰπεῖν
705 3146 856 3217 ἔχετε
889 3151 1007 3222 περὶ
1035 3155 1126 3202 τοῦ
1172 3150 1401 3224 ῥηθέντος
1430 3145 1532 3202 ὑπό
1572 3155 1661 3202 τοῦ
1691 3151 1868 3224 κυρίου

1974 3146 2176 3200 Erratis
2202 3183 2219 3209 ,
2270 3146 2549 3197 nescientes
2602 3143 2902 3212 Scriptura:
2956 3160 3115 3214 neque
3165 3145 3400 3198 n'rtutem
3442 3145 3539 3202 Det

293 3257 315 3288 ε
351 3238 430 3293 ὅτι
457 3237 617 3292 οὐδεὶς
646 3239 954 3295 ἀναϐέϐηκεν
983 3240 1054 3297 εἰς
1082 3239 1166 3291 τόν
1198 3241 1436 3311 οὐρανόν,
1470 3240 1513 3290 εί
1542 3243 1612 3307 μη
1643 3237 1668 3291 ό
1702 3240 1755 3291 ἐκ
1781 3245 1870 3292 τοῦ

290 3330 511 3399 οὐρανοῦ
534 3328 780 3388 καταϐὰς,
808 3326 833 3381 ό
861 3328 971 3387 υίὸς
1000 3334 1090 3381 τοῦ
1120 3329 1387 3402 ἀνθρώπου
1412 3326 1436 3381 ό
1461 3325 1525 3379 ὧν
1550 3329 1599 3379 ἐν
1619 3334 1688 3396 τῷ
1716 3328 1871 3400 οὖρα-

290 3426 385 3487 νῷς
407 3438 424 3467 ι
450 3421 528 3474 Μὴ
551 3414 813 3489 ἄνθρωπον
832 3417 999 3489 λέγετε
1044 3417 1438 3473 καταϐεϐηκέναι
1458 3417 1511 3469 ἐκ
1530 3422 1618 3469 τοῦ
1640 3418 1881 3491 οὐρανοῦ;

295 3508 421 3560 ἀλλά
449 3505 695 3578 πρόδηλον
737 3504 818 3561 ὄτι
861 3508 1014 3565 αὐτὸς
1055 3505 1080 3559 ό
1112 3507 1234 3565 Θεὸς
1260 3506 1400 3575 λόγος
1433 3507 1663 3559 ἐκένωσεν
1699 3506 1875 3560 ἔαυτόν

297 3601 354 3650 ἐκ
385 3604 483 3649 τῶν
512 3598 736 3670 οὐρανῶν
767 3596 1040 3659 κατελθὼν,
1068 3598 1153 3648 γαί
1181 3596 1455 3669 σαρκωθεὶς
1482 3597 1583 3648 ἀπὸ
1610 3603 1700 3658 τῆς
1733 3594 1878 3667 ἁγίας

300 3690 538 3743 ὂεοτόκου
592 3690 678 3740 καί
714 3688 1036 3760 ἀειπαρθένου
1073 3691 1296 3760 Μαρίας,
1352 3690 1431 3739 καί
1472 3688 1877 3763 ἐνανθρωπήσας,

300 3782 383 3830 καί
411 3778 616 3847 τεχθεὶς
650 3779 700 3840 ἐξ
726 3782 913 3839 αὐτῆς,
959 3780 1041 3830 καί
1069 3775 1094 3831 ό
1130 3777 1354 3837 καταϐὰς
1378 3779 1529 3837 αὐτὸς
1570 3780 1709 3834 ἐστιν
1745 3779 1881 3834 καὶὸ

303 3872 517 3931 αναϐἀς,
546 3870 631 3922 καί
672 3873 825 3922 αὑτοῦ
859 3869 1055 3942 λέγεται
1096 3870 1126 3926 ἡ
1155 3869 1459 3935 ἐλάττωσις,
1487 3872 1573 3923 καὶ
1608 3871 1637 3927 ἡ
1672 3872 1879 3933 κένωσις

301 3958 387 4014 διὰ
414 3965 501 4017 τὴν
522 3961 823 4015 κατάϐασιν.

1974 3234 2186 3305 (Matth.
2208 3249 2339 3301 χιιι,
2361 3233 2471 3303 Ξίὶ).
2502 3232 2639 3298 Quid
2661 3234 2800 3288 enim
2830 3234 2982 3288 vobis
3006 3235 3289 3303 supererit,
3314 3242 3374 3289 ut
3398 3235 3514 3290 dica

1977 3329 2062 3394 tis,
2094 3327 2160 3382 de
2183 3341 2248 3381 eo
2275 3325 2416 3394 quod
2448 3325 2650 3380 dictum
2679 3337 2762 3380 est
2791 3342 2819 3380 a
2844 3327 3090 3391 Domino,
3124 3320 3292 3382 Nemo
3315 3328 3543 3383 ascendit

1976 3422 2031 3474 in
2053 3418 2250 3483 caelum,
2271 3419 2370 3471 nisi
2390 3418 2476 3487 qui
2492 3418 2749 3470 descendit
2772 3419 2833 3468 de
2853 3417 2995 3481 caelo,
3014 3417 3182 3474 Filius
3205 3418 3547 3492 hominum!"

1981 3518 2057 3565 est
2080 3510 2133 3562 in
2163 3510 2286 3563 caelo
2341 3507 2516 3579 (Joan.
2569 3522 2647 3568 Ill,
2696 3507 2763 3559 l5
2796 3508 2822 3562 7
2857 3507 2974 3561 Non
3028 3508 3296 3564 hominem
3326 3510 3547 3565 dicitde

1983 3602 2121 3658 coelo
2168 3600 2532 3666 descendisse,
2587 3598 2681 3653 sed
2729 3598 3127 3655 evidentissime
3156 3602 3345 3656 astruit
3383 3600 3563 3657 Deum

1984 3694 2217 3749 Verbum
2238 3708 2363 3748 eum
2392 3708 2510 3748 esse
2529 3695 2621 3761 qui
2643 3694 2991 3761 semetipsum
3015 3693 3324 3757 exinanivit.
3356 3693 3447 3761 qui
3469 3693 3547 3749 de-

1985 3784 2193 3839 scendit
2218 3783 2286 3838 de
2312 3783 2472 3851 caelo,
2502 3791 2557 3837 et
2581 3785 2885 3838 incarnatus
2912 3791 2993 3837 est
3017 3797 3084 3838 ex
3113 3791 3299 3838 sancta
3329 3782 3550 3854 Deipara

1984 3890 2302 3945 semperque
2347 3875 2551 3943 virgine
2595 3874 2782 3937 Maria,
2812 3883 2868 3929 et
2910 3877 3071 3930 homo
3098 3873 3268 3931 factus
3285 3884 3388 3941 est,
3410 3885 3466 3932 et
3488 3892 3550 3931 ex

1984 3966 2099 4036 ipsa
2124 3975 2297 4031 natus,
2314 3972 2368 4019 et
2387 3964 2432 4019 is
2458 3956 2547 4033 qui
2573 3964 2849 4021 descendit
2874 3965 2964 4019 ille
2984 3965 3124 4020 idem
3145 3974 3225 4021 est
3252 3966 3343 4035 qui
3371 3981 3548 4021 ascen-

1986 4055 2083 4119 dit.
2132 4056 2217 4109 cui
2265 4056 2334 4110 ob
2363 4054 2765 4110 descensionem
2818 4054 3113 4111 exinanitio
3165 4055 3550 4123 minoratioqur

1990 4145 2314 4199 tribuuntur.

379 4232 575 4291 Ἐπειδὴ
605 4232 658 4288 δὲ
700 4236 785 4285 καί
826 4234 877 4286 ἐν
917 4228 1047 4301 ἄλλῳ
1084 4230 1222 4301 τόπῳ
1260 4226 1396 4285 εἶπεν
1428 4229 1453 4284 ό
1493 4232 1665 4304 κύριος
1701 4230 1750 4284 ἐν
1774 4238 1869 4291 τοῖς

2054 4240 2274 4294 Dicente
2301 4240 2464 4295 etiam
2493 4240 2615 4296 alibi
2637 4254 2849 4312 quoque
2875 4241 3103 4297 Domino
3134 4240 3188 4296 in
3216 4239 3550 4309 Evangeliis:

310 4326 639 4397 εὐαγγελίοις,
669 4341 686 4373 ε
716 4322 792 4378 ὅτι
813 4328 837 4377 ὁ
857 4330 1028 4399 πατήρ
1052 4343 1148 4393 μου
1170 4325 1350 4391 μείζων
1372 4343 1465 4392 μου
1489 4322 1617 4387 ἐστί,
1644 4340 1662 4372 ι
1689 4328 1757 4391 μὴ
1782 4318 1884 4397 ἆρα

312 4412 571 4489 ἄνθρωπόν
593 4435 703 4469 τινα
731 4417 843 4481 περὶ
872 4415 1029 4467 αὑτοῦ
1060 4417 1225 4467 ταῦτα
1259 4413 1501 4485 εἰρηκέναι
1526 4414 1745 4479 νομίζετε
1762 4454 1776 4478 ,
1803 4417 1885 4467 καί

312 4509 438 4575 οὐχὶ
466 4508 551 4561 τόν
584 4508 707 4561 Θεόν
732 4507 875 4577 λόγον
904 4506 988 4559 τόν
1014 4506 1495 4581 ἕνανθρωπήσαντας
1527 4506 1649 4559 ἀλλά
1678 4508 1885 4579 φανερόν

316 4600 472 4661 ἐστιν,
492 4597 611 4652 ὅτιὸ
632 4600 803 4661 εἰπὼν,
829 4615 846 4648 ε
869 4597 1072 4673 όπατήρ
1092 4619 1189 4667 μου
1212 4599 1390 4667 μείζων
1406 4616 1499 4666 μου
1517 4596 1669 4662 ἐστὶν,
1694 4615 1713 4649 ι
1734 4600 1885 4658 αὐτὸς

316 4684 471 4752 εἶπεν,
494 4704 516 4738 ε
536 4688 633 4757 ἐγώ
651 4689 734 4740 καὶ
753 4686 778 4739 ό
798 4690 969 4762 πατὴρ
988 4687 1038 4739 ἓν
1060 4688 1230 4756 ἄσμεν.
1259 4703 1277 4736 ι
1306 4684 1425 4738 Ἀλλ’
1441 4687 1489 4740 ἐν
1613 4697 1684 4761 τῷ
1702 4691 1879 4756 εἰπεῖν,

320 4799 339 4831 ι
359 4785 456 4852 ἐγὼ
485 4786 573 4836 καί
600 4781 626 4835 ό
647 4785 815 4853 πατὴρ
836 4781 886 4833 ἓν
904 4782 1077 4849 ἐσμεν,
1099 4796 1118 4827 ι
1142 4784 1229 4838 την
1254 4780 1481 4845 ἰσότητα,
1506 4782 1563 4841 ἣν
1591 4782 1741 4840 αὐτὸς
1762 4778 1792 4834 ἒ
1794 4799 1883 4851 χει

312 4874 442 4945 πρὸς
481 4874 568 4926 τόν
595 4872 796 4944 πατέρα
823 4872 950 4924 κατά
976 4873 1066 4927 τήν
1093 4869 1228 4923 θείαν
1264 4872 1413 4941 φύσιν
1452 4869 1608 4929 δηλοῖ.
1632 4877 1710 4922 Ἐν
1738 4869 1789 4923 δέ
1812 4877 1885 4941 τῷ

314 4964 469 5037 λέγειν
482 4964 565 5018 τόν
581 4962 756 5025 αὑτὸν,
780 4977 799 5010 t
819 4959 844 5015 ὁ
863 4964 1033 5033 πατήρ
1050 4980 1148 5029 μου
1174 4964 1353 5031 μείζων
1372 4982 1470 5033 μου
1495 4963 1655 5019 ίστὶν.
1675 4977 1693 5007 ι
1714 4964 1804 5018 την
1824 4956 1886 5012 δι’

313 5058 445 5126 ἡμᾶς
485 5056 810 5121 οἰκονομικῶς
842 5053 1101 5123 γενομένην
1138 5052 1411 5107 ἐλάττωσιν
1438 5050 1590 5110 δηλοῖ.
1624 5053 1884 5125 Ἑκάτερον

312 5146 389 5211 δέ,
416 5148 499 5201 καὶ
522 5149 553 5203 ἡ
576 5144 752 5204 ἰσότης
788 5146 870 5197 καί
904 5144 934 5200 ἡ
967 5143 1259 5209 ἐλάττωσις,
1289 5146 1406 5218 περὶ
1429 5144 1532 5203 ἑνός
1559 5146 1641 5196 καί
1668 5148 1756 5197 τοῦ
1787 5143 1881 5196 αὖ·

313 5244 402 5292 τοῦ
427 5240 605 5310 κυρίου
627 5238 710 5288 καί
735 5239 863 5289 Θεοῦ
887 5236 1024 5305 ἡμῶν
1048 5231 1208 5291 Ἰησοῦ
1234 5240 1455 5309 Χριστοῦ
1470 5276 1484 5301 ,
1514 5235 1772 5288 τουτέστιν
1795 5238 1885 5287 τοῦ

313 5335 438 5384 Θεοῦ
458 5328 609 5398 λόγου
635 5330 727 5379 τοῦ
760 5325 1126 5396 σαρκωθέντος,
1151 5325 1367 5395 λέγεται.

382 5513 475 5563 lui
515 5510 755 5582 ’Δρειανοί
805 5507 895 5575 μὲν
935 5511 1128 5579 πονηρᾷ
1171 5503 1366 5578 διανοίᾳ
1412 5506 1465 5558 ἐκ
1510 5511 1607 5558 τῶν
1641 5510 1885 5557 ταπεινῶν

316 5602 552 5673 ῥημάτων
585 5598 855 5667 όμοούσιον
883 5591 1004 5651 εἶναι
1041 5604 1114 5664 τῷ
1152 5598 1312 5668 πατρί
1339 5595 1420 5648 τὸν
1458 5594 1561 5648 υἱόν
1589 5596 1849 5666 ἀρνοῦνται
1868 5631 1883 5655 ,

1991 4327 2151 4382 Pater
2186 4328 2355 4399 major
2400 4344 2479 4383 me
2506 4337 2583 4383 est
2608 4329 2786 4401 (Joan.
2821 4345 2928 4392 xtv,
2959 4329 3073 4400 29),
3103 4345 3171 4384 ne
3208 4331 3453 4399 cogitetis
3480 4331 3554 4387 ibi

1989 4418 2259 4473 hominem
2303 4420 2640 4489 quempiam,
2689 4436 2795 4474 non
2841 4428 3019 4474 autem
3072 4420 3236 4475 Deum
3283 4420 3553 4476 hominem

1992 4506 2189 4562 factum
2235 4524 2299 4562 eo
2328 4508 2487 4563 modo
2531 4508 2599 4562 de
2628 4524 2685 4563 se
2728 4509 2890 4563 fuisse
2918 4509 3173 4563 locutum.
3205 4506 3554 4565 Evidentissi~

1992 4614 2136 4653 mum
2159 4600 2355 4668 quippe
2380 4606 2461 4654 est
2484 4597 2727 4653 eumdem
2758 4598 2927 4668 ipsum
2951 4599 3039 4667 qui
3068 4599 3225 4667 dixit,
3257 4598 3418 4655 Pater
3443 4616 3553 4655 ma-

1981 4691 2071 4760 jor
2096 4707 2176 4743 me
2203 4700 2298 4755 est,
2329 4690 2528 4745 dixisse
2555 4688 2775 4758 pariter,
2795 4688 2907 4761 Ego
2936 4699 2985 4743 et
3008 4689 3169 4744 Pater
3194 4706 3351 4745 unum
3377 4706 3552 4745 sumus

1993 4780 2236 4853 (Ibidem,
2267 4798 2318 4848 x,
2350 4780 2460 4851 50).
2507 4780 2624 4848 Quo
2664 4782 2806 4837 enim
2860 4780 2980 4838 loco
3029 4784 3123 4849 ait,
3171 4782 3284 4854 Ego
3311 4792 3360 4838 et
3394 4782 3555 4838 Pater

1992 4888 2149 4926 unum
2173 4889 2365 4938 sumus,
2390 4872 2745 4943 aequalitatem
2773 4873 2963 4930 divinae
2995 4883 3222 4942 naturae,
3250 4890 3409 4944 quam
3430 4890 3552 4931 cum
3585 4920 3591 4955 ς

1993 4962 2150 5016 Patre
2175 4962 2355 5026 habet,
2377 4961 2653 5030 designat:
2680 4977 2789 5032 quo
2811 4972 2987 5018 autem
3009 4963 3170 5028 illud,
3197 4962 3360 5019 Pater
3387 4966 3555 5036 major
3584 4960 3587 4965 ⁴

1990 5070 2071 5107 me
2090 5062 2185 5116 est,
2215 5053 2434 5122 profert,
2465 5052 2874 5107 minorationem
2902 5069 3050 5109 suam
3072 5062 3292 5125 propter
3315 5070 3436 5120 nos,
3456 5070 3551 5110 sua

1984 5145 2412 5213 dispensatione,
2450 5143 2643 5199 factam
2691 5146 2938 5200 ostendit.
2982 5145 3273 5217 Utrumque
3321 5148 3547 5208 scilicet.

1984 5232 2261 5302 aequalitas
2299 5240 2458 5301 atque
2486 5233 2791 5300 minoratio,
2814 5233 2882 5287 de
2908 5249 3017 5287 uno
3043 5245 3204 5304 atque
3230 5235 3421 5289 eodem
3444 5235 3550 5289 Do-

1984 5321 2130 5376 mino
2155 5331 2339 5377 nostro
2358 5318 2485 5375 Jesu
2538 5320 2771 5389 Christo,
2798 5321 2904 5376 hoc
2929 5331 3013 5377 est
3039 5322 3106 5377 de
3147 5322 3423 5380 incarnato
3453 5325 3549 5380 Dei

1996 5410 2187 5474 Verbo,
2213 5410 2412 5465 dictum
2437 5417 2538 5464 est.

2063 5501 2236 5567 Atque
2256 5498 2439 5552 Ariani
2483 5498 2696 5568 quidem
2724 5514 2947 5555 erronea
2970 5502 3278 5571 opinatione
3313 5518 3380 5559 ex
3406 5505 3552 5574 ejus-

1994 5589 2140 5644 modi
2168 5586 2416 5654 loquendi
2462 5584 2706 5641 demissis
2732 5588 2903 5643 modis
2929 5588 3120 5646 Filium
3146 5589 3290 5646 Patri
3320 5597 3553 5649 consub-

1994 5678 2298 5735 stantialem
2324 5691 2444 5732 esse
2488 5675 2813 5743 inficiantur,
2845 5679 3097 5749 aiuntque
3124 5692 3406 5752 propterea
3432 5701 3553 5741 esse

1992 5770 2163 5839 ipsum
2206 5770 2368 5823 Patre
2394 5768 2682 5823 minorem:
2710 5783 2808 5825 vos
2835 5779 3011 5826 autem
3048 5771 3202 5828 fateri
3246 5787 3554 5845 renuentes,

310 5875 458 5929 πεινᾶ
484 5872 739 5938 δέξασθαι,
765 5868 883 5926 ἄλλο
905 5871 1178 5947 πρόσωπον
1202 5879 1263 5943 τῇ
1287 5870 1452 5945 τριάδι
1488 5873 1713 5941 είσάγετε
1756 5874 1869 5925 κατέ

1992 5862 2208 5917 humilia
2236 5861 2351 5915 haec
2376 5860 2514 5916 dicta
2539 5858 2605 5915 de
2630 5860 2906 5917 incarnato
2934 5861 3027 5918 Dei
3054 5864 3232 5921 Verbo
3254 5881 3373 5924 esse
3398 5870 3547 5925 inte!-

312 5970 404 6023 τήν
430 5961 695 6038 Θεοδώρου
721 5963 808 6016 καί
834 5963 1105 6035 Νεστορίου
1142 5960 1464 6015 δυσσέϐειαν.
1486 5958 1605 6013 ’Δλλ’
1633 5961 1773 6019 ἡμεῖς
1800 5979 1866 6013 κα

1993 5953 2220 6023 iigenda,
2266 5968 2460 6010 novam
2510 5951 2762 6008 invehitis
2815 5952 2870 6008 in
2924 5953 3188 6012 Trinitate
3240 5973 3548 6027 personam,

613 6073 888 6131 ΡΑτιιοι..
938 6069 1054 6129 Gn.
1107 6063 1457 6126 LXXXVI.

3184 6058 3263 6119 3h

312 5694 400 5744 καί
426 5688 509 5743 διὰ
528 5694 682 5742 τοῦτο
705 5687 942 5740 ἕλὸιττονα
963 5686 1114 5739 αὐτὸν
1140 5680 1265 5738 εἶναι
1292 5681 1718 5738 διαϐεϐαιοῦνται³
1744 5685 1888 5751 ὑμεῖς

309 5780 365 5835 δὲ
391 5787 461 5847 μὴ
491 5780 714 5838 θέλοντες
738 5779 857 5850 περὶ
889 5781 980 5830 τοῦ
1005 5776 1347 5850 σαρκωθέντος
1381 5780 1509 5829 Θεοῦ
1528 5775 1677 5847 λόγου
1706 5772 1769 5826 τὰ
1796 5792 1887 5825 ταί
