4108 6450
592 430 727 493 106⁸1

1902 424 2168 488 JUSTIN
2181 424 2339 484 lANI
2384 422 2537 482 1MP.

3715 416 3844 485 1063

599 551 675 606 ’τᾶ
694 550 881 620 ὑψηλά,
906 550 985 603 καί
1012 546 1073 601 τά
1093 543 1295 600 ταπεινά
1325 544 1442 617 περὶ
1469 542 1602 607 ἑνὸς,
1636 542 1720 594 καὶ
1743 546 1831 593 τοῦ
1861 543 2019 593 αὑτοῦ
2050 545 2172 591 Θεοῦ

2298 536 2548 589 lbeodori
2565 534 2899 603 Nestoriique
2922 537 3210 604 probantes
3234 536 3563 605 impietatem
3613 552 3713 591 nos
3724 553 3845 596 vero

610 640 755 711 λόγου
784 646 874 694 τοῦ
897 636 1260 707 σαρκωθέντος,
1290 639 1377 687 τοῦ
1408 635 1583 705 κυρίου
1612 632 1748 703 ἡμῶν
1768 628 1931 686 ἰησοῦ
1952 634 2177 704 Χριστοῦ

610 734 861 804 λέγοντες,
902 726 1016 782 οὗτε
1065 728 1364 796 σύγχυσιν,
1412 720 1526 777 οὔτε
1572 720 1810 798 διαίρεσιν
1851 727 1942 775 τῶν
1980 720 2180 791 φύσεων

608 819 905 893 εἰσάγομεν,
936 818 985 881 ἐξ
1010 812 1076 869 ὧν
1114 821 1201 873 τὴν
1228 817 1346 882 μίαν
1376 814 1608 867 σύνθετον
1635 811 1923 866 ὑπόστασιν
1958 816 2051 864 τοῦ
2089 832 2180 863 κυ-

606 914 717 985 ρίου
747 911 831 963 καί
852 912 981 963 Θεοῦ
1004 908 1142 975 ἡμῶν
1166 902 1328 962 ἰησοῦ
1357 908 1580 979 Χριστοῦ
1604 901 1957 972 ὁμολογοῦμεν,
1982 898 2095 956 οἵτε
2127 898 2179 955 δέ

606 1004 845 1072 τέταρτον
864 999 1135 1076 πρόσωπον
1160 996 1493 1069 έπεισὰγομεν
1520 1004 1582 1071 τῇ
1610 994 1730 1070 ἁγίᾳ
1749 991 1935 1072 τριάδι.

675 1182 787 1240 Ὀτι
819 1184 870 1239 δέ
902 1187 1019 1259 περί
1051 1191 1140 1238 τοῦ
1173 1185 1464 1254 μονογενοῦς
1487 1184 1611 1233 Θεοῦ
1638 1177 1799 1245 Λόγου
1836 1173 2173 1245 σαρκωθέντος

608 1279 736 1332 καθά
754 1280 1053 1348 προείρηται
1067 1278 1143 1338 τὸ,
1161 1292 1179 1325 ε
1198 1273 1514 1330 Ἠλάττωσας
1526 1266 1867 1340 αὑτὸνβραχὺ
1886 1286 1935 1318 τι
1950 1265 2067 1333 παρ’
2080 1265 2172 1333 άγ-

602 1358 781 1429 γέλους
803 1374 820 1404 ι
853 1362 1158 1429 γέγραπται,
1187 1356 1271 1407 καὶ
1297 1354 1337 1405 οἱ
1372 1354 1505 1425 ἅγιοι
1536 1354 1752 1429 πατέρες
1789 1355 1869 1406 καί
1894 1351 2183 1406 διδάσκαλοι

603 1454 694 1505 τᾶς
719 1445 987 1503 έκιιλησίας
1003 1486 1017 1509 ,
1045 1445 1091 1495 οἰ
1115 1444 1211 1501 τάς
1247 1442 1395 1516 ἁγίας
1421 1445 1613 1515 γραφάς
1637 1444 2055 1516 έρμηνεὺσαντες,
2084 1440 2185 1496 ἐδί-

592 1538 764 1603 ’δαξαν
791 1540 945 1613 ἡμᾶς.
975 1539 1069 1590 lati
1092 1534 1117 1589 5
1140 1537 1191 1589 έν
1221 1534 1379 1607 άγίοις
1404 1537 1493 1604 μέν
1516 1535 1746 1609 ιὺριλλος
1775 1536 1826 1588 έν
1856 1544 1915 1605 τῇ
1942 1536 2071 1609 πρὸς
2098 1538 2188 1596 τήν

606 1627 843 1685 κασιλίδα
889 1628 1126 1700 ἐπιστολῇ
1169 1627 1328 1687 οὕτως
1372 1622 1541 1680 εἶπεν·
1580 1643 1598 1676 ε
1630 1633 1735 1685 Πῶς
1771 1621 1857 1681 οὖν
1902 1627 2185 1684 ἠλάττωται

605 1722 749 1791 παρά
776 1721 896 1778 τοὺς
915 1718 1152 1791 ἀγγέλους
1178 1716 1203 1773 5
1231 1717 1354 1792 παρ’
1372 1720 1538 1772 αὐτῶν
1565 1718 2036 1795 προσκυνούμενος;
2062 1720 2184 1775 ἀλλά

605 1813 906 1887 ἴστισαφής
934 1818 964 1875 ἠ
992 1817 1266 1892 πρόφασις.
1288 1818 1544 1871 Καθείκιτο
1572 1812 1664 1889 [β’.
1690 1813 1984 1887 κατείχετο]
2011 1819 2110 1891 γάρ
2138 1818 2186 1870 έν

602 1910 711 1963 τοῖς
732 1912 824 1966 τῆς
845 1906 1229 1979 ἀνθρωπὰτητος
1252 1909 1477 1983 μέτροις’
1493 1910 1576 1961 καὶ
1597 1907 1653 1962 τὸ
1675 1908 1999 1965 ἀποθνήσκειν
2025 1928 2183 1979 πεφυ-

605 1996 689 2056 κὸς
718 2004 870 2067 σῶμα
892 1997 1081 2064 λαϐὼν,
1118 1995 1241 2053 ἴδιόν
1285 2019 1339 2052 τε
1377 1999 1499 2054 αὑτὸ
1541 2000 1909 2071 ποιησάμενος,
1955 2000 2006 2052 έν
2052 2002 2189 2072 αὐτῷ

596 2087 996 2151 ςπέπονθενέκιζιν,
1011 2090 1090 2141 καί
1110 2096 1224 2148 ταῖς
1239 2089 1477 2145 ἀνωτάτω
1496 2087 1662 2153 δόξανς
1684 2096 2014 2161 στεφανοῦται
2030 2087 2113 2144 διὰ
2135 2092 2190 2144 τὸ

584 2178 786 2242 ⁵πάθος,
802 2179 869 2237 ὡς
891 2176 957 2232 δι’
984 2180 1140 2233 αὑτοῦ
1167 2183 1499 2254 καταργήσας
1519 2180 1602 2234 τὸν
1624 2180 1833 2235 θάνατον
1848 2223 1862 2246 ,
1883 2182 1967 2234 καί
1992 2176 2191 2256 ἄπρακ-

590 2273 687 2321 τον
711 2269 970 2340 ἀποφήνας
997 2272 1087 2326 τὴν
1111 2269 1290 2341 φθοράν
1306 2282 1323 2299 ⁹
1342 2265 1431 2323 ἅτε
1455 2266 1515 2327 δή
1543 2270 1629 2321 καὶ
1657 2268 1913 2345 ὑπάρχων
1937 2272 2191 2345 ἀφθαρσία

604 2362 689 2412 καὶ
716 2362 839 2423 ζωή.
868 2356 985 2413 Ὀτε
1034 2355 1092 2413 ἂν
1133 2355 1219 2413 οῦν
1254 2359 1448 2418 Ἰησοῦν
1479 2362 1720 2431 ὀνομάζῃ,
1756 2364 1838 2415 καί
1874 2362 2192 2417 ἠλαττῶσθαι

600 2445 736 2521 λέγοι
758 2449 900 2522 ποιρά
920 2451 1047 2509 ’τοὺς
1072 2449 1311 2523 ἀγγέλους
1336 2452 1505 2516 αὑτὸν,
1522 2454 1612 2505 οὑκ
1636 2449 1895 2526 ἄνθρωπον
1925 2456 2020 2508 άνά
2039 2456 2192 2528 μέρος

602 2541 689 2591 καί
716 2536 916 2603 ίδικῶς,
968 2536 1070 2593 ἀλλ’
1097 2538 1249 2596 αὑτὸν
1280 2546 1483 2612 νοοῦμεν
1522 2544 1608 2597 τὸν
1648 2552 1888 2614 μονογενῆ
1927 2565 2190 2619 παραχω-

606 2636 793 2703 ροῦντα
832 2630 891 2687 τὸ
929 2629 1185 2706 προῦχειν
1223 2635 1541 2704 οἷκονομεκῶς
1586 2642 1699 2695 τοῖς
1740 2635 1902 2707 ἁγίοις
1946 2637 2190 2707 ἀγγέλοις,

599 2720 684 2779 ὅτι
728 2724 862 2777 κατά
931 2724 1161 2782 ἀλήθειαν
1213 2724 1412 2797 γέγονεν
1474 2723 1735 2803 ἅνθρωπος
1786 2726 1814 2783 5
1859 2736 1951 2789 τῆς
1998 2730 2193 2783 ἐκείνων

609 2817 875 2889 ὑπεροχῆς
918 2819 1198 2886 ἡττώμενος
1224 2833 1237 2846 ⁸
1277 2819 1343 2871 τὰ
1380 2816 1431 2872 δέ
1466 2826 1558 2879 τῆς
1593 2821 1861 2893 ὑπεροχῆς
1897 2829 2009 2881 τοῖς
2038 2821 2198 2892 ἁγίοις

614 2906 861 2977 ἀγγέλοις.
886 2905 964 2960 ὅτι
988 2908 1068 2960 καί
1100 2903 1201 2972 ἔξω
1228 2908 1418 2983 σαρκὸς
1444 2912 1524 2963 καὶ
1552 2915 1645 2964 τοῦ
1676 2914 1902 2966 τεθνάναι
1931 2915 2194 2987 κρείττους

608 2998 762 3059 εἰσὶν.
793 2996 1057 3069 γεγονότος
1082 3000 1132 3051 ἓν
1156 2996 1360 3060 τούτοις
1384 3002 1474 3055 τοῦ
1496 3001 1606 3055 υἱοῦ
1634 3001 1717 3057 διά
1745 3008 1835 3061 τὴν
1865 3003 2087 3059 έκοὺσιον
2113 3007 2193 3058 κέ·

610 3109 779 3143 νουσιν.
809 3090 929 3143 ‘AD.’
957 3089 983 3145 5
1020 3090 1203 3163 βραχὺ
1232 3092 1356 3168 παρ’
1385 3094 1627 3167 ἀγγέλους
1652 3095 1998 3166 ἠλαττωμένος
2027 3095 2109 3152 διά
2138 3097 2197 3153 τὸ

609 3185 699 3235 τῆς
726 3178 1113 3252 ἀνθρωπότητος
1139 3182 1324 3256 μέτρον
1352 3182 1402 3234 ἐν
1423 3182 1663 3258 ὑπεροχῇ
1691 3185 1923 3246 θεότητος
1943 3184 2009 3239 ὢν
2031 3208 2197 3261 προσ·
2221 3226 2267 3290 C

610 3274 829 3322 κυνεῖται
855 3268 981 3343 παρ’
1004 3270 1183 3334 αὐτῶν,
1209 3274 1293 3326 καί
1314 3270 1568 3347 ένὶδρυται
1600 3277 1775 3335 θώκοις
1799 3274 1885 3335 οὓς
1922 3284 2192 3349 περιιστᾶ-

609 3376 690 3410 σω
723 3358 903 3411 ἐκεῖνοι
932 3356 1309 3432 δοξολογοῦντες
1345 3362 1452 3425 ἀεί,
1496 3366 1578 3418 καί
1605 3351 1705 3420 τῶν
1743 3365 2004 3438 δυνάμεων
2039 3370 2191 3423 αὑτὸν

611 3448 933 3516 ὄνομάζοντες
971 3452 1155 3525 κύριον.
1191 3469 1207 3501 ι
1237 3448 1352 3508 Ὀτι
1388 3452 1441 3508 δέ
1480 3458 1562 3508 καὶ
1598 3456 1629 3512 ἡ
1658 3457 1864 3518 κένωσις
1905 3459 2057 3512 αὑτοῦ
2098 3465 2190 3513 τοῦ

610 3542 741 3591 Θεοῦ
760 3536 911 3609 λόγου
938 3540 1281 3613 σαρκωθὲντος
1304 3542 1461 3606 έστὶν,
1485 3542 1510 3597 5
1534 3545 1689 3604 αὑτὸς
1708 3546 1757 3598 έν
1780 3544 1939 3617 ἁγίοις
1963 3547 2199 3623 “pina;

611 3628 661 3681 έν
687 3636 793 3689 τοῖς
820 3629 945 3707 πρὸς
985 3633 1079 3691 τὰς
1117 3631 1432 3709 ὼτιρῤήσεις
1468 3634 1785 3713 Θεοδωρίτου
1813 3646 2103 3712 γραφεῖσιν,
2138 3639 2198 3699 ἃς

614 3722 894 3779 ἐποιήσατο
920 3721 945 3776 5
975 3723 1124 3784 αὐτὸς
1151 3723 1462 3797 Θεοδώριτος
1492 3728 1619 3782 κατὰ
1644 3736 1734 3783 τοῦ
1761 3732 2005 3805 τετάρτου
2035 3734 2194 3786 αὑτοῦ

614 3812 873 3885 κεφαλαίου
902 3814 1063 3876 οὕτως
1089 3816 1239 3888 λέγει’
1265 3834 1283 3868 ε
1304 3814 1419 3872 Ὀτι
1450 3823 1539 3890 μὲν
1564 3823 1756 3896 σμικρά
1784 3830 1855 3892 τῷ
1880 3824 1933 3875 ἐκ
1955 3829 2039 3878 τοῦ
2069 3830 2196 3877 Θεοῦ

614 3906 757 3971 φὲντι
794 3903 926 3976 λόγῳ
953 3906 1124 3961 πάντα
1169 3908 1283 3962 έστὶ
1330 3910 1394 3962 τά
1432 3910 1720 3984 ἀνθρώπινα
1770 3916 1915 3983 φαίην
1955 3908 2013 3967 ἂν
2058 3909 2198 3967 ὄκνου

613 3989 749 4061 δίχα
794 3993 1003 4054 παντός.
1050 4002 1193 4053 Ζητῶ
1236 3995 1290 4051 δέ
1319 4003 1409 4056 την
1450 4000 1656 4054 κένωσιν
1699 4003 1827 4061 τίνος
1877 3997 1935 4056 ἂν
1975 4003 2206 4075 γενέσθαι

614 4088 788 4139 νοοῖτο·
821 4086 904 4139 καί
937 4088 1014 4147 τίς
1043 4084 1068 4140 5
1109 4095 1261 4143 τοῦτο
1287 4090 1460 4144 παθὼν
1497 4090 1739 4151 ἑκουσίως
1789 4094 1844 4146 Εἰ
1871 4095 1959 4162 μέν
1984 4095 2102 4171 γάρ,
2132 4097 2201 4154 ὡς

616 4175 757 4228 αὑτοί
781 4195 954 4246 φασιν,
983 4178 1012 4235 ἠ
1033 4182 1123 4233 τοῦ
1157 4175 1338 4232 δούλου
1366 4185 1555 4253 μορφὴ,
1581 4180 1694 4239 ἤτοι
1728 4184 1803 4245 τὸ,
1824 4182 1879 4235 έκ
1904 4184 2198 4257 σπέρματος

617 4264 769 4321 Δαϐίδ
779 4274 912 4327 ,πῶς
943 4266 975 4327 ἦ
999 4271 1111 4323 τίνα
1137 4271 1397 4326 κεκένωται
1425 4272 1609 4348 τρόπον
1635 4275 1679 4326 εἰ
1704 4277 2021 4345 προσελήφθη
2049 4278 2195 4350 παρὰ

616 4363 774 4423 Θεοῦ;
803 4361 857 4412 Εἰ
880 4357 934 4414 δέ
970 4361 1121 4419 αὑτὸς
1148 4360 1175 4414 5
1215 4363 1265 4414 έν
1296 4370 1459 4438 μορφῇ
1492 4366 1578 4417 καί
1606 4364 1800 4423 ἰσότητι
1840 4372 1929 4420 τοῦ
1959 4371 2083 4421 Θεοῦ
2115 4370 2197 4420 καί

617 4451 816 4522 πατρὸς
837 4450 1093 4521 ὑπάρχων
1115 4450 1281 4523 λόγος,
1311 4451 1489 4508 ἑαυτὸν
1518 4460 1729 4508 κενῶσαι
1755 4455 1971 4529 λέγεται,
2002 4464 2110 4516 πῶς
2136 4456 2196 4515 δή

2278 633 2531 701 humiles,
2555 631 2694 687 haud
2717 648 2873 687 secus
2894 645 3054 701 atque
3075 633 3327 688 sublimes
3342 634 3638 689 sententias
3655 634 3721 690 de
3746 652 3850 691 uno

2281 722 2580 791 eodemque
2592 722 2702 777 Deo
2717 722 2892 777 Verbo
2908 724 3207 788 inearnato,
3222 739 3286 778 ac
3298 723 3521 779 Domino
3536 734 3720 779 nostro
3734 724 3850 782 ἔθευ

2284 813 2499 869 Christo
2529 823 2877 881 exponentes,
2891 815 3259 869 confusionem
3280 815 3699 887 divisionemque
3719 819 3852 886 pario

2285 912 2366 958 ter
2380 904 2608 957 vitamus
2624 911 3023 968 naturarum,ex
3035 905 3228 972 quibus
3244 905 3451 959 unicam
3468 905 3562 960 Dei
3578 921 3641 960 ac
3652 906 3852 960 Domini

2286 995 2456 1048 nostri
2472 988 2598 1047 Jesu
2615 992 2811 1048 Christi
2836 995 3084 1049 constitui
3108 994 3502 1051 subsistentiam
3523 999 3853 1056 comitentur.

2288 1098 2462 1152 neque
2474 1092 2717 1150 quartam
2738 1082 3039 1137 inducimus
3061 1099 3343 1152 personam
3373 1096 3573 1140 sanctae
3595 1086 3850 1139 Trinitati.

2362 1170 2558 1225 Verum
2600 1172 2772 1225 sancti
2815 1187 3031 1240 quoque
3060 1171 3265 1239 Patres,
3290 1182 3453 1241 atque
3479 1172 3736 1227 Ecclesia:
3762 1175 3853 1223 dn—

2288 1270 2487 1326 etores,
2520 1276 2700 1316 sacras
2739 1273 3074 1331 exponentes
3114 1262 3336 1327 litteras,
3367 1278 3489 1315 eum
3514 1263 3752 1315 locnmzc
3776 1259 3858 1312 lli-

2292 1350 2455 1405 nuisti
2476 1364 2596 1403 eum
2620 1350 2781 1419 paulo
2802 1351 2977 1405 minus
3005 1351 3071 1404 ab
3092 1352 3315 1417 angelis:
3339 1370 3356 1403 ›
3377 1350 3526 1420 juxta
3541 1365 3605 1404 ea
3632 1366 3751 1421 quae
3776 1369 3857 1404 sn—

2290 1440 2471 1510 perius
2499 1439 2766 1508 disputata
2796 1448 2920 1493 sunt
2947 1439 3015 1495 de
3042 1441 3316 1511 unigenito
3346 1440 3454 1496 Deo
3485 1440 3661 1495 Verbo
3688 1441 3857 1496 incar-

2292 1539 2419 1586 nato
2459 1530 2660 1584 dictum
2701 1545 2820 1585 esse
2850 1530 3171 1585 docuerunt.
3196 1531 3428 1586 Sanctus
3470 1533 3614 1587 enim
3641 1531 3860 1603 Cyrillus

2291 1621 2344 1676 in
2368 1622 2593 1692 epistola
2619 1622 2684 1675 ad
2711 1621 2993 1675 Basilidem
3023 1622 3139 1676 haec
3162 1622 3324 1676 habet
3348 1639 3361 1675 :
3413 1641 3431 1673 ε
3461 1621 3742 1688 Quomodo
3772 1622 3860 1689 igi-

2291 1722 2379 1767 tur
2404 1713 2609 1782 angelis
2634 1721 2718 1767 est
2742 1712 3061 1777 minoratus,
3086 1712 3175 1783 qui
3201 1712 3269 1767 ab
3292 1712 3419 1782 ipsis
3448 1712 3735 1767 adoraturi
3762 1711 3860 1766 Sed

2292 1803 2511 1859 evidens
2555 1810 2638 1857 est
2681 1802 2796 1857 haec
2842 1818 3025 1858 causa.
3056 1801 3221 1859 Sedet
3248 1804 3390 1857 enim
3435 1803 3488 1856 in
3522 1803 3862 1858 humanitatis

2293 1894 2621 1959 conditione,
2652 1902 2708 1949 et
2749 1910 2980 1963 corpore
3025 1895 3242 1949 mortali
3296 1894 3439 1963 quod
3484 1907 3863 1966 assumpserat,

2294 1985 2503 2054 sibique
2528 1984 2731 2039 fecerat
2754 1985 3063 2054 preprium:
3093 1971 3145 2038 in
3175 2000 3242 2039 eo
3266 1985 3451 2039 volens
3474 2000 3664 2054 passus
3692 1993 3794 2053 est,
3817 1994 3863 2039 et

2294 2090 2541 2146 suprema
2578 2075 2748 2145 gloria
2793 2084 3015 2145 propter
3051 2076 3355 2144 passionem
3383 2082 3700 2140 coronatur,
3731 2076 3865 2145 quod

2295 2182 2393 2237 per
2414 2166 2584 2236 ipsam
2633 2165 2929 2221 aboleverit
2975 2172 3224 2230 mortem,
3273 2173 3329 2219 et
3366 2164 3643 2218 sustulerit
3690 2179 3864 2218 eorru—

2297 2259 2555 2328 ptionem,
2587 2257 2823 2312 existens
2855 2256 2969 2327 ipse
3010 2255 3118 2309 vita
3149 2264 3205 2310 et
3250 2254 3602 2322 incorruptio.
3650 2250 3864 2320 Quando

2296 2350 2480 2419 itaque
2503 2348 2684 2404 Jesum
2712 2348 2974 2413 nominat,
2998 2356 3052 2402 et
3074 2347 3246 2415 ipsum
3275 2344 3477 2415 angelis
3497 2358 3615 2399 esse
3642 2344 3853 2398 minora

2296 2448 2411 2494 tum
2436 2439 2588 2505 dicit,
2618 2454 2729 2494 non
2756 2438 2830 2492 ibi
2858 2438 3132 2493 hominem
3174 2436 3400 2492 seorsim
3445 2443 3500 2490 et
3535 2434 3863 2502 singulariter

2298 2538 2581 2600 acceptum
2626 2528 2993 2597 intelligimus,
3023 2528 3115 2582 sed
3144 2528 3317 2597 ipsum
3347 2525 3539 2580 Filium
3569 2524 3664 2580 Dei
3695 2524 3863 2592 unige-

2300 2620 2469 2674 nitum
2499 2619 2791 2675 secundum
2819 2619 3270 2689 dispensationem
3319 2616 3519 2671 sanctis
3560 2614 3764 2686 angelis
3797 2613 3864 2668 dio

2299 2711 2502 2780 gnitate
2541 2709 2841 2775 cedentem,
2898 2709 3021 2777 quia
3051 2707 3345 2763 secundum
3391 2705 3674 2760 veritatem
3706 2703 3866 2759 factus

2298 2810 2382 2856 est
2429 2802 2613 2867 homo,
2642 2802 2735 2872 qui
2787 2802 2853 2856 ab
2882 2815 3066 2855 eorum
3108 2797 3395 2853 eminentia
3424 2805 3508 2852 est
3557 2796 3867 2851 minoratus.

2299 2889 2610 2946 Sublimitas
2663 2892 2805 2946 enim
2856 2898 3159 2945 sanctorum
3210 2888 3523 2957 angelorum
3570 2896 3656 2942 est
3722 2894 3867 2942 extra

2296 2996 2511 3036 carnem
2568 2996 2688 3037 esse
2738 2983 3006 3050 mortique
3057 2978 3276 3034 minime
3329 2979 3543 3049 subjici,
3570 2994 3735 3048 quam
3763 2978 3868 3048 ipse

2294 3083 2596 3138 voluntaria
2625 3082 2991 3137 exinanitione
3040 3080 3311 3151 suscepit;
3359 3087 3415 3135 et
3461 3080 3552 3148 qui
3580 3094 3771 3149 parum
3807 3076 3870 3131 ab

2301 3174 2504 3242 angelis
2530 3173 2802 3238 minuitur,
2832 3181 3050 3242 propter
3077 3171 3426 3226 humanitatis
3455 3170 3663 3226 scilicet
3690 3169 3867 3226 condi-

2301 3266 2526 3330 tionem,
2553 3264 2605 3317 in
2635 3263 2964 3319 sublimitate
2992 3262 3214 3317 Deitatis
3243 3261 3476 3317 existens
3504 3261 3571 3315 ab
3592 3261 3725 3330 ipsis
3751 3259 3870 3313 ado-

2302 3362 2475 3423 ratur,
2500 3362 2556 3408 et
2591 3353 2646 3407 in
2704 3353 2912 3407 tbronis
2961 3352 3130 3419 sedet,
3162 3352 3304 3406 circa
3349 3365 3486 3420 quos
3514 3358 3662 3404 stant
3685 3348 3872 3417 angeli,

2299 3444 2664 3512 gloriﬁcantes
2716 3459 2948 3513 semper,
2980 3443 3259 3513 ipsumque
3293 3441 3576 3495 Dominum
3621 3440 3872 3495 virtutum

2298 3534 2631 3589 incessanter
2674 3534 3090 3605 proclamantes.
3129 3552 3148 3585 ι
3182 3532 3259 3588 De
3305 3531 3494 3587 eadem
3549 3545 3739 3586 rursus
3786 3542 3873 3583 sua

2302 3628 2668 3683 exinanitione
2691 3628 2761 3683 ad
2783 3628 3117 3682 incarnatum
3128 3626 3296 3680 Deum
3317 3624 3549 3680 Verbum
3578 3624 3876 3693 pertinente-

2303 3726 2519 3771 constat
2562 3732 2629 3772 ex
2658 3717 2848 3773 eodem
2872 3715 3071 3787 Cyrillo
3103 3716 3155 3769 in
3182 3714 3318 3770 libro
3347 3714 3603 3768 adversus
3628 3713 3872 3768 confuta-

2306 3809 2479 3862 tiones
2528 3806 2873 3869 Theodoreti,
2924 3820 3057 3875 quas
3099 3805 3213 3875 ipse
3240 3803 3368 3859 fecit
3414 3812 3600 3858 contra
3629 3809 3875 3871 quartum

2306 3898 2423 3968 ejus
2449 3897 2757 3967 capitulum.
2796 3916 2815 3949 ι
2851 3895 3003 3963 Quod
3028 3910 3211 3967 parva,
3241 3894 3432 3964 inquit,
3456 3893 3563 3948 sint
3587 3892 3769 3947 omnia
3794 3892 3872 3946 Iw

2309 4004 2469 4044 mana
2483 3988 2659 4044 Verbo
2685 4003 2753 4043 ex
2772 3987 2884 4042 Deo
2928 3996 3055 4042 nato
3084 3986 3285 4055 absque
3313 4000 3463 4040 mora
3489 3983 3616 4053 quin
3645 3985 3876 4039 haeream

2305 4078 2512 4134 dixero.
2547 4078 2739 4144 Quiero
2782 4084 2961 4131 autem
2989 4075 3263 4144 cujusdam
3305 4088 3424 4130 esse
3450 4081 3673 4144 putetur
3697 4073 3876 4129 exina-

2306 4169 2461 4232 nitio,
2478 4177 2534 4223 et
2560 4166 2678 4235 quis
2693 4167 2829 4221 hanc
2844 4166 3145 4222 voluntarie
3166 4165 3364 4220 tulerit.
3384 4164 3589 4233 Itaque,
3608 4164 3677 4231 si,
3695 4179 3873 4235 quens

2303 4268 2587 4324 admodum
2627 4266 2715 4319 alii
2746 4265 2945 4331 dicunt,
2986 4263 3155 4320 forma
3189 4262 3349 4329 servi,
3375 4261 3635 4333 autquod
3688 4271 3772 4319 est
3816 4277 3878 4316 ex

2297 4358 2504 4414 semine
2517 4356 2707 4423 David;
2728 4354 2998 4425 quomodo
3016 4354 3103 4410 vel
3132 4351 3440 4424 quo-[Supp.
3458 4351 3661 4424 pacto],
3677 4367 3879 4424 quaeso,

2298 4457 2627 4513 exinanitum
2654 4464 2761 4522 est,
2798 4455 2842 4509 si
2872 4469 2901 4507 a
2933 4454 3042 4507 Deo
3072 4459 3402 4521 assumptum
3455 4449 3571 4505 est?
3588 4451 3650 4507 Si
3699 4461 3877 4506 autem

619 4541 767 4595 πάλιν
791 4541 821 4599 ἧ
853 4543 966 4597 τίνα
990 4544 1181 4619 τρόπον
1208 4546 1503 4610 κεκένωται,
1533 4547 1577 4599 εἰ
1606 4556 1910 4623 παραιτοῖτο
1938 4554 2025 4607 τὴν
2050 4551 2194 4603 κένω-

2299 4546 2476 4617 ipsum
2499 4544 2751 4611 Verbum,
2766 4544 2907 4612 quod
2931 4543 2984 4597 in
3000 4542 3171 4598 forma
3197 4550 3251 4597 et
3269 4540 3572 4609 aequalitate
3592 4540 3690 4597 Dei
3710 4541 3880 4595 Patris

620 4646 730 4695 tm;
758 4635 960 4694 κένωσις
997 4632 1050 4689 δέ
1078 4642 1151 4705 τῷ
1179 4642 1287 4705 Θεῷ
1315 4635 1446 4708 λόγῳ
1468 4638 1645 4692 παθεῖν
1673 4640 1758 4693 οὑκ
1787 4638 1940 4694 εἰδότι
1963 4646 2050 4697 την
2075 4660 2195 4712 τρο·

621 4728 743 4787 πην,
771 4724 831 4778 τό
876 4721 1069 4797 δράσαι
1103 4747 1153 4781 τε
1180 4728 1260 4779 καί
1303 4728 1463 4784 εἰπεῖν
1497 4734 1596 4782 τῶν
1639 4729 1954 4804 ἀνθρωπίνων
1990 4727 2072 4784 διά
2107 4736 2197 4788 τήν

566 4874 569 4875 ν
619 4813 748 4884 πρὶς
775 4814 944 4886 σάρκα
975 4813 1185 4868 σύνοδον
1208 4816 1535 4887 οἰκονομικήν.
1570 4835 1589 4869 ε
1619 4821 1710 4873 Καὶ
1737 4818 1936 4874 πάλινό
1966 4820 2117 4879 αὑτὸς
2148 4820 2198 4872 έν

620 4902 782 4974 ἁγίοις
814 4901 1056 4975 Κύριλλος
1096 4905 1150 4959 έν
1178 4913 1251 4978 τῷ
1293 4906 1427 4979 αὐτῷ
1470 4908 1648 4979 βιϐλίῳ
1687 4912 1820 4963 κατά
1860 4915 2201 4981 Νεστοριανῶν

619 4992 754 5047 οὑτω
783 4990 1080 5067 λέγειέ’Δρ’
1097 4988 1186 5049 οὖν
1206 4993 1232 5050 5
1255 4995 1520 5061 θεσπέσιος
1537 4998 1727 5057 Παῦλος
1748 5005 2060 5069 πεφαινάκικε
2077 4996 2197 5067 (sic)

618 5089 739 5149 τοὺς
770 5090 1104 5160 ἡγιασμένους
1146 5088 1229 5144 διά
1267 5098 1360 5152 τῆς
1405 5092 1630 5151 πίστεως
1669 5092 2013 5163 έναργέστατα
2047 5090 2201 5163 λέγων

617 5183 735 5251 περὶ
773 5187 866 5236 τοῦ
909 5188 1235 5254 μονογενοῦς,
1268 5179 1345 5236 ὅτι
1380 5182 1623 5241 πλούσιος
1667 5179 1732 5235 ὢν
1766 5182 2097 5250 ἐπτώχευσεν
2135 5179 2202 5233 δι’

616 5278 786 5343 ἡμᾶςς
816 5279 886 5344 μὴ
927 5276 1142 5346 γένοιτο’
1170 5274 1396 5331 ἀληθεύει
1421 5276 1521 5347 γάρ
1563 5274 1765 5331 πάντως
1800 5279 1891 5332 τῆς
1921 5273 2147 5332 ἀληθείας
2172 5271 2198 5325 5

618 5365 795 5439 κῆρυξ.
827 5362 968 5419 ’Δλλά
994 5370 1092 5437 γὰρ
1130 5366 1208 5422 τίς
1236 5361 1262 5418 5
1300 5364 1539 5423 πλούσιός
1567 5363 1720 5428 ἐστιν,
1750 5365 1835 5416 καὶ
1860 5363 1972 5417 τίνα
2012 5363 2199 5437 τρόπον

620 5456 986 5522 ἐπτώχευσεν;
1017 5455 1330 5522 βασανιζέτω
1369 5456 1453 5507 καί
1486 5459 1574 5506 νῦν
1614 5452 1639 5508 5
1678 5453 1826 5525 λόγος
1852 5454 1994 5525 ἡμῖν.
2021 5457 2077 5508 Εἰ
2113 5456 2202 5524 μέν

620 5546 737 5620 γὰρ.
767 5546 891 5599 καθά
916 5547 997 5598 καὶ
1023 5552 1211 5618 φρονεῖν
1238 5547 1320 5598 καὶ
1347 5543 1504 5617 λέγειν
1528 5544 1674 5598 αὑτοὶ
1698 5545 2087 5615 τεθαρσήκασιν,
2114 5541 2200 5598 ἅν-

623 5642 823 5714 σρωπος
862 5640 1099 5713 ἀνελήφθη
1144 5640 1284 5716 παρὰ
1320 5646 1408 5695 τοῦ
1453 5643 1614 5704 Θεοῦ,
1653 5644 1763 5698 πῶς
1805 5638 2135 5710 ἐπτώχευσεν
2173 5638 2200 5693 5

638 5732 917 5806 ἲναληφθείς
942 5736 1027 5787 καί
1048 5741 1153 5795 τοῖς
1176 5733 1305 5803 ὑπὲρ
1331 5732 1481 5803 φύσιν
1514 5732 1790 5802 ἀξιώμασιν
1822 5730 2203 5807 έκλελαμπρυσ-

632 5823 808 5894 μένοςς
840 5820 1142 5885 Διδὸξασται
1168 5823 1291 5893 γάρ.
1313 5820 1343 5880 ἧ
1370 5822 1413 5874 εί
1432 5824 1501 5891 μή
1527 5818 1675 5874 τοῦτὸ
1703 5821 1841 5874 έστιν
1870 5819 2064 5884 ἀληθές,
2090 5819 2204 5875 δια·

2302 4637 2505 4704 existit,
2533 4651 2594 4692 se
2621 4635 2793 4705 ipsum
2821 4635 3175 4691 exinanivisse
3203 4633 3432 4699 dicitur;
3461 4634 3766 4702 quomodo,
3798 4633 3879 4687 vel

2302 4741 2410 4796 quo
2426 4735 2583 4797 pacto
2604 4726 2932 4781 exinanitum
2952 4733 3051 4788 est,
3076 4725 3119 4781 si
3141 4723 3392 4779 refutavit
3418 4723 3880 4778 exinanitionem?

2304 4817 2614 4873 Exinanitio
2641 4825 2819 4873 autem
2847 4817 2960 4871 Deo
2985 4815 3163 4871 Verbo
3210 4815 3513 4870 versionem
3547 4815 3661 4885 pati
3699 4814 3882 4870 nescio

2304 4915 2388 4963 est
2414 4905 2589 4961 facere
2610 4921 2673 4962 ac
2708 4907 2891 4961 dicere
2917 4904 3169 4975 quiddam
3210 4904 3499 4958 humanum
3525 4914 3750 4974 propter
3776 4903 3881 4955 dis-

2305 4998 2640 5067 pensativum
2668 4997 2734 5052 ad
2757 5011 2973 5052 carnem
3001 5003 3346 5050 conventum.
3383 5012 3405 5047 ι
3436 4993 3632 5049 lterum
3662 5002 3884 5049 sanctus

2304 5086 2535 5158 Cyrillus
2578 5086 2631 5141 in
2660 5086 2852 5142 eodem
2882 5086 3020 5141 libro
3048 5094 3235 5140 contra
3262 5084 3611 5139 Nestor-ianos
3638 5081 3759 5136 hzec
3786 5082 3879 5135 ba-

2306 5178 2428 5232 bet:
2466 5195 2486 5229 ι
2516 5176 2761 5246 Nunquid
2807 5176 2965 5245 igitur
2992 5176 3200 5231 divinus
3226 5174 3422 5229 Paulus
3450 5172 3555 5229 ﬁde
3576 5170 3885 5229 sanctiﬁca-

2306 5278 2392 5324 tos
2418 5266 2649 5334 seduxit,
2672 5268 2949 5338 perspicue
2978 5266 3046 5322 de
3069 5264 3351 5334 Unigenito
3371 5265 3580 5320 dicens:
3610 5263 3753 5319 Cum
3803 5278 3880 5316 8:-

2305 5366 2390 5413 set
2431 5357 2599 5421 dives,
2632 5371 2832 5427 egenus
2874 5366 3096 5427 propter
3142 5372 3241 5411 nos
3286 5354 3507 5410 eﬂeetus
3545 5355 3667 5410 est?
3707 5352 3881 5408 Absit.

2307 5449 2444 5504 Vera
2472 5463 2702 5519 namque
2722 5450 2942 5504 omnino
2976 5448 3211 5518 loquitur
3236 5447 3723 5518 Veritatis’praeco.
3757 5444 3885 5510 Quis

2305 5550 2448 5606 enim
2469 5558 2550 5604 est
2570 5549 2739 5615 dives,
2755 5559 2810 5605 et
2830 5549 3100 5619 quomodo
3122 5548 3292 5605 factus
3320 5557 3402 5604 est
3420 5562 3617 5617 egenus
3633 5547 3659 5601 τ
3684 5547 3747 5601 Si
3770 5544 3884 5614 ιιιιὶ-
3944 5564 3949 5571 ·

2308 5639 2453 5704 dem,
2483 5638 2931 5709 quemadmodum
2977 5638 3178 5693 sentire
3222 5652 3285 5691 ac
3332 5636 3577 5707 proloqui
3613 5635 3737 5689 ausi
3767 5639 3883 5688 sunt

2309 5732 2553 5802 quidam,
2586 5733 2749 5788 homo
2777 5740 3080 5801 assumptus
3124 5738 3205 5786 est
3230 5745 3260 5783 a
3291 5729 3421 5795 Deo,
3447 5725 3722 5798 quomodo
3752 5740 3889 5795 pau-

2309 5837 2405 5893 per
2426 5821 2593 5878 factus
2605 5832 2687 5876 est
2704 5822 3046 5893 derogabitur
3070 5822 3088 5842 '
3109 5822 3153 5876 is
3174 5820 3265 5891 qui
3277 5827 3577 5890 aSsumptus
3589 5823 3697 5883 est,
3724 5812 3895 5884 digni-

700 5913 717 5930 ‘
751 5910 1089 5983 Derogabitur
1108 5909 1519 5981 expungendum
1538 5908 1771 5965 clamant
1792 5918 1969 5968 textus
1989 5911 2205 5969 Grzecus
2231 5921 2285 5970 et
2312 5914 2565 5984 syntaxis.
2597 5912 2749 5970 Εωτ.
