4108 6482
284 487 432 551 1069

1038 486 1413 549 ἘΡῙΒΤΟΙΑ
1457 488 1854 551 ADVERSUS
1891 485 2370 548 THEODORUM
2409 482 2828 545 MOPSUEST.

3412 493 3549 551 10ῗο

278 616 532 671 ϐέϐληται
574 614 697 687 παρ’
748 614 912 667 αὐτῶν
964 614 995 670 ἦ
1052 611 1294 682 ἀννῖληιρις
1350 614 1425 687 ὡς
1466 609 1861 681 ἀκαταςεομίσασα

1969 610 2163 665 tatibus
2182 626 2342 681 super
2361 620 2606 665 naturam
2635 609 2923 683 eﬂiilgens?
2944 623 3062 662 nam
3084 604 3409 677 gioriiieatus
3428 616 3530 674 est:

282 710 417 782 πρὸς
444 710 503 761 τό
533 714 686 777 μεῖον,
720 709 801 759 καί
828 706 952 779 πρός
976 718 1033 779 γε
1061 696 1533 778 τὸδῦσκλεέᾁτερψ
1564 711 1619 757 τὸ
1653 713 1743 762 τῆς
1773 705 1861 756 ἀν-

276 796 609 872 θρωπότητος
644 799 849 871 μέτρον.
878 794 1001 849 ’Δλλ’
1031 794 1125 849 ὧδε
1156 794 1640 873 ’φρονεὺχάπηχέφ
1674 797 1863 846 Οὐκοῦν

278 893 373 944 οὐκ
398 892 727 960 ἐπτώχευσεν
751 888 776 943 6
798 889 1107 963 ἀναληφθεὶς
1135 886 1359 945 λείπεται
1377 892 1540 943 τοίνυν
1568 890 1752 950 εἰπεῖν,
1781 887 1858 943 ὅτι

278 986 480 1057 γέγονεν
508 984 558 1037 ἓν
583 984 827 1055 πτωχείᾳ
850 989 912 1057 τῇ
940 982 1049 1036 καθ’
1076 978 1210 1052 ἠμΞς
1240 982 1265 1037 6
1293 976 1530 1043 πλούσιος
1559 984 1627 1042 ὡς
1654 981 1796 1042 Θεός.
1834 997 1852 1033 ε

354 1351 576 1421 ὀμοίως
605 1348 656 1403 δέ
677 1352 759 1404 καί
788 1349 812 1404 6
839 1348 884 1403 ίν
904 1348 1065 1420 ἀγίοις
1095 1348 1371 1423 Γρηγόριδς
1400 1349 1425 1405 6
1450 1351 1678 1423 θεολὸνος
1709 1352 1758 1404 ἓν
1787 1358 1860 1420 τῷ

276 1440 412 1511 λόγῳ
458 1436 531 1510 τῷ
560 1444 678 1515 περὶ
704 1447 804 1494 τῶν
839 1441 1103 1509 θεόφανίων
1131 1440 1264 1493 οὕτω
1302 1440 1453 1510 λέγει’
1479 1458 1496 1489 ε
1527 1440 1771 1513 Προελθὼν
1805 1438 1859 1493 δέ

275 1531 408 1589 Θεὸς
448 1531 576 1598 μετὰ
609 1538 699 1587 τῆς
735 1528 1099 1604 προσλήψεως,
1151 1525 1202 1581 ἓν
1247 1530 1301 1582 ἐκ
1344 1524 1434 1583 δύο
1482 1535 1582 1583 τῶν
1626 1532 1857 1584 ἐναντίων

274 1619 477 1691 σαρκὸς
511 1622 591 1672 καί
619 1625 927 1688 πνεύματος,
965 1613 1032 1671 ὧν
1067 1618 1124 1671 τὸ
1154 1620 1244 1688 μίν
1268 1606 1465 1680 ἑθίωσε,
1496 1620 1553 1671 τὸ
1579 1617 1632 1672 δέ
1663 1619 1857 1676 ἐθεὼθη.

277 1707 358 1761 ’.Ω
378 1720 469 1770 τῆς
497 1720 668 1769 καινῆς
696 1712 898 1780 μίξεως,
926 1706 962 1760 ὦ
988 1715 1079 1768 τῆς
1107 1700 1389 1784 παραδόξου
1432 1711 1676 1783 κράσεως.
1708 1720 1764 1761 '0
1794 1708 1859 1763 ὢν

279 1800 492 1869 γίνεται,
512 1800 598 1851 καί
627 1796 651 1851 6
681 1794 911 1855 ἔκτιστος
942 1799 1179 1861 κτίζεται,
1208 1799 1291 1850 καί
1319 1796 1344 1850 ὁ
1369 1798 1640 1870 ἀχὼρητος
1665 1805 1860 1869 χωρεῖ-

1965 700 2051 753 vel
2099 701 2143 755 si
2168 700 2270 755 hoc
2297 716 2629 769 nequaquam
2658 712 2840 755 verum
2866 707 2970 767 est,
2994 699 3061 753 ab
3087 702 3165 754 eis
3185 700 3532 769 assumptioui

1962 790 2104 858 quod
2136 789 2243 862 [F.
2292 792 2415 861 leg.,
2446 790 2798 845 obtrectatum
2846 799 2928 844 est
2958 792 3025 844 ab
3070 790 3148 845 eis
3177 791 3529 858 assumptioni

1960 880 2135 951 quasi]
2160 895 2282 936 eum
2305 881 2371 934 ad
2401 881 2767 950 ignobiliorem
2790 888 2950 948 atque
2970 879 3229 933 minorem
3251 878 3534 932 deduxerit

1963 976 2305 1029 humanitatis
2331 988 2634 1029 mensuram
2661 971 2739 1025 :id
2766 986 2928 1041 porro
2957 970 3241 1025 absurdum
3270 982 3352 1023 est
3378 972 3530 1037 cogi-

1964 1072 2100 1118 tare.
2148 1064 2265 1119 Non
2295 1066 2454 1133 igitur
2482 1077 2680 1131 egenus
2706 1063 2877 1117 factus
2904 1070 2987 1117 est
3026 1069 3363 1130 assumptus:
3406 1061 3534 1115 reli-

1962 1169 2125 1222 quum
2147 1163 2368 1222 estergo
2394 1154 2703 1208 utdicamus
2722 1152 2776 1206 in
2798 1161 3108 1222 paupertate
3135 1160 3317 1206 nostra
3334 1151 3529 1206 factum

1965 1269 2082 1311 esse
2110 1270 2229 1311 eum
2256 1255 2369 1324 qui,
2391 1261 2644 1322 tanquam
2667 1251 2825 1313 Deus.
2855 1252 3003 1307 dives
3023 1262 3157 1307 erat.
3189 1271 3208 1305 ε

2036 1346 2288 1400 Similiter
2330 1346 2385 1401 S.
2427 1344 2715 1414 Gregorius
2751 1342 3052 1413 Theologus
3090 1345 3143 1398 in
3181 1354 3427 1400 sermone
3465 1341 3535 1399 de

1966 1441 2163 1496 Christi
2192 1438 2377 1494 Natali
2402 1439 2516 1493 inec
2553 1439 2715 1494 habet
2746 1457 2759 1492 :
2797 1459 2815 1491 ι
2844 1438 3162 1506 Progressus
3187 1444 3365 1490 autem
3395 1437 3534 1490 Deus

1960 1544 2080 1585 cum
2101 1530 2451 1592 humanitate,
2476 1538 2637 1582 unum
2668 1544 2732 1581 ex
2754 1528 2960 1582 duobus
2986 1529 3125 1581 inter
3144 1542 3201 1581 se
3229 1528 3530 1587 contrariis.

1962 1634 2123 1674 carne
2149 1620 2395 1672 nimirum
2425 1628 2477 1672 et
2506 1619 2715 1688 spiritu,
2737 1628 2963 1686 quorum
2994 1619 3218 1672 alterum
3246 1618 3532 1683 deiﬁcavit,

1961 1710 2189 1764 alterum
2218 1709 2518 1763 deiﬁeatum
2548 1717 2647 1763 est.
2680 1709 2723 1761 Ο
2752 1718 2946 1763 novam
2975 1709 3319 1764 mixtionem!
3368 1724 3402 1764 ο
3429 1708 3526 1763 ad;

1962 1802 2258 1855 mirandam
2292 1799 2760 1869 temperation‘em!
2808 1798 2908 1866 Qui
2934 1806 3037 1868 est,
3068 1797 3156 1865 ﬁt;
3204 1800 3295 1871 qui
3319 1806 3532 1855 creatus

279 1910 368 1945 εαι
395 1887 479 1944 διὰ
518 1890 679 1961 μίσης
707 1888 894 1959 ψυχῆς
934 1892 1112 1959 νοερᾶς
1149 1891 1514 1957 μεσιτευούσης
1541 1889 1738 1946 θεότητι
1773 1892 1856 1942 καί

1964 1907 2069 1946 non
2095 1898 2195 1953 est,
2221 1899 2465 1953 creatur;
2494 1890 2585 1958 qui
2613 1890 2759 1945 nullo
2782 1890 2900 1945 loco
2929 1891 3190 1945 contineri
3215 1897 3409 1960 petes‘t.
3432 1898 3531 1961 per

271 1981 479 2051 σαρκός
498 1978 788 2049 παχύτητι,
821 1981 903 2032 καί
929 1979 953 2030 ὁ
981 1978 1259 2041 πλουτίζων
1284 1972 1571 2046 πτωχεῦειο
1594 1981 1857 2047 πτωχεύει

276 2070 382 2142 γὰρ
426 2074 515 2127 τὴν
558 2068 679 2138 ίμὰν
718 2069 993 2142 κάθαρσιν,
1032 2067 1092 2120 ἶν’
1116 2062 1229 2137 ἐγὼν
1256 2067 1527 2126 πλουτήσω
1568 2073 1656 2126 τήν
1702 2070 1855 2122 αὐτοῦ

270 2159 508 2215 θεότητα,
535 2160 615 2211 καί
642 2156 668 2211 6
692 2158 882 2233 πλήρης
909 2160 1156 2210 κενοῦται⁶
1180 2161 1409 2210 κενοῦται
1427 2158 1527 2229 γὰρ
1552 2165 1642 2217 τῆς
1670 2158 1854 2212 ἑαυτοῦ

271 2248 431 2312 δόξης
474 2249 556 2303 ini
585 2250 782 2323 μικρὸν,
806 2246 870 2301 ἶν’
898 2245 998 2319 ἓγώ
1025 2255 1116 2308 τῆς
1146 2248 1328 2301 ἐκείνου
1363 2240 1631 2319 μεταλάϐω
1659 2251 1859 2328 πληρώ-

270 2359 438 2401 σεως.
465 2357 485 2392 ε

356 2607 496 2669 Ἀλλά
538 2608 675 2665 καίό
719 2609 768 2663 ἓν
811 2607 973 2682 ἀγίοις
1017 2607 1309 2670 Ἀθανάσιος
1354 2609 1638 2682 ἑρμηνεύων
1671 2612 1735 2666 τὰ
1768 2620 1855 2667 τοῦ

273 2703 566 2758 ἀποστόλου
605 2701 734 2777 ῥητά
761 2699 1015 2771 λέγοντος,
1050 2718 1068 2751 ε
1104 2697 1155 2759 ὃς
1178 2701 1225 2752 ἐν
1251 2708 1416 2775 μορφῇ
1444 2707 1569 2753 Θεοῦ
1598 2698 1857 2774 ὑπάρχων

274 2790 517 2846 ἰκένωσεν
562 2789 759 2854 ἔαυτόν,
789 2794 981 2861 μορφήν
1012 2787 1190 2843 δούλου
1218 2790 1414 2853 λαϐὼν,
1446 2807 1464 2839 ι
1502 2788 1663 2850 οὕτως
1688 2790 1818 2861 λέγει
1839 2806 1857 2821 '

272 2905 298 2938 ε
328 2888 388 2940 Τί
415 2887 598 2940 τούτου
622 2877 913 2956 λευκότερον
940 2885 1024 2936 καὶ
1054 2880 1520 2958 ἀποδεικτικὼτερον
1547 2885 1738 2954 γένοιτο
1765 2880 1855 2948 ἆν;

274 2978 336 3031 οὗ
359 2977 460 3050 γὰρ
495 2972 545 3038 ἒξ
576 2972 849 3027 ἐλαττόνων
888 2972 1095 3042 βελτίων
1129 2973 1344 3043 γέγονεν,
1373 2972 1496 3027 ἀλλά
1523 2973 1707 3043 μᾶλλον
1734 2974 1856 3034 Θεὸς

276 3069 553 3139 ὗπάρχων,
588 3070 679 3118 τοῦ
722 3061 899 3118 δούλου
949 3066 1141 3137 μορφήν
1176 3061 1376 3126 ἔλαϐεν,
1403 3066 1487 3116 καί
1513 3066 1562 3116 ἓν
1590 3070 1662 3133 τῷ
1689 3064 1857 3117 λαϐεἰν

275 3160 370 3212 at}:
395 3156 681 3216 ἔεελτιώθη,
702 3153 806 3207 ἀλλ’
821 3155 1154 3208 ἐταπείνωσεν
1177 3153 1371 3208 ἑαυτὸν.
1386 3172 1403 3203 ›
1430 3154 1522 3208 Καί
1537 3154 1649 3222 μετ’
1672 3155 1853 3226 ὀλίγον

275 3262 304 3301 1
331 3251 392 3300 Τί
415 3244 468 3300 δέ
497 3244 648 3299 τοῦτό
685 3244 851 3310 ἔστιν,
880 3242 909 3301 ἦ
938 3243 1021 3296 τὸν
1049 3244 1098 3295 ἓν
1124 3250 1285 3317 μορφῇ
1320 3250 1448 3297 Θεοῦ
1481 3240 1619 3306 ὅντα,
1646 3247 1730 3298 καί
1775 3245 1855 3297 εὐ-

279 3345 451 3412 ιενοῦς
477 3340 676 3411 πατρὸς
705 3336 810 3388 υἱὸν
852 3339 1164 3388 ταπεινῶσαι
1195 3332 1391 3395 ἑαυτὸν,
1423 3334 1506 3385 καί
1532 3331 1705 3387 δοῦλον
1747 3335 1851 3386 ἀνθ’

276 3434 419 3500 ἁμῶν
437 3432 522 3481 καί
549 3429 681 3501 ὑπὲρ
708 3427 846 3495 ἡμῶν
872 3424 1103 3494 γενέσθαι
1119 3438 1132 3487 ;
1148 3440 1165 3473 ε
1195 3426 1294 3477 Καί
1319 3424 1428 3492 μετ’
1446 3423 1655 3495 ὀλίγον’(
1677 3432 1733 3475 '0
1751 3426 1852 3497 γὰρ

279 3522 424 3593 ὅσιος
450 3520 577 3590 σὰρξ
608 3518 819 3587 ἐγένετο,
846 3516 929 3568 καί
979 3515 1178 3584 λέγεται
1203 3512 1282 3567 ὅτι
1305 3518 1329 3565 ὁ
1349 3520 1574 3573 τοιοῦτος
1598 3511 1851 3591 ἅνθρωπος

279 3612 333 3676 ἶξ
360 3612 598 3685 οὐρανοῦ,
630 3610 715 3660 καί
745 3606 1057 3671 ἐπουράνιος,
1086 3602 1171 3659 διὰ
1206 3604 1262 3659 τὸ
1300 3605 1347 3669 ἐξ
1382 3602 1608 3678 οὐρανοῦ
1638 3604 1854 3661 καταϐε-

278 3700 486 3760 ϐηκέναι
514 3698 601 3753 τὸν
628 3695 795 3766 λόγον.
816 3711 834 3744 ³

350 3788 495 3843 ’Λλλά
519 3791 606 3842 καί
637 3786 662 3840 6
689 3788 740 3839 ἐν
764 3785 924 3855 ἁγίοις
959 3781 1232 3856 Γρηγόριος
1274 3780 1301 3835 6
1339 3782 1612 3841 ίπὶσκοπος
1653 3782 1863 3841 Νύσσης

280 3869 416 3922 κατά
449 3869 690 3935 Εὐνομίου
720 3869 770 3918 ὲν
802 3873 872 3933 τῷ
896 3871 1053 3940 τρίτῳ
1091 3865 1219 3937 λόγῳ
1251 3864 1411 3924 οὕτως
1442 3866 1601 3936 λέγει’
1636 3883 1655 3917 ε
1688 3873 1862 3922 Ταῦτα

280 3959 405 4029 περὶ
441 3958 527 4010 τὸν
570 3956 952 4030 ἐσταυρωμένον
998 3958 1144 4025 ἡμεῖς
1187 3958 1626 4027 πεπιστεύκαμεν
1662 3962 1743 4013 καί
1780 3958 1864 4014 διὰ

282 4050 439 4097 τοῦτο
484 4041 871 4118 ὗπερυψοῦντες
913 4045 1041 4098 κατά
1083 4044 1143 4098 -ιό
1187 4045 1426 4119 ἡμέτερον
1474 4044 1865 4117 τῆςδυνάμεως

285 4136 470 4208 μέτρον
504 4136 594 4187 οὐκ
639 4133 983 4204 ἀπολήγομεν,
1015 4132 1093 4189 ὃτι
1130 4134 1155 4188 6
1189 4133 1361 4204 μηδενὶ
1395 4137 1635 4209 χωρητός
1672 4136 1754 4192 διὰ
1778 4145 1866 4197 τὴν

284 4225 552 4298 ἄφραστον
573 4226 728 4280 αὐτοῦ
750 4229 837 4278 καί
852 4225 1128 4299 ἀπρόσιτον
1146 4227 1531 4297 μεγαλειότητα.
1552 4228 1677 4287 πλὴν
1699 4229 1868 4301 ἐαυτῷ

285 4322 373 4371 καί
398 4314 473 4387 τῷ
501 4320 679 4391 Πατρί,
704 4319 878 4386 καὶτῷ
904 4319 1155 4386 Πνεύματι
1177 4325 1249 4389 τῷ
1274 4317 1422 4389 ἁγίῳ,
1454 4315 1613 4379 οὗτος
1632 4322 1714 4374 καί
1738 4324 1867 4394 πρὸς

286 4409 543 4460 κοινωνίαν
571 4412 663 4464 τῆς
699 4406 961 4464 ἀσθενείας
1002 4408 1141 4463 ἡμῶν
1171 4407 1424 4460 κατελθεῖν
1458 4405 1701 4465 ἠδυνήθη·
1738 4408 1783 4462 οί
1812 4407 1863 4462 δὲ

1959 1982 2320 2037 interventum
2361 1980 2550 2033 anima:
2587 1979 2875 2049 Spiritualis
2912 1979 3050 2033 inter
3099 1978 3427 2035 divinitatem
3475 1986 3531 2035 et

1960 2074 2139 2130 carnis
2168 2072 2464 2127 crassitiem
2492 2072 2701 2126 medius
2742 2072 3063 2126 continetur.
3105 2072 3206 2137 Qui
3235 2071 3530 2142 locupletes

1959 2166 2095 2221 alios
2129 2164 2299 2229 ditat,
2344 2170 2662 2233 paupertate
2708 2161 2971 2217 afﬁcitur:
3012 2163 3186 2218 carnis
3214 2162 3354 2217 enim
3397 2178 3530 2217 meae

1958 2265 2325 2328 paupertatem
2369 2254 2568 2317 sumit,
2602 2261 2661 2307 ut
2688 2266 2788 2320 ego
2827 2253 3118 2307 divinitatis
3155 2253 3293 2308 illius
3321 2248 3531 2307 divitias

1955 2360 2271 2414 consequar.
2303 2343 2372 2397 Et
2398 2344 2489 2413 qui
2519 2342 2707 2412 plenus
2732 2351 2850 2408 est,
2874 2344 3185 2398 ‘exinanitur
3219 2356 3233 2398 :
3263 2359 3356 2397 sua
3386 2344 3529 2398 enim

1960 2437 2128 2505 gloria
2150 2435 2216 2488 ad
2236 2436 2399 2490 breve
2421 2443 2629 2501 tempus
2648 2434 2970 2499 exinanitur,
2995 2441 3054 2487 ut
3074 2447 3174 2501 ego
3191 2433 3533 2504 plenitudinis

1962 2526 2129 2594 ipsius
2156 2525 2425 2592 particeps
2451 2522 2670 2577 efﬁciar.
2711 2540 2730 2575 ε

2031 2615 2135 2669 Sed
2164 2623 2382 2668 sanctus
2419 2615 2582 2669 etiam
2628 2614 2951 2669 Athanasius
2991 2625 3265 2683 exponens
3291 2627 3354 2667 ea
3386 2613 3530 2682 Apo-

1959 2706 2082 2759 stoli
2114 2705 2273 2758 verba
2306 2722 2319 2756 :
2353 2701 2451 2768 Qui
2480 2720 2593 2757 cum
2627 2704 2683 2756 in
2715 2706 2881 2775 {arma
2928 2701 3022 2757 Dei
3063 2712 3221 2769 esset,
3252 2704 3532 2758 exinanirit

1960 2798 2281 2865 semetipsum
2309 2836 2325 2862 ,
2371 2798 2593 2866 formam
2632 2796 2761 2848 servi
2805 2795 3062 2864 accipiens
3101 2809 3119 2847 :
3158 2794 3272 2848 haec
3304 2794 3485 2847 scribit
3516 2812 3531 2847 :

1965 2905 1983 2938 ε
2016 2887 2149 2952 Quid
2187 2888 2291 2941 hoc
2318 2883 2513 2939 clarius
2540 2893 2634 2938 aut
2677 2883 2951 2953 probatius
2988 2897 3105 2937 esse
3137 2883 3380 2952 poterit?
3414 2881 3531 2935 Non

1959 2978 2102 3030 enim
2126 2990 2192 3028 ex
2214 2974 2484 3029 deteriore
2508 2973 2701 3026 melior
2744 2971 2915 3027 factus
2944 2980 3045 3036 est,
3070 2972 3163 3025 sed
3190 2972 3385 3041 potius,
3410 2986 3531 3026 cum

1958 3064 2099 3119 Deus
2125 3073 2290 3129 esset,
2321 3063 2460 3117 servi
2488 3062 2722 3132 speciem
2756 3061 3071 3130 assumpsit;
3103 3076 3276 3129 neque
3300 3062 3353 3115 in
3381 3076 3531 3115 assxh

1959 3155 2152 3210 mendo
2184 3154 2495 3209 melioratus
2522 3162 2636 3221 est,
2665 3151 2763 3206 sed
2791 3150 3084 3205 bumiliavit
3110 3151 3469 3218 semetipsum.
3511 3169 3529 3201 ε

1959 3247 2027 3300 Ει
2073 3255 2194 3315 post
2241 3260 2411 3312 pauca
2443 3262 2457 3297 :
2497 3262 2515 3294 ι
2553 3242 2693 3309 Quid
2722 3244 2826 3298 hoc
2853 3251 2937 3296 est
2966 3253 3172 3307 autem,
3202 3257 3361 3313 quam
3389 3258 3533 3308 eum,

1958 3337 2050 3407 qui
2103 3338 2158 3392 in
2221 3337 2390 3393 forma
2444 3334 2539 3390 Dei
2594 3343 2737 3390 esset
2787 3335 3084 3404 nobilisque
3129 3333 3301 3389 Patris
3350 3334 3533 3400 Filius,

1958 3431 2264 3485 humiliasse
2292 3431 2654 3499 semetipsum,
2683 3438 2739 3485 et
2763 3444 2976 3484 servum
3021 3445 3119 3500 pro
3156 3431 3310 3486 nobis
3337 3430 3535 3485 factum

1961 3518 2104 3574 esse?
2138 3539 2155 3571 ι
2192 3519 2501 3588 Rursusque
2528 3527 2649 3588 post
2680 3534 2850 3589 pauca
2883 3537 2896 3572 :
2935 3538 2953 3571 ε
2983 3519 3214 3575 Verbum
3243 3521 3385 3575 enim
3407 3535 3535 3574 cara

1961 3608 2163 3665 factum
2193 3618 2306 3673 est,
2336 3609 2639 3677 diciturque
2683 3619 2969 3680 propterea
2998 3610 3085 3665 hic
3114 3611 3277 3667 homo
3302 3611 3370 3667 de
3397 3614 3535 3667 οωιυ

1974 3697 2861 3770 οιοωιθειὶε,(ιυῑανεεδυιιιὶρευηι
2900 3700 2967 3754 de
3008 3700 3147 3756 casio
3179 3701 3474 3757 descendit.
3513 3723 3531 3754 ε

2035 3789 2262 3843 Sanctus
2300 3788 2504 3858 pariter
2538 3787 2826 3856 Gregorius
2866 3788 3146 3861 Nyssaanus
3175 3792 3226 3845 in
3259 3795 3414 3849 tertio
3444 3796 3533 3849 ad-

1962 3894 2149 3935 versus
2193 3877 2512 3933 Eunomium
2562 3878 2697 3933 libro
2742 3878 2955 3934 disserit
3000 3881 3051 3935 in
3085 3883 3227 3937 hunc
3273 3885 3534 3940 modum:

1970 3987 1989 4020 ε
2026 3967 2151 4023 ΠΈο
2199 3968 2299 4036 ipsi
2342 3967 2409 4022 de
2452 3966 2718 4022 Crucilixo
2757 3969 3077 4023 credidimus
3111 3989 3123 4023 :
3160 3971 3340 4041 itaque
3380 3972 3534 4041 juxta

1962 4058 2194 4128 proprio:
2221 4057 2434 4111 virtutis
2458 4072 2763 4111 mensuram
2794 4058 2965 4126 ipsum
2995 4060 3254 4115 extollere
3283 4077 3387 4115 non
3416 4076 3535 4116 ces-

1962 4166 2142 4206 samus
2169 4168 2181 4203 2
2211 4150 2353 4220 quod
2390 4150 2593 4205 scilicet
2619 4150 2688 4204 ob
2718 4150 3053 4217 ineffabilem,
3086 4154 3533 4211 inaccessibilem-

1962 4255 2067 4310 que
2094 4239 2535 4308 magniﬁcentiam
2565 4254 2714 4293 suam
2746 4240 2998 4296 indivisus
3023 4257 3053 4296 a
3082 4241 3239 4298 Patre
3267 4246 3447 4311 etiam,
3479 4259 3534 4303 et

1958 4344 1988 4383 a
2019 4329 2219 4399 Spiritu
2265 4338 2453 4384 sancto
2499 4329 2567 4383 ad
2610 4339 2805 4385 nostrae
2851 4329 3174 4389 inﬁrmitatis
3202 4337 3534 4390 communio-

1957 4434 2079 4473 nem
2109 4419 2363 4475 advenire
2408 4422 2642 4489 potuerit
2673 4438 2686 4472 :
2720 4421 2793 4475 illi
2819 4429 2995 4476 autem
3021 4462 3037 4486 ,
3070 4424 3123 4478 id
3162 4437 3534 4493 argumentum

285 4500 481 4556 ταύτην
509 4496 763 4561 ἀπόδειξιν
788 4506 879 4556 τῆς
906 4500 1036 4552 κατὰ
1068 4502 1158 4555 τήν
1187 4500 1334 4567 φύσιν
1364 4499 1748 4571 ἀλλοτριότητος
1776 4506 1861 4554 τοῦ

1961 4528 2077 4568 esse
2101 4522 2290 4569 natura
2330 4516 2697 4571 extraneitatis
2748 4517 2867 4573 Filii
2895 4535 2925 4573 a
2955 4518 3113 4575 Patre
3158 4523 3485 4578 constituunt
3516 4541 3530 4576 :

285 4587 409 4644 Ϊίοῦ
453 4590 586 4663 πρὸς
631 4590 719 4642 τὸν
749 4592 949 4664 Πατίρα
999 4594 1280 4653 ποιοῦνται,
1319 4592 1377 4644 τὸ
1432 4589 1513 4644 διὰ
1563 4593 1751 4665 σαρκὸς
1788 4596 1868 4645 καὶ

285 4685 523 4753 σταυροῦ
548 4680 995 4753 φανερωθῆναιντὸν
1020 4681 1220 4754 Κύριον*
1253 4683 1319 4740 ὡς
1336 4689 1425 4741 τῆς
1450 4684 1540 4752 μὲν
1559 4689 1648 4736 τοῦ
1678 4684 1868 4758 Harpe:

284 4766 491 4835 φῦσεως
537 4771 765 4841 καθαρῶς
812 4772 864 4823 ἰν
898 4771 1117 4843 ἀπαθείᾳ
1156 4769 1521 4841 διαμενούσης,
1572 4775 1654 4826 καί
1696 4771 1870 4844 μηδενί

285 4857 469 4933 τρόπῳ
506 4863 598 4917 τήν
625 4862 758 4935 πρὸς
785 4861 846 4915 τὸ
878 4859 1040 4918 ποίθος
1068 4865 1317 4917 κοινωνίαν
1353 4861 1685 4928 ἀναδέξασθαι
1720 4862 1870 4917 δυνά-

288 4955 464 5021 μὲνης.
494 4958 586 5006 τοῦ
613 4951 667 5007 δί
692 4954 818 5007 Υίοῦ
849 4950 931 5007 διὰ
959 4955 1018 5008 τὸ
1050 4953 1177 5028 πρὸς
1206 4954 1264 5009 τό
1288 4958 1653 5029 ταπεινὼτερον
1673 4957 1872 5030 παρηλ-

286 5044 485 5117 λάχθαι
525 5050 616 5105 τὴν
656 5048 828 5117 φύσιν,
872 5048 999 5120 πρὸς
1026 5048 1215 5119 σαρκός
1239 5068 1293 5101 τε
1326 5050 1409 5102 καί
1448 5050 1659 5102 θανάτου
1684 5058 1866 5122 πεῖραν

285 5139 382 5190 οὐκ
400 5136 771 5198 ἀδυνατοῦντος
793 5138 964 5193 ἐλθεῖν.
988 5158 1005 5189 ε
1023 5142 1115 5194 Καὶ
1135 5139 1238 5209 μεθ’
1257 5140 1428 5211 {super
1450 5158 1469 5189 ι
1491 5144 1579 5194 Διά
1600 5147 1751 5196 τοῦτο
1771 5145 1870 5214 γὰρ

288 5233 378 5285 καί
402 5226 496 5283 τοῦ
520 5233 710 5302 κυρίου
735 5237 828 5289 τῆς
843 5227 1003 5295 ’δόξης
1037 5229 1063 5285 6
1104 5232 1325 5305 σταυρὸς
1359 5232 1583 5302 λέγεται,
1615 5236 1697 5287 καί
1730 5239 1873 5287 πᾶσα

285 5322 505 5391 γλῶσσα
538 5320 938 5391 ἕξομολογιῖται,
978 5319 1056 5377 ὅτι
1081 5324 1264 5397 Κύριος
1297 5321 1495 5383 Ἰησοῦς
1538 5326 1753 5395 Χριστὸς
1798 5329 1870 5385 εἰς

287 5410 442 5479 δόξκν
485 5421 609 5469 Θεοῦ
649 5414 867 5489 Πατρός.
897 5417 953 5470 Εἰ
982 5412 1036 5469 δὲ
1067 5421 1178 5490 χρὴ
1213 5417 1298 5469 καί
1335 5418 1401 5471 τά
1444 5418 1595 5472 λοιπὰ
1628 5420 1760 5472 κατὰ
1790 5419 1873 5471 τόν

282 5506 439 5561 αὐτὸν
467 5505 645 5560 διελεῖν
670 5509 881 5579 τρόπον,
909 5506 1202 5578 σκεψόμεθα
1228 5508 1279 5562 τί
1304 5509 1360 5561 τὸ
1380 5509 1706 5570 ἀποθνῆσκον,
1727 5511 1873 5563 καὶτί

286 5590 350 5643 τό
376 5587 625 5640 καταλῦον
653 5589 739 5639 τόν
766 5587 995 5649 θάνατον,
1023 5590 1106 5641 καί
1142 5591 1194 5642 τί
1225 5591 1286 5644 τὸ
1315 5595 1748 5663 ἀνακαινούμενον,
1775 5600 1860 5650 καὶ

286 5676 343 5728 τί
368 5676 431 5730 τὸ
458 5676 769 5743 κινούμενον·
793 5680 1017 5730 κενοῦται
1039 5677 1128 5746 μὶν
1152 5678 1248 5752 γὰρ
1276 5680 1306 5737 ἠ
1330 5680 1523 5749 θεότης,
1541 5684 1623 5736 ’ἱνα
1648 5689 1861 5760 χωρητή

287 5775 355 5840 τῇ
376 5767 661 5841 ἀνθρωπίνῃ
689 5767 890 5837 γίνηται
915 5767 1080 5838 φύσιν
1113 5770 1461 5827 ἀνακαινοῦται
1501 5772 1554 5828 δέ
1583 5774 1639 5828 τὸ
1679 5778 1862 5848 ἀνθρὼ-

288 5874 434 5914 τηνον
461 5856 543 5912 διᾶ
571 5877 661 5916 της
692 5857 813 5931 πρὸς
838 5857 1039 5911 τὸθεῖον
1067 5859 1395 5933 ἀνακράσεως
1410 5865 1534 5916 θεῖον
1554 5865 1855 5937 γινόμενον.)

364 5950 454 6000 καί
480 5953 647 6000 ταῦτα
676 5948 760 6017 μὶν
781 5948 832 6000 ἐκ
856 5957 944 6009 τῆς
971 5948 1296 6013 διδασκαλίας
1328 5958 1423 6006 τῶν
1454 5952 1605 6018 ἁγίων
1628 5959 1857 6027 πατέρων

1963 4607 2276 4674 apparuisse
2302 4607 2550 4661 nimirum
2580 4608 2785 4664 aientes
2814 4609 3095 4666 Dominum
3122 4627 3219 4682 per
3241 4628 3459 4669 carnem
3477 4624 3537 4670 et

1962 4708 2197 4759 crucem,
2226 4695 2299 4748 ita
2329 4703 2387 4749 ut
2408 4704 2631 4764 paterna
2664 4706 2852 4753 natura
2883 4700 2936 4754 in
2957 4701 3382 4769 impassibilitate
3408 4719 3533 4773 per-

1962 4793 2230 4848 manente,
2273 4785 2527 4854 nullaque
2573 4788 2782 4844 ratione
2810 4791 3075 4861 passionis
3101 4797 3534 4850 communionem

1961 4874 2233 4944 suscipere
2263 4877 2504 4944 potenti,
2535 4877 2729 4945 Filius,
2762 4881 3173 4940 transformatus
3205 4886 3257 4940 iu
3285 4886 3535 4942 humilio-

1960 4977 2074 5016 rem
2101 4972 2365 5029 naturam,
2385 4980 2482 5035 per
2504 4981 2718 5022 carnem
2741 4978 2798 5024 et
2818 4982 3047 5027 mortem
3068 4975 3288 5030 minime
3308 4977 3533 5046 incapax

1961 5055 2225 5123 passionis
2253 5056 2548 5113 advenerit.
2578 5078 2597 5110 ι
2627 5059 2695 5113 Ει
2722 5071 2842 5130 post
2871 5065 2993 5130 alia,
3021 5066 3197 5121 subdit
3228 5086 3242 5120 :
3278 5087 3297 5120 ε
3330 5067 3533 5124 Idcirco

1962 5143 2125 5207 enim,
2149 5150 2203 5198 et
2233 5143 2438 5199 Domini
2465 5146 2647 5215 gloriae
2675 5165 2805 5204 crux
2833 5152 3044 5219 dicitur,
3074 5164 3129 5210 et
3156 5158 3330 5211 omnis
3354 5158 3532 5227 lingua

1964 5228 2244 5284 Dominum
2288 5229 2467 5287 Jesum
2504 5233 2770 5291 Christum
2796 5239 2848 5298 in
2895 5243 3062 5307 gloria
3092 5242 3184 5298 Dei
3216 5243 3389 5302 Patris
3414 5262 3532 5301 esse

1963 5318 2268 5373 confitetur.
2299 5319 2536 5389 Namque
2564 5324 2609 5376 si
2638 5335 2829 5380 cmtcra
2859 5332 3019 5382 etiam
3046 5331 3234 5386 eodem
3265 5335 3424 5389 modo
3452 5336 3533 5390 di—

1965 5409 2439 5479 videreoporteat,
2469 5415 2588 5481 quis
2614 5416 2685 5469 sit
2711 5416 2798 5472 ille
2824 5419 2912 5485 qui
2943 5429 3184 5475 mortuus
3212 5430 3297 5478 est
3324 5428 3532 5494 prospi-

1964 5498 2195 5568 ciemus,
2222 5502 2341 5570 quis
2368 5502 2457 5570 qui
2491 5512 2716 5559 mortem
2758 5506 3059 5563 dissolverit
3086 5528 3100 5563 :
3128 5518 3184 5565 et
3211 5513 3337 5581 quid
3365 5530 3530 5570 reno-

1964 5598 2144 5644 vatum
2167 5632 2183 5657 ,
2210 5593 2335 5662 quid
2366 5600 2542 5648 autem
2589 5597 2936 5651 exinanitum.
2987 5598 3300 5659 Exinanitur
3333 5607 3530 5675 quippe

1966 5681 2233 5749 divinitas,
2265 5692 2321 5737 ut
2348 5684 2690 5742 humanitatis
2714 5690 3058 5759 suscipienda:
3079 5707 3248 5764 capax
3279 5694 3403 5762 tiat;
3433 5698 3530 5752 hu.-

1969 5773 2197 5827 manitas
2241 5781 2419 5828 autem
2467 5784 2689 5847 propter
2748 5779 3178 5837 commixtionetn
3241 5784 3531 5843 divinitatis

1969 5863 2144 5917 divina
2176 5861 2363 5917 eil'ecta
2392 5874 2694 5921 renovatur.
2734 5887 2751 5920 ε

2039 5956 2209 6023 Atque
2236 5955 2347 6013 haec
2377 5972 2475 6014 nos
2511 5959 2722 6029 quidem
2760 5976 2827 6019 ex
2855 5972 3159 6020 sanctorum
3186 5963 3402 6026 Patrum
3428 5965 3529 6027 do-
