4148 6474
595 504 726 570 1071
1906 472 2337 541 JUSTINIAXI
2386 468 2536 528 IMP.
3718 444 3858 506 1072

585 637 888 702 ταθείκαμεν,
912 631 994 682 ἶνα
1039 632 1205 682 ταῦτα
1240 625 1599 675 κατανοοῦντες

586 732 727 796 ὑμῶν
752 723 1105 797 προτεθειμένα
1123 758 1137 783 ,
1162 718 1249 769 καί
1274 712 1538 787 ’Λρειανοί,
1577 709 1659 759 καί
1688 715 1854 773 Νεστο,
1880 698 2008 751 ιανοί
2036 694 2165 747 κατά

588 825 678 873 τοῦ
701 818 877 886 κυρίου
901 816 985 865 καί
1014 814 1139 865 Θεοῦ
1170 808 1306 877 ἡμῶν
1332 802 1501 859 Ἰησοῦ
1531 801 1751 872 Χριστοῦ
1779 794 2013 862 λέγουσιν
2038 788 2165 838 ἀσε-

591 908 713 968 ϐῶς.
735 906 792 959 Οἱ
820 906 909 973 μὶν
930 902 1028 974 γάρ
1050 898 1292 975 ’Δρειανοί
1316 889 1691 951 σπουδάζοντες
1715 882 1801 936 τὸν
1821 881 1926 933 υἱόν
1953 878 2169 943 κτίσμα,

590 1002 676 1054 καί
717 996 975 1068 ἀλλότριον
1015 999 1106 1049 τῆς
1146 992 1395 1062 πατρικῆς
1445 981 1617 1037 οὐσίας
1660 972 1953 1034 ἀποδεῖξαι,
1989 968 2074 1019 καί
2114 962 2173 1017 τό

591 1092 773 1153 πάθος,
788 1091 869 1142 καί
884 1091 947 1141 τὰ
968 1081 1092 1139 ἄλλα
1108 1086 1174 1137 τά
1199 1077 1409 1133 ταπεινά
1431 1083 1491 1147 τῇ
1513 1073 1709 1128 θεότητι
1732 1069 1882 1121 αὐτοῦ
1914 1061 2039 1133 μόνῃ
2055 1059 2175 1112 ἐπά-

593 1205 785 1257 γουσιν,
829 1180 874 1234 οί
904 1178 955 1234 δὲ
984 1174 1303 1249 Νεστοριανοὶ
1330 1169 1421 1223 δύο
1456 1166 1595 1222 υίοὺς
1624 1162 1837 1228 ε’σάγειν
1866 1153 2172 1226 βουλόμενοι,

595 1275 985 1349 κεχωρισμένως
1011 1270 1216 1338 λέγουσι
1244 1264 1329 1317 τόν
1357 1260 1475 1314 Θεὸν
1499 1256 1661 1325 λόγον,
1684 1254 1766 1304 καί
1786 1243 2176 1319 κεχωρισμένως

653 1332 694 1348 ι..
740 1332 750 1349 .
829 1332 837 1344 .
1073 1332 1084 1338 -

598 1371 684 1424 τὸν
714 1365 928 1440 Χριστὸν
966 1360 1106 1431 ψιλὸν
1146 1355 1425 1430 ἄνθρωπον,
1456 1350 1541 1402 καί
1568 1346 1699 1416 μόνῳ
1745 1349 1817 1411 τῷ
1847 1340 2089 1412 ἀνθρώπῳ
2116 1332 2181 1387 τὰ

601 1460 812 1515 ταπεινά
841 1456 1204 1524 ἀπονέμουσιν.
1244 1444 1366 1501 Ἀλλ’
1390 1444 1489 1510 οὑχ
1530 1439 1690 1494 οῗτως
1719 1434 1764 1486 οἰ
1793 1430 1924 1503 ἅγιοι
1963 1427 2183 1497 πατέρες

607 1550 948 1607 διδάσκουσιν·
982 1542 1097 1597 οὐδὲ
1141 1542 1239 1612 γὰρ
1272 1536 1355 1591 διά
1386 1536 1446 1587 τά
1490 1529 1705 1587 ταπεινά
1735 1528 1925 1599 τροπήν
1953 1520 2183 1590 λέγουσιν

606 1654 698 1703 τῆς
720 1650 815 1698 τοῦ
843 1640 956 1692 υἱοῦ
988 1637 1240 1694 θεότητος,
1274 1626 1383 1683 οὑδέ
1409 1624 1493 1680 διά
1524 1623 1587 1676 τά
1623 1618 1791 1689 ὑψηλά
1818 1614 2072 1687 διαιροῦσι
2098 1616 2184 1665 την

608 1729 972 1810 άνθρωπότητα
997 1735 1087 1784 τῆς
1114 1726 1367 1785 θεότητος,
1400 1717 1523 1771 ἀλλά
1550 1719 1639 1770 τοῦ
1671 1711 1776 1768 ἑνός
1806 1710 1888 1761 καί
1914 1709 2002 1757 τοῦ
2033 1704 2185 1756 αὑτοῦ

610 1830 901 1898 μονογενοῦς
940 1824 1067 1874 Θεοῦ
1107 1816 1257 1883 λόγου
1310 1805 1701 1878 σεσαρκωμένου
1749 1803 1829 1854 καὶ
1874 1796 2189 1865 ἐνανορωπή-

610 1880 667 1898 r’
716 1880 752 1898 ν,
881 1880 892 1883 -
1173 1880 1183 1883 -

610 1935 817 1978 σαντος,
846 1913 929 1965 καί
978 1910 1047 1963 τά
1095 1903 1289 1974 ὑψηλὰ,
1320 1900 1401 1953 καί
1443 1898 1511 1950 τά
1559 1890 1770 1948 ταπεινά
1812 1884 1935 1941 εἶναι
1973 1880 2189 1959 παραδι-

611 2007 805 2064 δόασιν.

679 2184 880 2244 Ἐπειδὴ
910 2182 962 2239 δὲ
990 2185 1073 2237 καί
1109 2184 1257 2235 τοῦτο
1281 2182 1391 2233 τοῖς
1420 2173 1684 2244 ὑμετέροις
1714 2165 2008 2220 ἐντεθείκατε
2049 2176 2196 2228 κεφα-

619 2280 775 2340 λαίοις
805 2279 857 2331 ἐκ
887 2284 978 2335 τῆς
1006 2274 1163 2331 αὐτῆς
1194 2265 1487 2327 ἐπιστολῆς,
1517 2260 1593 2316 ὅτι
1621 2259 1781 2317 καλῶς
1813 2250 1948 2308 εἶπεν
1982 2249 2071 2303 δύο
2109 2252 2202 2316 φέ-

622 2392 729 2431 σεις
751 2412 767 2435 ,
811 2371 926 2439 μίαν
976 2365 1241 2428 ἐξουσίαν,
1276 2358 1325 2410 ἒν
1366 2355 1672 2430 πρόσωπον,
1701 2349 1786 2401 καὶ
1822 2346 1868 2397 ἐν
1909 2342 2076 2408 τούτῳ
2113 2342 2203 2392 τήν

623 2465 862 2533 πονηρίαν
901 2466 993 2515 τοῦ
1022 2456 1311 2532 γράψαντος
1338 2455 1430 2507 την
1468 2444 1737 2500 ἐπιστολὴν
1778 2437 2120 2507 διελέγξωμεν.
2148 2428 2204 2483 Ὀ

626 2557 723 2629 γάρ
752 2559 818 2624 μη
847 2552 1098 2621 ὁμολογῶν
1117 2588 1131 2611 ,
1159 2544 1238 2598 ότι
1263 2540 1411 2599 αὑτὸς
1441 2532 1466 2589 ὁ
1494 2536 1614 2593 Θεὸς
1658 2532 1802 2601 λόγος
1848 2524 2122 2598 σαρκωΰείς
2152 2521 2207 2571 ἐκ

628 2657 718 2706 τῆς
742 2646 991 2719 παρῗὲνου
1021 2639 1418 2706 ἐνηνθρώπησεν,
1444 2633 1580 2686 τίνος
1608 2628 1701 2683 τὰς
1728 2623 1819 2677 δὺο
1847 2622 2021 2693 φύσεις
2049 2618 2207 2687 λέγεις

632 2737 771 2795 Ἀλλά
798 2735 1067 2811 πρόδηλον,
1095 2730 1176 2786 ὄτι
1202 2730 1315 2783 άντί
1338 2724 1626 2799 προσώπων
1652 2719 1745 2775 τάς
1776 2713 1867 2768 δύο
1896 2713 2068 2783 φύσεις
2094 2708 2213 2775 301p.-

636 2830 792 2890 Ca'mt,
818 2827 949 2879 κατά
976 2821 1240 2897 Νεστόριον
1281 2818 1367 2869 καί
1392 2810 1665 2886 Θεόδωρον,
1692 2805 1781 2865 οὖς
1808 2806 2005 2858 ἐπαινεῖ
2033 2801 2067 2857 ἡ
2092 2800 2214 2851 άσε-

637 2927 729 2986 εής
774 2926 902 2981 αὑτὴ
941 2918 1201 2975 ἐπιστολή.
1252 2916 1307 2968 Εἰ
1346 2913 1442 2985 γάρ
1478 2910 1560 2961 καί
1598 2903 1648 2958 ἓν
1687 2902 1980 2976 πρόσωπον,
2014 2898 2097 2948 καὶ
2130 2894 2216 2946 ἕνα

637 3017 689 3072 vi.
717 3039 743 3068 ν
781 3013 920 3069 δοκεῖ
954 3011 1112 3081 λέγειν
1160 3007 1190 3063 ἡ
1231 3000 1501 3058 ἐπιστολὴ.
1534 3002 1681 3050 τοῦτο
1716 2993 1798 3045 καί
1835 2984 2093 3061 Θεόδωρος
2134 2983 2218 3034 καί

638 3107 909 3178 Νεστόριος
956 3102 1043 3154 καί
1087 3098 1347 3168 λέγουσιν,
1373 3093 1458 3145 τὸν
1497 3085 1711 3163 Χριστόν
1760 3078 2020 3154 ἄνθρωπον
2066 3070 2218 3143 μόνον

640 3197 865 3268 λέγοντες
911 3194 1115 3261 ἐπέχειν
1159 3188 1217 3241 τὸ
1260 3182 1657 3258 πρόσωποντοῦ
1699 3177 1830 3228 Θεοῦ
1874 3168 2046 3239 λόγου,
2076 3162 2217 3232 ἔχειν

642 3293 729 3346 τὴν
759 3286 901 3348 ἀξίαν
940 3282 1021 3334 καί
1046 3284 1135 3336 τὴν
1159 3278 1307 3345 τιμήν
1331 3277 1417 3326 τοῦ
1448 3274 1574 3323 Θεοῦ
1611 3266 1790 3336 λόγου,
1822 3262 1903 3313 καί
1935 3263 2024 3314 τήν
2061 3254 2219 3326 χάριν

643 3387 735 3437 τῆς
780 3374 1058 3436 υἱοθεσίας,
1092 3370 1179 3422 καί
1213 3368 1282 3427 εἰς
1322 3363 1473 3417 τόπον
1502 3360 1655 3413 αὑτοῦ
1684 3350 2107 3425 προσκυνεῖσθαι,
2140 3346 2223 3396 καί

648 3471 732 3528 διά
754 3476 905 3524 τοῦτο
932 3467 1287 3537 ὑποκρίνονται
1324 3458 1480 3529 λέγειν
1506 3455 1593 3507 ἕνα
1628 3451 1735 3504 υἱὸν
1757 3450 1839 3501 καί
1873 3443 1921 3497 ἓν
1949 3442 2225 3517 πρόσωπον

652 3571 744 3621 τοῦ
773 3558 925 3631 λόγου
966 3559 1052 3611 καί
1077 3559 1164 3608 τοῦ
1196 3554 1442 3631 Χριστοῦ,
1467 3546 1818 3597 κοινωνοῦντος
1846 3535 1980 3605 μόνῳ
2017 3538 2089 3599 τῷ
2117 3528 2226 3581 ὀνό-

652 3674 775 3727 ματι
810 3658 901 3710 τῆς
945 3648 1174 3703 υίότητος
1195 3657 1207 3669 ⁸
1239 3646 1388 3694 τοῦτο
1418 3635 1470 3691 δέ
1510 3633 1758 3688 δείκνυται
1802 3632 2026 3698 φανερῶς
2051 3624 2104 3675 ἐκ
2138 3624 2227 3673 τοῦ

653 3744 808 3815 λέγειν
835 3746 925 3799 τήν
969 3735 1236 3794 ἐπιστολήν
1265 3737 1363 3784 τῶν
1404 3726 1494 3781 δύο
1524 3726 1720 3795 φύσεων
1747 3721 1866 3788 μίαν
1894 3714 2139 3778 ἐξουσίαν.
2166 3712 2232 3766 ὡς

657 3839 741 3891 καί
762 3836 911 3903 ὑμεῖς
938 3825 1217 3901 ἐγράψατε.
1262 3824 1361 3877 Μία
1386 3820 1485 3890 γάρ
1514 3815 1712 3879 ἐξουσία
1753 3812 1842 3863 οὑκ
1870 3808 1953 3860 ἐπί
1988 3801 2234 3873 διαφόρων

660 3927 878 4000 φύσεων,
901 3920 1002 3973 ἀλλ’
1048 3918 1132 3972 ἐπί
1154 3915 1398 3985 διαφόρων
1424 3909 1624 3978 λέγεται
1650 3902 1960 3977 προσώπων,
1994 3892 2121 3967 ὅπερ
2154 3892 2238 3944 ἐπί

662 4027 754 4078 τῆς
782 4016 925 4086 ἁγίας
955 4008 1157 4084 τριάδος
1187 4004 1540 4072 ὁμολογοῦμεν.
1567 3993 1714 4049 Ὀθεν
1740 3993 1825 4044 καί
1852 3988 1897 4041 οἱ
1924 3986 2057 4059 ἅγιοι
2084 3982 2239 4037 πατέ-

665 4126 752 4184 ρες
780 4102 1151 4172 ἀνεθεμάτισαν
1174 4097 1292 4153 τοὺς
1320 4092 1555 4163 λέγοντας
1584 4085 1713 4139 κατά
1742 4078 1987 4147 δύναμιν,
2016 4073 2045 4132 ἦ
2073 4074 2237 4135 ἀξίαν,

665 4164 678 4184 .
731 4164 741 4166 ε
923 4164 931 4172 .

664 4199 694 4256 ἣ
725 4196 1003 4255 αὑθεντίαν,
1026 4190 1055 4248 ἦ
1100 4189 1313 4257 σχέσιν,
1345 4182 1375 4241 ἧ
1403 4188 1558 4251 τιμήν
1605 4175 1829 4236 ἡνῶσθαι
1867 4176 1939 4241 τῷ
1985 4167 2114 4238 λόγῳ
2158 4164 2241 4217 τὸν

666 4286 946 4362 ἄνθρωπον,
978 4282 1064 4335 καί
1092 4283 1161 4349 μή
1190 4275 1550 4348 ὁμολογοῦντας
1586 4265 1687 4319 καθ’
1707 4262 1997 4317 ὑπόστασιν
2025 4265 2123 4311 τῶν
2154 4253 2244 4309 δύο

669 4380 864 4451 φύσεων
887 4377 976 4431 τὴν
1000 4370 1175 4424 ἕνωσιν
1205 4363 1213 4370 ’
1240 4361 1546 4434 γεγενῆσθαι.
1571 4353 1746 4413 Ὀπως
1785 4349 1839 4406 δὲ
1867 4351 1947 4402 καί
1972 4352 2124 4401 τοῦτο
2153 4344 2243 4417 ὀρ-

669 4473 767 4529 θῶς
811 4465 1067 4541 εἰρημένον
1109 4466 1219 4518 τοῖς
1261 4456 1420 4526 ἁγίοις
1466 4449 1697 4518 πατράσι
1730 4444 1850 4513 περί
1879 4439 2117 4512 διαφοράς
2147 4443 2246 4489 τῶν

672 4562 761 4614 δύο
782 4560 997 4631 φὺσεων,
1022 4552 1068 4606 oi
1088 4552 1152 4606 τὰ
1174 4549 1448 4619 Νεστορίου
1471 4540 1778 4604 δοξάζοντες,
1803 4530 1868 4585 ὧν
1893 4539 1984 4590 τῆς
2005 4529 2249 4584 ἀπιστίας

673 4618 909 4723 ἀρχηγός
944 4647 1056 4699 ἔστι
1095 4618 1372 4710 Θεόδωρος,
1396 4632 1595 4693 ἀσεϐῶς
1623 4624 2014 4695 ἐπιλαμϐάνουσι,
2042 4619 2132 4678 τάς
2162 4618 2251 4687 φὺ·

675 4762 782 4801 σεις
811 4740 923 4793 ἀντί
949 4735 1242 4810 προσώπων
1270 4729 1511 4799 λέγνντες,
1535 4722 1618 4774 καί
1642 4716 1929 4791 προσώπων
1957 4711 2086 4764 κατὰ
2122 4708 2253 4776 σχέο

675 4853 759 4887 σιν
808 4829 987 4884 ἕνωσιν
1043 4820 1440 4897 πρεσϐεύοντες,
1488 4811 1539 4865 ἓν
1582 4808 1855 4885 πρόσωπον
1909 4802 2252 4876 ὑποκρίνονται

680 4922 855 4994 λέγειν.
878 4917 1031 4978 αὐτὸς
1054 4914 1079 4969 ὁ
1103 4911 1295 4969 ἀσεϐὴς
1318 4905 1576 4980 Θεόδωρος
1598 4900 1840 4957 δείκνυσιν
1865 4897 1915 4949 ἐν
1935 4902 2006 4964 τῷ
2026 4891 2259 4966 τετάρτῳ

678 5012 805 5085 λόγῳ
832 5017 930 5066 τῶν
960 5000 1443 5073 κατάᾊπολιναρίου
1468 5002 1559 5051 τοῦ
1579 4993 1826 5067 αἰρετικοῦ
1848 4988 2048 5063 γράφων
2074 4983 2258 5041 οὕτως’

685 5125 706 5160 ε
727 5106 999 5175 Δύτάρκως
1030 5098 1092 5159 δή
1118 5099 1176 5154 τὸ
1202 5095 1431 5167 διάφορον
1458 5097 1556 5145 τῶν
1581 5090 1777 5160 φύσεων
1798 5085 1914 5153 ἡμῖν
1940 5076 2263 5133 ὑποδείκνυσι

682 5201 767 5257 διά
792 5200 1004 5255 τούτων·
1037 5192 1161 5264 εἴγε
1189 5192 1248 5246 τό
1290 5190 1380 5259 μὲν
1411 5184 1762 5242 ἐκπλήττεται,
1789 5178 1857 5235 ὡς
1896 5171 1959 5228 δι’
1985 5169 2264 5246 ὑπερϐολήν

685 5291 1054 5363 φιλανθρωπίας
1092 5285 1343 5355 ἑλόμενον,
1372 5282 1567 5350 μνήμην
1607 5293 1661 5330 τε
1706 5272 1792 5325 καί
1824 5264 2091 5335 ἐπίσκεψιν
2119 5265 2267 5318 ποιή-

688 5384 880 5439 σασθαι
907 5386 997 5434 τοῦ
1040 5377 1203 5435 οὕτως
1229 5372 1479 5429 εὐτελοῦς·
1512 5367 1601 5423 τὸν
1642 5361 1696 5418 δὲ
1726 5357 2038 5434 μακαριστόν
2074 5357 2267 5427 ἡγεῖται

690 5480 757 5537 ὡς
779 5475 1015 5531 τοιοὺτων
1037 5468 1320 5539 ἠξιωμένων
1351 5460 1504 5533 (Sic).
1532 5457 1674 5513 ’Δλλά
1703 5455 1799 5528 γὰρ
1825 5449 1962 5504 οὑτω
1990 5450 2080 5517 μὲν
2103 5448 2191 5502 τήν
2215 5464 2265 5498 τε

689 5570 937 5643 διαίρεσιν
959 5571 1059 5619 τῶν
1080 5564 1277 5634 φύσεων
1299 5563 1518 5611 ποιεῖται
1535 5593 1547 5615 ,
1572 5551 1655 5603 καί
1679 5550 1773 5617 μὴν
1797 5545 1882 5596 καί
1908 5543 1997 5596 τὴν
2026 5535 2268 5607 διαφορὰν

694 5668 783 5720 τῆς
810 5677 867 5714 τε
893 5661 985 5713 τοῦ
1020 5653 1261 5710 λαϐόντος
1307 5649 1504 5720 φύσεως
1525 5644 1609 5695 καί
1634 5646 1725 5697 τῆς
1754 5640 1845 5690 τοῦ
1867 5631 2129 5703 ληφθέντος
2157 5628 2272 5693 ἡμῖν

694 5747 1046 5805 ὑποδείκνυσιν
1075 5746 1105 5802 ἡ
1138 5744 1246 5796 θεία
1274 5740 1455 5815 γραφή’
1497 5734 1833 5809 φροντίζουσα
1871 5722 1925 5779 δὲ
1965 5726 2059 5775 τοῦ
2083 5720 2165 5771 καί
2186 5721 2274 5772 τήν

699 5840 875 5893 ²νωσεν
920 5839 1035 5905 ἡμῖν
1079 5831 1465 5893 ὑποδεικνύναι,
1503 5828 1622 5893 ἣτῷ
1650 5820 1873 5890 ληφθέντι
1914 5811 2270 5887 προσγέγονεν,

708 5930 833 5995 ιίγει
863 5926 1095 5984 πολλάκις
1121 5922 1224 5977 καθ’
1248 5922 1428 5976 ἕνωσιν
1452 5918 1517 5972 τά
1541 5914 1760 5985 ἑκάτερα
1795 5914 1893 5963 τῶν
1920 5905 2114 5976 φὺσεων
2140 5896 2274 5952 ἰδια-

708 6020 893 6081 ζέντως
933 6015 1060 6086 πρὸς
1105 6011 1247 6074 ὄντα,
1275 6014 1340 6071 ὡς
1368 6005 1425 6064 ἂν
1454 6012 1542 6066 τὴν
1567 6002 1695 6074 πρὸς
1733 5996 1818 6052 τὸν
1844 5989 2061 6052 λαϐόντα
2098 5989 2276 6043 ἕνωσιν

2269 862 2751 932 Cbristumimpie
2816 852 3087 911 sustineri.
3157 843 3339 901 Ariani
3392 838 3601 896 scilicet
3668 830 3862 886 Filiqu

2272 969 2577 1016 creaturam
2608 967 2727 1007 esse
2755 961 2914 1017 atque
2944 951 3259 995 extraneum
3289 950 3319 986 a
3350 940 3577 1001 paterna
3601 923 3862 977 substan-
3899 934 3907 963 2

2276 1055 2346 1107 tia
2378 1052 2746 1106 demonstrare
2796 1036 2974 1094 conati
3000 1074 3017 1099 ,
3061 1030 3369 1101 passionem
3408 1022 3526 1088 ejus
3560 1024 3867 1080 czeteraque

2277 1142 2496 1198 humilia
2546 1138 2646 1191 soli
2678 1133 2915 1186 tribuunt
2961 1118 3257 1180 divinitati;
3310 1107 3619 1167 Nestoriani
3656 1109 3867 1164 contra,

2277 1236 2368 1303 qui
2397 1234 2531 1287 duos
2580 1226 2831 1283 invehere
2878 1218 3015 1271 ﬁlios
3061 1213 3320 1271 nituntur,
3369 1200 3665 1273 separatim
3703 1196 3868 1249 Deum

2285 1322 2544 1386 Verbum,
2573 1313 2967 1385 separatimque
3003 1317 3195 1375 purum
3228 1297 3499 1352 hominem
3529 1289 3870 1361 proﬁtentur,

2282 1374 3033 1484 qumque'addiumilit—atem
3076 1391 3351 1463 pertinent
3418 1378 3694 1453 passionis
3757 1374 3876 1429 solo

2288 1465 2396 1484 1w
2424 1465 2436 1481 .

2286 1501 2488 1558 homini
2518 1491 2868 1564 adjudicanda
2897 1502 3015 1542 esse
3044 1484 3358 1538 decernunt.
3386 1474 3592 1528 Verum
3624 1484 3734 1523 non
3763 1465 3875 1520 tunc

2288 1612 2317 1648 a
2345 1591 2544 1647 sanctis
2570 1585 2819 1641 Patribus
2844 1581 3103 1634 docemur
3134 1590 3147 1623 :
3178 1582 3355 1637 neque
3384 1564 3530 1618 enim
3557 1577 3623 1615 ex
3650 1559 3734 1614 his
3761 1569 3877 1626 quae

2289 1683 2519 1739 demisse
2547 1680 2688 1733 dicta
2714 1682 2839 1729 sunt
2866 1666 3160 1726 divinitatis
3189 1661 3308 1717 Filii
3342 1656 3759 1712 conversionem
3789 1649 3880 1702 ad-

2292 1776 2528 1833 mittunt,
2558 1762 3012 1837 quemadmodum
3044 1770 3216 1825 neque
3244 1769 3309 1808 ex
3339 1747 3663 1804 sublimibus
3687 1740 3877 1798 divini-

2293 1872 2459 1919 tatem
2488 1835 2734 1915 dividunt
2757 1856 2823 1909 ab
2852 1852 3205 1910 humanitate,
3232 1842 3322 1898 sed
3348 1841 3414 1894 de
3440 1853 3552 1892 uno
3582 1835 3876 1899 eodemque

2228 1964 2268 2023 ιι
2298 1955 2407 2008 Deo
2438 1951 2615 2005 Verbo
2644 1949 2921 2002 incarnato
2972 1938 3297 2004 homineque
3328 1932 3471 1985 facto
3501 1936 3613 1982 tam
3639 1921 3883 1980 sublimia

2296 2059 2457 2114 quam
2485 2039 2704 2095 humilia
2733 2036 2875 2090 dicta
2907 2047 3025 2087 esse
3057 2027 3407 2083 tradiderunt.

2372 2131 2504 2186 Cum
2534 2136 2714 2182 autem
2764 2124 2816 2177 in
2845 2120 3037 2175 vestris
3080 2116 3267 2171 iisdem
3313 2110 3585 2180 capitibus
3612 2106 3717 2160 hoc
3743 2098 3883 2169 adje-

2302 2224 2481 2279 ceritis
2506 2221 2667 2273 etiam
2694 2257 2711 2284 ,
2740 2230 2807 2269 ει
2845 2211 3030 2267 eadem
3060 2208 3310 2261 haustum
3342 2199 3572 2271 epistola
3598 2237 3613 2261 ,
3643 2201 3789 2250 recte
3816 2189 3883 2246 ibi

2304 2317 2435 2369 duas
2464 2320 2680 2365 naturas
2699 2347 2712 2372 ,
2745 2304 2959 2359 unicam
2991 2306 3171 2352 autem
3201 2306 3522 2364 personam,
3555 2287 3761 2342 unicam
3789 2296 3884 2352 po-

2307 2410 2555 2457 testatem
2584 2398 2716 2461 dici,
2746 2394 2883 2449 circa
2932 2389 3162 2458 idipsum
3197 2396 3411 2454 quoque
3446 2380 3589 2433 illius
3616 2371 3884 2443 scriptori;

2309 2502 2643 2569 impietatem
2683 2506 2861 2564 operte
2905 2487 3136 2558 pretium
3166 2483 3269 2538 erit
3296 2481 3576 2548 detegere.
3626 2474 3724 2541 Qui
3752 2471 3883 2526 enim

2311 2616 2416 2653 ιιυιι
2447 2592 2733 2650 conﬁtetur
2776 2589 2942 2641 Deum
2971 2583 3205 2638 Verbum
3243 2578 3584 2632 iucarnatum
3622 2588 3691 2627 ex
3730 2568 3884 2623 Maria

2313 2689 2569 2755 Virgine,
2614 2689 2668 2737 et
2695 2678 2965 2734 hominem
3009 2671 3204 2726 factum
3246 2682 3398 2733 esse,
3453 2664 3729 2734 cuiusnam
3770 2657 3887 2713 dicit

2311 2782 2444 2835 duas
2488 2790 2607 2831 esse
2650 2768 2909 2827 naturas?
2959 2764 3065 2820 Sed
3112 2770 3268 2834 patet
3312 2760 3491 2829 ipsum
3528 2757 3660 2810 duas
3687 2760 3888 2808 naturas

2320 2867 2439 2921 loco
2471 2876 2825 2934 personarum
2868 2858 3177 2919 admittere,
3217 2850 3464 2906 Nestorii
3515 2840 3887 2908 Theodorique

2325 2972 2513 3021 sensu,
2536 2968 2672 3022 quos
2692 2949 2922 3004 summis
2946 2946 3199 3001 laudibus
3222 2939 3585 2998 exsecrabilis
3605 2950 3665 2989 ea
3690 2931 3891 2988 extollit

2318 3048 2562 3120 epistola.
2600 3044 2658 3100 Si
2693 3042 2837 3097 enim
2884 3036 3096 3092 unicam
3125 3043 3410 3105 personam
3459 3025 3776 3087 unicumque
3804 3014 3885 3068 Fi-

2319 3105 2448 3195 lilum
2476 3136 2712 3191 indicare
2737 3132 2946 3185 videtur
2984 3122 3233 3195 epistola,
3265 3120 3367 3173 hac
3410 3112 3669 3184 loquendi
3696 3105 3889 3161 ratione

2323 3231 2404 3286 usi
2431 3236 2556 3284 sunt
2582 3222 2862 3280 Nestorius
2887 3192 3049 3272 etiam
3078 3224 3131 3268 et
3160 3208 3499 3269 Theodorus,
3530 3204 3731 3257 aientes
3753 3192 3893 3249 Chri-

2329 3426 2472 3476 nam,
2496 3380 2800 3473 babereque
2819 3401 2914 3455 Dei
2931 3397 3091 3452 Verbi
3113 3396 3371 3449 honorem
3394 3397 3560 3456 atque
3580 3380 3896 3450 dignitatem,

2330 3508 2661 3578 gratiamque
2707 3496 3010 3570 adoptionis
3057 3501 3319 3564 praeterea
3351 3529 3366 3553 ,
3416 3494 3583 3554 atque
3634 3480 3744 3547 ejus
3789 3472 3902 3527 loco

2334 3597 2579 3662 adorari;
2613 3590 2963 3663 quamobrem
2988 3600 3047 3640 se
3077 3583 3291 3637 unicqu
3345 3577 3539 3631 Filium
3597 3570 3900 3630 unicamque

2335 3689 2531 3746 Christi
2563 3696 2852 3756 personam
2882 3679 3059 3733 dicere
3087 3672 3358 3733 simulant,
3390 3668 3511 3721 solo
3540 3657 3900 3719 convenientes
3924 3692 3929 3697 .

2340 3780 2615 3837 liliationis
2659 3774 2876 3831 nomine
2900 3813 2916 3838 ,
2955 3768 3097 3837 quod
3136 3762 3414 3818 manifeste
3446 3774 3515 3812 ex
3540 3749 3900 3810 sententiarum

2340 3874 2498 3929 modo
2522 3912 2537 3937 ,
2568 3867 2661 3939 qui
2740 3866 2795 3919 in
2825 3859 3051 3932 epistola
3098 3854 3380 3909 adhibetur
3404 3890 3419 3914 ,
3465 3843 3728 3911 colligitur
3748 3878 3763 3903 ,
3807 3844 3907 3901 quo

2339 3964 2532 4017 dicitur
2583 3955 2810 4025 duplicis
2873 3959 3076 4004 natura:
3133 3944 3342 3998 unicam
3397 3953 3520 3992 esse
3568 3933 3902 4003 potestatem,

2341 4046 2787 4124 quemadmodum
2833 4042 3033 4112 parizer
3075 4052 3171 4090 vos
3222 4032 3322 4101 ipsi
3376 4024 3687 4097 scripsistis.
3751 4012 3903 4071 Unica

3379 4122 3385 4124 _
3670 4115 3677 4121 ,
3821 4098 3901 4124 η,

2344 4098 2621 4124 vum-"ww
2636 4098 2653 4101 -
2672 4098 2680 4100 ~
2836 4098 2851 4112 ι
3245 4098 3257 4101 -

2344 4156 2537 4212 nempe
2598 4145 2835 4208 potestas
2897 4147 3004 4185 non
3063 4128 3132 4182 de
3196 4122 3421 4179 diversis
3509 4115 3744 4173 naturTs,
3819 4098 3904 4157 θεοί

2344 4190 2534 4212 ..νητν
2712 4190 2717 4191 ,

2342 4236 2409 4289 de
2489 4228 2712 4285 diversis
2802 4220 3045 4294 personis
3119 4216 3343 4280 dicitur,
3405 4207 3548 4280 quod
3634 4201 3788 4255 etiam
3855 4190 3909 4243 iit

2345 4333 2529 4381 sancta
2599 4319 2861 4373 Trinitate
2937 4308 3273 4380 agnoscimus
3358 4312 3521 4369 atque
3588 4288 3905 4348 conﬁtemur.

2348 4413 2707 4484 Quamobrem
2788 4406 2884 4460 SS.
2947 4403 3132 4455 Patres
3205 4396 3489 4449 anathema
3558 4383 3798 4441 dixerunt
3853 4370 3908 4423 iiﬁ

2349 4507 2437 4575 qui
2487 4501 2814 4557 afﬁrmarent.
2864 4494 3133 4549 hominem
3182 4488 3291 4541 Deo
3344 4482 3522 4539 Verbo
3571 4474 3767 4527 unitum
3804 4472 3909 4515 esse

2352 4594 2645 4654 secundum
2682 4589 3012 4661 potentiam,
3050 4582 3134 4636 vel
3169 4584 3517 4649 potestatem,
3551 4566 3631 4621 vel
3660 4557 3907 4661 habitum,

2353 4638 2645 4654 eumn.-."
2684 4638 2955 4661 νηπίη
2998 4638 3009 4648 ,
3171 4638 3183 4649 _

2284 4678 2327 4731 Ῐ)
2356 4690 2441 4745 εει
2467 4686 2811 4755 dignitatem;
2844 4692 3020 4748 neque
3052 4674 3307 4729 unionem
3332 4667 3525 4720 factam
3546 4652 3732 4714 essein
3753 4638 3911 4711 dupl-

3576 4736 3915 4816 Quemadmoc

3632 4836 3820 4893 atribus
3841 4828 3914 4875 est

2358 4784 2434 4839 eis
2462 4789 2665 4835 natura:
2695 4778 2851 4831 unica
2873 4766 3211 4829 subsistentia
3233 4762 3544 4817 faterentur.

2361 4882 2486 4936 dum
2513 4872 2656 4946 quod
2683 4870 2888 4942 pariter
2913 4870 3062 4919 recte
3084 4860 3282 4913 dictum
3312 4869 3343 4908 a
3371 4847 3569 4906 sanctis
3590 4841 3628 4894 P

2361 4971 2429 5025 de
2453 4936 2908 5036 duplicis-natura:
2934 4950 3262 5013 discrimine,
3284 4945 3336 5000 id
3364 4936 3591 4998 Nestorii
3612 4945 3669 4986 se

2366 5027 2653 5114 Theodoro
2682 5046 3013 5107 inﬁdelitatis
3036 5040 3193 5101 duce,
3214 5033 3377 5105 impie
3398 5027 3690 5087 assumunt,

2368 5153 2488 5207 loco
2506 5155 2856 5219 personarum
2877 5136 3243 5197 nominantes,
3258 5136 3312 5184 et
3332 5123 3673 5195 personarum

2368 5245 2472 5297 lem
2498 5240 2747 5293 unionem
2768 5234 3107 5289 venerantes,
3130 5230 3189 5277 ut
3209 5232 3368 5274 unam
3388 5208 3637 5268 simulent
3655 5209 3719 5268 pe

2369 5351 2429 5392 se
2473 5290 2672 5389 dicere.
2714 5325 2914 5395 impius
2958 5321 3072 5389 ipse
3120 5316 3171 5369 id
3221 5306 3457 5366 ostendit
3502 5290 3833 5353 Theodorus,

3672 4927 3888 4981 ctatorcs
3898 4948 3912 4972 ν

3717 5014 3915 5067 naturas

3694 5098 3916 5159 ιιεὼίιυοο

3721 5194 3913 5246 τεοιινίιι

3869 5286 3914 5323 ΙΙΙ

2372 5618 2602 5671 scrimcn
2631 5606 2950 5669 ostenditur,
2980 5615 3077 5671 per
3104 5598 3217 5650 hazc
3257 5604 3372 5660 qua:
3404 5573 3667 5671 proposita
3694 5573 3890 5671 suum:

2374 5642 2602 5671 SCI'IHIL‘II
2631 5642 2950 5669 υδιιῐιιυηυι,
2984 5642 3067 5671 liv:
3104 5642 3217 5650 -.ν-ν-
3266 5642 3289 5660 γι
3304 5642 3342 5644 ω
3404 5642 3420 5655 ⁸
3504 5642 3517 5649 _
3793 5644 3803 5655 .
3880 5642 3889 5644 7

2374 5707 2588 5778 quidem
2635 5702 2741 5755 hoc
2788 5692 3143 5752 concluditur,
3174 5693 3425 5751 tanquam
3473 5681 3565 5741 per
3605 5642 3916 5778 Ιιειιίῧςιηίεῗ

3467 5772 3479 5778 -
3521 5760 3586 5778 νξΑ
3615 5756 3780 5778 ηιιιὶὶη.

2374 5729 2588 5778 (μιιυυιιι
2638 5729 2741 5755 ιιυυ
2788 5729 3143 5752 ιιυιιυιυυηυιι,
3176 5729 3400 5751 ..η--.ι-..-κ
3474 5729 3488 5741 ι

2373 5790 2917 5868 superabundautiam
2947 5783 3246 5839 institutum
3284 5786 3405 5829 esse
3430 5772 3486 5820 ut
3513 5760 3590 5815 sic
3615 5729 3915 5868 Stllllpuo'r:

3209 5866 3227 5868 -
3401 5859 3412 5868 -
3480 5844 3748 5868 ,ns--:mnnl
3773 5840 3804 5868 υ

2376 5888 2534 5942 minis
2560 5879 2819 5947 memoria
2848 5883 2904 5930 et
2932 5869 3170 5928 visitatio
3201 5866 3370 5925 ﬁeret,

3401 5844 3748 5911 beatissimum
3773 5824 3916 5911 P971":

2378 5896 2534 5942 minus
2560 5896 2819 5947 memoria
2848 5896 2904 5930 et
2932 5896 3170 5928 vrsnuuu
3201 5896 3370 5925 ιιυιω,
3403 5896 3587 5911 μνη---
3771 5917 3781 5927 ⁸
3888 5896 3913 5951 J

2378 5980 2736 6037 existimatur,
2758 5966 2926 6025 veluti
2948 5963 3133 6021 talium
3151 5971 3311 6015 causa
3340 5940 3693 6017 dignationum
3712 5900 3880 5992 (διώ-Ι
