4148 6444
308 411 455 477 1073

1111 410 1476 471 EPISTOLA
1516 414 1915 476 ADVERSUS
1952 414 2432 475 TIIEODORUM
2470 414 2885 475 MOPSUEST.

3446 429 3581 494 1074

291 540 399 589 τοῦ
422 534 685 604 ληφθέντος
714 534 829 606 ὑμῖν
854 532 1281 607 παραδηλώσειεν,
1316 531 1418 587 ὅσα
1442 554 1495 588 τε
1526 534 1693 605 τούτῳ
1722 533 1773 586 ἔκ
1795 539 1885 591 τῆς

1991 531 2163 599 ipsum
2186 539 2362 583 autem
2390 541 2699 583 naturarum
2727 530 3117 587 distinctionem
3148 535 3403 603 ostendit,
3423 542 3570 606 quod

288 627 430 701 πρὸς
467 634 646 679 εκεῖνον
671 628 866 697 γέγονεν
886 628 1174 697 συναφείας.
1190 623 1589 690 ε’Λποδείξαντες
1614 628 1777 682 τοίνυν
1798 626 1886 681 τόν

288 714 537 775 δυσσεϐῆ
566 715 824 786 Θεόδωρον
851 718 944 777 τὰς
973 718 1148 788 φύσεις
1192 718 1303 770 ἀντὶ
1336 720 1630 792 προσώπων
1656 716 1886 788 λέγοντα,

292 806 331 862 ἕ
332 829 391 863 τι
416 813 623 878 μείζονα
660 809 1031 883 προαγάγωμεν
1064 810 1214 861 αὐτοῦ
1250 808 1568 879 βλασφημίαν
1594 805 1891 878 διελέγχου-

292 918 408 951 om
434 900 611 962 αὐτόν,
641 900 784 952 ποίαν
818 896 947 971 λέγει
980 904 1071 957 τήν
1098 899 1275 953 ἕνωσιν
1310 899 1440 974 πρὸς
1467 900 1761 972 κατάκρισιν
1789 904 1888 953 τῶν

292 989 629 1045 ἀδικούντων
670 989 844 1043 αὐτόν.
876 990 953 1042 Ἐν
976 990 1072 1063 γάρ
1102 997 1174 1059 τῷ
1199 993 1319 1061 περί
1357 990 1775 1063 ἕνανθρωπήσεως
1804 991 1889 1060 ὀγ-

288 1083 404 1153 δόῳ
439 1083 570 1154 λόγῳ
597 1083 731 1136 οὕτω
760 1083 911 1151 λέγει·
944 1099 964 1131 ι
999 1081 1240 1149 Πρόδηλον
1271 1079 1323 1135 δέ
1349 1084 1417 1140 ὡς
1447 1083 1504 1134 τό
1539 1089 1631 1141 τῆς
1665 1080 1889 1140 ἐνώσεως

291 1173 605 1245 ἐφαρμόζει·
639 1170 725 1226 διά
767 1172 865 1245 γὰρ
908 1174 1101 1231 ταύτης
1142 1172 1479 1239 συναχθεῖσαι
1526 1172 1580 1225 αί
1615 1174 1812 1242 φύσεις,
1838 1170 1888 1224 ἓν

290 1264 577 1337 πρόσωπον
624 1262 757 1315 κατά
795 1265 886 1318 τήν
923 1261 1104 1316 ἕνωσιν
1142 1262 1479 1316 ἀπετέλεσαν
1514 1263 1583 1321 ὥς
1609 1282 1663 1315 τε
1704 1259 1833 1336 ὅπερ
1862 1260 1888 1314 ὁ

290 1354 479 1420 κύριος
507 1352 590 1405 ἐπί
631 1371 685 1405 τε
725 1357 814 1407 τοῦ
842 1348 1023 1424 ἀνδρὸς
1050 1353 1134 1403 καὶ
1161 1359 1253 1410 τῆς
1280 1352 1510 1421 γυναικός
1537 1372 1708 1422 φησιν,
1736 1353 1804 1411 ὧς·
1832 1372 1887 1407 τε

295 1442 483 1493 οὐκέτι
511 1442 637 1493 εἰσὶν
662 1438 778 1504 δύο,
808 1440 932 1495 ἀλλά
961 1441 1089 1510 σὰρξ
1114 1441 1225 1511 μία,
1259 1438 1482 1510 εἴποιμεν
1526 1436 1586 1494 ἀν
1629 1446 1713 1495 καὶ
1747 1443 1889 1510 ἡμεῖς

291 1530 511 1589 εἰκότως
548 1532 677 1584 κατά
700 1532 785 1584 τόν
813 1538 904 1590 τῆς
945 1531 1172 1594 ἑνώσεως
1200 1528 1367 1603 λόγον,
1395 1533 1462 1591 ὥς
1491 1552 1546 1586 τε
1574 1534 1738 1588 οὐκέτι
1766 1536 1888 1588 εἰσίν

288 1617 397 1671 δύο
438 1617 716 1691 πρόσωπα,
741 1618 846 1672 ἀλλ’
879 1617 951 1681 ἓν,
990 1617 1210 1677 δηλονότι
1263 1626 1362 1673 τῶν
1390 1622 1589 1692 φύσεων
1636 1619 1890 1695 διακεκρι-

288 1711 489 1778 μένων.
518 1705 717 1782 Ὠσπερ
769 1712 869 1784 γάρ
908 1712 1013 1764 ἐκεῖ
1053 1712 1110 1764 οὗ
1148 1711 1438 1780 λυμαίνεται
1472 1720 1544 1783 τῷ
1575 1714 1770 1786 ἀριθμῷ
1797 1722 1890 1772 τῆς

288 1795 497 1857 δυάδος
527 1801 585 1852 τό
621 1804 739 1869 μίαν
773 1800 1002 1870 λέγεσθαι
1045 1806 1136 1859 τὴν
1164 1806 1329 1874 σάρκα
1360 1800 1625 1877 (πρόδηλον
1650 1809 1746 1878 γὰρ
1768 1802 1888 1856 καθὸ

1988 619 2201 686 quidem
2226 620 2484 673 sumentis
2512 622 2816 690 sumptique
2846 630 3047 676 natura:
3075 623 3361 680 discrimen
3386 625 3566 682 divina

1990 709 2103 778 ipsa
2132 710 2285 764 nobis
2330 710 2563 763 ostendit
2606 710 2904 780 Scriptura.
2954 711 3195 769 lndicare
3222 715 3421 786 quippe
3444 730 3566 773 eam

1988 799 2245 879 unitatem
2273 801 2459 854 volens
2484 816 2602 869 qua:
2642 801 2708 855 ad
2749 802 2801 855 id
2828 803 2972 871 quod
2998 813 3267 875 sumptum
3294 814 3377 861 est
3401 808 3567 877 perti-

1990 900 2102 955 net,
2133 890 2263 946 dicit
2284 908 2380 962 per
2402 894 2656 948 unitatem
2679 894 2792 949 sive
2812 896 3063 950 unionem
3078 903 3331 965 utrasque
3349 907 3566 956 naturas

1988 982 2085 1035 sibi
2118 982 2303 1035 fecisse
2332 984 2609 1051 proprias;
2634 984 2707 1037 ita
2729 992 2807 1051 ut,
2831 999 2981 1053 asque
3009 985 3123 1052 ejus
3151 987 3240 1055 qui
3272 998 3567 1058 eratatque

1986 1072 2211 1141 sumpsit
2232 1086 2294 1128 ac
2314 1074 2429 1140 ejus
2447 1074 2536 1142 qui
2552 1082 2793 1143 sumptus
2815 1083 2898 1129 est
2918 1075 3069 1131 nobis
3090 1079 3379 1131 ostenderit
3394 1082 3567 1135 unita-

1990 1181 2117 1239 tem,
2143 1188 2262 1241 quae
2284 1188 2348 1227 ex
2373 1171 2509 1227 facta
2541 1189 2661 1227 cum
2685 1174 2800 1243 ipso
2820 1175 3199 1243 conjunctione
3227 1180 3510 1245 processit.
3541 1198 3561 1231 ε

2059 1266 2192 1321 Cum
2238 1266 2416 1334 itaque
2454 1265 2877 1320 demonstratum
2926 1266 3224 1325 luculenter
3249 1269 3319 1323 sit
3347 1270 3565 1339 impium

1988 1353 2331 1409 Theodorum
2370 1364 2574 1409 natura:
2613 1370 2808 1409 nomen
2844 1370 2944 1425 pro
2983 1372 3214 1426 persona
3259 1375 3569 1431 usurpasse,

1986 1444 2311 1498 deteriorem
2340 1445 2511 1498 adhuc
2538 1443 2654 1513 ejus
2700 1444 3088 1514 blasphemiam
3127 1448 3465 1517 proferemus
3511 1452 3571 1506 in

1987 1534 2240 1599 medium,
2269 1549 2376 1603 qua
2404 1534 2581 1601 docet,
2612 1534 2742 1603 quid
2768 1537 2882 1605 ipse
2911 1537 3129 1592 unitatis
3158 1539 3377 1594 nomine
3405 1541 3564 1596 intel-

1989 1624 2154 1691 ligat,
2186 1632 2245 1677 ut
2271 1623 2479 1693 plenius
2502 1624 2928 1679 condemnentur
2962 1626 3078 1694 ejus
3114 1629 3563 1696 patrocinatores.

1988 1715 2044 1769 lu
2075 1724 2266 1769 octavo
2305 1715 2464 1783 igitur
2498 1730 2745 1770 sermone
2794 1716 2860 1771 de
2886 1715 3262 1774 lncarnatione
3290 1720 3403 1776 hazc
3428 1724 3565 1779 scri-

1988 1805 2065 1859 bit
2096 1824 2108 1857 :
2145 1824 2164 1857 ι
2195 1804 2421 1860 Constat
2465 1814 2645 1861 autem
2690 1807 2818 1876 quid
2846 1809 3048 1864 unitate
3077 1810 3393 1880 importetur
3424 1832 3436 1867 :
3469 1830 3565 1884 per

290 1889 401 1958 μία
442 1888 686 1959 λέγεται),
712 1887 873 1948 οὕτως
918 1890 1173 1944 κάνταῦθα
1216 1892 1275 1942 οὐ
1318 1890 1610 1958 λυμαίνεται
1656 1896 1744 1949 τήν
1786 1898 1886 1944 τῶν

1989 1903 2127 1958 hanc
2176 1906 2317 1959 enim
2361 1906 2726 1961 coalescentes
2771 1916 2975 1962 naturae
3026 1911 3237 1966 unicam
3278 1927 3562 1981 personam

289 1978 506 2051 φύσεων
552 1977 795 2050 διαφορὰν
834 1985 925 2034 τοῦ
965 1984 1241 2055 προσώπου
1285 1981 1316 2038 ἠ
1362 1980 1560 2039 ἔνωσις.
1614 1976 1766 2033 Ὀταν
1794 1982 1883 2050 μὲν

288 2071 407 2141 γὰρ
436 2070 528 2128 τὰς
555 2070 732 2141 φύσεις
754 2069 1104 2144 διακρίνωμεν,
1134 2071 1327 2125 τελείαν
1350 2075 1440 2128 τὴν
1464 2072 1616 2141 φύσιν
1640 2077 1730 2126 τοῦ
1755 2077 1886 2125 Θεοῦ

288 2159 460 2230 λόγου
487 2161 667 2231 φαμέν,
701 2162 785 2212 καί
813 2160 997 2213 τέλειον
1020 2160 1077 2215 τό
1102 2163 1396 2233 πρόσωπον·
1422 2160 1534 2215 οὐδὲ
1563 2164 1660 2234 γὰρ
1686 2161 1884 2236 ἀπρόσ-

292 2270 328 2304 In
350 2248 447 2302 πόν
480 2248 618 2303 ἔστιν
651 2246 942 2305 ὑπόστασιν
980 2252 1164 2304 εἰπεῖν·
1215 2251 1405 2305 τελείαν
1442 2249 1496 2305 δὲ
1538 2255 1621 2306 καὶ
1652 2257 1743 2309 τήν
1791 2260 1882 2307 τοῦ

286 2341 570 2414 ἀνθρώπου
592 2342 760 2411 φύσιν,
794 2345 877 2394 καὶ
906 2343 961 2396 τό
986 2343 1260 2417 πρόσωπον
1286 2343 1488 2413 ὁμοίως.
1512 2340 1670 2398 Ὀταν
1695 2346 1783 2414 μέν
1804 2366 1884 2399 τοι

288 2430 389 2483 ἐπὶ
438 2433 529 2486 τήν
574 2431 842 2502 συνάφειαν
871 2429 1098 2501 εἴδωμεν,
1123 2431 1174 2485 ἓν
1203 2432 1481 2507 πρόσωπον
1505 2433 1617 2489 τότε
1651 2436 1824 2504 φαμέν.
1857 2452 1876 2487 ε

288 2521 481 2572 Ταῦτα
518 2520 694 2587 ἡμεῖς,
722 2521 764 2572 εὶ
810 2522 896 2573 καὶ
936 2522 1136 2594 φρικτόν
1182 2523 1297 2576 ἐστι
1341 2522 1498 2595 λέγειν
1536 2532 1881 2599 χριστιανοῖς,

292 2605 450 2677 ὅμως
477 2606 558 2662 διὰ
591 2613 682 2667 τὴν
708 2613 890 2677 μανίαν
916 2618 1016 2664 τῶν
1041 2611 1355 2666 ἐκδικούντων
1404 2610 1660 2686 Θεόδωρον
1688 2616 1765 2667 καί
1790 2620 1878 2672 τήν

290 2700 467 2759 ἀσεϐῆ
496 2700 680 2759 ἐκείνην
705 2702 992 2767 επιστολὴν,
1015 2712 1322 2777 προαγαγεῖν
1346 2704 1741 2776 ἠναγκάσθημεν,
1762 2704 1878 2757 ’ίλεω

287 2792 387 2846 τόν
427 2792 548 2845 Θεὸν
586 2793 703 2862 ἡμῖν
742 2794 1152 2865 παρακαλοῦντες
1201 2795 1450 2863 γενέσθαι’
1485 2791 1548 2847 δι’
1571 2790 1637 2845 ὧν
1676 2794 1877 2846 πάντων

290 2878 676 2948 ἀποδέδεικται,
706 2880 784 2936 ὅτι
816 2886 989 2942 πάσης
1018 2892 1107 2943 τῆς
1134 2882 1395 2958 Θεοδώρου
1436 2884 1672 2943 ἀσεϐείας
1713 2888 1875 2953 μεστή

292 2972 444 3027 ἐστιν
462 2973 492 3029 ἦ
522 2975 801 3047 κατάρατος
828 2971 985 3033 ἐκείνη
1013 2975 1270 3032 ἐπιστολή.

1991 1994 2195 2049 unitate
2222 1994 2528 2064 perﬁciunt;
2558 1997 2631 2050 ita
2660 2009 2738 2061 ut,
2760 1999 3208 2066 quemadmodum
3236 2004 3302 2059 de
3326 2008 3565 2062 masculo

1990 2092 2045 2137 et
2065 2083 2258 2137 femina
2280 2083 2536 2139 Dominus
2558 2086 2726 2155 inquit
2745 2102 2840 2142 eos
2860 2104 2969 2143 non
2983 2090 3093 2159 jam
3114 2091 3266 2157 duos,
3289 2096 3380 2149 sed
3404 2113 3562 2152 unam

1997 2184 2213 2223 carnem
2232 2184 2370 2235 esse;
2392 2171 2643 2225 similiter
2658 2174 3072 2239 etiam,unitatis
3086 2178 3321 2233 rationes
3334 2180 3558 2246 nonjam

1997 2260 2135 2324 duae,
2162 2262 2252 2315 sed
2274 2262 2433 2316 unica
2449 2263 2519 2317 sit
2542 2279 2796 2333 persona,
2820 2274 3103 2321 constante
3125 2284 3338 2338 semper
3363 2271 3561 2323 distitto

1997 2351 2175 2403 ctione
2212 2360 2549 2406 naturarum.
2573 2352 3033 2418 Quemadmodum
3063 2359 3207 2412 enim
3250 2358 3321 2412 ibi
3350 2362 3559 2413 numeri

1997 2458 2103 2495 non
2127 2442 2335 2495 tollitur
2359 2442 2667 2511 duplicitas,
2690 2446 2835 2515 quod
2860 2462 2968 2501 una
2989 2462 3116 2502 caro
3137 2449 3367 2513 dicatur,
3392 2451 3561 2520 liquot

1959 2573 1967 2580 -
1997 2539 2140 2591 enim
2163 2536 2614 2603 quemadmodum
2642 2554 2747 2593 una
2767 2540 2998 2606 dicatur,
3024 2542 3211 2597 eodem
3236 2546 3436 2612 pariter
3456 2562 3565 2597 mo-

1999 2623 2068 2678 do
2096 2624 2317 2679 minime
2344 2632 2657 2680 naturarum
2690 2628 2935 2683 aufertur
2967 2629 3115 2701 [Leg.
3141 2632 3337 2703 aufert]
3369 2634 3562 2688 discri-

1980 2725 2103 2766 men
2133 2711 2308 2765 unitas
2334 2712 2446 2780 ipsa
2472 2726 2735 2781 personte.
2763 2711 2897 2767 Cum
2925 2730 3087 2784 porro
3114 2724 3332 2770 naturas
3360 2719 3563 2772 discet-

1980 2799 2479 2871 nimns,perfectam
2501 2803 2592 2857 Dei
2623 2802 2783 2857 Verbi
2812 2812 3058 2858 naturam
3089 2804 3420 2875 profitentur,
3438 2822 3562 2875 per-

1978 2891 2279 2958 fectamque
2299 2905 2586 2959 personam
2604 2890 2733 2961 (non
2746 2893 2888 2946 enim
2909 2893 3213 2964 hypostasis
3231 2895 3334 2948 dici
3360 2896 3562 2964 absque

1979 2996 2207 3049 persona
2224 2981 2449 3050 potest),
2462 2980 2756 3051 perfectam
2779 2985 2981 3052 pariter
3000 2985 3285 3047 humanam
3316 2995 3562 3042 naturam

1988 3084 2378 3138 personamque
2398 3070 2661 3127 similiter.
2686 3069 2819 3125 Cum
2843 3081 3021 3128 autem
3048 3075 3101 3128 in
3124 3076 3311 3129 harum
3344 3078 3577 3146 copula:

292 3156 505 3219 tionem
535 3160 647 3214 sive
677 3159 1104 3228 conjunctionem
1134 3162 1369 3216 animum
1398 3163 1738 3228 intendimus,
1769 3162 1978 3216 unicam
2021 3169 2145 3219 tunc
2169 3178 2287 3218 esse
2316 3179 2600 3233 personam
2627 3165 2995 3233 praedicamus.
3019 3186 3036 3219 ι
3070 3166 3193 3223 llzec
3231 3183 3361 3233 nos,
3393 3185 3562 3238 quan-

293 3266 461 3322 quetn
489 3254 635 3307 dictu
681 3253 995 3308 Christianis
1031 3254 1303 3308 horribilia
1330 3294 1345 3319 ,
1395 3254 1694 3323 producere
1729 3255 1782 3308 in
1832 3255 2064 3310 medium
2109 3256 2287 3311 coacti
2334 3272 2517 3311 sumus
2568 3272 2635 3311 ex
2682 3254 2950 3312 Theodori
2996 3259 3273 3329 impimque
3325 3264 3587 3333 epistolm.

296 3352 653 3410 patronorum
698 3344 926 3405 insania,
978 3343 1266 3413 propitium
1315 3344 1467 3398 nobis
1515 3342 1685 3397 Deum
1735 3342 1851 3397 fieri
1898 3346 2271 3413 postulantes:
2317 3347 2509 3415 quibus
2552 3357 2727 3402 tamen
2756 3348 3179 3406 demonstratum
3207 3362 3289 3408 est
3316 3355 3584 3413 universa.

297 3430 675 3485 Theodoriana
708 3432 982 3500 impietate
1010 3433 1393 3487 exsecrabilem
1430 3446 1553 3486 eam
1597 3432 1878 3502 epistolam
1917 3449 2035 3489 esse
2064 3434 2333 3489 refertam.

371 3526 466 3578 Καὶ
479 3532 645 3579 ταῦτα
663 3526 754 3594 μέν
768 3523 967 3579 ἅπαντα
979 3526 1347 3598 ἀπεκρινάμεθα
1357 3525 1483 3597 πρὸς
1499 3527 1564 3579 τὰ
1574 3534 1645 3597 τῷ
1655 3525 1882 3598 ὑμετέρῳ

2056 3524 2124 3577 Ει
2152 3525 2266 3579 hmc
2295 3526 2512 3594 quidem
2556 3528 2736 3582 omnia
2777 3530 3147 3598 respondimus
3175 3532 3242 3587 ad
3270 3547 3335 3588 ea
3364 3548 3481 3603 quas
3508 3534 3562 3589 in

298 3615 728 3688 κεφαλαιογροιφίῳ
759 3613 893 3685 (Sic)
921 3618 1295 3689 περιεχόμενα,
1326 3613 1387 3670 δι’
1418 3612 1484 3668 ὦν
1522 3614 1881 3670 ἐσπουδάσατε

299 3716 391 3766 τήν
419 3709 578 3765 ἀσεϐῆ
605 3709 789 3765 ἐκείνην
826 3708 1087 3765 ἐπιστολὴν
1123 3705 1417 3770 ὲκδικῆσαι,
1450 3708 1534 3759 καί
1574 3704 1655 3760 διὰ
1695 3708 1883 3763 ταύτην

297 3808 392 3856 τήν
421 3796 686 3875 Θεοδώρου
726 3801 811 3853 καί
838 3800 1105 3869 Νεστορίου
1153 3794 1442 3859 κακοδοξίαν
1488 3794 1881 3858 ἀνανεώσασθαι,

301 3891 368 3942 οἷν
391 3898 478 3949 τήν
528 3890 769 3945 ἀσέϐειαν
820 3892 851 3947 ἡ
896 3888 1020 3948 αὕτη
1073 3888 1307 3945 ἐπιστολὴ
1348 3890 1565 3941 ἐπαινεῖ.
1606 3885 1803 3945 Ἐπειδή
1832 3885 1885 3941 δὲ

299 3984 465 4036 πολλὰ
491 3991 583 4041 τῆς
606 3983 1028 4054 μνημονευθείσης
1051 3980 1320 4038 ἐπιστολῆς
1346 3986 1436 4038 τῆς
1473 3978 1602 4054 πρός
1621 3980 1779 4051 Μάριν
1801 3979 1886 4033 τόν

299 4074 552 4147 αἱρετικὸν
584 4074 934 4145 γεγραμμένης
965 4070 1391 4143 παραλελοίπατε,
1434 4074 1516 4124 καί
1542 4071 1627 4123 οὐκ
1672 4068 1885 4138 ἐτολμιή⁴

302 4185 427 4219 σατε
455 4171 626 4220 ταῦτα
660 4173 772 4224 τοῖς
808 4164 1071 4240 ὑμετέροις
1120 4163 1401 4234 κεφαλαίοις
1442 4164 1660 4222 ἐνθεῖναι,
1704 4162 1788 4215 ἶνα
1817 4165 1888 4231 μὴ

301 4266 391 4317 καί
416 4264 469 4317 ἔκ
496 4264 689 4318 τούτων
708 4266 799 4320 τήν
828 4262 876 4324 ἐξ
904 4262 1045 4331 ὑμῶν
1068 4258 1412 4328 ἐκδικουμένην
1446 4258 1683 4312 ἀσέϐειαν
1711 4257 1736 4311 ὁ
1763 4256 1887 4330 παρ’

302 4356 429 4423 ὑμῖν
452 4362 552 4407 τῶν
578 4359 886 4428 Χριστιανῶν
922 4352 1056 4423 μάθῃ
1092 4351 1228 4417 λαός,
1281 4353 1551 4418 ἀναγκαῖον
1590 4349 1888 4417 ἐνομίσαμεν

304 4439 427 4497 εἶναι
451 4446 535 4496 καί
558 4449 726 4498 ταῦτα
755 4440 837 4496 διὰ
867 4443 1114 4515 βραχέων
1137 4448 1440 4515 φανερῶσαι.
1471 4439 1769 4514 Περιέχεται
1789 4433 1889 4512 γάρ

304 4542 412 4594 τοῖς
434 4534 559 4610 παρ’
588 4536 729 4603 ὑμῶν
768 4533 1242 4609 παραλελειμμένας
1290 4531 1483 4605 ῥήμασι
1532 4539 1621 4590 τῆς
1671 4531 1891 4591 ἀσεϐοῦς

304 4626 599 4686 ἐπιστολῆς,
622 4643 639 4675 ε
669 4623 747 4680 ὅτι
776 4626 1019 4699 Κύριλλος
1041 4626 1132 4686 τὰς
1156 4627 1309 4684 ἀκοὰς
1328 4622 1531 4677 πάντων
1558 4629 1657 4676 τῶν
1683 4620 1889 4688 ἐπισκό-

304 4737 417 4770 πων
448 4724 549 4770 τῶν
590 4718 639 4768 ἐν
668 4724 729 4789 τῇ
775 4713 878 4770 κατ’
898 4712 1106 4786 ’Ἔφεσον
1155 4711 1352 4782 συνόδῳ
1402 4711 1761 4775 συνελθόντων,
1818 4717 1891 4780 τῷ

304 4808 556 4877 φαρμάκῳ
598 4814 672 4878 τῷ
704 4811 948 4879 πηροῦντι
992 4806 1112 4863 τοὺς
1141 4804 1420 4875 ὀφθαλμοὺς
1449 4807 1548 4856 τῶν
1580 4807 1745 4870 σοφῶν
1770 4820 1891 4853 κατ-

1984 3626 2165 3670 vestro
2192 3617 2550 3686 capitulorum
2588 3618 2726 3672 libro
2764 3620 3207 3685 continebantur,
3238 3624 3431 3691 quibus
3462 3624 3565 3678 im-

1986 3707 2127 3774 piam
2158 3706 2430 3775 pmfatam
2462 3708 2739 3776 epistolam
2769 3710 3043 3765 vindicare
3070 3713 3381 3767 nitebamini
3401 3754 3415 3778 ,
3443 3729 3568 3783 pra-

1985 3812 2187 3865 vasque
2235 3804 2520 3866 prepterea
2570 3797 2839 3853 Theodori
2885 3799 3220 3869 Nestoriique
3269 3803 3568 3857 instaurare

1988 3887 2302 3951 sententias,
2335 3901 2560 3955 quorum
2589 3887 2805 3957 praefata
2843 3888 3068 3957 epistola
3098 3890 3439 3965 commendat
3464 3891 3567 3943 im—

1988 3976 2260 4044 pietatem.
2306 3975 2568 4041 Quoniam
2600 3993 2728 4033 vero
2763 3979 3030 4048 permulta
3059 3978 3110 4032 in
3141 3988 3438 4033 memorata
3466 3981 3569 4034 im-

1990 4065 2075 4134 pia
2099 4066 2323 4134 epistola
2346 4067 2413 4119 ad
2435 4066 2622 4120 Marim
2652 4068 2960 4125 hacreticum
2990 4069 3189 4139 scripta
3218 4071 3567 4137 praeteriistis,

1990 4172 2162 4225 neque
2182 4158 2298 4211 ausi
2320 4158 2449 4211 estis
2469 4172 2531 4211 ea
2556 4159 2748 4215 vestris
2776 4159 3038 4229 capitibus
3059 4158 3313 4225 inserere,
3337 4174 3405 4215 ne
3432 4160 3569 4215 forte

1989 4263 2054 4301 ex
2083 4247 2146 4301 iis
2169 4248 2328 4300 etiam
2357 4246 2691 4303 Christianus
2711 4249 2955 4318 populus,
2980 4258 3181 4318 quanta
3210 4266 3239 4303 a
3270 4251 3418 4306 vobis
3444 4268 3570 4323 pro-

1991 4347 2318 4407 pugnaretur
2364 4338 2609 4409 impietas
2650 4336 3005 4407 intelligeret,
3046 4341 3405 4394 necessarium
3451 4356 3570 4395 esse

1986 4436 2342 4504 judicavimus
2365 4474 2381 4500 ,
2432 4436 2547 4490 haec
2583 4450 2797 4506 quoque
2834 4436 3018 4505 paucis
3064 4438 3368 4492 ostendere.
3421 4437 3477 4491 ln
3506 4453 3569 4492 ea

1990 4528 2133 4582 enim
2163 4528 2406 4596 epistola:
2442 4534 2595 4596 parte
2618 4566 2633 4591 ,
2682 4543 2823 4597 quas
2848 4526 3203 4597 praetermissa
3231 4542 3263 4580 a
3292 4528 3440 4582 vobis
3465 4538 3572 4594 est,

1990 4617 2217 4671 habetur
2245 4626 2268 4653 ει
2303 4635 2314 4668 :
2352 4636 2370 4667 ι
2398 4615 2651 4687 Cyrillum
2679 4632 2835 4671 aures
2859 4617 3096 4672 omnium
3119 4618 3495 4688 episcoporum
3519 4619 3573 4673 in

1991 4706 2260 4776 Ephesum
2290 4707 2720 4762 convenientium
2756 4721 2965 4762 veneno
3002 4706 3295 4762 obcmcanti
3333 4709 3591 4773 omnium,

1993 4798 2180 4853 oculos
2209 4798 2504 4852 obtinuisse
2545 4798 2899 4867 sapientium;
2953 4797 3221 4853 invenisse
3249 4808 3429 4853 autem
3459 4815 3574 4852 mo-

301 4898 485 4967 ἑτχεν,
519 4893 661 4969 εὗρεν
692 4894 744 4948 δὲ
774 4897 995 4969 ἀφορμήν
1021 4895 1074 4947 ἐκ
1102 4900 1193 4947 τοῦ
1226 4896 1360 4946 κατὰ
1384 4891 1655 4963 Νεστορίου
1685 4890 1886 4959 μίσους,

1995 4892 2120 4948 dum
2150 4909 2219 4947 ex
2240 4892 2362 4947 odio
2388 4892 2441 4945 in
2468 4890 2766 4946 Nestorium
2797 4901 3170 4962 praeconcepto
3201 4909 3213 4944 :
3244 4900 3407 4959 atque
3432 4891 3602 4944 nulla.

307 4991 395 5041 καί
419 4985 496 5040 ὅτι
522 4984 712 5040 καθεῖλε
737 4993 827 5045 τῆς
856 4986 1132 5043 ἐπισκοπῆς
1156 4983 1420 5056 Νεστόριον
1442 4984 1470 5039 ἡ
1500 4980 1751 5053 ἐνἘφέσῳ
1772 4980 1890 5033 σύν⁴

305 5077 441 5141 οόος,
473 5080 691 5152 κρίσεως
712 5079 794 5128 καί
822 5079 1082 5138 ζητήσεως
1103 5079 1169 5143 μή
1203 5074 1484 5145 γενομένης.
1501 5089 1517 5121 t
1542 5069 1633 5126 Καί
1659 5071 1814 5125 πάλιν
1845 5071 1892 5123 ἐν

307 5176 372 5242 τῇ
555 5165 795 5241 ἐπιστολῇ
824 5168 1130 5237 περιέχεται
1149 5179 1163 5193 ⁸
1197 5181 1215 5214 ε
1246 5163 1323 5217 ὅτι
1348 5166 1411 5216 τά
1445 5161 1638 5217 δώδεκα
1661 5162 1894 5232 κεφάλαια

308 5264 377 5315 τὰ
402 5263 548 5337 παρά
578 5258 810 5333 Ευρίλλου
837 5260 1112 5333 γραφέντα,
1146 5258 1340 5310 ἐναντία
1366 5253 1487 5311 ὄντα
1511 5262 1601 5315 τῆς
1631 5255 1776 5328 ὀρθῆς
1805 5256 1892 5307 πί-

313 5373 496 5417 στεως,
526 5354 813 5428 προέθηκαν
840 5352 886 5404 οί
926 5350 976 5404 ἐν
994 5353 1179 5422 Ἐφέσῳ
1211 5352 1553 5420 συναχθέντες
1590 5352 1854 5403 ἐπίσκοποι
1876 5387 1890 5409 ,

312 5448 396 5498 καὶ
421 5444 755 5510 ἐϐεϐαίωσαν,
808 5444 895 5497 καί
936 5445 1220 5514 συνῄνεσαν
1251 5444 1446 5507 αὐτοῖς,
1482 5443 1549 5501 ὡς
1574 5449 1635 5515 τῇ
1664 5440 1783 5514 ὀρθῇ
1806 5440 1892 5492 πί-

311 5554 425 5593 στει
444 5535 770 5610 συνᾴδουσιν·
820 5537 908 5589 καί
938 5534 1015 5590 ὅτι
1064 5536 1335 5611 Νεστόριος
1373 5533 1542 5593 ἐπειδή
1584 5536 1803 5604 ἓμισεῖτο
1842 5535 1891 5586 ἔν

311 5640 378 5705 τῇ
404 5632 507 5705 ἰδίᾳ
534 5631 696 5692 πόλει,
727 5633 819 5692 καί.¹
840 5632 982 5706 παρὰ
1006 5638 1104 5684 τῶν
1127 5633 1340 5704 πρώτων
1366 5632 1538 5691 αὐτῆς,
1569 5626 1892 5700 ὑποστρέψαι

310 5726 419 5779 ἐκεῖ
440 5726 531 5778 οὐκ
552 5722 789 5783 ἠδυνήθη.
823 5741 841 5775 ε
876 5726 963 5775 Itoni
994 5720 1076 5775 διά
1102 5724 1302 5776 πάντων
1332 5720 1355 5774 ὁ
1386 5720 1584 5794 γράψας
1618 5725 1708 5776 τήν
1734 5718 1890 5775 αὐτὴν

315 5816 482 5874 ἀσεϐῆ
515 5815 811 5874 ἐπιστολήν,
853 5814 911 5866 οὐ
941 5810 1088 5881 μόνον
1125 5814 1244 5869 τοὺς
1280 5811 1559 5883 αἰρετικοὺς
1600 5807 1787 5861 ἓκδικεῖ
1814 5808 1895 5859 καὶ

1994 4989 2237 5042 instituta
2265 4986 2632 5056 disquisitione
2657 4997 2711 5041 ct
2735 4986 2933 5056 judicio
2956 4986 3257 5042 Nestorium
3289 4987 3359 5041 ab
3386 4985 3575 5040 eadem

1996 5077 2264 5147 Ephesina
2310 5077 2516 5150 synodo
2583 5077 2717 5133 sede
2788 5093 2882 5132 sua
2938 5077 3096 5133 fuisse
3147 5078 3508 5131 deturbatum.
3548 5095 3595 5133 ›.

1998 5166 2204 5223 Pariter
2233 5168 2286 5221 in
2329 5168 2519 5222 eadem
2566 5167 2790 5237 epistola
2839 5167 3109 5221 habetur:
3146 5184 3165 5218 ι
3194 5165 3480 5219 Duodecim
3510 5179 3601 5219 ea.

1998 5258 2233 5328 capitula
2268 5258 2335 5312 ab
2367 5257 2565 5328 Cyrillo
2593 5257 2912 5325 conscripta,
2947 5270 3249 5324 quanquam
3277 5269 3398 5307 cum
3428 5262 3572 5308 recta

2001 5350 2102 5405 lide
2131 5357 2447 5419 pugnarent,
2473 5349 2540 5402 ab
2568 5346 2848 5416 Ephesina:
2875 5346 3061 5417 synodi
3090 5345 3352 5415 episc0pis
3373 5360 3574 5413 prepo-

1998 5442 2099 5494 sita
2152 5438 2314 5492 fuisse
2360 5444 2521 5505 atque
2568 5435 2880 5491 confirmata
2906 5476 2920 5499 ,
2954 5435 3163 5502 illisque
3191 5448 3286 5488 eos
3320 5442 3574 5501 tanquam

1996 5544 2140 5584 vera:
2182 5527 2303 5581 fidei
2333 5525 2752 5580 consonantibus
2789 5525 3157 5589 consensisse;
3196 5533 3357 5591 atque
3384 5522 3575 5577 Nesto-

1998 5620 2156 5686 rium,
2180 5625 2465 5689 propterea
2488 5614 2633 5684 quod
2659 5615 2783 5670 odio
2808 5614 3095 5669 haberetur
3121 5614 3188 5668 ab
3209 5614 3427 5669 civitate
3453 5629 3568 5676 sua,

1998 5709 2368 5781 primariisque
2397 5705 2605 5759 civibus
2632 5703 2748 5773 ejus
2770 5743 2786 5769 ,
2830 5704 2953 5758 illuc
2981 5704 3197 5758 minime
3228 5704 3460 5773 potuisse
3486 5718 3601 5757 re-a

2002 5802 2156 5856 verti.
2199 5817 2217 5849 ε
2256 5798 2430 5867 Atque
2457 5796 2563 5851 hoc
2588 5794 2750 5852 modo
2776 5793 2977 5851 nefarie
3006 5794 3144 5851 illius
3172 5794 3411 5864 epistola:
3438 5796 3601 5862 serit.

390 5914 416 5942 ι
455 5902 648 5960 Exstat
676 5904 729 5959 in
769 5902 902 5957 actis
944 5913 1100 5956 conc.
1140 5899 1546 5970 Constantinop.
1586 5914 1644 5965 ιι,
1676 5895 1811 5954 Coll.
1842 5893 1891 5960 5,
1935 5893 2073 5963 apud
2128 5891 2292 5946 Labb.
