4148 6494
632 476 763 539 ΙΟἹΰ

1947 479 2388 541 IUSTlNiANl
2432 478 2587 539 IMP.

3776 463 3919 531 1076

640 603 845 660 ἐπαινεῖ,
867 597 989 653 ἀλλὰ
1018 598 1101 651 καί
1133 595 1250 657 τούς
1280 593 1572 673 ὁροοδὸξους’
1612 596 1762 666 λέγει.
1817 598 1933 671 Περὶ
1977 598 2076 667 γὰρ
2115 602 2205 650 τοῦ

2311 602 2448 661 ptor,
2467 608 2574 646 non
2598 589 2756 646 modo
2778 590 3058 645 haereticos
3082 597 3261 645 tuetur
3280 604 3344 646 ac
3366 591 3564 656 .audat,
3581 591 3674 646 sed
3696 592 3891 649 catho.

640 690 889 763 μακαρίου
914 688 1216 743 Ῥαεεούλου
1246 695 1336 744 τοῦ
1362 685 1567 746 Ἐδίσης
1596 687 1907 753 ἐπισκόπου,
1940 685 2121 763 ἀνδρὸς
2163 688 2213 740 ἐν

637 778 932 837 ἐπισκόποις
959 780 1233 847 ἑπισ-όμου,
1255 775 1312 833 οὗ
1333 778 1393 833 τὸ
1415 786 1582 849 μνῆμα
1604 779 1841 848 θαύματα
1879 785 2019 832 ποιιῖ
2052 779 2215 851 μέχρι

636 874 723 925 τῆς
765 872 1014 942 σήμερον,
1049 867 1211 928 οὕτως
1237 870 1387 941 φησίν
1418 866 1469 922 ἐν
1496 877 1558 943 τῇ
1586 869 1709 942 αὐτῇ
1750 868 1931 922 ἀσεϐεῖ
1953 868 2211 942 ἐπιστολῇ·

640 978 654 1003 ι
686 953 802 1012 Ὀτι
849 955 874 1011 ό
900 958 1142 1032 τύραννος
1170 967 1262 1017 τῆς
1301 960 1549 1032 ἡμετέρας
1588 958 1802 1021 πόλεως,
1832 954 1884 1011 δν
1928 956 2035 1012 οὐδὲ
2066 960 2216 1019 αὐτὸς

636 1047 851 1115 ἀγνοεῖς,
881 1050 1130 1121 προφάσει
1159 1056 1250 1108 τῆς
1275 1050 1501 1108 πίστεως
1522 1050 1579 1102 ού
1600 1045 1749 1119 μόνον
1796 1050 1914 1108 τούς
1956 1052 2215 1111 συζῶντας

636 1138 770 1208 αὐτῷ
795 1136 960 1214 διῶκει
978 1180 993 1200 .
1030 1140 1152 1193 ἀλλά
1199 1144 1283 1193 καί
1320 1142 1441 1200 τούς
1483 1138 1578 1198 ἤδη
1608 1140 1762 1195 πάλαι
1786 1141 1914 1212 πρὸς
1942 1140 2025 1193 τόν
2044 1138 2216 1214 κύριον

633 1211 938 1289 ἐσελθόντας
958 1227 1023 1281 ὧν
1046 1225 1116 1289 εἷς
1139 1229 1275 1284 ἐστιν
1299 1229 1323 1283 ὅ
1345 1231 1591 1305 μακάριος
1614 1211 1873 1300 Θεόδωρος
1902 1228 1927 1283 ό
1952 1211 2217 1301 κῆρυξ-τῆς

637 1318 865 1378 ἀληθείας
910 1322 993 1371 καί
1013 1316 1312 1378 διδάσκαλος
1339 1328 1431 1379 τῆς
1475 1319 1761 1383 ἐκκλησίας,
1795 1316 1847 1378 ὃς
1888 1321 1947 1371 ού
1988 1321 2132 1391 μόνον
2167 1322 2218 1371 ὲν

720 1412 876 1481 οἰκείᾳ
907 1414 1007 1480 ζωῇ
1035 1412 1155 1469 τούς
1176 1411 1461 1481 αἱρετικούς
1489 1410 1782 1482 ἐκολάφισεν
1812 1408 1895 1463 διὰ
1919 1417 2009 1470 τῆς
2032 1410 2215 1468 οἰκείας

639 1504 878 1567 πίστεως,
902 1503 1022 1557 άλλά
1061 1506 1144 1556 καί
1184 1505 1312 1573 μετά
1339 1504 1548 1557 θάνατον
1588 1499 1718 1556 ὅπλα
1760 1496 2079 1572 πνευματικοὶ
2112 1509 2217 1561 τοῖς

637 1591 780 1653 ἰδίοις
823 1592 1037 1664 βιϐλίοις
1089 1601 1193 1652 τοῖς
1243 1601 1335 1654 τῆς
1382 1593 1643 1652 ἐκκλησίας
1689 1594 1873 1653 τέκνοις
1910 1591 2214 1662 κατέλειψεν,

639 1688 707 1745 ὡς
730 1688 812 1738 καί
838 1687 867 1742 ἦ
887 1690 952 1744 σή
974 1686 1207 1739 εὐλάϐεια
1234 1683 1343 1756 μετ’
1376 1686 1528 1738 αὐτοῦ
1554 1685 1819 1743 λαλήσασα
1844 1687 2102 1754 γινώσκει,
2136 1688 2218 1737 καί

636 1778 690 1827 ἐκ
712 1782 809 1828 τῶν
831 1775 955 1846 παρ’
974 1777 1129 1830 αὐτοῦ
1158 1777 1546 1849 συγγραφέντων
1568 1776 1861 1829 ἐπίστευσε⁶
1886 1780 2065 1827 τοῦτον
2092 1775 2220 1828 ἐτόλ-

634 1885 796 1929 μησεν
816 1864 840 1918 ὁ
861 1862 1032 1921 πάντα
1053 1865 1245 1935 τολμῶν
1266 1865 1342 1919 ἐπ’
1371 1865 1635 1926 ἐκκλησίας
1656 1872 1877 1939 φανερῶς
1909 1866 2214 1928 ἀναθεματίο

2316 682 2448 736 licos
2475 683 2635 736 etiam
2666 682 2941 735 nominare
2971 696 3074 736 non
3101 690 3338 737 veretur.
3370 682 3444 741 De
3470 683 3633 737 beato
3662 698 3893 752 namque

2318 773 2519 827 Rabula
2550 772 3248 845 Edesseuorunrepiscopo,
3275 773 3483 827 eximia:
3512 773 3727 843 pietatis
3753 776 3896 830 auti-

2314 865 2479 928 stite,
2520 862 2673 931 cujus
2709 862 2776 916 ad
2813 862 3115 932 sepulcrum
3167 862 3235 916 ad
3281 862 3394 918 hmc
3436 877 3604 931 usque
3650 874 3899 935 tempora

2318 952 2579 1008 mirabilia
2608 959 2911 1020 patrantur,
2940 951 3044 1006 hoc
3073 950 3237 1006 modo
3262 951 3315 1005 in
3344 952 3507 1022 impia
3537 953 3627 1008 illa
3655 969 3750 1009 sua
3776 956 3898 1023 epi.

2315 1042 2454 1095 stola
2496 1041 2682 1095 scribit
2711 1058 2722 1093 :
2761 1059 2779 1091 ι
2810 1039 3089 1110 Tyrannus
3125 1050 3321 1095 nostra
3350 1042 3580 1097 civitatis
3602 1083 3619 1108 ,
3648 1058 3810 1112 quem
3838 1051 3903 1099 tu

2316 1132 2476 1185 etiam
2507 1130 2618 1200 ipse
2646 1146 2754 1185 non
2784 1130 3026 1199 ignoras,
3054 1131 3144 1198 qui
3172 1131 3458 1186 occasione
3492 1131 3642 1197 ﬁdei,
3673 1149 3780 1187 non
3809 1149 3903 1187 so~

2318 1223 2424 1274 lum
2456 1236 2578 1275 cum
2609 1235 2676 1275 eo
2700 1221 2941 1274 viventes
2968 1220 3333 1289 persequitur,
3365 1220 3458 1277 sed
3498 1222 3659 1276 etiam
3685 1238 3780 1279 eas
3804 1223 3905 1291 qui

2323 1309 2521 1362 dudum
2549 1309 2617 1362 ad
2645 1308 2925 1363 Dominum
2955 1308 3219 1363 abierunt.
3247 1307 3487 1375 Quorum
3512 1327 3646 1365 unus
3668 1321 3750 1366 est
3769 1313 3904 1366 bea-

2319 1410 2402 1455 tus
2430 1399 2744 1454 Theodorus
2771 1398 3090 1467 praedicator
3120 1398 3381 1465 veritatis,
3410 1407 3465 1455 et
3491 1400 3682 1456 doctor
3707 1400 3900 1456 Eccle-

2317 1492 2427 1555 sim,
2462 1491 2552 1560 qui
2583 1506 2689 1544 non
2737 1489 2910 1544 solum
2954 1490 3136 1543 vivens
3175 1489 3455 1545 haereticos
3495 1506 3592 1561 per
3627 1492 3903 1561 propriam

2319 1580 2473 1634 ﬁdem
2503 1579 2801 1649 percussit,
2824 1577 2924 1637 sed
2954 1578 3114 1654 etiam
3146 1584 3279 1647 post,
3306 1587 3532 1633 mortem
3564 1594 3711 1633 arma
3738 1579 3901 1649 spiri-

2319 1671 2441 1724 talia
2474 1670 2524 1723 in
2558 1669 2707 1723 libris
2734 1668 2844 1724 suis
2872 1666 3158 1735 dereliquit
3186 1666 3440 1722 Ecclesiae
3469 1668 3590 1723 ﬁliis
3614 1708 3630 1733 ,
3671 1669 3809 1724 sicut
3843 1678 3904 1724 et

2318 1770 2406 1814 tua
2430 1760 2748 1823 reverentia,
2776 1774 2895 1813 cum
2919 1773 2984 1814 eo
3010 1758 3275 1813 collocuta
3301 1761 3570 1826 cognovit,
3592 1769 3646 1814 et
3671 1761 3754 1815 his
3779 1777 3903 1829 quae

2321 1854 2387 1906 ab
2415 1868 2480 1907 eo
2505 1853 2704 1920 scripta
2733 1858 2859 1905 sunt
2896 1850 3122 1920 pncbuit
3171 1848 3350 1904 ﬁdem.
3402 1849 3551 1905 Hunc
3594 1866 3755 1907 ausus
3790 1862 3903 1917 est,

632 1979 739 2010 σαι.
757 1974 774 2007 ι
795 1959 881 2010 καὶ
900 1957 1048 2012 πάλιν
1068 1958 1371 2034 πριέχιται
1391 1964 1451 2031 τῇ
1474 1958 1599 2031 αὐτῇ
1624 1958 1805 2011 ἀσεϐεῖ
1823 1956 2059 2029 ἐπιστολῇ
2080 1958 2206 2029 πρὸς

2313 1945 2403 2015 qui
2451 1942 2631 1996 omnia
2686 1942 2868 2008 audet,
2930 1940 3023 1995 ab.
3045 1939 3281 1995 Ecclesia
3344 1942 3816 1999 anathematizare.
3875 1961 3896 1993 ε

631 2049 775 2120 ’Τεριν
801 2056 891 2105 τοῦ
918 2052 968 2103 ἐν
997 2049 1157 2119 ἁγίοις
1198 2050 1451 2126 ἰυρίλλου·
1482 2066 1502 2101 ε
1528 2046 1645 2104 Ὀτι
1668 2051 1697 2106 ἡ
1721 2047 1903 2123 καρδία
1942 2054 2033 2103 τοῦ
2066 2052 2215 2120 Δίγυ-

628 2142 778 2195 πτίου
810 2141 1110 2211 ίμαλάχθη,
1140 2144 1222 2195 καί
1265 2144 1430 2215 χωρίς
1476 2141 1834 2210 σκύλσεωςλτῇ
1883 2141 2004 2215 ὀρθῇ
2041 2142 2214 2194 πίστει

628 2253 639 2268 ν
664 2233 891 2301 υνῄνεσε.
946 2234 1033 2284 Ιίαί
1063 2228 1140 2284 ὅτι
1177 2232 1404 2290 ἀτάκτως
1445 2231 1567 2285 κατὰ
1604 2238 1702 2285 τῶν
1750 2234 1946 2294 ζώντων
1994 2232 2076 2282 καί
2113 2236 2212 2283 τῶν

629 2319 1029 2377 τελευτησάντων
1059 2319 1395 2395 ὁρμήσαντες,
1425 2322 1477 2373 ὶν
1514 2321 1745 2391 αἰσχύνη
1772 2321 1899 2373 εἰσιν
1938 2318 2071 2392 ὑπὲρ
2112 2325 2212 2372 τῶν

628 2407 761 2461 ἰδίων
789 2410 1184 2483 ἀπολογούμενοι
1213 2412 1569 2479 πταισμάτων,
1596 2413 1678 2464 καί
1708 2410 1901 2463 ἐναντία
1928 2417 1989 2484 τῇ
2030 2412 2210 2483 πρώτῃ

628 2498 790 2553 αὐτῶν
826 2497 1131 2572 διδασκαλίᾳ
1182 2497 1527 2565 διδάσκοντες,
1577 2503 1664 2554 καί
1702 2496 1781 2552 ὅτι
1812 2504 1921 2573 χρή
1952 2498 2210 2570 ὁμολογεῖν

627 2597 697 2646 εις
724 2588 808 2641 τὸν
832 2588 967 2649 ναόν,
991 2592 1073 2642 καί
1103 2592 1175 2648 εἰς
1194 2589 1276 2643 τόν
1312 2589 1590 2643 ἐνοικοῦντα
1625 2590 1672 2641 ἐν
1697 2590 1853 2659 αύτῷ.
1870 2607 1886 2640 ι
1918 2592 2007 2642 Καί
2047 2597 2210 2644 ταῦτα

628 2681 714 2737 μὲν
753 2680 1002 2751 ἐγκείμενα
1041 2690 1103 2757 τῇ
1140 2682 1528 2755 μνημονευθείσῃ
1575 2682 1811 2756 ἐπιστολῇ
1854 2683 2044 2757 φανερά
2092 2684 2209 2753 ύμῖν

625 2770 1012 2839 ίσπουδάσαμιν
1052 2770 1376 2830 καταστῆσαι
1394 2813 1407 2835 ,
1437 2773 1518 2828 ἵνα
1554 2768 1646 2825 κᾶν
1675 2772 1836 2832 οὕτως
1868 2772 1960 2843 ὀψέ
1986 2793 2108 2827 ποτε
2142 2775 2209 2829 τά

625 2889 633 2905 ι
651 2862 742 2935 ρθά
779 2862 1117 2936 ἐπιλεγόμενοι
1146 2866 1517 2940 ἀναχωρήσητε
1550 2866 1743 2926 ταύτης
1772 2874 1859 2926 τῆς
1892 2864 2204 2928 κακοδοξίας.

2318 2036 2629 2105 R.:rsusque
2660 2036 2711 2087 in
2740 2034 2911 2088 sancti
2956 2034 3136 2103 Cyrilli
3180 2033 3597 2100 contumeliam,
3640 2034 3753 2089 hazc
3782 2035 3905 2104 ipsa

2314 2128 2366 2181 in
2394 2125 2709 2181 exsecrabili
2737 2139 2801 2179 ea
2830 2123 3055 2193 epistola
3086 2124 3425 2177 continentur
3450 2141 3462 2175 :
3494 2142 3511 2175 ι
3540 2122 3648 2178 Cor
3678 2123 3902 2196 :Egypti

2315 2216 2609 2271 emollitum
2639 2222 2721 2269 est
2743 2252 2757 2276 ,
2790 2221 2844 2267 et
2872 2214 2988 2269 sine
3018 2214 3301 2269 vexatione
3324 2254 3339 2279 ,
3371 2220 3531 2267 recta:
3560 2212 3679 2267 ﬁdei
3707 2228 3902 2268 assen-

2314 2308 2440 2362 titus
2457 2315 2538 2361 est
2553 2323 2567 2372 ;
2591 2314 2645 2359 et
2665 2303 2967 2359 inordinate
2978 2310 3163 2358 contra
3180 2302 3330 2357 vivos
3350 2310 3405 2357 et
3426 2310 3668 2357 mortuos
3688 2303 3903 2357 irruen-

2314 2411 2394 2454 tes
2420 2398 2469 2451 in
2498 2396 2812 2451 confusione
2835 2400 2978 2458 sunt,
3004 2390 3399 2449 satisfacientes
3421 2408 3521 2462 pro
3549 2393 3756 2448 delictis
3783 2396 3908 2452 suis

2311 2498 2365 2545 et
2393 2488 2661 2545 contraria
2719 2484 2884 2554 priori
2924 2499 3032 2538 suae
3071 2483 3328 2537 doctrina:
3364 2482 3641 2548 docentes,
3670 2491 3725 2539 et
3747 2485 3904 2552 quod

2312 2589 2560 2651 oporteat
2584 2578 2827 2634 conﬁteri
2858 2577 2909 2631 in
2939 2575 3197 2645 templum
3233 2583 3394 2644 atque
3431 2575 3814 2630 inhabitantem
3841 2577 3898 2630 in

2311 2690 2395 2728 eo.
2420 2694 2437 2725 ι
2463 2672 2635 2740 Atque
2652 2672 2764 2725 lucc
2779 2669 2992 2739 quidem
3018 2668 3069 2722 in
3097 2675 3395 2722 memorata
3416 2667 3641 2736 epistola
3662 2667 3897 2735 sparsim

2312 2766 2581 2825 intricata,
2600 2762 2877 2817 manifeste
2898 2760 3050 2815 vobis
3071 2759 3140 2814 ob
3162 2758 3346 2813 oculos
3376 2774 3578 2827 ponere
3598 2760 3774 2815 conati
3796 2778 3898 2817 su-

2312 2872 2448 2918 mus,
2470 2863 2543 2919 ut,
2563 2854 2663 2908 etsi
2691 2867 2836 2917 sero,
2855 2850 3178 2920 quandoque
3205 2857 3405 2916 tamen,
3426 2859 3573 2905 recta
3592 2851 3898 2920 cogitantes

2314 2948 2381 3001 ab
2410 2944 2589 3015 pravis
2632 2944 2696 2998 iis
2727 2941 3147 3013 epinationibus,
3179 2940 3556 3010 erroribusque
3583 2942 3893 3000 discedatis.

691 3043 927 3103 τοσαύτη
967 3041 1021 3099 δέ
1066 3045 1201 3099 ἐστιν
1230 3046 1260 3103 ἦ
1289 3053 1378 3107 τῆς
1403 3050 1642 3123 μυσαρᾶς
1682 3046 1946 3107 ἐπιστολῆς
1974 3048 2203 3114 ἀσέϐεια,

2383 3036 2551 3091 Tanta
2579 3050 2744 3105 porro
2772 3033 3049 3088 sceleratae
3078 3032 3215 3086 illius
3244 3032 3486 3100 epistola:
3511 3040 3594 3089 est
3620 3034 3897 3105 impietas,

623 3133 703 3202 ὅτι
722 3133 833 3188 ούδέ
857 3135 1002 3202 ὑμεῖς
1022 3138 1321 3208 ἐτολμήσατε
1343 3140 1531 3204 πάντα,
1570 3140 1637 3197 ὡς
1678 3137 1873 3212 εἴρηται
1898 3180 1910 3199 .
1942 3142 2009 3195 τά
2028 3160 2203 3215 περιε-

622 3225 815 3305 χόμενα
839 3226 967 3301 αὐτῇ
987 3235 1097 3287 τοῖς
1119 3229 1244 3304 παρ’
1258 3230 1288 3282 ύ
1296 3237 1402 3299 μῶν
1421 3235 1638 3303 πεμγθεῖ
1641 3253 1722 3287 σιν
1739 3232 2023 3305 κεφαλαίοις
2050 3234 2204 3287 ἐνθεῖ-

622 3338 722 3378 mi.
756 3317 798 3369 εί
824 3320 905 3370 καί
923 3339 1035 3373 τινα
1054 3320 1105 3382 ἐξ
1128 3321 1290 3374 αὐτῶν
1310 3319 1682 3396 διεστραμμένη
1722 3324 1882 3399 ἐννοίᾳ
1914 3325 2202 3401 ἑρμηνεύειν

620 3408 932 3479 ίπειράθητε.
955 3411 1042 3469 Τίς
1068 3413 1169 3486 γὰρ
1200 3423 1523 3487 χριστιανοῖς
1550 3414 1764 3470 δύναται
1788 3420 2202 3490 συναριθμεῖσθαι

621 3507 691 3575 μή¹
713 3503 866 3575 λέγων
905 3505 1067 3563 ἀσεϐῆ
1095 3513 1185 3563 τήν
1215 3507 1503 3573 ἐπιστολὴν,
1549 3509 1598 3561 ἐν
1704 3515 1939 3565 τοιαῦται
1955 3514 2037 3565 καί
2074 3532 2200 3566 τοσ-

619 3601 767 3665 αὗται
806 3598 1139 3668 περιέχονται
1177 3599 1514 3672 βλασφημίαις
1563 3613 1617 3656 ‘0
1656 3606 1757 3677 γάρ
1806 3609 1894 3662 τὴν
1934 3605 2202 3663 ἐπιστολήν

618 3684 827 3740 ἐκδικῶν
850 3694 939 3746 τήν
964 3690 1048 3743 τὸν
1075 3690 1209 3761 ἅγιον
1238 3690 1471 3767 κύριλλον
1502 3694 1745 3766 α’ρετικόν
1781 3695 2035 3749 καλοῦσαν
2055 3737 2070 3761 ,
2120 3702 2202 3751 καί

624 3782 705 3832 τὴν
733 3774 988 3851 ένἘφίσῳ
1034 3785 1240 3855 πρώτην
1291 3782 1498 3837 σύνοδον
1552 3785 1926 3850 ἐκϐάλλουσαν,
1975 3795 2201 3858 φανερῶς

619 3866 889 3942 Νεστόριον
930 3874 1014 3923 καί
1054 3877 1143 3930 τὴν
1192 3874 1343 3927 αὐτοῦ
1392 3874 1629 3928 ἀσέϐειαν
1672 3873 1905 3945 δέχεται,
1939 3873 1990 3930 ὃν
2017 3880 2047 3935 ἡ
2075 3880 2201 3937 αύτή

618 3959 849 4019 ἐπιστολή
877 3960 1007 4034 λέγει
1054 3962 1181 4034 δίχα
1226 3967 1443 4039 κρίσεως
1484 3968 1569 4019 καί
1616 3971 1873 4030 ζητήσεως
1924 3969 2199 4025 καταδικα-

618 4050 812 4115 coibat,
834 4056 919 4107 καί
944 4055 1003 4109 ού
1026 4052 1108 4109 διὰ
1128 4058 1193 4110 τὰ
1234 4055 1485 4128 δόγματα,
1513 4056 1637 4112 άλλά
1663 4057 1745 4112 διὰ
1790 4062 1849 4115 τό
1897 4070 2057 4133 μῖσος
2100 4072 2199 4119 τῶν

618 4144 826 4200 πολιτῶν
854 4150 925 4207 εἰς
947 4152 1035 4206 τὴν
1065 4149 1319 4206 ἐκκλησίαν
1356 4155 1425 4221 μή
1460 4152 1805 4225 ύποστρέψαι·
1836 4156 1935 4207 καί.
1956 4157 2013 4207 ού
2057 4158 2201 4223 μόνον

614 4237 685 4292 εἰς
708 4240 861 4290 τοῦτο
902 4235 1179 4312 ἁμαρτάνει
1228 4239 1252 4293 ὁ
1303 4248 1391 4298 τήν
1438 4242 1596 4299 ἀσεϐῆ
1647 4242 1907 4301 ἐπιστολήν
1954 4243 2195 4309 ἐκδικῶν,

614 4323 735 4377 ἀλλὰ
756 4328 840 4378 καί
866 4328 1146 4383 Βελεστῐνον
1173 4330 1258 4384 τόν
1301 4331 1476 4385 Πάπαν
1503 4330 1847 4397 καταδικάζει,
1881 4336 1967 4389 τόν
1996 4336 2200 4393 εἰπόντα

615 4419 730 4490 περί
753 4420 1009 4493 κυρίλλου,
1065 4418 1145 4475 ὅτι
1189 4424 1218 4481 ἠ
1260 4424 1437 4483 πίστις
1481 4425 1738 4499 κυρίλλου,
1778 4427 1999 4500 ἡμετέρα
2028 4430 2201 4489 πίστις
2229 4434 2277 4493 D

614 4508 769 4563 ἐστίν·
802 4516 884 4565 καί
916 4510 941 4566 ὃ
972 4506 1037 4566 τά
1061 4511 1253 4567 δώδεκα
1281 4516 1519 4586 κεφάλαια
1546 4522 1636 4570 τοῦ
1667 4517 1716 4569 ἐν
1746 4515 1905 4588 ἁγίοις
1938 4520 2199 4593 κυρίλλου,

617 4599 810 4654 ἔναντία
920 4604 1039 4677 ὀρθῇ
1066 4607 1238 4657 πίστει
1266 4604 1423 4675 λείχων
1454 4608 1740 4681 ὑπάρχειν,
1774 4609 1831 4662 ού
1872 4609 2016 4679 μόνον
2052 4614 2200 4667 αὐτόν

614 4692 699 4743 τίν
742 4692 789 4743 ἐν
826 4691 985 4761 ἁγίοις
1016 4694 1264 4767 nepam,
1298 4698 1384 4749 καί
1426 4699 1510 4750 τὶν
1559 4698 1610 4750 ἓν
1651 4702 1878 4773 μακαρίᾳ
1924 4708 1986 4774 τῇ
2029 4707 2197 4774 μνήμη

614 4780 921 4845 ιιελεστῖνον,
938 4785 1022 4835 καί
1046 4788 1135 4840 τήν
1162 4786 1366 4858 πρώτην
1390 4785 1436 4837 ἐν
1451 4785 1639 4857 Ἐφέσῳ
1661 4787 1870 4842 σύνοδον
1886 4792 2195 4865 κατακρίνει,

613 4872 735 4927 άλλά
762 4876 848 4927 καί
875 4879 963 4931 τὴν
991 4876 1041 4927 ἐν
1064 4875 1337 4934 Χαλκηδόνι
1366 4877 1574 4932 σύνοδον
1603 4878 1948 4947 καταδικάζει,
1973 4887 2063 4941 τήν
2091 4905 2194 4938 πα-

613 4966 733 5037 τέρα
784 4970 868 5019 καί
919 4964 1221 5021 διδάσκαλον
1276 4967 1400 5024 ἴδιον
1448 4970 1677 5047 κύριλλον
1732 4972 2191 5049 ἐπιγραψαμένην·

611 5053 759 5109 ὁπότε
786 5059 868 5108 καί
894 5058 1083 5110 Λέοντα
1109 5060 1193 5112 τὸν
1216 5061 1264 5112 ἓν
1294 5060 1452 5133 ἁγίοις
1474 5064 1649 5118 πάπαν
1671 5067 1859 5135 Ῥώμης
1891 5066 2077 5136 ὁμοίως
2102 5090 2196 5123 κα-

615 5152 886 5230 ταδικάζει,
937 5152 990 5215 ὃς
1037 5159 1164 5233 πρὸς
1190 5164 1279 5218 τὴν
1328 5162 1375 5214 ἐν
1414 5161 1688 5220 Χαλκηδόνι
1730 5162 1939 5219 σύνοδον
1967 5164 2193 5240 γράφων,

609 5244 743 5323 ε’πεν
773 5250 892 5325 περὶ
915 5256 1014 5303 τῶν
1040 5248 1232 5306 δώδεκα
1263 5255 1535 5326 κεφαλαίων
1564 5263 1653 5310 τοῦ
1677 5257 1725 5309 ἐν
1747 5256 1904 5329 ἁγίοις
1933 5260 2191 5332 ιίυρίλλου⁹

612 5353 629 5385 ε
665 5338 723 5389 Οί
754 5334 868 5415 δροι
893 5340 937 5393 οί
966 5343 1359 5413 προ;νεχθὲντες
1405 5347 1537 5399 κατὰ
1581 5348 1857 5419 Νεστορίου
1908 5352 2049 5424 παρά
2102 5364 2194 5402 ιυ-

607 5427 772 5502 ρίλλου
811 5436 905 5507 τοῦ
929 5439 1021 5515 τῆς
1048 5431 1195 5503 ἁγίας
1223 5435 1421 5503 μήμης
1448 5436 1494 5487 ἐν
1516 5434 1710 5506 βεϐαίῳ
1736 5437 2044 5506 μενέτωσαν.
2061 5456 2080 5489 ε

678 5656 844 5711 πάσης
870 5650 923 5707 δέ
943 5653 1184 5715 ἀσεϐείας
1209 5656 1577 5728 πεπληρωμέδη
1612 5660 1644 5717 ἡ
1673 5660 1883 5736 μυσαρά
1917 5660 2190 5727 ἐπιστολή.

609 5742 658 5795 ἐν
690 5744 835 5797 μόνον
862 5752 960 5807 τῶν
1000 5746 1188 5807 ἀληθῶν
1232 5748 1527 5821 αποκρύψαι
1556 5750 1647 5803 οὐκ
1668 5747 1920 5819 ἴσχυσεν,
1966 5748 2049 5805 ὅτι
2089 5753 2191 5805 διπό

610 5833 878 5903 saccariam
906 5838 982 5900 καί
1016 5834 1170 5905 ἁγίων
1206 5838 1478 5908 ἀνθρώπων
1506 5836 1769 5914 Θεόδωρος
1796 5838 1888 5894 ἀπ’
1925 5840 2191 5901 ἐκκλησίας

685 5946 701 5961 ⁹
741 5943 953 5997 l'hrasis
999 5946 1217 6020 omnino
1254 5949 1476 6020 vitiosa,
1522 5966 1639 6020 qua:
1664 5994 1678 6015 ,
1720 5954 1763 6008 si
1803 5953 1970 6009 (ζετεεί
2013 5960 2191 6010 textus

614 6020 773 6078 ηιξκιε
812 6014 1241 6095 antecedentium
1264 6019 1397 6074 ratio
1430 6014 1721 6083 habeatur,
1765 6023 1843 6078 sic
1876 6026 2188 6099 corrigenda

2306 3138 2365 3184 ut
2392 3143 2567 3197 neque
2594 3141 2691 3181 vos
2720 3125 2819 3195 ipsi
2848 3124 2963 3180 ausi
2993 3124 3127 3189 sitis,
3153 3132 3211 3177 ut
3236 3124 3449 3190 dicitur,
3483 3124 3728 3180 universa
3768 3140 3895 3196 qua:

2305 3221 2418 3293 ipsa
2447 3217 2841 3289 complectitur,
2886 3216 2944 3270 in
2988 3216 3254 3285 capitibus
3313 3230 3433 3284 qua:
3462 3214 3709 3282 misistis,
3757 3231 3894 3286 pro-

2303 3324 2505 3382 ponere
2531 3350 2546 3377 ,
2594 3322 2899 3377 quanquam
2944 3308 3199 3360 nonnulla
3244 3322 3497 3376 perversa
3534 3307 3900 3376 explicatione

2305 3398 2647 3468 interpretari
2681 3397 3031 3451 tentaveritis.
3079 3396 3207 3463 Quis
3247 3397 3387 3451 enim
3433 3397 3748 3455 Christianis
3787 3401 3894 3455 erit

2303 3487 2768 3550 adnumerandus,
2800 3489 2888 3557 qui
2916 3503 3031 3541 eam
3066 3488 3281 3556 impiam
3322 3503 3426 3541 non
3456 3487 3626 3553 dicat,
3661 3504 3780 3560 qua:
3812 3500 3896 3545 tot

2304 3589 2589 3649 tantasque
2620 3579 2861 3632 continet
2890 3578 3285 3647 blasphemias?
3322 3576 3571 3646 Quisquis
3599 3580 3739 3637 enim
3772 3579 3892 3649 ejus

2302 3670 2539 3742 cpistola:
2570 3667 2939 3723 defensionem
2968 3668 3187 3738 suscipit
3216 3668 3266 3721 in
3296 3683 3399 3736 qua
3430 3668 3487 3723 S.
3518 3669 3744 3739 Cyrillus
3773 3670 3893 3726 h:e-.

2302 3762 2504 3816 reticus
2540 3757 2871 3830 appellatur,
2901 3758 3178 3829 primaque
3218 3757 3482 3828 Ephesina
3522 3760 3766 3829 rejicitur
3794 3777 3885 3831 sy-

2305 3852 2494 3915 nodus,
2520 3851 2608 3904 hic
2632 3848 2915 3903 manifeste
2932 3857 3092 3903 stata
3117 3848 3342 3905 Nestorii
3371 3848 3631 3919 partibus,
3661 3848 3892 3918 ejusque

2303 3941 2542 3995 aiincret
2582 3940 2843 4009 impietati
2870 3954 3085 4007 ,iquem
3117 3940 3234 4009 ipsa
3281 3940 3509 4009 epistola
3542 3940 3890 4010 inquisitione

2297 4031 2606 4100 judicioque
2643 4031 2726 4086 bis
2753 4030 3064 4085 damnatum
3096 4029 3259 4085 fuisse
3296 4030 3492 4085 fatetur
3520 4030 3757 4099 quidem,
3788 4031 3887 4091 sed

2304 4137 2411 4174 non
2440 4120 2749 4188 dogmatum
2779 4135 2976 4187 causa,
3004 4136 3189 4175 verum
3221 4121 3416 4175 civium
3447 4121 3572 4175 odio
3602 4120 3669 4175 ad
3697 4120 3883 4184 Eccle-

2303 4204 2435 4265 siam
2463 4226 2569 4264 non
2600 4226 2718 4265 esse
2742 4196 3016 4265 reversum
3042 4211 3059 4230 '
3089 4228 3101 4263 :
3129 4219 3289 4279 atque
3312 4228 3416 4265 non
3441 4212 3646 4281 peccati
3664 4227 3787 4266 reus
3804 4219 3889 4269 est

2303 4303 2463 4358 modo
2494 4303 2563 4357 ob
2592 4304 2729 4358 hanc
2753 4319 2992 4371 causam,
3022 4304 3111 4374 qui
3140 4303 3256 4372 ejus
3281 4305 3521 4374 epistola:
3555 4313 3732 4360 tuetur
3764 4321 3884 4376 pars

2305 4403 2387 4449 tes
2410 4435 2424 4459 ,
2471 4410 2655 4448 verum
2686 4395 2809 4463 quia
2837 4392 3187 4449 Caelestinum
3216 4410 3431 4463 quoque
3462 4411 3656 4465 papam
3685 4398 3886 4452 condes

2304 4493 2455 4539 mnat
2477 4524 2491 4548 ,
2533 4485 2601 4559 de
2637 4484 2836 4555 Cyrillo
2866 4486 3130 4540 dicentem
3156 4527 3170 4550 ,
3223 4485 3406 4558 Cyrilli
3452 4487 3610 4540 ﬁdem
3647 4497 3881 4542 nostram

2302 4571 2463 4627 ﬁdem
2486 4589 2624 4629 esse.
2649 4574 2726 4629 Ac
2745 4575 3078 4649 pariter,qui
3101 4576 3383 4631 duodecim
3413 4592 3475 4631 ea
3505 4579 3675 4631 sancti
3700 4577 3885 4650 Cyrilii

2301 4665 2476 4735 capita
2508 4680 2626 4719 cum
2659 4675 2806 4719 recta
2830 4663 2932 4719 ﬁde
2962 4678 3199 4735 pugnare
3222 4667 3520 4732 contendit,
3552 4668 3596 4721 is
3624 4682 3732 4722 non
3763 4683 3881 4722 san-

2299 4763 2444 4807 ctum
2474 4752 2729 4824 Cyrillum
2759 4754 2919 4808 modo
2949 4764 3111 4823 atque
3144 4756 3315 4813 beata}
3343 4756 3613 4811 memoria:
3641 4756 3880 4815 C(elestir

2300 4858 2459 4907 num,
2490 4842 2826 4913 primamque
2856 4843 3183 4913 Ephesinam
3207 4845 3470 4915 synodum
3499 4845 3757 4910 damnat,
3790 4844 3876 4899 sed

2298 4936 2553 4989 adversus
2590 4950 2805 5005 quoque
2846 4944 3091 4990 sanctum
3122 4935 3560 4993 Chalcedonense
3597 4939 3875 4999 concilium

2291 5026 2549 5095 judicium
2578 5028 2681 5082 fert
2702 5027 2844 5097 quod
2866 5027 3123 5103 Cyrillum
3152 5029 3365 5098 scriptis
3394 5030 3603 5084 Patrem
3633 5044 3752 5090 esse
3780 5028 3873 5093 sibi

2297 5126 2458 5185 atque
2487 5116 2764 5170 doctorem
2794 5117 3117 5181 declaravit;
3168 5127 3328 5186 atque
3377 5118 3593 5187 insuper
3629 5119 3876 5173 adversus

2300 5216 2545 5262 sanctum
2588 5204 2824 5260 Leonem
2869 5204 3232 5260 Romanorum
3280 5206 3625 5276 pontificem,
3682 5208 3771 5277 qui
3816 5204 3873 5258 ad

2301 5296 2749 5371 Clialcedonense
2852 5297 3139 5351 concilium
3196 5299 3435 5353 scribens
3489 5299 3557 5352 de
3601 5298 3872 5353 duodecim

2302 5387 2472 5441 sancti
2518 5386 2701 5456 Cyrilli
2738 5386 3001 5456 capitibus
3045 5387 3159 5441 hzec
3202 5387 3365 5441 habet
3402 5386 3873 5442 :,t.Dciinitiones

2303 5478 2560 5533 adversus
2594 5478 2896 5533 Nestorium
2932 5479 2998 5532 ab
3026 5488 3225 5533 sancte
3252 5480 3641 5535 recordationis
3682 5478 3871 5551 Cyriilo
3944 5488 3947 5553 ρ

2305 5572 2593 5641 propositae
2642 5572 2693 5624 in
2725 5579 2843 5625 tuto
2885 5575 3233 5641 perstiterunt
3262 5572 3455 5646 [arma
3491 5570 3814 5644 persistant].
3849 5585 3863 5617 ι
3942 5598 3943 5611 ι

2372 5660 2690 5728 Quanquam
2731 5675 2861 5715 vero
2902 5662 3077 5716 omnis
3113 5662 3272 5731 plena
3302 5665 3372 5719 sit
3409 5663 3705 5745 iniquitatis
3738 5672 3871 5718 em

2301 5751 2515 5813 crabilis
2544 5766 2609 5804 ea
2637 5751 2897 5819 epistola,
2940 5767 3099 5805 unam
3130 5761 3305 5808 tamen
3337 5756 3555 5809 minime
3586 5757 3764 5811 celare
3794 5765 3867 5821 ιιο·
3936 5764 3937 5779 ‘

2300 5844 2403 5899 tuit
2436 5844 2736 5907 veritatem,
2773 5842 3059 5898 Theodoro
3087 5844 3293 5899 scilicet
3320 5855 3441 5917 post
3470 5856 3696 5901 mortem
3724 5846 3861 5902 etiam
3932 5884 3933 5895 χ

2298 5962 2381 6035 est
2415 5971 2425 6004 :
2609 5968 2755 6023 quem
2795 5954 2906 6035 ipsa
2937 5955 3139 6023 epislol.
3170 5972 3285 6011 sm:
3323 5958 3665 6035 inquis._jud.
3705 5956 3853 6019 (Iqu

2300 6026 2456 6093 fuisse
2485 6039 2643 6088 DIClT,
2679 6038 2766 6096 περι·
2799 6024 2969 6097 dagm.
3004 6041 3179 6092 causa,
3210 6024 3491 6081 verum}...
3525 6024 3673 6086 [Cum
