4148 6438
581 334 718 399 ΠΠΞὶ

1838 340 2284 406 JUSTINIANI
2331 341 2487 401 IMP.

3679 335 3813 399 ιωδο

560 459 626 511 τὰ
653 454 773 526 ἅγια
801 454 1089 527 εὐαγγέλια,
1121 449 1236 505 οῦτε
1280 449 1306 504 ό
1343 451 1660 514 ἀπόστολος,
1712 448 1827 504 οὔτε
1872 451 1924 504 αἱ
1963 452 2129 504 λοιπαὶ

2237 457 2442 502 morata
2471 447 2646 514 capita
2692 447 3092 516 oppugnabant.
3142 445 3210 500 Ut
3239 446 3379 501 enim
3411 461 3504 500 vos
3533 445 3632 517 ipsi
3677 446 3809 503 fate-

559 549 683 600 εεῖαι
702 547 886 618 γραφαί
911 543 1082 596 δεκταί
1104 545 1251 601 εἰσιν,
1279 545 1322 595 εἰ
1343 545 1412 611 μὴ
1437 540 1513 596 ὅτι
1537 543 1578 595 οί
1605 540 1740 613 ἅγιοι
1765 544 1981 618 πατέρες
2006 539 2136 597 ταὺ-

559 658 652 696 τας
677 639 1008 713 ἡρμήνευσαν.
1039 633 1298 708 Ἐρυθριᾷν
1333 632 1385 687 δέ
1427 634 1639 704 ὀφείλετε
1667 634 1929 704 λέγοντες,
1971 632 2050 688 ὅτι
2091 635 2136 686 οἱ

559 727 833 781 ἀνατολικοί
852 726 895 779 οἵ
919 725 1185 799 Νεστόριον
1214 723 1517 784 ἐκδικοῦντες
1547 723 1773 788 ἐδέξαντο
1793 725 1875 780 τόν
1904 727 1954 780 ἐν
1975 723 2137 796 ἀγίοις

560 819 792 892 ιῦριλλον
819 820 885 873 τά
903 815 1010 871 ἴδια
1038 815 1278 888 κεφάλαια
1304 818 1663 892 ἐρμηνεὺοντα.
1690 816 1770 870 Ἐκ
1792 823 1878 871 τοῦ
1907 817 2135 872 ἐναντίου

514 917 522 984 ξ
557 911 653 980 γάρ
684 911 714 967 ἡ
761 909 1069 966 ἀποστολική
1109 906 1322 982 καθέδρα
1365 911 1582 977 Ῥώμης,
1629 910 1714 962 καί
1753 906 1986 984 κύριλλος
2032 907 2136 962 ὀέν

557 999 718 1070 ἁγίοις
740 1000 858 1058 τοὺς
879 999 1197 1057 ἀνατολικοὺς
1221 998 1526 1057 ἐπισκόπους
1546 1018 1730 1071 κατακρ
1743 998 1932 1056 ’ναντας
1952 997 2137 1052 Νεστό-

557 1111 685 1164 ριον,
724 1092 810 1142 καί
834 1095 922 1146 την
950 1091 1103 1142 αὑτοῦ
1133 1089 1398 1153 ἀσέϐειαν,
1433 1092 1502 1149 εἰς
1532 1092 1782 1142 κοινωνίαν
1809 1087 2037 1151 ἐδέξαντο
2067 1091 2136 1148 ὡς

556 1185 640 1235 irai
665 1181 690 1236 ό
716 1184 765 1234 ἐν
803 1181 957 1254 ἁγίοις
989 1185 1166 1239 πάπας
1195 1182 1379 1248 Ῥώμης
1419 1182 1617 1239 Ξὺστος
1645 1177 1850 1254 γράφων
1887 1181 2017 1248 μετά
2045 1186 2136 1239 τῆς

559 1270 689 1330 ἰδίας
719 1266 937 1324 συνόδου
965 1269 1092 1344 πρὸς
1120 1272 1204 1322 τόν
1239 1273 1288 1321 ἐν
1312 1269 1472 1340 ἀγίοις
1503 1269 1754 1343 Κὺριλλον,
1789 1272 1870 1321 καὶ
1897 1271 2015 1327 τοὺς
2043 1292 2135 1323 κα·-

559 1359 756 1428 μάτους
801 1362 1016 1414 ἐπαινῶν
1059 1362 1176 1417 τοὺς
1222 1361 1375 1412 αὑτοῦ
1423 1362 1543 1419 τοὺς
1589 1361 1719 1432 ὑπὲρ
1766 1366 1856 1418 τῆς
1907 1359 2136 1420 ἐδώσεως

557 1455 842 1523 γενομένους
869 1454 1053 1521 μεταξὺ
1083 1448 1241 1506 ἄλλων
1272 1451 1432 1511 οὕτως
1462 1447 1614 1504 εἶπεν·
1647 1467 1664 1500 ε
1685 1451 1978 1508 Ἑπανῆλθον
2005 1453 2134 1526 πρὸς

558 1547 692 1611 ἡμᾶς
767 1541 811 1593 οί
850 1540 1083 1612 ἀδελφοί,
1113 1541 1240 1615 πρός
1276 1542 1408 1609 ἡμᾶς
1436 1561 1581 1610 φημι,
1613 1545 1660 1601 οἳ
1701 1546 1790 1598 τήν
1821 1541 1966 1593 νόσον
1999 1548 2134 1615 κοινῇ

559 1630 760 1706 σπουδῇ
810 1629 1178 1694 ἀποδιώξαντες
1240 1638 1332 1690 τῆς
1380 1638 1482 1685 τῶν
1534 1630 1723 1700 ψυχῶν
1776 1631 2133 1706 ἐφροντίσαμεν

556 1726 843 1797 θεραπείας.
875 1742 894 1774 ι
941 1728 1026 1778 καί
1052 1725 1228 1778 πάλιν·
1267 1740 1286 1774 ε
1316 1725 1619 1795 Εὐφραίνου,
1649 1723 1821 1796 ἀδελφέ
1868 1727 2130 1796 ἀγαπητέ,

2236 538 2384 601 mini,
2418 552 2593 605 neque
2620 545 2804 590 sancta
2833 536 3136 605 Evangelia,
3173 552 3344 604 neque
3373 535 3682 606 Apostolus,
3710 551 3812 596 nec

2233 628 2453 698 reliquae
2479 627 2670 683 divina:
2694 629 2882 683 iitterae
2904 630 3308 699 perciperentur
3328 629 3472 694 satis,
3504 630 3606 684 nisi
3634 641 3813 686 essent

2235 734 2265 772 a
2291 722 2492 774 sanctis
2515 719 2760 775 Patribus
2781 722 3158 791 interpretare.
3185 722 3450 776 Caeterum
3477 723 3530 776 in
3560 739 3657 777 vos
3673 724 3816 793 ipsos

2235 820 2552 879 argumenta
2602 811 2932 868 confusionis
2985 815 3294 880 congeritis,
3327 816 3532 868 aientes
3574 821 3701 868 tunc
3748 815 3816 870 ah

2235 900 2468 957 Orientis
2493 902 2721 958 Nestorii
2751 905 3239 973 propugnatoribus
3269 913 3543 973 receptum
3569 919 3688 960 esse
3712 905 3816 974 Cy-

2237 995 2438 1057 rillum,
2470 1009 2591 1048 cum
2621 1009 2716 1048 sua
2744 994 2978 1062 capitula
3023 995 3378 1062 exposuisset.
3425 992 3626 1047 Contra
3665 1009 3816 1047 nam-

2236 1101 2342 1156 que
2369 1084 2662 1153 apostolica
2685 1083 2925 1137 Romana
2950 1083 3122 1146 sedes,
3153 1093 3312 1154 atque
3339 1083 3570 1152 Cyrillus’
3587 1084 3639 1137 in
3663 1099 3816 1138 suam

2237 1181 2666 1235 communionem
2715 1179 3046 1233 admiserunt
3074 1179 3358 1248 episcopos
3384 1179 3475 1247 qui
3523 1179 3576 1232 in
3621 1177 3816 1232 Nesto-

2237 1273 2372 1324 rium
2395 1271 2714 1325 sententiam
2746 1269 3013 1335 dixerant,
3045 1269 3266 1337 ejusque
3306 1269 3636 1337 impietatem
3683 1284 3786 1322 con

2235 1361 2635 1414 demnaverant.
2669 1359 2850 1428 Itaque
2879 1367 3096 1414 sanctus
3126 1359 3239 1426 ipse
3267 1357 3541 1411 Romanus
3577 1366 3707 1427 pont
3730 1357 3818 1413 fex

2237 1452 2449 1523 Xystus,
2485 1467 2604 1507 cum
2627 1452 2856 1505 concilio
2897 1466 2995 1503 suo
3037 1450 3104 1503 ad
3141 1449 3198 1502 S.
3248 1448 3505 1519 Cyrillum
3554 1449 3818 1512 scribens,

2237 1540 2553 1608 laboresque
2574 1540 2641 1593 ab
2670 1555 2736 1593 eo
2763 1555 2859 1610 pro
2891 1537 3143 1592 Ecclesia:
3169 1536 3377 1592 unitate
3398 1545 3674 1606 susceptos
3697 1538 3816 1590 lano

2235 1631 2367 1686 dans
2398 1631 2534 1685 inter
2560 1640 2750 1684 extera
2779 1631 2889 1684 haec
2911 1629 3071 1683 habet
3096 1647 3109 1682 :
3142 1647 3158 1680 ι
3199 1627 3279 1682 Ad
3309 1644 3406 1681 nos
3447 1628 3647 1682 reversi
3692 1635 3820 1682 sunt

2235 1723 2448 1785 fratres,
2471 1723 2534 1775 ad
2559 1738 2679 1789 nos,
2703 1722 2938 1790 inquam,
2963 1721 3054 1790 qui
3077 1722 3319 1774 morbum
3343 1720 3609 1774 communi
3639 1719 3820 1773 studio

556 1815 794 1887 καὶπρὸς
831 1816 965 1884 ἡμᾶς
1007 1815 1090 1867 ἐπὶ
1132 1817 1484 1882 συναχθέντων
1524 1822 1622 1868 τῶν
1668 1813 1884 1886 ἀδελφῶν
1934 1817 2129 1875 uxorii:

2239 1823 2618 1883 persequentes
2667 1814 2964 1866 animarum
3011 1812 3311 1866 curavimus
3353 1811 3654 1865 sanitatem.
3693 1829 3711 1862 ι
3749 1810 3819 1866 Et

555 1902 791 1972 ἀγαλλιῶ.
825 1899 1013 1964 Ἐζήτει
1034 1904 1064 1960 ἡ
1093 1903 1320 1961 ἐκκλησία
1348 1902 1433 1964 οὓς
1455 1903 1726 1958 ἀπέλαϐεν.
1755 1907 1809 1956 Εἰ
1829 1903 1924 1976 γὰρ
1947 1901 2135 1972 μηδένα

555 2002 654 2048 τῶν
675 2000 864 2068 μικρῶν
891 1994 1165 2048 ἀπολέσθαι
1193 1995 1415 2063 θέλομεν,
1444 1995 1590 2066 πόσῳ
1621 1996 1804 2066 μᾶλλον
1831 1995 1910 2050 δεῖ
1935 2001 2137 2069 χαίρειν

557 2089 688 2153 ἡμᾶς
711 2087 798 2139 ἐπὶ
824 2094 885 2156 τῇ
907 2087 1072 2159 ὑγιείᾳ
1096 2093 1194 2139 τῶν
1221 2089 1534 2158 ἡγουμένων;
1567 2085 1850 2160 ’Λνέγνομεν
1876 2086 1998 2158 [leg.
2033 2091 2136 2142 ἀνέ-

556 2179 766 2248 ’χνωμσνξ
784 2177 946 2236 πόσην
969 2179 1145 2252 χαράν
1158 2180 1424 2255 παρέσχεν
1441 2177 1489 2230 ἓν
1513 2178 1768 2254 πρόϐατον
1786 2181 2133 2249 ἀνακομισθὲν,

557 2270 809 2322 καὶτοῦτο
827 2269 1006 2320 ἐννοεῖν
1029 2267 1298 2340 ὀφείλομεν,
1325 2270 1486 2322 πόσον
1505 2267 1703 2323 ἔπαινον
1727 2268 1760 2323 ἴ
1754 2290 1842 2340 χει
1858 2273 2136 2330 τοσούτους

557 2359 799 2427 ποιμένας
831 2358 1260 2430 συγκαλέσασθαι.
1283 2356 1359 2412 Ἐν
1383 2360 1584 2430 ἑκάστῳ
1609 2362 1780 2432 ἀγέλαι
1811 2364 2132 2432 θεωροῦνται,

557 2449 664 2518 οὑχ
693 2450 800 2509 ἑνὸς
834 2451 1044 2506 ἐνταῦθα
1081 2453 1138 2507 τό
1175 2459 1394 2527 πρᾶγμα
1426 2459 1668 2517 ζητεῖται,
1705 2453 1881 2513 ὁσάκις
1915 2457 2135 2528 πράττε-

559 2559 644 2592 ται
669 2543 786 2612 περί
813 2549 903 2602 τῆς
931 2541 1124 2613 ὑγιείας
1152 2550 1250 2598 τῶν
1287 2545 1498 2598 πολλῶν.
1533 2563 1551 2595 ι
1588 2548 1674 2598 καί
1699 2545 1869 2599 πάλιν·
1900 2563 1916 2595 ε
1944 2547 2135 2619 Χαίρω·

560 2649 650 2704 μεν
680 2628 762 2682 ἐπί
783 2637 853 2700 τῷ
877 2631 1137 2684 καλεῖσθαι
1163 2633 1247 2686 τὸν
1269 2634 1358 2691 τῆς
1377 2632 1675 2701 ’Δντιοχέων
1705 2634 1966 2693 ἐκκλησίας
1996 2635 2136 2707 ἱερέα

559 2719 703 2794 παρά
727 2727 818 2778 τῆς
847 2727 939 2778 σῆς
984 2719 1270 2791 ἁγιωσύνης
1312 2720 1405 2778 ἠδη
1441 2729 1526 2775 νῦν
1568 2722 1933 2776 εὑλαϐἐστατον
1976 2719 2136 2796 ἄνδρα

560 2809 639 2874 καί
661 2809 848 2881 κύριον
879 2813 964 2864 καί
991 2811 1194 2871 εἰκότως
1215 2812 1444 2868 καλεῖται
1472 2815 1659 2888 κύριος,
1684 2813 1855 2872 ἐπειδὴ
1876 2815 1962 2868 τόν
1983 2815 2134 2868 κοινόν

559 2899 729 2971 κύριον
765 2901 978 2972 ἐπέγνω,
1012 2899 1065 2962 ὃς
1106 2904 1163 2958 τό
1206 2911 1297 2964 τῆς
1332 2907 1638 2982 σαρκώσεως
1668 2909 1823 2959 αὑτοῦ
1855 2910 2078 2982 μυστήρι
2110 2931 2135 2960 ν

559 2991 800 3063 όρθοᾶόξῳ
823 3002 954 3067 φωνῇ
979 2994 1084 3067 μεθ’
1110 2997 1250 3064 ἡμῶν
1273 2996 1557 3070 ὁμολογεῖ.»
1585 3003 1671 3052 Καὶ
1693 3001 1857 3053 πάλεν’
1893 3018 1911 3050 t
1945 3003 2135 3054 Εὑκταί

558 3083 660 3135 εἰσι
707 3079 790 3135 διὰ
830 3086 1020 3145 παντὸς
1063 3085 1114 3138 αἱ
1143 3086 1331 3157 θλίψεις
1359 3097 1431 3161 τῷ
1463 3095 1553 3146 τὴν
1588 3093 1764 3143 πίστιν
1805 3091 2130 3165 κηρύσσοντι.

557 3177 645 3237 δαί
671 3176 770 3248 γάρ
815 3180 1014 3238 τούτοις
1057 3181 1185 3249 μετά
1225 3187 1545 3255 μακαρισμοῦ
1585 3183 1825 3242 πλούσιος
1865 3185 2044 3252 μισθός
2089 3185 2135 3236 ἐν
2161 3221 2205 3281 C

556 3271 668 3335 τοῖς
713 3266 935 3341 οὐρανοῖς
983 3270 1316 3340 ἡτοίμασται,
1366 3268 1439 3330 οἷς
1486 3273 1617 3348 ὑπὲρ
1673 3283 1764 3332 τῆς
1811 3272 2132 3334 ,δικαιοσύνης

557 3352 758 3427 ὕϐρεις,
791 3353 1071 3426 διωγμοὺς,
1110 3361 1196 3412 καί
1234 3365 1337 3412 πᾶν
1375 3362 1518 3414 κακόν
1547 3365 1928 3435 προστέτακται
1948 3365 2134 3435 ὑπομέ-

556 3463 671 3504 νειν.
715 3442 1008 3517 ’Υπέμεινας
1059 3450 1117 3503 τὸ
1158 3449 1377 3520 ψεῦδος,
1429 3452 1511 3507 ἵνα
1555 3462 1750 3511 νικῆσαι
1794 3460 2009 3527 ποιήσῃς
2042 3463 2131 3516 τήν

556 3536 800 3605 ᾁλήθειαν.
827 3541 913 3593 Καὶ
960 3538 1041 3594 διά
1082 3549 1234 3598 τοῦτο
1269 3549 1355 3597 νῦν
1401 3550 1860 3604 κατεπανίστασθαι
1889 3556 1997 3624 χρή
2036 3557 2131 3606 τοῦ

558 3627 798 3698 ιζεὺδους,
830 3631 999 3691 ἐπειδὴ
1027 3632 1198 3703 μηδείς
1224 3637 1451 3692 ἀπώλετο
1572 3640 1824 3713 ἀληθείᾳ.)
1854 3643 2126 3698 εαίπάλιν⁶

562 3734 580 3776 q
613 3724 786 3772 Ταῦτα
810 3721 936 3794 πρὸς
961 3729 1049 3780 τήν
1073 3729 1165 3781 σήν
1195 3725 1456 3780 εὐλάϐειαν
1485 3729 1516 3785 ἡ
1544 3730 1651 3798 μετ’
1677 3728 1798 3798 ἐμοῦ
1831 3730 1949 3803 ᾲγία
1987 3731 2131 3786 ἀδελ-

555 3807 707 3874 εότης
733 3810 1042 3883 ἀντέγραψεν
1070 3813 1420 3886 ἀποδεχομένη
1455 3820 1573 3878 τοὺς
1607 3821 1726 3880 σοὺς
1757 3822 1803 3872 ἐν
1834 3819 2016 3885 ἅπασι,
2049 3827 2130 3877 καί

553 3898 836 3966 βεϐαιοῦσα
870 3901 1146 3972 καμάτους,
1180 3907 1228 3959 οἵ
1255 3928 1384 3968 τινες
1412 3909 1609 3983 βαρεῖς,
1648 3910 1676 3970 ἢ
1703 3916 1876 3987 πικροὶ
1903 3915 1961 3968 οὑ
1987 3916 2129 3987 γεγό-

553 4013 728 4054 νασιν,
759 3993 927 4054 ἐπειδὴ
962 3997 1092 4071 ὑπὲρ
1135 4000 1320 4053 ἆκείνου
1359 4002 1752 4065 κατεϐλήθησαν,
1797 4003 1854 4058 οὗ
1893 4027 2028 4068 τινος
2068 4010 2127 4063 τό

551 4083 756 4158 ἐλαφρόν
782 4088 1003 4158 φορτίον,
1033 4090 1116 4141 καί
1136 4089 1218 4142 τὸν
1242 4093 1474 4164 χρηστόν
1503 4096 1653 4164 ζυγόν
1679 4095 2016 4166 βαστάζομεν.
2049 4117 2069 4150 ι

623 4177 712 4227 Καὶ
735 4182 896 4243 ταῦτα
925 4180 1012 4247 μὲν
1048 4177 1073 4231 ὁ
1111 4180 1156 4231 ἐν
1183 4179 1343 4250 ἁγίοις
1373 4179 1566 4242 ’.Ξὺστος
1593 4186 1719 4258 πρὸς
1757 4187 1841 4241 τὸν
1884 4189 1932 4240 ἐν
1965 4187 2127 4260 ἁγίοις

551 4264 781 4336 εὑριλλον
835 4270 951 4340 περὶ
1008 4276 1107 4324 τῶν
1162 4271 1462 4326 ἀνατολικῶν
1518 4271 1764 4347 ἔγραψεν.
1815 4275 2012 4338 Ἐπειδὴ
2071 4279 2123 4334 δέ

548 4358 805 4419 ἀσυνέτως
833 4362 914 4412 καί
941 4367 1090 4414 τοῦτο
1130 4363 1386 4436 εἰρήκατε,
1415 4361 1492 4419 ὅτι
1520 4365 1734 4436 βλάπτει
1757 4373 1845 4426 τήν
1874 4369 2124 4442 ὑπόληψιν

547 4454 637 4507 τῆς
667 4447 811 4518 ἀγίας
856 4453 905 4505 ἐν
931 4451 1201 4509 Χαλκηδόνι
1241 4454 1453 4510 συνόδου
1483 4459 1512 4514 ἡ
1551 4463 1846 4534 κατάκρισις
1883 4470 1974 4522 τῆς
2002 4465 2123 4518 ἀσε-

545 4539 668 4599 ϐοῦς
697 4541 822 4616 πρὸς
846 4541 1016 4615 Μάριν
1042 4542 1328 4608 ἐπιστολῆς,
1359 4547 1618 4618 ἐρωτῶμεν
1642 4550 1805 4614 ὑμᾶς,
1835 4554 1963 4622 ποίῳ
1992 4553 2119 4626 λόγῳ

549 4634 695 4682 τοῦτο
720 4630 1018 4698 ὑπεμείνατε
1053 4634 1277 4704 γράφειν.
1313 4641 1387 4692 Μή
1422 4630 1522 4709 ἆρα
1557 4643 1778 4706 νομίζετε
1807 4647 1896 4700 τήν
1928 4641 2117 4702 ἔκθεσιν

545 4733 633 4776 τῆς
663 4717 810 4787 ἁγίας
843 4721 893 4773 ἐν
923 4721 1189 4780 Χαλκηδόνι
1213 4723 1426 4778 συνόδου
1445 4769 1458 4792 ,
1491 4725 1659 4796 ὅμοιόν
1691 4751 1741 4783 τι
1772 4739 1862 4791 τῆς
1894 4734 2115 4796 ἀσεϐοῦς

543 4809 803 4882 περιέχειν
829 4811 1122 4877 ἐπιστολῆς;
1150 4812 1290 4869 ’Δλλά
1328 4822 1394 4885 μή
1419 4819 1606 4890 γένοιτο
1635 4825 1934 4894 χριστιανόν
1969 4833 2119 4880 τοῦτο

543 4903 718 4953 εἰπεῖν.
766 4907 1118 4960 Κατανοὴσατε
1164 4908 1294 4980 γὰρ,
1343 4907 1420 4962 ὅτι
1459 4912 1624 4966 πάντα
1651 4915 1715 4966 τὰ
1749 4915 1796 4967 ἐν
1834 4924 1896 4991 τῇ
1941 4919 2121 4974 ἀσεϐεῖ

541 4991 701 5064 irim
730 4992 992 5067 ἐπιστολῇ,
1023 4999 1108 5048 καί
1135 5005 1240 5056 τοῖς
1269 4998 1530 5074 Θεοδώρου
1560 5007 1921 5080 συγγράμμασι
1948 5029 2117 5084 περιε-

541 5080 765 5149 χόμενα,
798 5085 994 5139 ἐναντία
1033 5088 1131 5140 εἰσί
1155 5096 1228 5161 τῷ
1259 5088 1360 5165 ὅρῳ
1385 5101 1475 5152 τῆς
1501 5097 1629 5148 κατά
1656 5096 1941 5154 Χαλκηδόνα
1968 5102 2116 5155 συνό-

537 5169 625 5224 δου
651 5179 721 5241 τῷ
749 5177 866 5243 περὶ
891 5183 982 5234 τῆς
1006 5179 1225 5239 πίστεως
1253 5178 1517 5254 δεδομένῳ.
1547 5183 1804 5258 Θεόδωρος
1831 5189 1949 5261 γάρ,
1981 5195 2063 5244 καὶ
2084 5193 2114 5249 ἡ

536 5265 769 5325 ἐπιστολή
806 5263 948 5320 ἄλλον
978 5269 1203 5342 λέγουσιν
1234 5269 1358 5327 εἶναι
1385 5277 1470 5330 τὸν
1498 5279 1621 5330 Θεὸν
1647 5277 1821 5348 λόγον,
1860 5285 1945 5334 καὶ
1973 5279 2116 5337 ἄλλον

535 5355 620 5407 τόν
657 5357 892 5428 Χριστόν.
925 5355 977 5411 Ἦ
1016 5357 1069 5414 δέ
1111 5360 1231 5433 ἁγία
1277 5365 1406 5417 κατὰ
1452 5363 1734 5423 Χαλκηδόνα
1777 5365 1989 5430 σύνοδος
2027 5372 2114 5429 ἕνα

533 5441 660 5515 λέγει
688 5449 772 5497 τὸν
815 5450 986 5522 κόριον
1020 5451 1157 5521 ἡμῶν
1200 5450 1389 5508 Ἰησοῦν
1435 5457 1648 5526 Χριστόν
1687 5458 1772 5512 τὸν
1813 5459 1933 5512 Θεὸν
1971 5459 2112 5534 λόγον

533 5537 872 5608 σαρκωξέντα,
897 5542 976 5593 καί
993 5541 1255 5615 ἀτρέπτως
1270 5542 1743 5617 ἐνανθρωπησαντα.
1771 5558 1820 5601 Ἦ
1847 5550 2108 5621 ἐπιστολῆ⁹

533 5630 613 5695 καὶ
640 5627 894 5707 Θεόδωρος
923 5633 1024 5701 οὐχ
1051 5631 1353 5706 ὁμολογοῦσι
1374 5637 1460 5690 τὸν
1485 5640 1604 5692 Θεὸν
1631 5639 1774 5711 λόγον
1793 5646 2110 5716 σαρκωθῆναι

535 5723 584 5768 ἐκ
609 5727 699 5780 τῆς
727 5720 870 5804 ἁγίας
898 5722 1088 5787 ἐνδόξου
1115 5725 1380 5790 Θεοτόκου,
1411 5731 1496 5780 καί
1516 5730 1593 5782 ἀεὶ
1613 5732 1860 5805 παρθένου
1891 5737 2106 5807 Μαρίας,

538 5811 617 5888 καί
641 5814 876 5879 τεχθῆναι
905 5815 952 5878 ἐξ
980 5817 1259 5881 αὑτῆς,καί
1287 5815 1368 5873 διὰ
1394 5826 1541 5894 τοῦτο
1571 5823 1837 5896 ἀρνοῦνται
1870 5829 2104 5884 Θεοτόκον

2150 4595 2201 4655 D

2240 1916 2360 1977 post
2384 1923 2548 1976 pauca
2579 1926 2592 1960 :
2627 1925 2644 1958 ι
2680 1905 2918 1970 Exsulta,
2953 1903 3117 1958 frater
3158 1905 3490 1967 charissime,
3531 1912 3585 1958 et
3621 1904 3685 1957 ad
3717 1919 3822 1958 nos

2237 1999 2538 2053 recollectis
2568 1999 2820 2052 fratribus
2853 1999 3024 2052 victor
3053 1997 3282 2053 exsulta.
3320 1997 3601 2062 Quaerebat
3629 1995 3818 2049 Eccle-

2235 2090 2314 2143 sia
2344 2105 2478 2157 quos
2508 2091 2729 2158 recepit.
2756 2089 2886 2141 Nam
2909 2089 2952 2142 si
2983 2089 3249 2141 neminem
3278 2089 3453 2155 perire
3479 2087 3720 2140 volumus
3747 2086 3822 2138 de

2237 2181 2463 2250 pusillis,
2495 2189 2696 2248 quanto
2725 2180 2892 2247 magis
2919 2179 3152 2246 gaudere
3199 2194 3296 2232 nos
3328 2187 3540 2246 oportet
3584 2179 3822 2232 sanitate

2237 2271 2534 2324 rectorum!
2564 2269 2809 2338 Legimus
2850 2278 3110 2338 quantum
3138 2269 3314 2336 gaudii
3344 2284 3445 2321 una
3478 2268 3593 2322 ovis
3621 2284 3819 2337 repor-

2237 2369 2349 2414 tata
2394 2361 2718 2428 praestiterit,
2770 2368 2823 2414 et
2869 2360 3066 2414 idcirco
3108 2359 3509 2427 intelligendum
3558 2368 3640 2413 est
3685 2360 3820 2428 quid

2237 2450 2408 2506 laudis
2435 2452 2629 2504 habeat
2671 2460 2748 2504 tot
2786 2466 3071 2506 revocasse
3118 2460 3381 2520 pastores.
3431 2450 3632 2518 Greges
3673 2451 3821 2519 aspi-

2237 2543 2454 2595 ciuntur
2481 2543 2532 2596 in
2573 2543 2812 2610 singulis,
2865 2559 2962 2597 nec
2993 2543 3148 2597 unius
3187 2543 3274 2596 hic
3321 2557 3482 2598 causa
3532 2549 3816 2606 tractatur,

2236 2637 2448 2703 quoties
2486 2636 2658 2704 agitur
2686 2637 2753 2690 de
2798 2636 3025 2690 sanitate
3072 2635 3382 2688 multorum.
3416 2654 3434 2685 ε
3483 2634 3549 2686 Ει
3590 2650 3774 2689 rursus
3805 2675 3818 2690 .

2243 2745 2261 2775 ε
2297 2724 2537 2790 Gaudeo,
2572 2726 2762 2793 inquit,
2808 2725 3152 2779 Antiocheam
3199 2724 3450 2778 Ecclesia:
3478 2724 3818 2778 sacerdotem

2236 2817 2416 2870 vocari
2459 2816 2569 2884 jam
2601 2833 2628 2869 a
2659 2818 2944 2870 sanctitate
2985 2825 3072 2870 tua
3121 2817 3479 2870 venerabilem
3525 2817 3718 2884 virum,
3761 2825 3820 2874 et

2237 2907 2488 2962 domuum
2511 2925 2524 2974 ;
2551 2916 2603 2962 et
2625 2910 2816 2963 merito
2846 2917 3069 2962 vocatur
3101 2909 3326 2962 domnus
3354 2907 3443 2975 qui
3475 2923 3817 2962 communem

2237 2999 2520 3054 Dominum
2556 3001 2885 3068 recognovit,
2923 3001 3010 3069 qui
3045 3000 3425 3052 incarnationis
3476 2999 3816 3070 mysterium,

2237 3105 2369 3145 voce
2381 3091 2662 3153 catholica,
2687 3080 2960 3145 nobiscum
2979 3089 3280 3143 conﬁtetur.
3306 3108 3324 3140 ›
3347 3089 3408 3141 Εῑ
3424 3089 3641 3143 iterum:
3667 3107 3685 3140 ι
3707 3088 3817 3142 Vu-

2239 3182 2376 3243 tivzn,
2411 3183 2504 3243 ait,
2532 3191 2656 3237 sunt
2678 3199 2891 3251 semper
2911 3183 3168 3238 molestiae
3203 3181 3361 3234 fidem
3384 3181 3816 3251 prmdicantium;

2239 3273 2319 3327 his
2332 3288 2560 3340 namque
2584 3289 2702 3327 cum
2726 3274 3053 3328 beatitudine
3067 3274 3282 3342 copiosa
3298 3288 3504 3327 merces
3519 3282 3737 3341 paratur
3761 3274 3816 3328 in

2236 3363 2392 3427 caelo,
2411 3364 2603 3433 quibus
2625 3365 3112 3433 propterjustitiam
3135 3365 3816 3433 maledictiones,persecu-

2237 3455 2430 3518 tiones,
2455 3463 2508 3508 et
2529 3468 2686 3510 omne
2709 3457 2905 3510 malum
2921 3436 3518 3526 [incipitur-sustinere.
3539 3455 3733 3512 Passus
3756 3475 3820 3516 es

2235 3541 2538 3608 falsitatem,
2564 3545 2900 3599 utvietriccm
2923 3544 3127 3601 faceres
3138 3549 3436 3615 veritatem,
3451 3557 3506 3601 et
3527 3547 3647 3602 ideo
3668 3565 3817 3605 nunc

2235 3633 2588 3688 insultandum
2620 3627 2699 3690 est
2721 3637 2964 3703 falsitati,
2988 3639 3111 3707 quia
3135 3639 3308 3692 nullus
3325 3640 3499 3708 perire
3525 3640 3700 3710 potuit
3720 3657 3817 3696 ve-

2234 3725 2397 3778 ritati.
2434 3747 2451 3777 »
2489 3728 2564 3782 Ac
2585 3727 2882 3797 deniquezc
2922 3728 3063 3793 Harc,
3099 3730 3286 3797 inquit,
3314 3730 3379 3782 ad
3409 3732 3817 3788 venerationem

2236 3825 2377 3870 tuam
2403 3816 2709 3872 fraternitas
2732 3834 2940 3873 mecum
2983 3829 3166 3874 saneta
3195 3821 3399 3889 scribit,
3425 3823 3658 3890 probans
3690 3832 3816 3879 tuos

2233 3910 2288 3964 in
2318 3911 2585 3975 omnibus,
2615 3918 2669 3965 et
2695 3913 3016 3965 confirmans
3045 3912 3274 3977 labores,
3301 3913 3389 3980 qui
3419 3923 3596 3967 tamen
3619 3927 3814 3980 graves

2231 4008 2326 4054 aut
2361 4003 2528 4054 amari
2573 4017 2689 4056 esse
2737 4019 2839 4056 non
2889 4014 3196 4076 potuerunt,
3241 4009 3365 4075 quia
3415 4007 3537 4062 huic
3582 4008 3812 4076 impeusi

2231 4102 2374 4156 sunt,
2418 4094 2568 4160 cujus
2596 4109 2732 4147 onus
2762 4093 2896 4159 leve,
2925 4104 2981 4148 et
3020 4094 3204 4163 jugum
3242 4112 3405 4150 suave
3446 4107 3743 4166 portamus.
3786 4119 3807 4152 ι

2303 4181 2427 4238 llzec
2456 4185 2521 4237 ad
2543 4183 2598 4238 S.
2631 4184 2884 4256 Cyrillum
2933 4187 3000 4240 de
3051 4185 3412 4243 Orientalibus
3461 4188 3517 4243 S.
3569 4188 3810 4260 Xystus;

2230 4274 2326 4328 sed
2351 4289 2471 4328 cum
2500 4275 2662 4328 stulte
2687 4274 2968 4328 admodum
2996 4278 3326 4344 protuleritis
3354 4280 3574 4347 pariter,
3605 4296 3669 4334 ea
3692 4285 3810 4352 cpia

2229 4365 2380 4420 stola:
2413 4380 2531 4436 qua:
2553 4365 2619 4419 ad
2649 4365 2834 4419 Marini
2868 4365 3084 4421 Persam
3116 4368 3422 4424 inscribitur
3461 4371 3810 4433 damnatione

2230 4455 2349 4510 laedi
2420 4458 2590 4511 sancti
2631 4456 3082 4513 Chalcedonensis
3131 4463 3344 4516 concilii
3397 4463 3804 4534 definitionem,

2227 4547 2514 4615 qurerimus
2542 4563 2643 4616 qua
2685 4549 2895 4602 tandem
2926 4552 3134 4605 ratione
3173 4557 3425 4609 commoti
3479 4557 3528 4609 id
3565 4560 3806 4616 scribere

2225 4638 2622 4691 sustinueritis?
2653 4638 2764 4693 Non
2797 4639 2978 4718 itaque
3021 4644 3235 4711 putetis,
3271 4657 3464 4701 sanctae
3502 4648 3805 4707 Chalcedo-

2223 4729 2402 4782 nensis
2422 4729 2608 4799 synodi
2629 4729 2920 4785 doctrinam
2951 4734 3217 4803 quidpiam
3257 4753 3440 4791 eorum
3471 4755 3588 4808 qua:
3620 4743 3672 4796 iu
3700 4745 3806 4797 im-

2223 4818 2310 4888 pia
2349 4821 2571 4891 epistola
2610 4823 2952 4879 continentur
2989 4826 3161 4880 simile
3193 4830 3508 4898 complecti;
3555 4833 3606 4886 id
3655 4837 3802 4890 enim

2225 4910 2401 4964 dicere
2430 4911 2789 4967 Christianum
2822 4930 2928 4968 non
2961 4928 3062 4971 est.
3091 4920 3340 4982 Quinimo
3368 4917 3560 4976 scitote
3589 4941 3651 4978 ea
3681 4944 3801 4982 ont-

2225 5003 2310 5054 nia
2340 5017 2456 5069 qua:
2489 5004 2538 5056 in
2583 5005 2768 5058 eadem
2813 5009 3057 5074 epistola,
3091 5009 3464 5080 'l‘heodnrique
3509 5016 3654 5070 libris
3702 5017 3802 5071 ha-

2220 5091 2434 5158 bentur,
2476 5108 2595 5146 cum
2639 5106 2835 5150 sancta:
2881 5097 3000 5151 Iidei
3041 5100 3372 5167 definitione,
3417 5119 3446 5156 a
3495 5105 3797 5161 Chalcedo-

2222 5186 2373 5238 nensi
2424 5188 2653 5241 concilio
2704 5193 2915 5254 tradita,
2973 5196 3192 5248 onmino
3243 5211 3499 5266 pugnare.
3560 5200 3797 5270 Epistola

2221 5276 2364 5329 enim
2416 5293 2478 5331 ac
2535 5279 2850 5337 Theodorus
2916 5285 3079 5340 alium
3133 5303 3251 5342 esse
3308 5289 3476 5344 Deum
3532 5293 3793 5361 Verbum,

2221 5369 2382 5422 alium
2428 5370 2694 5427 Christum
2729 5383 2997 5442 statuunt;
3041 5393 3226 5436 sancta
3268 5393 3448 5438 autem
3495 5387 3794 5443 Chalcedo-u

2222 5463 2401 5516 nensis
2429 5467 2662 5534 synodus
2713 5469 2927 5524 unicum
2965 5475 3206 5538 agnoscit
3239 5476 3520 5534 Dominum
3549 5491 3795 5538 nostrum

2219 5551 2398 5607 Iesum
2447 5554 2715 5612 Christum
2782 5561 2950 5616 Deum
3009 5564 3237 5620 Verbum
3303 5569 3672 5642 incarnatum,
3727 5589 3794 5630 ac

2217 5645 2418 5714 absque
2466 5649 2549 5701 sui
2618 5652 2915 5707 mutatione
2961 5655 3232 5711 hominem
3279 5659 3495 5716 factum.
3557 5663 3790 5734 Epistola

2217 5745 2375 5805 atque
2405 5737 2721 5796 Theodorus
2745 5743 2840 5798 Dei
2874 5744 3101 5802 Verbum
3144 5765 3212 5804 ex
3253 5763 3439 5810 sancta
3468 5764 3629 5825 atque
3672 5757 3787 5825 glon

2214 5832 2356 5905 riOsa
2383 5829 2624 5914 Deipara,
2657 5849 2715 5900 ac
2743 5851 2954 5907 semper
2981 5840 3184 5910 virgine
3226 5837 3393 5901 Maria
3433 5835 3648 5906 carnem
3695 5863 3784 5914 33,-
