4148 6442
394 366 521 430 108]

1119 362 1485 425 EPISTOLA
1523 366 1922 431 ADVERSUS
1960 374 2444 439 THEODORUM
2484 374 2903 435 MOPSUEST.

3493 384 3630 448 1082

382 484 509 543 εἶναι
533 493 622 545 την
653 485 797 555 ἁγίαν
825 486 1066 559 παρθένον
1094 489 1303 562 Μαρίαν
1341 487 1387 539 οί
1426 484 1479 539 δὲ
1510 484 1644 555 ἅγιοι
1674 486 1885 560 πατέρες
1909 487 1955 540 οἱ

2065 490 2367 558 sumpsisse,
2398 506 2462 547 ac
2498 508 2565 546 ex
2608 494 2720 564 ipsa
2756 502 2937 550 natum
2963 512 3083 553 esse
3133 514 3240 553 non
3281 499 3626 570 conﬁtentur,

388 578 436 630 ἓν
465 573 732 631 Χαλκηδόνι
776 573 1086 632 συνελθόντες
1115 573 1413 638 συνοδικῶς,
1441 576 1675 628 Θεοτόκον
1710 571 1834 629 εἶναι
1866 581 1956 633 τήν

388 670 532 737 ἁγίαν
557 666 800 739 παρθένον
826 666 1016 737 Μαρίαν
1045 664 1385 737 ὡμολόγησαν.
1405 664 1662 739 Θεόδωρος
1690 665 1715 720 ό
1746 667 1959 728 ἀσεϐής,

388 760 469 810 καί
494 759 524 814 ἡ
571 756 828 823 ἀνώνυμος
875 755 1112 813 ἐπιστολή
1158 753 1250 808 δύο
1290 756 1538 829 πρόσωπα
1582 756 1808 828 λέγοντες
1835 760 1964 812 κατὰ

387 853 632 916 σχετικὴν
656 847 831 900 ἕνωσιν
855 844 905 899 ἓν
932 847 1202 922 πρόσωπον
1231 848 1649 903 ἀναπλάττουσιν.
1678 860 1728 901 Ἦ
1752 846 1960 909 σύνοδος

386 936 439 989 δέ
468 945 565 990 τῶν
595 936 685 991 δύο
710 940 910 1009 φύσεων
947 943 1035 997 την
1073 940 1183 992 καθ’
1213 938 1498 994 ὑπόστασιν
1523 941 1696 993 ἕνωσιν
1722 941 1957 1011 λέγουσα,

388 1025 436 1077 ἓν
460 1027 695 1096 κηρύττει
723 1027 1018 1100 πρόσωπον,
1047 1027 1154 1084 ἦτοι
1177 1030 1294 1098 μίαν
1319 1028 1604 1083 ὑπόστασιν
1626 1036 1839 1105 Χριστοῦ
1873 1037 1960 1084 τοῦ

390 1122 686 1186 μονογενοῦς
723 1123 850 1170 Θεοῦ
876 1117 1042 1187 λόγου.
1081 1118 1222 1172 Πάλιν
1248 1120 1278 1174 ἠ
1319 1118 1505 1179 ἀσεϐής
1532 1121 1684 1176 ἐκείνη
1722 1118 1961 1179 ἐπιστολὴ

388 1203 711 1268 καταδικάζει
746 1210 837 1263 τήν
880 1206 928 1258 ἐν
956 1204 1143 1278 Ἐφέσῳ
1185 1210 1389 1281 πρώτην
1432 1206 1658 1275 σύνοδον,
1692 1210 1883 1264 καὶτὸν
1911 1211 1961 1264 ἐν

388 1292 547 1364 ἁγίοις
568 1294 842 1367 Κύριλλον,
877 1296 962 1348 καί
993 1295 1154 1352 ὰσεϐἦ
1180 1298 1245 1350 τὰ
1274 1298 1427 1349 αὐτοῦ
1458 1298 1689 1367 κεφάλαια
1712 1299 1959 1367 ὀνομάζει.

388 1386 653 1459 Νεστόριον
691 1384 744 1440 δέ
770 1388 855 1439 καί
896 1384 1151 1461 Θεόδωρον
1180 1384 1367 1440 ἐκδικεῖ
1406 1390 1491 1440 καὶ
1527 1388 1745 1441 ἐπαινεῖ·
1776 1392 1805 1447 ἡ
1834 1387 1884 1443 δέ
1913 1388 1963 1444 ἐν

391 1475 657 1532 Χαλκηδόνι
689 1474 902 1535 σύνοδος
930 1475 1013 1529 διὰ
1045 1479 1245 1531 πάντων
1270 1476 1528 1530 ἀκολουθεῖ
1546 1486 1607 1548 τῇ
1629 1480 1754 1551 αὐτῇ
1784 1480 1960 1549 πρώτῃ

389 1571 437 1620 ἐν
460 1565 643 1637 Ἐφέσῳ
667 1566 865 1637 συνόδῳ
885 1606 900 1629 ,
936 1571 1018 1621 καί
1046 1568 1245 1641 πατέρα
1274 1571 1357 1621 καί
1394 1566 1689 1622 διδάσκαλον
1722 1568 1963 1643 Κύριλλον

389 1662 745 1733 ἐπιγράφεται,
772 1663 854 1712 καί
880 1666 967 1717 τήν
990 1659 1249 1719 συνοδικόν
1279 1663 1429 1714 αὐτοῦ
1461 1662 1742 1724 ἐπιστολήν,
1772 1665 1818 1716 ἑν
1896 1667 1962 1719 τὰ

389 1750 586 1804 δώδεκα
611 1751 857 1821 κεφάλαια
877 1751 1234 1813 ὑποτέτακται,
1264 1752 1482 1821 βεϐαιοῖ,
1513 1752 1778 1827 Νεστόριον
1798 1752 1850 1807 δέ
1878 1756 1961 1809 τόν

2062 593 2227 647 quare
2251 582 2410 635 etiam
2440 584 2821 638 sanctissimam
2850 586 3117 654 Virginem
3141 589 3358 644 Mariam
3390 589 3628 646 infician-

2064 680 2151 724 tur
2175 670 2461 740 Deiparam
2488 689 2640 729 esse:
2668 676 2839 730 sancti
2871 692 2999 731 vero
3027 677 3213 733 Patres
3250 680 3303 733 in
3331 678 3627 736 Clialcedo-v

2062 762 2213 816 nensi
2242 765 2472 819 concilio
2500 768 2804 834 congregati
2832 769 3220 823 sanctissimam
3257 768 3478 824 Mariam
3509 770 3629 825 Dei-

2060 872 2245 927 param
2271 859 2500 915 confessi
2528 870 2669 915 sunt.
2724 861 2919 931 Impius
2948 862 3261 919 Theodorus
3296 873 3456 934 atque
3496 882 3631 921 ano-

2062 964 2223 1018 nyma
2261 950 2482 1017 epistola
2524 951 2656 1005 duas
2697 952 3040 1008 admittentes
3077 970 3361 1023 personas,
3416 957 3628 1011 unicam

2063 1044 2241 1092 tamen
2274 1053 2556 1107 personam
2583 1055 2679 1109 per
2720 1041 3046 1095 habitualem
3092 1042 3345 1097 unionem
3388 1045 3629 1113 proﬁteri

2061 1141 2121 1179 se
2147 1127 2396 1181 simulant
2422 1146 2435 1180 :
2461 1128 2694 1198 synodus
2717 1140 2895 1184 autem
2922 1131 3118 1200 duplici
3148 1140 3352 1187 natura:
3379 1134 3631 1203 hyposta-

2063 1215 2223 1269 ticam
2266 1231 2385 1271 esse
2434 1219 2684 1272 unionem
2733 1218 3035 1283 afﬁrmans,
3088 1223 3296 1277 unicam
3349 1239 3629 1293 personam

2061 1302 2339 1371 prmdicat,
2382 1305 2496 1359 sive
2537 1308 2714 1374 potius
2742 1308 2954 1362 unicam
2999 1310 3392 1365 subsistentiam
3434 1311 3632 1369 Christi

2063 1393 2318 1460 unigeniti
2343 1393 2458 1447 Filii
2488 1394 2602 1449 Dei.
2633 1395 2839 1451 Rursus
2859 1413 2921 1451 ea
2952 1398 3177 1466 epistola
3200 1400 3432 1468 priorem
3459 1401 3634 1470 Ephe-

2062 1482 2232 1535 sinam
2260 1484 2540 1552 synodum,
2571 1500 2636 1539 ac
2664 1496 2903 1540 sanctum
2931 1485 3186 1558 Cyrillum
3213 1490 3453 1556 damnat,
3485 1495 3635 1561 cujus

2063 1571 2222 1623 etiam
2280 1573 2508 1636 capitula
2536 1574 2695 1643 impia
2742 1584 2945 1630 vocat:
2999 1577 3299 1633 Nestorium
3350 1590 3527 1635 autem
3581 1590 3635 1657 et

2064 1660 2402 1716 Theodorum
2433 1664 2666 1718 vindicat
2692 1680 2757 1720 ac
2784 1666 2968 1720 laudat
2993 1686 3003 1719 :
3029 1668 3477 1724 Chalcedonensis
3507 1687 3634 1725 vero

2063 1753 2296 1821 synodus
2335 1755 2389 1807 in
2426 1755 2673 1810 omnibus
2714 1754 3038 1825 Epliesinam
3086 1760 3316 1827 priorem
3372 1761 3633 1830 synodum

389 1841 549 1899 ἀσεϐῆ
575 1845 882 1914 κατακρίνει,
912 1844 991 1894 καὶ
1018 1842 1147 1916 πρὸς
1163 1843 1363 1901 τούτοις
1389 1845 1444 1896 τό
1473 1840 1739 1896 Ἰουδαίκὸν
1768 1842 1962 1915 σύμϐο-

2066 1843 2326 1910 sequitur,
2364 1842 2618 1914 Cyrillum
2658 1844 2833 1901 Patris
2861 1846 3206 1917 doctorisque
3250 1850 3415 1905 titulis
3454 1862 3632 1921 ornat,

388 1933 474 1984 λον
502 1932 559 1984 τό
587 1930 687 1985 ὑπὸ
711 1929 969 2007 Θεοδώρου
1003 1933 1483 2002 συμπεπλασμένον,
1508 1933 1566 1987 τὸ
1588 1937 1672 1987 καί
1695 1937 1743 1987 ἐν
1764 1943 1824 2009 τῇ
1849 1936 1961 1989 κατ’

389 2021 598 2094 Ἔφεσον
633 2024 811 2096 πρώτῃ
848 2020 1044 2093 συνόδῳ
1084 2025 1396 2098 κατακριθέν,
1442 2026 1521 2077 καί
1562 2024 1611 2077 ἐν
1640 2026 1766 2097 αὐτῇ
1807 2034 1867 2100 τῇ
1916 2028 1962 2078 ἐν

387 2111 663 2169 Χαλκηδόνι
706 2111 902 2185 συνδῳ
952 2114 1080 2183 μετὰ
1123 2119 1290 2167 ταῦτα
1329 2115 1663 2188 προκομισθέν
1704 2118 1832 2186 μετὰ
1870 2122 1957 2170 τοῦ

387 2202 682 2276 γράψαντος
707 2204 832 2258 αὐτὸ
858 2203 1227 2277 παραπλησίως
1248 2203 1581 2268 καταδικάζει.

2066 1934 2481 2005 syuodicamque
2509 1934 2649 1989 illius
2669 1936 2969 2005 epistolam,
2998 1939 3085 1993 cui
3107 1939 3387 1995 duodecim
3416 1957 3479 1996 ea
3505 1943 3632 1996 sub-

2070 2038 2206 2077 nexa
2242 2031 2366 2077 sunt
2394 2025 2646 2093 capitula,
2678 2026 2979 2095 conﬁrmat,
3028 2027 3329 2085 Nestorium
3373 2032 3630 2096 damnat;

2067 2121 2227 2181 atque
2254 2113 2321 2167 ad
2346 2114 2458 2168 haec
2479 2113 2753 2170 Judaicum
2783 2117 3081 2186 symbolum
3116 2134 3146 2172 a
3187 2119 3471 2176 Theodoro
3499 2138 3631 2177 con-

2064 2202 2402 2269 sarcinatum,
2429 2204 2571 2272 quod
2592 2204 2719 2257 olim
2745 2206 2905 2259 etiam
2934 2206 2986 2260 in
3014 2208 3182 2277 prima
3208 2208 3472 2279 Ephesina
3500 2228 3631 2282 syn-

387 2293 496 2349 odo
539 2292 847 2346 damnatum
888 2291 1097 2357 fuerat,
1148 2300 1204 2346 et
1247 2300 1368 2362 post
1416 2308 1478 2347 ea
1524 2309 1641 2363 quae
1688 2294 1929 2362 superius
1986 2293 2349 2347 recensuimus
2395 2293 2449 2346 in
2495 2294 2679 2349 eadem
2722 2305 2908 2350 sancta
2954 2296 3378 2356 Chalcedonensi
3422 2304 3631 2374 synodo

388 2385 657 2456 prolatum
702 2383 897 2451 fuerat,
945 2384 1188 2438 similiter
1240 2395 1568 2455 exsecratur,
1619 2396 1777 2454 atque
1830 2402 1951 2440 cum
1990 2392 2206 2438 auctore
2233 2399 2330 2439 suo
2356 2385 2786 2440 anatltematizat.

458 2483 635 2531 Ταῦτα
663 2474 717 2529 δέ
744 2476 791 2528 ἐν
820 2484 924 2531 τοῖς
951 2475 1224 2549 ὁρισθεῖσιν
1250 2479 1280 2535 ἡ
1308 2477 1425 2547 ἁγία
1449 2478 1498 2532 ἐν
1518 2477 1783 2535 Χαλκηδόνι
1814 2481 1961 2532 σύνο-

387 2565 475 2626 δος
504 2567 723 2629 ἐξέθετο,
753 2566 811 2618 οὐ
833 2566 1124 2628 καινίζουσὰ
1158 2587 1208 2619 τι
1235 2569 1351 2637 περὶ
1373 2570 1461 2624 τὴν
1488 2566 1744 2643 όρθόδοξον
1765 2570 1958 2631 πίστιν,

388 2657 513 2710 ἀλλὰ
549 2655 631 2710 διὰ
650 2658 851 2709 πάντων
881 2655 1222 2709 ἀκολουθοῦσα
1247 2665 1308 2729 τῇ
1338 2655 1574 2730 ὁμολογίᾳ
1601 2667 1689 2716 τῆς
1716 2661 1957 2722 πίστεως,

388 2752 445 2804 ἠν
478 2746 505 2800 ό
530 2749 703 2819 κύριος
733 2744 816 2801 διὰ
845 2754 942 2800 τῶν
972 2746 1122 2817 ἁγίων
1142 2747 1436 2801 ἀποστόλων
1462 2746 1776 2821 ἐδωρήσατο,
1808 2751 1890 2801 καί
1917 2749 1962 2802 οἱ

388 2840 523 2910 ἅγιοι
544 2840 817 2893 ἀπόστολοι
841 2840 1100 2911 ἐκήρυξαν,
1125 2843 1207 2893 καί
1227 2840 1271 2892 οἱ
1291 2840 1569 2916 τριακόσιοι
1594 2839 1714 2894 δέκα
1734 2843 1812 2893 καὶ
1834 2841 1959 2895 ὀκτὼ

388 2932 522 3007 ἅγιοι
550 2932 769 3003 πατέρες
803 2928 1197 3001 παραδεδώκασι
1222 2938 1284 3003 τῇ
1311 2935 1403 2984 τοῦ
1434 2936 1557 2983 Θεοῦ
1583 2930 1847 3003 ἐκκλησίᾳ,
1879 2935 1963 2985 καὶ

386 3025 429 3083 οἱ
462 3022 637 3075 ἑκατόν
665 3027 972 3077 πεντήκοντα
1008 3022 1219 3096 πατέρες
1248 3021 1576 3083 ἐϐεϐαίωσαν,
1608 3024 1963 3092 σαφηνίσαντες

388 3118 505 3191 περὶ
529 3122 619 3173 τῆς
648 3109 882 3169 θεότητος
910 3118 1000 3165 τοῦ
1026 3111 1166 3181 ἁγίου
1192 3114 1497 3184 πνεύματος.
1527 3114 1698 3184 Ταύτῃ
1730 3111 1781 3166 δέ
1809 3114 1892 3165 καί
1918 3113 1965 3166 οί

389 3208 435 3258 ἐν
458 3203 650 3275 Ἐφέσῳ
685 3205 743 3256 τό
784 3206 955 3275 πρώην
983 3203 1319 3269 συναχθέντες
1349 3199 1479 3273 ἅγιοι
1515 3202 1729 3273 πατέρες
1754 3200 1967 3258 ἠκολού-

388 3301 565 3356 θησαν.
591 3296 643 3351 Ἠ
671 3296 723 3351 δέ
766 3298 812 3347 ἐν
840 3293 1108 3351 Χαλκηδόνι
1148 3294 1267 3366 ἁγία
1294 3292 1500 3353 σύνοδος
1526 3297 1607 3346 καί
1640 3295 1961 3359 ἁνεθεμάτισι
1989 3317 2032 3377 C

390 3394 509 3450 τοὺς
537 3392 706 3462 ἕτερον
742 3388 993 3456 σύμϐολον
1029 3386 1057 3445 ἦ
1099 3385 1285 3440 ἔκθεσιν
1321 3389 1541 3444 πίστεως
1567 3383 1961 3458 παραδιδόντας,

391 3486 533 3557 παρὰ
553 3485 608 3535 τό
630 3483 730 3535 ύπό
757 3489 855 3534 τῶν
881 3481 1181 3554 τριακοσίων
1218 3476 1341 3533 δέκα
1377 3482 1462 3534 καί
1488 3479 1617 3533 ὀκτώ
1639 3477 1790 3550 ἁγίων
1813 3478 1965 3532 πατέ-

390 3596 490 3629 ιων
516 3573 818 3649 παραδοθὲν.

458 3755 634 3816 Οῦτως
658 3755 824 3809 τοίνυν
863 3763 954 3813 τῆς
982 3753 1210 3812 ἀληθείας
1237 3750 1482 3822 ἐχούσης,
1513 3750 1603 3821 ὀψὲ
1644 3756 1765 3820 γοῦν
1803 3772 1962 3804 κατα-

391 3850 602 3902 νοήσατε
622 3884 636 3907 ,
668 3851 745 3903 τίς
774 3846 932 3919 ὀρθῶς
966 3850 1053 3901 τήν
1088 3844 1234 3914 ἁγίαν
1262 3841 1313 3896 ἓν
1349 3840 1614 3899 Χαλκηδόνι
1653 3839 1860 3895 σύνοδον
1887 3842 1964 3893 ἐκ-

391 3934 553 3998 δικεῖς
598 3938 812 4008 Πότερον
864 3933 888 3987 ό
929 3933 1160 3988 δεικνύων
1204 3930 1278 3986 ὅτι
1324 3941 1429 3991 τοῖς
1473 3933 1745 4001 εἰρημένοις
1803 3931 1964 4001 ἁγίοις

392 4029 645 4099 πατράσιν
674 4027 1058 4084 ἀκολουθήσασα
1084 4023 1251 4078 πάντα
1280 4026 1432 4101 ὀρθῶς
1471 4024 1686 4086 ἐξέθετο,
1725 4021 1753 4080 ἦ
1794 4021 1819 4075 ό
1843 4024 1963 4081 τοὺς

392 4123 590 4182 ἀσεϐεῖς
636 4127 734 4175 τῶν
782 4120 1040 4191 αἱρετικῶν
1083 4118 1258 4187 λόγους
1308 4118 1617 4188 προσάπτειν
1664 4113 1963 4177 σπουδάζων

393 4216 543 4287 r3133;
592 4216 722 4270 Τοὺς
762 4215 861 4283 γὰρ
908 4212 1102 4286 καθαρᾷ
1150 4207 1463 4270 συνειδήσει,
1507 4211 1587 4259 καί
1628 4208 1756 4280 ὀρθῷ
1790 4212 1964 4273 σκοπῷ

394 4302 701 4373 δεχομένους
746 4310 834 4360 τήν
884 4303 931 4354 ἐν
961 4303 1147 4373 Ἐφέσῳ
1190 4304 1395 4375 πρώτην
1436 4298 1669 4362 σύνοδον,
1719 4302 1803 4352 καί
1845 4301 1964 4359 τοὺς

392 4391 565 4462 ἁγίους
590 4398 818 4469 πατέρας
846 4395 1164 4461 κελεστῐνον,
1206 4393 1467 4467 Κύριλλον,
1510 4396 1592 4445 καὶ
1632 4391 1842 4456 Λέοντα,
1883 4391 1967 4443 καὶ

395 4487 475 4538 τόν
528 4482 640 4558 ὅρον
688 4495 780 4545 τῆς
830 4487 879 4539 ἐν
931 4483 1199 4542 Χαλκηδόνι
1250 4482 1482 4545 συνόδου,
1538 4480 1781 4535 ἀδύνατόν
1832 4483 1966 4536 ἐστιν

393 4573 635 4644 δέχεσθαι
678 4578 809 4644 μετά
853 4575 1045 4628 τούτων
1092 4577 1174 4628 καί
1217 4580 1307 4632 την
1353 4574 1481 4646 πρὸς
1524 4574 1688 4644 Μάριν
1729 4574 1966 4645 μυσαράν

393 4665 659 4721 ἐπιστολήν
678 4670 767 4722 τήν
788 4669 917 4719 κατά
937 4666 1100 4718 πάντα
1120 4666 1316 4723 τούτοις
1343 4664 1733 4727 ἐναντιουμένην.
1761 4667 1846 4721 Τίς
1865 4666 1964 4736 γὰρ

2133 2472 2257 2528 llaec
2281 2474 2461 2544 itaque
2496 2473 2891 2532 deﬁnitionibus
2943 2489 3139 2536 sanctae
3185 2481 3632 2546 Chalcedonensis

2061 2566 2249 2636 synodi
2279 2568 2568 2622 constituta
2594 2577 2737 2635 sunt,
2767 2585 2867 2625 nec
2894 2573 3179 2628 obscurum
3206 2576 3475 2645 quidpiam
3508 2594 3632 2648 pro-

2060 2656 2239 2710 locuta
2271 2664 2352 2710 est
2380 2658 2521 2711 circa
2548 2658 2702 2712 ﬁdem
2731 2662 2995 2729 synodus,
3039 2678 3226 2717 verum
3254 2666 3448 2735 ubique
3473 2678 3529 2722 et
3577 2670 3631 2723 in

2060 2747 2304 2800 omnibus
2325 2763 2443 2802 eam
2465 2759 2665 2804 sectata
2686 2760 2767 2804 est
2788 2752 3175 2810 confessionem
3197 2757 3336 2821 ﬁdei,
3362 2774 3391 2811 a
3409 2758 3633 2815 Domino

2060 2836 2291 2903 benigne
2318 2853 2629 2893 concessam
2661 2856 2756 2909 per
2775 2844 3050 2909 apostolos
3089 2862 3233 2911 suos,
3262 2863 3421 2915 quam
3461 2853 3632 2906 sancti

2064 2926 2162 2995 ipsi
2193 2928 2547 2996 praedicarunt
2573 2933 2822 2999 apostoli,
2853 2950 3014 3002 quain
3041 2938 3211 2992 sancti
3242 2941 3466 2994 trecenti
3492 2951 3642 2997 octo-

2063 3018 2234 3073 decim
2277 3021 2460 3074 Patres
2496 3021 2588 3075 Dei
2636 3021 2886 3077 Ecclesia:
2936 3026 3284 3092 tradiderunt,
3312 3044 3472 3097 quam
3501 3048 3631 3087 ceu-

2066 3118 2175 3163 tum
2206 3119 2256 3163 et
2286 3112 2663 3179 quinquaginta
2694 3112 2877 3169 Patres
2908 3116 3087 3170 itidem
3117 3117 3184 3172 de
3211 3118 3438 3187 Spiritus
3459 3122 3631 3178 sancti

2066 3198 2344 3255 divinitate
2367 3202 2613 3270 dog-nata
2635 3205 2974 3262 declarantes
2992 3207 3459 3265 conﬁrmaverunt.
3483 3212 3631 3271 Hanc

2064 3290 2231 3343 secuti
2263 3299 2388 3344 sunt
2413 3294 2579 3346 sancti
2609 3292 2794 3347 Patres
2821 3294 3090 3363 Ephesum
3126 3302 3503 3357 convenientes
3525 3303 3631 3372 prio

2064 3396 2241 3446 mum;
2271 3380 2410 3437 hanc
2430 3384 2672 3452 amplexa
2695 3393 2777 3439 est
2803 3396 2986 3441 sancta
3004 3387 3358 3447 Chalcedonis
3375 3394 3632 3464 synodus,

2066 3490 2183 3544 qua!
2212 3477 2553 3531 anathemate
2591 3476 2750 3543 feriit,
2782 3480 3085 3551 quicunque
3138 3483 3281 3538 aliud
3332 3487 3632 3556 symbolum

2068 3568 2320 3631 traderet,
2353 3567 2465 3622 sive
2494 3566 2614 3622 fidei
2642 3569 3052 3637 expositionem,
3079 3580 3272 3640 praeter
3298 3589 3415 3629 eam
3440 3593 3557 3645 quae
3601 3593 3631 3631 a

2066 3659 2265 3713 sanctis
2292 3659 2547 3713 trecentis
2581 3666 2636 3712 et
2663 3659 2959 3715 octodecim
2988 3661 3234 3717 Patribus
3266 3667 3453 3720 tradita
3480 3677 3585 3721 est.

2137 3749 2265 3815 Qua:
2290 3764 2410 3803 cum
2438 3748 2511 3803 ita
2542 3764 2600 3804 se
2629 3749 2876 3813 habeant,
2909 3767 3031 3806 sero
3059 3753 3273 3808 tandem
3304 3759 3630 3823 cognoscite,

2067 3850 2185 3896 uter
2211 3840 2411 3896 rectius
2439 3849 2674 3895 sanctam
2705 3839 3196 3898 Chalcedonensem
3233 3854 3446 3901 tueatur
3472 3864 3632 3919 syno-

2066 3934 2190 3987 dum
2214 3972 2229 3997 ,
2262 3933 2377 3989 isne
2400 3932 2491 4001 qui
2512 3948 2629 3986 eam
2670 3932 2917 4001 praefatos
2946 3934 3041 3988 SS.
3082 3935 3270 3991 Patres
3298 3936 3524 3995 ﬁdeliter
3551 3956 3632 3995 se-

2066 4033 2265 4087 cutam,
2294 4031 2440 4077 recte
2461 4022 2708 4078 universa
2738 4021 3008 4078 deﬁniisse
3035 4026 3330 4094 contendit,
3361 4043 3429 4081 an
3470 4029 3514 4083 is
3541 4030 3633 4100 qui

2066 4115 2115 4169 ei
2145 4114 2373 4168 tribuere
2398 4114 2587 4168 nititur
2612 4113 2803 4183 impios
2840 4114 3088 4182 loquendi
3129 4116 3317 4172 modos
3354 4119 3633 4174 hieretico-

2067 4208 2223 4259 rum?
2270 4206 2409 4260 Fieri
2449 4219 2679 4273 namque
2722 4204 2939 4259 minime
2991 4215 3169 4274 potest
3224 4216 3281 4261 ut
3334 4210 3423 4278 qui
3472 4225 3634 4279 puras

2071 4297 2255 4365 prima:
2299 4295 2579 4364 Ephesina:
2626 4294 2815 4364 synodi
2863 4297 3187 4360 sanctiones,
3236 4298 3633 4368 catholicasque

2069 4401 2228 4441 voces
2250 4385 2552 4447 admittunt,
2583 4384 2780 4452 quique
2807 4383 2899 4438 SS.
2934 4382 3035 4438 PP.
3073 4385 3439 4452 Caelestinum,
3462 4388 3631 4459 Cyril.

2070 4476 2213 4540 lum,
2257 4474 2493 4529 Leonem
2538 4488 2601 4528 ac
2642 4472 3091 4530 Chalcedonensis
3136 4478 3323 4547 synodi
3366 4477 3627 4533 deﬁnitio-

2071 4581 2195 4619 nem
2241 4564 2521 4632 recipiunt,
2574 4562 2611 4616 ii
2639 4562 2921 4617 scelestam
2950 4579 3164 4633 quoque
3204 4566 3269 4620 ad
3305 4566 3491 4621 Mariin
3521 4568 3634 4639 cpi.

2070 4656 2283 4722 stolam,
2310 4669 2428 4707 cum
2464 4654 2529 4707 iis
2555 4666 2674 4720 qum
2703 4655 3120 4720 percensuimus,
3152 4657 3369 4711 omnino
3398 4672 3634 4727 pugnam

394 4756 510 4813 τοὺς
534 4752 868 4814 διδασκάλους
895 4762 985 4812 τῆς
1012 4754 1293 4818 ἐκκλησίας,
1326 4755 1406 4805 καί
1430 4756 1548 4811 τοὺς
1576 4754 1640 4805 τὰ
1669 4749 1864 4805 ἐναντία
1893 4751 1963 4805 δι-

2070 4755 2174 4799 tem
2206 4745 2502 4798 admittant.
2548 4745 2677 4811 Quis
2706 4747 2846 4799 enim
2876 4746 3131 4802 Ecclesiae
3158 4751 3442 4817 magistros
3476 4760 3635 4819 atque

393 4843 676 4905 δασκοντας
696 4886 708 4907 ,
736 4846 765 4904 ἦ
805 4850 925 4906 τοὺς
952 4846 1276 4921 όρθοδόξους,
1324 4847 1410 4899 καὶ
1436 4848 1553 4904 τοὺς
1592 4847 1903 4917 αἱρετικούς,
1938 4845 1965 4905 ἦ

393 4939 506 4996 τοὺς
538 4938 999 5000 καταδικάσαντας,
1024 4942 1104 4992 καί
1125 4942 1244 4998 τοὺς
1265 4939 1651 5011 κατακριθέντας
1674 4935 1796 5005 όμοῦ
1818 4935 1969 4991 δύνα-

391 5049 474 5083 ται
501 5026 767 5091 deferueat;
812 5027 918 5084 ἰνα
952 5029 1004 5084 δέ
1041 5030 1342 5103 τελειότερον
1370 5033 1432 5084 τὰ
1462 5028 1545 5083 διὰ
1573 5026 1713 5080 Ἴίῗαν
1742 5031 1821 5081 καί
1848 5037 1960 5082 Θεο-

393 5118 603 5189 δώριτον
646 5124 940 5191 κεκινημένα
994 5130 1179 5193 γνῶτε,
1229 5123 1493 5193 ἀναγκαῖον
1542 5120 1839 5188 ἐνομίσαμεν
1888 5120 1967 5173 καὶ

395 5218 557 5266 ταῦτα
582 5213 701 5280 ύμῖν
729 5222 1035 5287 φανερῶσαι.

460 5294 725 5357 Γινώσκετε
760 5324 926 5357 rerum
954 5301 1029 5359 ὅτι
1060 5304 1186 5357 κατά
1219 5300 1483 5374 διαφόρους
1514 5302 1720 5369 καιρούς
1766 5296 1848 5351 διὰ
1874 5304 1962 5354 τήν

391 5392 625 5446 ἀσέϐειαν
653 5391 914 5462 Θεοδώρου
945 5397 1022 5446 καὶ
1050 5395 1321 5463 Νεστορίου
1358 5398 1447 5447 τήν
1483 5397 1543 5461 τῇ
1569 5392 1697 5462 αὐτῇ
1730 5388 1962 5461 ἐπιστολῇ

394 5482 775 5555 περιεχομένην,
801 5485 883 5535 καί
914 5480 997 5535 διὰ
1018 5484 1109 5541 τὰς
1140 5482 1309 5554 ὕϐρεις
1338 5483 1431 5539 τὰς
1455 5480 1587 5532 κατά
1613 5484 1703 5530 τοῦ
1729 5479 1775 5528 ἐν
1804 5477 1961 5547 ἁγίοις

393 5570 623 5641 Κυρίλλου
666 5575 751 5624 καί
787 5579 884 5626 τῶν
911 5572 1063 5625 αὐτοῦ
1099 5573 1364 5640 κεῖμαλαίων
1405 5570 1702 5637 λεχθείσας.
1744 5586 1955 5633 κατηγο-

392 5662 616 5728 ρηθέντος
638 5660 752 5721 "lea
781 5664 924 5735 παρά
959 5661 1209 5730 Θεοδοσίῳ
1243 5668 1315 5731 τῷ
1343 5670 1433 5719 τῆς
1461 5657 1698 5715 εὐσεϐοῦς
1727 5658 1754 5708 λ
1774 5658 1908 5719 ,ξεως
1938 5654 1953 5684 ¹

393 5752 613 5817 βασιλεῖ,
642 5757 724 5806 καί
761 5757 901 5829 παρὰ
938 5753 1140 5828 Πρόκλῳ
1173 5761 1245 5820 τῷ
1285 5755 1332 5804 ἐν
1379 5751 1536 5819 ἁγίονς
1564 5747 1955 5821 ἀρχιεπισκόπνρ

475 5843 490 5873 ⁸
531 5842 626 5909 ἵει
652 5846 845 5909 λέξεως.
872 5845 1078 5907 Πρόκλος
1096 5860 1436 5919 γιὶωνσιαντιν.
1464 5838 1701 5915 Ἀρχιεπ.

2067 4836 2331 4890 contraria
2362 4835 2617 4891 docentes
2637 4838 2719 4890 vel
2744 4838 3072 4894 orthodoxos
3100 4841 3255 4894 simul
3281 4850 3441 4910 atque
3469 4843 3628 4897 luere-

2070 4928 2220 4989 ticos,
2270 4926 2354 4980 vel
2403 4926 2786 4983 condemnatos
2838 4944 2945 4984 una
2993 4945 3112 4984 cum
3159 4932 3635 4989 condemnantibus

2067 5016 2241 5069 valeat
2260 5016 2540 5083 amplecti?
2560 5015 2843 5083 Catterum,
2872 5027 2931 5073 ut
2955 5020 3161 5089 plenius
3179 5035 3242 5074 ea
3262 5036 3379 5088 quae
3401 5038 3432 5075 a
3454 5021 3632 5076 Theo-

2068 5104 2255 5159 doreto
2286 5114 2341 5159 et
2364 5104 2453 5158 Iba
2487 5107 2695 5160 turbata
2725 5117 2845 5163 sunt
2873 5108 3195 5175 intelligatis,
3228 5109 3341 5163 bzec
3368 5110 3469 5162 alia
3498 5125 3633 5177 quo-

2069 5209 2173 5262 que
2202 5194 2350 5248 vobis
2378 5210 2648 5263 exponere
2689 5210 2865 5263 opera:
2917 5196 3144 5264 pretium
3193 5196 3629 5249 existimavimus.

2140 5283 2401 5338 Noveritis
2447 5284 2658 5352 itaque,
2700 5284 2844 5352 quod
2880 5299 2998 5339 cum
3037 5284 3259 5337 diversis
3306 5284 3632 5351 temporibus

2069 5385 2345 5429 accusatus
2393 5381 2537 5428 esset
2585 5374 2702 5427 [bas
2755 5373 2895 5441 apud
2950 5372 3196 5441 piissinne
3249 5372 3632 5429 recordationis

2068 5480 2243 5533 regem
2268 5459 2648 5528 Theodosium,
2680 5465 2749 5517 ob
2778 5464 3148 5518 Nestorianatn
3177 5462 3630 5517 Tlieodorianatn-

2067 5572 2170 5625 que
2208 5556 2531 5624 impietatem
2570 5554 2621 5606 in
2663 5568 2756 5607 sua
2808 5569 2871 5607 ca
2925 5553 3151 5622 epistola
3197 5560 3521 5613 contentam,
3567 5567 3630 5607 ac

2061 5658 2280 5721 prepter
2323 5646 2675 5700 contumelias
2714 5646 2766 5700 in
2815 5656 3055 5700 sanctum
3102 5646 3359 5716 Cyrillum
3407 5644 3628 5711 ejusque

2062 5739 2290 5812 capitula
2337 5735 2589 5809 prolatas,
2622 5744 2676 5791 et
2715 5736 2854 5807 apud
2902 5735 3151 5792 Procluin
3194 5744 3439 5799 sanctum
3477 5734 3624 5793 Con-
