4148 6474
448 414 468 476 l
481 417 586 478 083

1732 425 2175 487 JUSTINIANI
2221 426 2379 487 1MP.

3563 422 3693 485 1084

448 531 1039 597 κωνσταντινουπόλιως,
1099 535 1184 587 καί
1227 538 1368 609 ποιρά
1413 531 1665 607 διαφόροις
1698 533 2011 604 ’Δντιοχείας

2115 536 2538 605 stantinopoieos
2563 537 3241 609 archiepiscopum,"atque
3270 537 3408 607 apud
3438 523 3686 606 complu-

444 622 899 689 ἀρχιεπισνόποις,
936 623 1210 677 τελευταῖον
1246 627 1390 697 παρά
1420 630 1512 678 τοῦ
1540 626 1695 678 αὐτοῦ
1732 623 2011 697 βασιλέως,

446 721 526 767 mi
552 718 821 770 Φλαυιανοῡ
844 719 972 786 μετὰ
999 718 1205 793 Πρόκλον
1233 724 1318 773 τοῦ
1346 719 1393 771 ἐν
1419 716 1579 789 ἁγίοις
1600 718 2013 790 ἀρχιεπισκόπου

446 808 1004 870 λωντταντινονπό).νοις
1044 811 1340 880 γενομένου,
1376 810 1654 876 ἀπενεμήθη
1694 810 1724 864 ἡ
1754 810 2014 877 κινουμένη

442 895 551 953 δίκη
580 902 710 952 κατά
738 905 825 952 τοῦ
860 900 1016 952 αὐτοῦ
1042 897 1182 961 Ἰϐα,
1210 904 1380 970 Φωτίῳ
1415 899 1678 968 έπισκόπῳ
1706 900 1904 971 Τύρου,
1930 900 2015 951 καί

442 990 696 1058 Εὐσταθίῳ
727 984 991 1059 ἓπισκόπῳ
1031 995 1284 1062 Βηρυτοῦ,
1316 987 1438 1058 παρ’
1463 985 1533 1048 οἷς
1568 990 1685 1063 περί
1710 1007 1764 1041 τε
1790 990 2013 1047 πίστεως

440 1080 751 1151 κατηγορήθη
780 1078 804 1131 ὁ
835 1078 986 1137 αὐτὸς
1015 1075 1188 1141 Ἰϐας,
1216 1079 1301 1130 καί
1328 1079 1445 1151 περί
1472 1076 1665 1150 ὕϐρεων
1694 1076 1820 1129 κατά
1845 1080 1936 1129 τοῦ
1967 1076 2013 1127 ἐν

440 1167 600 1237 ἁγίοις
645 1168 879 1239 κυρίλλου
927 1170 1217 1237 γενομένων.
1263 1172 1473 1223 Ἐκεῖνος
1517 1162 1570 1218 δέ
1616 1162 2013 1234 ἀπολογούμενος

438 1260 757 1331 απεκρίνατο.
785 1256 939 1327 μηδὲν
965 1258 1032 1310 ὐϐ
1035 1257 1210 1325 ριστὸν
1229 1256 1358 1324 μετά
1382 1260 1471 1313 τήν
1491 1255 1667 1308 ἕνωσιν
1693 1259 1783 1311 τήν
1808 1256 2011 1326 γενομέ-

437 1372 520 1406 νην
548 1351 735 1418 μεταξὺ
772 1357 870 1403 τῶν
894 1349 1242 1411 ’Δνατολικῶν,
1274 1348 1358 1401 καί
1394 1353 1478 1401 τοῦ
1506 1347 1557 1401 ἐν
1582 1345 1743 1415 ἀγίοις
1774 1345 2008 1420 ιυρίλλου

438 1460 458 1491 ε
485 1448 621 1502 πεῖν,
655 1440 685 1498 ἦ
710 1440 904 1513 γράψαι
942 1441 1049 1493 κατ’
1092 1441 1271 1493 αὐτοῦ.
1303 1448 1355 1492 Ἦ
1394 1436 1448 1492 δέ
1486 1438 1701 1511 μυσαρά
1740 1436 1869 1494 αὕτη
1902 1438 2010 1491 ἐπι·

438 1529 592 1586 στολή
615 1530 644 1586 ἠ
663 1529 1064 1603 προκομισθεῖσα
1086 1530 1222 1602 παρὰ
1243 1534 1341 1580 τῶν
1362 1527 1651 1599 κατηγόρων
1676 1526 1830 1579 αὐτοῦ
1871 1524 2014 1583 δηλοῖ

442 1618 521 1671 ὅτι
548 1620 678 1688 μετὰ
707 1624 795 1677 τήν
819 1619 997 1673 ἕνωσιν
1022 1620 1326 1692 γέγραπται.

431 1813 440 1821 ”
510 1805 765 1857 Δείκνυται
792 1806 957 1857 τοίνυν
983 1800 1123 1863 Ἰϐας
1166 1805 1218 1857 ἐκ
1243 1813 1331 1864 τῆς
1361 1806 1546 1865 οἰκείας
1577 1805 1887 1863 καταθὲσξως
1916 1808 2006 1863 τὴν

2113 645 2200 685 res
2228 630 2519 684 Antiochiae
2554 631 3021 701 archiepiscopus,
3069 631 3355 684 novissime
3397 640 3573 683 autem
3620 633 3689 685 ab

2112 721 2299 776 eodem
2330 736 2475 789 rege,
2506 738 2569 777 ac
2597 721 2876 790 Flaviano,
2922 722 3015 790 qui
3046 721 3235 776 l’roclo
3284 723 3336 774 in
3382 721 3688 777 Constanti—

2113 812 2421 880 nopolitana
2448 814 2574 866 sede
2600 827 2877 867 successor
2904 811 3158 866 suffectus
3199 812 3313 874 fuit,
3362 812 3562 879 judicio
3591 812 3684 865 a-J-
3772 806 3777 813 ’

2111 917 2295 956 versus
2324 902 2568 956 eumdem
2598 901 2744 955 lbatn
2774 903 2994 957 feremlo
3020 902 3239 964 Photius
3258 903 3404 974 'l'yri,
3428 914 3483 957 et
3506 903 3690 960 Eusta-

2111 992 2252 1045 thius
2280 990 2455 1062 Beryti
2485 991 2719 1059 episcopi
2750 992 2939 1046 delecti
2978 1002 3103 1046 sunt
3146 1010 3157 1043 :
3209 1009 3238 1045 a
3270 993 3462 1060 quibus
3489 995 3555 1048 de
3584 993 3688 1052 ﬁdo

2110 1095 2205 1135 sua
2229 1083 2585 1149 reprehensus
2620 1080 2756 1143 lbas,
2788 1080 2963 1151 deque
2993 1080 3198 1148 injuriis
3234 1081 3284 1145 in
3314 1091 3557 1139 sanctum
3586 1082 3688 1153 Cy-

2109 1169 2287 1222 rillum
2313 1169 2546 1237 jactatis,
2580 1186 2701 1223 cum
2741 1170 2841 1229 sibi
2883 1168 3207 1231 defensionis
3253 1171 3470 1227 daretur
3514 1173 3688 1239 locus,

2110 1262 2322 1328 negavit
2349 1261 2615 1330 quidpiam
2640 1260 2708 1318 ab
2737 1275 2796 1314 se
2825 1260 2878 1313 in
2922 1268 3165 1319 sanctum
3199 1260 3455 1331 Cyrillum
3496 1272 3681 1325 contu;

2107 1352 2329 1407 meliose
2371 1351 2568 1406 dictum
2609 1352 2694 1405 vel
2730 1352 2984 1421 scriptum
3015 1366 3155 1414 esse,
3203 1360 3324 1420 post
3369 1352 3686 1410 reconcilia-

2108 1447 2305 1499 tionem
2336 1448 2473 1500 inter
2502 1445 2801 1499 Orientales
2829 1452 3178 1511 sanctumque
3208 1444 3349 1513 Cyril
3374 1459 3460 1496 um
3510 1444 3683 1513 ipsum

2107 1536 2485 1599 constitutam;
2520 1550 2701 1588 rerum
2749 1535 3033 1589 criminosa
3072 1549 3135 1588 ea
3176 1534 3403 1603 epistola
3433 1534 3500 1588 ab
3528 1551 3687 1589 accu-

2105 1627 2371 1680 sutoribus
2397 1624 2655 1694 producta
2684 1625 2857 1695 palam
2886 1641 3003 1680 eam
3029 1634 3150 1693 post
3171 1625 3681 1691 reconciliationem.

2104 1719 2460 1787 conscriptam
2485 1716 2646 1771 fuisse
2668 1717 3021 1772 demonstrat.

2176 1806 2293 1860 Ilias
2323 1806 2500 1873 igitur,
2524 1822 2588 1860 ex
2611 1815 2823 1862 suamet
2849 1807 3035 1862 eadem
3058 1808 3389 1876 depositione
3417 1825 3682 1866 memoraq

436 1895 850 1959 μἰηιιονευθεῖσαν
880 1896 1143 1953 ἐπιστολήν
1171 1896 1571 1968 ἀπαρνούμενος’
1615 1893 1722 1949 ὅθεν
1752 1896 1796 1949 οἱ
1827 1915 2002 1968 προει-

2111 1903 2214 1948 tam
2298 1896 2575 1963 epistolam
2640 1896 2862 1951 omnino
2931 1897 3236 1966 repudiasse
3301 1900 3638 1966 cognoscitur
3662 1917 3684 1963 εΔ

437 1983 632 2054 ρομένοι
659 1985 919 2039 ὶπίσκοποι
962 1984 1175 2060 ὁρῶντες
1202 1992 1290 2043 τήν
1316 1985 1552 2040 ἀσέϐειαν
1580 1994 1669 2045 τῆς
1708 1986 1999 2049 ἐπιστολῆς,

436 2077 480 2125 εἰ
509 2077 591 2127 καί
616 2071 761 2136 ἰϐεις
800 2078 909 2146 οὐχ
939 2074 1251 2147 ὡμολόγησεν
1295 2079 1485 2135 ταύτην
1517 2075 1645 2131 ἰδίαν
1690 2073 1837 2141 εἶναι,
1866 2076 2003 2146 ὅμως

435 2166 595 2236 ψῆφον
637 2163 916 2240 ἐξήνεγκαν,
942 2166 1023 2221 διά
1049 2169 1249 2222 πάντων
1292 2168 1512 2223 ἐναντίαν
1630 2168 1839 2239 ἀσεϐείᾳ
1867 2176 1928 2237 τῇ
1955 2169 2002 2220 ἐν

435 2264 498 2330 τῇ
528 2259 653 2330 αὐτῇ
680 2258 916 2330 ἐπιστολῇ
946 2258 1302 2331 περιεχομένη.
1352 2258 1676 2311 Διετύπωσαν
1714 2258 1810 2330 γὰρ
1846 2258 1913 2315 ὥς
1946 2277 2001 2310 τε

436 2340 574 2397 Ἰϐαν
602 2345 965 2416 ἀναθεματίσαι
1007 2348 1095 2415 μὲν
1132 2347 1414 2418 Νεστίριον,
1447 2349 1531 2398 καί
1556 2347 1622 2399 τά
1649 2346 1809 2403 ἀσεϐῆ
1852 2347 2001 2399 αὐτοῦ

436 2431 684 2503 δόγματα,
730 2436 813 2487 καί
853 2436 974 2493 τοὺς
1017 2432 1327 2494 έκδικοῦντας
1366 2437 1537 2497 αὑτὸν,
1566 2432 1697 2505 ἅπερ
1742 2437 1772 2491 ἡ
1812 2434 2003 2495 ἀσεϐὴς

438 2523 676 2579 ἐπιστολή
713 2521 942 2586 ἐξεδίκει⁹
973 2520 1203 2586 δέξασθαι
1247 2522 1298 2576 δέ
1347 2525 1525 2582 ἐπίσης
1566 2531 1665 2578 τῶν
1706 2526 2004 2598 τριακοσίων

438 2609 685 2665 δεκαοκτώ
709 2610 862 2681 ἁγίων
886 2612 1140 2684 πατέρων,
1165 2614 1250 2664 καί
1276 2618 1363 2667 τήν
1386 2612 1433 2664 ἐν
1452 2614 1635 2682 Ἐφέσῳ
1661 2615 1864 2686 πρώτην
1892 2614 2005 2666 σύν-

439 2701 568 2769 οδον,
600 2704 667 2761 ὡς
696 2702 797 2757 ἀπὸ
825 2701 967 2771 ἀγίου
996 2703 1283 2772 πνεύματος
1309 2703 1676 2771 συναχθεῖσαν,
1707 2704 1809 2756 καθ’
1833 2702 2005 2773 ὁμοιό-

440 2809 564 2849 τητα
590 2798 687 2845 τών
723 2794 1021 2865 τριακοσίων
1060 2790 1310 2846 δικαοκτὼ
1349 2790 1503 2861 ἀγίων
1532 2795 1782 2867 πατέρων,
1816 2796 1872 2850 ἦν
1895 2814 2005 2848 τινα

441 2883 487 2932 ἓν
511 2878 694 2952 Ἐφέσῳ
718 2879 930 2935 σύνοδον
960 2881 1068 2951 μετ’
1088 2882 1240 2935 αὐτοῦ
1270 2887 1359 2935 τοῦ
1387 2883 1435 2934 ἐν
1462 2879 1624 2950 ἁγίοις
1663 2882 1894 2955 κυρίλλου
1924 2886 2006 2937 καί

442 2979 535 3027 τῶν
579 2971 767 3027 δώδεκα
807 2975 964 3028 αὑτοῦ
1016 2973 1288 3044 κεφαλαίων
1315 2971 1614 3046 memmi
1644 2975 1773 3030 αὐτή
1819 2974 2006 3032 ἀσεϐής

440 3063 694 3123 ἐπιστολή.

2103 1984 2451 2052 quamobrem
2475 1982 2788 2052 ptmlaudati
2816 1984 3052 2058 episcopi
3083 1985 3410 2055 impietatem
3440 1989 3687 2056 epistolae

2103 2075 2523 2140 considerantes,
2551 2076 2759 2129 etiamsi
2802 2074 2922 2130 lbas
2948 2091 3067 2131 eam
3116 2078 3183 2131 ab
3220 2092 3278 2131 se
3319 2078 3515 2132 editam
3560 2095 3678 2135 esse

2104 2165 2320 2218 minime
2346 2165 2710 2226 confiteretur,
2740 2181 2834 2235 par
2873 2180 2968 2234 per
2996 2166 3172 2220 omnia
3208 2166 3511 2235 suffragium
3559 2185 3689 2238 pro-c

2105 2257 2275 2309 tutere
2297 2255 2551 2308 adversus
2576 2255 2900 2328 impietatem
2922 2270 3080 2325 quam
3103 2256 3328 2324 epistola
3357 2258 3680 2326 complecte-

2104 2345 2278 2400 batur.
2331 2344 2665 2400 Censuerunt
2714 2345 2913 2415 quippe
2964 2348 3031 2399 ab
3092 2346 3179 2401 Iba
3233 2348 3685 2415 anathetnatizari

2106 2436 2406 2491 Nestorium
2431 2451 2550 2491 cum
2575 2436 2750 2505 impiis
2771 2435 3105 2504 dogmatibus
3124 2436 3252 2503 suis,
3279 2453 3395 2507 quae
3422 2437 3476 2492 in
3513 2438 3672 2507 impia

2104 2527 2329 2597 epistola
2383 2527 2795 2594 colligebantur,
2846 2527 3021 2596 excipi
3085 2534 3265 2582 autem
3318 2535 3675 2582 trecentorum

2104 2625 2267 2685 atque
2294 2616 2592 2672 octodecim
2621 2616 2835 2670 Patrum
2857 2615 3015 2672 fidem
3038 2625 3307 2686 oportere,
3337 2616 3679 2688 priorentque

2105 2705 2423 2774 Ephesinam
2451 2704 2712 2776 synodum
2740 2720 2838 2759 ceu
2868 2705 2918 2758 in
2948 2704 3148 2774 Spiritu
3168 2706 3359 2759 sancto
3384 2719 3677 2772 congrega-

2108 2804 2236 2860 tam,
2258 2795 2443 2849 eodem
2474 2793 2631 2848 modo
2657 2802 2819 2863 atque
2844 2810 2962 2849 eam
2983 2809 3099 2862 qua:
3120 2808 3184 2848 ex
3218 2794 3475 2849 trecentis
3494 2792 3687 2854 iisdem

2106 2893 2266 2953 atque
2322 2882 2626 2937 octodecim
2673 2883 2870 2937 sanctis
2913 2881 3157 2937 Patribus
3210 2882 3470 2948 constitit,
3518 2896 3680 2951 quam

2106 2971 2423 3042 Ephesinam
2446 2971 2727 3042 synodum,
2750 2986 2854 3025 una
2875 2986 2993 3026 cum
3015 2978 3201 3025 sancto
3224 2969 3443 3042 Cyrillo,
3475 2968 3679 3023 duode-

2106 3065 2317 3133 cimque
2354 3063 2599 3133 capitulis
2639 3062 2755 3131 ejus
2782 3077 2846 3116 ea
2875 3061 3037 3131 impia
3075 3061 3301 3131 epistola
3346 3058 3685 3115 contumeliis

2108 3156 2426 3209 lacessebat.

509 3247 582 3300 Τόι
606 3247 769 3300 τοίνδν
794 3245 934 3320 παρά
962 3251 1059 3297 τῶν
1086 3241 1333 3297 δικαστῶν
1362 3243 1615 3318 κεκριμένα
1644 3246 1710 3312 μή
1734 3243 2008 3315 πληρώσας

2180 3244 2312 3296 Cum
2343 3257 2503 3312 porro
2548 3242 2615 3295 ab
2658 3240 2747 3295 Iba
2796 3241 3013 3295 minime
3047 3239 3426 3310 perficerentur
3456 3256 3519 3294 ea
3564 3254 3693 3309 qua

440 3334 586 3397 Ἴδας
629 3344 720 3396 τῆς
759 3338 1042 3393 ἐπισκοπῆς
1087 3334 1352 3407 καθῃρέθη,
1383 3336 1469 3386 καί
1512 3334 1643 3403 μετά
1688 3340 1851 3388 ταῦτα
1890 3354 2008 3387 συνο

440 3428 578 3498 ἤχθη
619 3428 648 3483 ἠ
689 3427 740 3478 ἐν
784 3422 1054 3478 Χαλκηδόνι
1104 3423 1223 3495 ἁγία
1272 3420 1512 3485 σύνοδος,
1543 3423 1591 3475 ἐν
1688 3421 1798 3476 οὖδέ
1844 3424 2012 3481 ἐκληθη

441 3514 595 3577 Ἰίῗας,
628 3514 743 3570 οὐδέ
772 3518 839 3574 ὡς
879 3513 1153 3572 ἐπίσκοπος
1182 3514 1549 3588 παραγέγονεν,
1581 3514 1763 3566 Νόννου
1806 3511 1898 3570 ἤδη
1942 3518 2014 3572 εἰς

442 3611 592 3663 τόπον
628 3610 786 3661 αὐτοῦ
838 3606 1289 3679 χειροτονηθέντος.
1322 3610 1411 3658 τοῦ
1460 3607 1545 3657 καί
1590 3604 1849 3663 κληθέντος
1875 3605 1925 3656 ἐν
1949 3613 2013 3673 τῇ

442 3700 561 3770 ἁγίᾳ
591 3699 639 3750 ἐν
661 3696 932 3753 Χαλκηδόνι
962 3692 1177 3764 συνόδῳ.
1222 3692 1360 3748 ’Λλλά
1389 3694 1517 3763 μετά
1543 3694 1629 3748 τόν
1657 3691 1769 3768 ὅρον
1791 3696 1875 3748 τ⁷ν
1895 3697 2015 3765 περί

442 3798 533 3848 τῆς
577 3791 798 3846 πίστεως
838 3784 1095 3855 δεδομένον
1135 3784 1362 3837 εἰσελθὼν
1392 3782 1418 3837 ό
1446 3785 1799 3853 μνημονευθεὶς
1842 3780 2008 3848 "leae,

444 3879 627 3951 ᾑτησεν
675 3880 762 3933 τὴν
804 3876 924 3947 περὶ
969 3875 1121 3926 αὖτοῦ
1169 3872 1402 3927 ὑπόθεσιν
1446 3875 1730 3937 ζητηθῆναι,
1756 3871 1820 3926 δι’
1841 3874 1899 3931 ἣν
1924 3882 2015 3932 τῆς

443 3970 724 4025 ἐπισκοπῆς
772 3964 1035 4036 καθῃρέθη,
1064 3965 1141 4015 καί
1178 3959 1510 4036 προεκόμισεν
1539 3968 1626 4019 τήν
1655 3964 2014 4039 προειρημένην

445 4059 599 4128 ψῆφον
634 4056 820 4109 ⁴Ιιωτίου
864 4057 947 4106 καί
972 4055 1260 4107 Ενσταθίοω
1305 4050 1362 4111 ἧς
1401 4053 1821 4123 ἀναγνωσθείσης,
1853 4055 2013 4107 εἰσελ-

443 4149 610 4204 θόντες
648 4148 726 4197 καί
753 4144 799 4196 οί
824 4146 1009 4198 τούτου
1040 4145 1299 4214 κατήγοροι
1324 4143 1661 4213 προεκόμισαν
1690 4145 1754 4197 τά
1781 4146 1829 4196 ἐν
1866 4143 2014 4219 Τύρῳ

444 4242 790 4309 πεπρογμένα,
815 4235 866 4289 ἐν
890 4231 961 4292 οἷς
994 4236 1288 4305 περιείχετο
1315 4234 1343 4289 ἠ
1367 4234 1489 4289 αὐτὴ
1529 4234 1721 4294 ἀσεϐής
1753 4235 2011 4294 ἐπιστολὴ
2050 4278 2053 4279 ν

444 4325 502 4385 ὗς
530 4324 947 4398 ἀναγνωσθείσης,
977 4320 1123 4380 εἰδώς
1147 4318 1308 4387 Ἴδας,
1341 4324 1409 4379 ὡς
1436 4323 1477 4374 εί
1500 4319 1799 4393 ὁμολογήτοι
1824 4326 2014 4381 ταύτην

446 4415 574 4471 ἰδίαν
601 4411 745 4479 εἶναι,
774 4412 857 4468 διὰ
882 4417 970 4470 τήν
1018 4411 1252 4465 ἀσέϐειαν
1278 4412 1430 4471 αὐτῆς
1472 4409 1849 4476 κατεδικάζετο,
1880 4415 2015 4485 ἐγκό-

444 4508 547 4577 τᾷας
590 4511 679 4563 τήν
724 4511 828 4558 τῶν
873 4504 1238 4574 πεπραγμένων
1285 4504 1590 4574 ἀνάγνωσιν,
1639 4503 1799 4563 οὕτως
1853 4501 2010 4558 εἶπεν*

2113 3335 2323 3389 fuerant
2368 3334 2435 3387 ab
2482 3333 2750 3402 judicibus
2787 3333 3094 3393 constituta,
3130 3331 3240 3400 ipse
3277 3332 3343 3384 ab
3377 3340 3684 3401 epzscopatu

2111 3427 2353 3496 dejectus
2391 3434 2492 3490 est,
2538 3433 2699 3494 atque
2740 3426 2942 3478 interea
2996 3433 3180 3477 sancta
3233 3422 3684 3476 Chalcedonensis

2112 3516 2349 3587 synodus
2393 3524 2610 3581 coacta,
2659 3514 2907 3583 adquam
2948 3529 3120 3582 neque
3153 3523 3376 3568 vocatus
3418 3522 3502 3568 est
3546 3513 3685 3575 lbas.

2114 3625 2288 3678 neque
2312 3617 2368 3662 ut
2394 3609 2677 3677 episcOpus
2706 3606 2964 3671 interfuit,
2997 3605 3185 3659 Nonno
3211 3606 3323 3673 jam
3366 3607 3416 3659 in
3447 3607 3563 3674 ejus
3606 3606 3686 3659 lo-

2113 3718 2235 3757 cum
2268 3718 2360 3770 jer
2387 3718 2639 3755 manuum
2660 3702 3051 3770 impositionem
3075 3701 3385 3771 subrogato,
3408 3702 3497 3769 qui
3527 3702 3685 3755 etiam

2114 3792 2181 3846 ad
2204 3800 2442 3846 sanctam
2482 3790 2723 3863 eamdem
2751 3789 3106 3844 Chalcedonis
3154 3790 3415 3862 synodum
3463 3791 3681 3844 advoca-

2114 3891 2197 3935 tus
2227 3880 2412 3935 fuerat.
2449 3879 2702 3935 Perfectis
2731 3888 2908 3933 autem
2940 3879 3002 3933 iis
3030 3895 3147 3949 qua:
3188 3881 3331 3935 circa
3371 3879 3528 3934 fidem
3557 3897 3689 3933 con-

2112 3970 2379 4026 stitu'enda
2410 3977 2641 4033 Inerant,
2670 3970 2961 4024 adveniens
2990 3970 3107 4023 lbas
3128 3970 3436 4040 postulavit,
3470 3970 3537 4024 de
3568 3971 3685 4023 sub-

2113 4061 2390 4115 stitutione
2410 4061 2507 4114 sibi
2541 4060 2675 4114 facta
2698 4075 2913 4114 causam
2936 4061 3144 4128 agitari,
3167 4075 3270 4128 qua
3300 4062 3368 4113 ab
3384 4062 3691 4132 episcopatu

2114 4149 2482 4217 dejicxebatur,
2514 4148 2901 4222 pnefatumque
2943 4147 3117 4203 Photii
3166 4148 3533 4219 Eustathique
3579 4152 3690 4203 sui-

2114 4239 2338 4306 fragium
2370 4239 2420 4292 iu
2469 4237 2699 4291 medium
2738 4237 2993 4306 protulit;
3046 4238 3188 4307 quod
3240 4254 3360 4293 cum
3406 4241 3687 4307 legeretur,

2115 4332 2461 4385 advenientes
2490 4329 2686 4399 pariter
2714 4338 3055 4383 accusatores
3084 4329 3219 4399 ejus,
3250 4339 3370 4383 acta
3416 4328 3542 4402 Tyri
3577 4347 3711 4399 proo.

2115 4422 2398 4485 duxerunt,
2428 4422 2478 4475 in
2510 4422 2705 4491 quibus
2732 4420 2896 4474 etiam
2926 4420 3086 4489 impia
3110 4436 3171 4474 ea
3202 4420 3425 4489 epistola
3456 4422 3685 4475 contine-

2114 4513 2290 4567 batur.
2333 4511 2446 4566 llac
2492 4511 2594 4579 legi
2623 4511 2869 4564 similiter
2896 4519 3090 4579 empta,
3120 4525 3453 4579 cognoscens
3479 4510 3597 4565 lbas
3622 4512 3691 4565 ob

450 4616 467 4646 ι
498 4597 774 4649 Κιλεύσατε
801 4597 1080 4666 ἀναγνῶναι
1104 4594 1169 4647 τὰ
1194 4595 1475 4666 γράμματα
1504 4601 1601 4647 τῶν
1628 4595 1863 4667 κληρικῶν
1884 4593 2010 4648 133.5-

2116 4604 2231 4671 ejus
2255 4603 2586 4672 impietatem
2616 4601 3079 4656 condemnandum
3122 4617 3180 4657 se
3202 4602 3421 4656 omnino
3470 4602 3603 4666 fore,
3648 4603 3690 4656 si

444 4711 541 4748 σης
559 4728 573 4749 .
596 4690 676 4742 ἵνα
701 4688 749 4751 έξ
785 4689 955 4741 αὐτῶν
983 4689 1169 4759 μάθητε
1198 4685 1280 4740 ὅτι
1308 4686 1559 4759 ἀλλότριός
1587 4688 1686 4754 εἰμι
1710 4694 1808 4742 τῶν
1847 4690 2013 4757 ἐπαχ-

444 4780 620 4831 θέντων
648 4794 781 4846 μοι.»
805 4780 893 4830 Καὶ
921 4778 1333 4847 ἀναγνωσθέντων
1361 4779 1521 4829 αὐτῶν
1549 4782 1946 4837 κατανοήσαντες
1969 4780 2014 4832 οί

444 4872 709 4923 ἐπίσκοποι
750 4874 839 4925 τήν
882 4868 1041 4937 ψῆφον
1084 4871 1272 4921 Φωτίου
1325 4872 1407 4923 καί
1444 4870 1762 4934 Εὐσταθίου,
1808 4872 1890 4923 καί
1925 4876 2013 4928 τήν

444 4962 578 5015 κατὰ
622 4958 734 5013 Ἰϐα
771 4962 1027 5031 γενομένην
1074 4964 1399 5035 κατηγορίαν.
1451 4965 1710 5036 ἀπῄτησαν
1753 4964 1905 5017 αὐτὸν
1950 4964 2015 5017 τὰ

444 5054 587 5127 ποιρά
630 5054 815 5106 Φωτίου
862 5056 948 5106 καί
985 5055 1264 5107 Εὐσταθίου
1314 5056 1576 5127 κεκιοιῴνα
1614 5055 1903 5127 πληρῶσαι,
1928 5058 2015 5107 καὶ

442 5144 683 5207 δεξατθαι
714 5146 799 5197 τόν
828 5143 964 5218 ὅρον.
997 5140 1047 5197 όν
1078 5147 1108 5201 ἡ
1138 5145 1266 5201 αὐτη
1294 5144 1413 5216 ἁγία
1453 5142 1663 5204 σύνοδος
1691 5145 2009 5215 ἐξεφώνησεν,

442 5238 524 5287 καί
552 5234 846 5308 ὑπογράψαι
865 5237 913 5288 ἐν
940 5236 1093 5307 αὐτῷ,
1119 5232 1184 5287 δι’
1205 5232 1264 5288 οὗ
1294 5240 1377 5288 καί
1404 5241 1492 5292 τήν
1522 5238 1725 5308 πρώτην
1752 5235 1802 5288 ἐν
1830 5236 2013 5306 Ἐφέσῳ

441 5325 675 5389 σύνοδον,
705 5331 789 5379 καί
828 5329 913 5380 τόν
941 5330 987 5380 έν
1013 5328 1173 5397 ἁγίοις
1210 5328 1439 5398 ιυριλλον
1458 5368 1473 5391 ,
1503 5331 1584 5380 καί
1614 5333 1704 5385 τὴν
1735 5329 1892 5381 αὐτοῦ
1936 5325 2014 5380 δι·

443 5414 713 5471 ὅασκαλίαν
744 5418 963 5481 ἐδέξατοο
996 5418 1124 5495 ἅπερ
1162 5418 1383 5479 ἅπαντα.
1430 5421 1497 5478 ὡς
1539 5420 1828 5491 εἰρήκαμεν,
1860 5421 1890 5477 η
1919 5441 2017 5487 μυ-

446 5509 581 5582 στρὰ
630 5509 787 5566 ἐκείνη
840 5510 1084 5584 ἐνυϐρίζει
1139 5510 1408 5568 ἐπιστολή·
1460 5507 1609 5562 δι’ὦν
1657 5508 2012 5564 ἀποδείκνυται

441 5615 476 5649 π
501 5619 609 5652 εντα
634 5605 797 5651 ταῦτα
827 5605 916 5656 τήν
955 5600 1099 5669 ἀγίαν
1126 5600 1176 5651 ἓν
1203 5598 1470 5655 Χαλκηδόνι
1508 5597 1711 5653 σύνοδον
1740 5601 1821 5653 ἐπὶ
1848 5619 2009 5653 κατα·-

447 5691 607 5755 ερίσει
633 5692 717 5743 καί
738 5691 993 5764 ἀνατροπῇ
1019 5699 1107 5749 τῆς
1129 5690 1341 5749 ἀσεϐοῦς
1375 5690 1558 5751 ἐκείνης
1585 5691 1851 5749 ἑπιστολῆς
1872 5687 2011 5744 Ἴϐαν

446 5775 834 5845 παρασκευάσαι
878 5788 1099 5837 ποιῆσαι.
1155 5782 1489 5849 Θαυμάζομεν
1533 5782 1694 5833 τοίνυν
1731 5780 1900 5849 ὑμᾶς,
1931 5778 2011 5834 ὅτι

449 5871 535 5923 τήν
563 5872 802 5939 {lt/capia
832 5870 1009 5927 ἐκείνην
1045 5869 1323 5928 ’ἐπιστολήν
1355 5869 1607 5931 ἑκδικεῖτε.
1636 5870 1691 5928 ἣν
1722 5870 1825 5925 οὐδὲ
1862 5872 2010 5925 αὐτὸς

2117 4707 2270 4748 suam
2294 4706 2415 4746 esse
2442 4690 2720 4755 fateretur,
2752 4698 2994 4745 actorum
3019 4691 3363 4761 interpellans
3392 4693 3691 4761 lectionem,

2116 4784 2195 4837 sic
2219 4783 2426 4837 loeutus
2446 4790 2529 4836 est
2553 4800 2565 4833 :
2596 4780 2927 4845 Clericorum
2950 4781 3343 4836 Edessenorum
3376 4784 3714 4857 lilteraslegi

2113 4872 2317 4940 jubete,
2351 4879 2424 4936 ut,
2457 4886 2616 4939 quam
2638 4871 2843 4925 alienus
2871 4871 2939 4925 ab
2968 4871 3031 4925 iis
3060 4872 3180 4935 sim,
3209 4888 3433 4942 quorum
3479 4874 3685 4928 insimu-

2120 4963 2221 5025 lor,
2252 4961 2613 5028 cognoscatis.
2642 4958 2775 5015 Cum
2804 4961 2918 5017 btec.
2948 4963 3149 5031 pariter
3172 4963 3306 5017 lecta
3336 4973 3534 5028 essent,
3562 4982 3684 5020 con-

2116 5054 2415 5109 siderantes
2458 5053 2695 5122 episcopi
2745 5053 2924 5107 Pbotii
2961 5052 3328 5121 Eustathiiqne
3369 5055 3706 5125 sutlragium,

2117 5154 2279 5213 atque
2307 5145 2602 5199 institutam
2633 5145 2887 5199 adversus
2929 5143 3073 5197 Ibam
3114 5145 3530 5206 accusationem,
3558 5162 3659 5200 con
3679 5178 3691 5186 -

2117 5237 2340 5292 stituere
2370 5251 2554 5290 rursus
2583 5237 2650 5291 ab
2683 5238 2796 5305 ipso
2825 5235 3031 5304 impleri
3055 5244 3306 5305 Oportcre
3332 5252 3451 5303 quae
3475 5236 3693 5292 Photius

2118 5337 2279 5396 atque
2308 5327 2618 5382 Eustathius
2655 5328 3046 5397 judicaverant,
3091 5342 3154 5381 ac
3193 5330 3388 5397 suscipi
3430 5329 3683 5383 dclinitio-

2119 5436 2240 5475 nem
2262 5436 2421 5487 quam
2450 5421 2562 5489 ipsa
2591 5428 2774 5475 sancta
2803 5419 3038 5491 synodus
3066 5420 3440 5487 conclamavit,
3490 5420 3694 5493 ipsique

2118 5512 2396 5577 subscribi,
2427 5527 2530 5579 qua
2558 5511 2774 5579 quidem
2813 5509 3140 5573 definitione,
3180 5516 3236 5563 et
3263 5510 3487 5578 primam
3514 5510 3691 5580 Ephe—

2118 5602 2286 5655 sinam
2340 5602 2639 5671 synodum,
2696 5609 2752 5655 et
2800 5608 3040 5655 sanctum
3104 5599 3361 5668 Cyrillum
3415 5603 3696 5672 complexa

2119 5689 2306 5751 fuerat,
2338 5690 2555 5757 ejusque
2581 5690 2897 5753 doctrinam,
2927 5704 3061 5763 quzer
3090 5690 3288 5753 omnia,
3347 5699 3405 5744 ut
3454 5689 3688 5745 animad-

2118 5782 2395 5845 vertimus,
2422 5781 2472 5835 in
2499 5780 2694 5834 nefaria
2726 5795 2788 5833 ea
2819 5780 3043 5848 epistola
3093 5779 3332 5836 ludibriis
3376 5791 3687 5835 contemne-

2120 5872 2331 5925 bantur.
2357 5870 2446 5925 llis
2471 5880 2644 5926 autem
2667 5871 2943 5926 manifeste
2967 5868 3238 5938 docemur,
3263 5881 3499 5926 sanctam
3519 5871 3687 5941 ipsam
