4148 6498
420 424 566 487 1085

1183 431 1549 492 EPISTOLA
1585 432 1985 493 ADVERSUS
2020 429 2499 492 THEODORUM
2542 432 2958 494 MOPSUEST.

3583 449 3717 517 1036

437 543 608 615 Ἴδας,
640 545 673 608 ἧ
698 548 747 602 ἐν
773 554 941 627 Τύρῳ.
976 551 1006 613 ἦ
1032 555 1114 609 καί
1149 556 1278 625 μετά
1323 559 1491 611 ταῦτα
1528 553 1577 606 ἐν
1622 559 1686 627 τῇ
1726 551 1846 626 ἁγίᾳ
1894 551 2005 607 κατά

2119 550 2614 609 Chalcedonensem
2652 556 2912 626 synodum
2953 557 3296 628 disposuisse,
3331 568 3389 616 ut
3425 576 3489 617 ea
3515 566 3696 620 omnia

440 644 727 702 Χαλκηδόνα
755 646 952 717 συνόδῳ
982 649 1254 720 ἐτόλμησεν
1293 649 1424 704 ἰδίαν
1452 653 1647 710 εἰπεῖν,
1674 646 1703 707 ῆ
1736 645 2014 711 ἐκδικῆσαι,

434 738 565 791 ἀλλά
607 740 689 791 καί
732 746 845 798 τοῖς
871 741 1135 816 γράμμασι
1176 749 1276 797 τῶν
1313 742 1554 816 κληρικῶν
1580 738 1811 805 Ἐδέσης,
1844 741 1929 793 καὶ
1954 746 2018 813 τῇ

614 832 805 883 Φωτίου
832 834 916 885 καί
944 834 1222 887 Εὑσταθίου
1265 835 1531 907 ἐχρήσατο
1566 832 1698 907 πρὸς
1725 831 1784 884 τό
1823 831 2017 899 ἀποφυ-

434 927 543 989 γεῖν
564 924 653 977 τήν
676 924 904 983 περὶτῆς
926 922 1147 982 ἀσεϐοῦς
1167 924 1435 983 ἐπιστολῆς
1455 922 1564 978 κατ’
1579 924 1737 978 αὑτοῦ
1759 921 2019 993 γενομέθην

435 1028 761 1083 κατηγοριαν.
818 1006 827 1014 ’

2117 644 2184 697 ab
2211 642 2297 697 lba
2324 643 2534 714 ﬁerent,
2564 647 2631 702 ad
2679 649 2854 717 impiae
2882 651 3076 719 szepius
3121 662 3431 708 memoratae
3458 655 3700 724 epistola:

2117 735 2447 789 eversionem
2478 747 2641 805 atque
2680 739 3201 795 condemnationem.
3242 741 3498 797 Miramur
3536 744 3699 812 igitur

2115 837 2212 878 vos
2232 823 2405 879 adhuc
2435 824 2627 894 iniqua:
2647 827 2695 880 ei
2716 828 2955 896 epistolae
2974 829 3317 897 patrocinari,
3342 845 3502 898 quam
3526 848 3699 901 neque

2116 914 2236 971 lbas
2265 917 2399 986 ipse,
2428 918 2512 972 vel
2540 917 2687 989 Tyri,
2720 920 2800 973 vel
2831 928 2953 989 post
2981 936 3064 981 ea,
3105 937 3224 991 quxe
3270 922 3343 976 ibi
3386 930 3507 976 acta
3549 932 3695 987 sunt,

2119 1006 2170 1060 in
2200 1018 2382 1061 sancta
2410 1006 2826 1062 Chalcedonensi
2855 1009 3060 1079 synodo
3088 1025 3240 1063 suam
3288 1024 3449 1064 ausus
3476 1018 3560 1065 est
3598 1026 3667 1079 ap

2114 1095 2339 1164 pellare,
2368 1112 2541 1165 neque
2569 1097 2835 1151 sustinere
2855 1139 2868 1162 ,
2897 1099 3024 1168 quin
3066 1099 3242 1169 potius
3270 1099 3397 1153 cieri
3436 1098 3697 1154 Edessena

433 1189 646 1254 litteris,
674 1190 977 1261 Photiique,
1006 1202 1168 1262 atque
1195 1190 1458 1246 Eustathii
1478 1188 1730 1258 suffragio
1763 1203 1890 1243 usus
1918 1195 2039 1253 est,
2078 1194 2138 1240 ut
2176 1186 2470 1239 institutam
2498 1185 2782 1240 adversum
2823 1202 2882 1241 se
2914 1187 2982 1241 ob
3004 1188 3218 1257 impiam
3248 1187 3392 1243 illam
3416 1188 3697 1258 epistolam

432 1280 734 1335 declinaret
756 1282 1176 1337 accusationem.

507 1373 633 1445 Πρὸς
659 1372 713 1428 δέ
737 1382 844 1434 τοῖς
872 1372 1035 1435 ἄλλοις
1064 1374 1232 1429 ἅπασι
1254 1381 1367 1435 τοῖς
1392 1381 1556 1433 κακῶς
1571 1370 1691 1448 παρ’
1705 1372 1846 1442 ὑμῶν
1866 1371 2015 1444 ίρμη·

431 1466 673 1529 νευθιῐσι,
703 1470 785 1521 καί
811 1486 900 1530 την
926 1468 1162 1536 Εὑνομιου
1194 1464 1454 1521 διαλαλιάν
1480 1470 1570 1524 τήν
1594 1466 1712 1538 περί
1736 1460 1851 1517 Ἰϐα
1873 1482 2014 1535 γενος

434 1556 585 1624 μένην
625 1555 755 1628 πρὸς
788 1554 952 1627 ψευδῆ
987 1554 1178 1609 ἔννοιαν
1220 1556 1549 1628 μετηγὸηετε,
1580 1553 2013 1624 διαϐεϐαιούμενοι

429 1653 521 1706 τήν
562 1645 820 1701 διαλαλιάν
870 1647 1115 1716 Εὑνομίου
1160 1648 1292 1719 ὺπέρ
1334 1653 1426 1705 τῆς
1475 1645 1701 1704 ἀσεϐοῦς
1741 1644 2012 1703 ἐπιστολῆς

428 1735 748 1807 γεγενῆσθαι.
786 1736 994 1808 Λέγεται
1029 1736 1129 1811 γάρ
1157 1735 1416 1809 περιέχειν
1444 1740 1533 1792 τήν
1559 1735 1711 1791 αὑτήν
1737 1730 2007 1794 διαλαλιάν,
2039 1771 2089 1833 Β

432 1826 517 1881 ὅτε
544 1828 594 1880 ἐν
621 1833 725 1885 τοῖς
755 1826 1020 1900 ἀνωτίροις
1058 1834 1151 1885 τῆς
1191 1825 1460 1884 ἐπιστολῆς
1503 1824 1724 1898 ὑϐρίσας
1750 1820 1895 1884 Ἰϐας
1924 1823 2010 1875 τὸν

428 1919 482 1972 ἐν
510 1918 670 1991 ἁγίοις
694 1916 956 1993 Κύριλλον,
979 1918 1027 1970 ἐν
1054 1925 1165 1977 τοῖς
1187 1918 1493 1977 τελευταίοις
1522 1918 1697 1971 ἐαυτὸν
1713 1917 2012 1990 ἱπανωρθὼ-

426 2022 585 2062 σατο⁶
615 2003 766 2062 ὁπότε
796 2004 939 2065 δῆλόν
976 2007 1089 2062 ίστι
1117 2011 1205 2066 τήν
1232 2007 1480 2076 Εὑνομίου
1511 2005 1779 2070 διαλαλιάν,
1804 2006 1863 2059 οὐ
1892 2008 2012 2079 περί

426 2110 521 2158 τῆς
535 2097 755 2157 ἀσεϐοῦς
781 2098 971 2157 ἐκείνης
991 2098 1281 2163 ἐπιστολῆς,
1297 2097 1423 2152 ἀλλά
1443 2099 1561 2169 περὶ
1584 2104 1674 2156 τῆς
1693 2096 2011 2157 καταθέσεως

427 2188 547 2245 Ἶϐα
574 2198 664 2250 τῆς
695 2191 744 2242 ἐν
771 2190 921 2263 Τύρῳ
948 2190 1214 2261 γενομένης
1255 2190 1403 2263 ποιρά
1444 2190 1614 2257 Φωτίῳ
1637 2189 1718 2239 καί
1746 2188 2010 2255 Εὑσταθίῳ

426 2283 678 2359 εἰρῆσθαι.
704 2279 781 2335 Ἐν
798 2283 901 2355 γὰρ
921 2295 1028 2341 τοῖς
1054 2281 1372 2340 παράὑτοῐς
1395 2279 1763 2352 πεπραγμένοις
1792 2284 2010 2351 φανερῶς

423 2364 469 2423 Ἰ
479 2372 573 2431 ϐας
602 2370 942 2440 ὡμολόγησεν,
968 2372 1034 2431 ὡς
1053 2371 1135 2423 καί
1149 2371 1384 2445 ἀνωτέρω
1400 2370 1679 2441 εἰρήκαμεν,
1700 2367 1800 2441 πρὸ
1822 2368 2008 2421 τούτου

425 2464 518 2521 μέν
542 2463 673 2530 μετά
700 2469 799 2516 τῶν
829 2458 987 2515 ἄλλων
1029 2462 1326 2515 ἀνατολικῶν
1354 2460 1647 2515 ἐπισκόπων
1682 2459 1894 2533 ὑϐρίσαι
1922 2460 2009 2513 τὸν

423 2556 475 2608 ἐν
503 2553 663 2625 ἁγίοις
691 2553 946 2627 ιύριλλον,
978 2549 1060 2608 ὅτε
1083 2553 1272 2623 μεταξὺ
1301 2554 1464 2607 αὑτῶν
1502 2550 1732 2621 διχόνοια
1767 2548 1842 2609 ἦν·
1875 2552 2006 2621 μετά

424 2640 479 2696 δέ
505 2648 594 2699 τήν
618 2641 796 2695 ἕνωσιν
818 2647 909 2699 τήν
938 2642 1125 2711 μεταξὺ
1158 2642 1320 2695 αὑτῶν
1359 2640 1621 2711 γενομένην
1639 2680 1652 2700 ,
1682 2638 1833 2709 μηδὲν
1859 2639 2009 2713 ὑϐρι-

422 2734 594 2788 στικὸν
618 2736 778 2788 εἰπεῖν
824 2735 955 2788 κατά
980 2739 1070 2787 τοῦ
1100 2734 1150 2786 ἐν
1180 2732 1343 2802 ἁγίοις
1383 2731 1641 2806 κυρίλλου⁶
1672 2732 1720 2794 ἐξ
1750 2729 1807 2791 ἧς
1833 2729 2009 2800 ὁμολο-

426 2827 538 2895 χίας
564 2824 808 2891 εὑρίσκων
835 2824 1072 2894 Εὐνόμιος
1096 2819 1244 2877 ἰϐαν
1270 2830 1472 2897 πρῶτον
1498 2825 1588 2893 μὲν
1611 2822 1899 2894 ὑϐρίσαντα
1924 2822 2008 2876 τὸν

423 2913 476 2969 ἰν
520 2915 679 2985 ἁγίοις
727 2914 979 2989 Κὺριλλον,
1003 2915 1133 2985 μετά
1176 2921 1342 2968 ταῦτα
1381 2911 1434 2968 δέ
1477 2912 1897 2983 ἀπολογούμενον,
1926 2915 2009 2968 καί

423 3002 626 3071 λέγοντα
653 2999 731 3055 ὅτι
761 3002 891 3072 μετά
919 3005 1008 3058 τήν
1042 3000 1216 3054 ἕνωσιν
1252 2997 1390 3053 οὑδέν
1415 2998 1711 3072 ὑϐριστικὸν
1749 3000 1889 3052 ’κατά
1912 3004 2006 3054 τοῦ

423 3094 472 3147 ἐν
502 3092 660 3163 ἁγίοις
697 3088 804 3146 εἷπε
853 3090 1122 3167 Κυρίλλου,
1161 3095 1252 3149 τήν
1295 3090 1722 3161 μνημονευθεῖσαν
1769 3092 2004 3147 ἐποίησεν

423 3181 697 3237 διαλαλιάν.
742 3179 856 3236 Ὀτι
896 3180 949 3236 δὲ
988 3183 1018 3237 ή
1060 3182 1395 3255 προειρημένη
1436 3180 1626 3240 ἀσεϐής
1660 3179 1929 3242 ἐπιστολή,
1969 3180 2000 3237 ἡ

424 3273 654 3340 λεγομένη
702 3268 834 3335 ἰϐα,
866 3272 1039 3332 πάσης
1068 3272 1329 3332 ἀσεϐείας,
1357 3275 1439 3325 καί
1473 3277 1572 3326 τῶν
1599 3272 1726 3325 κατά
1767 3270 2000 3347 ιυρίλλου

425 3364 617 3437 ῖϐρεων
652 3364 741 3419 ἀπ’
774 3368 946 3437 ἀρχῆς
974 3365 1069 3425 ἕως
1095 3366 1274 3425 τέλους
1317 3365 1664 3439 πεπλήρωται,
1708 3362 1868 3419 οὐδενί
1900 3366 2000 3435 ἀμ-

425 3454 729 3526 ριϐἀὶλεταϋ
764 3456 870 3508 ἀλλ’
905 3453 1013 3512 οὑδέ
1042 3453 1075 3509 ἴ
1070 3475 1158 3525 χει
1187 3454 1327 3527 λόγον
1352 3456 1410 3510 τὸ
1439 3462 1719 3510 πιστεῦσαι
1745 3452 1821 3510 ὅτι
1849 3455 1999 3509 Εὐνό-

426 3564 533 3604 λιιος
561 3547 625 3597 τὰ
664 3552 845 3619 πρῶτα
872 3548 963 3616 μὲν
992 3544 1186 3600 διέϐαλε
1212 3553 1305 3606 τῆς
1334 3545 1620 3609 ἐπιστολῆς,
1652 3547 1720 3605 ὡς
1763 3547 1910 3609 κακὰ,
1937 3546 2003 3600 τά

426 3637 685 3691 τελευταῖν
716 3636 769 3690 δὲ
800 3639 1009 3711 χείρονα
1035 3632 1156 3691 ὅντα
1196 3639 1454 3709 ἐπῄνεσεν.
1483 3635 1658 3695 Οὑδιίς
1686 3636 1782 3709 γὰρ
1824 3638 2001 3709 εὐφρο-

423 3736 515 3782 δῶν
540 3728 858 3798 ἀποδέχεται
894 3732 978 3785 τὸν
1005 3731 1091 3783 ἐπί
1121 3729 1227 3788 ἐνὸς
1254 3731 1340 3783 καί
1367 3734 1459 3783 τοῦ
1495 3729 1646 3782 αὑτοῦ
1674 3730 1997 3802 πράγματος,

424 3818 545 3889 ξμοῦ
577 3821 661 3875 τόν
697 3820 853 3875 αὑτὸν
898 3820 1200 3875 ἐπαινοῦντα
1239 3822 1323 3872 καί
1360 3817 1604 3890 ψίγιντα;
1636 3816 1701 3869 Εἴ
1729 3838 1807 3876 τις
1833 3819 1999 3872 τοίνυν

428 3919 509 3969 τήν
531 3912 765 3981 Εὑνομίου
796 3908 1052 3966 διαλαλιάν
1080 3910 1315 3981 τολμήσει
1337 3909 1493 3982 λέγειν
1517 3913 1585 3977 μή
1613 3916 1676 3982 τῆ
1700 3906 1813 3962 ”ιϐα
1843 3929 2001 3962 κατα·-

423 4000 549 4055 ’ίσει
678 4002 727 4055 ἐν
762 4002 911 4076 Τύρῳ
949 4002 1204 4074 γενομένῃ,
1239 4000 1366 4054 ἀλλά
1402 4007 1475 4072 τῷ
1502 3998 1612 4069 ὕφει
1648 3996 1881 4071 συνᾴδειν
1906 4007 1998 4059 τῆς

423 4092 842 4160 ανημονευθείσης
897 4092 1124 4153 ἀσεϐοῦς
1165 4090 1466 4155 ἐπιστολῆς,
1508 4095 1598 4148 τήν
1638 4098 1729 4150 τῆς⁵
1770 4089 1999 4148 ἀληθείας

424 4179 709 4234 ἀκολουθίαν
728 4184 784 4235 οὺ
813 4180 1070 4252 φυλάττει,
1099 4178 1203 4234 ἀλλ’
1225 4183 1293 4241 ὡς
1321 4180 1571 4258 αἱρετικός
1596 4180 1739 4258 ὕϐριν
1763 4188 1867 4241 τοῖς
1890 4202 1997 4235 πα-

426 4272 603 4343 τράσιν
629 4272 945 4346 προσάπτειν
972 4269 1267 4336 σπουδάζει.

2191 1366 2269 1423 Ad
2296 1377 2488 1422 caetera
2517 1383 2680 1437 porro
2731 1370 2909 1424 omnia
2937 1370 3166 1438 pessime
3194 1385 3225 1425 a
3256 1371 3408 1426 vobis
3449 1373 3691 1441 exposita

2116 1458 2387 1527 adjecistis
2414 1459 2598 1525 etiam,
2638 1468 2698 1513 ut
2740 1459 2989 1514 Eunomii
3034 1459 3447 1528 divulgatiouem
3494 1462 3561 1516 de
3606 1461 3695 1517 Iba

2114 1550 2309 1604 factam
2337 1550 2577 1604 mendaci
2608 1551 2957 1619 intelligentia
2986 1554 3392 1622 perverteretis,
3424 1553 3695 1607 allirman-

2115 1649 2195 1695 tes
2223 1656 2341 1695 eam
2373 1639 2618 1695 Eunomii
2647 1642 3061 1709 divulgationem
3095 1658 3257 1711 super
3295 1642 3454 1713 impia
3485 1658 3549 1697 ea
3585 1644 3697 1714 epi-

2114 1730 2251 1786 stola
2282 1731 2576 1785 institutam
2606 1747 2745 1786 esse.
2777 1731 2968 1786 Fertur
2995 1733 3134 1787 enim
3165 1733 3277 1787 luce
3307 1734 3357 1787 in
3383 1734 3496 1803 ipsa
3524 1736 3695 1788 conti-

2114 1819 2228 1873 neri
2257 1838 2268 1871 :
2293 1820 2437 1887 quod
2460 1836 2579 1874 cum
2603 1821 2657 1873 in
2683 1821 2860 1890 priore
2881 1821 3117 1890 epistolae
3143 1830 3291 1890 parte
3318 1822 3434 1877 ibas
3454 1831 3695 1877 sanctum

2112 1906 2368 1978 Cyrillum
2414 1908 2619 1976 injuriis
2643 1909 3007 1979 proseidisset,
3037 1911 3180 1964 circa
3224 1910 3383 1964 linem
3413 1920 3592 1967 tamen
3635 1927 3694 1967 se

2112 1998 2284 2067 ipsum
2331 1999 2648 2067 corrigendo
2686 2000 3086 2056 emendaverit:
3127 2016 3250 2057 cum
3297 2010 3477 2057 tamen
3523 2006 3693 2058 mani~

2112 2089 2305 2144 festum
2343 2091 2414 2145 sit
2452 2089 2698 2145 Eunomii
2736 2106 2856 2146 eam
2886 2092 3330 2147 declamationem
3360 2093 3578 2150 minime
3623 2094 3693 2150 ad

2111 2181 2328 2249 impiam
2359 2197 2478 2236 eam
2528 2183 2811 2250 epistolam
2860 2184 3149 2253 pertinere,
3196 2183 3289 2239 sed
3318 2184 3387 2240 de
3433 2186 3691 2256 subroga-

2111 2271 2278 2336 tione,
2316 2286 2433 2338 quze
2478 2270 2603 2341 Tyri
2642 2271 2743 2325 lba:
2793 2272 2930 2327 facta
2972 2272 3146 2327 fuerat
3193 2290 3292 2345 per
3348 2274 3591 2329 Photium
3638 2284 3690 2331 et

2110 2356 2440 2414 Eustathium
2490 2361 2541 2415 in
2576 2377 2637 2415 ea
2670 2377 2974 2416 sermonem
3020 2363 3243 2418 institui.
3293 2363 3351 2418 In
3381 2365 3513 2420 actis
3547 2366 3690 2420 enim

2111 2451 2250 2519 apud
2280 2452 2422 2519 ipsos
2452 2451 2730 2505 manifeste
2764 2452 2933 2507 fassus
2965 2462 3047 2507 est
3070 2452 3207 2518 lbas,
3245 2455 3690 2522 quemadmodum

2110 2542 2270 2596 etiam
2301 2542 2544 2609 superius
2567 2541 2932 2605 indicavimus,
2957 2556 3014 2596 se
3035 2550 3161 2597 ante
3188 2542 3301 2597 haec
3322 2558 3444 2598 cum
3475 2543 3691 2613 reliquis

2110 2631 2342 2685 Orientis
2388 2630 2656 2699 episcopis
2704 2640 2949 2688 sanctum
2997 2629 3250 2700 Cyrillum
3306 2630 3511 2699 injuriis
3561 2633 3690 2685 alle-

2109 2730 2264 2795 cisse,
2294 2745 2412 2785 cum
2437 2729 2643 2783 scilicet
2662 2729 2897 2798 ipsorum
2924 2728 3145 2799 ejusque
3179 2730 3360 2799 dispar
3386 2738 3529 2787 esset
3564 2746 3689 2786 sen-

2110 2821 2276 2874 tentia
2305 2838 2316 2871 :
2351 2827 2473 2888 post
2499 2828 2697 2883 autem,
2728 2817 2924 2873 unione
2946 2818 3085 2872 inter
3110 2820 3254 2889 ipsos
3276 2820 3530 2889 perfecta,
3555 2822 3685 2877 nihil

2109 2910 2327 2963 omnino
2352 2910 2419 2964 ab
2448 2927 2505 2965 se
2532 2911 2846 2980 injuriosum
2874 2914 2927 2967 in
2955 2924 3198 2968 sanctum
3224 2914 3480 2985 Cyrillum
3523 2914 3687 2971 fuisse

2108 3001 2406 3071 prolatum;
2439 3017 2504 3056 ex
2533 3018 2637 3072 qua
2678 3003 2783 3057 Iba:
2814 3004 3168 3066 confessione,
3204 3004 3494 3060 Eunomius
3540 3003 3687 3061 Ibam

2107 3091 2335 3159 primum
2379 3091 2431 3144 in
2472 3101 2713 3146 sanctum
2742 3093 2996 3163 Cyrillum
3045 3094 3265 3163 injurias
3308 3104 3686 3163 congerentem

2103 3183 2396 3251 reperiens,
2430 3191 2552 3253 post
2579 3192 2757 3239 autem
2781 3184 3201 3253 resipiscentem,
3231 3187 3570 3255 aientemque
3592 3187 3685 3242 abs

2104 3294 2163 3333 se
2193 3279 2321 3333 nihil
2343 3279 2583 3342 omnino,
2618 3287 2738 3347 post
2757 3281 3101 3334 constitutam
3126 3273 3398 3347 unionem,
3427 3282 3685 3339 adversus

2102 3379 2343 3424 sanctum
2370 3368 2623 3439 Cyrillum
2652 3367 2811 3424 fuisse
2847 3371 3131 3439 prolatum,
3173 3380 3522 3425 memoratam
3555 3388 3683 3441 per.

2104 3459 2231 3514 fecit
2256 3457 2723 3513 declamationem.
2755 3458 2963 3514 Nemini
2998 3476 3161 3530 porro
3190 3461 3408 3515 dubium
3437 3477 3558 3517 esse
3584 3477 3683 3533 po-

2105 3558 2227 3615 test,
2262 3552 2548 3605 indicatam
2591 3551 2807 3620 impiam
2834 3552 3115 3621 epistolam
3163 3552 3267 3607 lba:
3292 3553 3568 3619 tributam,
3613 3556 3681 3609 ab

2108 3642 2261 3695 initio
2303 3641 2369 3695 ad
2416 3649 2714 3695 extremum
2742 3643 2886 3696 omni
2934 3642 3214 3711 iniquitate
3275 3651 3435 3712 atque
3467 3644 3517 3698 in
3559 3660 3680 3698 san-

2105 3744 2248 3790 ctum
2315 3733 2572 3804 Cyrillum
2617 3733 2941 3788 contumelia
2988 3742 3198 3789 scatere
3227 3777 3242 3801 ,
3289 3750 3462 3803 neque
3508 3751 3680 3790 cause

2105 3824 2375 3894 quidpiam
2402 3832 2502 3889 est,
2536 3830 2592 3878 ut
2637 3824 2905 3891 credatur,
2956 3823 3273 3879 Ennomium
3318 3826 3524 3896 priores
3570 3829 3679 3895 cpi-

2104 3916 2257 3970 stolze
2295 3922 2495 3984 partes,
2548 3922 2798 3981 tanquam
2835 3928 3029 3983 pravas
3077 3912 3400 3979 traduxisse,
3451 3914 3680 3984 reliquas

2103 4022 2253 4071 vero,
2294 4021 2410 4075 qua:
2438 4005 2649 4075 pejores
2696 4012 2842 4073 sunt,
2897 4004 3143 4058 laudibus
3185 4004 3377 4061 efferre
3424 4006 3679 4061 voluisse.
3716 4078 3719 4083 γ

2102 4097 2271 4153 Nemo
2320 4098 2461 4151 enim
2503 4097 2757 4151 cordatus
2798 4096 2992 4165 probat
3038 4102 3160 4149 eum
3206 4096 3297 4165 qui
3341 4097 3495 4151 unius
3541 4096 3678 4163 ejus-

2101 4187 2331 4255 demque
2368 4202 2434 4242 ac
2472 4186 2659 4241 similis
2699 4186 2777 4240 rei
2821 4186 2978 4239 simul
3028 4186 3271 4240 laudator
3296 4188 3384 4249 sit,
3436 4187 3678 4256 idemque

2104 4276 2452 4345 vituperator.
2486 4275 2734 4344 Quisquis
2765 4275 2923 4343 igitur
2943 4274 3191 4329 Eunomii
3238 4275 3679 4331 declamationem

2101 4381 2209 4419 non
2257 4364 2323 4419 ad
2372 4365 2476 4419 lbae
2529 4366 2962 4433 subrogationem
3001 4364 3125 4436 Tyri
3172 4365 3366 4419 factam
3411 4376 3678 4439 Spectare,

423 4468 602 4508 verum
644 4454 714 4508 ad
762 4455 937 4526 impiae
976 4464 1286 4511 memorate
1328 4456 1654 4526 epistolas...
1702 4457 2007 4526 pertinere,
2047 4457 2305 4526 quisquis,
2340 4456 2576 4524 inquam,
2618 4455 2674 4510 id
2719 4455 2900 4511 dicere
2925 4455 3106 4525 audet,
3156 4457 3200 4512 is
3220 4457 3438 4512 minime
3466 4460 3677 4513 veritati

423 4543 751 4613 obsequitur,
789 4560 999 4613 verum,
1036 4545 1202 4599 veluti
1247 4545 1529 4601 haereticus
1567 4544 1812 4600 Patribus
1858 4545 2106 4614 injuriam
2136 4545 2325 4599 ail'erre
2356 4546 2559 4599 nititur.

493 4637 583 4687 Καί
607 4636 676 4694 εἰς
700 4640 852 4690 τοῦτο
871 4632 924 4688 δέ
948 4636 1306 4708 ἐθαυμάσαμεν
1340 4632 1424 4690 -ὃτι
1448 4638 1645 4709 γράψαι
1666 4637 1989 4705 ὑπεμείνατε,

2167 4636 2341 4703 Atque
2369 4635 2420 4689 id
2448 4636 2607 4691 etiam
2638 4637 2814 4691 mirati
2839 4654 3041 4703 sumus,
3073 4638 3215 4707 quod
3243 4638 3482 4693 scribere
3521 4640 3675 4694 veriti

423 4728 486 4777 τὰ
514 4725 755 4795 κεφάλαια
780 4728 869 4796 μέν
892 4732 982 4780 τοῦ
1011 4728 1060 4779 ἐν
1085 4725 1246 4800 ἁγίοις
1292 4728 1537 4801 Κυρίλλου
1582 4730 1812 4782 σκοτεινά
1845 4723 1993 4783 εἶναι’

423 4819 511 4872 τήν
537 4812 589 4867 δὲ
615 4815 777 4872 ἀσεϐῆ
803 4814 1091 4879 ἐπιστολήν,
1123 4816 1191 4874 ὡς
1219 4820 1305 4869 τοῦ
1344 4815 1489 4887 ἁγίου
1516 4818 1802 4887 πνεύματος
1833 4816 1998 4885 μεσὰ-

424 4908 595 4964 ζοντος
641 4902 1019 4974 ἀποδεχθεῖσαν
1064 4906 1365 4974 ἐπῃνέσατε·
1396 4908 1481 4959 καί
1506 4901 1707 4979 φανερόν
1753 4906 1890 4959 ἐστιν
1921 4902 1998 4959 ὅτι

424 5004 590 5050 ταῦτα
626 4998 691 5050 τά
729 4998 929 5073 ῥήματα
951 5000 1044 5051 οῦκ
1068 4998 1119 5061 ἐξ
1147 4996 1293 5068 ἁγίου
1320 4999 1626 5068 πνεύματος,
1667 4997 1835 5060 ἀλλ’ἐξ
1862 4998 1998 5069 ἐνερ-

424 5090 560 5154 γείας
587 5093 680 5141 τοῦ
704 5092 925 5163 πονηροῦ
967 5090 1256 5161 πνεύματος
1299 5090 1627 5161 προηγάγετε’
1659 5086 1737 5145 ὅτι
1764 5091 1885 5148 τοὺς
1910 5091 2001 5160 μὲν

424 5177 651 5249 πατέρας
680 5180 767 5230 καί
793 5175 1128 5238 δ.δασκάλους
1150 5185 1243 5239 τῆς
1269 5178 1537 5237 ἐκκλησίας
1574 5180 1859 5237 σκοτεινούς
1888 5177 2001 5234 ἐκα-

424 5262 627 5332 λέσατε,
656 5272 745 5325 τήν
772 5264 825 5321 δέ
858 5266 1151 5331 κακοδοξίαν
1175 5276 1267 5328 τῆς
1308 5269 1574 5328 ἐπιστολῆς
1612 5271 1740 5339 μετά
1766 5269 1998 5340 βλασφη-

426 5359 545 5423 μίας
574 5356 870 5425 ἐπῃνέσατε⁶
918 5353 1026 5409 ὅθεν
1051 5357 1211 5415 καλῶς
1239 5356 1446 5430 ἁρμόζει
1483 5359 1569 5411 καί
1613 5358 1749 5427 ὑμῖν,
1777 5361 1863 5411 καί
1888 5365 2001 5418 τοῖς

426 5444 592 5504 ἄλλοις
618 5453 730 5506 τοῖς
756 5445 820 5499 τά
843 5446 1177 5519 παραπλήσια
1196 5447 1318 5515 ὑμῖν
1339 5450 1574 5519 περὶτῶν
1598 5445 1752 5517 ἁγίων
1769 5447 2001 5521 πατέρων

426 5544 695 5610 φρονοῦσι,
737 5538 797 5592 τὸ
841 5537 984 5613 ποιρά
1020 5542 1113 5590 τοῦ
1158 5535 1305 5608 ἁγίου
1347 5538 1539 5611 Πέτρου
1583 5542 1670 5591 τοῦ
1719 5535 1998 5590 ἀποστόλου

426 5628 567 5696 ῥηθέν
595 5629 712 5699 περὶ
734 5632 834 5681 τῶν
858 5633 1022 5685 κακῶς
1047 5622 1289 5679 νοοὺντων
1315 5628 1406 5685 τὰς
1432 5625 1704 5685 ἐπιστολὰς
1732 5632 1818 5678 τοῦ
1852 5624 1997 5697 ἁγίου

427 5720 617 5771 ῐιαύλου
650 5735 668 5767 t
704 5717 780 5774 ὅτι
800 5724 965 5774 ταῦτα
992 5719 1035 5771 oi
1067 5718 1271 5789 ἀμαθεῖς
1310 5721 1394 5772 καί
1422 5720 1717 5792 ἀστήρικτοι
1741 5717 1998 5791 στρεϐλώ-

428 5828 605 5863 σονσιν
632 5807 681 5879 [ἦ
704 5806 1073 5882 στρεϐλοῦσιν],
1105 5812 1171 5869 ὡς
1198 5811 1282 5863 καί
1308 5810 1399 5869 τὰς
1425 5809 1610 5868 λοιπάς.
1628 5808 1843 5883 γραφάς,
1868 5809 1995 5884 πρὸς

428 5908 523 5968 τήν
548 5898 669 5966 ἰδίαν
698 5902 1145 5965 αὐτῶνάπὼλειαν.
1172 5919 1190 5953 ι
1218 5901 1362 5961 Οὕτω
1391 5906 1551 5957 τοίνυν
1575 5905 1656 5955 καί
1682 5905 1801 5972 ὑμῖν
1830 5907 1990 5963 κακῶς

2098 4728 2315 4781 minime
2341 4728 2468 4782 sitis.
2505 4728 2686 4782 Sancti
2710 4728 2889 4799 Cyrilli
2916 4731 3090 4800 capita
3115 4730 3339 4784 obseura
3368 4744 3507 4795 esse,
3529 4745 3675 4784 eam-

2098 4832 2203 4886 que
2231 4818 2443 4887 impiam
2493 4820 2789 4890 epistolam,
2839 4830 3091 4890 tanquam
3134 4822 3334 4892 Spiritu
3376 4834 3566 4881 sancto
3593 4827 3674 4881 af-

2100 4905 2278 4973 ﬂante,
2312 4908 2698 4963 clarescentem
2729 4910 3087 4967 laudaveritis.
3122 4912 3457 4970 Manifestum
3485 4924 3569 4971 est
3604 4918 3675 4972 si-

2099 4996 2314 5065 quidem
2342 4998 2504 5051 verba
2530 4999 2644 5054 hzec
2682 5016 2788 5053 non
2831 5001 3060 5071 Spiritus
3097 5004 3268 5059 sancti
3316 5005 3531 5069 virtute,
3580 5006 3673 5060 sed

2102 5087 2318 5155 maligni
2361 5089 2578 5159 spiritus
2620 5089 2820 5160 impetu
2846 5107 2876 5143 a
2908 5092 3058 5146 vobis
3085 5106 3205 5146 esse
3250 5093 3459 5162 prolata
3490 5110 3503 5146 :
3551 5110 3673 5149 cum

2104 5174 2289 5231 Patres
2314 5176 2675 5248 Eeclesiaeque
2703 5181 2986 5247 magistros
3007 5181 3343 5235 obscuritatis
3381 5183 3673 5252 redargue-

2102 5266 2236 5331 ritis,
2269 5268 2510 5337 epistolae
2538 5278 2716 5324 autem
2744 5270 2884 5325 illius
2911 5271 3165 5324 malitiam
3210 5270 3674 5341 blasphemiasque

2104 5356 2346 5412 laudibus
2375 5360 2674 5414 extuleritis
2699 5377 2711 5411 :
2745 5360 3092 5428 quamobrem
3118 5368 3265 5414 recte
3291 5362 3544 5413 convenit
3574 5378 3675 5415 vo-

2103 5444 2185 5499 bis
2213 5448 2526 5523 celerisque
2555 5447 2800 5503 omnibus
2842 5449 3034 5505 similia
3076 5448 3142 5501 de
3178 5448 3379 5502 sanctis
3423 5448 3673 5504 Ecclesia:

2103 5535 2350 5593 Patribus
2376 5539 2744 5602 sentientibus,
2780 5537 2909 5593 illud
2948 5553 2983 5597 ει
3026 5537 3186 5596 Petro
3230 5538 3475 5607 apostolo
3508 5538 3579 5593 de
3609 5538 3671 5594 iis

2100 5626 2316 5691 dictum,
2343 5628 2430 5697 qui
2465 5628 2727 5696 Epistolas
2756 5629 2929 5687 sancti
2957 5628 3103 5685 Pauli
3134 5643 3382 5698 perverse
3412 5629 3669 5697 intellige-

2098 5717 2230 5772 bant
2253 5736 2266 5771 :
2297 5718 2433 5788 quod
2455 5720 2545 5772 has
2573 5718 2762 5772 indocti
2788 5729 2938 5789 atque
2966 5719 3229 5774 instabiles
3279 5720 3579 5789 depravant,
3614 5732 3670 5773 ut

2096 5824 2145 5866 et
2184 5825 2393 5867 cwteras
2432 5812 2750 5879 Scripturas,
2781 5813 2849 5864 ad
2880 5829 3025 5866 suum
3065 5813 3291 5882 ipsorum
3331 5814 3667 5884 perditionem

2048 5958 2051 5959 ν
2099 5903 2185 5971 (ll
2216 5903 2354 5968 Patr.
2387 5921 2459 5968 ιιι,
2499 5904 2600 5959 16".
2634 5904 2718 5963 Sic
2751 5905 2928 5974 itaque
2958 5904 3105 5962 vobis
3126 5905 3285 5961 etiam
3317 5920 3478 5979 prave
3509 5906 3663 5964 intel-
