4148 6480
418 416 551 479 11‘87

1685 420 2125 484 JUSTINIANI
2166 422 2322 484 IMP.

3516 415 3654 479 1088

428 544 592 592 ιοοῦσι
632 538 858 592 σκοτεινά
887 530 1011 591 εἶναι
1037 533 1173 589 δοκεῖ
1200 536 1263 589 τὰ
1286 536 1429 609 ποιρά
1468 540 1565 589 τῶν
1603 540 1694 591 τῆς
1720 536 1980 591 ἐκκλησίας

2086 532 2368 599 ligentibus
2395 548 2457 588 ea
2485 547 2603 603 qua:
2632 534 2699 589 ab
2726 533 2980 589 Ecclesia:
3010 534 3275 602 magistris
3301 536 3492 591 tradita
3515 549 3658 604 sunt,

425 631 750 696 διδασκάλων,
770 635 849 684 καί
872 638 971 685 τῶν
992 630 1133 682 θείων
1152 640 1349 703 γραφῶν
1368 625 1691 697 έκτεθειμένα.
1718 627 1804 677 lini
1826 631 1989 679 ταῦτα

423 725 509 775 μέν
547 726 614 777 τὰ
659 726 774 798 περί
814 718 950 783 Ἰϐα.
980 723 1065 774 καί
1116 728 1206 779 τῆς
1252 720 1473 778 ἀσεϐοῦς
1512 719 1694 775 ὶκείνης
1725 715 1989 774 έπιστολῆς

421 814 551 867 οὕτω
569 814 1077 885 παρακολουθήσαντα
1104 810 1159 865 ἔν
1178 833 1285 866 τισι
1310 810 1518 881 βιϐλίοις
1548 810 1877 882 εὑρίσκονται.

487 902 673 956 Εἱδέναι
717 900 770 955 δέ
812 904 948 974 ὑμᾶς
989 908 1097 976 χρὴ
1130 900 1207 957 ὅτε
1248 902 1312 955 τὰ
1350 904 1717 975 πεπραγμένα,
1754 899 1802 950 έν
1843 895 1914 958 οἷς
1956 900 1987 955 ἦ

421 995 609 1052 ἀσεϐὴς
658 995 809 1052 ἐκείνη
863 995 1100 1052 ἐπιστολή
1142 995 1465 1067 περιέχεται.
1497 995 1599 1060 οὐχ
1647 991 1988 1044 ὑποτέτακται

419 1095 525 1146 τοῖς
548 1087 869 1150 αὐθεντικοῖς,
896 1084 969 1146 οἷς
997 1087 1043 1139 οί
1084 1087 1345 1139 ἐπίσκοποι
1378 1084 1699 1156 ὑπέγραψαν,
1729 1079 1792 1133 ὧν
1818 1084 1900 1134 καί
1924 1082 1988 1134 τὰ

422 1177 645 1230 ἱσότυπα
674 1178 953 1239 αὐθεντικά,
987 1174 1035 1230 ἕν
1056 1195 1110 1230 τε
1141 1182 1204 1248 τῇ
1229 1174 1485 1245 ἁγιωτάτῃ
1513 1172 1743 1244 ἐκκλησίᾳ
1767 1169 1984 1239 Ῥώμης,

420 1271 501 1322 καί
528 1270 577 1320 ὲν
689 1267 1227 1331 κωνσταντινουπόλει,
1259 1270 1338 1319 καί
1364 1267 1414 1317 ἐν
1455 1272 1529 1337 τῷ
1568 1265 1681 1333 θείῳ
1710 1264 1849 1333 ἡμῶν
1886 1283 1988 1315 πα-

420 1358 572 1427 λατίῳ
595 1357 1033 1429 παραδεδώκασιν.
1059 1357 1196 1411 Ἐπεὶ
1216 1362 1379 1411 τοίνυν
1400 1354 1648 1410 δείκνυται
1668 1353 1988 1421 πανταχόθεν

421 1450 590 1507 πάσης
634 1450 868 1509 ἀσεϐείας
896 1449 1261 1520 πεπληρωμένη
1291 1449 1320 1504 ἠ
1350 1447 1475 1503 αὐτή
1504 1444 1696 1503 ἀσεϐής
1724 1443 1983 1504 ἐπιστολὴ,

423 1542 498 1591 καί
527 1540 724 1593 ἐναντία
753 1535 886 1592 οὖσα
912 1546 1017 1599 τοῖς
1045 1538 1311 1610 ὁρισθεῖσιν
1336 1536 1435 1591 ὐπό
1461 1544 1551 1594 τῆς
1594 1534 1742 1605 ἁγίας
1770 1535 1818 1586 ἐν
1855 1537 1987 1587 Χαλ-

424 1628 589 1684 κηδόνι
630 1629 862 1690 συνόδου,
890 1632 934 1682 oi
976 1627 1165 1685 ταύτην
1206 1628 1429 1699 λέγοντες
1470 1626 1709 1698 δεδέχθαι
1752 1628 1853 1681 ὑπὸ
1897 1634 1987 1686 τῆς

421 1720 568 1787 ἁγίας
595 1720 643 1771 έν
667 1717 933 1774 Χαλκηδόνι
960 1718 1174 1773 συνόδου
1192 1759 1208 1783 ,
1240 1724 1298 1773 ου
1327 1720 1471 1787 μόνον
1496 1726 1586 1777 τὴν
1616 1720 1798 1772 οἰκείαν
1837 1739 1988 1772 κακο-

422 1807 585 1871 δοξίαν
631 1808 1002 1871 σπουδάζουσιν
1048 1807 1269 1873 ἐκδικεῖν,
1295 1810 1415 1862 ἀλλὰ
1442 1811 1526 1862 καί
1567 1808 1713 1882 ὕϐριν
1758 1814 1819 1881 τῇ

2089 633 2251 691 atque
2281 640 2347 679 ex
2376 626 2567 679 divtnis
2613 626 2803 680 litteris
2844 627 3031 679 hausta
3060 628 3287 681 obscura
3318 643 3438 683 esse
3471 629 3657 684 viden-

2090 720 2193 766 tur.
2221 713 2393 783 Atque
2415 715 2525 769 hate
2554 716 2769 783 quidem
2796 715 2862 769 de
2892 715 2979 769 Iba
3001 724 3161 783 atque
3209 716 3370 785 impia
3416 718 3503 771 illa
3542 721 3658 791 epi-

2088 802 2222 855 stola
2250 803 2302 855 in
2334 804 2599 872 aliquibus
2630 804 2779 859 libris
2805 814 3137 873 perscrutata
3160 807 3518 876 reperiuntur.

2158 891 2397 961 Namque
2424 908 2601 961 operte
2628 895 2858 963 pretium
2898 904 2980 948 est
3022 903 3082 948 ut
3108 897 3292 951 sciatis
3336 907 3457 952 acta
3497 913 3562 952 ea
3604 897 3661 955 in

2087 982 2279 1051 quibus
2308 983 2467 1052 impia
2500 984 2587 1038 illa
2630 985 2937 1038 continetur
2960 986 3207 1055 epistola,
3248 988 3465 1043 minime
3509 1005 3660 1045 com-

2086 1073 2245 1141 plecti
2274 1073 2325 1125 in
2351 1075 2674 1127 autltenticis
2709 1074 2774 1129 iis
2810 1076 3002 1144 quibus
3050 1077 3286 1146 episc0pi
3331 1080 3659 1147 subscripse~

2087 1175 2231 1228 runt,
2261 1179 2489 1233 quorum
2529 1165 2839 1218 autLeutica
2873 1166 3200 1235 exemplaria
3236 1167 3287 1221 in
3326 1171 3659 1224 sanctissima

2089 1251 2329 1306 Romana
2377 1251 2613 1307 Ecciesia
2653 1262 2708 1308 et
2754 1255 2806 1308 in
2849 1254 3441 1327 Constantinopolitica,
3499 1270 3662 1329 atque

2089 1344 2249 1397 etiam
2276 1344 2327 1397 in
2356 1359 2512 1399 sacro
2540 1353 2723 1399 nostro
2752 1344 2952 1413 palatio
2981 1356 3190 1400 servata
3218 1358 3359 1401 sunt.
3398 1349 3662 1414 Quoniam

2088 1433 2248 1501 igitur
2287 1434 2519 1502 undique
2550 1433 2885 1489 manifestum
2915 1444 2997 1491 est
3035 1437 3251 1506 impiam
3294 1453 3414 1492 eam
3458 1441 3660 1509 episto-

2089 1523 2192 1577 lam
2224 1524 2369 1577 omni
2399 1524 2678 1592 iniquitate
2705 1523 2954 1577 refertam
2984 1540 3120 1591 esse,
3153 1529 3460 1597 sanctisque
3494 1544 3662 1585 sacra:

2088 1612 2539 1667 Chalcedonensis
2567 1612 2754 1682 synodi
2783 1613 3179 1669 definitionibus
3219 1617 3511 1685 adversari,
3540 1620 3662 1673 reli-

2088 1718 2251 1771 quum
2279 1712 2360 1759 est
2387 1712 2445 1757 ut
2473 1704 2563 1772 qui
2590 1704 2822 1758 dixerint
2868 1705 3035 1775 ipsam
3071 1707 3124 1760 in
3159 1720 3343 1763 sancta
3368 1708 3662 1765 Chalcedo-

2090 1792 2239 1845 nensi
2262 1792 2465 1873 synodo
2494 1794 2778 1857 contineri,
2810 1794 2847 1848 ii
2877 1811 2983 1850 non
3014 1796 3173 1851 modo
3202 1800 3472 1868 propriam
3501 1802 3660 1857 tutari

420 1899 543 1972 ἁγίᾳ
567 1898 762 1969 συνόδῳ
801 1903 1137 1976 προσάπτειν.
1164 1903 1238 1955 Τὰ
1264 1904 1363 1973 γὰρ
1388 1899 1636 1971 δεχθέντα
1658 1902 1741 1953 καί
1769 1900 1980 1969 βεϐαιω-

2094 1886 2350 1941 malitiam
2372 1888 2515 1941 omni
2546 1896 2741 1942 conatu
2776 1888 2906 1943 eniti
2934 1896 3291 1954 censeantur;
3330 1905 3512 1943 verum
3536 1891 3661 1944 insi-

420 1991 562 2043 θέντα
589 1992 731 2063 παρὰ
757 1999 848 2051 τῆς
876 1992 1297 2059 μνημονευθείσης
1317 1992 1465 2062 ἁγίας
1488 1989 1721 2055 συνόδου,
1747 1990 1991 2058 ὀνομαστί

421 2082 470 2133 ἐν
497 2088 568 2149 τῷ
593 2081 716 2155 παρ’
744 2083 900 2142 αὐτῆς
927 2080 1178 2151 δεδομένῳ
1204 2085 1322 2158 περὶ
1349 2091 1439 2141 τῆς
1464 2084 1683 2141 πίστεως
1710 2077 1812 2155 ὅρῳ
1850 2100 1935 2155 περ
1947 2101 1991 2134 ε-

421 2171 618 2240 έχεταε.

491 2353 751 2405 Γενὼσκειν
790 2349 843 2405 δέ
888 2352 1024 2420 ὑμᾶς
1064 2352 1341 2423 βουλόμεθα
1366 2392 1380 2415 ,
1426 2349 1508 2407 ὅτι
1540 2353 1622 2404 καί
1658 2349 1987 2427 Θεοδὼριτος,

422 2438 590 2499 ἔπειδή
613 2444 745 2499 κατὰ
766 2448 864 2496 τῶν
899 2440 1094 2496 δώδεκα
1133 2443 1403 2511 κεφαλαίων
1432 2448 1522 2495 τοῦ
1548 2442 1598 2494 έν
1628 2440 1787 2513 ἁγίοις
1816 2442 1986 2511 Κυριλ·

422 2530 507 2586 λου
541 2532 761 2605 ἔγραψε,
792 2535 1089 2607 Νεστόριον,
1120 2537 1203 2587 καί
1230 2539 1320 2591 τὴν
1353 2535 1505 2587 αὐτοῦ
1539 2532 1829 2596 κακοδοξίαν
1856 2533 1990 2587 ἐκδι-

424 2629 537 2680 κῶν.
568 2626 697 2693 μετά
739 2625 824 2676 τὸν
873 2620 988 2697 ὅρον
1031 2632 1122 2681 τῆς
1167 2624 1215 2676 έν
1261 2620 1535 2679 Χαλκηδόνι
1582 2621 1728 2693 ἁγίας
1774 2621 1988 2676 συνόδου

424 2714 712 2778 συνωθήθη,
752 2722 953 2784 πρῶτον
990 2716 1077 2785 μέν
1114 2714 1472 2784 ἁναθεματίσαε
1506 2714 1766 2783 Νεστόρισν
1794 2716 1878 2765 καί
1901 2718 1989 2771 τὴν

422 2804 658 2856 ἀσέβειαν
683 2808 772 2861 τήν
813 2806 992 2867 αὑτοῦ,
1022 2805 1101 2856 καὶ
1130 2800 1436 2873 ὁμολογῆσαι
1479 2798 1700 2854 θεοτόκον
1728 2806 1817 2860 τήν
1843 2800 1988 2873 ἁγάν

422 2891 613 2956 ἔνδοξον
661 2894 980 2967 ἀειπάρθενον
1023 2894 1229 2960 Μαρίαν,
1275 2894 1358 2944 καί
1397 2891 1557 2951 οὕτως
1599 2889 1804 2960 έδέχθη.
1849 2888 1990 2944 Ὀθεν

420 2985 503 3037 καὶ
531 2981 674 3044 Ἴϐας
704 2987 787 3039 καί
836 2982 1141 3059 Θεοδώριτος
1167 2986 1271 3053 οὺχ
1301 2986 1368 3043 ὡς
1406 2981 1695 3037 διδάσκαλοι
1729 2986 1806 3036 καὶ
1835 2983 1989 3037 πατέ-

420 3094 522 3145 ρες,
539 3075 643 3126 ἀλλ’
666 3075 733 3133 ὡς
758 3081 1133 3142 μετανοοῦντες,
1150 3077 1237 3127 καί
1260 3075 1707 3145 ἀναθεματίζοντες
1733 3079 1823 3132 τήν
1851 3094 1989 3127 κακο-

420 3163 600 3228 διιξίαν,
634 3165 762 3241 ὑπὲρ
788 3162 848 3225 ἧς
873 3166 1304 3239 κατηγορήθησαν.
1329 3167 1411 3217 καί
1450 3163 1710 3233 δεξάμενοι
1750 3165 1837 3218 τόν
1870 3163 1986 3237 ὅρον

2090 1991 2247 2044 gnem
2276 1992 2490 2047 quoque
2515 1987 2697 2034 sancto
2726 1980 2955 2035 concilio
2985 1980 3186 2034 faciant
3214 1981 3483 2049 injuriam.
3510 1982 3662 2048 Qua»

2090 2086 2301 2138 cunque
2342 2074 2484 2126 enim
2514 2075 2809 2141 approbata
2848 2082 3007 2143 atque
3035 2072 3349 2130 confirmata
3388 2090 3419 2129 a
3457 2092 3661 2130 memo-

2090 2169 2204 2213 rata
2253 2170 2435 2215 sancta
2482 2163 2687 2233 synodo
2730 2171 2872 2229 sunt,
2917 2178 2982 2219 ea
3030 2165 3210 2219 omnia
3258 2166 3567 2220 nominatim
3611 2168 3662 2220 in

2093 2250 2209 2304 lidci
2239 2250 2547 2307 definitione
2576 2255 2644 2308 ab
2669 2254 2781 2323 ipsa
2814 2255 3007 2310 tradita
3037 2258 3397 2312 continentur.

2160 2343 2414 2397 Volumus
2435 2354 2611 2399 autem
2634 2347 2783 2400 vobis
2809 2346 2966 2401 simul
2986 2356 3253 2413 constare,
3284 2347 3663 2403 Theodoritutr.

2089 2450 2319 2503 quoque,
2351 2446 2631 2507 postquam
2666 2438 2923 2494 adversus
2951 2439 3233 2494 duodecim
3272 2442 3442 2495 sancti
3481 2441 3661 2513 Cyrilli

2090 2526 2266 2593 capita
2313 2527 2574 2581 calamum
2626 2530 3044 2599 perstrinxisset,
3096 2530 3397 2587 Nestorium
3442 2532 3660 2602 ejusque

2089 2615 2405 2684 pravitatem
2431 2617 2823 2683 defendentem,
2851 2629 2972 2690 post
3008 2630 3206 2676 sanctze
3244 2623 3432 2693 synodi
3472 2623 3660 2678 delini-

2092 2704 2290 2759 tionem
2326 2705 2379 2759 id
2418 2706 2667 2762 habuisse
2708 2708 2760 2762 in
2789 2710 3073 2775 mandatis,
3122 2713 3297 2780 primo
3344 2715 3556 2781 quidem
3607 2724 3661 2768 ut

2089 2794 2562 2850 anathematizaret
2587 2795 2911 2865 Nestorium,
2937 2808 3282 2870 sanctamque
3304 2809 3358 2856 et
3378 2803 3665 2872 gloriosam

2089 2898 2301 2953 semper
2328 2886 2587 2953 virginem
2627 2886 2847 2941 Mariam
2886 2890 3167 2959 Deiparam
3210 2891 3572 2957 confiteretur,
3607 2903 3657 2949 ct

2089 2974 2317 3043 idipsum
2372 2985 2657 3031 exsecutus
2702 2987 2803 3032 est.
2849 2979 3026 3044 Quare
3087 2980 3207 3037 lbas
3259 2984 3464 3051 pariter
3490 2994 3653 3053 atque

2090 3062 2462 3132 Theodoritus,
2501 3082 2606 3122 non
2640 3068 2804 3123 veluti
2826 3072 3065 3138 magistri
3110 3082 3202 3126 aut
3232 3073 3437 3139 Patres,
3467 3076 3562 3130 sed
3588 3084 3647 3131 ut

2089 3154 2428 3221 paenitentes,
2462 3164 2515 3209 et
2547 3158 2877 3225 perniciosas
2917 3163 3211 3215 sententias
3238 3163 3567 3221 detestantes
3594 3167 3661 3222 de

418 3262 505 3311 τῆς
534 3254 583 3305 ἐν
608 3251 879 3310 Χαλκηδόνι
920 3251 1159 3313 συνόδου,
1196 3255 1278 3306 καί
1317 3252 1705 3327 ύπογράψαντες
1738 3253 1787 3305 έν
1813 3255 1978 3321 αὐτῷ,

2088 3242 2280 3309 quibus
2308 3242 2517 3299 fuerant
2540 3249 2795 3315 accusati,
2826 3259 2985 3320 atque
3028 3251 3393 3308 definitionem
3435 3255 3654 3310 Chalce~

417 3342 717 3411 ἐδέχθησαν.
754 3337 948 3400 Ἐπειδὴ
988 3340 1097 3401 ἔθος
1140 3343 1275 3397 ἐστίν
1318 3344 1366 3395 ὲν
1390 3351 1452 3415 τῇ
1487 3343 1715 3416 καθολικῇ
1745 3343 1981 3418 ἐκκλησίᾳ

418 3431 646 3490 ἅπαντας
673 3432 792 3493 τοὺς
818 3433 1098 3506 αἱρετικοὺς
1120 3441 1209 3492 τῆς
1235 3434 1411 3490 οἰκείας
1439 3433 1627 3492 πλάνης
1659 3436 1981 3507 ἀναχωροῦν-

417 3542 527 3582 τας,
549 3525 632 3575 καὶ
654 3524 780 3595 πρὸς
805 3527 896 3579 τήν
918 3520 1174 3599 ὀρθόδοξον
1198 3524 1488 3582 ἐπανιόντας
1514 3527 1708 3588 πίστιν,
1736 3522 1979 3594 δεχθῆναι

419 3617 483 3674 ti;
530 3617 804 3679 κοινωνίαν,
847 3618 908 3667 οὺ
954 3619 1050 3686 μὴν
1099 3618 1167 3674 ὡς
1214 3612 1545 3674 διδασκάλους
1593 3622 1705 3674 τοῖς
1746 3614 1980 3689 πατράσι

418 3709 836 3781 συναριθμεῖσθαι.
879 3705 1022 3762 Ὀθεν
1059 3710 1284 3767 καὶτοὺς
1322 3705 1497 3769 ἄλλους
1525 3709 1841 3768 ἀνατολικοὺς
1871 3711 1979 3765 ἐπι-

417 3799 672 3862 σκόπους,
716 3801 761 3851 οἷ
802 3820 933 3860 τινες
975 3799 1240 3874 Νεστόριον
1282 3798 1589 3860 ἑκδικοῦντες
1635 3802 1871 3855 ἀντεῖπον
1915 3810 1977 3875 τῇ

416 3891 590 3962 πρώτῃ
637 3896 683 3942 ἰν
724 3888 906 3960 Ἐφέσῳ
951 3889 1171 3961 συνόδῳ,
1199 3894 1280 3945 καί
1326 3900 1398 3963 τῷ
1437 3893 1484 3945 έν
1530 3892 1692 3962 ἁγίοις
1735 3894 1975 3967 Κυρίλλῳ,

417 3979 585 4039 ἔπειδή
613 3984 740 4050 μετὰ
778 3989 945 4037 ταῦτα
988 3983 1251 4057 Νεστόριον
1291 3987 1372 4037 καὶ
1429 3988 1514 4041 τὴν
1542 3982 1829 4046 κακοδοξίαν
1855 3987 1975 4039 ἀνε-

416 4077 688 4145 θεμάτισαν
715 4082 803 4135 τήν
836 4076 1015 4141 αὐτοῦ,
1044 4075 1240 4140 έδέξατο
1268 4075 1294 4129 ό
1320 4078 1448 4131 κατά
1476 4076 1661 4144 Ῥώμην
1701 4078 1977 4132 ἀποστολι-

414 4167 497 4224 κός
523 4166 711 4239 θρόνος,
738 4166 871 4221 καὶὸ
904 4167 950 4219 ἐν
978 4166 1139 4236 ἁγίοις
1163 4166 1413 4246 κυριλλος,
1441 4169 1521 4220 καί
1550 4164 1634 4221 διὰ
1662 4173 1813 4225 τοῦτο
1840 4170 1919 4223 καί
1946 4171 1977 4227 ἡ

412 4257 533 4327 ἁγία
557 4263 642 4313 τοῦ
672 4265 798 4312 Θεοῦ
828 4259 1066 4315 ἐκκλησία
1089 4256 1299 4327 δέχεται
1327 4258 1530 4317 αὐτούς.

482 4527 570 4577 Καὶ
607 4532 756 4581 τοῦτο
800 4523 853 4579 δὲ
898 4531 1031 4597 ὑμᾶς
1069 4524 1245 4580 εἰδέναι
1283 4527 1570 4598 βουλόμεθα,
1598 4526 1675 4584 ὅτι
1720 4533 1777 4584 οὐ
1829 4531 1973 4601 μόνον

2083 3330 2334 3388 donensis
2374 3337 2563 3406 synodi
2610 3340 2861 3409 amplexi,
2909 3343 3112 3411 ipsique
3154 3346 3567 3411 subscribentes,
3602 3349 3655 3404 in

2080 3437 2145 3477 ea
2184 3427 2387 3495 recepti
2426 3436 2577 3493 sunt;
2607 3444 2728 3483 cum
2769 3431 2822 3485 in
2870 3432 3111 3488 Ecclesia
3160 3436 3423 3491 catholica
3469 3438 3539 3491 sit
3584 3439 3637 3492 in

2081 3528 2233 3568 more
2264 3517 2495 3584 positum
2537 3518 2819 3576 hazreticos
2860 3523 2951 3591 qui
2995 3526 3272 3594 proprium
3312 3538 3658 3582 exsecrentur

2080 3620 2318 3660 errorem
2340 3608 2406 3663 ad
2430 3609 2893 3681 orthodoxamque
2914 3612 3069 3668 ﬁdem
3082 3624 3438 3682 revertantur,
3462 3618 3658 3689 suscipi

2080 3695 2134 3748 in
2162 3699 2618 3763 communionem,
2648 3716 2754 3755 non
2779 3711 2959 3756 autem
2988 3706 3149 3759 veluti
3176 3708 3457 3774 magistros
3482 3707 3656 3764 Patri-

2078 3786 2176 3841 bus
2205 3792 2596 3844 connumerari.
2620 3791 2805 3861 Itaque
2830 3794 2964 3851 alios
3007 3796 3169 3851 etiam
3214 3798 3506 3853 Orientales
3542 3801 3656 3870 epi~

2078 3892 2289 3947 scopos,
2320 3895 2546 3948 quorum
2577 3883 2791 3951 quidam
2829 3899 2858 3939 a
2902 3884 3132 3941 Nestorii
3161 3890 3399 3957 partibus
3427 3899 3649 3959 stantes,

2078 3969 2243 4038 priori
2265 3968 2548 4039 Ephesina:
2587 3972 2793 4042 synodo
2834 3985 3124 4045 sanctoque
3153 3976 3353 4049 Cyrillo
3389 3981 3650 4035 contradi-

2080 4068 2289 4125 xerant,
2337 4076 2459 4116 cum
2507 4070 2693 4131 postea
2748 4065 3032 4120 anathema
3076 4067 3336 4123 dixissent
3388 4069 3652 4135 Nestorio,

2079 4173 2444 4227 perversceque
2500 4160 2667 4228 ipsius
2720 4163 3022 4231 sementim,
3065 4166 3361 4233 apostolica
3415 4167 3654 4222 Romana

2077 4249 2232 4304 sedes
2252 4258 2577 4320 sanctusque
2597 4250 2826 4321 Cyrillus
2867 4253 2920 4307 in
2960 4257 3391 4311 communionem
3433 4273 3653 4326 recepe-

2078 4349 2221 4404 runt,
2257 4350 2418 4410 atque
2444 4350 2728 4411 propterea
2757 4343 2825 4398 ab
2853 4354 3035 4399 sancta
3067 4344 3161 4400 Dei
3202 4345 3442 4402 Ecclesia
3469 4362 3652 4403 susce-

2077 4432 2154 4499 pti
2172 4431 2557 4499 intelliguntur.

2150 4522 2207 4576 Id
2235 4530 2413 4577 autem
2438 4538 2467 4576 a
2488 4524 2638 4578 vobis
2666 4523 2827 4578 etiam
2855 4524 3203 4581 animadverti
3232 4528 3496 4596 cupimus,
3544 4543 3651 4583 non

410 4611 554 4675 Ἰϐας
607 4621 692 4669 καὶ
742 4615 1045 4690 Θεοδὼριτος
1092 4617 1177 4673 διὰ
1222 4621 1281 4674 τὸ
1326 4621 1573 4674 ἀντειπεῖν
1618 4628 1724 4679 τοῖς
1788 4619 1980 4677 δώδεκα
2006 4620 2053 4679 ἶ)
2080 4611 2226 4666 Ibam
2259 4620 2463 4667 tantum
2510 4621 2565 4667 θι
2604 4611 2983 4668 ΤῙιθοάοτίιυΠ)
3014 4616 3083 4669 0b
3113 4626 3417 4685 οΡΡυὲηίηιΊ
3460 4618 3651 4671 ἀυυίίθ⁴

413 4705 689 4776 κεφαλαίοις
723 4710 810 4758 τοῦ
841 4707 888 4757 ἐν
923 4706 1084 4777 ἁγίοις
1130 4707 1362 4779 κυρίλλου
1386 4707 1710 4771 ἐξεϐλήθησαν
1747 4718 1838 4769 τῆς
1866 4711 1976 4765 ἑπι-

411 4805 623 4857 σκοπῆς.
664 4796 785 4850 ἀλλὰ
826 4799 907 4850 καί
933 4796 1167 4865 Δόμνοςό
1206 4795 1515 4868 ’Δντιοχείας
1564 4800 1974 4874 ἀρχιεπίσκοπος

408 4886 492 4940 διὰ
513 4893 661 4941 τοῦτο
688 4885 1038 4948 κατεδικάσθη.
1057 4890 1124 4947 ὡς
1146 4888 1349 4962 γράψας
1380 4890 1578 4961 ὀφείλειν
1604 4891 1750 4959 μόνον
1773 4912 1974 4947 σιωπη-

409 4982 547 5036 θῆναι
587 4981 654 5033 τὰ
697 4980 824 5033 αὐτὰ
864 4977 1054 5034 δώδεκα
1104 4982 1364 5053 κεφάλαια·
1412 4983 1469 5039 ἦν
1515 5004 1625 5038 τινα
1673 4982 1973 5057 κατάκρισιν

411 5073 534 5126 κατά
577 5072 765 5141 Δόμνου
813 5074 1090 5143 γενομένην,
1122 5077 1202 5129 καί
1242 5076 1373 5144 μετά
1417 5077 1624 5130 θάνατον
1669 5080 1828 5130 αὑτοῦ
1864 5080 1894 5135 ἦ
1922 5078 1971 5131 ἓν

410 5161 671 5221 ἰσλκηδόνι
697 5162 906 5223 σύνοδος
948 5163 1149 5229 ἐδέξατό
1189 5186 1242 5218 τε
1286 5170 1367 5219 καί
1405 5167 1726 5220 έϐεϐαίωσεν.
1777 5165 1890 5222 Ὀτι
1917 5165 1970 5221 δέ

407 5259 554 5307 τοῦτο
582 5254 753 5314 ἀληθές
794 5255 923 5319 ἐστι,
952 5258 1033 5308 καὶ
1060 5257 1215 5315 αὐτὸς
1255 5255 1563 5331 Θεοδὼριτος
1601 5258 1728 5332 πρὸς
1755 5254 1970 5315 Ἰωάννην

406 5345 487 5398 τόν
514 5346 833 5421 Γερμανικίας
859 5348 1133 5401 ἐπίσκοπον
1156 5356 1405 5422 μαρτυρεῖ
1420 5349 1620 5423 γράφων
1649 5348 1833 5407 οὕτως·
1870 5365 1889 5397 ε
1912 5351 1971 5402 Τί

405 5431 587 5491 δήποτε
618 5438 703 5488 καί
732 5444 999 5507 προφανῶς
1025 5435 1315 5506 ψεύδονται,
1340 5442 1423 5492 καί
1455 5459 1579 5509 φασι
1619 5437 1862 5508 μηδεμίαν
1888 5459 1969 5509 γε·

404 5528 636 5593 ’μνῆσθαι
676 5531 795 5603 περί
837 5528 1001 5601 δόγμα
1052 5534 1399 5601 καινοτομίαν;
1450 5532 1533 5587 διὰ
1574 5537 1752 5594 ποίους
1795 5534 1969 5605 φόνους

406 5618 486 5668 καί
513 5619 741 5687 γοητείας
770 5619 999 5680 ἐξηλάθην
1037 5620 1162 5691 ἕγώ;
1191 5620 1217 5675 ό
1244 5619 1381 5677 δεῖνα
1402 5624 1537 5683 τίνας
1564 5626 1802 5693 μοιχείας
1830 5624 1968 5677 ἐτόλ-

406 5722 567 5774 μησες
598 5712 773 5769 ποίους
801 5709 827 5763 ὃ
850 5709 979 5765 δεῖνα
1000 5710 1208 5784 διώρυξε
1233 5714 1445 5783 τάφουςς
1468 5712 1610 5771 δῆλόν
1631 5716 1737 5769 ἐστι
1758 5717 1844 5768 καί
1864 5722 1968 5773 τοῖς

407 5793 704 5866 βαρϐάροις
736 5798 1009 5871 παρακαλῶ
1035 5796 1154 5867 (sic)
1179 5802 1244 5859 ὡς
1268 5799 1527 5871 δογμάτων
1556 5803 1710 5874 χάριν
1733 5803 1860 5871 κάμέ
1886 5805 1964 5855 καί

409 5884 522 5940 τοὺς
548 5880 720 5946 ἄλλους
747 5887 1000 5949 ἐξήλασαν.
1032 5890 1119 5944 Καὶ
1152 5891 1251 5962 γάρ
1272 5890 1355 5946 τὸν
1383 5894 1551 5966 κύριον
1579 5892 1776 5964 Δόμνον,
1808 5895 1872 5955 ὡς
1901 5894 1965 5948 τὰ

2081 4704 2185 4758 cim
2214 4718 2277 4757 ea
2298 4704 2469 4757 sancti
2504 4704 2687 4774 Cyrilli
2726 4705 2901 4773 capita
2930 4703 3091 4761 fuisse
3119 4707 3187 4762 ab
3216 4709 3523 4776 episcopatu
3553 4709 3650 4763 dc-

2073 4796 2267 4865 jectos,
2291 4811 2476 4851 verum
2505 4796 2769 4851 Domnum
2796 4812 3011 4867 quoque
3037 4800 3451 4856 Antiochensem
3477 4802 3650 4855 archi-

2078 4896 2381 4965 episcopum
2427 4896 2884 4951 condemnationis
2936 4898 3161 4953 subiisse
3194 4897 3479 4966 judicium,
3520 4913 3648 4967 pro-

2078 4994 2267 5055 pterea
2312 4984 2460 5055 quod
2508 4986 2831 5055 scripsisset,
2876 4988 3129 5055 expedire
3159 4996 3218 5040 ut
3254 4987 3537 5041 duodecim
3583 5001 3647 5040 ea

2077 5075 2251 5143 capita
2279 5075 2489 5129 silentio
2510 5085 2903 5144 premerentur;
2943 5074 3087 5145 quod
3111 5075 3367 5144 judicium
3401 5077 3454 5130 in
3484 5077 3645 5130 Bom-

2079 5180 2205 5219 num
2236 5164 2555 5231 institutum,
2585 5166 2820 5236 synodus
2842 5164 3309 5231 Chalcedonensis,
3340 5181 3407 5221 eo
3433 5181 3646 5237 quoque

2076 5270 2109 5311 e
2153 5256 2288 5311 vivis
2328 5257 2557 5322 sublato,
2614 5258 2861 5327 probavit
2908 5266 3071 5326 atque
3123 5259 3474 5314 confirmavit.
3518 5260 3644 5317 Haec

2074 5361 2237 5415 porro
2285 5346 2560 5401 verissima
2604 5362 2752 5415 esse,
2798 5359 2960 5418 atque
3003 5350 3077 5403 ita
3114 5350 3562 5418 quemadmodum
3609 5370 3645 5410 at

2076 5436 2228 5490 nobis
2256 5437 2494 5504 exposita
2525 5447 2669 5503 sunt,
2712 5453 2771 5493 se
2798 5439 2996 5495 habere
3041 5441 3266 5510 ipsemet
3293 5440 3647 5501 Theodoritus

2081 5536 2304 5581 testatur
2331 5529 2382 5581 in
2408 5530 2632 5599 epistola
2660 5530 2725 5584 ad
2753 5530 3012 5587 Joannem
3048 5533 3398 5589 Germanicis:
3438 5536 3646 5604 episco—

2075 5635 2200 5688 pum
2225 5619 2335 5674 haec
2355 5621 2619 5675 scribens:
2641 5639 2657 5672 ι
2679 5621 2815 5687 Quid
2835 5623 2979 5678 enim
3003 5624 3209 5693 profani
3232 5626 3562 5685 mentiuntur
3582 5640 3646 5679 ac

2073 5711 2276 5776 dicunt,
2317 5711 2516 5765 nullam
2552 5712 2697 5767 circa
2738 5711 2987 5779 dogmata
3028 5730 3222 5768 novam
3277 5715 3472 5770 factam
3526 5730 3644 5771 esse

2072 5801 2392 5856 sectionem?
2414 5810 2636 5870 propter
2661 5817 2795 5871 quas
2822 5804 2997 5859 czedes
3028 5806 3205 5872 igitur,
3235 5806 3348 5861 sive
3376 5805 3642 5875 praestigia

2070 5892 2319 5962 expulsus
2364 5906 2464 5963 ego
2510 5895 2665 5950 sum?
2713 5909 2971 5964 quasnam
3012 5897 3270 5953 mtech'ras
3316 5904 3643 5968 perpetravit
