4148 6440
450 424 583 490 1089

1176 412 1541 472 EPISTOLA
1579 418 1978 477 ADVERSUS
2012 420 2492 480 TIIEODORUM
2530 420 2949 481 MOPSUEST.

3550 435 3687 499 ιίιςιη

437 546 674 616 κεφάλαια
700 549 770 615 μή
811 543 1067 614 δεξάμενον
1102 547 1318 601 καθεῖλον
1350 546 1396 600 oi
1426 545 1678 617 βέλτιστοι
1718 544 2017 614 πανεύῳημα

2131 543 2423 611 quispiam?
2445 559 2687 612 quamam
2718 546 2837 614 quis
2856 546 3099 615 sepulcra
3138 545 3432 616 pervertit?
3461 548 3553 601 sed
3581 565 3681 603 no-

438 642 600 691 ταῦτα
628 635 953 699 καλέσαντες,
989 639 1074 689 καί
1095 634 1319 708 ἐμμένειν
1348 638 1544 695 τούτοις
1588 633 2005 704 ὁμολογήσαντες.

438 722 556 797 Ἐγώ
578 728 679 800 γὰρ
718 728 885 780 αὐτῶν
914 728 1009 787 τὰς
1036 729 1328 788 καταθέσεις
1360 730 1571 798 ἀνέγνων
1589 765 1603 789 ,
1633 726 1718 795 ἐμέ
1746 723 1798 778 δέ
1824 727 1890 784 ὦς·
1918 734 2008 785 τῆς

437 817 679 891 αἱρέσεως
695 815 921 892 ἔξαρχον
947 819 1285 892 ἀπεκήρυξαν.
1308 818 1388 873 Ἐκ
1409 820 1600 873 τούτων
1623 815 1790 871 τοίνυν
1812 815 2006 871 δείκνυ-

436 928 540 973 ται,
567 905 646 962 ὅτι
672 906 757 962 διὰ
785 910 851 963 τά
877 910 1117 978 κεφάλαια
1137 918 1227 964 τοῦ
1256 911 1304 963 ἐν
1342 910 1503 983 ἁγίοις
1530 908 1763 984 Κυρίλλου
1787 909 1853 963 τὰ
1880 910 2009 961 κατά

438 998 712 1069 Νεστορίου
742 1000 1069 1071 προτεθέντα,
1099 1003 1180 1053 καί
1224 1000 1427 1073 Δόμνος,
1457 1002 1539 1052 καί
1575 999 1733 1059 αὑτός
1765 996 2010 1069 Θεοδὼρι-

438 1105 548 1148 τος,
586 1089 671 1140 καί
712 1083 878 1151 Ἰϐας,
909 1091 996 1141 καί
1042 1086 1181 1143 ἄλλοι
1222 1093 1350 1149 τινὲς
1394 1090 1744 1153 ἐξεϐλήθησαν
1783 1090 1868 1142 καί
1895 1095 2014 1140 Θεο-

441 1175 647 1243 δώριτον
692 1181 801 1249 μὲν,
830 1183 915 1233 καί
948 1177 1092 1234 Ἰϐαν
1132 1182 1579 1251 μεταμεληθέντας,
1612 1183 1695 1234 καὶ
1721 1179 2014 1249 δεξαμένους

439 1268 507 1320 τὰ
541 1269 938 1338 μνημονευθέντα
982 1271 1239 1341 κεφάλαια,
1269 1274 1354 1324 καί
1392 1273 1457 1325 τὰ
1499 1268 1645 1331 ἄλλα,
1673 1268 1736 1323 δι’
1756 1268 1789 1323 ἂ
1819 1268 2015 1331 ἐξεϐλή-

440 1357 615 1418 θησαν,
643 1356 674 1413 ἡ
702 1355 821 1428 ἁγία
852 1356 1060 1418 σύνοδος
1085 1362 1115 1417 ἡ
1143 1361 1193 1414 ἐν
1218 1358 1491 1417 Χαλκηδόνι
1536 1358 1755 1423 ἐδέξατο.
1787 1360 1845 1413 Οί
1879 1356 2016 1413 ἄλλοι

440 1441 493 1497 δέ
536 1445 580 1496 oi
620 1448 690 1515 μή
732 1448 1150 1515 μεταμεληθέντες
1193 1450 1282 1501 ούκ
1318 1448 1637 1517 ἐδέχθησαν
1668 1450 1697 1506 ἡ
1726 1446 1779 1503 δὲ
1823 1450 2013 1519 Δόμνου

442 1536 736 1609 κατὰκρισις
758 1538 842 1589 καί
868 1540 997 1607 μετὰ
1024 1538 1230 1592 θάνατον
1256 1540 1411 1592 αὐτοῦ
1434 1539 1731 1595 ἐϐεϐαιώθη.

2117 642 2228 685 tum
2253 632 2381 703 ipsis
2407 647 2621 701 quoque
2650 632 2901 688 Barbaris
2921 643 3003 688 est
3027 644 3187 703 atque
3215 637 3575 705 perspicuum,
3598 654 3686 702 tre

2116 734 2446 793 caeterosque
2485 724 2791 794 dogmatum
2822 741 2983 781 causa
3022 725 3185 782 fuisse
3220 725 3477 795 deiectos.
3530 727 3683 781 Enim

2114 831 2243 870 vero
2289 814 2562 869 dominum
2607 816 2769 869 etiam
2818 815 3103 885 Domuum,
3153 826 3405 886 tanquam
3453 819 3684 886 capitula

2116 919 2223 957 nou
2248 904 2612 958 admittentem
2642 905 2983 974 expulerunt,
3024 920 3088 959 ea
3117 907 3261 960 omni
3312 906 3469 960 laude
3504 907 3686 974 dign‘a,

2118 994 2303 1061 optimi
2330 994 2402 1047 illi
2426 1004 2701 1061 vocantes,
2722 1009 2888 1063 seque
2921 995 2973 1048 in
3003 994 3088 1049 his
3115 1011 3490 1064 permansuros
3523 998 3689 1065 proli-

2119 1088 2311 1134 tentes.
2341 1080 2425 1135 Me
2468 1092 2645 1135 autem
2676 1083 2766 1149 qui
2797 1083 3033 1150 ipsorum
3082 1086 3489 1142 constitutiones
3536 1086 3686 1153 lege-

2120 1188 2267 1237 rem,
2325 1182 2385 1226 ut
2442 1173 2704 1226 lncreseos
2761 1173 3055 1243 principem
3121 1174 3484 1239 ,abdicarunt.
3530 1193 3549 1228 ε
3608 1175 3684 1229 Ex

2120 1264 2313 1331 quibus
2360 1271 2543 1331 aperte
2590 1263 2858 1331 colligitur
2920 1264 2990 1318 ob
3045 1265 3214 1319 sancti
3265 1264 3449 1335 Cyrilli
3511 1266 3686 1334 capita

2124 1354 2378 1417 adversus
2404 1351 2704 1406 Nestorium
2728 1354 3020 1422 proposita,
3039 1363 3094 1409 et
3112 1355 3372 1409 Domuum
3396 1396 3412 1423 ,
3443 1364 3498 1411 et
3522 1356 3688 1411 Theo«

2123 1442 2367 1496 doretum
2400 1441 2588 1510 ipsum,
2623 1450 2677 1495 et
2704 1441 2865 1507 Ibam,
2898 1451 2952 1496 et
2988 1446 3272 1499 nonnullos
3312 1455 3570 1515 pratterea
3597 1446 3689 1500 dr-

2122 1533 2363 1585 turbatos
2390 1532 2607 1587 sedibus
2628 1532 2739 1586 suis
2766 1531 2948 1598 fuisse,
2973 1549 3037 1588 ac
3057 1534 3451 1590 Theodoretum
3477 1536 3686 1605 quidem

2120 1633 2175 1677 et
2239 1623 2379 1676 lbam
2436 1624 2849 1692 resipisceutes,
2899 1634 3060 1693 atque
3106 1637 3399 1681 memorata
3454 1629 3687 1697 capitula

441 1716 754 1783 probantes,
783 1730 846 1770 ac
864 1717 1069 1786 reliqua
1114 1718 1290 1771 omnia
1328 1734 1554 1787 quorum
1600 1732 1759 1772 causa
1807 1717 1918 1771 suis
1956 1716 2092 1786 pulsi
2131 1713 2343 1767 sedibus
2401 1712 2637 1779 fuerant,
2696 1729 2727 1767 a
2779 1725 2963 1769 sancta
3011 1716 3433 1773 Chalcedoueusi
3485 1711 3690 1789 synodo

442 1806 607 1861 fuisse
646 1814 892 1875 receptos

444 1905 553 1949 tem
574 1895 691 1964 ejus
718 1895 880 1951 fuisse
908 1895 1292 1951 conﬁrmatam.

943 1824 955 1859 :
1002 1808 1219 1861 minime
1267 1824 1396 1863 vero
1447 1824 1542 1863 eos
1581 1810 1671 1877 qui
1713 1824 1820 1863 non
1874 1810 2248 1877 resipuerant:
2281 1805 2471 1859 Domni
2514 1821 2644 1859 vero
2686 1806 3186 1861 condemnationem
3222 1808 3380 1862 etiam
3403 1817 3524 1877 post
3544 1825 3690 1863 mor—

516 1983 719 2045 Ἐπειδὴ
745 1986 797 2041 δὲ
827 1986 1100 2061 ἐγράψατε,
1133 1986 1210 2042 ὅτι
1248 1990 1343 2047 τὰς
1391 1984 1655 2060 Θεοδώρου
1701 1988 2021 2058 βλασφημίας

2198 1980 2330 2037 Cum
2353 1989 2530 2035 autem
2559 1980 2880 2049 scripseritis
2923 1982 3125 2051 pariter
3167 1984 3432 2038 exsecrari
3473 1999 3503 2037 a
3540 1985 3690 2039 vobis

443 2079 541 2137 τὰς
586 2076 713 2152 παρ’
737 2080 874 2147 ἡμῶν
908 2077 1217 2148 πεμφθείσας
1245 2079 1362 2145 ύμῖν
1389 2078 1791 2147 ἁναθεματίζετε,
1814 2075 1862 2130 εἴ
1886 2098 2020 2136 τινος

447 2162 508 2221 ἄν
536 2162 679 2233 ὦσιν,
701 2167 851 2221 αὐτόν
872 2165 924 2220 δὲ
945 2165 1202 2240 Θεόδωρον
1223 2166 1533 2237 ἁμφεϐὀιλετε
1557 2166 1915 2239 ἀναθεματίσαι
1936 2164 2021 2220 διὰ

447 2262 506 2315 τὸ
533 2258 628 2318 ήδη
654 2261 1053 2334 προτελευτῆσαι
1080 2258 1225 2312 αὐτόν
1252 2259 1299 2311 ἐν
1439 2260 1683 2331 κοινωνίᾳ,
1712 2260 1779 2317 ὡς
1806 2258 2018 2328 λέγεται,

446 2356 549 2403 τῶν
586 2349 875 2415 ἐκκλησιῶν,
901 2352 1167 2419 γινώσκετε
1193 2346 1280 2419 [F.
1304 2364 1454 2418 supp.
1488 2345 1587 2417 ὅτι]
1630 2349 1676 2402 οί
1702 2349 1924 2420 λέγοντες
1952 2354 2021 2420 μὴ

448 2441 553 2502 ἐξόν
569 2435 694 2492 εἶναι
711 2437 962 2515 Θεόδωρον
979 2440 1449 2507 ἀναθεματίζεσθαι,
1463 2438 1583 2493 ὰ)λά
1601 2446 1707 2498 τοῖς
1729 2438 2023 2500 ἐπισκόποις

448 2531 885 2604 συναριθμεῖσθαι,
917 2530 1087 2588 ἔπειδή
1114 2533 1164 2583 ἔν
1190 2538 1252 2605 τῇ
1290 2534 1537 2604 κοινωνίᾳ,
1566 2532 1725 2590 καθὼς
1769 2532 2020 2604 εἰρήκατε,

449 2629 545 2680 τῆς
593 2620 860 2680 ἐκκλησίας
901 2620 1250 2685 ἐτελεύτησεν,
1282 2620 1556 2691 ὀφείλουσιν
1580 2624 1662 2675 καί
1700 2619 1891 2675 Ἰούδαν
1918 2628 2023 2681 τοῖς

452 2711 756 2771 ἀποστόλοις
801 2713 1122 2785 συναριθμεῖν
1174 2711 1257 2763 τόν
1301 2713 1369 2769 ὡς
1413 2711 1637 2780 ἐνόμισεν
1684 2711 1894 2765 λαθόντα
1941 2711 2023 2765 τόν

450 2804 758 2872 γινώσκοντα
800 2802 866 2854 τὰ
907 2801 1110 2873 κρυπτὰ
1143 2808 1243 2855 τῶν
1289 2801 1559 2873 ἀνθρώπων
1605 2802 1745 2863 Θεὸν,
1771 2804 1855 2855 καί
1898 2803 2026 2872 μετά

452 2899 553 2945 τῶν
583 2890 740 2946 ἄλλων
769 2893 999 2962 μαθητῶν
1025 2894 1274 2945 κοινωνίαν
1300 2890 1559 2962 δεξάμενον
1584 2893 1672 2946 ἀπ’
1693 2896 1869 2947 αὐτοῦ’
1904 2891 2024 2947 ὅσον

453 2987 551 3056 γὰρ
580 2982 690 3043 ἧκεν
716 2986 787 3042 είς
831 2985 953 3042 τούς
992 2989 1163 3037 ταῦτα
1202 2983 1458 3052 λέγοντας,
1483 2982 1721 3052 μέμψεώς
1748 2984 1872 3036 εἰσιν
1900 2980 2025 3046 ἄξιοι

454 3078 538 3129 καί
566 3075 611 3127 oi
638 3070 908 3129 ἀπόστολοι
934 3074 978 3127 οἶ
1003 3076 1130 3143 μετὰ
1158 3074 1244 3128 τόν
1288 3076 1440 3129 αὐτοῦ
1478 3077 1681 3129 θάνατον
1714 3074 1873 3145 ψῆφον
1917 3076 2026 3130 κατ’

456 3167 620 3218 αὺτοῦ
651 3163 1036 3237 προαγαγόντες,
1060 3168 1441 3237 κατακρίναντες
1470 3165 1637 3227 αὐτόν,
1663 3166 1749 3219 καί
1775 3166 1846 3223 είς
1874 3164 2025 3219 τόπον

457 3255 615 3306 αὐτοῦ
653 3249 797 3307 ἄλλον
840 3254 1311 3325 ἁντεισαγαγόντες.
1354 3257 1442 3308 Καί
1474 3255 1622 3309 πάλιν
1651 3253 1821 3313 ἐπειδὴ
1847 3257 1896 3309 ἐν
1920 3264 2026 3317 τοῖς

2122 2086 2216 2127 eas
2242 2070 2509 2125 Theodori
2534 2071 2917 2141 blasphemias,
2934 2086 3065 2141 quas
3091 2072 3156 2126 ad
3186 2088 3281 2127 vos
3309 2074 3407 2144 ipsi
3444 2079 3689 2129 transmi-

2123 2162 2314 2225 simus,
2342 2162 2705 2229 cujuscunque
2735 2162 2837 2215 illze
2863 2162 2969 2215 siut
2994 2180 3006 2215 :
3040 2162 3322 2219 Theodoro
3366 2180 3528 2234 porro
3563 2181 3687 2219 attn-

2121 2250 2299 2304 thema
2328 2250 2507 2303 dicere
2536 2250 2812 2315 dubitetis,
2842 2252 2987 2320 quod
3020 2251 3131 2319 jam
3158 2254 3269 2321 ipse
3298 2253 3367 2307 sit
3409 2255 3463 2308 iu
3504 2253 3681 2310 Eccle-

2122 2337 2343 2403 siarum,
2375 2346 2435 2392 ut
2454 2338 2667 2406 dicitur,
2690 2341 3067 2394 communione
3088 2352 3474 2410 prtemortuus:
3503 2345 3690 2401 scitote

2125 2442 2247 2481 eum
2271 2427 2362 2495 qui
2385 2427 2580 2480 dixerit
2609 2428 2829 2481 minime
2860 2427 3198 2483 Theodorum
3252 2433 3689 2488 auatbematizan

2123 2515 2307 2583 licere,
2337 2515 2433 2570 sed
2472 2516 2739 2586 episcopis
2784 2532 2903 2573 esse
2947 2519 3423 2586 adnumeraudmn,
3466 2523 3536 2578 ob
3574 2539 3690 2578 eam

2124 2620 2361 2673 causam,
2392 2605 2555 2673 quod,
2593 2613 2652 2659 ut
2684 2606 3002 2673 asseruistis,
3051 2609 3105 2662 iu
3153 2606 3402 2663 Ecclesia:
3453 2626 3689 2665 commu.

2125 2695 2286 2749 uioue
2322 2694 2648 2759 decesserit,
2700 2710 2821 2750 eum
2859 2698 3059 2767 pariter
3109 2706 3164 2752 et
3207 2698 3394 2753 ludam
3434 2716 3592 2769 posse
3638 2704 3690 2757 in

2126 2784 2491 2852 apostolorum
2519 2800 2798 2838 numerum
2820 2787 3100 2849 asciscere,
3135 2788 3223 2855 qui
3251 2788 3439 2853 latens,
3465 2798 3521 2844 et
3540 2803 3693 2849 notus

2125 2876 2295 2929 solum
2319 2877 2672 2944 perscrutauti
2699 2876 2929 2931 humana
2963 2887 3171 2933 secreta
3204 2879 3332 2943 Deo,
3364 2879 3461 2935 fuit
3487 2883 3553 2935 ab
3582 2883 3694 2951 ipso

2126 2979 2248 3018 cum
2277 2965 2480 3018 (ueteris
2501 2965 2773 3034 discipulis
2806 2966 2870 3019 ad
2916 2968 3346 3023 communionem
3395 2970 3694 3035 admissus;

2126 3068 2250 3107 nam
2283 3053 2435 3122 juxta
2474 3055 2525 3108 id
2552 3055 2698 3123 quod
2753 3057 2953 3110 sentire
3008 3057 3122 3111 haec
3168 3059 3373 3115 aientes
3425 3062 3691 3125 videntur,

2126 3143 2266 3211 digni
2290 3144 2705 3213 reprehensione
2733 3156 2857 3201 sunt
2892 3149 3118 3217 apostoli
3155 3164 3387 3218 quoque,
3428 3153 3519 3221 qui
3568 3165 3691 3224 post

2128 3242 2356 3288 mortem
2393 3234 2526 3302 ejus,
2576 3234 2829 3304 suilragio
2874 3237 3127 3291 adversus
3178 3238 3350 3307 ipsum
3393 3240 3523 3306 lato,
3574 3258 3693 3297 eum

456 3343 618 3414 ἁγίοις
657 3343 959 3414 εὐαγγελίοις
1003 3344 1060 3397 τὸ
1108 3340 1265 3413 ὄνομα
1313 3346 1466 3398 αὐτοῦ
1506 3348 1692 3417 μεταξύ
1737 3352 1835 3398 τῶν
1871 3343 2027 3399 ἄλλων

2131 3320 2624 3375 condemuaverunt
2660 3322 2931 3391 aliumque
2971 3325 3023 3378 in
3068 3324 3240 3378 locum
3267 3326 3381 3395 ejus
3409 3330 3695 3386 substitue-

456 3433 753 3485 ἀποστόλων
779 3433 1186 3504 ἀναγινώσκεται,
1216 3438 1283 3504 μή
1328 3431 1428 3509 ἄρα
1467 3435 1520 3486 ἐκ
1551 3432 1735 3489 τούτου
1760 3433 1789 3492 ἧ
1814 3437 1879 3493 ὡς
1902 3438 2030 3490 ἀπό-

457 3520 637 3581 στολος
691 3519 932 3591 δέχεται,
981 3521 1012 3580 ἡ
1050 3529 1141 3581 τῆς
1185 3525 1537 3593 κατακρίσεως
1584 3531 1673 3579 τοῦ
1721 3525 2029 3596 ἀναθέματος

457 3611 657 3684 ὤφειλεν
704 3612 1107 3677 ἐλευθερωθῆναι.
1166 3622 1451 3667 Εατανοεῑτε
1494 3619 1658 3669 τοίνυν
1708 3614 1789 3670 ὅτι
1850 3617 2030 3678 ἐκεῖνος

457 3705 664 3774 τελευτᾷ
711 3704 761 3759 ἐν
894 3708 1119 3778 κοινωνίᾳ
1146 3712 1244 3758 τῶν
1290 3706 1578 3769 ἐκκλησιῶν,
1611 3706 1749 3765 ότὴν
1778 3705 2030 3782 ὀρθόδοξον

459 3797 630 3848 πίστιν
655 3795 817 3867 μέχρι
844 3795 1060 3868 πέρατος
1086 3802 1171 3855 τῆς
1203 3797 1385 3855 οἰκείας
1414 3800 1545 3860 ζωῆς
1573 3797 1813 3871 φυλάξας.

528 3976 619 4026 Καὶ
638 3975 737 4047 γὰρ
763 3974 806 4028 εί
828 3976 913 4028 καί
939 3982 1251 4044 Μανιχαῖος,
1283 3974 1312 4033 ἦ
1340 3974 1605 4049 ’Δρειανός,
1629 3975 1659 4036 ἧ
1679 3980 2030 4051 Νεστοριανὶς,

457 4064 486 4123 ἦ
513 4066 943 4133 Εὐτυχιανιστής,
976 4065 1005 4125 ἢ
1034 4064 1178 4127 ἄλλος
1202 4065 1299 4128 οἶος
1325 4064 1409 4122 οὖν
1430 4070 1704 4143 αἱρετικός,
1732 4070 1761 4128 ἦ
1791 4072 2032 4146 Ἑλληνικῇ

459 4159 614 4230 μανίᾳ
641 4159 976 4231 κρατούμενος
1005 4158 1125 4230 λάθῃ
1146 4167 1382 4212 κοινωνῶν
1416 4168 1480 4233 τῇ
1520 4161 1775 4234 ἐκκλησίᾳ,
1802 4165 1879 4216 καί
1903 4163 2034 4217 οὕτω

460 4247 770 4318 τελευτήσῃ,
800 4251 883 4303 καί
923 4249 1050 4321 μετὰ
1094 4249 1301 4302 θάνατον
1328 4248 1359 4307 ἢ
1388 4250 1439 4303 ἐκ
1475 4256 1574 4302 τῶν
1620 4253 2036 4324 συγγραμμάτων

460 4341 637 4401 αὐτοῦ,
664 4337 694 4397 ἦ
722 4338 828 4392 καθ’
850 4339 1016 4412 ἕτερον
1064 4337 1253 4413 τρόπον
1292 4339 1544 4412 αίρετικός
1573 4336 1696 4395 εἶναι
1719 4349 1865 4415 φανῇ,
1898 4339 2037 4412 ὅμως

462 4428 551 4479 οὐκ
592 4429 643 4479 ἐκ
681 4429 861 4481 τούτου
891 4430 921 4483 ἠ
950 4427 1202 4500 ὀρθόδ·.ξος
1240 4428 1517 4501 βλάπτεται
1560 4430 1730 4489 πίστις
1748 4469 1763 4491 ν
1791 4430 1821 4487 ἦ
1848 4432 2037 4490 ἐκεῖνος

463 4516 808 4589 ίλευθεροῦται
848 4523 940 4575 τῆς
980 4518 1339 4590 κατακρίσεως,
1372 4519 1415 4569 εί
1464 4515 1548 4587 [In
1578 4517 1701 4572 cod.
1807 4519 1854 4572 ἐν
1966 4522 2039 4573 εἰ·

465 4610 587 4679 ρηνῃ
633 4614 732 4661 τῶν
774 4606 1046 4665 ἐκκλησιῶν
1101 4609 1298 4679 λέγεται
1344 4608 1669 4666 τελευτῆσαι·
1714 4614 1792 4662 καί
1831 4618 2037 4679 γενικῶς

2129 3416 2270 3462 runt.
2300 3408 2582 3472 Praeterea,
2614 3424 2735 3463 cum
2764 3426 2958 3464 nomen
2988 3412 3152 3481 ipsius
3192 3411 3245 3465 in
3281 3417 3482 3471 sanctis
3516 3416 3694 3472 Evan—

2129 3497 2280 3564 geliis
2300 3498 2508 3565 legatur
2535 3498 2674 3552 inter
2698 3506 2921 3553 cteteros
2950 3504 3245 3571 apostolos,
3273 3521 3379 3559 non
3410 3513 3589 3560 tamen
3615 3508 3695 3561 id-

2129 3588 2273 3643 circo
2291 3629 2306 3652 ,
2330 3588 2415 3642 vel
2444 3596 2504 3642 ut
2530 3589 2802 3659 apostolus
2823 3591 3102 3659 recipitur,
3128 3594 3214 3647 vel
3250 3595 3443 3650 exinde
3477 3597 3697 3650 anathe-

2130 3679 2287 3733 matis
2310 3679 2510 3747 judicio
2537 3680 2711 3749 potuit
2738 3680 2970 3735 liberari.
3012 3681 3101 3737 Sic
3136 3684 3297 3751 igitur
3330 3686 3541 3751 habete,
3569 3703 3693 3741 eum

2131 3772 2185 3825 in
2238 3770 2599 3825 Ecclesiarum
2651 3771 3027 3827 communione
3071 3771 3349 3839 decedere,
3398 3776 3489 3845 qui
3536 3776 3711 3845 ﬁdem,

2133 3861 2453 3915 catholicam
2473 3860 2542 3915 ad
2562 3868 2789 3916 mortem
2816 3876 2988 3931 usque
3016 3863 3272 3918 illibatam
3291 3867 3620 3922 custodierit.

2201 3970 2508 4038 Enimvero,
2563 3971 2607 4026 si
2637 3970 2959 4028 Manichaaus
3004 3973 3284 4045 quispiam,
3324 3976 3411 4031 vel
3448 3976 3697 4045 Ariauus,

2134 4064 2246 4120 sive
2270 4063 2635 4129 Nestorianus,
2677 4064 2761 4118 vel
2795 4062 3180 4135 Eutychianus,
3209 4074 3301 4120 aut
3346 4068 3481 4123 alius
3519 4069 3700 4137 cujusa

2134 4170 2346 4225 cunque
2406 4155 2618 4223 generis
2663 4154 2946 4209 brereticus
3002 4156 3087 4209 vel
3138 4154 3446 4212 Grzecorum
3497 4160 3703 4215 insania

2135 4256 2352 4318 captus,
2404 4245 2655 4301 Ecclesia:
2691 4246 3092 4301 communicaus
3132 4248 3354 4313 vixerit,
3398 4258 3559 4319 atque
3598 4250 3703 4307 hoc

2136 4338 2297 4395 modo
2326 4337 2633 4401 decesserit,
2655 4344 2778 4406 post
2797 4345 3024 4391 mortem
3055 4348 3231 4392 autem
3261 4341 3343 4394 vel
3386 4356 3452 4395 ex
3493 4343 3705 4412 scriptis

2138 4428 2276 4496 ejus,
2300 4427 2389 4481 vel
2415 4427 2517 4481 alia
2542 4426 2729 4494 quavis
2756 4427 2964 4480 ratione
2994 4427 3274 4482 haereticus
3314 4428 3477 4486 fuisse
3514 4431 3707 4501 depre-

2138 4518 2428 4581 hendatur,
2495 4517 2626 4571 nihil
2679 4525 2858 4571 tamen
2909 4518 3171 4573 catholica
3224 4520 3355 4574 ﬁdes
3405 4521 3712 4578 detrimenti

2138 4609 2302 4679 capit,
2332 4622 2505 4676 neque
2528 4609 2640 4677 ipse
2662 4616 2945 4677 propterea
2975 4622 3005 4661 a
3043 4609 3490 4667 condemnatione
3518 4612 3708 4667 libera-

465 4694 637 4750 οὐδένα
657 4704 755 4750 τῶν
781 4696 1041 4769 αἰρετικῶν
1063 4698 1272 4756 Θάνατος
1298 4699 1351 4750 ἐκ
1380 4706 1471 4757 τῆς
1499 4701 1617 4770 περί
1642 4705 1731 4757 τῆς
1751 4697 2027 4763 κακοδοξίας

2142 4709 2249 4766 tur,
2279 4696 2420 4768 quod
2449 4698 2501 4750 in
2528 4696 2885 4751 Ecclesiarum
2914 4712 3045 4766 pace
3072 4697 3281 4753 dicatur
3306 4699 3628 4766 decessisse;
3651 4717 3713 4756 ac

466 4784 625 4839 αὐτοῦ
663 4788 1009 4859 κατακρίσεως
1038 4787 1311 4857 ἐλευθεροῖ⁹
1342 4787 1525 4856 μᾶλλον
1552 4791 1642 4845 μὲν
1671 4783 1756 4842 οὖν
1783 4786 1865 4843 διὰ
1891 4795 2041 4846 τοῦτο

466 4874 806 4942 καταδικάζει,
832 4876 911 4932 ὄτι
937 4882 1035 4942 ζῶν
1053 4878 1111 4932 ού
1136 4879 1461 4949 μετεμελήθη.

535 5146 653 5207 ὀτι
677 5148 731 5206 δέ
760 5150 808 5205 oi
833 5151 1073 5227 αίρετικοί
1102 5152 1147 5207 οί
1177 5153 1227 5208 ἐν
1252 5160 1314 5229 τῇ
1343 5156 1445 5225 ζωῇ
1484 5156 1646 5210 αὐτῶν
1675 5159 1744 5224 μή
1770 5154 2046 5225 μεταμελη-

469 5247 657 5312 θέντες,
682 5248 767 5301 καί
793 5248 919 5315 μετὰ
954 5248 1160 5302 θάνατον
1206 5249 1587 5323 κατεκρίθησαν,
1618 5248 1670 5301 ἐκ
1713 5248 1907 5301 πολλῶν
1943 5246 2049 5302 δεί-

471 5356 670 5395 κνυται⁶
696 5342 779 5393 καί
798 5341 1034 5409 Εύνόμιος
1056 5345 1181 5413 γὰρ,
1206 5342 1289 5394 καί
1310 5338 1664 5413 ’Δπολινάριος,
1690 5342 1775 5393 καί
1794 5341 2042 5404 Βόνωσος,

469 5433 555 5489 καί
595 5432 647 5488 ἐν
685 5438 793 5492 τοῖς
836 5433 1195 5505 ἀρχαιοτέροις
1222 5436 1426 5507 χρόνοις
1453 5432 1803 5496 Οὐαλεντίνος,
1829 5432 2050 5486 Βασιλεί-

472 5524 582 5587 δης,
636 5526 902 5600 Μαρκίων,
951 5528 1029 5578 καί
1071 5527 1320 5599 πείρινθος,
1370 5522 1635 5579 καί-ἄλλοι
1678 5525 1849 5579 πολλοὶ
1891 5527 1939 5578 ἐν
1983 5534 2045 5599 τῇ

473 5619 629 5689 οἰκείᾳ
655 5619 759 5689 ζωῇ
793 5620 862 5685 μή
890 5616 1374 5685 ἀναθεματισθέντες,
1404 5619 1534 5688 μετά
1571 5617 1776 5671 θάνατον
1822 5620 2048 5689 κατεκρί-

473 5710 651 5771 θησαν,
675 5710 759 5761 καί
779 5708 879 5762 ύπὸ
900 5714 992 5767 τῆς
1012 5707 1272 5767 καθολικῆς
1293 5708 1550 5767 ἐκκλησίας
1577 5710 2042 5778 διναθεματίζονται,

478 5795 645 5856 ἔπειδή
672 5798 721 5850 ἐν
749 5806 810 5871 τῇ
857 5799 1011 5871 οἰκείᾳ
1054 5798 1215 5871 πλάνῃ
1257 5798 1585 5856 ἐτελεύτησαν
1628 5800 1801 5872 ὥσπερ
1831 5800 1877 5856 oi
1908 5801 1958 5852 ἒν
1983 5808 2044 5874 τῇ

479 5887 581 5964 ἰδίᾳ
611 5892 714 5965 ζωῇ
743 5887 925 5952 ἀδίκως
953 5890 1347 5964 κατακριθέντες,
1388 5892 1514 5961 μετά
1559 5892 1771 5947 θάνατον
1816 5891 1916 5946 ύπὸ
1955 5900 2044 5952 τῆς

2144 4804 2329 4846 revera
2360 4802 2693 4857 nequaquam
2722 4787 2969 4841 interitus
3015 4787 3294 4844 hmreticos
3330 4804 3360 4843 a
3386 4790 3713 4845 condemna-

2147 4880 2307 4934 tionis
2328 4878 2549 4946 judicio,
2590 4877 2732 4947 quod
2756 4892 3008 4946 perversa
3043 4892 3229 4932 eorum
3271 4880 3586 4934 commerita
3632 4890 3715 4934 est

2146 4976 2402 5046 opinatio,
2436 4975 2646 5040 liberat,
2670 4975 2909 5044 quiuimo
2939 4977 3117 5044 potius
3142 4976 3227 5030 vel
3268 4977 3337 5031 ob
3383 4976 3489 5031 hoc
3514 4977 3716 5048 ipsum,

2147 5066 2288 5136 quod
2302 5066 2540 5119 viventes
2554 5080 2660 5119 non
2688 5064 3026 5133 resipueriut,
3053 5066 3249 5133 justius
3268 5065 3715 5121 condemnamur.

2218 5156 2397 5211 Multis
2418 5164 2593 5209 autem
2624 5154 2676 5208 id
2704 5154 2874 5223 ipsum
2904 5152 3211 5209 conﬁrmari
3231 5163 3409 5225 potest
3434 5156 3713 5225 exemplis,

2148 5245 2432 5299 hereticos
2454 5241 2719 5307 videlicet,
2743 5242 2835 5310 qui
2862 5242 2985 5296 dum
3025 5242 3287 5309 viverent,
3329 5244 3395 5297 ad
3432 5243 3715 5298 sanitatem

2148 5334 2352 5387 reversi
2378 5347 2484 5385 non
2513 5339 2656 5398 sunt,
2684 5339 2807 5399 post
2834 5339 3061 5385 mortem
3105 5331 3268 5388 fuisse
3307 5333 3713 5389 condemnatos.

2150 5424 2443 5478 Eunomius
2470 5423 2637 5487 enim,
2662 5429 2717 5475 et
2742 5421 3123 5491 Apollinarius,
3165 5431 3219 5476 et
3243 5423 3509 5489 Bonosus,
3539 5440 3603 5481 ac
3625 5442 3712 5480 su-

2149 5524 2443 5596 perioribus
2465 5521 2790 5591 temporibus
2811 5520 3142 5587 Valentinus,
3162 5522 3436 5589 Basilides,
3461 5524 3717 5595 Marcion,

2153 5624 2210 5671 et
2250 5615 2553 5675 Cerinthus,
2595 5612 2792 5681 aliique
2837 5613 3108 5681 permulti,
3153 5614 3242 5682 qui
3292 5616 3719 5675 auathematibus

2151 5707 2274 5760 dum
2301 5706 2563 5771 viverent,
2610 5703 2835 5771 subjecti
2891 5718 2997 5757 non
3047 5704 3277 5771 fuerant,
3324 5714 3448 5776 post
3489 5719 3720 5765 mortem

2151 5793 2383 5848 damnati
2410 5801 2550 5859 sunt,
2580 5799 2741 5862 atque
2769 5793 2835 5846 ab
2856 5790 3099 5848 Ecclesia
3124 5795 3386 5851 catholica
3408 5799 3716 5855 anathema-

2152 5886 2399 5947 tizantur,
2424 5892 2706 5953 propterea
2729 5882 2872 5953 quod
2900 5883 2953 5938 in
2978 5884 3088 5942 suis
3113 5887 3386 5945 erroribus
3411 5886 3515 5943 vita
3542 5886 3715 5948 ιωςιᾶ
