4148 6478
417 447 543 511 lﬂlll

1702 444 2143 510 JUSTINIANI
2185 444 2343 508 IMP.

3529 439 3667 507 1092

410 562 664 621 εαὸηλικῆς
720 562 979 620 Inlucia:
1026 559 1397 619 ἀνεκλήθησαν,
1444 558 1707 611 τουτέστιν
1755 555 1976 617 Ἰωάννης

2098 566 2227 622 ntnt,
2252 553 2699 624 quemadmodum
2727 564 2947 612 econtra
2997 557 3030 611 ii
3068 572 3156 626 qut
3200 566 3392 625 injuste
3432 555 3658 611 deum:-

408 654 487 704 ,εαί
508 652 792 715 Φλαυιανός,
824 653 869 704 οί
901 654 948 704 ἐν
972 650 1130 724 ἁγίοις
1162 651 1562 723 ἀρχιεπίσκοπςι
1594 663 1979 701 Κωνσταντινον·

410 745 616 802 πόλεως·
644 744 772 796 κατά
810 744 907 818 γὰρ
933 747 1022 800 τὴν
1063 743 1313 815 ὑμετέραν
1355 738 1548 793 ἔννοιαν
1581 744 1687 813 χρὴ
1716 743 1831 799 τοὺς
1857 741 1987 811 α’ρε-

412 835 571 893 (tum):
610 835 656 886 ἐν
691 842 753 907 τῇ
784 837 937 907 οἰκεία
966 835 1131 908 πλάνη
1156 838 1557 892 τελευτήσαντας
1587 832 1983 904 ἐλευθεροῦσθαί,

409 925 525 983 τοὺς
551 921 604 977 δὲ
632 922 932 997 ὀρθοδόξους
977 927 1095 985 τοὺς
1120 923 1301 983 ἀδίκως
1330 923 1740 998 κατακριθέντας,
1769 928 1839 991 μὴ
1865 922 1987 975 ἀνα-

409 1012 665 1066 καλεῖσθαι
687 1015 815 1085 μετὰ
836 1013 918 1069 τὸν
940 1015 1170 1069 θάνατον’
1196 1011 1319 1087 ὅπερ
1343 1014 1513 1074 πάσης
1533 1013 1771 1073 ἀσεϐείας
1796 1012 1986 1067 πεπλὴ-

409 1121 587 1157 οωταε.

479 1378 593 1435 Ὀτι
622 1378 674 1434 di
705 1380 1089 1437 ἐκκλησιαστική
1130 1379 1235 1433 ἔστι
1256 1377 1542 1451 παράδοσις
1566 1379 1686 1439 τοὺς
1710 1379 1992 1451 αίρετικοὺς

412 1474 492 1524 καί
520 1472 648 1541 μετὰ
690 1471 898 1523 θάνατον
930 1467 1369 1531 καταδικάζεσθαι,
1399 1471 1484 1521 καί
1522 1470 1990 1537 ἁναθεματίζεσθαι,

413 1562 618 1633 φανερόν
657 1561 745 1631 μὲν
775 1561 828 1612 ἔκ
870 1557 1065 1613 τούτων
1112 1560 1449 1626 ἐποιήσαμεν
1499 1557 1626 1616 πλὴν
1666 1557 1800 1629 ὅμως
1836 1564 1913 1613 γαί
1939 1561 1994 1612 ἐκ

415 1657 514 1703 τῶν
551 1648 822 1712 διατάξεων
864 1657 962 1702 τῶν
1007 1648 1158 1717 ἁγίων
1204 1648 1494 1702 ἀποστόλων
1531 1654 1683 1702 τοῦτο
1726 1646 1992 1703 δείκνυται⁸

415 1738 639 1808 λέγοντες
666 1743 764 1812 γὰρ
790 1742 1058 1811 προσ-ήκειν
1085 1738 1215 1809 ὑπὲρ
1246 1738 1583 1795 ἀναπαύσεως
1606 1742 1706 1787 τῶν
1732 1734 1995 1789 τελευτών-

420 1850 512 1880 των
551 1828 884 1898 ἐλεημοσύνας
911 1829 1250 1899 παρέχεσθαι,
1284 1825 1442 1883 οὕτως
1473 1823 1742 1896 ἐπάγουσι·
1777 1841 1795 1874 t
1824 1830 1996 1877 Ταῦτα

2088 648 2249 700 tinnis
2303 647 2444 715 passi
2497 646 2708 702 fuerant
2748 647 3035 716 judicium,
3078 648 3361 702 Flavianus
3410 649 3658 702 videlicet

2085 745 2245 804 atque
2273 736 2529 804 Joannes,
2578 738 2752 792 sancti
2799 737 3345 808 Constantinopoleos
3390 738 3659 806 archiepi-

2083 828 2256 896 scopi,
2279 838 2402 897 post
2428 837 2656 882 mortem
2685 836 2809 883 sunt
2853 828 2921 883 ab
2951 828 3064 898 ipsa
3111 829 3374 883 catholica
3416 827 3657 883 Ecclesia

2086 918 2338 972 restituti.
2368 918 2561 972 Vestro
2589 933 2749 988 porro
2774 918 2976 987 judicio
3003 919 3283 974 haereticos
3312 920 3401 987 qui
3433 921 3663 988 pmpriis

2088 1008 2409 1065 inhaerentes
2446 1008 2717 1063 erroribus
2755 1009 3098 1074 decesserint,
3140 1008 3486 1063 damnatione
3526 1009 3661 1062 lillt.‘-

2087 1099 2194 1152 rari
2233 1113 2369 1167 opus
2421 1107 2503 1155 est
2537 1114 2550 1151 :
2585 1099 2881 1153 catholicos
2924 1108 3104 1153 autem
3161 1098 3355 1167 injuste
3392 1097 3661 1167 judicatus

2088 1189 2309 1243 minime
2344 1196 2467 1258 post
2495 1197 2722 1242 mortem
2760 1190 3003 1244 revocari
3050 1188 3115 1243 ad
3155 1188 3409 1243 Ecclesia:
3452 1204 3661 1258 pacem,

2089 1283 2232 1352 quod
2254 1293 2451 1350 quanta
2482 1284 2696 1352 plenum
2725 1284 2793 1338 sit
2820 1284 3119 1354 iniquitate,
3152 1285 3239 1338 vix
3266 1284 3370 1340 dici
3396 1292 3589 1353 potest.

2162 1372 2366 1438 Quibus
2394 1374 2652 1442 exemplis
2684 1375 2963 1443 perspicue
3004 1373 3359 1439 ostendimus,
3407 1372 3663 1428 Eccle~im

2099 1476 2219 1516 esse
2268 1460 2558 1515 traditione
2621 1463 2883 1517 sancitum
2939 1462 3219 1517 hzereticos
3270 1472 3389 1531 post
3435 1472 3663 1515 mortem

2094 1567 2309 1620 quoque
2334 1550 2559 1620 judicari
2588 1567 2777 1621 posse,
2822 1563 2983 1620 atque
3009 1552 3440 1606 anathematibus
3469 1551 3667 1606 conde-

2096 1643 2287 1697 mnari.
2329 1641 2594 1697 Caeterum
2627 1644 2846 1697 ulterius
2874 1642 3050 1697 adhuc
3077 1644 3303 1712 idipsum
3353 1658 3421 1697 ex
3462 1653 3667 1697 sancto-

2097 1750 2213 1788 rum
2283 1735 2649 1803 apostolorum
2711 1733 3193 1790 Constitutionibus
3269 1734 3669 1789 demonstratur

2098 1823 2361 1878 validius:
2410 1839 2518 1892 quo
2552 1840 2782 1893 namque
2823 1824 2927 1879 loci
2967 1824 3299 1879 constituunt
3343 1825 3501 1877 utiles
3550 1839 3671 1877 esse

415 1916 468 1971 δέ
492 1924 607 1990 περί
628 1925 727 1972 τῶν
750 1919 971 1971 εὐσεέῶν
992 1919 1214 1989 λέγομεν
1242 1919 1357 1992 περί
1382 1914 1435 1969 δέ
1457 1923 1557 1969 τῶν
1582 1916 1799 1976 ἀσεϐῶν,
1830 1913 1911 1969 ἐὰν
1931 1919 1995 1970 τὰ

2104 1932 2198 1985 pro
2247 1924 2579 1970 mortuorum
2625 1917 2811 1985 requie
2860 1917 3319 1987 eleemosynarutu
3349 1915 3668 1976 oblationes,

414 2016 501 2058 τοῦ
548 2005 739 2073 κόσμου
789 2004 859 2072 δῷ
902 2009 1137 2068 πένησιν,
1187 2003 1328 2059 οὐδὲν
1377 2004 1544 2062 ὀνήσει
1590 2004 1764 2058 αὐτόν’
1892 2006 1993 2079 γὰρ

416 2096 635 2165 περιίντι
684 2097 897 2150 ἕνα-,τίον
939 2092 998 2153 ἦν
1044 2095 1101 2148 τὸ
1151 2097 1298 2157 θεῖον,
1350 2092 1494 2151 δῆλον
1535 2090 1612 2148 ὅτι
1663 2096 1996 2165 καίςμετασ-

416 2186 576 2239 τάντι.
618 2202 635 2235 ε
684 2183 863 2239 Ὀπότε
910 2190 1071 2238 τοίνυν
1121 2185 1165 2236 ei
1217 2183 1495 2237 ἀπόστολοι
1546 2186 1664 2258 περὶ
1704 2189 1803 2236 τῶν
1850 2186 1995 2236 εὐσε-

416 2277 518 2332 ϐῶν
558 2276 690 2331 οὕτω
720 2274 1069 2340 διετύπωσαν,
1108 2280 1187 2334 τίς
1218 2273 1349 2328 εἴποι
1389 2281 1580 2351 χρῆναι
1623 2275 1751 2339 μετὰ
1786 2275 1997 2328 θάνατον

416 2392 535 2428 του,-
565 2369 880 2443 αίρετικούς,
921 2368 950 2427 ἦ
988 2370 1135 2424 orbein
1168 2365 1394 2438 μάλιστα
1437 2367 1693 2441 Θεόδωρον
1718 2377 1809 2429 τῆς
1836 2390 1995 2425 κατα·

420 2464 629 2532 κρίσεως
666 2466 759 2515 τοῦ
788 2462 1100 2531 ἆναθίματος
1131 2462 1529 2537 ἐλευθεροῦσθαί,
1560 2459 1614 2514 ὅν
1640 2484 1751 2515 τινα
1791 2463 1835 2516 οἱ
1865 2461 1999 2534 ἅγιοι

422 2552 635 2624 πατέρες
666 2552 731 2610 ὡς
762 2553 972 2621 χείρονα
1013 2549 1289 2611 Ἰουδαίων,
1324 2554 1410 2605 καί
1436 2551 1704 2615 Ἑλλήνων,
1742 2555 1824 2605 καί
1853 2550 1996 2606 Σοδο-

421 2648 611 2709 μιτῶν,
640 2644 725 2695 καὶ
750 2642 953 2696 πάντων
980 2650 1081 2695 τῶν
1108 2642 1368 2717 αίρετικῶν
1393 2642 1821 2713 βλασφημήσαντα
1839 2682 1853 2707 ,
1881 2643 1998 2695 τού-

427 2750 529 2791 τοις
545 2731 958 2804 σννηρὶθμησαν,
992 2734 1078 2785 καί
1109 2732 1237 2803 μιτᾶ
1254 2739 1346 2793 τῆς
1387 2734 1546 2786 αὐτοῦ
1584 2732 1824 2794 ἀσεϐείας
1849 2734 1997 2789 κατά-

422 2833 618 2889 qum“,

2100 2008 2179 2061 sic
2207 2015 2625 2075 prosequuntur:
2646 2025 2663 2057 ι
2690 2005 2747 2059 ld
2777 2014 2956 2060 autem
2985 2006 3052 2060 de
3080 2006 3183 2075 piis
3206 2005 3510 2060 hominibus
3537 2004 3672 2057 dici-

2100 2110 2255 2149 mus:
2303 2095 2371 2148 de
2399 2091 2743 2162 it'upiis‘enim
2788 2094 2997 2147 etiamsi
3044 2094 3293 2147 universa
3343 2091 3527 2146 utundi
3555 2093 3672 2146 sul)-

2100 2183 2295 2238 stantia
2324 2197 2422 2252 pro
2452 2181 2581 2251 ipsis
2610 2182 2931 2252 pauperibus
2955 2182 3394 2247 distribueretur,
3444 2199 3552 2236 non
3596 2183 3673 2237 eis

2101 2274 2389 2344 quidquam
2418 2272 2699 2344 proderit:
2750 2273 2837 2327 cui
2866 2273 3009 2326 enim
3035 2273 3310 2341 superstiti
3354 2274 3530 2328 divina
3577 2272 3673 2325 ad-

2102 2363 2475 2427 versabantur,
2507 2368 2712 2416 certum
2737 2369 2821 2415 est
2859 2362 3019 2416 etiam
3050 2370 3232 2416 amoto
3261 2377 3367 2416 non
3396 2376 3515 2416 esse
3547 2376 3673 2431 prn-

2102 2454 2297 2507 futura.
2328 2472 2347 2504 »
2394 2452 2666 2521 Apostolis
2708 2452 2872 2520 igitur
2900 2453 3003 2506 hoc
3045 2453 3209 2507 modo
3234 2453 3377 2507 circa
3409 2454 3550 2521 pios,
3585 2453 3673 2520 qui

2100 2542 2431 2598 decesserint
2453 2544 2723 2607 homines,
2752 2539 3149 2606 deﬁnientibus,
3173 2543 3293 2611 quis
3323 2552 3561 2598 statuere
3581 2557 3673 2596 au-

2100 2636 2245 2699 deat,
2270 2635 2550 2689 haereticos
2570 2643 2692 2704 post
2720 2642 2970 2699 mortem,
2999 2635 3333 2704 potissimum
3358 2649 3487 2688 vero
3510 2633 3668 2687 Then-

2101 2730 2289 2785 dorum
2311 2731 2504 2798 ipsum,
2534 2745 2563 2783 a
2586 2730 3033 2785 condemnatione
3048 2729 3247 2783 liberos
3267 2743 3386 2783 esse
3404 2736 3674 2799 oportere,

2101 2834 2263 2887 quem
2284 2820 2457 2874 sancti
2487 2818 2695 2886 Patres,
2719 2818 2885 2873 veluti
2913 2817 3130 2874 Judecis.
3161 2817 3360 2873 Crtecis
3386 2827 3548 2877 atque
3570 2814 3673 2872 So-

421 2907 635 2962 domitis
648 2907 880 2964 deterius
902 2909 1380 2980 blasphemantem,
1408 2910 1535 2981 ipsis
1556 2920 2027 2977 conuulnerarunt,
2072 2920 2234 2978 atque
2260 2926 2365 2964 una
2388 2925 2509 2965 eum
2540 2910 2817 2979 impietate
2841 2926 2937 2965 sua
2966 2903 3498 2965 condemnaveruut?

486 2994 601 3054 ὀτι
625 2996 677 3053 δέ
699 3003 780 3053 καί
811 3001 937 3070 μετά
972 3002 1179 3054 θάνατον
1217 3004 1335 3061 τούς
1370 3004 1683 3075 αίρετικοὺς,
1718 3007 1786 3064 ὡς
1821 3006 1998 3078 προεί-

423 3108 574 3157 πομεν
594 3090 1047 3158 ἀναθεματίζισθαι
1081 3088 1162 3144 δεῖ
1175 3130 1189 3152 ,
1224 3094 1307 3145 καί
1333 3090 1357 3144 ὁ
1388 3092 1435 3144 ἐν
1472 3092 1631 3162 ἁγίοις
1662 3094 1999 3163 Αὐγουστῐνος

422 3177 698 3239 ἕπίσκοπος
726 3181 779 3233 ἔκ
818 3188 911 3240 τῆς
947 3186 1045 3234 τῶν
1082 3178 1269 3253 ’Δφρῶν
1302 3184 1482 3254 χώρας
1532 3183 1664 3236 οὕτω
1702 3185 1831 3257 λέγει
1860 3186 1909 3238 ἒν
1935 3193 1997 3258 τῇ

2173 2998 2438 3054 Czeterum
2466 3000 2746 3056 haereticos
2773 3010 2894 3070 post
2917 3011 3143 3055 mortem
3170 3015 3405 3070 quoque,
3436 3009 3495 3053 ut
3512 3015 3673 3069 supe~

2101 3108 2212 3147 rtus
2256 3092 2647 3157 constituimus,
2695 3107 2813 3147 esse
2853 3091 3209 3158 damnandos,
3253 3101 3471 3146 sanctus
3510 3094 3673 3146 etiam

2100 3183 2426 3253 Augustinus
2468 3182 2732 3238 Africana:
2767 3183 3048 3251 cujusdam
3092 3183 3239 3238 urbis
3286 3184 3571 3253 episc0ptts
3620 3185 3673 3237 in

423 3270 655 3342 ἔπιστολῇ
693 3277 755 3345 τῇ
786 3272 917 3345 πρὸς
955 3273 1227 3341 Βονιφάτιον
1261 3274 1603 3347 γεγραμμένη’
1641 3292 1658 3323 t
1687 3272 1863 3328 Ὀπὸτε
1908 3271 1997 3327 κᾶν

2100 3273 2325 3342 epistola
2351 3273 2419 3327 ad
2440 3271 2770 3327 Bonifacium
2800 3273 3000 3328 diserte
3028 3274 3190 3327 tradit
3216 3293 3228 3326 :
3265 3293 3283 3325 ι
3303 3273 3577 3341 Quamvis,
3603 3274 3672 3326 in.

423 3361 571 3418 ἆληθῆ
682 3360 891 3416 δυνατὸν
934 3360 1197 3430 δειχθῆναι
1235 3366 1299 3417 τὰ
1338 3362 1657 3437 παράὐτῶν
1685 3366 1998 3421 ἆντιτεθέντα

424 3451 639 3506 κεκιλιαν
656 3462 712 3519 ἶ»,
752 3456 835 3506 καί
860 3454 1009 3524 ὑμῖν,
1037 3458 1121 3508 καί
1148 3456 1460 3510 ἀποθανόντα
1494 3452 1551 3510 ἂν
1580 3459 1732 3512 αὐτὸν
1764 3460 1999 3530 ἀναθεμα·

430 3543 640 3612 είζομεν·
670 3541 774 3595 ἀλλ’
802 3541 935 3615 ὅμως
956 3549 1045 3603 τήν
1072 3550 1164 3599 τοῦ
1188 3554 1409 3618 Χριστοῦ
1434 3548 1721 3612 ἐκκλησίαν,
1764 3551 1797 3607 ἦ
1824 3565 1902 3608 τι(
1939 3554 1996 3605 οὐ

426 3640 543 3690 ταῖς
579 3631 923 3701 ίμφιλονείκοις
948 3632 978 3687 δ
1007 3635 1114 3697 Em;
1138 3636 1528 3703 μεταϐάλλεται,
1563 3638 1686 3693 ἀλλὰ
1714 3648 1823 3699 ταῖς
1845 3641 1999 3701 θείαις

428 3724 730 3790 μαρτυρίαις
752 3722 1079 3791 βεϐαιοῦται,
1111 3722 1174 3778 δι’
1202 3722 1298 3779 οἷον
1327 3724 1509 3784 δήποτε
1538 3725 1799 3803 ἄνθρωπον
1843 3746 1997 3786 κατα-

427 3814 611 3865 λείπειν
631 3814 721 3865 οὺκ
742 3813 1006 3882 ὀφείλομεν.
1040 3832 1059 3865 ε

502 3905 599 3955 Καί
634 3908 799 3957 ταῦτα
846 3908 935 3973 μέν
978 3904 1004 3959 ό
1046 3907 1095 3959 ἕν
1138 3906 1295 3980 ἁγίοις
1334 3910 1683 3982 Δὺγουστῖνος.
1722 3910 1897 3985 Ὀμως
1940 3916 2000 3969 οὗ

429 3992 570 4062 μόνον
609 3996 727 4054 τοὺς
769 3996 839 4055 είς
883 3998 1054 4051 πίστιν
1105 3997 1484 4073 ἁμαρτάνοντας
1540 4004 1669 4072 μετά
1708 4005 1915 4059 θάνατον
1957 4006 2001 4059 oi

430 4081 562 4153 ἅγιοι
597 4086 816 4157 πατέρες
853 4086 1328 4151 ἁναθεματίζουσιν,
1361 4090 1482 4143 ἀλλὰ
1527 4094 1755 4151 καὶτοὺς
1798 4093 2002 4147 ἐπισκό-

431 4194 577 4238 πους,
598 4177 721 4234 τοὺς
749 4177 799 4229 ἐν
835 4184 898 4250 τῇ
918 4177 1178 4252 τελευταίᾳ
1222 4181 1381 4233 αὐτῶν
1409 4181 1674 4251 βουλήσει,
1719 4184 1749 4242 ἦ
1784 4186 1835 4248 ἐξ
1858 4183 2003 4239 ἀδια-

430 4264 567 4317 οὲτου
600 4264 874 4333 αίρετικοῐε⁹
901 4270 1223 4338 συγγενέσιν,
1264 4268 1293 4327 ἦ
1322 4272 1569 4334 ίξωτικοῖς
1609 4274 2003 4343 καταλιμπάνον-

438 4373 541 4411 τας.
572 4362 671 4413 Τῆς
703 4357 802 4438 γὰρ
847 4358 894 4408 ὶν
932 4353 1131 4432 ’Δφρικῇ
1175 4357 1392 4413 συνόδου
1438 4360 1762 4432 ὀγδοηκοστὸς
1800 4375 2000 4440 πρῶτος

432 4447 583 4497 κανὼν
603 4443 735 4499 οὕτω
758 4446 886 4518 λέγει
909 4462 925 4478 ⁸
955 4463 973 4497 t
1000 4448 1141 4501 Πάλιν
1171 4449 1382 4523 ὡρίσθη,
1414 4450 1463 4505 εἴ
1488 4474 1566 4512 τις
1591 4456 1861 4517 ἐπίσκοπος
1889 4456 2003 4516 κλη-

434 4534 673 4603 ρονόμους
700 4536 967 4599 ὶξωτικοὺς
1002 4546 1093 4598 τῆς
1134 4537 1263 4599 ἰδίας
1294 4547 1615 4614 cur/twice,
1645 4543 1674 4603 ἧ
1702 4547 1999 4621 αίρετικούς,

434 4621 524 4678 κᾶν
566 4624 723 4686 ἰδίους
749 4636 1038 4700 συγγενεῖς.
1066 4629 1096 4688 ἢ
1123 4628 1356 4692 Ἐλληνας
1376 4641 1677 4708 προτιμήσει
1710 4647 1801 4697 τῆς
1829 4640 1999 4698 ίκκλη-
2030 4673 2077 4732 D

435 4718 581 4779 σίας,
620 4719 703 4769 καί
730 4721 857 4785 μετά
895 4719 1102 4774 θάνατον
1141 4722 1601 4794 ἀναθεματιζέσθω,
1640 4733 1723 4782 καί
1750 4730 1805 4783 τὸ
1845 4728 1998 4803 ὄνομα

436 4808 588 4859 αὐτοῦ
615 4808 802 4875 μεταξὺ
831 4816 929 4862 τῶν
973 4818 1063 4864 τοῦ
1093 4817 1218 4865 Θεοῦ
1261 4813 1428 4887 ίερίων
1459 4821 1527 4886 μή
1565 4820 1999 4890 ἀναγινωσγέσθω,

438 4900 517 4949 καί
543 4896 651 4952 οὐδὲ
679 4900 946 4971 ἐξαιρεῖται
966 4910 1057 4962 τῆς
1083 4908 1444 4979 κατακρίσεως,
1480 4912 1524 4963 εί
1549 4909 1809 4974 ἀδιάθετος
1833 4915 2001 4969 τελευ-

437 4992 598 5045 τήσειο
627 4989 797 5049 ἐπειδή
825 4992 983 5064 ἐχρῆν
1014 4996 1162 5049 αὐτὸν
1186 4997 1458 5052 ἐπίσκοπον
1483 5002 1732 5071 γενόμενον
1758 5002 2002 5074 μηδαμῶς

438 5078 776 5134 ἀναϐαλέσθαι
802 5087 891 5140 τήν
929 5091 1020 5143 τῆς
1059 5082 1186 5146 ἰδίας
1226 5088 1403 5149 οὐσίας
1448 5088 1713 5152 διοίκησιν,
1759 5093 2002 5168 ἁρμοδία)

439 5178 509 5238 τῷ
528 5173 691 5240 οἰκείῳ
708 5172 1064 5245 ἱπαγγέλματι.
1097 5195 1115 5226 ε
1142 5181 1196 5230 Εἰ
1220 5182 1400 5242 τοίνυν,
1428 5185 1588 5242 καθὼς
1611 5182 1635 5235 ό
1658 5184 2003 5243 ἐκκλησιαστι-

440 5261 523 5318 κός
549 5261 702 5333 ὥρισε
731 5267 910 5329 κανὼν,
942 5265 1073 5339 ὑπὲρ
1102 5264 1232 5326 ἰδίας
1261 5268 1306 5320 οί
1328 5268 1586 5323 ἐπίσκοποι
1614 5276 1909 5343 περιουσίας
1935 5280 2003 5343 μὴ

442 5349 598 5422 ὀρθῶς
636 5350 987 5415 διοικηθείσηςς
1020 5358 1107 5409 καί
1139 5359 1266 5425 μετὰ
1303 5358 1508 5413 θάνατον
1540 5362 2001 5431 ὰναθεματίζονται,

443 5440 584 5509 πόσῳ
616 5441 798 5509 μᾶλλον
836 5444 1271 5514 ἁναθεματίζεσθαε
1310 5447 1510 5518 ὤφειλον
1551 5451 1597 5502 oi
1624 5453 1694 5510 είς
1736 5454 1884 5506 αὐτὸν
1918 5455 2004 5507 τὸν

443 5529 558 5583 Θεὸν
586 5528 985 5604 ἁμαρτάνοντες,
1024 5541 1113 5593 τῆς
1142 5532 1287 5603 ἁγίας
1319 5544 1514 5611 γραφῆς
1553 5538 1813 5610 λεγούσης,
1846 5557 1863 5591 t
1895 5545 2004 5595 Ἐάν

444 5614 698 5691 ἅνθρωπος
726 5622 794 5682 εἰς
834 5619 1092 5697 ἄνθρωπον
1129 5624 1357 5699 ἁμάρτῃ,
1387 5631 1469 5682 καί
1494 5627 1857 5700 προσεύξονται
1884 5634 2002 5706 περί

446 5711 631 5761 αὐτοῦ’
661 5712 704 5765 εἰ
735 5709 789 5767 δέ
816 5714 885 5773 εἰς
912 5713 1036 5768 Θεὸν
1061 5734 1137 5776 τις
1167 5714 1387 5789 ἁμάρτῃ,
1417 5719 1495 5777 τίς
1522 5722 1852 5783 προσεύξεται
1887 5725 2002 5796 περὶ

448 5822 599 5856 αυτου
618 5818 634 5863 ;

2099 3366 2232 3434 quit,
2265 3374 2319 3419 et
2343 3364 2388 3419 si
2411 3379 2537 3420 vera
2568 3372 2747 3419 essent
2772 3379 2892 3432 qum
2919 3364 2986 3418 ab
3014 3364 3093 3419 eis
3122 3363 3330 3431 objecta
3359 3374 3491 3417 sunt
3506 3364 3672 3417 Caeci-

2099 3455 2241 3510 liano
2271 3464 2326 3509 et
2352 3455 2505 3510 nobis
2546 3462 2768 3524 possent
2811 3452 3101 3521 aliquando
3151 3456 3458 3519 monstrari,
3500 3453 3672 3520 ipsum

2093 3548 2204 3616 jam
2232 3556 2499 3601 mortuum
2529 3546 3103 3600 anathematizaremus
3128 3561 3142 3609 ;
3170 3544 3261 3598 sed
3284 3553 3458 3598 tamen
3485 3542 3672 3598 Eccle-

2098 3638 2230 3694 siam
2258 3638 2476 3705 Christi,
2498 3653 2617 3707 qute
2639 3653 2745 3690 non
2788 3637 3035 3703 litigiosis
3063 3637 3404 3704 opinionibus
3436 3636 3672 3705 fingitur,

2100 3728 2197 3784 sed
2251 3729 2444 3783 divinis
2495 3727 2929 3782 attestationibus
2982 3727 3397 3796 comprobatur,
3454 3739 3673 3798 propter

2101 3819 2394 3889 quemlibet
2423 3819 2694 3873 hominem
2726 3818 3031 3886 relinquere
3058 3818 3275 3871 minime
3303 3818 3578 3874 debemus.
3613 3838 3630 3869 ι

2173 3909 2297 3964 llxec
2326 3910 2671 3978 Augustinus.
2722 3908 2978 3963 Similiter
3003 3919 3179 3964 autem
3213 3925 3319 3963 non
3349 3910 3509 3965 modo
3553 3927 3670 3980 per~

2102 4000 2336 4064 multos,
2384 4000 2475 4066 qui
2523 3999 2779 4053 adversus
2828 3998 2984 4053 tidem
3034 3988 3380 4066 erraveran’t,
3432 4010 3673 4056 mortuos

2102 4090 2572 4144 anathematizavit
2599 4088 2836 4144 Ecclesia
2887 4098 2943 4143 et
2987 4089 3156 4143 sancti
3188 4088 3394 4154 Patres,
3445 4091 3536 4146 sed
3569 4092 3672 4160 epi-

2100 4196 2294 4250 scopos
2317 4181 2477 4234 etiam
2505 4179 2594 4246 qui
2624 4178 2706 4232 vel
2736 4180 2789 4232 in
2821 4179 3005 4232 ultima
3032 4194 3126 4232 sua
3156 4178 3451 4243 voluntate,
3490 4178 3574 4233 vel
3604 4180 3671 4232 ah

2101 4272 2353 4326 intestato
2382 4269 2650 4323 haereticis
2696 4268 3124 4336 consanguineis,
3174 4269 3258 4321 vel
3298 4269 3461 4322 etiam
3492 4278 3674 4322 extra.

2102 4363 2216 4416 neis
2244 4375 2335 4415 sua
2366 4361 2505 4413 bona
2537 4360 2892 4428 reliquissent.
2934 4357 3335 4427 Octuagesimus
3380 4362 3522 4413 enim
3564 4362 3673 4429 pri-

2101 4471 2220 4509 mus
2248 4454 2507 4509 Africanae
2535 4454 2723 4525 synodi
2752 4470 2925 4509 canon
2958 4454 3069 4517 haec
3096 4454 3258 4509 habet
3284 4474 3296 4509 :
3338 4475 3356 4507 t
3382 4456 3514 4511 ltetn
3543 4472 3675 4510 con-

2104 4548 2344 4603 stitutum
2373 4554 2477 4613 est,
2508 4553 2567 4598 ut
2596 4546 2640 4599 si
2669 4547 2789 4615 quis
2810 4546 3094 4616 episcopus
3121 4545 3357 4602 hmredes
3384 4558 3673 4603 extraneos

2102 4652 2132 4690 a
2160 4635 2623 4703 consanguinitate
2662 4650 2777 4700 sua,
2828 4637 2912 4689 vel
2954 4636 3236 4691 haereticos
3262 4638 3422 4691 etiam
3454 4655 3675 4694 consau-

2064 4726 2070 4752 ί
2102 4728 2344 4797 guiueos,
2378 4734 2470 4781 aut
2495 4742 2730 4796 paganos
2758 4726 3013 4783 Ecclesia:
3029 4728 3341 4799 przetulerit,
3370 4732 3530 4783 etiam
3554 4743 3673 4800 post

2104 4827 2331 4871 mortem
2381 4818 2431 4872 ei
2477 4818 2685 4872 dicatur
2713 4819 3027 4885 anathema,
3079 4828 3135 4874 et
3163 4835 3356 4875 nomen
3387 4821 3503 4888 ejus
3532 4823 3670 4876 inter

2104 4907 2413 4963 sacerdotes
2443 4906 2534 4961 Dei
2578 4922 2684 4961 non
2732 4918 3108 4977 computetur;
3161 4925 3261 4964 nec
3310 4913 3673 4966 excusationis

2105 4996 2181 5051 illi
2210 4996 2357 5051 locus
2384 4998 2471 5063 sit,
2499 4996 2641 5066 quod
2670 4998 2949 5053 intestatus
2976 4999 3302 5053 decesserit:
3335 5000 3459 5068 quia
3491 5003 3673 5070 utique

2106 5085 2290 5139 debuit
2316 5084 2486 5141 factus
2508 5088 2811 5156 episcopus,
2861 5088 2941 5142 rei
2979 5104 3088 5143 sua:
3118 5089 3513 5145 ordinationem
3543 5108 3673 5147 con-

2104 5188 2288 5243 gruant
2318 5191 2427 5229 suae
2454 5175 2772 5244 professioni
2810 5192 3145 5247 nequaquam
3195 5179 3246 5233 in
3288 5180 3429 5233 aliud
3464 5189 3675 5251 tempus

2104 5265 2338 5318 differre.
2384 5285 2402 5317 ε
2447 5265 2503 5321 Si
2552 5267 2749 5336 itaque,
2803 5268 3254 5337 quemadmodum
3305 5271 3674 5329 ecclesiastico

2104 5367 2172 5407 eo
2200 5369 2408 5409 canone
2446 5355 2723 5410 definitum
2752 5366 2853 5421 est,
2896 5368 3019 5429 post
3046 5369 3274 5414 mortem
3304 5377 3518 5432 quoque
3545 5380 3675 5420 ana-

2109 5444 2345 5500 themate
2376 5446 2638 5500 feriuntur
2653 5447 2972 5520 episc0piob
2985 5448 3197 5503 divitias
3231 5452 3373 5521 ipsas
3414 5454 3557 5509 haud
3588 5472 3673 5511 re-

2104 5542 2192 5588 cte
2248 5535 2589 5601 distributas,
2651 5546 2854 5605 quanto
2885 5539 3077 5607 justius
3124 5547 3672 5603 excommunicationi

2108 5623 2419 5693 subjiciendi
2447 5635 2603 5681 erunt
2631 5628 2721 5695 qui
2765 5628 2817 5680 in
2856 5627 3022 5682 Deum
3070 5630 3243 5699 ipsum
3290 5647 3669 5703 peccaverunt,

2107 5718 2320 5775 dicente
2346 5720 2622 5791 Scriptura
2650 5738 2662 5772 :
2714 5720 2776 5776 Si
2812 5722 2962 5776 homo
3002 5724 3054 5776 in
3083 5724 3338 5779 hominem
3365 5743 3667 5796 peccat-em,

2106 5813 2203 5864 erit
2226 5812 2309 5879 qui
2341 5828 2432 5880 pro
2460 5814 2570 5880 ipso
2600 5822 2747 5878 oret;
2799 5814 2842 5867 εί
2887 5822 3053 5869 autem
3093 5816 3147 5869 in
3188 5814 3353 5871 Deum
3380 5819 3670 5893 deliquerit,

2106 5904 2221 5971 quis
2246 5904 2409 5956 orabit
2431 5919 2526 5975 pro
2554 5919 2611 5957 eo
2634 5903 2658 5957 1’
