4148 6484
507 448 643 511 1003

1249 432 1612 495 EPISTOLA
1654 436 2050 498 ADVERSUS
2089 439 2567 499 TIIEODORUM
2610 440 3023 503 MOPSUEST.

3608 463 3743 526 109i

555 558 921 624 ’Δκοδείξαντις
975 561 1029 616 δὲ
1092 560 1171 618 ὅτι
1219 566 1271 619 ὲν
1331 573 1439 624 τοῖς
1494 563 1811 637 προλαϐοῦσι
1858 564 2043 637 χρόνοιί

2235 568 2366 621 Cum
2397 580 2573 624 autem
2597 572 2997 629 ostenderimus
3026 575 3183 631 fuisse
3212 580 3492 647 praeteritis
3524 590 3609 635 ten
3634 598 3731 651 po-

489 650 676 728 ὖρίσθη
694 654 836 727 παρά
861 660 959 707 τῶν
988 653 1142 725 ἁγίων
1171 656 1406 729 πατέρων
1438 665 1627 731 χρῆναι
1656 658 1739 709 καί
1759 659 1886 726 μετὰ
1906 655 2062 711 θοίνα·

491 764 573 799 τον
592 746 1028 816 ἀναθεματίζεσθαι
1052 748 1169 806 τοὺς
1208 745 1305 801 εἴτε
1336 752 1408 807 εἰς
1432 752 1631 814 πίστιν,
1660 745 1759 803 εἴτε
1797 750 1868 808 είς
1912 750 2062 802 κανὸο

489 856 574 895 ρας
599 835 1022 906 ἁμαρτήσαντας,
1054 837 1324 906 ἀναγκαῖον
1353 833 1474 891 εἶναι
1499 837 1786 907 συνείδομεν
1816 840 1899 892 καί
1922 842 1987 893 τὰ
2015 840 2062 892 ἐν

485 934 587 985 τοῖς
624 927 883 1000 ἡμετέροις
913 926 1119 999 χρόνοις
1148 926 1387 998 γενόμενα
1429 933 1563 982 πᾶσι
1592 926 1714 985 δῆλα
1741 937 2062 986 καταστῆσαι

486 1019 612 1089 πρὶς
639 1018 891 1091 ἀναίρεσιν
918 1018 1086 1076 πάσης
1113 1018 1339 1091 ἀφορμῆς
1362 1024 1459 1072 τῶν
1487 1021 1605 1077 τοὺς
1631 1026 1897 1092 προφανιῐς
1923 1020 2061 1092 αἱρε-

485 1108 672 1167 τικοὺς,
692 1108 775 1159 καί
795 1111 886 1164 τήν
906 1110 1098 1161 τούτων
1121 1107 1361 1161 ἀσέξειαν
1386 1105 1728 1161 ἀδικούντων.
1756 1109 2056 1181 Λαυρέντου

486 1198 580 1269 γὰρ
602 1235 616 1257 ,
660 1199 740 1249 καί
768 1199 1058 1271 Διὸσκορον,
1102 1200 1222 1257 τοὺς
1252 1199 1298 1250 ἐν
1325 1196 1575 1273 διαφόροις
1604 1198 1809 1272 χρόνοις
1841 1205 1928 1258 τήν
1962 1207 2053 1255 τοῦ

484 1286 811 1341 ἁποστολικοῢ
839 1286 1016 1361 θρόνου
1047 1289 1322 1360 ἱερωσύνην
1348 1287 1779 1362 ὑφαρπάσαντας,
1810 1293 1853 1345 εί
1879 1296 1960 1346 καὶ
1984 1299 2053 1361 μή

484 1376 553 1431 εἰ·
591 1377 762 1429 πίστιν
803 1376 1057 1448 ἥμαρτον,
1100 1378 1205 1431 ἀλλ’
1246 1372 1330 1430 οὖν
1371 1376 1542 1436 ἐπειδή
1588 1382 1717 1433 κατά
1750 1379 2053 1455 περιδρομὴν

483 1461 809 1517 ἐσπούδασαν
834 1473 925 1525 τῆς
955 1468 1234 1526 ἐπισκοπῆς
1260 1466 1579 1521 ἐπιλαϐέσθαι
1598 1508 1613 1532 ,
1642 1470 1769 1535 μετά
1793 1470 1998 1525 θάνατον
2026 1471 2050 1525 ὁ

484 1552 810 1614 διποστολικὸς
834 1555 1004 1629 θρόνος
1032 1558 1297 1629 κατέκρινε,
1326 1559 1410 1609 καὶ
1434 1557 1799 1622 ἀνεθεμάτισαν.

2168 658 2314 713 ribus
2344 675 2373 712 a
2404 663 2602 715 sanctis
2630 661 2878 717 Ecclesiae
2902 664 3146 721 Patribus
3170 669 3285 735 lege
3306 672 3587 741 sancitum,
3611 684 3735 743 post

2169 762 2395 806 mortem
2427 754 2607 819 etiam,
2651 771 2744 810 eos
2770 758 2860 825 qui
2888 758 2974 812 vel
3003 768 3189 814 contra
3231 761 3405 827 tidem,
3440 763 3523 818 vel
3550 765 3733 820 adver'

2167 854 2255 894 sus
2268 839 2516 898 Eccécsia:
2534 859 2770 900 canones
2790 848 3101 913 erraverint,
3119 851 3551 908 anathematizari
3572 870 3732 923 opor-

2170 941 2283 987 tere
2309 952 2320 986 :
2362 937 2722 990 necessarium
2752 939 2952 1007 pariter
2980 955 3097 994 esse
3125 943 3474 1011 prospicimus
3500 959 3563 999 ea
3592 960 3731 1012 quo—

2166 1035 2270 1087 que
2298 1038 2416 1090 qua}
2446 1034 2627 1078 nostra
2671 1027 2772 1079 hac
2816 1035 2975 1081 aetate
3009 1027 3149 1082 facta
3199 1039 3324 1083 sunt
3349 1032 3596 1087 omnibus
3627 1050 3730 1085 nta-

2160 1112 2351 1164 nil‘esta
2398 1114 2746 1178 constituere,
2802 1122 2859 1168 ut
2902 1116 3075 1170 omnis
3103 1117 3321 1171 tollatur
3348 1120 3724 1179 contradictio,

2158 1218 2275 1268 qua:
2303 1217 2332 1255 a
2362 1201 2707 1271 profanorum
2738 1205 3130 1269 haereticorum,
3164 1207 3506 1276 ipsorumque
3536 1210 3727 1278 impie-

2161 1290 2283 1343 tatis
2325 1291 2814 1359 patrocinatoribus
2861 1294 3030 1362 possit
3082 1294 3328 1348 excitari.
3382 1295 3727 1353 Laurentium

2160 1392 2391 1445 uallique
2431 1388 2484 1431 ct
2516 1373 2846 1446 Dioscorum,
2869 1381 2961 1449 qui
2989 1382 3212 1437 diversis
3241 1386 3567 1452 temporibus
3589 1402 3725 1455 apo-

2156 1467 2330 1521 stolici
2372 1469 2550 1522 throni
2596 1464 2935 1524 sanctitatem
2984 1472 3378 1541 subripuerant,
3426 1490 3726 1544 quanquam

2156 1557 2287 1609 nihil
2316 1555 2368 1609 in
2403 1555 2503 1611 title
2528 1568 2857 1626 peccassent,
2883 1561 2952 1614 ob
2984 1561 3210 1630 idipsum
3235 1572 3436 1631 tamen,
3459 1566 3603 1633 quod
3629 1584 3725 1635 per

2157 1649 2409 1715 ambages
2435 1647 2801 1719 episcopatum
2830 1652 3100 1720 suscipere
3129 1654 3308 1707 conati
3340 1654 3581 1721 fuerant,
3621 1658 3727 1713 vita

480 1727 584 1796 iam
612 1727 823 1785 functos
850 1732 1143 1801 apostolica
1164 1732 1419 1803 judicavit
1446 1737 1623 1804 sedes,
1655 1744 1815 1807 atque
1841 1740 2217 1793 condemnavit

552 1820 746 1881 Ἐπειδή
788 1820 841 1878 δὲ
885 1828 969 1878 καί
1014 1833 1162 1881 τοῦτο
1224 1836 1330 1887 τοῖς
1389 1829 1654 1903 ὑμετέροις
1709 1832 2043 1904 προσεθήκατε

2228 1825 2426 1883 Verum
2448 1845 2567 1883 eum
2608 1830 2661 1883 in
2695 1831 2885 1886 vestris
2911 1831 3102 1887 litteris
3132 1834 3183 1887 id
3206 1836 3366 1890 etiam
3388 1837 3722 1907 adjeceritis:

482 1912 799 1985 γράμμασιν,
832 1912 908 1970 ὄτι
943 1916 1025 1969 ἐάν
1064 1938 1140 1977 τις
1178 1921 1263 1973 τὸν
1291 1919 1629 1993 αἱρεσιάρχην
1673 1923 2016 1993 ἀναθεματίσῃ
2037 1961 2051 1984 ,

480 2007 563 2057 καί
589 2001 704 2077 εἴπῃ
724 2009 1051 2081 κατακρίνων,
1080 2012 1161 2065 καί
1184 2012 1300 2070 τοὺς
1320 2014 1384 2066 τὰ
1405 2010 1553 2082 ὃμοια
1571 2020 1868 2083 φρονοῦντας
1896 2015 2050 2084 αὐτῷ.

480 2098 945 2169 συμπεριλαμϐάνει
980 2101 1173 2161 πάντας
1199 2104 1317 2162 τοὺς
1354 2101 1433 2157 ὅτε
1463 2101 1645 2161 δήποτε
1680 2111 1845 2159 ταῦτα
1880 2109 2051 2179 φρονή-

479 2202 689 2245 σαντας·
714 2190 799 2239 καί
826 2184 909 2242 διὰ
941 2195 1087 2242 τοῦτο
1114 2187 1286 2248 ἐπειδή
1318 2192 1507 2245 Παῦλον
1531 2192 1614 2245 τὸν
1638 2195 2054 2262 Σαμοσατέα,καὶ

478 2279 678 2342 οὼτιον,
705 2281 790 2332 καὶ
816 2280 1035 2335 Βόνωσον
1053 2320 1066 2342 ,
1095 2285 1179 2335 καί
1219 2283 1486 2356 Νεστόριον
1511 2284 1895 2353 ἀναθεματίζετε
1915 2328 1929 2352 ,
1962 2287 2051 2339 οὑκ

476 2368 686 2435 ὀφείλετε
714 2371 797 2422 καί
820 2368 1076 2443 Θεόδωρον
1113 2373 1197 2426 τὸν
1221 2373 1288 2426 τὰ
1330 2371 1479 2442 ὅμοια
1517 2374 1711 2433 ἐκείνοις
1738 2378 2051 2448 φρονήσαντα

475 2461 713 2526 υνομαστί
776 2460 1164 2531 ἀναθεματίσαι.
1228 2465 1503 2516 Γινώσκετε
1572 2460 1652 2518 ὅτι
1714 2471 1914 2537 πρῶτον
1961 2468 2053 2534 μὲν

474 2546 643 2601 ἐκεῖνοι
686 2547 818 2620 δίχα
861 2551 1100 2622 ὀνόματος
1144 2552 1591 2621 ἀναθεματίζονται
1627 2553 1836 2609 οἱκατὰ
1863 2554 2050 2613 πλάνην

472 2636 900 2699 ἀκολουθήσαντες
944 2647 1055 2701 τοῖς
1091 2640 1491 2717 αἱρεσιὰρχαςς,
1540 2644 1597 2696 οὗ
1638 2646 1734 2711 μήν
1785 2644 1830 2697 οί
1873 2641 2050 2704 ἄλλους

473 2727 837 2789 ἀπατήσαντες.
873 2732 999 2790 Τοὺς
1027 2731 1122 2807 γὰρ
1159 2734 1425 2805 ἀρχηγοὺς
1456 2740 1554 2786 τῶν
1580 2733 1815 2809 αἱρέσεων
1840 2738 1922 2787 καὶ
1946 2735 2050 2788 ὀνο-

472 2821 630 2887 μαστὶ
655 2820 686 2876 ἡ
714 2820 951 2877 ἐκκλησία
971 2826 1062 2874 τοῦ
1086 2828 1213 2875 Θεοῦ
1240 2824 1604 2891 ἀναθεματίζει*
1635 2820 1894 2892 Θεόδωρος
1922 2821 1971 2877 δὲ
1995 2825 2051 2875 οὑ

471 2910 615 2981 μόνον
635 2907 935 2971 διδάσκαλος
958 2907 1016 2970 ἦν
1040 2919 1130 2972 τῆς
1158 2915 1428 2988 Νεστορίου
1459 2910 1785 2973 δυσσεϐείας.
1810 2913 1934 2967 ἀλλά
1962 2918 2047 2968 καί

472 3004 681 3067 πολλοὺς
702 3004 785 3060 διὰ
812 3013 912 3061 τῶν
934 3006 1134 3062 ἀσεϐῶν
1154 3009 1304 3061 αὑτοῦ
1328 3003 1745 3080 συγγραμμάτων
1768 3007 2044 3064 ἠπάτησεν.

464 3089 666 3172 Ὠσπερ
703 3098 800 3174 ’γὰρ
830 3098 875 3152 οί
902 3100 1033 3173 ὀρθοὶ
1058 3108 1149 3157 τῆς
1189 3098 1457 3157 ίκκλησίας
1497 3096 1787 3152 διδάσκαλοι
1827 3096 1909 3152 διὰ
1947 3106 2046 3152 τῶν

2155 1922 2199 1976 si
2229 1921 2348 1991 Quis
2391 1919 2699 1976 hacreticum
2747 1925 3302 1991 anathematizaverit,
3351 1939 3407 1983 et
3452 1931 3506 1985 in
3549 1933 3721 2003 ipsum

2154 2013 2477 2066 sententiam
2500 2010 2696 2075 ferens,
2726 2030 2898 2068 omnes
2922 2032 3118 2087 quoque
3146 2032 3258 2069 cum
3284 2019 3396 2086 ipsa
3424 2024 3719 2088 sentientes,

2155 2100 2481 2169 adjunxerit,
2517 2117 2639 2155 eum
2688 2101 2805 2157 illos
2841 2118 3028 2158 omnes
3055 2105 3360 2175 complecti,
3403 2109 3494 2177 qui
3535 2113 3723 2180 quavis

2154 2192 2364 2247 ratione
2402 2191 2455 2246 id
2503 2192 2674 2261 ipsum
2703 2192 2844 2260 quod
2872 2193 3155 2248 damnatur
3200 2196 3585 2264 probaverim:
3617 2200 3721 2253 ita-

2153 2298 2258 2351 que
2302 2298 2424 2335 cum
2475 2277 2697 2335 Paulum
2742 2281 3197 2349 Samosatensem,
3246 2291 3301 2338 et
3347 2283 3614 2353 Photium,
3665 2298 3720 2341 et

2152 2373 2478 2438 Nestorium,
2530 2379 2586 2424 et
2627 2371 2898 2426 Bonosum
2944 2374 3444 2439 condemnaveritis,
3501 2375 3721 2430 minime

2154 2479 2289 2534 opus
2332 2477 2451 2515 esse
2498 2471 2555 2515 ut
2593 2458 2933 2514 Theodorum
2964 2475 3178 2530 quoque
3213 2463 3400 2517 eadem
3436 2479 3557 2517 cum
3585 2465 3717 2535 ipsis

2152 2554 2470 2609 sentientem
2501 2552 2815 2605 nominatim
2866 2551 3271 2607 condemnetis:
3319 2554 3511 2609 scitote
3546 2556 3721 2625 primo

2152 2646 2366 2714 quidem
2397 2644 2516 2698 illos
2546 2658 2832 2712 suppresso
2861 2643 3077 2697 nomine
3123 2644 3578 2710 anathematizari,
3629 2648 3720 2715 qui

2154 2735 2415 2789 hacresum
2438 2742 2685 2786 auctores
2712 2740 2833 2785 sunt
2862 2731 2914 2785 in
2938 2747 3123 2787 errore
3150 2733 3341 2798 secuti,
3374 2742 3599 2789 caeteros
3626 2750 3719 2787 au-

2155 2835 2258 2877 tem
2289 2821 2504 2875 minime
2544 2820 2886 2889 deccperunt.
2921 2818 2988 2873 At
3014 2836 3143 2875 vero
3181 2821 3442 2875 haeresqu
3478 2821 3641 2878 duces
3667 2834 3717 2877 et

2153 2912 2434 2979 magistros
2462 2909 2700 2964 Ecclesia
2728 2909 3045 2962 nominatim
3074 2910 3508 2965 anatbetnatizat.
3542 2908 3718 2966 Theo-

2150 3004 2314 3056 dorus
2341 3016 2502 3070 porro
2532 3015 2638 3052 non
2668 2999 2828 3053 modo
2855 2997 3085 3053 Nestorii
3105 3000 3359 3068 magister
3385 3002 3606 3065 exstitit,
3629 3017 3714 3055 ve-

2150 3112 2267 3150 rum
2296 3097 2460 3150 etiam
2490 3091 2671 3163 impiis
2702 3093 2915 3161 scriptis
2943 3092 3054 3146 suis
3081 3091 3377 3161 permultos
3418 3091 3622 3145 induxit
3664 3092 3715 3144 in

470 3187 657 3241 οἰκείων
684 3186 923 3241 ἕκθέσεων
947 3190 1289 3260 γνωρίζονται,
1319 3190 1402 3241 καί
1431 3188 1773 3249 ἐπαινοῦνται,
1803 3186 1937 3240 οὕτω
1966 3190 2043 3241 καὶ

2151 3201 2408 3240 errorem.
2460 3182 2667 3237 Etenim
2706 3180 3152 3251 quemadmodum
3182 3181 3313 3236 recti
3342 3179 3594 3236 Ecclesia:
3621 3181 3713 3236 du-

471 3276 524 3328 ἓκ
562 3281 652 3329 τοῦ
689 3277 907 3329 ἐναντίου
950 3277 1135 3335 πάντες
1175 3276 1222 3330 οί
1264 3285 1354 3334 τῆς
1380 3274 1671 3339 κακοδοξίας
1699 3279 1924 3351 έρχηγοί
1964 3274 2045 3330 δα

472 3372 566 3419 τῶν
599 3365 733 3419 ἰδίων
759 3368 961 3421 ἀσεϐῶν
989 3368 1399 3440 συγγραμμάτων
1426 3368 1752 3439 ἐλέγχονται,
1797 3369 1880 3420 καί
1924 3367 2042 3421 ἀνα-

470 3456 839 3523 θεματίζονται.
868 3457 1053 3513 Ὀπότε
1090 3462 1254 3514 τοίνυν
1302 3458 1558 3535 Θεόδωρος
1588 3464 1672 3514 καὶ
1707 3462 2041 3537 α’ρεσιὰρχης

474 3551 660 3617 γέγονε,
704 3554 785 3602 καὶ
829 3550 1196 3622 ἀναριθμήτους
1243 3551 1563 3621 βλασφημίας
1609 3552 1658 3604 ἓν
1699 3560 1809 3611 τοῖς
1845 3556 2041 3615 οἰκείοις

468 3637 681 3705 βιϐλίοις
709 3639 966 3709 ἐξήμεσεν,
996 3639 1228 3709 οὐδεμίαν
1255 3638 1404 3709 ἔχετε
1435 3639 1629 3696 δικαίαν
1673 3644 1892 3719 ἆοορμήν
1915 3646 2041 3717 πρὸς

469 3730 522 3782 τὸ
553 3731 962 3802 παραιτήσασθαι
981 3730 1064 3788 τὸν
1090 3731 1200 3786 κατ’
1228 3731 1379 3785 αὑτοῦ
1409 3731 1823 3802 ἀναθεματισμὸν.

532 4004 649 4075 Περὶ
678 3998 730 4055 δέ
754 4009 845 4061 τῆς
874 4000 1110 4060 ἐκθέσεως
1137 4008 1227 4061 τῆς
1253 4001 1470 4060 πίστεως
1492 4038 1507 4063 ,
1540 4000 1600 4059 ἣν
1626 4008 1731 4060 τοῖς
1776 4001 2036 4075 ὑμετέροις

465 4100 755 4165 γράμμασιν
796 4093 1080 4158 ἕνιθήκατε,
1112 4093 1154 4146 εί
1196 4094 1283 4145 καί
1307 4091 1463 4146 πολλά
1489 4088 1695 4161 εἴχομεν
1719 4092 2036 4163 μέμψασθαι,

462 4183 567 4237 ἀλλ’
595 4179 680 4237 οὖν
706 4182 843 4245 ὅπως
878 4184 963 4240 διὰ
1000 4190 1091 4244 τήν
1119 4185 1367 4259 ὑμετέραν
1402 4180 1600 4256 ἄγνοιαν
1647 4188 1731 4238 καί
1781 4184 2036 4241 ἁπλότητα

463 4281 613 4329 τοῦτο
659 4276 983 4350 παραλείπειν
1025 4277 1152 4337 τέως
1199 4273 1298 4331 δεῖν
1336 4276 1660 4346 ἐνομίσαμεν,
1702 4273 1752 4329 ἕν
1785 4297 1892 4330 τισι
1935 4278 2035 4349 γάρ

461 4370 755 4439 ἀνασφαλῶς
781 4370 1057 4443 ἐγράψατε.
1098 4367 1185 4424 Ἐν
1222 4392 1326 4426 τισι
1363 4372 1557 4446 ῥήματα
1593 4371 1865 4437 τεθείκατε,
1911 4371 2037 4441 μηδὲ

462 4466 573 4519 ταῖς
596 4459 748 4518 θείαις
774 4467 992 4534 γραφαῖς
1010 4500 1027 4526 ,
1070 4458 1193 4533 μηδὲ
1222 4469 1328 4521 τοῖς
1362 4464 1522 4533 ἁγίοις
1560 4463 1816 4531 πατράσιν
1843 4462 2032 4533 ίγνωσ·

460 4552 601 4604 αένα⁶
631 4557 678 4604 ἰν
704 4547 871 4611 ἄλλοις
910 4549 963 4605 δὲ
992 4554 1109 4611 τοὺς
1144 4549 1472 4611 διδασκάλους
1502 4558 1591 4611 τής
1629 4552 1886 4613 ἐκκλησίας
1918 4551 2031 4620 τόγε

2149 3285 2327 3330 ctores
2356 3290 2423 3328 ex
2457 3272 2691 3343 propriis
2720 3272 2975 3327 doctrinis
3003 3279 3367 3338 agnoscuntur
3394 3280 3555 3339 atque
3586 3287 3712 3339 pro-

2149 3375 2269 3435 pter
2297 3365 2439 3434 ipsas
2464 3362 2933 3427 commendantur,
2968 3362 3039 3415 ita
3069 3370 3309 3427 econtra,
3344 3376 3713 3429 perversarum

2148 3457 2535 3513 sententiarum
2585 3462 2831 3509 auctores
2860 3469 2925 3508 ex
2958 3455 3186 3524 propriis
3232 3454 3471 3524 ipsorum
3522 3454 3712 3510 litteris

2146 3547 2536 3617 rcdarguuntur
2580 3554 2739 3614 atque
2784 3546 3317 3601 anathematizantur.
3376 3545 3509 3600 Cum
3552 3548 3711 3614 igitur

2149 3639 2465 3693 Theodorus
2510 3645 2565 3691 et
2594 3637 2975 3691 hmresiarches
3018 3637 3285 3691 exstiterit
3312 3645 3367 3691 et
3407 3639 3712 3692 innumeras

2144 3744 2311 3800 prope
2334 3727 2690 3797 blasphemias
2718 3728 2771 3782 in
2796 3727 2907 3782 suis
2940 3725 3087 3780 libris
3116 3726 3415 3796 protulerit,
3458 3726 3588 3781 nihil
3616 3742 3711 3781 vo-

2145 3822 2225 3877 bis
2267 3828 2511 3891 superest
2538 3835 2711 3876 causae
2750 3833 2846 3873 cur
2891 3819 3176 3873 anathema
3216 3818 3270 3873 in
3316 3818 3490 3889 ipsum
3530 3818 3711 3875 dicere

2142 3913 2471 3967 detrectetts.

2213 4002 2368 4057 Circa
2399 4001 2518 4057 ﬁdei
2549 4016 2675 4055 vero
2707 3999 3118 4069 expositionem,
3149 4014 3308 4069 quam
3349 4000 3541 4055 vestris
3567 4001 3709 4056 litte~

2143 4092 2214 4147 ris
2244 4091 2573 4159 inseruistis,
2611 4089 2713 4145 etsi
2758 4090 2924 4144 multa
2953 4090 3062 4143 sint
3105 4089 3172 4144 de
3210 4090 3403 4158 quibus
3430 4091 3586 4145 nobis
3613 4108 3709 4147 vo-

2142 4183 2344 4237 biscum
2371 4189 2513 4237 esset
2538 4180 2996 4249 conquerendum,
3049 4179 3215 4233 nihilo
3246 4188 3421 4233 tamen
3449 4179 3625 4236 minus
3655 4180 3707 4235 id

2143 4280 2314 4325 totum
2376 4268 2688 4337 ignorantia:
2725 4267 3157 4336 simplicitatique
3210 4266 3500 4322 condonari
3546 4282 3706 4337 opor-

2144 4369 2257 4416 tere
2280 4359 2717 4415 existimavimus.
2756 4358 2963 4412 Alicubi
2993 4372 3223 4427 namque
3253 4366 3462 4412 versate
3487 4358 3704 4427 scripsi-

2140 4454 2256 4517 etis,
2284 4452 2476 4507 alicubi
2505 4451 2683 4506 verbis
2711 4451 2792 4504 usi
2818 4450 2968 4513 estis,
2998 4465 3171 4520 neque
3202 4451 3253 4504 in
3284 4451 3450 4505 sacris
3488 4450 3706 4519 litteris,

2143 4557 2317 4611 neque
2345 4558 2375 4596 a
2403 4541 2602 4597 sanctis
2628 4538 2883 4595 Ecclesiae
2908 4539 3149 4593 Patribus
3169 4553 3399 4607 unquam
3423 4538 3702 4605 adhibitis;

460 4643 528 4702 είς
549 4642 682 4712 ὑμᾶς
708 4640 822 4702 ἧκον
849 4641 1233 4697 κατεδικάσατε.
1262 4645 1393 4715 Πρὸς
1412 4641 1610 4703 τούτοις
1633 4641 1685 4697 δὲ
1712 4646 1795 4698 καί
1823 4666 1934 4699 τινα
1962 4648 2031 4703 είς

2147 4632 2261 4686 alibi
2292 4630 2543 4686 Ecclesia-
2568 4629 2818 4684 doctores
2843 4629 3007 4698 ipsos,
3027 4628 3177 4698 juxta
3200 4628 3342 4697 quod
3362 4629 3513 4683 vobis
3533 4629 3704 4684 visunt

463 4738 546 4790 τήν
592 4731 849 4806 ὀρθόδοξον
899 4736 1216 4789 συντείνοντα
1273 4737 1442 4788 πίστιν
1484 4732 1844 4807 παρελείψατι.
1890 4732 2032 4788 Ὀθεν

459 4828 567 4898 χρή
592 4823 729 4894 ὑμᾶς
766 4824 894 4878 κατά
926 4827 1017 4881 τήν
1060 4824 1357 4894 παραίνεσιν
1400 4829 1499 4876 τῶν
1545 4821 1697 4892 ἁγίων
1743 4824 1973 4896 πατέρων
2000 4824 2029 4883 ἦ

460 4917 791 4986 γινώσκοντας
834 4914 1015 4980 λαλεῖν,
1053 4913 1084 4974 ἦ
1115 4914 1418 4988 ἀγνοοῦντας
1446 4920 1665 4985 σιωπᾷν,
1698 4918 1780 4969 καί
1808 4916 1906 4970 διπό
1933 4924 2030 4970 τῶν

457 5006 800 5074 ιπισταμίνων
829 5001 1170 5059 διδάσκεσθαι.

524 5275 732 5335 Ἐπειδὴ
774 5274 829 5331 δί
871 5274 1126 5350 ὶνράψατε
1165 5277 1311 5344 ἡμῖν,
1359 5281 1465 5334 πῶς
1510 5273 1761 5345 ὀφείλομεν
1802 5281 1907 5334 τοῖς
1950 5274 2029 5328 Λί-

454 5370 687 5437 γυπτίοις
710 5367 1091 5439 ἀποκρίνασθαι,
1116 5364 1432 5436 θαυμάζομεν
1458 5365 1615 5433 ὑμᾶς,
1645 5362 1726 5420 ὅτι
1751 5369 1838 5423 τήν
1861 5366 2023 5423 ἁσεῖῆ

453 5457 723 5515 ίπιστολήν
751 5455 933 5512 factum
967 5457 1049 5508 καί
1076 5452 1358 5527 Θεόδωρον,
1388 5455 1475 5507 καί
1498 5450 1793 5528 Νεστόριον,
1827 5457 1907 5506 καί
1934 5460 2022 5511 τήν

452 5543 744 5609 κακοδοξίαν
781 5550 870 5604 τήν
907 5544 1074 5598 αὑτῶν
1116 5542 1450 5603 ἐκδικοῦντες.
1479 5546 1597 5612 ήμῖν
1633 5552 1889 5617 παραινεῖν
1915 5546 2024 5598 ἐπι-

455 5646 711 5708 χειρεῖτε,
759 5635 810 5689 τί
855 5633 1107 5706 ὀφείλομεν
1161 5628 1323 5693 ἄλλοις
1350 5633 1590 5692 ἐναντίοις
1632 5640 1722 5692 τῆς
1766 5632 2024 5694 ἐκκλησίας

454 5725 837 5798 ἀποκρίνασθαι.
866 5724 923 5776 Εἰ
950 5724 1046 5796 γάρ
1075 5741 1150 5780 τις
1179 5728 1284 5779 τοῖς
1308 5718 1429 5791 παρ’
1450 5723 1588 5791 ὑμῶν
1616 5728 1852 5795 γραγεῐσι
1878 5743 2025 5777 συνε-

457 5814 584 5867 νόσει
624 5812 770 5885 (sic),
803 5812 945 5868 οὐδὲν
972 5812 1137 5886 ἕτερον
1172 5811 1468 5886 παραινέσει
1507 5818 1613 5870 τοῖς
1640 5809 1962 5883 ’Διγυπτίοις,
1995 5812 2022 5870 ἧ

453 5902 817 5980 Θεόδωρον-καί
850 5899 1115 5977 Νεστᾶριον
1162 5904 1279 5964 τοὺς
1314 5900 1596 5977 αἱρετικοὺς
1642 5899 1905 5969 δέξασθαι,
1939 5904 2024 5957 καί

2135 4734 2235 4788 est,
2268 4720 2685 4787 condemnastis,
2715 4726 2878 4787 atque
2906 4718 3083 4773 adhuc
3111 4718 3394 4788 quemdam
3423 4718 3490 4773 ad
3517 4719 3704 4775 ortho-

2131 4814 2327 4867 doxam
2358 4811 2518 4866 tidem
2542 4810 2766 4864 omnino
2800 4809 3160 4880 pertinentem
3199 4807 3413 4863 silentio
3439 4810 3701 4878 praeterii-

2130 4905 2247 4958 stis.
2289 4902 2629 4971 Quapropter
2649 4908 2864 4969 oportet
2903 4914 3014 4963 vos,
3060 4897 3213 4968 juxta
3242 4906 3552 4955 sanctorum
3591 4897 3697 4953 Pa-

2131 5004 2153 5048 t
2183 5009 2270 5047 um
2302 4991 2744 5052 admonitionem,
2774 4989 2861 5045 vel
2889 4988 3122 5044 scientes
3145 4989 3311 5058 loqui,
3340 4988 3427 5043 vel
3454 4988 3500 5042 si
3528 4988 3697 5057 ignari

2131 5086 2286 5152 estis,
2345 5092 2554 5149 tacere,
2602 5091 2765 5151 atque
2822 5081 2890 5135 ab
2932 5079 3106 5135 doctis
3144 5087 3200 5134 et
3244 5078 3533 5134 scientibus
3573 5093 3699 5133 eru-

2126 5173 2244 5227 diri.

2195 5271 2311 5326 Jam
2342 5286 2470 5325 vero
2510 5285 2631 5324 cum
2662 5265 3010 5337 scripseritis,
3042 5260 3486 5332 quemadmodum
3522 5257 3695 5329 Egy-

2126 5361 2251 5432 ptiis
2296 5357 2622 5427 respondere
2668 5356 2978 5418 debeamus,
3026 5353 3283 5405 miramur
3308 5348 3545 5418 quidem,
3596 5364 3691 5403 vos

2124 5450 2334 5505 scilicet
2359 5447 2451 5518 qui
2481 5446 2699 5519 impiam
2719 5459 2838 5498 eam
2866 5441 3167 5513 epistolam,
3198 5439 3562 5506 Theodorum,
3589 5439 3693 5493 Ne-

2121 5537 2364 5603 storium,
2393 5525 2776 5605 perversasque
2797 5546 2982 5585 eorum
3009 5529 3300 5585 sententias
3325 5526 3691 5593 defenderitis,

2126 5642 2265 5682 nunc
2290 5637 2635 5680 commonere
2674 5636 2773 5676 nos
2817 5620 3127 5685 instituisse,
3169 5618 3294 5689 quid
3332 5620 3405 5674 sit
3450 5634 3483 5674 a
3509 5619 3668 5674 nobis

2125 5708 2242 5771 aliis
2286 5713 2532 5769 Ecclesia:
2564 5712 2807 5767 hostibus
2852 5708 3305 5780 respondendum.
3345 5708 3615 5777 Siquidem
3644 5706 3690 5761 si

2125 5823 2188 5861 ea
2235 5820 2352 5874 qum
2395 5803 2589 5872 scripta
2632 5818 2664 5858 a
2710 5801 2861 5856 vobis
2911 5807 3036 5856 sunt
3080 5799 3203 5867 quis
3246 5795 3687 5861 consideraverit,

2125 5899 2254 5956 nihil
2286 5895 2428 5953 aliud
2453 5894 2733 5967 zEgyptios
2763 5894 3077 5963 hortabitur,
3110 5908 3272 5965 quam
3304 5902 3363 5949 ut
3387 5891 3689 5949 Nestorium
