4148 6442
259 408 263 412 ’
341 414 477 480 1097

1576 422 1874 483 CONTRA
1914 421 2409 484 SEVERIANDS.

3490 409 3508 473 1
3520 412 3624 477 098

427 547 644 617 Πρᾶγμα
668 544 751 596 οὐκ
777 541 925 604 ἄηθες
950 545 1183 618 βασιλείᾳ
1210 548 1292 600 καί
1314 548 1457 617 ἡμεῖς
1483 550 1813 616 πράττοντες,
1846 544 1928 595 ἐπὶ

2100 540 2279 594 CAPUT
2320 557 2541 595 PRIMUM.
2579 571 2645 582 —
2676 543 2806 596 Rem
2839 559 2943 599 non
2989 542 3258 598 insolitam
3307 540 3532 609 imperio
3559 550 3614 595 et

351 633 434 686 τόν
461 633 686 706 παρόντα
715 634 1011 705 ἐληλύθαμεν
1033 636 1197 707 νόμον.
1224 637 1423 695 Ὁσάκις
1452 638 1551 709 γάρ
1582 638 1611 693 ἡ
1634 643 1733 690 τῶν
1763 637 1934 710 ίερίων

350 723 510 792 ψῆφός
539 745 676 780 τινας
706 731 807 777 τῶν
852 726 943 778 οὐκ
972 727 1121 789 ἀξίων
1165 734 1257 786 τῆς
1288 726 1565 800 ἱερωσύνης
1593 733 1692 780 τῶν
1738 726 1930 801 ἱερατι-

352 820 451 865 mini
485 813 796 867 κατεϐίξασε
845 814 1052 887 θρόνων,
1096 816 1270 868 ὁποῖον
1313 815 1373 874 δὴ
1416 815 1684 889 Νεστόριόν
1729 836 1805 878 τε,
1855 817 1939 868 καὶ

354 904 796 976 Εὐτυχῆ,”Αρειόν
835 925 914 968 τε,
947 909 1033 959 καί
1075 904 1399 969 Μακεδόνων,
1429 910 1514 960 καί
1556 907 1813 976 Εὐνόμιον,
1852 910 1939 961 καί

353 992 533 1054 ἄλλους
562 996 624 1053 δὴ
649 1015 791 1054 τινας
819 997 890 1055 εἰς
920 998 1093 1048 κακίαν
1117 998 1202 1049 ούκ
1232 996 1468 1057 ἐλάττους
1497 998 1713 1063 ἐκείνων,
1741 1018 1936 1052 τοσαυ-

362 1107 498 1145 τακις
543 1089 572 1144 ἡ
613 1086 852 1157 βασιλεία
891 1086 1163 1158 σύμψηφος
1199 1090 1372 1161 γέγονε
1401 1097 1464 1162 τῇ
1498 1096 1597 1144 τῶν
1641 1091 1811 1162 ἱερέων
1840 1092 1938 1144 αύ-

355 1179 543 1250 θεντίᾳ,
576 1178 709 1230 ὥστε
740 1180 806 1231 τά
854 1177 1083 1251 θειότερά
1127 1199 1204 1241 τε,
1255 1182 1338 1233 καὶ
1385 1181 1671 1254 ἀνθρώπινα
1711 1179 1939 1255 συνδρα-

355 1267 515 1336 μόντα
545 1268 663 1336 μίαν
698 1268 991 1337 συμφωνίαν
1035 1275 1148 1328 ταῖς
1180 1269 1352 1341 ὀρθαῖς
1390 1273 1699 1327 ποιήσασθαι
1727 1270 1929 1341 ψήφοις.

356 1365 556 1411 Ὀποῑον
590 1355 649 1414 δό
680 1379 730 1411 τι
757 1359 841 1411 καί
878 1354 1100 1428 ἕιογχος
1139 1360 1399 1431 γενόμενον
1439 1364 1559 1435 περί
1588 1359 1815 1433 ’Ἃνθιμον
1858 1361 1941 1418 ἵσ-
1963 1419 1975 1426 ,

356 1471 463 1519 μεν,
496 1450 809 1504 ἀπελαθέντκ
840 1452 928 1518 μέν
958 1455 1050 1502 τοῦ
1080 1458 1171 1510 τῆς
1200 1450 1458 1521 βασιλίδος
1505 1455 1697 1515 ταύτης
1751 1453 1941 1514 πόλεως

356 1544 536 1619 θρόνου
566 1547 712 1618 παρά
736 1545 1024 1616 ’Δγαπητοῦ
1046 1552 1134 1600 τοῦ
1163 1555 1256 1606 τῆς
1276 1544 1423 1607 ὁσίας
1450 1550 1533 1601 καί
1559 1547 1787 1618 ἀοιδίμου
1813 1553 1939 1617 μνὴ-

356 1657 459 1704 μης
479 1635 727 1713 προέδρου
754 1636 1018 1709 γεγονότος
1058 1642 1145 1694 τῆς
1172 1640 1302 1691 κατά
1328 1641 1418 1695 την
1440 1638 1800 1714 πρεσϐυτέραν
1828 1641 1943 1692 Ῥώ·

357 1746 457 1793 μην
483 1724 770 1796 ἁγιωτάτης
796 1723 1107 1788 Ἐκκλησίας,
1150 1725 1227 1780 οἶά
1261 1747 1315 1782 τε
1359 1730 1492 1783 κατά
1537 1727 1728 1800 μηδένα
1756 1730 1943 1804 τρόπον

358 1817 497 1885 αὐτῷ
545 1821 852 1891 προσήκοντι
900 1821 1041 1894 παρὰ
1090 1822 1285 1879 πάντας
1336 1823 1457 1881 τοὺς
1496 1823 1694 1893 εὐαγεῖς
1735 1824 1943 1882 κανόνας

2042 644 2137 684 nos
2165 630 2439 700 facientes,
2468 634 2533 687 ad
2560 641 2875 701 praesentem
2906 633 3152 689 venimus
3176 632 3365 700 legem.
3388 630 3614 697 Quoties

2039 723 2179 775 enim
2209 723 2543 777 sacerdotum
2575 724 2836 777 sententia
2864 722 3121 792 quosdam
3153 721 3399 789 indignos
3425 734 3611 775 sacer-

2036 810 2258 866 dotiode
2281 814 2447 867 sacris
2472 814 2688 868 sedibus
2726 814 3471 883 deposuit(quemadmodum
3504 811 3612 867 Ne-

2037 905 2258 957 storium
2282 950 2295 971 ,
2342 906 2658 976 Eutychem,
2694 909 2901 971 Arium,
2934 906 3317 970 Macedoniam,
3344 914 3399 960 et
3429 904 3611 959 Euno-

2039 997 2202 1049 mium
2227 1038 2240 1059 ,
2285 1012 2347 1049 ac
2378 998 2633 1062 quosdam
2664 998 2796 1051 alios
2825 999 2889 1049 ad
2920 996 3251 1063 iniquitatem
3296 1011 3399 1049 non
3432 995 3608 1048 mino-

2042 1103 2132 1141 res
2164 1087 2309 1157 illis),
2344 1090 2500 1144 toties
2532 1090 2815 1157 imperium
2848 1089 3084 1156 ejusdem
3134 1088 3413 1141 sententiae.
3440 1094 3495 1139 et
3521 1100 3612 1137 or—

2042 1177 2331 1231 dinationis
2362 1194 2481 1232 cum
2512 1179 2848 1233 sacerdotum
2891 1178 3209 1232 auctoritate
3255 1177 3367 1231 fuit.
3420 1176 3615 1245 Sicque

2042 1269 2221 1324 divina
2253 1277 2307 1325 et
2344 1270 2573 1326 humana
2604 1271 2803 1340 pariter
2833 1270 3207 1323 concurrentia
3239 1283 3396 1321 unam
3425 1280 3618 1321 conso-

2043 1365 2274 1416 nantiam
2308 1366 2468 1418 rectis
2508 1364 2788 1418 sententiis
2833 1362 3009 1416 fecere
3039 1377 3053 1415 :
3083 1358 3529 1431 quemadmodum
3560 1368 3617 1412 et

2045 1468 2220 1519 nuper
2251 1455 2447 1507 factum
2480 1469 2599 1508 esse
2625 1454 2768 1508 circa
2802 1454 3112 1506 Antliimum
3143 1452 3364 1513 scimus,
3392 1449 3479 1517 qui
3506 1448 3621 1516 qui-

2043 1543 2164 1596 dem
2195 1544 2432 1613 deiectus
2455 1555 2534 1598 est
2563 1544 2631 1599 de
2656 1544 2785 1598 sede
2814 1542 2970 1611 hujus
3018 1540 3178 1610 regia:
3198 1538 3347 1593 urbis
3372 1552 3400 1589 a
3423 1546 3620 1591 sancta:

2044 1648 2098 1693 et
2124 1638 2372 1706 gloriosae
2402 1637 2675 1691 memori-3
2720 1635 2945 1706 Agapito
2985 1632 3337 1686 sanctissimae
3374 1628 3616 1684 ecclesiae

2046 1732 2276 1794 antiquae
2318 1730 2502 1785 Roma
2546 1726 2831 1797 pontiﬁce;
2881 1740 2946 1779 eo
2977 1724 3118 1795 quod
3147 1721 3296 1776 nullo
3326 1719 3486 1774 modo
3516 1718 3617 1771 sibi

2047 1824 2145 1892 ipsi
2176 1822 2520 1878 convenienti
2569 1822 2797 1889 (contra
2838 1832 3027 1871 omnes
3059 1830 3241 1869 sacros
3268 1811 3533 1880 canones)
3561 1826 3620 1864 se

360 1908 818 1967 ἕπεισπηδὴσαντα
868 1911 1040 1980 θρόνῳ,
1086 1918 1220 1986 κοινῇ
1269 1910 1321 1966 δὲ
1351 1911 1498 1983 ψήφῳ
1546 1920 1637 1967 τοῦ
1682 1934 1738 1969 τε
1785 1916 1940 1969 αὐτοῦ

2055 1917 2333 1971 lntruserat
2381 1913 2518 1977 scdi,
2574 1912 2667 1966 sed
2715 1919 2770 1965 et
2814 1908 3080 1963 communi
3130 1903 3391 1959 sententia
3452 1901 3621 1967 ipsius

359 2010 453 2060 τῆς
482 2001 627 2071 ἁγίας
663 2005 862 2071 μνήμης
891 2001 1067 2077 ἀνδρὸς
1097 2004 1366 2077 πρότερον,
1413 2008 1496 2057 καί
1524 2009 1620 2076 μὴν
1651 2008 1736 2058 καί
1762 2015 1852 2065 τῆς
1876 2007 1948 2059 ἐν·

359 2094 527 2147 ταῦθα
553 2094 820 2165 γενομένης
848 2093 989 2167 ἱερᾶς
1014 2091 1233 2147 συνόδου
1258 2090 1738 2164 καταδεδικασμένον
1764 2115 1840 2158 τε,
1863 2098 1947 2150 καί

360 2185 719 2258 καθῃρημένον,
766 2183 895 2239 διότι
922 2192 1020 2238 τῶν
1060 2186 1217 2257 ὀρθῶν
1262 2187 1511 2256 ἀπεφοίτα
1542 2184 1830 2258 δογμάτων,
1857 2190 1950 2242 καί

362 2273 439 2336 οἷς
466 2277 716 2352 πρότερον
738 2278 1047 2348 πολλαχόθεν
1072 2272 1296 2349 ἐγίνετο
1328 2279 1577 2351 στέργων,
1608 2286 1772 2332 ταῦτα
1792 2280 1947 2334 ὕστεο

359 2389 454 2445 ρον
480 2366 732 2444 διαφόροις
776 2372 1023 2441 ἀπέφευγε
1053 2371 1351 2444 περινοίαις,
1380 2372 1821 2443 προσποιούμενος
1858 2373 1949 2441 μὲν

361 2466 481 2519 ταῖς
510 2461 793 2535 τέσσαρσιν
832 2460 1002 2533 ἁγίαις
1048 2460 1276 2522 συνόδοις
1319 2464 1624 2527 ἀκολουθεῖν,
1672 2472 1734 2538 τῇ
1757 2485 1811 2519 τε
1850 2473 1948 2519 τῶν

362 2546 458 2606 τιη⁹
502 2550 731 2627 Πατέρων
767 2558 867 2606 τῶν
897 2553 943 2604 ἐν
989 2555 1192 2624 Nimia},
1241 2559 1303 2627 τῇ
1346 2573 1402 2606 τε
1441 2559 1540 2607 τῶν
1568 2552 1611 2627 ρ’
1642 2556 1723 2606 καὶ
1768 2553 1803 2608 ν’
1849 2563 1950 2609 τῶν

363 2643 411 2696 ἐν
437 2645 603 2716 ταύτῃ
634 2652 696 2717 τῇ
743 2643 1000 2715 εὐδαίμονι
1036 2645 1199 2703 πόλει,
1230 2653 1293 2718 τῇ
1341 2665 1395 2699 τε
1446 2652 1544 2699 τῶν
1582 2647 1632 2698 ἐν
1660 2643 1844 2717 Ἐφέσῳ
1890 2647 1949 2701 τὸ

361 2744 570 2811 πρῶτον
621 2738 977 2806 συναχθέντων
1025 2736 1093 2802 σ’,
1124 2746 1185 2812 τῇ
1215 2758 1264 2791 τε
1313 2744 1411 2793 τῶν
1451 2738 1681 2808 θεοφιλῶν
1719 2740 1949 2813 Πατέρων

361 2834 465 2881 τῶν
494 2830 543 2879 ἐν
571 2827 850 2885 Χαλκηδόνι
877 2825 979 2896 χλ.
1013 2829 1083 2880 Οὐ
1110 2834 1205 2899 μην
1226 2836 1329 2889 τοῖς
1350 2830 1541 2882 τούτων
1575 2827 1797 2899 δόγμασι
1826 2852 1948 2885 κατ-

359 2918 663 2982 ακολουθῶν,
708 2916 826 2972 οὔτε
867 2923 957 2977 τὴν
1007 2920 1255 2993 ἡμετέραν
1301 2921 1690 2994 φιλανθρωπίαν,
1733 2925 1819 2975 καί
1860 2928 1950 2981 τὴν

364 3010 781 3081 συγκατάϐασιν,
806 3010 863 3067 ἡν
885 3008 964 3064 διά
988 3014 1076 3068 τὴν
1099 3012 1252 3065 αὐτοῦ
1277 3014 1532 3085 σωτηρίαν
1553 3011 1761 3083 ἔχομεν,
1789 3034 1952 3089 προσ-

361 3100 609 3165 δέξασθαι
636 3101 911 3171 βουληθείς,
942 3102 1051 3157 οὐδέ
1080 3106 1398 3178 ἀποκηρύξαι
1420 3108 1505 3159 καί
1532 3106 1683 3165 αὐτός
1704 3108 1825 3167 τοὺς
1845 3113 1945 3161 τῶν

363 3195 566 3248 ἀσεϐῶν
605 3192 868 3266 δογμάτων
903 3196 1174 3270 ἀρχηγοὺς
1228 3200 1349 3257 τοὺς
1404 3200 1506 3251 ύπό
1552 3207 1652 3253 τῶν
1688 3202 1949 3274 προτέρων

2047 2016 2247 2063 sanctm
2306 2004 2577 2059 memoria:
2632 2001 2730 2054 viri
2781 2002 3040 2068 primum,
3075 2005 3233 2064 atque
3269 1995 3427 2047 etiam
3454 2005 3621 2045 sacra:

2054 2096 2249 2167 synodi
2280 2095 2364 2148 hic
2393 2093 2675 2148 celebrata:
2705 2091 3095 2145 condemnatus
3123 2098 3175 2141 et
3196 2083 3471 2153 depositus
3498 2079 3620 2141 fuit,

2048 2203 2115 2243 eo
2144 2187 2284 2256 quod
2316 2201 2342 2237 a
2376 2185 2537 2238 rectis
2567 2183 2900 2252 dogmatibus
2933 2180 3185 2242 recessit;
3215 2187 3269 2231 et
3313 2191 3432 2243 quae
3470 2176 3620 2243 prius

2052 2277 2327 2331 multoties
2381 2275 2604 2344 diligere
2658 2272 2972 2335 videbatur,
3004 2269 3120 2321 hrcc
3147 2268 3360 2322 demum
3391 2263 3623 2319 diversis

2050 2365 2456 2419 lustrationibus
2514 2358 2882 2434 [fraudibus]
2933 2344 3101 2427 fugit;
3151 2357 3405 2409 simulans
3472 2351 3627 2420 sequi

2049 2465 2263 2508 sanctas
2301 2461 2530 2519 quatuor
2559 2450 2789 2522 synodos
2820 2450 3204 2511 (trecentorum
3241 2446 3489 2499 videlicet
3518 2443 3615 2497 de-

2053 2560 2169 2600 cem
2200 2553 2254 2598 et
2280 2555 2402 2597 octo
2434 2544 2645 2597 Patrum
2688 2542 2740 2596 in
2792 2541 2988 2605 Nicaza,
3028 2548 3083 2592 et
3116 2549 3329 2591 centum
3361 2536 3626 2604 quinqua-

2056 2635 2200 2703 ginta
2232 2635 2285 2687 in
2320 2634 2419 2686 hac
2451 2632 2590 2687 felici
2616 2632 2872 2694 civitate;
2897 2630 3027 2683 etin
3061 2628 3273 2698 Epheso
3306 2628 3477 2694 primo
3497 2640 3631 2679 con-

2056 2736 2394 2793 gregatorum
2427 2723 2802 2782 ducentorum,
2822 2730 2875 2775 et
2897 2729 3270 2773 sexcentorum
3297 2715 3506 2783 triginta
3536 2728 3631 2767 ve-

2052 2813 2369 2869 nerabilinm
2404 2811 2614 2864 Patrum
2653 2810 2705 2863 in
2735 2805 3118 2875 Chalcedone).
3151 2810 3219 2859 At
3264 2804 3477 2874 quids-m
3530 2817 3629 2855 nec

2058 2907 2281 2960 istorum
2316 2904 2565 2971 dogmata
2596 2902 2776 2970 sequi,
2810 2916 2907 2955 nec
2936 2913 3169 2953 noswam
3211 2897 3548 2951 clementiam
3579 2905 3633 2948 et

2053 2993 2476 3050 condescensum
2505 3033 2519 3055 ,
2569 3007 2723 3061 quem
2758 3000 2974 3059 propter
3015 2990 3179 3059 ipsius
3210 2989 3434 3041 salutem
3468 2987 3635 3039 liabe-

2056 3087 2559 3152 bamus,suscipere
2589 3085 2786 3148 voluit;
2819 3098 2990 3151 neque
3018 3082 3131 3149 ipse
3158 3081 3406 3133 abdicare
3438 3087 3625 3130 aucto-

2057 3191 2147 3232 res
2175 3176 2456 3243 impiorum
2480 3173 2808 3242 dogmatum,
2836 3172 2924 3241 qui
2954 3174 3099 3239 prius
3126 3187 3154 3223 a
3180 3169 3379 3222 sanetis
3409 3167 3628 3236 synodis

364 3279 527 3350 ἁγίων
554 3279 946 3350 ἐκϐετιλημένους
983 3280 1226 3336 συνόδων·
1262 3280 1363 3335 ἀλλ’
1393 3283 1612 3352 οἰόμενος
1644 3293 1836 3357 χρῆναι
1864 3289 1950 3340 καί

2056 3265 2263 3338 expulsi
2317 3270 2569 3330 fuerant;
2621 3264 2715 3317 sed
2765 3265 2965 3333 putavit
3028 3270 3277 3331 oportere
3332 3259 3626 3313 secundum

364 3376 471 3423 τῶν
520 3372 648 3423 κατά
688 3372 874 3424 ταυτὸν
918 3375 1002 3425 καί
1030 3372 1079 3425 ἐν
1118 3370 1215 3442 ἴσῳ
1255 3376 1375 3432 τοὺς
1407 3372 1947 3445 καταδεδικασμένους,

365 3459 489 3517 τούς
532 3478 586 3512 τε
629 3457 1072 3521 καταδικάσαντας
1120 3458 1277 3533 ἄγειν.
1306 3461 1470 3527 Ἀπαξ
1514 3467 1610 3540 γάρ
1647 3472 1759 3524 ταῖς
1805 3465 1952 3519 ἀλλο·

367 3554 535 3625 τρίαις
585 3559 677 3610 τῆς
706 3550 991 3621 ἁγιωτάτης
1041 3554 1306 3613 ἐκκλησίας
1355 3555 1554 3613 ἐννοίαις
1599 3552 1954 3630 κατανδραπο-

368 3640 580 3704 διο-θείς,
607 3644 692 3694 καὶ
717 3649 816 3694 τῶν
844 3643 997 3716 ὀρθῶν
1023 3643 1409 3718 ἡλλοτριωμέιος
1434 3644 1719 3716 δογμάτων,
1753 3644 1956 3706 εἰκότως

367 3736 444 3796 εἷς
490 3740 583 3793 τὴν
634 3737 798 3789 αὐτῶν
840 3736 934 3788 οὐκ
968 3734 1196 3806 ἴσχυσεν
1248 3737 1527 3792 ἐπανελθεῖν
1558 3738 1825 3813 ὀρθότητα,
1874 3743 1956 3793 καὶ

370 3833 537 3882 ταῦτα
563 3827 686 3901 παρ’
716 3828 856 3897 ἡμῶν
884 3830 966 3881 καὶ
1011 3831 1328 3903 προτραπεὶς
1366 3833 1448 3883 καί
1502 3829 1779 3902 ὁδηγηθείς,
1825 3838 1958 3888 πᾶσι

370 3922 722 3997 χρησαμένων
749 3918 971 3995 σπουδῇ.
1008 3923 1136 3997 πρὸς
1166 3927 1253 3979 τήν
1277 3926 1533 3998 σωτηρίαν
1557 3929 1646 3982 τήν
1672 3927 1848 3979 αὐτοῦ.

442 4014 534 4067 Διά
567 4019 735 4067 ταῦτα
782 4014 946 4066 τοίνυν
978 4009 1206 4077 ἅπαντα,
1239 4017 1327 4071 τὴν
1375 4016 1640 4085 γενομένην
1689 4016 1766 4069 ἐπ’
1818 4018 1956 4089 αύτῷ

371 4114 465 4165 τῆς
494 4105 837 4179 καθαιρέσεως
879 4104 1039 4175 ψῆφον
1062 4105 1204 4174 παρά
1232 4112 1323 4163 τῆς
1366 4104 1515 4177 ἁγίας
1556 4105 1795 4167 συνόδου,
1833 4129 1958 4185 προ·

371 4199 527 4267 φάσει
557 4204 648 4256 τῆς
687 4215 741 4249 τε
768 4198 823 4248 οὐ
865 4196 1092 4264 θεμιτῆς,
1124 4193 1241 4249 οὐδὲ
1279 4197 1378 4251 ύπό
1406 4205 1505 4252 τῶν
1548 4197 1703 4269 ἁγίων
1747 4202 1958 4254 κανόνων

373 4288 803 4362 μαρτυρουμένης
856 4294 956 4341 τῶν
1008 4296 1100 4345 της
1148 4286 1409 4356 βασιλίδος
1456 4287 1649 4349 ταύτης
1698 4291 1960 4360 ἱερατικῶν

373 4380 561 4453 θρόνων
588 4377 845 4452 ἁρπαγῆς,
876 4379 960 4431 καί
985 4385 1075 4438 τῆς
1105 4378 1206 4432 ἀπὸ
1237 4385 1335 4433 τῶν
1375 4380 1531 4453 ὀρθῶν
1555 4401 1610 4435 τε
1651 4385 1737 4434 καί
1771 4382 1960 4439 ἀληθῶν

373 4468 643 4540 δογμάτων
680 4470 950 4541 ἐκτροπῆς,
980 4470 1153 4542 κυρίαν
1184 4469 1214 4526 ἡ
1244 4470 1464 4544 ἡμετέρα
1490 4473 1678 4525 τίθεται
1706 4472 1957 4541 βασιλεία,

374 4563 459 4613 καί
502 4560 587 4613 ἐπὶ
611 4560 814 4617 τούτοις
841 4560 925 4612 τόν
954 4559 1182 4633 παρόντα
1226 4561 1402 4635 γράφει
1429 4564 1597 4632 νόμον.
1627 4560 1960 4640 ’Δπαγορεύο-

2059 3363 2229 3431 ipsum
2261 3372 2315 3414 et
2368 3361 2419 3413 in
2464 3359 2652 3425 aequali
2680 3358 2876 3411 ducere
2906 3364 2960 3409 et
2986 3357 3386 3417 condemnatos,
3414 3361 3470 3406 et
3498 3367 3631 3406 con-

2055 3452 2417 3507 demnatores.
2454 3447 2584 3503 Nam
2615 3448 2781 3503 semel
2813 3447 3001 3500 alienis
3027 3461 3056 3499 a
3082 3443 3415 3499 sanctissima
3451 3443 3633 3496 Eccle-

2055 3544 2137 3598 sia
2170 3540 2527 3595 intellectibus
2560 3539 2889 3607 mancipatus
2918 3582 2933 3603 ,
2966 3547 3020 3590 et
3045 3551 3072 3588 a
3106 3537 3267 3590 rectis
3297 3532 3635 3603 dogmatibus

2058 3635 2342 3700 alienatus,
2377 3631 2570 3687 metito
2597 3631 2662 3685 ad
2703 3631 2940 3698 ipsorum
3000 3628 3377 3683 rectitudi‘nem
3434 3628 3633 3680 reverti

2058 3739 2164 3777 non
2194 3723 2379 3787 valuit,
2419 3721 2578 3776 etiam
2610 3720 2673 3773 ad
2707 3720 2821 3773 haec
2868 3718 3121 3772 invitatus
3151 3733 3179 3770 a
3214 3717 3363 3771 nobis
3393 3727 3446 3771 et
3490 3715 3636 3770 dire—

2056 3824 2197 3880 ctus,
2224 3815 2314 3883 qui
2344 3812 2489 3867 omni
2520 3810 2696 3865 studio
2725 3810 2808 3865 usi
2836 3826 3020 3863 sumus
3042 3809 3108 3862 ad
3141 3807 3306 3878 ipsius
3329 3808 3581 3863 salutem.

2131 4012 2353 4078 Propter
2378 4010 2492 4065 haec
2520 4010 2679 4079 igitur
2705 4011 2904 4075 omnia,
2936 4010 3252 4065 sententiam
3277 4008 3626 4077 depositionis

2058 4104 2110 4158 in
2166 4107 2335 4173 ipsum
2393 4120 2420 4156 a
2479 4113 2667 4156 sancta
2697 4103 2903 4173 synodo
2930 4099 3125 4154 factam
3160 4103 3442 4156 occasione
3528 4117 3631 4156 non

2061 4194 2190 4247 liciti
2219 4234 2232 4257 ,
2267 4208 2440 4261 neque
2468 4208 2497 4246 a
2529 4194 2728 4246 sanctis
2778 4194 3071 4247 canonibus
3121 4193 3396 4261 approbati
3454 4204 3636 4261 raptus

2061 4301 2333 4340 sacrarum
2360 4285 2568 4338 sedium
2603 4284 2760 4355 hujus
2791 4287 2950 4353 regiae
2980 4286 3121 4339 urbis
3147 4325 3161 4349 ,
3201 4297 3254 4340 et
3280 4288 3574 4341 aversionis
3605 4304 3635 4341 a

2061 4376 2221 4430 rectis
2251 4382 2304 4428 et
2331 4376 2470 4428 veris
2510 4375 2846 4444 dogmatibus
2871 4418 2885 4442 ,
2946 4376 3151 4429 ﬁrmam
3193 4385 3430 4431 nostrum
3462 4377 3639 4432 reddit

2068 4467 2445 4536 imperium,ct
2464 4477 2646 4521 contra
2680 4468 2837 4521 istum
2870 4481 3188 4537 prtesentem
3225 4469 3411 4523 scribit
3441 4470 3636 4538 legem.

2065 4560 2437 4615 luterdicimns
2482 4570 2658 4614 autem
2709 4574 2762 4615 et
2804 4562 2854 4615 ei
2904 4563 3224 4617 commorari
3264 4563 3317 4617 in
3364 4564 3461 4615 hac
3493 4561 3637 4617 felici

376 4672 468 4724 μεν
497 4650 550 4705 δὲ
581 4654 715 4720 αὐτῇ
746 4656 831 4706 καί
860 4660 950 4712 τῆς
981 4654 1111 4707 κατὰ
1152 4658 1241 4711 τὴν
1267 4652 1533 4725 εὐδαίμονα
1575 4659 1761 4715 ταύτην
1798 4659 1951 4721 πόλιν,

2066 4650 2282 4704 civitate
2312 4661 2362 4704 et
2394 4650 2509 4720 ejus
2542 4652 2815 4717 diSIrictn,
2872 4668 2932 4706 ac
2968 4655 3021 4706 in
3059 4668 3375 4723 quacunque
3427 4655 3527 4705 alia
3562 4656 3645 4706 in—

377 4749 575 4806 καὶτῆς
601 4744 905 4821 περιοικίδος
934 4748 1094 4807 αὐτῆς
1138 4744 1422 4820 διατριϐῆς,
1464 4752 1547 4801 καί
1587 4751 1759 4810 πάσης
1786 4751 1960 4826 ἐτέρας

378 4844 481 4891 τῶν
513 4838 773 4907 ἐπισήμων
821 4837 1023 4900 πόλεων,
1072 4836 1391 4900 θεσπίζοντες
1424 4838 1495 4908 ἐφ’
1544 4841 1778 4910 ἡσυχίας
1814 4838 1959 4903 εἶναι.

379 4936 463 4986 καὶ
509 4934 713 4992 τούτοις
761 4933 1009 5005 στέργειν,
1057 4929 1130 4990 οἷς
1172 4932 1354 4985 ἑαυτὸν
1399 4934 1549 4996 ἀξίως
1590 4935 1825 4997 ὑπέθηκε,
1877 4940 1964 4989 καί

381 5026 505 5090 μήτε
529 5024 659 5075 τισίν
685 5024 1041 5078 ἐπικοινωνεῖν.
1072 5034 1198 5092 μήτε
1231 5023 1509 5087 ἐκϐιϐάζειν
1537 5026 1721 5086 αὐτοὺς
1747 5032 1836 5085 τὴν
1864 5036 1962 5081 τῶν

378 5113 800 5186 ἀπηγορευμένων
840 5111 1105 5183 δογμάτων
1149 5115 1422 5168 ἀπώλειαν.
1470 5118 1541 5169 Οὐ
1591 5125 1689 5187 μὴν
1718 5118 1833 5173 οὐδέ
1873 5126 1962 5178 τὴν

378 5204 587 5265 δικαίως
616 5206 968 5275 ἐξενιχθεῖσαν
998 5209 1127 5260 κατὰ
1169 5212 1385 5282 Σευήρου
1412 5208 1594 5279 ψῆφον,
1624 5217 1713 5268 τήν
1753 5214 1807 5264 ἐκ
1836 5213 1965 5265 πάν·

380 5315 504 5355 των,
523 5298 591 5354 ὡς
616 5297 792 5361 εἰπεῖν,
819 5302 916 5349 τῶν
944 5297 1321 5369 ἀρχιερατικῶν
1341 5319 1418 5360 τε,
1442 5303 1524 5352 καί
1544 5311 1959 5377 πατριαρχικῶν,

385 5389 514 5456 μετά
542 5394 635 5446 τῆς
677 5396 959 5456 μοναχικῆς
1004 5390 1337 5448 συναινέσεως
1382 5392 1725 5464 προελθοῦσαν
1756 5394 1962 5467 θρόνων,

384 5484 477 5539 τήν
502 5482 586 5533 τὸν
616 5480 1016 5547 ἀναθεματισμὸν
1045 5480 1334 5551 ἐπάγουσαν
1381 5485 1541 5555 αὐτῷ,
1574 5486 1838 5554 βασιλικῆς
1868 5486 1963 5552 ἔξω

384 5568 831 5638 καταλιμπάνομεν
879 5570 1252 5642 ἐπικυρώσεως,
1307 5568 1360 5631 ὃς
1389 5576 1635 5649 πρότερον
1680 5581 1820 5650 παρά
1846 5582 1967 5639 τούς

387 5652 555 5725 ἱερούς
601 5656 818 5723 θεσμοὺς
848 5654 1141 5709 καταλαϐὼν
1170 5656 1255 5709 τόν
1285 5657 1450 5731 θρόνον
1493 5669 1581 5718 τῆς
1623 5664 1967 5719 Θεουπολιτῶν

390 5742 675 5814 ἁγιωτάτης
704 5745 985 5807 ἐκκλησίας,
1017 5746 1150 5799 οὕτω
1180 5749 1516 5821 συνετάραξεν
1561 5749 1781 5818 ἅπαντα,
1831 5755 1965 5811 οὕτω

394 5838 764 5892 ιιεταπεποίηκε
812 5844 1076 5911 ταραχῆς.
1128 5838 1195 5895 ὡς
1224 5857 1383 5888 κοινον
1414 5859 1525 5890 τινα
1571 5843 1657 5895 καί
1685 5842 1964 5916 ἀκήρυκτον

718 5941 989 5998 ΡΑΤιιοι..
1039 5933 1157 5994 Gn.
1202 5930 1550 5994 LXXXVI.

2066 4741 2203 4811 signi
2230 4742 2772 4812 civitate,sancientes
2819 4744 2868 4797 in
2901 4745 3076 4811 quiete
3102 4758 3222 4798 esse
3246 4786 3260 4809 ,
3313 4754 3369 4797 et
3413 4743 3479 4797 iis
3507 4758 3642 4796 con-

2066 4839 2267 4886 tentum
2298 4847 2420 4886 esse
2444 4872 2460 4899 ,
2509 4832 2702 4901 quibus
2730 4833 2961 4901 seipsum
2988 4834 3180 4888 merito
3203 4833 3486 4888 obnoxium
3519 4833 3642 4886 red-

2067 4923 2231 4989 didit;
2261 4931 2316 4978 el
2344 4937 2447 4976 non
2479 4924 2744 4994 aliquibus
2774 4926 3189 4990 communicare,
3218 4940 3388 4994 neque
3412 4939 3506 4978 eos
3537 4925 3638 4977 im-

2068 5014 2233 5068 buere
2263 5014 2315 5066 in
2347 5012 2701 5082 perditionem
2725 5015 3130 5069 interdictorum
3172 5016 3500 5084 dogmatnin.
3533 5014 3643 5067 Nec

2070 5104 2251 5172 utique
2276 5116 2424 5157 extra
2449 5105 2780 5171 imperialetn
2798 5109 3256 5161 confirmationem
3287 5107 3641 5174 relinquimus

2069 5196 2389 5246 sententiain
2418 5193 2561 5259 juste
2583 5205 2766 5247 contra
2797 5194 3057 5249 Severum
3100 5198 3282 5263 latam,
3316 5211 3377 5248 ac
3416 5211 3479 5248 ex
3530 5209 3646 5246 Olll-

2071 5284 2226 5337 nibus
2263 5285 2356 5351 (ut
2380 5286 2453 5337 ita
2483 5285 2755 5354 dieumus)
2789 5287 3179 5353 pontificalibus
3219 5296 3273 5340 et
3313 5286 3641 5353 patriarcha-

2071 5375 2210 5429 libns
2239 5374 2368 5443 (una
2397 5391 2516 5429 cum
2550 5376 2878 5431 monachicis
2919 5375 3292 5446 consensibus)
3328 5377 3644 5445 provenien-

2073 5476 2177 5521 tem
2230 5467 2481 5533 sedibus,
2532 5476 2586 5521 et
2617 5469 3118 5522 anathematismum
3152 5468 3249 5538 ipsi
3282 5468 3598 5523 inferentem
3628 5482 3643 5521 :

2072 5562 2163 5628 qui
2194 5560 2339 5629 prius
2369 5568 2552 5612 contra
2583 5574 2762 5612 Sacras
2791 5563 3094 5614 sanctiones
3121 5561 3430 5628 accipiendo
3459 5558 3641 5613 sedem

2073 5652 2426 5709 sanctissima:
2454 5651 2697 5706 ecclesiae
2723 5651 3234 5719 Tlteopolitanorum
3252 5693 3267 5717 ,
3296 5654 3373 5705 sic
3401 5652 3645 5705 universa

2073 5750 2429 5815 conturbavit,
2463 5752 2646 5817 sicque
2666 5750 3024 5803 accumulatas
3047 5752 3376 5805 turbatiOnes
3407 5749 3529 5804 fecit
3550 5794 3565 5817 ,
3590 5758 3647 5803 ut

2074 5858 2357 5901 commune
2385 5841 2650 5912 quoddam
2680 5856 2742 5898 ac
2768 5841 3126 5898 abominabile
3171 5842 3369 5898 bellum
3414 5841 3641 5899 sanetis-
