4148 6452
502 431 636 497 1099

1820 430 2261 493 JUSTINIANI
2303 430 2459 491 IMP.

3640 416 3661 481 1
3678 417 3774 481 100

504 546 654 601 simis
682 544 941 601 Ecciesiis
968 544 1033 599 ad
1064 544 1287 599 invicem
1322 544 1653 602 immitteret.
1684 548 1753 603 Et
1781 550 1882 605 hoc
1912 554 2064 605 etiam

2178 555 2295 608 ταῖς
2327 547 2636 618 ἁγιωτάταις
2665 549 2953 610 ἑκκλησίαις
2983 550 3216 619 ἐμϐαλεῖν
3257 551 3385 622 πρὸς
3416 549 3629 610 ἀλλήλας
3672 549 3768 604 πό-

507 651 538 689 a
567 639 792 705 sceptris
830 651 949 707 quae
981 646 1105 691 ante
1133 650 1229 690 nos
1268 635 1473 690 fuerunt
1506 648 1693 693 contra
1737 642 1907 709 ipsum
1946 642 2078 694 scri-

507 736 652 793 ptum
680 738 795 781 erat
819 768 834 793 ,
876 729 1038 781 variis
1067 728 1375 796 dogmatum
1407 738 1457 782 et
1496 744 1524 781 a
1572 730 1895 786 rectitudine
1949 732 2077 785 alie-

504 819 640 873 natis
661 816 936 873 fraudibus
966 827 1021 874 et
1049 821 1367 875 eammentis
1418 836 1480 874 ac
1530 823 1873 885 blasphemiis
1922 839 2073 877 nsum

505 908 685 977 fuisse,
704 925 767 964 ac
786 910 1030 965 universa
1056 912 1424 973 couturbassv,
1454 920 1507 965 et
1534 914 1679 965 illum
1704 929 2075 983 quemcunque

502 1016 743 1057 errorem
799 1003 1238 1056 abominabilium
1273 1004 1752 1057 ha‘resiarcliarum
1784 1015 1837 1057 et
1867 1006 2076 1073 inquo-

501 1108 618 1147 rum
650 1094 953 1164 dogmatum
987 1096 1247 1162 recipere,
1280 1095 1508 1149 Nestorii
1539 1098 1769 1149 dicimus
1794 1139 1807 1160 ,
1860 1109 1915 1150 et
1966 1099 2074 1150 Ett-

503 1185 679 1257 tychis
697 1203 711 1251 ;
732 1197 920 1241 etcum
942 1203 1166 1254 uterque
1194 1187 1383 1241 horum
1410 1199 1793 1257 praeceptorum
1824 1187 2073 1241 contrarii

501 1277 895 1347 quodammodo
924 1279 1149 1334 invicem
1184 1294 1305 1343 esse
1333 1278 1629 1345 videamur,
1663 1280 1729 1333 ad
1760 1296 1917 1331 unum
1950 1294 2076 1331 vero

500 1366 789 1438 itnpi'ctatis
843 1369 1001 1424 ﬁnem
1050 1370 1291 1436 tendant,
1347 1372 1503 1424 etiam
1535 1371 1743 1422 illorum
1776 1369 2075 1437 divulgatos

504 1474 787 1513 sermones
814 1502 827 1523 ,
861 1476 981 1514 eum
1015 1462 1064 1513 in
1096 1476 1257 1514 unum
1293 1460 1627 1513 l'ormavisse.
1677 1458 1891 1512 Duobus
1929 1460 2071 1512 enim

504 1551 858 1603 existentibus
888 1551 1222 1619 dogmatibus
1268 1549 1332 1602 ad
1383 1551 1607 1603 invicem
1635 1549 2072 1618 repugnantibus,

504 1654 726 1708 quorum
770 1649 1053 1709 utrumque
1099 1640 1342 1693 similiter
1383 1640 1447 1692 ad
1498 1640 1689 1693 animm
1722 1640 2072 1707 perditionem

499 1732 714 1784 adducit
741 1768 759 1797 ,
790 1732 1018 1784 Nestorii
1050 1732 1294 1785 videlicet
1326 1741 1378 1785 et
1408 1732 1661 1801 Eutycbis
1685 1732 1703 1802 (
1728 1735 2075 1802 quemadmo-

500 1820 622 1872 dum
656 1820 881 1875 dicendo
907 1824 1263 1889 narravimus)
1287 1824 1374 1891 qui
1407 1838 1472 1875 ex
1497 1826 1815 1878 Arianorum
1840 1835 1893 1879 et
1917 1828 2073 1894 Apol-

2180 640 2344 709 λεμον,
2389 644 2471 693 καὶ
2511 647 2666 694 τοῦτο
2715 644 2935 700 καὶτοῖς
2984 643 3083 717 πρὸ
3125 642 3267 711 ὑμῶν
3314 646 3597 713 σκήπτροις
3640 642 3766 713 πρὸς

2179 732 2331 783 αὐτόν
2377 732 2668 805 γεγράφθαι,
2719 733 2966 791 ποικίλαις
2996 735 3086 801 μέν
3137 730 3403 804 δογμάτων
3432 736 3515 786 καί
3552 732 3770 788 ἀπηλλο-

2178 822 2477 891 τριωμέναις
2503 830 2593 881 τῆς
2624 823 2885 894 ὀρθότητος
2912 829 3187 896 περινοίαις
3211 844 3286 883 τε,
3314 828 3395 877 καί
3422 825 3765 895 βλασφημίαις

2182 915 2529 986 χρησάμενον,
2566 914 2771 968 ἅπαντα
2821 914 2875 969 δέ
2915 918 3324 990 συνταράξαντα.
3373 922 3455 969 καί
3485 914 3630 985 μόνον
3668 927 3766 970 τνῒον

2178 1013 2269 1061 τῆς
2319 1004 2557 1074 ἐκατέρου
2606 1013 2704 1059 τῶν
2744 1006 3097 1081 αἵρεσιαρχῶν
3145 1008 3337 1066 πλάνης
3385 1006 3647 1079 βδελυρῶν
3685 1030 3762 1068 τε,

2180 1097 2261 1146 καὶ
2288 1096 2500 1147 ἀνοσίων
2538 1092 2805 1166 δογμάτων
2848 1097 3204 1166 ἀντεχόμενον.
3236 1102 3511 1168 Νεστορίου
3558 1118 3633 1159 τε,
3687 1101 3763 1150 καί

2180 1184 2468 1253 Εὑτυχοῦς,
2517 1187 2599 1237 καί
2644 1193 2741 1239 τῶν
2791 1186 3030 1261 ἐκατέρου
3078 1188 3275 1241 τούτων
3321 1186 3669 1259 καθηγεμόνων
3713 1188 3764 1252 ἐξ

2179 1275 2407 1334 ἐναντίας
2445 1279 2534 1347 μέν
2576 1298 2685 1335 πως
2732 1273 2860 1331 εἶναι
2888 1276 3162 1332 δοκούντων
3190 1279 3433 1343 ἀλληλοις,
3467 1280 3595 1353 πρὸς
3630 1279 3680 1331 ἓν
3710 1279 3763 1332 δὲ

2177 1364 2315 1423 τέλος
2360 1374 2449 1425 τῆς
2481 1367 2722 1427 ἀσεϐείας
2762 1370 3119 1440 ἐπειγομένων,
3159 1374 3237 1423 καί
3266 1373 3387 1429 τούς
3434 1373 3629 1423 ἐκείνων
3658 1394 3763 1440 χα-

2176 1461 2604 1530 ρακτηριστικούς
2632 1461 3049 1530 ἐντυπωσάμενον
3078 1458 3275 1533 λόγους.
3310 1471 3454 1515 Δυοῖν
3484 1464 3580 1535 γάρ
3608 1460 3763 1517 ὄντων

2177 1547 2406 1600 ἐναντίων
2462 1550 2688 1609 ἀλληλοις
2732 1550 3019 1623 δογμάτων,
3070 1551 3135 1605 ὧν
3184 1554 3417 1628 ἑκάτερον
3464 1553 3649 1621 ὁμοίως
3690 1558 3762 1614 εἰς

2176 1639 2407 1712 ψυχικὴν
2435 1645 2685 1699 ἀπώλειαν
2716 1642 2846 1718 ἄγει,
2896 1654 2986 1701 τοῦ
3032 1650 3331 1720 Νεστορίου,
3379 1655 3469 1701 τοῦ
3500 1667 3553 1701 τε
3602 1650 3760 1701 Eun;-

2176 1752 2218 1800 χ
2250 1738 2330 1791 ῦς,
2360 1735 2581 1791 καθάπερ
2609 1737 2834 1794 εἰπόντες
2860 1734 3084 1807 ἐττθημεν.
3118 1736 3249 1811 ἅπερ
3276 1740 3329 1790 ἐκ
3354 1746 3453 1791 τῶν
3477 1736 3759 1810 ’Δρεια-ὡν,

2176 1823 2255 1873 καί
2282 1829 2379 1873 τῶν
2412 1821 2748 1898 Ἀπολιναρίον
2780 1827 3002 1882 συνέστη
3032 1828 3357 1894 μιασμάτων,
3391 1826 3541 1886 αὐτὸς
3570 1849 3620 1880 τι
3653 1848 3759 1879 πα-

499 1910 672 1965 linarii
713 1917 1029 1982 contagione
1052 1915 1385 1979 consistunt;
1438 1916 1551 1980 ipse
1592 1916 1912 1981 paradoxum
1941 1918 2064 1984 quid

2174 1911 2379 1984 ράδοξον
2408 1915 2603 1977 παθὼν,
2638 1915 2819 1983 ὁμοίως
2848 1920 2917 1975 εἰς
2947 1918 3177 1991 ἑκάτερον
3207 1919 3525 1986 ἐμπέπτωκε.
3556 1923 3651 1972 Καὶ
3688 1926 3759 1992 πῇ

497 2018 781 2071 perpessus
812 2006 862 2057 in
898 2014 1181 2073 utrumque
1212 2007 1461 2059 suniliter
1501 2006 1687 2060 incidit
1716 2024 1729 2060 :
1757 2019 1810 2061 et
1839 2008 1908 2059 ibi
1952 2011 2069 2075 qui—

493 2096 613 2148 dem
640 2096 765 2150 illud
790 2098 1082 2162 mittendo,
1114 2098 1349 2166 seipsum
1384 2108 1437 2151 et
1466 2112 1745 2153 sermones
1766 2115 1892 2154 suos
1922 2104 2068 2154 visus

491 2193 573 2239 est
618 2186 961 2241 constituisse
1008 2202 1293 2243 commune
1346 2191 1743 2258 receptaculum
1796 2198 2065 2245 tantorum

491 2278 825 2333 delictorum.
863 2283 942 2335 Sit
984 2281 1160 2350 itaque
1187 2291 1241 2335 et
1266 2284 1378 2350 ipse
1423 2283 1524 2337 sub
1565 2284 1817 2351 przedicto
1847 2285 2067 2337 anathe-

498 2370 762 2433 matismo,
796 2388 951 2439 quem
985 2375 1263 2427 universus
1296 2375 1509 2440 patriart
1531 2374 1686 2442 halis,
1722 2375 2061 2442 pontiﬁcalis,

491 2476 554 2513 ac
584 2462 929 2516 monachicus
981 2474 1176 2518 nostum
1200 2508 1214 2532 ,
1270 2475 1323 2517 ut
1365 2467 1435 2517 ita
1464 2465 1723 2531 dicamus,
1757 2465 2064 2533 reipublicae

492 2563 662 2608 cretus
687 2554 831 2623 iuste
865 2556 915 2608 in
948 2556 1121 2623 ipsum
1150 2556 1355 2610 induxit
1387 2574 1400 2609 :
1432 2558 1497 2609 de
1526 2556 1910 2625 Theoiiolitana
1941 2559 2062 2625 qni-

490 2644 609 2697 dem
660 2644 899 2698 Ecclesia
943 2646 1178 2714 ejectns,
1218 2649 1417 2699 idcirco
1466 2646 1604 2715 quod
1648 2647 1868 2700 tltr0nus
1923 2649 2095 2701 illiust

486 2733 658 2803 ipsum
702 2736 968 2799 removit,
1008 2752 1073 2789 eo
1117 2739 1257 2805 quod
1319 2738 1483 2805 ipsius
1534 2738 1887 2807 principatum
1921 2751 2063 2792 recte

491 2843 598 2882 non
629 2840 934 2897 acceperat,
968 2830 1062 2883 sed
1096 2829 1269 2883 adhuc
1298 2829 1508 2884 vivente
1532 2845 1598 2884 eo
1622 2870 1636 2895 ,
1672 2840 1725 2884 et
1750 2831 1799 2883 in
1830 2832 2059 2883 Sanctis-

487 2918 641 2974 simis
692 2921 945 2974 Ecclesiis
984 2932 1424 2988 commemorato,
1460 2923 1549 2988 qui
1598 2935 1723 2976 ante
1762 2923 1935 2991 ipsum
1979 2940 2061 2977 Sa-

488 3012 786 3067 cerdotiunt
821 3014 1069 3081 habebat,
1098 3026 1150 3068 et
1183 3029 1397 3082 propter
1426 3030 1545 3068 eum
1576 3017 1665 3084 qui
1720 3026 1838 3084 post
1885 3018 2060 3084 ipsum

484 3106 621 3170 fuit,
654 3104 721 3159 de
752 3106 1053 3159 sacerdotio
1083 3107 1375 3159 exciderat.
1409 3106 1515 3160 Nec
1565 3122 1690 3161 vero
1745 3123 2060 3178 progressus

487 3198 589 3253 huc
619 3212 786 3266 usque
814 3196 1089 3264 substitit,
1117 3199 1208 3251 sed
1240 3207 1292 3251 et
1321 3198 1421 3252 sub
1444 3201 1709 3252 communi
1743 3202 2059 3254 orthodoxa;

2176 2006 2264 2074 μέν
2296 2012 2460 2064 τοῦτο,
2488 2014 2558 2079 πῇ
2589 2004 2640 2058 δέ
2671 2008 2827 2059 ἐκεῖνο
2848 2008 3171 2080 πρεσϐεύων,
3204 2009 3363 2062 κοινόν
3390 2007 3521 2071 ἔδοξε
3553 2007 3759 2077 δοχιῐον

2170 2096 2346 2149 ἔαυτόν
2376 2117 2429 2149 τε
2461 2099 2539 2150 ναί
2563 2100 2684 2158 τοὺς
2714 2100 2870 2152 αὐτοῦ
2907 2099 3087 2171 λόγους
3116 2107 3216 2154 τῶν
3250 2101 3560 2156 τηλικούτων
3589 2101 3754 2169 πλημ-

2169 2185 2466 2254 μελημάτων
2498 2196 2843 2246 καταστῆσαι.
2873 2184 3042 2243 Ἐστω
3067 2191 3231 2242 τοίνυν
3254 2193 3335 2242 καὶ
3363 2191 3515 2249 αὐτὸς
3544 2192 3643 2244 ἐπὸ
3673 2193 3757 2244 τὸν

2168 2278 2423 2350 εἰρημένον
2454 2281 2881 2349 ἀναθεματισμὸν,
2915 2278 2965 2333 ὃν
2997 2279 3131 2334 άπαν
3175 2284 3233 2335 τὸ
3262 2283 3643 2356 πατριάρχικόν
3676 2302 3753 2343 τε,

2168 2373 2254 2422 καί
2295 2370 2568 2442 ἱερατικὸν,
2608 2375 2692 2424 καί
2720 2373 2997 2443 μοναχικόν
3026 2380 3117 2431 τῆς
3156 2374 3421 2445 ἡμετέρας,
3464 2375 3531 2432 ὡς
3572 2376 3747 2436 εἰπεῖν,

2167 2459 2423 2518 πολιτείας
2454 2470 2642 2530 σχῆμα
2669 2460 2871 2522 δικαίως
2896 2464 3145 2534 ἐπήγαγεν
3174 2465 3331 2534 αὐτῷ,
3357 2471 3447 2523 τῆς
3476 2465 3567 2533 μέν
3595 2472 3752 2516 Θεον-

2164 2552 2379 2605 πολιτῶν
2420 2554 2796 2624 ἐκέεϐλημένος,
2836 2553 2962 2609 διότι
3006 2576 3103 2632 περ
3168 2557 3317 2609 αὐτὸν
3364 2555 3389 2609 ό
3426 2557 3537 2610 κατ’
3568 2558 3754 2613 ἐκείνην

2165 2642 2483 2697 ἀπεσείσατο
2511 2645 2701 2718 θρόνος,
2733 2643 2815 2699 οἷα
2866 2646 2991 2717 μηδέ
3039 2670 3125 2705 την
3173 2650 3346 2721 ἀρχὴν
3396 2649 3555 2721 ὀρθῶς
3595 2649 3752 2706 «uti:

2164 2733 2537 2804 ἐπειλημμένον,
2574 2737 2679 2789 ἀλλ’
2706 2736 2787 2791 ἔτι
2816 2739 2997 2800 ζῶντός
3024 2758 3077 2791 τε
3109 2741 3190 2791 καί
3219 2740 3267 2790 ἐν
3301 2745 3409 2797 ταῖς
3437 2738 3744 2807 ἁγιωτάταις

2164 2826 2449 2887 ἐκκλησίαις
2484 2830 2975 2900 ἀνακηρυττομένου,
3006 2838 3095 2885 τοῦ
3138 2833 3238 2906 πρὸ
3269 2834 3423 2886 αὐτοῦ
3471 2838 3558 2890 την
3600 2834 3748 2904 ἱερω-

2163 2919 2316 2975 σύνην
2346 2920 2656 2989 ἐσχηκότος,
2684 2923 2824 2994 παρά
2854 2919 2904 2975 δέ
2931 2928 3023 2975 τοῦ
3043 2920 3152 2993 μετ’
3176 2922 3328 2976 αὐτόν
3355 2931 3445 2981 τῆς
3475 2922 3752 2995 ἱερωσύνης

2164 3007 2559 3069 ἐκπεπτωκότος’
2593 3013 2651 3063 οὐ
2682 3013 2878 3066 στάντα
2918 3010 2971 3066 δέ
3016 3014 3177 3088 μέχρι
3218 3015 3399 3066 τούτου
3442 3015 3605 3079 μόνον,
3639 3013 3747 3066 ἀλλ’

2160 3098 2255 3157 ἤδη
2301 3105 2382 3156 καὶ
2410 3103 2509 3155 ὑπὸ
2556 3105 2711 3157 κοινὸν
2754 3106 3157 3173 ἀναθεματισμόν
3213 3113 3301 3164 τῆς
3356 3105 3621 3178 ὀρθοδίιξου
3671 3109 3752 3159 καί

2134 3192 2423 3253 ρκαθολικῆς
2454 3195 2712 3254 ἐκκλησίας
2740 3196 3022 3267 γενόμενον,
3054 3201 3133 3249 καί
3159 3199 3349 3252 πολλῶν
3377 3201 3492 3267 ἡμῖν
3516 3199 3744 3270 βιϐλίων,

485 3304 548 3344 ac
576 3291 855 3345 catholica:
876 3290 1128 3344 Ecclesiae
1150 3292 1600 3343 anathematismo
1631 3300 1853 3356 pttSllus,
1878 3292 2059 3346 multis

2166 3289 2473 3361 βλασφήμων
2502 3312 2575 3351 τε,
2609 3294 2693 3344 καί
2718 3294 3134 3365 ἀπηγορευμένων
3178 3294 3510 3361 ἐμπλήσαντα
3554 3294 3611 3346 τὸ
3652 3316 3744 3346 πο·

483 3382 654 3447 libiis,
680 3382 1129 3451 blasphemiisque
1158 3391 1210 3435 et
1240 3383 1722 3438 abominationibus
1748 3385 1897 3436 nobis
1926 3398 2059 3437 rem-

484 3475 747 3542 publicam
804 3473 1062 3543 implevit.
1140 3474 1315 3538 Quare
1370 3473 1632 3529 universis
1694 3474 2058 3531 interdicimus

481 3566 679 3635 aliquid
715 3565 779 3618 de
812 3564 959 3621 libris
999 3566 1164 3633 ipsius
1200 3565 1495 3634 possidere.
1532 3568 1596 3619 Et
1626 3568 1761 3619 sicut
1801 3582 1906 3619 non
1937 3568 2060 3620 licet

482 3658 712 3714 Nestorii
739 3659 903 3713 lii-ros
931 3662 1189 3725 scribere,
1219 3662 1301 3714 vel
1330 3659 1609 3729 possidere
1638 3661 1656 3728 (
1691 3660 1812 3729 quia
1850 3659 2056 3724 praede-

482 3750 788 3805 cessoribus
836 3751 1030 3804 nostris
1059 3751 1471 3819 imperatoribus
1503 3753 1554 3805 in
1583 3753 1694 3805 suis
1723 3752 2060 3806 constitutio-

484 3842 639 3898 nibus
674 3844 844 3899 visum
894 3853 975 3897 est
1017 3854 1252 3897 statuere
1302 3844 1493 3897 similia
1546 3844 1625 3898 his
1670 3860 1789 3913 qua:
1832 3843 1972 3897 dicta
2005 3852 2059 3896 et

482 3934 677 4004 scripta
727 3945 849 3989 sunt
894 3950 924 3990 a
969 3934 1261 4007 Porphyrio
1294 3938 1345 3990 in
1373 3932 1784 4003 Christianos),
1833 3937 1912 3989 sic
1960 3949 2059 3989 nec

480 4027 619 4084 dicta
646 4036 701 4083 et
729 4030 925 4099 scripta
958 4030 1140 4083 Severi
1174 4038 1424 4082 maneant
1450 4044 1617 4095 penes
1642 4028 1873 4097 aliquem
1901 4026 2058 4081 Chri-

482 4120 714 4175 stianum
742 4160 756 4185 ,
789 4121 881 4175 sed
909 4122 1016 4175 sint
1051 4120 1269 4189 profana
1304 4130 1358 4174 ct
1398 4122 1568 4174 aliena
1601 4121 1667 4173 ab
1699 4120 1934 4172 Ecclesia
1971 4135 2057 4172 ca-

454 4210 457 4213 ’
486 4212 678 4267 tholica
706 4253 720 4277 ,
752 4210 977 4282 igneque
1016 4212 1397 4266 comburantur
1425 4226 1453 4263 a
1485 4210 1884 4280 possidentibus
1911 4252 1924 4274 ,
1959 4210 2056 4263 nisi

482 4304 573 4374 qui
603 4304 718 4374 ipsa
747 4304 965 4369 habent,
1001 4304 1169 4358 velint
1222 4303 1514 4371 periculum
1566 4303 1691 4370 pati.
1746 4307 1789 4356 A
1844 4303 2058 4355 nemine

481 4413 612 4466 ergo
665 4397 999 4460 scribantur,
1050 4411 1222 4465 neque
1266 4396 1332 4448 ad
1382 4394 1850 4463 pulchritudinem,
1885 4408 2059 4460 neque

481 4490 549 4543 ad
586 4488 921 4543 velocitatem
950 4485 1320 4551 scribentium,
1350 4485 1573 4539 sciendo
1600 4484 1720 4553 quia
1770 4482 2058 4550 amputatio

483 4599 672 4642 manus
717 4582 800 4635 his
826 4583 913 4651 qui
969 4582 1165 4647 scripta
1222 4579 1341 4649 ejus
1376 4579 1709 4645 scripserint,
1743 4591 1897 4642 pmna
1928 4578 2054 4629 erit.

486 4676 669 4745 Neque
704 4678 846 4728 enim
872 4673 1118 4727 Volumus
1144 4674 1196 4725 in
1231 4670 1410 4725 futuro
1435 4681 1678 4739 tempore
1700 4684 1766 4723 ex
1804 4669 1906 4722 illis
1949 4669 2061 4721 bla-

484 4765 780 4835 sphemiam
828 4764 1086 4832 protrahi.
1120 4763 1380 4817 Similiter
1402 4770 1577 4815 autem
1605 4770 1659 4815 et
1685 4761 1806 4815 huic
1836 4760 2059 4814 interdi-

486 4859 659 4912 cimus
710 4858 929 4910 omnino
970 4854 1169 4924 regiam
1197 4855 1463 4909 civitatem
1496 4855 1724 4921 ingredi,
1753 4862 1841 4906 aut
1874 4852 2061 4911 distri-

486 4958 629 5005 ctum
659 4948 796 5019 ejus,
827 4962 924 5001 nec
951 4947 1182 5015 aliquam
1214 4948 1371 5000 aliam
1418 4946 1486 4999 de
1533 4946 1848 5015 insignibus,
1884 4947 1975 5001 sed
2010 4947 2059 4999 in

485 5048 663 5120 aliqua
693 5047 977 5102 solitudine
1002 5053 1057 5102 et
1082 5046 1134 5101 in
1165 5045 1377 5100 silentio
1406 5046 1596 5099 sedere
1616 5084 1631 5108 ,
1681 5055 1735 5099 et
1792 5060 1897 5097 null
1942 5060 2063 5097 cor—

485 5159 737 5212 rumpere
798 5150 1045 5207 caateros,
1098 5154 1273 5208 neque
1303 5140 1353 5192 in
1379 5137 1763 5205 blasphemiam
1791 5138 1935 5204 ipsos
1967 5136 2061 5188 ad-

485 5238 713 5301 ducere,
748 5244 803 5289 et
848 5248 954 5287 non
983 5247 1195 5300 semper
1224 5228 1425 5299 aliquid
1458 5229 1578 5282 novi
1610 5227 1849 5281 invenire
1878 5239 2062 5279 contra

486 5344 610 5385 vera
649 5327 896 5396 dogmata
930 5367 944 5390 ,
994 5338 1091 5393 per
1123 5320 1263 5391 quod
1312 5334 1499 5373 rursus
1543 5318 1697 5371 nobis
1739 5315 2064 5370 conturbare

485 5422 849 5478 sanctissimas
881 5419 1152 5473 Ecclesias
1182 5414 1418 5469 festinet.

556 5514 686 5569 CAP.
728 5512 792 5568 ll.
825 5538 896 5551 —-
925 5510 1028 5563 Sed
1054 5523 1152 5562 nec
1181 5506 1393 5560 Petrum
1442 5505 1750 5571 episcopum
1782 5501 2022 5569 Apamia:
2045 5543 2058 5565 ,

485 5614 540 5661 et
564 5604 720 5660 simul
762 5602 830 5656 ab
860 5600 1011 5668 ipsis,
1044 5612 1073 5650 a
1101 5596 1293 5666 quibus
1347 5596 1580 5649 Severus
1604 5634 1619 5658 ,
1677 5594 1776 5645 sub
1808 5592 2063 5659 praedicto

487 5692 829 5748 anathemate
882 5689 1135 5757 positum,
1188 5685 1468 5754 imperium
1525 5684 1797 5747 admittit,
1829 5682 1923 5736 sed
1958 5684 2066 5735 sint

490 5781 666 5836 valida
690 5797 808 5850 quae
846 5789 1031 5834 contra
1060 5778 1235 5853 ipsum
1260 5775 1411 5831 fuere
1452 5784 1671 5831 statuta.
1719 5774 1791 5827 Et
1828 5773 1917 5843 qui
1964 5775 2065 5827 sub

493 5872 765 5929 communi
792 5870 1241 5927 anathematismo
1271 5868 1477 5939 positus
1505 5878 1609 5933 est,
1640 5866 1740 5923 sub
1764 5866 1882 5936 ipso
1904 5874 2020 5923 esto
2046 5882 2061 5933 ;

2164 3379 2395 3447 λίτευμα.
2424 3377 2582 3434 Ὠστε
2611 3386 2694 3434 καί
2737 3383 3120 3453 ἀπαγορεύσειεν
3162 3382 3329 3435 ἅπασι
3358 3390 3457 3435 τῶν
3502 3386 3660 3437 αὐτοῦ
3696 3404 3746 3437 τι

2164 3470 2433 3526 κεκτῆσθαι
2459 3470 2683 3539 βιξλίων.
2730 3474 2825 3524 Καὶ
2856 3473 3027 3544 ὥσπερ
3060 3472 3149 3524 οὐκ
3179 3469 3349 3533 ἔξεστι
3379 3474 3442 3525 τά
3472 3474 3743 3545 Νεστορίου

2161 3558 2389 3631 γράφειν,
2420 3559 2449 3617 ἤ
2479 3563 2754 3618 κεκτῆσθαι
2784 3562 2976 3633 βιϐλία,
3009 3560 3133 3616 διότι
3160 3571 3267 3622 τοῖς
3295 3564 3395 3635 πρὸ
3424 3564 3569 3635 ἡμῶν
3590 3566 3748 3617 αύτο-

2162 3649 2450 3725 κράτορσιν,
2481 3651 2530 3703 ἐν
2561 3659 2677 3711 ταῖς
2720 3653 2910 3707 ἑαυτῶν
2938 3652 3245 3715 διατάξεσιν,
3280 3651 3415 3716 ἔδοξε
3460 3661 3566 3714 τοῖς
3606 3656 3748 3728 παρά

2163 3744 2441 3813 Πορφυρίου
2470 3744 2601 3796 κατά
2646 3752 2959 3817 Χριστιανῶν
2998 3747 3274 3819 εἰρημένοις
3316 3742 3463 3813 ὅμοια
3501 3748 3747 3798 καθεστά-

2162 3853 2263 3891 ναι,
2297 3832 2427 3886 οὕτω
2457 3839 2581 3904 μήτε
2609 3837 2675 3890 τὰ
2699 3841 2896 3911 Σευηρῳ
2928 3838 3142 3908 ῥηθέντα
3167 3859 3240 3891 τε.
3273 3842 3356 3890 καί
3380 3841 3629 3914 γραφέντα
3659 3860 3749 3908 με-

2160 3923 2281 3975 νέτω
2310 3925 2455 3998 παρά
2486 3946 2581 3978 τινι
2609 3936 2919 3999 Χριστιανῷ,
2960 3929 3063 3981 ἀλλ’
3100 3928 3233 3983 ἔστω
3262 3928 3472 3998 βέϐηλοι,
3502 3933 3584 3982 καί
3609 3929 3750 3983 ἀλλό-

2162 4038 2278 4088 τρια
2308 4025 2396 4076 τῆς
2440 4020 2699 4078 καθολικῆς
2727 4022 3015 4086 ἐκκλησίας,
3057 4024 3182 4095 πυρί
3222 4042 3276 4075 τε
3320 4022 3568 4094 φλεγέσθω
3611 4024 3750 4095 παρὰ

2161 4116 2259 4161 τῶν
2289 4112 2616 4177 κεκτημένων,
2652 4114 2693 4161 εί
2734 4116 2802 4179 μὴ
2843 4111 3105 4181 βούλονται
3154 4110 3458 4167 κινδυνεύειν
3497 4112 3540 4164 οἱ
3585 4120 3750 4166 ταίτα

2160 4197 2395 4269 ἔχοντες.
2443 4202 2713 4273 Γραφέσθω
2757 4223 2809 4256 τε
2858 4204 2999 4276 παρά
3041 4200 3250 4272 μηδενὸς
3290 4204 3349 4256 τὸ
3392 4201 3584 4267 λοιπὸν,
3626 4201 3750 4272 μγ.δέ

2160 4302 2257 4347 τῶν
2285 4297 2356 4355 εἰς
2402 4295 2600 4358 κάλλος,
2634 4293 2761 4364 μηδέ
2808 4303 2905 4349 τῶν
2954 4297 3024 4355 είς
3054 4297 3220 4364 τάχος
3267 4295 3575 4366 γραφόντων,
3625 4294 3751 4363 μηδέ

2162 4382 2307 4438 ἄλλου
2352 4388 2483 4445 τιντς
2525 4395 2626 4440 τῶν
2674 4387 2901 4443 πάντων,
2951 4384 3143 4445 ε’δότος
3190 4387 3259 4443 ὡς
3303 4386 3540 4441 ἀποκοπὴ
3573 4386 3752 4457 χειρὸς

2160 4476 2306 4533 ἔσται
2334 4488 2445 4540 τοῖς
2469 4481 2536 4534 τά
2564 4482 2752 4534 ἐκείνου
2780 4482 3058 4549 γράφουσιν
3087 4480 3117 4534 ἡ
3146 4481 3309 4534 ποινή.
3344 4475 3473 4530 Οὐδέ
3499 4478 3597 4551 γάρ
3626 4479 3749 4547 βου·

2158 4569 2344 4639 λόμεθα
2371 4573 2553 4642 καὶτῷ
2590 4571 2867 4640 λειπομένῳ
2910 4570 3085 4640 χρόνῳ
3124 4573 3214 4626 τήν
3258 4569 3307 4632 ἐξ
3341 4570 3537 4622 ἐκείνων
3568 4571 3749 4623 ἐπισύ-

2092 4660 2139 4720 D
2166 4662 2344 4732 ρεσθαι
2367 4660 2709 4730 βλασᾳημίαν.
2745 4660 2957 4727 Ὀμοίως
2988 4658 3041 4743 di
3087 4657 3147 4717 δη
3175 4661 3259 4712 καί
3286 4664 3466 4713 τοῦτον
3496 4660 3749 4716 παντοίως

2165 4753 2546 4820 ἀπαγορεύομεν
2576 4766 2664 4810 τίς
2687 4750 2946 4819 βασιλίδος
2975 4750 3247 4803 ἐπιϐαίνειν
3276 4748 3466 4809 πολεως
3487 4748 3515 4806 ἦ
3547 4769 3746 4822 περιοι-

2162 4843 2297 4901 κίδος
2338 4844 2516 4907 αὐτῆς,
2552 4840 2702 4901 ὅλλης
2730 4863 2782 4895 τε
2814 4850 2912 4896 τῶν
2959 4844 3338 4916 ἐπισημοτέρων
3376 4846 3529 4911 τινός,
3562 4844 3662 4898 ἀλλ’
3700 4848 3750 4898 ἐν

2165 4940 2346 5009 ἐρημίᾳ
2376 4939 2493 4997 τινὶ,
2537 4938 2622 4988 καί
2663 4937 2865 5007 ἠσυχίᾳ
2914 4938 3183 4998 καθῆσθαι,
3227 4940 3406 5005 καὶμὴ
3448 4935 3745 5009 διαφθείρειν

2163 5029 2387 5099 ἐτέρους,
2432 5024 2557 5095 μηδέ
2592 5028 2662 5085 εἰς
2709 5026 3026 5096 βλασφημίαν
3076 5028 3261 5086 αὐτούς
3306 5028 3570 5100 προάγειν,
3617 5028 3742 5096 μηδέ

2161 5121 2238 5172 ἀεί
2267 5140 2316 5171 τι
2344 5118 2510 5171 καινὸν
2535 5118 2837 5188 ἐξευρίσκειν
2862 5118 2993 5171 κατὰ
3019 5124 3118 5170 τῶν
3142 5117 3333 5175 ἀληθῶν
3356 5116 3642 5189 δογμάτων,
3677 5118 3744 5171 δι’

2162 5208 2220 5263 οὗ
2268 5211 2415 5264 πάλιν
2467 5212 2582 5279 ἡμῖν
2629 5210 2942 5282 συνταράξαι
2992 5210 3083 5268 τὰς
3131 5207 3421 5280 ἁγιωτάτας
3479 5210 3743 5270 ἐκκλησίας

2164 5302 2454 5355 σπεύσειεν.

2238 5502 2307 5552 Οὐ
2352 5503 2447 5568 μην
2491 5496 2603 5550 ούδέ
2637 5497 2818 5567 Πέτρον
2845 5494 2929 5546 τόν
2958 5491 3234 5564 Ἀπαμςιὶας
3259 5490 3518 5563 γενόμενον
3547 5492 3753 5543 ἐπίσκο-

2170 5614 2283 5650 πον,
2314 5593 2398 5645 καί
2442 5588 2548 5658 ἅμα
2578 5592 2665 5657 μὲν
2694 5587 3047 5663 καθῃρημένον,
3080 5584 3187 5657 ἅμα
3216 5582 3270 5638 δέ
3309 5581 3394 5638 ἐπὶ
3438 5591 3543 5641 τοῖς
3582 5584 3751 5641 αὐτοῖς

2170 5679 2241 5754 ἐφ’
2265 5679 2337 5742 οἷς
2365 5688 2576 5754 Σευῆρος
2614 5678 2716 5732 ύπὸ
2760 5678 2817 5731 τὸ
2859 5677 3115 5747 εἰρημένον
3144 5676 3365 5747 ἀνάθεμα
3409 5673 3685 5746 γενόμενον,
3718 5675 3752 5731 ἡ

2170 5774 2407 5844 βασιλεία
2435 5770 2723 5846 προσίεται,
2754 5769 2857 5822 ἀλλ’
2887 5767 3021 5823 ἔστω
3051 5770 3202 5844 κυρία
3228 5771 3312 5821 καί
3338 5770 3403 5821 τά
3446 5766 3558 5819 κατ’
3590 5766 3749 5819 αὐτοῦ

2172 5864 2502 5937 ψηφισθέντα.
2536 5863 2635 5915 Καὶ
2662 5860 2762 5915 ὑπὸ
2786 5860 2868 5914 τὸν
2893 5859 3049 5914 κοινόν
3073 5861 3287 5929 ταχθεὶς
3318 5857 3748 5929 ἀναθεματισμὰν,
