4148 6450
300 443 427 512 1101

1524 454 1826 517 CONTRA
1865 458 1997 519 SEV'
2008 457 2363 520 ERIANOS.
3444 462 3578 526 1102

308 572 391 628 ὕπ’
416 572 563 627 αὐτὸν
604 570 761 634 ἔστω,
794 580 884 632 τῆς
923 580 1023 627 τῶν
1067 571 1361 644 ἁγιωτάτων
1388 573 1679 648 ἀρχιερέων
1706 573 1887 646 προελ-

1993 581 2045 623 et
2075 575 2339 627 sententia
2368 576 2829 633 sanctissimorum
2863 580 3172 648 pontificum
3204 626 3218 650 ,
3249 598 3365 652 qua;
3399 601 3574 649 ipsum

306 665 485 722 (irrisa;
514 661 593 717 ἔπ’
615 664 791 723 αὐτοῖς
820 662 987 735 ψήφου
1017 666 1194 741 κυρίας
1228 662 1585 734 διαμενούσης.
1627 664 1726 716 Οὐκ
1762 664 1889 734 ἐφίε-

309 778 393 824 μεν
419 755 469 810 δέ
512 753 628 809 οὐδὲ
670 756 836 825 ἐκείνῳ
877 757 1067 813 ταύτην
1105 758 1251 810 οἰκεῖν
1277 761 1367 813 τὴν
1398 754 1640 826 βασιλίδα
1668 755 1829 813 πόλιν,
1859 754 1888 812 ἧ

306 853 394 904 τήν
428 847 583 905 αὐτῆς
625 843 933 922 περιοικίδα,
977 845 1008 903 ἤ
1030 866 1142 901 τινα
1167 854 1267 901 τῶν
1306 847 1645 919 σεμνοτέρων,
1688 845 1795 898 ἀλλ’
1823 841 1890 896 ὧν

310 937 602 995 ἠκολούθησε
630 945 694 1011 τῇ
720 936 907 1005 πλάνῃ,
945 938 1139 991 τούτων
1167 938 1417 1008 μιμείσθω
1441 940 1525 989 καὶ
1552 939 1641 992 την
1667 932 1887 997 δίαιταν,

310 1029 654 1097 ἀπῳκισμένος
685 1026 764 1081 ὅτι
806 1027 1149 1099 ποίῥωτάτω,
1194 1028 1280 1081 καὶ
1318 1027 1553 1102 κρύπτων
1584 1025 1780 1087 ἑαυτὸν,
1821 1027 1892 1083 ὡς

310 1128 414 1179 τοῖς
440 1140 495 1191 ’γε
534 1122 782 1179 τοιούτοις
827 1122 886 1175 τὸ
928 1120 1244 1193 κρύπτεσθαι
1292 1119 1473 1190 μᾶλλον
1500 1125 1591 1173 τοῦ
1631 1120 1893 1188 φαίνεσθαι

309 1210 740 1285 λυσιτελέστερον.
773 1208 1004 1281 ’Δφανεῖς
1048 1212 1138 1279 μέν
1168 1210 1265 1280 γάρ
1297 1207 1434 1268 ἱντες
1476 1209 1685 1269 ἑαυτούς
1734 1230 1894 1262 κατα-

316 1299 564 1369 ϐλάψουσι
592 1302 772 1367 μόνους
794 1316 805 1328 ³
840 1298 1233 1368 δημοσιεύοντες
1260 1298 1311 1353 δὲ
1341 1301 1406 1353 τά
1428 1299 1623 1353 ἑαυτῶν
1657 1296 1895 1370 δόγματα

314 1390 511 1449 πολλοῖς
533 1396 631 1444 τῶν
659 1390 1005 1462 ἀφελεστέρων
1034 1390 1256 1461 ἀφορμήν
1275 1390 1525 1449 ἀπωλείας
1547 1389 1891 1465 παρέχουσιν,

320 1480 443 1551 ὅπερ
472 1480 576 1535 κατ’
624 1479 806 1535 οὒδένα
836 1482 1066 1552 γίνεσθαι
1106 1481 1291 1553 τρόπον
1358 1479 1406 1530 ἐν
1451 1487 1512 1547 τῇ
1559 1486 1893 1553 Χριστιανικῇ

312 1579 402 1626 τοῦ
433 1579 553 1625 Θεοῦ
583 1576 795 1646 ποίμνῃ,
843 1575 923 1625 καί
966 1579 1039 1639 τῷ
1086 1567 1330 1643 όρθοδόξῳ
1376 1571 1482 1641 λαῷ
1512 1568 1700 1624 δίκαιόν
1730 1572 1886 1635 ἔστιν,

312 1662 421 1717 ούδέ
452 1666 587 1739 παρά
606 1671 696 1723 τῆς
724 1662 987 1731 βασιλείας
1011 1662 1469 1735 συγχωρούμενον.

378 1777 510 1827 Ἐπεί
536 1773 587 1828 δὲ
614 1777 698 1828 καί
728 1774 927 1849 Ζωόραν
957 1776 1180 1837 ἠξίωσαν
1210 1770 1333 1831 ὅλως
1359 1772 1456 1825 ἐπὸ
1479 1773 1892 1843 ἀναθεματισμὸν

311 1865 356 1917 οῗ
388 1865 817 1933 σεϐασμιὼτατοι.
868 1867 953 1919 καί
1001 1866 1065 1919 τά
1109 1862 1283 1919 δίκαια
1323 1866 1578 1937 κρίναντες
1622 1864 1890 1918 ἐπίσκοποι

1996 665 2273 730 przevenit,
2307 664 2457 719 ﬁrma
2491 679 2824 735 permanet".
2856 671 3039 741 Neque
3069 688 3195 727 vero
3219 675 3581 743 permittimus

1995 752 2069 805 illi
2104 752 2239 808 hanc
2274 754 2470 824 regiam
2496 758 2684 812 urbem
2717 758 2961 816 habitare
2990 803 3005 826 ,
3045 775 3135 816 aut
3191 764 3357 834 ipsius
3401 766 3585 821 distri-

1995 850 2139 895 ctum
2162 886 2177 911 ,
2211 846 2294 898 vel
2322 846 2559 914 aliquam
2592 850 2658 903 de
2689 851 3016 919 insignibus;
3050 855 3141 909 sed
3168 872 3397 924 quorum
3422 873 3582 913 secu-

1997 941 2083 987 tus
2132 946 2213 990 est
2263 950 2529 1006 errorem,
2575 940 2765 996 horum
2799 944 3036 998 imitetur
3068 951 3235 999 victus
3268 948 3530 1003 rationem
3565 992 3581 1017 ,

1998 1039 2160 1093 quam
2187 1027 2501 1096 longissime
2534 1030 2831 1086 abscedens
2875 1043 2929 1089 et
2967 1036 3247 1090 occultans
3295 1040 3532 1106 seipsum
3567 1058 3582 1105 ;

2000 1130 2125 1170 nam
2155 1119 2345 1172 talibus
2374 1123 2662 1199 occultari,
2684 1142 2841 1193 quam
2873 1128 3037 1182 videri
3071 1131 3248 1185 utilius
3277 1142 3377 1185 est.
3415 1133 3582 1201 Ignoti

2001 1209 2202 1260 etenim
2233 1194 2556 1279 existentes,
2585 1229 2643 1269 se
2674 1214 2817 1284 ipsos
2856 1218 3051 1273 laedunt
3080 1222 3227 1276 solos
3258 1240 3271 1275 :
3308 1224 3583 1291 publican-

2017 1305 2095 1350 [Es
2126 1313 2250 1351 vero
2282 1316 2373 1353 sua
2407 1301 2690 1369 dogmata,
2723 1307 2902 1361 multis
2931 1325 2995 1362 ex
3040 1311 3453 1378 simplicioribus
3490 1329 3586 1369 oc-

2002 1386 2273 1441 casionem
2337 1391 2657 1457 perditionis
2712 1398 2976 1463 praebent;
3036 1402 3175 1467 quod
3225 1403 3370 1456 nullo
3424 1406 3580 1457 modo

2004 1477 2117 1529 lieri
2172 1479 2223 1532 in
2275 1481 2585 1537 Christiano
2634 1489 2757 1541 ovili
2816 1490 2906 1542 Dei
2949 1500 3002 1544 et
3033 1493 3332 1549 orthodoxo
3388 1497 3583 1565 populo

2001 1579 2213 1632 aequum
2240 1580 2338 1634 est,
2370 1585 2542 1640 neque
2568 1574 2637 1628 ab
2667 1577 2889 1645 imperio
2920 1581 3237 1647 permissum
3265 1595 3367 1639 est.

2076 1756 2200 1813 Cap.
2248 1758 2334 1814 Ill.
2358 1792 2431 1803 —
2455 1763 2721 1831 Quoniam
2752 1785 2877 1825 vero
2905 1783 2959 1827 et
2988 1773 3210 1830 Zoaram
3236 1778 3450 1849 dignum
3484 1797 3573 1850 pe-

2002 1846 2150 1902 nitus
2192 1850 2502 1918 judicarunt
2552 1859 2653 1911 sub
2701 1862 3144 1920 anathematismo
3175 1883 3295 1924 esse
3326 1886 3575 1927 reveren-

308 1955 630 2021 ποιήσασθαι,
672 1956 857 2029 μικράν
891 1976 1003 2009 τινα
1044 1956 1356 2028 παρενθήκην
1384 1960 1482 2006 τῶν
1501 1954 1735 2007 τοιούτων
1764 1949 1887 2008 ὅντα

1998 1934 2206 1991 dissimi
2233 1982 2249 2006 ,
2284 1951 2335 1994 et
2373 1944 2461 2011 qui
2502 1942 2649 2012 jusra
2686 1946 2922 2017 judicant
2973 1954 3205 2023 episcopi
3238 1956 3381 2025 (cum
3415 1973 3573 2027 parva

313 2052 495 2108 κακῶν,
525 2048 574 2098 ἐν
603 2043 675 2106 οἷς
709 2050 1006 2119 ἠτίμσσται,
1050 2047 1109 2100 τὸ
1147 2050 1268 2118 γοῦν
1295 2043 1421 2106 όλως
1445 2053 1628 2113 τυχεῖν
1653 2045 1786 2103 τινός
1812 2047 1894 2098 su-

308 2140 610 2207 πορὰσαντα
638 2141 855 2209 μνήμης,
887 2137 1021 2192 ἴστω
1050 2140 1135 2190 καί
1164 2137 1368 2208 Ζωὸρας
1396 2145 1488 2195 τῆς
1516 2143 1737 2209 πονηρᾶς
1764 2141 1895 2192 ταύ-

309 2245 401 2285 της
432 2223 654 2299 μερίδος,
680 2229 904 2295 ’Δνθίμου
935 2247 1011 2291 τε,
1036 2229 1115 2281 καί
1146 2230 1385 2303 Σευήρου,
1417 2227 1498 2280 καί
1526 2227 1713 2300 Πέτρου
1735 2230 1894 2296 φαμέν

308 2316 598 2386 παρενθήκη
638 2337 718 2376 τις
759 2317 979 2381 εὐτελής,
1020 2321 1104 2371 καὶ
1136 2319 1187 2370 ὲν
1217 2325 1325 2377 τοῖς
1359 2318 1893 2387 άνατεθεματισμένοις

308 2407 396 2457 καί
429 2406 584 2464 αὐτὸς
627 2408 865 2477 τετάχθω
893 2416 987 2467 τῆς
1031 2409 1285 2482 ἱερατικῆς
1315 2407 1463 2462 αὐτόν
1492 2408 1893 2479 κατενεγκούσης

310 2493 499 2566 ψήφου,
535 2498 592 2553 ἦν
620 2498 796 2569 κυρίαν
824 2501 911 2551 καί
947 2499 1104 2556 αὐτὴν
1142 2494 1210 2570 ἐφ’
1234 2496 1416 2556 ἑαυτῆς
1447 2491 1623 2551 οὖσαν.
1648 2499 1892 2572 κυριωτέ-

307 2603 404 2655 ραν
431 2583 511 2639 ἔτι
535 2587 718 2655 μᾶλλον
738 2589 769 2645 ἡ
796 2588 1031 2656 βασιλεία
1058 2595 1215 2652 ποιεῖ,
1241 2590 1325 2642 καί
1348 2594 1521 2643 τοῦτον
1560 2588 1893 2653 ἐξελαύνονσα

306 2681 393 2732 τῆς
421 2673 681 2742 βασιλίδος
704 2674 896 2736 ταύτης
925 2677 1137 2740 πόλεως,
1158 2679 1242 2731 καί
1268 2684 1360 2736 τῆς
1384 2679 1538 2737 αὐτῆς
1559 2675 1887 2752 περιοικίδος,

307 2760 392 2810 καὶ
425 2759 507 2810 ἐπὶ
529 2765 618 2817 τήν
655 2767 754 2813 τῶν
794 2762 981 2816 πόλεων
1007 2761 1201 2820 οἴκησιν
1242 2764 1377 2830 αὐτῷ
1411 2766 1662 2823 παντοίως
1696 2766 1890 2835 ἀπαγο-

305 2843 535 2912 ρεύουσα
578 2846 712 2899 ὥστε
725 2847 836 2916 μετ’
857 2849 1051 2902 ἐκείνων
1073 2849 1234 2920 μόνων
1259 2851 1405 2902 οἰκεῖν
1424 2869 1501 2913 τε,
1526 2852 1609 2903 καί
1631 2849 1893 2919 βουλεύεσ-

308 2935 389 2985 θαι
415 2939 515 2986 τῶν
555 2932 840 3008 ἔμπροσθεν
866 2940 982 3006 ἡμῖν
1023 2940 1313 3012 εἰρημένων,
1345 2938 1496 3011 ὅμοια
1535 2943 1625 3013 μίν
1661 2942 1890 3013 βλασφηο

305 3025 553 3091 μούντων,
583 3023 734 3095 ὅμοια
763 3025 814 3081 δέ
857 3032 940 3082 καί
984 3030 1257 3093 παθόντων,
1283 3029 1466 3101 ὁμοίως
1495 3030 1549 3088 δέ
1588 3035 1668 3087 καί
1696 3052 1889 3106 περιω-

305 3115 576 3183 ρισμένων.
600 3120 657 3166 Εἰ
681 3114 799 3172 δέτι
824 3120 907 3171 καί
932 3120 1101 3193 ἕτερον
1132 3128 1193 3195 τῇ
1225 3129 1323 3175 τῶν
1353 3121 1650 3192 ἁγιωτάτων
1680 3124 1889 3177 ἐπισκό-

302 3222 419 3255 πων
445 3204 745 3277 περιέχεται
768 3208 914 3281 ψήφῳ
942 3218 1003 3283 τῇ
1023 3213 1138 3271 τούς
1158 3214 1554 3287 προειρημένους
1581 3214 1887 3286 καθαιρούσῃ

2002 2029 2248 2096 ῳιωιιξιιη
2279 2033 2462 2089 talium
2492 2038 2752 2093 malorum
2779 2042 3112 2113 interpositio
3138 2048 3267 2121 sit),
3294 2062 3347 2105 et
3378 2052 3429 2105 in
3460 2054 3576 2122 qui-

1999 2116 2102 2174 bus
2126 2122 2508 2180 dehonestatus
2548 2137 2662 2195 est,
2706 2135 2884 2187 omnia
2915 2136 3159 2192 videlicet
3179 2116 3576 2209 comprehendo

1997 2228 2065 2269 ex
2097 2221 2352 2273 memoria
2385 2224 2614 2292 quadam
2647 2227 2979 2297 abundanti;
3012 2233 3080 2286 sit
3111 2245 3161 2288 et
3187 2235 3381 2290 Zoaras
3413 2237 3573 2292 inter-

1996 2308 2192 2375 positio
2232 2315 2473 2381 qnmdam
2523 2332 2683 2385 parva
2728 2320 2886 2389 hujus
2934 2325 3087 2378 malae
3120 2329 3282 2394 partis
3312 2329 3573 2399 (Anthimi

1996 2396 2221 2454 dicimus
2274 2411 2328 2456 et
2371 2404 2555 2461 Severi
2610 2422 2674 2462 ac
2715 2410 2936 2481 Petri),
2986 2424 3040 2467 et
3098 2396 3407 2471 numeretur
3461 2420 3572 2488 ipse

1994 2502 2209 2557 quoque
2238 2491 2378 2547 inter
2406 2496 2903 2569 anathematizatos,
2936 2519 3086 2557 sacra
3117 2506 3375 2561 sentenzia
3404 2510 3573 2577 ipsum

1994 2578 2279 2649 dejiciente
2312 2603 2324 2637 :
2354 2603 2510 2652 quam
2563 2588 2768 2644 ﬁrmam
2825 2603 2880 2648 et
2931 2595 3097 2664 ipsam
3150 2613 3213 2650 ex
3247 2602 3418 2666 seipsa
3459 2603 3575 2655 exi-

1995 2681 2262 2737 stenlem,
2308 2678 2481 2732 adhuc
2536 2682 2820 2737 ﬁrmiorem
2895 2685 3176 2754 imperium
3225 2690 3398 2744 reddit
3447 2708 3461 2744 ;
3524 2702 3578 2747 et

1997 2759 2139 2816 hunc
2166 2763 2236 2819 de
2267 2767 2365 2821 hac
2395 2771 2535 2823 regia
2569 2774 2702 2827 urbe
2732 2784 2783 2826 et
2815 2775 2933 2842 ejus
2962 2777 3203 2831 districto
3250 2780 3433 2848 abiicit
3460 2823 3475 2846 ,
3522 2793 3574 2836 et

1995 2848 2379 2911 habitationem
2412 2859 2462 2911 in
2493 2861 2612 2915 aliis
2653 2865 2957 2920 civitatibus
2999 2867 3097 2934 ipsi
3149 2870 3365 2924 omnino
3408 2871 3572 2927 inter-

1995 2940 2165 3008 dicit;
2195 2944 2372 3016 itaque
2395 2964 2511 3002 cum
2546 2951 2648 3006 illis
2677 2956 2806 3007 solis
2832 2957 3027 3011 habitet
3057 2968 3109 3013 et
3135 2963 3402 3016 consultet
3428 2965 3516 3033 qui
3542 2980 3568 3017 a

1996 3037 2148 3090 nobis
2180 3047 2304 3093 ante
2336 3045 2614 3097 memorati
2647 3054 2808 3099 sunt:
2839 3048 2925 3116 qui
2968 3049 3157 3104 similia
3208 3054 3418 3122 quidem
3452 3056 3563 3109 bla-

1993 3127 2275 3193 splienzant
2304 3169 2318 3191 ,
2370 3128 2564 3185 siini'ia
2623 3149 2747 3186 vero
2794 3138 3081 3203 patiuntur,
3128 3152 3177 3193 et
3234 3141 3483 3197 similiter
3512 3145 3562 3197 in

1992 3215 2213 3269 exilium
2264 3218 2564 3274 mittuntur.
2613 3222 2668 3277 Si
2706 3227 2829 3293 quid
2880 3243 3005 3281 vero
3046 3228 3188 3283 aliud
3218 3231 3267 3283 in
3299 3236 3565 3288 sententia

306 3313 383 3358 τε,
417 3298 500 3347 καί
536 3296 989 3373 άναθεματιζούσῃ,
1024 3303 1193 3379 κύριον
1238 3301 1291 3357 δὲ
1333 3306 1600 3358 καὶτοῦτο
1629 3305 1882 3374 τιθέμεθα,

1993 3309 2450 3366 sanctissimorum
2507 3315 2878 3383 episcoporum
2928 3322 3252 3387 continetur,
3285 3341 3405 3394 quae
3428 3343 3565 3397 pra--

308 3387 393 3438 καί
419 3392 523 3445 τοῖς
560 3389 727 3453 θείοις,
759 3393 840 3443 καί
868 3390 1144 3463 βασιλικοῖς
1174 3396 1313 3464 ἡμῶν
1363 3395 1488 3449 αύτό
1517 3396 1684 3465 νόμοις
1713 3397 1880 3448 ἐπικυ-

306 3482 515 3549 ροῦμεν,
544 3479 609 3538 ὡς
631 3474 692 3532 ἂν
735 3482 780 3533 εί
823 3485 969 3556 παρὰ
1013 3492 1105 3545 τῆς
1143 3485 1408 3554 βασιλείας
1451 3488 1613 3546 αὐτῆς
1647 3487 1883 3563 προελθὸν

307 3568 607 3639 ἐτύγχανεν.
630 3573 684 3624 Εἰ
712 3570 764 3625 δὲ
785 3574 870 3627 καί
895 3596 971 3635 τις
1001 3578 1164 3631 αὐτῶν
1197 3578 1334 3634 ἁλοίη
1360 3581 1413 3633 τὸ
1441 3578 1619 3633 λοιπὸν
1643 3581 1880 3653 πράττων

306 3679 357 3711 τι
377 3661 523 3728 παρά
569 3662 635 3714 τά
682 3660 1114 3736 διατετυπωμένα,
1147 3665 1278 3721 ἵστω
1325 3672 1409 3721 καί
1457 3676 1566 3728 τοῖς
1607 3668 1885 3738 βασιλικοῖς

308 3749 728 3819 ύποπεσούμενος
757 3755 957 3824 νόμοις,
991 3756 1036 3810 οἳ
1064 3752 1157 3818 τάς
1192 3758 1429 3819 ἐλάττους
1467 3768 1566 3815 τῶν
1595 3768 1774 3814 ποινῶν
1807 3769 1883 3813 ἰκ-

307 3839 576 3904 κ).ἱνοντες,
618 3844 689 3902 εἰς
739 3847 944 3914 μείζους
999 3847 1307 3917 ἐμϐάλλουσι
1353 3852 1449 3908 τὰς
1489 3852 1881 3923 ἀγανακτήσεις.

306 3926 708 4004 ’Δπαγορεύομεν
735 3934 788 3989 δέ
816 3939 900 3991 καί
922 3942 1075 3994 παντί
1102 3947 1173 4012 τῷ
1198 3946 1290 3997 τὴν
1320 3942 1579 3999 καθολικὴν
1627 3940 1886 4001 ἐκκλησίαν

306 4030 400 4077 τοῦ
428 4030 555 4077 Θεοῦ
584 4024 808 4098 διασπᾷν
839 4029 1205 4104 ἐπιχειροῦντι,
1227 4031 1325 4087 εἴτε
1350 4035 1479 4088 κατά
1494 4040 1583 4093 την
1606 4038 1880 4108 Νεστορίου

306 4120 401 4166 τοῦ
430 4117 800 4187 mmmam);
827 4120 1091 4192 ὑφήγησιν,
1127 4121 1223 4177 εἴτε
1264 4128 1388 4179 κατὰ
1422 4130 1510 4183 τήν
1538 4126 1746 4182 ἀνόητον
1786 4123 1887 4178 Εὗ-

306 4214 515 4275 τυχοῦς
559 4207 857 4282 παράδοσιν,
887 4212 985 4267 εἴτε
1026 4218 1154 4268 κατὰ
1190 4222 1280 4275 τὴν
1313 4224 1530 4295 Σευήρου
1566 4222 1886 4295 βλασφημίαν

307 4300 476 4352 ταύτὰ
498 4300 741 4360 κάκείνοις
766 4308 1054 4370 νοήσαντος,
1089 4306 1182 4361 εἴτε
1214 4317 1311 4362 τῶν
1341 4313 1540 4372 ἐκείνοις
1560 4314 1885 4368 ἀκολουθούν-

305 4410 408 4442 των
437 4398 545 4450 ταῖς
570 4390 880 4464 ἁγιωτάταις
898 4399 1209 4459 Ἐκκλησίαις
1232 4405 1474 4475 ταραχάς
1497 4407 1769 4476 ἐμιῗάλλειν,
1799 4411 1884 4461 καί

304 4481 605 4553 γθέγγεσθαί
633 4506 680 4538 τι
710 4488 827 4556 περί
868 4491 1112 4549 πίστεως-⁸
1162 4493 1285 4547 ἀλλὰ
1333 4496 1632 4565 θεσπίζομεν
1673 4499 1884 4553 ἕκαστον

305 4578 409 4624 τῶν
437 4575 673 4628 τοιούτων
703 4580 793 4634 τήν
822 4578 1048 4648 ἡσυχίαν
1079 4577 1236 4653 ἄγειν,
1270 4588 1353 4637 καί
1383 4584 1503 4643 αηδέ
1525 4589 1786 4659 συγκαλεῖν
1812 4591 1882 4649 εἰς

1986 3399 2157 3453 dictos
2181 3400 2433 3470 deponit,
2458 3413 2513 3459 et
2536 3406 2967 3475 anathematizat,
3004 3411 3102 3466 hoc
3133 3414 3339 3469 tirmius
3372 3417 3554 3472 reddi-

1987 3506 2105 3545 mus
2127 3500 2181 3547 et
2208 3491 2424 3560 divinis,
2459 3510 2523 3549 ac
2551 3497 2909 3567 imperialibus
2934 3506 3131 3559 nostris
3159 3506 3361 3576 legibus
3393 3508 3563 3579 ipSum

1995 3582 2435 3649 corroboramus,
2467 3600 2529 3641 ac
2559 3588 2602 3640 si
2622 3589 2690 3643 ab
2720 3592 2944 3660 imperio
2977 3596 3096 3664 ipso
3127 3600 3475 3666 provenisset.
3508 3602 3564 3657 Si

1990 3685 2118 3725 vero
2139 3672 2331 3741 aliquis
2358 3674 2592 3743 ipsorum
2622 3680 3052 3750 deprehendatur
3074 3688 3141 3743 de
3170 3698 3364 3745 caetero
3388 3689 3565 3748 facere

1988 3764 2186 3832 aliquld
2221 3778 2413 3834 printer
2443 3772 2748 3840 constituta,
2796 3777 2931 3829 sciat
2964 3795 3021 3833 se
3050 3779 3304 3835 incidisse
3329 3781 3381 3837 in
3412 3785 3557 3855 leges

1989 3856 2317 3927 imperiales,
2344 3876 2464 3931 qua:
2496 3865 2731 3920 minores
2764 3883 2946 3935 ptenas
2966 3871 3317 3938 declinantes,
3354 3877 3419 3931 ad
3450 3893 3563 3932 ma-

1982 3947 2133 4017 jores
2163 3948 2456 4006 immittunt
2501 3954 2911 4026 indignationes.
2961 3962 3334 4021 lnterdicimus
3381 3979 3557 4023 autem

1989 4048 2042 4091 et
2066 4040 2312 4095 omnibus
2335 4046 2655 4101 conantibus
2682 4051 2998 4107 catholicam
3026 4056 3441 4134 DebEcclesiam
3481 4063 3562 4115 di-

1989 4130 2191 4186 vellere
2215 4133 2354 4203 (sive
2377 4139 2665 4192 secundum
2692 4141 2917 4198 Nestorii
2962 4130 3195 4203 haeretici
3236 4151 3556 4219 doctrinam,

1986 4222 2100 4275 sive
2140 4225 2434 4279 secundum
2468 4229 2724 4285 insensati
2758 4236 3010 4305 Eutycliis
3062 4240 3421 4311 traditionem,
3449 4247 3563 4301 sive

1988 4314 2281 4367 secundum
2330 4318 2713 4387 blaSpliemiam
2751 4325 2956 4393 Severi,
2986 4331 3074 4397 qui
3116 4344 3171 4388 et
3221 4334 3417 4391 similia
3461 4337 3563 4392 illis

1988 4400 2264 4467 intellexit,
2292 4418 2381 4460 aut
2408 4424 2590 4464 eorum
2615 4417 2701 4480 qui
2732 4416 2849 4470 illos
2870 4428 3209 4489 sequuntur),
3243 4427 3557 4482 seditionem

1987 4494 2273 4550 immittere
2302 4502 2653 4557 sanctissimis
2680 4506 2950 4575 Ecclesia,
2980 4521 3032 4565 et
3075 4513 3215 4581 loqui
3254 4516 3449 4585 aliquid
3493 4519 3559 4573 de

1990 4587 2122 4651 lide;
2158 4587 2249 4641 sed
2277 4592 2545 4647 sancimus
2575 4598 2870 4662 quemlibet
2915 4602 3097 4656 talium
3122 4606 3357 4673 quietum
3387 4623 3509 4665 esse
3541 4652 3557 4677 ,

310 4660 495 4716 ἔαυτόν
523 4686 685 4727 τινας,
713 4671 839 4738 μήτε
872 4670 1174 4745 προσιόντας
1203 4672 1473 4742 δέχεσθαι,
1495 4676 1525 4735 ἧ
1554 4679 1887 4751 παραϐαπτί·

1993 4688 2046 4732 et
2073 4695 2177 4733 non
2209 4696 2505 4740 convocare
2533 4688 2737 4756 aliquos
2776 4690 2840 4745 ad
2872 4708 2931 4748 se
2956 4733 2972 4759 ,
3026 4711 3196 4765 neque
3245 4701 3560 4756 accedentes

308 4758 413 4817 ζειν
440 4755 656 4832 θαρρεῑν·
693 4757 723 4815 ἦ
753 4764 848 4815 ’τήν
876 4760 1011 4833 ἱεράν
1046 4768 1303 4818 κοινωνίαν
1329 4766 1612 4838 ῥυπαίνειν,
1646 4772 1732 4823 καί
1759 4772 1886 4823 ταύ-

308 4864 404 4906 της
434 4847 755 4918 μεταδιδόναι
783 4856 937 4917 τισὶν,
965 4853 994 4912 ἦ
1017 4857 1111 4915 τὰς
1133 4858 1546 4931 άπηγορευμένας
1566 4861 1888 4925 διδασκαλίας

309 4941 637 5010 ύξηγεῐσθαι,
670 4941 699 4999 ἦ
729 4944 813 4995 ἐπὶ
839 4947 1029 5005 ταύτης
1058 4955 1148 5007 τῆς
1179 4949 1443 5019 βασιλίδος
1492 4955 1630 5023 ἡμῶν
1676 4957 1887 5023 πόλεως,

306 5028 337 5084 ἡ
368 5029 441 5109 ἐφ’
472 5030 669 5103 ἑτέρας,
698 5032 801 5084 ἀλλ’
830 5034 1107 5106 ὑφορᾶσθαι
1130 5040 1297 5094 πάντα
1323 5040 1565 5108 κίνδυνον,
1598 5043 1710 5101 εἴτι
1737 5054 1893 5101 τοιοῦ-

308 5140 394 5170 τον
420 5119 678 5194 πράξαιεν.
713 5120 1113 5199 ’Δπαγορεύομεν
1140 5127 1193 5183 δέ
1240 5134 1321 5185 καί
1358 5138 1493 5189 πᾶσι
1519 5138 1734 5198 τούτους
1759 5142 1888 5192 ύπο-

306 5207 579 5279 δέχεσθαι.
609 5212 924 5269 ’Δπελαύνειν
964 5224 1054 5287 μέν
1099 5214 1186 5274 οὖν
1225 5224 1520 5294 θεσπίζομεν
1564 5230 1751 5289 αύτούς
1788 5238 1885 5284 τῶν

308 5302 401 5354 ὑπ’
430 5305 598 5357 αὐτῶν
640 5311 1024 5379 ταραττομένων
1059 5311 1265 5379 πόλεων,
1308 5315 1505 5378 εἰδότας
1552 5323 1644 5379 τὰς
1689 5324 1884 5385 ποινάς,

305 5398 403 5453 τάς
426 5402 541 5455 ταῖς
565 5398 715 5458 θείαις
740 5400 879 5464 ἡμῶν
898 5399 991 5457 ἤδη
1013 5406 1379 5475 περιεχομένας
1402 5405 1708 5474 διατάξεσιν,
1734 5414 1884 5485 αἴπερ

305 5487 397 5537 καί
425 5488 518 5544 τάς
544 5488 702 5545 οἰκίας
733 5482 908 5550 αὐτάς,
948 5490 995 5541 ἐν
1025 5487 1103 5551 αἶς
1130 5494 1354 5547 τοιοῦτόν
1388 5516 1437 5548 τι
1466 5499 1770 5568 πράττεται.
1801 5505 1886 5556 καὶ

306 5582 377 5631 τά
409 5581 581 5650 χωρία
602 5580 651 5640 ἐξ
678 5575 743 5630 ὧν
770 5581 862 5638 τὰς
884 5581 1170 5654 ἀποτροφὰς
1200 5593 1561 5655 χορηγοῦνται,
1587 5599 1703 5649 ταῖς
1733 5590 1885 5661 ἁγιω-

305 5668 491 5726 τάταις
517 5668 835 5729 Ἐκκλησὶαις
877 5678 1246 5747 προσκυροῦσι,
1299 5683 1397 5728 τῶν
1439 5679 1529 5745 μέν
1577 5684 1883 5749 κεκτημένων

307 5758 693 5829 ἀφαιρούμεναι,
724 5759 852 5815 διότι
895 5763 1083 5831 βλάϐης
1114 5766 1251 5818 αἰτία
1289 5774 1393 5826 τοῖς
1420 5766 1785 5845 ἁπλουστέροις
1812 5778 1882 5842 ’γί-

309 5868 470 5910 ειται,
503 5850 603 5903 ύπὸ
634 5849 685 5904 δὲ
714 5854 803 5912 τάς
827 5852 1111 5924 ἁγιωτάτας
1152 5858 1236 5910 καί
1276 5857 1562 5926 ὀρθοδὸξους
1589 5863 1880 5925 Ἐκκλησίας

1988 4770 2249 4839 recipere,
2281 4781 2371 4826 aut
2397 4790 2677 4845 perperam
2706 4779 2975 4851 baptizare
3000 4787 3214 4851 audere,
3240 4798 3331 4843 aut
3356 4806 3558 4846 sacram

1990 4862 2422 4919 communionem
2451 4868 2747 4937 sordidare,
2766 4882 2820 4927 et
2848 4875 3014 4941 ipsam
3037 4877 3305 4947 aliquibus
3329 4883 3559 4949 tradere,

1993 4961 2079 5002 aut
2111 4950 2425 5009 interdictas
2461 4956 2729 5015 doctrinas
2760 4978 3028 5033 exponere
3048 4970 3159 5022 sive
3184 4972 3235 5024 in
3259 4972 3357 5026 hac
3376 4984 3554 5029 nostra

1992 5041 2158 5109 regia,
2212 5043 2325 5099 sive
2372 5046 2422 5099 in
2471 5049 2574 5102 alia
2613 5051 2866 5120 civitate;
2919 5058 3013 5110 sed
3056 5073 3215 5113 omne
3266 5062 3555 5129 periculum

1993 5131 2346 5189 reformidare
2370 5177 2384 5196 ,
2417 5138 2462 5191 si
2495 5140 2619 5207 quid
2652 5144 2754 5198 tale
2781 5144 2959 5199 faciat.
3003 5149 3369 5205 lnterdicimus
3394 5154 3550 5208 etiam

1989 5223 2259 5286 omnibus,
2295 5241 2361 5279 ne
2390 5228 2518 5283 istos
2549 5234 2864 5300 suscipiant.
2894 5236 3068 5305 Abjici
3106 5254 3233 5307 ergo
3264 5240 3405 5308 ipsos
3434 5257 3558 5296 san-

1989 5313 2157 5363 cimus
2201 5313 2267 5367 de
2321 5316 2625 5372 civitatibus
2663 5322 2729 5375 ab
2783 5323 2909 5390 ipsis
2944 5327 3222 5381 concitatis
3256 5368 3271 5393 ,
3321 5334 3554 5389 scientes

1992 5415 2174 5466 ptenas
2200 5403 2311 5470 jam
2342 5417 2619 5461 contentas
2650 5412 2700 5463 in
2737 5415 2933 5467 nostris
2969 5415 3162 5471 divinis
3215 5422 3553 5479 constitutio-

1989 5491 2164 5555 nibus,
2195 5509 2314 5561 qua:
2340 5503 2394 5548 et
2422 5496 2608 5550 domos
2662 5501 2820 5568 ipsas,
2874 5504 2924 5556 in
2969 5506 3161 5570 quibus
3192 5510 3297 5564 tale
3321 5513 3444 5580 quid
3474 5514 3554 5581 ﬁt,

1987 5590 2039 5631 et
2077 5594 2293 5648 campos
2323 5598 2388 5635 cx
2416 5584 2609 5651 quibus
2638 5590 2958 5645 nutrimenta
2984 5595 3304 5666 praebentur,
3330 5606 3556 5661 sanctis-

1985 5681 2131 5733 simis
2147 5682 2397 5736 Ecclesiis
2421 5688 2708 5755 assignant,
2732 5698 2785 5744 et
2802 5707 2828 5744 a
2861 5695 3250 5761 possidentibus
3276 5702 3546 5770 auferunt,

1984 5776 2103 5844 quia
2128 5776 2432 5831 detrimenti
2457 5793 2614 5834 causa
2646 5784 2700 5836 lit
2727 5785 3170 5855 simplicioribus;
3197 5798 3552 5856 sanctissimis

1987 5880 2112 5920 vero
2164 5876 2217 5921 et
2263 5869 2574 5929 orthodoxis
2610 5874 2859 5935 Ecclesiis
2907 5879 3021 5937 hzec
3064 5881 3207 5952 juste
3242 5890 3530 5959 subjiciunt
