4148 6460
544 458 680 525 1103

1638 457 2074 520 JUSTINIANI
2116 459 2655 522 IMPERATORIS.

3650 461 3782 526 HM

543 586 670 641 Haec
693 599 790 654 pro
811 589 1076 642 communi
1107 601 1233 655 pace
1261 590 1713 643 sanctissimarum
1740 589 2094 643 Ecclesiarum

2214 594 2367 641 ταῦτα
2394 585 2594 645 δικαίως
2637 584 2863 656 ἄγονται.
2895 591 3071 639 Ταῦτα
3107 586 3236 659 ὑπὲρ
3263 591 3348 644 τῆς
3382 591 3540 642 κοινῆς
3583 582 3786 657 εἰρήνης

540 676 844 741 statuimus,
863 677 974 730 haec
991 679 1343 745 decernimus,
1366 693 1650 749 sequentes
1680 690 1981 734 sanctorum
2007 679 2106 732 Pa-

543 777 680 821 trum
707 768 977 837 dogmata,
1007 781 1055 820 ut
1085 785 1243 825 omne
1274 773 1626 826 sacerdotium
1669 771 2106 838 imperturbatum

541 861 608 915 de
638 870 832 917 cattero
855 863 1010 918 nobis
1033 875 1356 932 permaneat.
1386 865 1501 931 Quo
1531 867 1580 916 in
1608 879 1736 933 pace
1765 873 1996 925 servato,
2026 878 2109 916 rc-

542 951 682 1019 liqua
731 952 884 1007 nobis
936 954 1250 1008 exuberabit
1295 954 1590 1023 respublica
1641 954 1870 1020 desuper
1926 966 2106 1018 pacem

539 1045 744 1099 habens
774 1063 786 1097 :
820 1061 979 1114 quam
1009 1047 1257 1102 omnibus
1302 1062 1524 1116 magnus
1575 1047 1713 1099 Deus
1764 1056 1816 1099 et
1864 1045 2112 1100 Salvator

542 1143 728 1188 noster
751 1134 906 1189 .Iesus
935 1135 1180 1190 Christus
1197 1137 1476 1191 Trlnitatis
1506 1150 1660 1200 unus,
1694 1135 1992 1200 unigenitus
2016 1134 2108 1188 Dei

541 1224 704 1278 Filius
734 1225 988 1293 praedicat
1023 1269 1036 1292 ,
1083 1240 1146 1280 ac
1191 1226 1352 1280 donat
1403 1225 1542 1300 [Al.,
1578 1225 1804 1293 praebeat
1828 1240 1890 1278 ac
1929 1223 2108 1295 donet]

540 1313 624 1367 ltis
648 1315 735 1383 qui
769 1315 978 1370 sincere
1007 1315 1180 1384 ipsum
1207 1326 1262 1370 et
1301 1331 1423 1372 vere
1479 1316 1770 1388 gloriﬁcare
1795 1329 1859 1370 ac
1886 1316 2110 1371 adorare

541 1405 682 1474 digni
709 1406 868 1460 habiti
896 1419 1037 1462 sunt.
1199 1415 1202 1418 ’

610 1496 887 1550 Custodiat
920 1498 1097 1567 itaque
1128 1497 1399 1552 beatitudo
1423 1509 1530 1563 tua,
1553 1512 1674 1566 qua:
1698 1506 1842 1551 recte
1864 1495 2110 1551 adnotata

545 1597 702 1652 sunt;
737 1599 790 1642 et
822 1589 991 1642 mittat
1033 1589 1142 1656 ipsa
1186 1604 1281 1656 per
1323 1603 1445 1642 suas
1499 1589 1608 1641 Deo
1645 1586 1867 1640 dilectas
1913 1589 2112 1640 litteras

543 1676 784 1730 omnibus
811 1676 1160 1731 sanctissimis
1183 1677 1536 1745 metropolitis
1566 1677 1667 1730 sub
1693 1675 1804 1744 ipsa
1836 1676 2114 1730 existenti-

542 1770 639 1824 bus
665 1788 676 1822 :
703 1784 928 1838 quorum
954 1770 1172 1824 cuilibet
1201 1784 1325 1823 cura
1356 1770 1457 1824 erit
1487 1771 1597 1837 ipsa
1628 1770 1903 1822 manifesta
1937 1769 2113 1823 facete

535 1860 888 1915 sanctissimis
928 1861 1178 1914 Ecclesiis
1217 1860 1315 1915 sibi
1355 1859 1629 1930 subjectis,
1669 1870 1725 1912 ut
1753 1859 2017 1913 neminem
2045 1874 2109 1913 ex

539 1956 782 2009 omnibus
811 1955 1007 2008 lateant
1035 1970 1152 2024 qu:e
1185 1953 1486 2008 sacerdotio
1514 1954 1627 2006 visa
1661 1961 1784 2006 sunt
1811 1962 1864 2007 et
1903 1952 1970 2007 ab
2009 1952 2106 2006 int-

535 2048 681 2114 perio
707 2048 1045 2103 confirmata.

1053 2218 1234 2273 Divina
1259 2220 1584 2288 subscriptio.

2209 685 2307 732 τῶν
2337 677 2630 748 ἁγιωτάτων
2672 678 2950 735 Εκκλησιῶν
2973 678 3354 745 νομοθετοῦμεν,
3378 679 3547 727 ταῦτα.
3570 673 3783 746 ψηφιζό-

2210 768 2337 836 μεθα
2363 775 2469 827 τοῖς
2499 774 2597 820 τῶν
2642 767 2795 839 ἁγίων
2830 769 3060 836 Πατέρων
3089 764 3570 822 κατακολουθοῦντες
3597 761 3787 834 δὸγνα-

2209 879 2313 921 σιν,
2345 857 2480 919 ὅπως
2505 855 2562 912 ἂν
2591 862 2648 913 τὸ
2679 860 2922 930 ἱερατικὸν
2955 857 3087 911 ἅπαν
3115 858 3384 926 ἀτάραχον
3423 857 3537 925 ἡμῖν
3566 861 3656 908 τοῦ
3687 857 3789 908 )οιι

2210 955 2309 1003 ποῦ
2333 947 2573 1018 διαμένοι.
2608 947 2784 1017 Οὖπερ
2823 950 2870 1000 ἒν
2899 951 3065 1022 εἰρήνῃ
3105 945 3469 1018 φυλαττομένου
3498 948 3580 997 καὶ
3602 946 3659 998 τὸ
3689 945 3790 997 λοι-

2212 1043 2303 1095 πὸν
2338 1043 2454 1110 ἡμῖν
2485 1043 2740 1099 εύοηνὴσει
2779 1040 3060 1109 πολίτευμα
3081 1044 3169 1096 τήν
3200 1036 3383 1091 ἄνωθεν
3413 1035 3539 1108 ἔχον
3569 1037 3786 1108 εἰρήνην,

2213 1131 2268 1188 ἣν
2295 1136 2453 1184 πᾶσιν
2483 1129 2508 1183 ὁ
2531 1132 2686 1202 μέγας
2707 1131 2830 1190 θεὸς
2853 1133 2935 1183 καὶ
2965 1135 3132 1204 Σωτὴρ
3163 1130 3301 1198 ἡμῶν
3329 1125 3518 1186 Ἰησοῦς
3546 1129 3789 1201 Χριστὸς,

2213 1221 2350 1282 ὁτῆς
2372 1221 2584 1297 Τριάδος
2616 1221 2707 1289 εἷς,
2736 1223 2760 1277 ὁ
2790 1227 3057 1293 μονογενής
3079 1229 3168 1275 τοῦ
3197 1227 3323 1276 Θεοῦ
3356 1221 3530 1292 Λόγος,
3555 1223 3791 1294 κηρύττει

2215 1334 2294 1376 τε,
2323 1318 2408 1367 καὶ
2431 1323 2651 1388 χορηγεῖ
2673 1323 2784 1375 τοῖς
2804 1321 3024 1385 γνησίως
3050 1315 3218 1376 αὐτὸν,
3250 1316 3332 1368 καὶ
3357 1314 3543 1373 ἀληθῶς
3570 1311 3791 1377 δοξάζειν

2212 1421 2291 1466 τε,
2331 1405 2416 1456 καὶ
2434 1413 2739 1478 προσκυνεῖν
2759 1407 3071 1475 ἠξιωμένοις.

2283 1503 2334 1547 ‘H
2361 1497 2527 1548 τοίνυν
2559 1501 2624 1553 σή
2651 1497 2986 1571 μακαριότης.
3019 1499 3084 1549 τὰ
3126 1495 3284 1566 ὀρθῶς
3323 1496 3664 1568 παραστάντα
3707 1518 3793 1567 φυ-

2211 1581 2452 1646 )αττέτω,
2476 1587 2884 1654 καταπέμπουσα
2911 1592 3078 1640 ταῦτα
3099 1583 3182 1639 διὰ
3203 1585 3430 1655 Θεοφιλῶν
3455 1588 3610 1645 αὐτῆς
3629 1607 3794 1659 γραμ-

2214 1673 2389 1740 μάτων
2418 1679 2551 1728 πᾶσι
2573 1683 2677 1735 τοῖς
2707 1675 2795 1728 ὐπ’
2821 1677 2974 1734 αύτήν
3012 1676 3331 1746 τεταγμένοις
3367 1674 3667 1736 ὁσιωτάτοις
3698 1700 3795 1747 μη-

2213 1764 2558 1838 τροπολίταις,
2611 1763 2674 1818 ὧν
2728 1766 2924 1836 ἑκάστῳ
2973 1772 3238 1837 γενήσεται
3290 1772 3488 1840 φροντὶς
3541 1779 3655 1830 τοῖς
3701 1769 3793 1824 ὑπ’

2216 1855 2397 1914 αὐτούς
2427 1857 2750 1927 τεταγμέναις
2779 1855 3084 1916 ὁσιωτάταις
3102 1855 3431 1917 Ἐκκλησὶαις.
3462 1866 3628 1912 ταῦτα
3651 1869 3796 1920 ποιῆ-

2213 1969 2302 2002 σαι
2324 1949 2532 2021 φανερὰ,
2563 1949 2693 2002 ὥστε
2739 1944 2925 2017 μηδένα
2959 1953 3059 2001 τῶν
3093 1949 3292 2002 πάντων
3327 1947 3570 2002 διαλαθεῖν
3591 1991 3604 2011 ,
3640 1953 3702 2002 τά
3739 1971 3794 2004 τε

2214 2047 2274 2111 τῇ
2302 2039 2663 2113 ἀρχιερωσύνῃ
2693 2037 2926 2103 δόξαντα,
2945 2031 3073 2092 τοίτε
3095 2038 3197 2092 ύπὸ
3227 2046 3316 2098 τῆς
3346 2038 3606 2108 βασιλείας
3641 2059 3791 2092 κεχυ-

2216 2132 2437 2206 ρωμένα.

2749 2231 2802 2275 Ἦ
2829 2223 2932 2277 θεία
2959 2221 3248 2294 ύπογραφή.

605 2324 861 2379 Divinitas
886 2337 936 2382 te
965 2337 1147 2382 servet
1178 2343 1272 2397 per
1301 2329 1496 2382 multos
1519 2342 1688 2381 annos
1714 2368 1728 2392 ,
1761 2339 1948 2384 sancte
1975 2340 2028 2383 et
2053 2329 2237 2398 religio
2269 2345 2299 2381 e
2333 2331 2505 2386 Pater.

609 2416 736 2469 Data
767 2428 956 2471 octavo
977 2418 1099 2472 ldus
1131 2421 1418 2488 Augustas,
1454 2417 1941 2488 ConstantinOpoli,
1974 2431 2092 2490 post
2121 2421 2456 2476 consulatum
2489 2422 2893 2491 Belissarii,viri
2913 2424 3193 2479 clarissimi
3210 2423 3372 2495 [anno
3396 2424 3600 2480 Domini
3623 2424 3771 2496 536].

537 2550 3800 2584 mw

1241 2727 2059 2846 JUSTINIANI
2141 2725 3110 2843 lMPEBATORIS

1838 2966 2522 3060 TRACTATUS

763 3188 1611 3353 CONTRA
1769 3151 3578 3349 MONOPHYSITAS.

1401 3462 1558 3534 (Aac.
1594 3460 1695 3516 MAI
1727 3460 1836 3515 Vel.
1876 3457 2075 3531 Script.
2095 3457 2301 3514 collect.
2332 3475 2451 3512 nov.
2489 3467 2529 3512 t.
2554 3457 2670 3523 VII,
2698 3474 2750 3528 p.
2781 3456 2929 3530 292.)

519 3792 856 3848 Justinianus
882 3787 1174 3856 imperator
1203 3789 1379 3835 noster
1401 3778 1572 3848 factus
1591 3784 1880 3831 tractatum
1903 3776 2113 3848 dogma-

2230 3779 2660 3834 Ἰουστινιανου
2712 3779 2818 3834 τοῦ
2871 3781 3200 3852 γενομένου
3254 3780 3426 3851 ἡμῶν
3467 3782 3808 3850 βασιλέως,

594 3884 756 3937 ticum
805 3894 925 3932 cum
953 3871 1325 3942 conscripserit
1375 3883 1441 3922 ex
1498 3867 1790 3938 Scripturis
1834 3869 2003 3921 sacris
2051 3885 2113 3922 ac

593 3973 792 4030 sanctis
843 3968 1094 4024 Patribus
1151 3965 1220 4018 ad
1275 3962 1559 4016 monachos
1605 3961 1693 4030 qui
1727 3969 1850 4013 sunt
1888 3961 1942 4013 in
1976 3976 2115 4013 nono

595 4063 1182 4130 Alexandriw,.bonum
1201 4058 1500 4112 censuimus
1522 4055 1836 4110 beatitudini
1861 4065 1964 4111 tua:
1990 4057 2114 4110 mit-

594 4173 736 4228 tere;
769 4162 877 4215 hazc
902 4166 1081 4210 autem
1115 4153 1312 4208 habet:

593 4369 750 4423 Verte
775 4364 905 4420 ﬁdei
937 4361 1348 4418 confessionem
1379 4359 1616 4429 primam
1645 4355 1843 4411 salutis
1871 4370 1993 4410 csse
2030 4371 2119 4410 ra-

525 4462 733 4516 tionem
763 4455 1029 4511 omnibus
1068 4452 1417 4516 hominibus,
1450 4449 1692 4504 maxime
1731 4448 1820 4503 his
1857 4448 1952 4518 qui
1996 4461 2117 4501 mo-

524 4541 795 4608 nasticam
845 4548 1014 4602 vitam
1070 4546 1382 4616 elegerunt,
1431 4542 1837 4599 existimamus.
1871 4540 1928 4596 Si
1969 4541 2117 4595 enim

525 4659 732 4714 corpus
763 4641 1034 4711 castigare
1064 4638 1314 4703 student,
1353 4638 1530 4692 multo
1567 4636 1742 4707 magis
1774 4634 2016 4690 animam
2048 4633 2116 4689 ad

526 4736 690 4791 ﬁdem
718 4736 773 4789 in
802 4734 977 4788 Deum
1010 4730 1311 4784 informare
1338 4730 1567 4794 debent,
1598 4745 1698 4800 per
1727 4744 1894 4799 quam
1909 4736 2118 4782 azterna

524 4830 638 4885 vita
671 4827 778 4882 frui
805 4840 1116 4896 speramus.
1144 4823 1282 4877 Nam
1322 4838 1491 4893 opere
1523 4821 1675 4888 ﬁdei,
1705 4822 1854 4892 quod
1883 4829 1970 4876 est
1993 4837 2120 4893 per-

524 4921 752 4985 fectius,
777 4933 903 4974 cum
942 4917 1163 4970 ratione
1200 4915 1400 4987 agendi
1429 4931 1544 4969 non
1579 4913 1979 4977 conveniente,
2016 4929 2117 4967 ne—

525 5031 681 5072 cesse
712 5022 796 5068 est
840 5021 900 5067 ut
922 5052 936 5074 ,
963 5011 1123 5082 juxta
1158 5009 1508 5078 Scripturam
1534 5047 1548 5073 ,
1579 5006 1831 5077 operatio
1856 5005 1977 5060 sine
2012 5004 2117 5059 ﬁde

523 5116 747 5166 mortua
781 5106 853 5162 sit
881 5123 893 5159 :
920 5104 1108 5169 Nemo,
1144 5102 1318 5167 enim,
1345 5100 1548 5171 inquit,
1581 5109 1889 5166 coronatur,
1910 5099 2010 5153 nisi
2045 5098 2120 5152 le-

522 5204 706 5275 gitime
740 5199 1019 5255 certaverit
1041 5209 1080 5251 ι.
1114 5195 1408 5267 Egrotare
1448 5192 1766 5249 communis
1794 5201 2009 5247 natura:
2034 5202 2118 5248 est

524 5293 974 5361 inﬁrmitatisque
1032 5289 1292 5343 humana:
1323 5328 1338 5352 ,
1397 5287 1488 5342 cui
1533 5301 1730 5341 omnes
1767 5285 2112 5352 subduntur,

523 5384 896 5459 potentissimi
935 5383 1106 5438 etiam
1137 5379 1398 5451 ingenio;
1425 5379 1788 5444 sanarivero,
1815 5394 2114 5449 veramque

525 5480 688 5534 ﬁdem
721 5491 1050 5549 agnoscere,
1096 5474 1478 5543 unitatemque
1508 5488 1573 5528 ac
1613 5487 1806 5544 pacem
1847 5471 2113 5527 Ecclesia:

525 5570 758 5642 diligere
795 5566 1031 5621 rationis
1066 5572 1153 5619 est
1191 5579 1256 5618 ac
1292 5563 1606 5618 cltaritatis.
1639 5563 1788 5617 Deus
1835 5561 1986 5616 enim
2029 5569 2114 5616 est

523 5673 578 5718 et
599 5668 833 5718 vocatur
853 5659 993 5714 Deus
1021 5661 1200 5730 pacis;
1237 5659 1311 5712 ita
1341 5665 1402 5712 ut
1439 5657 1535 5727 qui
1564 5656 1692 5712 ﬁdei
1724 5654 1988 5726 pacisque
2017 5654 2116 5709 bo-

524 5771 657 5810 num
694 5754 929 5823 diligere
962 5750 1230 5806 videntur
1252 5790 1266 5815 ,
1297 5750 1364 5804 ad
1399 5751 1573 5805 Deum
1612 5749 1932 5820 pertineant
1967 5749 2117 5802 fere-

526 5865 635 5916 quc
682 5845 860 5902 divini
906 5842 1040 5898 sint.
1089 5842 1216 5900 Haec
1245 5852 1432 5899 autem
1473 5843 1543 5898 ad
1571 5842 1839 5914 pietatem
1865 5848 2114 5896 vestram

652 6002 694 6056 ll
725 6001 869 6054 Tim.
900 6015 961 6067 ιι,
991 6001 1045 6056 5.

2292 3872 2481 3940 λόγον
2533 3873 2994 3939 συντεθεικότος
3049 3874 3415 3944 δογματικὸν
3464 3874 3533 3929 ἐκ
3576 3893 3640 3929 τε
3691 3877 3815 3930 τῶν

2291 3965 2465 4018 θείων
2510 3965 2772 4035 Γραφῶν
2819 3966 2919 4021 καί
2961 3965 3082 4021 τῶν
3123 3969 3310 4038 ἁγίων
3344 3968 3623 4038 Πατέρων
3662 3971 3814 4037 πρὸς

2289 4057 2431 4122 τοὺς
2455 4057 2526 4111 ἐν
2551 4055 2631 4122 τῷ
2655 4057 2849 4125 ἐνάτῳ
2874 4058 2986 4126 τῆς
3011 4061 3461 4130 Ἀλεξανδρέων
3479 4061 3812 4134 μοναχοὺς,

2291 4147 2624 4217 ἀναγκαῖον
2652 4149 3006 4220 ἡγησάμεθα
3036 4150 3248 4205 τοῦτον
3283 4151 3480 4222 δῆλον
3507 4153 3810 4222 καταστῆ-

2290 4256 2393 4294 σαι
2425 4238 2498 4308 τῇ
2527 4239 2612 4308 σῇ
2635 4243 3058 4310 μακαριότητι·
3095 4243 3222 4312 ἕχει
3251 4242 3321 4297 δὲ
3348 4244 3561 4312 οὕτως·

2291 4355 2526 4427 Πρώτην
2564 4349 2706 4408 εἶναι
2751 4357 3027 4428 σωτηρίαν
3061 4358 3272 4412 ἅπασιν
3303 4359 3621 4428 ἀνθρώποις
3648 4360 3817 4428 ήγούο

2224 4448 2369 4521 μεθα
2397 4449 2495 4520 τὴν
2523 4447 2626 4516 τῆς
2651 4447 2822 4519 ὀρθῆς
2843 4447 3082 4519 πίστεως
3103 4449 3423 4520 ὁμολογίαν,
3444 4451 3680 4520 μάλιστα
3700 4453 3817 4514 τοῖς

2221 4543 2312 4596 τὸν
2339 4543 2553 4614 μονήρη
2603 4542 2718 4612 βίον
2765 4540 3142 4612 ἀνελομένοις.
3167 4543 3228 4596 Et
3264 4542 3376 4613 γὰρ
3408 4542 3468 4595 τὸ
3506 4543 3668 4614 σῶμα
3695 4560 3818 4595 παι-

2219 4636 2399 4690 δεύειν
2429 4635 2816 4702 σπουδάζουσι,
2839 4635 3022 4707 πολλῷ
3048 4636 3252 4707 μᾶλλον
3268 4635 3368 4708 τὴν
3397 4635 3579 4707 ψυχὴν
3606 4638 3686 4698 εὶς
3714 4636 3816 4706 τὴν

2223 4729 2354 4798 περὶ
2381 4727 2514 4781 Θεὸν
2545 4728 2729 4781 πίστιν
2760 4728 3136 4799 παιδαγωγεῖν
3171 4729 3484 4800 ὀφείλουσι,
3519 4730 3586 4784 δι’
3617 4726 3686 4802 ἧς
3717 4730 3817 4801 τῆς

2221 4820 2447 4884 αἱωνίας
2473 4820 2617 4892 ζωῆς
2641 4820 2938 4877 ἀπολαύειν
2961 4822 3396 4896 ὲλπίζομεν.Τοῦ
3421 4824 3532 4895 γὰρ
3555 4824 3818 4878 τελειοτέ-

2223 4933 2318 4986 ρου
2349 4906 2716 4986 τῆςπίστεως
2746 4916 2910 4988 ἔργου
2955 4917 3031 4989 μὴ
3064 4917 3552 4990 συναρμοζομένου
3580 4921 3646 4989 τῇ
3675 4917 3818 4989 πράο

2224 5007 2324 5072 Est,
2340 5008 2593 5062 λείπεται
2614 5010 2820 5081 νεκρὰν
2840 5007 3004 5076 εἶναι,
3027 5013 3172 5064 κατὰ
3190 5013 3252 5064 τὸ
3278 5011 3694 5082 γεγραμμένον,
3718 5010 3818 5082 τὴν

2222 5101 2394 5170 χωρὶς
2429 5099 2673 5164 πίστεως
2705 5101 2974 5174 ἐργασίαν
3005 5119 3016 5130 ·
3087 5102 3298 5169 Οὐδεὶς
3325 5102 3458 5174 γὰρ,
3492 5103 3647 5174 φησι,
3681 5119 3819 5156 ors-

2223 5192 2552 5262 φονοῦται,
2601 5193 2711 5248 ἐὰν
2739 5195 2826 5265 μὴ
2859 5196 3121 5265 νομίμως
3155 5194 3423 5264 ἀθλήσῃ.
3486 5197 3597 5250 Καὶ
3625 5200 3686 5248 τὸ
3717 5195 3819 5264 μὲν

2151 5268 2192 5328 Β
2225 5286 2588 5359 ἁῤῥωστῆσαι
2609 5287 2712 5356 τῆς
2742 5291 2931 5360 κοινῆς
2963 5287 3182 5359 φύσεώς
3214 5291 3332 5342 ἐστι
3383 5290 3482 5342 καὶ
3515 5288 3618 5358 τῆς
3651 5288 3818 5342 ἁσοε-

2222 5376 2372 5439 νείας
2422 5377 2521 5446 τῆς
2578 5377 2954 5449 ἀνθρωπίνης,
2987 5379 3021 5447 ἦ
3054 5379 3278 5433 πάντων
3317 5379 3558 5433 ἅπτεται
3587 5381 3682 5432 καὶ
3710 5379 3818 5431 τῶν

2221 5468 2342 5523 λίαν
2395 5470 2635 5542 ἰσχυρῶν
2684 5471 2786 5543 τὴν
2833 5471 3117 5526 διάνοιαν·
3172 5472 3232 5525 τὸ
3273 5471 3330 5525 δὲ
3376 5471 3813 5548 θεραπευθῆναι,

2215 5563 2311 5616 καὶ
2340 5562 2440 5633 τὴν
2468 5563 2636 5635 ὀρθὴν
2670 5566 2973 5633 ἐπιγνῶναι
3006 5565 3232 5630 πίστιν,
3290 5565 3383 5618 καὶ
3419 5566 3521 5635 τὴν
3549 5565 3651 5636 τῆς
3684 5563 3782 5616 Ἐκ

2216 5655 2451 5727 κλησίας
2481 5657 2674 5711 ἕνωσίν
2703 5676 2764 5712 τε
2797 5659 2894 5712 καὶ
2925 5660 3152 5729 εἰρήνην
3180 5661 3562 5722 ἀσπάσασθαι,
3597 5657 3690 5712 τοῦ
3719 5658 3811 5709 λο-

2217 5748 2420 5818 γισμοῦ
2458 5749 2552 5802 καὶ
2584 5751 2685 5821 τῆς
2717 5751 2967 5823 χάριτος.
3023 5751 3230 5821 Εἰρήνη
3278 5751 3389 5821 γὰρ
3433 5750 3461 5802 ὁ
3490 5749 3626 5813 Θεὸς
3659 5748 3814 5801 ἔστιν

2215 5857 2276 5894 τε
2310 5842 2405 5895 καὶ
2433 5843 2794 5913 ὀνομάζεται·
2851 5844 2994 5898 ὥστε
3026 5844 3165 5898 Θεοῦ
3195 5844 3357 5898 τοῦτο
3388 5845 3482 5899 καὶ
3509 5843 3618 5897 τῶν
3649 5843 3814 5896 θείων
