4148 6456
1567 323 1590 352 δ

379 392 511 461 1105

1303 396 1747 458 TRACTATUS
1785 397 2081 458 CONTRA
2121 396 2728 459 MONOPHYSITAS.

3515 391 3650 458 1106

371 514 566 580 ἐγγὺς,
631 510 748 562 ὅσοι
799 507 860 560 τὸ
909 508 1006 577 τῆς
1051 507 1292 572 πίστεως
1339 510 1436 562 καὶ
1481 512 1708 582 εἰρήνης
1756 511 1965 580 ἀγαθὸν

2071 512 2421 576 mandamus,
2457 511 2652 565 audito
2679 525 2747 564 ex
2785 507 2873 563 his
2897 523 3020 578 qua:
3044 507 3114 562 ad
3148 523 3252 563 nos
3285 509 3491 579 scripta
3522 521 3651 566 sunt

371 603 749 673 ἀσπαζόμενοι
798 600 1104 668 φαίνονται.
1165 602 1352 656 Ταῦτα
1388 603 1444 656 δέ
1482 621 1666 675 φαμεν
1697 605 1834 676 πρὸς
1869 606 1960 673 τὴν

373 694 652 766 ὑμετέραν
686 692 967 762 θεοφιλίαν
989 732 1004 756 ,
1066 694 1453 766 μεμαθηκότες
1485 697 1550 749 ὲκ
1582 696 1692 749 τῶν
1722 697 1963 766 γραφέν-

371 807 481 842 των
525 789 659 858 ἡμῖν
711 789 864 859 παρὰ
910 787 1008 840 τοῦ
1056 789 1484 860 μακαριωτάτου
1526 790 1961 861 ἀρχιεπισκόπου

370 882 474 950 τῆς
510 880 912 951 Ἀλεξανδρέων
956 879 1053 932 καὶ
1087 881 1430 952 πατριάρχου
1461 881 1690 947 Ζωΐλου,
1740 883 1823 936 ὅτι
1863 883 1963 953 τὴν

372 975 449 1043 τῷ
482 973 602 1043 Θεῷ
644 972 810 1042 φίλην
850 973 1080 1043 εἰρήνην
1117 973 1507 1044 ἀσπασάμενοι
1545 975 1962 1046 προσεδράμετε

373 1069 438 1136 τῇ
479 1066 611 1137 ἁγίᾳ
658 1065 756 1119 τοῦ
796 1063 934 1118 Θεοῦ
972 1064 1294 1138 Ἐκκλησία,
1331 1067 1630 1142 εὑρηκότες
1660 1068 1799 1139 όρθά
1824 1065 1965 1122 εἶναι

372 1161 440 1211 τά
475 1160 532 1211 tv
558 1159 694 1230 αὑτῇ
728 1159 1115 1231 κηρυττόμενα
1145 1159 1392 1229 δόγματα
1416 1199 1432 1226 ,
1484 1159 1550 1214 δι’
1575 1154 1650 1216 ὧν
1686 1162 1838 1214 πᾶσα
1867 1162 1966 1232 μὲν

374 1253 584 1323 αἵρεσις
647 1253 1032 1324 ἀπελήλαται,
1094 1255 1498 1324 κατακέκριται
1542 1253 1600 1307 δὲ
1660 1254 1757 1308 καὶ
1807 1254 1967 1308 ἐκσέ-

376 1347 621 1417 6ληταιῆ
643 1363 700 1399 τε
731 1346 946 1400 Παύλου
973 1348 1067 1400 καὶ
1092 1346 1393 1419 Νεστορίου
1416 1347 1702 1418 διαίρεσις,
1728 1347 1836 1401 τῶν
1859 1350 1968 1412 τοῖς

375 1439 474 1508 τῆς
519 1438 702 1509 ψυχῆς
748 1439 965 1511 ὄμμασι
1016 1439 1447 1509 τυφλωττόντων
1474 1434 1504 1502 ,’
1543 1440 1637 1494 καὶ
1690 1440 1831 1494 κοιτά
1871 1441 1970 1512 τὴν

375 1532 485 1583 τῶν
508 1532 781 1586 Ἰουδαίων
810 1533 1012 1604 μανίαν
1039 1534 1139 1604 τὴν
1165 1533 1396 1604 θεότητα
1419 1534 1514 1587 τοῦ
1535 1534 1778 1606 Χριστοῦ
1801 1535 1973 1605 ἀπαρο

375 1623 656 1692 νουμένων
678 1640 693 1657 °
749 1625 957 1694 ὁμοίως
988 1625 1044 1678 δὲ
1083 1626 1482 1696 κατακέκριται
1515 1627 1612 1680 καὶ
1641 1626 1971 1695 ὲκϐἐϐληται

375 1719 408 1783 ἡ
446 1717 864 1788 Ἀπολλιναρίου
909 1735 967 1771 τε
1014 1719 1110 1772 καὶ
1145 1719 1421 1790 Εὑτυχοῦς
1454 1720 1768 1791 συναίρεσις
1803 1720 1972 1789 ἤγουν

377 1808 643 1878 σύγχυσις
675 1810 783 1862 τῶν
815 1809 1156 1864 ἀθετούντων
1185 1811 1285 1883 τὴν
1313 1811 1406 1864 τοῦ
1435 1811 1674 1882 Χριστοῦ
1707 1811 1972 1882 ἀληθινὴν

2063 622 2092 660 a
2111 605 2435 660 beatissimo
2451 603 2876 673 archiepiscopo
2892 601 3237 657 Alexandria:
3253 617 3318 657 ac
3332 604 3650 672 patriarcha

2065 698 2238 763 Zoilo,
2270 696 2420 766 quod
2447 697 2562 752 Deo
2595 697 2820 750 charam
2848 711 3038 765 pacem
3074 696 3391 767 diligentes,
3423 697 3491 752 ad
3520 714 3642 752 san-

2065 802 2209 843 ctam
2239 790 2337 844 Dci
2379 789 2683 844 Ecclesiam
2716 788 3103 844 accurrissetis
3130 829 3146 856 ,
3187 789 3442 860 dogmata
3495 789 3552 844 in
3587 805 3652 845 ea

2065 885 2366 954 praedicata
2392 899 2521 937 vera
2548 883 2866 954 judicantcs
2899 923 2913 947 ,
2950 883 3157 952 quibus
3200 883 3381 938 omnis
3421 883 3653 939 haeresis

2065 977 2312 1040 exclusa,
2342 975 2600 1030 damnata
2630 984 2797 1045 atque
2828 976 3060 1046 expulsa
3081 984 3170 1030 est
3185 976 3301 1030 sive
3320 976 3502 1040 Pauli,
3537 976 3653 1030 sive

2067 1067 2333 1132 Nestorii,
2355 1067 2549 1121 oculos
2573 1067 2778 1120 mentis
2807 1082 2922 1120 sua:
2945 1065 3653 1136 obcaecatorum,juxtaque

2066 1161 2382 1217 Iudaeorum
2404 1161 2672 1216 insaniam
2689 1160 2900 1216 Christi
2925 1160 3276 1216 divinitatem
3295 1159 3650 1231 negantium;

2069 1253 2385 1324 quibusque
2419 1254 2682 1308 similiter
2707 1253 2970 1308 damnata
2999 1255 3343 1324 expulsaque
3384 1261 3470 1308 est
3497 1252 3659 1322 Apol-

2071 1346 2252 1400 linarii
2280 1361 2343 1400 ac
2370 1346 2632 1418 Eutycltis
2647 1346 2969 1418 conjunctio
2992 1362 3090 1401 seu
3125 1345 3438 1401 commistio
3463 1359 3657 1400 eorum

2023 1505 2028 1510 ι
2071 1439 2276 1508 quibus
2319 1455 2448 1492 vera
2499 1438 2704 1493 Christi
2755 1439 3073 1493 humanitas
3113 1439 3368 1494 solvitur.
3403 1438 3658 1492 Vestram

2074 1532 2242 1602 igitur
2269 1533 2559 1586 hortamur
2591 1532 2857 1602 pietatem
2888 1541 2950 1586 ut
2992 1531 3121 1586 tidei
3156 1548 3269 1586 sua:
3297 1531 3514 1585 fructus
3549 1545 3658 1584 caa-

2075 1631 2254 1676 terunt
2279 1623 2523 1693 colligat,
2543 1624 2780 1694 illosque
2797 1623 2891 1694 qui
2917 1623 3101 1677 adhuc
3121 1639 3314 1678 errore
3335 1622 3658 1689 detinentur

2075 1715 2242 1769 ducat
2295 1715 2360 1769 ad
2403 1716 2696 1770 veritatem
2752 1725 3167 1786 congregetque
3220 1714 3288 1768 ad
3324 1712 3656 1774 Ecclesiam,

2076 1809 2234 1878 cujus
2268 1823 2454 1862 veram
2510 1824 2574 1862 ac
2622 1808 2922 1863 salutarem
2975 1807 3425 1878 praedicationem
3486 1804 3660 1859 sacris

371 1869 798 1973 dtdp‘om'S—‘rnta.
869 1901 1032 1956 Ὅθεν
1096 1869 1498 1975 προτρέπομεν.
1544 1904 1647 1973 τὴν
1695 1869 1968 1974 ὑμετέραν

2077 1869 2381 1971 Scripturis
2410 1901 2920 1972 traditionibusque
2945 1869 3171 1956 Patrum
3201 1900 3379 1970 primo
3409 1898 3532 1952 loco
3563 1896 3660 1949 de-
3733 1902 3751 1954 ’.

371 1991 650 2056 θεοφιλίαν
703 1995 830 2056 τοὺς
863 1997 961 2066 τῆς
998 1994 1239 2058 πίστεως
1268 1995 1453 2049 λοιπον
1482 1996 1733 2067 καρποὺς
1764 1995 1966 2048 ἐπιδεί-

374 2079 589 2145 ξασθαι,
629 2083 724 2136 καὶ
756 2085 885 2148 τοὺς
912 2084 994 2138 ἔτι
1025 2088 1090 2156 τῇ
1121 2085 1298 2158 πλάνῃ
1329 2087 1739 2157 κρατουμένους
1766 2085 1969 2156 ὁδηγῆ-

2075 1994 2511 2049 monstrabimus
2537 2036 2552 2058 ,
2597 2003 2653 2050 et
2685 1995 2857 2060 falsa,
2901 2009 3025 2064 qua:
3062 1993 3231 2064 impie
3274 1992 3344 2047 ab
3378 1987 3660 2045 haereticis

2074 2097 2424 2150 asseruntur,
2465 2086 2902 2142 confutabimus.

374 2189 463 2226 σαι
507 2175 645 2245 πρὸς
682 2174 780 2246 τὴν
813 2175 1076 2247 ἀλήθειαν
1101 2217 1116 2239 ,
1174 2177 1268 2230 καὶ
1315 2180 1694 2249 προσαγαγεῖν
1761 2180 1826 2248 τῇ
1899 2177 2032 2247 ἁγίᾳ
2070 2177 2163 2230 τοῦ
2190 2177 2327 2230 Θεοῦ
2359 2177 2680 2249 Ἐκκλησία,
2716 2171 2784 2250 ἧς
2813 2177 2874 2230 τὸ
2906 2175 3103 2248 ἀληθὲς
3139 2176 3234 2229 καὶ
3265 2176 3534 2247 σωτήριον
3561 2173 3661 2240 κή-

373 2283 561 2337 ρυγμα
634 2268 920 2338 προϊόντες
988 2269 1353 2340 ἀποδείξομεν
1409 2272 1500 2326 διά
1546 2289 1605 2325 τε
1661 2272 1772 2324 τῶν
1826 2271 1986 2324 θείων
2024 2269 2260 2341 Γραφῶν
2314 2271 2410 2325 καὶ
2458 2271 2572 2326 τῶν
2652 2271 2946 2342 Πατρικῶν
2991 2269 3380 2337 παραδόσεων,
3432 2267 3527 2321 καὶ
3559 2265 3660 2333 τὴν

369 2360 479 2411 τῶν
512 2359 826 2429 εἰρημένων
861 2360 1079 2416 ἀσεϐῶν
1102 2363 1402 2432 αἱρετικῶν
1436 2365 1734 2418 κακόνοιαν
1760 2363 2134 2434 διελέγξομεν.

443 2449 720 2520 Κηρύττει
749 2452 858 2523 γάρ
885 2454 919 2523 ἡ
953 2453 1085 2521 ἁγία
1117 2454 1210 2508 τοῦ
1237 2455 1372 2509 Θεοῦ
1421 2456 1718 2528 Ἐκκλησία
1756 2457 1962 2528 μονάδα

371 2541 428 2591 ἐν
458 2539 651 2610 Τριάδι
681 2540 777 2594 καὶ
807 2541 1015 2614 Τριάδα
1037 2546 1094 2597 tv
1122 2544 1307 2614 μονάδι
1333 2561 1347 2575 ο
1381 2538 1461 2608 εἷς
1486 2546 1594 2616 γὰρ
1624 2545 1756 2612 Θεὸς
1783 2548 1810 2600 ὁ
1845 2549 1962 2600 Πα-

370 2634 478 2702 τὴρ
503 2673 518 2697 ,
557 2631 616 2697 ἐξ
641 2625 704 2685 οῦ
733 2632 804 2688 τὰ
830 2633 1044 2688 πάντα·
1078 2638 1173 2690 καὶ
1209 2631 1290 2701 εἷς
1331 2637 1535 2708 Κύριος
1572 2639 1781 2710 Ἰησοῦς
1827 2640 1963 2713 Χρι-

374 2723 497 2786 στὸς
529 2722 594 2776 δι’
625 2717 686 2778 οὑ
715 2725 784 2778 τά
809 2726 987 2780 πάντα
1013 2738 1027 2756 ⁶
1061 2729 1154 2782 καὶ
1187 2727 1245 2781 ἓν
1276 2728 1502 2801 Πνεῦμα
1542 2731 1698 2801 ἆγιον
1733 2734 1790 2786 tv
1819 2725 1863 2800 ᾧ
1898 2733 1966 2787 τά

374 2817 557 2869 πάντα
585 2833 600 2847 ·
661 2817 722 2870 τὸ
769 2819 829 2885 ἐξ
873 2815 934 2874 οῦ
982 2822 1078 2874 καὶ
1121 2821 1190 2874 δι’
1219 2815 1280 2875 οὑ
1326 2823 1422 2876 καὶ
1452 2825 1508 2876 ὲν
1542 2818 1607 2892 ᾧ.
1643 2825 1734 2896 Μὴ
1769 2825 1963 2895 φύσεσι

373 2911 686 2978 τεμνόντων
720 2910 857 2965 ἀλλά
895 2914 1414 2984 χαρακτηριζόντων
1450 2919 1578 2986 μιᾶς
1614 2918 1707 2970 καὶ
1735 2917 1967 2988 ἀσυγχύ-

373 3018 468 3052 του
517 3001 734 3070 φύσεως
791 3003 1102 3074 ἰδιότητας·
1142 3005 1272 3076 μίαν
1317 3005 1426 3076 γὰρ
1452 3006 1638 3060 οὑσίαν
1674 3008 1732 3060 tv
1788 3011 1968 3078 τρισὶν

375 3092 712 3146 ὑποστάσεσι
741 3093 1175 3165 προσκυνοῦμεν,
1209 3097 1266 3148 tv
1309 3097 1516 3168 ἑκάστῃ
1547 3098 1841 3168 ὑποστάσει
1871 3097 1969 3163 τὴν

378 3185 551 3255 αὑτὴν
605 3185 1035 3255 ὲπιθεωροῦντες
1059 3187 1269 3242 οὑσίαν.
1316 3188 1428 3241 Καὶ
1463 3190 1701 3259 ἑκάστην
1735 3189 1830 3259 μὲν
1859 3189 1969 3241 τῶν

381 3277 737 3332 ὑποστάσεων
811 3279 1062 3349 μοναχῶς
1114 3279 1551 3350 ἐξαγγέλλομεν·
1610 3283 1831 3336 ἐπειδὰν
1911 3283 1970 3335 δὲ

381 3371 790 3442 συναριθμῆσαι
825 3373 920 3446 δέῃ
945 3412 960 3435 ,
989 3373 1111 3442 οὐχὶ
1141 3373 1452 3443 ἀπαιδεύτῳ
1503 3375 1800 3446 ἀριθμήσει
1836 3376 1972 3447 πρῆς

380 3465 674 3530 πολυθεΐας
706 3466 918 3520 ἔννοιαν
950 3466 1300 3536 ἐκφερόμεθα
1325 3484 1338 3498 °
1394 3467 1514 3520 οὑδὲ
1544 3467 1652 3539 γὰρ
1684 3467 1824 3521 κατά
1853 3468 1974 3522 σύν-

379 3558 530 3610 θεσιν
559 3557 906 3629 ἀριθμοῦμεν
929 3560 1023 3628 ἀφ’
1048 3559 1166 3622 ἑνὸς
1195 3561 1273 3623 εἰς
1298 3559 1502 3628 πλῆθος
1533 3560 1848 3631 ποιούμενοι
1877 3563 1975 3632 τὴν

381 3650 750 3721 παραύξησιν,
781 3651 918 3704 ἀλλά
945 3652 1006 3704 τὸ
1037 3651 1238 3716 ἰδιάζον
1271 3651 1378 3706 τῶν
1401 3651 1759 3706 ὑποστάσεων
1787 3653 1976 3722 ὁμολο-

380 3742 606 3812 γοῦντες
664 3743 901 3813 μένομεν
957 3745 1047 3797 ἐπὶ
1105 3744 1203 3813 τῆς
1259 3745 1580 3815 μοναρχίας,
1635 3746 1716 3808 είς
1772 3744 1975 3814 πλῆθος

381 3835 787 3906 ἀπεσχισμένον
810 3836 910 3906 τὴν
937 3834 1219 3904 θεολογίαν
1246 3836 1320 3906 μὴ
1359 3835 1762 3900 σκεδαννύντες,
1801 3836 1978 3890 διατο-

384 3927 513 3998 μίαν
558 3928 615 3980 tv
656 3926 829 3998 [Iatth
875 3927 970 3979 καὶ
1039 3927 1154 3998 Υίῷ
1204 3928 1298 3980 κει)⁸
1349 3928 1490 3997 ἁγίῳ
1541 3925 1840 3996 Πνεύματι,
1877 3927 1976 3998 τὴν

379 4021 544 4074 οἱονεὶ
577 4019 792 4091 μορφὴν
823 4019 1170 4090 θεωρεῖσθαι,
1205 4019 1282 4088 τῷ
1312 4021 1422 4073 ἀπα
1433 4019 1719 4090 ραλλάκτῳ
1745 4019 1845 4088 τῆς
1872 4019 1975 4087 φύ-

382 4131 521 4176 σεως
550 4112 866 4182 ὲνιζομένην
891 4127 906 4141 '
931 4113 1026 4165 καὶ
1049 4113 1180 4165 Θεὸν
1201 4111 1296 4165 οῦν
1319 4111 1550 4164 ἕκαστον
1573 4110 1974 4182 ὁμολογοῦμεν,

379 4206 446 4258 ἂν
469 4204 758 4276 θεωρῆται.
789 4207 949 4275 μόνον
970 4205 1064 4258 τοῦ
1096 4204 1186 4258 νοῦ
1211 4204 1537 4275 χωρίζοντος
1567 4205 1634 4254 τὰ
1657 4201 1972 4272 ἀχώριστα,

380 4299 478 4351 καὶ
505 4297 637 4352 Θεὸν
667 4298 735 4352 τὰ
766 4299 892 4370 τρία
933 4299 1049 4369 μετ’
1083 4298 1328 4369 ἀλλήλων
1362 4297 1592 4365 νοοῦμεν
1617 4339 1631 4361 ,
1679 4295 1758 4366 τῷ
1791 4297 1976 4366 ταυτῷ

382 4390 483 4457 τῆς
541 4391 813 4461 κινήσεως
879 4391 975 4444 καὶ
1047 4389 1146 4460 τῆς
1200 4389 1455 4458 φύσεως·
1523 4388 1694 4458 Τριάς
1739 4383 1830 4442 οῦν
1899 4389 1977 4452 ὼς

383 4477 600 4547 ἀληθῶς
653 4480 684 4549 ἡ
735 4479 940 4549 Τριάςο
991 4479 1121 4551 τρία
1159 4479 1218 4532 δὲ
1263 4481 1322 4532 οὑ
1376 4479 1719 4549 πραγμάτων
1773 4478 1975 4532 ἀνίσων

2133 2455 2229 2511 Dei
2273 2464 2460 2512 autem
2488 2457 2737 2512 Ecclesia
2770 2458 3039 2512 unitatem
3065 2455 3122 2510 in
3156 2453 3430 2509 Trinitate
3456 2469 3520 2508 ac
3541 2452 3664 2506 Tri-

2063 2548 2292 2604 nitatem
2331 2550 2385 2604 in
2427 2551 2639 2606 unitate
2673 2552 2880 2616 docet;
2908 2567 3053 2606 unus
3083 2558 3171 2605 est
3197 2549 3347 2604 enim
3382 2547 3528 2601 Deus
3559 2547 3662 2601 Pa-

2066 2646 2170 2703 ter,
2191 2656 2254 2694 ex
2274 2656 2385 2710 quo
2419 2641 2628 2706 omnia,
2654 2658 2798 2695 unus
2817 2642 3086 2696 Dominus
3108 2641 3271 2697 Jesus
3290 2639 3546 2694 Christus
3567 2653 3660 2707 per

2065 2745 2229 2798 quem
2267 2730 2473 2796 omnia,
2519 2740 2687 2801 atque
2727 2748 2871 2786 unus
2916 2731 3158 2802 Spiritus
3202 2737 3427 2785 sanctus
3463 2729 3516 2782 in
3553 2745 3659 2798 quo

2070 2821 2283 2888 omnia;
2316 2838 2384 2876 ex
2417 2838 2550 2892 quo,
2577 2839 2674 2893 per
2696 2838 2860 2893 quem
2891 2832 2947 2878 et
2978 2824 3033 2877 in
3066 2839 3197 2894 quo.
3231 2823 3359 2878 ldco
3393 2839 3527 2876 vero
3551 2839 3658 2876 nou

2077 2914 2131 2968 in
2157 2922 2386 2970 naturas
2402 2915 2727 2979 dividimus,
2754 2915 2852 2971 sed
2881 2916 3048 2970 unius
3065 2933 3128 2972 ac
3154 2916 3428 2986 simplicis
3453 2924 3653 2970 natum

2075 3008 2451 3077 proprietates
2478 3008 2818 3063 indicamus:
2845 3025 3013 3063 unam
3039 3011 3186 3064 enim
3213 3009 3579 3064 substantiam
3607 3007 3654 3060 in

2079 3097 2262 3152 tribus
2298 3099 2558 3168 personis
2593 3099 2925 3165 adoramus,
2964 3101 3019 3154 in
3061 3117 3392 3170 unaquaque
3427 3115 3653 3170 persona

1999 3215 2041 3272 ο
2075 3189 2328 3243 eamdem
2351 3189 2720 3264 substantiam
2733 3188 3175 3245 considerantes.
3202 3191 3653 3260 Unamquamque

2074 3290 2262 3336 autem
2290 3297 2656 3352 personarum
2691 3282 2977 3354 sigillatim
3027 3283 3391 3348 confitemur,
3424 3298 3654 3352 cumque

2076 3373 2484 3428 numerandum
2519 3384 2638 3439 est,
2680 3376 2786 3430 hoc
2839 3391 3075 3430 numero
3124 3375 3193 3430 ad
3228 3375 3656 3447 polythcismum

2077 3461 2272 3517 rudem
2290 3479 2401 3518 non
2423 3465 2764 3528 inducimus,
2791 3481 2903 3519 non
2930 3465 3079 3520 enim
3111 3482 3212 3536 per
3237 3466 3542 3538 synthesim
3560 3482 3655 3520 nu-

2077 3571 2360 3610 meramus
2415 3555 2484 3611 ab
2521 3572 2632 3611 uno
2678 3557 2747 3611 ad
2782 3557 3162 3626 pluralitatem
3223 3558 3544 3612 auctionem
3587 3557 3656 3610 fa-

2077 3646 2310 3712 cientes,
2327 3647 2423 3702 sed
2451 3647 2848 3718 proprietatem
2873 3663 3239 3718 personarum
3257 3648 3586 3704 conﬁtentes
3608 3649 3661 3702 itt

2078 3738 2290 3794 unitate
2318 3739 2624 3810 majestatis
2651 3755 3067 3812 permanemus,
3088 3756 3280 3796 vocem
3318 3757 3530 3795 sacram
3552 3756 3662 3795 non

2076 3830 2438 3886 extendentes
2472 3845 2709 3886 numero
2753 3839 2967 3885 remoto
2992 3871 3005 3895 ,
3050 3833 3123 3885 ita
3164 3829 3664 3885 utdislinctionem

2079 3919 2135 3974 in
2166 3921 2328 3975 Patre
2368 3929 2425 3975 et
2456 3921 2598 3975 Filio
2636 3929 2692 3974 et
2746 3919 2957 3990 Spiritu
3008 3929 3200 3975 sancto
3249 3921 3666 3975 consideremus

2078 4015 2231 4068 velut
2265 4013 2496 4068 formam
2530 4013 2822 4068 identitate
2856 4021 3067 4068 natura:
3105 4013 3353 4078 unitam;
3381 4013 3664 4081 Deumque

2080 4105 2248 4174 igitur
2288 4121 2747 4176 unumquemque
2791 4106 3142 4167 contitemur,
3181 4104 3227 4158 si
3275 4103 3666 4158 consideretur

2078 4204 2262 4249 mente
2304 4203 2515 4248 tantum
2549 4201 2840 4264 separante
2888 4210 3012 4263 qua:
3055 4195 3301 4262 separari
3350 4203 3658 4263 nequeunt,

2078 4288 2366 4358 Deumque
2417 4288 2524 4342 tria
2567 4289 2686 4343 haec
2728 4303 2902 4342 unum
2938 4296 3063 4357 post
3110 4288 3344 4340 alterum
3380 4295 3662 4357 putamus.

2077 4379 2272 4434 eadem
2300 4380 2661 4435 distinctione
2690 4389 2747 4434 et
2771 4390 2989 4435 natura.
3019 4379 3264 4434 Trinitas
3289 4380 3455 4450 igitur
3485 4379 3662 4434 veris‘

2079 4470 2217 4525 sime
2251 4480 2336 4526 est
2359 4471 2621 4527 Trinitas.
2649 4471 2778 4526 Tria
2805 4480 2989 4527 autem
3013 4488 3122 4526 non
3163 4471 3514 4542 inarqualium
3556 4488 3662 4526 nu-

383 4569 782 4640 ἀπαρίθμησις,
843 4570 958 4624 ἀλλ’
1017 4571 1146 4624 ἴσων
1199 4571 1294 4622 καὶ
1339 4571 1621 4639 ὁμοτίμων
1662 4569 1967 4643 σύλληψις,

2080 4576 2287 4625 merus,
2339 4561 2437 4616 sed
2483 4560 2784 4632 aequalium
2837 4570 2895 4616 et
2941 4561 3159 4632 parium
3211 4562 3660 4632 comprehensio.

383 4659 610 4730 ἐνούσης
630 4661 730 4732 τῆς
758 4662 1130 4733 προσηγορίας
1150 4661 1220 4714 τὰ
1244 4663 1502 4731 ἡνωμένα
1528 4665 1594 4714 ἐκ
1623 4659 1860 4730 φύσεως,
1880 4665 1974 4714 καὶ

382 4753 483 4804 οὐκ
512 4751 684 4823 ἐώσης
716 4753 1076 4824 σκεδασθῆναι
1109 4752 1328 4838 ἀριθμῷ
1353 4753 1630 4824 λελυμένῳ
1661 4753 1731 4805 τά
1755 4751 1832 4824 μὴ
1860 4753 1975 4805 λυόο

385 4862 546 4915 μενα.

467 4937 870 5010 Ὀμολογοῦμεν
899 4940 956 4993 δὲ
996 4942 1078 4995 ὅτι
1110 4943 1138 4995 ό
1170 4939 1470 5011 μονογενὴς
1499 4939 1626 5002 Υἱὸς
1668 4935 1762 4991 καὶ
1798 4938 1974 5007 Λόγος

380 5029 474 5082 τοῦ
508 5030 646 5083 Θεοῦ
673 5073 686 5098 ,
716 5032 744 5082 ό
801 5032 898 5084 σὺν
935 5033 1110 5102 Πατρὶ
1143 5033 1236 5087 καὶ
1271 5033 1413 5103 ἁγίῳ
1447 5029 1726 5101 Πνεύματι
1751 5028 1972 5094 δοξαζό-

382 5121 545 5187 μενός
589 5137 648 5174 τε
703 5123 797 5175 καὶ
845 5123 1358 5194 προσκυνούμενος,
1392 5124 1420 5176 ὁ
1454 5121 1738 5192 γεννηθεὶς
1771 5122 1837 5174 ὲκ
1876 5120 1971 5174 τοῦ

379 5213 594 5283 Πατρὸς
645 5215 892 5285 ἀχρόνως
943 5217 1040 5270 καὶ
1075 5216 1406 5287 ἀσωμάτως,
1457 5216 1518 5269 τὸ
1549 5217 1614 5268 ἐκ
1654 5213 1746 5267 τοῦ
1793 5213 1972 5284 φωτὸς

378 5303 520 5370 φῶς,
561 5305 593 5375 ἡ
632 5308 782 5376 πηγὴ
812 5307 912 5376 τῆς
945 5305 1089 5378 ζωῆς
1137 5310 1232 5361 καὶ
1259 5310 1358 5378 τῆς
1409 5307 1712 5370 ἀθανασίας
1739 5347 1754 5371 ,
1789 5307 1850 5358 τὸ
1879 5309 1972 5359 ὲκυ

380 5399 606 5464 μαγεῖον
632 5396 729 5450 τοῦ
768 5398 1130 5469 Ἀρχετύπου,
1159 5403 1192 5470 ἡ
1223 5400 1297 5472 μὴ
1327 5400 1622 5471 κινουμένη
1660 5399 1971 5470 σφραγὶςιή

377 5487 800 5558 ἀπαράλλακτος
836 5489 1022 5556 εἰκὼν,
1051 5493 1078 5544 ὁ
1107 5491 1201 5545 τοῦ
1235 5491 1456 5562 [lat-pb;
1486 5493 1612 5562 ὄρος
1638 5491 1733 5544 καὶ
1776 5490 1968 5559 Λόγος.

373 5581 436 5631 οὑ
473 5581 715 5650 περιίδεν
743 5583 834 5636 τὸν
861 5583 1148 5655 ἄνθρωπον
1184 5584 1365 5654 φθόνῳ
1395 5584 1648 5638 διαϐόλου
1674 5583 1767 5636 καὶ
1799 5584 1972 5653 πικρᾷ

375 5671 565 5740 γεύσει
598 5675 697 5744 τῆς
730 5675 1004 5745 ἁμαρτίας
1030 5717 1045 5741 ,
1073 5677 1208 5731 Θεοῦ
1235 5677 1330 5730 τοῦ
1364 5677 1727 5747 πεποιηκότος
1753 5670 1972 5739 ὲλεῖνῶς

377 5764 770 5836 χωριζόμενον.
815 5767 976 5822 Ἀλλὰ
1009 5767 1108 5839 τὴν
1146 5769 1425 5840 ἡμετέραν
1468 5768 1836 5840 ἐργαζόμενος
1863 5785 1970 5820 σω-

366 5857 609 5928 τηρίαν,
645 5860 736 5914 ἐπὶ⁵
769 5860 868 5931 τὴν
902 5861 1036 5915 ἰδίαν
1066 5863 1250 5918 εἰκόνα
1281 5865 1491 5934 χωρεῖ,
1526 5862 1620 5916 καὶ
1671 5860 1971 5934 σαρκοῦται

2078 4658 2450 4727 appellatione
2491 4658 2717 4712 uniente
2756 4665 2957 4712 natura
3011 4657 3124 4727 jam
3168 4656 3356 4720 unita,
3403 4653 3665 4725 baudque

2076 4751 2295 4804 sinente
2345 4750 2591 4820 separari
2636 4764 2884 4804 numero.
2929 4747 3115 4804 soluto
3165 4763 3286 4818 quae
3327 4746 3507 4802 soluta
3551 4762 3667 4800 non

2075 4851 2226 4898 sunt.

2146 4933 2492 4990 Conﬁtentur
2513 4944 2699 4990 autem
2721 4934 2921 4988 Filium
2941 4931 3292 5004 unigenitum
3308 4931 3664 5000 Verbumque

2075 5027 2195 5092 Dei,
2225 5043 2353 5082 cum
2381 5028 2546 5083 Patre
2590 5044 2654 5082 ac
2693 5026 2906 5097 Spiritu
2958 5034 3153 5080 sancto
3193 5022 3562 5094 gloriﬁcatutn
3608 5028 3663 5075 ct.

2075 5117 2407 5182 adoratum,
2453 5118 2522 5172 ab
2554 5127 2764 5172 :eterno
2794 5114 3334 5185 incorporaliterque
3391 5127 3459 5166 ex
3501 5112 3661 5165 Patre

2075 5211 2348 5281 genitum,
2376 5211 2564 5266 lumen
2595 5209 2664 5264 de
2700 5208 2936 5273 lumine,
2966 5207 3176 5262 fontem
3209 5205 3337 5258 vitae
3362 5212 3527 5274 atque
3555 5203 3660 5256 im-

2074 5305 2454 5369 mortalitatis,
2482 5301 2768 5374 archetypi
2805 5301 3252 5371 imprcssioncm,
3285 5296 3525 5365 sigillutn
3570 5295 3656 5350 itt-

2077 5408 2430 5462 temeratum,
2451 5395 2750 5465 imaginem
2767 5394 2920 5447 nullo
2936 5391 3101 5445 modo
3118 5388 3466 5451 dissimilem,
3482 5387 3661 5442 Patris

2078 5491 2375 5547 terminum
2392 5500 2556 5558 atque
2569 5487 2835 5548 Verbum,
2853 5501 2962 5540 non
2989 5481 3353 5552 dereliquisse
3375 5479 3658 5534 hominem

2075 5582 2280 5638 diaboli
2311 5580 2556 5645 invidiae,
2588 5574 3060 5642 amaritudiniquc
3089 5570 3325 5641 peccati,
3358 5570 3470 5624 Deo
3501 5567 3658 5621 illum

2076 5669 2515 5730 misericorditer
2554 5666 2850 5720 liberantc.
2907 5662 3012 5716 Sed
3044 5668 3104 5714 ιιι
3137 5669 3382 5713 nostram
3423 5657 3658 5711 salutem

2074 5771 2340 5834 operetur
2367 5803 2380 5827 ,
2428 5759 2495 5824 ad
2536 5757 2828 5827 imaginem
2861 5769 3016 5810 suam
3071 5753 3264 5818 venit,
3317 5751 3389 5806 ob
3434 5765 3658 5806 carnem

2076 5864 2322 5914 nostram
2358 5855 2700 5920 incarnatur,
2721 5852 2902 5923 obquc
2922 5847 3162 5904 animant
3182 5855 3430 5901 nostram
3461 5841 3661 5898 animm
