4148 6458
485 406 623 473 1107

1621 408 2062 470 JUSTINIANI
2102 410 2626 471 IMPERATORIS

3633 394 3772 462 1108

483 517 761 588 spirituali
788 515 1203 582 eommiscetur,
1222 517 1402 573 simile
1430 517 1597 572 simili
1625 517 1943 587 purilicans,
1978 533 2075 581 per

2179 522 2269 576 διὰ
2293 523 2392 593 τὴν
2425 521 2565 592 ἐμὴν
2597 520 2777 590 σάρκα
2804 558 2819 581 ,
2857 517 2950 570 καὶ
2988 515 3135 586 ψυχῇ
3176 511 3342 584 νοερᾷ
3378 510 3467 565 διά
3508 508 3609 581 τὴν
3633 509 3776 581 ἐμὴν

483 607 671 662 omnia
698 607 867 663 homo
906 607 967 661 ﬁt
1001 607 1211 680 absque
1247 618 1500 679 peccato.
1540 609 1837 678 Postquam
1873 625 2072 663 ascen-

483 697 660 753 disset
707 712 877 769 super
928 698 1134 753 ecelum
1183 699 1312 754 coeli
1360 699 1426 753 ad
1476 715 1640 753 orum
1699 700 1890 769 gloriae
1934 716 2070 766 snze,

483 805 650 859 super
675 805 935 844 occasum
959 790 1298 847 infirmitatis
1321 799 1525 846 nostrae
1551 791 1927 862 gloriﬁcatur;
1959 808 2071 847 non

482 880 630 935 enim
669 888 777 935 tam
803 880 1049 937 divinam
1076 898 1141 938 ac
1180 880 1710 955 super'excellentena
1741 887 2071 957 potentiam,

484 974 834 1030 immensitas
856 976 1006 1041 coeli,
1033 984 1310 1032 astrorum
1341 979 1627 1048 splendor,
1662 980 1907 1035 universi
1934 981 2073 1035 ordo

480 1068 569 1124 vel
603 1067 816 1124 entium
847 1069 1156 1124 meonomia
1187 1070 1447 1140 perennis
1475 1070 1881 1139 demonstrant,
1908 1089 2072 1145 quam

483 1160 552 1216 ad
604 1160 987 1216 inﬁrmitatem
1039 1171 1257 1219 naturae
1300 1172 1507 1219 nostrae
1543 1163 1694 1220 illius
1736 1165 2068 1226 descensio:

482 1254 765 1325 quomodo
799 1255 951 1310 enim
995 1256 1250 1311 excelsus
1296 1256 1476 1312 factus
1507 1257 1735 1312 humilis
1760 1258 1815 1313 in
1853 1258 2075 1313 humili-

485 1357 598 1402 tate
634 1347 1050 1417 contemplatur
1078 1362 1183 1402 nec
1208 1363 1239 1402 e
1264 1348 1553 1419 majestate
1574 1347 1884 1403 descendit.
1919 1348 2072 1403 Divi-

483 1439 631 1495 nitas
659 1454 796 1510 ergo
825 1440 1083 1495 humanae
1113 1448 1329 1495 natura:
1369 1440 1568 1507 infusa,
1604 1445 1709 1495 hoc
1732 1440 1794 1495 ﬁt
1831 1456 1896 1497 ac
1934 1441 2073 1495 illud

481 1536 590 1593 est,
621 1528 750 1584 ideo
797 1529 1107 1600 perfectum
1140 1530 1317 1585 Deum
1348 1539 1516 1601 atque
1551 1530 1858 1602 perfectum
1888 1531 2073 1586 homi—

482 1636 610 1675 nem
638 1621 898 1675 eumdem
938 1619 1271 1676 conﬁtemur
1299 1636 1469 1691 super
1491 1637 1655 1677 omne
1677 1622 1824 1692 quod
1850 1638 2074 1692 passum

480 1721 589 1777 est,
618 1720 678 1766 ut
699 1711 833 1767 mihi
871 1712 970 1766 toti
1003 1712 1240 1767 salutem
1277 1711 1534 1778 donaret,
1569 1722 1683 1768 tota
1715 1700 2073 1769 damnatione

482 1806 695 1875 peccati
719 1806 918 1860 soluta.
942 1805 1258 1860 Evacuatur
1277 1823 1409 1879 ergo
1432 1806 1745 1877 plenitudo,
1771 1817 2075 1863 evacuatur

482 1906 666 1953 autem
697 1899 818 1970 ejus
850 1899 1026 1969 gloria
1072 1899 1295 1961 modico
1325 1909 1593 1971 tempore,
1623 1909 1683 1955 ut
1714 1900 1784 1956 de
1832 1901 2081 1971 plenitua

480 1989 608 2045 dine
640 1992 761 2063 eius
791 1990 1059 2061 accipiam
1079 2029 1095 2057 ,
1129 1991 1398 2063 divesque
1436 1992 1497 2047 ﬁt
1518 2008 1749 2062 pauper.
1781 1992 2072 2060 Quomodo

480 2092 667 2138 autem
693 2099 905 2154 pauper
937 2082 1031 2138 iiat
1059 2083 1156 2154 qui
1181 2084 1338 2139 dives
1365 2093 1471 2148 est,
1497 2085 1633 2140 dicit
1655 2094 1881 2141 sanctus
1897 2085 2071 2139 Atha-

478 2172 673 2228 nasius
720 2174 777 2229 in
816 2190 1073 2229 sermone
1103 2176 1172 2230 de
1218 2175 1416 2229 salutis
1454 2176 1795 2230 revelatione
1829 2192 1841 2228 :
1880 2192 1896 2224 ι
1924 2176 2070 2229 Pau-

480 2280 673 2335 perem
702 2274 954 2321 naturam
989 2266 1044 2320 in
1076 2268 1375 2337 semetipso
1409 2268 1779 2339 assumpsisse
1803 2311 1817 2334 ,
1869 2269 1923 2322 in
1973 2284 2072 2322 sua

474 2359 718 2429 .justitia,
750 2359 897 2414 illam
930 2367 1057 2430 post
1082 2361 1400 2432 passionem
1433 2377 1600 2432 supra
1632 2362 1892 2417 homines
1922 2364 2074 2418 exal-

484 2460 762 2517 taturum,
810 2462 871 2507 ut
903 2470 975 2508 ex
999 2455 1321 2510 hominibus
1363 2471 1425 2510 ac
1461 2471 1627 2527 supra
1659 2455 1917 2511 homines
1951 2472 2075 2512 esse

482 2543 803 2610 videretur,
839 2554 1009 2600 totam
1058 2546 1157 2602 Dei
1210 2546 1412 2602 factam
1462 2562 1585 2601 esse
1622 2555 1683 2602 ut
1732 2546 1904 2601 homo
1944 2562 2073 2601 vere

481 2633 634 2688 Deus
661 2644 809 2691 esset
833 2651 898 2691 ac
926 2637 1074 2693 Deus
1108 2653 1237 2693 vere
1270 2647 1423 2694 esset
1456 2639 1625 2693 homo
1654 2656 1668 2690 τ
1698 2654 1768 2694 ex
1806 2637 2072 2709 benepla-

482 2726 595 2781 cito
628 2727 723 2782 Dei
754 2729 1057 2801 Unigeniti,
1098 2730 1168 2785 de
1199 2740 1375 2786 matre
1416 2731 1662 2802 Virgine,
1715 2731 2075 2803 generatione

483 2820 725 2875 naturali
754 2822 1245 2894 indissolubilique
1274 2824 1514 2891 unitate,
1555 2824 1623 2879 ad
1667 2839 1749 2887 se,
1786 2823 1859 2878 ob
1895 2821 2075 2893 pleni-

484 2909 736 2966 tudinem
755 2918 871 2967 suae.
884 2913 1209 2980 divinitatis,
1230 2914 1511 2969 hominem
1526 2912 1824 2985 Archetypi
1843 2911 2074 2983 plasma,

484 3013 547 3058 ut
577 3021 722 3060 nova
749 3017 898 3064 esset
927 3018 1181 3064 creatura
1202 3010 1471 3065 erexisse.
1514 3027 1533 3061 ι

2171 616 2352 687 ψυχὴν
2386 616 2680 687 μίγνυται,
2711 611 2789 682 τῷ
2832 609 3006 681 ὁμοίῳ
3032 609 3092 660 τὸ
3123 607 3308 676 ὅμοιον
3345 602 3737 675 ἀνακαθαίρων
3757 642 3774 668 ,

2174 710 2269 763 καὶ
2316 709 2496 763 πάντα
2546 709 2757 777 γίνεται
2799 706 2940 777 πλὴν
2986 705 3083 774 τῆς
3125 702 3405 774 ἁμαρτίας
3458 698 3774 769 ἄνθρωπος.

2174 805 2283 857 Καὶ
2308 805 2336 857 ὁ
2365 801 2714 872 ἐπιϐεϐηκὼς
2747 799 2841 852 ἐπὶ
2864 799 2955 851 τὸν
2985 797 3220 869 οὐρανὸν
3250 794 3348 849 τοῦ
3372 790 3606 865 ούρανοῦ
3644 790 3774 845 κατ’

2173 895 2441 958 ἀνατολὰς
2468 894 2567 966 τῆς
2603 893 2747 956 ίδίας
2778 891 2957 962 δόξης,
2991 889 3084 941 ἐπὶ
3115 885 3344 958 δυσμῶν
3364 885 3467 955 τῆς
3496 882 3779 955 ἡμετέρας

2175 987 2460 1051 ἀσθενείας
2482 985 2764 1051 δοξάζεται
2786 999 2802 1015 ο
2825 982 2924 1055 τὴν
2942 981 3054 1051 γὰρ
3079 980 3234 1035 θείαν
3265 978 3361 1033 καὶ
3389 977 3779 1049 ὑπερέχουσαν

2173 1081 2425 1151 δύναμιν,
2455 1079 2557 1133 οὐκ
2585 1075 2833 1150 οὐρανῶν
2873 1073 3082 1146 μεγέθη
3113 1071 3208 1127 καὶ
3242 1069 3552 1140 φωστήρων
3582 1066 3774 1137 αὐγαὶ,

2173 1174 2267 1227 καὶ
2297 1173 2332 1243 ἡ
2363 1170 2459 1226 τοῦ
2493 1170 2697 1235 παντὸς
2742 1167 3133 1238 διακόσμησις,
3173 1162 3268 1218 καὶ
3307 1163 3342 1232 ἠ
3373 1160 3633 1231 διηνεκὴς
3661 1157 3777 1212 τῶν

2172 1266 2341 1321 ὄντων
2369 1262 2670 1334 οἰκονομία,
2699 1258 2956 1316 τοσοῦτον
2984 1258 3111 1313 ὅσον
3149 1258 3186 1330 η
3214 1255 3310 1309 ἐπὶ
3338 1253 3400 1308 τὸ
3428 1251 3657 1316 ἀσθενὲς
3675 1251 3778 1322 τῆς

2174 1358 2393 1428 φύσεως
2412 1356 2569 1428 ἡμῶν
2592 1352 3007 1424 συγκατάόασις
3038 1348 3305 1405 δείκνυσι’
3340 1344 3461 1411 πῶς
3479 1345 3542 1401 τὸ
3569 1343 3777 1416 ὑψηλὸν

2173 1453 2234 1506 ὲν
2258 1450 2336 1522 τῷ
2364 1447 2605 1519 ταπεινῷ
2638 1446 2968 1518 γενόμενον,
3031 1441 3128 1497 καὶ
3161 1443 3220 1495 ἐν
3251 1439 3328 1510 τῷ
3357 1436 3601 1509 ταπεινῷ
3634 1434 3774 1490 καθ-

2173 1546 2390 1613 ορᾶται,
2409 1541 2501 1594 καὶ
2513 1540 2573 1594 οὐ
2596 1536 2920 1594 καταϐαίνει
2942 1533 3037 1589 τοῦ
3058 1532 3255 1605 ῦψουςς
3276 1531 3483 1601 Θεότης
3504 1545 3519 1594 ;
3539 1528 3648 1598 γὰρ
3673 1526 3773 1580 ἀν-

2174 1632 2423 1705 θρωπίνῃ
2458 1629 2846 1702 συμπλακεῖσα
2869 1625 3034 1696 φύσει
3060 1667 3075 1692 ,
3108 1625 3207 1678 καὶ
3234 1621 3395 1677 τοῦτο
3424 1621 3637 1691 γίνεται
3673 1621 3777 1674 κά·-

2174 1719 2322 1773 κείνό
2355 1721 2505 1773 ἐστιν
2528 1734 2544 1749 ⁸
2590 1719 2675 1774 διὸ
2706 1716 2915 1771 τέλειον
2937 1715 3073 1769 Θεὸν
3103 1715 3200 1768 καὶ
3237 1713 3448 1768 τέλειον
3481 1710 3777 1781 ἄνθρωπον

2174 1811 2266 1864 τὸν
2294 1811 2454 1864 αὑτὸν
2495 1808 2870 1881 ὁμολογοῦμεν
2909 1806 3053 1875 ὑπὲρ
3094 1806 3217 1860 ὅλου
3258 1803 3355 1859 τοῦ
3400 1800 3734 1862 πεπονθότος
3758 1839 3776 1867 ,

2117 1903 2154 1956 Β
2185 1902 2273 1957 ἵνα
2312 1903 2420 1975 ὅλῳ
2457 1921 2547 1975 μοι
2577 1902 2679 1975 τὴν
2711 1904 2991 1973 σωτηρίαν
3023 1896 3481 1973 χαρίσηται.ὅλον
3505 1896 3566 1950 τὸ
3597 1895 3772 1950 κατά-

2180 2015 2356 2070 κριμα
2388 1996 2558 2060 λύσας
2582 1997 2681 2068 τῆς
2704 1995 2979 2067 ἁμαρτίας
3000 2011 3014 2026 .
3048 1992 3303 2049 “want
3329 1991 3440 2061 γὰρ
3472 1992 3503 2045 ὁ
3535 1989 3775 2059 πλήρης,

2180 2088 2429 2142 κενοῦται
2458 2088 2516 2141 δὲ
2556 2090 2656 2159 τῆς
2695 2087 2890 2141 ἑαυτοῦ
2923 2086 3084 2154 δόξης
3133 2084 3225 2138 ἐπὶ
3264 2082 3482 2155 μικρὸν,
3545 2081 3632 2134 ἵνα
3660 2081 3780 2148 ἐγὼ

2182 2180 2472 2250 μεταλάϐω
2502 2180 2601 2250 τῆς
2630 2180 2837 2233 ἐκείνου
2872 2178 3213 2251 πληρότητος
3236 2193 3251 2207 ·
3280 2176 3376 2230 καὶ
3400 2177 3430 2228 ὀ
3462 2172 3776 2236 πλουτίζων

2179 2272 2473 2345 πτωχεύει.
2499 2274 2623 2337 Πῶς
2653 2272 2709 2327 δὲ
2745 2271 3017 2343 πτωχεύει
3061 2270 3320 2333 πλούσιος
3348 2267 3445 2329 ὢν,
3480 2267 3631 2335 λέγει
3663 2266 3693 2318 ὁ
3714 2266 3775 2318 ἐν

2174 2366 2350 2435 ἁγίοις
2421 2366 2741 2429 Ἀθανάσιος
2798 2369 2856 2419 ὲν
2905 2365 2983 2436 τῷ
3042 2363 3171 2435 περὶ
3232 2363 3336 2434 τῆς
3390 2356 3779 2430 σωτηριώδους

2174 2458 2497 2527 ἐπιφανείας
2529 2459 2673 2531 λόγῳ
2693 2502 2706 2525 ,
2761 2459 2844 2513 ὅτι
2878 2477 2896 2509 ι
2928 2457 3040 2528 Τὴν
3069 2455 3468 2527 πτωχεύσασαν
3508 2451 3677 2523 φύσιν
3705 2454 3766 2505 ἐν

2178 2549 2356 2621 ἐαυτῷ
2378 2550 2692 2613 ἀνελάϐετο,
2738 2553 2796 2605 ὲν
2831 2550 2937 2623 ἰδίᾳ
2973 2548 3291 2620 δικαιοσύνῃ
3324 2546 3530 2619 ταύτην
3568 2542 3777 2615 προσαο

2179 2643 2407 2714 λόμενος
2446 2644 2587 2717 ὑπὲρ
2628 2643 2937 2717 ἀνθρώπιον
2960 2644 3279 2715 πάσχουσαν
3301 2684 3317 2706 ,
3356 2641 3453 2695 καὶ
3476 2638 3535 2707 ἐξ
3559 2638 3775 2709 ἀνθρώ-

2183 2753 2301 2789 πων
2328 2732 2515 2804 οῦσαν,
2546 2738 2641 2792 καὶ
2668 2738 2811 2809 ὑπὲρ
2840 2737 3165 2809 ἀνθρώπους
3192 2733 3605 2806 φανερωθεῖσαν
3632 2772 3648 2796 ν
3678 2728 3775 2782 καὶ

2173 2825 2308 2879 Θεοῦ
2351 2827 2481 2899 ὃλην
2538 2827 2879 2900 γενομένην,
2923 2828 3013 2881 ἵνα
3056 2827 3152 2882 καὶ
3180 2825 3470 2897 ἄνθρωπος
3580 2823 3609 2875 ὁ
3641 2822 3775 2883 θεὸς

2171 2913 2412 2986 άληθῶς,
2444 2916 2535 2969 καὶ
2558 2916 2691 2980 Θεὸς
2723 2916 3011 2991 ἄνθρωπος
3037 2915 3289 2987 άληθῶςο
3319 2912 3456 2967 Θεοῦ
3483 2911 3579 2966 τοῦ
3617 2926 3777 2981 μονο-

2171 3005 2364 3073 γενοῦς
2410 3007 2840 3078 εύδοκήσαντος,
2889 3007 2968 3079 τῷ
3019 3007 3347 3079 πληρώματι
3380 3007 3483 3075 τῆς
3518 3002 3778 3069 θεότητος

481 3099 650 3153 αὐτοῦ
704 3099 803 3172 τὴν
852 3100 945 3155 τοῦ
1010 3101 1347 3175 Ἀρχετύπου
1408 3102 1610 3157 πλάσιν
1649 3099 1941 3173 ἀνθρώπου
1991 3096 2086 3151 καὶ
2124 3099 2353 3171 ποίησιν
2405 3100 2623 3174 καινὴν,
2691 3105 2757 3157 ἐκ
2792 3102 3007 3174 μήτρας
3045 3100 3326 3176 Παρθένου
3361 3094 3777 3171 ἀναστήσασθαι

483 3191 661 3263 ἐαυτῷ
688 3196 891 3265 φυσικῇ
922 3196 1177 3267 γεννήσει
1207 3197 1301 3251 καὶ
1330 3195 1514 3268 ἀλύτῳ
1538 3194 1753 3250 ὲνώσει.
1799 3213 1818 3246 ι

554 3284 634 3338 Ex
662 3284 750 3340 his
786 3287 1125 3355 pmmissis,
1172 3288 1422 3359 ejusdem
1466 3289 1736 3346 miracula
1769 3300 2075 3361 poenasque

2253 3283 2475 3349 Τούτοις
2498 3279 2590 3340 οῦν
2628 3282 3078 3350 ἀκολουθοῦντες,
3104 3281 3199 3338 τοῦ
3232 3280 3401 3338 αὐτοῦ
3428 3281 3498 3336 τὰ
3523 3279 3777 3355 θαύματα

482 3391 621 3445 quas
653 3375 894 3432 libenter
920 3379 1209 3444 sustinuit,
1240 3397 1309 3435 ex
1328 3397 1493 3437 carne
1523 3381 1763 3439 dicimus
1780 3395 2079 3453 cognosce-

484 3482 565 3523 re.
603 3466 761 3535 Quod
792 3481 981 3527 autem
1022 3487 1167 3527 unus
1197 3471 1443 3529 Trinitas
1469 3515 1484 3539 ,
1518 3473 1615 3529 Dei
1667 3473 1937 3536 Verbum,
1986 3472 2075 3527 in-

483 3569 745 3617 carnatus
775 3571 861 3618 est
902 3562 1191 3635 factusque
1219 3573 1303 3620 est
1334 3566 1523 3633 homo,
1551 3582 1666 3621 non
1699 3566 1826 3622 ideo
1865 3574 2079 3636 quartae

484 3667 737 3723 personae
766 3655 1143 3710 accessionem
1175 3665 1366 3713 sancta
1391 3657 1686 3714 Trinitatis
1715 3659 1947 3730 recipit;
1979 3673 2079 3713 ne-

485 3761 596 3815 que
619 3748 859 3803 alterum
890 3763 1013 3805 esse
1051 3750 1223 3805 Deum
1259 3751 1499 3807 Verbum
1534 3753 1885 3824 alterumque
1909 3751 2077 3808 Chri-

485 3846 632 3894 stum
664 3841 970 3907 noscimus,
996 3842 1093 3898 sed
1131 3859 1306 3899 unum
1334 3846 1709 3918 eumdemque
1749 3861 1873 3902 esse
1901 3847 2075 3903 Deum

483 3931 732 3986 Verbum
759 3932 1054 3989 Dominum
1093 3933 1281 3991 Jesum
1304 3935 1597 3992 Christum
1627 3937 1984 3993 conﬁtemur.
2018 3936 2076 3992 Si

485 4022 883 4093 compendiose
908 4023 1207 4079 dicendum
1227 4035 1333 4089 est,
1354 4026 1589 4081 alterum
1612 4034 1668 4081 et
1691 4025 1929 4081 alterum
1947 4032 2079 4080 sunt

484 4130 552 4170 ex
576 4116 781 4186 quibus
817 4114 879 4170 lit
898 4116 1172 4181 Salvator,
1213 4116 1322 4172 nisi
1353 4116 1573 4174 dicatur
1596 4117 1854 4172 eumdem
1881 4117 2078 4173 visibi-

485 4207 593 4262 lem
628 4224 751 4264 esse
777 4225 842 4264 ac
873 4210 1235 4273 invisibilem,
1273 4210 1645 4281 eumdemque
1691 4219 1960 4266 aeternum
2013 4225 2078 4265 ac

486 4301 542 4355 in
577 4311 829 4374 tempore
862 4303 1089 4359 factum.
1135 4304 1255 4359 Non
1286 4314 1371 4360 θαι
1409 4316 1594 4360 autem
1627 4305 1768 4360 alter
1809 4313 1866 4361 et
1901 4305 2073 4371 alter;

486 4393 635 4449 absit
660 4413 673 4450 :
705 4411 849 4451 unus
883 4396 1031 4450 enim
1055 4413 1121 4452 ex
1151 4396 1423 4451 ambobus
1447 4398 1505 4451 lit
1536 4397 1814 4468 amhoque
1836 4413 1901 4453 ex
1927 4414 2073 4465 uno;

488 4503 615 4541 cum
670 4503 804 4559 ergo
853 4488 922 4543 de
955 4488 1255 4560 Unigenito
1293 4489 1431 4544 Filio
1470 4490 1569 4545 Dei
1606 4489 1842 4545 Domino
1881 4499 2077 4545 nostro

487 4579 618 4634 Jesu
648 4578 872 4636 Christo
899 4581 1133 4635 alterum
1159 4590 1215 4636 et
1240 4583 1479 4637 alterum
1523 4584 1593 4637 de
1625 4598 1738 4637 uno
1763 4581 2076 4653 eodemque

490 4672 765 4739 dicimus;
799 4673 939 4728 duos
976 4673 1117 4729 ﬁlios
1161 4675 1246 4729 vel
1285 4674 1422 4729 duas
1459 4674 1784 4746 bypostases
1817 4691 1913 4730 seu
1942 4674 2081 4731 duas

491 4779 757 4834 personas
790 4781 902 4819 non
931 4765 1265 4831 inducimus,
1298 4766 1397 4822 sed
1434 4783 1501 4822 ex
1541 4767 1746 4837 quibus
1784 4775 1871 4822 est
1903 4768 1959 4822 in
1993 4768 2082 4823 his

490 4871 618 4909 eum
638 4870 762 4911 esse
779 4858 1161 4928 agnoscimus;
1186 4859 1266 4914 sic
1286 4860 1433 4914 enim
1448 4859 1807 4915 Divinitalem
1830 4875 2083 4917 carnem—-

490 4962 601 5017 que
634 4946 783 5003 illius
821 4948 1050 5003 dilTerre
1081 4949 1384 5018 probamus
1407 4991 1421 5015 ,
1455 4949 1783 5005 damnantes
1809 4950 2080 5021 Eutychis

491 5038 1163 5106 consubstantialilatem,
1230 5057 1507 5112 unamque
1565 5043 1688 5113 ejus
1738 5042 2078 5113 hypostasim

492 5132 845 5197 conﬁtemur,
876 5132 1117 5188 Nestorii
1154 5133 1569 5190 distinctionem
1588 5143 1958 5190 exsecrantes.
2001 5134 2079 5189 De

492 5224 601 5280 hoc
632 5233 817 5281 autem
856 5225 1083 5281 disserit
1111 5236 1336 5283 sanctus
1364 5226 1608 5300 Cyrillus
1646 5226 1702 5281 in
1733 5225 1879 5282 libro
1915 5226 2081 5282 tertio

491 5316 758 5372 adversus
778 5317 1116 5375 Nestorium.
1153 5340 1171 5372 ι
1200 5319 1321 5375 Νοη
1354 5318 1502 5391 quod
1534 5320 1682 5375 inter
1709 5335 1811 5375 nos
1844 5335 2081 5375 conver-

491 5419 646 5465 satus
668 5418 774 5473 est.
826 5411 1125 5481 aliquando
1157 5408 1381 5468 desinet
1404 5428 1526 5468 esse
1572 5413 1757 5479 Deus;
1799 5427 1903 5466 nec
1932 5411 2081 5481 quod

492 5492 691 5559 natura
718 5517 803 5560 est
833 5506 981 5561 Deus
1007 5547 1021 5565 .
1069 5506 1360 5563 nobiscum
1405 5505 1826 5563 similitudinem
1862 5504 2082 5559 inacce—

492 5605 643 5667 ptam
675 5596 923 5664 habebit,
943 5599 1220 5671 homoque
1242 5615 1366 5655 esse
1385 5599 1686 5654 recusabit.
1705 5598 2081 5665 Quemadmo-

494 5688 625 5742 dum
651 5696 834 5745 autem
862 5690 918 5745 in
948 5691 1297 5747 humanitate
1331 5691 1634 5762 permansit
1660 5691 1831 5754 Deus,
1857 5690 1931 5745 ita
1953 5705 2080 5745 cum

494 5778 550 5833 in
583 5788 778 5837 natura
816 5790 902 5837 est
926 5791 1092 5853 atque
1137 5784 1192 5838 in
1234 5783 1561 5839 excellentia
1593 5783 1904 5838 divinitatis
1932 5783 2084 5838 nullo

501 5870 665 5924 modo
720 5871 954 5926 inferius
1022 5881 1124 5926 est.
1176 5871 1352 5928 Ambo
1387 5873 1556 5943 igitur
1601 5880 1734 5927 sunt
1766 5872 1819 5926 in
1859 5872 2079 5937 eodem,

502 5974 754 6030 unusque
773 5962 922 6018 Deus
943 5963 1106 6019 simul
1130 5981 1195 6019 ac
1222 5966 1408 6033 homo,
1432 5968 1524 6037 qui
1556 5977 1639 6022 est
1674 5966 2018 6023 Emmanuel.
2055 5986 2072 6019 ι

2180 3376 2275 3429 καὶ
2304 3377 2374 3430 τὰ
2397 3376 2541 3448 πάθη
2573 3376 2718 3449 ἅπερ
2758 3377 3026 3441 ἑκουσίως
3059 3376 3374 3447 ὑπέμεινεν,
3415 3377 3582 3448 σαρκὶ
3610 3376 3778 3447 γινώ-

2182 3483 2408 3536 σκομεν.
2459 3467 2599 3521 Οὔτε
2647 3469 2758 3539 γὰρ
2794 3469 3061 3541 τετάρτου
3106 3467 3405 3540 προσώπου
3450 3467 3778 3541 προσθήκην

2179 3560 2489 3631 ἐπιδέχεται
2518 3562 2550 3631 ἡ
2590 3561 2722 3631 ἁγία
2746 3561 2937 3634 Τριάς,
2970 3561 3065 3616 τοῦ
3097 3562 3216 3626 ἑνὸς
3238 3560 3341 3633 τῆς
3369 3560 3600 3633 Τριάδος
3638 3560 3779 3617 Θεοῦ

2179 3654 2355 3720 Λόγου
2391 3653 2777 3725 σαρκωθέντος
2808 3655 2907 3709 καὶ
2947 3654 3509 3727 ἑνανθρωπήσαντοςο
3550 3654 3647 3709 καὶ
3674 3654 3778 3710 ούκ

2178 3745 2336 3799 ἄλλον
2357 3746 2449 3799 τὸν
2477 3744 2610 3800 Θεὸν
2634 3747 2806 3816 Λόγον
2840 3746 2936 3801 καὶ
2966 3746 3124 3801 ἄλλον
3156 3746 3248 3799 τὸν
3276 3745 3516 3819 Χριστὸν
3540 3747 3773 3803 ἐπιστά-

2182 3838 2342 3909 μεθα,
2398 3839 2514 3892 ἀλλ’
2571 3839 2669 3894 ἕνα
2719 3839 2815 3894 καὶ
2854 3839 2949 3895 τὸν
2989 3840 3156 3895 αὑτὸν
3194 3838 3330 3893 Θεὸν
3368 3838 3544 3909 Λόγον
3569 3836 3778 3912 Κύριον

2192 3931 2404 4003 Ἰησοῦν
2434 3932 2671 4005 Χριστὸν
2706 3931 3105 4005 ὁμολογοῦμεν.
3140 3932 3252 3987 Καὶ
3287 3933 3338 3986 εἱ
3381 3934 3468 3986 δεῖ
3491 3932 3779 4002 συντόμως

2179 4028 2375 4088 εἰπεῖν,
2408 4026 2536 4082 ἄλλο
2552 4025 2662 4098 μὲν
2697 4027 2794 4080 καὶ
2840 4026 2969 4081 ἄλλο
2994 4026 3064 4080 τὰ
3089 4025 3146 4094 ἐξ
3184 4018 3260 4080 ὧν
3286 4026 3316 4079 ό
3357 4025 3572 4097 Σωτὴρ.
3614 4025 3778 4096 είπερ

2183 4118 2258 4190 μὴ
2289 4120 2488 4173 ταυτὸν
2536 4119 2599 4173 τὸ
2636 4118 2833 4191 ὁρατὸν
2873 4118 2952 4189 τῷ
2991 4119 3210 4192 ἀοράτῳ
3235 4158 3250 4182 ,
3308 4118 3406 4172 καὶ⁵
3446 4118 3508 4172 τὸ
3549 4117 3781 4190 ἄχρονον

2178 4214 2257 4283 τῷ
2292 4213 2399 4266 ὑπὸ
2433 4212 2653 4284 χρόνον⁹
2676 4212 2779 4266 οὐκ
2805 4212 2963 4277 ἄλλος
2996 4213 3053 4266 δὲ
3079 4211 3174 4266 καὶ
3201 4211 3383 4277 ἀλλος,
3420 4209 3497 4283 μὴ
3524 4210 3739 4282 γένοιτο

2178 4300 2260 4370 εἷς
2275 4306 2381 4378 γάρ
2404 4306 2462 4371 ὲξ
2484 4309 2707 4377 ἀμφοῖν,
2729 4306 2823 4360 καὶ
2844 4307 2912 4360 δι’
2936 4307 3053 4369 ἑνὸς
3070 4306 3360 4377 ἀμφότερα
3378 4321 3394 4336 θ
3419 4296 3544 4359 ὅθεν
3565 4305 3658 4358 ἐπὶ
3680 4301 3777 4358 τοῦ

2182 4398 2506 4469 μονογενοῦς
2555 4398 2681 4452 Υίοῦ
2724 4398 2820 4454 τοῦ
2843 4397 2978 4452 Θεοῦ
3031 4397 3126 4451 τοῦ
3169 4397 3377 4468 Κυρίου
3424 4396 3779 4469 ἡμῶνΊησοῦ

2180 4489 2419 4561 Χριστοῦ
2450 4490 2578 4546 ἄλλο
2597 4491 2693 4544 καὶ
2710 4489 2840 4543 ἄλλο
2863 4489 2948 4559 ἐφ’
2975 4491 3092 4553 ἐνὸς
3127 4489 3224 4543 καὶ
3251 4487 3347 4541 τοῦ
3383 4487 3550 4542 αὑτοῦ
3585 4488 3779 4557 λέγονο

2181 4599 2292 4648 τες,
2327 4581 2389 4635 ού
2421 4580 2515 4636 δύο
2560 4582 2710 4645 υἱοὺς
2740 4581 2772 4653 ἦ
2814 4580 2908 4635 δύο
2932 4581 3261 4645 ὑποστάσεις
3293 4580 3326 4653 ἦ
3365 4578 3460 4635 δύο
3510 4580 3780 4652 πρόσωπα

2184 4674 2501 4743 εἰσάγομεν,
2538 4672 2654 4727 ἀλλ’
2706 4672 2766 4738 ἐξ
2804 4667 2879 4727 ὧν
2927 4674 3078 4727 ἐστιν
3126 4674 3184 4726 ὲν
3209 4673 3392 4736 αὐτοῖς
3430 4671 3594 4725 αὑτὸν
3639 4666 3780 4725 εῖναι

2184 4766 2527 4840 γνωρίζομεν
2553 4786 2566 4799 ·
2596 4766 2740 4821 οὕτω
2760 4768 2869 4838 γὰρ
2900 4768 2994 4821 καὶ
3020 4766 3083 4820 τὸ
3111 4765 3369 4838 διάφορον
3393 4765 3495 4836 τῆς
3525 4764 3780 4836 θεότητος

2184 4858 2350 4913 αὐτοῦ
2378 4859 2474 4914 καὶ⁹
2505 4859 2605 4930 τῆς
2632 4860 2833 4933 σαρκὸς
2861 4859 3217 4932 παριστῶμεν
3243 4899 3259 4923 ,
3300 4858 3649 4931 ἀναιροῦντες
3680 4857 3780 4930 τὴν

2187 4952 2463 5022 Εύτυχοῦς
2497 4954 2876 5018 συνουσίωσιν,
2904 4955 3001 5007 καὶ
3032 4953 3165 5025 μίαν
3200 4951 3367 5005 αὐτοῦ
3401 4952 3500 5021 τὴν
3534 4951 3778 5005 ὑπόστα-

2191 5057 2277 5094 σιν
2321 5040 2696 5112 ὀμολογοῦμεν
2735 5041 3152 5114 βδελυττόμενοι
3180 5041 3280 5114 τὴν
3308 5040 3607 5112 Νεστορίου
3637 5039 3780 5094 διαί-

2192 5149 2364 5205 ρεσιν.
2398 5133 2570 5187 Τοῦτο
2602 5134 2712 5207 γάρ
2748 5136 2845 5189 και
2866 5136 2894 5188 ό
2922 5119 2986 5189 ιν
3016 5135 3193 5204 ἁγίοις
3234 5134 3386 5204 λέγει
3420 5133 3688 5205 Κύριλλος
3722 5135 3781 5188 ιν

2188 5224 2265 5297 τῷ
2292 5227 2463 5298 τρίτῳ
2490 5228 2644 5298 τόμῳ
2670 5226 2747 5300 τῷ
2781 5228 2919 5299 πρὸς
2944 5229 3260 5301 Νεστόριον.
3298 5247 3315 5280 ι
3347 5227 3420 5281 Ού
3449 5227 3560 5298 γὰρ
3583 5227 3668 5281 ὃτι
3689 5226 3756 5295 γέ

2189 5335 2348 5388 γονεν
2380 5318 2501 5372 καθ’
2534 5320 2683 5391 ἡμᾶς
2704 5359 2718 5383 ,
2756 5318 2819 5373 τὸ
2843 5314 2985 5375 εἶναι
3015 5317 3148 5384 Εεὸ;
3171 5318 3431 5373 ἀπολέσει
3457 5315 3589 5371 ποτέ
3611 5330 3630 5347 ·
3653 5315 3781 5371 οὔτε

2193 5412 2302 5486 μὴν
2318 5415 2399 5468 ὅτι
2425 5412 2557 5478 Θεὸς
2580 5413 2724 5467 κατά
2747 5412 2912 5483 φύσιν
2945 5414 3114 5474 ἐστὶν,
3133 5413 3234 5485 τὴν
3253 5412 3389 5484 πρὸς
3415 5411 3565 5482 ἡμᾶς
3582 5408 3784 5480 ὁμοίω-

2194 5525 2280 5562 σιν
2308 5507 2688 5579 ἀπαρὰδεκτον
2713 5506 2847 5578 ἔχει,
2880 5507 2974 5561 καὶ
2999 5507 3062 5562 τὸ
3099 5506 3196 5563 ἄνθ
3207 5522 3389 5579 ρωπος
3413 5500 3553 5559 εἶναι
3575 5519 3782 5577 παραι-

2179 5601 2428 5670 τήσεται.
2456 5599 2781 5670 Μεμένηκεν
2815 5600 2871 5654 δὲ
2897 5598 3088 5671 ὥσπερ
3107 5601 3165 5653 ὲν
3195 5597 3578 5668 ἀνθρωπότητι
3604 5592 3738 5658 Θεός
3761 5610 3779 5626 ·

2180 5689 2324 5743 οὕτω
2357 5689 2453 5744 καὶ
2500 5690 2559 5744 ὲν
2594 5689 2756 5760 φύσει
2784 5708 2846 5745 τε
2875 5692 2972 5745 καὶ
3005 5691 3248 5763 ὑπεροχῇ
3284 5688 3542 5759 θεότητος
3577 5685 3657 5740 ὣν
3682 5686 3782 5739 οὓ-

2180 5783 2269 5837 δὲν
2305 5777 2470 5855 ἧττόν
2528 5783 2696 5836 ἐστιν.
2740 5784 2944 5854 ’Λμφω
2976 5783 3041 5853 δὴ
3074 5777 3166 5837 οῦν
3212 5783 3272 5835 ὲν
3305 5780 3516 5850 τούτῳ·
3553 5777 3648 5833 καὶ
3695 5769 3780 5837 εἷς

2182 5873 2316 5940 Θεός
2342 5889 2400 5927 τε
2433 5871 2571 5944 ὁμοῦ
2606 5874 2699 5929 καὶ
2726 5874 3013 5947 ἄνθρωπος
3041 5874 3072 5929 ό
3120 5870 3492 5947 Ἐμμανουήλ.
3532 5886 3555 5924 ι

3729 6445 3734 6448 ¹
3823 6445 3842 6448 -
3910 6446 3940 6452 *-
4002 6450 4030 6458 ιη
4082 6454 4085 6455 ν
4094 6454 4123 6458 .._
