4148 6456
433 365 574 431 1109

1358 360 1801 421 TRACTATUS
1837 364 2133 426 CONTRA
2170 363 2779 431 MONOPHYSITAS.

3576 346 3736 426 tuo

511 481 602 533 Δεῖ
640 471 923 553 κάνταῦθα
965 474 1075 538 τοῖς
1133 473 1285 543 παρά
1317 472 1411 525 τοῦ
1453 473 1668 543 Πατρ>ς
1712 475 2058 546 εἰρημένοις,

2201 473 2303 528 llic
2332 475 2383 527 in
2414 475 2496 530 eis
2535 492 2656 546 qua:
2698 493 2736 531 a‘
2759 477 2922 532 Patre
2963 474 3108 531 dicta
3147 481 3278 530 sunt
3309 472 3719 553 immorandum

436 571 773 640 ἑπισκέῲαν
814 568 915 639 τὴν
963 567 1073 637 γάρ
1110 566 1182 619 ἐν
1249 565 1508 637 πρόθεσιν
1543 567 1634 620 ἐπὶ
1670 568 1781 620 τῶν
1805 567 1897 620 δύο
1926 567 2029 636 φύ-

440 680 579 718 σεων
605 661 705 731 τῆς
731 656 885 721 θείας
919 673 978 710 τε
1007 656 1102 710 καὶ
1133 655 1512 728 ἀνθρωπίνης,
1533 659 1589 710 ἐν
1617 653 1707 720 αἷς
1729 653 1811 720 εἷς
1841 659 1868 710 ό
1898 658 2031 726 Χρι-

441 752 563 816 στὸς
589 749 938 820 γνωρίζεται,
959 747 1242 817 ὁμολογεῖν
1262 748 1409 818 ἡμᾶς
1432 747 1739 801 ἐκδιδάσκει
1768 765 1781 778 ·
1811 749 1878 820 ἣν
1901 748 2034 818 πρό-

439 846 592 898 Θεσιν
644 843 695 895 οἱ
744 841 1013 912 αἱρετικοὶ
1056 839 1349 910 ἀρνοῦνται
1379 841 1474 892 ἐπὶ
1513 841 1615 911 τῆς
1645 841 1900 910 θεότητος
1940 843 2036 896 καὶ

440 938 539 1005 τῆς
577 935 1004 1008 ἀνθρωπότητος
1051 933 1146 986 τοῦ
1173 933 1412 1004 Χριστοῦ
1444 932 1730 1004 ἁρμόζειν,
1771 934 2037 1006 διαίρεσιν

440 1030 605 1100 δῆθεν
628 1027 1096 1099 προφασιζόμενοι
1117 1026 1206 1080 διὰ
1229 1025 1436 1095 ταύτης
1466 1027 1712 1095 γίνεσθαι
1735 1045 1748 1059 ·
1780 1027 2040 1096 ἀγνοοῦν-

441 1140 535 1187 τες
562 1123 645 1176 ὄτι
677 1119 816 1191 αῦτη
867 1120 900 1189 ἡ
935 1119 1198 1191 πρόθεσις
1241 1119 1342 1190 τὴν
1371 1119 1565 1172 ἕνωσιν
1611 1120 1917 1190 ἀσύγχυτον
1948 1121 2041 1174 καὶ

445 1215 756 1284 ἀδιαίρετον
817 1210 1098 1280 φυλάττει.
1137 1210 1302 1264 Ὅθεν
1357 1212 1516 1282 καλή
1564 1212 1684 1265 θεία
1729 1212 1922 1284 Γραφὴ
1975 1216 2039 1284 τῇ

446 1305 671 1375 τοιαύτῃ
698 1303 966 1375 κέχρηται
991 1302 1248 1374 προθέσει
1275 1303 1368 1355 ἐπὶ
1401 1305 1502 1372 τῆς
1535 1302 1788 1374 θεότητος
1822 1307 1914 1358 καὶ
1947 1306 2044 1375 τῆς

448 1393 873 1464 ἀνθρωπότητος
902 1391 996 1446 τοῦ
1039 1391 1277 1461 μεγάλου
1309 1391 1444 1444 Θεοῦ
1474 1393 1569 1446 καὶ
1599 1393 1854 1464 Σωτῆρος
1889 1395 2046 1465 ἡμῶν

448 1486 625 1556 Ἰησοῦ
673 1485 937 1556 Χριστοῦ.
969 1486 1133 1551 Λέγει
1193 1485 1326 1552 γοῖν
1359 1487 1386 1538 ό
1427 1484 1716 1549 θεσπέσιος
1748 1487 2048 1551 ἀπόστολος

449 1581 684 1644 Παῦλος·
717 1579 898 1634 Τοῦτο
938 1581 1277 1650 φρονείσθω
1316 1580 1386 1633 ἐν
1425 1580 1573 1650 ὑμῖν
1605 1581 1636 1635 ὂ
1682 1581 1781 1636 καὶ
1821 1584 1890 1636 ἐν
1918 1585 2053 1652 Χρι-

450 1673 579 1739 στῷ
619 1674 817 1742 Ἰησοῦ
841 1715 857 1741 ,
881 1673 949 1740 ὃς
975 1675 1046 1727 ἐν·
1069 1673 1276 1743 μορε.οῇ
1300 1673 1448 1728 Θεοῦ
1472 1674 1782 1742 ὑπάρχειν.
1807 1677 1919 1744 οὐχ
1948 1677 2047 1746 ἀρ-

453 1765 694 1834 παγμόν
738 1765 1015 1834 ἡγήσατο
1050 1765 1115 1818 τὸ
1149 1761 1304 1818 εἶναι
1334 1761 1441 1819 ἶσα
1473 1764 1625 1830 Θεῷ,
1660 1767 1798 1820 ἀλλ’
1829 1767 2053 1822 ἑαυτὸν

451 1856 757 1911 ἐκένωσεν
792 1857 1036 1926 μορφὴν
1063 1857 1292 1912 δούλου
1337 1857 1572 1920 λαϐὼν,
1618 1859 1685 1912 ἐν
1732 1859 2047 1929 ὁμοιώματι

453 1949 784 2018 ἀνθρώπων
825 1952 1169 2020 γενόμενος,
1221 1951 1319 2004 καὶ
1359 1951 1624 2020 σχήματι
1659 1951 1920 2019 εὑρεθεὶς
1967 1954 2049 2020 ὠς

453 2043 790 2110 ἄνθρωπος.
849 2042 1034 2095 Εἰπὼν
1083 2043 1141 2095 δὲ
1186 2045 1214 2096 ό
1249 2042 1575 2105 Ἀπόστολος
1607 2045 1665 2095 ἐν
1702 2046 1884 2114 μορφῇ
1912 2043 2048 2097 Θεοῦ

459 2136 730 2206 ὑπάρχειν
767 2135 862 2188 τὸν
892 2133 1158 2205 μονογενῆ
1195 2134 1326 2188 Υἱὸν
1363 2133 1459 2187 τοῦ
1505 2134 1666 2197 Θεοῦ,
1698 2135 1793 2188 καὶ
1841 2137 2052 2203 ἐπαγα-

458 2228 574 2295 γὼν
635 2226 852 2299 μορφὴν
890 2226 1079 2280 δούλου
1125 2225 1364 2280 λαϐόντα
1412 2225 1579 2280 αὑτὸν
1632 2227 1692 2279 ὲν
1737 2225 2050 2298 ὁμοιώματι

460 2317 717 2386 γενέσθαι
744 2316 1072 2387 ἀνθρώπων,
1105 2317 1201 2370 καὶ
1241 2321 1484 2389 σχήματι
1515 2317 1812 2388 εὑρεθῆναι
1852 2317 1928 2382 ὡς
1960 2319 2054 2373 ἇν-

400 2408 404 2411 ’
463 2412 705 2481 Θρωπον,
743 2410 896 2464 οὐδὲν
925 2409 1115 2480 ἕτερον
1146 2410 1296 2481 ἡμᾶς
1335 2409 1642 2463 ἐκδιδάσκει
1669 2411 1702 2480 ἢ
1735 2410 1795 2464 τὸ
1823 2412 1880 2463 ἐν
1919 2412 2051 2465 ἐκα-

463 2504 600 2576 τέρᾳ
647 2505 831 2576 μορφῇ
863 2504 955 2557 τὸν
999 2503 1206 2572 Κύριον
1235 2497 1398 2569 εἶναι,
1422 2502 1704 2557 τουτέστιν
1748 2505 1807 2557 ὲν
1839 2504 2054 2574 θεότητι

463 2599 560 2650 καὶ
597 2596 694 2651 ἀνθ
705 2595 1000 2668 ρωπότητι.
1041 2595 1262 2666 Ἀμέλει
1303 2613 1384 2648 τοι
1413 2596 1509 2650 καὶ
1528 2597 1556 2648 ὁ
1578 2597 1635 2649 ἐν
1656 2595 1833 2665 ἁγίοις
1850 2595 2056 2668 Κύριλ-

463 2692 555 2754 λος
608 2689 766 2743 τοῦτο
804 2689 866 2744 τὸ
916 2688 1079 2760 ῥητὸν
1120 2687 1445 2760 ἑρμηνεύων
1484 2690 1542 2742 ὲν
1581 2687 1659 2759 τῷ
1693 2689 1829 2760 πρὸς
1864 2689 2056 2742 Θεοδό-

467 2801 584 2835 σιον
602 2783 748 2854 λόγῳ
780 2782 988 2852 γράφει
1021 2781 1151 2834 τάδε
1183 2797 1195 2810 ⁸
1245 2801 1263 2833 ι
1315 2782 1374 2834 '0
1409 2781 1682 2845 συναῖδιος
1710 2781 1789 2852 τῷ
1817 2781 1938 2852 Θεῷ
1963 2783 2058 2841 καὶ

464 2877 642 2947 Πατρὶ
663 2876 796 2940 Θεὸς
810 2876 1000 2948 Λόγος⁸
1019 2876 1235 2948 μορφὴν
1257 2875 1443 2929 δούλου
1464 2876 1668 2942 λαϐὼν,
1697 2875 1845 2930 ἔστιν
1870 2876 2059 2950 ὥσπερ

465 2972 524 3024 ὲν
554 2969 772 3040 θεότητι
791 2968 1019 3033 τέλειος,
1045 2968 1190 3022 οῦτω
1212 2971 1306 3024 καὶ
1330 2970 1389 3022 ὲν
1419 2968 1803 3040 ἀνθρωπότητι
1828 2969 2054 3035 τέλειος,

463 3065 565 3116 οὑκ
586 3065 650 3116 ὲκ
675 3065 848 3134 μόνης
871 3064 1128 3133 θεότητος
1151 3066 1246 3118 καὶ
1265 3065 1469 3134 σαρκὸς
1494 3065 1574 3127 είς
1595 3065 1691 3117 ἕνα
1713 3063 1948 3136 Χριστὸν
1967 3066 2061 3118 καὶ

2134 576 2262 633 est;
2325 584 2450 622 nam
2507 570 2954 639 praepositionem
3007 571 3064 622 in
3113 568 3182 623 de
3219 548 3439 622 duabus
3504 569 3722 624 naturis

2136 657 2445 713 divinitatis
2496 667 2663 729 atque
2715 659 3118 724 humanitatis,
3191 658 3250 712 in
3316 658 3523 728 quibus
3580 673 3724 713 unus

2136 751 2392 807 Christus
2445 753 2784 822 agnoscitur,
2839 751 3094 807 conﬁteri
3152 765 3257 805 nos
3294 750 3502 816 docet;
3558 765 3725 820 quam

2138 845 2586 915 praepositionem
2623 846 2871 901 haeretici
2901 852 3106 916 negant
3132 843 3202 898 de
3235 842 3530 897 divinitate
3558 851 3723 911 atque

2141 937 2484 992 humanitate
2514 937 2720 993 Christi
2753 938 3073 1002 convenire,
3111 937 3262 992 ill.us
3292 952 3456 991 causa
3490 935 3727 990 divisio-

2141 1045 2268 1084 nem
2308 1029 2426 1085 fieri
2461 1040 2864 1100 praetexentes;
2913 1031 3230 1101 ignorantes
3276 1029 3423 1082 hanc
3463 1026 3728 1098 praeposi-

2147 1124 2352 1178 tionem
2400 1124 2672 1177 unitatem
2728 1123 3103 1177 inconcretam
3159 1129 3325 1191 atque
3383 1119 3730 1174 individuam

2148 1231 2390 1270 servare.
2419 1214 2577 1271 Unde
2616 1230 2770 1269 sacra
2799 1214 3086 1283 Scriptura
3114 1212 3305 1267 eadem
3334 1211 3730 1281 praepositione

2150 1308 2327 1363 utitur
2349 1307 2417 1362 de
2448 1307 2738 1362 divinitate
2766 1314 2932 1376 atque
2964 1305 3309 1360 humanitate
3333 1304 3514 1374 magni
3546 1301 3642 1357 Dei
3675 1309 3734 1358 et

2152 1401 2458 1457 Salvatoris
2494 1402 2665 1456 nostri
2700 1402 2830 1457 Jesu
2863 1400 3095 1456 Christi.
3141 1399 3292 1454 Dixit
3347 1397 3573 1468 quidem
3607 1411 3736 1450 san-

2153 1500 2277 1546 ctus
2313 1492 2515 1546 Paulus
2549 1491 2830 1560 apostolus
2859 1509 2872 1544 :
2907 1509 2925 1541 (
2970 1490 3081 1545 Ηοο
3109 1491 3298 1543 sentite
3340 1494 3394 1542 in
3427 1487 3568 1541 vobis
3597 1485 3736 1556 quod

2154 1594 2201 1638 et
2234 1585 2288 1637 in
2314 1583 2522 1638 Christo
2545 1583 2704 1647 Iesu,
2733 1585 2844 1653 qui,
2889 1598 3008 1636 cum
3048 1581 3100 1637 in
3131 1581 3305 1651 forma
3330 1580 3426 1634 Dei
3447 1588 3600 1643 esset,
3632 1594 3736 1631 non

2157 1679 2408 1749 rapinam
2458 1677 2749 1731 arbitratus
2797 1684 3004 1729 estesse
3033 1691 3086 1729 se
3135 1671 3399 1744 (aqualem
3444 1671 3592 1735 Deo,
3648 1668 3738 1723 sed

2156 1774 2492 1840 semetipsum
2527 1770 2815 1823 exinanivit
2851 1769 3077 1838 formam
3103 1766 3239 1820 servi
3278 1765 3560 1834 accipiens,
3585 1763 3640 1816 in
3666 1761 3740 1814 si-

2153 1863 2504 1916 militudinem
2545 1862 2817 1914 hominum
2867 1861 3066 1930 factus,
3114 1866 3162 1910 et
3198 1856 3382 1910 habitu
3407 1855 3650 1908 inventus
3680 1858 3739 1904 ut

2151 1957 2302 2010 homo
2325 1954 2374 2007 δ.
2415 1975 2432 2006 ι
2466 1954 2762 2023 Apostolus
2829 1959 3014 2006 autem
3078 1965 3202 2005 cum
3261 1947 3396 2003 dicit
3448 1947 3503 2000 in
3559 1945 3737 2000 forma

2150 2049 2245 2103 Dei
2317 2064 2438 2103 esse
2513 2047 2712 2102 Filium
2782 2044 2880 2100 Dei
2965 2043 3352 2114 unigenitum,
3443 2040 3739 2110 ipsumque

2151 2140 2308 2194 addit
2357 2140 2588 2194 formam
2647 2136 2792 2193 servi
2843 2137 3125 2207 accepisse
3179 2141 3240 2188 ut
3299 2131 3494 2187 similis
3560 2127 3741 2184 homi-

2151 2233 2318 2288 nibus
2381 2233 2576 2296 fieret,
2632 2231 2942 2302 habituque
2999 2229 3289 2283 inventum
3337 2240 3461 2280 esse
3523 2232 3585 2290 ut
3638 2222 3742 2282 h0-

2153 2328 2393 2390 mineln,
2447 2325 2590 2381 nihil
2625 2323 2776 2379 aliud
2832 2338 2935 2378 nos
2968 2321 3132 2376 docet
3183 2333 3349 2389 quam
3395 2316 3453 2370 in
3503 2323 3740 2384 utraque

2155 2422 2328 2475 forma
2381 2434 2502 2475 esse
2562 2417 2882 2472 Dominum.
2911 2415 2965 2470 id
2998 2425 3103 2479 est,
3149 2413 3204 2466 in
3234 2409 3529 2469 divinitate
3576 2416 3742 2476 atque

2157 2511 2521 2566 humanitate.
2569 2509 2807 2565 Sanctus
2852 2521 3076 2577 quoque
3119 2503 3382 2575 Cyrillus,
3417 2502 3534 2556 hinc
3569 2498 3741 2553 verba

2158 2604 2547 2673 interpretans,
2584 2602 2703 2656 haec
2745 2599 2813 2654 ad
2845 2596 3220 2653 Theodosium
3253 2593 3487 2650 scribit:
3539 2611 3556 2642 ι
3598 2591 3744 2645 Deus

2159 2698 2422 2759 Verbum,
2465 2701 2801 2750 coaeternum
2849 2691 2962 2746 Leo
3001 2703 3067 2744 ac
3114 2686 3286 2751 Patri,
3334 2685 3568 2740 formam
3599 2681 3744 2736 servi

2159 2790 2458 2860 accipiens,
2510 2783 2978 2858 quemadmodum
3037 2780 3094 2834 in
3136 2777 3429 2834 divinitate
3466 2773 3746 2846 perfectus

2160 2891 2264 2944 est,
2306 2881 2381 2934 ita
2412 2879 2554 2934 etin
2588 2876 2976 2939 humanitate;
3015 2887 3125 2926 non
3174 2887 3242 2926 ex
3294 2870 3409 2925 sola
3457 2866 3747 2942 divinitate

2161 2990 2224 3028 ac
2259 2987 2422 3027 carne
2457 2971 2512 3024 in
2545 2984 2715 3024 unum
2747 2966 3062 3028 Christum,
3115 2961 3418 3017 Dominum
3460 2967 3517 3013 et
3545 2956 3747 3012 Filium

2163 3066 2531 3135 compositus,
2588 3061 2683 3117 sed
2730 3076 2797 3114 ex
2827 3057 3048 3112 duobus
3097 3051 3394 3124 perfectis,
3423 3048 3478 3103 id
3515 3056 3600 3102 est
3636 3046 3743 3099 hu-

465 3157 673 3229 Κύριον
693 3159 788 3211 καὶ
813 3157 945 3210 Υίὸν
978 3156 1365 3228 συγκείμενος,
1393 3156 1506 3210 ἀλλ’
1535 3158 1599 3210 ἐκ
1629 3156 1775 3209 δυοῖν
1805 3157 2056 3218 τελείοιν,

2166 3156 2427 3211 inanitate
2457 3171 2518 3208 ac
2561 3151 2848 3206 divinitate
2872 3150 2927 3202 iu
2963 3160 3134 3202 unum
3175 3142 3546 3210 eumdemque
3581 3139 3750 3194 mira-

468 3253 898 3326 ἁνθρωπότητος
947 3253 1094 3323 λέγω
1133 3254 1200 3325 δὴ
1250 3255 1348 3307 καὶ
1387 3252 1667 3324 θεότητος,
1719 3255 1801 3328 εἰς
1829 3253 1923 3307 ἕνα
1968 3253 2063 3306 καὶ

465 3345 558 3398 τὸν
580 3345 745 3399 αὐτὸν
767 3346 1086 3419 παραδόξως
1119 3345 1500 3416 συνδούμενος.
1529 3363 1548 3396 ι
1603 3345 1734 3399 Ἰδοὺ
1772 3346 1830 3399 δὲ
1877 3347 2066 3417 σαφῶς

469 3440 600 3492 πάλι
614 3459 632 3492 δ
645 3442 672 3494 ό
685 3441 875 3512 Πατὴρ
889 3443 945 3494 ὲν
963 3441 1180 3508 θεότητι
1196 3441 1290 3492 καὶ
1303 3438 1398 3493 ἀνθ
1408 3439 1686 3509 ρωπότητι
1702 3438 1794 3491 τὸν
1805 3440 1849 3491 Χ
1859 3439 2060 3510 ριστὺν,

471 3533 743 3603 ὑπάρχειν
778 3533 1057 3605 ὁμολογεῖ.
1090 3534 1304 3604 ’Ὠσπερ
1348 3533 1406 3586 δὲ
1437 3533 1497 3586 τὸ
1536 3533 1606 3586 ἐκ
1649 3533 1924 3598 θεότητος
1967 3531 2066 3585 καὶ

468 3627 932 3694 ἀνθρωπό-ητος
960 3627 1026 3680 ὲκ
1070 3624 1164 3678 δύο
1202 3625 1422 3694 φύσεων
1474 3624 1756 3695 σημαίνει,
1796 3622 1940 3678 οῦτω
1969 3625 2066 3678 καὶ

469 3717 532 3769 τὸ
576 3718 647 3771 ἐν
695 3718 930 3785 (ledente
959 3716 1061 3771 καὶ
1108 3717 1547 3784 ἀνθρωπότητι,
1576 3717 1634 3768 ὲν
1686 3714 1778 3768 δύο
1838 3715 2067 3782 φύσεσιν

471 3807 614 3864 εἷναί
640 3829 698 3864 τε
737 3814 833 3865 καὶ
867 3809 1238 3882 γνωρίζεσθαι
1268 3810 1360 3862 τὸν
1389 3809 1625 3880 Χριστὸν
1651 3808 1822 3878 δηλοῖ.
1859 3808 1981 3862 Ὅτι
2010 3808 2067 3860 δὲ

471 3905 534 3956 τὸ
564 3903 626 3956 ἐκ
664 3920 828 3958 τινων
861 3904 1191 3957 συνεστάναι
1223 3901 1548 3973 λεγόμενον,
1567 3900 1664 3953 ἐὰν
1703 3902 1776 3973 μὴ
1801 3902 1860 3954 ὲν
1883 3902 2069 3965 αὐτοῖς

473 3998 804 4068 γνωρίζεται
841 3997 902 4063 ἐξ
934 3990 1009 4052 ὧν
1033 3997 1132 4050 καὶ
1168 3997 1427 4065 συνέστη,
1449 3994 1712 4064 σύγχυσιν
1741 3995 1835 4047 καὶ
1873 3995 2070 4064 ἀφανι-

476 4091 614 4155 σμὸν
635 4087 745 4140 τῶν
768 4087 1134 4142 συνελθόντων
1159 4087 1305 4139 ποιεῖ
1330 4083 1675 4155 πραγμάτων
1691 4125 1705 4146 ,
1727 4085 1899 4153 σαφὲς
1934 4084 2070 4137 καθ-

476 4179 746 4252 έστηκεν·
786 4180 845 4247 ἐξ
880 4173 956 4234 ὧν
1006 4179 1174 4234 πάλιν
1199 4181 1227 4233 ό
1266 4177 1429 4240 αὐτὸς
1468 4179 1528 4230 ὲν
1573 4177 1751 4245 ἁγίοις
1801 4177 2072 4248 Κύριλλος

477 4276 619 4328 κατά
661 4274 772 4329 τῶν
809 4274 1226 4330 Συνουσιαστῶν
1262 4273 1412 4342 λέγει
1442 4273 1572 4327 τάδε
1594 4291 1607 4304 ·
1651 4291 1670 4324 ‹
1711 4274 1773 4326 Et
1803 4271 1859 4325 δὲ
1893 4271 1971 4332 ὡς
2013 4273 2072 4325 ὲν

475 4369 632 4435 τάξει
675 4369 862 4441 ὑγρῶν
895 4367 1276 4440 ἀναμεμίχθαι
1311 4367 1477 4436 φασὶν
1507 4366 1761 4437 ἀλλήλοις
1805 4365 1984 4437 σάρκα
2013 4383 2072 4418 τε

478 4462 576 4513 καὶ
606 4462 804 4530 Λόγον,
837 4461 954 4525 πῶς
977 4462 1256 4533 ἠγνόησαν
1283 4461 1365 4515 ὅτι
1393 4459 1463 4514 τὰ
1492 4459 1748 4530 ἀλλήλοις
1779 4459 2076 4530 ἀνακιρνά-

490 4574 632 4624 μενα
651 4556 760 4610 τῶν
793 4530 1166 4626 ὑγρῶν.οἶνος
1196 4555 1332 4627 φέρε
1379 4557 1557 4608 εἰπεῖν
1595 4554 1689 4608 καὶ
1728 4552 1876 4624 μέλι,
1909 4553 1937 4607 ὃ
1974 4553 2058 4625 μὲι

2180 4562 2290 4602 non
2351 4559 2472 4599 esse
2539 4555 2692 4594 mere
2760 4537 2906 4607 quod
2959 4541 3120 4589 erant
3155 4571 3170 4596 ,

477 4645 641 4716 ἦσαν,
667 4649 776 4703 εἰσὶ
801 4648 1061 4720 καθαρῶς
1083 4648 1293 4714 οὐκέτι,
1315 4647 1623 4717 προσλήψει
1652 4647 1708 4700 δὲ
1739 4646 1940 4715 μᾶλλον
1972 4647 2071 4717 τῆς

481 4741 823 4812 έτεροειδοῦς
880 4741 1197 4813 ποιότητος,
1250 4742 1330 4804 είς
1385 4739 1573 4809 ἕτερόν
1599 4758 1651 4793 τι
1699 4738 2070 4809 μεθίσταται;

481 4835 698 4888 (Ιὺκοῦν
727 4837 775 4888 εί
805 4833 1223 4904 συγκεκρᾶσθαι
1271 4849 1406 4900 φασι
1440 4831 1518 4902 τῷ
1539 4831 1699 4901 Λόγῳ
1727 4831 1828 4901 τὴν
1870 4830 2071 4902 σάρκα,

483 4927 636 4979 πᾶσά
679 4944 800 4990 πως
842 4925 1059 4994 ἀνάγκη
1095 4924 1277 4994 λέγειν
1309 4922 1575 4993 ἑκάτερον
1605 4920 1714 4974 τῶν
1745 4921 2072 4990 ὠνομασμέ-

481 5038 611 5082 νων,
641 5021 950 5090 ἁποστῆναι
999 5018 1096 5090 μὲν
1146 5018 1241 5072 τοῦ
1292 5013 1433 5070 εἶναι
1483 5016 1511 5068 ὃ
1548 5012 1638 5086 ἦν,
1667 5013 1726 5069 ἓν
1758 5013 1815 5066 δέ
1844 5032 1896 5066 τι
1929 5013 1988 5066 τὸ
2017 5012 2076 5080 ἐξ

481 5114 691 5181 ἀμφοῖν
733 5111 1067 5165 ἀποτελέσαι
1103 5112 1269 5180 μέσον
1305 5107 1596 5180 ὲτεροφυές
1625 5124 1728 5160 που
1762 5107 2003 5173 πάντως,
2040 5107 2073 5178 ἢ

481 5208 620 5276 ὅπερ
663 5200 731 5275 ἦν
767 5203 1034 5273 ἑκάτερον
1058 5203 1164 5256 ἀνά
1197 5202 1384 5273 μέρος.
1427 5220 1443 5251 ι

569 5298 1058 5370 Ἀποδεδειγμένου
1097 5297 1280 5350 τοίνυν
1318 5297 1401 5349 ὅτι
1435 5294 1529 5347 ἐπὶ
1565 5293 1674 5347 τῶν
1714 5291 1788 5362 μὴ
1829 5288 2077 5360 σωζομέ-

483 5410 593 5443 νων
618 5390 759 5462 μετά
785 5389 1041 5444 σύνθεσιν
1085 5387 1354 5458 σύγχυσις
1403 5386 1616 5456 γίνεται
1639 5425 1656 5450 ,
1687 5382 1849 5453 δῆλον
1881 5383 1963 5436 ὅτι
1991 5383 2076 5451 ἐφ’

483 5477 562 5537 ὧν
595 5482 671 5554 μὴ
708 5481 975 5554 σύγχυσις
1024 5481 1159 5552 μηδὲ
1200 5477 1515 5549 ἀφανισμὺς
1548 5476 1659 5530 τῶν
1703 5473 2098 5527 συνελθόντων.

487 5575 838 5646 πραγμάτων
869 5575 1018 5628 ἐστὶν
1043 5571 1104 5625 τὸ
1125 5571 1186 5624 ἐκ
1209 5587 1352 5633 τινος
1385 5568 1668 5633 συντεθὲν,
1689 5565 1784 5619 καὶ
1813 5566 1871 5618 ὲν
1898 5563 2083 5626 αὑτοῖς

487 5667 844 5738 γνωρίζεται,
879 5667 976 5720 καὶ
1019 5662 1287 5736 πρόδηλον
1336 5662 1418 5716 ὅτι
1479 5662 1528 5716 οἱ
1577 5662 1640 5715 ὲκ
1693 5657 1786 5710 δύο
1843 5655 2082 5725 φύσεων,

575 5846 604 5889 δ
630 5843 869 5917 Philipp.
903 5859 960 5908 ιι,
987 5841 1040 5909 5,
1078 5840 1135 5894 7.

2168 3251 2353 3304 bililer
2383 3247 2732 3317 coniunctus.
2767 3263 2784 3295 ι
2824 3242 2914 3297 Sic
2954 3254 3085 3310 ergo
3117 3238 3316 3292 iterum
3364 3233 3422 3288 in
3458 3229 3750 3286 divinitate

2165 3359 2230 3397 ac
2287 3339 2628 3395 humanitate
2685 3352 2807 3390 esse
2860 3333 3145 3389 Christum
3211 3335 3404 3398 aperte
3455 3322 3752 3395 profitetur

2165 3436 2346 3490 Pater.
2392 3429 2870 3498 Quemadmodum
2900 3441 2963 3478 ea:
3003 3423 3287 3477 divinitate
3312 3435 3374 3471 ac
3413 3415 3752 3470 humanitate

2167 3543 2234 3582 ex
2283 3524 2498 3580 duabus
2555 3521 2770 3576 naturis
2820 3516 3117 3588 signiﬁcat,
3167 3515 3242 3567 ita
3271 3513 3327 3565 in
3379 3509 3653 3563 divinitate
3690 3522 3755 3559 ac

2167 3619 2495 3673 humanitate
2553 3615 2609 3668 in
2680 3611 2899 3667 duabus
2970 3605 3184 3663 naturis
3238 3619 3361 3659 esse
3418 3599 3755 3671 agnoscique

2165 3713 2450 3770 Christum
2479 3711 2844 3764 demonstrat.
2893 3702 3051 3770 Quod
3081 3707 3269 3756 autem
3316 3698 3523 3753 dicitur
3558 3711 3631 3749 ex
3657 3693 3763 3748 alia

2167 3814 2303 3878 quot
2347 3803 2713 3860 constitutum
2745 3813 2890 3862 esse,
2921 3794 3030 3850 nisi
3064 3794 3123 3848 in
3159 3792 3270 3846 illis
3315 3794 3648 3860 agnoscatur
3686 3801 3755 3840 ex

2168 3899 2372 3969 quibus
2417 3894 2782 3951 constitutum
2841 3897 2946 3954 est,
3010 3885 3269 3944 confusas
3321 3882 3755 3948 obscuratasque

2170 3993 2354 4048 faccre
2381 4005 2469 4043 res
2495 3986 2925 4047 constituentes,
2961 3981 3111 4035 clare
3143 3975 3368 4046 reponit
3393 3991 3407 4040 ;
3462 3972 3610 4026 inter
3636 3985 3760 4040 qua:

2171 4086 2288 4140 hzec
2317 4083 2518 4138 iterum
2553 4079 2699 4134 idem
2739 4082 2967 4131 sanctus
3007 4070 3247 4143 Cyrinus
3289 4076 3483 4123 contra
3508 4061 3762 4119 Consub—

2173 4175 2536 4233 stantialistas
2574 4170 2749 4226 dicit:
2795 4187 2812 4218 ι
2847 4167 2903 4221 Si
2938 4179 3070 4219 vero
3115 4162 3348 4224 dicunt,
3394 4171 3548 4211 more
3594 4153 3763 4223 liqui—

2174 4271 2394 4333 dorum,
2427 4279 2650 4322 carnem
2681 4269 2738 4317 et
2770 4259 3014 4315 Verbum
3041 4255 3146 4311 sibi
3181 4252 3421 4307 invicem
3471 4244 3761 4304 cnmmista

2176 4361 2369 4424 fuisse,
2403 4355 2682 4428 quomodo
2715 4351 3041 4407 nescierunt
3067 4345 3279 4416 liquida
3320 4342 3437 4396 haec
3464 4338 3583 4396 sibi.
3616 4335 3762 4392 invi»-

2177 4469 2297 4510 cem
2337 4451 2660 4510 commista,
2716 4445 2872 4501 verbi
2917 4441 3090 4514 gratia
3145 4438 3335 4493 vinum
3371 4441 3427 4490 et
3479 4431 3608 4494 mel,
3651 4429 3763 4500 jam

3235 4526 3332 4584 sed
3401 4521 3769 4593 assumpsisse

2183 4636 2482 4709 plurimum
2527 4630 2774 4687 materia:
2800 4629 3014 4693 alienae,
3053 4626 3127 4680 ita
3156 4630 3218 4677 ut
3244 4621 3299 4675 in
3325 4617 3604 4688 quoddam
3637 4613 3770 4668 alie.

2184 4745 2314 4785 num
2355 4732 2788 4783 commutentur.
2845 4721 2901 4777 Si
2949 4734 3081 4790 ergo
3131 4715 3315 4770 Verbo
3354 4725 3579 4767 carnem
3613 4720 3770 4761 com-

2183 4822 2401 4876 mistam
2434 4819 2605 4874 fuisse
2643 4816 2858 4881 dicunt,
2909 4826 3136 4867 necesse
3181 4805 3410 4862 omnino
3453 4802 3562 4857 erit
3583 4799 3772 4856 dicere

2184 4911 2623 4983 unumquodque
2673 4906 3085 4963 nominatorum
3106 4942 3120 4967 ,
3145 4950 3152 4956 .
3181 4900 3257 4954 ita
3281 4910 3404 4952 esse
3430 4894 3674 4947 alienum
3702 4887 3771 4942 ab

2184 5026 2252 5065 eo
2295 4979 2444 5078 quod
2471 4979 2630 5069 erat,
2681 5011 2744 5058 ut
2783 4999 3046 5071 quiddam
3085 5008 3258 5050 unum
3295 5006 3362 5045 ex
3414 4985 3634 5045 duobus
3682 4979 3774 5034 fiat

2188 5100 2432 5156 medium
2455 5139 2468 5164 ,
2503 5096 2730 5152 omnino
2773 5093 2946 5148 ferme
2989 5085 3140 5143 aliud
3165 5097 3346 5154 quam.
3375 5076 3526 5150 quod
3574 5086 3772 5130 unum:

2188 5193 2448 5264 quodque
2482 5198 2605 5245 erat
2631 5204 2730 5259 per
2763 5193 2968 5256 partes.
3011 5201 3029 5232 ι

2261 5259 2682 5350 Probatoigitur
2703 5280 2757 5332 in
2778 5293 2884 5331 non
2909 5273 3134 5329 salvatis
3152 5273 3276 5340 post
3288 5259 3772 5333 compositionem,

2191 5374 2571 5432 confusionem
2602 5369 2742 5433 fieri,
2776 5367 3005 5422 evidens
3041 5373 3126 5416 est
3175 5359 3230 5413 in
3262 5355 3468 5426 quibus
3503 5366 3608 5405 nec
3641 5361 3776 5401 con-

2187 5466 2331 5520 fusio
2362 5479 2464 5519 ncc
2509 5459 2823 5518 obscuratio
2872 5468 3059 5510 rerum
3107 5445 3562 5505 constituentium
3597 5438 3772 5505 adest,

2192 5573 2257 5612 ex
2283 5553 2530 5626 quodam
2581 5565 2703 5605 esse
2742 5544 3048 5615 composita
3073 5582 3087 5607 ,
3122 5547 3286 5610 atque
3316 5537 3372 5592 in
3401 5529 3778 5604 illisagnosci,

2201 5666 2262 5706 ac
2292 5622 2642 5708 manifestum
2695 5650 2778 5695 cst
2821 5636 3150 5693 confitentes
3182 5629 3497 5688 ex-duabus
3543 5622 3776 5685 naturis.
