4148 6480
407 372 548 436 1113

1335 379 1780 442 TRACTATUS
1819 381 2121 444 CONTRA
2153 386 2762 450 MONUPHYSlTAS.

3535 390 3676 453 11‘”

407 484 643 547 πῶντες,
681 482 812 552 μίαν
855 484 1267 539 ἀναπλάττουσι
1335 487 1540 557 σαρκὸς
1594 489 1692 542 καὶ
1743 489 2000 559 θεότητος

2105 493 2412 551 divinitatis
2445 507 2696 552 naturam
2729 499 2886 564 dicit,
2923 499 3018 554 sed
3047 508 3338 572 postquam
3369 501 3677 573 inc0"porei

409 579 593 649 φύσιν.
645 578 702 632 ’0
771 583 956 650 μέντοι
1009 583 1069 633 ὲν
1111 581 1292 648 ἁγίοις
1343 583 1573 652 Πατὴρ,
1601 584 1700 652 οὐχ
1739 584 1814 646 ὡς
1843 584 2001 636 αὐτοὶ

411 675 781 744 φαντάζονται
817 674 944 745 μίαν
977 675 1182 745 σαρκὸς
1214 677 1308 728 καὶ
1339 675 1596 746 θεότητος
1628 676 1778 745 λέγει
1812 677 1998 746 φύσιν,

411 769 529 824 ἀλλ’
557 767 636 832 ὡς
683 769 930 838 ἀσάρκου
958 767 1054 824 τοῦ
1085 767 1263 835 Λόγου
1299 769 1428 838 μίαν
1469 767 1640 822 εἰπὼν
1682 767 1783 839 τὴν
1813 767 1997 838 φύσιν,

409 863 512 916 οὐκ
545 861 678 932 ἐστη
709 862 870 933 μέχρι
902 861 1116 927 τούτου,
1139 861 1278 914 ἀλλὰ
1295 862 1645 933 προσέθηκεν
1665 862 1748 927 τὸ,
1775 878 2002 930 σεσαρ-

411 957 712 1028 κωμένην,
743 958 830 1011 ἵνα
854 957 946 1010 διὰ
990 955 1112 1017 τοῦ,
1145 955 1639 1024 σεοάρκωμένην,
1674 956 1774 1023 τὴν
1803 955 2000 1026 ἑτέραν

412 1054 547 1120 ἡμῖν
593 1051 844 1103 τουτέστι
885 1050 986 1119 τὴν
1036 1047 1390 1118 ἀνθρωπίνην
1435 1049 1768 1119 παραστήσῃ
1814 1049 1996 1117 φύσιν.

425 1145 646 1215 Ἀμέλει
673 1142 748 1214 μὴ
781 1140 1077 1212 ἀρκεσθεὶς
1107 1143 1176 1212 τῇ
1205 1138 1434 1211 τοιαύτῃ
1464 1139 1630 1205 λέξει,
1657 1140 1796 1194 ἀλλὰ
1831 1140 2000 1209 σαφέ-

415 1255 608 1307 στερον
639 1237 740 1307 τὴν
773 1234 970 1288 ἑαυτοῦ
996 1233 1236 1287 διάνοιαν
1263 1232 1612 1302 παραστῆσαι
1647 1231 1998 1303 βουλόμενος,

411 1336 693 1404 ἐπήγαγεν
749 1329 911 1393 εὐθὺς
959 1329 996 1382 ἃ
1041 1327 1203 1382 πάλιν
1253 1327 1409 1380 αὐτοὶ
1460 1326 1998 1399 παραλίμπάνουσιν·

417 1446 435 1478 ι
484 1425 693 1479 Οὐκοῦν
733 1425 860 1478 ὅσον
894 1423 992 1494 μὲν
1039 1418 1176 1494 ἧκεν
1221 1421 1300 1482 είς
1343 1420 1556 1471 ἔννοιαν
1599 1421 1695 1472 καὶ
1724 1421 1804 1482 είς
1838 1418 2000 1489 μόνον

409 1519 471 1572 τὸ
508 1520 641 1590 ὁρᾷν
667 1521 779 1580 τοῖς
805 1517 906 1585 τῆς
940 1516 1118 1586 ψυχῆς
1147 1516 1361 1586 ὄμμασι
1385 1558 1401 1582 ,
1432 1516 1560 1568 τίνα
1602 1513 1806 1584 τρόπον
1847 1513 2001 1581 ἐνην-

410 1611 704 1682 θρώπησεν
733 1611 762 1662 ὁ
793 1610 1125 1678 Μονογενὴς,
1150 1608 1245 1662 δύο
1273 1607 1370 1672 τὰς
1399 1607 1591 1678 φύσεις
1622 1601 1760 1659 εἷναί
1792 1621 1997 1674 φαμεν,

409 1705 507 1758 ἕνα
532 1703 588 1756 δὲ
613 1703 852 1774 Χριστὸν
881 1703 977 1755 καὶ
1009 1702 1139 1755 Υίὺν
1168 1701 1262 1755 καὶ
1293 1700 1499 1769 Κύριον
1524 1698 1620 1752 τοῦ
1659 1697 1796 1750 Θεοῦ
1822 1697 1998 1763 Λόγον

411 1796 922 1868 ἐνανθρωπήσαντα
974 1795 1069 1847 καὶ
1126 1794 1567 1864 σεσαρκωμένον.
1605 1811 1622 1843 ι
1661 1790 1728 1843 Τί
1787 1789 2007 1857 τούτων,

2113 587 2276 642 Verbi
2303 605 2464 643 unam
2497 599 2752 644 naturam
2785 592 2944 657 dixit,
2981 609 3091 647 non
3121 594 3211 647 hic
3241 594 3418 659 stetit,
3472 591 3687 649 addidit

2100 683 2469 749 incantatam,
2526 692 2586 737 ut
2641 699 2740 753 per
2792 685 3164 749 incantatam,
3217 687 3449 741 alteram
3499 685 3686 754 nobis,

2101 775 2312 831 scilicet
2341 776 2661 840 humanam,
2687 784 2941 830 naturam
2969 785 3323 846 proponeret.
3350 777 3468 831 Non
3497 786 3685 833 autem

2103 868 2207 923 hac
2251 869 2569 923 elocutione
2613 876 2929 932 contentus,
2987 867 3084 922 sed
3134 866 3481 921 manifestius
3528 883 3685 922 suam

2101 963 2294 1016 volens
2325 961 2541 1031 aperire
2573 961 2902 1015 sententiam
2931 1001 2945 1020 ,
3002 959 3268 1014 continuo
3299 959 3512 1014 addidit
3555 975 3688 1014 rur-

2101 1071 2196 1110 sus
2223 1070 2344 1124 qmc
2380 1054 2459 1108 illi
2496 1052 2964 1123 praetermittunt:
2998 1071 3014 1102 ‹
3049 1051 3284 1105 Tantum
3317 1052 3482 1122 igitur
3512 1068 3688 1121 quan-

2103 1155 2218 1201 tum
2269 1146 2460 1200 datum
2515 1153 2601 1199 est
2653 1145 2816 1198 nobis
2880 1143 3187 1214 intelligere
3236 1144 3478 1213 solisque
3527 1143 3685 1197 vide-

2102 1255 2161 1292 re
2208 1239 2386 1292 oculis
2428 1236 2624 1290 anima:
2667 1245 2898 1298 nostrtc,
2962 1234 3240 1304 quomodo
3293 1235 3460 1289 homo
3509 1235 3689 1291 factus

2102 1331 2273 1385 fuerit
2327 1329 2687 1399 Unigenitus,
2741 1329 2882 1383 duas
2940 1336 3172 1382 naturas
3229 1343 3352 1383 esse
3412 1328 3683 1393 dicimus,

2103 1440 2272 1478 unum
2319 1439 2453 1481 vero
2498 1422 2813 1486 Christum,
2853 1421 3051 1474 Filium
3101 1429 3156 1475 et
3191 1421 3519 1484 Dominum,
3551 1421 3689 1476 Ver-

2102 1517 2234 1570 bum
2289 1516 2383 1570 Dei
2434 1517 2529 1586 qui
2592 1516 2760 1570 homo
2809 1515 2984 1571 factus
3031 1524 3117 1570 est
3170 1523 3226 1569 et
3273 1514 3614 1570 incarnatus.
3665 1533 3683 1566 ι

2101 1609 2242 1676 Quid
2267 1609 2356 1665 his
2384 1611 2572 1664 verbis
2601 1609 2808 1663 clarius
2833 1625 2955 1664 esse
2988 1609 3212 1679 potest?
3235 1609 3325 1664 Vel
3365 1607 3513 1678 quod
3540 1608 3691 1663 sanis

2099 1711 2285 1757 mente
2329 1701 2562 1757 dubium
2609 1701 2944 1770 relinquitur
2994 1701 3178 1757 adhuc
3221 1701 3291 1756 de
3339 1700 3689 1755 confessione

2101 1795 2335 1849 duarum
2382 1795 2436 1849 in
2474 1793 2698 1849 Christo
2749 1803 3104 1859 naturarum,
3155 1793 3273 1848 lucc
3307 1793 3471 1848 Patre
3525 1793 3690 1848 nobis

408 1889 526 1943 ἐστὶ
591 1888 934 1958 σαφέστερον
966 1903 981 1951 ;
1013 1886 1046 1957 ἦ
1077 1886 1162 1950 τίς
1203 1885 1390 1939 λοιπον
1444 1888 1558 1948 τοῖς
1595 1883 1656 1937 εὖ
1700 1881 1994 1954 φρονοῦσιν

2101 1887 2391 1944 tradente?
2433 1887 2540 1941 Sed
2587 1886 2665 1940 illi
2719 1886 2868 1939 omni
2915 1885 3080 1940 modo
3129 1885 3422 1940 veritatem
3478 1884 3688 1939 distor-

407 1983 823 2053 άμφισϐήτησις
851 1980 1204 2034 ὑπολείπεται
1235 1981 1366 2052 περὶ
1411 1978 1512 2051 τὴν
1562 1978 1854 2050 ὁμολογίαν
1884 1975 1994 2029 τῶν

406 2077 466 2128 ἐν
505 2074 730 2145 Χριστῷ
775 2074 872 2127 δύο
921 2073 1164 2143 φύσεων,
1196 2074 1424 2128 τοιαῦτα
1470 2072 1569 2127 τοῦ
1614 2073 1828 2144 Πατρὸς
1861 2072 1996 2140 ἡμῖν

406 2166 894 2238 παραδεδωκότος;
948 2167 1089 2220 Ἀλλ’
1128 2169 1332 2220 ἐκεῖνοι
1379 2166 1470 2220 διὰ
1501 2167 1721 2220 πάντων
1749 2164 1817 2218 τὰ
1860 2163 1997 2236 ὀρθὰ

403 2256 754 2326 διαστρέφειν
804 2255 1199 2320 σπουδάζοντες
1220 2295 1236 2321 ,
1270 2258 1365 2310 καὶ
1403 2256 1564 2310 τοῦτο
1592 2258 1715 2319 ταῖς
1763 2255 1996 2318 οἰκείαις

407 2347 768 2418 προστιθέασι
825 2347 1257 2418 ματαιολογίαις,
1293 2346 1545 2415 λέγοντες
1589 2345 1664 2418 μὴ
1705 2345 1817 2399 δεῖν
1859 2347 1997 2415 ὁμο-

405 2439 683 2508 λογεῖσθαι
714 2440 942 2510 στόματι
971 2439 1040 2492 τά
1069 2439 1212 2492 κατὰ
1243 2439 1345 2511 τὴν
1366 2439 1579 2493 ἔννοιαν
1616 2439 1711 2491 καὶ
1739 2439 1852 2501 τοῖς
1897 2438 1998 2508 τῆς

406 2535 588 2606 ψυχῆς
621 2534 835 2606 ὄμμασι
873 2533 1246 2606 θεωρούμενα,
1279 2535 1390 2604 Τῆς
1439 2534 1496 2586 δὲ
1528 2532 1787 2602 τοιαύτης
1818 2531 1997 2584 αὐτῶν

409 2629 749 2700 κακουργίας
778 2627 932 2681 οὐδέν
966 2629 1117 2681 ἐστιν
1153 2626 1495 2697 ἀλογώτερον
1528 2643 1542 2659 ο
1584 2626 1726 2680 κατὰ
1757 2625 1866 2697 γάρ
1897 2626 1998 2698 τὴν

406 2721 590 2774 αὐτῶν
627 2724 849 2790 μανίαν,
881 2719 1004 2773 οὐδὲ
1062 2719 1198 2772 Θεὸν
1257 2716 1487 2790 στόματι
1541 2720 1996 2790 ὁμολογήσουσιν,

406 2810 595 2880 ἐπειδὴ
626 2810 770 2865 κατὰ
802 2810 972 2882 μόνην
1010 2810 1242 2875 ἔννοιαν,
1275 2810 1371 2863 καὶ
1404 2813 1514 2874 τοῖς
1547 2811 1646 2882 τῆς
1674 2810 1856 2882 ψυχῆς
1894 2811 1997 2882 ὃμ-

412 2919 581 2974 μασιν
603 2904 769 2957 αὑτὸν
790 2902 1140 2972 ἐπιστάμεθα
1166 2920 1180 2936 ο
1211 2903 1345 2957 ὅπου
1379 2918 1443 2972 γε
1475 2903 1573 2956 καὶ
1619 2904 1780 2966 αὐτὸς
1812 2906 1840 2957 ὁ
1880 2906 1997 2958 Πα-

404 2997 555 3068 τὴρ,
603 2997 749 3069 ἅπερ
804 3000 918 3061 τοῖς
971 2996 1076 3067 τῆς
1117 2996 1298 3068 ψυχῆς
1341 2996 1589 3065 ὁμμασιν
1639 2997 1954 3069 ἐθεώρησεν
1981 3036 1996 3060 ,

406 3088 586 3143 ταῦτα
651 3089 748 3142 καὶ
808 3083 964 3142 εἶπεν
1019 3089 1115 3142 καὶ
1171 3090 1468 3159 ἐγγράφως
1547 3089 1802 3156 ἐξέθετο·
1873 3090 1998 3144 οὐδὲ

406 3183 518 3254 γάρ
562 3181 741 3245 ἄλλως
787 3183 1137 3252 ἐπιστάμεθα
1174 3183 1243 3237 τὰ.
1287 3184 1483 3252 ἐκείνῳ
1531 3183 1916 3256 θεωρηθέντα,
1945 3187 1996 3239 εί

411 3278 487 3346 μὴ
521 3275 609 3330 διὰ
660 3275 772 3329 τῶν
813 3275 980 3330 αὑτοῦ
1011 3275 1186 3345 λόγων
1226 3295 1286 3330 τε
1312 3281 1404 3332 καὶ
1446 3279 1816 3350 γραμμάτων.
1854 3281 1917 3333 Ei
1941 3280 1997 3333 δὲ

409 3369 554 3422 κατὰ
578 3369 680 3440 τὴν
715 3369 1012 3440 αἱρετικῶν
1045 3370 1234 3424 ἄνοιαν
1267 3371 1338 3424 τὰ
1370 3373 1516 3443 μόνῳ
1545 3372 1624 3443 τῷ
1653 3373 1730 3442 νῷ
1759 3371 1998 3443 θεωρού-

412 3482 550 3535 μενα
587 3465 880 3535 ὁμολογεῖν
915 3465 978 3518 οὗ
1023 3469 1316 3539 προσήκει,
1349 3466 1468 3530 πῶς
1512 3467 1910 3538 ὁμολογήσουσι
1937 3467 1999 3520 τὸ

409 3557 690 3628 ἐξαίρετον
738 3557 841 3627 τῆς
893 3557 1146 3629 θεότητος
1200 3557 1296 3611 τοῦ
1349 3557 1557 3630 Κυρίου
1613 3559 1772 3630 ἡμῶν
1816 3557 1995 3629 Ἰησοῦ

409 3653 668 3722 Χριστοῦ,
695 3650 795 3720 τῆς
828 3651 927 3721 μὲν
961 3650 1295 3721 σαρκώσεως
1321 3651 1486 3704 αὑτοῦ
1513 3652 1867 3722 φαινομένης,
1898 3652 1998 3720 τῆς

407 3746 466 3799 δὲ
489 3745 746 3815 θεότητος
765 3743 934 3798 αὑτοῦ
957 3745 1106 3816 μόνῳ
1128 3744 1206 3815 τῷ
1235 3742 1312 3814 νῷ
1331 3743 1746 3815 θεωρουμένης;
1779 3745 1843 3797 Εἰ
1870 3745 2004 3815 μέν·

408 3856 492 3893 τοι
509 3839 650 3892 κατὰ
675 3839 768 3891 τὸν
797 3837 938 3891 θεῖον
967 3837 1312 3903 Ἀπόστολον,
1346 3837 1567 3906 Καρδίᾳ
1587 3839 1706 3907 μὲν
1725 3841 2002 3894 πιστεύε-

414 3949 509 3987 ται
541 3936 630 3999 εὶς
671 3932 1096 4002 δικαιοσύνην,
1133 3935 1385 4002 στόματι
1409 3933 1477 3986 δὲ
1492 3933 1869 4003 ὁμολογεῖται
1911 3936 2000 4000 εὶς

412 4025 737 4093 σωτηρίαν,
783 4023 1052 4095 πρόδηλον
1100 4025 1182 4078 ὅτι
1231 4025 1298 4078 τὰ
1352 4026 1428 4096 νῷ
1483 4026 1858 4097 θεωρούμενα,
1905 4026 2000 4079 καὶ

414 4117 644 4188 στόματι
690 4117 1076 4188 ὁμολογεῖται·
1109 4118 1232 4172 καθ’
1264 4118 1300 4173 ἃ.
1326 4119 1436 4191 γὰρ
1482 4121 1510 4171 ὁ
1539 4120 1801 4189 Θεολόγος
1847 4121 1996 4189 λέγει

413 4210 736 4282 Γρηγόριος,
787 4230 804 4262 ι
844 4211 1066 4282 Κίνημα
1094 4211 1428 4282 ναρκώντων
1457 4214 1574 4266 ἐστὶ
1613 4213 1739 4277 νοῦς
1769 4213 1998 4267 ἀνεκλά-

2098 1995 2273 2049 quere
2312 1978 2622 2041 studentes,
2663 1977 2809 2032 inter
2846 1977 3062 2032 summa
3099 1993 3199 2031 sua
3237 1977 3341 2031 hoc
3366 1986 3688 2046 proponunt

2097 2070 2346 2125 dicentes
2395 2084 2506 2124 non
2540 2084 2663 2124 esse
2705 2067 3020 2124 confitenda
3066 2084 3162 2123 ore
3207 2083 3329 2138 quae
3378 2067 3683 2123 secundum

2095 2163 2441 2218 intellectum
2473 2161 2762 2232 oculisque
2800 2161 2999 2216 anin’iae
3050 2169 3311 2231 percepta
3340 2169 3489 2214 sunt.
3537 2159 3685 2214 Nihil

2097 2273 2283 2320 autem
2357 2263 2531 2334 magis
2600 2263 2927 2317 adversatur
2986 2261 3190 2316 rationi
3253 2277 3416 2331 quam
3488 2276 3684 2316 eorum

2098 2355 2412 2411 istiusmodi
2449 2354 2825 2421 machinatio;
2857 2353 3165 2408 secundum
3210 2353 3356 2406 enim
3391 2352 3684 2406 stultitiam

2098 2464 2312 2512 cormn,
2348 2463 2418 2501 ne
2447 2447 2619 2502 Deum
2643 2445 2866 2516 quidem
2898 2461 2996 2500 ore
3039 2445 3474 2508 confitebuntur,
3509 2443 3688 2514 siqui-

2099 2541 2224 2596 dem
2253 2539 2559 2595 secundum
2591 2539 2771 2594 solum
2812 2538 3157 2593 intellectum
3196 2539 3503 2607 animaeque
3553 2553 3690 2593 ocu-

2098 2633 2168 2688 lis
2194 2633 2348 2688 illum
2371 2633 2792 2704 cognoscimus;
2819 2632 2899 2686 sic
2918 2641 2974 2686 et
3003 2631 3118 2700 ipse
3141 2631 3324 2696 Pater,
3348 2647 3470 2701 quae
3491 2632 3691 2685 mentis

2099 2725 2279 2780 oculis
2313 2733 2670 2795 perceperat,
2718 2724 2834 2779 haec
2863 2724 3002 2778 dixit
3033 2723 3369 2793 scriptisque
3400 2721 3689 2792 exposuit;

2102 2836 2283 2890 neque
2317 2822 2479 2876 aliter
2509 2837 2634 2891 qum
2676 2821 2745 2875 ab
2799 2820 2894 2875 illo
2938 2828 3197 2890 percepta
3242 2828 3374 2874 sunt
3406 2817 3694 2888 cognosci-

2103 2929 2227 2968 mus
2272 2914 2377 2969 nisi
2415 2915 2770 2970 sermonibus
2817 2913 3151 2984 scriptisque
3197 2913 3364 2967 illius.
3404 2911 3460 2966 Si
3507 2921 3690 2966 autem

2095 3009 2251 3078 juxta
2292 3008 2687 3062 haereticorum
2719 3007 3014 3062 stultitiam
3064 3022 3152 3062 res
3194 3005 3311 3060 sola
3344 3013 3529 3059 mente
3561 3019 3688 3073 per-

2101 3109 2289 3170 ceptas
2327 3100 2580 3155 confiteri
2619 3116 2726 3154 non
2780 3100 2980 3165 refert,
3027 3099 3306 3170 quomodo
3352 3098 3689 3153 ineffabilem

2027 3200 2519 3295 Ceonﬁtebuntur
2596 3200 2942 3255 divinitatem
3024 3199 3243 3255 Domini
3321 3199 3496 3254 nostri
3561 3198 3690 3254 Jesu

2101 3293 2331 3355 Christi,
2377 3293 2758 3349 incarnatione
2807 3293 3028 3363 quidem
3081 3293 3328 3347 exterius
3378 3291 3690 3356 manifesta,

2100 3386 2390 3441 divinitate
2439 3395 2622 3440 autem
2674 3386 2788 3440 sola
2850 3395 3032 3440 mente
3089 3384 3390 3455 percepta?
3432 3382 3488 3438 Si
3536 3398 3690 3447 vero,

2095 3480 2249 3549 juxta
2290 3479 2480 3532 divum
2523 3479 2881 3548 Apostolum,
2924 3478 3079 3532 corde
3117 3476 3328 3548 quidem
3361 3475 3597 3529 creditur
3624 3473 3696 3527 ad

2091 3572 2384 3643 justitiam,
2430 3587 2522 3625 ore
2550 3588 2672 3626 vero
2707 3571 2966 3640 confessio
3007 3570 3070 3638 ﬁt
3113 3569 3184 3623 ad
3217 3568 3447 3622 salutem
3485 3579 3531 3629 ε.
3561 3582 3691 3636 per-

2103 3666 2356 3732 Spieuum
2385 3673 2470 3720 est
2495 3681 2584 3718 res
2625 3673 2809 3718 mente
2840 3673 3152 3734 perceptas,
3183 3679 3280 3718 ore
3313 3677 3533 3732 quoque
3561 3674 3694 3713 con-

2110 3754 2342 3809 fitendas
2385 3771 2528 3810 esse.
2580 3755 2655 3810 De
2687 3755 2776 3810 his
2804 3755 3008 3809 etenim
3050 3753 3352 3826 Gregorius
3378 3753 3694 3821 Theologus

2107 3844 2282 3899 dicit:
2315 3863 2332 3895 ι
2370 3845 2522 3899 Mens
2549 3853 2699 3898 muta
2731 3843 3177 3914 consepientium
3220 3842 3392 3906 ratio;
3429 3848 3588 3908 turpe
3609 3844 3694 3892 est

2103 3940 2276 4004 enim,
2325 3948 2483 4010 turpe
2530 3947 2642 4003 est,
2694 3938 3043 4008 maximeque
3095 3934 3476 3992 irrationabile
3520 3932 3697 3987 fortes

2103 4034 2290 4088 animo
2324 4049 2488 4088 voces
2517 4042 2712 4088 tenues
2746 4032 3029 4103 proferre,
3074 4030 3528 4098 abscondereque
3566 4025 3694 4080 the-

2103 4141 2325 4180 saurum
2361 4128 2515 4196 quasi
2560 4126 2696 4182 alios
2726 4126 3158 4189 calmnniantes,
3199 4122 3305 4178 nisi
3339 4138 3452 4192 pra:
3489 4120 3693 4175 timore

2101 4218 2345 4288 linguam
2371 4219 2876 4274 sanctificaveritis.
2915 4237 2936 4271 ιι

412 4303 577 4374 λητος
603 4321 617 4336 ο
649 4303 877 4374 αἰσχρὸν
904 4305 1035 4374 γὰρ,
1075 4303 1324 4374 αἰσχρὸν,
1354 4306 1448 4358 καὶ
1478 4304 1680 4367 ἱκανῶς
1709 4305 1904 4372 ἄλογον
1962 4306 2105 4359 κατὰ
2139 4309 2316 4380 ψυχὴν
2363 4311 2714 4383 ἐρρωμένους
2760 4307 3246 4379 σμικρολογεῖσθαι
3269 4307 3398 4378 περὶ
3419 4307 3510 4362 τὸν
3533 4302 3688 4378 ἦχον.

413 4401 511 4454 καὶ
532 4399 803 4470 κρύπτειν
823 4399 913 4453 τὸν
938 4399 1235 4471 θησαυρὸν,
1257 4399 1450 4471 ὥσπερ
1498 4400 1680 4463 ἄλλοις
1732 4400 2154 4470 βασκαίνοντας,
2207 4395 2261 4458 εί
2308 4405 2384 4478 μὴ
2430 4406 2525 4459 καὶ
2565 4405 2664 4475 τὴν
2717 4404 2974 4472 γλῶσσαν
3005 4404 3271 4474 άγιάσητε
3299 4402 3622 4466 δεδοικότες.
3667 4421 3686 4453 ι

485 4494 706 4548 Τούτων
755 4491 940 4546 τοίνυν
1005 4493 1179 4557 οὕτως
1231 4493 1488 4562 ἐχόντων,
1518 4493 1625 4564 χρὴ
1668 4495 1879 4558 πάντας
1907 4495 2004 4549 άν-
2040 4500 2082 4554 D

415 4587 668 4659 θρώπους
700 4587 762 4640 τὸ
797 4587 939 4658 μέγα
969 4586 1067 4657 τῆς
1098 4587 1379 4651 εὐσεϐείας
1411 4588 1885 4660 προσδεχομένους
1911 4605 2007 4659 μυ-

415 4685 640 4753 στήριον
669 4680 762 4735 τοῦ
799 4681 1040 4752 μεγάλου
1075 4681 1212 4735 Θεοῦ
1246 4683 1342 4737 καὶ
1368 4682 1621 4752 Σωτῆρος
1642 4682 1800 4753 ἡμῶν
1830 4682 2005 4753 Ἰησοῦ

416 4774 676 4843 Χςιστοῦ,
708 4776 802 4828 καὶ
838 4775 1068 4845 στόματι
1092 4775 1377 4844 ὁμολογεῖν
1406 4775 1507 4839 τὰς
1545 4775 1641 4829 δύο
1680 4774 1874 4844 φύσεις
1912 4775 2006 4828 τοῦ

415 4868 682 4938 Χριστοῦ,
717 4870 819 4940 τήν
844 4885 904 4922 τε
950 4868 1104 4924 θείαν
1135 4869 1232 4922 καὶ
1269 4868 1368 4940 τὴν
1406 4868 1779 4941 ἀνθρωπίνην.
1810 4869 1924 4923 Καὶ
1947 4870 2006 4923 ὲν

413 4963 493 5034 τῷ
514 4963 755 5034 δευτέρῳ
787 4963 897 5033 γάρ
931 4965 1068 5032 πρὸς
1108 4963 1200 5017 τὸν
1233 4963 1395 5016 αὐτον
1427 4963 1730 5017 Σούκενσον
1759 4963 2006 5036 ὑπομνη-

419 5057 637 5128 ματικῷ
675 5059 703 5110 ὁ
751 5058 811 5110 ἐν
842 5057 1019 5125 ἁγίοις
1050 5056 1337 5127 Κύριλλος,
1365 5055 1482 5124 ἃμα
1522 5054 1622 5126 μὲν
1651 5055 1752 5126 τὴν
1790 5056 2005 5110 ἐκείνου

415 5147 548 5218 περὶ
608 5146 706 5216 τὴν
770 5145 1188 5218 ἐνανθρὼπησιν
1259 5145 1540 5218 ὁρθόδοξον
1603 5147 2008 5218 ἀποδεχόμενος

415 5239 625 5303 πίστιν,
651 5239 768 5309 ἅμα
792 5239 850 5292 δὲ
881 5238 980 5310 τὴν
1003 5238 1212 5293 οἰκείαν
1240 5239 1468 5311 γνώμην
1494 5240 1840 5313 τρανώτερον
1870 5243 2003 5296 ἁποο

414 5334 655 5398 δεικνὺς,
684 5333 860 5387 ταῦτα
890 5333 1231 5405 παραδίδωσι
1263 5332 1440 5398 λέγων
1465 5351 1477 5363 ·
1511 5351 1529 5383 ι
1581 5333 1884 5404 Ὀρθότατα
1911 5335 2007 5388 καὶ

419 5429 561 5482 πάνυ
595 5427 834 5493 συνετῶς
863 5429 895 5501 ή
922 5430 988 5498 σὴ
1021 5429 1297 5499 τελειότης
1322 5430 1414 5483 τὸν
1443 5431 1571 5501 περὶ
1601 5431 1696 5483 τοῦ
1725 5430 1998 5501 σωτηρίου

416 5525 629 5588 πάθους
645 5523 919 5578 ἐκτίθεται
940 5524 1119 5594 λόγον,
1143 5525 1242 5577 οὐκ
1267 5524 1432 5579 αὐτὸν
1455 5525 1718 5596 μονογενῆ
1743 5524 1837 5578 τοῦ
1866 5523 2001 5577 Θεοῦ

419 5618 548 5670 Υἱὸν
573 5617 696 5671 καθ’
722 5616 751 5670 ὃ
772 5617 1087 5670 νοεῖταικαὶ
1123 5615 1236 5669 ἐστι
1261 5615 1392 5680 Θεδς
1411 5616 1605 5671 παθεῖν
1623 5617 1704 5679 είς
1734 5615 1872 5668 ἰδίαν
1906 5613 2008 5684 φύ-

417 5726 504 5763 σιν
537 5709 606 5763 tit
630 5709 887 5780 σώματος
931 5709 1348 5782 ῖσχυριζομένη,
1374 5707 1569 5764 παθεῖν
1604 5706 1661 5763 δὲ
1692 5707 1896 5780 μᾶλλον
1937 5707 2004 5776 τῇ

498 5900 522 5928 ε
554 5887 713 5946 llutn.
751 5908 803 5959 κ,
832 5893 918 5950 10.

2185 4499 2280 4554 llis
2308 4515 2441 4570 ergo
2469 4514 2527 4553 se
2553 4497 2907 4560 habentibus,
2936 4505 3156 4567 oportet
3185 4504 3242 4550 ut
3286 4511 3481 4551 omnes
3511 4496 3694 4550 homi~

2103 4606 2222 4654 nes,
2274 4589 2370 4660 qui
2423 4596 2752 4659 receperunt
2795 4604 3053 4659 magnum
3104 4587 3326 4656 pietatis
3369 4587 3690 4658 mysterium

2103 4685 2202 4740 Dei
2261 4683 2442 4754 magni
2484 4691 2540 4737 et
2591 4681 2895 4737 Salvatoris
2935 4679 3112 4735 nostri
3152 4679 3282 4734 Jesu
3312 4678 3550 4745 Christi,
3596 4696 3694 4734 ore

2103 4777 2270 4833 etiam
2316 4775 2686 4830 confiteantur
2720 4775 2860 4829 duas
2903 4784 3134 4829 naturas
3174 4771 3407 4836 Christi,
3450 4771 3694 4825 divinam

2105 4880 2272 4940 atque
2299 4869 2618 4922 humanam.
2650 4868 2707 4921 In
2734 4867 2981 4922 secundo
3006 4865 3074 4920 ad
3100 4865 3358 4921 emndem
3387 4865 3696 4920 Sucensum

2111 4960 2512 5016 commentario
2551 4967 2779 5014 sanctus
2818 4956 3087 5028 Cyrillus,
3117 4955 3279 5011 fidem
3321 4955 3471 5010 illius
3506 4954 3698 5008 ortho-

2104 5055 2303 5111 doxam
2326 5053 2395 5109 de
2417 5052 2804 5108 incarnatione
2833 5050 3086 5114 laudans,
3116 5048 3509 5120 propriamque
3530 5045 3692 5101 simul

2104 5148 2440 5204 sententiam
2493 5145 2844 5201 manifestius
2893 5143 3318 5204 demonstrans,
3365 5140 3481 5194 haec
3529 5138 3697 5192 tradit

2107 5242 2300 5298 dicens
2332 5261 2346 5297 :
2379 5260 2398 5293 ι
2429 5239 2732 5296 Verissime
2759 5249 2922 5307 atque
2961 5234 3396 5307 prudentissime
3426 5231 3696 5303 perfectio

2115 5346 2209 5393 tua
2236 5350 2547 5392 sermonem
2575 5333 2643 5388 de
2666 5333 2921 5402 passione
2941 5327 3246 5384 Salvatoris
3276 5325 3526 5396 exponit,
3554 5323 3698 5378 aflir-

2116 5444 2273 5485 mans
2318 5428 2496 5498 ipsum
2535 5424 2897 5495 Unigenitum
2950 5420 3047 5476 Dei
3107 5419 3341 5482 Filium,
3391 5417 3696 5473 secumlnm

2112 5518 2260 5590 quod
2309 5525 2538 5587 putatur
2571 5521 2737 5582 atque
2783 5512 2932 5566 Deus
2971 5516 3076 5573 est,
3117 5524 3228 5562 non
3263 5507 3317 5561 in
3358 5522 3456 5561 sua
3503 5515 3698 5559 natura

2113 5625 2335 5683 passum
2382 5622 2503 5663 esse
2557 5622 2679 5674 qua:
2731 5611 2859 5659 sunt
2910 5601 3198 5671 corporis,
3252 5598 3349 5654 sed
3407 5597 3594 5668 potius
3643 5597 3697 5650 in

2118 5700 2368 5761 terrestri
2430 5708 2624 5754 natura
2681 5711 2901 5768 passum
2958 5709 3120 5760 esse;
3177 5691 3494 5749 necessarie
3547 5690 3700 5747 enim
