4148 6446
498 347 641 417 1115

1633 357 2075 421 JUSTINIANI
2116 358 2637 430 IMPERATORIS

3646 363 3776 430 1116

493 475 719 536 oportet
745 472 805 520 ut
833 465 1081 521 salvetur
1114 476 1411 537 utrumque
1443 467 1539 522 uni
1570 477 1737 540 atque
1770 472 2080 526 secundum

2187 481 2344 549 χοῖκῇ
2392 480 2588 549 φύσει·
2645 481 2727 535 δεῖ
2766 482 2875 551 γὰρ
2916 480 3233 549 ἀναγκαίως
3280 482 3566 552 ἀμφότερα
3610 485 3775 550 σώζε-

493 559 785 615 veritatem
825 560 983 625 Filio,
1028 576 1136 614 non
1174 561 1284 616 dici
1332 562 1443 632 pati
1486 571 1548 617 ut
1580 563 1756 617 Deum
1808 565 1904 620 sed
1953 582 2084 635 pas-

494 669 627 725 sum
668 663 730 708 ut
778 654 1092 720 hominem;
1137 669 1265 710 caro
1311 656 1458 710 enim
1504 672 1661 727 passa
1714 667 1818 712 est.
1857 678 1875 710 ι
1908 659 2085 714 Μιιηί-

493 745 695 800 festum
727 755 809 800 est
835 761 967 816 ergo
987 762 1053 801 ex
1080 747 1265 812 dictis,
1296 748 1434 803 duas
1459 759 1705 814 naturas,
1742 750 1797 805 id
1823 760 1910 805 est
1938 751 2083 805 divi-

490 853 620 891 nam
650 854 715 892 ac
749 838 1046 893 humanam
1103 841 1157 893 in
1206 856 1315 895 una
1362 841 1665 913 hypostasi,
1719 842 1866 912 quod
1907 852 1993 897 est
2028 844 2083 899 in

493 945 598 982 una
629 945 864 998 persona
905 930 1183 1001 Unigeniti
1216 933 1336 986 Filii
1373 934 1471 987 Dei
1506 934 1722 988 Domini
1749 935 1922 989 nostri
1951 935 2082 990 Jesu

490 1021 696 1077 Christi
746 1024 984 1089 salvari;
1023 1025 1163 1080 dicit
1204 1027 1355 1080 enim
1398 1035 1640 1096 oportere
1690 1037 1749 1081 ut
1798 1039 2083 1099 utrumque

488 1112 727 1167 salvetur
771 1118 867 1169 uni
914 1124 1072 1187 atque
1102 1118 1266 1188 juxta
1318 1120 1595 1173 veritatem
1636 1119 1792 1175 Filio.
1845 1121 2084 1175 Additur

492 1217 678 1261 autem
741 1219 983 1279 aportere
1049 1212 1118 1265 ad
1178 1212 1641 1267 Inanil‘eslandam
1703 1214 1865 1269 nobis
1916 1213 2082 1268 ﬁdem

492 1311 648 1357 extra
716 1320 937 1358 omnem
999 1306 1438 1361 controversiam
1498 1306 1567 1361 de
1627 1307 1733 1362 hoc
1789 1307 2080 1378 dogmate;

492 1407 777 1467 utrumque
816 1414 950 1455 vero
980 1416 1091 1454 non
1136 1400 1304 1457 unius
1344 1411 1559 1457 natura:
1585 1403 1681 1457 sed
1723 1401 1956 1457 duarum
1995 1402 2083 1455 in-

492 1493 702 1547 dicium
742 1502 862 1559 est;
896 1508 1025 1547 cum
1055 1494 1205 1548 enim
1236 1494 1358 1564 ipse
1387 1494 1553 1549 Pater
1575 1494 1774 1549 doceat
1801 1510 1912 1548 non
1942 1494 2085 1548 divi-

494 1604 561 1641 na
600 1596 793 1640 natura
818 1602 1039 1656 passum
1061 1602 1205 1652 esse,
1239 1586 1335 1642 sed
1362 1596 1560 1642 natura
1586 1587 1833 1643 terrestri
1859 1604 2081 1658 passum

493 1679 684 1744 fuisse,
716 1693 879 1732 nemo
926 1678 1008 1734 sic
1043 1678 1311 1733 insaniret
1340 1688 1403 1733 ut
1446 1679 1613 1734 unius
1656 1689 1866 1733 natura:
1901 1680 2081 1748 ipsum

492 1784 614 1823 esse
645 1771 1060 1838 suspicaretur;
1100 1770 1267 1824 unius
1307 1770 1456 1824 enim
1500 1780 1665 1839 atque
1696 1772 1945 1837 eiusdem
1980 1772 2080 1844 hy-

492 1863 727 1933 postasis
759 1863 977 1919 Domini
1026 1863 1205 1919 nostri
1234 1862 1365 1921 Jesu
1410 1864 1618 1921 Christi
1666 1864 1981 1936 passionem
2022 1875 2079 1921 et

493 1958 992 2028 impassibilitatem
1032 1958 1285 2013 conﬁteri
1330 1958 1514 2014 edocti
1566 1975 1787 2025 sumus,
1825 1959 1923 2014 sed
1966 1976 2079 2015 non

490 2050 794 2107 secundum
828 2052 1081 2107 eamdem
1122 2063 1415 2119 naturam;
1452 2052 1793 2123 impossibile
1818 2062 1902 2108 est
1928 2054 2077 2109 enim

493 2146 545 2199 in
589 2161 698 2199 una
729 2144 1039 2215 eademque
1105 2152 1301 2198 natura
1331 2145 1438 2200 sibi
1467 2146 1620 2217 juxta
1662 2146 1806 2200 idem
1841 2146 2078 2201 invicem

489 2238 839 2293 adversantia
868 2238 1311 2308 deprehendere.

563 2330 667 2382 Sed
695 2330 946 2385 veritatis
977 2330 1184 2393 hostes,
1217 2330 1594 2401 doctrinmqne
1622 2332 1846 2385 Patrum
1878 2330 2081 2384 adver-

491 2425 644 2483 sarii.
693 2423 798 2477 hoc
846 2439 953 2477 non
1000 2424 1412 2487 discernentes,
1468 2423 1520 2476 in
1576 2423 1737 2477 aliam
1789 2424 2081 2477 stultitiam

491 2516 779 2582 incidunt,
825 2515 1077 2572 dicentes
1129 2530 1229 2571 eos
1277 2516 1373 2586 qui
1420 2516 1760 2573 conﬁtentur
1801 2517 2081 2574 Christum

491 2630 611 2673 esse
646 2613 816 2665 Deum
857 2622 914 2665 et
950 2612 1253 2673 hominem,
1292 2628 1392 2664 nec
1440 2613 1590 2663 illum
1624 2626 1745 2665 esse
1787 2612 1954 2666 unius
1988 2628 2084 2666 na-

493 2716 655 2767 tune,
699 2711 761 2756 ut
803 2702 1109 2766 hominem,
1138 2719 1249 2757 non
1278 2703 1456 2757 solum
1500 2702 1639 2756 duas
1683 2710 1913 2757 naturas
1959 2719 2081 2757 esse

494 2793 547 2845 in
576 2796 800 2850 Christo
831 2796 927 2851 sed
961 2806 1073 2850 tres
1118 2796 1305 2850 dicere
1337 2794 1578 2860 debere;
1614 2795 1821 2849 etenim
1860 2811 1968 2850 una
2000 2804 2083 2851 est

493 2890 697 2946 Verbi.
755 2891 926 2944 altera
985 2888 1181 2943 anima:
1226 2888 1506 2957 alteraque
1562 2894 1757 2941 natura
1803 2888 2080 2956 corporis.

495 2981 556 3034 lli
590 2980 720 3035 novi
750 2980 1020 3034 malorum
1051 2978 1371 3034 inventores
1412 2978 1508 3048 qui
1539 2979 1653 3032 haec
1693 2986 1970 3037 asserunt.
2004 2977 2088 3031 di-

2113 1831 2155 1884 Β

490 3080 621 3129 eant
672 3072 961 3126 nobiscum
1014 3070 1449 3132 consentiendo,
1500 3086 1564 3125 es
1600 3069 1815 3125 duabus
1863 3070 2152 3157 naturisc

490 3173 743 3219 constare
801 3162 1122 3227 Christum,
1187 3162 1467 3233 quomodo
1526 3162 1670 3216 istud
1731 3163 2080 3233 intelligant?

490 3258 777 3325 Quomodo
800 3256 966 3329 igitur
993 3265 1148 3313 extra
1186 3273 1389 3328 corpus
1426 3258 1666 3312 animam
1704 3267 1942 3327 raptam,
1980 3273 2076 3311 seu

488 3368 693 3422 corpus
741 3352 950 3421 absque
995 3351 1179 3405 anima
1212 3350 1562 3421 intelligunt?
1600 3350 1773 3406 Unam
1819 3350 1968 3404 enim
2012 3365 2078 3403 ex

490 3446 577 3499 his
605 3444 858 3499 stultitiis
893 3452 1043 3497 certe
1074 3441 1328 3498 aﬁ‘erent.
1366 3442 1423 3498 Si
1453 3458 1584 3497 vero
1618 3442 1761 3497 hanc
1787 3441 2077 3496 stultitiam

487 3532 849 3595 declinantes,
877 3531 1119 3587 animam
1153 3547 1216 3587 ac
1248 3546 1452 3602 corpus
1484 3532 1587 3587 sibi
1620 3532 1867 3602 rapuisse
1893 3532 2078 3587 Domi-

488 3641 621 3679 num
664 3625 895 3689 dicunt,
949 3625 1051 3694 ipsi
1104 3625 1347 3695 propriis
1398 3625 1614 3680 retibus
1675 3624 1957 3695 impediti,
2010 3641 2079 3680 ex

489 3718 670 3773 tribus
695 3718 909 3772 naturis
934 3728 1191 3773 constare
1213 3718 1494 3773 Christum
1518 3718 1703 3772 dicere
1727 3717 1902 3772 coacti
1927 3716 2080 3772 vide-

488 3810 717 3865 buntur.
749 3810 1012 3880 Ignorant
1032 3818 1219 3866 autem
1251 3826 1451 3865 nomen
1486 3812 1661 3874 homo,
1700 3810 1911 3880 absque
1950 3825 2080 3880 pro-

488 3901 822 3973 prietatibus
874 3910 1158 3972 sumptum
1186 3944 1203 3969 ,
1245 3902 1297 3956 in
1352 3902 1633 3956 communi
1675 3902 2077 3972 signiﬁcatione

489 3992 657 4057 sumi,
692 3993 1018 4049 substantia:
1056 3993 1175 4049 sive
1215 4002 1429 4048 naturae
1460 4008 1582 4047 esse
1623 3992 2075 4062 signiﬁcativum,

487 4101 552 4138 ac
583 4084 652 4140 de
682 4086 872 4142 multis
896 4086 1290 4157 hypostasibus
1319 4084 1466 4149 dici;
1496 4100 1622 4138 cum
1650 4101 1781 4141 vero
1795 4085 2077 4140 communi

487 4174 880 4244 signiﬁcationi
927 4175 1298 4245 proprietates
1330 4174 1532 4230 addita:
1569 4185 1719 4239 sunt,
1769 4184 1899 4232 tunc
1936 4176 2077 4234 elﬁci

488 4264 853 4335 hypostasim,
885 4264 1303 4319 distinctionem
1352 4280 1589 4333 quoque-
1614 4265 1813 4321 animw
1851 4275 1907 4321 el
1952 4285 2079 4324 60r-

488 4356 640 4425 poris
685 4356 948 4427 agnosci;
982 4356 1210 4412 traditio
1247 4356 1395 4409 enim
1437 4358 1741 4426 apostolica
1776 4368 2077 4431 utrumque

2190 569 2317 623 σθαι
2362 572 2439 641 τῷ
2472 573 2552 625 ἐνὶ
2596 574 2689 626 καὶ
2741 575 2863 626 κατ’
2896 573 3156 642 ἀλήθειαν
3211 573 3366 644 Υίῴ,
3412 574 3507 631 καὶ
3569 577 3635 629 τὸ
3700 580 3777 650 μὴ

2188 665 2422 735 πάσχειν
2443 667 2659 731 θεῖκῶς,
2679 669 2772 719 καὶ
2789 668 2848 719 τὸ
2862 669 2982 735 λέγε
2992 667 3113 720 σθαι
3132 667 3324 721 παθεῖν
3342 669 3720 739 ἀνθρωπίνως
3740 673 3774 743 ἡ

2188 757 2354 809 αὑτοῦ
2374 759 2482 828 γάρ
2495 759 2734 812 πέπονθε
2754 759 2909 830 σάρξ.
2935 779 2953 811 ι
2970 759 3142 829 Δῆλον
3154 760 3334 813 τοίνυν
3351 763 3413 815 ὲκ
3429 762 3539 815 τῶν
3550 764 3777 833 εἰρημέ-

2186 868 2314 915 νων,
2340 852 2423 904 ὄτι
2450 853 2507 904 αί
2526 851 2619 904 δύο
2648 852 2841 921 φύσεις
2869 854 3154 906 τουτέστιν
3177 856 3209 922 ἡ
3233 852 3355 907 θεία
3370 872 3428 907 τε
3453 856 3547 908 καὶ
3567 855 3778 924 ἀνθρωο

2188 944 2341 1011 πίνη,
2367 945 2423 996 ὲν
2445 947 2511 1014 τῇ
2536 946 2635 1015 μιᾷ
2662 945 2983 1009 ὑποστάσει,
3010 946 3148 1015 ὅπερ
3175 947 3321 999 ἐστὶν
3339 949 3395 999 ὲν
3420 947 3498 1016 τῷ
3520 949 3599 1000 ἑνὶ
3618 965 3778 1018 προσ-

2185 1034 2320 1105 ώπῳ
2350 1037 2441 1089 τοῦ
2474 1035 2798 1106 μονογενοῦς
2819 1036 2949 1091 Υίοῦ
2976 1038 3069 1091 τοῦ
3096 1038 3231 1091 Θεοῦ
3252 1038 3346 1092 τοῦ
3376 1039 3581 1106 Κυρίου
3617 1041 3650 1111 ὴ
3660 1040 3777 1108 μῶν

2197 1126 2373 1196 Ἰησοῦ
2398 1127 2639 1197 Χριστοῦ
2665 1126 2932 1191 σώζονται
2960 1146 2975 1160 ο
3009 1130 3161 1197 λέγει
3191 1132 3323 1199 γὰρ,
3358 1130 3487 1184 δεῖν
3516 1133 3775 1201 ἀμφότε-

2176 1235 2259 1283 ρα
2287 1217 2575 1278 σώζεσθαι
2606 1218 2683 1283 τῷ
2710 1218 2801 1272 ἐνὶ
2830 1220 2928 1273 καὶ
2956 1221 3105 1274 κατὰ
3128 1222 3419 1288 ἀλήθειαν
3447 1222 3576 1287 ΥΙῷ.
3597 1224 3776 1293 Προσ-

2186 1311 2439 1380 κείμενον
2495 1311 2552 1364 δὲ
2590 1312 2647 1365 τὸ
2692 1312 2803 1365 δεῖν
2834 1313 2935 1383 τὴν
2984 1315 3374 1385 ἀναντίρρητον
3425 1315 3593 1368 αὐτοῦ
3643 1317 3774 1386 περὶ

2185 1402 2281 1455 τοῦ
2310 1403 2579 1473 δόγματος
2613 1406 2749 1474 ἡμῖν
2786 1405 3104 1477 σαφηνίζειν
3120 1405 3325 1472 γνῶσιν
3354 1421 3371 1439 ο
3404 1408 3499 1459 καὶ
3549 1407 3611 1460 τὸ
3660 1409 3774 1476 ἁμ-

2188 1496 2411 1562 ςρότερα
2447 1495 2504 1547 δὲ
2538 1497 2599 1549 οὺ
2636 1498 2768 1565 μιᾶς
2812 1498 2933 1550 ἐστι
2987 1496 3203 1567 φύσεως
3232 1500 3590 1568 σημαντικὸν.
3633 1500 3776 1555 ἀλλὰ

2185 1587 2309 1639 δύο·
2346 1588 2597 1659 καθάπερ
2652 1592 2761 1661 γὰρ
2797 1590 2826 1642 ὁ
2856 1590 3018 1653 αὐτὸς
3086 1590 3275 1661 Πατὴρ
3324 1590 3567 1644 διδάσκει
3607 1593 3668 1644 τὸ
3697 1592 3775 1664 μὴ

2186 1678 2381 1731 παθεῖν
2418 1678 2581 1733 αὐτὸν
2625 1683 2691 1750 τῇ
2734 1680 2855 1752 θεία
2892 1681 3077 1750 φύσει,
3106 1681 3243 1735 ἀλλὰ
3279 1681 3474 1735 παθεῖν
3504 1686 3570 1753 τῇ
3612 1686 3771 1756 χοῖκῇ

2189 1771 2370 1835 φύσει,
2395 1772 2495 1824 οὐκ
2522 1772 2587 1826 ἄν
2606 1790 2690 1836 τις
2717 1773 2861 1826 οὓτω
2894 1774 3111 1843 μανείη,
3130 1776 3206 1837 ὠς
3233 1776 3363 1845 μιᾶς
3390 1761 3528 1828 εἶναι
3555 1776 3773 1845 φύσεως

2180 1862 2492 1918 ὑπολαϐεῖν.
2520 1864 2666 1926 Md;
2701 1865 2800 1935 μὲν
2824 1865 2934 1935 γὰρ
2963 1866 3057 1919 καὶ
3094 1866 3192 1935 τῆς
3221 1866 3391 1936 αὐτῆς
3421 1867 3775 1933 ὑποστάσεως

2180 1955 2275 2013 τοῦ
2302 1956 2509 2027 Κυρίου
2541 1957 2701 2029 ἡμῶν
2742 1958 2921 2028 Ἰησοῦ
2962 1958 3202 2029 Χριστοῦ
3237 1959 3297 2012 τὸ
3331 1959 3506 2023 πάθος
3545 1960 3640 2015 καὶ
3674 1961 3775 2029 τὴν

2180 2049 2453 2105 ἀπάθειαν
2486 2051 2769 2121 ὁμολογεῖν
2799 2050 3050 2121 ἐδιδάχθη
3062 2068 3182 2119 μεν,
3220 2051 3282 2104 ού
3338 2051 3444 2123 μὴν
3490 2050 3637 2105 κατὰ
3673 2051 3776 2122 τὴν

2181 2144 2353 2213 αὐτὴν
2382 2142 2571 2211 φύσιν⁸
2595 2143 2687 2196 ἐπὶ
2720 2144 2849 2213 μιᾶς
2872 2144 2982 2213 γὰρ
3018 2144 3113 2198 καὶ
3136 2123 3239 2213 τῆς
3258 2146 3433 2215 αὐτῆς
3461 2147 3679 2213 φύσεως
3705 2149 3775 2202 τὰ

2182 2236 2434 2306 ἀλλήλοις
2462 2234 2678 2288 ἐναντία
2701 2236 2843 2289 κατὰ
2873 2235 3069 2288 ταυτὸν
3100 2236 3389 2305 σημαίνειν
3414 2237 3698 2293 ἀδύνατον.

2265 2327 2406 2381 Ἀλλ’
2440 2330 2486 2381 οἱ
2532 2328 2629 2396 τῆς
2669 2327 2931 2395 ἀληθείας
2973 2328 3159 2397 ἐχθροὶ
3196 2330 3289 2381 καὶ
3310 2332 3423 2393 τοῖς
3452 2330 3561 2382 τῶν
3597 2330 3775 2385 Πατέ-

2186 2440 2297 2493 ρων
2322 2420 2723 2489 ἐναντιούμενοι
2750 2420 3002 2490 δόγμασι.
3036 2421 3211 2475 ταῦτα
3248 2421 3323 2491 μὴ
3362 2422 3771 2494 διακρίνοντες,

2184 2516 2264 2577 εἰς
2306 2513 2498 2583 ἑτέραν
2534 2513 2698 2566 πάλιν
2765 2512 3203 2580 μεταπίπτουσιν
3257 2512 3484 2579 ἄνοιαν,
3517 2513 3773 2581 λέγοντες

2184 2608 2265 2661 ὅτι
2296 2607 2346 2659 οἱ
2374 2606 2507 2659 Θεὸν
2542 2605 2637 2659 καὶ
2661 2605 2950 2676 ἄνθρωπον
2978 2603 3373 2674 ὁμολογοῦντες
3395 2606 3485 2658 τὸν
3508 2605 3769 2676 Χριστὸν,

2185 2700 2280 2753 καὶ
2322 2698 2397 2769 μὴ
2433 2698 2686 2767 λέγοντες
2738 2697 2905 2752 αὐτὸν
2944 2698 3075 2767 μιᾶς
3114 2692 3257 2749 εἶναι
3304 2696 3545 2764 φύσεως,
3578 2696 3773 2768 ὥσπερ

2184 2791 2274 2844 τὸν
2332 2790 2643 2862 ἄνθρωπον,
2678 2791 2739 2843 οὗ
2786 2789 2881 2843 δύο
2938 2789 3100 2859 μόνον
3166 2790 3261 2842 ἐπὶ
3298 2787 3543 2857 Χριστοῦ
3589 2788 3777 2857 λέγειν

2186 2882 2419 2952 ὤφειλον
2441 2884 2659 2952 φύσεις,
2694 2882 2832 2935 ἀλλά
2852 2884 3005 2953 τρεῖς
3025 2897 3039 2910 ⁸
3070 2880 3233 2951 ἑτέρα
3258 2880 3367 2952 γὰρ
3390 2882 3423 2949 ή
3452 2879 3549 2933 τοῦ
3575 2879 3771 2947 Λόγου,

2186 2976 2281 3031 καὶ
2336 2975 2498 3044 ἑτέρα
2543 2977 2575 3045 ἡ
2609 2975 2709 3045 τῆς
2768 2974 2967 3043 ψυχῆς,
3000 2974 3096 3027 καὶ
3133 2973 3269 3042 ἄλλη
3308 2971 3402 3026 τοῦ
3454 2972 3707 3042 σώματος
3739 2974 3774 3045 ἡ

2186 3067 2370 3137 φύσις.
2402 3064 2589 3120 Ταῦτα
2613 3064 2669 3117 δὲ
2694 3065 2947 3131 λέγοντες
2973 3064 3025 3121 οἱ
3049 3064 3227 3117 καινολ⁵
3260 3060 3371 3115 τῶν
3393 3062 3584 3115 κακῶν
3612 3063 3775 3131 ἐφευ-

2190 3160 2360 3232 ρεταὶ,
2382 3159 2694 3213 εἰπάτωσαν
2720 3158 2871 3211 αὐτοὶ
2897 3155 3392 3226 συνομολογοῦντες
3413 3158 3567 3227 ἡμῖν,
3597 3156 3661 3207 ὲκ
3682 3154 3781 3210 δύο

2187 3254 2402 3322 φύσεων
2432 3248 2572 3306 εἶναι
2614 3252 2705 3304 τδν
2733 3249 2994 3321 Χριστὸν,
3027 3248 3143 3312 πῶς
3167 3248 3329 3301 τοῦτο
3344 3246 3589 3313 νοοῦσινς
3624 3242 3695 3300 Ἀ
3708 3264 3777 3317 pa

2186 3347 2261 3408 ὡς
2297 3346 2473 3416 ψυχὴν
2495 3343 2655 3408 ἐκτὸς
2686 3342 2937 3414 σώματος
2970 3342 3330 3413 ἀνειληφότα,
3360 3342 3395 3413 ἢ
3422 3341 3583 3412 σῶμα
3604 3341 3777 3411 χωρὶς

2185 3438 2399 3508 ψυχῆς;
2442 3438 2537 3490 Ἓν
2570 3436 2680 3507 γὰρ
2726 3435 2836 3489 τῶν
2878 3436 3097 3489 ἀτόπων
3145 3436 3365 3495 πάντως
3422 3434 3775 3504 παρέξουσιν.

2187 3532 2250 3584 Et
2278 3530 2336 3584 δὲ
2371 3529 2581 3602 ταύτην
2616 3529 2718 3599 τὴν
2770 3529 3008 3582 ἀτοπίαν
3042 3526 3412 3590 ἐκκλίνοντες,
3459 3526 3554 3579 καὶ
3594 3526 3778 3596 ψυχὴν

2186 3622 2474 3693 καὶσῶμα
2520 3623 2774 3692 λέγουσιν
2828 3621 3183 3692 ἀνειληφέναι
3213 3622 3303 3675 τὸν
3354 3620 3582 3698 Κύριον,
3618 3621 3779 3674 αὐτοὶ

2185 3719 2305 3781 ταῖς
2335 3716 2569 3781 οίκείαις
2603 3715 2831 3785 παγίσιν
2867 3714 3311 3785 ἐμπλεκόμενοι,
3338 3715 3678 3783 φανήσονται
3711 3715 3777 3767 ἐκ

2185 3811 2354 3885 τριῶν
2408 3810 2625 3878 φύσεων
2674 3809 2854 3877 λέγειν
2894 3809 2988 3861 τὸν
3034 3807 3272 3879 Χριστὸν
3312 3804 3774 3876 ἀναγκαζόμενοι.

2199 3903 2478 3972 ’Λγνοοῦσι
2501 3903 2557 3956 δὲ
2589 3903 2668 3955 ὅτι
2701 3902 2763 3954 τὸ
2792 3901 3105 3968 ἄνθρωπος
3139 3900 3313 3970 ὄνομα
3352 3901 3483 3955 ἄνευ
3528 3900 3631 3968 μὲν
3667 3900 3777 3953 τῶν

2190 3998 2503 4067 ίδιωμάτων
2528 3996 2843 4067 λεγόμενον,
2868 3995 2963 4048 ἐπὶ
2984 3994 3164 4048 κοινοῦ
3194 3993 3601 4064 σημαινομένου
3633 3992 3698 4046 λα
3707 4011 3777 4061 μ-

2188 4092 2434 4151 δάνεται,
2466 4090 2562 4142 καὶ
2592 4088 2779 4150 οὐσίας
2814 4090 2938 4158 ἦτοι
2974 4086 3188 4155 φύσεώς
3241 4088 3362 4139 ἐστι
3412 4084 3775 4156 σημαντικὸν.

2187 4186 2283 4240 καὶ
2316 4184 2461 4239 κατὰ
2508 4180 2720 4235 πολλῶν
2775 4180 3131 4235 dmordere»
3162 4178 3385 4247 λέγεται
3408 4194 3422 4207 ο
3456 4176 3679 4230 ἐπειδὰν
3717 4175 3777 4229 δὲ

2188 4279 2263 4345 τῷ
2290 4277 2454 4342 κοινῷ
2484 4277 2552 4329 τὰ
2586 4274 2855 4345 ἰδιώματα
2889 4272 3187 4342 πρηστεθῇ,
3219 4271 3529 4342 τηνικαῦτα.
3575 4271 3607 4338 ἠ
3642 4270 3777 4323 ὑπό-

2189 4387 2379 4433 στασις
2409 4366 2769 4435 ἀναφαίνεται
2793 4381 2808 4395 ο
2839 4366 2920 4419 ὅτι
2949 4365 3045 4418 καὶ
3075 4364 3313 4436 διαφορὰ
3343 4364 3524 4433 ψυχῆς
3552 4361 3646 4414 καλ.
3666 4359 3777 4412 σώς-

489 4464 590 4502 nos
627 4448 815 4503 dicere
858 4448 1038 4503 docet.
1072 4448 1242 4503 Divus
1276 4449 1480 4503 Paulus
1521 4449 1590 4504 de
1621 4449 1731 4507 illis
1758 4453 2075 4523 singulatim

2188 4480 2357 4532 ματος
2380 4460 2706 4531 γνωρίζεται
2735 4474 2749 4487 ’
2783 4458 3073 4529 ἀμφότερα
3100 4458 3210 4527 γὰρ
3239 4457 3389 4526 ἡμᾶς
3415 4456 3597 4522 λέγειν
3626 4453 3720 4507 καὶ
3743 4453 3776 4523 ἡ

488 4539 744 4609 loquens,
792 4542 1030 4595 animam
1071 4556 1380 4611 corpusque
1413 4542 1725 4613 signiﬁcare
1758 4547 1971 4610 volens,
2005 4548 2074 4603 de

490 4631 715 4686 homine
740 4632 1007 4688 interiore
1041 4648 1105 4687 ac
1133 4633 1201 4688 de
1224 4635 1497 4690 exteriore
1533 4636 1803 4706 loquitur.
1835 4639 2078 4695 Iacobus

490 4740 625 4779 vero
670 4740 1018 4780 communem
1047 4726 1414 4783 substantiam
1459 4730 1820 4787 humanitatis
1848 4733 2077 4788 demon-

490 4828 677 4874 strans
713 4820 847 4873 dicit
874 4838 886 4873 :
918 4819 1099 4875 Omnis
1148 4831 1347 4877 natura
1385 4824 1673 4880 bestiarum
1709 4835 1757 4879 et
1806 4827 2078 4882 volucrum

491 4919 541 4963 et
568 4914 889 4982 serpentium
922 4921 970 4966 et
1003 4922 1312 4969 cancrorum
1341 4917 1630 4973 domantur
1657 4928 1706 4973 et
1731 4921 1931 4975 domita
1954 4932 2078 4975 sunt

495 5019 527 5054 a
568 5010 764 5055 natura
807 5004 1043 5057 humana
1085 5004 1128 5058 τ.
1170 5005 1379 5062 Nomen
1428 5018 1613 5063 autem
1666 5008 1904 5065 Christus
1942 5014 2078 5067 sub-

494 5094 712 5149 stantia:
754 5111 863 5149 non
916 5106 1001 5152 est
1047 5096 1507 5168 signiﬁcativum,
1558 5101 1830 5171 siquidem
1878 5119 1981 5158 nec
2023 5105 2077 5158 in

491 5189 771 5241 communi
827 5188 1231 5258 signiﬁcatione
1292 5193 1562 5255 sumitur,
1614 5210 1720 5249 nec
1770 5197 1838 5249 de
1889 5198 2079 5253 multis

496 5280 885 5350 hypostasibus
918 5283 1155 5345 dicitur.
1186 5300 1289 5339 nec
1316 5286 1494 5357 ipsum
1534 5288 1741 5358 absque
1776 5292 2084 5360 proprieta—

496 5372 644 5427 tibus
688 5376 1060 5442 conﬁtentur;
1113 5375 1243 5431 illud
1296 5378 1444 5432 enim
1494 5394 1597 5434 nos
1649 5380 1813 5436 docet
1858 5399 2081 5453 quoque

496 5475 720 5522 sanctus
744 5466 983 5538 Cyrillus
1020 5470 1073 5523 in
1114 5470 1343 5525 seltoliis
1384 5472 1561 5541 ipsius
1597 5472 1666 5528 de
1700 5474 2081 5532 incarnatione

446 5636 449 5637 ν
495 5557 721 5614 dicens:
756 5580 774 5612 ι
802 5561 1014 5618 Nomen
1049 5561 1284 5617 Christus
1314 5580 1417 5619 nec
1454 5565 1659 5620 habere
1699 5567 2080 5624 determinati-

498 5664 622 5703 \'am
675 5652 967 5719 virtutem,
1002 5671 1105 5710 nec
1159 5656 1383 5727 quidem
1437 5659 1674 5731 alicujus
1712 5663 2078 5718 substantiam

574 5826 593 5865 ί
628 5829 743 5885 Jac.
773 5846 850 5891 ιιι.
889 5831 941 5883 7.

2180 4555 2513 4624 ἀποστολικὴ
2538 4554 2781 4608 διδάσκει
2802 4552 3124 4625 παράδοσις.
3141 4551 3199 4603 'O
3220 4551 3317 4622 μὲν
3334 4551 3442 4621 γὰρ
3470 4548 3613 4611 θεῖος
3638 4547 3780 4601 Παῦ-

2181 4648 2272 4711 λος
2298 4646 2428 4718 περλ
2441 4646 2550 4699 τῶν
2574 4645 2940 4700 καθ’ἒκαστον
2963 4643 3155 4713 λέγων,
3180 4646 3272 4698 καὶ
3296 4643 3475 4714 ψυχὴν
3494 4642 3590 4695 καὶ
3618 4640 3778 4710 σῶμα

2185 4742 2356 4795 θέλων
2402 4741 2669 4813 σημᾶναι,
2702 4739 2794 4792 τὸν
2842 4739 2999 4800 ἐντὸς
3033 4739 3328 4808 ἄνθρωπον
3373 4737 3468 4790 καὶ
3499 4736 3593 4789 τὸν
3622 4735 3779 4797 ἐκτὸς

2187 4834 2475 4903 ἄνθρωπον
2529 4832 2811 4901 ὀνομάζει.
2873 4831 2932 4884 ’0
2982 4832 3040 4885 δὲ
3113 4831 3374 4893 Ἰάκωϐος
3423 4829 3524 4899 τὴν
3593 4828 3778 4897 κοινὴν

2187 4924 2376 4978 οὐσίαν
2406 4924 2506 4992 τῆς
2530 4922 2956 4994 ἀνθρωπότητος
2983 4922 3159 4994 δηλῶν
3190 4922 3340 4990 λέγει
3361 4938 3374 4952 ο
3396 4920 3572 4976 Πᾶσα
3592 4920 3779 4989 φύσις

2186 5016 2408 5084 θηρίων
2434 5032 2499 5069 τε
2532 5017 2625 5069 κα²
2662 5014 2956 5069 πετεινῶν
2980 5014 3247 5083 ἑρπετῶν
3288 5032 3354 5068 τε
3385 5015 3482 5067 καὶ
3519 5012 3781 5067 ἐναλίων

2185 5106 2499 5177 δαμάζεται
2526 5108 2625 5161 καὶ
2648 5107 3017 5177 δεδάμασται
3049 5107 3124 5175 τῇ
3155 5108 3339 5177 φύσει
3383 5106 3459 5174 τῇ
3482 5106 3779 5174 ἀνθρωπί-

2184 5219 2283 5269 νῃ.
2308 5202 2381 5253 Τὸ
2426 5202 2607 5270 μέντοι
2649 5200 2904 5269 Χριστὸς
2945 5201 3120 5271 ὄνομα
3149 5201 3250 5254 οὐκ
3296 5200 3488 5264 οὐσίας
3527 5200 3644 5253 ἐστὶ
3678 5215 3777 5268 σηο

2192 5289 2473 5359 μαντικὸν,
2499 5290 2685 5362 ἐπειδὴ
2709 5289 2832 5344 οὔτε
2862 5292 2957 5344 ἐπὶ
2988 5290 3172 5345 κοινοῦ
3207 5290 3611 5362 σημαινομένου
3636 5290 3779 5359 λαμ-

2190 5382 2433 5447 ϐάνεται,
2469 5382 2595 5436 οὔτε
2648 5384 2793 5436 κατὰ
2852 5383 3065 5436 πολλῶν
3113 5384 3472 5437 ὑποστάσεων
3528 5382 3775 5450 λέγεται,

2189 5475 2314 5528 οὔτε
2355 5475 2461 5545 μὴν
2506 5476 2638 5530 ἄνευ
2689 5477 2800 5529 τῶν
2842 5476 3156 5547 ἰδιωμάτων
3198 5476 3568 5547 ὁμολογεῖται.
3608 5475 3782 5528 Τοῦτο

2189 5568 2299 5637 γὰρ
2339 5570 2489 5639 ἡμᾶς
2516 5571 2609 5623 καὶ
2636 5572 2663 5624 ὀ
2685 5571 2744 5624 ὲν
2783 5569 2958 5638 ἁγίοις
2987 5570 3236 5623 διδάσκει
3268 5570 3543 5642 Κύριλλος
3577 5573 3637 5626 ὲν
3663 5572 3777 5631 τοῖς

2192 5664 2421 5735 σχολίοις
2452 5664 2621 5721 αὐτοῦ
2651 5666 2764 5729 τοῖς
2798 5665 2929 5736 περὶ
2952 5665 3052 5735 τῆς
3074 5665 3551 5737 ὲνανθρωπήσεως
3571 5662 3773 5732 λέγων,
