4148 6446
414 344 548 410 lll'l

1341 354 1785 416 TRACTATUS
1823 353 2127 414 CONTRA
2166 355 2777 416 MONOPIIYSITAS.

3568 352 3704 419 1118

414 463 494 514 ὅτι
550 458 624 511 Τὸ
685 461 943 529 Χριστὸς
997 463 1168 535 ὄνομα
1219 463 1342 516 οὔτε
1391 464 1515 532 ὅρου
1580 463 1813 531 δύναμιν
1863 463 1996 533 ἔχει,

2127 461 2404 531 Iliquando
2441 478 2563 518 esse
2597 463 2933 534 significare,
2961 462 3101 517 sicut
3130 461 3380 533 profecto
3415 460 3704 534 (nomina)

391 550 536 611 ,οὔτε
568 550 677 622 μὴν
710 552 811 622 τήν
841 570 986 617 τινος
1013 555 1204 614 οὐσίαν
1226 556 1253 607 ὃ
1283 573 1337 606 τι
1371 553 1500 606 ποτέ
1531 557 1678 606 ἐστιν
1712 555 1969 624 σημαίνει
1993 572 2006 584 ⁸

412 641 666 714 καθάπερ
711 641 905 712 ἀμέλει
953 643 1243 715 ἄνθρωπος
1285 644 1318 714 ἢ
1356 643 1524 706 ἵππος
1555 644 1588 714 ἢ
1623 643 1774 714 βοῦς.
1808 664 1825 696 ι
1862 646 1924 698 Εἰ
1953 645 2007 698 δὲ

414 735 556 789 κατὰ
595 735 694 806 τὴν
727 736 834 788 τῶν
866 736 1168 806 αἱρετικῶν
1213 735 1567 807 βλασφημίαν
1608 737 1796 799 οὐσίας
1831 737 2010 808 ὑπῆρ-

411 846 508 897 χεν
554 826 860 896 δηλωτικὸν
897 828 959 880 τὸ
991 827 1247 894 Χριστὸς
1275 828 1447 897 ὄνομα
1473 828 1664 898 ὥσπερ
1694 830 1754 881 τὸ
1784 831 2004 897 ἅνθρω-

409 937 548 985 πος,
571 921 759 974 πολλοὶ
788 921 1019 990 Χριστοὶ
1060 921 1182 973 κατ’
1203 921 1402 982 αὐτοὺς
1441 921 1849 992 εὑρεθήσονται,
1879 923 2000 974 καθ’

411 1010 488 1068 ὢν
519 1015 578 1067 τὸ
620 1015 798 1068 κοινὸν
844 1015 944 1083 τῆς
982 1013 1172 1076 οὐσίας
1218 1014 1314 1066 τοῦ
1345 1013 1585 1086 Χριστοῦ
1636 1014 1889 1083 λέγουσιν
1913 1031 1926 1046 ⁸
1956 1017 2004 1068 εἰ

411 1110 469 1162 5‘s
493 1107 651 1160 τοῦτο
689 1106 899 1169 ἀσεϐὲς
933 1106 1029 1158 καὶ
1081 1105 1368 1176 ἀλλότριον
1425 1105 1710 1169 παντελῶς
1745 1108 2010 1177 Χριστια-

411 1199 610 1270 νισμοῦ
639 1194 742 1269 (εἷς
800 1201 909 1271 γὰρ
965 1197 1171 1270 Κύριος
1204 1199 1412 1271 Ἰησοῦς
1447 1200 1725 1271 Χριστὸς),
1768 1201 2013 1272 δηλονότι

411 1297 516 1350 οὑκ
567 1298 660 1349 ἐπὶ
715 1295 1012 1367 προσώπου
1065 1297 1228 1367 ἥτουν
1263 1297 1620 1361 ὑποστάσεως
1669 1299 1732 1352 τὺ
1763 1299 2015 1367 Χριστΐς

409 1389 779 1460 ὁμολογεῖται.

485 1481 862 1551 Σκοπὴσωμεν
905 1481 960 1532 δὲ
1008 1481 1104 1534 καὶ
1154 1483 1329 1545 ἄλλως
1369 1483 1436 1552 ἦν
1495 1480 1607 1550 ἕλει
1649 1482 1918 1554 διαφορὰν
1949 1481 2008 1535 τὸ

410 1573 516 1643 τῆς
543 1573 859 1643 οἰκονομίας
887 1574 1193 1643 μυστήριον
1230 1574 1366 1643 προς
1393 1575 1454 1626 το
1489 1574 1631 1626 κατὰ
1671 1573 1762 1625 τὸν
1790 1573 2008 1645 ἄνθρω-

413 1681 520 1718 πον
551 1665 880 1734 ὑπόδειγμα.
921 1666 976 1716 '0
1004 1666 1102 1736 μὲν
1125 1666 1234 1737 γὰρ
1269 1666 1556 1737 ἄνθρωπος
1577 1670 1675 1736 τῆς
1705 1665 1884 1737 ψυχῆς
1915 1667 2008 1720 καὶ

415 1756 672 1828 σώματος
705 1757 1011 1826 σύγκειται,
1039 1760 1368 1828 ἀμφοτέρων
1398 1759 1636 1814 κτιστῶν
1653 1775 1667 1789 ⁸
1690 1761 1718 1811 6
1734 1760 1792 1812 δὲ
1808 1761 2008 1830 Κύριος

414 1849 575 1918 ἡμῶν
622 1849 833 1920 Ἰησοῦς
873 1850 1112 1920 Χριστος
1155 1849 1290 1915 Θεὸς
1338 1851 1433 1903 καὶ
1479 1850 1768 1920 ἄνθρωπος
1794 1852 1822 1904 6
1851 1851 2012 1912 αὐτος

414 1940 704 2010 ὑπάρχων,
727 1940 869 1993 κατὰ
903 1941 1002 2008 μὲν
1031 1943 1131 2010 τὴν
1163 1941 1400 2011 θεότητα
1428 1943 1524 1996 καὶ⁵
1563 1942 1894 2014 προαιώνιος
1928 1942 2022 1997 καὶ

413 2035 677 2097 ἅκτιστός
703 2037 874 2098 ἐστιν,
910 2034 1051 2088 κατὰ
1099 2035 1155 2088 δὲ
1203 2035 1303 2106 τὴν
1353 2036 1752 2107 ἁνθρωπότητα
1791 2038 1882 2090 καὶ
1907 2055 2025 2090 κτι-

418 2128 545 2190 στὸς
570 2128 666 2180 καὶ
697 2129 755 2179 ὲν
785 2128 980 2198 χρόνῳ·
1009 2127 1131 2182 ὅθεν
1155 2128 1409 2194 ἄκτιστος
1434 2133 1462 2183 6
1479 2129 1637 2192 αὑτὸς
1664 2131 1758 2183 καὶ
1785 2131 2021 2197 κτιστδς,

416 2221 650 2290 ἄχρονίς
669 2222 762 2274 καὶ
779 2225 837 2274 ὲν
869 2221 1067 2292 χρόνῳ.
1092 2223 1200 2274 Καὶ
1225 2221 1312 2274 διὰ
1343 2221 1498 2275 τοῦτο
1524 2226 1687 2292 ἡμεῖς
1712 2223 1890 2278 πάντα
1907 2224 2026 2287 ἐνὸς

419 2313 517 2364 καὶ
541 2314 636 2364 τοῦ
664 2311 828 2365 αὑτοῦ
849 2312 1258 2381 ὁμολογοῦντες,
1277 2314 1344 2367 τα
1372 2314 1470 2384 μὲν
1495 2317 1561 2385 τῇ
1590 2315 1735 2384 θεία,
1767 2316 1838 2368 τὰ
1869 2315 1926 2367 δὲ
1953 2318 2018 2386 τῇ

416 2399 743 2472 ἀνθρωπίνῃ
763 2400 924 2454 αὑτοῦ
943 2401 1274 2472 λογιζόμεθα
1308 2403 1489 2471 φύσει.
1526 2404 1878 2473 Ἀκοὺσωμεν
1916 2405 2024 2475 γὰρ

420 2493 519 2546 καὶ
537 2494 626 2545 τοῦ
650 2495 707 2546 ἐν
725 2494 900 2562 ἁγίοις
930 2495 1173 2565 Πρόκλου
1200 2497 1256 2548 ἐν
1280 2497 1359 2568 τῷ
1375 2500 1454 2560 εἰς
1471 2497 1570 2569 τὴν
1589 2498 1851 2552 Θεοτόκον
1881 2499 2024 2570 λόγῳ

419 2587 492 2638 τὰ
513 2586 870 2656 παραπλήσια
890 2586 1098 2649 τούτοις
1119 2589 1266 2659 ἡμᾶς
1287 2590 1717 2654 ὲκδιδάσκοντος·
1743 2590 1895 2660 λέγει
1916 2595 1984 2660 γα
1994 2608 2024 2664 ρ

419 2680 621 2744 οὕτως·
649 2699 666 2732 ι
693 2681 862 2744 Τόκος
887 2683 1207 2754 παράδοξος,
1226 2685 1368 2757 ἀρχὴ
1391 2686 1486 2738 καὶ
1503 2688 1602 2740 οὑκ
1618 2685 1761 2758 ἀρχὴ
1785 2686 1878 2740 τοῦ
1897 2703 2023 2756 τεχ-

423 2771 611 2832 θέντος
636 2786 651 2801 ⁸
664 2770 763 2837 τῆς
783 2771 881 2841 μὲν
903 2772 1012 2842 γὰρ
1031 2772 1128 2825 ἀνθ
1138 2774 1453 2844 ρωπῦτητος
1472 2776 1697 2844 γέγονεν
1719 2775 1862 2848 ἁρχὴ
1881 2818 1896 2838 ,
1919 2775 2024 2846 ἡδὲ

423 2863 621 2932 θεότης
674 2862 891 2932 ἔμεινεν
921 2865 1174 2936 ἄναρχος.
1215 2885 1233 2917 ι
1285 2867 1376 2938 Μὴ
1409 2868 1816 2921 ἀπατάσθωσαν
1837 2867 2020 2922 τοίνυν

423 2955 478 3005 ei.
506 2953 804 3023 ἄνθρωποι,
845 2954 981 3025 μηδὲ
1011 2955 1404 3018 ἀπατάτωσαν,
1429 2956 1491 3007 ὲκ
1525 2953 1616 3007 τοῦ
1649 2956 1790 3008 κατὰ
1812 2955 1904 3008 τον
1928 2956 2023 3010 ἄν·

425 3048 648 3118 θρωπον
676 3046 1100 3116 ὑποδείγματος,
1132 3050 1264 3119 μιᾶς
1293 3049 1480 3111 οὐσίας
1510 3045 1650 3102 εἶναι
1671 3049 1762 3102 τὸν
1789 3047 2024 3119 Χριστὸν

2113 555 2299 623 homo,
2333 573 2428 610 seu
2460 572 2662 625 equus,
2691 571 2787 610 seu
2815 557 2937 610 bos.
2979 576 2996 606 ι
3032 556 3087 609 Si
3126 565 3309 608 autem
3346 563 3500 626 juxta
3531 554 3706 608 haarc-

2111 651 2348 704 tieorum
2419 650 2819 720 blasphemiam
2883 666 3084 703 nomen
3145 649 3381 704 Christus
3443 657 3503 710 ut
3554 650 3708 702 homo

2109 743 2436 797 substantia:
2485 742 2914 813 significativum
2968 743 3090 807 fuit,
3127 742 3286 795 multi
3321 741 3524 795 Christi
3551 740 3706 810 juxta

2107 835 2230 889 illos
2281 835 2654 899 invenientur,
2707 836 2911 904 quibus
2943 849 3292 890 con'tn'mnem
3341 831 3706 888 substantiam

2108 930 2314 985 Christi
2347 931 2574 994 dicunt;
2605 930 2649 983 si
2689 947 2820 984 vero
2855 932 2961 985 hoc
2997 930 3228 1000 impium
3265 928 3431 983 fuerit.
3457 925 3708 981 omnino-

2113 1040 2221 1093 que
2249 1025 2490 1080 alienum
2521 1041 2550 1077 a
2578 1024 3031 1086 Christianismo,
3066 1038 3210 1077 unus
3246 1021 3392 1075 enim
3428 1028 3512 1074 est
3547 1018 3709 1074 Jcsus

2117 1113 2394 1177 Christus,
2420 1114 2710 1168 evidenter
2736 1127 2847 1167 non
2873 1113 2928 1167 in
2954 1127 3188 1183 persona
3218 1121 3316 1166 aut
3341 1110 3395 1165 in
3425 1107 3706 1181 hypostasi

2119 1205 2403 1260 Christum
2430 1204 2783 1259 confitentur.

2186 1479 2575 1549 Expendemus
2602 1489 2786 1534 autem
2817 1479 2979 1534 aliter
3008 1494 3171 1549 quam
3205 1474 3576 1532 differentiam
3604 1471 3705 1526 ha—

2114 1574 2243 1629 beat
2264 1574 2589 1630 (economiae
2621 1572 2942 1644 mysterium
2965 1571 3031 1624 ad
3067 1569 3349 1638 exemplar
3376 1582 3446 1621 ex
3483 1563 3706 1618 homine

2115 1677 2418 1737 sumptum.
2483 1666 2658 1720 Homo
2705 1664 2927 1734 quidem
2985 1678 3050 1716 ex
3102 1662 3283 1715 anima
3351 1667 3410 1713 et
3475 1658 3707 1726 corpore

2112 1771 2199 1816 est
2255 1760 2628 1831 compositus,
2689 1769 2923 1828 utroque
2974 1766 3193 1820 creato;
3253 1753 3516 1808 Dominus
3575 1765 3710 1804 vero

2126 1863 2316 1909 noster
2343 1853 2502 1909 Jesus
2538 1852 2793 1907 Christus
2835 1852 2981 1905 Deus
3023 1849 3280 1916 idemque
3322 1846 3508 1907 homo,
3553 1843 3708 1913 juxta

2124 1945 2348 2016 quidem
2397 1945 2778 2010 divinitatem,
2825 1951 3067 1998 :eternus
3141 1940 3527 2005 increatusque
3601 1942 3706 1997 est,

2119 2040 2272 2110 juxta
2302 2052 2434 2092 vero
2464 2036 2864 2092 humanitatem
2887 2042 3138 2089 creatura
3171 2037 3257 2086 est
3285 2039 3450 2098 atque
3483 2030 3536 2081 in
3564 2034 3707 2080 tem-

2124 2145 2259 2200 pore
2297 2130 2533 2199 genitus.
2570 2128 2726 2184 Unde
2775 2127 2918 2182 idem
2959 2135 3044 2182 est
3075 2126 3352 2180 increatns
3377 2131 3435 2177 et
3466 2128 3707 2183 creatus,

2125 2231 2251 2276 ante
2297 2231 2544 2290 tempora
2587 2237 2652 2276 ac
2683 2221 2736 2275 in
2780 2228 3062 2290 tempore;
3095 2227 3498 2288 proptereaque
3524 2211 3709 2266 omnia

2123 2315 2192 2368 de
2243 2329 2356 2368 uno
2399 2313 2706 2382 eodemque
2763 2327 2866 2366 nos
2911 2311 3267 2372 conﬁtentes,
3317 2306 3423 2362 alia
3475 2304 3708 2365 divinae,

2124 2407 2230 2460 alia
2279 2421 2411 2460 vero
2463 2405 2718 2459 humana:
2771 2405 2893 2471 ejus
2943 2412 3154 2456 naturas
3211 2400 3532 2454 tribuimus.
3583 2397 3712 2451 Au-

2125 2499 2343 2553 diamus
2387 2498 2532 2552 enim
2574 2497 2740 2551 etiam
2775 2502 3026 2549 sanctum
3074 2493 3324 2546 Proclum
3361 2492 3414 2544 in
3456 2503 3712 2544 sermone

2126 2592 2194 2646 de
2260 2591 2431 2645 Matre
2510 2590 2642 2653 Dei,
2696 2587 2895 2644 similia
2949 2586 3035 2640 his
3087 2585 3415 2648 docentem;
3473 2581 3555 2636 sic
3609 2597 3712 2634 au-

2127 2696 2238 2741 tent
2287 2686 2584 2756 loquitur:
2634 2703 2652 2735 ι
2701 2683 2967 2738 Mirabilis
3022 2690 3236 2751 partus,
3277 2678 3607 2750 principium
3647 2690 3713 2731 ac

2096 2795 2235 2834 .non
2281 2778 2620 2849 principium
2664 2779 2783 2846 ejus
2829 2777 2921 2845 qui
2971 2774 3072 2828 l'nit
3122 2773 3340 2837 editus;
3396 2771 3712 2826 humanita-

2127 2872 2198 2927 tis
2243 2872 2390 2927 enim
2446 2871 2625 2925 factus
2673 2879 2759 2924 est
2811 2869 3168 2940 principium,
3212 2864 3479 2920 divinitas
3527 2873 3711 2917 autem

2125 2963 2391 3019 remansit
2435 2963 2556 3019 sine
2609 2961 2908 3032 principio.
2947 2980 2964 3012 ι
3016 2959 3096 3014 Ne
3151 2957 3318 3028 igitur
3364 2955 3712 3025 decipiantur

2126 3057 2216 3112 isti
2252 3057 2506 3111 homines
2551 3070 2731 3125 neque
2773 3051 3086 3123 decipiant,
3131 3067 3196 3106 ex
3228 3049 3481 3118 exemplo
3515 3063 3715 3101 secun—

423 3137 846 3208 τερατευόμενοι
867 3153 883 3169 ⁸
916 3139 984 3191 τὰ
1027 3139 1138 3208 γὰρ
1186 3137 1564 3207 ὑποδείγματα
1587 3139 1648 3191 οὑ
1679 3138 1768 3190 διὰ
1804 3137 2021 3190 πάντων

2127 3147 2258 3201 dum
2318 3148 2599 3202 hominem
2661 3154 2919 3215 sumpto,
2982 3142 3148 3197 unius
3214 3156 3334 3197 esse
3393 3137 3713 3194 substantia:

423 3231 594 3300 ὃμοιά
625 3231 772 3283 ἐστιν
800 3229 1030 3293 ἐκείνοις
1051 3269 1065 3290 ,
1096 3224 1170 3282 ὧν
1204 3231 1284 3292 εἰς
1307 3228 1611 3298 ὑπόδειγμα
1636 3225 1977 3296 λαμϐάνεται
1995 3243 2018 3262 ·

427 3329 480 3380 εξ
522 3326 631 3396 γὰρ
664 3326 750 3379 διὰ
777 3324 993 3386 πάντως
1041 3323 1205 3393 ὅμοια
1232 3323 1431 3390 εὑρεθῇ
1461 3359 1476 3382 ,
1507 3319 1576 3372 τα
1611 3317 1753 3371 αὑτὰ
1799 3319 2020 3380 πάντως

427 3421 587 3473 ἔσται
609 3419 705 3472 καὶ
723 3419 784 3470 οὑ
811 3416 1255 3486 παραδείγματα.
1291 3413 1398 3466 Καὶ
1433 3414 1462 3466 6
1491 3413 1549 3464 ἐν
1570 3412 1748 3480 ἁγίοις
1779 3411 1882 3481 γὰρ
1911 3409 2019 3462 K6—

433 3511 613 3582 ριλλος
643 3512 766 3563 κατ’
799 3509 954 3562 οὐδὲν
979 3508 1167 3579 ἕτερον
1205 3505 1284 3576 τῷ
1307 3503 1400 3559 τοῦ
1425 3502 1716 3572 ἀνθρώπου
1751 3503 2020 3574 κέχρηται

428 3601 867 3671 παραδείγματι,
904 3598 1043 3670 πλὴν
1069 3597 1160 3650 διὰ
1192 3598 1353 3667 μόνον
1382 3595 1442 3648 τὸ
1465 3593 1716 3648 ἐκϐαλεῖν
1747 3593 1846 3663 τὴν
1873 3591 2021 3645 Παύ-

427 3695 525 3748 λου
555 3693 649 3747 καὶ
679 3691 976 3762 Νεστορίου
1011 3688 1384 3761 βλασφημίαν,
1415 3687 1522 3742 τῶν
1543 3685 1896 3756 διαιρούντων
1923 3687 2020 3746 τὰς

431 3788 630 3858 φύσεις
650 3787 746 3840 ἀπ’
774 3784 1041 3856 ἀλλήλων,
1071 3784 1165 3837 καὶ
1195 3784 1274 3845 είς
1304 3781 1397 3836 δύο
1417 3781 1683 3852 πρόσωπα
1706 3781 1872 3851 ἧγουν
1897 3779 2025 3832 ὑπο·

429 3881 654 3943 στάσεις
683 3878 885 3942 ταύτας
903 3877 1311 3948 λαμϐανόντων,
1340 3876 1436 3928 καὶ
1456 3874 1710 3928 ἐντεῦθεν
1739 3874 1832 3928 δύο
1858 3874 2023 3937 Υἱοὺς

429 3973 529 4028 καὶ
560 3972 654 4024 δύο
671 3971 943 4042 Χριστοὺς
969 3969 1257 4036 λεγόντων,
1298 3967 1394 4021 ἕνα
1424 3967 1522 4038 μὲν
1549 3966 1642 4019 τὸν
1671 3967 1736 4020 ὲκ
1765 3964 1859 4018 τοῦ
1885 3963 2021 4018 Θεοῦ

428 4067 528 4121 καὶ
555 4065 768 4135 Πατρὸς
797 4063 927 4116 Υίὸν
947 4102 961 4127 ,
993 4061 1180 4135 ἕτερον
1219 4060 1276 4113 δὲ
1324 4060 1413 4114 τὸν
1446 4063 1510 4113 ὲκ
1546 4063 1642 4131 τῆς
1688 4059 1846 4128 ἁγίας
1875 4059 2024 4127 Παρ-

429 4159 590 4212 θένου
617 4158 710 4211 καὶ
738 4156 1004 4214 Θεοτόκου
1043 4157 1264 4227 Μαρίας
1294 4155 1767 4210 ἀναπλαττοντων.
1815 4153 1902 4217 Ὠς
1937 4152 2025 4206 διὰ

428 4252 596 4306 τοῦτο
620 4252 754 4324 μηδὲ
781 4251 1045 4306 Θεοτὸκον
1067 4250 1236 4322 αὐτὴν
1257 4249 1386 4322 παρ’
1412 4250 1591 4304 αὐτῶν
1617 4249 2022 4320 ὁμολιγείσθαι,

429 4345 574 4400 ἀλλὰ
600 4346 692 4399 τὸν
739 4344 800 4411 ἐξ
827 4344 999 4415 αὐτῆς
1033 4345 1366 4414 γεννηθέντα
1385 4383 1400 4408 ,
1432 4342 1589 4413 ψιλὸν
1617 4342 1906 4412 ἄνθρωπον
1935 4342 2024 4394 λέ-

431 4438 650 4508 γεσθαι,
699 4438 884 4508 χάριτι
926 4437 984 4490 δὲ
1026 4435 1120 4491 καὶ
1156 4435 1429 4490 οἰκειώσει
1452 4435 1546 4489 καὶ
1594 4435 1774 4506 σχέσει
1800 4437 1864 4504 τῇ
1893 4434 2026 4506 πρὸς

2125 3239 2410 3294 Christum
2447 3237 2812 3302 mentientes;
2850 3233 3184 3304 exemplaria
3229 3231 3376 3287 enim
3425 3245 3534 3284 non
3584 3236 3715 3283 sunt

2127 3333 2182 3387 in
2209 3333 2468 3388 omnibus
2498 3331 2696 3387 similia
2724 3331 2832 3386 illis
2855 3345 3093 3401 quorum
3122 3337 3417 3383 sumuntur
3440 3325 3495 3379 in
3525 3339 3709 3380 exem-

2128 3427 2279 3499 plar;
2308 3426 2352 3481 si
2397 3425 2543 3480 enim
2575 3424 2802 3478 omnino
2848 3422 3050 3477 similia
3085 3420 3487 3478 invenirentur.
3519 3415 3712 3472 eadem

2128 3519 2356 3574 omnino
2403 3525 2611 3580 essent,
2638 3532 2747 3572 non
2788 3513 3144 3585 exemplaria.
3197 3513 3432 3567 Sanetus
3477 3508 3716 3581 Cyrillus

2129 3621 2314 3666 autem
2351 3610 2606 3676 exemplo
2651 3607 2892 3662 hominis
2923 3606 2989 3660 ad
3038 3604 3178 3660 nihil
3207 3601 3354 3658 aliud
3389 3601 3566 3655 utitur
3608 3599 3712 3654 nisi

2129 3703 2196 3758 ad
2247 3700 2644 3772 proﬂigandam
2695 3698 2844 3754 Pauli
2897 3713 2962 3752 ac
3013 3694 3249 3752 Nestorii
3294 3691 3713 3764 blasphemiam,

2131 3793 2498 3848 dividentimn
2557 3800 2785 3846 naturas
2828 3791 2897 3844 ab
2925 3789 3164 3844 invicem
3191 3787 3424 3856 illasque
3477 3784 3531 3838 in
3577 3783 3717 3837 duas

2131 3902 2398 3958 personas
2434 3887 2520 3939 vel
2551 3885 2876 3957 hypostases
2907 3878 3520 3952 comprehendentium,
3558 3874 3718 3929 inde:

2131 3995 2238 4048 que
2261 3978 2402 4032 duos
2432 3977 2597 4031 Filios
2620 3977 2870 4045 duosque
2892 3973 3145 4028 Christos
3168 3969 3493 4032 dicentium,
3545 3981 3716 4020 unum

2133 4069 2355 4138 quidem
2397 4084 2460 4123 ex
2494 4069 2606 4122 Deo
2645 4076 2701 4122 et
2748 4067 2910 4121 Patre
2943 4063 3163 4129 Filium,
3193 4065 3426 4117 alterum
3476 4075 3604 4114 vero
3649 4073 3717 4112 ex

2132 4162 2305 4216 Matre
2361 4160 2430 4214 de
2473 4160 2638 4214 Maria
2689 4159 3036 4230 ﬁngentium.
3067 4157 3304 4226 Propter
3345 4154 3450 4208 hoc
3492 4153 3718 4206 Matrem

2133 4257 2230 4311 Dei
2251 4257 2408 4318 ,illam
2439 4272 2546 4309 non
2581 4253 2936 4316 conﬁtentur,
2963 4250 3058 4306 sed
3085 4251 3179 4320 qui
3203 4248 3272 4302 de
3305 4247 3396 4301 illa
3430 4256 3590 4300 natus
3610 4253 3716 4309 est,

2133 4365 2346 4403 merum
2378 4347 2658 4402 hominem
2683 4347 2915 4410 dicunt;
2952 4343 3221 4398 eharitate
3247 4357 3401 4406 vero,
3432 4335 3719 4393 familiari-

2133 4448 2270 4505 tate,
2325 4439 2805 4508 relationibusque
2848 4437 2964 4492 suis
3005 4451 3134 4505 erga
3169 4433 3370 4489 Filium
3414 4430 3718 4487 secundum

434 4532 530 4584 τὸν
553 4529 691 4584 κατὰ
717 4529 879 4600 φύσιν
912 4529 1061 4597 Υίδν,
1083 4530 1184 4599 τῆς
1205 4530 1453 4599 υίότητος
1476 4529 1541 4581 ὲκ
1563 4528 1845 4600 προκοπῆς
1865 4527 2021 4598 ἡξιῶ·

2133 4543 2388 4588 naturam
2411 4571 2426 4598 ,
2467 4532 2521 4585 in
2562 4543 2846 4604 posterum
2884 4528 3294 4583 matcrnitatem
3330 4525 3574 4580 divinam
3605 4540 3724 4579 me.-

437 4624 592 4681 σθαι.

511 4713 552 4764 ll
563 4711 650 4782 ρος
669 4709 944 4776 ἀπόδειξιν
960 4711 1016 4766 δὲ
1040 4710 1134 4764 τοῦ
1160 4711 1243 4765 ὅτι
1259 4709 1433 4766 ταῦτα
1457 4709 1630 4775 οὑτως
1665 4711 2030 4782 ἐϐλασφήμη-

437 4824 540 4859 σαν
575 4803 787 4868 Παῦλὸς
815 4823 875 4858 τε
907 4807 1003 4859 καὶ
1044 4806 1362 4878 Νεστόριος,
1393 4808 1458 4860 ἐκ
1486 4807 1594 4859 τῶν
1624 4805 2031 4877 γεγραμμένων

436 4899 626 4962 αὐτοῖς
649 4899 920 4954 ἀσεϐειῶν
949 4898 1139 4965 ὀλίγας
1164 4897 1538 4971 παρεθέμεθα,
1566 4898 1665 4971 τὴν
1686 4898 1893 4952 τούτων
1929 4915 2035 4968 μα-

437 4991 560 5045 νίαν
603 4993 741 5044 πᾶσι
788 4993 1138 5064 Χριστιανοῖς
1185 4989 1617 5062 στηλιτεὺοντες.
1650 4991 1814 5058 Λέγει
1847 4990 1976 5059 γοῦν
2004 4992 2032 5044 6

436 5084 645 5156 ἀσεϐὴς
695 5085 906 5146 Παῦλος
951 5085 1010 5137 ὲν
1061 5086 1174 5148 τοῖς
1220 5085 1349 5157 περὶ
1386 5083 1550 5138 αὑτοῦ
1596 5084 2030 5155 πεπραγμένοις·

444 5196 463 5228 ι
509 5175 782 5246 Συνῆλθεν
832 5180 859 5231 6
911 5177 1084 5245 Λόγος
1117 5177 1194 5248 τῷ
1237 5179 1303 5230 ὲκ
1337 5177 1508 5230 Δαϐὶδ
1550 5179 1926 5247 γεγενημένῳ,
1975 5177 2034 5239 ὃς

439 5273 592 5325 ὲστιν
654 5270 864 5342 Ἰησοῦς
917 5272 1154 5343 Χριστὸς
1196 5273 1226 5326 6
1273 5273 1555 5343 γεννηθεὶς
1609 5273 1674 5324 ἐκ
1722 5271 2036 5342 Πνεὺματος

441 5362 624 5428 ἁγίου.
653 5363 762 5415 Καὶ
781 5360 972 5416 τοῦτον
1003 5361 1100 5431 μὲν
1125 5362 1360 5432 ἦνεγκεν
1383 5364 1418 5434 ἡ
1445 5363 1720 5435 Παρθένος
1743 5361 1832 5416 διὰ
1861 5361 2034 5416 Ilvati-

446 5470 619 5527 ματος
648 5453 830 5520 ἁγίου,
872 5453 1080 5506 ἐκεῖνον
1109 5452 1164 5506 δὲ
1195 5452 1283 5507 τὸν
1323 5453 1495 5520 Λόγον
1525 5452 1816 5521 ἐγέννησεν
1845 5453 1872 5504 6
1903 5452 2037 5515 Θεὸς

443 5549 578 5604 ἄνευ
625 5546 906 5620 Παρθένου
961 5548 1056 5601 καὶ
1115 5548 1245 5602 ἄνευ
1292 5549 1435 5610 τινὸς
1475 5547 1710 5613 οὐδενὸς,
1761 5546 1903 5618 πλὴν
1942 5545 2036 5599 τοῦ

446 5641 590 5696 Θεοῦ
609 5658 622 5672 ⁸
650 5643 750 5696 καὶ
781 5640 955 5705 οὕτως
987 5640 1194 5712 ὑπέστη
1223 5643 1251 5693 ὁ
1276 5641 1466 5704 Λόγος.
1503 5659 1522 5691 ι
1551 5641 1657 5694 Καὶ
1691 5641 1854 5693 πάλιν
1887 5643 1915 5694 6
1943 5640 2035 5694 αὑ-

447 5735 542 5799 τδς
564 5734 766 5808 ἀσεϐὴς
797 5734 1009 5798 Παῦλος
1034 5733 1180 5803 λέγει
1209 5751 1222 5763 ⁸
1257 5752 1275 5784 ι
1330 5733 1388 5785 Ὀ
1421 5733 1590 5800 Λόγος
1622 5732 1824 5805 μείζων
1852 5730 1919 5807 ἦν
1944 5735 2038 5787 τοῦ

452 5825 726 5899 Χριστοῦ·
779 5827 1012 5898 Χριστὸς
1056 5826 1144 5881 διὰ
1185 5825 1380 5896 σοφίαν
1426 5825 1628 5896 μείζων
1676 5825 1928 5896 ἐγένετο·
1981 5827 2042 5880 τὸ

2135 4625 2268 4681 ruit.

2206 4718 2289 4773 Ad
2322 4716 2669 4788 probandum
2726 4716 2954 4772 Paulum
3009 4731 3072 4769 ac
3108 4713 3426 4770 Nestorium
3484 4711 3566 4768 sic
3598 4711 3718 4766 bla-

2138 4809 2484 4880 sphemasse,
2519 4809 2773 4880 quaedam
2821 4825 2889 4863 ex
2929 4823 3124 4862 eorum
3155 4805 3380 4876 scriptis
3408 4804 3592 4873 impiis
3639 4812 3722 4857 at-

2139 4903 2393 4963 tulimus,
2423 4903 2686 4958 onmibus
2705 4901 3039 4956 Christianis
3077 4899 3348 4954 insaniam
3392 4911 3586 4952 eorum
3626 4895 3724 4949 dc-

2140 4996 2476 5051 nunliantia.
2511 4995 2636 5050 llaec
2659 4995 2884 5064 quidem
2914 4994 3052 5048 dicit
3089 4993 3292 5062 impius
3325 4990 3526 5044 Paulus
3553 4987 3608 5042 in
3635 4987 3724 5041 his

2141 5105 2265 5159 quae
2319 5087 2389 5143 de
2431 5088 2537 5143 hoc
2579 5088 2839 5158 scripsit:
2879 5108 2895 5138 ι
2927 5087 3166 5142 Verbum
3219 5100 3276 5140 se
3326 5080 3612 5149 conjunxit
3651 5079 3723 5132 ad

2144 5180 2298 5235 illum
2333 5179 2428 5247 qui
2463 5197 2532 5234 ex
2582 5181 2753 5234 David
2792 5179 2975 5234 fuerat
3019 5179 3260 5249 genitus,
3300 5175 3393 5246 qui
3433 5182 3519 5228 est
3565 5173 3727 5228 Jesus

2141 5271 2398 5327 Christus
2425 5281 2729 5341 conceptus
2770 5270 2839 5325 de
2886 5269 3092 5340 Spiritu
3132 5275 3346 5323 sancto.
3398 5267 3557 5321 llunc
3602 5265 3728 5334 qui-

2143 5363 2268 5418 dem
2296 5363 2502 5418 virtute
2527 5363 2772 5432 Spiritus
2815 5362 2992 5416 sancti
3027 5361 3192 5432 Virgo
3246 5357 3530 5430 portavit,
3585 5357 3723 5412 illud

2144 5471 2278 5510 vero
2318 5455 2557 5510 Verbum
2589 5456 2710 5509 sine
2751 5453 2976 5524 Virgine
3015 5455 3246 5522 sineque
3292 5452 3461 5506 ullius
3492 5450 3724 5512 auxilio,

2145 5560 2378 5620 excepto
2414 5549 2549 5612 Deo,
2601 5549 2792 5619 genuit
2818 5550 2997 5616 Deus,
3062 5549 3252 5618 sicque
3299 5546 3549 5603 substitit
3586 5545 3724 5598 Ver—

2147 5643 2301 5698 bum.
2347 5661 2364 5689 ι
2410 5641 2555 5696 Idem
2585 5650 2770 5696 autem
2815 5641 3018 5712 impius
3047 5641 3248 5696 Paulus
3265 5640 3402 5695 dicit
3440 5639 3725 5694 :Verbum

2149 5737 2325 5806 majus
2353 5743 2471 5788 erat
2493 5734 2749 5800 Christo;
2772 5733 3029 5790 Christus
3057 5733 3340 5806 sapientiae
3354 5730 3529 5805 gratia
3552 5729 3728 5798 major

2150 5827 2330 5883 factus
2363 5834 2482 5882 est:
2507 5827 2849 5896 majestalcm
2877 5827 3158 5899 sapientiae
3183 5823 3251 5884 ne
3275 5823 3684 5884 sttbtrahatnus.
3701 5835 3723 5872 ι
