4148 6470
398 351 536 418 1119

1523 343 1976 431 ἰυετιδῖιιιΝι
2015 370 2540 436 IMPERATORIS

3561 377 3706 444 1120

393 464 542 518 Ideni
586 466 772 523 adhuc
803 469 1099 528 luereticus
1153 473 1356 530 Paulus
1395 477 1600 532 iterum
1633 480 1769 535 dicit
1801 498 1814 534 :
1856 501 1872 533 ι
1902 482 1993 535 Et-

2100 485 2313 557 ἀξίωμα
2363 490 2462 558 τῆς
2495 486 2690 555 σοφίας
2734 486 2809 556 μὴ
2852 485 3194 558 καθέλωμεν.
3250 505 3267 537 t
3304 485 3416 540 Καὶ
3463 487 3629 544 πάλιν
3677 495 3705 546 6

392 556 544 610 enim
566 565 688 611 erat
720 559 885 614 etiam
913 560 968 614 in
1001 564 1311 633 prophetis,
1347 567 1661 622 maximein
1693 567 1877 637 Moyse
1915 579 1998 624 at-

394 666 503 718 que
537 650 591 704 in
616 651 806 707 multis
850 653 1140 719 Dominus,
1179 658 1418 714 maxime
1449 668 1637 715 autem
1669 660 1725 714 in
1748 660 1993 716 Christo.

394 745 553 812 quasi
587 744 642 797 in
669 747 1074 816 templo;alter
1102 751 1250 805 enim
1300 761 1384 807 est
1411 753 1575 809 .lesus
1613 754 1891 818 Christus,
1914 756 1996 809 al-

397 847 592 907 terque
639 838 903 894 Verbum.
932 861 950 893 ι
987 843 1124 898 Dein
1170 861 1364 900 rursus
1399 848 1535 902 dicit
1563 848 1768 918 impius
1799 848 1995 903 Nesto-

399 929 514 984 rius
547 947 560 981 :
601 950 618 981 ι
649 929 924 988 Caeterum
955 936 1155 991 nullibi
1188 939 1360 993 Deum
1403 939 1472 994 de
1523 941 1744 1011 Virgine
1785 941 1994 997 Christi

395 1025 569 1080 Matre
628 1034 818 1081 natum
866 1044 991 1085 esse
1029 1047 1185 1087 sacra
1215 1033 1502 1104 Scriptura
1543 1036 1702 1092 dicit.
1739 1056 1758 1090 ι
1791 1037 1995 1091 lterum

396 1115 542 1169 idem
575 1119 998 1189 anthropolatra
1047 1124 1340 1181 Nestorius
1376 1145 1387 1179 :
1417 1126 1756 1199 Consurgens
1799 1131 1999 1199 accepit

396 1224 621 1275 puerum
652 1219 701 1263 et
736 1218 966 1266 matrem
987 1215 1100 1283 ejus
1124 1218 1177 1279 g;
1225 1231 1336 1270 non
1361 1217 1499 1272 dicit
1533 1236 1548 1274 :
1589 1238 1606 1270 ι
1635 1213 1998 1290 Consul-gens

395 1299 612 1367 accepit
648 1300 821 1355 Deum
847 1310 904 1356 et
932 1302 1160 1359 Matrem
1191 1306 1332 1376 ejus,
1364 1325 1383 1358 ι
1412 1308 1617 1363 lterum
1642 1309 1827 1365 adhuc
1849 1311 1996 1366 idem

399 1387 603 1458 impius
651 1391 982 1450 Nestorius:
1021 1414 1038 1444 ι
1075 1397 1243 1451 Aliud
1303 1408 1387 1453 est
1420 1415 1542 1455 esse
1591 1418 1718 1456 cum
1769 1412 1899 1457 nato
1934 1419 1998 1459 ac

398 1481 547 1535 aliud
575 1491 766 1538 natum
805 1501 927 1541 esse
957 1505 968 1540 :
1002 1487 1153 1554 Quod
1196 1492 1252 1544 in
1297 1509 1382 1554 ea,
1415 1493 1599 1563 inquit
1636 1495 1996 1565 (Scriptura),

404 1581 593 1626 natum
624 1583 723 1636 est,
754 1576 816 1629 de
849 1575 1052 1649 Spiritu
1077 1591 1262 1636 sancto
1314 1585 1433 1637 eath
1467 1603 1482 1638 :
1515 1585 1568 1640 id
1599 1595 1704 1652 est,
1757 1587 2000 1658 Spiritus

398 1682 626 1730 sanctus
667 1677 813 1733 hunc
843 1679 897 1733 in
930 1697 994 1735 ea
1028 1684 1258 1738 creavit.
1299 1685 1702 1744 lntellexerunt
1737 1705 1870 1761 ergo
1897 1691 2003 1746 Pa-

402 1775 514 1823 tres
554 1785 838 1826 sacrarum
885 1772 1299 1846 Seripturarum
1329 1781 1530 1850 periti;
1560 1783 1606 1837 si
1653 1784 1778 1837 loco
1812 1785 1997 1838 incar-

2099 577 2262 640 αὐτὸς
2289 579 2567 649 αἱρετικὸς
2597 577 2811 641 Παῦλος
2846 577 2993 644 λέγει
3019 595 3033 608 ·
3073 599 3088 628 ι
3134 577 3243 630 Καὶ
3267 577 3374 648 γὰρ
3400 577 3459 631 ἐν
3487 584 3705 652 προφή-

2098 688 2218 735 ταις
2242 668 2332 743 ἦν,
2368 671 2571 743 μᾶλλον
2608 671 2664 724 δὲ
2701 673 2795 724 καὶ
2825 673 2882 724 ὲν
2910 673 3080 742 Μωσῇ
3119 671 3214 723 καὶ
3239 671 3297 722 ἐν
3332 672 3557 736 πολλοῖς
3588 674 3704 727 K6-

2104 781 2237 835 ριος.
2267 763 2469 832 μᾶλλον
2500 764 2557 818 δὲ
2589 764 2684 816 καὶ
2713 764 2773 816 ὲν
2793 762 3016 834 Χριστῷ
3043 762 3119 825 ὡς
3145 763 3204 817 ὲν
3231 762 3348 834 ναῷ
3369 780 3382 793 ·
3413 764 3573 828 ἄλλος
3593 765 3704 836 γάρ

2099 863 2250 913 ἐστιν
2290 860 2499 931 Ἰησοῦς
2545 861 2805 932 Χριστὸς,
2859 861 2956 914 καὶ
2997 859 3156 923 ἄλλος
3185 861 3214 914 6
3253 860 3448 930 Λόγος.
3501 883 3520 915 ι
3569 858 3706 916 Εἶτα

2100 955 2266 1006 πάλιν
2302 953 2596 1023 Νεστόριος
2621 956 2649 1006 6
2680 952 2888 1023 ἀσεϐὴς
2915 952 3089 1021 λέγει’
3121 971 3140 1004 ι
3177 953 3434 1022 Οὐδαμοῦ
3467 955 3646 1008 τοίνυν
3670 957 3704 1026 ή

2101 1039 2218 1093 θεία
2252 1041 2442 1112 Γραςρὴ
2473 1043 2608 1095 Θεὸν
2648 1042 2713 1095 ὲκ
2749 1042 2848 1112 τῆς
2884 1043 3252 1113 Χριστοτόκου
3291 1043 3572 1115 Παρθένου
3612 1045 3703 1100 λέ-

2099 1152 2186 1203 γει
2215 1134 2601 1206 γεγεννῆσθαι.
2643 1135 2753 1209 Καὶ
2786 1135 2949 1189 πάλιν
2978 1137 3007 1188 6
3039 1135 3202 1198 αὐτὸς
3230 1135 3704 1210 ἀνθρωπολάτρης

2100 1227 2397 1299 Νεστόριος
2423 1227 2610 1296 λέγει’
2644 1245 2662 1278 ι
2707 1227 2998 1297 Ἐγερθεὶς
3025 1227 3336 1296 παράλαϐε
3367 1229 3432 1282 τὸ
3460 1229 3705 1285 παιδίον

2100 1319 2200 1373 καὶ
2219 1319 2335 1384 τὴν
2351 1319 2581 1389 μητέρα
2607 1320 2795 1374 αὑτοῦ
2826 1336 2841 1352 ο
2873 1321 2973 1373 οὒκ
2998 1315 3171 1386 εἶπεν,
3205 1321 3489 1392 Ἐγερθεὶς
3517 1324 3702 1393 παρά-

2099 1411 2233 1466 λαϐε
2273 1413 2366 1466 τὸν
2411 1412 2548 1467 Θεὸν
2575 1413 2668 1466 καὶ
2697 1412 2798 1482 τὴν
2847 1412 3078 1482 Μητέρα
3106 1411 3296 1466 αὑτοῦ.
3338 1414 3450 1466 Καὶ
3481 1415 3646 1468 πάλιν
3677 1419 3704 1469 6

2099 1507 2261 1570 αὐτὸς
2316 1506 2523 1576 ἀσεϐὴς
2575 1505 2870 1575 Νεστὸριος
2926 1505 3116 1573 λέγει’
3169 1524 3188 1556 ι
3245 1506 3409 1558 Ἀλλο
3460 1507 3578 1559 ἐστὶ
3642 1507 3704 1559 τὸ

2102 1601 2340 1653 συνεῖναι
2360 1599 2439 1670 τῷ
2462 1587 2873 1670 γεγεννημένῳ,
2896 1601 2989 1653 καὶ
3020 1599 3150 1653 ἄλλο
3176 1599 3238 1653 τὸ
3264 1599 3560 1669 γεννᾶσθαι
3592 1618 3606 1631 ·
3640 1602 3703 1654 τὸ

2100 1693 2209 1764 γὰρ
2235 1693 2304 1746 ἐν
2332 1691 2507 1760 αὐτῇ,
2535 1692 2692 1762 φησὶ,
2726 1692 3038 1761 γεννηθὲν,
3060 1692 3130 1747 ἐκ
3153 1693 3501 1762 Πνεύματός
3531 1694 3705 1747 ἐστιν

2101 1785 2274 1850 ἁγίου
2307 1801 2320 1814 ·
2363 1784 2611 1835 τουτέστι
2635 1783 2697 1836 τὸ
2727 1781 2953 1854 Πνεῦμα
2979 1783 3040 1837 τὸ
3071 1783 3228 1854 ἆγιον
3264 1783 3486 1838 ἔκτισεν
3524 1786 3614 1839 τὸν
3643 1785 3702 1837 ἐν

399 1868 586 1914 nutum
626 1871 863 1933 genitum
897 1868 1270 1937 posuerimus,
1314 1872 1516 1927 Filium
1559 1873 1804 1943 Spiritus
1839 1876 1995 1931 inve-

2100 1879 2260 1946 αὐτῇ.
2319 1871 2474 1930 Εἶδον
2515 1873 2608 1930 οῦν
2652 1878 2702 1930 oi
2761 1876 3007 1949 Πατέρες
3053 1877 3130 1938 ὼς
3181 1878 3550 1948 ἐπιστήμονες
3591 1877 3704 1930 τῶν

398 1954 506 2008 niri
545 1957 717 2012 Deum
754 1959 1017 2026 Verbum,
1059 1963 1310 2033 duosque
1347 1975 1532 2035 patres
1587 1967 1915 2034 habentem;
1952 1970 1996 2025 si

396 2062 530 2101 vero
573 2065 716 2105 unus
750 2051 920 2107 Filius
960 2053 1150 2117 fuerit,
1188 2055 1434 2126 Spiritus
1485 2067 1794 2115 creaturam
1845 2061 2002 2118 inve-

398 2139 664 2195 niendum
692 2159 814 2198 esse
843 2145 1014 2201 Deum
1065 2149 1330 2204 Verbum.
1371 2172 1389 2204 ι
1428 2153 1644 2208 Rursus
1665 2162 1855 2210 autem
1892 2156 1998 2210 im-

399 2246 525 2298 pius
574 2232 864 2291 Nestorius
895 2237 1072 2293 dicit:
1112 2261 1129 2292 ι
1164 2241 1234 2294 At
1258 2243 1728 2311 quemadmodum
1771 2246 1999 2301 diccba-

399 2340 522 2379 mus
553 2325 724 2381 Deum
765 2330 1014 2384 omnium
1059 2332 1350 2398 factorem,
1383 2336 1624 2392 dicimus
1674 2348 1732 2394 et
1773 2339 1996 2411 Moysen

399 2413 573 2468 Deum
611 2436 623 2469 ι
654 2417 808 2482 Ecce,
844 2421 1047 2489 inquit,
1070 2426 1321 2478 constitui
1348 2434 1398 2478 te
1424 2425 1591 2480 Deum
1619 2426 1927 2484 Pharaonis
1953 2431 1995 2495 i;

398 2505 712 2575 Filiumquc
747 2508 840 2563 Dei
877 2510 1044 2566 Israel
1079 2529 1091 2563 :
1132 2511 1300 2567 Filius
1354 2531 1523 2580 meus,
1563 2517 1768 2587 inquit,
1799 2522 2000 2590 printe-

398 2596 603 2664 genilus
634 2597 868 2667 lsraeli;
902 2603 1374 2669 quemadmodum
1408 2625 1632 2679 quoque
1669 2611 1999 2668 dicebamus

397 2686 678 2744 Christum
719 2706 843 2746 esse
885 2693 1013 2748 Saul
1044 2713 1057 2748 :
1084 2695 1203 2750 Non
1239 2701 1483 2766 mittant,
1531 2702 1732 2772 inquit,
1780 2722 1998 2760 manant

399 2797 574 2834 meum
621 2783 676 2835 in
728 2800 848 2838 eum
891 2788 1016 2856 quin
1080 2789 1309 2845 Christus
1350 2791 1562 2848 Domini
1597 2793 1750 2860 est“;
1793 2795 2012 2868 Cyrum.

399 2887 621 2940 quoque
665 2876 876 2942 pariter
909 2893 920 2929 :
959 2876 1083 2932 "(cc
1116 2880 1263 2945 dicit,
1297 2883 1518 2950 inquit,
1558 2885 1819 2941 Dominus
1855 2891 1997 2944 chri-

397 2973 479 3016 διο
517 2981 629 3018 ηιιό
658 2966 866 3036 Cyrol;
899 2970 1230 3042 Babylonem
1270 2992 1492 3046 quoque
1533 2989 1779 3033 sanctam
1810 2999 1823 3033 :
1863 2981 1995 3053 Ego,

402 3053 602 3122 inquit,
643 3059 907 3112 mandabo
959 3063 1032 3116 eis
1082 3080 1100 3118 :
1135 3066 1465 3134 sanctiﬁcuti
1509 3078 1654 3133 sunt,
1691 3080 1740 3122 et
1777 3088 1870 3141 ego
1897 3074 1997 3127 ad-

399 3146 530 3197 duco
544 3162 627 3199 cos
647 3157 718 3211 της
747 3148 820 3202 ita
844 3167 1067 3222 quoque
1110 3154 1351 3211 dicimus
1370 3157 1665 3213 Dominum
1683 3161 1992 3230 Christum,

400 3233 596 3300 Deum,
627 3237 850 3306 Filium,
881 3254 1136 3300 sanctum
1173 3254 1338 3318 atque
1361 3248 1669 3308 Christum.
1707 3271 1728 3306 ι

473 3517 710 3574 Rursum
768 3521 953 3578 adhuc
1007 3524 1146 3581 dicit
1190 3526 1336 3582 idem
1386 3529 1590 3601 impius
1647 3532 1940 3590 Nestorius
1983 3555 1996 3590 :

407 3625 426 3658 ι
459 3608 690 3678 Propter
725 3624 1035 3681 portantem
1073 3628 1352 3687 portatum
1374 3624 1533 3689 colo;
1562 3636 1792 3696 propter
1823 3627 2000 3684 laten-

403 3719 510 3774 Icm
554 3705 732 3760 visum
764 3709 936 3770 adoro
968 3728 982 3764 :
1013 3727 1138 3767 cum
1176 3731 1205 3769 a
1236 3717 1356 3772 viso
1395 3735 1504 3774 non
1536 3723 1711 3791 possit
1750 3724 1998 3795 separari

399 3795 564 3860 Deus,
592 3798 719 3854 ideo
759 3801 1026 3858 honorem
1072 3821 1180 3860 non
1219 3811 1460 3878 separati
1503 3830 1611 3867 non
1639 3832 1869 3885 separo;
1897 3835 1998 3873 na-

401 3893 553 3941 turas
574 3903 770 3960 separo
804 3894 899 3948 sed
928 3896 1312 3954 adoratinnem
1345 3905 1642 3977 conjungo.
1691 3928 1710 3960 ι
1740 3909 1999 3980 Alibique

400 3977 545 4033 idem
587 3982 771 4038 adhuc
801 3985 1006 4056 impius
1033 3989 1172 4045 dicit
1205 4009 1218 4046 :
1258 4013 1274 4044 ι
1309 3993 1568 4052 Christus
1592 4009 1823 4055 vocatur
1857 3977 1998 4072 quo-

397 4086 504 4139 quc
537 4073 681 4129 Deus
701 4075 964 4144 Verbum,
990 4097 1058 4135 eo
1083 4083 1232 4152 quod
1259 4086 1584 4142 continuam
1610 4090 1678 4144 ad
1706 4089 1997 4148 Christum

397 4178 845 4245 conjunctionem
882 4183 1072 4240 habet.
1104 4205 1122 4237 ι
1149 4187 1289 4241 Tum
1335 4206 1529 4245 rursus
1561 4210 1573 4246 :
1619 4193 1813 4250 «Beata
1832 4197 2000 4269 Virgo

399 4283 508 4323 non
563 4271 765 4328 Filium
816 4275 911 4330 Dei
952 4280 1166 4349 genuit,
1197 4282 1294 4336 sed
1338 4285 1531 4353 genuit
1570 4287 1997 4358 humanitatem,

397 4379 520 4432 quae
557 4375 643 4420 est
683 4366 873 4435 Filius,
899 4375 1359 4442 propterFilium
1384 4378 1625 4433 unitum.
1660 4399 1676 4430 ι
1725 4382 1852 4438 llaec
1869 4397 2001 4440 sunt

398 4469 532 4524 ergo
568 4474 690 4526 qua:
718 4473 976 4518 asserunt
1015 4465 1218 4524 Paulus
1251 4485 1315 4524 ac
1359 4470 1653 4528 Nestorius
1688 4474 1844 4545 impii
1889 4478 1990 4547 qui

2100 1969 2263 2023 θείων
2307 1969 2547 2040 Γραφῶν
2574 2010 2588 2032 ,
2621 1970 2703 2022 ὅτι
2735 1970 2832 2023 ἐὰν
2875 1970 2997 2023 ἀντὶ
3029 1985 3124 2023 του
3169 1971 3560 2037 σαρκωθέντα
3596 1969 3702 2024 θῶ-

2102 2083 2202 2136 μεν
2231 2065 2288 2118 τὸ
2323 2065 2692 2135 γεννηθέντα
2748 2065 3065 2137 εὑρίσκεται
3092 2067 3222 2131 Υἱὸς
3252 2066 3348 2121 τοῦ
3380 2067 3703 2137 Πνεύματος

2097 2160 2126 2212 6
2154 2157 2285 2220 Θεὸς
2326 2157 2522 2226 Λόγος.
2555 2158 2650 2211 καὶ
2681 2157 2773 2212 δύο
2801 2157 3047 2230 πατέρας
3075 2159 3216 2229 ἔχων
3238 2175 3252 2189 ·
3307 2160 3355 2213 εἰ
3395 2159 3451 2213 δὲ
3486 2159 3575 2213 διὰ
3599 2160 3700 2213 τοῦ

2099 2251 2218 2313 ἑνὸς
2248 2250 2404 2314 Υἱοῦ,
2453 2251 2810 2322 εὑρεθήσεται
2861 2253 2888 2303 6
2941 2251 3075 2314 Θεὸς
3116 2253 3292 2319 Λόγος
3345 2253 3556 2322 κτίσμα
3602 2252 3704 2305 τοῦ

2100 2343 2415 2414 Πνεύματος
2455 2343 2548 2398 ὧν.
2587 2363 2605 2395 ι
2643 2344 2754 2396 Καὶ
2795 2343 2957 2398 πάλιν
2983 2346 3012 2397 6
3060 2345 3224 2409 αὐτὸς
3258 2345 3462 2414 ἀσεϐὴς
3489 2346 3699 2398 N5616-

2103 2455 2218 2502 ριος
2237 2436 2386 2506 λέγει
2420 2452 2434 2467 ο
2472 2457 2490 2489 ι
2539 2437 2678 2490 Ἀλλ’
2702 2436 2896 2506 ὥσπερ
2925 2437 3185 2508 ἐλέγομεν
3209 2439 3343 2492 Θεὸν
3364 2438 3460 2493 τὸν
3478 2439 3701 2493 πάντων

2101 2529 2456 2599 δημιουργὸν,
2489 2530 2584 2582 καὶ
2613 2529 2732 2582 θεὸν
2761 2529 2854 2582 τὸν
2884 2529 3124 2583 Μωῡσέα
3181 2532 3357 2594 (Θεὸν
3382 2531 3512 2602 γὰρ,
3540 2533 3696 2602 φησι,

2102 2619 2333 2675 τέθεικά
2380 2635 2454 2674 σε
2505 2620 2613 2675 τοῦ
2665 2620 2920 2689 Φαραὼ),
2955 2621 3049 2675 καὶ
3088 2621 3215 2674 Υίὸν
3283 2622 3377 2676 τοῦ
3425 2622 3561 2677 Θεοῦ
3605 2623 3700 2676 τὸν

2102 2711 2320 2783 Ἰσραὴλ
2339 2710 2502 2782 (Υἱὸς
2523 2711 2655 2782 γὰρ.
2673 2713 2828 2782 φησὶ,
2852 2712 3230 2780 πρωτότοκος
3255 2730 3374 2782 μου
3392 2712 3694 2783 Ἰσραὴλ),

2101 2805 2194 2858 καὶ
2216 2804 2406 2876 ὥσπερ
2435 2805 2694 2877 ἐλέγομεν
2722 2806 2944 2876 χριστὸν
2974 2805 3064 2859 τὸν
3092 2806 3268 2859 Σαοὺλ
3321 2807 3430 2879 (οὺ
3449 2806 3537 2876 μὴ
3565 2808 3694 2880 γὰρ.

2101 2905 2288 2973 φησιν,
2333 2901 2597 2956 ἐπιϐαλῶ
2646 2901 2763 2970 τὴν
2806 2901 2978 2971 χεῖρά
3033 2921 3148 2970 μου
3198 2903 3292 2956 ἐπ’
3350 2904 3560 2967 αὐτὸν,
3608 2904 3697 2958 ὅτι

2100 2994 2350 3062 χριστὸς
2401 2994 2625 3062 Κυρίου
2679 2993 2898 3066 ἐστιν),
2961 2994 3056 3047 καὶ
3089 2994 3180 3048 τὸν
3217 2995 3399 3066 Κῦρον
3438 2996 3698 3060 ὡσαύτως

2103 3086 2272 3156 (Τάδε
2297 3085 2482 3156 λέγει,
2516 3087 2671 3156 φησὶ,
2706 3086 2920 3154 Κύριος
2955 3085 3037 3152 τῷ
3073 3086 3299 3156 χριστῷ
3329 3106 3447 3157 μου
3479 3090 3694 3159 Κύρῳ),

2102 3181 2195 3236 καὶ
2221 3181 2312 3233 τὸν
2341 3179 2680 3234 Βαϐυλώνιον
2705 3178 2860 3248 ἆγιον
2885 3179 3053 3250 (Ἐγὼ
3074 3179 3205 3250 γὰρ,
3233 3181 3386 3251 φησι,
3415 3179 3696 3244 συν-τάξω

2100 3255 2354 3340 αὐτοῖς(
2393 3272 2747 3343 ἡγιασμένοι
2782 3273 2925 3336 είσί,
2974 3273 3074 3326 καὶ
3105 3272 3220 3342 ἐγὼ
3264 3273 3386 3344 ἄγω
3420 3271 3691 3342 auratis)“

2101 3367 2245 3418 οὕτω
2294 3365 2526 3434 λέγομεν
2566 3365 2662 3419 καὶ
2708 3365 2799 3417 τὸν
2831 3366 3111 3437 Δεσπότην
3150 3366 3390 3439 Χριστὸν
3427 3366 3522 3420 καὶ
3565 3366 3697 3420 Θεὸν

2103 3460 2197 3510 καὶ
2226 3457 2353 3510 Υἱὸν
2382 3456 2476 3510 καὶ
2505 3457 2660 3525 ἆγιον
2697 3458 2792 3508 καὶ
2817 3457 2858 3509 Χ
2869 3455 3074 3526 ριστὸν.
3121 3474 3139 3507 ι

2172 3552 2282 3604 Καὶ
2315 3551 2479 3602 πάλιν
2509 3551 2536 3603 6
2570 3549 2730 3613 αὐτὸς
2764 3549 2968 3619 ἀσεϐὴς
3008 3549 3304 3620 Νεστόριος
3333 3548 3503 3618 λέγει’
3545 3569 3563 3601 ι
3597 3549 3696 3602 At}:

2100 3644 2192 3697 τὸν
2223 3644 2496 3715 φοροῦντα
2522 3645 2610 3695 τὸν
2642 3642 2980 3713 φορούμενον
3007 3641 3179 3694 σέϐω·
3216 3641 3305 3695 διὰ
3333 3642 3423 3696 τὸν
3451 3661 3696 3714 κεκρυμ-

2105 3739 2266 3811 μένον
2329 3739 2624 3809 προσκυνῶ
2678 3738 2770 3790 τὸν
2823 3737 3153 3806 φαινόμενον
3186 3751 3200 3766 ⁸
3244 3737 3548 3807 ἀχώριστοι,
3599 3737 3694 3790 τοῦ

2102 3831 2426 3904 φαινομένου
2454 3832 2616 3895 Θεόςο
2647 3830 2736 3884 διὰ
2769 3829 2934 3883 τοῦτο
2971 3827 3071 3883 τοῦ
3092 3829 3169 3900 μὴ
3196 3829 3568 3901 χωριζομένου
3598 3831 3695 3898 τὴν

2101 3921 2266 3992 τιμὴν
2296 3922 2356 3974 οὐ
2393 3921 2644 3993 χωρίζωο
2678 3919 2896 3992 χωρίζω
2925 3921 3024 3985 τὰς
3058 3920 3268 3989 φύσεις.
3304 3921 3421 3974 ἀλλ’
3461 3921 3566 3974 ἐνῶ
3596 3921 3696 3988 τὴν

2101 4013 2496 4084 προσκύνησιν.
2524 4033 2542 4065 ι
2580 4015 2691 4068 Καὶ
2720 4013 2883 4093 πάλιν
2916 4013 2946 4065 6
2972 4014 3134 4078 αὐτὸς
3167 4013 3370 4083 ἀσεϐὴς
3401 4014 3696 4085 Νεστόριος

2100 4102 2248 4172 λέγει
2269 4121 2283 4134 ο
2306 4122 2323 4154 ι
2349 4105 2460 4156 Καὶ
2477 4102 2710 4170 Χριστὸς
2732 4106 2759 4157 6
2782 4105 2915 4167 Θεὸς
2948 4103 3125 4171 Λόγος
3161 4105 3515 4174 ὀνομάζεται,
3540 4105 3687 4158 ἐπει-

2100 4196 2276 4267 δήπερ
2337 4195 2450 4267 ἔχει
2501 4198 2603 4266 τὴν
2662 4191 2964 4265 συνάφειαν
3008 4195 3107 4267 τὴν
3138 4197 3277 4267 πρὸς
3315 4196 3410 4249 τὸν
3460 4196 3694 4266 Χριστὸν

2099 4290 2342 4360 διηνεκῆ.
2384 4308 2402 4341 ι
2441 4289 2550 4342 Καὶ
2593 4289 2757 4344 πάλιν
2785 4290 2812 4340 6
2842 4289 3006 4352 ἀὐτὸς
3049 4290 3256 4359 ἀσεϐὴς
3280 4290 3572 4360 Νεστόριος
3604 4288 3694 4343 λέο

2100 4397 2206 4450 γει.
2267 4400 2286 4432 ι
2362 4380 2425 4434 Ἠ
2482 4381 2732 4452 μακαρία
2790 4380 3068 4452 Παρθένος
3117 4381 3217 4434 οῦκ
3263 4380 3553 4452 ἐγέννησεν
3601 4383 3695 4432 τὸν

2101 4474 2230 4527 Υἱὸν
2279 4474 2375 4527 τοῦ
2430 4474 2591 4538 Θεοῦ,
2643 4473 2756 4528 ἀλλ’
2816 4476 3074 4544 ἐγέννησε
3121 4475 3220 4546 τὴν
3274 4474 3686 4544 ἁνθρωπότητα,

399 4545 740 4616 impietatem
797 4555 1088 4623 gentilium
1149 4559 1584 4634 Judaeorumque
1635 4575 1993 4635 superarunt.

2102 4569 2224 4639 ἥτις
2267 4568 2418 4622 ἐστὶν
2472 4569 2639 4634 Υἱὸς,
2677 4567 2767 4622 διὰ
2805 4568 2898 4621 τὸν
2947 4545 3300 4640 συνημμένον
3337 4567 3484 4621 Υίόν.
3529 4587 3547 4620 ι
3583 4567 3690 4621 Καὶ

397 4637 574 4694 Causa
601 4651 785 4697 autem
811 4647 1136 4714 perditionis
1157 4667 1350 4707 eorum
1377 4655 1482 4710 fuit
1520 4672 1629 4711 non
1666 4658 1814 4728 quod
1855 4675 1992 4714 con-

398 4729 700 4786 ﬁtebantur
747 4735 887 4793 duas
936 4744 1324 4809 generationes
1399 4748 1566 4802 unius
1633 4751 1992 4822 ejusdemque

398 4824 614 4880 Domini
667 4830 844 4884 nostri
871 4830 1000 4886 Jesu
1033 4832 1240 4890 Christi
1271 4836 1386 4890 veri
1428 4838 1521 4892 Dei
1554 4841 1753 4904 nostri,
1794 4842 1846 4896 id
1881 4852 1987 4909 est,

399 4935 563 4973 unam
583 4929 848 4976 aeternam
874 4939 942 4978 ex
977 4925 1140 4980 Patre
1174 4930 1481 4984 secundum
1507 4931 1880 4999 divinitatem,
1907 4935 1990 4989 al-

399 5020 688 5083 teramque
723 5015 972 5086 ejusdem
1017 5018 1073 5072 in
1110 5021 1414 5076 novissimo
1451 5023 1666 5078 dierum
1703 5042 1770 5080 ex
1800 5038 1990 5082 sancta

396 5115 453 5160 et
497 5107 736 5177 gloriosa
785 5109 1012 5181 Virgine
1045 5113 1332 5185 Matreque
1359 5116 1455 5171 Dei
1481 5117 1651 5172 Maria
1683 5121 1987 5175 secundum

398 5199 821 5264 hun'tanitatem,
859 5203 957 5260 sed
997 5207 1146 5276 quod
1176 5207 1440 5263 dicebant
1476 5209 1618 5266 duos
1646 5226 1772 5266 esse
1799 5212 1991 5276 Filios,

400 5316 571 5356 unum
595 5301 822 5371 quidem
848 5304 1019 5358 Deum
1059 5305 1302 5361 Verbum
1331 5323 1396 5362 ex
1421 5308 1582 5364 Patre
1613 5309 1884 5380 genitum,
1914 5311 1993 5364 al-

399 5401 582 5446 terum
638 5409 773 5450 vero
819 5411 1037 5451 merum
1079 5398 1363 5455 hominem
1409 5417 1477 5456 ex
1521 5411 1712 5456 sancta
1741 5402 1988 5473 Virgine.

398 5485 636 5556 Ideoque
661 5499 907 5545 sanctam
943 5491 1226 5563 Virginem
1259 5494 1355 5549 Dei
1389 5495 1620 5550 Matrem
1668 5511 1776 5549 non
1818 5497 1990 5550 cunti-

399 5586 606 5648 tcntur,
642 5583 879 5654 ideoque
907 5600 1011 5640 nec
1037 5587 1431 5656 prophetarum
1481 5605 1585 5644 nec
1626 5589 1993 5659 evangelista-

399 5681 521 5719 rum
576 5685 679 5724 nec
723 5673 1102 5740 apostolorum
1151 5675 1422 5732 doctrina:
1471 5678 1874 5748 obsequuntur.
1911 5677 1992 5734 Ad

471 5781 711 5864 ιξΝΙιιιιΙι.
741 5801 800 5864 ιι,
834 5788 919 5842 Η.
1007 5790 1030 5830 ιι
1077 5790 1269 5847 Matth.
1304 5809 1340 5858 ι,
1373 5791 1463 5849 εο.
1544 5792 1560 5833 ⁸
1595 5794 1768 5851 Exod.
1797 5812 1890 5864 vn,
1931 5796 1979 5850 l.

399 5856 438 5890 ³³
475 5847 582 5906 15a.
613 5869 726 5920 xm,
752 5856 807 5910 5.

2101 4661 2275 4714 ταῦτα
2332 4660 2429 4732 μὲν
2489 4660 2701 4724 Παῦλος
2750 4660 2845 4714 καὶ
2888 4661 3187 4731 Νεστόριος
3233 4663 3282 4714 οἱ
3327 4660 3546 4723 ἀσεϐεῖς
3593 4659 3691 4730 τὴν

2110 4755 2381 4825 Ἑλλήνων
2432 4753 2525 4807 καὶ
2564 4753 2834 4807 Ἰουδαίων
2890 4753 3151 4807 ἀσέϐειαν
3203 4751 3686 4823 ὑπερϐαλλόμενοι.

2097 4848 2278 4900 Αἴτιον
2305 4847 2359 4899 δὲ
2391 4847 2620 4915 γέγονεν
2657 4847 2756 4916 τῆς
2788 4846 2970 4901 αὐτῶν
2995 4846 3276 4910 ἀπωλείας
3305 4845 3366 4899 τὸ
3395 4845 3471 4918 μὴ
3501 4847 3690 4917 ὁμολο-

2097 4940 2214 5005 γεῖν
2265 4938 2364 5000 τὰς
2392 4937 2486 4990 δύο
2516 4939 2800 5009 γεννήσεις
2847 4939 2964 5002 ἑνὸς
3017 4937 3232 4992 καὶτοῦ
3276 4936 3441 4991 αὑτοῦ
3487 4937 3690 5011 Κυρίου

2097 5030 2255 5101 ἡμῶν
2290 5029 2468 5100 Ἰησοῦ
2493 5030 2731 5100 Χριστοῦ
2747 5029 2842 5084 τοῦ
2868 5031 3123 5102 ἀληθινοῦ
3151 5033 3183 5101 ἡ
3193 5031 3310 5099 μῶν
3339 5028 3501 5093 Θεοῦ,
3537 5047 3691 5083 τουτ-

2099 5124 2214 5176 έστι
2258 5125 2359 5195 τήν
2399 5140 2460 5177 τε
2490 5168 2494 5174 .
2529 5124 2639 5196 πρὸ
2673 5125 2888 5180 αἰώνων
2937 5128 3002 5178 ἐκ
3043 5125 3142 5178 τοῦ
3175 5125 3387 5196 Πατρὸς
3415 5125 3558 5178 κατὰ
3592 5124 3696 5193 τὴν

2100 5215 2356 5284 θεότητα,
2387 5216 2482 5269 καὶ
2499 5216 2600 5286 τὴν
2627 5217 2715 5269 ἐπ’
2750 5217 2982 5286 ἐσχάτου
3014 5216 3124 5269 τῶν
3149 5216 3372 5287 ἡμερῶν
3402 5215 3498 5270 τοῦ
3525 5216 3688 5270 αὐτοῦ

2099 5309 2163 5360 ὲκ
2183 5309 2281 5379 τῆς
2315 5307 2476 5375 ἁγίας
2500 5307 2714 5372 ἐνδόξου
2745 5309 3028 5380 Παρθένου
3055 5311 3151 5364 καὶ
3175 5309 3439 5364 Θεοτόκου
3471 5311 3690 5381 Μαρίας

2099 5402 2242 5453 κατὰ
2286 5401 2386 5470 τὴν
2434 5399 2856 5473 ἀνθρωπότητα,
2907 5401 3047 5456 ἀλλὰ
3089 5402 3184 5456 δύο
3230 5403 3381 5466 υἱοὺς
3408 5402 3688 5471 λέγοντας,

2099 5493 2259 5548 ἄλλον
2295 5496 2395 5566 μὲν
2427 5495 2517 5550 τὸν
2547 5497 2611 5550 ἐκ
2658 5497 2752 5550 τοῦ
2795 5497 3008 5565 Πατρὸς
3039 5496 3372 5568 γεννηθέντα
3404 5499 3537 5550 Θεὸν
3583 5497 3690 5550 Λό-

2097 5603 2215 5654 γον,
2251 5586 2409 5640 ἄλλον
2438 5586 2493 5640 δὲ
2535 5587 2628 5641 τὸν
2671 5590 2735 5640 ὲκ
2763 5588 2864 5658 τῆς
2897 5587 3061 5656 ἁγίας
3110 5587 3390 5659 Παρθένου
3421 5589 3572 5658 ψιλὸν
3596 5589 3688 5642 ἆν-

2102 5679 2320 5749 θρωπον
2345 5695 2358 5708 ·
2398 5681 2493 5732 καὶ
2521 5679 2609 5733 διὰ
2646 5679 2806 5734 τοῦτο
2830 5680 3031 5744 αὐτοὺς
3075 5681 3177 5752 τὴν
3210 5681 3372 5751 ἁγίαν
3417 5683 3688 5755 Παρθένον

2094 5793 2106 5847 i
2148 5794 2320 5852 Exod.
2361 5812 2432 5857 Iv,
2460 5795 2555 5850 2'2.
2673 5797 2696 5836 ιι
2732 5796 2751 5850 Ι
2781 5794 2917 5868 Reg.
2949 5811 3096 5864 xxw,
3126 5796 3180 5852 ’1.
3307 5795 3320 5836 ¹
3355 5798 3456 5852 lsa.
3481 5817 3598 5860 xu,
3633 5798 3682 5851 l.
