4148 6456
481 389 610 453 1121

1406 395 1853 455 TRACTATUS
1890 393 2191 455 CONTRA
2232 395 2830 458 MONOPHYSITAS.

3621 397 3757 462 1122

474 507 738 560 Θεοτόκον
767 504 840 577 μὴ
882 505 1163 576 ὁμολογεῖν
1190 522 1204 537 ⁸
1237 507 1332 560 καὶ
1385 510 1521 578 μήτε
1571 511 1881 580 προφήταις
1935 512 2056 580 μήτε

2180 509 2612 563 cmifutationcm
2661 519 2843 564 autem
2898 509 3117 564 illorum
3163 509 3460 581 impietatis
3496 528 3668 581 pauca
3694 531 3763 568 ex

476 600 834 668 Εὑαγγελίοις
890 601 1029 671 μήτε
1089 603 1203 664 τοῖς
1268 602 1646 666 ἀποστολικοῖς
1713 603 2063 674 κηρύγμασιν

476 689 818 743 ἀκολουθεῖν.
882 689 1028 760 Πρὸς
1062 689 1285 759 ἔλεγχον
1324 689 1380 742 δὲ
1419 690 1521 759 τῆς
1563 690 1744 744 αὐτῶν
1785 692 2062 755 ἀσεϐείας,

473 783 662 851 ὀλίγας
693 783 758 836 ὲκ
798 781 1008 834 πολλῶν
1035 781 1318 853 Γραφικάς
1348 782 1699 853 παρεθέμεθα
1733 785 2060 855 μαρτυρίας.

487 874 763 946 Ἱερεμίας
797 873 929 945 γὰρ,
966 891 1022 928 κ.
1048 893 1100 928 τ.
1124 874 1175 929 λ.
1214 875 1296 942 (Ι)
1339 873 1490 946 [ϐοά.
1520 893 1573 946 p.
1597 875 1752 948 222.]
1779 879 1870 929 Δεῖ
1887 877 1943 930 δὲ
1973 878 2064 931 τὸν

475 966 921 1036 ἀναγινώσκοντα
951 966 1242 1037 προσέχειν
1270 969 1383 1028 τοῖς
1415 965 1511 1018 τοῦ
1541 966 1812 1038 Κυρίλλου
1838 967 2018 1037 λόγοις
2045 985 2061 1000 ο

475 1059 648 1113 εἰπὼν
681 1057 789 1127 γὰρ
836 1058 939 1111 οὐκ
972 1058 1239 1126 ἀνάχυσίν
1283 1076 1404 1112 τινα
1425 1062 1524 1127 τὴν
1547 1061 1628 1122 είς
1657 1058 1922 1128 ἀλλήλους
1956 1060 2064 1112 τῶν

475 1153 692 1220 φύσεων
714 1150 1052 1220 πεπρᾶχθαι,
1088 1151 1272 1221 μένειν
1305 1151 1360 1203 δὲ
1392 1151 1593 1221 μᾶλλον
1616 1153 1887 1222 ἑκατέραν
1917 1154 1974 1205 ὲν
1995 1155 2060 1224 τῇ

477 1247 691 1306 ὲνὼσει,
727 1243 886 1297 τοῦτο
921 1245 1058 1315 ὅπερ
1080 1245 1196 1296 ἐστὶ
1233 1244 1417 1312 σαφῶς
1454 1244 1698 1298 διδάσκει
1727 1246 1822 1308 τὰς
1849 1245 1942 1298 δύο
1973 1248 2065 1313 φύ-

478 1356 590 1401 σεις
615 1338 714 1406 τῆς
756 1336 1013 1406 θεότητος
1041 1337 1134 1388 καὶ
1172 1335 1272 1406 τῆς
1303 1335 1728 1406 ἀνθρωπότητος
1751 1378 1764 1400 ,
1800 1338 1857 1389 ὲν
1879 1336 1954 1407 τῷ
1984 1336 2064 1390 ἐνὶ

476 1430 754 1501 προσώπῳ
777 1429 871 1482 τοῦ
899 1428 1104 1498 Κυρίου
1127 1427 1290 1498 ἡμῶν
1327 1427 1500 1497 Ἰησοῦ
1529 1428 1766 1499 Χριστοῦ
1794 1428 2063 1494 σώζεσθαί

474 1541 534 1576 τε
567 1523 661 1576 καὶ
689 1519 1094 1592 ὁμολογεῖσθαι.
1147 1519 1238 1584 Ἐξ
1283 1512 1357 1572 ὧν
1397 1519 1798 1590 συνωθούμενοι
1834 1520 1883 1573 οἱ
1914 1522 2064 1592 αἰρε-

473 1618 638 1681 τικοὶ,
683 1617 877 1688 ἑτέραν
927 1615 1090 1668 πάλιν
1141 1612 1449 1666 ἐπινοοῦσιν
1504 1613 1798 1666 ἀσέϐειαν·
1841 1613 1938 1666 καὶ
1975 1614 2064 1667 διὰ

473 1709 679 1778 ταύτης
713 1709 811 1779 τὴν
853 1708 1126 1777 προτέραν
1177 1708 1497 1760 ὲπισκιάσαι
1531 1705 1868 1776 βουλόμενοι.
1906 1707 2062 1758 Ἔστι

474 1802 584 1872 γὰρ
617 1802 706 1854 ὅτε
768 1801 864 1853 καὶ
919 1800 1047 1868 μίαν
1096 1797 1350 1851 σύνθετον
1403 1797 1807 1852 ἀναπλάττουσι
1858 1797 2059 1866 φύσιν*

2121 616 2126 621 ·
2168 601 2423 670 plurimis
2450 601 2766 656 testimonia
2793 601 3207 670 Scripturarum
3243 603 3540 673 selegimus
3587 604 3768 674 Opor-

2170 701 2247 748 tet
2280 703 2464 748 autem
2512 702 2571 746 ut
2633 693 2808 747 lcctor
2838 693 3118 749 adlnercat
3150 694 3339 765 Cyrilli
3370 696 3722 749 sermonibus
3754 714 3770 748 :

2167 793 2455 856 postquam
2491 784 2638 839 enim
2671 785 2809 838 dixit
2842 785 3048 839 nullam
3097 786 3422 841 cll‘usionem
3448 799 3770 842 naturarum

2169 874 2225 927 in
2251 891 2309 928 se
2339 876 2577 930 invicem
2610 875 2808 930 factam
2832 877 3028 942 fuisse,
3047 877 3354 933 subsistere
3376 887 3562 932 autem
3586 881 3774 949 potius

2168 980 2614 1035 unamquamque
2638 965 2691 1018 in
2719 966 2950 1030 unitate,
2983 967 3087 1021 hoc
3107 968 3252 1037 quod
3279 984 3470 1022 verum
3495 981 3602 1033 est,
3621 971 3773 1025 clare

2167 1055 2350 1119 docet,
2389 1057 2607 1111 scilicet
2627 1057 2765 1112 duas
2788 1067 3018 1112 naturas
3045 1059 3353 1114 divinitatis
3376 1070 3541 1129 atque
3577 1061 3772 1116 huma-

2167 1149 2360 1203 nitatis
2406 1149 2458 1202 in
2492 1166 2597 1204 una
2632 1165 2870 1219 persona
2913 1150 3133 1204 Domini
3184 1152 3360 1206 nostri
3396 1153 3524 1206 Jesu
3555 1152 3767 1218 Christi

2168 1241 2368 1295 salvari
2393 1257 2455 1295 ac
2473 1242 2648 1295 credi.
2676 1241 2755 1295 Ex
2783 1240 2870 1295 his
2891 1243 3312 1312 progredientes
3334 1245 3603 1309 haaretici,
3627 1247 3772 1300 alte-

2169 1351 2284 1388 ram
2339 1335 2538 1388 iterum
2572 1334 2930 1404 excogitant,
2962 1336 3327 1405 impietatem,
3373 1338 3616 1407 priorem
3675 1339 3768 1393 illa

2167 1437 2459 1496 protegere
2513 1428 2790 1482 volentes.
2847 1427 3072 1482 Scilicet
3117 1438 3368 1483 naturam
3405 1430 3768 1500 compositam

2168 1517 2556 1586 imaginantur,
2583 1518 2923 1588 ignorantes,
2963 1519 3107 1573 sicut
3145 1519 3497 1578 documentis
3539 1522 3769 1576 Patrum

2166 1606 2273 1661 fuit
2299 1607 2765 1674 demonstratum,
2800 1607 3048 1678 itemque
3084 1626 3181 1666 nos
3219 1613 3478 1680 superius
3503 1611 3767 1674 diximus.

2166 1707 2376 1754 natum
2403 1716 2603 1754 nomen
2648 1701 2717 1754 de
2743 1717 2803 1756 re
2833 1702 3115 1755 communi
3147 1703 3280 1760 dici.
3323 1702 3547 1772 aliquod
3573 1703 3773 1758 indolis

2167 1791 2346 1845 nitmn
2407 1792 2723 1862 signiﬁcare
2780 1793 3081 1862 multisque
3135 1796 3392 1862 personis
3447 1797 3766 1850 convenire.

474 1861 801 1963 ἀγνοοῦντες
819 1893 900 1946 ὅτι
919 1861 1185 1958 καθάπερ
1212 1891 1299 1945 διὰ
1327 1889 1434 1943 τῶν
1460 1890 1719 1961 Πατέρων
1741 1861 2056 1943 ἀποδείκνυ-

2173 1882 2339 1952 Atqui
2377 1883 2422 1938 si
2467 1861 2598 1938 uuae
2647 1893 2862 1939 natura:
2917 1861 3225 1940 divinitatis
3275 1901 3340 1940 ac
3405 1887 3770 1944 humanitatis

473 1999 565 2036 ται
592 1981 961 2045 διδασκαλίας,
998 1982 1095 2034 καὶ
1145 1982 1304 2052 ἡμεῖς
1333 1981 1388 2034 δὲ
1430 1980 1691 2051 ἀνωτέρω
1739 1981 2064 2051 εἰρήκαμεν,

474 2077 548 2129 Τὸ
571 2076 670 2146 τῆς
695 2075 935 2143 φύσεως
960 2073 1130 2144 ὄνομα
1153 2074 1245 2125 ἐπὶ
1273 2071 1454 2126 κοινοῦ
1477 2071 1693 2140 λέγεται
1721 2073 2066 2143 πράγματος,

474 2170 568 2223 καὶ
597 2168 849 2238 ἀόριστόν
881 2184 932 2220 τι
967 2166 1225 2236 σημαίνει
1266 2167 1364 2218 καὶ
1394 2166 1536 2219 κατά
1585 2164 1800 2218 πολλῶν
1828 2165 2068 2219 ὑποστά-

472 2280 611 2315 σεων
671 2263 1084 2333 κατηγορεῖται.
1122 2259 1184 2312 Εί
1254 2257 1434 2312 τοίνυν
1485 2260 1541 2311 αἱ
1596 2257 1690 2312 δύο
1747 2257 1939 2327 φύσεις
1969 2262 2067 2327 τῆς

472 2356 726 2426 θεότητος
773 2356 868 2407 καί⁹
908 2353 1007 2423 τῆς
1048 2351 1468 2424 ἀνθρωπότητος
1494 2392 1508 2416 ,
1554 2351 1650 2421 μία
1699 2353 1824 2404 κατ’
1867 2352 2067 2417 αὐτοὺς

470 2446 664 2514 γέγονε
695 2443 951 2506 σύνθετος
980 2442 1163 2513 φύσις,
1199 2442 1360 2512 δῆλον
1393 2443 1475 2495 ὅτι
1514 2442 1692 2496 κοινόν
1713 2459 1767 2496 τι
1790 2445 1886 2496 καὶ
1912 2443 2066 2514 ἀόρι-

473 2555 600 2592 στον
645 2535 1014 2608 ἀπετελέσθηο
1049 2535 1145 2588 καὶ
1180 2535 1365 2604 ζητεῖν
1389 2534 1722 2602 ἐπάναγκες,
1763 2534 1924 2599 ποίας
1951 2553 2064 2588 am-

470 2628 750 2700 νότητοςῆ
789 2627 932 2682 κατά
953 2626 1129 2679 ποίων
1159 2625 1511 2680 ὑποστάσεων
1546 2627 1644 2696 τὴν
1671 2626 1930 2697 τοιαύτην
1959 2627 2060 2696 φύ·

473 2740 559 2776 σιν
593 2721 815 2790 λέγουσι
860 2717 1308 2789 κατηγορεῖσθαι,
1355 2719 1488 2788 ὅπερ
1525 2719 1769 2772 ἐναντίον
1815 2719 1931 2772 ἐστὶ
1967 2719 2062 2772 τοῦ

471 2812 616 2866 κατά
641 2810 876 2884 Χριστὸν
902 2807 1199 2880 μυστηρίου
1229 2823 1240 2836 ·
1286 2807 1313 2860 ό
1348 2809 1455 2878 γὰρ
1477 2806 1710 2876 Χριστὸς
1732 2807 1830 2876 οὐχ
1859 2806 1934 2870 ὼς
1960 2825 2066 2858 κοι-

472 2903 562 2956 νόν
594 2920 646 2955 τι
698 2901 794 2954 καὶ
826 2900 967 2954 κατὰ
997 2896 1210 2952 πολλῶν
1251 2897 1606 2950 ὑποστάσεων
1646 2898 2060 2967 κατηγορεῖται,

470 2993 588 3049 ἀλλ’
615 2993 706 3047 ἐπὶ
739 2993 869 3062 μιᾶς
895 2989 1275 3051 ὑποστάσεως,
1315 2987 1478 3058 ήτουν
1510 2985 1628 3049 ένδς
1655 2985 1948 3056 προσώπου
1977 2985 2064 3038 λέ-

469 3101 627 3155 γεται
653 3085 711 3135 ὲν
740 3081 1020 3152 διαφόροις
1065 3079 1276 3140 οὐσίαις
1309 3076 1564 3146 θεότητος
1587 3075 1681 3128 καὶ
1710 3075 2062 3147 ἀνθρωπότη-

2170 1973 2325 2029 facta:
2351 1983 2481 2029 sunt
2499 1991 2608 2029 una
2638 1985 2836 2030 natura
2855 1976 3184 2046 composita,
3214 1976 3425 2047 aliquid
3451 1979 3770 2034 communis

2171 2076 2338 2137 atque
2387 2066 2660 2122 indeﬁniti
2711 2067 2852 2122 elIici
2904 2076 3087 2138 patet;
3120 2084 3368 2138 quaerere
3402 2086 3625 2141 quoque
3672 2087 3770 2126 nc-

2170 2174 2323 2214 ccsse
2345 2159 2513 2214 estde
2530 2175 2641 2229 quo
2669 2160 2950 2214 communi
2994 2160 3127 2225 dici,
3169 2161 3486 2232 quibusque
3513 2165 3769 2234 personis

2171 2249 2470 2303 convenire
2521 2251 2687 2304 talem
2733 2259 2990 2305 naturam
3044 2251 3255 2315 dicant,
3305 2255 3452 2324 quod
3501 2257 3768 2327 mysterio

2169 2337 2372 2392 Christi
2400 2339 2757 2405 adversatur;
2781 2339 3036 2395 Christus
3056 2342 3204 2395 enim
3228 2358 3338 2396 non
3359 2343 3518 2412 quasi
3541 2345 3764 2414 aliquod

2169 2446 2486 2495 commune,
2529 2439 2584 2486 et
2630 2433 2821 2488 multis
2875 2435 3130 2502 personis
3161 2435 3532 2502 conveniens,
3570 2437 3666 2491 sed
3709 2438 3765 2492 in

2171 2537 2279 2576 una
2301 2523 2584 2593 hypostasi
2609 2523 2724 2579 sive
2746 2524 2800 2578 in
2824 2540 2932 2578 una
2964 2540 3198 2595 persona
3217 2526 3424 2582 dicitur
3450 2527 3506 2582 in
3527 2527 3766 2584 diversis

2168 2614 2497 2670 substantiis
2522 2615 2832 2671 divinitatis
2860 2627 2920 2673 et
2941 2617 3304 2674 humanitatis
3324 2621 3596 2691 cognitus.
3622 2622 3764 2676 Nos-

2165 2709 2390 2779 mctipsi
2443 2709 2582 2764 duas
2621 2710 2963 2767 substantias
3002 2713 3058 2768 in
3091 2713 3313 2769 Christo
3338 2730 3459 2769 esse
3488 2715 3761 2781 dicentes,

2165 2801 2472 2855 secundum
2496 2801 2845 2858 divinitatem
2871 2804 3082 2860 scimus
3105 2805 3285 2875 ipsum
3308 2822 3430 2862 esse
3456 2807 3605 2862 Patri
3639 2823 3764 2863 san-

2166 2903 2367 2963 ctoque
2399 2893 2630 2964 Spiritui
2665 2895 3214 2960 consubstantialem,
3245 2897 3554 2952 secundum
3575 2906 3763 2953 autem

2165 2984 2566 3039 hmnanitatem
2591 2987 2850 3042 omnibus
2877 2989 3198 3043 hominibus
3227 2990 3760 3045 consubstantialem

2164 3079 2569 3148 cognoscimus.
2609 3078 2712 3145 Qui
2746 3095 2882 3134 vero
2922 3079 3273 3136 dicuntduas
3303 3082 3644 3138 substantias
3662 3099 3761 3138 na-

468 3195 561 3240 τος
619 3172 1040 3245 γνωριζόμενος.
1098 3171 1209 3225 Καὶ
1249 3172 1409 3253 ἡμεῖς
1456 3169 1553 3238 μὲν
1605 3167 1698 3220 δύο
1739 3167 1929 3231 ούσίας
1969 3169 2056 3221 ἐπὶ

2166 3177 2344 3224 turam
2367 3173 2729 3242 compositam
2753 3173 2997 3239 edicere,
3029 3175 3178 3243 quod
3207 3183 3294 3230 est
3319 3185 3489 3230 unum
3521 3191 3642 3232 esse
3663 3177 3762 3230 ali-

468 3267 710 3340 Χριστοῦ
757 3267 1032 3336 λέγοντες,
1064 3264 1207 3317 κατὰ
1240 3263 1340 3332 μὲν
1363 3262 1460 3332 τὴν
1500 3261 1729 3331 θεότητα
1775 3263 1932 3332 ἴσμεν
1963 3263 2060 3315 αὐ·-

468 3359 562 3414 τδν
583 3358 660 3427 τῷ
685 3357 858 3428 Πατρὶ
887 3357 982 3408 καὶ
1012 3354 1090 3424 τῷ
1121 3353 1262 3422 ἁγίῳ
1288 3351 1566 3422 Ιίνεύματι
1588 3350 1894 3420 ὁμοούσιον,
1914 3355 2054 3407 κατά

467 3449 527 3503 δὲ
561 3449 660 3519 τὴν
689 3446 1082 3518 ἀνθρωπότητα
1108 3445 1276 3497 πᾶσιν
1303 3442 1610 3514 ἀνθρώποις
1648 3442 1740 3496 τὸν
1771 3442 1936 3496 αὐτὸν
1975 3461 2052 3512 γιο

467 3541 752 3610 νώσκομεν
790 3536 1095 3610 ὁμοούσιον.
1127 3537 1189 3588 Οί
1229 3534 1286 3587 δὲ
1316 3533 1568 3602 λέγοντες
1609 3533 1708 3596 τὰς
1737 3532 1830 3585 δύο
1857 3534 2047 3600 οὐσίας

2162 3278 2400 3332 quorum
2443 3267 2847 3332 communium,
2879 3268 3334 3323 communitatem
3359 3269 3611 3324 eamdem
3645 3279 3758 3324 tra-

2161 3353 2333 3420 dunt;
2368 3370 2595 3411 necesse
2643 3366 2729 3412 est
2768 3358 2916 3412 enim
2940 3360 3097 3428 juxta
3137 3360 3360 3414 illorum
3381 3360 3550 3415 verba
3574 3362 3757 3432 quod-

2153 3445 2280 3500 dam
2307 3447 2552 3502 medium
2581 3447 2722 3503 etIici
2755 3449 2991 3505 alterius
3025 3460 3240 3506 natura:
3271 3467 3438 3523 quam
3459 3453 3610 3523 quod
3638 3469 3759 3520 era;

2153 3539 2598 3610 unumquodque
2634 3556 2734 3612 per
2756 3553 2964 3612 partes.

470 3635 602 3705 μίαν
635 3632 964 3686 ἀποτελέσαι
995 3629 1248 3683 σύνθετον
1287 3627 1471 3697 φύσιν,
1525 3627 1663 3698 ὅπερ
1733 3627 1883 3680 ἐστὶν
1953 3627 2012 3681 ἓν
2077 3631 2272 3684 κοινῶν
2324 3650 2489 3687 τινων
2543 3628 2708 3698 εἶναι,
2743 3633 2856 3705 Ι’τὴν
2907 3635 3200 3707 κοινότητα
3259 3636 3467 3706 ταύτην
3495 3637 3754 3693 διδόασιν

465 3726 680 3795 ἀνάγκη
711 3723 820 3793 γὰρ
849 3722 992 3776 κατά
1016 3723 1141 3784 τοὺς
1170 3719 1394 3773 ἐκείνων
1427 3717 1620 3788 λόγους
1651 3719 2083 3793 ἀποτελεσθῆναί
2123 3741 2176 3774 τι
2204 3724 2369 3795 μέσον
2413 3726 2740 3796 ἐτεροφυὲς,
2775 3727 2806 3795 ἢ
2868 3728 3005 3798 ὅπερ
3032 3723 3101 3800 ἦν
3130 3729 3393 3799 ἑκάτερον
3428 3730 3534 3785 ἀνά
3563 3733 3755 3804 μέρος,

539 3818 807 3872 Κάκεῖθεν
836 3815 892 3869 δὲ
929 3814 1107 3867 αὐτῶν
1134 3813 1204 3866 τὰ
1228 3814 1330 3883 τῆς
1363 3812 1594 3875 ἀτοπίας
1635 3812 1920 3882 ἐλέγχεται
1957 3830 1972 3844 ο
2005 3817 2052 3869 εί

465 3911 579 3980 γὰρ
618 3909 714 3963 διὰ
755 3907 975 3961 πάντων
1004 3906 1353 3977 ὡμολόγηται
1383 3905 1562 3976 ἀπλῆν
1593 3901 1731 3958 εἶναι
1764 3906 1856 3958 καὶ
1886 3905 2052 3959 ἀσύν-

466 4006 624 4059 θετον
652 4003 749 4072 τὴν
782 4001 942 4073 φύσιν
970 4001 1070 4071 τῆς
1099 4000 1258 4068 ἀγίας
1288 4000 1538 4070 Τριὰδος,
1563 3999 1717 4052 αὐτοὶ
1745 3997 1802 4051 δὲ
1859 4000 2050 4054 σύνθε-

465 4117 558 4153 τον
592 4097 870 4166 εἰσάγουσι
897 4096 995 4164 τὴν
1033 4094 1127 4148 τοῦ
1154 4093 1283 4146 Υἱοῦ
1315 4093 1476 4162 φύσιν
1499 4133 1513 4157 ,
1547 4091 1903 4162 εὑρεθήσεται
1935 4093 2055 4147 κατ’

464 4193 662 4254 αὐτοὺς
694 4189 855 4260 ἑτέρα
883 4187 1044 4257 φύσις
1069 4189 1100 4258 ἡ
1131 4187 1223 4240 τοῦ
1256 4186 1385 4239 Υίοῦ
1408 4185 1558 4256 παρά
1587 4186 1686 4256 τὴν
1708 4185 1802 4239 τοῦ
1839 4187 2054 4256 Πατρὸς

465 4285 562 4338 καὶ
592 4283 688 4336 τοῦ
722 4283 880 4350 ἁγίου
919 4280 1256 4350 Πνεύματος.
1290 4277 1435 4348 Πλὴν
1460 4278 1554 4330 καὶ
1588 4277 1620 4346 ἡ
1658 4276 1904 4348 περὶτῆς
1926 4294 2053 4329 συν-

465 4377 623 4430 θέτου
657 4375 872 4446 φύσεως
909 4373 1128 4444 εῦρεσις
1158 4371 1371 4434 οὐδενὸς
1395 4370 1581 4440 ἐτέρου
1611 4367 1759 4440 ἢτοῦ
1792 4368 2051 4422 διδασκά-

2231 3816 2365 3872 Inde
2421 3819 2656 3874 stultitia
2691 3835 2885 3874 eorum
2921 3821 3280 3889 confutatur;
3315 3823 3361 3878 si
3390 3825 3540 3880 enim
3562 3841 3758 3884 omnes

2161 3908 2500 3964 conﬁtentur
2532 3909 2838 3980 simplicem
2864 3927 2987 3966 esse
3021 3913 3629 3985 atqueincompositam
3653 3933 3756 3972 na-

2167 4008 2345 4053 turam
2373 4009 2577 4055 sancta:
2599 4000 2909 4068 Trinitatis,
2931 4001 3009 4057 illi
3033 4012 3218 4058 autem
3241 4005 3608 4075 compositam
3627 4007 3753 4062 Filii

2162 4100 2414 4145 naturam
2440 4091 2730 4159 inducunt,
2761 4093 2831 4148 ab
2862 4094 2999 4164 ipsis
3032 4105 3230 4150 natura
3257 4097 3429 4152 altera
3451 4099 3572 4153 Filii
3600 4100 3756 4157 inve-

2163 4184 2350 4238 nietur
2399 4195 2600 4254 praeter
2648 4197 2906 4241 naturam
2947 4188 3125 4243 Patris
3165 4189 3451 4259 sanctique
3487 4190 3750 4260 Spiritus.

2159 4273 2430 4329 Caeterum
2463 4285 2674 4331 natura:
2700 4279 3018 4348 composita:
3037 4279 3356 4336 adinventio
3386 4282 3594 4338 nullius
3615 4283 3754 4339 alte-

2159 4367 2278 4422 rius
2295 4376 2558 4437 estquam
2577 4369 2824 4440 magistri
2843 4371 3053 4426 erroris
3072 4387 3263 4426 eorum
3283 4373 3613 4443 Apolinarii,
3633 4391 3752 4431 mo—

463 4469 560 4522 λου
593 4467 695 4536 τῆς
730 4467 934 4536 πλάνης
963 4463 1143 4518 αὐτῶν
1171 4463 1317 4516 ἐστιν
1363 4460 1761 4531 Ἀπολιναρίου,
1792 4459 1886 4512 τοῦ
1917 4459 2048 4512 ποτὲ

2162 4459 2230 4514 do
2254 4476 2418 4515 unam
2443 4471 2694 4516 naturam
2714 4465 3073 4534 compositam
3103 4465 3360 4532 dicentis,
3387 4468 3552 4524 modo
3581 4485 3747 4526 unam

467 4561 566 4631 μὲν
628 4559 756 4629 μίαν
809 4556 1062 4610 σύνθετον
1123 4557 1286 4624 φύσιν
1335 4553 1608 4621 λέγοντος,
1643 4552 1772 4605 ποτε
1807 4551 1864 4604 δὲ
1917 4551 2046 4622 μίαν

463 4653 720 4723 θεότητος
771 4651 864 4704 καὶ
914 4649 1334 4721 ἀνθρωπότητος
1388 4646 1844 4709 ἀναπλάττοντος.
1869 4645 2047 4717 Ὅπερ

462 4747 644 4818 εὑρεῖν
669 4745 878 4812 ἔξεστιν
901 4746 963 4796 ἐκ
994 4742 1103 4796 τῶν
1132 4741 1227 4795 τοῦ
1253 4741 1417 4796 αὐτοῦ
1447 4741 1501 4793 αἱ
1512 4739 1728 4812 ρετικοῦ
1759 4755 2050 4810 συγγραμ-

463 4836 673 4907 μάτων·
707 4838 764 4889 ὲν
791 4836 899 4906 γὰρ
929 4833 1007 4905 τῷ
1041 4833 1186 4905 λόγῳ
1206 4833 1266 4886 ὃν
1299 4832 1596 4903 ἐπιγράφει
1623 4832 1760 4903 πρὸς
1793 4832 1919 4894 τοὺς
1951 4830 2047 4883 ἄν-

461 4929 680 4998 θρωπον
701 4927 808 4981 ὑπὸ
836 4927 930 4981 τοῦ
961 4927 1136 4995 Λόγου
1164 4925 1564 4996 προσειλῆφθαι
1591 4924 1868 4993 λέγοντας,
1902 4923 2048 4992 λέγει

455 5023 608 5076 τάδε.
645 5040 662 5072 ι
708 5021 1029 5088 Ἀνθρωπος
1059 5016 1140 5082 εἷς
1178 5022 1205 5072 ὁ
1233 5018 1466 5090 Χριστὸς
1494 5018 1570 5081 ὠς
1612 5013 1693 5081 εἷς
1723 5017 1854 5082 Θεὸς
1879 5020 1907 5072 ὁ
1934 5019 2044 5071 Πα-

455 5112 564 5184 τὴρ
595 5111 624 5165 ὅ
648 5112 766 5165 ἐστι
797 5111 1034 5180 φύσεως,
1060 5109 1200 5164 ὥστε
1241 5109 1336 5164 καὶ
1361 5109 1518 5163 τοῦτο
1542 5107 1756 5180 φύσεως
1788 5107 2043 5162 συνθέτου

461 5205 668 5276 μεταξὺ
726 5203 893 5273 οῦσης
937 5203 1075 5256 Θεοῦ
1120 5204 1215 5256 καὶ
1251 5201 1574 5274 ἀνθρώπιον.
1612 5219 1631 5252 ι
1680 5201 1788 5253 Καὶ
1827 5199 1991 5254 πάλιν
2023 5201 2052 5254 ὁ

457 5297 625 5361 αὐτὸς
662 5297 866 5368 ἀσεϐὴς
923 5295 1296 5365 Ἀπολινάριος
1345 5296 1404 5346 ἐν
1455 5291 1532 5363 τῷ
1578 5293 1708 5364 περὶ
1748 5291 1848 5363 τῆς
1896 5291 2046 5355 θείας

457 5391 794 5461 σαρκώσεως
878 5389 1058 5459 λόγῳ,
1136 5390 1194 5441 ὲν
1264 5385 1545 5455 κεφαλαίῳ
1610 5383 2044 5455 τρισκαιδεκάτῳ

457 5482 605 5551 Λέγει
653 5482 820 5537 τάδε·
871 5502 888 5534 ι
945 5480 1006 5532 Ἢ
1089 5479 1227 5550 σὰρξ
1285 5477 1664 5549 ἑτεροκίνητος
1717 5473 1852 5531 οῦσα
1904 5477 2046 5530 πάνι

454 5589 567 5637 τως
633 5573 740 5627 ὑπὸ
799 5572 894 5625 τοῦ
970 5571 1254 5633 κινοῦντος
1340 5571 1435 5622 καὶ
1504 5571 1772 5636 ἄγοντος,
1857 5570 2042 5623 ὁποῖόν

456 5681 590 5717 ποτε
627 5667 694 5719 ἂν
734 5667 820 5735 εἴη
866 5662 1026 5717 τοῦτο
1070 5664 1166 5716 καὶ
1206 5662 1306 5715 οὐκ
1343 5661 1559 5724 ἐντελὲς
1594 5655 1732 5715 οὖσα
1771 5661 1910 5724 ζῶον
1946 5662 2040 5731 ἀφ’

2153 4552 2462 4610 divinitatis
2478 4571 2543 4610 ac
2561 4555 2923 4612 humanitatis
2940 4559 3308 4629 imaginantis.
3327 4559 3441 4616 Hoc
3457 4563 3747 4632 exquirere

2154 4645 2288 4701 licet
2327 4662 2397 4702 ex
2438 4647 2616 4718 ipsius
2673 4649 2916 4704 hmrctici
2958 4650 3148 4717 libris;
3183 4652 3236 4706 in
3291 4669 3547 4710 sermone
3595 4657 3746 4710 enim

2156 4753 2322 4808 quem
2346 4739 2544 4794 scribit
2565 4740 2634 4794 ad
2662 4741 2785 4796 illos
2809 4742 2902 4811 qui
2938 4742 3217 4798 hominem
3247 4759 3276 4798 a
3314 4745 3499 4800 Verbo
3527 4761 3745 4801 assum-

2156 4837 2310 4898 ptum
2343 4829 2516 4886 iuisse
2542 4830 2824 4895 dicebant,
2857 4832 2973 4888 haec
3004 4833 3140 4889 dicit
3167 4853 3180 4888 :
3217 4855 3234 4886 ι
3271 4834 3448 4890 Homo
3482 4854 3626 4892 unus
3659 4846 3745 4893 est

2153 4921 2429 4987 Christus,
2467 4922 2612 4978 sicut
2641 4941 2786 4980 unus
2817 4925 2963 4980 Dens
2995 4927 3161 4981 Pater
3178 4928 3271 4996 qui
3303 4937 3390 4982 est
3418 4930 3742 4992 naturw,ita

2155 5025 2216 5069 ut
2269 5015 2373 5070 hoc
2401 5020 2474 5071 sit
2511 5033 2734 5086 quoque
2765 5027 2976 5072 naturae
3000 5018 3341 5088 composites,
3375 5020 3574 5074 mediae
3600 5022 3744 5074 inter

2153 5108 2324 5162 Deum
2342 5119 2399 5163 et
2421 5109 2920 5164 hominemaldem
2943 5110 3146 5180 impius
3169 5111 3587 5180 Apolinariusin
3616 5111 3743 5165 Ser-

2156 5217 2320 5256 mone
2347 5201 2417 5254 de
2455 5201 2836 5256 incarnatione
2865 5201 3193 5266 divinitatis,
3213 5202 3391 5272 capite
3413 5202 3738 5267 tredecimo,

2157 5291 2277 5347 haec
2329 5293 2530 5346 iterum
2584 5292 2754 5346 dicit:
2787 5291 2968 5347 «Caro
3020 5308 3142 5362 quae
3173 5293 3382 5347 moveri
3418 5293 3740 5348 nullomodo

2154 5394 2343 5455 potest
2368 5384 2476 5438 nisi
2509 5401 2538 5438 a
2567 5392 2824 5439 movente
2851 5393 3156 5454 agenteque
3186 5394 3436 5447 externo,
3458 5386 3739 5454 quomodo

2161 5492 2405 5545 unquam
2437 5475 2572 5529 illud
2594 5491 2715 5529 esse
2737 5476 2956 5545 posset?
2980 5476 3097 5530 Non
3139 5487 3224 5530 est
3247 5491 3276 5530 a
3299 5476 3596 5548 semetipsa
3613 5478 3738 5532 ani-

2152 5571 2260 5623 mal
2303 5568 2630 5640 pert‘ectnm,
2683 5568 2778 5623 scd
2831 5583 2954 5622 cum
3009 5569 3118 5622 hoc
3169 5569 3474 5637 perfectum
3532 5572 3736 5627 animal

2154 5661 2328 5732 ipsam
2362 5659 2479 5714 ﬁeri
2503 5669 2770 5714 statutum
2797 5659 3013 5725 fuisset,
3053 5676 3112 5715 se
3136 5676 3260 5715 cum
3293 5661 3434 5717 duce
3459 5678 3562 5717 suo
3598 5679 3735 5718 con-

530 5801 607 5870 (l)
635 5801 770 5855 Exin
797 5817 862 5854 ex
896 5801 1000 5854 hac
1027 5800 1240 5870 prolixa
1272 5797 1569 5853 Iustiniani
1601 5799 1833 5868 cpistola
1874 5799 2094 5855 nonnisi
2129 5799 2243 5856 fere
2308 5799 2545 5854 incditos
2577 5799 2796 5854 l‘atrum
2855 5798 3027 5864 locos,
3084 5807 3140 5853 et
3167 5799 3498 5871 praecipuam
3527 5799 3735 5855 doctri-

456 5888 584 5926 nam
609 5872 908 5942 descripsi,
946 5872 1178 5943 reliquis
1209 5871 1615 5941 praetermissis.
