4148 6446
431 388 568 453 1123

1572 396 2007 457 JUSTINIANI
2054 398 2581 462 IMPERATORIS

3582 414 3722 480 1124

427 500 607 569 iunxit
642 510 704 554 ut
733 496 920 554 unitas
946 499 1122 564 fieret,
1138 499 1523 572 destinataque
1557 504 1661 558 i‘uit
1690 505 1758 559 ad
1784 521 1999 576 regnuu'

2122 511 2348 582 ἑαυτῆς,
2375 515 2492 568 ἀλλ’
2521 518 2603 578 εἰς
2635 516 2696 570 τὸ
2740 519 2998 584 γενέσθαι
3028 521 3170 588 ζῶον
3205 524 3417 590 ἐντελὲς
3448 533 3724 587 συντεθει-

427 593 689 658 caeleste;
725 601 1014 662 postquam
1054 591 1131 645 illi
1165 591 1491 648 adhaesisset
1523 595 1680 664 juxta
1730 598 2021 666 passibili-

427 693 593 739 tatem
637 700 791 740 suam
840 691 1245 754 postquamque
1279 684 1334 738 in
1392 700 1452 740 se
1485 689 1790 757 recepisset
1818 689 2021 744 divini—

425 784 590 829 tatem
607 775 761 844 juxta
781 790 936 828 suam
967 774 1375 844 operationem;
1412 776 1493 831 sic
1519 778 1666 832 enim
1692 795 1756 832 rx
1786 789 1936 834 moto
1958 797 2022 836 ac

423 877 638 923 motore
685 869 739 921 in
768 867 972 922 animal
1012 868 1204 924 vivens
1252 867 1396 924 facta
1442 880 1566 932 est,
1601 883 1704 922 nec
1741 868 1888 932 duo,
1925 876 2020 922 aut

421 975 490 1012 ex
551 958 773 1013 duobus
841 959 1106 1028 perfectis
1165 976 1337 1030 seque
1393 961 1767 1014 moventibus.
1827 961 2018 1030 itaque

425 1051 593 1103 homo
623 1049 904 1119 quoddam
941 1049 1092 1104 aliud
1125 1059 1210 1103 est
1249 1051 1454 1105 animal
1489 1050 1634 1120 apud
1678 1052 1872 1118 Deum,
1907 1066 2016 1104 non

420 1141 568 1196 Deus
598 1141 692 1195 sed
730 1141 824 1194 Dei
859 1156 1078 1205 servus,
1105 1158 1171 1196 ac
1202 1159 1549 1212 quaacunque
1578 1143 1705 1197 site
1731 1144 1872 1199 cmlo
1904 1144 2018 1197 vir-

421 1242 530 1296 tus,
562 1233 732 1288 habet
763 1233 1008 1302 pariter;
1041 1249 1170 1288 caro
1199 1251 1355 1299 vero,
1388 1234 1530 1291 facta
1570 1237 1668 1290 Dei
1707 1252 1859 1300 caro,
1897 1237 2018 1290 ani-

420 1327 526 1380 mal
569 1336 655 1381 est
699 1336 826 1396 post
861 1327 953 1381 illa
1024 1327 1078 1380 in
1135 1343 1299 1381 unam
1337 1338 1590 1383 naturam
1626 1331 1950 1399 composita.
1993 1349 2011 1382 ι

419 1419 498 1472 Ex
531 1418 718 1473 verbis
737 1419 984 1490 ejusdem
1028 1419 1334 1490 Apolinarii
1362 1420 1604 1475 haeretici
1629 1421 1699 1476 de
1731 1423 1973 1476 Diodoro
2001 1439 2015 1476 :

424 1530 443 1560 ι
494 1510 564 1565 Ut
619 1510 1052 1565 instrumentum
1131 1520 1300 1580 atque
1360 1511 1429 1566 ad
1492 1513 2015 1569 communicandum

421 1617 586 1655 unam
641 1601 816 1656 voluit
845 1601 1063 1656 efﬁcere
1099 1603 1505 1673 operationem.
1543 1604 1599 1658 Si
1630 1620 1764 1659 vero
1795 1622 1901 1660 una
1933 1616 2019 1661 est

419 1691 695 1760 operatio,
722 1706 828 1745 una
865 1701 952 1746 est
979 1701 1036 1745 et
1061 1691 1390 1757 substantia,
1417 1707 1526 1746 una
1555 1707 1688 1764 ergo
1705 1695 2016 1749 substantia

418 1785 584 1840 Verbi
617 1784 914 1855 carnisque
947 1785 1091 1840 facta
1123 1798 1262 1841 est.»
1298 1786 1379 1840 Ex
1396 1786 1644 1857 ejusdem
1665 1787 1733 1842 de
1767 1788 2015 1843 incarna-

417 1877 568 1932 tione
602 1892 893 1932 sermone:
924 1897 941 1928 ι
968 1876 1014 1932 0
1035 1894 1173 1932 nova
1197 1877 1430 1944 creatio,
1463 1878 1651 1933 divina
1677 1881 2012 1945 commistio,

415 1970 560 2024 Deus
587 1978 644 2025 et
669 1985 820 2034 caro,
866 1986 1032 2024 unam
1062 1970 1430 2041 eamdemque
1480 1971 1789 2026 effecerunt
1848 1980 2013 2026 natu-

416 2064 570 2117 ram!
605 2084 620 2114 ι
662 2064 924 2134 Ejusdem
971 2063 1039 2118 ad
1093 2065 1321 2118 Petrum
1357 2083 1370 2118 :
1401 2083 1420 2116 ι
1465 2064 1672 2119 Natura
1696 2066 1869 2121 Deum
1914 2082 2013 2120 na-

415 2158 651 2220 turaque
711 2151 992 2206 hominem
1047 2152 1343 2206 Dominum
1409 2152 1668 2219 dicimus,
1707 2170 1816 2209 una
1873 2169 2008 2210 vero

414 2241 819 2312 commistaque
855 2251 1054 2297 natura
1103 2243 1311 2298 carnali
1339 2258 1405 2298 ae
1440 2242 1646 2298 divina.

483 2510 588 2578 Qui
623 2519 808 2565 autem
861 2509 1056 2565 dicunt
1097 2519 1352 2568 naturam
1385 2514 1777 2585 compositam,
1803 2531 2004 2571 unam-

411 2619 521 2674 que
557 2603 746 2659 carnis
777 2619 843 2658 ac
876 2603 1102 2659 deitatis
1125 2614 1381 2659 naturam
1417 2610 1759 2678 excogitant,
1817 2623 1845 2662 a
1872 2625 2002 2663 san-

410 2704 503 2750 cto
539 2695 748 2768 Cyrillo
771 2694 1073 2759 confutari,
1115 2712 1183 2751 ex
1227 2697 1364 2767 ipsis
1393 2698 1559 2770 hujus
1587 2700 1767 2755 Patris
1816 2701 2003 2756 verbis

410 2788 524 2842 cito
589 2787 1131 2854 demonstrabimus;
1174 2789 1254 2844 sic
1307 2790 1458 2845 enim
1518 2792 1574 2845 in
1609 2792 1878 2848 Sermone
1931 2792 2001 2848 de

411 2879 982 2935 consubstantialistis
1020 2882 1301 2950 loquitur:
1355 2903 1372 2934 ι
1402 2883 1474 2938 Ut
1498 2886 1814 2950 credamus,
1868 2886 2002 2942 licet

408 2982 665 3026 sanetum
715 2972 1262 3044 mundissimumque
1325 2991 1532 3046 corpus
1597 2980 1722 3048 ejus
1791 2980 2000 3037 nostris

407 3066 742 3136 corporibus
769 3066 948 3121 simile
984 3077 1182 3121 natura
1218 3078 1386 3133 esset,
1429 3071 1747 3128 venerabile
1816 3082 1998 3130 tamen

407 3174 529 3212 esse
583 3173 648 3212 ac
696 3159 971 3222 divinum,
1006 3160 1353 3229 multmnque
1410 3177 1578 3231 supra
1629 3179 1732 3218 nos
1761 3165 1996 3220 excelsa:

2126 607 2266 678 μὲνη
2320 614 2459 681 πρὸς
2510 614 2739 686 ἑνότητα
2791 619 2870 690 τῷ
2915 622 3234 696 ἡγεμονικῷ
3291 627 3581 699 συνῆλθεν,
3625 636 3722 688 καὶ

2125 705 2391 776 συνετέθη
2418 707 2556 777 πρὸς
2577 709 2636 761 τὸ
2655 710 2910 780 οὐράνιον
2937 717 3289 789 ἡγεμονικὸν,
3315 722 3721 788 ὲξοικειωθεῖσα

2122 792 2273 863 αὐτῷ
2317 797 2456 850 κατὰ
2505 797 2566 851 τὸ
2615 799 2918 872 παθητικὸν
2958 807 3186 878 ἑαυτῆς,
3233 814 3330 866 καὶ
3378 813 3617 873 λαδοῦσα
3660 822 3724 874 τὸ

2124 883 2265 938 θεῖον
2307 888 2591 944 οξκειωθὲν
2637 897 2772 966 αὐτῇ
2825 898 2966 953 κατᾶ
3025 901 3086 954 τὸ
3127 906 3530 976 ἐνεργητικόνο
3575 913 3722 969 οὕτω

2122 978 2231 1048 γὰρ
2262 978 2321 1030 ἒν
2357 979 2492 1043 ζῶον
2527 983 2588 1036 ἐκ
2621 987 2942 1057 κινουμένου
2969 991 3061 1045 καὶ
3093 997 3373 1066 κινητικοῦ
3408 1001 3715 1070 συνίστατο,

2124 1071 2218 1122 καὶ
2244 1072 2305 1123 οὐ
2331 1072 2425 1126 δύο
2447 1115 2462 1138 ,
2506 1075 2538 1147 ἢ
2572 1078 2635 1130 ἐκ
2662 1079 2755 1132 δύο
2779 1081 3002 1137 τελείων
3032 1089 3127 1140 καὶ
3159 1091 3553 1166 αύτοκινήτων.
3596 1099 3718 1152 Διό-

2122 1176 2231 1231 περ
2278 1163 2564 1236 ἄνθρωπος
2617 1169 2717 1239 μὲν
2755 1172 2943 1244 ἔτερόν
2990 1195 3040 1230 τι
3081 1179 3220 1242 ζῶον
3253 1184 3390 1254 πρὸς
3434 1187 3590 1256 Θεὸν,
3621 1196 3717 1247 καὶ

2120 1255 2182 1306 οὐ
2211 1257 2364 1321 Θεὸς,
2391 1259 2526 1314 ἀλλὰ
2557 1262 2747 1329 δοῦλος
2778 1269 2935 1330 Θεοῦ,
2970 1272 3070 1325 κᾶν
3097 1275 3417 1354 οὐρανίωνῇ
3445 1301 3527 1348 τις
3553 1255 3716 1340 δύνα-

2125 1368 2216 1418 μις
2241 1391 2255 1412 ,
2287 1352 2551 1419 ὡσαύτως
2577 1357 2690 1428 ἔχει
2716 1377 2730 1389 ·
2768 1362 2904 1432 σὰρξ
2943 1365 3022 1432 δὲ,
3055 1369 3190 1422 Θεοῦ
3225 1373 3361 1442 σὰρξ
3414 1381 3710 1450 γενομένη,

2121 1442 2259 1506 ζῶόν
2283 1448 2399 1498 ἐστι
2429 1449 2567 1517 μετά
2591 1451 2767 1507 ταῦτα
2789 1459 3105 1513 συντεθεῖσα
3129 1466 3210 1527 εἰς
3236 1467 3365 1532 μίαν
3388 1471 3571 1538 φύσιν.
3604 1475 3709 1529 Τοῦ

2119 1537 2285 1589 αὑτοῦ
2326 1539 2700 1614 ’Δπολιναρίου
2729 1549 3009 1619 αἱρετικοῦ
3037 1556 3101 1608 ἐκ
3130 1557 3239 1611 τῶν
3267 1562 3411 1614 κατὰ
3440 1566 3710 1637 Διοδώρου

2119 1628 2324 1698 λόγων·
2386 1651 2404 1682 ι
2447 1636 2715 1706 ’Όργανον
2761 1645 2853 1694 καὶ
2898 1644 2962 1697 τὸ
3018 1648 3232 1703 κοινοῦν
3283 1653 3413 1721 μίαν
3469 1659 3712 1727 πέφυκεν

2119 1723 2406 1778 ἀποτελεῖν
2451 1729 2549 1798 τὴν
2595 1731 2913 1802 ἐνέργειανε
2945 1737 2993 1790 εί
3027 1739 3082 1792 δὲ
3111 1742 3208 1811 μία
3241 1744 3274 1814 ἡ
3307 1747 3578 1817 ἐνέργεια,
3612 1754 3711 1822 μία

2119 1816 2276 1888 καὶὴ
2323 1819 2501 1884 οὐσία,
2538 1822 2636 1892 μία
2661 1825 2770 1896 ἄρα
2796 1829 2954 1883 οὐσία
2996 1833 3220 1900 γέγονεν
3265 1840 3360 1892 τοῦ
3400 1816 3574 1910 Λόγου
3613 1816 3710 1900 καὶ

2540 1889 2550 1892 -
2703 1889 2713 1896 .
3006 1889 3018 1900 .
3073 1889 3085 1900 .
3306 1889 3352 1892 η
3400 1889 3573 1910 ---,--
3617 1889 3710 1900 η...

2053 1889 2220 1979 Βτῆς
2265 1914 2487 1984 σαρκός.
2534 1936 2552 1966 ι
2602 1917 2709 1971 Τοῦ
2768 1923 2935 1976 αὑτοῦ
2981 1928 3039 1978 ὲν
3083 1928 3158 1999 τῷ
3203 1935 3330 2003 περὶ
3379 1937 3710 2006 σαρκώσεως

2114 2000 2255 2075 λόγῳ
2282 2023 2296 2037 ·
2339 2026 2357 2058 ι
2399 2004 2468 2061 Ὦ
2493 2012 2656 2081 καινὴ
2684 2015 2883 2081 κτίσις,
2918 2019 3064 2088 μίξις
3098 2000 3364 2081 θεσπεσία
3391 2069 3407 2092 ,
3439 2000 3570 2095 Θεὸς
3616 2000 3711 2086 καί

2115 2095 2272 2168 σὰρξ,
2305 2100 2436 2168 μίαν
2465 2102 2559 2156 καὶ
2594 2104 2692 2178 τὴν
2719 2107 2891 2179 αὐτὴν
2933 2113 3268 2171 ἀπετέλεσαν
3306 2120 3500 2189 φύσινί
3547 2145 3565 2177 ι
3600 2127 3708 2180 Τοῦ

2110 2192 2278 2287 αὐτοῦ
2310 2196 2447 2265 πρὸς
2475 2198 2700 2272 Πέτρον.
2739 2223 2757 2254 ι
2789 2206 2953 2260 Φύσει
2989 2210 3088 2280 μὲν
3115 2212 3248 2267 Θεὸν
3281 2217 3374 2270 καὶ
3409 2217 3570 2287 φύσει
3616 2223 3711 2276 ἄνο

2110 2281 2329 2388 θρωπον
2354 2290 2444 2341 τὸν
2479 2291 2681 2362 Κύριον
2702 2295 2955 2370 λέγομεν,
2984 2307 3084 2376 μιᾷ
3102 2305 3158 2360 δὲ
3191 2309 3286 2362 καὶ
3318 2281 3611 2387 συγκράτῳ
3640 2319 3705 2388 τῇ

2108 2377 2271 2445 φύσει
2309 2388 2546 2454 σαρκικῇ
2578 2403 2635 2439 τε
2668 2391 2765 2444 καὶ
2799 2391 2982 2466 θεῖκῇ.
3027 2416 3045 2448 ι

2178 2471 2456 2575 ίΡ..224.]
2491 2482 2614 2575 Ὅτι
2653 2485 2708 2540 δὲ
2737 2488 2864 2552 τοὺς
2911 2491 3170 2561 λέγοντας
3219 2499 3476 2556 σύνθετον
3519 2506 3701 2575 φύσιν,

2105 2566 2200 2670 καὶ
2233 2567 2364 2670 μίαν
2389 2574 2716 2670 σαρκὸςκαὶ
2747 2581 3000 2655 θεότητος
3027 2588 3190 2657 φύσιν
3233 2566 3701 2670 ἀππλάττδνταςξ

2103 2661 2131 2710 ό
2163 2661 2222 2713 ὲν
2247 2664 2427 2730 ἁγίοις
2452 2667 2720 2740 Κύριλλος
2745 2675 3137 2749 uesanam,
3164 2686 3223 2754 ἐξ
3255 2691 3435 2744 αὐτῶν
3467 2697 3577 2750 τῶν
3603 2661 3700 2753 τοῦ

2102 2754 2335 2860 Πατιρὺςη
2357 2758 2530 2860 λύγων
2567 2765 2730 2832 εὐθὺς
2757 2772 3115 2849 ἀποδείξομεν
3143 2799 3158 2814 ο
3190 2783 3339 2854 λέγει
3384 2788 3494 2860 γὰρ
3528 2795 3586 2845 ὲν
3615 2797 3695 2860 τῷ

2101 2847 2244 2901 κατά
2267 2849 2375 2902 τῶν
2396 2852 2805 2916 Συνουσιαστῶν
2834 2865 2977 2939 λόγῳ
2998 2872 3193 2927 ταῦτα·
3225 2895 3244 2928 ‹
3281 2847 3407 2933 Ἵνα
3426 2847 3702 2940 πιστεύω-

2103 2955 2222 3048 μὶενη
2240 2939 2322 2992 δτι
2357 2941 2458 3048 κᾶν
2495 2948 2563 3048 εί.
2585 2952 2700 3048 τοῖς
2735 2955 3027 3030 ἡμετέροις
3061 2963 3312 3036 σώμασιν
3343 2971 3593 3041 ὁμοφυὲς
3633 2973 3700 3048 ἦν

2097 3027 2160 3081 τὸ
2197 3029 2353 3099 ἆγιον
2398 3035 2566 3090 αὑτοῦ
2611 3042 2706 3095 καὶ
2741 3045 3016 3116 πάναγνον
3056 3053 3234 3124 σῶμα,
3289 3027 3392 3113 ἀλλ
3442 3027 3535 3117 σῦν
3580 3027 3697 3120 ἐστι

2101 3123 2297 3178 σεπτόν
2326 3143 2385 3179 τε
2431 3130 2524 3182 καὶ
2560 3131 2722 3200 θεῖον,
2760 3137 2856 3190 καὶ
2896 3141 3034 3196 πολὺ
3075 3145 3182 3197 τῶν
3223 3149 3345 3202 καθ’
3391 3153 3541 3222 ἡμᾶς
3599 3159 3698 3212 ἐπ-

407 3249 832 3320 magnitudinis,
871 3265 994 3319 quze
1032 3249 1208 3320 ipsius
1240 3251 1381 3306 facta
1420 3261 1507 3308 est
1534 3254 1704 3309 etiam
1735 3256 1991 3326 pr0prie-

2102 3219 2278 3271 ἑκεινα
2312 3219 2660 3326 perpremit;
2687 3226 2751 3300 δὴ
2779 3232 2873 3284 καὶ
2908 3232 3036 3288 ἴδιον
3064 3238 3229 3294 αὑτοῦ
3253 3219 3497 3312 γεγονδς·
3532 3250 3697 3323 ἐνήρ-

407 3353 525 3409 tas;
559 3359 659 3412 per
686 3342 867 3412 ipsum
894 3341 1045 3396 enim
1089 3354 1354 3413 operatus
1379 3355 1486 3399 est.
1516 3346 1642 3401 Ideo
1689 3349 1848 3418 panis
1869 3349 1994 3403 vitae

405 3435 741 3506 appellatum
776 3443 884 3500 est,
933 3435 1002 3489 de
1038 3436 1180 3491 caelo
1205 3453 1431 3506 quoque
1463 3439 1820 3495 descendisse
1851 3441 1994 3496 dici-

407 3538 518 3591 tur,
546 3526 791 3597 dareque
832 3527 1000 3582 vitam
1029 3529 1234 3584 mundo
1277 3547 1377 3600 per
1428 3531 1672 3587 Verbum
1703 3535 1850 3604 quod
1894 3535 1995 3589 de-

405 3633 574 3687 super
606 3633 670 3672 ae
697 3617 767 3673 de
798 3619 938 3673 coelo
984 3617 1374 3683 descenderat,
1400 3624 1561 3693 cujus
1589 3641 1812 3694 quoque
1868 3642 1997 3695 pro-

405 3709 524 3780 pria
556 3725 688 3764 caro
722 3709 927 3764 factum
946 3719 1051 3766 est.
1079 3712 1276 3768 Divina
1297 3722 1381 3769 est
1411 3714 1602 3786 igitur,
1638 3728 1803 3786 prout
1835 3718 1991 3783 dicit,

403 3817 537 3856 caro
565 3802 722 3873 ejus;
744 3818 854 3856 non
879 3802 954 3857 ita
980 3810 1164 3858 tamen
1189 3815 1251 3860 ut
1286 3806 1459 3876 ipsam
1487 3807 1540 3861 in
1568 3817 1822 3863 naturam
1846 3811 1993 3864 divi-

403 3895 599 3950 nitatis
616 3895 901 3953 transiisse
919 3897 1182 3969 conjiciat
1197 3900 1455 3970 quisquis
1485 3901 1768 3972 ingenium
1795 3903 1994 3959 habeat

405 3985 625 4040 firmum
652 3988 1008 4058 peritumque
1031 3988 1366 4060 dogmaticae
1387 3988 1670 4056 scientiae;
1695 3992 1826 4046 huic
1842 3994 1990 4048 enim

398 4092 524 4146 quae
578 4094 747 4148 supra
781 4080 972 4134 omnia
1014 4088 1101 4135 est
1137 4096 1202 4136 ac
1228 4081 1446 4136 caelesti
1472 4091 1708 4148 natura,
1758 4085 1991 4140 omnino

400 4171 664 4227 salvanda
718 4180 805 4226 est
863 4172 1192 4242 simplicitas
1225 4189 1407 4243 neque
1456 4191 1583 4230 cum
1630 4176 1807 4232 altero
1840 4193 1990 4232 com-

400 4262 609 4329 mistio,
647 4277 752 4318 nec
783 4264 1096 4334 putandum
1144 4273 1230 4320 est
1267 4280 1391 4320 eam
1446 4268 1812 4338 compositam
1845 4287 1990 4334 _esse

401 4353 490 4408 his
509 4370 632 4425 qua:
655 4355 763 4410 sibi
784 4356 1046 4416 aderant.
1071 4367 1168 4411 aut
1185 4357 1373 4428 aliquo
1392 4357 1777 4417 additamento
1800 4365 1989 4435 eguis-

400 4461 483 4511 se,
512 4464 686 4518 reque
704 4448 1109 4519 ipsidissimili,
1129 4449 1202 4505 ita
1235 4459 1296 4504 ut
1329 4451 1382 4506 in
1407 4453 1757 4512 identitatem
1778 4469 1990 4514 naturm

398 4537 519 4592 sive
565 4539 1213 4596 consubstantialitatem
1256 4541 1641 4602 descenderet.
1675 4567 1694 4599 ι
1734 4548 1841 4602 Per
1871 4549 1989 4604 haec

2101 3324 2273 3417 γηκεν
2300 3315 2720 3417 γάρδιῖαύτοῦ.
2749 3325 2849 3377 Διά
2887 3327 3044 3382 τοῦτο
3075 3333 3168 3385 καὶ
3196 3334 3362 3406 ἄρτος
3396 3315 3694 3417 ὠνομάσθη

2101 3403 2284 3510 ζωῆς·
2317 3410 2447 3510 ,ναὶΔ
2465 3410 2572 3482 μὴν
2617 3416 2711 3469 καὶ
2748 3416 2806 3483 ἐξ
2837 3421 3073 3494 ούρανοῦ
3113 3403 3419 3506 καταϐῆναι
3447 3403 3692 3510 λέγεταί

2100 3497 2194 3601 καὶ
2232 3497 2376 3601 Cio-ir)
2419 3503 2622 3560 διδόναι
2659 3509 2738 3580 τῷ
2770 3513 2964 3588 κόσμῳ
2991 3517 3081 3572 διὰ
3120 3523 3212 3576 τὸν
3253 3497 3463 3584 ἀνωθεν
3509 3497 3604 3588 καὶ
3637 3497 3697 3601 ἐξ

2097 3591 2330 3662 οὐρανοῦ
2384 3599 2698 3655 καταϐάντα
2747 3605 2942 3676 Λόγον,
2997 3606 3059 3667 οὗ
3113 3618 3208 3671 καὶ
3251 3619 3358 3675 ἰδία
3405 3625 3688 3701 γέγονενή

2107 3683 2160 3701 -ρ
2212 3682 2236 3701 ρ
2339 3686 2352 3701 ι
2436 3689 2460 3700 ο
2543 3698 2564 3701 --
2608 3695 2620 3701 -
2745 3698 2754 3701 -

2100 3682 2236 3754 σάρξ
2262 3702 2275 3715 ·
2299 3686 2495 3742 οὐκοῦν
2539 3695 2660 3748 θεία
2701 3698 2820 3766 μὲν,
2856 3702 2931 3766 ὡς
2963 3703 3123 3778 ἔφην,
3156 3711 3334 3765 ἐστίν’
3376 3719 3439 3772 οὐ
3475 3719 3585 3792 μὴν
3613 3682 3695 3776 ἐτί

2097 3777 2190 3830 καὶ
2213 3781 2294 3885 εἰς
2332 3784 2495 3885 φύσιν
2517 3785 2771 3858 θεότητος
2801 3777 3129 3864 μεταϐαλεῖν
3156 3805 3328 3878 αὐτὴν
3355 3777 3692 3885 ὑποτοπήσοι

2095 3871 2298 3970 τις-ἂν,
2345 3877 2400 3978 εί
2418 3894 2482 3944 γε
2507 3881 2644 3978 ⁹νοῦν
2675 3884 2787 3954 ἔχει
2831 3889 2924 3944 τὸν
2963 3889 3021 3948 εὗ
3061 3871 3336 3968 βεϐηκότα
3359 3905 3453 3958 καὶ
3483 3871 3688 3978 δογμα-

2094 3962 2254 4064 τικῇς
2306 3962 2588 4036 εὐτεχνίας
2627 3973 2990 4048 ἐπιστήμονα.
3054 3990 3147 4040 Δεῖ
3199 3990 3308 4062 γὰρ
3354 3997 3421 4066 τῇ
3473 3962 3692 4053 πάντων

2095 4055 2356 4158 επέκεινα
2396 4055 2493 4108 καὶ
2537 4058 2803 4136 ἀνωτάτῳ
2837 4067 2998 4138 φύσει
3028 4075 3299 4141 σώζεσθαι
3350 4055 3605 4158 καθαρῶς
3629 4089 3690 4142 τὸ

2095 4138 2301 4248 dri).qu
2332 4148 2441 4248 *καὶ
2474 4149 2787 4223 ἀσυμμιγὲς
2834 4160 2909 4232 τῷ
2946 4138 3139 4238 ἑτέρῳ,
3169 4173 3262 4224 καὶ
3301 4176 3364 4226 τὸ
3395 4177 3470 4248 μὴ

2094 4231 2304 4292 θεῖσθαι
2327 4241 2504 4296 δοκεῖν
2535 4246 2592 4300 ἐν
2626 4266 2688 4318 γε
2717 4256 2829 4318 τοῖς
2859 4259 2983 4310 καθ’
3010 4261 3210 4335 ἑαυτὴν
3238 4269 3406 4339 ἤγουν
3432 4275 3679 4346 προσθή-

2093 4344 2194 4435 κης
2220 4329 2503 4403 δεδεῆσθαί
2525 4357 2666 4405 τινος
2699 4346 2794 4400 καὶ
2822 4349 3145 4422 ἀσυμφυοῦς
3335 4329 3683 4435 πράγματος.

2093 4422 2174 4530 είς
2205 4429 2494 4481 κοινωνίαν
2523 4431 2701 4488 ἐλθεῖν
2733 4437 2832 4508 τῆς
2857 4443 2916 4493 ὲν
2944 4450 3235 4520 ταυτότητι
3268 4422 3685 4530 ξύσεωςιῆγοῦν

2090 4516 2528 4617 δμοουσιὸτητος,
2560 4544 2578 4576 ι
2616 4529 2716 4583 Διά
2744 4531 2950 4588 τούτων
2977 4536 3033 4589 δὲ
3063 4541 3090 4593 ὁ
3123 4516 3310 4616 Πατὴρ
3359 4516 3684 4617 σαφιῦςιάπ-

397 4639 591 4700 aperte
653 4632 917 4702 prohibet
943 4633 1106 4687 Pater
1140 4649 1210 4689 ne
1261 4651 1369 4690 una
1407 4637 1630 4694 dicatur
1653 4639 1864 4697 Christi
1892 4659 1990 4698 na-

2102 4609 2369 4713 αγορεύει,
2409 4615 2537 4684 μίαν
2571 4617 2749 4688 λέγειν
2769 4625 2860 4679 ἐπὶ
2893 4627 2994 4699 τῆς
3029 4609 3289 4706 θεότητος
3315 4641 3410 4693 καὶ
3443 4609 3559 4713 ’τῆς
3585 4645 3682 4698 ἁν-

399 4730 523 4776 tura
553 4721 622 4776 de
678 4723 972 4777 divinitate
1011 4724 1193 4795 deque
1253 4726 1602 4785 humanitate
1651 4733 1984 4803 composita,

396 4831 521 4870 cum
551 4832 662 4870 non
693 4816 975 4887 acceperit
1001 4827 1257 4873 naturam
1283 4820 1532 4876 divinam
1563 4823 1821 4880 humana:
1847 4841 1986 4881 con-

389 4906 663 4976 junctam,
694 4915 754 4960 ut
787 4923 915 4962 cum
949 4909 1040 4963 illa
1066 4925 1231 4964 unam
1258 4921 1514 4968 naturam
1537 4913 1804 4971 ediceret.

467 4997 717 5052 Stultitia
751 4999 920 5070 igitur
950 5000 1400 5058 adversariorum
1421 5006 1728 5072 confutata,
1757 5007 1988 5064 evidens

395 5096 647 5143 remanet
682 5088 820 5143 duas
857 5099 1084 5146 naturas
1110 5094 1530 5156 convenientes,
1567 5111 1679 5150 non
1724 5105 1985 5152 naturam

393 5181 760 5250 compositam
808 5181 902 5237 sed
958 5182 1242 5240 Christum
1285 5186 1655 5256 compositum
1709 5188 1984 5254 effecisse,

393 5273 669 5343 siquidem
695 5283 894 5329 natura
925 5276 1074 5330 Deus
1100 5285 1205 5339 est,
1243 5287 1553 5349 naturaque
1589 5279 1757 5334 homo
1788 5297 1988 5350 quam-

392 5365 479 5420 vis
504 5364 650 5419 i'dem
679 5365 921 5420 dicatur.
965 5366 1074 5420 Sed
1107 5367 1362 5422 veritatis
1393 5367 1585 5424 hostes
1612 5380 1904 5426 versantes
1929 5372 1985 5427 in

393 5457 520 5512 aliis
548 5457 826 5522 stultitiis,
857 5457 1132 5512 doctrinis
1164 5460 1391 5513 Patrum
1425 5462 1657 5533 obsequi
1705 5465 1982 5530 nolentes,

391 5551 490 5607 sed
536 5551 841 5621 Apolinarii
895 5568 1182 5622 prazcones
1223 5553 1354 5608 facti
1381 5595 1396 5618 ,
1439 5557 1648 5610 nullam
1681 5574 1792 5612 non
1835 5559 1981 5612 viam

390 5642 622 5698 insaniae
680 5653 892 5700 tentant
952 5661 1061 5715 qua
1122 5647 1505 5703 innocentium
1567 5651 1782 5706 animas
1856 5668 1984 5706 cor-

390 5745 691 5804 rumpant;
733 5738 1038 5810 Apolinarii
1087 5741 1235 5794 enim
1268 5757 1493 5810 nomen,
1519 5753 1580 5798 ut
1623 5727 1852 5800 evidens
1892 5761 1986 5800 ar-

392 5836 716 5896 gumentum
751 5831 1077 5900 impietatis,
1110 5831 1301 5889 dolose
1349 5849 1724 5905 removentes,
1755 5851 1984 5894 sancto-

393 5931 517 5974 rum
540 5919 763 5977 Patrum
801 5922 1026 5978 nomina
1061 5923 1120 5978 in
1151 5923 1314 5981 libris
1343 5928 1466 6001 ejus
1519 5939 1686 6003 atque
1719 5931 1778 5987 in
1821 5931 1983 5987 adin-

2092 4700 2448 4778 θρωπότητος
2475 4710 2568 4764 τοῦ
2595 4715 2831 4787 Χριστοῦ
2863 4721 3117 4779 σύνθετον
3151 4729 3346 4798 φύσιν,
3373 4734 3451 4798 ὡς
3482 4738 3556 4808 μὴ
3587 4739 3682 4792 ὲκ-

2089 4792 2381 4904 δεχομένου
2407 4802 2508 4904 την
2532 4803 2684 4861 θείαν
2709 4809 2871 4880 φύσιν
2897 4792 3192 4875 ένωθεῖσαν
3225 4828 3291 4895 τῇ
3319 4792 3636 4904 ἀνθρωπίνη
3660 4871 3678 4898 ,

2093 4885 2224 4957 μίαν
2250 4895 2369 4961 μετ’
2407 4897 2577 4969 αὐτῆς
2611 4902 2939 4963 ἀποτελέσαι
2975 4912 3157 4981 φύσιν.

2161 4983 2275 5086 ἰΓῆς
2327 4986 2438 5086 τιῦν
2495 4994 2755 5051 ἐναντίων
2805 5001 2984 5056 τοίνυν
3009 5005 3240 5072 ἀτοπίας
3281 5009 3676 5086 ἐληλεγμένης.

2087 5073 2247 5145 δῆλον
2276 5079 2615 5155 καθέστηκεν
2651 5091 2733 5142 ὅτι
2765 5098 2818 5145 αἱ
2849 5094 2943 5149 δύο
2970 5097 3161 5166 φύσεις
3193 5105 3583 5172 συνελθοῦσαι,
3617 5111 3678 5163 οῦ

2089 5168 2252 5237 φύσιν
2287 5174 2538 5234 σύνθετον
2582 5183 2717 5239 ἀλλὰ
2743 5189 2980 5259 Χριστὸν
3019 5193 3273 5249 σύνθετον
3320 5199 3676 5266 ἀπετέλεσαν,

2089 5273 2276 5344 ἐπειδὴ
2313 5276 2408 5329 καὶ
2432 5277 2593 5344 φύσει
2621 5282 2776 5346 Θεὸς,
2812 5286 2906 5337 καὶ
2932 5286 3093 5355 φύσει
3121 5289 3430 5362 ἄνθρωπος·
3459 5297 3508 5348 εἰ
3535 5297 3630 5350 καὶ
3650 5299 3680 5348 δ

2089 5371 2252 5437 αὐτὸς
2298 5375 2667 5445 ὁμολογεῖταιζ
2725 5378 2868 5432 Ἀλλ’
2915 5383 2963 5433 0i
3017 5383 3120 5452 τῆς
3171 5385 3432 5455 ἀληθείας
3495 5389 3681 5460 ἐχθροὶ

2089 5466 2224 5534 πρὸς
2246 5471 2365 5533 ταῖς
2387 5469 2576 5535 ἄλλαις
2602 5472 2782 5526 αὑτῶν
2814 5476 3089 5540 ἀτοπίαις,
3125 5477 3198 5550 μὴ
3231 5477 3544 5550 βουλόμενοι
3569 5485 3682 5545 τοῖς

2087 5560 2198 5612 τῶν
2253 5562 2514 5634 Πατέρων
2554 5566 2872 5620 ἀκολουθεῖν
2902 5569 3169 5641 δόγμασιν
3195 5613 3210 5635 ,
3253 5571 3391 5627 ἀλλὰ
3417 5575 3484 5627 τὰ
3521 5575 3680 5628 Ἀποο

2087 5650 2334 5724 λιναρίου
2369 5656 2788 5727 πρεσϐεύοντες,
2816 5661 3075 5733 οὐδεμίαν
3107 5665 3227 5717 ὁδὸν
3255 5667 3488 5731 ἀτοπίας
3512 5685 3680 5721 xam-

2087 5745 2452 5816 λιμπάνουσιν
2486 5751 2553 5804 δι’
2578 5746 2646 5825 ἧς
2672 5753 2772 5817 τὰς
2801 5755 2909 5806 τῶν
2931 5757 3336 5828 ἁκεραιοτέρων
3362 5760 3539 5830 ψυχὰς
3562 5761 3679 5813 δια⁴

2089 5841 2375 5913 φθείρουσι
2399 5860 2413 5874 ο
2453 5845 2553 5916 τὴν
2596 5846 2705 5916 γὰρ
2744 5846 3121 5920 Ἀπολιναρίου
3168 5852 3563 5923 προσηγορίαν,
3597 5854 3676 5926 ὡς

2089 5936 2233 6005 σαφῆ
2260 5931 2582 6001 ὃυσσεῢεὶας
2615 5937 2836 6009 ἔλεγχον
2867 5939 3105 6013 δολερῶς
3135 5943 3549 6014 ἁπωθούμενοι,
3576 5945 3679 6010 τὰς
