4148 6450
395 389 536 461 tias

1317 369 1768 454 .TRACTATUS
1805 390 2106 453 CONTRA
2141 388 2746 454 MONOPHYSITAS.

3536 396 3675 463 1126

384 510 495 565 τῶν
519 506 691 575 ἀγίων
717 504 980 576 Πατέρων
1001 504 1320 574 ἐπωνυμίαις
1347 510 1458 570 τοῖς
1479 507 1671 560 τούτου
1698 503 1981 574 συγγράμ-

2090 499 2451 555 ventionibus
2478 501 2952 568 suisinscribunt,
2986 504 3333 574 simpliciora
3364 505 3674 564 reticentes

386 620 541 675 μασι,
566 602 664 655 καὶ
677 601 791 662 τοῖς
804 598 1016 653 ἑαυτῶν
1037 598 1352 670 πλάσμασιν
1371 597 1699 663 ἐπιτιθέασι,
1727 597 1981 650 κλέπτον-

381 713 476 759 τες
513 694 646 758 τοὺς
697 692 1126 765 ἁπλουστέρους,
1160 693 1258 746 καὶ
1293 691 1393 763 τὴν
1419 691 1539 746 ὁδὸν
1581 692 1680 762 τῆς
1719 688 1977 760 ἀληθείας

381 785 870 856 διαδιδράσκοντες.
890 782 1230 854 Προφέρουσι
1255 783 1364 854 γὰρ
1384 782 1474 834 δύο
1505 781 1793 844 ἐπιστολὰς
1820 780 1980 850 ψευδ-

383 879 747 950 επιγράφους,
787 876 913 946 μίαν
955 877 1054 947 μὲν
1088 875 1239 946 παρὰ
1271 874 1493 928 Ἰουλίου
1538 873 1633 927 τοῦ
1673 874 1976 928 ἐπισκόπου

394 970 616 1042 Ῥώμης
656 970 734 1042 (2)
779 969 914 1040 πρὸς
947 969 1223 1022 Διονύσιον
1251 967 1625 1039 πρεσϐύτερον
1654 966 1980 1037 γεγραμμέ-

384 1080 482 1134 νην
514 1062 746 1132 ἔχουσαν
786 1061 961 1123 οὕτως
985 1076 1000 1090 ·
1034 1064 1114 1132 (ut
1161 1061 1213 1113 in
1264 1061 1490 1113 editione
1521 1059 1824 1112 Muratoriii
1858 1058 1977 1111 ἑτέ·

389 1166 489 1220 ραν
536 1148 592 1202 δὲ
627 1149 704 1212 ὡς
738 1151 802 1219 δὴ
833 1150 984 1220 παρὰ
1037 1149 1363 1203 Ἀθανασίου
1395 1148 1490 1201 τοῦ
1528 1151 1585 1201 ἐν
1625 1149 1803 1217 ἁγίοις
1838 1148 1977 1220 πρὸς

397 1240 654 1294 Ἰοϐιανδν
684 1241 775 1293 τὴν
807 1239 1034 1308 βασιλέα
1082 1240 1483 1310 γεγραμμένην
1513 1239 1744 1311 ἔχουσαν
1779 1241 1973 1304 οὕτως·

391 1352 409 1384 ι
457 1332 863 1403 Ὀμολογοῦμεν
906 1331 999 1384 τὸν
1028 1332 1158 1384 Υἱὸν
1199 1331 1292 1384 τοῦ
1327 1332 1462 1384 θεοῦ
1503 1332 1596 1386 τὸν
1626 1333 1733 1406 πρὸ
1765 1333 1977 1386 αἰώνων

385 1417 571 1481 ἀϊδίως
601 1420 667 1472 ὲκ
695 1418 788 1472 τοῦ
832 1418 1044 1491 Πατρὸς
1085 1419 1442 1490 γεννηθέντα,
1492 1421 1579 1473 ἐπ’
1611 1421 1838 1492 ἐσχάτου
1868 1423 1978 1476 τῶν

385 1511 596 1565 αἰώνων
631 1513 720 1566 διὰ
761 1512 859 1581 τὴν
907 1512 1186 1583 ἡμετέραν
1222 1514 1492 1584 σωτηρίαν
1543 1517 1608 1568 ὲκ
1637 1517 1854 1588 Μαρίας
1879 1518 1979 1588 τῆς

384 1604 549 1671 ἁγίας
591 1604 868 1676 Παρθένου
903 1606 1237 1676 γεννηθέντα
1285 1608 1428 1660 κατά
1463 1608 1660 1679 σάρκα,
1686 1607 1759 1671 ὠς
1783 1610 1810 1660 ὁ
1836 1607 1979 1671 θεῖος

399 1698 718 1761 Ἀπόστολος
743 1697 983 1750 διδάσκει
1007 1697 1202 1766 λέγων,
1239 1700 1376 1752 Ὅτε
1410 1699 1479 1753 δὲ
1526 1697 1678 1770 ἦλθε
1707 1701 1776 1755 τὸ
1817 1701 1976 1768 πλή-

376 1807 544 1858 ρωμα
574 1789 679 1844 τοῦ
709 1791 954 1859 χρόνου,
987 1791 1419 1855 ἐξαπέστειλεν
1457 1796 1490 1846 d
1529 1794 1674 1860 Θεὸς
1698 1793 1806 1847 τὸν
1843 1795 1980 1848 Flor

2085 592 2342 662 viamque
2392 591 2648 647 veritatis
2719 592 3159 664 intercipientes.
3211 595 3329 649 [mo
3384 596 3676 665 proferunt

2083 685 2222 740 duas
2249 684 2370 740 falsi
2402 685 2644 738 nominis
2699 685 2986 754 epistolas,
3018 701 3185 742 unam
3231 703 3261 742 a
3306 687 3456 743 Julio
3487 689 3674 744 Romae

2080 780 2344 849 episcopo
2376 779 2444 832 ad
2479 778 2804 850 Dionysium
2831 779 3218 850 presbyterum
3260 781 3525 851 scriptam
3556 781 3674 836 ha:c

2080 871 2525 926 continentem...
2559 871 2737 926 Aliam
2784 881 2970 926 autem
2998 874 3067 925 ab
3116 872 3425 926 Athanasio
3478 883 3673 928 saneto

2079 962 2148 1016 ad
2171 962 2464 1017 Jovianum
2502 961 2894 1032 imperatorem
2927 963 3212 1033 scriptam,
3241 963 3321 1018 sic
3348 964 3670 1019 habentem:

2087 1075 2104 1107 ι
2127 1054 2470 1110 Conﬁtemur
2504 1056 2704 1110 Filium
2737 1056 2832 1110 Dei
2870 1063 3000 1110 ante
3034 1057 3234 1111 saecula
3273 1058 3343 1110 ab
3369 1067 3578 1112 :eterno
3603 1074 3672 1112 ex

2084 1150 2250 1204 Patre
2280 1150 2559 1220 genitum,
2619 1149 2674 1204 in
2714 1149 3021 1204 novissimo
3053 1151 3386 1205 saeculorum
3439 1158 3672 1220 propter

2080 1251 2329 1296 nostram
2357 1243 2592 1298 salutem
2623 1258 2692 1296 ex
2715 1243 2887 1296 Maria
2916 1253 3107 1297 sancta
3155 1244 3378 1314 Virgine
3419 1243 3670 1311 genitum

2080 1334 2390 1389 secundum
2410 1350 2656 1396 carnem,
2683 1335 2839 1405 juxta
2870 1335 3019 1404 quod
3057 1335 3222 1390 docet
3249 1336 3410 1389 divus
3431 1335 3672 1405 Aposto-

2079 1428 2168 1481 lus
2190 1427 2414 1482 dicens:
2436 1427 2568 1482 Cum
2595 1429 2734 1482 venit
2758 1427 3032 1498 plenitudo
3059 1429 3333 1498 temporis,
3364 1429 3505 1481 misit
3535 1426 3671 1480 Dens

2079 1519 2278 1574 Filium
2297 1536 2456 1572 suum
2483 1520 2687 1588 factum
2709 1535 2772 1573 ex
2798 1518 3025 1573 muliere
3042 1529 3092 1572 ιι.
3120 1518 3467 1573 Confitentur
3501 1518 3670 1573 etiam

2078 1612 2259 1682 ipsum
2290 1626 2412 1666 esse
2450 1611 2649 1664 Filium
2685 1611 2805 1678 Dei,
2836 1613 3008 1665 Deum
3041 1611 3350 1664 secundum
3378 1611 3670 1680 Spiritum,

2084 1705 2288 1760 Filium
2317 1705 2564 1760 hominis
2587 1705 2896 1760 secundum
2929 1720 3179 1770 carnem,
3202 1721 3312 1761 non
3345 1704 3484 1758 duas
3515 1711 3673 1757 natu-

2082 1815 2173 1853 ras
2195 1813 2317 1854 esse
2333 1799 2558 1853 unicum
2597 1799 2826 1863 Filium,
2857 1814 3024 1853 unam
3049 1797 3386 1852 adorandam
3405 1797 3671 1851 alteram-

382 1883 569 1938 αὐτοῦ
604 1885 932 1952 γενόμενον
953 1884 1024 1938 ἐκ
1056 1885 1366 1954 γυναικός.
1401 1887 1508 1939 Καὶ
1532 1885 1694 1939 αὑτὸν
1726 1886 1854 1940 Υίὸν
1877 1887 1972 1941 τοῦ

2085 1907 2194 1962 que
2221 1906 2335 1946 non
2371 1890 2736 1954 adorandam,
2763 1891 2862 1945 scd
2897 1906 3061 1945 unam
3092 1900 3346 1944 naturam
3371 1889 3469 1943 Dei
3499 1887 3669 1943 Verbi

381 1977 538 2032 Θεοῦ.
587 1979 680 2030 καὶ
714 1978 848 2030 Θεὸν
892 1978 1034 2030 κατά
1061 1978 1308 2047 Πνεῦμα,
1345 1980 1473 2031 Υἱὸν
1506 1979 1796 2052 ἀνθρώπου
1831 1981 1977 2034 κατά

380 2071 582 2140 σάρκα,
605 2073 666 2123 οὐ
692 2069 786 2124 δύο
816 2069 1010 2140 φύσεις
1036 2070 1128 2124 τὸν
1179 2071 1276 2124 ’ένα
1309 2071 1456 2134 Υἱὺν,
1489 2071 1619 2143 μίαν
1663 2090 1976 2143 προσκυνη-

2083 1984 2538 2055 incarnatamque
2590 1984 2992 2054 adoratamque
3043 1999 3173 2039 cum
3239 1998 3410 2038 carne
3492 1980 3671 2052 ipsius

2084 2076 2413 2131 adoratione
2447 2093 2576 2131 una.
2591 2095 2608 2127 ι

377 2161 476 2233 τὴν
506 2163 600 2216 καὶ
660 2160 790 2232 μίαν
847 2161 1286 2232 άπροσκύνητον,
1338 2161 1474 2216 ἀλλά
1509 2163 1639 2233 μίαν
1686 2163 1850 2232 φύσιν
1905 2165 2000 2219 τοῦ
2073 2167 2208 2220 Θεοῦ
2269 2168 2443 2236 Λόγου
2511 2163 2976 2237 σεσαρκωμένην,
3034 2163 3131 2217 καὶ
3184 2163 3672 2233 προσκυνουμένην

381 2254 521 2326 μετὰ
550 2253 650 2324 τῆς
680 2253 880 2324 σαρκὸς
907 2253 1073 2307 αὑτοῦ
1110 2255 1209 2325 μιᾷ
1232 2255 1626 2326 προσκυνήσει.
1667 2274 1687 2308 ι

449 2345 669 2400 Τούτων
705 2347 885 2400 τοίνυν
923 2347 1079 2418 παρά
1117 2347 1226 2400 τῶν
1269 2348 1590 2414 Ἀκεφάλων
1618 2350 1968 2420 προφερομέο

378 2453 487 2489 νων
515 2437 548 2508 ή
581 2435 678 2490 τοῦ
709 2435 848 2489 Θεοῦ
882 2437 1048 2506 σοφία
1077 2437 1284 2491 ἄνωθεν
1317 2437 1499 2491 αὐτῶν
1531 2440 1838 2510 ἀναιροῦσα
1869 2441 1970 2511 τὴν

381 2527 602 2590 κακίαν,
656 2527 719 2580 οὐ
765 2527 1116 2600 συνεχώρησε
1173 2531 1359 2599 μεῖναι
1391 2530 1452 2582 τὸ
1482 2528 1681 2600 ψεῦδος
1710 2532 1974 2600 ἀνέλεγκ-

383 2637 502 2673 τον·
535 2619 737 2673 δέδωκε
776 2619 888 2692 γάρ
927 2623 1062 2692 ἡμῖν
1112 2621 1406 2692 ἐπιστῆναι
1437 2626 1551 2686 τοῖς
1586 2623 1973 2694 Ἀπολιναρίου

389 2713 912 2786 συγγράμμασιν,ἀ
947 2715 1347 2785 παρατιθέντες
1403 2719 1516 2780 τοῖς
1571 2718 1724 2787 παρά
1770 2719 1978 2772 τούτων

2151 2347 2248 2402 His
2289 2362 2424 2418 ergo
2474 2346 2544 2401 ab
2588 2345 2885 2416 Aeephalis
2946 2345 3179 2415 prolatis
3241 2343 3342 2398 Dei
3403 2345 3672 2415 sapientia

2077 2451 2370 2512 postquam
2413 2455 2445 2496 e
2507 2440 2649 2495 caelo
2692 2439 2960 2493 malitiam
3019 2454 3215 2493 eorum
3271 2441 3670 2508 percussisset,

2079 2533 2435 2588 mendacium
2479 2547 2593 2588 non
2627 2531 2981 2587 confutatum
3039 2546 3329 2586 remanere
3357 2547 3469 2585 non
3496 2531 3669 2598 sivit;

2081 2625 2244 2680 nobis
2280 2624 2430 2679 enim
2467 2623 2623 2679 dedit
2679 2623 2737 2677 in
2779 2624 2983 2693 scripta
3027 2623 3338 2692 Apolinarii
3399 2624 3670 2690 incidere,

2083 2733 2208 2788 qua:
2232 2733 2356 2772 cum
2386 2718 2618 2788 prolatis
2651 2716 2721 2772 ab
2753 2717 2862 2771 illis
2913 2725 3334 2786 componentes,
3381 2717 3673 2772 manifeste

389 2809 850 2878 προφερομένοις,
883 2807 1135 2879 φανερῶς
1173 2808 1468 2879 ὲλέγξομεν
1503 2811 1568 2863 ἐκ
1621 2811 1733 2864 τῶν
1767 2810 1981 2864 Ἀπολι-

2082 2826 2148 2865 ex
2165 2810 2351 2865 verbis
2367 2809 2675 2880 Apolinarii
2694 2810 2784 2863 illa
2803 2809 2956 2863 hisce
2977 2809 3254 2863 confutari
3273 2809 3664 2879 probabimus;

390 2901 582 2972 ναρίου
608 2900 784 2970 λόγων
825 2901 998 2954 ταῦτα
1031 2901 1166 2972 παρ’
1193 2902 1376 2955 αὐτῶν
1414 2902 1810 2974 προϐαλέσθαι.
1838 2902 1981 2975 Γρά-

2100 2902 2158 2956 in
2190 2917 2451 2957 sermone
2494 2901 2646 2957 enim
2683 2901 2952 2956 adversus
2986 2901 3288 2956 Diodorum
3318 2903 3435 2956 haec
3474 2903 3673 2957 scribit

387 3009 481 3062 φει
515 2993 624 3064 γὰρ
655 2995 683 3047 ὁ
714 2993 876 3057 αὐτὸς
920 2992 1299 3066 ’Δπολινάριος
1322 2995 1381 3047 ὲν
1407 2995 1486 3064 τῷ
1516 2994 1660 3050 κατά
1715 2996 1981 3067 Διοδώρου

2082 2995 2470 3067 Apolinarius:
2520 3014 2539 3048 ι
2573 2995 2877 3066 Utriusque
2939 2995 3269 3050 substantiae
3321 3013 3485 3051 unam
3513 3013 3670 3052 eam-

387 3087 546 3141 τάδε·
579 3105 598 3138 ι
626 3086 830 3156 Ἀλλης
867 3085 966 3139 καὶ¹
1001 3086 1171 3158 ἄλλης
1198 3087 1408 3152 οὐσίας,
1441 3089 1572 3159 μίαν
1595 3084 1735 3144 εἶναι
1763 3089 1858 3143 καὶ
1885 3090 1981 3162 τὴν

2082 3089 2320 3161 demque
2354 3105 2476 3144 esse
2501 3089 2884 3144 adorationcm
2927 3104 3040 3142 non
3067 3089 3280 3159 justum
3317 3099 3426 3151 est.
3455 3091 3673 3147 scilicet

386 3180 564 3250 αὐτὴν
609 3179 1013 3252 προσκύνησιν,
1081 3181 1369 3251 ἀθέμιτον,
1415 3181 1700 3235 τουτέστιν
1747 3183 1977 3252 Ποιητοῦ

2082 3182 2363 3238 Creatoris
2383 3191 2440 3236 et
2468 3190 2760 3244 creatum,
2794 3181 2892 3236 Dei
2922 3189 2978 3235 et
3005 3181 3271 3235 hominis.
3302 3181 3421 3237 Una
3456 3191 3542 3237 est
3568 3198 3672 3236 au-

387 3274 487 3328 καὶ
533 3275 863 3345 ποιήματος,
910 3273 1046 3328 θεοῦ
1078 3273 1176 3327 καὶ
1206 3273 1524 3346 ἀνθρώπου.
1569 3275 1686 3329 Μία
1723 3275 1780 3328 δὲ
1811 3292 1980 3346 προσ-

2084 3285 2193 3332 tem
2221 3275 2426 3333 Christi
2461 3274 2737 3340 adoratio,
2778 3282 3022 3342 tuncque
3055 3274 3109 3326 in
3133 3289 3246 3327 uno
3269 3273 3494 3328 nomine
3523 3275 3671 3329 Deus

385 3363 625 3434 κύνησις
650 3363 916 3433 Χριστοῦ,
951 3365 1048 3418 καὶ
1078 3369 1220 3418 κατὰ
1244 3365 1404 3419 τοῦτο
1435 3367 1493 3418 ὲν
1518 3367 1596 3436 τῷ
1630 3367 1714 3420 ἑνὶ
1750 3366 1980 3436 ὀνόματι

2082 3379 2138 3425 et
2170 3369 2337 3424 homo
2389 3368 2695 3438 cogitatur;
2740 3382 2851 3420 non
2887 3375 2974 3420 est
3015 3380 3148 3435 ergo
3196 3366 3372 3420 altera
3409 3374 3466 3420 et
3499 3366 3672 3420 altera

386 3461 595 3512 νοεῖται
649 3458 786 3521 Θεὸς
827 3457 922 3511 καὶ
961 3457 1286 3530 ἄνθρωπος’
1330 3459 1431 3512 οὐκ
1475 3459 1582 3530 ἀρα
1637 3459 1770 3530 ἄλλη
1819 3459 1981 3514 ούσία

2082 3461 2391 3517 substantia
2448 3459 2595 3514 Dens
2648 3468 2704 3514 et
2758 3457 2946 3522 homo,
3000 3456 3098 3511 sed
3127 3472 3233 3510 una
3260 3466 3491 3526 propter
3534 3473 3672 3512 con-

385 3549 522 3617 Θεὸς
561 3551 656 3604 καὶ
706 3549 1020 3622 ἄνθρωπος,
1055 3549 1196 3605 ἀλλά
1228 3550 1329 3621 μία
1382 3551 1524 3606 κατά
1557 3551 1810 3605 σύνθεσιν
1839 3551 1976 3606 Θεοῦ

2082 3548 2424 3620 iunctionem
2469 3547 2566 3601 Dei
2607 3545 2675 3600 ad
2713 3559 2919 3614 corpus
2971 3544 3297 3598 humanum.
3342 3545 3672 3614 Rursusque

387 3642 529 3712 πρὸς
587 3642 746 3713 σῶμα
794 3628 1157 3713 ἁνθρώπινονζ
1186 3661 1205 3695 ι
1243 3642 1353 3697 Καὶ
1387 3643 1551 3697 πάλιν
1598 3646 1655 3697 ἐν
1701 3644 1778 3715 τῷ
1832 3644 1980 3715 αὐτῷ

2082 3639 2138 3692 in
2191 3639 2389 3693 eodem
2429 3652 2730 3692 sermone:
2777 3635 3110 3702 «Quomodo
3164 3634 3314 3689 enim
3371 3635 3460 3690 hic
3512 3646 3674 3690 actus

385 3735 534 3806 λόγῳ
564 3753 580 3768 ο
620 3755 638 3788 ι
670 3735 796 3798 Πῶς
854 3735 964 3807 γὰρ
1019 3737 1080 3789 τὸ
1127 3737 1362 3808 πρᾶγμα
1410 3737 1473 3790 ού
1501 3737 1780 3800 δυσσεϐὲς,
1813 3737 1981 3808 ἀλλην

383 3828 581 3882 οὐσίαν
609 3829 838 3900 κτιστὴν
883 3831 976 3883 καὶ
997 3829 1253 3900 δουλικὴν
1291 3831 1420 3901 μίαν
1445 3830 1591 3901 ἔχειν
1626 3832 1721 3884 καὶ
1750 3831 1848 3902 τὴν
1884 3832 1980 3886 αὐ-

381 3921 490 3991 τὴν
528 3921 906 3992 προσκύνησιν
959 3921 1039 3993 τῷ
1094 3923 1307 3996 Κτίστῃ
1360 3924 1457 3977 καὶ
1505 3925 1834 3996 Δεσπότης»
1873 3925 1981 3978 Καὶ

381 4015 604 4068 πάλινό
633 4014 797 4078 αὐτὸς
831 4015 1038 4086 ἀσεϐὴς
1080 4014 1462 4088 ’Δπολινάριος
1493 4017 1548 4070 ὲν
1571 4015 1650 4087 τῷ
1673 4017 1806 4088 περὶ
1843 4034 1978 4089 σαρο

382 4109 614 4173 κώσεως
647 4107 826 4179 λόγῳο
865 4125 884 4160 ‹
920 4107 1207 4162 Ἀδύνατον
1253 4109 1346 4162 τὸν
1395 4108 1558 4163 αὐτὸν
1592 4109 1686 4162 καὶ
1733 4126 1976 4182 προσκυ-

383 4201 550 4272 νητὸν
582 4203 779 4254 ἑαυτὸν
820 4201 1023 4254 εἰδέναι
1055 4201 1149 4255 καὶ
1178 4201 1254 4272 μή
1275 4217 1290 4232 ο
1323 4200 1592 4255 ἀδύνατον
1629 4201 1736 4272 ἄρα
1763 4201 1856 4255 τὸν
1883 4203 1978 4256 αὑ-

381 4295 479 4348 τὸν
509 4289 652 4348 εἶναι
686 4293 822 4347 Θεόν
857 4311 917 4347 τε
957 4295 1054 4348 καὶ
1101 4293 1394 4365 ἄνθρωπον
1423 4293 1482 4360 ἐξ
1511 4292 1833 4364 ὁλοκλήρου,
1862 4295 1978 4348 ἀλλ’

382 4389 449 4440 ἐν
485 4387 742 4458 μονότητι
777 4387 1091 4458 συγκράτου
1121 4385 1339 4456 φύσεως
1377 4385 1567 4458 θεῖκῆς
1617 4387 1979 4456 σεσαρκωμέ-

382 4495 506 4548 νης.
540 4499 559 4533 ι
593 4479 781 4532 Ταῦτα
815 4479 873 4533 δὲ
909 4481 1062 4542 ὅπως
1105 4479 1222 4532 ἐστὶ
1273 4477 1546 4550 σύμφωνα
1581 4480 1678 4532 καὶ
1705 4477 1977 4534 ἀκόλουθα

2082 3731 2229 3786 haud
2253 3741 2404 3786 esset
2453 3729 2679 3800 impius,
2725 3728 2954 3783 alteram
3011 3727 3381 3782 substantiam
3428 3736 3671 3782 creatam

2081 3837 2411 3890 servamque
2457 3819 2713 3876 conﬁteri
2741 3819 3108 3888 eamdemque
3151 3818 3345 3873 deberi
3401 3829 3675 3874 creatura:

2081 3933 2146 3971 ac
2167 3917 2399 3971 Domino
2449 3912 2872 3969 adorationem?
2897 3929 2915 3962 ι
2938 3911 3088 3966 ldem
3116 3912 3321 3966 iterum
3339 3912 3394 3966 in
3415 3928 3674 3967 sermone

2081 4009 2150 4064 de
2193 4007 2612 4062 incarnatione:
2643 4025 2662 4057 ε
2701 4004 3050 4074 lmpossibile
3080 4014 3166 4059 est
3217 4005 3476 4060 eumdem
3501 4022 3673 4076 seque

2081 4101 2222 4156 scire
2259 4097 2604 4153 adorandum
2653 4105 2714 4151 et
2749 4111 2862 4150 non
2890 4095 3234 4151 adorandum
3269 4114 3283 4152 :
3322 4097 3673 4166 impossibile

2080 4200 2166 4248 est
2191 4192 2362 4263 igitur
2386 4189 2648 4246 eumdem
2681 4204 2804 4244 esse
2834 4189 3007 4243 Deum
3033 4196 3091 4243 et
3116 4188 3402 4244 hominem
3440 4203 3508 4243 ex
3531 4188 3675 4243 inte-

2080 4301 2199 4356 gro,
2235 4284 2334 4339 sed
2390 4284 2447 4340 in
2500 4284 2714 4340 unitate
2774 4283 3069 4352 commista
3099 4293 3313 4338 natura:
3351 4282 3555 4338 divina:
3587 4283 3672 4336 in-

2079 4381 2340 4428 carnatae.
2367 4393 2385 4424 ›
2412 4373 2689 4440 Quantum
2721 4384 2910 4430 autem
2951 4374 3070 4428 haec
3115 4373 3506 4429 concinnentia
3557 4373 3666 4428 sint

2081 4483 2146 4521 ac
2174 4466 2565 4522 convenientia
2584 4482 2710 4520 cum
2732 4466 2986 4536 epistolis
3005 4481 3146 4535 quas
3164 4465 3355 4520 dolose
3379 4464 3672 4534 proferunt

381 4574 510 4636 ταῖς
550 4571 706 4642 παρᾶ
745 4574 866 4635 ταῖς
902 4571 1012 4625 τῶν
1053 4571 1372 4640 Ἀκεφάλων
1420 4568 1680 4632 πλαστῶς
1712 4586 1981 4640 προφερο-

2082 4559 2379 4631 Acephali,
2422 4561 2646 4615 nomine
2684 4559 2816 4615 Julii
2867 4567 3034 4629 atque
3088 4559 3400 4621 Athanasii,
3440 4559 3669 4614 Patrum

385 4665 588 4735 μέναις
643 4664 996 4729 ἐπιστολαῖς,
1057 4666 1123 4718 ὲκ
1171 4661 1568 4735 προσηγορίας,
1613 4661 1832 4715 Ἰουλίου
1885 4661 1982 4716 καὶ

398 4759 724 4813 ’Δθανασῖου
772 4759 881 4812 τῶν
934 4757 1108 4826 ἁγίων
1141 4758 1302 4828 ἡμῶν
1334 4757 1618 4826 Πατέρων,
1653 4755 1831 4808 οὐδενὶ
1871 4755 1982 4808 τῶν

381 4850 452 4905 εὖ
488 4851 834 4923 φρονούντων
880 4851 1146 4922 ἠγνόηται
1168 4867 1181 4880 ·
1215 4849 1277 4903 τὸ
1323 4847 1430 4920 γάρ
1462 4848 1646 4916 λέγειν
1679 4847 1740 4900 οὐ
1763 4845 1858 4901 δύο
1881 4847 1982 4916 φύ-

383 4958 528 5007 σεις,
575 4941 710 5012 μίαν
757 4939 1148 5012 προσκυνητὴν
1200 4940 1296 4993 καὶ
1352 4938 1486 5009 μίαν
1539 4935 1979 5008 ἀπροσκύνητον,

382 5034 485 5087 καὶ
525 5033 692 5087 πάλιν
741 5033 909 5102 ἄλλης
946 5035 1040 5086 καὶ
1093 5033 1263 5101 ἄλλης
1317 5032 1508 5096 οὐσίας
1545 5031 1676 5101 μίαν
1722 5025 1987 5084 εἶναικαὶ

379 5126 488 5197 τὴν
517 5127 692 5197 αὐτὴν
723 5125 1120 5197 προσκύνησιν,
1153 5124 1413 5195 ἀθέμιτον
1433 5139 1446 5154 ⁸
1492 5123 1586 5176 καὶ
1616 5121 1715 5194 τὴν
1756 5123 1985 5189 κτιστὴν

382 5221 486 5274 καὶ
517 5218 771 5287 δουλικὴν
803 5219 994 5271 οὐσίαν
1028 5218 1159 5288 μίαν
1185 5217 1334 5288 ἔχειν
1365 5216 1460 5270 καὶ
1478 5215 1580 5287 τὴν
1610 5215 1782 5284 αὐτὴν
1813 5230 1983 5284 προσ-

382 5315 624 5383 κύνησιν
655 5312 736 5382 τῷ
766 5311 976 5384 Κτίστῃ
1008 5313 1105 5364 καὶ
1137 5311 1407 5382 Δεσπότῃ,
1441 5308 1702 5379 οὐδεμίαν
1724 5306 1837 5377 ἔχει
1861 5306 1969 5359 δια-

381 5408 566 5478 φοράν
590 5405 717 5460 οὔτε
759 5405 902 5459 κατά
943 5406 1044 5466 τὰς
1083 5403 1261 5468 λέξεις
1296 5402 1422 5456 οὔτε
1452 5400 1594 5455 κατὰ
1617 5399 1716 5470 τὴν
1745 5399 1978 5453 ἔννοιαν.

385 5502 559 5555 Ὅθεν
584 5498 929 5568 ὲλέγξαντες,
952 5497 1028 5562 ὡς
1059 5499 1116 5550 αἱ
1139 5494 1550 5566 προφερομέναι
1580 5493 1734 5564 παρὰ
1755 5491 1863 5545 τῶν
1895 5493 1982 5544 αἱ-

382 5591 630 5668 ρετικῶν
658 5593 755 5648 δύο
788 5591 1094 5656 ἐπιστολαὶ,
1121 5588 1341 5651 οὐδενὸς
1364 5587 1554 5658 ἑτέρου
1580 5586 1614 5658 ἢ
1644 5587 1744 5656 τῆς
1777 5583 1987 5654 πλάνης

468 5737 497 5767 ιι
529 5729 706 5784 Galat.
735 5744 808 5792 IV,
846 5727 899 5781 4.

2083 4662 2402 4708 sanctorum
2423 4662 2762 4718 nostrorum,
2781 4668 2946 4707 nemo
2966 4652 3192 4721 sapiens
3213 4652 3464 4723 ignorat;
3488 4651 3673 4706 dicere

2081 4745 2232 4799 enim
2285 4759 2399 4798 non
2453 4759 2576 4799 esse
2617 4743 2757 4799 duas
2792 4752 3019 4798 naturas
3048 4783 3063 4807 ,
3116 4759 3284 4797 unam
3335 4741 3673 4797 adorandam

2085 4853 2364 4908 unamque
2416 4853 2526 4892 non
2579 4837 2941 4902 adorandam,
2999 4853 3064 4892 ac
3095 4853 3320 4891 rursum
3383 4835 3677 4904 utriusque

2083 4929 2408 4987 substantia:
2453 4946 2617 4985 unam
2676 4947 2799 4986 esse
2852 4930 3218 4999 eamdemque
3269 4927 3675 4991 adorationem,

2088 5023 2355 5094 iniustum
2406 5031 2528 5088 est;
2582 5023 2713 5078 item
2754 5033 2999 5078 creatam
3048 5035 3378 5090 servamque
3413 5019 3678 5073 substan-

2089 5117 2218 5170 tiam
2273 5131 2438 5169 unam
2490 5115 2696 5171 habere
2755 5116 3121 5185 eamdemque
3166 5112 3555 5166 adorationem
3611 5127 3678 5164 ac

2083 5207 2403 5263 Creatorem
2434 5217 2490 5261 et
2519 5209 2836 5274 Dominum,
2861 5209 3067 5262 nullam
3104 5207 3271 5260 habet
3299 5201 3674 5257 dill'ercntiam

2087 5318 2191 5356 nec
2220 5301 2410 5355 verbis
2475 5317 2577 5354 nec
2607 5301 2660 5354 in
2694 5309 2901 5356 mente.
2932 5301 3345 5372 l’rnbatoquod
3389 5298 3514 5350 dua:
3561 5299 3682 5364 cpi-

2089 5395 2244 5448 stola:
2288 5393 2358 5446 ab
2415 5391 2692 5446 haereticis
2748 5392 2976 5462 prolata:
3024 5392 3234 5446 nullius
3273 5389 3508 5445 alterius
3551 5397 3683 5441 sunt

2093 5501 2260 5556 quam
2288 5485 2501 5538 erroris
2538 5484 2870 5554 Apolinarii,
2906 5491 3073 5554 atque
3106 5492 3310 5538 exterae
3333 5483 3388 5537 in
3429 5478 3678 5536 Ecclesia

2095 5580 2403 5647 catholica,
2465 5577 2628 5633 nobis
2683 5577 3175 5633 demonstrandum
3223 5585 3310 5632 est
3358 5581 3682 5630 sanctorum

463 5867 778 5942 (2)Con1‘er
821 5868 969 5925 dicta
998 5882 1030 5924 a
1057 5879 1146 5922 me
1174 5865 1268 5941 _in
1321 5864 1429 5920 hoc
1481 5862 1759 5921 volumine
1798 5879 1922 5934 pag.
1972 5860 2092 5916 164.
