4148 6452
495 374 636 441 1127

1631 374 2073 438 JUSTINIANI
2115 373 2635 435 IMPERATORIS

3639 365 3774 431 1128

494 492 720 546 Patrum
754 500 1071 545 nostrormn
1106 489 1465 551 testimoniis,
1513 504 1634 558 quas
1681 491 1904 542 inventa
1947 497 2078 544 stmt

2189 489 2324 541 εἰσὶν
2366 485 2778 556 Ἀπολιναρίου,
2815 484 2913 538 καὶ
2971 484 3256 555 ἀλλότριαι
3310 486 3409 554 τῆς
3469 482 3774 551 καθολικῆς

491 584 560 639 ab
591 584 882 653 Accphalis
931 583 1356 637 atlinventioncs
1383 597 1505 637 csse
1541 593 1818 636 constare.

2197 579 2547 649 Ἐκκλησίας,
2577 578 2843 648 δείξωμεν
2877 578 2959 630 ὅτι
2989 578 3085 631 καὶ
3112 579 3224 640 τοῖς
3252 576 3408 647 παρὰ
3459 574 3570 628 τῶν
3602 575 3775 643 ἁγίων

489 677 653 748 ήμῶν
710 676 970 745 Πατέρων
1033 676 1460 745 ἐκτεθειμένοις,
1523 675 1748 729 ἐναντία
1800 674 1872 728 τὰ
1925 673 2078 746 παρὰ
2129 674 2450 744 Ἀκεφάλων
2501 671 3078 742 πεπλαστουργημένα
3125 671 3448 725 καθεστᾶσι.
3519 667 3778 740 (Sequun‘

491 781 581 822 tur
604 768 883 823 Athanasii
907 779 956 821 et
994 767 1184 838 Cyr-illi
1222 778 1346 823 nota
1390 769 1738 838 testimonia.)

563 863 638 917 Ex
685 861 944 915 omnibus
990 862 1324 931 supradictis
1373 864 1664 934 perspicue
1725 862 2074 916 demonstra-

495 969 608 1013 tum
645 956 815 1012 fuisse
847 957 1180 1012 conﬁdimus
1210 967 1529 1013 sanctorum
1593 959 1817 1012 Patrum
1870 956 2076 1011 doctri-

492 1049 578 1104 nis
609 1048 894 1102 adversari
939 1048 1177 1118 tidcique
1223 1048 1555 1103 Christiana:
1613 1063 1736 1103 esse
1796 1046 2075 1101 contraria

491 1156 616 1210 qua:
687 1139 756 1192 ab
816 1139 1095 1193 hmreticis
1151 1139 1547 1208 proferuntur;
1600 1153 1727 1191 cum
1784 1136 2076 1191 manifeste

491 1241 718 1288 sanctus
767 1233 1103 1286 Athanasius
1145 1240 1481 1301 sanctusque
1531 1230 1769 1302 Cyrillus
1800 1230 1938 1283 duas
1981 1244 2078 1282 na-

496 1337 646 1381 turas
679 1324 886 1380 Christi
916 1324 1224 1378 divinitatis
1267 1323 1740 1392 humanitatisque
1775 1323 2080 1376 conlitcan-

494 1429 608 1484 tur,
637 1434 800 1472 unam
838 1417 1141 1472 increatam
1190 1433 1255 1472 ac
1287 1418 1517 1471 alteram
1565 1424 1808 1470 creatam
1861 1413 2075 1476 dicant,

495 1525 714 1578 unaque
772 1508 1096 1563 adoratione
1145 1507 1366 1562 adorari
1425 1523 1598 1560 unum
1641 1504 1932 1559 Dominum
1984 1518 2078 1556 no-

493 1610 672 1654 strum
697 1601 886 1656 Jesum
918 1599 1202 1653 Christum
1260 1599 1517 1653 doceant.
1560 1597 1854 1652 Sutliciunt
1913 1597 2082 1666 igitur

492 1693 810 1763 supradicta
849 1692 915 1746 ad
941 1692 1347 1762 Acephalorum
1398 1690 1863 1745 machinationem
1896 1687 2084 1742 confu-

497 1783 741 1838 tandam.
772 1782 1027 1837 Attamen
1062 1781 1204 1836 nihil
1239 1781 1440 1836 melius
1462 1781 1754 1835 stultitiam
1785 1779 1871 1832 vcl
1904 1779 2085 1848 potius

495 1876 960 1932 machinationem
999 1889 1196 1929 eorum
1229 1873 1504 1938 confutat,
1543 1887 1712 1942 quam
1751 1871 1982 1941 epistola
2015 1869 2084 1924 ab

493 1968 606 2022 illis
627 1968 842 2038 prolata
862 1976 1120 2037 tanquam
1145 1965 1275 2020 Julii
1299 1966 1483 2018 Romae
1499 1962 1742 2034 episcopi
1772 1965 1929 2032 cujus
1949 1962 2085 2016 alias

493 2061 802 2116 falsiﬁcatio
868 2060 1308 2114 demonstratur.
1372 2059 1574 2126 licipsa
1631 2057 1840 2111 veteris
1898 2056 2085 2109 Romae

492 2154 812 2211 sacerdotes
849 2153 905 2207 in
934 2151 1195 2208 omnibus
1225 2151 1545 2221 apostolica;
1606 2148 1889 2203 traditioni
1914 2147 2081 2201 obse-

493 2255 753 2318 quentes,
813 2260 1101 2314 nunquam
1133 2244 1279 2298 inter
1306 2259 1366 2298 se
1405 2242 1814 2312 discreparunt,
1847 2240 1944 2295 scd
1999 2256 2085 2294 re—

495 2348 642 2394 ctam
681 2353 746 2393 ac
789 2352 980 2393 veram
1015 2352 1190 2406 usque
1240 2335 1309 2390 ad
1376 2335 1523 2390 hanc
1579 2334 1726 2388 diem
1775 2333 2084 2388 doctrinam

494 2438 874 2486 servaverunt.
936 2430 1167 2499 Insuper
1212 2428 1497 2482 insolitum
1523 2437 1610 2482 est
1643 2425 1850 2480 veteris
1898 2425 2086 2478 Itonia:

494 2525 827 2597 patriarchm
867 2522 1185 2595 hujusmodi
1241 2522 1448 2591 scripto
1491 2520 1592 2586 uti,
1633 2519 1781 2590 quod
1836 2519 1926 2572 isti
1960 2533 2088 2586 pro-

497 2618 704 2679 ferunt,
737 2631 849 2671 non
881 2615 1121 2669 dicimus
1175 2614 1242 2668 ad
1275 2613 1656 2684 presbyteros,
1705 2619 1766 2665 ut
1805 2610 1881 2665 illi
1926 2625 2085 2662 men-

497 2709 738 2773 tiuntur,
768 2705 863 2761 sed
893 2721 997 2761 nec
1024 2706 1192 2759 etiam
1247 2703 1316 2758 ad
1346 2703 1661 2774 episcopos,
1693 2716 1797 2756 nec
1825 2699 1892 2754 ad
1936 2700 2086 2770 ipsos

496 2798 1062 2872 patriarchas.Tertio
1079 2796 1402 2866 nosmetipsi
1426 2805 1716 2867 postquam
1740 2794 2086 2850 misissemus

494 2892 562 2947 ad
616 2891 927 2945 archivium
978 2889 1168 2960 palatii
1220 2887 1552 2959 episcopalis
1595 2887 1800 2942 veteris
1850 2886 2082 2951 Itomze,

494 2983 632 3038 nihil
661 2982 980 3056 hujusmodi
1012 2999 1042 3037 a
1070 2981 1218 3038 Julio
1246 2991 1452 3037 sancta:
1485 2981 1765 3035 memoria:
1815 2979 2084 3050 scriptum

496 3044 824 3147 reperimus.
881 3075 1146 3146 Epistolas
1201 3081 1388 3129 autem
1441 3071 1731 3128 Athanasii
1786 3044 1962 3126 sancti
2015 3044 2157 3126 adC

493 3168 810 3233 Jovianum,
854 3169 924 3223 ab
983 3169 1095 3222 illis
1133 3167 1382 3239 prolattc,
1437 3166 1630 3221 multis
1682 3164 1862 3220 modis
1887 3163 2084 3219 confu-

497 3272 647 3319 tatur
679 3261 1030 3318 mendacium
1057 3261 1318 3316 omnibus
1348 3260 1564 3315 viribus
1597 3269 1938 3324 astructum;
1973 3273 2086 3313 non

492 3357 642 3412 cnim
676 3356 1060 3412 characterem
1095 3356 1344 3425 epistolae
1376 3353 1616 3426 praefert,
1673 3369 1776 3409 nec
1818 3353 1958 3423 stylo
1986 3351 2088 3407 im-

495 3453 741 3523 peratori
800 3452 1176 3508 conveniente
1235 3452 1521 3507 scribitur.
1593 3451 1825 3520 Insuper
1869 3448 2086 3506 Joviani

499 3545 846 3615 temporibus
869 3545 1018 3600 nulla
1052 3545 1431 3600 controversia
1460 3545 1530 3599 de
1554 3543 1900 3598 humanitate
1925 3541 2089 3598 Chri-

498 3637 569 3692 sti
615 3637 799 3692 fuerat
827 3646 1130 3703 commota,
1173 3637 1269 3691 scd
1300 3636 1370 3692 de
1420 3635 2000 3691 consubstantialitate
2031 3633 2087 3687 in

497 3726 792 3792 'l‘rinitate,
827 3727 1008 3797 qualis
1035 3725 1140 3781 fuit
1166 3727 1383 3781 insania
1433 3725 1638 3780 Ariana
1669 3741 1792 3796 qua:
1814 3732 1946 3780 tunc
1980 3724 2086 3780 Ec-

497 3817 698 3873 elesias
763 3817 1134 3887 perturbavit,
1182 3817 1252 3873 de
1299 3833 1408 3886 qua
1437 3832 1568 3871 vera
1623 3825 1804 3871 exstat
1853 3815 2088 3886 epistola

495 3910 977 3966 sanctiAthanasii
1011 3910 1081 3965 ad
1106 3909 1402 3966 Jovianum
1435 3909 1664 3979 scripta,
1689 3909 1849 3980 cujus
1874 3908 1929 3963 in
1951 3923 2089 3963 con-

492 4004 659 4059 cione
709 4003 933 4059 funebri
993 4001 1172 4058 sancti
1222 4001 1512 4057 Athanasii
1571 4001 1824 4057 meminit
1873 3999 2085 4072 Grego-

497 4094 618 4150 rius
644 4093 984 4165 Theologus,
1039 4107 1320 4164 quamque
1367 4092 1640 4164 integram
1687 4092 1858 4149 refert
1897 4093 2088 4149 Timo-

496 4188 666 4243 theus
719 4185 1031 4256 Apolinarii
1086 4184 1420 4255 discipulus,
1465 4184 1520 4239 in
1563 4201 1665 4240 sua
1718 4185 1976 4250 historia,
2009 4184 2090 4240 sic

497 4280 868 4335 habentem...

2255 855 2479 929 (Deinde
2506 870 2561 924 p.
2605 853 2758 923 229.)
2808 851 2906 905 Διὰ
2956 852 3178 906 πάντων
3219 849 3374 923 οἶμαι
3401 853 3514 906 τῶν
3547 857 3773 927 εἰρημέ-

2182 968 2291 1003 νων
2316 948 2508 1018 σαφῶς
2539 947 2941 1011 ἁποδὲδεικται,
2965 946 3281 999 ὄτιέναντία
3311 949 3434 1011 ταῖς
3460 949 3571 1003 τῶν
3605 951 3778 1020 ἁγίων

2183 1040 2448 1110 Πατέρων
2491 1037 2870 1100 διδασκαλίαις
2915 1037 3088 1103 ἐστὶν,
3121 1038 3219 1092 καὶ
3254 1038 3516 1108 ἀλλότρια
3543 1042 3641 1111 τῆς
3667 1043 3779 1099 τῶν

2184 1132 2533 1206 Χριστιανῶν
2567 1133 2809 1196 πίστεως
2845 1134 2915 1186 τὰ
2957 1132 3109 1204 παρὰ
3147 1133 3257 1185 τῶν
3307 1136 3606 1204 αίρετικῶν
3638 1156 3778 1207 προ-

2186 1227 2503 1298 φερόμενα·
2545 1226 2800 1297 φανερῶς
2843 1224 2938 1279 τοῦ
2988 1243 3048 1279 τε
3090 1228 3149 1280 ἐν
3201 1228 3382 1296 ἁγίοις
3426 1229 3774 1298 Ἀθανασίου,

2182 1322 2278 1376 καὶ
2321 1323 2418 1374 τοῦ
2455 1324 2514 1374 ἐν
2567 1321 2748 1390 ἁγίοις
2790 1320 3089 1390 Κυρίλλου,
3123 1320 3225 1391 τῆς
3260 1321 3520 1393 θεότητος
3549 1324 3646 1377 καὶ
3675 1325 3776 1395 τῆς

2182 1414 2279 1468 ἀνθ
2290 1413 2605 1484 ρωπότητος
2630 1411 2724 1464 τοῦ
2745 1410 2984 1483 Χριστοῦ
3007 1410 3098 1464 δύο
3126 1413 3316 1479 φύσεις
3343 1413 3772 1482 ὁμολογούντων,

2185 1509 2279 1562 καὶ
2304 1509 2403 1578 τὴν
2439 1506 2537 1576 μὲν
2571 1505 2854 1569 ἁκτιστον,
2885 1503 2986 1574 τὴν
3015 1504 3072 1557 δὲ
3102 1504 3329 1573 κτιστὴν
3355 1505 3651 1572 λεγόντων,
3680 1508 3776 1561 καὶ

2189 1601 2290 1670 μιᾷ
2351 1599 2728 1670 προσκυνήσει
2773 1596 3206 1669 προσκυνεῖσθαι
3259 1598 3629 1653 διδασκόντων
3681 1600 3777 1652 τὸν

2120 1686 2159 1741 Β
2189 1692 2286 1744 ἕνα
2328 1689 2534 1760 Κύριον
2575 1689 2733 1759 ἡμῶν
2776 1687 2986 1759 Ἰησοῦν
3027 1689 3286 1759 Χριστόν.
3325 1690 3434 1742 Καὶ
3471 1693 3633 1760 ἀρκεῖ
3671 1692 3772 1760 μὲν

2189 1783 2258 1836 τὰ
2293 1782 2564 1852 εἰρημένα
2588 1781 2725 1852 πρὸς
2753 1780 2982 1851 ἔλεγχον
3007 1780 3108 1850 τῆς
3142 1782 3255 1834 τῶν
3292 1783 3611 1848 ’Δκεφάλων
3646 1801 3776 1836 κακ-

2187 1876 2438 1946 ουργίας.
2497 1875 2646 1946 Πλὴν
2709 1874 2863 1927 οὐδὲν
2920 1873 3125 1927 ἄτοπον
3181 1874 3278 1927 καὶ
3333 1875 3539 1944 ἑτέρως
3592 1877 3776 1929 αὐτῶν

2187 1966 2406 2036 ἐλέγξαι
2459 1967 2557 2038 τὴν
2616 1967 2974 2036 κακοήθειαν,
3005 1967 3089 2020 ὅτι
3141 1968 3174 2036 ἡ
3227 1966 3327 2036 μὲν
3383 1969 3774 2038 προφερομένη

2187 2064 2320 2133 παρ’
2358 2061 2537 2114 αὐτῶν
2600 2058 2888 2130 ἐπιστολὴ,
2933 2061 3009 2121 ὼς
3057 2059 3281 2114 Ἰουλίου
3323 2060 3485 2131 δῆθεν
3527 2060 3623 2114 τοῦ
3658 2064 3777 2114 ἐπι-

2187 2157 2397 2209 σκόπου
2439 2152 2662 2224 Ῥώμης
2692 2152 2785 2206 καὶ
2825 2151 3004 2216 ἄλλως
3047 2151 3328 2206 δείκνυται
3382 2153 3772 2224 πεπλασμένη.

2187 2250 2252 2302 Ol
2277 2248 2386 2318 γὰρ
2424 2248 2594 2318 ίερεῖς
2620 2246 2720 2316 τῆς
2752 2245 3135 2316 πρεσὸυτέρας
3180 2245 3404 2317 Ῥώμης
3436 2249 3502 2317 τῇ
3537 2248 3776 2300 armum-

2186 2342 2311 2413 λικῇ
2348 2341 2437 2396 διὰ
2484 2341 2706 2394 πάντων
2752 2338 3228 2410 ἀκολουθήσαντες
3277 2340 3601 2411 παραδόσει,
3628 2340 3777 2393 οὐδέ-

2187 2449 2321 2486 ποτε
2349 2432 2486 2503 πρὸς
2518 2429 2786 2501 ἀλλήλους
2809 2429 3177 2499 διεφώνησαν,
3203 2428 3339 2483 ἀλλὰ
3361 2432 3458 2496 τὴν
3489 2429 3655 2501 ὀρθὴν
3683 2433 3776 2483 καὶ⁵

2187 2525 2450 2596 ἀληθινὴν
2509 2522 2674 2594 μέχρι
2755 2523 3001 2592 σήμερον
3067 2520 3398 2590 διεφύλαξαν
3450 2521 3612 2586 δόξαν
3670 2523 3772 2594 (3).

2192 2620 2428 2672 Ἔπειτα
2462 2617 2520 2669 δὲ
2569 2616 2647 2679 ὡς
2692 2616 2796 2668 οὐκ
2837 2613 2960 2678 ἐθος
2988 2615 3107 2668 ἐστὶ
3136 2614 3214 2685 τῷ
3253 2614 3355 2685 τῆς
3391 2615 3776 2685 πρεσϐυτέρας

2201 2709 2420 2781 Ῥώμης
2456 2711 2775 2780 πατριάρχῃ
2805 2708 3088 2778 ἐπιγραφῇ
3120 2706 3352 2778 τοιαύτῃ
3382 2708 3622 2780 χρῆσθαι
3657 2708 3774 2763 οἵαν

2186 2799 2337 2859 οῦτοι
2381 2803 2775 2875 προφέρουσιν,
2815 2802 2877 2855 ού
2907 2801 3144 2872 λέγομεν
3171 2800 3310 2873 πρὸς
3340 2801 3774 2873 πρεσϐυτέρους,

2187 2897 2337 2952 ὥσπε
2348 2914 2378 2969 ρ
2409 2897 2572 2950 αὐτοὶ
2600 2895 3062 2965 συκοφαντοῦσιν,
3094 2894 3210 2948 ἀλλ’
3234 2895 3360 2948 οὔτε
3389 2895 3526 2968 πρὸς
3548 2896 3773 2950 ἐπισκό-

2189 3009 2351 3056 πους,
2389 2989 2513 3044 οὔτε
2550 2989 2690 3060 πρὸς
2730 2988 2930 3052 αὐτοὺς
2964 2988 3334 3058 πατριάρχας.
3372 2987 3570 3058 Τρίτον
3598 2988 3655 3042 δὲ
3692 2989 3776 3042 ὅτι

2189 3085 2287 3139 καὶ
2331 3082 2654 3153 πέμψαντες
2687 3083 2768 3144 εἰς
2807 3081 2878 3133 τὰ
2914 3081 3114 3150 ἀρχεῖα
3155 3080 3253 3133 τοῦ
3286 3081 3645 3134 ἐπισκοπείου
3677 3081 3778 3152 τῆς

2189 3175 2572 3248 πρεσϐυτέρας
2619 3173 2861 3244 Ῥώμης,
2905 3171 3061 3225 οὐδὲν
3105 3170 3318 3225 τοιοῦτο
3363 3173 3516 3243 παρὰ
3557 3173 3776 3227 Ἰουλίου

2187 3268 2287 3324 τοῦ
2313 3269 2415 3339 τῆς
2457 3267 2612 3330 ὁσίας
2649 3267 2873 3338 μνήμης
2903 3265 3294 3336 γεγραμμένον
3321 3265 3579 3337 εὕρομεν.
3628 3267 3691 3320 Ἠ
3721 3267 3778 3320 δὲ

2187 3356 2262 3421 ὼς
2292 3356 2448 3428 παρὰ
2491 3354 2819 3409 Ἀθανασίου
2868 3353 2962 3407 τοῦ
3013 3355 3073 3407 ἐν
3124 3354 3307 3424 ἁγίοις
3347 3356 3485 3424 πρὸς
3524 3355 3778 3410 Ἰοϐιανδν

2189 3448 2281 3502 ὑπ’
2312 3447 2494 3502 αὐτῶν
2536 3447 2948 3519 προφερομένη,
2984 3446 3203 3512 πολλοῖς
3231 3446 3516 3518 ἐλέγχεται
3546 3449 3779 3520 τρόποις

2188 3538 2391 3609 ψευδὴς
2421 3538 2740 3592 παντάπασι
2779 3537 3142 3592 καθεστῶσα·
3174 3537 3302 3592 οὔτε
3350 3541 3461 3610 γὰρ
3505 3541 3780 3594 ἐπιστολι-

2195 3636 2354 3705 μαῖυν
2381 3633 2494 3705 ἔχει
2528 3632 2882 3705 χαρακτῆρα,
2914 3631 3040 3686 οὔτε
3080 3634 3373 3707 πρεπούσῃ
3424 3635 3636 3706 βασιλεί
3671 3639 3778 3690 ύπ-

2192 3725 2395 3796 αγορίᾳ
2455 3724 2817 3779 συντέθειται.
2862 3725 3001 3778 Ἀλλ’
3033 3725 3156 3779 οὐδὲ
3203 3727 3298 3778 ἐπὶ
3352 3726 3462 3780 τῶν
3517 3726 3776 3782 Ἰοὸιανοῦ

2191 3817 2402 3888 χρόνων
2433 3817 2686 3887 περὶτῆς
2713 3815 3184 3888 ὲνανθρωπήσεως
3203 3816 3300 3871 τοῦ
3327 3818 3532 3890 Κυρίου
3574 3821 3784 3890 ἀμφισ-

2191 3909 2423 3982 6ήτησίς
2478 3927 2564 3975 τις
2623 3909 2929 3980 ἐκεκίνητο,
2957 3910 3094 3963 ἀλλὰ
3125 3910 3387 3983 περὶτῆς
3435 3913 3495 3965 ἐν
3545 3915 3612 3984 τῇ
3649 3914 3780 3986 ἁγίᾳ

2192 4003 2386 4074 Τριάδι
2423 4003 2842 4074 ὁμουσιότητος,
2881 3997 2972 4058 οἷα
3009 4004 3112 4075 τῆς
3177 4004 3530 4078 Ἀρειανικῆς
3583 4008 3781 4077 μανίας

2191 4096 2500 4167 τηνικαῦτα.
2527 4098 2647 4160 ταῖς
2685 4096 3044 4166 Ἐκκλησίαις
3085 4098 3388 4170 ὀχλούσης·
3420 4102 3552 4172 περὶ
3585 4095 3653 4174 ἦς
3686 4101 3783 4154 καὶ

2193 4188 2227 4259 ή
2282 4187 2495 4258 ἀληθὴς
2551 4188 2813 4260 ἐπιστολὴ
2863 4189 2957 4243 τοῦ
2985 4191 3043 4245 ἐν
3073 4191 3251 4260 ἁγίοις
3291 4192 3615 4247 Ἀθανασίου
3643 4195 3783 4263 πρὸς

2205 4280 2466 4334 Ἰοδιανὸν
2520 4282 2887 4354 γεγραμμένη
2941 4279 3253 4358 φέρεται,ᾖ
3295 4287 3388 4339 καὶ
3421 4287 3723 4358 Γρηγόριος
3754 4288 3785 4339 ὁ

496 4372 764 4442 Θεολόγος
821 4374 880 4425 ὲν
930 4369 1012 4440 τῷ
1061 4367 1338 4436 ἐπιταφίῳ
1405 4365 1501 4421 τοῦ
1544 4368 1702 4436 ἁγίου
1763 4369 2084 4426 Ἀθανασίου
2148 4377 2443 4445 μαρτυρεῖ,
2516 4375 2612 4429 καὶ
2666 4376 2932 4448 Τιμόθεος
3005 4378 3033 4430 0
3091 4378 3342 4450 μαθητὴς
3405 4380 3782 4453 Ἀπολιναρίου

498 4465 706 4535 ταύτην
728 4465 1037 4534 ὀλόγραφον
1065 4465 1124 4516 ἐν
1154 4463 1220 4532 τῇ
1248 4460 1430 4529 οἰκείᾳ
1447 4461 1665 4534 τίθησιν
1727 4463 1941 4536 ἱστορίᾳ
1973 4465 2086 4536 ἔχοι

2189 4467 2431 4533 ιοῦτως.
2493 4466 2768 4540 (Sequitur
2830 4472 2970 4525 edita
3031 4471 3317 4528 Athanasii
3365 4475 3436 4529 ad
3498 4476 3785 4531 Iovianum

494 4556 719 4630 epistola
729 4556 767 4626 .)

571 4649 732 4704 Nunc
767 4657 953 4702 autem
987 4645 1058 4702 de
1075 4646 1368 4704 Timotheo
1387 4646 1582 4704 {Eluro
1616 4649 1928 4721 loquamur,
1962 4666 2086 4706 cum

2268 4652 2352 4726 [Ρ.
2387 4652 2538 4725 254.]
2572 4654 2846 4724 Δείξωμεν
2874 4655 2929 4709 δὲ
2962 4658 3054 4709 καὶ
3087 4659 3355 4730 Τιμόθεον
3387 4661 3480 4715 τὸν
3521 4663 3785 4736 Αἴλουρον

500 4739 822 4797 Manicha-is
852 4741 1253 4800 consentiente,
1270 4741 1550 4796 contraria
1572 4758 1708 4797 vero
1739 4745 1949 4798 sanctis
1978 4744 2086 4798 Pa-

500 4833 682 4888 tribus
710 4831 1016 4888 Athanasio
1058 4830 1378 4904 Cyrilloque
1420 4833 1693 4902 docente;
1747 4835 1888 4890 dicit
1935 4837 2087 4890 enim

501 4925 620 4981 haec
643 4924 788 4979 idem
807 4924 1158 4990 Timotheus,
1175 4927 1355 4997 capite
1369 4938 1566 4983 octavo
1585 4927 1711 4982 libri
1733 4929 2086 5000 tertii,quem

502 5020 560 5075 in
605 5017 956 5075 Chersoneso
997 5019 1222 5091 scripsit
1266 5039 1278 5074 :
1331 5041 1348 5072 ι
1398 5021 1609 5076 Natura
1649 5031 1835 5077 autem
1877 5022 2086 5078 Christi

498 5112 618 5168 sola
655 5112 920 5169 divinitas
960 5121 1076 5178 est,
1109 5114 1216 5168 etsi
1257 5114 1428 5169 fuerit
1466 5114 1774 5170 incarnata.
1815 5134 1833 5165 ι
1882 5115 2090 5171 Eadem

500 5224 634 5263 vero
658 5207 996 5263 Manichacus
1020 5208 1270 5264 scribens
1299 5209 1353 5263 in
1385 5210 1618 5279 epistola
1642 5209 1712 5265 ad
1741 5209 2086 5277 Cundarum,

500 5299 620 5353 lucc
636 5298 798 5354 dicit:
823 5320 841 5350 ι
861 5300 977 5357 Una
997 5311 1192 5356 natura
1210 5311 1296 5357 est
1310 5303 1630 5368 totum,etsi
1645 5303 1900 5359 videatur
1915 5305 2088 5376 ﬁgura

498 5393 706 5447 carnis.
741 5411 761 5444 ι
792 5393 874 5447 Ad
909 5392 1028 5448 haec
1057 5404 1245 5449 autem
1275 5394 1535 5461 dicimus,
1555 5397 1600 5450 si
1627 5397 1784 5466 juxta
1815 5396 2089 5452 insaniam

499 5483 779 5539 Timothei
811 5493 1009 5540 natura
1033 5485 1237 5542 Christi
1263 5489 1336 5543 sit
1359 5491 1476 5547 sola
1499 5491 1787 5556 divinitas,
1805 5491 2088 5548 Christum

499 5593 635 5649 ergo
671 5593 793 5635 esse
830 5581 1053 5636 Patrem
1093 5597 1159 5636 ac
1201 5581 1468 5654 Spiritum
1513 5594 1808 5652 sanctum;
1849 5602 1960 5642 una
2003 5597 2090 5641 est

503 5667 652 5720 enim
687 5678 884 5724 natura
916 5671 1261 5740 divinitatis,
1290 5674 1473 5730 Patris
1512 5676 1845 5745 scilicetuct
1876 5676 1998 5731 Filii
2033 5687 2090 5732 et

545 5779 654 5858 _(5)
683 5781 951 5862 i‘jotemus
983 5787 1306 5862 praeclarum
1338 5789 1636 5846 Justinioni
1674 5793 1805 5862 imp.
1842 5793 2095 5847 testimo-

504 5851 657 5902 nium
688 5851 758 5910 de
799 5851 1063 5926 perpetua
1105 5857 1480 5917 Romanorum
1523 5851 1854 5919 l‘ontitic'um
1895 5864 2091 5919 ortho-

2198 4745 2471 4816 σύμφωνα
2509 4746 2611 4815 μὲν
2667 4749 3011 4819 Μανιχαίων,
3045 4752 3269 4805 ἐναντία
3320 4754 3378 4808 δὲ
3431 4758 3542 4818 τοῖς
3598 4757 3785 4822 αὐτοῖς

2196 4840 2378 4908 ἁγίοις
2410 4842 2692 4912 Πατρὰσιν
2729 4845 3034 4917 Ἀθανασίῳ
3057 4848 3153 4901 καὶ
3195 4850 3453 4920 Κυρίλλῳ
3478 4853 3789 4923 φρονήσαν-

2194 4949 2283 4986 τα.
2311 4933 2477 5002 Λέγει
2511 4934 2620 5006 γὰρ
2648 4937 2677 4988 0
2708 4937 2870 5001 αὐτὸς
2899 4940 3166 5010 Τιμόθεος
3194 4944 3250 4994 ἐν
3280 4943 3360 5013 τῷ
3407 4945 3580 5016 ὀγδόῳ
3609 4963 3785 5014 κεφαο

2195 5023 2334 5095 λαίῳ
2364 5023 2460 5078 τοῦ
2502 5025 2688 5098 τρίτου
2717 5027 2950 5098 βιϐλίου,
2982 5030 3121 5102 ὅπερ
3152 5033 3210 5086 ἐν
3242 5034 3489 5105 Χέρσωνι
3519 5038 3787 5107 συνέγρα-

2191 5115 2260 5186 ψε
2286 5117 2443 5171 τάδε·
2483 5137 2500 5170 ι
2527 5119 2695 5185 Φύσις
2721 5121 2777 5174 δὲ
2804 5123 3041 5193 Χριστοῦ
3075 5124 3210 5196 μόνη
3245 5126 3460 5198 θεότης,
3485 5131 3534 5183 εἰ
3574 5132 3668 5184 καὶ
3692 5148 3786 5184 σε·-

2195 5210 2498 5283 σὰρκωται.
2522 5232 2539 5264 ι
2579 5215 2662 5268 Τὰ
2697 5215 2844 5268 αὐτὰ
2879 5216 2936 5269 δὲ
2983 5218 3288 5289 Μανιχαῖος
3318 5222 3549 5292 γράφων
3599 5225 3655 5275 ἐν
3713 5226 3785 5296 τῇ

2193 5307 2330 5378 πρὸς
2363 5307 2678 5382 Κούνδαρον
2702 5312 2986 5385 ἐπιστολῇ,
3025 5313 3176 5382 λέγει
3213 5316 3337 5370 τάδε
3361 5333 3376 5346 ο
3426 5336 3442 5368 ι
3475 5319 3591 5372 Μία
3622 5318 3790 5388 φύσις

2193 5400 2255 5454 τὸ
2287 5399 2433 5461 ὅλον,
2487 5404 2536 5456 εί
2591 5405 2687 5458 καὶ
2738 5406 2942 5476 σαρκὸς
3000 5407 3186 5477 ὠρᾶτο
3239 5411 3451 5479 μορφή.
3484 5429 3502 5460 ι
3551 5410 3692 5482 Πρὸς
3727 5411 3788 5464 δὲ

2195 5495 2372 5548 ταῦτα
2425 5494 2680 5566 λέγομεν,
2715 5498 2797 5551 ὃτι
2847 5500 2894 5552 εἰ
2944 5500 3086 5553 κατὰ
3144 5501 3243 5570 τὴν
3284 5503 3471 5557 ἄνοιαν
3514 5504 3786 5575 Τιμοθέου

2198 5585 2364 5653 φύσις
2405 5587 2653 5658 Χριστοῦ
2705 5588 2843 5660 μόνη
2901 5590 3117 5661 θεότης,
3174 5593 3412 5664 Χριστὸς
3466 5594 3574 5667 ἄρα
3624 5597 3720 5648 καὶ
3756 5599 3788 5650 0

2198 5679 2389 5752 Πατὴρ
2449 5683 2546 5735 καὶ
2586 5682 2649 5736 τὸ
2697 5682 2854 5750 ἆγιον
2913 5684 3174 5757 Πνεῦμα·
3225 5687 3324 5757 μία
3371 5688 3481 5761 γὰρ
3530 5689 3789 5759 θεότητος

2207 5795 2391 5878 devia,
2425 5808 2674 5878 cum__t_ot
2702 5809 2895 5855 contra
2945 5800 3153 5878 fuerint
3183 5802 3262 5878 in
3286 5805 3503 5863 caeteris
3546 5805 3786 5877 patriar-

2201 5867 2456 5925 chalibns
2484 5870 2712 5928 sedibus
2740 5882 2988 5942 pastores
3019 5873 3287 5930 haeretici.
