4148 6468
361 385 499 451 1129

1284 364 1730 434 TRACTATUS
1771 360 2071 424 CONTRA
2108 358 2712 420 MONOPHYSITAS.

3494 353 3632 421 1130

362 499 547 570 φύσις,
587 491 805 565 Πατρός
835 505 1018 562 φαμεν
1055 485 1152 542 καὶ
1182 485 1315 540 Υίοῦ
1357 483 1452 537 καὶ
1487 480 1646 550 ἀγίου
1689 475 1946 570 Πνεύμαλ-

2077 469 2292 541 ipirltus
2335 474 2535 528 sancti.
2585 473 2771 530 Passio
2813 489 3064 545 quoque,
3095 475 3251 545 juxta
3290 479 3442 536 illius
3482 483 3634 538 insa-

362 568 476 657 τος.
511 591 710 643 Ἔσται
738 586 796 640 δὲ
831 583 1019 639 καὶτὸ
1051 582 1226 646 πάθος
1270 578 1448 633 κοινὸν
1481 573 1626 632 κατὰ
1663 572 1762 643 τὴν
1807 568 1951 624 ὲκεί-

363 707 457 746 νου
506 686 726 757 μανίαν.
755 681 839 752 (Ρ.
867 677 996 746 εδδ)
1033 674 1204 728 Πάλιν
1244 669 1516 770 τιμιοεςς
1545 667 1574 718 ὁ
1606 664 1951 770 βλάεξφηιιοςν

364 785 438 847 ὡς
473 755 574 835 ούκ
604 773 951 848 ἀρκούμενος
990 765 1289 837 προτέραις
1322 759 1485 816 αὑτοῦ
1521 755 1950 828 ματαιολογίαις,

368 877 426 929 ὲν
455 872 532 942 τῷ
559 867 805 937 δευτέρῳ
835 863 948 917 τῶν
980 854 1390 931 ἀντιρρητικῶν
1417 852 1583 908 αὑτοῦ
1617 852 1813 920 λόγων,
1853 865 1953 942 σας

367 938 638 1036 φέστ-ερον
677 958 777 1029 τὴν
813 952 1012 1010 ἑαυτοῦ
1065 951 1222 1004 νόσον
1259 944 1595 1000 ἐκκαλύπτει
1617 959 1629 972 ’
1663 943 1827 1043 λέγεὶ
1846 938 1953 1043 γὰρ

367 1031 576 1118 οὕτως’
623 1071 642 1105 ι
673 1051 750 1104 Οὐ
772 1048 884 1118 γὰρ
914 1044 1131 1115 φύσεως
1161 1040 1273 1111 ἔχει
1303 1038 1462 1108 λόγον
1496 1038 1530 1109 ἡ
1558 1034 1655 1088 τοῦ
1692 1031 1830 1087 Θεοῦ
1853 1031 1957 1086 Λό-

370 1166 470 1220 γου
506 1147 810 1217 σάρκωσις,
843 1137 963 1193 ἀλλ’
988 1134 1305 1206 οἰκονομίας
1330 1130 1472 1202 ὑπὲρ
1517 1128 1684 1198 φύσιν
1717 1142 1957 1197 πραττο-

374 1242 542 1314 μένης
574 1238 682 1292 ὑπὸ
715 1233 853 1290 Θεοῦ
883 1235 947 1286 ὲκ
987 1231 1086 1302 μὲν
1127 1229 1230 1298 τῆς
1262 1226 1450 1296 κοινῆς
1474 1224 1568 1278 καὶ
1607 1220 1958 1294 ἀνθρωπίνης

371 1331 529 1404 ήμῶν
555 1328 773 1398 φύσεως
810 1326 930 1395 ἦτοι
954 1321 1174 1384 οὐσίας’
1199 1318 1280 1418 sui
1313 1318 1410 1372 καὶ
1447 1315 1694 1418 ὁμοφυὴς
1717 1314 1960 1418 καὶὸμεῗ.

371 1423 536 1494 γενὴς
571 1422 669 1475 καὶ
706 1417 996 1489 ὁμοούσιος
1034 1415 1168 1484 ἡμῖν
1199 1412 1422 1480 λέγεται
1457 1407 1604 1462 κατά
1641 1407 1732 1461 τὸν
1757 1407 1856 1479 τῆς
1882 1405 1961 1460 οἰ·

373 1511 636 1582 κονομίας
655 1509 835 1577 λόγον,
866 1507 983 1575 ἤτοι
1015 1505 1114 1573 τὴν
1139 1504 1203 1556 ἐκ
1228 1500 1486 1570 γυναικὸς
1519 1499 1774 1568 γέννησιν
1794 1513 1807 1527 ·
1833 1495 1959 1550 οῦτε

373 1607 429 1660 δὲ
465 1607 630 1673 φύσις
675 1601 800 1655 οῦτε
832 1599 990 1653 ούσία
1031 1595 1210 1650 κοινοῦ
1245 1612 1389 1658 τινος
1419 1593 1709 1664 ἀνθρώπου
1749 1609 1961 1664 προση-

373 1695 634 1764 γόρευται
685 1690 908 1742 πώποτε
963 1687 1026 1740 τὸ
1079 1687 1350 1757 ἄχραντον
1383 1685 1480 1738 καὶ
1517 1682 1782 1754 ὁμογενὲς
1827 1683 1961 1752 ἡμῖν

376 1788 536 1856 σῶμα
559 1783 657 1838 τοῦ
687 1781 822 1836 Θεοῦ
852 1781 1048 1849 Λόγου.
1081 1798 1098 1831 ι
1146 1778 1245 1832 Διά
1280 1777 1390 1830 τῶν
1422 1778 1544 1846 είρη
1557 1776 1733 1845 μένων
1775 1773 1959 1826 τοίνυν

375 1879 613 1951 φανερὸν
651 1875 1016 1944 καθέστηκεν,
1053 1872 1138 1925 ὅτι
1174 1869 1278 1941 τὴν
1323 1867 1419 1922 τοῦ
1451 1866 1589 1920 Θεοῦ
1616 1865 1794 1935 Λόγου
1828 1865 1962 1935 σάρ-

375 1994 568 2040 κωσιν,
609 1973 826 2044 φύσεως
858 1971 1005 2041 ἔχειν
1034 1969 1365 2040 ἀπαρνεῖται
1391 1965 1551 2030 λόγον
1578 1963 1870 2034 Τιμόθεος.
1896 1961 1960 2014 Et

373 2071 433 2124 δὲ
487 2070 708 2140 φύσεως
738 2065 898 2134 λόγον
932 2065 1034 2117 οὐκ
1080 2063 1217 2133 ἔχει,
1255 2058 1402 2114 κατά
1442 2055 1744 2127 φαντασίαν
1791 2054 1962 2124 μόνην

377 2161 617 2229 φανῆναι
646 2155 853 2227 ταύτην
884 2154 1059 2222 λέγει·
1087 2151 1224 2221 φησὶ
1246 2151 1387 2220 γάρ·
1427 2167 1446 2200 ι
1469 2149 1565 2201 Ἐκ
1592 2147 1690 2218 μὲν
1725 2145 1825 2215 τῆς
1847 2161 1964 2198 κοιο

375 2255 476 2323 νῆς
516 2252 612 2305 καὶ
640 2249 994 2321 ἀνθρωπίνης
1037 2244 1195 2317 ἡμῶν
1233 2243 1452 2313 φύσεως
1473 2242 1594 2312 ἦτοι
1640 2237 1831 2299 οὐσίας
1869 2235 1964 2288 τὸν

377 2346 512 2400 θεὸν
538 2344 714 2412 Λόγον
744 2339 1104 2411 γεγενῆσθαι,
1143 2337 1426 2390 τουτέστιν
1453 2335 1520 2387 ὲκ
1546 2329 1827 2401 γυναικὸς,
1869 2327 1966 2382 καὶ

379 2438 527 2494 κατά
558 2437 722 2492 τοῦτο
744 2437 906 2507 μόνον
933 2433 1027 2487 καὶ
1047 2433 1266 2504 όμοφυᾶ
1294 2429 1390 2483 καὶ
1424 2426 1660 2498 ὁμογενῆ
1710 2425 1806 2476 καὶ
1834 2423 1967 2492 ὁμοο

379 2533 562 2586 ούσιον
592 2532 725 2602 ἡμῖν
748 2527 1029 2598 λέγεσθαι,
1057 2526 1154 2579 καὶ
1182 2523 1313 2586 Θεὸς
1345 2522 1410 2575 ἐκ
1431 2519 1691 2590 γυναικὸς
1730 2515 1966 2585 ἀπετέχ-
1989 2514 1994 2519 ’

382 2625 474 2692 θη.
501 2642 520 2676 ι
560 2621 880 2693 Ὀμοούσιον
898 2620 1033 2689 ἡμῖν
1056 2615 1116 2671 οὐ
1143 2615 1250 2687 μὴν
1275 2613 1438 2668 αὐτὸν
1471 2612 1562 2665 τὸν
1590 2609 1796 2680 Κύριον
1824 2606 1968 2660 κατά

383 2717 707 2788 φύσιν,ἧτοι
734 2713 946 2771 οὐσίαν,
980 2710 1159 2764 κοινὸν
1185 2708 1332 2778 ἔχειν
1353 2723 1406 2760 τι
1451 2704 1588 2776 πρὸς
1644 2700 1970 2774 ἀνθρώπους

383 2812 562 2880 λέγει·
612 2808 811 2876 ἐπάγει
845 2805 978 2876 γὰρ,
1031 2804 1135 2868 ὃτι,
1171 2799 1344 2854 «Οῦτε
1394 2798 1576 2869 φύσις,
1616 2795 1740 2850 οὔτε
1788 2795 1968 2860 οὐσία,

385 2899 571 2956 κοινοῦ
621 2917 766 2962 τινος
807 2895 1097 2968 ἀνθρώπου
1139 2892 1583 2965 προσηγόρευται
1640 2887 1882 2954 πώποτε,
1912 2886 1974 2939 τὸ

384 2996 658 3068 ἄχραντον
687 2992 782 3046 κού⁸
807 2989 1070 3060 ὁμογενὲς
1099 2989 1230 3060 ἡμῖν
1258 2985 1421 3055 σῶμα
1449 2983 1544 3038 τοῦ
1572 2981 1971 3082 ΘεοῦῌΛόγουῖ

386 3089 445 3141 ’Λ
459 3085 757 3156 ρνούμενος
789 3083 845 3136 δὲ
877 3084 942 3153 τῇ
989 3081 1236 3153 ἡμετέρᾳ
1270 3095 1431 3148 φυσει
1482 3077 1762 3130 κοινωνεῖν
1787 3073 1848 3127 τὸ
1877 3073 1972 3125 τοῦ

2055 564 2200 617 niam
2221 608 2233 630 ,
2263 567 2576 621 communis
2605 568 2733 622 erit.
2767 568 2982 624 Rursus
3013 571 3341 628 Timotheus
3375 575 3636 646 blasphe-

2054 668 2199 720 mus,
2224 656 2380 724 quasi
2411 672 2521 710 non
2555 657 2660 712 sibi
2687 659 3005 715 sullicerent
3035 663 3287 718 stultitiae
3317 666 3550 737 priores,
3580 669 3635 723 in

2053 745 2199 800 libro
2244 749 2491 804 secundo
2535 753 3044 808 controversiarum
3090 770 3349 821 suarum,
3389 760 3638 829 apertius

2055 841 2313 895 morbum
2351 858 2512 898 suum
2548 847 2786 912 revelat;
2819 848 2902 903 sic
2932 850 3081 904 enim
3119 852 3366 922 loquitur
3398 871 3415 911 :
3458 874 3476 907 ι
3515 857 3637 912 Non

2055 933 2203 987 enim
2239 945 2454 990 natura:
2490 938 2657 992 habet
2687 938 2929 994 Verbum
2966 942 3065 998 Dei
3099 944 3266 1000 Verbi
3304 947 3638 1014 incarnatio,

2057 1026 2153 1080 sed
2203 1028 2526 1083 ceconomia:
2577 1030 2723 1085 ultra
2771 1041 3026 1088 naturam
3075 1035 3289 1093 effecta:
3334 1056 3363 1094 a
3410 1041 3524 1096 Deo
3572 1058 3641 1098 ex

2058 1120 2337 1174 communi
2384 1121 2610 1190 quidem
2656 1122 3007 1195 humanaque
3057 1137 3246 1184 nostra
3284 1141 3481 1189 natura
3523 1135 3640 1190 sive

2060 1211 2387 1266 substantia.
2419 1213 2549 1267 Ideo
2580 1224 2800 1281 natura,
2830 1219 3188 1287 generatione
3217 1224 3639 1299 substantiaquc

2059 1303 2258 1359 similis
2280 1306 2442 1360 nobis
2472 1306 2678 1362 dicitur
2702 1310 3011 1366 secundum
3035 1318 3360 1373 oeconomiae
3380 1321 3636 1387 verbum,

2061 1397 2176 1452 sive
2237 1414 2306 1453 ex
2369 1399 2604 1456 muliere
2661 1401 3044 1472 nativitatem;
3108 1423 3392 1481 nunquam
3456 1426 3638 1470 autem

2061 1499 2262 1544 natura
2295 1492 2384 1546 vel
2424 1493 2733 1548 substantia
2776 1498 3087 1553 communis
3127 1502 3363 1576 alicujus
3399 1505 3643 1564 hominis

2061 1591 2316 1636 vocatum
2350 1591 2436 1638 est
2459 1585 2727 1640 mundum
2762 1587 3056 1660 simileque
3090 1593 3251 1649 nobis
3284 1599 3642 1665 generatione

2061 1689 2266 1746 corpus
2292 1676 2388 1732 Dei
2415 1677 2605 1734 Verbi.
2637 1697 2655 1731 ι
2689 1680 2767 1734 Ex
2791 1682 2955 1739 dictis
2981 1686 3212 1743 evidens
3241 1705 3375 1762 ergo
3405 1703 3643 1761 constat,

2063 1766 2504 1826 incarnationem
2549 1773 2647 1828 Dei
2681 1775 2882 1843 Verbi,
2916 1789 3129 1835 naturae
3161 1783 3392 1839 verbum
3436 1789 3645 1845 habere

2064 1876 2268 1932 negare
2299 1862 2675 1920 Timotheum.
2710 1867 2766 1923 Si
2802 1878 2986 1925 autem
3022 1882 3236 1930 naturae
3264 1878 3496 1934 verbum
3532 1897 3643 1936 non

2064 1949 2262 2016 habet,
2295 1954 2605 2009 secundum
2643 1958 2886 2027 speciem
2927 1961 3099 2016 solam
3135 1967 3459 2034 apparuisse
3495 1969 3644 2026 illam

2063 2042 2229 2110 dicit;
2267 2044 2402 2100 dicit
2436 2046 2585 2101 enim
2629 2065 2643 2101 :
2685 2067 2703 2099 ι
2743 2048 2823 2104 Ex
2857 2054 3136 2107 communi
3178 2057 3405 2125 quidem
3449 2059 3645 2117 huma-

2066 2150 2245 2205 naque
2282 2145 2470 2194 uestra
2503 2147 2704 2195 natura
2744 2157 2842 2197 seu
2882 2145 3192 2202 substantia
3225 2148 3376 2205 Deus
3403 2151 3646 2208 Verbum

2064 2228 2286 2298 genitus
2313 2239 2422 2294 est,
2447 2231 2662 2288 scilicet
2689 2249 2757 2288 ex
2787 2235 3043 2302 muliere,
3095 2241 3516 2314 secundumque
3542 2245 3649 2302 hoc

2066 2321 2246 2376 solum
2283 2321 2482 2378 similis
2513 2325 2674 2381 nobis
2713 2340 2944 2394 natura,
2978 2334 3342 2402 generatione
3381 2338 3649 2394 substan-

2067 2412 2255 2483 tiaque
2298 2414 2528 2483 dicitur,
2564 2418 2818 2490 Deusque
2867 2422 2936 2478 de
2983 2425 3218 2482 muliere
3267 2438 3430 2485 natus
3476 2443 3582 2489 est.
3623 2455 3644 2486 ι

2069 2505 2315 2564 Similem
2347 2511 2508 2568 nobis
2538 2513 2868 2584 substantia,
2891 2519 2989 2574 sed
3016 2535 3126 2576 non
3159 2521 3339 2592 ipsum
3361 2526 3649 2584 Dominum

2069 2601 2376 2656 secundum
2407 2613 2664 2660 naturam
2685 2647 2700 2672 ,
2729 2623 2826 2663 seu
2862 2611 3230 2670 substantiam
3259 2617 3469 2688 aliquid
3497 2637 3652 2678 com-

2072 2693 2258 2748 munis
2291 2710 2417 2750 cum
2451 2696 2775 2756 hominibus
2807 2701 3016 2759 habere
3049 2705 3212 2774 dicit;
3253 2708 3408 2766 addit
3443 2714 3592 2770 enim
3637 2735 3651 2771 :

2081 2800 2100 2834 ι
2157 2784 2272 2839 Nec
2320 2796 2556 2853 natura,
2609 2807 2714 2847 nec
2764 2794 3076 2852 substantia
3128 2798 3366 2870 alicujus
3414 2803 3656 2862 hominis

2074 2888 2318 2943 unquam
2372 2887 2627 2934 vocatum
2683 2893 2770 2937 est
2821 2885 3093 2941 mundum
3151 2889 3444 2964 similcque
3495 2898 3657 2954 nobis

2075 2969 2436 3034 generatione
2469 2985 2673 3042 corpus
2703 2975 2799 3030 Dei
2828 2977 3017 3034 Verbi.
3056 3001 3074 3033 ι
3110 2981 3247 3040 Cum
3277 2997 3442 3056 neget
3469 3000 3655 3047 autem

2077 3073 2282 3130 corpus
2318 3063 2534 3118 Domini
2577 3082 2700 3120 cum
2739 3079 2930 3125 nostra
2970 3081 3170 3130 natura
3210 3083 3655 3154 communicare,

387 3149 606 3253 κυρίου.
625 3178 808 3250 σῶμα,
825 3149 1094 3249 πρόδηλός
1113 3149 1232 3227 ἐστι
1261 3172 1400 3243 πρὸς
1426 3170 1646 3266 ἀπάτην
1663 3167 1759 3266 καλἶ
1783 3169 1973 3266 μόνην,

2079 3149 2366 3206 evidenter
2411 3153 2480 3208 ad
2526 3155 2914 3226 decipiendum
2963 3173 3128 3233 atque
3179 3166 3247 3221 ad
3297 3149 3658 3230 detinendam

2082 3253 2183 3266 “nn
2213 3255 2346 3266 ..Αιυι
2389 3241 2652 3266 '1.._‘_--__u.'
2686 3247 2861 3266 “.2..-”
2913 3265 2920 3266 κ
2953 3249 2986 3266 οι
3014 3252 3045 3266 ιι
3231 3255 3265 3266 ι.
3332 3256 3344 3266 .
3513 3259 3566 3266 .--

384 3278 456 3346 τῇ
511 3272 604 3326 τοῦ
655 3267 1038 3340 Μονογενοῦς
1077 3265 1222 3332 λέξει
1256 3262 1630 3348 κεχρημένος,
1679 3260 1770 3314 καὶ
1806 3257 1973 3328 μηδὲν

385 3368 580 3437 ἕτερον
618 3363 708 3416 διὰ
754 3360 960 3431 ταύτης
1003 3359 1162 3422 νοῶν,
1217 3357 1266 3409 εί
1309 3357 1384 3426 μὴ
1451 3356 1531 3407 ὄτι
1578 3353 1652 3416 ὡς
1687 3351 1975 3422 ἄνθρωπος

388 3458 534 3513 κατά
578 3454 884 3525 φαντασίαν
937 3452 1284 3521 γεγέννηται,
1318 3449 1412 3502 καὶ
1459 3447 1684 3513 δοκήσει
1719 3443 1780 3496 οὐ
1814 3442 1976 3512 φύσει

388 3551 569 3619 ἐφάνη
600 3547 910 3617 ἅνθρωπος.
943 3545 1005 3598 Et
1055 3542 1114 3596 δὲ
1156 3540 1333 3594 ταῦτα
1361 3538 1535 3601 οὕτως
1566 3536 1680 3605 ἔχει
1710 3533 1853 3588 κατά
1879 3533 1977 3603 τὴν

389 3640 664 3712 Τιμοθέου
697 3638 914 3708 μανίαν,
955 3634 1125 3703 σαφὲς
1163 3630 1531 3700 καθέστηκεν,
1560 3629 1642 3680 ὃτι
1667 3626 1762 3680 καὶ
1791 3625 1849 3678 τὸ
1873 3624 1980 3678 πά-

390 3739 486 3799 θυς
522 3733 620 3788 καὶ
652 3732 743 3784 τὸν
767 3731 1000 3802 σταυρὸν
1050 3729 1145 3780 καὶ
1185 3727 1272 3780 τὸν
1305 3725 1536 3778 θάνατον
1568 3721 1664 3775 καὶ
1704 3719 1804 3790 τὴν
1853 3718 1981 3772 ἀνά-

393 3845 588 3883 στασιν
617 3824 713 3879 τοῦ
759 3824 961 3897 Κυρίου
1014 3820 1158 3874 κατά
1195 3818 1499 3889 φαντασίαν
1546 3814 1714 3886 φησὶν
1753 3811 1981 3882 γεγενῆ-

393 3924 545 3983 σίεαι,
572 3923 708 3990 ὅπερ
740 3921 838 3972 καὶ
868 3918 1168 3986 Μανιχαῖος
1197 3915 1369 3982 λέγει.

470 4014 552 4084 ΙΡ.
580 4011 733 4084 257.]
758 4011 868 4064 Καὶ
899 4008 1064 4062 πάλιν
1085 4005 1348 4078 Τιμόθεος
1387 4007 1504 4068 ταῖς
1525 4005 1718 4061 ἑαυτοῦ
1743 4005 1984 4076 βλασφη-

399 4106 555 4178 μίαις
581 4100 992 4176 προσεπιτιθεὶς
1028 4099 1100 4153 τὰ
1126 4099 1368 4169 χείρονα,
1397 4099 1490 4151 καὶ
1521 4100 1580 4150 ἐν
1613 4097 1691 4168 τῷ
1738 4099 1986 4168 τετάρτῳ

394 4198 566 4254 αὐτοῦ
601 4194 884 4265 κεφαλαίῳ
902 4192 996 4247 τοῦ
1021 4193 1313 4262 εἰρημένου
1339 4191 1524 4262 τρίτου
1559 4189 1784 4260 βιϐλίου,
1839 4189 1986 4258 λέγει

394 4292 529 4346 τάδε
549 4307 594 4340 ἰ
622 4289 884 4352 Δείξωσιν
907 4287 1039 4357 ἡμῖν
1069 4285 1356 4352 Διφυσῖται
1385 4281 1494 4334 τῶν
1521 4281 1615 4334 δύο
1645 4280 1859 4350 φύσεων
1891 4277 1985 4332 τοῦ

395 4381 642 4457 Χριστοῦ
677 4380 965 4452 διαφορὰν,
1011 4379 1086 4443 ὡς
1129 4377 1286 4432 αὐτοὶ
1309 4376 1584 4443 λέγουσιν,
1607 4373 1981 4428 είδύνανται.»

413 4478 549 4531 Ἰδοὺ
591 4473 780 4543 σαφῶς
824 4474 1072 4543 ἀρνεῖται
1117 4471 1217 4540 τὴν
1247 4466 1508 4540 διαφορὰν
1545 4467 1653 4522 τῶν
1683 4467 1741 4519 ὲν
1767 4463 1990 4536 Χριστῷ

2082 3253 2186 3293 ηοε
2213 3255 2347 3295 voce
2386 3241 2652 3314 Um'gem'ti
2686 3247 2884 3314 utitur,
2911 3249 3160 3321 nihilque
3195 3255 3346 3310 aliud
3384 3273 3481 3327 per
3511 3259 3660 3316 illam

2085 3331 2343 3405 intelligit
2372 3337 2478 3391 nisi
2510 3338 2788 3395 hominem
2827 3343 2930 3397 sub
2965 3346 3148 3414 specie
3184 3349 3431 3418 genitum
3467 3353 3661 3423 fuisse,

2084 3424 2561 3499 similitudineque
2600 3447 2710 3486 non
2755 3445 2951 3490 natura
2995 3437 3274 3495 hominem
3317 3448 3663 3514 apparuisse.

2087 3514 2142 3570 Si
2169 3531 2300 3570 vero
2327 3517 2443 3573 haec
2469 3520 2549 3575 sic
2572 3536 2630 3576 se
2657 3522 2862 3579 habent
2880 3527 3035 3598 juxta
3062 3528 3340 3591 Timothei
3367 3535 3663 3605 insaniam,

2085 3607 2378 3666 evidenter
2409 3621 2627 3670 constat
2661 3617 3010 3684 passionem,
3045 3635 3300 3691 crucem,
3333 3640 3568 3686 mortem
3604 3648 3670 3688 ac

2088 3702 2550 3759 resurrectionem
2577 3706 2796 3762 Domini
2825 3709 2928 3764 sub
2955 3714 3138 3780 specie
3169 3715 3340 3774 factas
3365 3737 3486 3778 esse
3514 3723 3670 3781 illum

2087 3807 2366 3862 asserere,
2397 3797 2544 3866 quod
2574 3801 2740 3854 etiam
2775 3802 2972 3860 asserit
2996 3804 3350 3866 Manichacus.

2161 3975 2313 4031 Idem
2347 3978 2674 4038 Timotheus
2715 3985 2830 4041 suis
2864 3986 3224 4059 blaSphemiis
3263 3993 3445 4051 adhuc
3485 3999 3672 4070 pejora

2092 4071 2274 4136 addit,
2301 4083 2465 4145 atque
2497 4075 2553 4130 in
2583 4087 2782 4146 quarto
2815 4081 2997 4151 capite
3031 4085 3335 4156 supradicti
3363 4089 3490 4144 libri
3524 4093 3675 4148 tertii.

2093 4169 2211 4224 haec
2245 4170 2380 4226 dicit
2410 4189 2422 4224 :
2461 4192 2479 4221 ι
2512 4173 2812 4245 Diphysilre
2849 4175 3104 4248 (duarum
3141 4189 3465 4239 naturarum
3496 4185 3676 4242 fautoa

2095 4265 2204 4336 res)
2238 4266 2400 4322 nobis
2430 4249 2815 4324 demonstrent
2842 4269 3076 4325 duarum
3108 4282 3434 4330 naturarum
3467 4277 3676 4334 Christi

2094 4357 2486 4425 dilTerentiam,
2509 4371 2571 4414 ut
2592 4361 2769 4427 aiunt,
2793 4363 2836 4416 si
2865 4374 3114 4433 possunt.
3146 4385 3163 4416 ›
3193 4367 3275 4422 En
3302 4377 3488 4439 aperte
3513 4381 3678 4442 negat

2097 4448 2471 4505 differentiam
2506 4451 2739 4508 duarum
2774 4459 3100 4508 naturarum
3136 4455 3191 4510 in
3227 4456 3480 4524 Christo,
3511 4467 3678 4531 atque

398 4569 499 4625 δύο
543 4567 800 4637 φύσεωνο
842 4565 936 4618 καὶ
985 4565 1044 4616 ἐν
1089 4563 1265 4632 τούτῳ
1307 4561 1362 4615 δὲ
1409 4560 1608 4629 ὁμοίως
1653 4556 1969 4611 ὲναντιοῦτα

2100 4540 2155 4594 in
2196 4540 2291 4594 illo
2332 4540 2656 4596 adversatur
2694 4543 2953 4599 omnibus
2991 4547 3115 4602 aliis
3151 4552 3360 4606 sanctis
3395 4553 3677 4619 Patribus,

402 4661 543 4714 πᾶσι
580 4661 694 4720 τοῖς
718 4674 778 4709 τε
825 4654 1006 4717 ἄλλοις
1055 4653 1233 4722 ἁγίοις
1286 4651 1554 4721 Πατράσι,
1612 4648 1706 4702 καὶ
1760 4647 1995 4718 μάλιστα

415 4750 729 4818 Ἀθανασέῳ
756 4747 851 4800 καὶ
893 4743 1386 4816 Κυρίλλῳ.-Καὶ
1435 4740 1599 4795 πάλιν
1649 4737 1912 4810 Τιμόθεος
1966 4739 1996 4790 ὁ

404 4839 689 4911 αἱρετικὸς
711 4837 965 4908 μείζονας
984 4833 1219 4888 ἐπινοῶν
1250 4831 1426 4902 ἑαυτῷ
1461 4829 1827 4901 βλασφημίας,
1859 4844 1997 4898 προ-

405 4934 670 4988 ϐάλλεται
698 4929 1044 5002 προφητικὴν
1081 4928 1239 4998 ῥῆσιν
1259 4925 1525 4996 λέγουσαν
1575 4922 1749 4985 οὕτως
1773 4937 1785 4949 ’
1833 4939 1852 4972 ι
1884 4923 1998 4974 Απ-

406 5025 696 5094 οιγγέλλων
745 5024 823 5085 είς
876 5020 1198 5093 ἀνθρώπους
1243 5018 1334 5071 τὸν
1391 5016 1627 5088 Χριστὸν
1678 5015 1865 5078 αὐτοῦ,
1907 5013 2001 5065 καὶ

407 5115 676 5182 Κύριοςὸ
728 5113 862 5177 Θεὸς
913 5111 1313 5183 παντοκράτωρ
1363 5110 1534 5181 ινομα
1588 5107 1757 5176 αὐτῷ.
1791 5125 1811 5158 ›
1871 5100 2003 5160 Εἶτα

409 5207 605 5270 κακῶς
637 5205 840 5268 ταύτας
869 5203 1236 5274 ἐξηγούμενος
1267 5202 1464 5270 ὲπάγει
1492 5218 1505 5232 ·
1543 5218 1562 5251 ι
1605 5200 1777 5262 Αὐτὸς
1812 5193 1905 5251 οὖν
1937 5197 2003 5250 δι’

411 5300 614 5358 ἑαυτοῦ
651 5297 992 5367 ἀπήγγειλεν
1021 5299 1134 5359 τοῖς
1179 5294 1490 5367 ἀνθρώποις
1522 5310 1535 5324 ο
1580 5291 1770 5346 τοῦτον
1817 5289 1940 5343 ἰδὼν
1979 5292 2007 5342 ό

411 5394 569 5465 ἥλιος
604 5392 695 5447 ἔδυ
740 5389 1080 5463 μεσημϐρίᾳ.
1139 5388 1280 5441 Ἀλλ’
1311 5387 1414 5441 οὐκ
1473 5386 1686 5456 ἐδέχετο
1735 5383 1893 5436 τοῦτο
1939 5380 2008 5436 δι’

2099 4632 2372 4702 imprimis
2387 4633 2687 4690 Athanasio
2703 4652 2767 4690 ac
2782 4635 3012 4708 Cyrillo.
3025 4672 3094 4680 —
3109 4642 3328 4698 Rursus
3342 4644 3487 4700 idem
3506 4646 3680 4702 haare-

2102 4727 2243 4781 ticus
2275 4727 2603 4784 Timotheus
2635 4729 2690 4784 in
2725 4746 2845 4786 sese
2873 4733 3114 4803 majores
3147 4735 3521 4806 blasphemias
3556 4737 3679 4795 vol-

2099 4832 2268 4882 vens,
2303 4818 2485 4888 rejicit
2521 4821 2904 4890 propheticam
2943 4839 3138 4878 vocem
3180 4824 3262 4880 sic
3302 4827 3618 4897 loquentem
3664 4851 3679 4887 :

2110 4929 2127 4961 ι
2163 4910 2382 4966 Mittens
2409 4911 2478 4966 ad
2508 4912 2763 4968 homines
2790 4913 3073 4970 Christum
3107 4932 3297 4984 suum,
3329 4928 3384 4974 ct
3415 4920 3686 4977 Dominus

2102 5004 2249 5058 Deus
2287 5004 2640 5074 omnipotens
2673 5021 2878 5060 nomen
2914 5009 3055 5080 ejus.
3103 5029 3120 5061 ι
3160 5008 3332 5080 lmpie
3369 5011 3486 5066 hate
3518 5015 3683 5068 verba

2104 5107 2394 5169 postquam
2418 5098 2818 5169 interpretatus
2833 5109 2941 5164 est,
2962 5103 3165 5173 pergit:
3195 5122 3210 5153 ι
3231 5103 3350 5173 lpse
3378 5093 3558 5174 igitur
3589 5123 3688 5176 per

2105 5193 2347 5263 scipsum
2399 5193 2550 5248 misit
2594 5194 2660 5248 ad
2709 5195 3000 5260 homines;
3050 5211 3214 5265 quem
3263 5197 3458 5252 videns
3502 5199 3582 5253 sol
3632 5198 3687 5254 in

2107 5285 2340 5339 meridie
2395 5286 2618 5341 occidit.
2668 5285 2776 5341 Sed
2839 5287 2974 5342 illud
3033 5288 3276 5342 hominis
3332 5289 3692 5359 generatione

2107 5395 2219 5433 non
2252 5378 2647 5448 recipiebatur,
2680 5380 2766 5433 vel
2804 5381 3045 5436 lnnnana
3084 5387 3307 5446 natura;
3345 5382 3508 5436 aliter
3539 5384 3691 5438 enim

413 5485 711 5558 ἀνθρώπου
745 5482 1024 5554 γενέσθαι,
1053 5482 1172 5554 ἦτοι
1195 5480 1284 5535 διὰ
1310 5480 1526 5548 φύσεως
1555 5476 1902 5578 ἀνθρωπίνης

2110 5470 2338 5525 omnino
2395 5478 2452 5526 et
2506 5471 2560 5524 in
2625 5481 2955 5541 perpetuum
3018 5474 3261 5534 solveret
3319 5473 3692 5545 virginitatem

416 5580 530 5653 γὰρ
558 5579 625 5633 ἂν
657 5579 839 5648 πάντη
861 5594 921 5629 τε
957 5576 1055 5630 καὶ
1083 5572 1366 5671 παντελῶς
1393 5573 1547 5626 ἔλυεν
1577 5571 1678 5642 τὴν
1714 5567 1974 5671 παρθενία

2111 5563 2355 5621 hominis
2383 5571 2605 5629 natura;
2637 5564 2684 5618 si
2714 5565 2863 5618 enim
2892 5574 3038 5618 esset
3066 5566 3231 5620 homo
3255 5565 3410 5634 juxta
3439 5575 3694 5625 naturam

418 5672 458 5741 ἡ
489 5670 779 5740 ἀνθρώπου
811 5667 972 5738 φύσις
1000 5684 1015 5698 ·
1049 5668 1099 5721 εἰ
1131 5665 1242 5736 γὰρ
1278 5660 1347 5737 ἧν
1372 5663 1662 5760 ἄνθρωπος
1685 5660 1824 5760 κατά
1852 5658 1974 5760 φύσι

2116 5673 2185 5713 ac
2215 5657 2394 5727 legem
2431 5655 2808 5726 perliciendus
2839 5657 3006 5711 homo
3043 5657 3100 5712 in
3134 5658 3259 5713 sinu
3283 5658 3552 5729 Virginis,
3587 5674 3696 5714 non

419 5764 520 5818 καὶ
549 5765 713 5834 νόμον
738 5764 766 5816 ὁ
799 5761 1008 5834 μέλλων
1028 5757 1410 5815 ἀποτελεῖσθαι
1429 5755 1725 5851 ἄνθρωπος
1745 5755 1974 5851 ένᾼμήτρ

2121 5758 2285 5804 natus
2311 5747 2507 5801 fuisset
2535 5761 2602 5800 ex
2635 5746 2748 5812 illa,
2771 5747 2878 5803 nisi
2912 5748 3068 5818 prius
3095 5747 3412 5820 virginitate
3439 5749 3638 5803 soluta.
3675 5767 3695 5799 ι

418 5860 528 5932 τῆς
560 5857 869 5932 Παρθένου,
903 5855 1003 5909 οὐκ
1035 5854 1102 5908 ἂν
1137 5852 1333 5924 ἐτέχθη
1370 5849 1429 5916 ἐξ
1459 5849 1650 5920 αὐτῆς,
1682 5849 1730 5901 εί
1769 5845 1845 5920 μὴ
1872 5863 1974 5926 πριε

2122 5841 2232 5900 Sed
2262 5839 2380 5895 haec
2405 5837 2627 5910 peperit
2653 5850 2821 5910 caput
2846 5838 3124 5896 Timethei
3155 5839 3441 5910 ipsiusque
3469 5837 3704 5895 assecla-

707 5955 984 6017 Ριιτειοι.
1022 5953 1140 6016 Gn.
1177 5949 1515 6014 LXXXVI.

3210 5935 3343 6015 _36
