4148 6456
460 347 595 414 1131
1592 347 2037 412 ΠΙΞΤΙΝΙΑΝΙ
2079 348 2603 412 IMPERATORIS
3603 363 3740 432 1132

454 475 615 527 rum;
659 457 1007 529 blasphemat
1042 454 1192 512 enim
1238 454 1585 528 Scripturam
1627 457 1870 513 divinam
1910 464 2011 512 San

2146 473 2237 510 τον
2268 457 2370 527 τῆς
2397 457 2707 529 Παρθενίας
2733 458 3104 534 διαλυθείσης.
3145 483 3164 517 ι
3216 466 3379 524 Ἀλλὰ
3397 469 3571 527 ταῦτα
3596 478 3742 533 κατὰ

454 563 687 623 etosque
717 552 930 615 Patres,
958 548 1067 604 illis
1097 546 1467 603 adversando.
1500 548 1622 603 Non
1652 547 2012 603 animadverti

2144 549 2244 619 τῆς
2271 550 2539 622 Τιμοθέου
2580 553 2819 625 τραπείη
2847 554 3093 626 κεφαλῆς
3122 559 3220 611 καὶ
3249 562 3359 615 τῶν
3379 558 3739 623 ἀκολουθούν-

456 648 514 702 in
553 647 662 701 hoc
701 643 938 699 maxime
975 657 1096 697 esse
1135 641 1466 696 miraculum
1506 641 1733 712 pietatis
1766 636 2012 713 my'sterii

2144 657 2253 695 των
2289 642 2440 714 αὑτῷ
2474 660 2488 675 ο
2531 643 2849 716 βλασφημεῖ
2883 646 2995 719 γὰρ
3023 651 3088 721 τῇ
3118 666 3178 702 τε
3216 650 3339 723 θείᾳ
3395 655 3587 729 Γραφῇ
3642 662 3740 714 καὶ

451 737 599 809 quod
632 734 955 806 unigenitus
984 734 1160 789 Filius
1190 749 1255 789 ac
1283 734 1527 789 Verbum
1563 735 1693 800 Dei,
1725 749 1851 790 cum
1892 735 2009 790 Deu

2143 736 2257 798 τοῖς
2279 735 2457 804 ἁγίοις
2478 737 2763 807 Πατράσιν
2796 739 3210 813 ἐναντιούμενος
3233 761 3247 776 ·
3280 745 3382 799 οὑκ
3413 749 3739 821 αἰσθόμενος

450 836 601 885 esset
623 835 848 890 natura,
872 825 1197 881 incarnatus
1213 824 1286 879 sit
1310 824 1365 878 in
1394 833 1554 880 utero
1577 823 1841 895 Virginis,
1864 824 2010 879 factu

2142 827 2225 881 ὅτι
2249 829 2307 882 έν
2333 829 2515 901 τούτῳ
2547 831 2783 902 μάλιστα
2818 832 2880 887 τὸ
2911 833 3098 907 θαῦμα
3144 837 3239 891 τοῦ
3295 839 3396 911 τῆς
3448 843 3739 913 εὐσεϐείας

450 921 526 976 sit
567 918 879 975 secundum
924 926 1181 972 naturam
1225 917 1428 980 homo,
1472 932 1543 974 ex
1582 917 1677 973 illa
1721 927 1885 973 natus
1934 915 2038 983 sit,

447 1023 798 1083 matremque
822 1010 1106 1082 Virginem
1137 1009 1471 1066 servaverit.

516 1288 758 1344 Sanctus
799 1286 1043 1360 Cyrillus
1078 1287 1136 1343 in
1173 1302 1429 1343 sermone
1464 1286 1534 1343 de
1564 1286 1881 1358 virginitate
1921 1286 2037 1343 Ma-

445 1380 549 1435 tris
575 1380 671 1436 Dei
697 1380 1014 1437 conlitenda
1045 1380 1163 1436 haec
1188 1380 1324 1435 dicit
1355 1400 1367 1435 :
1403 1400 1422 1433 ι
1451 1381 1748 1436 Dominum
1772 1397 1837 1437 ac
1863 1383 2036 1437 Deum

443 1472 729 1529 Christum
762 1473 1148 1544 agnoscimus;
1187 1472 1369 1528 iactus
1401 1483 1488 1529 est
1518 1474 1668 1528 enim
1704 1474 1873 1529 homo
1905 1490 2038 1545 pro—

443 1573 569 1635 pter
602 1580 704 1619 nos
738 1564 977 1620 Verbum
1010 1564 1140 1630 Dei,
1173 1572 1387 1621 natura:
1427 1566 1685 1621 humana:
1723 1568 2035 1638 particeps,

2142 920 2291 973 ἐστὶν
2349 922 2680 995 μυστηρίου,
2737 925 2822 979 ὅτι.
2875 926 2906 979 6
2945 928 3245 1002 μονογενὴς
3281 931 3410 997 Υἱὸς
3436 936 3530 990 καὶ
3561 938 3739 1007 Λόγος

2138 1010 2235 1064 τοῦ
2270 1011 2427 1078 Θεοῦ,
2456 1014 2588 1080 Θεὸς
2615 1015 2693 1069 ὢν
2728 1017 2889 1086 φύσει
2910 1020 3005 1075 καὶ
3030 1022 3340 1094 σαρκωθεὶς
3372 1027 3432 1079 ὲν
3451 1030 3519 1099 τῇ
3547 1030 3739 1103 μήτρᾳ

2141 1101 2243 1171 τῆς
2271 1103 2577 1174 Παρθένου,
2613 1108 2710 1161 καὶ
2735 1109 3031 1181 γενόμενος
3062 1112 3207 1166 κατὰ
3237 1113 3402 1182 φύσιν
3423 1101 3735 1191 ἄνθρωπος,

2139 1192 2339 1265 ἐτέχθη
2360 1194 2419 1262 ἐξ
2444 1197 2637 1268 αὑτῆς,
2670 1201 2770 1253 καὶ
2793 1201 2893 1273 τὴν
2913 1202 3129 1274 μητέρα
3145 1205 3424 1277 Παρθένον
3444 1209 3733 1279 ἐφύλαξεν.

2213 1285 2298 1358 [Ρ.
2337 1287 2491 1361 238.]
2542 1290 2600 1344 '0
2655 1292 2713 1346 ὲν
2758 1293 2935 1362 ἁγίοις
2981 1296 3251 1368 Κύριλλος
3285 1299 3344 1351 ὲν
3374 1300 3453 1372 τῷ
3491 1302 3634 1375 λόγῳ
3657 1306 3736 1377 τῷ

2143 1376 2267 1432 Ὀτι
2301 1380 2405 1451 χρὴ
2424 1380 2691 1437 Θεοτόκον
2723 1386 3007 1457 ὁμολογεῖν
3036 1390 3136 1459 τὴν
3152 1391 3430 1463 Παρθένον
3453 1396 3550 1469 (ιι),
3583 1376 3733 1469 λέγει

2137 1468 2297 1522 τάδε’
2337 1490 2356 1523 ι
2391 1470 2596 1540 Κύριον
2619 1475 2715 1528 καὶ
2740 1475 2873 1531 Θεὸν
2895 1479 3332 1554 ἐπιγινώσκομεν
3353 1486 3443 1541 τὸν
3471 1468 3726 1560 Χριστόν·

2136 1562 2331 1633 γέγονε
2364 1564 2465 1637 μὲν
2494 1568 2603 1639 γὰρ
2629 1569 2918 1643 ἄνθρωπος
2957 1574 3026 1627 δι’
3061 1576 3209 1646 ἡμᾶς
3240 1580 3269 1631 6
3298 1580 3391 1633 τοῦ
3432 1581 3568 1637 Θεοῦ
3622 1586 3729 1640 Λό-

442 1673 681 1727 eumque
730 1657 823 1712 illa
869 1673 1036 1728 quam
1088 1658 1331 1728 sumpsit
1378 1674 1448 1713 ex
1498 1668 1690 1715 sancta
1741 1659 2012 1731 virumque

2135 1669 2256 1723 γος,
2294 1656 2586 1728 μετασχὼν
2624 1661 2724 1731 τῆς
2753 1662 3101 1735 ἀνθρωπείας
3132 1667 3350 1736 φύσεως
3380 1672 3473 1726 καὶ
3496 1676 3729 1749 γεγένη-

442 1750 730 1804 nesciente
753 1750 979 1821 Virgine
1016 1749 1301 1806 ineﬂabile
1332 1749 1539 1805 factum
1569 1759 1654 1806 est
1682 1750 1754 1805 ob
1787 1766 2012 1807 amoren

2134 1764 2229 1801 ται
2257 1749 2345 1803 διὰ
2386 1751 2803 1823 φιλανθρωπίαν
2851 1756 3060 1827 ἄφατον
3106 1761 3247 1831 μετὰ
3287 1762 3495 1837 ταύτης
3532 1769 3596 1823 ἐκ
3628 1771 3729 1841 τῆς

440 1840 753 1897 hominum.
782 1840 911 1896 [deo
943 1841 1116 1913 igitur
1148 1851 1376 1897 vocatur
1403 1842 1599 1910 homo;
1633 1852 1867 1898 vocatur
1892 1859 2012 1913 quo

2133 1838 2296 1907 ἁγίας
2324 1840 2422 1894 καὶ
2451 1843 2835 1917 ἀπειρογὰμου
2867 1848 3174 1920 Παρθένου.
3217 1851 3319 1907 Διὰ
3350 1854 3512 1909 τοῦτο
3547 1838 3729 1915 τοίνυν

438 1949 547 2003 que
583 1933 761 1996 Deus,
794 1932 925 1987 dum
963 1934 1066 1989 sub
1099 1950 1435 2005 unaquaque
1469 1936 1847 2006 appellatione
1882 1936 2012 1993 ideu

2134 1931 2385 1987 καλεῖται
2419 1935 2515 1989 καὶ
2551 1936 2841 2010 ἄνθρωπος
2867 1956 2879 1970 ·
2925 1941 3172 1997 καλεῖται
3205 1943 3261 1999 δὲ
3309 1946 3407 2000 καὶ
3446 1948 3599 2017 Θεὸς,
3646 1946 3730 2017 εἷς

440 2025 773 2095 intelligitur
824 2024 1102 2081 Christus.
1156 2045 1177 2078 ι
1238 2024 1367 2082 Ηωο
1421 2042 1556 2099 ergo
1610 2042 1678 2083 ex
1729 2027 2012 2100 Scripturi:

2134 2025 2231 2079 καὶ
2261 2026 2290 2078 6
2317 2027 2478 2092 αὑτὸς
2509 2029 2772 2101 ὑπάρχων
2808 2034 2867 2085 έν
2916 2033 3157 2107 ἑκατέρᾳ
3202 2041 3551 2114 προσηγορίᾳ
3594 2044 3730 2115 Χρι-

438 2118 613 2171 sacris
662 2126 829 2188 atque
873 2132 942 2173 ex
994 2119 1207 2174 sanctis
1253 2118 1516 2176 Patribus
1558 2122 1919 2192 exposuimus
1962 2139 2012 2179 at

2136 2116 2282 2179 στός.
2321 2135 2341 2168 ι
2383 2117 2572 2173 Ταῦτα
2610 2122 2792 2174 τοίνυν
2828 2123 2989 2193 ἡμεῖς
3020 2125 3084 2179 εκ
3119 2142 3178 2179 τε
3218 2126 3328 2180 τῶν
3376 2128 3538 2184 θείων
3585 2133 3728 2202 Γρα-

438 2209 730 2264 haereticos
776 2208 1177 2277 confutandos,
1210 2226 1279 2266 ex
1323 2227 1436 2282 quo
1482 2228 1678 2269 omnes
1727 2213 2008 2271 Christian

2133 2206 2251 2277 φῶν
2282 2208 2377 2262 καὶ
2404 2208 2517 2263 τῶν
2539 2210 2711 2280 ἁγίων
2743 2212 3098 2284 παρεθέμεθα
3126 2218 3386 2289 Πατέρων
3410 2222 3548 2290 πρὸς
3576 2222 3728 2291 ἐλεγ-

437 2301 646 2355 scirent
716 2302 1002 2371 quomodo
1050 2302 1350 2358 Dioscorus
1396 2319 1461 2359 ac
1503 2304 1832 2361 Timotheus
1851 2305 2000 2361 Feles

2132 2315 2228 2369 χον
2282 2298 2395 2353 τῶν
2448 2301 2766 2373 αἱρετικῶν,
2821 2305 2907 2374 ἐφ’
2935 2300 2980 2374 ᾧ
3009 2306 3302 2375 γινώσκειν
3324 2310 3575 2379 ἅπαντας
3599 2317 3726 2381 τοὺς

440 2392 693 2447 haeretici
738 2393 951 2463 aperti,
986 2409 1114 2448 cum
1152 2393 1454 2451 Manichaeo
1487 2406 1657 2468 atque
1688 2396 2012 2469 Apollinarit

2132 2390 2517 2462 Χριστιανοὺς,
2548 2393 2623 2457 ὡς
2645 2394 2944 2467 Διόσκορος
2976 2399 3071 2451 καὶ
3106 2400 3371 2471 Τιμόθεος
3403 2405 3431 2456 6
3465 2405 3725 2478 Αίλουρος

2129 2483 2181 2536 oi
2214 2485 2484 2556 αἱρετικοὶ
2513 2487 2773 2557 καθαρῶς
2794 2489 2863 2542 τὰ
2885 2491 3188 2562 Μανιχαίου
3218 2494 3312 2548 καὶ
3347 2495 3723 2572 Ἀπολιναρίου

2131 2575 2461 2647 φρονοῦντες
2489 2578 2928 2638 ἀποδείκνυνται.

507 2657 649 2712 Audi
686 2674 824 2714 vero
864 2668 1115 2715 sanctum
1162 2661 1466 2734 Cyrillum,
1500 2666 1783 2737 quomodo
1827 2667 1883 2723 in
1927 2683 2012 2726 snt

2201 2666 2289 2742 [P.
2320 2668 2476 2746 260.]
2511 2672 2709 2727 ’Ἄκουε
2738 2674 2796 2728 δὲ
2823 2676 2917 2730 τοῦ
2959 2679 3018 2731 ὲν
3054 2678 3233 2757 ἁγίοις
3278 2682 3573 2754 Κυρίλλου,
3606 2685 3722 2752 πῶς

437 2762 696 2801 sermone
741 2749 890 2803 clare
930 2760 1170 2820 exponat
1212 2764 1460 2810 sanctam
1508 2756 1734 2812 Matrem
1773 2758 1870 2814 Dei
1905 2774 2012 2815 esse

2129 2760 2293 2815 τοῦτο
2330 2763 2518 2832 σαφῶς
2554 2764 2855 2836 ἑρμηνεὺει
2901 2769 2960 2823 έν
3005 2771 3084 2842 τῷ
3142 2754 3286 2845 λόγῳ
3327 2749 3407 2847 τῶ
3450 2749 3577 2831 Ὀτι
3614 2749 3720 2851 χρὴ

444 2839 724 2911 Virginem
763 2840 1169 2910 confitendam;
1210 2844 1292 2899 sic
1328 2847 1475 2902 enim
1511 2847 1762 2918 loquitur
1797 2868 1811 2904 :
1857 2870 1875 2904 ι
1920 2850 2012 2907 Sec

2129 2852 2395 2909 Θεοτόκον
2429 2854 2529 2926 τὴν
2571 2857 2737 2925 ἁγίαν
2769 2839 3405 2935 Παρθένον-ὁμολογεῖν·
3438 2839 3720 2943 λέγει

438 2934 572 2988 illud
617 2934 1071 3001 consideremus,
1105 2937 1214 2992 nisi
1253 2937 1539 2995 Christum
1575 2940 1747 2996 Deum
1779 2942 1941 2998 simul
1973 2959 2012 2999 ει

2128 2943 2305 3011 οὕτως
2333 2963 2347 2978 ο
2390 2965 2410 2999 ι
2455 2948 2529 3001 Οὐ
2559 2948 2667 3021 μὴν
2697 2950 2834 3005 ἁλλὰ
2882 2970 2947 3021 γε
2998 2934 3222 3011 κάκεῖνο
3269 2934 3718 3034 διασκεψῶμεθα,

436 3027 716 3082 hominem
746 3028 993 3084 novisset
1016 3030 1178 3086 divus
1201 3030 1524 3103 Apostolus,
1552 3034 1706 3089 illum
1737 3039 2012 3093 secundun

2129 3036 2207 3101 ὡς
2234 3041 2283 3092 εί
2315 3039 2390 3111 μὴ
2418 3039 2551 3094 Θεὸν
2576 3042 2694 3113 ἁμα
2725 3046 2819 3098 καὶ
2842 3046 3131 3121 ἄνθρωπον
3158 3053 3429 3123 ἠπίστατο
3457 3027 3719 3129 τὸν-Χρι-

434 3134 656 3171 carnem
690 3133 803 3172 non
829 3119 1010 3175 fuisse
1044 3120 1358 3190 dicturum;
1393 3132 1584 3179 notum
1622 3134 1708 3181 est
1735 3127 1885 3181 enim
1923 3128 2012 3184 hoc

2132 3133 2260 3187 στὸν
2297 3136 2325 3188 6
2356 3133 2498 3200 θεῖος
2554 3136 2899 3204 Ἀπόστολος,
2948 3119 3050 3196 οὑκ
3109 3119 3193 3197 avi
3227 3144 3415 3215 ἔλεγεν
3462 3147 3526 3200 τὸ
3564 3119 3718 3205 κατὰ

436 3226 547 3265 non
594 3210 770 3265 solum
817 3210 885 3265 de
930 3212 1176 3278 homine,
1209 3213 1305 3269 sed
1355 3215 1525 3271 etiam
1573 3217 1642 3272 de
1690 3234 2012 3291 quocunque

2125 3226 2326 3296 σάρκα
2362 3245 2376 3261 °
2413 3229 2575 3285 τοῦτο
2618 3233 2726 3306 γὰρ
2785 3236 3039 3305 φανερῶς
3077 3237 3170 3290 ἐπὶ
3197 3239 3294 3293 τοῦ
3434 3243 3595 3313 μόνον
3622 3245 3716 3297 ἀν-

433 3304 801 3360 substantiam
838 3304 1079 3362 habente
1112 3306 1245 3362 dici.
1278 3308 1507 3365 Addidit
1537 3326 1788 3382 quoque,
1821 3315 1913 3384 qui
1946 3328 2012 3368 est

2125 3321 2369 3393 θρώπου,
2422 3324 2561 3380 ἀλλὰ
2614 3304 2709 3381 καί
2758 3304 2881 3384 καθ’
2916 3330 3104 3402 ἔτερόν
3136 3350 3187 3385 τι
3214 3332 3314 3405 τὴν
3328 3304 3532 3391 ὀὑσίαν
3560 3338 3713 3404 ὄντος

433 3415 593 3470 super
633 3400 815 3454 omnia
859 3400 999 3455 Deus
1025 3410 1073 3467 ο,
1109 3402 1390 3472 duplicem
1428 3405 1579 3459 enim
1624 3406 1693 3461 de
1738 3407 2012 3463 Salvatore

2122 3414 2379 3485 λέγεται·
2421 3418 2568 3473 ῶσπε
2578 3437 2610 3491 ρ
2639 3417 2731 3475 οὖν
2762 3424 2856 3476 καὶ
2883 3400 3187 3494 ἐπήγαγεν,
3227 3400 3294 3479 ’ὁ
3321 3424 3406 3482 ὢν
3427 3429 3529 3483 ἐπί
3562 3400 3714 3484 azer

433 3489 839 3546 confessionem
872 3491 1035 3548 nobis
1066 3493 1313 3560 tradidit,
1340 3497 1631 3551 secundum
1662 3515 1899 3564 carnem,
1927 3499 2012 3555 de-

2125 3523 2246 3560 tW
2284 3508 2429 3576 Θεός
2456 3525 2471 3541 ·
2508 3489 2705 3581 διπλῆν
2736 3513 2845 3584 γὰρ
2872 3489 3136 3585 τὴν-περὶ
3166 3489 3261 3569 τοῦ
3302 3518 3556 3590 Σωτῆρος
3576 3522 3607 3593 ἡ
3619 3524 3711 3591 μίν

437 2484 654 2554 opinari
689 2485 1164 2543 demonstrentur.

433 3590 777 3647 monstrans,
808 3583 1081 3656 Deumque
1114 3574 1449 3655 praedicans.
1484 3588 1838 3661 Rursumque
1869 3592 2020 3662 Apo-

430 3674 605 3729 stolus
639 3675 707 3729 ad
739 3676 1090 3733 Timotheum
1124 3696 1137 3733 :
1169 3678 1315 3734 Unus
1336 3680 1496 3747 Deus,
1519 3698 1655 3736 unus
1687 3692 1735 3737 et
1759 3685 2020 3740 mediator

432 3765 528 3818 Dei
562 3774 611 3819 et
642 3768 942 3834 hominum,
970 3771 1123 3825 homo
1158 3769 1393 3827 Christus
1420 3772 1603 3837 Iesus,
1633 3776 1723 3847 qui
1755 3776 1895 3832 dedit
1932 3793 2016 3832 re-

427 3856 785 3928 demptionem
814 3860 1151 3932 semetipsum
1177 3877 1274 3930 pro
1303 3863 1542 3918 omnibus
1567 3874 1616 3920 Ρ.

497 4027 736 4085 Sanetus
763 4029 1094 4088 Ambrosius
1121 4033 1240 4089 haec
1271 4034 1408 4091 dicit
1441 4055 1454 4091 :
1491 4057 1510 4090 ι
1546 4037 1665 4095 Non
1694 4056 1761 4097 ex
1790 4041 2014 4114 Virgine

428 4121 766 4194 principium
799 4126 1038 4196 sumpsit
1062 4126 1213 4182 Deus
1236 4128 1517 4197 Verbum,
1549 4131 1676 4199 sed,
1709 4148 1835 4189 cum
1865 4145 2014 4193 esset

427 4214 577 4269 Patri
604 4230 707 4271 suo
736 4226 1068 4284 coaeternus,
1093 4228 1325 4289 propter
1347 4221 1579 4276 multam
1607 4237 1762 4279 suam
1796 4223 2014 4281 bonita-

428 4316 540 4360 tem
577 4306 916 4377 principium
954 4317 1158 4365 nostree
1189 4318 1404 4368 natura:
1438 4313 1547 4369 sibi
1588 4315 1693 4386 ipsi
1728 4318 1889 4375 unire
1924 4319 2011 4374 di-

425 4408 625 4468 gnatus
652 4396 766 4467 est';
796 4416 904 4457 non
934 4403 1279 4472 commistus,
1307 4406 1407 4462 sed
1438 4408 1493 4463 in
1521 4425 1853 4482 unaquaque
1876 4414 2011 4469 sub-

2118 3599 2414 3671 ὁμολογίαν
2444 3605 2856 3677 παραδέδωκεν,
2892 3609 2986 3661 καὶ
3048 3608 3109 3662 τὸ
3145 3609 3297 3666 κατὰ
3341 3612 3540 3682 σάρκα
3588 3617 3713 3668 ἐπι-

2117 3693 2320 3761 δείξας,
2345 3696 2438 3749 καὶ
2456 3697 2607 3750 Θεὸν
2622 3698 2993 3771 ἁνακηρὺξας.
3012 3702 3122 3754 Καὶ
3151 3702 3319 3757 πάλιν
3340 3707 3369 3759 6
3385 3706 3709 3773 Ἀπόστολος

2117 3785 2177 3838 έν
2206 3787 2272 3857 τῇ
2316 3785 2454 3857 πρὸς
2483 3787 2774 3859 Τιμόθεον.
2828 3786 2932 3858 Εἷς
2969 3793 3114 3858 Θεὸς
3165 3795 3265 3848 καὶ
3315 3792 3405 3864 εἷς
3449 3801 3707 3867 μεσίτης

2119 3874 2268 3932 Θεοῦ
2301 3878 2396 3931 καὶ
2424 3878 2774 3948 ἀνθρώπιον,
2798 3882 3114 3953 ἄνθρωπος
3144 3888 3400 3956 Χριστὸς
3442 3890 3703 3958 Ἰησοῦς,

2117 3973 2149 4023 ὁ
2175 3969 2322 4036 δοὺς
2346 3971 2567 4026 ἑαυτὸν
2592 3974 2961 4045 ἀντίλυτρον
2984 3979 3137 4047 ὑπὲρ
3177 3981 3440 4037 πάντων.
3466 4000 3486 4033 ι

2185 4060 2269 4134 [Ρ.
2311 4062 2467 4135 2η]
2520 4065 2578 4117 Ὀ
2621 4066 2679 4118 ὲν
2721 4066 2899 4135 ἁγίοις
2947 4068 3273 4143 Ἀμὸρόσιος
3325 4072 3476 4142 λέγει
3531 4074 3657 4130 τάδε
3683 4092 3698 4107 ·

2119 4170 2138 4203 ιι
2170 4154 2285 4207 Οὑκ
2310 4154 2484 4228 ἀρχὴν
2513 4157 2540 4209 6
2569 4156 2701 4220 Θεὸς
2724 4159 2899 4227 Λόγος
2927 4162 2991 4215 ἐκ
3019 4162 3115 4233 τῆς
3141 4163 3420 4236 Παρθένου
3438 4165 3698 4237 εἰληφὼς,

2112 4243 2248 4299 ἀλλὰ
2279 4248 2550 4311 συναῖδιος
2586 4248 2663 4319 τῷ
2689 4251 2888 4304 ἑαυτοῦ
2921 4253 3098 4326 Πατρὶ
3133 4254 3396 4327 ὑπάρχων
3443 4257 3542 4328 τὴν
3595 4258 3698 4327 τῆς

2113 4337 2332 4407 φύσεως
2367 4341 2467 4410 τῆς
2505 4342 2786 4414 ἡμετέρας
2815 4345 3073 4419 ἀπαρχὴν
3128 4346 3309 4418 ἑαυτῴ
3352 4347 3440 4403 διὰ
3493 4349 3699 4419 πολλὴν

2112 4431 2426 4504 ἁγαθότητα
2447 4422 2648 4488 ἐνῶσαι
2681 4436 3020 4507 κατηξίωσεν
3049 4456 3064 4470 υ
3096 4439 3157 4491 οὑ
3197 4438 3441 4510 κραθεὶς,
3468 4439 3585 4493 ἀλλ’
3639 4441 3698 4493 ὲν

425 4493 625 4549 stantia
652 4510 798 4550 unus
819 4503 876 4551 et
901 4494 1047 4552 idem
1073 4511 1371 4568 apparens,
1388 4502 1545 4572 juxta
1568 4504 1713 4573 quod
1742 4506 2007 4576 scriptum

2119 4493 2406 4600 ἑκατέραις
2437 4531 2559 4594 ταῖς
2578 4531 2792 4596 οὐσίαις
2810 4493 2896 4596 εἷς
2925 4534 3021 4587 καὶ
3049 4533 3078 4587 6
3116 4493 3279 4599 αὐτὸς
3309 4536 3520 4604 φανεὶς,
3556 4536 3695 4589 κατὰ

425 4594 513 4641 est
544 4605 556 4640 :
586 4585 785 4642 Solvite
814 4587 1069 4660 templum
1095 4592 1219 4657 hoc,
1245 4600 1295 4645 et
1324 4594 1381 4647 in
1409 4593 1573 4648 tribus
1607 4596 1786 4652 diebus
1817 4601 2007 4656 retudi-

424 4679 593 4749 ﬁcabo
627 4680 763 4734 illud
783 4690 834 4737 ιι.
862 4680 1107 4737 Solvitur
1138 4686 1286 4739 enim
1316 4685 1480 4742 .iesus
1511 4687 1765 4745 Christus
1805 4707 2007 4749 secun-

424 4772 559 4826 dum
593 4788 773 4827 meam
810 4774 1177 4831 substantiam
1212 4794 1375 4848 quam
1410 4782 1737 4853 assumpsit,
1766 4793 1823 4840 et
1854 4788 2007 4843 solu-

425 4873 541 4919 tum
601 4864 900 4920 reaediﬁcat
950 4880 1111 4923 suum
1171 4870 1436 4940 templan
1494 4873 1642 4928 idem
1698 4879 2004 4935 secundum

423 4955 669 5010 divinam
707 4956 793 5011 sui
832 4957 1009 5027 ipsius
1053 4960 1451 5030 substantiam,
1491 4967 1798 5024 secundum
1838 4987 2003 5042 quam

421 5049 672 5105 omnium
725 5066 949 5123 quoque
996 5061 1212 5111 creator
1255 5064 1361 5113 est.
1411 5076 1431 5110 ι
1483 5059 1552 5116 Ει
1598 5059 1655 5115 in
1704 5062 2005 5136 Evangelio

420 5144 729 5200 secundum
776 5145 1130 5215 Mattbaaum,
1173 5151 1250 5207 ait
1294 5153 1564 5210 Dominus
1609 5155 1679 5211 ad
1729 5173 1856 5213 eum
1904 5161 2000 5230 qui

417 5235 600 5306 ipsum
653 5238 905 5296 tradebat
952 5259 965 5295 :
1012 5241 1199 5301 Oscula
1239 5244 1436 5300 Filium
1482 5251 1707 5305 hominis
1751 5252 1997 5310 tradis?!

416 5327 574 5398 Quod
620 5348 905 5404 exponens
952 5334 1147 5393 Petrus
1194 5350 1404 5412 martyr
1443 5351 1500 5397 et
1540 5342 1999 5417 archiepiscopus

2107 4617 2170 4671 τὸ
2215 4619 2626 4690 γεγραμμένον·
2661 4620 2903 4677 Λύσατε
2926 4622 3032 4677 τὸν
3054 4624 3206 4677 ναὸν
3224 4624 3461 4691 τοῦτον,
3492 4626 3589 4679 καὶ
3624 4626 3697 4680 ἐν

2109 4710 2309 4777 τρισὶν
2341 4711 2590 4780 ἡμέραις
2618 4712 2801 4783 ἐγερῶ
2836 4716 3047 4770 αὐτόν.
3088 4715 3285 4771 Λύεται
3315 4717 3424 4788 γὰρ
3456 4719 3693 4789 Χριστὸς

2121 4799 2332 4871 Ἰησοῦς
2358 4803 2500 4857 κατὰ
2526 4805 2624 4875 τὴν
2651 4804 2790 4877 ἐμὴν
2818 4805 3006 4860 οὐσίαν
3034 4807 3103 4877 ἢν
3131 4807 3342 4874 ἐλαϐεν,
3385 4811 3480 4863 καὶ
3535 4810 3689 4864 λελυο

2111 4892 2276 4962 μένον
2305 4892 2510 4964 ἐγείρει
2533 4893 2624 4947 τὸν
2662 4895 2795 4949 ίδιον
2828 4896 2955 4950 ναὸν
2992 4898 3021 4949 6
3049 4897 3211 4960 αὑτὸς
3242 4899 3387 4952 κατὰ
3413 4899 3514 4969 τὴν
3539 4898 3689 4954 θείαν

2108 4983 2276 5037 αὑτοῦ
2310 4984 2522 5050 οὐσίαν,
2552 4985 2677 5039 καθ’
2702 4987 2767 5058 ἣν
2794 4988 2887 5041 καὶ
2915 4988 3134 5043 πάντων
3161 4989 3399 5061 ὑπάρχει
3423 4991 3687 5063 δημιουρ-

2106 5076 2224 5145 γός.
2260 5094 2280 5129 ι
2338 5077 2449 5131 Καὶ
2510 5079 2570 5132 ὲν
2605 5078 2684 5149 τῷ
2713 5080 2855 5135 κατὰ
2883 5081 3162 5136 Ματθαῖον
3199 5085 3227 5136 6
3274 5085 3484 5155 Κύριος
3536 5083 3686 5153 λέγει

2106 5167 2244 5240 πρὸς
2290 5167 2384 5222 τὸν
2424 5168 2785 5240 παραδιδόντα
2832 5160 2994 5225 αὑτόν
3025 5189 3047 5205 ον
3076 5173 3371 5243 Φιλήματι
3410 5174 3521 5228 τὸν
3550 5174 3687 5228 fier

2104 5257 2214 5312 τοῦ
2267 5257 2587 5327 ἀνθρώπου
2624 5260 3004 5330 παραδίδως]
3061 5264 3230 5318 Τοῦτο
3276 5264 3334 5318 δὲ
3400 5264 3605 5336 Πέτρος
3654 5267 3683 5318 6

2105 5350 2319 5423 μάρτυς
2371 5352 2468 5407 καὶ
2508 5352 2940 5425 ἁρχιεπίσκοπος
3001 5354 3411 5429 Ἀλεξανδρείας
3452 5355 3682 5427 ἐξηγού-

491 5518 517 5548 ο
542 5511 746 5584 Ephes.
770 5529 843 5582 Iv,
868 5515 921 5572 6.
999 5517 1070 5573 PI
1099 5517 1243 5574 Tim.
1268 5535 1327 5584 ιι,
1353 5518 1406 5575 6.
1482 5532 1510 5572 ιι
1530 5520 1691 5580 Joan.
1714 5540 1774 5592 ιι,
1797 5525 1883 5581 l9.
1962 5537 1986 5568 ι’

2119 5543 2180 5586 te.
2204 5546 2339 5599 χχιι,
2362 5531 2452 5587 48.

486 5670 563 5739 (4)
599 5669 930 5750 Praeclarum
967 5672 1120 5729 hunc
1154 5684 1212 5750 et
1254 5676 1547 5750 prolixum
1582 5676 1640 5732 S.
1677 5677 1861 5750 Cyrilli
1887 5688 1998 5736 tra-

414 5749 622 5819 ctatum
649 5742 912 5819 adversus
956 5757 1054 5800 eos
1105 5746 1199 5819 qui
1250 5742 1348 5801 SS.
1402 5747 1682 5819 Virginem
1721 5742 1995 5805 'nolehant

411 5809 663 5865 confiteri
701 5811 1008 5882 Deiparam,
1063 5809 1276 5886 primus
1301 5831 1403 5891 ego
1446 5809 1528 5874 ex“
1552 5818 1748 5874 codice
1786 5819 1991 5880 biblio-

2104 5683 2280 5742 theca:
2299 5684 2574 5765 Vaticana;
2610 5685 2717 5765 hoc
2737 5702 2882 5765 anno
2905 5687 3141 5765 edidiin
3168 5687 3499 5765 Scriptorum
3531 5700 3677 5750 uete.

2100 5771 2220 5815 rum
2256 5764 2452 5813 octavo
2479 5757 2779 5817 volumine.
2810 5757 3011 5816 Confer
3042 5760 3151 5828 ibi,
3168 5776 3224 5831 p.
3244 5757 3501 5819 H7418.
