4148 6470
471 422 609 490 1133

1377 412 1821 477 TRACTATUS
1860 411 2160 472 CONTRA
2197 409 2806 472 MONOPIIYSITAS.

3603 414 3739 480 1134

472 555 632 611 μενος
682 534 830 600 λέγει
876 532 1051 589 ταῦτα
1085 529 1182 584 καὶ
1229 527 1300 581 τά
1342 526 1555 589 τούτοις
1583 526 1750 594 ὅμοια
1780 540 1792 554 ·
1833 540 1851 574 ι
1888 521 1970 575 Τά
1997 537 2041 573 τε

2161 519 2537 584 Alexandriae,
2571 520 2686 574 lnec
2724 529 2780 574 et
2821 519 2909 574 his
2951 519 3153 574 similia
3197 521 3404 591 profert
3445 542 3455 553 -
3511 544 3528 575 ι
3576 525 3740 598 Signa

469 640 676 712 σημεῖα
705 634 887 690 πάντα
919 633 1020 685 ὅσα
1051 627 1333 698 ἐποίησεν,
1367 624 1464 678 καὶ
1521 623 1579 676 αί
1628 621 1910 691 δυνάμεις,
1947 619 2054 672 δεί-

467 748 658 787 κνυσιν
691 728 854 783 αὑτὸν
881 725 1016 778 Θεὸν
1058 716 1610 786 ἐνανθρωπήσαντα
1629 727 1644 743 ⁸
1673 714 1741 767 τὰ
1770 713 2053 782 συναμφό-

465 841 602 896 τερα
630 821 815 875 τοίνυν
848 817 1148 879 δείκνυται,
1174 813 1257 866 ὅτι
1272 810 1407 874 Θεὸς
1425 805 1494 880 ἦν
1519 805 1704 878 φύσει,
1730 807 1822 861 καὶ¹
1839 806 2056 876 ἐγένετο

465 914 562 971 άνθ
572 929 754 982 ρωπος
790 908 973 978 φύσει.
1012 924 1033 957 ι

536 1005 622 1080 [Ρ.
655 1001 814 1074 242.]
858 1001 951 1053 Δεῖ
980 997 1043 1052 ’δὲ
1075 994 1372 1067 προσέχειν
1402 994 1494 1048 τὸν
1532 991 1680 1060 νοῦν,
1721 993 1803 1046 ὅτι
1834 991 2004 1045 εἰπὼν
2027 993 2055 1044 ὁ

476 1095 803 1157 Ἀπόστολος
844 1092 934 1158 ὅς,
965 1090 1066 1162 τὴν
1101 1090 1404 1143 ὑπόστασιν
1431 1086 1526 1141 τοῦ
1553 1086 1730 1155 Λόγου
1777 1086 2053 1156 ἐσήμανεν

460 1192 520 1246 ἐν
559 1191 626 1260 τῇ
674 1186 771 1242 τοῦ
805 1184 940 1239 Θεοῦ
986 1183 1260 1254 ὑπάρχειν
1305 1181 1511 1252 μορφῇ,
1541 1180 1680 1253 ὅπερ
1713 1178 1864 1232 ἐστὶν
1894 1179 1952 1231 ἐν
1979 1179 2047 1250 τῇ

459 1283 620 1352 οὑσίξι
661 1280 758 1334 τοῦ
813 1277 1054 1350 Πατρός.
1107 1275 1222 1331 Καὶ
1259 1275 1361 1329 οὑκ
1411 1272 1566 1329 εἶπεν
1598 1275 1682 1327 ὃτι
1718 1271 1828 1327 τὸν
1857 1271 2050 1340 ὑπάρ-

429 1392 647 1447 ·χοντα
680 1372 750 1426 ἐν
787 1369 994 1442 μορφῇ
1023 1368 1251 1425 δούλου
1297 1367 1538 1432 ἔλαϐεν,
1581 1365 1671 1420 ἵνα
1703 1365 1778 1438 μὴ
1803 1369 2051 1438 προϋπο-

459 1469 664 1522 στάντα
695 1465 845 1538 δείξῃ
875 1466 966 1520 τὸν
997 1463 1287 1536 ἄνθρωπον
1315 1463 1456 1516 κατὰ
1486 1461 1586 1534 τὴν
1611 1460 1912 1532 Νεστορίου
1944 1477 2052 1532 μα-

457 1562 578 1616 νίαν
597 1577 611 1592 ο
635 1558 756 1614 ἀλλ’
803 1553 958 1612 εἶπεν
982 1558 1063 1610 ὅτι
1088 1556 1335 1627 μορφὴν
1363 1555 1592 1610 δούλου
1624 1555 1864 1621 ἐλαϐεν,
1894 1570 2050 1607 τουτ-

457 1653 608 1708 έστιν
653 1650 846 1706 οὑσίαν
893 1648 1224 1722 ἀνθρώπου·
1266 1650 1484 1713 δεικνὺς
1520 1649 1601 1702 ὅτι
1642 1651 1711 1720 τῇ
1747 1647 2047 1702 ὑποστάσει

455 1745 550 1799 τοῦ
579 1745 758 1815 Λόγου
785 1744 884 1816 τὴν
925 1743 1160 1815 ὓπαρξιν
1208 1742 1366 1814 ἔσχεν
1395 1745 1428 1814 ἡ
1464 1742 1623 1814 σὰρξ,
1665 1741 1756 1796 ἵνα
1788 1739 1869 1806 είς
1902 1741 2046 1795 καὶὸ

453 1839 618 1904 αὑτὸς
639 1841 697 1906 ἐν
717 1840 818 1910 μιᾷ
835 1839 1135 1893 ὑποστάσει
1162 1837 1448 1909 ὑπάρχων,
1480 1837 1538 1890 ἐν
1570 1837 1810 1907 ἑκατέρᾳ
1835 1837 2040 1907 μορφῇ,
2074 1877 2121 1936 Β

452 1935 740 1988 τουτέστιν
770 1931 955 2003 φύσει,
987 1931 1324 2002 γνωρίζηται
1355 1933 1420 2002 τῇ
1455 1930 1575 2003 θείᾳ
1615 1947 1676 1984 τε
1713 1931 1808 1984 καὶ
1831 1927 2043 2002 ἀνθ’ρω-

453 2026 617 2097 πίνῃ·
659 2024 817 2096 δῆλον
864 2025 973 2096 γάρ
1020 2025 1104 2078 ὅτι
1152 2023 1181 2076 ό
1225 2021 1568 2100 ΘεὺςΛόγος
1604 2021 1888 2094 γεννηθεὶς
1935 2021 2043 2094 πρὸ

452 2136 675 2175 παντων
717 2118 829 2172 τῶν
872 2117 1084 2172 αἰώνων
1134 2118 1198 2170 ἐκ
1232 2115 1327 2169 τοῦ
1365 2115 1601 2186 Πατρὸς,
1645 2116 1707 2168 οὑ
1736 2116 1837 2185 τῆς
1870 2115 2043 2184 αὑτῆς

453 2211 810 2275 ὑποπάσεώς
835 2212 986 2264 ἐστιν
1012 2210 1091 2281 τῷ
1119 2209 1318 2282 Ila-cpi,
1347 2208 1485 2263 ἀλλὰ
1515 2209 1617 2280 τῆς
1647 2208 1821 2278 αὑτῆς
1853 2208 2042 2271 οὑσίας

451 2306 574 2362 καθ’
602 2307 632 2360 ὃ
661 2305 818 2369 Θεὸς,
856 2303 991 2357 ἰδίαν
1024 2302 1081 2356 δὲ
1108 2302 1223 2373 ἔχει
1252 2302 1352 2373 τὴν
1386 2301 1688 2356 ὑπόστασιν
1725 2299 1849 2355 καθ’
1879 2299 1907 2354 ὃ
1934 2301 2036 2354 Λό-

450 2418 568 2470 γος.
599 2399 711 2453 Καὶ
736 2399 824 2450 ἐπ’
857 2397 1088 2468 ἐσχάτου
1109 2397 1218 2450 τῶν
1250 2395 1474 2467 ἡμερῶν
1505 2393 1788 2464 γεννηθεὶς
1816 2394 1845 2446 ὁ
1876 2393 2037 2459 αὑτὸς

451 2493 595 2548 κατὰ
631 2493 816 2563 σάρκα
856 2491 924 2545 ὲκ
979 2491 1080 2561 τῆς
1127 2488 1292 2559 ἁγίας
1340 2487 1554 2553 ἐνδόξου
1609 2485 1890 2559 Παρθένου
1945 2487 2043 2540 καὶ⁵

451 2589 718 2643 Θεοτόκου
763 2585 1004 2657 Μαρίας,
1046 2586 1108 2640 ού
1154 2587 1255 2655 τῆς
1302 2584 1474 2654 αὑτῆς
1501 2580 1856 2646 ὑποστάσεὼς
1894 2583 2042 2636 ἐστιν

450 2685 520 2754 τῇ
547 2682 756 2754 Μητρὶ,
796 2679 933 2734 ἀλλὰ
961 2680 1062 2750 τῆς
1087 2677 1256 2747 αὑτῆς
1280 2676 1490 2740 οὑσίας.
1509 2671 1643 2730 Εἶτα
1669 2676 1788 2738 πῶς
1811 2676 1861 2728 οἱ
1881 2675 2042 2728 Ἀκέ-

454 2775 615 2843 φαλοι
658 2774 754 2827 δύο
793 2773 1150 2826 ὑποστάσεων
1193 2771 1390 2823 ἕνωσιν
1431 2768 1680 2837 λέγουσι,
1730 2768 1907 2821 καίτοι
1948 2766 2043 2821 δύο

453 2866 809 2920 ὑποστάσεων
844 2864 1040 2917 ἕνωσιν
1071 2863 1174 2934 τὴν
1215 2860 1338 2916 καθ’
1381 2862 1683 2914 ὑπόστασιν
1726 2861 1828 2915 οὑκ
1862 2861 2045 2914 ἐπιδε-

451 2958 735 3030 χομένων;
793 2957 864 3010 Ἢ
905 2953 1162 3024 ἀγνοοῦσι
1193 2954 1275 3006 ὃτι
1315 2955 1411 3007 καὶ
1453 2953 1749 3022 Νεστόριος
1798 2952 1887 3006 διὰ
1944 2953 2043 3024 τὴν

449 3050 712 3122 τοιαύτην
743 3048 955 3119 πλάνην
980 3046 1302 3118 κατεκρίθη,
1335 3045 1430 3099 δύο
1459 3045 1792 3109 ὑποστάσεις
1821 3045 1915 3098 ἐπὶ
1943 3049 2042 3115 τῆς

448 3143 768 3213 οἰκονομίας
784 3141 1021 3211 εἰσάγων
1043 3157 1059 3207 ;
1101 3138 1263 3193 Ἀλλὰ
1285 3137 1492 3191 τούτων
1520 3136 1694 3200 οὑτως
1726 3136 1918 3202 ὄντων,
1944 3135 2041 3189 καὶ

2155 614 2341 669 omnia
2371 612 2717 683 quaecunque
2748 613 2901 678 fecit,
2930 622 2989 668 et
3016 615 3275 682 virtutes,
3303 616 3374 671 de
3408 617 3500 671 illo
3532 626 3738 674 testan-

2158 716 2247 760 tur
2268 707 2414 776 quod
2443 691 2592 762 Dens
2616 707 2686 761 sit
2709 708 3020 762 incarnatus
3048 725 3065 762 :
3097 717 3391 778 utrumque
3415 725 3548 782 ergo
3571 711 3735 766 simul

2155 799 2585 865 demonstratur,
2613 799 2766 853 illum
2812 815 3011 870 nempe
3049 809 3246 856 natura
3284 803 3459 858 Deum
3503 819 3655 871 esse,
3681 817 3740 860 et

2154 890 2356 946 factum
2383 891 2556 946 fuisse
2582 899 2780 946 natura
2811 892 3114 947 hominem.
3147 911 3166 946 ι

2223 985 2638 1040 Attendendum
2690 993 2775 1041 est
2822 996 3038 1051 autem,
3083 987 3408 1056 Apostolum
3457 988 3736 1044 dicentem

2153 1077 2272 1149 qui,
2297 1077 2621 1149 hypostasin
2645 1075 2816 1134 Verbi
2849 1077 2905 1132 in
2934 1078 3031 1133 Dei
3063 1077 3237 1133 forma
3267 1080 3536 1136 exsistere
3564 1082 3735 1154 signi-

2151 1170 2386 1236 ﬁcasse,
2420 1169 2570 1241 quod
2616 1178 2703 1226 est
2747 1169 2804 1224 in
2854 1169 3164 1226 substantia
3207 1172 3407 1228 Patris.
3441 1173 3564 1228 Non
3606 1190 3737 1230 vero

2151 1263 2293 1320 dixit
2329 1265 2668 1318 exsistentem
2709 1263 2768 1317 in
2810 1263 2986 1334 forma
3022 1265 3162 1318 servi
3203 1267 3548 1336 assumpsisse
3570 1276 3615 1334 ³,
3642 1284 3734 1334 ne,

2145 1357 2301 1427 quta
2341 1355 2586 1410 Nestorii
2628 1354 2926 1422 insaniam,
2951 1355 3232 1411 hominem
3260 1361 3733 1427 praeexsistentem

2149 1447 2496 1514 ostenderet;
2533 1447 2629 1502 sed
2664 1447 2803 1502 dixit
2834 1448 3068 1518 formam
3101 1451 3240 1503 servi
3276 1453 3556 1523 accepisse,
3583 1455 3736 1509 scili-

2149 1549 2237 1597 cet
2275 1540 2642 1598 substantiam
2685 1541 2960 1609 hominis;
3006 1542 3314 1598 ostendens
3355 1543 3411 1599 in
3455 1545 3735 1618 hypostasi

2148 1633 2318 1690 Verbi
2367 1635 2748 1691 exsistentiam
2799 1634 3006 1691 habere
3056 1650 3314 1702 carnem,
3360 1647 3423 1692 ut.
3473 1655 3620 1696 unus
3672 1657 3735 1698 ac

2150 1725 2294 1782 idem
2346 1726 2403 1782 in
2450 1742 2560 1782 una
2609 1727 2891 1798 hypostasi
2936 1727 3244 1795 exsistens,
3290 1729 3347 1784 in
3399 1746 3735 1804 unaquaque

2149 1819 2326 1874 forma
2344 1861 2358 1886 ,
2389 1819 2605 1886 scilicet
2630 1828 2859 1883 natura,
2887 1818 3074 1874 divina
3103 1829 3270 1890 atque
3301 1820 3541 1879 humana
3569 1840 3736 1896 agno-

2147 1923 2360 1979 scatur;
2398 1919 2549 1982 patct
2577 1911 2726 1967 enim
2763 1912 2938 1967 Deum
2968 1912 3211 1968 Verbum
3247 1923 3436 1969 natum
3470 1915 3541 1971 de
3572 1917 3736 1972 Patre

2146 2014 2276 2058 ante
2299 2004 2484 2059 omnia
2507 2005 2706 2060 saecula
2727 2020 2840 2059 non
2859 2019 2981 2060 esse
3000 2004 3250 2076 ejusdem
3273 2006 3585 2078 hypostasis
3605 2025 3731 2064 cum

2146 2099 2334 2173 Patre,
2369 2098 2464 2154 sed
2499 2098 2751 2171 ejusdem
2785 2098 3110 2154 substantia:
3142 2114 3248 2170 qua
3282 2101 3429 2156 Deus
3461 2111 3574 2167 est,
3603 2118 3733 2173 pro—

2144 2192 2325 2261 priam
2363 2207 2496 2246 vero
2545 2192 2891 2264 hypostasim
2939 2193 3143 2248 habere
3187 2209 3296 2263 qua
3335 2194 3580 2250 Verbum
3625 2206 3730 2251 est.

2146 2285 2296 2340 ldem
2336 2294 2523 2340 autem
2562 2285 2617 2340 in
2653 2284 2958 2367 novissimo
2990 2285 3208 2342 dierum
3252 2288 3560 2343 secundum
3607 2303 3733 2342 car-

2145 2393 2272 2434 nem
2308 2387 2475 2432 natus
2506 2392 2538 2432 e
2573 2385 2764 2432 sancta
2791 2384 2849 2432 et
2876 2376 3119 2447 gloriosa
3150 2378 3377 2449 Virgine
3408 2378 3579 2434 Matre
3610 2379 3731 2445 Dei,

2143 2469 2396 2542 ejusdem
2421 2469 2735 2542 hypostasis
2759 2483 2871 2523 non
2895 2477 2982 2524 est
3004 2485 3131 2524 cum
3155 2479 3356 2539 matre,
3372 2471 3466 2527 sed
3483 2472 3731 2543 ejusdem

2145 2562 2492 2619 substantiae.
2527 2561 2741 2617 Deinde
2785 2562 3063 2633 quomodo
3101 2561 3365 2633 Acephali
3412 2563 3482 2618 de
3526 2563 3735 2620 unione

2146 2658 2517 2729 hypostaseon
2563 2655 2801 2711 duarum
2852 2657 3188 2727 loquuntur,
3231 2657 3338 2712 etsi
3390 2657 3736 2730 hypostatice

2146 2752 2409 2807 unionem
2445 2765 2556 2805 non
2592 2750 2888 2806 admittant
2919 2750 3044 2805 duae
3074 2748 3736 2822 hypostasesﬂgnorant-

2145 2860 2215 2899 ne
2253 2841 2564 2897 istiusmodi
2604 2840 2819 2896 erroris
2857 2855 3023 2896 causa
3058 2840 3375 2895 Nestorium
3409 2839 3732 2895 damnatum

2144 2936 2346 3000 fuisse,
2377 2934 2516 2989 duas
2543 2933 2871 3004 hypostases
2901 2932 2957 2987 in
2985 2931 3350 2988 oeconomiam
3381 2932 3735 2989 subinl‘eren-

2145 3028 2289 3082 tem?
2324 3026 2431 3082 Sed
2461 3025 2714 3096 quamvis
2742 3025 2860 3081 haec
2892 3025 2966 3079 ita
3000 3024 3139 3089 sint,
3167 3023 3410 3081 Nestorii
3440 3025 3732 3094 omnisque

2147 3127 2421 3174 tuereseos
2447 3118 2704 3188 dogmata
2735 3116 3144 3187 impudentiora
3171 3116 3330 3171 fateri
3359 3117 3574 3172 malunt
3595 3117 3735 3172 Ace-

448 3207 746 3308 Νεστορίου
781 3236 875 3288 καὶ
905 3207 1086 3303 πάσης
1124 3231 1326 3305 μᾶλλον
1357 3231 1624 3302 αἱρέσεως
1659 3228 2034 3300 βδελυρώτερα

2146 3209 2321 3280 phali,
2347 3225 2512 3279 quam
2545 3207 2766 3263 veritati
2795 3207 3088 3262 assentire.
3123 3207 3252 3262 Haec
3285 3215 3469 3263 autem
3504 3223 3534 3262 a
3569 3209 3730 3264 nobis

447 3331 698 3402 δόγματα
735 3329 918 3397 λέγειν
945 3328 1232 3396 ἀνέχονται
1257 3325 1306 3377 οἰ
1344 3321 1656 3392 Ἀκέφαλοι,
1682 3321 1716 3393 ἢ
1765 3323 2040 3375 συναινεῖν

449 3428 516 3496 τῇ
547 3423 799 3495 ἀληθείᾳ.
837 3420 948 3474 Καὶ
991 3419 1168 3472 ταῦτα
1216 3417 1314 3489 μὲν
1347 3417 1510 3486 ἡμεῖς
1538 3413 1676 3484 πρὸς
1711 3412 1932 3476 αὑτούς.
1966 3413 2040 3466 Τὸ

448 3517 494 3572 δ’
528 3517 662 3572 αὐτὸ
693 3512 790 3568 τοῦ
843 3511 1174 3566 Ἀποστόλου
1207 3507 1371 3580 ῥητὸν
1398 3506 1764 3578 ἐξηγούμενος
1792 3507 1888 3560 καὶ
1915 3507 1944 3558 ὁ
1983 3505 2040 3559 ἐν

449 3611 629 3679 ἁγίοις
669 3606 998 3678 ’Δμϐρόσιος
1047 3607 1106 3658 ἐν
1158 3602 1237 3674 τῷ
1285 3600 1427 3656 κατὰ
1471 3597 1852 3670 Ἀπολιναρίου
1894 3596 2041 3668 λόγῳ

448 3703 654 3776 γράφει
681 3703 844 3756 τάδε·
879 3719 898 3752 ι
939 3698 1220 3755 Κάλλιστα
1252 3695 1523 3766 κέχρηται
1571 3697 1638 3766 τῇ
1694 3693 1804 3748 τῶν
1850 3691 2036 3746 αὐτῶν

449 3789 793 3862 ἐπαναλήψει
827 3789 1089 3859 ῥημάτων
1118 3788 1145 3840 ὁ
1191 3785 1516 3848 Ἀπόστολος
1561 3785 1738 3853 λέγων
1783 3783 1912 3855 περὶ
1939 3782 2033 3836 τοῦ

448 3885 657 3957 Κυρίου
705 3881 861 3956 ἡμῶν
895 3880 1066 3954 Ἰησοῦ
1105 3877 1344 3951 Χριστοῦ
1370 3895 1384 3908 ·
1419 3879 1525 3944 Ὃς
1552 3877 1621 3931 ἐν
1652 3874 1856 3946 μορφῇ
1887 3874 2035 3930 Θεοῦ

448 3978 741 4048 ὑπάρχων
764 4016 778 4040 ,
819 3976 934 4044 οὐχ
975 3970 1294 4041 ἁρπαγμὸν
1330 3968 1604 4040 ἡγήσατο
1642 3967 1710 4021 τὸ
1747 3963 1902 4022 εἷναι
1932 3966 2038 4020 ἴσα

448 4069 594 4138 Θεῷ,
622 4068 762 4126 ἀλλ’
791 4067 1014 4123 ἑαυτὸν
1033 4065 1356 4130 ἐκένωσεν,
1385 4061 1626 4132 μορφὴν
1662 4058 1890 4114 δούλου
1925 4062 2036 4113 λα-

443 4165 657 4222 ϐών-,Τί
677 4165 794 4217 ἐστι
820 4160 1004 4233 μορφὴ
1033 4157 1191 4220 Θεοῦ,
1220 4156 1267 4209 εί
1299 4155 1373 4227 μὴ
1393 4157 1450 4208 ἐν
1463 4153 1541 4225 τῷ
1573 4151 1910 4224 πληρώματι
1937 4152 2034 4223 τῆς

447 4260 706 4329 θεότητος
755 4258 937 4310 ἐκεῖνο
983 4253 1082 4323 τῆς
1132 4249 1286 4314 θείας
1314 4248 1653 4318 τελειότητος
1689 4246 2032 4316 ἐκτύπωμα;

446 4350 660 4405 Οὐκοῦν
720 4351 780 4403 ἐν
834 4346 914 4419 τῷ
946 4344 1141 4414 τελείῳ
1192 4343 1293 4414 τῆς
1339 4340 1597 4412 θεότητος
1631 4338 1726 4406 ὣν,
1764 4339 2036 4393 ἐκένωσεν

443 4445 658 4511 ἑαυτὸν,
696 4443 795 4498 καὶ
824 4439 1015 4494 ἔλαϐεν
1053 4438 1114 4492 τὸ
1153 4436 1361 4490 τέλειον
1408 4435 1509 4504 τῆς
1556 4432 1701 4487 κατὰ
1745 4431 2036 4503 ἄνθρωπον

443 4537 661 4607 φύσεως
708 4534 1032 4605 ὁλοκλήρουο
1079 4529 1174 4584 καὶ
1218 4528 1294 4593 ὡς
1330 4527 1482 4581 οὐδὲν
1535 4525 1722 4580 ἔλιπεν
1763 4526 1842 4596 τῷ
1888 4523 2030 4593 Θεῷ.

440 4637 617 4699 οὕτως
649 4632 773 4688 οὔτε
806 4632 884 4703 τῷ
911 4627 1274 4700 καταρτισμῷ
1312 4626 1392 4696 τῷ
1431 4623 1573 4679 κατὰ
1603 4624 1692 4677 τὸν
1719 4621 2028 4694 ἄνθρωπον,

443 4729 533 4782 ἵνα
568 4727 776 4790 τέλειος
808 4726 866 4777 ἐν
897 4722 1136 4794 ἑκατέρᾳ
1166 4720 1325 4790 φύσει
1352 4718 1620 4790 τυγχάνῃ.
1662 4736 1678 4769 ι

517 4819 601 4892 [Ρ.
630 4816 988 4890 244.]⁹Ικανὰ
1015 4816 1114 4886 μὲν
1146 4811 1240 4868 οὖν
1272 4811 1558 4883 ἡγούμεθα
1587 4810 1724 4881 πρὸς
1756 4809 2030 4875 ἀπόδειξιν

439 4914 538 4967 τοῦ
569 4912 701 4986 μίαν
743 4910 842 4982 μὲν
886 4909 1225 4971 ὑπόστασιν,
1275 4907 1395 4978 ἦτοι
1437 4904 1496 4957 ἓν
1543 4903 1851 4976 πρώσωπον
1890 4898 2030 4957 εἶναι

438 5007 538 5060 τοῦ
570 5005 778 5076 Κυρίου
807 5003 967 5074 ἡμῶν
1014 5000 1188 5073 Ἰησοῦ
1215 4997 1473 5071 Χριστοῦ,
1502 4999 1558 5051 ἐν
1587 4997 1708 5050 δυσὶ
1739 4995 1797 5050 δὲ
1830 4995 2028 5066 φύσεσι

438 5099 606 5152 αὑτὸν
639 5095 1030 5168 γνωρίζεσθαι,
1059 5093 1340 5149 τουτέστιν
1367 5095 1425 5146 ἐν
1459 5090 1674 5162 θεότητι
1699 5091 1793 5143 καὶ
1817 5090 2030 5161 ἀνθρω-

439 5191 664 5262 πότητι,
691 5190 761 5244 τά
794 5206 855 5242 τε
899 5189 964 5242 ἐκ
998 5188 1100 5259 τῆς
1121 5219 1123 5222 -
1143 5185 1305 5250 θείας
1335 5185 1559 5257 Γραφῆς
1587 5184 1680 5237 καὶ
1713 5183 1825 5262 τῶν
1855 5183 2030 5251 ἁγίων

436 5288 572 5357 ἡμῖν
629 5281 1078 5354 παρατεθειμένα
1135 5277 1438 5350 Πατέρων,
1501 5277 1549 5330 εί
1595 5275 1691 5331 καὶ
1751 5274 1910 5344 ὀλίγα
1964 5276 2031 5328 ἐκ

438 5376 655 5432 πολλῶν
705 5373 1103 5446 προηγάγομεν
1127 5412 1142 5437 ,
1185 5371 1274 5424 ἵνα
1312 5369 1388 5442 μὴ
1439 5369 1645 5440 πλῆθος
1674 5370 1787 5432 τοῖς
1817 5384 2030 5438 γραφο-

441 5469 629 5540 μένοις
656 5467 1008 5536 ποιήσωμεν·
1053 5462 1196 5534 πλὴν
1239 5461 1428 5533 ἐπειδὴ
1470 5459 1621 5514 ἔστιν
1661 5459 1752 5513 ὅτε
1796 5460 1891 5513 καὶ
1923 5458 2032 5512 ὑπὸ

435 5561 549 5616 τῶν
580 5556 791 5629 ἐχθρῶν
823 5559 858 5627 ἡ
913 5553 1146 5626 ἀλήθεια
1178 5550 1528 5622 φανεροῦται,
1576 5549 1764 5621 ὥσπερ
1801 5543 1894 5603 οῦν
1935 5547 2032 5602 καὶ

435 5657 487 5710 οἱ
517 5655 771 5725 δαίμονες
802 5651 894 5705 τὸν
919 5649 1158 5721 Χριστὸν
1195 5648 1323 5701 Υἰὸν
1353 5645 1446 5700 τοῦ
1474 5645 1611 5699 Θεοῦ
1660 5645 1756 5698 καὶ
1801 5643 2026 5706 ἄκοντες

434 5747 822 5820 ὡμολόγησαν,
849 5744 1100 5814 δείξομεν
1126 5742 1222 5799 καὶ
1252 5740 1416 5795 αὑτὸν
1444 5737 1684 5811 Σευῆρον
1727 5738 1820 5792 τὸν
1865 5736 2027 5789 Ἀποο

511 5924 801 5997 'Philipp.
828 5940 889 5992 ιι,
910 5925 962 5981 ϐ.
1047 5933 1063 5964 ί
1094 5920 1230 5980 ibid.
1255 5937 1309 5985 γ,
1334 5921 1386 5976 6.

2145 3305 2257 3359 illis
2298 3302 2532 3359 dicenda
2573 3313 2722 3356 sunt.
2758 3301 2907 3356 Idem
2936 3316 3072 3356 vero
3101 3301 3334 3356 verbum
3365 3300 3611 3372 Apostoli
3646 3302 3732 3357 in-

2145 3403 2454 3468 terpretans
2487 3409 2710 3465 quoquc
2746 3399 2972 3449 sanctus
3003 3392 3334 3448 Ambrosius
3371 3393 3427 3448 in
3468 3409 3727 3450 sermone

2143 3491 2212 3546 de
2239 3487 2610 3560 Apollinario,
2636 3488 2750 3541 haec
2781 3486 2981 3542 scribit
3011 3503 3026 3541 :
3067 3505 3085 3537 ι
3114 3485 3336 3556 Optime
3369 3486 3568 3542 horum
3601 3503 3724 3544 ver-

2143 3582 2343 3637 borum
2373 3579 2723 3634 iterationem
2755 3576 3014 3632 adhibuit
3040 3575 3368 3646 Apostolus,
3393 3576 3462 3633 de
3492 3577 3726 3633 Domino

2142 3683 2334 3730 nostro
2361 3674 2490 3729 Jesu
2523 3671 2744 3727 Christo
2776 3671 2965 3726 dicens
3004 3687 3018 3724 :
3054 3669 3156 3735 Qui
3187 3687 3306 3724 cum
3338 3672 3393 3725 in
3425 3671 3595 3741 {arma
3630 3671 3730 3725 Dei

2143 3777 2302 3833 esset,
2338 3783 2444 3820 non
2484 3767 2734 3836 rapinam
2773 3764 3064 3818 arbitratus
3105 3772 3180 3818 est
3222 3779 3332 3818 esse
3372 3780 3426 3818 se
3468 3764 3729 3836 (aqualem

2147 3861 2281 3925 Deo,
2310 3859 2402 3913 sed
2433 3857 2772 3927 semetipsum
2804 3857 3120 3921 exinanivit,
3159 3856 3385 3925 formam
3417 3857 3556 3910 servi
3587 3858 3728 3910 acci-

2142 3955 2290 4025 piens
2319 3956 2364 4006 ι.
2398 3950 2542 4017 Quid
2587 3959 2672 4005 est
2717 3949 2894 4018 forma
2947 3947 3073 4012 Dei,
3109 3947 3218 4001 nisi
3268 3946 3324 4001 in
3375 3947 3728 4016 plenitudine

2139 4044 2453 4102 divinitatis
2486 4043 2576 4098 illa
2603 4041 2808 4097 divinae
2839 4039 3200 4111 perfectionis
3230 4039 3554 4110 impressio?
3586 4039 3724 4094 Cum

2140 4141 2310 4212 igitur
2335 4146 2483 4194 esset
2511 4138 2566 4192 in
2600 4136 2709 4191 hoc
2736 4134 2977 4190 culmine
3006 4131 3333 4196 divinitatis,
3363 4131 3724 4202 semetipsum

2138 4231 2468 4297 exinanivit,
2497 4237 2662 4300 atque
2692 4227 2906 4298 accepit
2931 4225 3179 4297 perfecte
3208 4240 3274 4280 ac
3304 4225 3518 4295 integre
3548 4225 3725 4279 homi-

2137 4327 2228 4382 nis
2269 4335 2557 4389 naturam;
2597 4330 2768 4391 utque
2813 4320 2952 4374 nihil
2993 4320 3108 4374 Deo
3149 4319 3407 4387 reliquit,
3447 4318 3578 4372 item
3618 4333 3722 4373 nec

2137 4416 2530 4476 restaurationi
2575 4415 2846 4480 hominis,
2875 4423 2936 4469 ut
2976 4413 3349 4484 perfectusin
3391 4427 3724 4476 unaquaque

2138 4521 2337 4568 natura
2373 4509 2737 4566 inveniretur.
2773 4527 2790 4558 ι

2211 4798 2292 4853 Ad
2323 4791 2818 4851 demonstrandum
2844 4789 3011 4860 igitur
3049 4801 3213 4841 unam
3244 4801 3366 4842 esse
3401 4783 3720 4857 hypostasin

2140 4891 2257 4946 sive
2282 4903 2450 4944 unam
2484 4900 2775 4957 personam
2810 4880 3025 4936 Domini
3063 4879 3237 4934 nostri
3260 4879 3388 4933 Jcsu
3409 4877 3636 4939 Christi,
3667 4876 3721 4930 in

2139 4982 2356 5038 duabus
2391 4994 2525 5035 vero
2558 4975 2776 5032 naturis
2812 4974 2991 5044 ipsum
3021 4970 3269 5042 agnosci,
3309 4969 3521 5024 scilicet
3553 4969 3607 5022 in
3634 4967 3720 5021 di-

2137 5075 2370 5132 vinitate
2421 5079 2478 5128 et
2532 5068 2920 5132 humanitate,
2960 5073 3084 5136 apta
3115 5062 3435 5118 censuimus
3479 5075 3602 5129 qua:
3654 5074 3723 5113 ex

2137 5169 2344 5225 divinis
2386 5163 2690 5234 Scripturis
2736 5160 3050 5228 sanctisque
3091 5156 3348 5211 Patribus
3381 5153 3720 5223 prmbentur,

2138 5261 2242 5318 etsi
2274 5274 2450 5332 pauca
2479 5273 2546 5312 ex
2573 5253 2764 5309 multis
2819 5246 3251 5321 produxerimus
3276 5285 3290 5310 ,
3327 5258 3398 5297 ne
3430 5240 3722 5296 abundan-

2138 5355 2248 5410 tius
2261 5352 2528 5422 scriptum
2544 5346 2810 5402 faciamus
2828 5359 2842 5408 ;
2861 5341 2958 5396 sed
2985 5355 3109 5395 cum
3130 5334 3427 5406 aliquando
3439 5334 3724 5401 contingat

2135 5457 2198 5502 ut
2220 5446 2288 5502 ab
2310 5439 2586 5498 lnereticis
2606 5437 2739 5508 ipsis
2760 5434 2966 5489 veritas
2984 5429 3228 5502 pateﬁat,
3250 5423 3720 5498 quemadmodum

2137 5550 2336 5598 caetero
2366 5535 2646 5589 dzemones
2670 5529 2950 5584 Christum
2988 5523 3188 5579 Filium
3233 5519 3330 5576 Dei
3361 5519 3528 5572 etiam
3561 5517 3720 5571 inviti

2136 5631 2374 5692 confessi
2401 5633 2551 5691 sunt,
2583 5621 2939 5682 ostendemus
2961 5618 3142 5688 ipsum
3176 5626 3399 5683 quoque
3429 5609 3720 5673 Severum,

2140 5722 2464 5800 Apollinarii
2510 5728 2890 5776 successorem
2923 5708 3441 5782 Acephalorumque
3470 5715 3723 5759 errorem
