4148 6464
462 382 603 452 1135
1573 388 2019 453 IUSTINIANI
2059 385 2585 449 IMPERATOBIS
3590 380 3729 449 1136

456 508 771 571 augentem,
811 497 1169 555 confitentem
1197 514 1392 555 omnes
1423 510 1644 557 sanctos
1672 502 1865 557 Patres
1898 500 2026 555 duas

2142 497 2388 569 λιναρίου
2413 497 2656 567 διάδοχον
2684 494 2779 550 καὶ
2803 494 2901 566 τὴν
2925 494 3034 549 τῶν
3072 494 3391 566 Ἀκεφάλων
3412 494 3729 567 αὐξήσαντα

458 603 685 648 naturas
705 591 774 647 de
802 590 1022 646 Christo
1046 592 1325 663 inculpate
1357 594 1683 649 asseruisse.
1716 594 1842 650 Haec
1867 594 2026 666 igitur

2138 586 2367 658 πλάνην,
2407 585 2782 657 ὁμολογοῦντα
2821 586 2905 640 ὅτι
2954 586 3157 650 πάντες
3196 588 3245 641 oi
3291 587 3439 657 ἁγιοι
3484 589 3728 662 Πατέρες

452 686 592 742 dicit
636 686 692 740 in
741 700 996 740 sermone
1043 701 1209 756 quem
1254 686 1651 759 Expositione":
1675 688 1799 756 ﬁdei
1834 696 2031 745 vocat:

458 798 477 831 ι
510 778 690 833 Fateri
713 777 851 832 duas
874 786 1156 843 naturas,»
1176 786 1356 836 etc....
1382 780 1593 834 Deinde
1624 781 1678 835 in
1708 781 1903 836 iisdem
1929 782 2036 835 im-

452 886 676 925 morans
700 870 948 940 atquein
982 870 1222 926 decursu
1256 872 1564 937 sermonis,
1608 873 1746 928 dicit
1774 888 1833 929 se
1862 874 2035 928 verba

452 962 677 1017 Patrum
736 962 960 1017 illorum
1017 963 1113 1032 qui
1161 963 1443 1033 inculpato
1485 964 1627 1035 stylo
1668 964 2033 1035 scripserunt,

450 1053 702 1125 proferre
730 1055 990 1124 nequire,
1019 1058 1125 1110 etsi
1174 1065 1336 1110 antea
1368 1056 1536 1111 verba
1561 1056 1749 1128 Cyrilli
1802 1057 2034 1112 recitata

450 1145 584 1199 sint.
625 1144 681 1199 Si
712 1159 843 1199 vero
885 1159 1080 1199 omnes
1123 1144 1299 1199 sancti
1339 1145 1553 1211 Patres,
1587 1148 1697 1201 imo
1726 1155 1782 1202 et
1811 1156 2036 1203 sanctus

450 1236 690 1308 Cyrillus
720 1236 1002 1306 inculpato
1042 1237 1184 1307 stylo
1227 1237 1575 1307 scripserint,
1608 1237 1837 1308 ipseque
1867 1238 2037 1294 Seve-

452 1346 552 1383 rus
579 1329 686 1383 hoc
722 1327 993 1393 fateatur,
1047 1328 1173 1398 quis
1218 1344 1351 1400 ergo
1393 1329 1500 1384 sibi
1534 1330 1699 1384 talem
1749 1340 2035 1401 arrogaret

452 1422 841 1478 auctoritatem
876 1422 941 1475 ad
975 1421 1283 1475 doctrinam
1319 1421 1545 1475 Patrum
1582 1421 2035 1490 reprobandam?

450 1515 539 1570 vel
571 1515 849 1584 quomodo
876 1513 1068 1568 Patres
1100 1523 1261 1567 vocat
1281 1512 1522 1568 Severus
1545 1529 1783 1584 quorum
1813 1513 2034 1584 opinio-

449 1623 550 1662 nes
568 1605 940 1676 rcprohandas
956 1606 1271 1659 existimat?
1295 1605 1401 1661 Sed
1415 1606 1765 1661 manifestum
1788 1622 1847 1662 se
1878 1606 2028 1663 fecit:

446 1717 574 1755 cum
602 1701 751 1756 enim
786 1716 896 1755 non
930 1708 1116 1770 posset
1144 1698 1390 1771 eﬂugere
1423 1700 1738 1767 veritatem,
1769 1700 1876 1756 hoc
1903 1717 2034 1757 ver-

446 1793 577 1847 bum
611 1793 837 1863 quidem
871 1808 903 1845 a
938 1791 1197 1847 Patrihus
1244 1792 1523 1863 prolatum
1568 1808 1692 1849 esse
1744 1793 2034 1851 confessus

2135 678 2230 732 δύο
2257 678 2449 747 φύσεις
2500 678 2596 731 ἐπὶ
2634 676 2727 732 τοῦ
2784 678 3025 749 Χριστοῦ
3076 678 3416 749 ἀδιαόλήτως
3446 681 3727 752 είρήκασι.

2134 769 2300 838 Λέγει
2331 770 2467 839 γοῦν
2484 772 2544 823 ἐν
2564 770 2644 841 τῷ
2672 770 2818 842 λόγῳ
2866 771 2926 825 δν
2956 771 3245 827 Ἕκθεσιν
3268 773 3527 841 πίστεως
3562 773 3728 845 δῆθεν

2133 862 2412 933 ὀνομάζει,
2434 866 2563 919 τάδε
2587 882 2604 899 ο
2642 884 2661 918 ι
2703 866 2777 918 Τὸ
2802 865 2860 919 δὲ
2889 866 3073 935 λέγειν
3106 868 3201 922 δύο
3231 867 3444 937 φύσεις,
3466 888 3484 922 ι
3507 877 3618 926 etc.
3646 875 3727 941 (ut

2137 954 2266 1009 alibi
2277 956 2399 1026 jam
2423 957 2808 1028 recitavimus).
2832 955 2967 1013 Εἶτα
2995 961 3109 1023 τοῖς
3131 960 3317 1025 αὐτοῖς
3344 961 3602 1031 ἐμμένων
3633 964 3728 1015 καὶ

2135 1048 2226 1105 διὰ
2257 1049 2368 1104 τῶν
2402 1049 2605 1121 ἑφεξῆς
2631 1050 2805 1120 λέγει,
2842 1053 2919 1124 μὴ
2954 1052 3214 1108 δύνασθαι
3263 1054 3363 1119 τὰς
3395 1054 3504 1110 τῶν
3551 1058 3727 1110 Πατέ-

2139 1157 2248 1210 ρων
2287 1142 2472 1210 φωνὰς
2510 1144 2621 1195 τῶν
2669 1143 3013 1215 ἁδιαϐλήτως
3053 1147 3123 1216 τῇ
3170 1145 3313 1214 λέξει
3358 1148 3727 1219 χρησαμένων

2135 1233 2533 1304 προφέρεσθαι.
2572 1235 2677 1289 κᾶν
2719 1235 2887 1289 αὑτοῦ
2925 1237 3202 1309 Κυρίλλου
3240 1234 3355 1292 εἷεν
3393 1238 3504 1310 πρὸ
3530 1239 3722 1292 τούτου

2133 1325 2430 1395 λεχθεῖσαι.
2480 1328 2542 1381 Ei
2576 1329 2773 1409 fcoiwv
2808 1328 3021 1393 πάντας
3054 1331 3181 1395 τοὺς
3212 1330 3407 1399 ἁγίους
3445 1332 3721 1403 Πατέρας,

2134 1417 2216 1471 ἔτι
2255 1417 2364 1488 μὴν
2395 1420 2490 1472 καὶ
2523 1419 2617 1473 τὸν
2652 1423 2711 1473 ἐν
2762 1421 2942 1490 ἁγίοις
2968 1420 3237 1493 Κύριλλον
3268 1422 3613 1494 ἀδιασλήτως
3654 1429 3722 1496 τῇ

2133 1509 2277 1575 λέξει
2307 1512 2637 1581 χρήσασθαι,
2680 1500 2776 1566 καὶ
2823 1514 2987 1578 αὐτὸς
3033 1514 3273 1585 Σευῆρος
3324 1514 3600 1586 ὁμολογῇ,
3638 1515 3723 1580 τίς

2134 1604 2244 1674 ἀρα
2272 1605 2534 1672 τοιαύτην
2562 1604 2722 1675 ἔσχεν
2760 1605 3070 1672 αὐθεντίαν,
3106 1605 3247 1660 ὥστε
3276 1607 3377 1677 τὴν
3407 1605 3518 1661 τῶν
3551 1607 3723 1674 ἁγίων

2134 1695 2398 1765 Πατέρων
2431 1696 2837 1768 ἀποδοκιμάσαι
2876 1697 3266 1764 διδασκαλίαν;
3303 1698 3336 1770 ἢ
3386 1699 3505 1763 πῶς
3544 1700 3722 1753 Πατέ-

2140 1805 2242 1859 ρας
2266 1788 2526 1860 ὀνομάζει
2556 1789 2798 1861 Σευῆρος
2823 1784 2899 1845 ὧν
2928 1791 3440 1862 ἀποδοκιμασθῆναι
3473 1790 3627 1862 λέγει
3655 1792 3725 1846 τὰ

442 1893 548 1949 cst,
591 1884 686 1939 sed
720 1884 957 1955 proprio
1010 1884 1212 1939 morbo
1247 1884 1458 1940 mederi
1493 1886 1687 1942 volens
1708 1927 1724 1952 ,
1772 1886 2026 1957 blaSphe-

2134 1881 2417 1952 δόγματας
2463 1881 2626 1937 Ἀλλὰ
2657 1883 2925 1955 πρόδηλον
2971 1884 3164 1939 ἑαυτὸν
3196 1884 3489 1951 δείκνυσιν,
3517 1885 3596 1950 ὡς
3622 1886 3725 1956 τὴν

444 1978 572 2034 miis
596 1977 839 2033 Nestorii
872 1976 1182 2032 doctrinam
1212 1977 1441 2033 Patrum
1470 1977 1642 2034 fuisse
1677 1979 2030 2049 reprobatam

435 2072 678 2137 asserit;
733 2069 880 2140 quod
928 2077 1015 2124 est
1059 2070 1177 2125 risu
1213 2069 1467 2141 dignum.
1516 2070 1635 2126 lllis
1665 2080 1852 2127 autem
1904 2086 2032 2127 san-

440 2173 564 2217 ctos
595 2163 791 2219 Patres
815 2161 1103 2217 exinanire
1132 2170 1368 2218 conatus
1391 2170 1498 2227 est,
1526 2171 1899 2233 sanctumque
1927 2162 2032 2235 Cy-

441 2255 629 2308 rillum
651 2253 980 2309 calumniari
1006 2268 1118 2309 non
1141 2253 1516 2319 dubitavit,_ul
1540 2254 1651 2309 illis
1670 2270 1794 2326 quae
1809 2254 1879 2310 ab
1910 2254 2032 2325 ipso

439 2346 607 2415 paulo
635 2356 763 2400 ante
790 2344 936 2399 dicta
966 2344 1189 2401 fuerant
1209 2345 1525 2416 sanctisque
1549 2345 1808 2402 Patribus
1831 2347 2031 2402 adver-

440 2446 680 2491 santem.
723 2437 980 2493 Attamen
1010 2453 1136 2493 cum
1167 2438 1259 2493 ille
1289 2454 1463 2508 usque
1497 2438 1567 2493 ad
1601 2439 1842 2494 Nestorii
1886 2449 2031 2494 tem-

437 2545 575 2600 pora
633 2538 856 2585 sanctos
921 2530 1118 2585 Patres
1151 2530 1260 2585 hoc
1302 2531 1478 2585 verbo
1524 2531 1807 2601 inculpate
1855 2531 2031 2587 fuisse

440 2636 574 2676 usus
606 2619 841 2676 aflirmet
867 2660 884 2687 ,
934 2636 1038 2677 nos
1068 2630 1322 2677 sanctum
1354 2620 1623 2693 Cyrillum
1660 2623 1893 2676 duarum
1928 2640 2030 2676 na-

441 2724 692 2766 turarum
725 2711 900 2767 verbo
937 2711 1008 2768 de
1055 2713 1367 2768 oeconomia
1415 2713 1725 2769 Salvatoris
1756 2708 2027 2779 utentem,

359 2846 365 2856 .
439 2802 839 2859 condemnasse
893 2803 1211 2862 Nestorium
1260 2804 1651 2871 ostendemus;
1714 2806 2029 2877 iterumque

441 2904 563 2965 post
583 2896 1012 2951 condemnatum
1039 2896 1381 2962 Nestorium,
1416 2897 1587 2952 simili
1612 2897 1867 2954 doctrina
1893 2915 2029 2955 usus

438 2997 527 3045 est
561 2988 710 3044 idem
749 2997 979 3044 sanctus
1018 2987 1280 3061 Cyrillus.
1342 2989 1572 3045 Videtur
1615 3006 1748 3062 ergo
1784 2990 2029 3046 Severus

437 3100 621 3154 neque
652 3092 877 3140 sanctos
907 3083 1101 3139 Patres
1136 3081 1467 3153 intelligere,
1488 3097 1670 3152 neque
1702 3098 1929 3138 causam
1955 3082 2027 3137 ob

438 3192 607 3248 quam
642 3177 1046 3232 condemnatus
1069 3185 1154 3230 est
1174 3173 1462 3229 Nestorius
1488 3192 1503 3241 ;
1536 3175 1714 3229 sancti
1741 3175 1892 3229 enim
1921 3175 2027 3230 Pa—

443 3278 557 3322 tres
583 3266 894 3323 divinitatis
917 3264 1127 3321 Christi
1157 3273 1323 3334 atque
1353 3263 1718 3319 humanitatis
1757 3264 1897 3319 duas
1923 3280 2022 3319 na-

438 3369 592 3413 turas
619 3358 805 3413 unitas
846 3357 1182 3412 confitentes
1214 3396 1230 3421 ,
1287 3370 1358 3412 ne
1400 3355 1523 3411 duae
1558 3355 1883 3427 hypostascs
1925 3367 2023 3412 aut

435 3449 549 3504 duo
594 3447 694 3503 filii
723 3448 791 3503 de
826 3448 946 3517 ipso
985 3446 1329 3512 dicerentur,
1370 3456 1663 3513 vetarunt;
1704 3447 2022 3503 Nestorius-

433 3555 543 3611 que
585 3548 841 3595 naturam
866 3582 881 3606 ,
913 3538 1253 3610 hypostasim
1294 3547 1459 3609 atque
1515 3554 1815 3610 personam
1870 3539 2019 3595 idem

434 3646 560 3687 esse
607 3630 917 3696 confitens,
962 3639 1259 3702 propterea
1305 3631 1542 3686 duarum
1587 3640 1916 3687 naturarum
1964 3632 2023 3687 in

436 3724 720 3796 hypostasi
756 3724 1022 3781 unionem
1058 3740 1289 3795 negans,
1315 3725 1612 3796 separatim
1650 3725 2025 3797 hypostatice-

437 3833 547 3888 que
575 3817 718 3873 duas
746 3826 977 3873 naturas
999 3817 1211 3882 dicens,
1248 3816 1491 3888 indeque
1520 3818 1663 3873 duos
1685 3818 1828 3873 ﬁlios
1853 3818 2024 3874 duos—

435 3923 547 3979 que
561 3905 817 3964 Christos
831 3905 1116 3978 efﬁngens,
1142 3917 1371 3978 propter
1392 3907 1555 3962 istam
1578 3907 1751 3978 ipsius
1767 3907 2025 3978 blasphe-

432 4003 601 4056 miam
620 4040 636 4067 ,
654 4015 685 4055 a
712 3999 921 4056 sanctis
936 3999 1198 4057 Patribus
1216 3998 1621 4055 condemnatus
1643 4007 1728 4055 est
1747 4016 1761 4067 ;
1781 3999 2019 4070 ideoque

433 4091 930 4165 sanctusCyrillus,
959 4090 1231 4148 insaniam
1259 4091 1686 4162 cjusJudaicam
1715 4091 2024 4148 retundens

436 4185 492 4239 in
518 4184 806 4255 Ephesino
823 4184 1057 4256 synodo,
1082 4190 1302 4239 sanctos
1322 4184 1512 4239 Patres
1534 4183 1767 4239 adduxit
1786 4190 1846 4237 ut
1865 4192 2020 4239 veta-

2133 1974 2396 2046 ἁλήθειαν
2424 1974 2755 2046 ἀποφυγεῖν,
2795 1976 2872 2048 μὴ
2909 1976 3233 2048 δυνάμενος,
3260 1977 3583 2048 ὡμολόγησε
3621 1976 3725 2050 μὲν

2132 2068 2231 2137 τὴν
2262 2066 2524 2138 τοιαύτην
2561 2067 2745 2140 φωνὴν
2782 2069 2937 2140 παρά
2981 2068 3091 2123 τῶν
3126 2069 3300 2138 ἁγίων
3342 2070 3604 2141 Πατέρων
3643 2072 3726 2125 εί·-

2132 2159 2354 2231 ρῆσθαι,
2391 2160 2675 2234 βουληθεὶς
2698 2163 2756 2217 δὲ
2784 2166 2852 2236 τῇ
2878 2164 3060 2235 οίκείᾳ
3087 2164 3231 2235 νόσῳ
3254 2167 3603 2236 συνηγορεῖν,
3631 2165 3724 2219 λέ-

2131 2270 2220 2323 γει
2247 2253 2338 2307 διὰ
2371 2254 2471 2319 τὰς
2501 2255 2800 2327 Νεστορίου
2835 2255 3185 2327 βλασφημίας
3214 2257 3724 2330 ἀποδοκιμασθῆναι

2131 2345 2230 2409 τὰς
2258 2344 2367 2400 τῶν
2391 2346 2563 2415 ἁγίων
2593 2347 2861 2419 Πατέρων
2895 2346 3270 2410 διδασκαλίαςο
3310 2348 3397 2419 ἐφ’
3423 2340 3468 2416 ᾧ
3500 2350 3594 2402 καὶ
3632 2366 3726 2419 γε·

2131 2434 2231 2506 λᾷν
2257 2434 2430 2501 ἀξιον.
2466 2435 2568 2492 Διά
2613 2436 2673 2491 δὲ
2724 2436 2932 2494 τούτων
2974 2437 3100 2503 τούς
3132 2455 3193 2493 τε
3238 2438 3431 2508 ἁγίους
3473 2440 3723 2513 Πατέρας

2130 2527 2349 2582 ἀθετεῖν
2379 2528 2741 2600 ἐπεχείρησεν
2771 2530 2866 2584 καὶ
2890 2529 2981 2585 τὸν
3008 2532 3067 2584 ὲν
3113 2531 3291 2599 ἁγίοις
3323 2531 3596 2602 Κύριλλον
3621 2549 3721 2586 συ-

2131 2622 2424 2689 κοφαντεῖν
2463 2622 2565 2675 οὐκ
2612 2621 2966 2692 ἁπὼκνησεν,
2997 2621 3073 2686 ὡς
3099 2624 3195 2678 καὶ
3222 2625 3336 2689 τοῖς
3362 2623 3557 2695 πρώην
3592 2624 3721 2697 παρ’

2131 2710 2303 2765 αὐτοῦ
2343 2712 2660 2783 εἰρημένοις
2712 2712 2808 2765 καὶ
2853 2714 2968 2777 τοῖς
3019 2713 3198 2783 ἁγίοις
3246 2715 3525 2787 Πατράσιν
3560 2716 3721 2769 ἔναν-

2131 2805 2248 2859 τιού
2258 2822 2442 2877 μενον.
2467 2805 2615 2877 Πλὴν
2642 2804 2831 2876 ἐπειδὴ
2862 2807 3070 2870 ἐκεῖνος
3093 2804 3256 2877 μέχρι
3281 2807 3391 2859 τῶν
3415 2807 3718 2878 Νεπορίου

2129 2898 2363 2970 χρόνων,
2409 2898 2560 2967 λέγει
2590 2897 2720 2962 τοὺς
2766 2898 2958 2967 ἁγίους
2988 2898 3241 2970 Πατέρας
3284 2899 3625 2971 ἀδιάϐλητως
3650 2901 3721 2972 τῇ

2128 2990 2357 3065 τοιαύτῃ
2401 2990 2710 3062 χρήσασθαι
2746 2993 2931 3061 φωνῇ,
2993 2992 3154 3062 ἡμεῖς
3194 2990 3441 3061 δείξομεν
3470 2994 3553 3048 ὅτι
3597 2995 3626 3048 6
3660 2995 3720 3047 ἐν

2130 3083 2310 3152 ἁγίοις
2343 3082 2614 3154 Κύριλλος
2648 3086 2716 3154 τῇ
2757 3083 2866 3136 τῶν
2898 3082 3008 3138 δύο
3039 3086 3286 3154 φύσεων
3314 3089 3463 3158 φωνῇ
3492 3088 3584 3140 ἐπὶ
3615 3086 3720 3158 τῆς

2129 3176 2448 3247 οἰκονομίας
2473 3175 2567 3228 τοῦ
2598 3176 2852 3247 Σωτῆρος
2886 3180 3257 3247 χρησάμενος,
3289 3179 3580 3249 κατέκρινε
3611 3178 3719 3235 Νε-

2132 3270 2347 3340 στόριον
2369 3285 2382 3298 ·
2408 3270 2504 3323 καὶ
2532 3268 2699 3322 πάλιν
2732 3271 2870 3339 μετά
2902 3270 2999 3342 τὴν
3036 3270 3333 3340 Νεστορίου
3365 3273 3718 3343 κατάκρισιν,

2128 3363 2157 3415 6
2185 3361 2347 3425 αὐτὸς
2376 3363 2433 3414 ὲν
2463 3361 2642 3430 ἁγίοις
2683 3360 2951 3431 Κύριλλος
2989 3364 3057 3434 τῇ
3085 3361 3248 3433 ὁμοίᾳ
3284 3364 3554 3434 ἐχρήσατο
3576 3363 3720 3418 626a.-

2131 3455 2353 3527 σκαλίᾳ.
2399 3456 2582 3508 Ἕοικε
2618 3456 2725 3523 γάρ
2759 3455 3003 3525 Σευῆρος
3042 3457 3181 3526 μήτε
3211 3457 3339 3519 τοὺς
3377 3457 3566 3526 ἁγίους
3594 3459 3720 3529 νοή-

2130 3565 2230 3610 σας
2285 3548 2576 3619 Ματέρας,
2630 3549 2767 3619 μήτε
2815 3548 2916 3619 τὴν
2971 3549 3152 3602 αἰτίαν
3199 3550 3285 3618 ἐφ’
3331 3543 3365 3624 ᾖ
3414 3550 3715 3623 κατεκρίθη

2131 3640 2430 3711 Νεστόριος
2458 3658 2470 3672 ·
2514 3642 2564 3693 οἱ
2594 3641 2700 3710 γὰρ
2732 3639 2881 3709 ἆγιοι
2924 3639 3168 3711 Πατέρες
3203 3642 3302 3711 τῆς
3333 3641 3587 3712 θεότητος
3618 3640 3715 3695 τοῦ

2131 3731 2371 3803 Χριστοῦ
2405 3732 2500 3786 καὶ
2529 3732 2627 3799 τῆς
2655 3732 3074 3802 ἀνθρωπότητος
3097 3732 3191 3786 δύο
3213 3733 3403 3803 φύσεις
3428 3734 3716 3806 ἡνωμένας

2125 3823 2521 3895 ὁμολογοῦντες
2571 3823 2963 3895 ἀπηγόρευσαν
3014 3824 3108 3877 δύο
3165 3824 3494 3890 ὑποστάσεις
3541 3825 3574 3896 ἢ
3620 3827 3716 3880 δύο

2125 3918 2277 3982 υἱοὺς
2315 3917 2403 3969 ἐπ’
2450 3915 2616 3971 αὐτοῦ
2667 3917 2868 3986 λέγειν·
2906 3917 3204 3989 Νεστορίου
3256 3920 3367 3991 γὰρ
3418 3919 3580 3988 φύσιν
3619 3919 3715 3973 καὶ

2127 4006 2429 4059 ὑπόστασιν
2483 4009 2581 4061 καὶ
2632 4010 2928 4078 πρόσωπον
2968 4010 3169 4064 ταύτὸν
3212 4006 3355 4065 εἶναι
3389 4008 3716 4080 ὁμολογοῦνο

2128 4114 2243 4161 τος,
2275 4097 2371 4151 καὶ
2401 4097 2489 4151 διὰ
2521 4097 2682 4152 τοῦτο
2729 4098 2838 4152 τῶν
2873 4098 2968 4154 δύο
3021 4100 3238 4169 φύσεων
3271 4101 3373 4173 τὴν
3421 4103 3547 4156 καθ’
3579 4103 3717 4157 ὑπό-

2132 4206 2324 4244 στασιν
2363 4190 2559 4244 ἕνωσιν
2591 4191 2951 4262 ἀρνουμένου,
2979 4192 3075 4246 καὶ
3102 4193 3206 4247 ἀνὰ
3239 4194 3407 4264 μέρος
3451 4195 3547 4249 καὶ
3584 4196 3716 4251 ίδιο-

434 4287 559 4334 rent
589 4294 658 4334 ne
690 4278 802 4333 duo
856 4277 955 4333 filii
1005 4277 1368 4344 dicerentur,
1418 4276 1559 4333 duas
1608 4291 1742 4332 vero
1791 4285 2021 4332 naturas

2129 4280 2453 4346 ῦποστὰτως
2500 4284 2599 4347 τὰς
2650 4282 2743 4337 δύο
2792 4282 2983 4353 φύσεις
3015 4284 3286 4353 λέγοντος,
3321 4286 3417 4339 καὶ
3465 4287 3717 4342 ἐντεῦθεν

438 4385 722 4441 unumque
756 4371 954 4425 Filium
993 4369 1383 4440 prmdicarent.
2018 4434 2019 4437 η

2129 4370 2214 4424 δύο
2250 4372 2398 4435 υίοὺς
2447 4374 2541 4425 καὶ
2573 4373 2667 4426 δύο
2698 4374 2969 4444 Χριστοὺς
3001 4374 3452 4440 ἁναπλὰττοντος,
3491 4379 3588 4431 καὶ
3611 4377 3702 4431 διὰ

434 4463 533 4533 τὴν
562 4462 820 4532 τοιαύτην
850 4446 1017 4516 αύτοῧ
1054 4461 1410 4533 βλασφημίαν
1442 4459 1548 4514 ὑπὸ
1574 4457 1682 4514 τῶν
1709 4460 1882 4529 ἁγίων
1949 4463 2254 4532 κατεκρίθη
2325 4464 2609 4535 Πατέρων,
2644 4464 2834 4535 ἀμέλει
2867 4482 2948 4518 τοι
3000 4467 3029 4519 6
3062 4467 3119 4518 ἐν
3186 4467 3362 4535 ἁγίοις
3432 4468 3701 4541 Κύριλλος

431 4558 534 4629 τὴν
571 4557 871 4629 ἰουδαῖκὴν
932 4558 1100 4612 αὑτοῦ
1145 4557 1345 4627 μανίαν
1382 4556 1690 4627 ἀνελέγχων
1738 4557 1798 4609 ὲν
1841 4559 1907 4628 τῇ
1945 4556 2065 4612 κατ’
2109 4559 2346 4628 Ἔφεσον
2401 4559 2626 4631 συνόδῳ,
2667 4559 2797 4623 τοὺς
2854 4559 3045 4628 ἁγίους
3091 4560 3340 4633 Πατέρας
3390 4566 3714 4635 προήγαγεν

435 4651 883 4721 ἀπαγορεύοντας
920 4652 1018 4721 μὲν
1044 4651 1106 4704 τὸ
1128 4652 1308 4718 λέγειν
1336 4648 1432 4704 δύο
1459 4651 1645 4713 Υίοὺς,
1672 4649 1767 4704 δύο
1791 4648 1849 4703 δὲ
1875 4649 2070 4719 φύσεις
2109 4652 2205 4705 καὶ
2234 4651 2331 4704 ἕνα
2367 4652 2497 4707 Υἱδν
2525 4654 2921 4723 κηρύττοντας.

506 4746 586 4801 Ex
608 4741 870 4797 omnibus
901 4742 1070 4812 igitur
1094 4757 1216 4810 quae
1247 4740 1395 4794 dicta
1424 4748 1553 4794 sunt
1576 4740 1911 4809 patefactum
1934 4749 2018 4795 est

2197 4740 2280 4813 [P.
2311 4742 2406 4797 95!
2488 4745 2581 4797 Ἐκ
2598 4744 2705 4797 τῶν
2739 4744 3048 4817 εἰρημένων
3078 4745 3258 4799 τοίνυν
3284 4747 3542 4802 ἁπάντων
3568 4750 3713 4806 ἁπο-

432 4845 693 4893 sanctum
730 4831 996 4903 Cyrillum
1028 4838 1157 4885 ante
1184 4830 1600 4885 damnationem
1630 4831 1909 4914 Nestorii‘,
1960 4832 2018 4888 in

2129 4834 2392 4889 δέδεικται
2418 4839 2501 4890 ὅτι
2529 4837 2558 4888 6
2591 4839 2648 4890 ὲν
2675 4839 2850 4907 ἁγίοις
2884 4838 3152 4910 Κύριλλος
3198 4840 3294 4893 καὶ
3334 4842 3442 4912 πρὸ
3473 4844 3572 4914 τῆς
3599 4845 3713 4897 Νε-

435 4929 587 4984 illius
607 4923 964 4982 damnatione
984 4931 1217 4994 postque
1240 4922 1415 4993 ipsius
1431 4903 2017 4988 damnationemﬂua-

438 5036 565 5075 rum
591 5028 917 5074 naturarum
951 5014 1010 5069 in
1045 5030 1157 5069 uno
1181 5014 1404 5069 Christo
1438 5013 1844 5070 confessionem
1878 5031 2021 5086 prte-

431 5114 623 5171 dicare
676 5109 945 5165 continuo
988 5123 1097 5163 non
1148 5123 1414 5163 cessasse.
1478 5107 1587 5163 Sed
1631 5107 1772 5162 nihil
1822 5109 2019 5164 horum

438 5206 759 5276 intelligens
792 5201 1047 5259 veritatis
1080 5200 1254 5255 hostis
1285 5198 1542 5264 Severus,
1576 5201 1766 5257 Patres
1796 5202 2019 5258 nomine

436 5299 664 5354 Patrum
699 5302 885 5359 vocat,
924 5308 1001 5348 ac
1031 5291 1266 5364 denegat
1298 5292 1366 5347 ab
1409 5291 1519 5348 illis
1570 5293 1834 5348 Ecclesiae
1866 5303 2017 5349 recte

438 5389 698 5444 traditam
732 5387 904 5442 fuisse
929 5384 1261 5449 doctrinam,
1311 5385 1567 5441 nesciens
1598 5385 1913 5441 Nestorium
1945 5386 2018 5441 ob

435 5493 590 5534 suam
623 5478 847 5549 quidem
879 5475 1220 5546 impietatem
1251 5476 1674 5533 condemnatum
1720 5478 1914 5543 fuisse,
1946 5478 2016 5532 ab

435 5564 643 5635 illoque
679 5572 863 5620 tamen
905 5564 1129 5619 Patrum
1179 5563 1487 5620 doctrinam
1530 5581 1779 5621 eversam
1822 5566 2013 5623 fuisse.

438 5656 498 5711 Si
535 5665 744 5720 autem,
786 5656 942 5726 juxta
979 5653 1252 5708 insaniam
1283 5654 1506 5721 Severi,
1539 5656 1709 5710 verba
1745 5672 1774 5710 a
1811 5659 2017 5713 sanctis

440 5745 697 5800 Patribus
728 5756 878 5800 recte
913 5744 1228 5815 praedicata,
1276 5745 1345 5799 ab
1382 5746 1659 5802 haereticis
1693 5764 1826 5802 vero
1858 5751 2017 5804 ntali-

432 5851 545 5904 gne
600 5838 960 5907 interpretata
1011 5836 1348 5893 removenda
1387 5848 1549 5906 sunt,
1593 5847 1810 5896 evertet
1842 5841 2009 5897 etiam

2124 4926 2342 4998 στορίου
2387 4929 2788 4999 κατακρίσεως,
2846 4931 2939 4985 καὶ
2987 4934 3046 4984 ἐν
3091 4933 3326 5004 αὐτῇττῇ
3363 4937 3714 5008 κατακρίσει,

2126 5018 2224 5071 καὶ
2264 5018 2403 5089 μετὰ
2452 5020 2553 5089 τὴν
2607 5019 2774 5073 αὐτοῦ
2825 5022 3177 5092 κατάκρισιν,
3226 5024 3286 5077 οὐ
3342 5025 3582 5079 διέλιπεν
3612 5026 3716 5100 τὴν

2129 5111 2260 5180 περὶ
2297 5110 2406 5163 τῶν
2439 5110 2533 5166 δύο
2582 5111 2800 5180 φύσεων
2829 5114 2921 5167 ἐπὶ
2964 5114 3058 5167 τοῦ
3105 5116 3225 5178 ἑνὸς
3254 5117 3494 5188 Χριστοῦ
3519 5119 3716 5190 ὁμολο-

2124 5202 2251 5270 γίαν
2281 5202 2368 5255 ἀεὶ
2393 5202 2679 5273 κηρύττων
2699 5221 2711 5234 ·
2730 5204 2846 5258 ἀλλ’
2870 5206 3022 5260 οὐδὲν
3056 5207 3261 5262 τούτων
3290 5210 3530 5283 Σευῆρος
3561 5214 3589 5266 6
3608 5213 3715 5284 τῆς

2123 5295 2387 5363 ἀληθείας
2424 5296 2621 5368 ἐχθρὸς
2657 5297 2874 5364 ὲννοῶν,
2909 5299 3034 5363 τοὺς
3068 5300 3169 5371 μὲν
3201 5302 3454 5375 Πατέρας
3482 5305 3712 5377 ὀνόματι

2124 5386 2284 5455 δῆθεν
2314 5385 2582 5457 Πατέρων
2610 5386 2899 5451 ἀποκαλεῖ,
2936 5389 3183 5461 ἀρνεῖται
3234 5392 3291 5444 δὲ
3329 5393 3400 5447 τὰ
3446 5395 3578 5466 παρ’
3615 5397 3715 5449 αὖ·

2122 5477 2233 5532 τῶν
2277 5476 2452 5548 ὀρθῶς
2506 5479 2573 5550 τῇ
2632 5478 2928 5551 Ἐκκλησία
2978 5481 3391 5553 παραδεδομένα
3436 5483 3710 5557 δόγματα,

2128 5571 2204 5642 μὴ
2229 5570 2515 5639 γινώσκων
2541 5573 2623 5628 ὅτι
2654 5573 2949 5646 Νεστόριος
2980 5575 3078 5645 μὲν
3100 5575 3188 5630 διὰ
3218 5578 3320 5649 τὴν
3349 5578 3557 5633 οίκείαν
3578 5579 3714 5633 ἀσέ-

2125 5660 2279 5718 ϐειαν
2324 5662 2749 5728 κατακέκριται,
2794 5664 2855 5716 οὐ
2899 5664 3006 5736 μὴν
3043 5665 3112 5719 δι’
3152 5668 3364 5721 ἐκεῖνον
3396 5670 3428 5740 ἡ
3459 5669 3567 5723 τῶν
3593 5670 3711 5723 Πα-

2120 5752 2299 5823 τέρων
2323 5754 2595 5825 ἀνῄρηται
2625 5755 2965 5812 διδασκαλία.
2999 5760 3063 5812 Ei
3099 5759 3208 5829 γὰρ
3240 5761 3381 5815 κατά
3411 5759 3508 5832 τὴν
3537 5761 3711 5832 Σευήο

2119 5861 2215 5915 ρου
2254 5844 2456 5916 μανίαν
2486 5886 2500 5915 ,
2539 5847 2637 5911 τὰς
2691 5850 2875 5918 ςωνάς
2917 5851 3017 5916 τὰς
3046 5851 3200 5923 παρὰ
3233 5854 3334 5924 μὲν
3379 5853 3490 5909 τῶν
3531 5852 3708 5921 ἁγίων
