4148 6486
465 458 598 524 1137

1376 447 1822 528 TRACTA’TUS
1858 465 2050 527 CONT

2154 515 2161 527 ι
2200 469 2805 533 MONOPIIYSITAS.
3609 523 3664 541 ι-
3691 519 3747 540 ,ρ

458 570 719 641 Πατέρων
752 569 929 642 ὀρθῶς
960 569 1283 641 εἰρημένας,
1328 572 1482 642 παρὰ
1525 573 1583 627 δὲ
1627 573 1923 645 αἰρετικῶν
1949 591 2050 628 κα-

2156 578 2403 634 divinam
2428 580 2799 651 Scripturam,
2849 597 2917 636 ex
2961 597 3070 652 qua
3129 583 3376 640 haeretici
3421 601 3522 641 suo
3551 589 3745 643 morbo

457 665 569 728 κῶς
603 663 1102 735 ὲκ).αμ6ανομένας
1141 665 1530 734 παραιτεῖσθαι
1585 665 1702 730 δεῖ,
1753 667 1846 721 καὶ
1881 666 2052 738 αὐτὴν

458 757 717 828 ἀθετήσει
747 755 846 827 τὴν
890 755 1043 809 θείαν
1081 755 1328 828 Γραφὴν,
1355 756 1416 822 ἐξ
1453 751 1520 828 ἧς
1551 756 1755 821 πάντες
1784 759 2056 828 αἱρετικοὶ

458 850 523 918 τῇ
563 845 741 919 οἰκείᾳ
775 849 1100 918 συνηγορεῖν
1154 848 1360 902 οἴονται
1418 849 1590 920 νόσῳ⁶
1636 851 1732 903 καὶ
1779 850 1941 920 δῆλον
1972 853 2054 905 ὅτι

459 940 599 994 κατά
640 941 773 1002 τοὺς
819 939 1031 995 ἐκείνου
1079 941 1305 1011 λήρους,
1331 940 1392 993 αἴ
1426 957 1486 994 τε
1524 941 1665 995 θεῖαι
1701 943 1921 1013 Γραφαὶ
1961 944 2057 997 καὶ

459 1035 511 1086 αἱ
543 1033 652 1086 τῶν
689 1033 950 1104 Πατέρων
983 1033 1319 1104 παραδόσεις
1347 1033 1979 1105 ἀποδοκιμασθήσονται.

542 1121 704 1172 Ἀλλά
742 1121 916 1174 ταῦτα
949 1121 1048 1191 μὲν
1082 1123 1242 1192 ἡμεῖς
1267 1124 1403 1194 πρὸς
1430 1124 1556 1187 τοὺς
1586 1127 1904 1193 αἱρετικοῦς
1929 1127 2057 1179 ἀθε-

460 1213 687 1275 τοῦντας
739 1215 842 1281 τὴν
871 1214 980 1267 τῶν
1019 1215 1281 1286 Πατέρων
1321 1216 1710 1270 διδασκαλίαν·
1752 1220 1784 1288 ἡ
1833 1219 1888 1272 δὲ
1925 1219 2057 1286 ἁγία

463 1306 552 1357 τοῦ
581 1307 714 1358 Θεοῦ
755 1307 1053 1374 Ἐκκλησία
1100 1306 1204 1370 τὰς
1237 1309 1420 1377 μέντοι
1451 1309 1626 1374 αὐτὰς
1688 1310 1796 1362 τῶν
1847 1313 2056 1383 αἱρετι-

462 1397 573 1452 κῶν
623 1397 1016 1468 ματαιολογίας
1066 1399 1550 1471 ἀποστρεφομένη,
1604 1401 1953 1469 φυλάττουσα
1997 1402 2054 1456 δὲ

461 1493 560 1561 τὴν
602 1491 698 1545 τοῦ
751 1492 964 1564 Κυρίου
1017 1492 1112 1545 καὶ
1155 1491 1264 1544 τῶν
1303 1492 1474 1561 ἁγίων
1508 1494 1826 1548 ἀποστόλων
1869 1515 1927 1549 τε
1962 1497 2058 1550 καὶ

465 1584 720 1654 Πατέρων
751 1584 1077 1655 παράδοσιν,
1111 1583 1211 1637 ἕνα
1233 1586 1327 1637 καὶ
1358 1585 1447 1637 τὸν
1469 1585 1633 1638 αὑτὸν
1662 1586 1923 1656 κηρύττει
1958 1605 2055 1657 μο-

463 1676 658 1746 νογενῆ
680 1676 814 1729 Θεὸν
847 1677 1022 1744 Λόγον
1058 1676 1266 1748 Κύριον
1313 1675 1523 1747 Ἰησοῦν
1563 1678 1800 1748 Χριστὸν
1845 1680 1904 1731 έν
1949 1679 2057 1748 άμ-

464 1767 724 1836 φοτέραις
762 1769 884 1828 ταῖς
911 1767 1143 1830 οὐσίαις,
1169 1769 1234 1837 τῇ
1288 1784 1347 1819 τε
1393 1765 1531 1819 Θεοῦ
1572 1768 1669 1820 καὶ
1718 1768 1932 1838 Πατρὸς
1961 1769 2057 1820 καὶ

461 1863 526 1930 τῇ
559 1861 654 1931 τῆς
689 1860 970 1930 Παρθένου
997 1861 1200 1932 μητρὸς
1233 1861 1635 1932 γνωριζόμενον
1657 1879 1671 1894 ·
1703 1863 1798 1915 καὶ
1816 1864 1866 1914 οἱ
1896 1862 2056 1915 τοῦτο

2157 673 2402 728 remedia
2437 675 2662 729 haurire
2685 675 2996 730 confidunt.
3024 677 3182 731 Patet
3209 694 3363 748 ergo,
3400 680 3558 750 juxta
3595 680 3748 736 illius

2158 766 2416 836 ineptias,
2457 768 2675 822 divinas
2694 767 3013 840 Scripturas
3050 771 3489 844 traditionesque
3519 773 3745 830 Patrum

2157 859 2537 928 reprobandas
2558 875 2703 917 esse.

2228 1118 2356 1174 Ihec
2377 1129 2507 1175 sunt
2537 1137 2669 1191 ergo
2699 1137 2822 1191 quae
2853 1137 2956 1178 nos
3006 1123 3278 1179 adversus
3324 1124 3617 1181 hmreticos
3647 1126 3746 1181 do-

2156 1213 2392 1268 ctrinam
2421 1213 2646 1267 Patrum
2675 1222 2990 1268 evertentes
3029 1215 3332 1270 afferimus.
3373 1216 3576 1271 Sancta
3612 1232 3746 1271 vero

2155 1305 2251 1359 Dei
2271 1306 2516 1360 Ecclesia
2538 1307 2765 1361 eosdem
2790 1307 3180 1363 haereticorum
3202 1310 3440 1378 ineptias
3460 1326 3742 1373 aversans.

2155 1412 2385 1451 servans
2418 1406 2604 1452 autem
2640 1398 2880 1460 Domini,
2915 1411 3235 1454 sanctorum
3268 1404 3645 1471 apostolorum
3681 1419 3748 1456 ac

2155 1490 2379 1544 Patrum
2419 1491 2798 1557 traditionet‘n,
2837 1509 3009 1546 unum
3062 1493 3435 1564 eumdemque
3483 1495 3749 1564 praulicat

2156 1583 2504 1653 unigenitum
2538 1585 2708 1638 Deum
2738 1586 2980 1640 Verbum
3027 1587 3321 1641 Dominum
3380 1588 3751 1644 JesumChri-

2155 1684 2323 1738 stum,
2341 1676 2395 1728 in
2414 1675 2634 1730 duabus
2656 1677 3004 1741 substantiis,
3026 1679 3122 1731 Dei
3141 1689 3196 1732 et
3214 1679 3415 1742 Patris,
3445 1680 3748 1748 matrisque

2155 1767 2398 1837 Virginis
2415 1769 2687 1838 agnitum.
2715 1769 2818 1833 Illi,
2839 1785 2868 1822 e
2890 1779 3104 1833 contra,
3128 1770 3235 1824 hoc
3263 1786 3371 1823 non
3391 1769 3743 1831 confitentes,

2155 1859 2243 1912 vel
2276 1874 2343 1912 ex
2373 1859 2486 1912 Deo
2514 1870 2570 1914 et
2608 1860 2770 1913 Patre
2806 1860 3154 1914 nativitatem
3193 1862 3462 1930 unigeniti
3497 1861 3621 1915 Filii
3649 1862 3744 1916 Dei

467 1955 540 2024 μὴ
570 1953 1048 2024 ὀμολογοῦντες,ἢ
1085 1954 1188 2024 τὴν
1240 1954 1306 2006 ὲκ
1355 1953 1449 2006 τοῦ
1508 1953 1646 2007 Θεοῦ
1703 1955 1799 2008 καὶ
1837 1956 2050 2027 Πατρὸς

2158 1967 2221 2005 ac
2239 1951 2457 2005 Domini
2483 1952 2656 2006 nostri
2679 1952 2808 2007 Jesu
2835 1952 3042 2008 Christi
3065 1963 3287 2024 negant,
3313 1955 3397 2008 vel
3430 1970 3497 2007 ex
3531 1963 3743 2018 sancta,

463 2046 717 2114 γέννησιν
749 2045 1123 2115 ἀπαρνοῦνται
1149 2044 1241 2098 τοῦ
1279 2044 1604 2115 μονογενοῦς
1635 2045 1765 2098 Υἰοῦ
1796 2046 1887 2100 τοῦ
1918 2046 2055 2098 Θεοῦ

466 2139 560 2191 καὶ
605 2137 816 2208 Κυρίου
871 2137 1030 2209 ἡμῶν
1076 2137 1253 2208 Ἰησοῦ
1297 2137 1649 2208 Χριστοῦ,ἢ
1698 2138 1798 2206 τὴν
1847 2140 1910 2191 ἐκ
1958 2141 2056 2209 τῆς

465 2229 623 2297 ἁγίας
671 2229 884 2293 ἐνδόξου
921 2229 1184 2283 Θεοτὸκου
1215 2229 1310 2282 καὶ
1367 2228 1756 2297 Ἀειπαρθένου
1792 2229 2014 2300 Μαρίας
2036 2245 2054 2262 ο

461 2324 522 2376 οὗ
556 2322 665 2393 γὰρ
701 2323 802 2393 τὴν
829 2321 1020 2376 οὐσίαν
1053 2323 1154 2375 οὐκ
1194 2322 1306 2393 ἔχει
1335 2325 1363 2376 ό
1389 2322 1623 2391 Χριστός
1643 2340 1655 2352 ·
1693 2322 1907 2392 ἀπέστη
1935 2323 2057 2374 κατ’

463 2416 660 2478 αὐτοὺς
693 2416 786 2468 καὶ
816 2413 911 2468 τοῦ
956 2411 1097 2468 εἷναι
1129 2416 1286 2479 Υἱός·
1327 2417 1376 2468 εἰ
1415 2417 1471 2468 δὲ
1512 2414 1960 2484 συνελαυνόμενοι
1993 2417 2058 2468 ὲκ

462 2512 563 2578 τῆς
607 2508 758 2569 θείας
811 2508 1033 2578 Γραφῆς
1077 2507 1172 2559 καὶ
1212 2508 1312 2577 τῆς
1346 2508 1455 2559 τῶν
1499 2507 1761 2577 Πατέρων
1799 2506 2056 2560 διδασκα-

464 2600 607 2666 λίας,
632 2599 959 2670 ὁμολογοῦσι
1004 2599 1122 2669 μεθ’
1163 2599 1320 2669 ἡμῶν
1354 2599 1486 2651 Υἰὸν
1522 2597 1662 2651 εἶναι
1695 2598 1787 2650 τὸν
1818 2599 2055 2669 Χριστὸν

465 2691 606 2745 κατά
635 2690 898 2760 ἀλήθειαν
935 2690 1028 2742 τοῦ
1058 2688 1194 2742 Θεοῦ
1234 2690 1330 2742 καὶ
1364 2689 1600 2756 Πατρὸς,
1633 2687 1844 2742 καὶτὸν
1893 2687 2056 2741 αὑτὸν

465 2781 608 2836 κοιτά
655 2780 916 2852 ἀλήθειαν
971 2780 1100 2833 Υἱὸν
1150 2775 1289 2833 εἶναι
1327 2779 1426 2848 τῆς
1467 2778 1745 2848 Παρθένου
1791 2778 2050 2849 Μητρὸς,

463 2876 894 2946 ὁμολογήσουσιν
929 2873 988 2937 ἐξ
1027 2873 1273 2942 ἀνάγκης
1295 2871 1486 2936 ὥσπερ
1513 2870 1613 2935 τὰς
1652 2870 1745 2924 δύο
1771 2871 2055 2942 γεννήσεις

464 2968 582 3032 ἐνὸς
617 2969 714 3022 καὶ
750 2965 846 3020 τοῦ
875 2965 1067 3030 αὑτοῦ,
1097 2964 1270 3027 οὕτως
1312 2964 1408 3017 καὶ
1434 2963 1534 3027 τὰς
1564 2963 1656 3016 δύο
1695 2963 1884 3025 οὐτίας
1909 2962 2056 3032 ἔχειν

464 3060 658 3115 αὐτόν·
698 3061 746 3112 εἰ
773 3058 882 3130 γάρ
919 3055 1100 3120 καθὼς
1123 3058 1172 3109 οἱ
1205 3056 1446 3125 Πατέρες
1475 3054 1811 3120 διδάσκουσι,
1847 3056 1986 3124 μήτε
2019 3056 2052 3125 ἡ

464 3155 564 3224 τῆς
592 3152 851 3221 θεότητος
883 3150 978 3204 τοῦ
1010 3149 1250 3221 Χριστοῦ
1280 3148 1442 3218 φύσις
1467 3148 1548 3212 εἰς
1585 3148 1684 3218 τὴν
1712 3147 1815 3216 τῆς
1850 3147 2053 3218 σαρκὸς

465 3244 630 3300 αὑτοῦ
673 3244 1081 3317 μεταϐέϐληται
1113 3242 1298 3309 φύσιν,
1338 3241 1476 3312 μήτε
1523 3243 1556 3312 ἡ
1595 3241 1693 3310 τῆς
1729 3240 1930 3312 σαρκὸς
1958 3241 2054 3293 αύ-

464 3337 559 3392 τοῦ
594 3339 676 3401 εἰς
710 3336 810 3407 τὴν
838 3336 940 3407 τῆς
979 3335 1254 3407 θεότητος,
1295 3335 1436 3405 μήτε
1469 3334 1577 3404 μὴν
1612 3333 1646 3403 ἡ
1677 3332 1913 3403 διαφορὰ
1942 3331 2052 3386 τῶν

467 3429 685 3500 φύσεων
707 3428 978 3500 ἀνῄρηται
1019 3427 1108 3482 διὰ
1137 3427 1235 3498 τὴν
1275 3426 1491 3488 ἕνωσιν,
1513 3424 1629 3478 ἀλλ’
1665 3423 1882 3493 ἔμεινεν
1915 3424 2046 3479 ἐκάο

463 3537 625 3592 τερον
659 3521 799 3590 ὅπερ
822 3519 941 3574 ἐστὶ
969 3521 1037 3589 τῇ
1072 3517 1268 3588 φύσειο
1301 3519 1396 3570 καὶ¹
1433 3514 1657 3570 διπλοῦν
1696 3515 1892 3570 έστιτὸ
1919 3516 2050 3588 περὶ

464 3611 632 3666 αὑτοῦ
668 3613 958 3684 κήρυγμα,
991 3612 1089 3665 καὶ
1123 3612 1182 3665 έν
1210 3609 1504 3682 ἑκατέραις
1534 3611 1657 3673 ταῖς
1680 3608 1893 3673 οὐσίαις
1915 3626 2051 3678 γνω-

469 3705 719 3776 ρίζεται,
754 3706 1038 3759 τουτέστιν
1093 3705 1152 3758 ὲν
1208 3701 1425 3772 θεότητι
1476 3702 1570 3756 καὶ
1620 3701 2043 3773 ἀνθρωπότητι·

465 3799 585 3862 πῶς
610 3798 713 3852 οὐκ
749 3796 1102 3852 αἰσθάνονται
1143 3784 1256 3867 τῆς
1284 3793 1492 3858 οἰκείας
1541 3793 1772 3862 πλάνης,
1819 3795 1869 3849 οἱ
1915 3794 2048 3864 μίαν

463 3887 559 3941 τοῦ
591 3887 830 3960 Χριστοῦ
856 3885 1276 3958 τερατευόμενοι
1307 3883 1492 3954 φύσιν,
1521 3883 1618 3938 καὶ
1655 3899 1767 3937 των
1799 3886 1897 3955 μὲν
1924 3884 2048 3938 κατ’

465 3979 728 4051 ἀλήθειαν
764 3977 1106 4051 πραγμάτων
1136 3978 1235 4048 τὴν
1267 3975 1546 4047 ἀναίρεσιν
1575 3974 2046 4046 βλασφημοῦντες,

461 4071 595 4142 ψιλά
641 4072 700 4126 δὲ
757 4072 1001 4142 ὀνόματα
1051 4070 1308 4134 θεότητος
1354 4068 1451 4122 καὶ
1505 4067 1928 4138 ἀνθρωπότητος
1968 4067 2049 4141 τῷ

464 4163 690 4236 Χριστῷ
723 4162 1114 4235 χαριζόμενοις
1148 4159 1310 4213 Ἀλλὰ
1337 4161 1522 4214 πᾶσαν
1551 4159 1720 4231 ὀρθὴν
1756 4160 2048 4231 παρορῶν-

2159 2044 2439 2112 gloriosa,
2487 2044 2586 2098 Dei
2634 2045 2809 2101 Matre
2862 2061 3194 2115 semperque
3236 2046 3464 2116 Virgine
3537 2047 3741 2110 Maria;

2158 2135 2414 2190 Christus
2431 2136 2581 2190 enim
2601 2153 2709 2190 non
2733 2137 2899 2191 habet
2917 2137 3280 2192 substantiam
3303 2139 3598 2208 ;juxlaque
3624 2139 3746 2191 illos
3837 2178 3845 2186 .

2158 2228 2316 2282 abest
2357 2229 2520 2282 etiam
2550 2229 2686 2298 quin
2721 2229 2794 2284 sit
2844 2229 3036 2284 Filius.
3083 2230 3139 2285 Si
3173 2239 3378 2293 autem,
3414 2229 3746 2300 urgentibus

2158 2320 2354 2385 nobis,
2400 2338 2469 2376 ex
2511 2322 2700 2375 divina
2733 2321 3022 2392 Scriptura
3078 2323 3444 2392 doctrinaque
3496 2323 3744 2388 Patrum,

2158 2414 2447 2467 nobiscum
2499 2414 2834 2468 confitentur
2880 2414 3166 2469 Christum
3223 2430 3346 2468 esse
3382 2430 3511 2468 vere
3544 2414 3744 2468 Filium

2158 2506 2255 2559 Dei
2282 2515 2339 2559 et
2368 2507 2570 2571 Patris,
2623 2507 2997 2575 eumdemque
3026 2522 3156 2560 vere
3184 2522 3306 2561 esse
3335 2506 3538 2560 Filium
3567 2506 3747 2576 Virgig

2157 2597 2246 2650 nis
2265 2597 2472 2663 Matris,
2496 2598 2965 2666 quemadmodum
2985 2598 3300 2652 necessario
3331 2597 3748 2651 confitebuntur

2158 2689 2297 2743 duas
2327 2690 2644 2744 nativitates
2673 2689 2838 2744 unius
2852 2705 2916 2744 ac
2939 2690 3210 2760 ejusdem,
3234 2689 3306 2742 ita
3328 2699 3386 2744 et
3410 2689 3589 2758 ipsum
3609 2687 3748 2742 duas

2157 2783 2502 2838 substantias
2545 2784 2792 2849 habere;
2829 2783 2875 2838 si
2904 2783 3054 2837 enim
3085 2826 3099 2850 ,
3141 2785 3296 2854 juxta
3341 2783 3487 2852 quod
3544 2782 3748 2837 docent

2157 2872 2346 2929 Patres
2373 2915 2386 2938 ,
2422 2890 2526 2929 nec
2565 2885 2761 2930 natura
2791 2875 3105 2930 divinitatis
3138 2874 3346 2929 Christi
3392 2875 3447 2929 in
3491 2884 3743 2929 naturam

2156 2965 2341 3021 carnis
2373 2966 2548 3035 ipsius
2576 2976 2942 3022 transmutata
2976 2966 3066 3030 sit,
3104 2983 3205 3022 nec
3233 2973 3434 3020 natura
3474 2966 3659 3020 carnis
3688 2966 3744 3019 in

2157 3065 2413 3112 naturam
2469 3057 2824 3123 divinitatis,
2885 3073 2988 3112 nec
3045 3068 3370 3112 naturarum
3426 3057 3745 3112 differentia

2155 3153 2362 3207 unione
2409 3151 2482 3206 sit
2513 3151 2716 3215 ablata,
2743 3150 2839 3206 sed
2861 3151 2903 3204 si
2933 3151 3368 3220 unumquodque
3399 3148 3544 3218 quod
3575 3157 3660 3202 est
3688 3149 3742 3202 in

2156 3253 2355 3300 natura
2379 3245 2785 3316 permanserit,
2818 3243 3134 3314 duplexque
3160 3250 3342 3297 exstet
3372 3242 3439 3296 de
3468 3243 3574 3296 hoc
3602 3256 3745 3310 prie:

2155 3336 2362 3391 dicatio
2387 3376 2402 3400 ,
2454 3351 2520 3391 ac
2571 3336 2628 3390 in
2667 3351 2998 3406 unaquaque
3037 3333 3344 3389 substantia
3387 3341 3741 3403 agnoscatur,

2153 3428 2371 3484 scilicet
2405 3428 2462 3482 in
2505 3427 2796 3482 divinitate
2847 3435 3012 3498 atque
3048 3425 3427 3485 humanitate,
3464 3423 3744 3494 quomodo

2154 3535 2268 3575 non
2300 3519 2618 3590 intelligunt
2642 3534 2891 3575 errorem
2915 3534 3101 3584 suum,
3133 3532 3301 3572 unam
3336 3515 3550 3572 Christi
3574 3523 3740 3569 natu-

2154 3628 2270 3668 ram
2295 3612 2402 3667 sibi
2428 3611 2686 3684 fingendo
2711 3655 2726 3679 ,
2777 3628 2910 3668 vera
2950 3611 3120 3681 impie
3168 3609 3488 3666 auferentes
3518 3648 3533 3672 ,
3591 3606 3742 3663 nuda

2151 3719 2289 3759 vero
2309 3703 2534 3758 nomina
2567 3703 2875 3759 divinitatis
2903 3711 3069 3772 atque
3103 3701 3475 3756 humanitatis
3513 3697 3742 3755 Christo

2154 3795 2575 3866 relinquentes?
2609 3795 2718 3851 Sed
2748 3812 2968 3852 omnem
2995 3811 3184 3851 veram
3210 3794 3524 3849 doctrinam
3554 3792 3743 3862 despi-

2153 3887 2386 3953 cientes,
2418 3886 2554 3942 illud
2588 3903 2760 3942 unum
2789 3887 2976 3942 animo
3005 3885 3339 3948 intendunt,
3395 3892 3456 3939 ut
3483 3882 3743 3938 credatur

2154 3989 2407 4035 naturam
2451 3979 2541 4034 vel
2586 3979 2958 4035 substantiam
2987 3995 3053 4034 ac
3084 3978 3322 4032 formam
3370 3975 3630 4031 eumdem
3677 3989 3743 4027 ae

2155 4072 2494 4144 hypostasim
2517 4087 2924 4142 personamque
2952 4070 3287 4142 patefacere,
3308 4069 3458 4140 quod
3479 4065 3744 4123 omnibus

2156 4164 2434 4221 haereticis
2463 4181 2628 4221 causa
2654 4164 2762 4220 fuit
2782 4164 3014 4219 erroris.

461 4271 555 4322 τες
581 4258 954 4324 διδασκαλίαν,
987 4256 1184 4326 ἐκείνῳ
1215 4254 1360 4326 μόνῳ
1379 4255 1470 4308 τὸν
1498 4253 1626 4309 νοῦν
1683 4255 2067 4326 προσέχουσιν,
2105 4257 2185 4330 τῷ
2225 4257 2470 4330 νομίζειν
2512 4261 2595 4314 ὅτι
2644 4259 2679 4330 ή
2753 4257 2914 4328 φύσις
2971 4255 3144 4328 ἤγουν
3192 4253 3352 4309 οὐσία
3411 4252 3508 4308 καὶ
3555 4249 3739 4322 μορφὴ

459 4351 659 4405 ταύτὸν
707 4353 780 4424 τῇ
844 4350 1144 4406 ὑποστάσει
1191 4349 1289 4404 καὶ
1341 4349 1420 4421 τῷ
1470 4349 1751 4420 προσώπῳ
1802 4349 2077 4421 δηλοῦσιν,
2151 4353 2290 4428 ὅπερ
2337 4355 2433 4408 καὶ
2490 4355 2625 4409 πᾶσι
2671 4354 2786 4418 τοῖς
2840 4353 3140 4425 αἱρετικοῖς
3191 4350 3469 4423 πρόφασις
3525 4346 3740 4416 γίνεται

461 4443 694 4516 πλάνης.

532 4539 645 4592 Καὶ
674 4535 744 4591 τά
790 4538 889 4608 μὲν
928 4535 1059 4608 περὶ
1084 4533 1279 4588 τούτου
1308 4533 1402 4587 καὶ
1438 4533 1497 4587 ἐν
1539 4531 1614 4604 τῷ
1647 4533 1750 4604 ἤδη
1780 4531 2046 4603 γραφέντι

2225 4532 2352 4589 Haec
2378 4541 2562 4588 autem
2605 4529 2729 4602 quae
2772 4530 2842 4587 ad
2886 4529 3021 4586 illud
3050 4529 3354 4601 pertinent.
3394 4527 3452 4583 in
3479 4541 3740 4584 sermone

459 4629 769 4703 παρ’ήμῶν
793 4628 940 4699 λόγῳ
974 4627 1112 4698 πρὸς
1149 4627 1352 4681 Ζωΐλον
1374 4626 1466 4679 τὸν
1493 4625 1921 4696 μακαριώτατον
1947 4627 2049 4696 ἀρ-

458 4725 814 4796 χιεπίσκοπον
857 4721 960 4793 τῆς
1001 4720 1400 4792 Ἀλεξανδρέων
1445 4720 1543 4775 καὶ
1586 4719 1936 4792 πατριάρχην
1969 4719 2047 4792 (5)

461 4815 663 4878 ἱκανῶς
715 4813 1128 4879 ἀποδέδεικται,
1193 4811 1670 4884 παραστησάντων
1732 4812 1893 4882 ἡμῶν
1961 4812 2046 4865 ὅτι

457 4909 623 4980 φύσις
658 4911 755 4964 καὶ
796 4907 979 4981 μορφὴ
1012 4907 1213 4962 ταύτὸν
1264 4906 1437 4977 δηλοῖ,
1472 4906 1568 4959 καὶ
1595 4907 1688 4960 ἐπὶ
1726 4903 1822 4959 τοῦ
1859 4904 2045 4960 κοινοῦ

459 5001 870 5072 σημαινομένου
897 4999 1293 5071 λαμϐάνονται.
1331 4997 1407 5052 Τὸ
1452 4998 1510 5051 δὲ
1551 4997 1847 5070 πρόσωπον
1874 4997 1970 5051 καὶ
2007 4998 2044 5068 ἡ

455 5095 756 5158 ὑπόστασις
799 5092 894 5146 ἐπὶ
927 5092 1038 5146 τῶν
1065 5092 1189 5146 καθ’
1218 5091 1452 5145 ’ἑκαστον
1489 5090 1734 5159 λέγεται.
1764 5089 1914 5160 Πλὴν
1953 5089 2048 5143 καὶ

452 5185 690 5241 ἐνταῦθα
716 5185 784 5239 δι’
811 5185 1018 5255 ἑτέρων
1064 5184 1388 5257 μαρτυριῶν
1419 5183 1530 5237 τῶν
1573 5183 1747 5252 ἁγίων
1780 5183 2046 5254 Πατέρων

453 5279 517 5333 τὸ
561 5277 695 5333 αὐτὸ
741 5277 1196 5348 παραστήσομεν.
1223 5306 1295 5316 —
1321 5275 1408 5349 [Ρ.
1451 5274 1580 5347 555]
1627 5273 1818 5330 Ταῦτα
1861 5273 2044 5327 τοίνυν

450 5371 764 5443 εἰρήκαμεν
783 5369 1090 5432 δεικνύντες
1122 5369 1204 5422 ὅτι
1234 5366 1392 5423 οὐσία
1417 5368 1512 5423 καὶ
1543 5367 1705 5438 φύσις
1734 5367 1828 5420 καὶ
1860 5367 2045 5438 μορφὴ

448 5464 647 5519 ταύτὸν
695 5460 973 5534 δηλοῦσιν.
1009 5461 1132 5514 Ὀτι
1171 5459 1227 5514 δὲ
1274 5461 1399 5531 οὐχὶ
1444 5461 1642 5514 ταύτόν
1689 5462 1838 5514 ἐστιν
1882 5460 2044 5514 οὐσία

449 5557 548 5612 καὶ
567 5557 890 5620 ὑπόστασις,
914 5553 989 5619 ὡς
1013 5554 1063 5607 οἱ
1085 5552 1358 5624 αἱρετικοὶ
1385 5552 1732 5624 πλανώμενοι
1763 5551 2037 5620 λέγουσιν,

447 5651 548 5706 καὶ
580 5651 646 5704 ἐκ
678 5649 782 5720 τῆς
817 5649 951 5720 περὶ
971 5646 1072 5718 τὴν
1105 5645 1270 5715 ἀγίαν
1301 5645 1525 5714 Τριάδα-
1545 5644 1830 5714 θεολογίας
1857 5644 2039 5710 ἔξεστι

450 5743 645 5814 μαθεῖν
668 5759 682 5774 ο
720 5744 812 5797 ὅτε
840 5742 953 5814 γὰρ
975 5740 1204 5811 εἴπομεν
1235 5738 1390 5802 Θεὸν,
1414 5738 1516 5808 τὴν
1556 5737 1688 5806 μίαν
1719 5736 1910 5791 οὐσίαν
1939 5736 2039 5808 τῆς

448 5833 610 5905 ἁγίας
637 5834 870 5906 Τριάδος
905 5832 1276 5905 σημαίνομεν’
1307 5831 1398 5885 ὅτε
1436 5829 1495 5884 δὲ
1540 5829 1773 5900 λέγομεν
1819 5829 2040 5900 Πατέρα

2153 4643 2185 4682 a
2229 4627 2396 4682 nobis
2440 4625 2508 4681 ad
2557 4625 2771 4681 Zoilum
2823 4623 3208 4679 beatissimum
3253 4621 3737 4692 archiepisc0punt

2154 4718 2502 4776 Alexandriae
2525 4734 2591 4774 ac
2617 4713 2987 4788 patriarcham
3015 4715 3150 4771 satis
3165 4715 3420 4785 exposita
3435 4722 3586 4779 sunt,
3612 4730 3738 4769 eum

2155 4811 2517 4869 statuerimus
2555 4821 2813 4866 naturam
2843 4823 2909 4864 ac
2938 4807 3175 4863 formam
3207 4806 3469 4862 eumdem
3505 4804 3738 4860 demon—

2149 4914 2348 4971 strare,
2375 4904 2554 4974 deque
2602 4901 2884 4957 communi
2938 4900 3252 4972 significato
3293 4901 3462 4955 sumi.
3495 4901 3738 4955 Persona

2152 5011 2284 5052 vero
2305 5004 2470 5066 atque
2486 4994 2802 5066 hypostasis
2823 4993 2892 5048 de
2917 4991 3151 5063 singulis
3176 4991 3400 5048 dicitur.
3427 4991 3528 5046 llic
3551 4998 3736 5045 tamen

2150 5090 2278 5145 aliis
2311 5088 2646 5144 testimoniis
2678 5095 2999 5143 sanctorum
3035 5087 3262 5141 Patrum
3297 5084 3444 5140 idem
3479 5083 3735 5138 stabilie-

2149 5198 2296 5239 mus.
2311 5214 2381 5224 —
2394 5181 2521 5237 Haec
2550 5196 2682 5252 ergo
2698 5180 2940 5236 diximus
2955 5179 3318 5235 ostendentes
3338 5175 3730 5239 substantiam,

2151 5283 2403 5329 naturam
2430 5271 2778 5341 formamque
2817 5269 2964 5325 idem
3009 5267 3346 5340 significare.
3383 5265 3508 5320 Non
3545 5271 3730 5317 autem

2154 5367 2300 5425 idem
2328 5380 2453 5422 esse
2478 5363 2844 5421 substantiam
2864 5371 3031 5432 atque
3058 5357 3422 5433 hypostasim,
3441 5356 3593 5412 velut
3621 5355 3734 5409 ha:-

2150 5458 2310 5514 retiei
2343 5465 2600 5513 errantes
2638 5455 2854 5520 dicunt,
2888 5470 2957 5510 ex
2995 5453 3114 5525 ipsa
3145 5452 3214 5506 de
3237 5456 3427 5506 sancta
3458 5445 3731 5504 Trinitate

2151 5550 2428 5621 theologia
2478 5548 2696 5604 discere
2724 5547 2874 5602 licet.
2905 5545 3043 5602 Cum
3082 5543 3231 5599 enim
3261 5543 3437 5597 Deum
3467 5538 3728 5600 dicimus,

2148 5658 2315 5698 unam
2345 5638 2714 5696 substantiam
2752 5644 2954 5693 sanctae
2986 5633 3277 5691 Trinitatis
3311 5631 3726 5704 significamus;

2146 5750 2275 5790 cum
2310 5748 2443 5789 vero
2475 5731 2715 5787 dicimus
2746 5731 2972 5786 Patrem
3025 5735 3082 5784 et
3110 5726 3312 5783 Filium
3354 5732 3412 5780 et
3455 5721 3726 5794 Spiritum

2145 5835 2421 5895 sanctum,
2450 5834 2583 5880 tunc
2613 5834 2724 5881 tres
2749 5822 3073 5893 hypostases
3094 5835 3192 5878 seu
3226 5826 3341 5875 tres
3369 5828 3634 5888 personas
3670 5813 3725 5869 in

528 5976 606 6049 (5)
642 5977 909 6036 Notemus
930 5975 1234 6035 Justiniani
1269 5975 1406 6047 imp.
1435 5972 1707 6045 scriptum
1737 5969 1889 6028 aliud
1919 5969 2100 6066 [cujus
2129 5967 2496 6042 fragmentum
2520 5975 2700 6024 exstat
2727 5961 2914 6040 infra].
