4148 6458
496 413 635 480 1139

1615 419 2059 483 JUSTlNIANI
2097 421 2623 484 IMPERATORIS

3627 425 3765 492 1140

491 552 607 592 una
646 544 842 592 natura
887 535 1196 592 divinitatis
1246 535 1496 607 cognitas
1544 539 1928 609 proponimus.
1995 539 2061 594 It:

2179 545 2276 596 καὶ
2309 544 2459 607 Υἰὸν,
2486 543 2582 598 καὶ
2611 543 2766 612 ἅγιον
2783 542 3030 612 Πνεῦμα,
3056 543 3178 596 τότε
3214 542 3314 607 τὰς
3345 546 3494 616 τρεῖς
3519 545 3762 601 ὑποστά-

490 625 638 680 enim
664 627 780 695 ipsa
814 641 915 680 nos
943 625 1136 680 docuit
1169 641 1272 680 vox
1303 625 1492 681 divina
1522 626 1716 682 dicens
1748 646 1760 682 :
1792 627 2074 684 Faciamus

489 718 751 771 hominem
767 716 835 770 ad
846 717 1134 788 imaginem
1149 726 1198 770 et
1213 718 1614 774 similitudinem
1635 728 1872 774 nostram
1885 722 1934 775 “.
1961 721 2074 776 Vox

488 814 671 862 autem
697 807 957 876 faciamus
977 822 1086 861 non
1109 817 1194 863 est
1218 808 1386 863 unius
1409 825 1661 880 persona:
1683 810 2071 881 signiﬁcativa,

483 902 637 970 juxta
661 900 886 955 Sabellii
929 901 1236 968 insaniam;
1264 903 1554 972 pluraliter
1573 904 1722 958 enim
1750 903 1918 968 dicta,
1948 919 2074 958 san-

485 1003 588 1047 cta:
625 992 916 1047 Trinitatis
957 993 1392 1048 demonstrativa
1419 1003 1526 1049 est.
1558 995 1640 1049 Αιί
1665 996 1952 1065 imaginem
1977 1011 2068 1049 au-

485 1093 592 1139 tem
623 1093 882 1151 nostram,
919 1101 1086 1139 unam
1118 1087 1487 1142 substantiam
1523 1086 1766 1141 ostendit
1787 1087 1983 1150 Patris,
2016 1097 2074 1141 et

486 1176 632 1244 Filii,
659 1185 717 1232 et
737 1178 978 1248 Spiritus
1000 1179 1210 1245 sancti;
1246 1177 1516 1233 nonenim
1542 1177 1682 1232 dixit
1700 1178 1770 1232 ad
1790 1179 2068 1248 imagines,

483 1285 554 1324 ne
585 1270 832 1326 diversas
862 1271 1200 1328 substantias
1236 1272 1293 1326 in
1324 1271 1596 1327 Trinitate
1635 1270 2067 1341 suspicaremur,

2179 653 2316 700 σεις,
2352 636 2518 706 ἦτουν
2563 635 2634 689 τὰ
2666 634 2797 708 τρία
2848 637 3120 706 πρόσωπα
3165 636 3234 690 τά
3272 637 3330 689 ἐν
3360 639 3426 708 τῇ
3463 638 3564 708 μιᾷ
3602 637 3765 704 φύσει

2173 729 2274 800 τῆς
2322 727 2578 798 θεότητος
2611 727 2996 798 γνωριζόμενα
3031 727 3414 799 παριστῶμεν.
3451 727 3610 782 Οῦτω
3651 730 3764 801 γὰρ

2177 823 2328 892 ἡμᾶς
2366 821 2460 874 καὶ
2495 823 2530 892 ή
2561 819 2683 874 Θεία
2711 820 2950 874 διδάσκει
2996 821 3149 892 φωνὴ
3195 822 3227 890 ή
3269 820 3509 889 λέγουσα
3531 863 3546 886 ,
3580 820 3764 888 Ποιή-

2173 926 2376 980 σωμεν
2407 910 2727 978 ἄνθρωπον
2756 910 2886 964 κατ’
2928 912 3134 964 εἰκόνα
3164 911 3465 980 ἡμετέραν
3490 913 3590 967 καὶ
3631 915 3763 968 καθ’

2174 1002 2480 1067 ὁμοίωσιν.
2522 1002 2584 1054 Ἠ
2612 1001 2668 1054 δὲ
2691 1002 2842 1073 φωνὴ
2872 1001 2968 1055 τοῦ
3001 1002 3349 1070 ποιήσωμεν
3378 1004 3475 1073 οὐχ
3500 1003 3619 1066 ἑνός
3646 1005 3762 1056 ἐστι

2175 1088 2473 1160 προσώπου
2511 1090 2843 1160 σημαντικὴ,
2874 1090 3018 1144 κατὰ
3059 1091 3157 1162 τὴν
3202 1093 3493 1146 Σαδελλίου
3531 1093 3756 1164 μανίαν·

2173 1181 2558 1252 πληθυντικῶς
2590 1183 2700 1252 γὰρ
2729 1183 3021 1254 εἰρημένη,
3049 1182 3148 1253 τῆς
3179 1183 3342 1247 ἁγίας
3384 1184 3618 1254 Τριάδος
3644 1185 3758 1238 ἔστι

2169 1273 2464 1345 δηλωτική.
2509 1275 2619 1327 Καὶ
2663 1274 2723 1327 τὸ
2756 1275 2887 1328 κατ’
2935 1275 3140 1328 εἰκόνα
3191 1275 3248 1328 δὲ
3299 1276 3624 1343 ἡμετέραν,
3659 1277 3758 1346 τὴν

479 1363 636 1433 juxta
682 1363 802 1418 Arii
847 1363 1159 1430 insaniam;
1195 1365 1292 1419 sed
1330 1365 1401 1418 ad
1444 1365 1753 1435 imaginem,
1794 1371 1854 1417 ut
1901 1380 2061 1418 unam

2175 1367 2303 1438 μίαν
2338 1366 2526 1420 οὐσίαν
2543 1365 2693 1436 δηλοῖ
2722 1366 2954 1437 Πατρὸς,
2981 1365 3076 1419 καὶ
3101 1365 3254 1432 Υἱοῦ,
3279 1368 3374 1419 καὶ
3407 1367 3564 1435 ἁγίου
3586 1369 3757 1420 Πνεύ-

483 1457 850 1511 substantiam
871 1465 1036 1527 atque
1058 1457 1588 1514 consubstantialem
1608 1457 1929 1512 ostenderet
1947 1472 2061 1511 san-

2174 1473 2344 1526 ματος
2369 1473 2382 1487 ·
2424 1457 2486 1510 οὐ
2516 1457 2626 1528 γὰρ
2668 1452 2843 1518 εἶπεν,
2879 1457 3007 1509 κατ’
3033 1457 3296 1522 εἰκόνας,
3333 1457 3419 1509 ἵνα
3467 1457 3542 1527 μὴ
3573 1456 3758 1526 διαφό-

481 1557 629 1604 ctam
661 1549 1012 1606 Trinitatem.
1047 1550 1324 1604 Hominem
1379 1550 1449 1604 ad
1497 1550 1781 1620 imaginem
1830 1558 2061 1604 nostram

2175 1565 2302 1619 ρους
2354 1547 2452 1612 τὰς
2499 1548 2688 1612 οὐσίας
2733 1548 2834 1619 τῆς
2878 1548 3110 1619 Τριάδος
3151 1549 3566 1618 ὑπονοήσωμεν,
3619 1548 3761 1602 κατά

483 1643 811 1698 rationalem
853 1654 1107 1698 naturam
1138 1643 1502 1698 humanitatis
1541 1643 2061 1714 signilieavit,juxta

2169 1641 2268 1712 τὴν
2311 1640 2525 1711 Ἀρείου
2564 1639 2783 1710 μανίανο
2818 1639 2976 1704 ἀλλὰ,
3029 1639 3160 1694 κατ’
3211 1642 3442 1705 εἰκόνα,
3490 1640 3578 1694 ἵνα
3625 1641 3760 1712 μίαν

480 1752 644 1805 quam
671 1737 849 1806 imago
872 1737 966 1791 Dei
994 1753 1224 1802 sumus;
1252 1753 1365 1791 non
1393 1737 1542 1792 enim
1577 1735 1716 1790 dixit
1742 1754 1754 1789 :
1789 1734 2061 1789 Faciamus

2169 1733 2358 1787 οὐσίαν
2380 1735 2477 1786 καὶ
2509 1733 2798 1804 όμοούσιον
2827 1733 2978 1806 δείξῃ
3009 1733 3108 1803 τὴν
3147 1734 3310 1810 ἀγίαν
3343 1735 3552 1804 Τριάδα
3579 1750 3592 1765 ⁸
3623 1733 3680 1788 τὸ
3702 1735 3759 1788 δὲ

479 1830 640 1891 hunc,
669 1843 739 1882 ne
770 1843 1006 1898 persona
1038 1829 1419 1898 intelligatur;
1455 1829 1550 1883 sed
1572 1828 1750 1882 dixit:
1784 1827 2061 1881 Faciamus

2170 1826 2368 1890 εἰπεῖν,
2404 1824 2532 1878 κατ’
2568 1825 2773 1878 εἰκόνα
2802 1823 3098 1892 ἡμετέραν
3129 1825 3238 1879 τὸν
3285 1824 3626 1893 ἄνθρωπον,
3658 1824 3758 1893 τὴν

478 1920 764 1984 hominem,
793 1927 854 1973 ut
895 1920 1184 1975 rationalis
1210 1930 1408 1975 natura
1439 1920 1803 1975 humanitatis
1835 1914 2061 1975 demon-

2172 1919 2367 1988 νοερὰν
2392 1917 2492 1988 τῆς
2537 1915 2962 1987 ἁνθρωπότητος
3002 1917 3164 1986 φύσιν
3207 1919 3507 1989 ἐσήμανεν,
3535 1918 3662 1972 καθ’
3690 1919 3758 1988 ἦν

478 2019 772 2065 straretur.
794 2010 952 2065 Tunc
974 2019 1155 2066 autem
1185 2011 1506 2083 hypostases
1529 2027 1840 2081 proponere
1865 2010 2061 2076 voluit,

2172 2011 2341 2079 ἐσμεν
2368 2007 2533 2063 εἰκὼν
2579 2007 2674 2061 τοῦ
2715 2007 2886 2061 Θεοῦ·
2937 2008 2999 2061 οὐ
3031 2008 3140 2080 γὰρ
3189 2004 3365 2075 εἶπεν,
3399 2009 3762 2077 Ποιήσωμεν

479 2117 602 2156 cum
633 2102 940 2156 masculum
973 2113 1030 2158 et
1068 2103 1355 2169 feminam,
1381 2104 1652 2158 Adamum
1684 2111 1739 2158 et
1772 2103 1942 2158 Evam
1970 2117 2061 2157 vo-

2171 2102 2364 2170 τόνδε,
2407 2102 2496 2154 ἳνα
2547 2102 2620 2172 μὴ
2656 2099 2948 2172 πρόσωπον
2995 2101 3186 2173 νοηθῇ,
3221 2101 3337 2155 ἀλλ’
3368 2095 3543 2168 εἶπεν,
3578 2101 3760 2166 Hoc-7i-

478 2193 646 2257 eavit,
683 2195 831 2264 quod
856 2205 944 2251 est
977 2211 1228 2266 personae
1265 2214 1362 2252 seu
1398 2197 1744 2269 hypostases.

2169 2208 2372 2262 σωμεν
2399 2192 2734 2260 ἄνθρωπον,
2772 2191 2858 2245 ἵνα
2908 2193 2943 2263 ὴ
2988 2193 3151 2263 νοερὰ
3199 2193 3303 2262 τῆς
3332 2187 3756 2264 ἀνθρωπότητος

479 2283 641 2351 φύσις
673 2285 885 2357 δηλωθῇ
915 2303 928 2317 ο
965 2287 1056 2340 ὅτε
1103 2288 1159 2340 δὲ
1191 2288 1288 2351 τὰς
1333 2288 1663 2352 ὑποστάσεις
1709 2285 2062 2357 παραστῆσαι
2101 2283 2402 2356 ἠϐουλήθη,
2437 2283 2561 2337 τότε
2626 2282 2689 2336 τὸ
2731 2283 2900 2355 ipsa;
2964 2283 3058 2337 καὶ
3090 2283 3244 2356 θῆλυ,
3281 2284 3456 2356 ’Δδάμ
3486 2287 3582 2340 καὶ
3611 2283 3756 2340 Εὕαν

477 2378 766 2442 ἐκάλεσεν,
797 2381 933 2453 ὅπερ
967 2383 1082 2435 ἐστὶ
1117 2383 1388 2450 πρόσωπα
1429 2381 1982 2454 ήτουνὋποστάσεις.

547 2474 683 2540 Quis
718 2490 850 2529 vero
880 2491 990 2530 non
1033 2477 1268 2531 miretur
1318 2477 1708 2531 hzereticorum
1748 2475 2061 2532 absurdita-

478 2577 588 2620 tem
626 2567 888 2622 unionem
917 2569 1309 2634 asserentium,
1335 2569 1572 2639 ideoque
1595 2569 1977 2624 diversitatem
2005 2569 2062 2624 in

476 2659 701 2714 Christo
728 2667 1054 2714 naturarum
1083 2661 1468 2716 conﬁtentium
1487 2703 1501 2727 ,
1531 2677 1596 2716 ac
1639 2675 1932 2715 numerum
1966 2661 2062 2730 qui

477 2752 842 2822 consequitur
887 2768 955 2808 ex
994 2752 1315 2809 diversitate
1359 2754 1641 2809 unitorum
1668 2735 2060 2809 diilitentium?

477 2843 777 2898 Evidenter
813 2844 867 2898 in
892 2844 998 2899 hoc
1013 2845 1626 2916 tegrotantApollinarii
1661 2845 1911 2912 insania;
1940 2845 2059 2900 haec

475 2936 624 2991 enim
648 2937 784 2992 dicit
804 2937 859 2992 in
883 2936 1192 2993 ratiociniis
1213 2954 1334 3009 qua:
1355 2939 1472 3010 ipse
1499 2939 1719 3010 scripsit
1744 2957 1756 2992 :
1788 2937 2080 2998 «Diversae-

476 3030 846 3098 proprietates
891 3031 947 3084 in
981 3046 1151 3085 unum
1179 3032 1484 3104 conjuncta:
1520 3033 1762 3087 medium
1801 3033 1958 3095 ﬁunt.
1993 3041 2055 3088 ut

2239 2468 2325 2540 |P.
2364 2467 2518 2541 256.]
2539 2469 2634 2534 Τίς
2655 2469 2712 2522 δὲ
2746 2469 2847 2524 οὐκ
2872 2470 2938 2524 ἂν
2974 2469 3311 2542 θαυμάσειεν
3343 2469 3442 2543 τὴν
3465 2472 3576 2524 τῶν
3599 2473 3754 2545 αἰρε-

2166 2560 2338 2614 τικῶν
2360 2560 2622 2629 ἀλογίανῖς
2664 2561 2789 2614 Ὀτι
2821 2562 3018 2615 ἕνωσιν
3047 2563 3320 2631 λέγοντες,
3363 2563 3458 2616 καὶ
3502 2563 3600 2635 τὴν
3637 2565 3755 2618 δια-

2169 2652 2344 2723 φορὰν
2369 2653 2478 2706 τῶν
2501 2655 2560 2706 ὲν
2579 2653 2801 2724 Χριστῷ
2829 2652 3044 2723 φύσεὼν
3071 2657 3220 2709 ἐστιν
3235 2655 3322 2708 ὅτε
3344 2654 3752 2724 ὁμολογοῦντες,

2173 2744 2471 2816 ἀρνοῦνται
2503 2745 2593 2799 τὸν
2627 2747 2692 2798 ἐκ
2719 2745 2822 2816 τῆς
2853 2745 3123 2816 διαφορᾶς
3147 2747 3258 2800 τῶν
3298 2746 3596 2818 ήνωμένων
3617 2765 3754 2819 πραο

2164 2838 2394 2908 γμάτων
2426 2838 2784 2908 εἰσαγόμενον
2813 2838 3084 2910 ἀριθμόν;
3117 2839 3314 2908 Σαφῶς
3356 2841 3452 2894 καὶ
3485 2843 3544 2894 ἐν
3581 2841 3757 2912 τούτῳ

2163 2931 2264 3003 τήν
2317 2931 2698 3000 ’Λπολιναρίου
2749 2930 3035 2995 νοσοῦντες
3091 2932 3329 3002 μανίανο
3373 2933 3524 3001 λέγει
3568 2933 3679 3006 γὰρ
3722 2935 3753 2987 ὁ

2162 3021 2324 3086 αὐτὸς
2370 3022 2751 3093 Ἀπολινάριος
2795 3024 2854 3076 ὲν
2898 3026 3011 3087 τοῖς
3037 3027 3334 3094 γραφεῖσιν
3369 3025 3518 3096 αὐτῷ
3560 3026 3750 3080 συλλο-

477 3119 532 3173 in
563 3121 713 3175 mulo
753 3113 896 3176 asini
923 3131 979 3177 et
1012 3123 1163 3193 equi,
1201 3123 1256 3178 in
1293 3125 1529 3179 cacruleo
1568 3125 1754 3179 colore
1783 3123 2057 3179 albedinis

2164 3117 2378 3185 γισμοίς
2418 3114 2543 3169 τάδε
2566 3132 2579 3146 ·
2627 3131 2647 3166 ι
2682 3114 2999 3189 Μεσότητες
3042 3116 3286 3183 γίνονται
3324 3116 3600 3189 ίδιοτήτων
3632 3118 3753 3172 δια-

475 3221 532 3266 et
557 3213 938 3284 nigritudinis,
959 3223 1125 3285 atque
1147 3215 1202 3270 in
1222 3231 1395 3271 verno
1415 3226 1660 3287 tempore
1684 3216 1885 3272 hiemis
1900 3224 2058 3271 aesta-

477 3300 657 3371 tisque
702 3303 1016 3374 proprietas
1055 3305 1296 3360 videtur.
1329 3306 1551 3361 Nullum
1572 3309 1772 3362 'autem
1813 3305 2059 3361 medium

479 3399 768 3462 utramque
802 3394 1127 3464 qualitatem
1170 3394 1338 3451 habet
1365 3413 1431 3451 ex
1457 3397 1604 3452 omni
1630 3410 1807 3468 parte,
1842 3397 1937 3452 sed
1973 3396 2060 3452 di-

477 3482 650 3538 midia
693 3494 852 3554 parte
899 3484 1277 3540 commixtam.
1304 3486 1543 3542 Medium
1587 3503 1720 3543 vero
1755 3489 1852 3543 Dei
1882 3496 1938 3543 et
1963 3487 2064 3542 ho-

477 3573 689 3628 minum
738 3575 792 3628 in
820 3573 1067 3642 Christo,
1101 3591 1207 3632 nec
1241 3577 1409 3648 igitur
1442 3588 1528 3634 est
1556 3585 1704 3634 totus
1727 3579 1912 3644 homo,
1959 3593 2064 3634 nec

478 3663 643 3726 Deus,
680 3663 776 3717 sed
803 3663 902 3719 Dei
931 3673 987 3719 et
1016 3666 1260 3722 hominis
1288 3668 1547 3722 mixtura.
1573 3689 1590 3720 ι
1630 3669 1841 3724 Deinde
1869 3685 2063 3725 rursus

477 3752 534 3807 in
569 3761 805 3808 tractatu
857 3755 946 3810 cui
1006 3756 1203 3812 titulus
1253 3757 1396 3811 Deus
1440 3760 1754 3812 incarnatus
1799 3756 2060 3823 Christus,

477 3844 908 3916 interrogatione
926 3849 1395 3920 rcsponsioneque
1414 3849 1691 3920 dialogum
1709 3865 1897 3921 agens,
1913 3859 2063 3920 post-

475 3954 641 4009 quam
687 3939 1060 4010 interrogatus
1101 3941 1174 3996 sit
1204 3959 1215 3995 :
1256 3959 1275 3993 ι
1309 3941 1452 4008 Quid
1485 3942 1659 4011 ergo?
1699 3955 1884 3997 nonne
1915 3942 2063 3997 Deus

473 4039 533 4084 et
557 4029 722 4085 homo
745 4038 829 4085 est
848 4029 1147 4086 Christus?
1175 4032 1270 4088 Vel
1315 4042 1446 4086 tune
1477 4031 1618 4086 dicis
1633 4031 1915 4087 Christum
1940 4047 2062 4088 esse

475 4121 684 4189 Deum,
745 4123 925 4193 ipsum
973 4140 1096 4180 esse
1146 4125 1425 4179 hominem
1476 4125 1759 4195 negans?»
1824 4125 1930 4180 hoc
1972 4125 2057 4180 di-

474 4214 591 4271 cit:
631 4235 649 4267 ‹
684 4216 802 4271 Νοιι
861 4218 917 4271 in
978 4217 1196 4273 duabus
1247 4219 1596 4282 substantiis,
1624 4217 1719 4273 sed
1769 4217 1825 4272 in
1884 4235 2055 4274 una.n

476 4305 602 4363 Πεεο
627 4323 757 4363 vero
788 4310 1081 4365 retulimus
1109 4319 1165 4365 ut
1191 4310 1557 4365 ostendamus
1586 4310 1917 4381 Acephalos,
1958 4312 2062 4366 im-

477 4400 582 4470 piis
610 4400 936 4472 Apolliuarii
979 4402 1332 4473 dogmatibus
1387 4403 1790 4473 obsequentes,
1853 4421 1965 4460 non
2003 4405 2057 4460 in

477 4493 696 4549 duabus
735 4497 950 4550 naturis
995 4510 1118 4550 esse
1156 4495 1437 4551 Christum
1487 4504 1650 4566 atque
1683 4498 1926 4567 agnosci,
1961 4498 2058 4553 sed

478 4582 534 4634 in
554 4598 660 4636 una
680 4583 933 4638 conﬁteri
959 4602 974 4651 ;
1006 4583 1111 4640 etsi
1141 4584 1314 4639 sancti
1341 4585 1529 4640 Patres
1547 4586 1720 4641 nostri
1749 4586 1818 4642 de
1854 4588 2058 4642 unione

480 4669 748 4724 ineffabili
772 4670 1077 4727 divinitatis
1105 4681 1271 4743 atque
1295 4673 1656 4730 humanitatis
1687 4675 1916 4742 Christi,
1944 4692 2054 4733 non

2162 3206 2346 3278 φόρων
2395 3207 2477 3270 εἰς
2534 3206 2593 3260 ἓν
2635 3206 3032 3272 συνελθουσῶν,
3074 3208 3150 3272 ὡς
3193 3209 3252 3262 ὲν
3301 3208 3512 3279 ήμιόνῳ
3551 3208 3752 3280 ἰδιότης

2161 3298 2283 3352 ὸνου
2311 3299 2408 3353 καὶ
2428 3299 2625 3366 ἵππου,
2657 3298 2753 3352 καὶ
2786 3299 2845 3352 ὲν
2868 3295 3090 3368 γλαυκῷ
3117 3299 3367 3370 χρώματι
3404 3301 3603 3369 ἰδιότης
3625 3299 3748 3356 λευο

2163 3391 2263 3446 κοῦ
2299 3391 2394 3444 καὶ
2428 3391 2680 3462 μέλανος,
2719 3391 2816 3444 καὶ
2852 3392 2910 3444 ἐν
2948 3390 3071 3462 ἀέρι
3116 3391 3385 3461 χειμῶνος
3431 3393 3526 3445 καὶ
3557 3392 3752 3463 θέρους

2167 3485 2366 3556 ἰδιότης
2403 3483 2505 3556 ἔαρ
2537 3483 2914 3556 ἐργαζομένηο
2952 3483 3182 3555 οὐδεμία
3226 3483 3284 3537 δὲ
3331 3485 3571 3555 μεσότης
3613 3485 3750 3540 ἑκαο

2163 3574 2330 3646 τέρας
2357 3575 2472 3646 ἔχει
2499 3574 2598 3639 τάς
2629 3575 2941 3647 ἀκρότητας
2975 3575 3035 3640 ἐξ
3063 3575 3385 3646 ὁλοκλήρου,
3420 3576 3560 3630 ἁλλά
3591 3595 3750 3649 μερι-

2165 3667 2278 3731 κῶς
2311 3667 2780 3738 ἐπιμεμιγμένας.
2817 3668 3070 3738 Μεσότης
3103 3667 3160 3721 δὲ
3203 3667 3340 3721 Θεοῦ
3397 3670 3493 3723 καὶ
3537 3667 3749 3740 ἀνθρώ-

2165 3777 2284 3814 πων
2317 3760 2376 3814 ὲν
2419 3758 2658 3831 Χριστῷ,
2681 3759 2790 3813 ὀὐκ
2818 3760 2928 3830 ἄρα
2961 3758 3084 3812 οὐτε
3118 3758 3410 3831 ἄνθρωπος
3441 3761 3584 3826 ὅλος,
3623 3760 3751 3814 οὐτε

2161 3854 2316 3920 Θεὸς,
2347 3856 2483 3910 ἀλλά
2512 3855 2647 3909 Θεοῦ
2681 3855 2776 3909 καὶ¹
2817 3854 3106 3928 ἀνθρώπου
3154 3855 3322 3926 μίξις.
3358 3875 3377 3909 ι
3417 3852 3552 3910 Εἶτα
3588 3855 3752 3912 πάλιν

2162 3947 2220 4000 ὲν
2249 3945 2326 4018 τῷ
2358 3948 2503 4018 λόγῳ
2536 3947 2702 4001 αὐτοῦ
2732 3947 2810 4019 τῷ
2843 3948 3316 4020 ἐπιγεγραμμένῳ
3359 3949 3440 4002 ὃτι
3473 3949 3620 4016 Θεὸς
3646 3948 3750 4003 ἐν·

2162 4055 2389 4107 σαρκος
2421 4043 2454 4094 ό
2495 4041 2769 4110 Χριστὸς.
2812 4041 2953 4094 κατά
2982 4041 3176 4094 πεῦσιν
3208 4040 3302 4094 καὶ
3331 4042 3630 4111 ἀπόκρισιν
3659 4040 3752 4094 τὸν

2161 4130 2407 4199 διάλογον
2444 4131 2790 4200 ποιούμενος,
2842 4130 3256 4202 ἐπερωτηθείςο
3300 4151 3318 4183 ι
3361 4127 3581 4198 Τίοῦν;
3629 4132 3753 4202 οὐχὶ

2162 4223 2256 4276 καὶ
2280 4221 2413 4286 Θεὸς
2449 4224 2547 4276 καὶ
2579 4223 2864 4294 ἅνθρωπός
2900 4224 3050 4277 ἐστιν
3086 4226 3115 4277 ό
3143 4225 3382 4295 Χριστὸς
3407 4264 3422 4290 ,
3453 4223 3486 4294 ἢ
3513 4223 3646 4278 Θεὸν
3680 4227 3751 4279 σὺ

2161 4313 2344 4383 λέγεις
2378 4315 2467 4368 τὸν
2493 4315 2752 4386 Χριστὸν,
2781 4317 3116 4385 ἀρνούμενος
3141 4317 3303 4369 αὐτὸν
3327 4316 3424 4369 καὶ
3456 4315 3752 4386 ἄνθρωπον

2163 4400 2336 4472 sint;
2371 4424 2390 4457 ι
2426 4405 2577 4474 λέγει
2630 4406 2756 4459 τάδε
2792 4422 2806 4436 ·
2848 4425 2866 4457 ς
2904 4407 3020 4460 Οὐκ
3063 4406 3122 4460 ἐν
3148 4406 3241 4460 δύο
3271 4406 3504 4472 οὐσίαις,
3539 4405 3657 4459 ἀλλ’
3690 4409 3752 4459 ὲ)

2092 4461 2135 4516 D
2165 4497 2288 4568 μιᾷ.
2375 4461 2563 4552 Ταῦτα
2594 4498 2651 4552 δὲ
2680 4497 3088 4569 παρηγάγομεν
3115 4497 3204 4552 ἵνα
3229 4461 3504 4568 δείξωμεν
3527 4497 3611 4550 ὃτι
3635 4498 3753 4560 τοῖς

2170 4589 2550 4660 Ἀπολιναρίου
2599 4591 2858 4659 πονηροῖς
2923 4588 3352 4652 ἀκολουθοῦντες
3401 4586 3670 4658 δόγμασιν
3697 4588 3751 4640 οἰ

2169 4681 2480 4750 Ἀκέφαλοι,
2503 4682 2602 4752 οὐχ
2633 4680 2991 4752 ὁμολογοῦσιν
3025 4685 3082 4734 ὲν
3112 4681 3208 4734 δύο
3245 4679 3457 4743 οὐσίαις
3483 4676 3625 4734 εἶναι
3655 4680 3752 4732 καὶ

480 4778 647 4817 unam
681 4773 936 4820 naturam
977 4767 1231 4832 tradant,
1279 4768 1375 4824 sed
1409 4784 1702 4825 numerum
1731 4779 2054 4826 naturarum

2164 4773 2519 4844 γνωρίζεσθαι
2548 4774 2640 4828 τὸν
2684 4774 2944 4846 Χριστὸν,
2985 4774 3102 4829 ἀλλ’
3131 4774 3190 4829 ὲν
3238 4775 3372 4844 μιᾷ·
3423 4772 3603 4826 καίτοι
3637 4770 3750 4824 τῶν

481 4855 756 4911 unitarum
789 4857 1043 4913 conﬁteri
1072 4875 1174 4915 nos
1203 4860 1461 4916 doceant.

2155 4865 2327 4936 ἁγίων
2373 4867 2531 4936 ήμῶν
2579 4867 2840 4937 Πατέρων
2892 4866 2985 4919 ἐπὶ
3037 4867 3139 4935 τῆς
3173 4866 3458 4935 ἀφράστου
3492 4863 3744 4926 ἒνὼσεως

478 4949 577 5019 τῆς
612 4949 868 5020 θεότητος
913 4950 1010 5004 καὶ
1047 4951 1147 5021 τῆς
1193 4952 1616 5024 ἀνθρωπότητος
1658 4956 1751 5008 τοῦ
1787 4955 2046 5026 Χριστοῦ,
2086 4957 2150 5011 οὐ
2189 4959 2319 5029 μίαν
2351 4958 2515 5027 φύσιν
2579 4957 3010 5028 παραδιδόντων,
3041 4956 3181 5011 ἀλλὰ
3245 4955 3338 5011 τὸν
3362 4957 3600 5030 ἀριθμὸν
3633 4954 3748 5008 τῶν

479 5040 785 5096 ἑνωθεισῶν
815 5042 1048 5123 φύσεων.
1071 5043 1354 5114 ὁμολογεῖν
1385 5047 1533 5117 ἡμᾶς
1565 5047 1948 5103 διδασκόντων.

546 5135 788 5190 Evidens
806 5150 936 5206 ergo
961 5145 1209 5192 remanet
1253 5137 1545 5194 haereticos
1589 5156 1880 5194 numerum
1920 5156 2056 5195 con-

473 5231 792 5301 junctorum
819 5243 1043 5298 negare,
1077 5229 1339 5305 unionem
1364 5231 1536 5301 ipsam
1565 5233 2057 5298 evertere,Deum-

476 5338 584 5391 que
609 5329 664 5376 et
695 5321 974 5375 hominem
1002 5322 1070 5376 ad
1107 5322 1463 5393 decipiendos
1494 5326 1862 5396 simpliciores
1894 5324 2056 5381 Chri-

477 5421 622 5467 stum
649 5411 832 5467 dicere
854 5429 868 5477 ;
888 5414 932 5468 si
950 5413 1096 5467 cnim
1117 5431 1245 5470 vere
1263 5415 1515 5472 dicerent
1530 5419 1701 5472 Deum
1721 5419 2050 5487 perfectum,

478 5504 892 5574 perfectumque
914 5505 1192 5560 hominem
1209 5523 1330 5562 esse
1342 5508 1644 5574 Christum,
1665 5509 1894 5562 evidens
1909 5517 2055 5563 esset

479 5594 618 5648 duas
648 5610 868 5665 quoque
895 5605 1117 5651 naturas
1147 5599 1347 5653 salvari
1371 5600 1426 5654 in
1453 5601 1590 5671 ipso,
1620 5601 1742 5655 illos
1770 5601 2057 5655 confessu-

480 5702 573 5745 ros
613 5703 755 5743 esse.
787 5688 906 5743 Non
940 5688 1270 5746 conﬁtentes
1293 5700 1474 5747 autem
1500 5707 1792 5747 numerum
1822 5692 2051 5762 conjun-

551 5854 582 5886 ιι
601 5847 736 5905 Gen.
766 5869 803 5918 ι,
836 5855 923 5908 ‘26.

2237 5139 2336 5213 [P.
2367 5139 2528 5210 9.57.]
2582 5139 2742 5210 Δῆλοι
2770 5135 2862 5194 οὗν
2895 5139 3223 5194 καθεστᾶσιν
3252 5139 3302 5191 οἱ
3333 5137 3632 5209 αἰρετικοὶ,
3653 5138 3749 5190 τὸν

2163 5233 2399 5305 ἀριθμὸν
2427 5234 2537 5287 τῶν
2563 5233 2925 5286 συνελθόντων
2950 5232 3293 5303 πραγμάτων
3318 5231 3748 5301 ἀπαρνούμενοι,

2164 5328 2259 5380 καὶ
2290 5325 2460 5397 αὐτὴν
2490 5327 2586 5397 τὴν
2617 5326 2811 5380 ἕνωσιν
2845 5325 3218 5397 ἀναιροῦντες,
3252 5324 3346 5377 καὶ
3375 5323 3510 5377 Θεὸν
3539 5323 3632 5376 καὶ
3656 5323 3752 5376 dv-

2165 5416 2382 5488 θρωπον
2417 5417 2508 5470 τὸν
2561 5417 2796 5488 Χριστὸν
2862 5419 2999 5488 πρὸς
3055 5418 3274 5487 ἀπάτην
3329 5416 3583 5484 λέγοντες
3639 5413 3751 5468 τῶν

2167 5509 2556 5578 ἁπλουστέρων
2577 5525 2590 5538 °
2611 5511 2660 5562 εἰ
2689 5509 2798 5580 γάρ
2828 5509 2971 5563 κατὰ
2997 5509 3258 5579 ἀλήθειαν
3289 5508 3481 5578 ἔλεγον
3505 5509 3637 5561 Θεὸν
3660 5507 3753 5560 τέ-

2162 5600 2306 5652 λειον
2361 5603 2456 5654 καὶ
2504 5601 2793 5672 ἄνθρωπον
2839 5602 3047 5655 τέλειον
3107 5602 3200 5655 τὸν
3245 5602 3516 5672 Χριστὸν,
3583 5598 3747 5669 δῆλον

2161 5692 2242 5746 ὅτι
2269 5693 2364 5747 καὶ
2392 5695 2491 5758 τὰς
2521 5693 2614 5748 δύο
2636 5694 2824 5758 οὐσίας
2851 5695 2908 5749 ὲν
2927 5694 3078 5766 αὐτῷ
3101 5693 3372 5760 σώζεσθαι
3397 5690 3745 5766 ὡμολόγουν
