4148 6460
428 448 560 516 1141

1319 438 1766 504 TRACTATUS
1803 434 2105 501 CONTRA
2141 431 2749 497 MONOPHYSITAS.

3555 421 3697 488 1152

429 567 506 638 μὴ
553 561 950 634 ὁμολογοῦντες
997 559 1057 612 δὲ
1087 557 1201 615 ,τὸν
1251 556 1486 629 ἀριθμὸν
1541 554 1654 608 τῶν
1698 550 2011 606 ἑνωθέντων

2138 561 2346 614 :torum,
2375 549 2511 604 nihil
2539 547 2842 618 perfectum
2868 560 2988 600 esse
3022 542 3076 598 in
3098 543 3320 598 Bhristo
3349 541 3538 598 dicere
3567 557 3697 596 con-

427 659 793 732 πραγμάτων,
827 654 1138 708 δείκνυνται
1170 651 1337 722 μηδὲν
1364 650 1574 703 τέλειον
1601 649 1659 699 ἐν
1681 643 1908 717 Χριστῷ
1932 643 2011 695 λέ-

426 765 654 820 γοντες’
716 747 879 802 τοῦτο
920 747 1032 816 γὰρ
1087 745 1182 798 καὶ
1231 746 1258 796 ὁ
1297 740 1622 802 διδάσκαλος
1666 738 1768 807 τῆς
1803 737 2012 805 πλάνης

428 846 610 899 αὐτῶν
645 841 1050 912 Ἀπολινάριος,
1084 842 1143 892 ἐν
1173 838 1251 908 τῷ
1281 837 1420 906 Περὶ
1449 835 1560 901 τῆς
1587 834 1751 898 θείας
1779 828 2016 898 σαρκώ-

428 955 586 1002 σεως
629 936 779 1005 λόγῳ
821 934 1025 1004 γράφει
1056 930 1266 998 λέγων·
1331 949 1350 979 ι
1387 929 1497 980 Καὶ
1523 925 1632 996 γὰρ
1669 927 1716 977 εί
1745 921 2016 993 ἀνθρώπῳ

427 1029 625 1098 τελείῳ
674 1025 924 1098 συνήφθη
975 1024 1109 1085 Θεὸς
1138 1021 1374 1084 τέλειος,
1423 1018 1515 1072 δύο
1549 1017 1614 1070 ἂν
1645 1012 1818 1086 ἦσαν’
1869 1011 1931 1064 τὸ
1961 1011 2020 1063 δέ

429 1123 621 1184 ἀτελὲς
665 1121 776 1191 ἄρα
815 1119 893 1190 τῷ
925 1117 1119 1186 τελείῳ
1157 1113 1578 1182 συντιθέμενον,
1635 1109 1737 1162 οὐκ
1780 1109 1837 1160 ἑν
1867 1104 2020 1158 δυάδι

432 1216 742 1285 θεωρεῖται.
770 1231 788 1262 ι
813 1239 883 1252 ——
919 1209 1004 1282 [P.
1035 1207 1165 1280 259]
1237 1207 1332 1259 Ἐκ
1362 1205 1470 1257 τῶν
1499 1200 1811 1272 εἰρημένων
1841 1198 2020 1251 τοίνυν

435 1311 606 1377 σαφὲς
639 1308 1014 1376 καθέστηκεν,
1068 1304 1150 1356 ὅτι
1184 1304 1320 1354 ὅπου
1351 1300 1546 1360 ἐνωσις
1576 1294 1852 1364 διαφόρων
1881 1293 2022 1343 νοεῖ-

2115 645 2449 708 vincuntur;
2493 643 2597 695 hoc
2625 641 2773 694 enim
2811 639 3073 707 magister
3101 639 3218 707 ipse
3264 638 3473 692 erroris
3501 652 3698 691 eorum

2117 735 2506 806 Apollinarius,
2532 734 2586 787 in
2615 741 2848 787 tractatu
2876 731 2951 784 De
2971 731 3151 784 divina
3175 731 3544 784 incarnatione
3565 728 3702 784 scri-
3783 759 3792 766 -

2118 829 2200 883 bit
2228 828 2418 882 dicens
2449 844 2462 880 :
2501 845 2518 876 ς
2557 826 2756 895 Reipsa
2788 825 2833 878 si
2878 839 3002 879 cum
3031 823 3256 876 homine
3278 822 3524 891 perfecto
3555 822 3701 876 Deus

2122 921 2404 990 perfectus
2455 920 2785 989 conjunctus
2822 917 3024 980 fuerit,
3058 917 3168 970 duo
3196 925 3394 978 erunt;
3437 914 3700 983 imperfe-

2124 1021 2274 1067 ctum
2308 1027 2439 1066 vero
2477 1027 2603 1064 cum
2634 1009 2880 1079 perfecto
2919 1009 3276 1078 conjunctum
3303 1048 3316 1071 ,
3360 1007 3563 1076 duplex
3593 1023 3700 1060 non

2123 1104 2394 1157 videtur.»
2416 1103 2564 1156 ——Ex
2590 1102 2754 1156 dictis
2777 1101 3247 1170 igiturevident‘er
3268 1108 3437 1169 patet,
3454 1099 3550 1152 ubi
3571 1099 3703 1152 unio

2126 1195 2471 1250 diversorum
2511 1195 2856 1264 intelligitur,
2904 1193 2981 1247 ibi
3019 1208 3238 1262 quoque
3289 1192 3562 1262 integrum
3597 1207 3705 1245 nu-

2121 1307 2334 1346 merum
2360 1292 2787 1358 conjunctorum
2815 1287 3062 1359 agnosci.
3089 1287 3194 1342 Sed
3221 1284 3471 1341 veritatis
3495 1287 3703 1347 hostes,

432 1420 524 1457 ται
569 1400 921 1472 πραγμάτων
949 1439 964 1459 .
1019 1399 1138 1450 ἐκεῖ
1182 1396 1402 1457 πάντως
1449 1391 1542 1444 καὶ
1583 1390 1612 1441 ὁ
1649 1385 1883 1459 ἀριθμὸς
1916 1382 2024 1436 τῶν

2138 1399 2342 1454 temper
2374 1381 2643 1452 impietati
2668 1397 2780 1436 sua:
2817 1381 3004 1450 pejora
3029 1380 3368 1449 adjicientes,
3394 1393 3505 1432 non
3527 1378 3704 1432 solum

433 1495 748 1548 ἑνωθέντων
781 1492 1143 1562 γνωρίζεταιο
1181 1488 1297 1542 ἀλλ’
1320 1489 1367 1538 οἱ
1395 1487 1493 1554 τῆς
1520 1480 1781 1552 ἀληθείας
1813 1473 2022 1547 ἐχθροὶ,

434 1587 523 1640 ἀεὶ
554 1587 618 1656 τῇ
653 1584 862 1637 ἑαυτῶν
887 1581 1179 1650 δυσσεϐείᾳ
1207 1575 1665 1649 προεπινοοῦντες
1690 1572 1756 1624 τὰ
1780 1569 2024 1640 χείρονα,

2122 1472 2177 1525 in
2201 1471 2568 1526 oeconomiam
2595 1470 2762 1524 unius
2793 1478 2996 1524 sanctae
3016 1470 3306 1524 Trinitatis
3328 1478 3579 1538 peccant,
3610 1469 3705 1522 scd

2121 1564 2288 1618 etiam
2319 1564 2851 1618 consubstantialem
2882 1562 3212 1616 Trinitatem
3251 1563 3656 1630 blasphemant.

434 1678 494 1731 οὐ
542 1652 701 1747 μὸνον
755 1675 889 1745 περὶ
932 1674 1032 1744 τὴν
1072 1669 1390 1738 οἰκονομίαν
1432 1665 1528 1720 τοῦ
1563 1665 1682 1728 ἑνὸς
1720 1663 1822 1732 τῆς
1853 1657 2015 1726 ἁγίας
2044 1655 2276 1724 Τριάδος
2314 1653 2724 1726 ἁμαρτάνουσιν
2748 1692 2763 1720 ,
2815 1652 2952 1708 ἀλλά
2991 1654 3090 1707 καὶ
3151 1656 3281 1725 περὶ
3311 1653 3478 1726 αὐτὴν
3545 1654 3708 1725 βλασ-

436 1769 712 1842 φημοῦσιν
744 1766 844 1838 τὴν
871 1765 1156 1836 ὁμοούσιον
1183 1761 1416 1834 Τριάδα.

508 1863 619 1916 Kal.
669 1859 830 1914 τοῦτο
879 1858 988 1930 γάρ
1037 1856 1221 1924 λέγειν
1282 1853 1526 1923 Σευῆρος
1579 1849 1882 1920 ἑτὸλμηαεν
1937 1845 2020 1898 ὅτι

2202 1836 2418 1892 Etenim
2446 1835 2686 1892 Severus
2714 1853 2882 1892 ausus
2917 1849 3002 1895 est
3032 1841 3199 1894 etiam
3233 1841 3421 1897 dicere
3441 1843 3708 1914 hymnum

435 1959 463 2008 ὁ
493 1954 793 2025 Τρισάγιος
828 1916 998 2021 ὕμνος
1049 1916 1127 2011 εἰς
1175 1948 1336 2018 μόνον
1377 1916 1722 2013 ἀναφέρεται⁷
1749 1916 1839 1994 τὸν
1868 1937 2020 2001 Υίδν,

2138 1929 2434 1999 l‘risagium
2481 1931 2575 1983 uni
2603 1930 2743 1986 Filio
2776 1930 3086 1995 decantari,
3121 1949 3224 1987 nec
3257 1934 3418 1990 Patre
3449 1952 3552 1990 nec
3589 1937 3712 2008 Spi-

443 2048 517 2117 μὴ
565 2044 948 2099 κοινωσάντων
995 2044 1064 2111 τῇ
1101 2036 1386 2106 δοξολογία
1421 2037 1514 2090 τοῦ
1548 2033 1761 2103 Πατρδς
1801 2031 1900 2084 καὶ
1927 2027 2023 2082 τοῦ

441 2138 601 2201 ἁγίου
647 2135 994 2204 Πνεύματος.
1055 2130 1229 2184 Τοῦτο
1272 2130 1328 2183 δὲ
1374 2129 1527 2183 οὐδὲν
1556 2126 1743 2195 ’ἐτερόν
1775 2125 1953 2186 ἐστιν,
1990 2120 2024 2191 ἢ

442 2229 584 2282 κατὰ
608 2229 710 2296 τὴν
737 2227 955 2298 Ἀρείου
989 2224 1186 2294 μανίαν
1215 2221 1473 2293 χωρίζειν
1499 2220 1589 2273 τὸν
1614 2219 1744 2272 Υἱὸν
1765 2216 1867 2285 τῆς
1889 2213 2029 2267 οὐσί-

442 2339 508 2383 ας
539 2319 634 2373 τοῦ
667 2318 878 2388 Πατρὸς
909 2319 1004 2371 καὶ
1033 2316 1194 2386 ἁγίου
1225 2313 1549 2384 Πνεύματος
1571 2352 1586 2376 ,
1642 2309 1738 2362 καὶ⁸
1779 2304 2026 2376 ἐτεροού-

446 2429 562 2465 σιον
593 2411 758 2464 αὑτὸν
789 2410 1034 2478 εἰσάγειν
1056 2426 1070 2439 ·
1123 2408 1156 2479 ἢ
1193 2408 1241 2460 εἰ
1273 2407 1349 2477 μὴ
1378 2403 1558 2464 τοῦτο.
1594 2402 1730 2456 ἀλλὰ
1761 2399 1906 2453 κατὰ
1932 2397 2031 2466 τὴν

445 2505 747 2574 Νεστορίου
797 2503 1152 2574 βλασφημίαν
1211 2499 1286 2572 μὴ
1333 2498 1618 2568 ὁμολογεῖν
1663 2495 1755 2549 τὸν
1794 2490 2031 2561 Χριστὸν

445 2593 581 2648 Θεὸν
612 2589 753 2646 εἶναι
789 2593 882 2645 καὶ
911 2591 1006 2644 ἕνα
1034 2591 1134 2660 τῆς
1162 2589 1325 2658 ἁγίας
1352 2585 1584 2658 Τριάδος
1605 2601 1620 2616 ·
1669 2582 1806 2638 ἀλλὰ
1837 2580 2033 2648 τετάρ-

447 2703 525 2754 τῳ
553 2682 659 2737 τινὶ
685 2681 964 2752 προσώπῳ
993 2681 1137 2734 κατὰ
1161 2679 1261 2750 τὴν
1288 2678 1516 2730 ἐκείνων
1543 2676 1730 2730 ἄνοιαν
1756 2673 1846 2726 τὸν
1865 2667 2034 2723 τοιοῦ-

446 2794 538 2830 ⁶τον
593 2776 944 2846 ἀναπέμπειν
997 2772 1210 2845 ὕμνον·
1277 2772 1372 2825 καὶ
1431 2762 1475 2836 ᾧ
1531 2767 1816 2838 νομίζουσι
1866 2763 2035 2832 τιμᾷν

446 2869 538 2921 τὸν
569 2867 699 2920 Υίδν
721 2906 737 2929 ,
789 2865 1078 2934 ἀγνοοῦσιν
1113 2864 1278 2918 αὑτὸν
1319 2860 1681 2932 ἀτιμάζοντες
1704 2900 1720 2924 ,
1763 2856 1841 2926 τῷ
1869 2855 2036 2926 χωρί-

448 2958 565 3024 ζειν
599 2958 763 3013 αὑτὸν
808 2957 902 3012 τοῦ
947 2953 1493 3028 συμπροσκυνεῖσθαι
1523 2951 1602 3022 τῷ
1635 2951 1808 3020 Πατρὶ
1838 2950 1933 3002 καὶ
1959 2945 2037 3016 τῷ

450 3051 590 3122 ἁγίῳ
636 3048 939 3120 Πνεύματι.
997 3048 1186 3103 Ταῦτα
1233 3048 1290 3101 δέ
1320 3046 1626 3112 λέγοντες,
1663 3041 1787 3096 οὕτε
1822 3041 2038 3101 ἑαυτοῖς

450 3144 582 3213 γοῦν
626 3142 949 3196 ἀκολουθεῖν
987 3139 1328 3207 ἐγνώκασιν·
1367 3137 1549 3207 τρίτον
1579 3134 1709 3204 γὰρ,
1738 3131 2035 3200 λεγομένου

2127 2023 2239 2077 ritu
2275 2032 2466 2078 sancto
2510 2023 2858 2094 doxol03iam
2895 2026 3380 2095 participantibus.
3435 2028 3551 2083 Hoc
3577 2046 3711 2084 vero

2128 2117 2275 2172 aliud
2311 2132 2422 2171 non
2459 2126 2567 2180 est,
2605 2133 2792 2187 quam,
2817 2119 2972 2186 juxta
3006 2119 3123 2173 Arii
3159 2119 3454 2186 insaniam,
3507 2121 3709 2176 Filium

2129 2224 2387 2279 separare
2415 2226 2444 2264 a
2476 2211 2787 2266 substantia
2815 2213 2992 2266 Patris
3026 2228 3091 2267 ac
3118 2212 3359 2283 Spiritus
3395 2217 3594 2280 sancti,
3632 2217 3715 2286 ip-

2130 2320 2364 2373 sumque
2394 2306 2588 2360 alienae
2618 2306 2945 2361 subplantiae
2987 2306 3210 2373 facere;
3248 2309 3372 2373 vel,
3416 2308 3460 2364 si
3496 2323 3607 2362 non
3639 2309 3715 2362 ita

2132 2394 2223 2457 sit,
2244 2395 2398 2465 juxta
2416 2411 2549 2448 vero
2573 2395 2812 2450 Nestorii
2837 2396 3262 2466 blasphemiam,
3287 2397 3570 2452 Christum
3594 2414 3718 2453 esse

2133 2487 2327 2548 Deum,
2360 2504 2645 2556 unumque
2673 2498 2877 2542 sanctae
2902 2487 3193 2543 Trinitatis
3238 2505 3353 2543 non
3393 2490 3716 2557 confitetur,

2133 2595 2197 2634 ac
2223 2579 2441 2634 cuidam
2469 2588 2682 2650 quartae
2713 2582 3146 2650 persona:,juxta
3175 2582 3397 2638 illorum
3424 2583 3718 2649 insaniam,

2134 2672 2284 2727 hunc
2315 2673 2578 2743 hymnum
2618 2674 2947 2736 decantant;
2970 2674 3288 2745 Filiumque
3341 2693 3506 2746 quem
3539 2678 3722 2732 colere

2136 2763 2502 2826 exsistimant,
2523 2765 2842 2834 ignorantes
2867 2764 3180 2828 otl‘endunt,
3207 2781 3275 2822 eo
3288 2768 3435 2836 quod
3461 2785 3567 2824 una
3590 2770 3724 2824 ado-

2140 2854 2353 2909 ratione
2401 2870 2515 2908 non
2552 2855 2731 2924 ipsum
2764 2856 3000 2911 adorant
3027 2873 3153 2911 cum
3199 2859 3364 2914 Patre
3391 2876 3457 2915 ac
3505 2860 3720 2930 Spiritu

2136 2955 2347 3002 sancto.
2389 2947 2515 3002 llaac
2541 2957 2725 3002 autem
2752 2949 3025 3014 dicentes,
3054 2965 3158 3005 nec
3188 2950 3556 3021 sibimetipsis
3595 2953 3724 3022 qui-

2138 3038 2263 3093 dem
2310 3039 2542 3107 obsequi
2582 3047 2832 3107 norunt;
2884 3048 2970 3095 ter
3012 3041 3164 3096 enim
3220 3041 3442 3097 dicente
3493 3043 3722 3114 hymno,

2137 3130 2312 3196 Patri,
2342 3138 2391 3183 et
2406 3129 2561 3193 Filio,
2589 3139 2639 3184 et
2668 3129 2892 3200 Spiritui
2916 3143 3100 3187 sancto
3129 3134 3341 3189 directe
3368 3137 3601 3206 gloriam
3634 3153 3723 3192 re-

449 3235 545 3289 τοῦ
577 3234 773 3305 ὕμνου,
809 3233 1091 3301 ἐπάγομεν
1117 3229 1308 3293 εὐθύς·
1354 3227 1509 3292 Δόξα
1535 3224 1736 3294 Harp},
1768 3222 1868 3277 καὶ
1903 3219 2032 3286 Υίῷ,

2142 3222 2437 3277 mittimus.
2456 3221 2598 3288 Quid
2612 3238 2745 3278 vero
2759 3223 2997 3280 dicimus
3022 3226 3171 3296 ipsos
3195 3243 3303 3282 non
3328 3228 3434 3282 sibi
3455 3230 3724 3286 credere?

453 3327 554 3380 καὶ
601 3326 1117 3398 ἁγίῳσηνεύματι.
1184 3320 1249 3375 Τί
1297 3321 1355 3374 δὲ
1404 3319 1639 3388 λέγομεν
1690 3317 1772 3370 ὅτι
1823 3315 2039 3375 ἑαυτοῖς

453 3419 808 3485 ἀπειθοῦσινς
848 3419 980 3471 πότε
1032 3416 1153 3470 οὐδὲ
1184 3415 1252 3469 τά
1277 3414 1529 3483 Σεραιρὶμ
1559 3409 1928 3481 ἐντρέπονται,
1951 3405 2041 3460 διὰ

451 3513 550 3581 τῆς
573 3509 878 3580 Τρισαγίας
907 3507 1114 3578 φωνῆς,
1137 3508 1206 3578 τῇ
1229 3505 1362 3576 ἁγίᾳ
1375 3502 1570 3574 Τριάδι.
1591 3501 1688 3572 τὴν
1724 3497 2039 3567 δοξολογίαν

455 3604 839 3673 προσάγοντα,
896 3598 1084 3663 καθὼς
1131 3598 1201 3652 τὰ
1247 3596 1376 3668 περὶ
1420 3594 1614 3649 τούτου
1668 3591 1765 3648 καὶ
1806 3591 1856 3646 οί
1895 3589 2041 3660 ἅγιοι

453 3698 486 3766 ἡ
498 3698 588 3766 μῖν
619 3694 865 3764 Πατέρες
897 3688 1370 3764 παραδεδώκασιν.

529 3784 968 3859 [Ρ.260.]Ταῦτα
986 3784 1168 3836 τοίνυν
1192 3780 1328 3853 πρὸς
1347 3778 1630 3849 ἀναίρεσιν
1652 3776 1750 3848 τῆς
1768 3775 1879 3830 τῶν
1898 3776 2045 3845 αίρε-

455 3881 624 3934 τικῶν
652 3876 1009 3949 βλασφημίας
1034 3876 1084 3929 oi.
1111 3874 1358 3946 Πατέρες
1386 3870 1706 3942 ἐκθέμενοι,
1740 3869 1840 3941 τὴν
1871 3868 2041 3941 ὁρθὴν

455 3974 555 4044 τῆς
607 3969 943 4040 Ἐκκλησίας
999 3965 1458 4039 παραδεδώκασιν
1503 3961 1836 4032 ὁμολογίαν,
1894 3959 2042 4014 διδά-

459 4067 650 4131 ξαντες
687 4066 838 4137 ἡμᾶς
881 4062 1010 4135 μίαν
1047 4059 1300 4130 θεὸτητα,
1344 4057 1472 4128 μίαν
1507 4056 1762 4125 δύναμιν,
1796 4054 1926 4124 μίαν
1951 4054 2044 4107 οὐ·

458 4163 580 4216 σίαν
628 4161 728 4232 τῆς
775 4159 940 4230 ἁγίας
984 4157 1272 4228 ὁμολογεῖν
1317 4153 1584 4226 Τριάδος,
1620 4152 1716 4206 καὶ
1742 4149 1841 4224 τὴν
1871 4150 2042 4221 αὐτὴν

457 4255 794 4326 προσφέρειν
841 4249 1156 4320 δοξολογίαν
1193 4265 1254 4302 τε
1305 4247 1402 4302 καὶ
1435 4243 1814 4317 προσκύνησιν
1839 4243 2041 4314 Πατρὶ,

459 4347 555 4400 καὶ
594 4345 711 4416 Υίῷ
753 4345 847 4398 καὶ
887 4342 1030 4412 ἀγίῳ
1069 4340 1353 4410 Πνεύματι
1379 4357 1394 4370 ·
1457 4336 1744 4406 ὁμολογεῖν
1785 4335 1841 4389 δὲ
1886 4336 1949 4388 τὸ
1984 4335 2042 4388 ἒν

459 4439 756 4510 πρόσωπον
811 4434 896 4504 τὸ,
923 4437 986 4488 ἐκ
1020 4433 1120 4503 τῆς
1148 4433 1311 4500 ἁγίας
1342 4431 1438 4485 καὶ
1468 4429 1760 4500 ὁμοουσίου
1786 4427 2038 4500 Τριάδος,

457 4533 552 4585 τὸν
593 4530 803 4600 Κύριον
828 4526 988 4597 ἡμῶν
1019 4525 1228 4596 Ἰησοῦν
1273 4523 1528 4594 Χριστὸν,
1554 4522 1689 4576 Θεὸν
1713 4521 1918 4592 ἀληθῆ,
1943 4521 2042 4574 καὶ

2141 3315 2270 3384 quia
2297 3314 2610 3385 Seraphim,
2644 3332 2780 3372 voce
2815 3317 3075 3390 Trisagii,
3101 3329 3305 3376 sancta:
3330 3321 3590 3378 Trinitati
3621 3323 3725 3378 do-

2142 3407 2417 3478 xologiam
2454 3407 2708 3464 dicentes
2738 3424 2848 3464 non
2884 3420 3150 3478 cessant,
3183 3413 3341 3483 juxta
3373 3415 3522 3486 quod
3564 3416 3726 3472 nobis

2142 3498 2319 3554 sancti
2358 3500 2549 3556 Patres
2581 3500 2650 3557 de
2682 3501 2788 3557 hoc
2827 3502 3201 3561 tradiderunt.

2219 3770 2344 3826 Haec
2366 3769 2535 3841 igitur
2559 3769 2631 3826 ad
2666 3769 3027 3827 evertendam
3042 3770 3432 3827 hatreticorum
3468 3772 3728 3844 blasphe-

2143 3863 2310 3919 miam
2341 3873 2717 3934 exponentes,
2766 3880 2956 3919 veram
3005 3864 3272 3920 Ecclesiae
3320 3865 3724 3922 confessionem

2145 3957 2338 4014 Patres
2377 3955 2748 4021 tradiderunt,
2783 3973 2947 4011 unam
3009 3957 3296 4024 deitatem,
3327 3973 3491 4012 unam
3528 3968 3726 4028 poten-

2146 4049 2302 4113 tiam,
2329 4063 2604 4118 unamque
2627 4047 2996 4104 substantiam
3029 4058 3236 4103 sancta:
3264 4049 3554 4105 Trinitatis
3588 4065 3727 4104 con-

2147 4137 2290 4193 ﬁteri
2321 4154 2422 4194 nos
2456 4137 2745 4203 docentes,
2769 4137 3022 4194 eamdem
3053 4137 3422 4206 doxologiam,
3450 4139 3728 4194 eamdem-

2145 4245 2252 4300 que
2276 4228 2654 4285 adorationem
2685 4230 2872 4294 Patri,
2907 4238 2964 4285 et
3003 4229 3164 4293 Filio,
3196 4230 3501 4299 etSpiritui
3534 4243 3726 4286 sancto

2145 4319 2401 4387 deferre;
2428 4320 2680 4376 conﬁteri
2709 4337 2843 4376 vero
2890 4335 3059 4375 unam
3091 4336 3389 4391 personam
3419 4336 3489 4376 ex
3533 4330 3726 4376 sancta

2146 4412 2719 4484 consubstantialique
2757 4411 3055 4478 Trinitate,
3103 4411 3402 4466 Dominum
3466 4419 3720 4466 nostrum

2145 4506 2332 4563 Jesum
2355 4506 2660 4571 Christum,
2680 4507 2854 4562 Deum
2881 4520 3078 4560 verum
3096 4519 3400 4574 verumque
3417 4504 3726 4569 hominem,

460 4597 750 4692 ἄνθρωπον
771 4618 971 4689 ἀληθῆ,
987 4615 1078 4670 τὸν
1105 4615 1268 4670 αὐτὸν
1291 4613 1577 4685 ὁμοούσιον
1601 4612 1681 4682 τῷ
1702 4611 1880 4682 Πατρὶ
1903 4611 2035 4665 κατὰ

2149 4599 2404 4655 eumdem
2437 4599 2971 4654 consubstantialem
3006 4597 3155 4652 Patri
3188 4597 3493 4652 secundum
3525 4598 3728 4653 divini-

351 4765 360 4773 .
459 4717 561 4784 τὴν
588 4713 837 4782 θεότητα,
854 4711 951 4764 καὶ
978 4707 1269 4778 ὁμοούσιον
1291 4709 1428 4777 ἡμῖν
1455 4705 1548 4758 τὸν
1578 4705 1746 4758 αὐτὸν
1772 4703 1914 4757 κατά
1941 4703 2043 4774 τὴν

462 4806 560 4861 ἀνθ
571 4807 864 4878 ρωπὸτητα
881 4819 894 4833 °
916 4803 1009 4857 καὶ
1024 4801 1147 4855 οὔτε
1167 4800 1309 4854 κατά
1332 4800 1429 4870 τὴν
1448 4797 1618 4868 αὐτὴν
1640 4796 1831 4851 οὐσίαν
1849 4794 2045 4865 ὁμοούὲ

464 4917 580 4953 σιον
621 4898 786 4952 αὐτὸν
823 4893 960 4950 εἶναι
999 4892 1076 4964 τῷ
1106 4894 1287 4962 Πατρὶ
1329 4890 1451 4945 καθ’
1476 4891 1542 4962 ἣν
1572 4892 1728 4961 ἡμῖν,
1758 4886 1883 4942 οὔτε
1909 4888 2046 4956 ἡμῖν

465 4991 584 5046 καθ’
606 4991 674 5061 ἣν
705 4990 783 5061 τῷ
808 4989 984 5058 Πατρί
1005 5005 1019 5019 ·
1077 4985 1347 5040 ἀδύνατον
1371 4983 1482 5054 γὰρ
1511 4981 1640 5053 μίαν
1663 4979 1856 5034 οὐσίαν
1883 4979 2048 5050 ῆτουν

465 5085 630 5152 φύσιν
683 5081 972 5154 ὁμοούσιον
1018 5075 1160 5134 εἶναι
1203 5076 1326 5148 Θεῷ
1377 5076 1472 5129 καὶ
1518 5072 1832 5145 ἀνθρώποις
1856 5087 1872 5103 ο
1929 5070 2046 5124 ἀλλ’

466 5178 522 5230 ἑν
551 5177 653 5247 μιᾷ
675 5170 978 5228 ὑποστάσει
1007 5173 1063 5225 αἱ
1088 5169 1182 5223 δύο
1207 5168 1402 5237 φύσεις
1427 5162 1852 5236 γνωριζόμεναι,
1881 5163 1914 5234 ἡ
1946 5161 2048 5233 μὲν

468 5270 606 5340 πρὸς
631 5270 724 5323 τὸν
748 5259 969 5338 Πατέρα
990 5267 1090 5336 τὴν
1113 5263 1404 5333 κοινότητα
1427 5261 1562 5332 ἔχει,
1584 5261 1617 5330 ή
1640 5259 1696 5312 δὲ
1718 5258 1853 5329 πρὸς
1874 5257 2044 5327 ἡμᾶς.

467 5362 631 5413 Ὥστε
673 5359 729 5412 δὲ
791 5356 977 5428 σαφῶς
1029 5355 1175 5424 ὑμᾶς
1225 5349 1524 5419 ἐπιγνῶναι
1573 5347 1673 5418 τὴν
1715 5345 2046 5416 ὁμολογίαν,

467 5455 533 5522 ἢν
565 5449 990 5512 ἀκολουθοῦντες
1033 5451 1100 5518 τῇ
1138 5446 1400 5512 καθολικῇ
1434 5442 1530 5495 καὶ
1557 5439 1888 5508 ἀποστολικῇ
1927 5437 2050 5489 Ἐκ-

469 5546 668 5616 κλησίᾳ
701 5545 1075 5613 φυλάττομεν,
1107 5539 1312 5606 ταύτην
1342 5539 1400 5590 ὲν
1425 5532 1744 5603 κεφαλαίοις
1767 5530 2049 5599 συντόμως

469 5638 759 5708 ἐκθέμενοι
795 5637 924 5705 ὑμῖν
949 5651 1008 5687 τε
1041 5632 1138 5686 καὶ
1167 5631 1232 5684 δι’
1261 5628 1416 5699 ὑμῶν
1443 5628 1556 5690 τοῖς
1583 5624 1691 5676 τὸν
1702 5623 1912 5693 μονήρη
1938 5619 2050 5690 βίον

470 5731 612 5785 κατά
659 5729 760 5798 τὴν
805 5725 1202 5797 Ἀλεξανδρέων
1259 5724 1353 5777 καὶ
1401 5719 1532 5790 περὶ
1566 5715 1736 5788 αὐτὴν
1773 5713 2050 5784 ἑλομένοις

471 5823 640 5895 δήλην
674 5818 916 5877 καθιστῶ
927 5835 1044 5887 μεν.
1805 5819 1810 5824 ’

2150 4699 2342 4756 tatem,
2377 4688 3023 4756 consubstantialemquc
3051 4687 3310 4742 eumdem
3340 4687 3502 4742 nobis
3529 4704 3732 4744 secun-

2149 4783 2282 4838 dum
2307 4781 2748 4847 humanitatem;
2775 4797 2888 4835 non
2917 4788 3104 4836 autem
3136 4782 3315 4849 ipsum
3340 4796 3462 4836 esse
3490 4782 3731 4837 consub-

2149 4875 2463 4931 stantialem
2501 4873 2652 4929 Patri
2686 4872 2993 4928 secundum
3031 4872 3284 4928 eamdem
3336 4873 3725 4938 substantiam,

2151 4966 2456 5023 secundum
2493 4983 2662 5037 quam
2716 4965 3209 5023 consubstantialis
3249 4973 3336 5020 est
3368 4965 3562 5031 nobis,
3624 4981 3728 5020 nec

2151 5058 2680 5116 consubstantialem
2695 5057 2856 5114 nobis
2869 5056 3176 5113 secundum
3196 5055 3445 5111 eamdem
3464 5071 3527 5110 ac
3540 5055 3685 5110 Patri
3707 5071 3724 5118 ς

2152 5148 2496 5219 impossibile
2529 5156 2615 5204 est
2641 5148 2790 5204 enim
2815 5163 2979 5202 unam
3010 5147 3379 5203 substantiam
3425 5160 3523 5201 seu
3559 5153 3725 5200 natu-

2152 5257 2269 5295 ram
2291 5239 2818 5296 consubstantialem
2834 5255 2955 5295 esse
2971 5239 3084 5294 Deo
3097 5248 3154 5293 et
3180 5237 3526 5303 hominibus;
3551 5237 3646 5291 sed
3670 5238 3732 5292 in

2153 5348 2262 5386 una
2295 5332 2576 5403 hypostasi
2625 5331 2747 5385 dure
2801 5337 3014 5386 natura:
3059 5334 3437 5398 agnoscuntur
3488 5342 3725 5395 quarum

2154 5441 2262 5479 una
2285 5423 2596 5478 communis
2626 5429 2712 5476 est
2746 5437 2871 5475 cum
2898 5421 3076 5484 Patre,
3108 5420 3389 5486 alteraque
3415 5416 3724 5472 nobiscum.

2152 5517 2223 5573 Ut
2246 5526 2430 5573 autem
2456 5513 2644 5569 sciatis
2667 5528 2830 5582 quam
2873 5509 3284 5566 confessionem
3330 5515 3602 5571 tenentes,
3639 5524 3729 5562 ca-

2153 5609 2376 5665 tholicae
2398 5615 2455 5662 et
2480 5605 2795 5676 apostolica:
2824 5602 3081 5659 Ecclesiae
3113 5600 3496 5670 obsequimur,
3523 5616 3643 5655 eam
3672 5600 3728 5653 in

2154 5702 2433 5772 capitibus
2459 5699 2706 5753 breviter
2731 5702 3072 5766 exponentes
3115 5692 3276 5747 vobis
3308 5701 3472 5762 atque
3501 5709 3600 5764 per
3632 5708 3730 5745 vos

2156 5795 2264 5848 illis
2304 5793 2395 5863 qui
2441 5789 2802 5845 monasticam
2838 5787 3004 5842 vitam
3060 5784 3407 5840 Alexandria:
3453 5783 3540 5842 vei
3580 5783 3726 5843 circa

2157 5888 2304 5943 illam
2343 5883 2648 5952 amplexari
2683 5889 2833 5948 sunt,
2860 5881 3064 5937 claram
3090 5887 3410 5934 statuemus.
