4148 6460
467 415 604 482 1143

1553 415 1995 481 JUSTINIANI
2035 418 2562 482 IMPERATORIS

3595 426 3740 493 1144

531 531 574 586 1.
611 531 672 588 Si
710 531 835 602 quis
865 545 975 585 non
1003 531 1301 585 conﬁtetur
1325 539 1531 586 sanctae
1559 529 1851 585 Trinitatis
1876 545 2034 583 unam

2218 529 2299 584 A'.
2360 531 2428 583 El.’
2460 549 2543 594 τις
2577 531 2673 601 οὑχ
2703 532 2961 602 ὁμολογεῖ
3000 533 3101 604 τῆς
3143 534 3306 603 ἀγίας
3331 534 3564 604 Τριάδος
3608 538 3741 607 μίαν

462 625 854 689 substantiam,
913 622 1127 678 scilicet
1151 630 1404 677 naturam
1431 630 1488 677 et
1531 621 1928 686 divinitatem,
1989 621 2046 676 in

464 719 643 773 tribus
669 717 1058 788 hypostasibus
1082 717 1167 771 vel
1203 715 1478 786 personis,
1520 714 1735 770 scilicet
1775 714 1832 768 in
1859 714 2042 779 Patre,

458 820 515 865 et
559 810 716 874 Filio,
752 819 809 865 et
831 809 1047 880 Spiritu
1095 819 1293 866 sancto
1345 807 1706 872 adorandum,
1748 806 2046 862 anathema

458 904 553 957 sit.

527 995 591 1049 ll.
633 994 688 1049 Si
721 995 847 1064 quis
880 993 1088 1048 dixerit
1125 994 1299 1048 Deum
1332 994 1575 1049 Verbum
1619 992 1736 1047 sive
1771 991 2042 1062 Spiritum

455 1097 709 1142 sanctum
742 1094 1062 1142 creaturam
1087 1101 1230 1150 esse,
1260 1086 1345 1140 vel
1370 1086 1505 1140 alias
1530 1085 1874 1142 substantias
1896 1100 2041 1156 prae-

457 1195 540 1235 ter
561 1180 929 1234 substantiam
957 1178 1157 1243 Patris,
1188 1178 1482 1232 anathema
1509 1178 1601 1234 sit.

525 1275 608 1328 lll.
631 1273 687 1327 Si
705 1273 829 1343 quis
846 1271 1319 1326 dixeriteumdem
1337 1286 1460 1326 esse
1476 1271 1722 1335 Patrem,
1739 1280 1797 1326 et
1816 1270 2039 1334 Filium,

454 1367 796 1436 etSpiritum
851 1375 1125 1430 sanctum,
1175 1380 1340 1419 unam
1385 1379 1683 1434 personam
1721 1378 2040 1434 supponens

458 1460 714 1528 pluribus
744 1457 1089 1522 nominibus,
1126 1470 1403 1523 unamque
1437 1453 1778 1526 hypestasim
1803 1451 1907 1506 sub
1937 1451 2034 1506 tri.

457 1551 562 1606 bus
588 1549 1059 1620 appellationibus
1111 1547 1446 1612 invocatam,
1488 1546 1639 1600 hunc
1671 1545 1726 1599 in
1755 1554 1908 1614 parte
1949 1543 2040 1599 Juo

453 1644 703 1698 dil‘Ol‘lllll
731 1641 989 1711 ponimus
1025 1649 1192 1709 atque
1224 1637 1780 1694 anathematizamus.
1823 1674 1833 1691 ι

525 1736 612 1790 IV.
646 1735 702 1789 Si
753 1734 880 1804 quis
914 1749 1024 1788 non
1057 1731 1352 1787 conﬁtetur
1400 1732 1567 1784 unius
1621 1745 1870 1800 personae
1913 1730 2036 1783 uni-

2147 624 2369 691 ούσίαν,
2403 624 2660 678 τουτέστι
2702 625 2867 695 φύσιν
2895 627 2991 680 καὶ
3018 626 3272 698 θεότητα,
3310 629 3368 680 ἐν
3399 630 3581 698 τρισὶν
3605 629 3742 683 ὑπο-

2149 716 2432 781 στάσεσιν,
2483 717 2648 786 ἦτουν
2686 715 3033 785 προσώποις,
3069 720 3208 791 ὅπερ
3249 719 3399 773 ἐστὶν
3438 721 3498 773 ἐν
3535 723 3740 792 Πατρὶ,

2145 807 2238 860 καὶ
2261 807 2502 878 Υἱῷ,καὶ
2529 809 2669 879 ἁγίῳ
2691 809 2973 881 Πνεύματι
2999 813 3446 885 προσκυνεῖσθαι,
3475 815 3730 886 ἀνάθεμα

2144 898 2306 953 ἔστω.

2217 992 2292 1048 B'.
2348 994 2418 1047 Εῖ
2448 1013 2534 1059 τις
2565 995 2720 1063 λέγει
2756 998 2849 1051 τὸν
2885 996 3020 1051 Θεὸν
3053 999 3227 1069 Λόγον
3260 1000 3293 1071 ἢ
3327 1000 3389 1054 τὸ
3411 1000 3642 1074 Πνεῦμα
3677 1004 3739 1057 τὸ

2143 1087 2300 1155 ἅγιον
2353 1087 2561 1158 κτίσμα
2606 1087 2788 1155 εἶναι,
2861 1090 2894 1160 ἢ
2959 1091 3158 1163 ἑτέρας
3195 1093 3388 1158 ούσίας
3434 1096 3591 1168 παρὰ
3635 1097 3737 1168 τὴν

2142 1176 2236 1230 τοῦ
2266 1178 2502 1248 Πατρὸς,
2540 1179 2794 1250 ἀνάθεμα
2819 1181 2983 1236 ἔστω.

2213 1267 2289 1325 Γ’.
2341 1271 2407 1322 Ei
2437 1288 2521 1333 τις
2559 1271 2650 1324 τὸν
2687 1272 2849 1326 αὑτὸν
2885 1273 3034 1342 λέγει
3073 1276 3322 1348 Πατέρα,
3349 1279 3445 1333 καὶ
3479 1280 3609 1334 Υίὸν
3642 1281 3736 1334 καὶ

2142 1361 2297 1430 ἅγιον
2334 1361 2585 1430 Πνεῦμα,
2623 1363 2680 1418 ἓν
2729 1365 3027 1435 πρόσωπον
3069 1369 3430 1442 πολυώνυμον
3475 1373 3734 1428 ὑποτιθέ-

2145 1471 2308 1524 μενος
2330 1495 2345 1520 ,
2397 1457 2494 1510 καὶ
2531 1456 2661 1527 μίαν
2689 1457 2991 1514 ὑπόστασιν
3028 1461 3135 1515 ὑπὸ
3167 1463 3336 1533 τριῶν
3361 1465 3610 1536 κλήσεων
3640 1468 3734 1520 ἐκ·

2140 1549 2519 1619 φωνουμένην,
2539 1549 2633 1603 τὸν
2661 1549 2904 1605 τοιοῦτον
2936 1553 2994 1607 ἐν
3015 1556 3080 1624 τῇ
3112 1556 3294 1626 μερίδι
3323 1558 3434 1612 τῶν
3459 1560 3736 1614 Ἰουδαίων

2137 1639 2414 1711 τάσσομεν
2444 1645 2540 1693 καὶ
2569 1640 3067 1713 ἀναθεματίζομεν.

2209 1734 2281 1785 A'.
2303 1731 2467 1797 Είτις
2493 1734 2566 1804 μὴ
2583 1734 2840 1802 ὁμολογεῖ
2853 1735 2945 1789 τοῦ
2965 1737 3084 1800 ἐνὸς
3109 1737 3410 1810 προσώπου
3445 1740 3542 1793 τοῦ
3570 1758 3734 1811 μονο-

451 1827 620 1897 geniti
650 1826 773 1881 Filii
802 1825 897 1880 Dei
933 1835 988 1880 et
1023 1823 1242 1879 Domini
1283 1823 1461 1877 nostri
1497 1822 1627 1877 Jcsu
1658 1821 1864 1877 Christi
1897 1819 2034 1875 duas

2137 1825 2475 1894 γενοῦςΥίοῦ
2497 1828 2590 1882 τοῦ
2608 1827 2745 1882 Θεοῦ
2776 1832 2870 1882 καὶ
2889 1830 3094 1901 Κυρίου
3117 1831 3149 1900 ἡ
3159 1831 3275 1899 μῶν
3291 1831 3468 1902 Ἰησοῦ
3490 1833 3732 1904 Χριστοῦ

450 1937 574 1976 esse
605 1919 948 1982 nativitates,
981 1932 1146 1971 unam
1195 1915 1523 1970 arternitatis
1545 1930 1611 1968 cx
1637 1914 1800 1967 Patre
1829 1927 2034 1968 secun-

2138 1919 2238 1982 τάς
2275 1919 2370 1972 δύο
2413 1921 2702 1990 γεννήσεις
2748 1922 3056 1991 ὑπάρχειν,
3122 1921 3228 1994 τήν
3276 1940 3338 1976 τε
3390 1922 3488 1976 τοῦ
3531 1925 3735 1989 αἰῶνος

449 2017 582 2069 dum
637 2012 1008 2075 divinitatem,
1048 2010 1412 2078 alteramque,
1465 2023 1587 2076 quce
1637 2006 1780 2060 facta
1843 2015 1928 2060 est
1979 2005 2034 2059 in

449 2105 752 2161 novissimo
793 2103 1012 2159 dierum
1045 2117 1114 2156 ex
1157 2109 1346 2154 sancta
1373 2099 1598 2169 Virgine
1626 2098 1837 2167 Deique
1867 2097 2037 2152 Matre

449 2201 621 2256 Maria
671 2198 981 2254 secundum
1063 2197 1488 2256 humanitatem,
1568 2193 1863 2262 ipsumque
1911 2207 2034 2246 esse

451 2309 622 2348 unum
658 2300 863 2348 sanctae
894 2287 1279 2352 Trinitatis,id
1306 2296 1392 2340 est
1420 2300 1584 2339 unam
1600 2283 1938 2355 hypostasim
1964 2297 2033 2337 ex

450 2385 629 2439 tribus
658 2380 1068 2454 hypostasibus,
1115 2378 1408 2432 anathema
1445 2375 1538 2430 sit.

523 2480 585 2531 ν.
607 2477 663 2533 Si
688 2477 813 2546 quis
868 2461 978 2530 non
1011 2472 1310 2527 conﬁtetur
1360 2468 1460 2523 Dei
1488 2481 1610 2522 esse
1635 2468 1864 2522 Matrem
1895 2481 2032 2521 san-

447 2583 592 2628 ctam
621 2571 917 2642 gloriosam
947 2578 1278 2637 semperque
1303 2562 1586 2634 Virginem
1617 2560 1865 2628 Mariam,
1904 2574 2036 2614 ana-

451 2668 635 2722 thema
668 2665 759 2718 sit.
825 2675 836 2685 '

521 2760 612 2815 Vl.
641 2758 698 2814 Si
753 2759 876 2827 quis
907 2753 1132 2809 adducit
1161 2752 1302 2807 duos
1328 2749 1493 2810 ﬁlios.
1517 2763 1688 2803 unum
1716 2747 1938 2818 quidem
1970 2763 2036 2802 ex

451 2855 564 2910 Deo
599 2863 654 2907 et
685 2852 870 2914 Patre,
936 2856 993 2902 et
1037 2847 1277 2900 alterum
1338 2858 1404 2898 ex
1434 2841 1628 2906 Matre,
1671 2839 1786 2895 sive
1835 2837 2038 2892 dixerit

447 2945 638 3000 Jesum
671 2951 732 2996 ut
775 2938 1058 2994 hominem
1083 2935 1413 3005 inspiratum
1448 2932 1642 2997 fuisse,
1695 2929 2036 3001 gloriamque

453 3033 735 3108 Unigeniti
785 3048 912 3088 eum
943 3026 1404 3090 circumdedisse,
1461 3033 1523 3080 ut
1551 3024 1785 3079 alterum
1826 3023 1915 3077 cui
1953 3021 2037 3076 af-

450 3131 744 3194 fuisset,eo
763 3124 929 3180 modo
946 3137 1057 3193 quo
1071 3120 1277 3176 Paulus
1301 3114 2037 3179 Samosatenus,Nestorius-

2137 2013 2202 2065 ὲκ
2231 2011 2327 2065 τοῦ
2357 2012 2572 2084 Πατρὸς
2619 2014 2762 2068 κατὰ
2798 2014 2896 2085 τὴν
2924 2015 3161 2086 θεότητα
3196 2015 3292 2068 καὶ
3319 2016 3419 2088 τὴν
3451 2017 3540 2069 ἐπ’
3563 2018 3732 2086 ἐσχά-

2137 2121 2232 2156 του
2272 2105 2381 2157 τῶν
2422 2105 2649 2177 ἡμερῶν
2693 2103 2790 2160 τοῦ
2825 2107 2989 2160 αὑτοῦ
3024 2110 3090 2160 ἐκ
3121 2110 3221 2179 τῆς
3255 2108 3419 2176 ἁγίας
3447 2109 3730 2180 Παρθένου

2138 2199 2231 2251 καὶ
2259 2196 2526 2250 Θεοτὸκου
2563 2199 2783 2268 Μαρίας
2839 2200 2983 2253 κατά
3029 2199 3128 2271 τὴν
3159 2200 3589 2272 ἀνθρωπότητα,
3634 2203 3732 2257 καὶ

2138 2289 2304 2343 αὑτὸν
2338 2286 2480 2344 εἶναι
2509 2291 2607 2346 ἕνα
2642 2291 2745 2361 τῆς
2776 2293 2938 2360 ἁγίας
2961 2292 3229 2363 Τριάδος,
3279 2294 3562 2348 τουτέστιν
3596 2295 3730 2365 μίαν

2138 2383 2436 2436 ὑπόστασιν
2462 2384 2528 2436 ἐκ
2551 2383 2662 2436 τῶν
2689 2385 2859 2454 τριῶν
2882 2385 3263 2448 ὑποστάσεων,
3286 2385 3539 2456 ἀνάθεμα
3563 2388 3725 2442 ἔστω.

2210 2476 2284 2530 Ε’.
2341 2476 2409 2528 Et
2447 2493 2532 2538 τις
2574 2477 2676 2546 οὐχ
2710 2476 2968 2546 ὁμολογεῖ
3001 2478 3268 2532 Θεοτόκον
3310 2480 3410 2550 τὴν
3445 2480 3607 2551 ἁγίαν
3638 2481 3726 2538 ἐν·

2136 2567 2287 2636 δοξον
2318 2567 2684 2639 ἁειπάρθενον
2713 2570 2960 2642 Μαρίαν,
2997 2571 3252 2644 ἀνάθεμα
3278 2572 3444 2630 ἔστω.

2211 2752 2303 2816 ς’.
2328 2749 2396 2802 Et
2420 2767 2506 2814 τις
2532 2749 2749 2818 εἰσάγει
2778 2749 2873 2804 δύο
2894 2750 3082 2813 Υίοὺς,
3112 2751 3211 2803 ἕνα
3245 2750 3342 2820 μὲν
3370 2751 3465 2806 τὸν
3495 2753 3559 2806 ἐκ
3585 2751 3723 2807 Θεοῦ

2136 2839 2235 2894 καὶ
2272 2835 2520 2911 Πατρὸς,
2570 2839 2758 2910 ἕτερον
2787 2839 2844 2893 δὲ
2877 2841 2971 2894 τὸν
3001 2842 3066 2894 ὲκ
3097 2840 3198 2910 τῆς
3229 2841 3456 2912 Μητρὸς
3479 2881 3494 2904 ,
3547 2841 3581 2913 ἢ
3628 2842 3725 2895 καὶ

2135 2933 2211 2994 ὡς
2241 2933 2532 3004 ἄνθρωπον
2565 2932 2915 3002 ἐνεργεῖσθαι
2942 2933 3090 3002 λέγει
3117 2933 3208 2986 τὸν
3242 2934 3473 3003 Ἰησοῦν,
3504 2937 3599 2988 καὶ
3621 2937 3724 3006 τὴν

2135 3022 2229 3076 τοῦ
2263 3021 2611 3092 Μονογενοῦς
2643 3022 2890 3087 εὐδοξίαν
2923 3022 3232 3094 περιῆφθαι
3273 3023 3351 3088 ώς
3384 3025 3558 3097 ἑτέρῳ
3590 3027 3722 3096 παρ’

2137 3115 2303 3171 αὑτὸν
2347 3115 2693 3188 ὑπάρχοντι,
2748 3115 3005 3187 καθάπερ
3047 3116 3262 3180 Παῦλος
3302 3119 3331 3170 ὁ
3367 3118 3724 3188 Σαμοσατεὺς

448 3237 557 3294 que
588 3220 995 3291 blasphemant,
1022 3215 1119 3271 sed
1154 3228 1266 3269 non
1301 3226 1475 3266 unum
1512 3207 1881 3276 eumdemque
1908 3222 2032 3262 esse

2139 3209 2234 3263 καὶ
2265 3209 2566 3280 Νεστόριος
2594 3207 3013 3278 βλασφημοῦσιν
3038 3247 3053 3272 ,
3105 3208 3223 3263 ἀλλ’
3255 3209 3353 3280 οὑχ
3379 3210 3476 3264 ἕνα
3506 3211 3600 3264 καὶ
3632 3211 3725 3264 τὸν

447 3313 745 3370 conﬁtetur
779 3311 979 3367 Filium
1039 3305 1386 3378 unigenitum
1433 3304 1609 3360 Deum
1645 3301 1888 3357 Verbum
1924 3300 2034 3356 Do-

2135 3301 2300 3356 αὑτὸν
2346 3302 2606 3372 ὁμολογεῖ
2653 3302 2782 3356 Υἰδν
2831 3301 3099 3372 μονογενῆ
3141 3303 3278 3357 Θεὸν
3308 3304 3483 3372 Λόγον
3517 3303 3726 3375 Κύριον

450 3409 662 3463 minum
693 3404 880 3460 Jesum
910 3401 1218 3465 Christum,
1273 3394 1597 3468 hujusmodi
1659 3393 1728 3449 ab
1776 3393 2035 3449 omnibus

445 3496 782 3554 Christianis
805 3491 1325 3550 anathematizetur.

519 3589 632 3643 Vll.
667 3587 726 3642 Si
774 3585 902 3656 quis
930 3583 1133 3639 dixerit
1156 3581 1316 3653 quasi
1349 3595 1451 3652 per
1497 3579 1748 3635 canalem
1791 3575 2034 3648 Virginis

452 3681 737 3742 transisse,
766 3677 864 3732 sed
916 3693 1028 3731 non
1079 3675 1135 3729 in
1169 3690 1233 3730 ea
1264 3673 1560 3728 formatum
1616 3670 1810 3735 fuisse,
1843 3669 2035 3724 divino

450 3776 615 3832 simul
641 3791 705 3829 ac
737 3773 981 3827 humano
1009 3768 1194 3832 modo,
1244 3765 1435 3822 divino
1479 3764 1705 3835 quidem
1733 3763 1864 3834 quia
1915 3761 2034 3816 sine

449 3870 590 3933 viro,
623 3867 863 3921 humano
890 3877 1022 3918 vero
1046 3860 1178 3932 quia
1205 3859 1323 3930 lege
1349 3856 1758 3930 przegnationis,
1782 3854 2036 3911 similiter

452 3961 800 4019 maledictus.

519 4054 658 4111 Vlll.
687 4054 744 4110 Si
769 4050 896 4124 quis
948 4049 1167 4106 duabus
1218 4042 1475 4117 personis
1527 4040 1614 4096 vel
1646 4037 2034 4111 hypostasibus

451 4145 898 4204 tribueritverba
929 4159 1052 4213 qua:
1073 4142 1335 4210 leguntur
1358 4137 1415 4191 in
1463 4132 1622 4189 libris
1677 4130 2032 4202 evangelicis,

449 4241 534 4295 vel
567 4254 688 4308 quae
734 4235 801 4291 de
830 4233 1053 4290 Christo
1091 4247 1121 4286 a
1152 4228 1361 4285 sanctis
1411 4225 1559 4281 dicta
1619 4232 1770 4290 sunt,
1823 4223 1910 4277 vel
1962 4221 2034 4276 ab

449 4333 570 4399 ipso
599 4328 667 4382 de
700 4341 780 4393 se,
812 4324 1103 4380 anathema
1135 4322 1226 4377 sit.

522 4423 615 4478 ΙΧ.
672 4421 729 4476 Si
777 4419 903 4490 quis
949 4435 1058 4472 non
1115 4416 1414 4472 conﬁtetur
1458 4410 1769 4470 divinitatis
1822 4407 2031 4465 Christi

449 4528 615 4567 unam
645 4525 770 4566 esse
828 4508 1167 4581 hypostasim
1211 4523 1306 4563 seu
1339 4520 1506 4561 unam
1543 4517 1860 4575 personam,
1897 4516 2033 4555 ana-

450 4609 634 4662 thema
664 4604 758 4659 sit.

519 4697 588 4751 Χ.
624 4697 678 4752 Si
707 4695 834 4766 quis
857 4694 994 4749 duas
1022 4703 1249 4748 naturas
1278 4691 1557 4762 Unigeniti
1603 4690 1775 4746 fuisse
1821 4689 2028 4744 dixerit

449 4797 576 4853 ante
604 4788 889 4850 unionem,
931 4801 1094 4840 unam
1116 4801 1251 4841 vero
1285 4793 1410 4856 post
1437 4784 1720 4846 unionem,
1764 4782 2028 4837 divinita-

453 4883 522 4936 tis
553 4880 845 4950 carnisque
867 4877 1040 4948 ipsius
1065 4885 1317 4936 naturam
1353 4876 1596 4942 ﬁnxerit,
1615 4875 1909 4931 anathema
1931 4875 2024 4929 sit.

519 4971 610 5025 Χῐ.
646 4969 703 5025 Si
747 4967 874 5039 quis
903 4984 1014 5024 non
1060 4967 1359 5022 c0nﬁtetur
1399 4966 1538 5022 duas
1597 4978 1826 5022 naturas
1881 4964 2027 5020 divi-

448 5061 638 5116 nitatis
673 5075 740 5115 ac
793 5057 1158 5113 humanitatis
1193 5057 1251 5111 in
1283 5072 1447 5111 unam
1510 5057 1850 5128 hypostasim
1897 5069 2030 5107 con-

447 5153 711 5217 currisse,
745 5167 916 5206 unum
939 5150 1221 5206 Christum
1266 5149 1579 5220 perfectum
1633 5147 1822 5211 fuisse,
1862 5156 2028 5215 atque

451 5246 506 5298 in
545 5244 814 5298 ambabus
837 5241 1052 5298 naturis
1075 5240 1385 5297 inconfusis
1412 5238 1824 5308 individuisque
1847 5237 2026 5307 ipsum

448 5337 691 5407 agnosci,
715 5337 867 5406 juxta
898 5334 1045 5405 quod
1078 5333 1384 5404 perfectum
1417 5332 1474 5386 in
1507 5329 1852 5384 humanitate
1873 5343 2029 5381 eum-

447 5431 573 5483 dem
595 5428 944 5492 conlitemur,
974 5424 1140 5478 unius
1177 5422 1344 5477 etiam
1375 5421 1737 5493 ejusdemque
1758 5416 2027 5473 miracula

445 5534 569 5578 esse
595 5519 896 5583 credimus,
932 5516 1224 5571 anathema
1251 5514 1342 5568 sit.

516 5701 644 5758 Haec
694 5709 824 5757 sunt
877 5715 1001 5771 qua:
1053 5692 1236 5750 divina
1268 5692 1552 5762 Scriptura
1601 5687 1782 5743 cdocti
1812 5700 2024 5743 sumus.

447 5789 578 5846 ll.cc
625 5800 756 5849 sunt
809 5790 1066 5847 Ecclesia:
1104 5784 1394 5841 catholica:
1442 5782 1718 5852 dogmata.
1757 5781 1850 5834 [lae
1899 5789 2028 5834 sunt

454 5884 775 5939 traditiones
828 5881 1072 5944 Patrum,
1107 5875 1392 5932 hominum
1422 5891 1519 5945 pro
1552 5872 1786 5929 diversis
1819 5882 2025 5943 tempu-

2147 3391 2356 3465 Ἰησοῦν
2401 3393 2674 3464 Χριστὸν,
2731 3396 2761 3448 ὁ
2810 3393 3056 3458 τοιοῦτος
3112 3393 3266 3466 παρά
3313 3394 3536 3450 πάντων
3577 3397 3720 3468 Χρι-

2137 3485 2371 3540 στιανῶν
2403 3485 2922 3558 ἀναθεματιζέσθω.

2205 3579 2279 3632 Ζ¹.
2343 3577 2412 3631 Et
2454 3595 2540 3642 τις
2589 3578 2666 3642 ὡς
2713 3577 2804 3632 διὰ
2847 3577 3092 3648 σωλῆνος
3137 3577 3238 3646 τῆς
3278 3577 3562 3648 Παρθένου
3603 3579 3725 3632 δια-

2134 3667 2368 3739 δραμεῖν
2388 3706 2404 3732 ,
2455 3667 2596 3723 ἀλλά
2629 3667 2704 3740 μὴ
2735 3669 2794 3723 ὲν
2820 3669 2959 3741 αὑτῇ
2989 3668 3395 3723 διαπεπλάσθαι
3421 3668 3595 3738 λέγει,
3631 3669 3723 3724 θε-

2132 3759 2271 3825 ῖκῶς
2296 3777 2358 3812 τε
2388 3759 2506 3831 ἅμα
2537 3760 2634 3814 καὶ
2661 3759 3046 3831 ἀνθρωπίνως,
3083 3759 3285 3824 θεῖκῶς
3315 3758 3416 3830 μὲν
3446 3762 3529 3815 ὅτι
3555 3760 3726 3832 χωρὶς

2135 3849 2363 3922 ἀνδρὸς,
2413 3850 2780 3923 ἀνθρωπίνως
2805 3851 2862 3905 δὲ
2890 3852 2974 3906 ὅτι
3003 3851 3156 3923 νόμῳ
3182 3852 3440 3924 κυήσεως
3458 3895 3475 3920 ,
3519 3851 3727 3924 ὁμοίως

2134 3939 2313 4003 ἄθεος.

2207 4032 2291 4088 H'.
2349 4032 2418 4086 Εἴ
2456 4049 2542 4098 τις
2589 4031 2911 4106 προσώποις
2951 4033 3136 4100 δυσὶν,
3182 4036 3302 4104 ἢτοι
3332 4035 3723 4100 ὑποστάσεσιν,

2133 4126 2236 4190 τὰς
2285 4126 2346 4180 ὲν
2392 4128 2510 4192 τοῖς
2558 4126 2948 4195 εὑαγγελικοτς
2994 4127 3430 4198 συγγράμμασιν
3474 4127 3724 4199 διανέμει

2137 4218 2352 4291 φωνὰς,
2402 4219 2436 4291 ἦ
2481 4218 2576 4273 ἐπὶ
2613 4219 2839 4290 Χριστῷ
2873 4219 3027 4290 παρὰ
3055 4221 3165 4274 τῶν
3197 4220 3370 4290 ἁγίων
3395 4219 3724 4293 λεγομένας,

2135 4313 2169 4384 ἢ
2205 4312 2338 4385 παρ’
2366 4312 2542 4366 αὑτοῦ
2576 4315 2710 4384 περὶ
2736 4312 2927 4377 αὑτοῦ,
2965 4313 3218 4385 ἀνάθεμα
3242 4313 3407 4370 ἔστω.

2206 4405 2284 4461 Θ¹.
2329 4405 2398 4459 EI
2423 4423 2506 4469 τις
2538 4406 2639 4476 οὑχ
2667 4405 2925 4476 ὁμολογεῖ
2958 4406 3060 4476 τῆς
3087 4406 3344 4478 θεότητος
3374 4406 3472 4461 καὶ
3499 4408 3599 4478 τῆς
3623 4407 3722 4461 ἀνο

2137 4495 2494 4568 θρωπότητος
2528 4495 2625 4550 τοῦ
2657 4495 2900 4568 Χριστοῦ
2938 4497 3068 4567 μίαν
3095 4492 3236 4551 εἶναι
3264 4497 3364 4569 τὴν
3394 4498 3720 4563 ὑπόστασιν,

2064 4600 2108 4654 D
2138 4589 2254 4659 ἤτοι
2290 4587 2348 4641 ἓν
2378 4587 2693 4658 πρόσωπον,
2723 4587 2978 4659 ἀνάθεμα
3005 4588 3166 4643 ἔστω.

2200 4681 2255 4736 ι’.
2290 4680 2357 4734 Εἴ
2375 4699 2460 4744 τις
2484 4680 2580 4735 δύο
2608 4681 2800 4750 φύσεις
2823 4681 2920 4734 τοῦ
2947 4680 3290 4749 Μονογενοῦς
3317 4679 3469 4749 λέγει
3493 4681 3600 4752 πρὸ
3619 4681 3721 4750 τῆς

2131 4772 2402 4837 ἑνώσεως,
2441 4773 2572 4844 μίαν
2596 4773 2654 4827 δὲ
2687 4775 2828 4845 μετά
2850 4773 2948 4846 τὴν
2973 4773 3191 4838 ἕνωσιν,
3219 4775 3315 4844 τῆς
3339 4773 3596 4844 θεότητος
3623 4773 3719 4827 καὶ

2127 4866 2230 4937 τῆς
2259 4865 2464 4936 σαρκὸς
2490 4865 2658 4920 αὑτοῦ
2687 4865 2854 4936 φύσιν
2880 4866 3241 4931 ἀναπλάττει,
3274 4865 3527 4936 ἀνάθεμα
3551 4867 3714 4920 ἔστω.

2197 4958 2301 5012 lA'.
2361 4959 2426 5012 Εῐ
2455 4975 2541 5021 τις
2580 4959 2681 5028 οὐχ
2706 4958 2966 5029 ὁμολογεῖ
2993 4958 3092 5022 τὰς
3122 4957 3219 5011 δύο
3247 4957 3443 5028 φύσεις
3471 4957 3570 5028 τῆς
3596 4957 3718 5011 θεόσ

2127 5063 2291 5120 τητος
2341 5049 2437 5102 καὶ
2479 5051 2582 5120 τῆς
2623 5049 3052 5121 ἀνθρωπότητος
3113 5052 3193 5113 είς
3243 5049 3374 5120 μίαν
3413 5050 3718 5104 ὑπόστασιν

2129 5141 2461 5214 συνδραμεῖν
2487 5179 2503 5206 ,
2557 5141 2657 5195 ἕνα
2697 5159 2758 5195 τε
2803 5141 2896 5196 τὸν
2937 5143 3178 5214 Χριστόν
3221 5142 3584 5206 ἀποτελέσαι,
3620 5141 3718 5196 καὶ

2128 5234 2189 5286 ἐν
2222 5233 2566 5304 ἀμφοτέραις
2593 5235 2714 5297 ταῖς
2741 5233 2972 5303 φύσεσιν
3000 5233 3334 5304 ἀσυγχύτοις
3361 5236 3460 5288 καὶ
3481 5233 3717 5305 ἀδιαιρέ·

2128 5334 2243 5384 τοις
2274 5322 2441 5376 αὑτὸν
2466 5323 2859 5396 γνωρίζεσθαι,
2891 5326 3015 5378 καθ’
3038 5324 3068 5378 ὃ
3097 5325 3307 5378 τέλειον
3337 5326 3396 5378 ὲν
3425 5325 3716 5397 ἀνθρωπό-

2128 5431 2252 5486 τητι
2284 5414 2376 5468 τὸν
2405 5415 2571 5470 αὑτὸν
2601 5415 3003 5488 ὁμολογοῦμεν,
3039 5417 3136 5472 καὶ
3161 5417 3280 5481 ἐνὸς
3305 5418 3405 5471 καὶ
3428 5417 3522 5472 τοῦ
3545 5417 3715 5472 αὑτοῦ

2127 5506 2198 5560 τά
2229 5505 2486 5577 θαύματα
2519 5509 2615 5563 καὶ
2642 5508 2710 5562 τά
2736 5509 2888 5581 πάθη
2912 5504 3054 5564 εἶναι
3081 5507 3442 5581 πιστεύομεν,
3465 5511 3716 5582 ἀνάθεμα

2128 5597 2290 5652 ἔστω.

2197 5688 2387 5746 Ταῦτά
2433 5691 2584 5745 ἐστιν
2642 5691 2679 5746 ἃ
2731 5693 2885 5763 ποιρά
2931 5692 3032 5764 τῆς
3075 5693 3228 5755 θείας
3270 5695 3498 5766 Γραφῆς
3540 5693 3717 5748 ἐδιδάυ

2129 5781 2378 5852 χθημεν·
2435 5783 2613 5836 ταῦτα
2656 5787 2758 5855 τῆς
2802 5783 3097 5856 καθολικῆς
3131 5785 3460 5858 Ἐκκλησίας
3516 5788 3587 5840 τὰ
3626 5786 3713 5839 δό-

2131 5891 2349 5946 γματαο
2385 5871 2544 5930 αὗται
2586 5876 2697 5933 τῶν
2737 5877 3002 5953 Πατέρων
3045 5879 3100 5932 αί
3128 5879 3481 5953 παραδόσεις,
3513 5878 3622 5935 τῶν
3649 5894 3708 5934 τε
