4148 6482
480 426 618 492 1145

1450 422 1818 486 EPISTOLA
1857 421 2300 485 DOGMATICA
2338 424 2442 487 AD
2479 423 2795 486 ZOILUM.

3613 421 3752 485 1146

474 537 617 594 κατὰ
655 534 849 608 καιρὸν
900 535 960 588 ἐν
1003 535 1069 604 τῇ
1111 534 1246 606 άγίᾳ
1284 533 1380 587 τοῦ
1417 534 1552 588 Θεοῦ
1598 534 1901 605 Ἐκκλησία
1941 533 2058 586 δια-

2166 535 2316 590 ribus
2339 535 2398 589 in
2425 543 2614 590 sancta
2641 534 2735 590 Dei
2759 533 3006 589 Ecclesia
3028 531 3484 604 praecellentium,
3505 531 3754 586 illorum-

469 629 839 702 πρεψάντων,
894 627 989 681 καὶ
1037 626 1150 680 τῶν
1193 629 1250 680 ἐν
1291 630 1413 691 ταῖς
1457 626 1646 695 ἁγίαις
1677 627 1936 696 τέτρασιν
1970 642 2064 693 γε·

470 723 720 794 νομένων
769 721 1035 787 συνόδοις,
1066 721 1177 774 τῶν
1220 721 1552 790 τριακοσίων
1603 721 1738 774 δέκα
1785 721 1876 774 καὶ
1918 720 2064 773 ὀκτὼ

469 816 581 870 τῶν
623 818 681 869 ὲν
719 815 980 885 Νικαίῳ,
1033 815 1131 868 καὶ
1173 815 1284 868 τῶν
1328 815 1527 868 ἑκατὸν
1569 814 1912 886 πεντήκοντα
1953 812 2064 866 τῶν

471 911 529 963 ὲν
557 907 1123 972 Κωνσταντινοπόλει,
1161 907 1260 962 καὶ
1285 909 1392 962 τῶν
1417 909 1475 960 ὲν
1505 908 1720 978 Ἐφέσῳ
1744 906 1886 960 κατὰ
1912 905 2065 976 πρώ-

469 1020 574 1071 την
598 1002 755 1068 τάξιν
787 1001 1225 1073 συνειλεγμένων
1252 1001 1567 1066 διακοσίων,
1592 1003 1687 1054 καὶ
1711 999 1820 1054 τῶν
1848 1003 1904 1053 ἐν
1925 1000 2066 1053 Χαλ-

473 1092 659 1163 κηδόνι
717 1091 1021 1159 ἑξακοσίων
1071 1093 1408 1163 τριάκοντα.
1463 1093 1663 1156 οἵτινες
1709 1093 1876 1164 νόμος
1911 1092 2064 1156 ὄντες

471 1185 572 1256 τῆς
601 1184 957 1256 Ἐκκλησίας,
992 1187 1122 1250 τοὺς
1150 1185 1294 1240 κατὰ
1320 1186 1513 1256 καιρὸν
1542 1186 1892 1256 ἀναφυέντας
1916 1186 2065 1258 αἱρε-

472 1277 694 1342 τικοὺς,
749 1276 845 1330 καὶ
889 1274 961 1330 τὰ
1017 1275 1244 1331 ἐκείνων
1294 1277 1512 1349 μυσερὰ
1571 1277 1825 1349 δόγματα
1863 1282 1929 1350 τῇ
1965 1277 2062 1332 τοῦ

475 1369 633 1440 άγίου
656 1368 795 1423 ῐΙνεύ
805 1387 974 1441 ματος
1000 1370 1295 1442 συνεργεία
1321 1371 1421 1442 τῆς
1437 1371 1763 1443 Ἐκκλησίας
1783 1371 2060 1437 ἐξέϐαλον.

475 1465 539 1516 Οἱ
581 1463 638 1516 δὲ
682 1461 782 1530 τῆς
821 1461 1108 1525 εὐσεϐείας
1142 1461 1349 1534 ἐχθροὶ,
1379 1462 1479 1534 τὴν
1510 1463 1820 1534 ὲπισπορὰν
1845 1464 1955 1516 τῶν
1981 1465 2062 1528 ζι-

476 1554 676 1620 ζανίων
720 1553 816 1607 τοῦ
857 1553 1112 1607 διαϐόλου
1162 1555 1521 1625 κατέχοντες,
1568 1556 1807 1619 καὶτοῖς
1834 1556 2064 1624 ἀγαθοῖς

478 1644 791 1715 σπέρμασιν
821 1643 1141 1699 ἀκολουθεῖν
1173 1643 1250 1715 μὴ
1279 1645 1619 1716 βουλόμενοι,
1651 1646 1739 1700 ἀεὶ
1764 1646 1823 1699 δὲ
1851 1663 2064 1718 προφαο

478 1736 797 1806 σιζόμενοι,
864 1737 1069 1802 παντὸς
1124 1738 1461 1807 ἀποροῦντες
1513 1738 1715 1808 λόγου,
1775 1739 1856 1804 εἰς
1902 1738 2062 1794 τοῦτο

477 1825 925 1894 καταφεύγουσιν
947 1826 1007 1880 τὸ
1031 1827 1214 1897 λέγειν
1235 1830 1725 1902 πατροπαράδοτον
1749 1831 1895 1902 ἔχειν
1915 1831 2061 1885 διδα-

479 1915 734 1980 σκαλίαν,
781 1917 878 1970 καὶ
909 1915 1118 1988 ταύτην
1147 1918 1437 1974 ἀπολιπεῖν
1469 1921 1545 1992 μὴ
1572 1920 1856 1988 δύνασθαι,
1888 1923 2062 1976 πατέ-

482 2026 580 2078 ρας
607 2009 844 2079 ἔχοντες,
891 2011 940 2062 οἱ
985 2009 1084 2080 μὲν
1129 2011 1237 2065 ἀπὸ
1267 2013 1568 2084 Νεστορίου
1609 2014 1825 2068 Παῠλόν
1852 2033 1934 2081 τε,
1972 2017 2067 2071 καὶ

478 2100 776 2167 Φωτεινὸν,
829 2101 925 2155 καὶ
974 2101 1338 2172 Μάρκελλον,
1397 2105 1494 2157 καὶ
1545 2105 1674 2168 τοὺς
1721 2105 1791 2159 τά
1838 2107 2067 2160 ἐκείνων

480 2193 891 2262 φρονήσαντας
922 2194 970 2246 οἱ
997 2193 1054 2246 δὲ
1083 2194 1376 2264 Ἀκέφαλοι
1407 2195 1657 2267 Εὐτυχέα
1683 2213 1766 2261 τε,
1797 2197 1892 2249 καὶ
1913 2197 2068 2250 Διόσ-

480 2302 664 2356 κορον,
696 2286 793 2340 καὶ
821 2286 1094 2357 Τιμόθεον
1122 2287 1213 2341 τὸν
1240 2289 1524 2360 Αῖλουρον,
1557 2291 1650 2343 καὶ
1674 2291 1802 2352 τοὺς
1828 2291 1898 2343 τὰ
1919 2290 2067 2343 ὲκεί-

480 2393 587 2428 νων
609 2377 1020 2448 φρονήσανταςο
1050 2377 1100 2430 οἳ
1125 2380 1190 2451 τῇ
1208 2378 1464 2434 Ἀπολινα
1474 2380 1614 2450 ρίου,
1641 2380 1737 2434 καὶ
1755 2382 2062 2453 Μανιχαίου

481 2471 577 2524 καὶ
627 2470 951 2526 Βαλεντίνου
1008 2472 1178 2545 μανίᾳ
1236 2472 1672 2545 ἠκολουθηκότες
1720 2474 2064 2547 ἐδείχθησαν.

482 2563 546 2617 Οἱ
572 2559 666 2618 οὖν
698 2563 876 2619 ταῦτα
898 2565 1154 2635 λέγοντες
1175 2609 1191 2633 ,
1244 2566 1363 2632 πῶς
1399 2567 1691 2632 Ἰουδαίους
1718 2586 1780 2622 τε
1815 2569 1912 2624 καὶ
1935 2571 2064 2624 ’Ἑλ-

478 2654 649 2725 ληνας
671 2657 812 2728 πρὸς
833 2657 1265 2729 Χριστιανισμὺν
1286 2659 1670 2732 δδηγήσουσιν,
1685 2660 1753 2714 τά
1776 2663 2068 2735 παραπλή-

483 2765 577 2803 σια
621 2748 842 2813 τούτοις
884 2741 1325 2822 προϐαλλόμενοι
1368 2752 1466 2805 καὶ
1497 2753 1775 2822 λέγοντες,
1812 2756 1872 2809 οὐ
1905 2755 2066 2826 μόνον

481 2841 994 2914 πατροπαράδοτον,
1029 2841 1168 2896 ἀλλὰ
1198 2845 1294 2896 καὶ
1324 2844 1509 2915 πολλῷ
1536 2845 1742 2900 τούτων
1769 2847 2065 2903 παλαιοτέ-

483 2948 584 3002 ραν
629 2932 937 3003 κεκτῆσθαι
985 2933 1086 3004 τὴν
1129 2933 1420 3000 ἀσέϐειανς
1472 2935 1636 2988 Ὅθεν
1677 2937 2066 3009 προτρέπομεν

479 3022 580 3094 τὴν
611 3022 890 3096 ὑμετέραν
920 3024 1205 3094 θεοφιλίαν
1247 3025 1732 3100 διαμαρτύρασθαι
1766 3030 1945 3084 πάντα
1971 3031 2066 3084 ἇν-

479 3113 703 3184 θρωπον
752 3115 1094 3185 φοϐούμενον
1141 3117 1234 3172 τὸν
1284 3117 1530 3189 Κύριον,
1584 3119 1678 3172 καὶ
1712 3120 1897 3191 κρίσιν
1925 3121 2063 3176 Θεοῦ

2167 645 2276 699 que
2304 629 2360 683 in
2422 639 2664 697 quatuor
2711 627 2964 682 conciliis
3012 625 3220 681 sanctis
3267 633 3752 695 congregatorum,

2170 730 2545 778 trecentorum
2607 720 2798 775 decem
2856 727 2914 774 et
2959 730 3085 774 octo
3139 719 3192 772 in
3250 719 3495 781 Nicaeno,
3528 728 3754 772 centum

2168 815 2569 886 quinquaginta
2596 814 2653 867 in
2691 812 3329 882 Constantinopolitano,
3383 811 3752 865 ducentorum

2168 905 2348 976 prima
2403 905 2651 960 sessione
2696 903 2750 957 in
2815 902 3114 972 Ephesino,
3154 913 3654 970 sexcentorumque
3698 909 3755 955 et

2170 999 2389 1070 triginta
2421 1000 2478 1051 in
2527 995 2988 1060 Chalcedonensi,
3021 994 3115 1065 qui
3143 1010 3268 1047 cum
3297 994 3410 1049 sint
3458 1009 3654 1047 norma
3692 992 3753 1063 (l.

2166 1093 2287 1162 Dei)
2320 1092 2605 1155 Ecclesiae,
2633 1088 2870 1144 diversis
2893 1088 3241 1157 temporibus
3283 1094 3614 1155 apparentes
3639 1086 3754 1139 ha:-

2168 1183 2393 1248 rcticos,
2422 1196 2731 1250 eorumque
2767 1178 2935 1248 impia
2986 1179 3265 1248 dogmata,
3293 1178 3590 1248 adjuvantc
3621 1175 3752 1245 Spi—

2167 1274 2276 1328 ritu
2321 1281 2534 1334 sancto,
2593 1270 2663 1324 ab
2720 1269 2969 1323 Ecclesia
3026 1269 3335 1338 ejccerunt.
3387 1267 3586 1322 Hostes
3616 1281 3753 1322 vero

2167 1363 2472 1436 religionis,
2504 1363 2841 1417 zizaniorum
2875 1377 3063 1416 semen
3095 1360 3434 1414 diabolicum
3458 1360 3751 1421 habentes,

2165 1474 2269 1516 nec
2304 1459 2470 1512 bonis
2496 1456 2803 1511 seminibus
2832 1455 3064 1524 obsequi
3108 1453 3377 1515 volentes,
3411 1468 3630 1520 semper
3656 1467 3755 1505 au-

2165 1559 2276 1604 tem
2299 1565 2494 1604 causas
2529 1548 2823 1618 tingentes,
2854 1559 3046 1599 omnes
3071 1543 3314 1598 rationes
3355 1542 3754 1612 despicientes,

2164 1643 2221 1698 in
2253 1644 2359 1697 hoc
2390 1641 2719 1712 confugiunt
2747 1650 2807 1694 ut
2837 1640 3026 1694 dicant
3054 1654 3114 1694 se
3141 1637 3396 1692 traditam
3424 1653 3470 1711 av
3493 1635 3755 1691 Patribns

2163 1735 2370 1790 habere
2399 1733 2728 1796 doctrinam,
2764 1745 2944 1799 neque
2972 1730 3122 1784 illam
3150 1728 3538 1796 derelinquere
3563 1741 3751 1796 posse,

2165 1831 2296 1886 dum
2331 1830 2523 1884 Patres
2541 1828 2773 1890 habent,
2810 1824 2904 1879 alii
2935 1840 2966 1877 a
2995 1822 3274 1886 Nestorio,
3321 1821 3578 1882 Paulum,
3611 1819 3757 1873 Pho-

2169 1925 2370 1986 tinuln,
2401 1922 2720 1977 Marcellum
2749 1918 3066 1987 similiaque
3104 1916 3428 1986 opinantes;
3488 1911 3754 1982 Accphali

2165 2034 2298 2074 vero
2355 2017 2686 2088 Eutychcm,
2750 2015 3100 2075 Dioscorum,
3156 2009 3513 2064 Timotheum
3568 2004 3753 2059 Felem

2165 2111 2480 2179 similiaque
2517 2108 2845 2178 opinantes;
2879 2104 2974 2160 alii
3013 2111 3200 2158 autem
3253 2097 3603 2170 Apollinarii,
3638 2095 3756 2150 Ma-

2164 2203 2363 2259 nichaei
2390 2201 2778 2270 Valentinique
2815 2197 3042 2253 insaniae
3061 2195 3432 2263 obsequentes
3457 2189 3570 2246 noti
3599 2195 3752 2244 sunt.

2164 2297 2267 2364 Qui
2293 2297 2459 2367 igitur
2493 2295 2566 2350 ita
2610 2295 2825 2355 dicunt,
2860 2290 3141 2360 quomodo
3168 2286 3391 2343 Iudaeos
3416 2284 3754 2350 Graacosque

2165 2390 2233 2444 ad
2255 2387 2740 2444 Christianismum
2771 2384 3073 2447 adducent,
3104 2381 3190 2435 his
3239 2378 3439 2433 similia
3467 2374 3756 2445 proferen—

2166 2490 2250 2534 tes
2286 2486 2450 2546 atque
2480 2483 2794 2530 asserentes
2831 2489 2939 2526 non
2978 2470 3145 2526 modo
3192 2485 3223 2524 a
3271 2466 3536 2522 Patribus
3584 2461 3759 2518 tradi-

2168 2580 2300 2635 tam,
2331 2570 2428 2625 sed
2467 2570 2633 2623 etiam
2668 2568 2843 2621 multo
2886 2566 2998 2620 illis
3043 2562 3420 2632 antiquiorem
3453 2571 3610 2611 suam
3649 2555 3758 2610 im-

2165 2661 2432 2733 pietatem
2463 2658 2696 2714 tenere?
2744 2657 2903 2713 Unale
2948 2655 3280 2710 charitatem
3328 2658 3574 2704 vestram
3625 2645 3760 2700 hor-

2167 2763 2352 2809 tamur
2395 2763 2458 2807 ut
2489 2750 2850 2807 obtestemini
2885 2749 3206 2818 quicunque
3239 2745 3400 2800 timet
3433 2741 3754 2803 Dominum,

2164 2849 2377 2918 Deique
2410 2845 2714 2901 imminens
2747 2842 3048 2914 judicium,
3082 2857 3152 2896 nc
3189 2836 3464 2894 doctrinis
3494 2833 3663 2888 variis
3697 2837 3758 2886 et

2164 2937 2479 3010 peregrinis
2511 2934 2882 2994 abducantur,
2938 2931 3036 2986 sed
3070 2944 3260 2984 veram
3316 2923 3757 2981 immaculatam-

2165 3047 2274 3101 quc
2309 3031 2469 3084 ﬁdem
2497 3026 2704 3090 edocti,
2729 3032 3031 3081 accurrant
3058 3023 3126 3077 ad
3163 3027 3411 3076 sanctam
3437 3016 3535 3071 Dei
3561 3015 3756 3070 catho-

2165 3120 2336 3176 licam
2371 3127 2428 3175 et
2456 3116 2814 3188 apostolicam
2853 3114 3188 3179 Ecclesiam,
3219 3111 3274 3165 in
3293 3125 3402 3179 qua
3433 3106 3626 3164 eadem
3655 3119 3758 3175 per

479 3203 847 3276 ἀναμένοντα,
876 3205 1128 3277 διδαχαῖς
1154 3207 1432 3272 ποικίλαις
1458 3210 1553 3263 καὶ
1577 3209 1759 3276 ξέναις
1784 3211 1860 3282 μὴ
1886 3230 2063 3283 παρα-

2169 3215 2493 3269 universum
2553 3211 2744 3265 orbem
2811 3224 2841 3263 a
2889 3207 2986 3263 Dei
3041 3203 3431 3261 sacerdotibus
3493 3198 3757 3256 doctrina

480 3297 751 3370 φέρεσθαι
770 3339 786 3366 ,
833 3300 973 3356 ἀλλὰ
1001 3300 1429 3372 διδασκομένους
1458 3302 1558 3373 τὴν
1582 3303 1752 3374 ὀρθὴν
1783 3305 1879 3359 καὶ
1903 3304 2062 3374 άμὼο

2171 3304 2478 3378 apostolica
2516 3299 2872 3372 praedicatur.

485 3411 659 3466 μητον
692 3395 913 3461 πίστιν,
951 3395 1316 3469 προστρέχειν
1348 3399 1417 3470 τῇ
1485 3399 1618 3472 ἁγίᾳ⁸
1683 3399 1780 3453 τοῦ
1843 3400 1980 3454 Θεοῦ
2012 3402 2276 3473 καθολικῇ
2328 3400 2424 3454 καὶ
2464 3393 2804 3465 άποστολικῇ
2856 3389 3197 3463 Ἐκκλησία,
3251 3379 3382 3462 ὲνῇ
3434 3379 3751 3456 συμφώνως

479 3493 630 3553 κατά
675 3488 861 3551 «Esau
903 3487 1003 3567 τὴν
1045 3490 1380 3562 οἰκουμένην
1427 3490 1581 3564 παρὰ
1628 3490 1741 3546 τῶν
1785 3492 1879 3546 τοῦ
1923 3492 2061 3548 Θεοῦ
2101 3496 2295 3565 ἱερέων
2324 3493 2359 3564 ἡ
2385 3487 2727 3561 ἁποστολικὴ
2752 3483 3079 3542 διδασκαλία
3107 3479 3467 3556 κηρύττεται.

808 3821 1610 3944 ΙΟΥΣΤΙΝΙΑΝΟΥ
1681 3857 1911 3944 ΤΟΥ
1982 3858 2063 3944 Ε·

2166 3843 2840 3944 ΞΕΒΕΣΤΑΤΟΥ
2915 3837 3454 3936 ΒΑΣΙΛΕΩΣ

649 4027 747 4085 ΕΚ
776 4031 914 4087 ΤΗΣ
949 4033 1131 4090 ΠΡΟΣ
1161 4037 1412 4094 ΖΩΙΛΟΝ
1455 4038 1594 4094 TON
1621 4037 2011 4094 ΔΓΙΩΤΑΤΟΝ
2055 4034 2515 4090 ΠΑΤΡΙΑΡΧΗΝ
2547 4031 3073 4093 ΔΛΕΞΑΝΔΡΕΙΑΣ
3117 4021 3574 4085 ΔΟΓΜΑΤῙΚΗΣ

1847 4134 2237 4191 ΕΠΙΣΤΟΛΗΣ
2278 4131 2382 4205 (ί).

1013 4445 1720 4545 JUSTINIANI
1796 4447 2302 4538 PIISSIMI
2377 4439 3207 4537 IMPERATORIS

680 4636 796 4700 EX
833 4637 1234 4701 EPISTOLA
1287 4638 1773 4702 DOGMATICA
1829 4639 1938 4700 AD
1985 4639 2292 4702 ZOILUM
2347 4636 2906 4700 ALEXANDIUIE
2956 4633 3555 4698 SANCTISSIMUM

1819 4741 2436 4804 PA'l‘llIARCHAM.

1085 4903 1192 4977 (Ea:
1221 4903 1485 4960 Thesauro
1523 4903 1730 4962 Nicctae
1761 4905 2202 4977 Clironiataa,ap.
2233 4906 2356 4974 Mar,
2393 4904 2580 4977 Spicil.
2620 4904 2774 4962 Rom.
2806 4914 2844 4961 t.
2880 4904 2970 4973 IV,
3005 4905 3155 4980 468.)

548 5182 646 5253 Εἷς
692 5183 787 5244 οὗν
824 5191 974 5244 ἐστιν
1014 5189 1043 5243 δ
1082 5189 1356 5262 Χριστὸς,

2096 5064 2167 5080 ~

1407 5190 1511 5244 οὐκ
1559 5191 1919 5264 ἀνῃρημένης
1960 5193 2060 5265 τῆς

2234 5193 2390 5251 Unus
2419 5203 2504 5250 est
2533 5210 2666 5266 ergo
2692 5193 2972 5260 Christus,
3021 5210 3135 5250 non
3179 5192 3398 5248 sublata
3426 5200 3754 5247 naturarum

472 5281 592 5336 τῶν
619 5281 839 5354 φύσεων
865 5284 1130 5354 διαφορᾶς
1158 5283 1247 5337 διὰ
1271 5283 1373 5353 τὴν
1397 5281 1680 5353 ἄφραστον
1706 5284 1930 5352 ἕνωσιν,
1965 5287 2063 5338 Λό-

2175 5286 2496 5342 diﬂ'erentia
2525 5303 2627 5358 per
2661 5287 3004 5343 ineffabilem
3054 5285 3344 5350 unionem,
3368 5285 3610 5341 Verbum
3637 5299 3761 5342 cre-

475 5393 574 5445 γος
599 5375 722 5430 νοού
732 5393 892 5446 μενος
925 5377 1020 5430 καὶ
1046 5375 1334 5447 ἄνθρωπος
1354 5375 1732 5448 θεωρούμενος
1751 5392 1766 5408 ⁸
1802 5375 1927 5430 οὔτε
1956 5378 2066 5450 γάρ

474 5471 510 5538 ὴ
554 5468 751 5534 ἒνωσις
805 5468 1070 5541 σύγχυσιν
1117 5468 1531 5537 ἀπειργάσατο,
1586 5467 1710 5524 οὔτε
1754 5470 1789 5536 ἡ
1829 5469 2067 5541 διαφορά

473 5561 586 5616 τῶν
634 5563 694 5617 ὲν
736 5562 886 5634 αὐτῷ
924 5561 1127 5616 οὐσιῶν
1172 5561 1348 5633 τομὴν
1376 5561 1556 5617 εῑτουν
1582 5561 1852 5634 διαίρεσιν
1882 5563 2066 5617 ἐπιδέ-

548 5714 626 5787 (1)
648 5715 796 5774 Citat
819 5717 925 5800 hoc
958 5716 1808 5800 scriptum“suumjustinianus
1859 5719 1915 5774 in
1931 5717 2064 5800 alio

475 5802 580 5870 suo
604 5789 942 5870 epusculo‘a
969 5787 1131 5870 nobis
1149 5788 1302 5870 edito
1332 5787 1612 5870 Coll._vat.
1642 5788 1821 5870 t._Vll,
1851 5805 1905 5860 p.
1930 5789 2056 5844 509.

472 5858 620 5916 Citat
641 5874 834 5916 rursus
867 5859 1082 5931 Agatho
1116 5875 1254 5932 papa
1281 5858 1337 5915 in
1365 5858 1598 5930 cpistola
1641 5859 1712 5916 ad
1757 5858 2055 5934 imperato-

2171 5379 2324 5434 ditus
2367 5379 2647 5450 homoque
2708 5379 2884 5435 visus.
2923 5378 3040 5434 Nec
3087 5385 3276 5432 autem
3328 5376 3462 5432 unio
3519 5376 3760 5432 commi-

2173 5472 2414 5528 Stionem
2447 5472 2708 5538 exclusit,
2746 5487 2851 5526 nec
2884 5470 3201 5526 diﬂerentia
3229 5469 3668 5525 substantiarum
3693 5469 3754 5526 in

2171 5580 2240 5620 eo
2279 5565 2606 5622 scissionem
2651 5573 2750 5619 aut
2788 5563 3122 5620 divisionem
3172 5560 3439 5618 admittit.
3489 5561 3755 5619 Miracula

2165 5735 2272 5848 23?.
2303 5719 2534 5848 ﬁgam“.
2598 5717 2772 5777 Labb.
2809 5723 2850 5775 t.
2879 5719 2964 5790 Vl,
3023 5734 3075 5793 p.
3127 5717 3253 5776 665.
3300 5715 3518 5777 -—Vid.
3565 5730 3754 5794 supra,
