4148 6460
448 387 584 456 1147
1572 393 1993 456 ΠΙΒΤΙΝΙΑΝ]

2097 393 2580 460 MPERATORIS
3578 409 3717 478 1148

444 504 600 561 enim
635 502 843 560 Christi
884 503 1164 569 videntes,
1195 503 1349 560 illius
1381 503 1730 562 divinitatem
1761 506 1993 578 praedicti

2126 525 2301 579 χεται.
2374 511 2678 576 Βλέποντες
2723 513 2834 586 γὰρ
2888 514 2984 570 τοῦ
3026 516 3267 589 Χριστοῦ
3311 515 3380 574 τά
3422 517 3715 593 θαύματα,

444 608 602 665 mus,
634 597 987 653 inﬁrmitates
1030 613 1164 653 vero
1210 598 1595 669 inspicientes,
1624 600 1993 658 humanitater

2130 602 2477 675 κηρύττομεν
2530 605 2699 659 αὐτοῦ
2754 608 2853 677 τὴν
2906 607 3175 681 θεότηταο
3253 612 3495 684 ὁρῶντες
3544 617 3715 672 αὐτοῦ

442 689 574 759 ejus
614 673 724 742 non
775 686 1077 743 diﬂitemur
1117 704 1131 754 ;
1173 703 1277 743 nec
1326 688 1595 744 miracula
1654 690 1776 747 sine
1835 707 1993 749 carne

2126 673 2411 766 τάήπάθηή,
2465 697 2567 749 οὐκ
2598 673 2913 769 ἀρνούμεθα
2946 673 3114 754 αὑτοῦ
3146 699 3246 773 τὴν
3275 673 3676 778 ἀνθρωπότητα
3695 723 3712 741 ⁸

442 794 546 836 nec
575 782 786 852 absque
833 780 1123 838 divinitate
1160 782 1530 840 infirmitates.
1560 786 1764 842 Verum
1838 796 1993 842 auter

2126 786 2250 841 οὐδὲ
2282 788 2350 842 τά
2378 788 2635 861 θαύματα
2664 791 2790 861 δίχα
2818 792 3052 863 σαρκὸς,
3109 795 3233 848 οὐδὲ
3263 796 3333 851 τὰ
3361 797 3508 869 πάθη
3542 802 3716 871 χωρὶς

440 889 551 929 non
601 883 687 929 est
733 857 918 931 dicere
966 875 1147 945 ipsum
1206 892 1330 933 esse
1374 894 1633 949 passum;
1690 895 1889 950 passus
1939 897 1993 937 es

2126 883 2225 952 τῆς
2277 857 2557 952 θεότητος.
2620 857 2751 937 Καί*
2784 857 2904 939 ἔστι
2949 857 3259 958 παράδοξον
3309 889 3394 942 ὅτι
3438 857 3712 965 αιίτδς

438 965 690 1034 quidem,
740 965 873 1036 quia
915 967 1199 1037 preprium
1253 969 1375 1038 ejus
1416 984 1621 1039 corpus
1680 970 1993 1040 patiebatur

2124 977 2154 1031 6
2182 977 2430 1049 πάσχων,
2463 979 2559 1033 καὶ
2590 979 2666 1049 μὴ
2692 979 2950 1050 πάσχωνο
2984 981 3211 1052 πάσχων
3242 983 3362 1054 μὲν,
3391 985 3559 1039 ὅτιτὸ
3580 987 3712 1042 ίδιον

436 1068 605 1129 atque
642 1060 700 1114 in
745 1076 979 1131 corpore
1032 1063 1154 1133 ejus
1200 1061 1379 1117 inerat
1414 1063 1511 1133 qui
1554 1079 1665 1117 non
1705 1074 1993 1134 pateretur

2122 1072 2291 1127 αὐτοῦ
2339 1072 2545 1145 ἔπασχε
2594 1077 2793 1147 σῶμα⁶
2856 1078 2950 1131 καὶ
2998 1080 3056 1132 ἐν
3098 1079 3247 1150 αὐτῷ
3276 1081 3354 1152 τῷ
3383 1080 3599 1152 σώματι
3638 1080 3710 1155 ἦν

435 1150 654 1207 scilicet
700 1152 796 1222 qui
830 1162 1028 1208 natura
1062 1154 1212 1209 Deus
1253 1164 1395 1216 erat,
1432 1170 1558 1209 nam
1610 1156 1855 1211 Verbum
1896 1173 1990 1213 era

2126 1167 2203 1238 μὴ
2235 1168 2462 1239 πάσχων
2492 1172 2521 1223 6
2549 1173 2614 1243 τῇ
2641 1170 2801 1242 φύσει
2830 1172 2964 1237 Θεὸς
2985 1171 3081 1237 ὣν,
3114 1175 3143 1228 6
3167 1150 3342 1245 Λόγος
3372 1150 3705 1250 ἀπαθὴς

436 1242 800 1313 impassibile.
832 1244 966 1299 Erat
1003 1245 1363 1316 incorporeus
1394 1247 1452 1301 in
1480 1263 1714 1318 corpore
1739 1251 1989 1319 passibili

2121 1260 2233 1314 Καὶ
2280 1262 2448 1326 αὐτὸς
2494 1242 2609 1332 μὲν
2643 1266 2671 1318 6
2710 1264 3004 1335 ἀσώματος
3029 1262 3100 1339 ἦν
3140 1269 3197 1320 ἐν
3226 1242 3306 1339 τῶ
3336 1242 3568 1342 παθητῷ
3597 1242 3710 1324 σῶ-

434 1354 751 1410 corpusque
800 1341 921 1411 ejus
956 1342 1010 1396 in
1055 1344 1354 1414 semetipso
1382 1344 1625 1401 habebat
1676 1347 1993 1419 impassibili

2124 1370 2257 1423 ματι
2275 1369 2290 1384 ο
2327 1353 2390 1407 τὸ
2418 1353 2475 1408 δὲ
2507 1355 2672 1426 σῶμα
2701 1353 2847 1427 εἶχεν
2880 1360 2938 1411 ὲν
2964 1359 3145 1430 ἐαυτῷ
3174 1360 3265 1413 τὸν
3291 1361 3479 1433 ἀπαθῆ
3506 1363 3704 1434 Λόγον,

431 1430 702 1496 Verbum,
747 1431 1105 1490 infirmitates
1159 1434 1336 1504 ipsius
1375 1438 1632 1507 corporis
1680 1450 1979 1513 protegens

2119 1447 2456 1518 ἀφανίζοντα
2489 1449 2591 1512 τὰς
2622 1450 2911 1515 ἀσθενείας
2940 1454 3107 1507 αὐτοῦ
3137 1454 3232 1508 τοῦ
3261 1457 3518 1527 σώματος
3546 1474 3560 1489 ⁸
3614 1461 3705 1514 ὲν-

432 1523 872 1593 unumquodque
919 1525 1069 1579 enim
1133 1526 1311 1581 altero
1364 1528 1667 1584 comitante
1731 1543 1993 1601 operatur

2118 1545 2275 1616 εργεῖ
2312 1543 2423 1615 γὰρ
2472 1545 2713 1616 ἑκατέρα
2761 1547 2946 1619 μορφὴ
3003 1548 3143 1618 μετά
3188 1548 3293 1620 τῆς
3326 1523 3558 1622 θατέρου
3593 1572 3707 1608 κοι-

425 1613 584 1684 juxta
631 1616 782 1685 quod
833 1617 1121 1688 proprium
1176 1619 1470 1688 habuerit;
1519 1622 1704 1678 Verbo
1752 1625 1901 1695 quod
1929 1642 1991 1682 es

2117 1613 2335 1704 νωνίας,
2367 1613 2466 1693 δπε
2476 1658 2507 1710 ρ
2540 1613 2674 1694 ῐδιον
2699 1613 2901 1711 εσάηέέ
2917 1613 2946 1670 ’-
2967 1613 3063 1695 τοῦ
3097 1642 3199 1712 μὲν
3224 1613 3400 1713 Ᾰόγου
3426 1613 3704 1715 κατεργα-

430 1707 619 1774 Verbi,
650 1725 885 1780 corpore
924 1727 1057 1766 vero
1086 1713 1235 1783 quod
1270 1723 1356 1770 est
1385 1714 1638 1785 corporis
1668 1716 1990 1787 perﬁciente

2116 1725 2348 1798 ζομένου
2377 1707 2536 1783 τοῦτο
2563 1730 2701 1800 ὅπερ
2727 1707 2845 1783 ἐστὶ
2875 1729 2968 1784 τοῦ
2999 1707 3199 1800 Λόγου,
3233 1707 3330 1787 τοὺ
3360 1733 3418 1787 δὲ
3450 1707 3704 1805 σώματος

430 1796 524 1852 Sic
545 1799 691 1853 enim
710 1799 875 1856 docet
896 1810 1120 1858 sanctus
1134 1804 1373 1876 Cyrillus
1392 1807 1448 1862 in
1469 1808 1749 1863 tricesimo
1766 1811 1993 1866 secundi

430 1905 680 1915 ..Α--..ηηρ
732 1892 808 1915 ΥΙῚ-
833 1896 1000 1915 ---ημε
1090 1897 1135 1915 9,
1198 1899 1237 1915 η
1283 1900 1295 1912 η
1339 1910 1349 1915 -
1397 1901 1408 1915 I
1612 1905 1626 1915 ι
1689 1907 1726 1915 -ι

2116 1796 2462 1890 ἐκτελοῦντος
2497 1826 2599 1880 ἂπε
2609 1844 2641 1897 ρ
2670 1796 2792 1880 εστὶ
2820 1825 2914 1879 τοῦ
2943 1826 3219 1896 σώματος.
3263 1826 3438 1880 Τοῦτο
3465 1828 3573 1899 γὰρ
3605 1831 3703 1882 καὶ

427 1905 683 1947 sermone
732 1892 1027 1961 Thesauri,
1090 1897 1148 1952 in
1197 1899 1527 1973 Epistolanr
1560 1905 1630 1959 ad
1689 1907 1993 1962 Romanos:

2112 1921 2141 1973 6
2176 1921 2233 1973 ὲν
2262 1919 2441 1987 ἁγίοις
2474 1892 2745 1991 Κύριλλος
2777 1921 2835 1972 ὲν
2873 1919 2953 1990 τῷ
2992 1892 3071 1990 λθθ
3094 1920 3238 1991 λόγῳ
3276 1920 3369 1974 τοῦ
3404 1892 3698 1994 Θησαυροῦ

426 1982 758 2054 Neutiquam
789 2003 957 2042 unam
988 2004 1111 2045 esse
1141 1993 1530 2061 operationem
1558 2001 1873 2054 naturalem
1909 2002 1993 2057 Dei

2107 1982 2350 2071 διδάσκει
2368 2015 2468 2087 τὴν
2496 1982 2955 2086 πρδςΪΡωμαίους
2982 1982 3659 2087 ἑρμηνεόωνἚπισ-τολείλν
3684 2034 3699 2048 ο

424 2085 481 2129 et
521 2087 789 2135 creaturae
835 2080 1104 2147 dicemus,
1139 2083 1214 2140 ita
1265 2095 1326 2140 ut
1355 2103 1459 2144 nec
1502 2091 1653 2160 quod
1685 2092 1891 2147 factum
1922 2106 1993 2149 εει

428 2162 491 2182 μ.
801 2167 834 2182 _.
1011 2170 1045 2182 ..
1093 2172 1103 2182 .
1378 2175 1396 2182 -

2108 2111 2357 2182 Οὺδήπου
2398 2080 2698 2180 μίαν-εἶναι
2735 2080 2974 2177 cauatth
3009 2080 3425 2179 shv'svépyatav
3448 2080 3697 2180 δώσομεν

423 2162 492 2216 ad
565 2164 931 2222 substantiam
993 2170 1239 2227 divinam
1311 2175 1637 2247 referamus,
1696 2198 1799 2238 nec
1856 2186 1993 2254 quod

430 2252 623 2275 ,,__,__
668 2267 758 2275 μί,
1077 2263 1111 2275 ..
1395 2269 1406 2275 -
1496 2271 1509 2275 -

2108 2162 2770 2272 δεοέῃκαὶιποιήματοςθ,
2831 2162 3098 2272 ἵνα,μήτ⁸ε
3128 2202 3193 2255 τὸ
3221 2162 3449 2273 ποιηθὲν
3482 2205 3562 2267 εἰς

424 2252 627 2309 divina:
668 2267 883 2313 natura:
931 2263 1215 2330 peculiare
1264 2276 1350 2323 est
1393 2269 1451 2323 in
1495 2271 1678 2327 locum
1720 2276 2005 2345 proprium

423 2345 627 2415 genitis
659 2348 1059 2418 deprimamus.
1114 2355 1265 2412 Idem
1319 2372 1544 2418 sanctus
1597 2365 1780 2432 Pater,
1819 2368 1873 2422 in
1920 2370 2007 2426 his

422 2454 547 2505 qua:
576 2441 645 2495 ad
676 2441 1073 2514 Theodosium,
1103 2466 1209 2506 nos
1242 2453 1433 2509 eadem
1465 2456 1664 2513 docet:
1689 2459 1886 2515 Totum
1906 2463 2004 2519 toti

424 2532 644 2587 unitum
679 2535 850 2592 fuisse
881 2548 1090 2597 nostrae
1126 2543 1458 2602 humanitati
1493 2549 1737 2605 Verbum
1785 2552 1854 2607 de
1892 2556 2005 2611 Deo

416 2624 694 2693 dicimus;
729 2644 843 2684 non
885 2632 1035 2687 enim
1074 2634 1333 2703 forsitan,
1373 2640 1519 2709 quod
1575 2642 1777 2699 melius
1818 2655 1903 2701 est
1948 2647 2004 2703 in

423 2716 608 2783 nobis,
647 2718 702 2774 id
751 2730 836 2776 est
873 2725 1136 2795 animam,
1188 2730 1342 2784 nullo
1372 2732 1544 2789 verbo
1581 2735 1887 2805 judicasset
1913 2741 2002 2794 di-

424 2823 617 2877 gnum,
663 2813 766 2867 soli
799 2816 954 2870 carni
984 2834 1147 2887 quam
1175 2820 1524 2879 inhabitabat
1553 2827 1720 2882 verba
1756 2831 1999 2889 tradens.

422 2899 548 2956 Istis
570 2904 839 2961 ambabus
862 2908 1001 2965 bene
1023 2914 1344 2983 mysterium
1364 2919 1689 2975 oeconomiae
1709 2921 1997 2995 implebat;

421 3009 593 3051 carne
638 3008 699 3052 ut
739 2999 1115 3060 instrumento
1164 3008 1432 3064 utebatur
1465 3012 1531 3066 ad
1594 3030 1764 3084 opera
1796 3019 2001 3087 carnis,

422 3088 772 3148 inﬁrmitates
794 3094 1006 3151 scilicet
1028 3114 1090 3152 ac
1113 3116 1457 3173 quaecunque
1480 3104 1739 3162 abessent
1757 3129 1786 3164 a
1813 3112 1999 3183 culpa;

2109 2296 2262 2350 θείαν
2294 2296 2666 2363 ἀναγάγωμεν
2694 2294 2907 2358 οὐσίαν,
2960 2295 3099 2365 μήτε
3129 2296 3239 2365 μὴν
3270 2296 3371 2366 τῆς
3401 2295 3554 2359 θείας
3583 2296 3690 2366 φύ-

2109 2406 2248 2452 σεως
2283 2390 2345 2443 τὸ
2378 2388 2660 2460 ἐξαίρετον
2708 2389 2791 2452 εἰς
2822 2386 2914 2440 τὸν
2949 2390 3063 2451 τοῖς
3091 2390 3376 2458 γεννητοῖς
3409 2390 3692 2460 πρέποντα

2106 2480 2517 2550 καταγάγωμεν
2564 2479 2753 2534 τόπον.
2807 2478 2863 2532 ’0
2899 2479 3059 2544 αὐτὸς
3091 2479 3149 2532 δὲ
3183 2478 3338 2547 ἆγιος
3369 2480 3558 2552 Πατὴρ
3593 2482 3688 2535 καὶ

2105 2576 2164 2629 ἐν
2192 2576 2307 2638 τοῖς
2342 2573 2478 2646 πρὸς
2507 2572 2789 2629 Θεοδόσιον
2821 2573 2891 2626 τὰ
2921 2573 3060 2627 αὐτά
3094 2574 3242 2643 ἡμᾶς
3272 2574 3579 2629 ἐκδιδάσκει
3602 2575 3689 2629 λέ-

2104 2685 2251 2735 γων⁸
2299 2668 2461 2723 Ὅλον
2508 2667 2605 2738 ὅλῃ
2655 2665 3000 2737 συνηνῶσθαί
3038 2685 3220 2738 φαμεν
3273 2670 3339 2738 τῇ
3382 2667 3505 2722 καθ’
3541 2669 3689 2739 ἡμᾶς

2103 2761 2487 2834 ἀνθρωπότητι
2540 2760 2633 2814 τὸν
2682 2762 2748 2813 ὲκ
2790 2759 2928 2835 Θεοῦ
2967 2760 3178 2827 Λόγον·
3239 2759 3300 2812 οὐ
3334 2760 3445 2829 γάρ
3490 2776 3592 2813 που
3625 2759 3689 2813 τὸ

2103 2854 2326 2925 ἄμεινον
2359 2854 2416 2907 ἐν
2445 2855 2600 2921 ἡμῖν,
2633 2850 2883 2905 τουτέστι
2911 2852 3112 2922 ψυχὴν,
3149 2851 3366 2915 οὐδενὸς
3393 2851 3458 2905 ἂν
3483 2850 3688 2922 ἠξίωσε

2102 2945 2263 3014 λόγου
2300 2945 2433 3017 μόνῃ
2463 2943 2806 3014 δωρούμενος
2833 2944 2899 3012 τῇ
2928 2942 3093 3012 σαρκὶ
3116 2942 3217 3009 τῆς
3241 2941 3535 3012 ἐπιδημίας
3563 2942 3692 3005 τοὺς

2102 3038 2316 3108 λόγους.
2375 3037 2709 3106 Ἐπράττετο
2748 3033 2804 3087 δὲ
2850 3034 2917 3087 δι’
2947 3036 3154 3104 ἀμφοῖν
3198 3035 3377 3097 καλῶς
3415 3035 3513 3104 τῆς
3546 3036 3693 3087 οἰκοο

2104 3128 2298 3198 νομίας
2329 3127 2392 3182 τὸ
2425 3128 2722 3199 μυστήριον
2741 3142 2757 3157 ο
2795 3125 3215 3197 προσεχρήσατο
3243 3123 3497 3194 καθάπερ
3524 3122 3692 3192 ὀργά-

418 3184 603 3239 anima
660 3203 795 3243 vero
843 3189 911 3243 ad
968 3190 1208 3248 humana
1259 3195 1623 3270 innoxiasque
1675 3205 1993 3274 passiones;

425 3274 626 3297 -I:-!n-_._
690 3279 771 3297 ,ηρ
800 3295 824 3297 ,4
880 3296 887 3297 ,
1004 3282 1037 3295 -σ
1313 3288 1326 3297 .
1445 3290 1457 3297 .
1543 3293 1555 3297 -
1589 3292 1600 3297 -
1716 3296 1745 3297 η

2104 3184 2183 3297 vq;
2342 3184 2447 3294 ἰδία
2486 3184 2654 3294 σαρκὶ
2699 3184 2941 3291 πρδςιτά
2972 3184 3178 3291 ἓξιρκδς
3217 3217 3355 3289 ἔργα
3374 3235 3441 3288 ⁵τε
3472 3217 3568 3270 καὶ
3589 3218 3690 3288 ἀρςι

419 3274 627 3330 dicitur
681 3279 831 3334 enim
867 3282 1154 3351 esuriisse,
1196 3301 1263 3341 ex
1311 3288 1490 3360 longis
1542 3292 1839 3353 itineribus
1870 3299 1993 3356 l‘ati-

2107 3274 2446 3392 ῥξᾷσέὶίμᾷτέι
2484 3274 2692 3386 tu}:an
2743 3274 2839 3368 ζιαὶ
2882 3314 2984 3368 ὅσα
3025 3274 3219 3384 μώμου
3251 3274 3506 3384 μακράν·
3542 3312 3687 3383 ψυχῇ

419 3365 669 3435 gationes
687 3371 1042 3438 sustinuisse,
1064 3375 1344 3444 timorem,
1373 3387 1671 3451 terrorem,
1693 3388 1995 3458 tristitiam,

419 3460 671 3529 agoniam
726 3471 893 3535 atque
932 3466 989 3522 in
1039 3485 1205 3527 cruce
1252 3484 1514 3530 mortem.
1569 3477 1845 3550 Namque,
1903 3499 2002 3541 ne-

420 3554 570 3609 mine
607 3550 859 3627 cogente,
916 3562 1157 3619 animam
1197 3581 1352 3621 suam
1406 3585 1508 3640 pro
1538 3572 1703 3629 nobis
1737 3590 1769 3630 a
1817 3578 2000 3649 seipso

419 3647 627 3714 posuit,
651 3658 708 3703 ut
732 3653 961 3708 vivorum
986 3664 1144 3727 atque
1167 3670 1492 3718 mortuorum
1507 3665 1865 3737 domineturl,
1881 3688 2001 3727 car-

420 3754 660 3812 nemque
674 3759 829 3800 suam
849 3752 1095 3805 omnium
1114 3754 1267 3808 carni
1283 3755 1523 3813 reddens
1536 3762 1746 3830 aequale
1765 3763 1996 3831 donum,

420 3831 660 3888 animam
712 3853 814 3907 pro
868 3842 1052 3897 anima
1096 3847 1335 3914 pretium
1397 3852 1650 3907 omnium
1681 3853 1911 3913 faciens.
1941 3860 1999 3916 Si

418 3934 602 3983 autem
655 3931 858 3989 iterum
906 3937 1018 3993 vita
1065 3951 1319 3996 revocata
1351 3943 1541 4012 fuerit,
1576 3962 1644 4002 eo
1671 3950 1820 4020 quod
1852 3962 2002 4011 esset

420 4020 586 4088 Deus,
617 4029 961 4097 resurrexit;
984 4048 1095 4087 non
1134 4034 1282 4088 enim
1318 4046 1468 4093 certe
1492 4040 1704 4109 justum
1730 4055 1880 4101 esset
1909 4047 1998 4102 di-

415 4132 543 4173 cere
559 4134 802 4184 carnem,
830 4124 962 4179 olim
987 4126 1170 4183 Verbo
1188 4131 1423 4197 unitam,
1447 4137 1806 4206 corruptione
1833 4155 1998 4210 posse

414 4210 676 4278 detineri,
723 4215 1079 4289 animamque
1123 4220 1368 4279 divinam
1410 4225 1587 4297 ipsius
1617 4229 1835 4286 inferni.
1864 4248 1998 4304 pon-

414 4313 592 4360 tarum
618 4306 735 4364 ﬁeri
764 4313 1036 4381 captivam
1057 4333 1069 4368 :
1092 4314 1208 4370 Non
1231 4318 1511 4376 derelictus
1536 4332 1612 4378 est
1637 4325 1691 4378 in
1709 4326 1917 4396 inferno
1941 4328 1995 4396 δ,

404 4396 562 4465 juxta
605 4401 753 4469 quod
805 4402 944 4459 dicit
996 4419 1223 4465 sanctus
1265 4410 1482 4469 Petrus.
1529 4414 1650 4471 Non
1695 4428 1881 4475 autem
1914 4421 1999 4477 di-

409 4492 648 4541 cendum
685 4500 771 4545 est
816 4503 1072 4550 naturam
1113 4500 1236 4568 ejus
1268 4501 1785 4574 ineompreliensam
1818 4511 1996 4567 indis-

2103 3413 2151 3467 δ’
2191 3412 2329 3483 αὐτῇ
2380 3409 2487 3482 ἰδίᾳ
2542 3408 2680 3481 πρὸς
2723 3407 2793 3461 τὰ
2827 3404 3148 3478 ἀνθρώπινά
3174 3423 3235 3459 τε
3266 3406 3362 3459 καὶ
3390 3405 3690 3461 ἀνυπαίτια

2104 3506 2252 3578 πάθη
2278 3522 2294 3538 ο
2342 3503 2601 3573 πεινῆσαι
2629 3499 2741 3571 γὰρ
2766 3499 3010 3567 λέγεται,
3042 3496 3240 3560 πόνους
3265 3512 3324 3548 τε
3363 3496 3687 3563 ὑπενεγκετν

2103 3598 2229 3663 τοὺς
2255 3597 2321 3651 ὲκ
2349 3594 2580 3667 μακρῶν
2605 3590 2948 3662 ὀδοιποριῶν,
2972 3590 3232 3658 πτοήσεις
3257 3605 3341 3654 τε,
3366 3588 3462 3641 καὶ
3488 3587 3689 3655 φόϐους

2102 3690 2200 3743 καὶ
2238 3688 2415 3758 λύπην
2458 3685 2554 3739 καὶ
2585 3683 2829 3753 ἀγωνίαν
2863 3682 2957 3736 καὶ
2987 3683 3079 3735 τὸν
3110 3683 3203 3735 ἐπὶ
3231 3679 3310 3752 τῷ
3338 3678 3560 3750 σταυρῷ
3591 3678 3686 3733 θά-

2101 3800 2281 3838 νατον.
2342 3778 2850 3847 Ἐπαναγκάζοντος
2904 3778 3013 3848 γὰρ
3068 3775 3283 3839 οὐδενος
3335 3774 3534 3843 ἔθηκεν
3590 3775 3685 3843 ἀφ’

2100 3873 2297 3929 ἑαυτοῦ
2330 3873 2429 3945 τὴν
2461 3872 2598 3927 ἰδίαν
2619 3868 2799 3942 ψυχὴν
2829 3868 2972 3941 ὑπὲρ
2998 3867 3176 3939 ἡμῶν,
3204 3868 3306 3923 ἵνα
3332 3866 3428 3920 καί
3457 3866 3686 3934 νεκρῶν

2099 3968 2198 4023 καί
2244 3966 2475 4028 ζώντων
2520 3964 2811 4033 κυριεύσῃ
2833 3978 2850 3992 ο
2912 3961 3094 4030 σάρκα
3126 3959 3226 4030 μὲν
3260 3960 3359 4028 τὴν
3395 3957 3550 4022 ίδίαν,
3585 3958 3684 4028 τῆς

2100 4061 2357 4116 ἀπάντων
2388 4058 2593 4131 σαρκὸς
2623 4055 2913 4118 ἀποτιννὺς
2942 4051 3160 4124 ἀληθῶς
3191 4051 3364 4155 δῶρον
3392 4048 3650 4155 ἀντάξιον
3664 4061 3679 4077 ⁸

2097 4154 2278 4227 ψυχὴν
2303 4152 2349 4207 δ’
2375 4151 2499 4206 ἀντὶ
2521 4149 2705 4221 ψυχῆς
2728 4146 3048 4247 ἀντίλιιτρον
3077 4144 3189 4247 τῶν
3208 4141 3469 4247 ἁπάντων
3496 4141 3684 4247 ποιού-

2102 4257 2300 4315 μενος·
2357 4240 2408 4294 εί
2438 4239 2534 4294 καὶ
2567 4237 2772 4293 ἀνεϐίω
2799 4236 2962 4291 πάλιν
2993 4235 3108 4338 Curi!
3143 4233 3288 4338 κατά
3309 4231 3478 4338 Δφύσιν
3503 4231 3683 4338 61:6?-

2098 4352 2223 4405 κων,
2238 4333 2314 4397 ὡς
2337 4332 2501 4395 Θεός’
2535 4330 2597 4385 οὒ
2628 4330 2738 4400 γάρ
2765 4347 2847 4382 τοι
2875 4327 3035 4399 θέμις
3062 4327 3239 4381 εἰπεῖν
3266 4324 3442 4396 φθορᾷ
3469 4323 3569 4394 μὲν
3589 4323 3681 4377 δύ-

2099 4422 2296 4480 νασθαι
2329 4421 2652 4492 κρατεῖσθαι
2690 4419 2821 4506 ποτὲ
2866 4416 3161 4472 ἐνωθεϊσαν
3190 4413 3269 4484 τῷ
3298 4414 3444 4485 λόγῳ
3474 4413 3675 4506 σάρκα,

2099 4520 2330 4589 κάτοχον
2365 4517 2422 4569 δὲ
2460 4514 2651 4579 αὑταῖς
2690 4504 2819 4585 ᾅδου
2859 4510 3059 4574 πύλαις
3105 4508 3207 4580 τὴν
3236 4506 3387 4561 θείαν
3418 4504 3676 4574 γενέσθαι

408 4580 757 4651 solutamque
787 4587 1018 4641 omnino
1043 4588 1215 4646 fuisse
1245 4604 1450 4659 morte,
1496 4597 1594 4652 sed
1640 4599 1987 4657 divinitatem

2097 4580 2302 4682 ψυχήν·
2335 4611 2454 4663 Οὐκ
2485 4580 2916 4677 ἐγνιατεξῑείςρθη
2948 4604 3056 4675 γὰρ
3090 4605 3177 4669 εἰς
3205 4601 3375 4670 ᾅδου,
3411 4599 3553 4655 καθά
3584 4598 3677 4652 καὶ

409 4673 690 4745 Unigeniti
730 4677 783 4732 in
818 4680 1000 4735 simnn
1035 4692 1197 4740 terra:
1249 4689 1571 4744 translatam
1608 4693 1775 4747 etiam
1816 4694 1989 4753 fuisse

405 4765 693 4833 dicemus;
739 4785 850 4824 non
896 4773 1044 4827 enim
1105 4785 1192 4830 est
1236 4779 1513 4846 mirabile,
1562 4783 1608 4837 si
1664 4784 1719 4838 in
1769 4786 1988 4844 inferno

406 4858 742 4917 habitaverit
790 4863 859 4920 de
893 4866 1013 4921 Deo
1036 4868 1299 4936 Verbum,
1347 4889 1473 4929 cum
1505 4875 1730 4933 deitatis
1777 4881 1986 4939 virtute

403 4966 468 5004 ac
515 4961 755 5020 natura,
818 4957 1151 5016 mirabiliter
1212 4981 1278 5021 ae
1324 4982 1491 5037 supra
1541 4970 1595 5024 id
1668 4973 1816 5042 quod
1873 4974 1985 5029 dici

402 5053 606 5113 potest,
649 5049 835 5105 omnia
879 5052 1128 5124 impleat,
1171 5066 1339 5128 atque
1400 5059 1455 5115 in
1514 5063 1675 5119 nobis
1725 5065 1986 5123 omnibus

407 5138 702 5196 inhabitet.
757 5145 969 5202 Deinde
1038 5165 1290 5220 pergens,
1343 5153 1460 5210 haec
1514 5156 1714 5211 iterum
1768 5158 1907 5215 dicit
1964 5177 1979 5214 :

406 5247 424 5281 ι
461 5230 765 5289 Humanam
802 5236 1176 5297 infirmitatem
1221 5244 1514 5310 occidisse,
1563 5248 1822 5304 virtutem
1847 5266 1979 5307 vero

400 5323 645 5383 divinam
668 5330 976 5389 vivitieasse
1000 5351 1014 5402 ;
1048 5353 1067 5387 ›
1099 5339 1398 5394 ostendens
1426 5341 1573 5410 quod
1597 5342 1685 5395 his
1711 5343 1977 5400 ambabus

397 5422 742 5489 agnoscitur,
794 5427 1010 5483 scilicet
1040 5429 1186 5484 inter
1224 5447 1329 5486 nos
1357 5448 1483 5489 esse
1515 5434 1678 5490 simul
1722 5444 1781 5489 et
1808 5450 1976 5506 supra

396 5527 500 5567 nos
545 5521 605 5568 ut
651 5516 849 5572 Deum.
884 5520 1122 5576 Videsne
1170 5524 1452 5592 quomodo
1514 5526 1606 5582 hic
1635 5527 1976 5585 venerabilis

398 5603 562 5659 Pater
596 5605 829 5662 duarum
855 5620 1180 5669 naturarum
1206 5616 1444 5671 virtutes
1474 5617 1528 5671 in
1556 5633 1663 5672 una
1692 5618 1972 5690 hypostasi

398 5715 494 5757 seu
551 5719 659 5758 una
706 5720 941 5775 persona
967 5708 1175 5764 Christi
1220 5710 1316 5765 Dei
1362 5710 1540 5766 nostri
1589 5711 1975 5800 demonstrat?

471 5876 688 5934 “Rom.
746 5898 851 5949 xxv,
883 5887 915 5941 9
1011 5887 1037 5927 ιδ
1087 5885 1204 5943 Act.
1251 5903 1307 5954 ιι,
1359 5889 1447 5944 27.

2095 4707 2123 4759 6
2167 4702 2455 4763 θεσπέσιος
2505 4699 2609 4773 ἔφη
2654 4700 2885 4770 Πέτρος.
2947 4696 3021 4751 Οὐ
3064 4696 3172 4768 γὰρ
3212 4695 3362 4748 ἐστιν
3392 4695 3568 4747 εἰπεῖν
3598 4691 3676 4756 ὡς

2093 4790 2191 4863 τὴν
2216 4790 2458 4861 ἄληπτον
2487 4786 2770 4851 παντελῶς
2795 4786 2891 4841 καὶ
2914 4785 3193 4840 ἀνάλωτον
3224 4783 3303 4855 τῷ
3332 4785 3548 4854 θανάτῳ
3575 4784 3675 4854 φύ-

2095 4895 2179 4931 σιν
2199 4919 2216 4946 ,
2249 4879 2500 4931 τουτέστι
2527 4875 2628 4948 τὴν
2655 4876 2890 4945 θεότητα
2917 4874 3013 4929 τοῦ
3040 4875 3381 4945 Μονογενοῦς
3417 4876 3523 4929 ὑπὸ
3548 4874 3673 4945 χθό-

2092 4988 2157 5024 να
2191 4969 2378 5041 μυχῶν
2410 4969 2846 5041 ἀνακεκομίσθαι
2874 4970 3151 5042 φήσομεν⁸
3185 4970 3246 5023 οὐ
3274 4971 3385 5041 γὰρ
3413 4970 3479 5024 ἂν
3504 4968 3669 5039 ἡξιώ-

2091 5062 2158 5135 θη
2205 5062 2266 5116 τὸ
2299 5063 2491 5133 χρῆμα
2531 5062 2833 5135 θαύματος,
2883 5063 2931 5115 εἰ
2967 5061 3279 5134 μεμένηκεν
3311 5064 3393 5126 είς
3421 5062 3512 5117 τὸν
3538 5062 3670 5135 ᾅδην

2087 5157 2116 5210 6
2150 5158 2214 5210 ὲκ
2236 5154 2373 5209 Θεοῦ
2397 5157 2571 5225 Λόγος
2598 5157 2666 5226 τῇ
2695 5154 2794 5226 τῆς
2819 5152 3071 5225 θεότητος
3097 5154 3348 5225 ἐνεργείᾳ
3371 5170 3429 5208 τε
3454 5155 3548 5207 καὶ
3570 5153 3671 5221 φύε

2088 5264 2171 5301 σει
2221 5246 2538 5318 παραδόξως
2564 5262 2625 5299 τε
2666 5244 2759 5298 καὶ
2791 5244 2932 5317 ὑπὲρ
2953 5244 3111 5313 λόγον
3141 5243 3248 5313 πλη
3259 5245 3366 5315 ρῶν
3396 5246 3464 5298 τὰ
3490 5244 3668 5297 πάντα

2084 5340 2180 5394 καὶ
2226 5341 2338 5403 τοῖς
2385 5341 2555 5393 πᾶσιν
2595 5337 2901 5410 ἐπιδημῶν.
2968 5333 3103 5393 Εἶτα
3151 5337 3360 5409 προῖὼν
3407 5338 3484 5409 τῷ
3523 5337 3667 5407 λόγῳ

2080 5431 2258 5486 ταῦτα
2305 5431 2469 5486 πάλιν
2510 5430 2710 5503 φησιν’
2773 5429 3139 5503 Ἀνθρώπινον
3188 5429 3288 5499 μὲν
3320 5429 3380 5484 τὸ
3406 5430 3662 5483 τεθνάναι

2083 5525 2274 5587 πάθος,
2312 5524 2599 5597 ἐνέργημα
2624 5524 2682 5578 δὲ
2729 5523 2918 5580 θεῖκδν
2950 5523 3013 5577 τὸ
3056 5522 3359 5578 ἀναϐιῶναι
3385 5540 3398 5555 ·
3446 5522 3660 5584 δεικνὺς

2079 5616 2117 5671 ἃ.
2145 5617 2213 5670 δι’
2238 5617 2442 5689 ἀμφοῖν
2479 5617 2805 5689 γνωρίζεται
2833 5616 2957 5671 καθ’
2982 5619 3129 5689 ἡμᾶς
3154 5633 3215 5669 τε
3246 5617 3363 5717 ἅμα
3393 5615 3659 5717 και-ὑπερ

2079 5711 2226 5783 ἡμᾶς
2259 5710 2335 5775 ὡς
2362 5709 2513 5775 Θεόςε
2547 5709 2713 5782 Ὁρᾷς
2742 5711 2890 5776 ὅπως
2920 5709 2950 5765 6
2972 5709 3269 5782 σεϐάσμιος
3296 5702 3451 5773 οὗτος
3475 5705 3664 5781 Πατὴρ
