4148 6474
457 445 593 509 1149

1859 448 2110 510 BULLA
2147 451 2428 512 AUREA.

3603 454 3742 519 1150

449 565 551 625 τὰς
569 561 679 615 τῶν
709 560 806 616 δύο
831 560 1047 632 φύσεων
1081 561 1367 632 ἐνεργείας
1402 562 1493 614 ἐπὶ
1521 562 1621 631 τῆς
1652 564 1784 630 μιᾶς
1809 563 2033 618 ὑποστά-

2151 568 2219 622 Εε
2251 567 2413 637 paulo
2443 578 2555 639 post
2587 585 2604 623 :
2635 569 2868 633 Deinde,
2908 581 3138 642 prepter
3183 587 3286 626 nos
3333 572 3501 627 homo
3533 571 3738 639 factus,

450 674 589 720 σεως
611 656 735 726 ἦτοι
757 654 853 709 τοῦ
874 655 994 720 ἑνὸς
1019 656 1314 727 προσώπου
1339 656 1580 726 Χριστοῦ
1601 656 1698 709 τοῦ
1721 656 1860 709 Θεοῦ
1882 657 2043 726 ἡμῶν

452 747 823 820 παραδίδιο›σι;
889 749 996 802 Καὶ
1043 749 1174 818 μετ’
1216 749 1433 817 ὀλίγαο
1489 743 1626 802 Εἶτα
1669 747 1739 800 δι’
1767 748 1915 819 ἡμᾶς
1945 747 2042 801 ἄν·

451 842 670 913 θρωπος
717 840 1016 912 γενόμενος
1077 839 1275 911 ὁρατὸς
1326 841 1418 893 καὶ
1454 839 1780 911 ψηλαφητὸς
1809 841 2038 910 γέγονε·

451 935 544 989 καὶ
600 934 688 988 διὰ
736 934 848 987 τῶν
898 933 1060 987 θείων
1105 951 1162 986 τε
1215 934 1307 987 καὶ
1349 933 1708 1004 ἀνθρωπίνων
1747 934 2041 1006 ἐνεργειῶν

450 1027 792 1098 φανερωθεὶς
836 1028 1104 1098 ὑπάρχειν
1146 1029 1204 1080 ἐν
1243 1027 1461 1096 θεότητι
1504 1028 1600 1082 καὶ
1627 1027 2034 1100 ἁνθρωπότητι,

450 1121 683 1174 δέδωκεν
729 1123 864 1191 ἡμῖν
894 1120 1190 1189 γινώσκειν
1213 1121 1296 1174 ὅτι
1345 1123 1403 1174 ἐν
1425 1120 1508 1185 οἷς
1551 1120 1822 1189 ἐγνώσθη,
1848 1121 1905 1188 ἐξ
1940 1122 2039 1175 αὑ-

451 1214 558 1267 τῶν
589 1214 945 1267 συνίσταται·
972 1213 1116 1267 οὕτω
1146 1215 1256 1284 γὰρ
1279 1215 1372 1267 καὶ
1391 1215 1439 1268 οἱ
1473 1215 1619 1284 ἆγιοι
1649 1216 1894 1285 Πατέρες
1927 1217 2038 1285 ἀμ·-

452 1305 690 1376 φοτέρας
723 1305 826 1370 τὰς
857 1307 1040 1376 φωνὰς
1074 1306 1497 1377 ὁμολογοῦντες,
1531 1309 1780 1362 τουτέστι
1815 1309 1912 1362 καὶ
1940 1309 2039 1380 τὴν

450 1401 514 1452 ἐκ
551 1399 807 1469 θεότητος
859 1400 955 1452 καὶ
999 1399 1426 1470 ἀνθρωπότητος
1460 1401 1529 1455 δι’
1557 1401 1830 1472 ἑκατέρας
1857 1404 2039 1456 αὐτῶν

2149 662 2389 716 visibilis
2436 663 2856 734 tractabilisque
2887 663 3068 720 factus
3097 675 3204 720 est.
3248 665 3502 736 Curaque
3534 665 3743 721 divinis

2151 766 2319 827 atque
2364 758 2624 813 humanis
2653 759 2957 814 virtutibus
2989 761 3042 814 in
3090 760 3386 815 divinitate
3436 776 3501 814 ac
3540 760 3741 814 huma-

2147 852 2323 906 nitate
2365 867 2488 906 esse
2520 853 2894 922 apparuisset,
2922 853 3083 907 nobis
3106 853 3555 924 cognoscendum
3585 853 3743 907 dedit

2147 955 2206 994 se
2249 955 2316 995 ex
2362 939 2499 1008 ipsis
2554 940 2867 996 subsistere
2902 942 3109 1011 quibus
3154 944 3468 1011 patefactus
3510 950 3616 995 est.
3648 941 3742 996 Sic

2145 1049 2278 1103 ergo
2326 1036 2499 1087 sancti
2549 1033 2741 1087 Patres
2795 1034 2894 1088 has
2941 1035 3132 1089 ambas
3168 1050 3334 1088 voces
3387 1033 3738 1096 confitentes,

2147 1140 2316 1179 unam
2363 1125 2579 1180 scilicet
2612 1123 2681 1178 de
2725 1125 2932 1181 dcitatc
2960 1139 3126 1196 atque
3176 1127 3407 1181 alteram
3438 1127 3507 1181 de
3536 1127 3736 1180 huma-

2146 1219 2340 1283 nitate,
2378 1234 2445 1273 ex
2475 1226 2715 1288 utraque
2746 1218 3127 1274 inconcretam
3167 1229 3334 1288 atque
3387 1219 3735 1274 individuam

2145 1310 2514 1364 meonomiam
2572 1309 2756 1380 magni
2821 1311 2918 1364 Dei
2987 1310 3188 1365 nostri
3241 1311 3551 1365 Salvatoris
3597 1310 3738 1366 Jesu

2145 1402 2351 1457 Christi
2415 1403 2665 1457 tradunt.

449 1498 511 1550 τὸ
539 1497 846 1567 ἁσὺγχυτόν
872 1514 932 1550 τε
975 1499 1070 1552 καὶ
1133 1497 1444 1570 ἀδιαίρετον
1479 1502 1580 1571 τῆς
1643 1500 1964 1571 οἰκονομίας
1997 1499 2094 1553 τοῦ
2137 1499 2376 1570 μεγάλου
2425 1499 2563 1553 Θεοῦ
2619 1500 2712 1554 καὶ
2759 1500 3013 1571 Σωτῆρος
3056 1501 3214 1571 ἡμῶν
3265 1499 3446 1573 Ἰησοῦ
3491 1497 3736 1572 Χριστοῦ

451 1592 864 1663 παραδιδόασιν.

3527 1790 3726 1811 ἀι

448 1950 1272 2040 ΧΡΥΣΟΒΟΥΑΟΝ
1342 1951 1574 2039 ΤΟΥ
1643 1948 2200 2039 AOIAIMOY
2276 1950 2812 2068 ΒΑΣΙΛΕΩΣ
2886 1881 3720 2045 ΙοΥΣΤΙΝΙΑΝοΥ.

1092 2141 1134 2194 0
1170 2137 1576 2195 ΕΔΩΡΗΣΑΤΟ
1617 2139 1742 2192 ΕΙΣ·
1771 2138 1911 2193 TON
1960 2137 2099 2191 ΤΟΥ
2143 2137 2306 2191 ΣΙΝΛ
2345 2136 2569 2192 ΟΡΟΥΣ
2609 2135 3044 2191 ΗΓΟΥΜΕΝΟΝ
3079 2138 3096 2168 ί

890 2449 1540 2541 DECRETUM
1620 2451 2511 2543 ILLUSTRISSIMI
2587 2450 3292 2544 JUSTINIANI

1327 2646 1617 2710 DATUM
1665 2647 1775 2709 AD
1833 2646 2219 2710 ABBATEM
2270 2647 2580 2711 MONTIS
2625 2641 2864 2709 SINAI.

1362 2797 1786 2882 (TISCHBNDOBF,
1805 2811 2075 2870 Anecdota
2104 2829 2260 2868 sacra
2289 2821 2339 2867 et
2363 2813 2614 2885 profana,
2641 2828 2697 2885 p.
2729 2810 2842 2884 56.)

517 3107 576 3162 Εἰ
607 3108 666 3163 δέ
694 3107 787 3161 καί
815 3106 1044 3179 ἀνδράσι
1082 3108 1198 3172 τοῖς
1226 3107 1554 3180 περιδεξίοις
1613 3111 1692 3173 εἰς
1730 3110 2033 3182 ὑπηρεσίαν

2211 3111 2266 3167 Si
2289 3111 2439 3167 viros
2469 3112 2564 3182 qui
2595 3111 2818 3185 regibus
2847 3112 3178 3183 adjuvandis
3201 3113 3366 3183 periti
3389 3123 3542 3181 sunt,
3562 3123 3732 3187 atque

442 3200 555 3254 τῶν
588 3200 856 3271 βασιλέων
888 3202 908 3231 ³
941 3199 1224 3272 ἀρχόντων
1270 3201 1799 3272 καταστρατηγῆσαι
1825 3203 1844 3232 ³
1876 3202 1908 3273 ἦ
1941 3202 2040 3254 πό-

442 3295 582 3346 λεων
610 3293 910 3362 διοικήσεις
945 3291 1360 3363 ἐγχειρισθῆναι
1408 3294 1442 3364 ἢ
1494 3294 1658 3357 λαοὺς
1692 3294 1966 3364 ὁδηγῆσαι
2001 3294 2034 3365 ἥ

443 3388 542 3440 καὶ
598 3385 714 3440 ἀλλ’
760 3387 899 3441 ἄττα
950 3384 1179 3439 τοιαῦτα
1227 3384 1250 3416 ⁸
1284 3384 1546 3457 πράττειν
1604 3385 1911 3454 δεδομένοις
1958 3384 2036 3456 τῷ

445 3477 636 3548 κράτει
664 3475 766 3546 τῆς
799 3475 909 3528 τῶν
932 3473 1216 3545 Ῥωμαίων
1247 3473 1425 3546 ἀρχῆς
1459 3473 1760 3543 φαινόμενα
1786 3474 2037 3544 χρήσιμα

439 3570 612 3640 τιμὴν
653 3569 943 3640 ἐπιμετρεῖ
993 3569 1092 3640 τὴν
1138 3569 1528 3640 προσήκουσαν
1556 3567 1667 3620 τῶν
1725 3567 1987 3638 ὑπηκόων
2013 3567 2034 3599 ⁵

440 3667 558 3720 ὅσοι
616 3665 982 3736 εὐγνώμονες,
1022 3663 1406 3735 εἰσηγούμενοι
1442 3663 1643 3717 δίκαιοι
1694 3661 1762 3716 ἂν
1818 3658 1929 3715 εἷεν
1965 3660 2036 3716 τὰ

441 3756 540 3826 τῆς
569 3759 855 3831 ὑποθήκης
884 3757 1090 3811 τούτων
1129 3757 1348 3828 βλέπειν
1371 3757 1430 3810 τὸ
1461 3756 1635 3828 πέρας
1666 3756 2034 3826 ἐπιδεχόμενοι

440 3852 672 3922 ἀνδράσι
701 3853 918 3922 σεμνοῖς
949 3851 1044 3904 καὶ
1073 3851 1172 3920 βίῳ
1199 3849 1290 3903 καὶ
1322 3850 1509 3920 τρόπῳ
1533 3849 1627 3902 καὶ
1647 3848 1766 3916 Θεῷ
1799 3848 2033 3917 πλησιά-

440 3945 627 4009 ζουσιν
658 3947 699 4010 ε,
725 3945 824 4015 οὐχ
856 3946 957 3998 ὅσα
987 3945 1097 3997 τῶν
1129 3943 1272 3998 κατὰ
1293 3944 1360 3996 τὰ
1394 3943 1574 4007 ἐκτὸς,
1617 3941 2023 4004 συντεινόντων,

437 4038 579 4093 ἀλλὰ
609 4037 846 4108 κρείττω
896 4038 988 4091 καὶ
1017 4037 1098 4100 εἰς
1147 4036 1326 4107 ψυχὴν
1371 4036 1540 4107 αὐτὴν
1585 4035 2032 4106 παραπέμποντα

436 4132 537 4199 τὴν
581 4131 870 4199 ὠφέλειαν,
911 4129 1110 4200 μᾶλλον
1143 4130 1200 4184 δέ
1253 4129 1349 4182 καὶ
1395 4129 1553 4182 τοῦτο
1597 4130 1820 4184 κάκεῖνο
1871 4145 2030 4199 περι-

437 4222 741 4292 ποιούμενοι
775 4221 988 4285 τούτοις
1034 4224 1100 4275 ἐκ
1141 4221 1240 4291 τῆς
1269 4220 1477 4275 ἄνωθεν
1503 4219 1684 4285 δεξιᾶς
1725 4220 2028 4289 προὸαλλο-

441 4314 610 4385 μένης
636 4317 748 4378 τοῖς
771 4313 1173 4386 αὐτοκράτορσι
1203 4329 1217 4343 ·
1243 4312 1363 4376 πῶς
1409 4315 1510 4367 οὑκ
1539 4312 1605 4368 ἂν
1632 4313 1719 4383 εἴη
1750 4311 1858 4365 τῶν
1895 4311 2028 4365 καθ-

436 4407 682 4475 ηκόντων
732 4408 1009 4470 ἐπικλινές
1053 4407 1215 4461 ὠτίον
1262 4405 1550 4478 βραϐεύειν
1602 4406 1699 4460 καὶ
1745 4407 1825 4469 είς
1873 4391 2026 4470 τ’ἐλος

437 4500 592 4568 ἄγειν
629 4499 776 4570 ἅπερ
809 4500 1150 4570 αίτήσαιντο.
1186 4499 1252 4552 Et
1286 4477 1344 4553 δὲ
1375 4498 1470 4552 καὶ
1524 4497 1684 4562 ἄλλος
1722 4501 1789 4569 τῇ
1841 4499 2024 4570 δεήσει
2053 4477 2094 4534 C

434 4593 661 4660 τιμᾶται
705 4592 765 4644 τὸ
797 4590 1042 4659 εὔλογον,
1075 4591 1174 4661 οὐχ
1213 4592 1365 4654 ὅπως
1396 4591 1483 4644 διὰ
1509 4591 1611 4662 τὴν
1637 4591 1844 4645 τούτων
1867 4591 1886 4622 ⁷
1927 4609 2026 4644 πα-

434 4683 724 4753 ράκλησιν,
757 4683 871 4738 ἀλλ’
902 4684 1004 4755 ἤδη
1037 4686 1133 4738 καὶ
1174 4683 1298 4737 καθ’
1332 4683 1464 4736 αὐτὸ
1497 4683 1558 4736 τὸ
1587 4684 1820 4754 πρᾶγμα
1850 4682 2020 4746 ἀξίως

431 4775 547 4846 ἔχει
578 4777 600 4808 ⁸
622 4776 901 4846 γενέσθαι,
933 4776 1236 4848 τηνικαῦτα
1267 4777 1358 4828 καὶ
1392 4774 1596 4845 μᾶλλον
1620 4777 1742 4836 ταῖς
1769 4776 2019 4845 αἰτήσεσι

429 4867 640 4923 τούτων
697 4869 1012 4922 ἐπαινετέον
1067 4869 1195 4932 τοὺς
1229 4867 1473 4931 ἄνακτας
1508 4867 1604 4920 καὶ
1655 4867 1964 4936 παρεκτέον
1996 4865 2016 4898 ⁹

2142 3205 2423 3260 exercitus
2447 3205 2687 3269 ducere,
2718 3206 2883 3260 urbes
2922 3205 3334 3271 administrare,
3372 3216 3568 3276 gentes
3595 3208 3733 3262 diri-

2139 3314 2290 3368 gere,
2327 3307 2382 3353 et
2411 3298 2686 3369 quidquid
2735 3298 3109 3354 Romanorum
3157 3299 3394 3369 imperio
3429 3300 3728 3356 utilitatem

2139 3392 2356 3456 afferat,
2387 3392 2616 3461 exsequi
2652 3393 2876 3456 callent,
2901 3393 3056 3463 justo
3081 3393 3293 3447 honore
3310 3403 3731 3463 prosequuntur

2138 3494 2415 3556 quotquot
2429 3485 2636 3540 civium
2655 3486 2798 3540 bene
2817 3485 3064 3539 sentiunt
3088 3504 3100 3539 :
3117 3485 3400 3555 quomodo
3421 3485 3728 3556 principes.

2137 3581 2232 3650 qui
2262 3595 2490 3649 scopum
2522 3579 2884 3634 consiliorum
2920 3595 2948 3634 a
2981 3579 3115 3634 viris
3151 3579 3488 3634 venerandis
3515 3588 3572 3634 et
3612 3580 3726 3634 vita

2135 3687 2293 3742 aeque
2350 3687 2416 3726 ac
2474 3670 2724 3726 moribus
2797 3670 2912 3726 Deo
2983 3670 3262 3726 similibus
3329 3671 3726 3740 prodenntium

2130 3763 2278 3834 justa
2314 3762 2474 3816 lance
2514 3761 2827 3830 ponderare
2880 3760 3070 3814 valent
3097 3800 3112 3822 ,
3160 3760 3528 3815 consiliorum
3552 3801 3566 3826 ,
3603 3777 3728 3830 qua:

2135 3853 2341 3907 nonad
2395 3853 2671 3906 exteriora
2703 3859 2976 3920 spectant,
3020 3851 3116 3906 sed
3158 3853 3551 3922 praestantiora
3599 3862 3729 3908 sunt

2133 3954 2190 4001 et
2236 3946 2434 4001 anima:
2479 3945 2583 4016 ipsi
2631 3951 2888 4013 prosunt,
2949 3945 3061 3999 imo
3109 3961 3283 4001 unum
3343 3954 3402 4001 et
3464 3947 3723 4010 alterum,

2131 4038 2349 4093 favente
2409 4036 2658 4107 potentia
2707 4036 2914 4101 divina,
2961 4046 3246 4107 praestant,
3300 4038 3602 4108 quomodo,
3636 4040 3723 4093 in-

2131 4146 2318 4200 quam,
2339 4145 2448 4183 non
2475 4128 2674 4184 deceat
2697 4144 2879 4199 reges,
2919 4128 3136 4184 facilem
3169 4131 3420 4200 prmbere
3445 4131 3637 4186 aurem
3667 4143 3726 4187 et

2069 4221 2072 4223 λ
2131 4238 2254 4293 qua:
2305 4231 2572 4293 petuntur
2621 4220 2690 4277 ad
2740 4222 2906 4276 finem
2962 4223 3320 4293 perducere?
3365 4224 3638 4280 Caeterum
3675 4227 3722 4280 si

2131 4314 2212 4370 rei
2240 4315 2400 4370 bona:
2444 4315 2624 4384 majus
2652 4315 2926 4370 accrescit
2965 4316 3210 4385 pretium
3243 4331 3273 4370 a
3302 4315 3581 4386 precibus,
3609 4331 3722 4371 non

2130 4405 2262 4475 quia
2299 4405 2377 4459 illi
2403 4405 2692 4475 petierint,
2725 4404 2822 4460 sed
2855 4405 3005 4475 quod
3042 4420 3132 4460 res
3166 4421 3266 4475 per
3293 4422 3351 4461 se
3374 4413 3621 4475 spectata
3651 4406 3721 4462 ad

2129 4497 2390 4553 eﬂcctum
2425 4497 2652 4567 perduci
2705 4507 3009 4564 mereatur,
3064 4499 3240 4552 multo
3271 4499 3459 4568 potius
3505 4499 3721 4569 princi-

2131 4607 2262 4661 pum
2283 4599 2388 4656 est,
2414 4591 2676 4660 precibus
2713 4590 2936 4645 illorum
2969 4591 3238 4646 accedere
3261 4600 3456 4662 ctqum
3487 4608 3721 4663 rogave-

2130 4686 2244 4741 rint
2271 4694 2558 4756 prazstare,
2597 4694 2658 4740 ut
2684 4701 2796 4740 non
2832 4685 2997 4741 modo
3020 4685 3152 4750 illis,
3180 4686 3277 4741 sed
3307 4686 3724 4757 etiamjustitia:

2124 4777 2487 4833 satisfaciant.
2549 4777 2668 4833 Iloc
2710 4793 2861 4833 nunc
2909 4778 3046 4833 mihi
3079 4779 3370 4848 'eontingit
3418 4779 3611 4834 videre
3644 4779 3723 4834 fa-

2123 4884 2297 4936 ctum,
2338 4872 2469 4927 dum
2501 4871 2774 4942 insignem
2814 4873 3018 4928 montis
3046 4872 3192 4928 Sinze
3225 4874 3425 4928 incolis
3447 4873 3719 4928 honorem

431 4959 576 5031 ἅπερ
604 4961 864 5027 ἐθέλοιεν,
901 4960 966 5014 ἵν’
998 4955 1108 5028 εἷεν
1137 4959 1198 5012 οὐ
1229 4959 1390 5030 μόνον
1417 4959 1620 5022 αὐτοῖς,
1658 4958 1797 5012 ἀλλὰ
1825 4958 1919 5011 καὶ
1942 4957 2020 5029 τῷ

2133 4959 2338 5024 tribuo,
2386 4960 2722 5015 sanctissimi
2760 4977 2824 5017 ac
2867 4977 3082 5017 summe
3115 4963 3415 5018 venerandi
3442 4973 3724 5033 metropoo

428 5053 628 5125 δικαίῳ
652 5055 798 5108 κατὰ
827 5055 887 5107 τὸ
911 5053 1060 5118 εἰκὸς
1083 5052 1438 5124 χαριζόμενοι
1471 5053 1537 5106 ¹⁰.
1566 5050 1740 5105 Τοῦτο
1774 5051 1870 5105 καὶ
1893 5051 2020 5122 ἄρτι

424 5149 495 5218 τῇ
535 5145 786 5219 βασιλείᾳ
831 5164 934 5218 μου
965 5146 1232 5217 πάρεστιν
1288 5145 1416 5198 ἰδεῖν
1461 5143 1880 5215 ἐκτελοὺμενον,
1911 5143 2018 5197 δω-

429 5241 672 5315 ρουμένῃ
702 5245 817 5306 τοῖς
861 5243 921 5295 ἐν
946 5241 1025 5312 τῷ
1054 5241 1171 5312 ὄρει
1203 5241 1335 5294 Σινᾶ
1365 5240 1536 5311 τιμὴν
1563 5241 1664 5310 τὴν
1695 5238 2021 5311 ὑπερτιμονο

421 5335 587 5390 τοῦτο
636 5335 736 5408 μὲν
782 5334 850 5389 δι’
879 5334 1093 5390 ἱκεσίαν
1132 5335 1200 5406 ἢν
1243 5335 1542 5407 ἐποιήσατο
1593 5333 1733 5404 πρὸς
1767 5333 1867 5403 ἐμὲ
1918 5334 1960 5363 “
1995 5333 2023 5385 ὁ

2125 5053 2237 5107 lita:
2285 5051 2646 5108 Ptolemaidis
2672 5053 2935 5124 precibus
2963 5063 3272 5124 permotus.
3293 5055 3549 5124 Iniquum
3569 5055 3716 5109 enim

2125 5145 2362 5199 omnino
2383 5145 2597 5210 censui,
2642 5145 2790 5216 justa
2827 5146 3040 5215 petenti
3069 5145 3216 5200 haud
3246 5145 3438 5200 faciles
3466 5145 3717 5215 przebere

2123 5253 2307 5300 aures,
2357 5247 2455 5292 aut
2507 5237 2785 5309 denegare
2837 5253 2961 5308 quze
3006 5239 3157 5309 justo
3193 5237 3457 5290 damnum
3507 5237 3714 5292 aﬂ'crre

2121 5331 2482 5391 videbantur.
2540 5331 2814 5387 Praaterea
2855 5346 3015 5386 mons
3056 5330 3173 5395 ille,
3212 5346 3280 5386 ex
3328 5346 3450 5385 mea
3487 5331 3714 5401 quidem

1704 5447 1944 5504 VARUE
1987 5447 2401 5503 LECTIONES.

500 5542 515 5625 ξ
547 5541 682 5625 (Ζοᾶέ
719 5543 916 5625 llresd:
951 5543 1209 5625 Ὀρισμδς
1237 5544 1332 5598 τοῦ
1360 5545 1628 5625 βασιλέως
1656 5543 2096 5625 ’Ἰουστινιανοῦη
2120 5542 2178 5596 ὃν
2230 5543 2488 5625 ἐποίησεν
2523 5541 2612 5625 διᾲ
2663 5541 2726 5625 to
2786 5540 3162 5625 0:606d5t630‘ln
3184 5540 3318 5625 ὄρος.
3363 5539 3425 5594 τὸ
3476 5539 3711 5625 Σίναῖιον.

420 5612 450 5684 ξ
476 5611 552 5665 Ita
578 5613 701 5684 cod.
735 5614 930 5679 Dresd,
957 5630 986 5667 a
1013 5610 1191 5684 prima
1218 5610 1382 5670 manu
1411 5633 1426 5682 ;
1450 5617 1575 5671 cod.
1608 5616 1760 5684 Lips.
1803 5624 1860 5670 ct
1889 5622 2172 5670 corrector
2194 5610 2401 5668 codicis
2432 5612 2624 5684 Dresd.
2678 5615 2759 5684 είς
2807 5611 3102 5684 ὑπηρετῶν
3118 5610 3420 5684 βασιλέων.

3525 5610 3545 5640 ³
3573 5609 3711 5665 Cod.

421 5681 616 5767 Qresd.
646 5678 1124 5767 xataazpafﬁoat:
1202 5685 1224 5716 ⁸
1252 5678 1608 5767 Ουρλῠιςρεει.
1638 5678 1840 5767 {illa
1869 5688 1942 5767 τὸι
1959 5685 2198 5767 ,τοιαῦτα
2220 5691 2455 5767 ;_ppstea
2492 5681 2636 5736 idem
2669 5678 2949 5767 δεομένοις
2981 5697 3082 5767 ι)ξο
3112 5678 3441 5767 δεδομένρις.
3495 5680 3540 5767 7"

421 5751 618 5825 Dresd.
649 5770 761 5809 om.
795 5751 905 5808 τῶν
934 5751 1214 5825 ὑπηκόων.

419 5823 443 5852 ³
479 5823 634 5884 Ἔκει
663 5823 1164 5900 '~_i_ta__Dresd.,'n_on
1211 5825 1380 5900 habet
1418 5827 1567 5900 Lips.

422 5909 611 5965 μενον.
688 5897 728 5928 ¹¹
761 5896 898 5954 Cod.
927 5896 1122 5954 Dresd.
1151 5898 1285 5969 πρός
1318 5915 1408 5970 με.

1325 5757 1346 5789 ⁸
1373 5756 1513 5828 Cod.
1552 5755 1701 5828 Lips.
1741 5755 2127 5828 πλησιάζουσι.

1674 5829 1694 5860 ⁹
1721 5827 1799 5884 lla
1838 5824 2001 5906 :Lips.
2052 5825 2251 5895 habet;
2286 5824 2482 5882 Dresd.
2524 5824 2820 5898 παρητέον.

2237 5751 2510 5806 "Torith
2568 5768 2636 5807 ex
2677 5753 2803 5813 cod.
2856 5751 3054 5811 Dresd.
3118 5761 3244 5819 est;
3285 5751 3438 5822 Lips.
3480 5751 3709 5822 omittit.

2923 5824 2967 5857 ⁸ο
2997 5823 3238 5896 Uterque
3280 5821 3453 5881 codex
3487 5821 3712 5888 γαριζό-
