4148 6490
439 448 574 517 1151

1317 449 1762 511 ΠΙΞΤΙΝΙΑΝΙ
1793 449 2322 513 IMPERATORIS
2376 453 2623 512 BUI.L;\
2673 448 2956 514 AUREA.

3583 453 3720 521 1152

429 569 731 636 sententia,
761 570 916 624 omni
966 568 1327 623 veneratione
1363 577 1529 638 atque
1574 569 1788 624 honore
1824 570 2028 640 dignus
2058 627 2059 632 η

2131 572 2496 642 Πτολεμαΐδος
2526 572 2938 642 μητροπολίτης
2981 572 3009 625 ό
3039 571 3341 644 ἱερώτατος
3379 571 3475 626 καὶ
3501 574 3720 646 ὑπέρτιο

429 671 539 728 est,
583 663 723 718 adeo
757 669 819 716 ut
850 677 950 731 per
986 661 1258 716 honorem
1309 660 1388 714 illi
1428 660 1741 715 exhibitum
1792 678 2024 733 regnum

431 770 617 808 meum
658 751 923 807 honorari
966 753 1301 818 existimem,
1339 753 1614 822 siquidem
1643 761 1700 808 et
1727 755 1877 809 Deus
1919 756 2026 811 scit

431 847 706 902 honorare
762 862 863 901 eos
922 845 1018 916 qui
1083 845 1263 916 ipsum
1313 846 1528 902 honore
1581 860 2020 918 prosequuntur.

429 941 587 995 Mons
632 940 783 996 enim
819 941 934 1005 hic,
979 941 1232 995 omnium
1270 941 1412 996 intra
1457 941 1637 995 nostri
1676 941 1831 1008 regni
1885 941 2023 996 ﬁnes

427 1033 758 1098 altissimus,
784 1043 871 1088 est
905 1049 1064 1087 mons
1093 1034 1317 1088 divinus
1354 1044 1410 1088 et
1435 1049 1613 1096 sacer,
1645 1035 1942 1089 umbrosus
1966 1044 2022 1088 et

426 1143 655 1195 opacus,
688 1137 1009 1180 sanctorum
1043 1127 1312 1196 operibus
1334 1136 1389 1180 et
1424 1126 1607 1180 omnis
1653 1126 1876 1197 generis
1911 1127 2023 1180 vir-

429 1219 642 1273 tutibus
680 1219 930 1274 illustris.
972 1218 1148 1285 Quem
1189 1218 1234 1274 si
1284 1220 1410 1289 quis
1470 1219 1713 1272 voluerit
1769 1219 2020 1273 sanctili-

427 1310 670 1366 cationis
718 1311 905 1365 locum
957 1318 1014 1363 et
1063 1311 1290 1365 domum
1343 1311 1438 1365 Dei
1495 1311 1662 1365 Israel
1713 1312 2015 1380 appellare,

427 1418 593 1470 quam
655 1404 910 1471 proxime
945 1404 1012 1458 ad
1051 1404 1346 1458 veritatem
1389 1401 1649 1466 accedet;
1711 1410 1767 1455 et
1815 1402 1858 1456 si
1893 1402 2020 1470 quis

426 1493 745 1548 accuratius
787 1494 1067 1564 inquirat,
1129 1494 1380 1564 profecto
1429 1493 1617 1546 divina
1668 1493 1784 1547 haec
1821 1493 2018 1548 domus

428 1583 632 1637 referta
662 1592 747 1639 est
783 1586 952 1639 multa
980 1585 1177 1655 gloria,
1215 1585 1354 1639 adeo
1388 1594 1448 1638 ut
1479 1585 1600 1638 hoc.
1621 1585 1740 1653 ipso
1770 1595 2018 1654 tempore

430 1675 707 1729 tantillum
743 1678 932 1748 gloria;
965 1677 1022 1730 in
1062 1693 1292 1746 regnum
1324 1692 1508 1730 meum
1557 1676 1684 1730 inde
1717 1676 2014 1730 redundet.

429 1765 522 1822 Sic
551 1769 742 1836 etiam,
787 1785 953 1839 quam
1008 1770 1319 1840 antiquitus
1364 1769 1583 1832 habuit,
1611 1769 1787 1838 gloria
1839 1768 2016 1839 magis

427 1861 712 1930 magisque
739 1869 996 1931 augetur,
1029 1860 1339 1916 secundum
1373 1861 1722 1931 prophetam.

2133 680 2253 733 μος.
2284 663 2360 716 Οὐ
2391 661 2502 732 γὰρ
2533 662 2725 732 ἔκρινα
2747 662 2885 726 ὅλως
2917 659 3066 726 ἄξιον
3097 661 3173 732 μὴ
3197 662 3511 732 πειθηνίους
3543 665 3719 737 τούτῳ

2126 752 2314 806 δοῦναι
2344 751 2443 815 τὰς
2473 753 2648 815 ἀκοὰς
2678 750 2878 820 εὗλογα
2917 751 3228 823 αἰτουμένῳ
3266 753 3363 806 καὶ
3394 752 3431 807 ἃ
3461 752 3539 825 μὴ
3565 771 3720 808 τετε-

2126 845 2367 916 λεσμένα
2402 845 2480 916 τῷ
2520 845 2715 914 δικαίῳ
2746 845 2872 898 τινὰ
2903 845 3110 915 ζημίαν
3141 845 3207 899 ἂν
3245 848 3286 878 ¹²
3319 847 3716 918 πωεξένησαν.

2127 937 2300 992 Τοῦτο
2327 937 2384 990 δὲ
2411 938 2507 991 καὶ
2533 937 2622 990 διὰ
2662 937 2723 990 τὸ
2749 937 2924 999 ἄλλως
2947 936 3203 1007 ἡγεῖσθαι
3234 937 3297 991 τὸ
3325 937 3568 992 τοιοῦτον
3594 940 3718 1004 ὅρος

2128 1031 2412 1100 αἰδέσιμον
2463 1033 2559 1082 καὶ
2606 1032 2775 1100 τιμῆς
2825 1029 3042 1098 ἁπάσης
3095 1029 3466 1083 ὲπαπολαύειν
3509 1031 3717 1084 δίκαιον

2126 1123 2186 1176 ὃν
2218 1123 2282 1185 ⁸⁸,
2316 1121 2410 1175 καὶ
2449 1121 2693 1191 νομίζειν
2743 1121 2944 1191 μᾶλλον
2986 1122 3254 1193 τιμᾶσθαι
3301 1123 3402 1191 τὴν
3437 1122 3719 1192 βασιλείαν

2129 1233 2230 1284 μου
2267 1216 2329 1267 ἐκ
2360 1214 2460 1282 τῆς
2490 1213 2627 1282 πρὸς
2647 1212 2808 1266 τοῦτο
2837 1217 3024 1285 τιμῆς,
3053 1215 3177 1267 ἐπεὶ
3208 1215 3302 1268 καὶ
3335 1215 3582 1280 δοξάζειν
3607 1212 3715 1268 οἶδε

2126 1307 2256 1368 Θεὸς
2283 1309 2396 1369 τοῖς
2426 1306 2616 1358 τοῦτον
2649 1305 2988 1369 δοξάζουσιν.
3021 1307 3186 1374 Ὄρος
3213 1306 3322 1377 γὰρ
3344 1305 3504 1359 τοῦτο
3543 1309 3716 1377 ὑπερ-

2123 1398 2364 1468 ηρμένον
2398 1398 2509 1450 τῶν
2544 1397 2668 1450 καθ’
2693 1401 2863 1469 ἡμᾶς,
2891 1398 3012 1470 ὅρος
3048 1399 3193 1452 θεῖον
3225 1401 3318 1451 καὶ
3350 1399 3643 1470 ἀ66ακοίιμ
3671 1399 3718 1430 ¹⁶

2121 1491 2257 1545 δασὺ
2283 1491 2378 1544 καὶ
2410 1491 2712 1544 κατάσκιον
2741 1494 2860 1554 ταῖς
2889 1492 3001 1545 τῶν
3030 1492 3200 1560 ἁγίων
3238 1492 3280 1524 ¹³
3311 1492 3599 1561 ἐργασίαις
3622 1491 3716 1545 καὶ

2119 1584 2341 1654 ἀρεταῖς
2372 1585 2658 1648 παντοίαις
2696 1585 3034 1656 κατάκομον.
3068 1587 3129 1639 Εἰ
3171 1585 3226 1639 δὲ
3253 1587 3347 1640 καὶ
3371 1587 3715 1656 ἁγιάσματος

2118 1677 2282 1730 τόπον
2311 1677 2541 1730 καλέσαι
2571 1695 2656 1739 τις
2689 1677 2945 1746 βούλεται
2991 1679 3086 1732 καὶ
3115 1673 3265 1730 οἷκον
3312 1678 3404 1731 τοῦ
3431 1677 3570 1730 Θεοῦ
3616 1679 3716 1730 Ἰα-

2119 1769 2258 1834 κὼϐ,
2291 1770 2573 1842 προσφυὲς
2631 1771 2732 1840 μὲν
2778 1771 2841 1824 τὸ
2890 1772 3127 1841 πρᾶγμα
3162 1772 3257 1825 καὶ
3304 1774 3404 1842 τῆς
3451 1769 3716 1838 ἀληθείας

2121 1861 2304 1932 ἄκρως
2320 1861 2598 1930 ὲχόμενον’
2620 1862 2722 1915 κᾶν
2744 1879 2830 1926 τις
2859 1862 3090 1933 θεωροίη
3115 1861 3359 1933 τρανώτε
3369 1879 3480 1932 ρον,
3501 1861 3717 1930 πλήρης

425 1953 455 2005 ό
483 1951 625 2016 θεῖος
666 1946 822 2017 οὗτος
865 1950 1012 2018 οἷκος
1058 1953 1219 2021 δόξης
1273 1952 1475 2021 πολλῆς
1523 1953 1664 2022 πλὴν
1709 1952 1886 2018 ἔσται,
1934 1955 2040 2006 κάν
2078 1957 2190 2018 τοῖς
2232 1954 2485 2024 ἐσχάτοις
2524 1953 2737 2018 τούτοις
2772 1957 2989 2025 καιροῖς
3029 1957 3198 2026 μέρος
3225 1972 3278 2007 τι
3310 1954 3468 2023 δόξης
3501 1954 3548 1985 ¹⁶
3582 1955 3716 2007 ἀπο-

427 2045 795 2117 νενεμημένον
831 2044 992 2099 τοῦτο
1036 2045 1190 2119 παρὰ
1219 2046 1320 2117 τῆς
1361 2044 1642 2116 βασιλείας
1689 2063 1815 2117 μου.
1856 2045 2016 2099 Οὖτω
2056 2047 2148 2100 καὶ
2183 2047 2250 2117 ἣν
2316 2042 2432 2116 εἶχε
2464 2049 2632 2102 πάλαι
2680 2048 2780 2101 ἴδοι
2833 2065 2918 2112 τις
2966 2047 3034 2102 ἂν
3077 2048 3172 2100 ἐπὶ
3235 2047 3299 2101 τὸ
3343 2045 3531 2118 μεῖζον
3574 2044 3718 2100 κατὰ

425 2138 519 2192 τὸν
554 2138 845 2208 προφήτην
887 2136 1328 2206 προκόπτουσαν.

495 2229 640 2296 Quid
663 2238 844 2284 autem
879 2229 982 2284 sibi
1013 2229 1148 2284 velit
1193 2229 1302 2284 hoc
1331 2227 1616 2282 decretum
1654 2226 1866 2297 regium
1898 2227 2008 2295 jam
2046 2233 2059 2286 |

2187 2224 2375 2278 Ταῦτα
2407 2225 2539 2292 γοῦν
2591 2225 2653 2278 τὸ
2702 2224 2878 2295 παρὸν
2911 2225 3012 2294 τῆς
3059 2222 3342 2292 βασιλείας
3377 2241 3482 2294 μου
3537 2225 3711 2294 πρόσ-

428 2320 637 2375 dicam.
720 2319 1050 2388 Quicunque
1125 2319 1472 2388 temporibus
1541 2317 2019 2387 subsequentilms

428 2411 653 2482 praeerit
685 2412 858 2464 monti
897 2409 1072 2475 Sina),
1105 2409 1343 2480 gaudeat
1373 2409 1640 2479 dignitate
1686 2409 2016 2478 primorum,

427 2511 486 2557 et
520 2503 666 2558 inter
685 2517 783 2556 eos
811 2501 905 2572 qui
942 2501 1062 2571 pari
1088 2509 1219 2556 sunt
1245 2500 1518 2571 dignitate
1545 2502 1774 2555 tertium
1800 2516 2022 2569 semper

432 2603 620 2650 teneat
645 2595 856 2656 locum,
886 2609 1067 2664 eoque
1109 2594 1322 2648 honore
1358 2593 1576 2647 fruatur
1614 2592 1668 2645 iu
1705 2592 2020 2662 processio-

431 2687 620 2750 nibus,
650 2685 948 2748 cathedris,
993 2685 1247 2740 conciliis
1273 2695 1329 2740 et
1357 2684 1761 2748 conventibus;
1791 2691 2021 2752 praeter—

431 2793 498 2832 ea
528 2777 793 2832 induatur
847 2775 1099 2830 vestibus
1133 2790 1478 2830 summorum
1523 2773 1897 2835 sacerdotum,
1925 2772 2021 2841 qui

431 2869 488 2924 in
523 2868 719 2923 eodem
773 2868 985 2922 honore
1017 2875 1074 2922 et
1108 2867 1242 2921 olim
1289 2867 1445 2921 fuere
1478 2865 1732 2921 collocati
1777 2875 1835 2919 et
1871 2880 2021 2920 nunc

431 2970 584 3024 sunt,
607 2967 664 3015 et
697 2960 778 3012 sic
809 2974 1155 3028 quaecunque
1202 2958 1348 3022 illis,
1385 2956 1517 3011 huic
1558 2972 1779 3027 quoque
1814 2971 2021 3010 conve-

431 3051 622 3112 nient,
673 3050 746 3103 ita
786 3061 845 3103 ut
879 3049 931 3102 in
963 3048 1116 3103 nulla
1147 3063 1207 3103 re
1238 3046 1468 3102 inferior
1496 3047 1590 3101 sit.
1618 3047 1731 3101 Hae
1757 3046 1905 3100 enim
1951 3045 2021 3100 de

428 3159 600 3197 causa
627 3141 818 3196 datum
867 3149 954 3196 est
993 3142 1101 3196 hoc
1149 3141 1436 3196 decretum
1470 3137 1626 3210 regni
1657 3139 1788 3192 mei.
1835 3139 2022 3194 Mense

426 3233 746 3289 Graecorum
775 3233 1019 3288 Panemo
1040 3247 1138 3288 seu
1157 3231 1330 3298 Julio,
1363 3231 1669 3287 indictione
1695 3230 1786 3284 14.

2125 2332 2311 2384 ταγμα
2344 2315 2616 2384 βούλεται.
2642 2317 2794 2387 Τιμᾷ
2833 2316 2942 2386 γὰρ
2971 2317 3004 2387 ἡ
3031 2316 3279 2384 βασιλεία
3313 2334 3416 2385 μου
3450 2317 3544 2370 τὸν
3571 2317 3715 2372 κατά

2127 2405 2355 2474 καιροὺς
2389 2407 2446 2458 ἐν
2487 2405 2565 2476 τῷ
2595 2407 2725 2477 Σινᾷ
2762 2407 3209 2477 προστησόμενον
3249 2407 3357 2460 τῶν
3385 2407 3712 2477 ὑπερτίμων

2117 2496 2193 2566 τῷ
2226 2496 2516 2567 ἀξιώματι,
2537 2498 2632 2551 καὶ
2648 2499 2945 2570 διορίζεται
2972 2501 3433 2571 συναριθμεῖσθαι
3462 2500 3650 2572 τρίτον
3667 2501 3710 2533 ¹⁷

2121 2593 2234 2652 τοῖς
2277 2589 2420 2642 οὕτω
2446 2589 2843 2660 τετιμημένοις
2883 2593 2942 2644 ἐν
2979 2593 3152 2646 ἅπασι
3197 2593 3293 2645 καὶ
3344 2593 3713 2661 συντιμᾶσθαι

2123 2684 2181 2734 ἐν
2220 2685 2342 2744 ταῖς
2387 2683 2660 2752 προόδοις,
2703 2682 3024 2753 καθέδραις,
3071 2684 3296 2737 στάσεσι
3335 2702 3395 2736 τε
3444 2685 3538 2738 καὶ
3584 2701 3712 2737 συν-

2125 2774 2394 2828 ελεύσεσι·
2429 2775 2834 2845 ἀμφιέννυσθαι
2858 2775 2916 2828 δὲ
2953 2776 3050 2829 καὶ
3075 2776 3263 2846 ἄμφια
3289 2779 3450 2831 ὁποῖα
3480 2778 3574 2830 καὶ
3604 2778 3713 2832 τῶν

2127 2869 2451 2940 ἀρχιερέων,
2487 2870 2677 2922 ὁπόσοι
2709 2869 2809 2940 τὴν
2843 2869 3100 2939 τοιαύτην
3131 2871 3298 2942 τιμὴν
3338 2872 3402 2924 ὲκ
3449 2870 3557 2924 τῶν
3585 2871 3713 2924 ἔκα-

2129 2962 2222 3015 θεν
2259 2963 2468 3032 χρόνων
2497 2962 2591 3015 καὶ
2619 2961 2714 3016 νῦν
2743 2963 3044 3017 ἀπέλαϐον.
3077 2961 3258 3016 rma
3300 2979 3357 3015 τε
3401 2964 3579 3016 πάντα
3609 2963 3715 3018 ὅσα

2127 3051 2358 3117 τούτοις,
2392 3053 2486 3106 καὶ
2521 3053 2698 3124 τούτῳ
2733 3054 3056 3126 πρόσεσται,
3086 3053 3228 3108 κατὰ
3253 3054 3421 3124 μηδὲν
3456 3053 3712 3107 ἐλαττού-

2132 3160 2292 3213 μενα.
2336 3144 2459 3196 Ἐπὶ
2484 3143 2661 3216 τούτῳ
2699 3148 2808 3217 γὰρ
2856 3147 3102 3215 ἐγεγόνει
3131 3147 3225 3200 καὶ
3250 3149 3278 3200 ὁ
3320 3145 3512 3218 παρὼν
3535 3148 3579 3179 ¹⁸
3598 3147 3712 3218 ὁρι-

2128 3235 2266 3305 σμὸς
2297 3236 2397 3304 τῆς
2431 3236 2710 3305 βασιλείας
2753 3256 2878 3310 μου.
2925 3237 3082 3292 Κατὰ
3119 3238 3263 3309 μῆνα
3295 3238 3550 3310 Πάνεμον
3589 3238 3711 3292 Ἑλ-

2125 3325 2338 3397 ληνιστὶ
2361 3327 2529 3396 1Ιγγουν
2573 3329 2792 3387 Ἰούλιον
2829 3333 2902 3399 ",
2929 3331 3259 3395 ίνδικτίωνος
3301 3328 3359 3384 ιδ’
3385 3331 3454 3386 ³⁸.

1716 3481 1954 3540 VARUE
1992 3480 2397 3544 LECTIONES.

506 3635 550 3667 “
588 3631 722 3711 ’τινὰ
775 3631 980 3711 ζημίαν
1037 3629 1125 3711 ἄν.
1179 3630 1271 3711 ita_
1311 3627 1677 3711 emendanda
1729 3623 2024 3711 videbatur
2102 3625 2376 3711 scriptura
2463 3625 2938 3711 codicumhLips.
3005 3627 3103 3711 την
3172 3627 3378 3711 ζημίαν
3429 3628 3518 3701 ἢν,
3549 3629 3707 3711 _item

433 3703 629 3759 Dresd.
687 3702 893 3757 omisso

939 3703 1028 3769 ἦν.
1074 3700 1205 3755 Post
1257 3699 1312 3754 in
1355 3701 1555 3755 Dresd.
1599 3695 2126 3769 est___1ggos§évnasv_.

2235 3697 2380 3770 "__6v
2431 3712 2498 3770 ex
2549 3697 2675 3770 cod.
2723 3697 2932 3770 Dresd.
2997 3705 3123 3770 est;
3185 3697 3240 3754 in
3312 3697 3464 3770 Lips.
3531 3699 3703 3756 deest.

435 3775 482 3807 “
515 3774 642 3829 Haac
697 3789 802 3828 vox
847 3762 1150 3826 derivanda
1192 3771 1414 3826 videtur
1465 3770 1534 3826 ab
1575 3781 1655 3853 113
1689 3765 1906 3838 (ἆϐὅας)
1945 3762 2004 3820 et
2053 3762 2211 3852 ctin
2259 3765 2478 3840 (locus)
2525 3767 2642 3822 sive
2688 3767 2757 3822 ab
2799 3768 2966 3838 hujus
3019 3769 3205 3824 radice
3244 3762 3396 3850 mp."
3449 3770 3492 3803 ¹⁵
3539 3771 3708 3840 ἁγίων

436 3880 799 3950 τοροδαὶπιυε
820 3893 921 3950 pro
949 3877 1188 3950 dperthv,
1211 3877 1359 3947 quod
1391 3875 1446 3950 in
1488 3883 1724 3950 utroqqe
1749 3870 1941 3950 codice
1967 3872 2234 3950 scriptum
2264 3881 2365 3950 est.

434 3941 583 4019 qu'od
619 3950 676 4005 in
703 3941 999 4004 codicibus
1021 3941 1354 4019 nostris'est.
1434 3949 1475 4019 {7
1510 3941 1659 4019 Cod;
1674 3941 1865 4019 Dresd.
1909 3941 2112 4019 τρίτος.
2193 3943 2239 4019 ίξ
2268 3941 2403 4019 Cod.
2436 3943 2632 3997 Dresd.
2683 3944 2764 4019 τὺ,
2787 3945 2992 4019 παρόν,
3015 3941 3263 4019 ὀργίσμόςτ

435 4011 546 4076 ξλλ.
574 4021 762 4092 ἦγουν·
800 4020 917 4074 lucc
949 4018 1210 4092 e_Dre_sd.
1244 4016 1605 4092 sumpsimus,
1639 4013 1800 4092 Lips._
1821 4011 1954 4092 non
1978 4012 2165 4068 habet.
2207 4011 2400 4092 I_)_resd.
2433 4023 2592 4092 antea
2629 4014 2780 4092 grai-cdt

2470 3873 2516 3906 '°
2541 3890 2593 3926 τι
2614 3872 2774 3941 δόξης
2799 3889 2812 3903 ·
2857 3873 2933 3930 ita
2980 3875 3301 3944 scripsimus
3326 3891 3430 3945 pro
3462 3878 3494 3945 ἢ
3525 3876 3703 3948 δόξης,

2470 3943 2608 3979 ὶνηαΑ
2683 3944 2744 3979 φλ
2787 3945 2958 3979 «anAn
3015 3947 3240 3979 ᾹΑιρηΑ-
3380 3947 3422 3979 η
3458 3949 3703 3979 Πριηρηλυ

2827 3950 2958 4012 αρόν
2977 3986 2992 4008 ,
3015 3950 3263 4017 ὁρισμός.
3380 3950 3422 3979 ¹⁹
3458 3950 3709 4017 Πάνεμον

2826 4016 3000 4085 μῆναν
3077 4016 3121 4048 ⁸⁸
3145 4016 3204 4070 ln
3231 4017 3337 4071 line
3363 4017 3487 4071 cod.
3517 4018 3707 4071 Dresd.

433 4083 684 4146 additum
711 4091 880 4145 habet
910 4108 923 4144 :
958 4085 1071 4159 εἶχε
1106 4088 1164 4142 δὲ
1195 4088 1290 4159 καὶ
1315 4083 1540 4159 σημεῖον
1568 4086 1668 4154 (ita
1693 4083 1935 4159 ⁸νίιίοιιιι·
1962 4083 2353 4154 compendium
2393 4083 2545 4154 quod
2575 4083 2736 4139 adest
2779 4083 3072 4155 legendum
3125 4086 3270 4158 esse)
3330 4087 3420 4141 διὰ
3468 4088 3711 4159 ὲρυθρῶν

434 4161 780 4233 γραμμάτων
801 4159 901 4231 τῆς
929 4153 1080 4223 θείας
1110 4159 1206 4213 καὶ
1237 4153 1524 4230 βασιλικῆς
1551 4153 1759 4228 χειρός.

458 4354 1632 4383 --Ψ-Ι--ῇιηκ-

953 4527 1496 4621 EJUSDEM
1568 4530 1996 4622 JUSTIN
2021 4531 2050 4619 Ι
2075 4530 2273 4621 ANl
2355 4531 3184 4626 IMPERATORIS

1616 4781 2520 4910 NOVELLfE

1435 5042 1548 5106 AC
1589 5042 1876 5105 LEGES
1931 5042 2716 5108 ECCLESIASTICE.

1148 5350 1428 5432 (Exstant
1470 5351 1848 5434 Patrologice
1877 5353 2117 5414 Latina:
2144 5356 2190 5414 t.
2218 5353 2455 5431 LXXII,
2487 5350 2610 5415 col.
2658 5346 3027 5434 921-1110.)

1865 5693 2304 5722 -—-..-—-
