4148 6446
468 409 602 474 1165

1677 411 1944 472 CAPITA
1985 410 2538 472 ADMONITORIA.

3603 422 3766 488 1166‘

463 527 734 594 φυλακὴν,
784 524 878 578 καὶ
930 523 1036 577 τῶν
1093 523 1211 576 κατ’
1265 521 1430 574 αὐτοῦ
1498 521 1822 575 λυσσώντων
1868 522 2054 576 ἐκδιώ-

2161 538 2349 578 eorum
2401 524 2496 594 qui
2545 523 2842 578 adversum
2896 526 3074 596 ipsum
3131 527 3438 595 insaniunt,
3476 531 3738 588 latratum

463 618 560 688 ξῃς
609 618 706 688 τὴν
741 615 970 686 ﬂuxa?“
1003 615 1108 668 ὑπὸ
1151 616 1258 668 τῶν
1315 616 1480 668 αὐτώ
1517 617 1590 685 (6)
1628 612 2050 686 βασιλευόμενος

463 711 666 781 νόμιον,
702 711 798 763 καὶ
825 709 935 762 τῶν
961 708 1066 761 ὐπὸ
1099 708 1158 762 σὲ
1201 708 1504 775 βασιλεύων
1536 708 1797 779 ἐννόμως.

1079 800 1331 853 ΚΕΦΑΛ.
1363 801 1416 851 B'
1426 839 1438 851 .

547 892 636 952 Ὠς
662 892 1004 963 κυϐερνήτης
1036 892 1310 961 ἀγρυπνεῖ
1341 891 1428 944 διὰ
1462 889 1687 955 παντὸς,
1719 893 1747 944 6
1775 890 1868 944 τοῦ
1894 890 2053 961 βασι-

462 986 600 1048 λέως
658 985 1045 1055 πολυόμματος
1083 983 1228 1047 νοῦς,
1270 983 1608 1053 διακατέχων
1649 982 1910 1051 ἀσφαλῶς
1949 983 2054 1052 τῆς

465 1079 726 1150 εὐνομίας
749 1080 876 1142 τοὺς
901 1078 1118 1143 οἴακας,
1145 1077 1243 1131 καὶ
1267 1077 1662 1146 ἀπωθούμενος
1689 1079 1811 1147 ίσχυ
1823 1077 1932 1147 ρῶς
1953 1077 2056 1147 τῆς

464 1172 696 1244 ἀνομίας
723 1173 850 1235 τοὺς
873 1169 1109 1242 ῥύακας,
1137 1170 1224 1224 ἵνα
1253 1171 1314 1223 τὸ
1347 1171 1556 1240 σκάφος
1582 1173 1680 1241 τῆς
1703 1170 2053 1241 πογκοσμίου

465 1265 748 1328 πολιτείας
789 1265 866 1338 μὴ
897 1265 1209 1336 περιπίπτῃ
1241 1265 1489 1336 κύμασιν
1527 1265 1767 1340 ἀδικίας.

1083 1379 1336 1432 ΚΕΦΔΛ.
1371 1379 1446 1434 Γθ.

539 1473 694 1525 Θεῖον
740 1470 978 1542 μάθημα
1015 1471 1113 1524 καὶ
1156 1470 1379 1540 πρῶτον
1413 1471 1463 1523 oi
1495 1468 1797 1541 ἄνθρωποι,
1825 1469 1886 1522 τὸ
1914 1469 2055 1538 γνῶ.

465 1565 555 1618 ναί
599 1581 720 1618 τινα
776 1564 971 1616 ἑαυτὸν
1005 1563 1103 1634 (7),
1136 1563 1524 1634 διδασκόμεθα.
1588 1563 1646 1617 Ὀ
1697 1563 1807 1635 γάρ
1859 1563 2057 1618 ἑαυτὸν

466 1658 652 1725 γνοὺς,
684 1659 956 1726 γνώσεται
987 1656 1122 1710 Θεὸν
1147 1673 1162 1686 ο
1191 1656 1326 1709 Θεὸν
1354 1657 1411 1710 δὲ
1443 1657 1471 1708 ὁ
1503 1657 1686 1726 γνοὺς,
1714 1657 2056 1728 ὁμοιωθήσε-

467 1766 559 1802 ται
589 1749 708 1821 Θεῷ
733 1765 746 1777 ·
775 1748 1180 1820 ὁμοιωθήσεται
1225 1749 1284 1803 δὲ
1331 1742 1484 1818 ε’)εῷ,⁸
1505 1751 1533 1801 6
1563 1747 1713 1813 ἄξιος
1762 1750 2058 1819 γενόμενος

466 1843 605 1896 Θεοῦ
629 1859 643 1871 ·
672 1842 823 1908 ἄξιος
852 1841 910 1895 δὲ
935 1841 1145 1910 γίνεται
1179 1841 1341 1907 Θεοῦ,
1373 1844 1401 1896 ὁ
1435 1843 1601 1914 μηδὲν
1638 1843 1862 1911 ἀνάξιον
1890 1845 2056 1914 πράτ-

2156 615 2448 670 cohibercs
2487 635 2500 670 :
2555 617 2732 687 ipsius
2773 618 3216 689 obteinperandi)
3247 622 3482 692 legibus,
3510 641 3572 680 ac
3605 629 3740 682 subo

2154 705 2302 761 ditos
2330 707 2429 762 tibi
2466 710 2706 780 regendo
2736 711 3002 781 legitime.

2825 802 2979 858 CAP.
3014 805 3080 858 ll.

2223 891 2338 948 Ceu
2375 893 2739 964 gubernator,
2776 897 2969 967 vigilat
3015 915 3189 969 usque
3217 903 3356 957 adeo
3390 905 3746 974 imperatoris

2155 986 2578 1040 oculatissimus
2617 988 2957 1053 intellectus,
2991 992 3285 1049 continens
3313 996 3549 1052 ﬁrmiter
3573 1001 3748 1068 aequi-

2161 1077 2288 1130 tatis
2327 1078 2568 1142 clavum,
2612 1087 2779 1148 atque
2830 1083 3114 1151 expellens
3154 1085 3376 1142 fortiter
3405 1090 3746 1160 impetuosos

2158 1171 2468 1240 iniquitatis
2523 1172 2746 1238 ﬂuctus,
2789 1182 2851 1228 ut
2895 1191 2964 1229 ne
3007 1178 3200 1246 cymba
3233 1181 3526 1238 mundana:
3557 1184 3744 1254 reipu-

2159 1261 2316 1316 blicre
2350 1263 2599 1318 illidatur
2637 1263 2900 1320 ﬂuctibus
2922 1267 3260 1337 iniquitatis.

2809 1377 2960 1432 CAP.
3003 1379 3094 1434 ill.

2239 1465 2495 1520 Divinum
2545 1468 2946 1524 documentum
2995 1480 3052 1525 et
3103 1473 3476 1542 potissimum,
3516 1495 3616 1533 nos
3643 1481 3746 1534 ho—

2159 1555 2356 1622 mincs,
2406 1568 2464 1611 ut
2508 1569 2805 1629 cognoscat
2852 1577 2909 1615 se
2961 1565 3222 1634 quisque,
3294 1567 3580 1626 docemur.
3641 1573 3747 1639 Qui

2158 1647 2306 1702 enim
2350 1650 2596 1719 seipsum
2653 1654 2928 1722 cognovit,
2991 1666 3291 1724 cognoscet
3324 1659 3538 1715 Deum:
3573 1664 3746 1718 Deum

2165 1755 2298 1794 vero
2344 1742 2439 1811 qui
2483 1743 2657 1808 novit,
2706 1745 3109 1799 assimilabitur
3150 1748 3262 1802 Deo
3305 1752 3748 1810 :assimilabitur

2166 1841 2351 1886 autem
2382 1836 2516 1900 Deo,
2551 1836 2643 1905 qui
2679 1837 2878 1907 dignus
2908 1838 3086 1893 factus
3117 1841 3230 1895 Deo
3259 1853 3344 1897 est
3371 1862 3384 1897 :
3414 1845 3614 1915 dignus
3646 1849 3746 1902 dc-

467 1951 576 1987 των
605 1934 764 1999 Θεοῦ,
806 1909 955 1987 ἀλλὰ
981 1934 1195 2005 φρονῶν
1239 1934 1339 2008 μὲν
1381 1909 1450 1990 τά
1494 1909 1681 2003 αὐτοῦ,
1717 1909 1898 1992 λαλῶν
1934 1909 1990 1991 δὲ
2019 1938 2054 1992 δι

2161 1925 2329 1995 hique
2359 1926 2421 1980 ﬁt
2460 1928 2593 1991 Deo,
2622 1928 2716 1999 qui
2747 1929 2887 1982 nihil
2918 1931 3201 2001 indignum
3234 1943 3417 2002 patrat
3449 1909 3560 1991 lico
3597 1956 3610 1990 ι
3649 1939 3745 1992 sed

468 2027 677 2096 φρονεῖ,
709 2024 879 2078 ποιῶν
900 2024 959 2077 δὲ
991 2024 1028 2079 ἃ.
1051 2023 1224 2080 λαλεῖ.

1074 2227 1326 2280 ΚΕΦΛΛ.
1381 2226 1456 2279 Δ’.

551 2318 677 2372 Ἐπὶ
707 2319 989 2390 προγόνων
1013 2321 1265 2391 εὐγενείᾳ
1297 2320 1486 2392 μηδεὶς
1510 2320 1892 2392 ὲναϐρυνέσθω
1909 2339 1925 2354 ο
1952 2341 2056 2394 πη·

469 2411 559 2464 λδν
591 2413 700 2483 γὰρ
727 2411 914 2482 ἔχουσι
964 2413 1166 2475 πάντες
1211 2413 1307 2466 τοῦ
1348 2413 1538 2481 γένους
1585 2416 1930 2486 προπάτορα,
1962 2417 2058 2468 καὶ

468 2507 517 2558 oi
539 2507 598 2558 ὲν
625 2505 887 2576 πορφύρᾳ
912 2507 1006 2558 καὶ
1036 2504 1220 2576 βύσσῳ
1256 2503 1627 2576 καυχώμενοι,
1665 2508 1760 2560 καὶ
1793 2509 1842 2560 οἱ
1868 2510 1924 2562 ἐν
1954 2525 2054 2562 πε-

471 2599 560 2669 νίᾳ
591 2601 686 2652 καὶ
709 2598 849 2668 νόσῳ
878 2599 1203 2669 τρυχόμενοι
1236 2598 1334 2669 (8),
1363 2600 1457 2652 καί⁸
1489 2603 1536 2652 oi
1567 2599 1876 2671 διαδήματα
1901 2617 2059 2670 περι-

471 2693 738 2761 κείμενοι,
771 2691 867 2742 za‘t
916 2691 965 2742 οἱ
1015 2690 1105 2742 διὰ
1157 2689 1367 2759 δόματα
1409 2690 1486 2759 (9)
1539 2691 1929 2761 προκείμενοι.
1966 2691 2060 2763 Μὴ

470 2785 652 2836 τοίνυν
704 2783 786 2845 εἰς
836 2782 1062 2850 πήλινον
1111 2778 1516 2850 ἐγκαυχώμεθα
1563 2779 1757 2850 γένος,
1803 2783 1918 2838 ἀλλ’
1965 2783 2060 2837 ἐπὶ

471 2876 804 2949 χρηστότητι
836 2891 894 2926 σε
903 2871 1083 2937 μνυνὼ
1091 2873 1231 2944 μεθα
1263 2891 1291 2925 τ
1299 2874 1503 2943 ρόπων.

1004 3035 1007 3038 .
1067 2987 1317 3041 ΚΕΦΛΛ.
1361 2987 1438 3042 Ε’.

547 3081 710 3144 Ἴσοι,
743 3073 788 3134 ὦ
839 3080 1124 3143 εὐσεϐείας
1165 3078 1486 3133 θεότευκτον
1533 3079 1776 3150 ἄγαλμα,
1810 3081 1892 3134 ὅτι
1949 3083 2060 3154 ὅσῳ

476 3175 730 3246 μεγάλων
761 3173 1010 3244 ὴξιώθης
1041 3174 1194 3242 παρὰ
1219 3173 1357 3226 Θεοῦ
1383 3173 1628 3245 δωρεῶν,
1660 3175 1901 3245 τοσούτῳ
1941 3175 2057 3246 μείο
2094 3188 2096 3190 ’

2155 2018 2253 2088 qui
2296 2027 2358 2073 ut
2403 2020 2609 2090 cogitat
2653 2037 2777 2090 qua:
2815 2023 2991 2092 ipsius
3036 2034 3186 2088 sunt,
3239 2027 3316 2080 ita
3354 2038 3464 2083 tant
3497 2031 3747 2101 loquitur

2155 2126 2279 2182 quae
2305 2114 2530 2184 cogitat,
2557 2130 2720 2185 quam
2746 2115 2879 2170 facit
2900 2133 3022 2187 quae
3048 2118 3318 2189 loquitur.

2812 2230 2965 2284 CAP.
3002 2232 3090 2288 IV.

2229 2318 2497 2389 Majorum
2551 2321 2844 2377 nobilitate
2896 2340 2964 2378 ne
3010 2326 3139 2394 quis
3184 2341 3244 2381 se
3280 2329 3452 2399 jactet
3492 2349 3504 2383 :
3552 2332 3748 2387 limum

2158 2409 2305 2461 enim
2349 2409 2556 2463 habent
2593 2427 2787 2465 omnes
2813 2415 3033 2482 generis
3062 2427 3370 2483 auctorem,
3400 2429 3456 2473 et
3491 2422 3583 2490 qui
3620 2439 3753 2492 pur-

2159 2516 2300 2569 pura
2344 2501 2620 2572 byssoque
2675 2512 2918 2575 turgent,
2968 2517 3024 2562 et
3066 2509 3160 2578 qui
3208 2522 3534 2581 paupertate
3564 2525 3618 2569 et
3650 2517 3752 2570 ad-

2159 2607 2321 2644 versa
2363 2593 2681 2650 valetudine
2742 2596 3080 2667 alﬁiguntur,
3145 2608 3254 2654 tam
3296 2603 3393 2672 qui
3438 2604 3752 2663 diademate

2162 2681 2405 2736 rcdimiti
2471 2694 2620 2749 sunt,
2670 2702 2836 2756 quam
2882 2691 2977 2758 qui
3031 2694 3448 2750 emendicandm
3505 2701 3755 2767 pecunia:

2161 2787 2326 2827 causa
2365 2783 2820 2843 prosternuntur.
2862 2779 2940 2834 Nc
2989 2781 3158 2850 igitur
3200 2784 3537 2841 lutulentum
3577 2791 3751 2860 jacte-

2163 2879 2286 2920 mus
2316 2881 2512 2937 genus,
2536 2869 2630 2923 sed
2668 2886 2887 2925 morum
2919 2872 3240 2944 integritate
3267 2878 3595 2948 gloriemur.

2825 2982 2976 3038 CAP.
3010 2987 3074 3041 V.

2233 3069 2406 3136 Scito,
2439 3087 2473 3127 0
2520 3072 2742 3143 pietatis
2781 3073 3049 3130 divinitus
3084 3077 3412 3136 fabricatum
3445 3087 3749 3153 specimen,

2162 3163 2292 3233 quia
2335 3173 2543 3234 quanto
2593 3166 2898 3237 majoribus
2955 3168 3158 3239 dignus
3214 3171 3439 3230 habitus
3502 3192 3584 3240 es,
3654 3181 3753 3233 tri-

472 3269 626 3335 ζο-ιος
683 3267 922 3336 ἀμοιϐῆς
964 3266 1250 3336 ὀφειλέτης
1313 3267 1582 3336 ὑπάρχεις
1641 3267 1810 3339 αὐτῷ.
1845 3267 2057 3322 Οὐκοῦν

2165 3255 2370 3310 buente
2411 3257 2544 3324 Deo,
2592 3259 2940 3321 muneribus,
2988 3269 3141 3315 tanto
3187 3264 3424 3333 majores
3455 3267 3506 3321 ei
3549 3271 3753 3339 gratias

473 3364 673 3424 ἀπόδος
713 3361 791 3429 τῷ
832 3360 1096 3431 εὐεργέτῃ
1147 3361 1206 3413 τὸ
1237 3360 1399 3430 χρέος
1423 3361 1524 3430 τῆς
1559 3361 1940 3433 εὐχαριστίας,
1981 3363 2059 3435 τῷ

471 3453 808 3524 λαμϐάνοντι
834 3454 895 3504 τὸ
923 3455 1086 3523 χρέος
1114 3453 1190 3516 ὡς
1231 3456 1413 3524 χάριν,
1442 3454 1538 3508 καὶ
1572 3454 1670 3526 τὴν
1705 3457 1927 3528 χάριτος
1958 3457 2059 3527 χά-

474 3566 561 3619 ριν
618 3546 958 3601 ἀντιδιδόντι.
989 3545 1161 3609 Αὐτὸς
1195 3547 1305 3615 γὰρ
1352 3547 1440 3600 ἀεὶ
1477 3548 1570 3600 καὶ
1604 3548 1844 3619 χαρίτων
1877 3549 2058 3620 ἄρχει,

473 3642 564 3694 καὶ
596 3642 670 3705 ὡς
701 3643 860 3712 χρέος
898 3641 997 3702 τὰς
1032 3639 1266 3710 χάριτας
1297 3640 1624 3694 ἀποδίδωσιν
1650 3657 1663 3670 ⁸
1705 3641 2062 3714 εὐχαριστίαν

471 3733 529 3787 δὲ
573 3733 727 3798 ζητεῖ
759 3733 891 3802 παρ’
915 3731 1096 3804 ἡμῶν,
1136 3732 1198 3785 οὐ
1236 3731 1334 3803 τὴν
1387 3733 1476 3786 διὰ
1515 3735 1778 3805 ῥημάτων
1836 3735 2060 3804 ἀγαθῶν

473 3827 779 3898 προφορὰν,
813 3825 952 3880 ἀλλὰ
980 3824 1201 3898 τὴνβιὰ
1228 3828 1577 3899 πραγμάτων
1619 3830 1862 3883 εὐσεϐῶν
1896 3848 2062 3900 προσ-

473 3935 669 3990 φοράν.

1083 4091 1334 4145 ΚΕΦΑΛ.
1377 4091 1474 4158 ς’.

545 4185 714 4240 Οὐδὲν
749 4185 923 4249 οὕτως
967 4185 1255 4253 εὐδόκιμον
1304 4183 1599 4254 ἐργάζεται
1651 4183 1962 4254 ἄνθρωπον,
1985 4185 2058 4248 ὡς

469 4280 736 4336 δύνασθαι
786 4278 898 4350 (10)
973 4277 1072 4348 μὲν
1127 4276 1163 4331 ἃ
1217 4275 1470 4345 βούλεται
1528 4277 1809 4346 πράττειν,
1875 4278 1959 4330 ἀεὶ
2003 4276 2060 4329 δὲ

472 4372 833 4447 φιλάνθρωπα
889 4371 984 4424 καὶ
1024 4367 1309 4440 βούλεσθαι
1369 4369 1462 4423 καὶ
1503 4369 1786 4439 πράττειν.
1844 4369 2060 4440 Ἐπειδὴ

469 4467 653 4519 τοίνυν
687 4467 752 4518 ἐκ
797 4463 933 4518 Θεοῦ
980 4479 1064 4515 σοι
1109 4461 1434 4530 κεχάρισται
1489 4459 1740 4531 δύναμις,
1771 4455 1839 4532 ἧς
1888 4460 2063 4513 ἐδεῖτο

468 4562 540 4615 δι’
570 4561 720 4631 ἡμᾶς
743 4563 776 4630 ἠ
811 4559 992 4631 ἀγαθή
1035 4574 1129 4610 σου
1183 4556 1460 4627 βούλησις,
1494 4556 1672 4609 πάντα
1721 4555 1815 4608 καὶ
1866 4553 2058 4626 βούλου

471 4654 570 4707 καὶ
622 4653 853 4724 πρᾶττε,
879 4651 954 4714 ὡς
995 4653 1221 4723 ἀρέσκει
1273 4648 1352 4719 τῷ
1409 4647 1612 4718 ταύτην
1652 4663 1734 4700 σοι
1778 4647 2057 4703 δεδωκότι.

1077 4765 1335 4818 ΚΕΦΑΛ.
1379 4765 1454 4818 Z'.

543 4859 666 4910 Τῶν
717 4857 980 4927 ἐπιγείων
1017 4857 1318 4926 χρημάτων
1352 4857 1380 4907 6
1412 4855 1646 4917 ἄστατος
1692 4853 1921 4918 πλοῦτος
1952 4854 2062 4907 τῶν

471 4951 759 5021 ποταμίων
822 4951 1112 5021 ῥευμάτων
1172 4951 1424 5020 μιμεῖται
1489 4947 1581 5000 τὸν
1635 4946 1834 5018 δρόμον
1867 4963 1880 4976 '
1925 4946 2062 5016 πρὸς

469 5045 654 5112 ὀλίγον
690 5044 791 5115 μὲν
823 5043 1100 5114 ἐπιρρέων
1120 5045 1233 5104 τοῖς
1260 5041 1406 5111 ἔχειν
1442 5039 1725 5111 νομίζουσι
1751 5056 1766 5070 ·
1812 5041 1930 5110 μετ’
1947 5040 2061 5093 ὀλί-

469 5155 568 5204 γον
588 5136 643 5189 δὲ
663 5135 1013 5207 παραρρέων,
1033 5136 1114 5197 εἰς
1132 5133 1324 5197 ἄλλους
1346 5131 1666 5205 ἀπέρχεται.
1693 5131 1868 5194 Μόνος
1888 5131 1944 5184 δὲ
1967 5135 2064 5203 τῆς

470 5229 722 5291 εὐποιίας
758 5230 786 5281 6
817 5227 1112 5298 θησαυρὸς,
1146 5225 1375 5295 μόνιμός
1409 5227 1524 5278 ὲστι
1549 5225 1665 5286 τοῖς
1698 5224 2060 5294 κεκτημένοις

471 5320 638 5375 αὐτόν
659 5335 673 5350 ⁸
716 5319 821 5372 τῶν
851 5321 960 5392 γὰρ
997 5319 1221 5387 ἀγαθῶν
1251 5318 1430 5390 ἔργων
1457 5317 1514 5371 αἱ
1553 5318 1775 5389 χάριτες
1802 5319 1896 5370 ἐπὶ
1931 5319 2059 5381 τούς

471 5412 768 5476 ποιοῦντας
801 5413 1340 5481 ὲπαναστρέφουσιν.

2166 3347 2371 3404 referre
2429 3349 2617 3404 debes.
2676 3351 2822 3422 Ergo
2883 3353 3053 3409 redde
3118 3354 3460 3414 benefactori
3505 3361 3748 3418 debitam

2162 3441 2462 3511 gratiarum
2505 3442 3133 3516 actionem,acceptanti
3185 3447 3434 3505 debitum
3479 3462 3542 3507 ut
3586 3457 3754 3510 meri-

2166 3543 2302 3600 tum,
2367 3543 2426 3589 et
2477 3535 2750 3592 beneﬁcio
2812 3537 3146 3594 beneﬁcium
3211 3543 3559 3612 rependenti.
3630 3547 3749 3616 Ipse

2161 3627 2309 3680 enim
2364 3640 2584 3694 semper
2632 3635 2688 3681 et
2740 3627 3026 3685 beneﬁciis
3068 3632 3225 3702 prior
3265 3646 3637 3704 promeretur,
3694 3650 3748 3694 ct

2163 3726 2224 3772 ut
2265 3717 2514 3772 debitum
2559 3717 2828 3772 beneﬁcia
2875 3733 3131 3790 repensat
3161 3742 3175 3779 :
3208 3727 3510 3796 gratiarum
3561 3739 3750 3786 autem

2162 3810 2440 3865 actionem
2477 3809 2652 3881 exigit
2682 3826 2712 3866 a
2755 3813 2937 3878 nobis,
2971 3832 3081 3870 non
3105 3833 3226 3886 qua:
3261 3817 3558 3874 verborum
3593 3821 3750 3880 blan—

2161 3904 2359 3958 dorum
2384 3902 2716 3972 prolatione,
2742 3903 2835 3959 sed
2858 3921 2980 3977 qua:
3009 3923 3194 3964 rerum
3219 3911 3434 3981 piarum
3465 3913 3747 3970 oblatione

2162 3995 2474 4068 peragitur.

2813 4094 2968 4149 CAP.
3000 4094 3089 4150 Vl.

2231 4185 2396 4240 Nulla
2425 4202 2514 4241 res
2535 4186 2678 4242 adeo
2700 4187 3197 4242 commendabilem
3229 4187 3413 4243 reddit
3442 4189 3744 4256 hominem.

2163 4283 2224 4330 ut
2261 4293 2424 4346 posse
2459 4279 2684 4348 quidem
2714 4295 2836 4349 quae
2879 4279 3013 4334 velit
3043 4278 3283 4345 eﬁicere,
3318 4297 3538 4352 semper
3561 4294 3746 4339 autem

2163 4367 2403 4424 humana
2437 4377 2494 4424 et
2528 4371 2668 4424 velle
2715 4379 2772 4424 et
2819 4385 2981 4439 agere
3018 4387 3031 4423 :
3068 4372 3331 4440 quoniam
3379 4373 3547 4444 igitur
3575 4391 3604 4428 a
3636 4375 3749 4429 Deo

2165 4459 2265 4515 tibi
2294 4459 2498 4515 donata
2524 4469 2608 4516 est
2635 4461 2872 4516 facultas
2903 4477 3012 4532 qua
3054 4462 3336 4534 indigebat
3381 4476 3610 4535 propter
3646 4483 3749 4522 nos

2165 4551 2308 4606 bona
2349 4559 2442 4606 tua
2485 4552 2762 4616 voluntas,
2807 4553 2993 4607 omnia
3042 4560 3098 4607 et
3137 4553 3277 4609 velis
3298 4563 3354 4610 et
3385 4570 3532 4627 agas,
3583 4565 3748 4627 prout

2162 4645 2214 4700 ei
2238 4644 2420 4716 placet
2443 4644 2538 4715 qui
2565 4660 2684 4699 eam
2713 4645 2812 4701 tibi
2847 4644 3021 4700 dedit.

2809 4757 2961 4812 CAP.
2993 4757 3103 4812 VII.

2233 4845 2603 4906 Terrenarum
2640 4865 2808 4918 opum
2851 4849 3137 4906 instabiles
3162 4850 3370 4906 divitia:
3395 4851 3747 4908 iluviatilium

2164 4939 2446 4995 undarum
2506 4942 2795 4998 imitantur
2836 4959 3060 4997 cursum
3102 4961 3114 4997 :
3163 4944 3442 4999 modicum
3483 4945 3629 4998 enim
3669 4948 3750 5001 af-

2165 5033 2347 5090 ﬂuunt
2392 5034 2479 5088 his
2528 5035 2620 5105 qui
2680 5035 2883 5090 habere
2940 5053 2998 5090 se
3048 5052 3144 5090 eas
3195 5037 3557 5100 arbitrantur,
3623 5054 3748 5090 mox

2168 5143 2300 5183 vero
2359 5128 2660 5184 renuentes
2695 5129 2764 5182 ad
2814 5129 2953 5183 alios
3002 5127 3296 5182 accedunt.
3347 5127 3508 5180 Solus
3563 5137 3748 5183 autern

2168 5220 2552 5276 beneﬁcentim
2605 5223 2899 5276 thesaurus
2940 5221 3156 5275 stabilis
3206 5227 3289 5273 est
3336 5219 3750 5288 possidentibus

2165 5329 2295 5369 eum
2343 5331 2358 5368 :
2397 5314 2668 5368 bonarum
2718 5315 2868 5370 enim
2924 5312 3205 5369 actionum
3248 5310 3509 5366 meritum
3550 5314 3619 5368 ad
3647 5330 3750 5369 au-

2167 5417 2349 5465 ctores
2378 5415 2752 5476 retorquetur.

2009 5531 2243 5589 ΝΟΤΑΞ.

548 5624 624 5695 (6)
667 5625 816 5679 Ὑπὸ
840 5625 960 5678 τῶν
1010 5623 1217 5678 αὐτοῦ.
1248 5623 1341 5680 Sic
1375 5622 1631 5695 habetur
1661 5623 1714 5677 in
1777 5623 2064 5681 codicibus

475 5693 682 5764 Regiis.
714 5697 773 5751 lu
805 5695 974 5750 editis
1006 5710 1137 5748 vero
1172 5695 1278 5746 ὑπὸ
1306 5693 1400 5746 τοῦ
1450 5693 1638 5748 αὐτοῦ.
1679 5695 1919 5748 Βλαιιιῖιι.

548 5769 623 5838 (7)
663 5769 732 5821 Τὸ
757 5766 1163 5838 Wél’a[_ft1:‘a
1187 5765 1429 5819 ἑαυτόν.
1453 5765 1512 5818 [tt
1571 5765 1762 5819 codice
1797 5767 1966 5835 Hegio
1998 5765 2060 5819 Β.

473 5839 549 5894 Τὸ
576 5836 780 5904 γνῶναι
817 5836 1062 5898 ἑαυτούς.
1100 5837 1173 5890 lo.

545 5909 624 5982 (8)
664 5910 1042 5979 'l‘pvxdyerm.
1071 5908 1147 5962 lta
1179 5907 1352 5961 codex
1405 5905 1608 5977 Regius
1639 5906 1698 5961 Β.
1757 5906 2056 5975 Pcrpcram

2171 5625 2228 5680 in
2254 5622 2420 5678 editis
2447 5620 2804 5692 τρυχώμενοι.
2849 5620 2925 5676 ID.

2356 5691 2608 5779 appara.
2636 5693 2727 5779 Sic
2753 5707 2819 5745 ex
2853 5691 3050 5779 codice
3076 5691 3246 5762 Regio
3280 5692 3666 5779 B.‘Pcrperam
3695 5691 3749 5745 in

2171 5763 2343 5838 editis
2379 5763 2630 5838 δωματα,
2665 5772 2812 5816 utex
2835 5771 3094 5838 contextu
3120 5772 3389 5838 apparet.
3423 5763 3496 5838 lo.
3544 5833 3557 5838 Δ
3636 5827 3647 5838 .

2242 5835 2354 5901 (10)
2390 5834 2484 5906 Ὡς
2515 5835 2832 5906 δύνασθαι.
2861 5835 2918 5888 In
2955 5833 3245 5890 codicibus
3306 5835 3489 5906 licgiis
3544 5833 3738 5904 legitur

2163 5905 2238 5971 ὡς
2273 5906 2334 5960 τὸ
2352 5904 2626 5960 δύνασθαι.
2653 5905 2730 5960 In.
