4148 6456
441 379 576 447 1167
1762 375 2091 437 AGAPETI
2127 377 2440 438 DIACONI
3586 386 3729 451 1165

1064 490 1217 549 CAP.
1256 490 1395 546 vm.
2057 498 2104 554 Α

2057 498 2104 554 Α
2727 494 2977 551 ΚΕΦΑΛ.
3048 496 3130 555 ll'.

512 588 832 645 inaccessus
881 584 1107 658 quidem
1150 580 1377 638 exsistis
1424 578 1749 635 hominibus
1800 588 2029 650 propter

2224 585 2542 654 Ἀπρόσιτος
2572 586 2673 656 μὲν
2710 588 2979 659 ὑπάρχεις
3020 591 3335 663 ἀνθρώποις
3376 594 3468 649 διὰ
3504 597 3567 651 τὸ
3596 598 3728 670 ὕψος

435 678 827 736 celsitudinem
880 642 1047 747 hujus
1089 672 1240 745 quod
1286 672 1379 727 hic
1417 671 1677 727 deorsum
1710 680 1817 737 est,
1850 672 2029 741 impe-

2135 676 2235 746 τῆς
2267 677 2420 730 κάτω
2450 676 2734 747 βασιλείας
2761 697 2773 710 '
2808 642 3147 753 ebur/iocre;
3172 687 3228 740 δὲ
3268 688 3394 761 γίνῃ
3448 694 3563 757 τοῖς
3611 642 3730 748 6:0:

435 774 503 827 rii
540 790 553 826 :
587 771 768 827 facilis
798 785 933 826 vero
957 732 1123 823 'aditu
1154 781 1214 821 es
1246 764 1628 835 indigentibus
1668 763 1740 819 ob
1771 764 1884 817 vim
1928 732 2027 818 su—

2190 732 2232 746 ,-
2450 732 2462 747 .
2624 732 2631 733 ί
2676 732 2731 743 γ-
2816 732 3132 753 ““““ο”“”⁷’⁸
3175 732 3228 740 ν-
3281 732 3394 761 ο-ἠ
3459 732 3559 757 "'b
3611 732 3728 748 πυ-

2139 768 2323 837 μένοις
2357 770 2448 823 διὰ
2479 772 2539 824 τὸ
2569 773 2770 843 κράτος
2799 776 2897 844 τῆς
2932 777 3045 831 ἄνω
3069 779 3460 846 ἐξουσίαςοκαὶ
3489 788 3728 857 ἀνοίγεις

435 881 624 936 perna:
678 864 829 919 illius
876 860 1212 934 potestatis:
1267 830 1436 929 atque
1484 856 1670 927 aperis
1719 872 1885 911 aures
1938 856 2027 910 his

2139 830 2152 837 -
2306 830 2316 832 ~
2608 830 2619 843 ι
2751 830 2765 837 -
2853 830 2894 844 ι-
3074 830 3318 846 ’ν’-’⁷⁷⁷1
3368 830 3459 839 ἠ’-
3490 830 3605 841 -υν-
3648 830 3725 851 νυν

2134 864 2203 917 τὰ
2222 857 2336 917 ὦτα
2362 868 2474 929 τοῖς
2517 867 2622 919 ὑπὸ
2660 868 2851 931 πενίας
2880 871 3362 945 πολιορκουμένοις
3381 920 3397 946 ,
3429 879 3514 934 ἵνα
3559 830 3726 956 εὕρῃς

433 958 529 1029 qui
590 973 620 1011 a
678 965 1009 1028 paupertate
1068 953 1423 1017 obsidentur,
1487 960 1549 1006 ut
1614 950 1869 1005 invenias
1927 949 2027 1005 Dei

2134 958 2235 1029 τὴν
2267 959 2365 1014 τοῦ
2404 960 2542 1014 Θεοῦ
2579 963 2755 1033 ἀκοὴν
2800 966 3184 1040 ἀνεῳγμένην.
3221 968 3336 1026 Οἷοι
3366 976 3478 1047 γὰρ
3520 949 3726 1043 ἂν

432 1051 687 1105 auditum
735 1051 1085 1121 adapertum.
1147 1046 1350 1113 Quales
1409 1044 1561 1099 enim
1608 1060 1739 1115 erga
1806 1054 2027 1099 nostros

2132 1052 2427 1124 ἡμετέροις
2452 1053 2742 1125 γενώμεθα
2780 1018 3125 1129 συνδούλοιςί
3143 1018 3389 1121 τοιοῦτοί
3419 1018 3548 1141 πέρι
3577 1018 3725 1141 tu}:

430 1145 703 1199 fuerimus
737 1158 1060 1207 conservos,
1108 1141 1273 1196 talem
1330 1138 1476 1193 circa
1530 1152 1633 1192 nos
1678 1136 2027 1208 reperiemus

2152 1108 2188 1124 ι.
2312 1108 2323 1123 .
2407 1108 2423 1114 -
2464 1108 2475 1122 .
2602 1108 2615 1125 .
2714 1108 2721 1109 κ
3154 1108 3385 1121 ---ν-η..
3426 1108 3487 1122 η,
3536 1108 3548 1121 .
3582 1108 3593 1121 .
3661 1108 3695 1125 υ.

2133 1146 2444 1218 εὑρήσομεν
2482 1148 2573 1201 τὸν
2605 1150 2913 1223 Δεσπότην.
3493 1108 3525 1141 Γ
3598 1108 3655 1142 m
3700 1108 3724 1135 ’

430 1238 749 1292 Dominum.

1091 1347 1243 1403 CAP.
1274 1346 1365 1402 IX.

2737 1351 2993 1407 ΚΕΦΑΛ.
3026 1354 3118 1409 ⁷Θθ.

502 1446 810 1501 Sollicitam
858 1442 1214 1513 imperatoris
1258 1440 1499 1494 animam
1554 1436 1762 1508 speculi
1806 1436 1859 1489 in
1898 1449 2023 1488 mo-

2135 1529 2139 1530 r
2200 1438 2315 1510 Τὴν
2340 1439 2753 1513 πολυμέριμνον
2774 1443 2867 1497 τοῦ
2892 1444 3156 1515 βασιλέως
3176 1449 3377 1523 ψυχὴν,
3398 1458 3713 1530 κατόπτρου

431 1539 565 1592 dum
622 1534 865 1605 abstergi
926 1539 1168 1603 oportet,
1231 1538 1293 1585 ut
1358 1527 1568 1582 divinis
1626 1522 2021 1595 splendoribus

2127 1529 2286 1602 δίκην
2315 1532 2744 1605 ἀποσμήχεσθαι
2774 1535 2903 1608 χρὴ,
2942 1538 3027 1591 ἵνα
3051 1543 3173 1604 ταῖς
3206 1522 3384 1608 θείαις
3412 1522 3719 1615 αὐγαῖςόεὶ

429 1643 652 1698 semper
692 1635 972 1688 coruscet,
1009 1636 1309 1691 rerumque
1343 1618 1605 1674 distincta
1636 1616 1847 1688 judicia
1892 1614 2020 1669 inde

2128 1624 2647 1695 καταστράπτηται,
2682 1628 2779 1680 καὶ
2814 1626 2924 1680 τῶν
2966 1632 3316 1701 πραγμάτων
3360 1636 3460 1701 τὰς
3504 1641 3717 1710 κρίσεις

425 1719 731 1775 condiscat.
779 1715 929 1771 Nihil
973 1714 1121 1769 enim
1168 1722 1275 1766 tam
1309 1709 1528 1765 confert
1563 1708 1632 1762 ad
1676 1705 2020 1777 perspicien-

2127 1715 2338 1769 ἐκεῖθεν
2363 1717 2708 1789 διδάσκηται.
2747 1722 2914 1778 Οὐδὲν
2943 1724 3053 1796 γὰρ
3080 1724 3229 1779 οὑτω
3251 1732 3399 1783 ποιεῖ
3428 1732 3496 1784 τὰ
3518 1705 3711 1789 δέοντα

427 1813 559 1866 dum
592 1809 728 1881 quid
772 1808 920 1863 facto
952 1822 1094 1877 opus
1128 1807 1200 1861 sit
1229 1823 1241 1858 :
1278 1818 1597 1875 quanquam
1638 1800 1681 1856 si
1722 1815 1788 1854 ea
1820 1814 2019 1871 perpe-
2051 1863 2065 1881 ι

2080 1865 2093 1881 _
2128 1805 2393 1879 καθορᾷν,
2429 1808 2504 1873 ὡς
2532 1808 2593 1863 τὸ
2623 1812 2926 1881 φυλάσσειν
2950 1813 3171 1881 ἐκείνην
3200 1814 3290 1869 διὰ
3324 1819 3523 1881 παντὸς
3552 1822 3718 1876 καθα-

428 1856 559 1866 mm-
594 1856 728 1881 -ινη
772 1856 914 1863 σ-νη
958 1856 1092 1877 σιντ
1128 1856 1240 1861 --η
1820 1856 1838 1871 .
1924 1856 1941 1869 .
2432 1856 2502 1873 τ.
2541 1856 2590 1863 -ν
2672 1856 2922 1867 -..τ---η
2950 1856 3120 1869 -..πη
3149 1856 3165 1869 ,
3201 1856 3290 1869 ν...
3330 1856 3493 1873 ..μην

424 1915 521 1958 tuo
548 1918 688 1974 pura
732 1908 1008 1965 servetur,
1054 1899 1186 1953 facit
1227 1912 1350 1967 quae
1394 1894 1707 1967 peragenda
1734 1902 1865 1948 sunt
1887 1908 2019 1948 con-
2051 1863 2096 1923 Β
2125 1899 2248 1969 ράν,
2309 1856 2327 1879 ἶ
2628 1856 2656 1881 ἶ
3123 1856 3136 1885 ⁸
3497 1856 3521 1884 ’

422 1998 662 2067 spicere,
698 2003 866 2064 atque
916 1991 1197 2048 custodire
1243 2004 1364 2045 eam
1415 2000 1687 2059 perpetuo
1715 1987 2013 2043 sinceram.

1087 2104 1239 2162 CAP.
1272 2106 1341 2161 X.

2740 2106 2990 2162 ΚΕΦΛΛ.
3040 2111 3098 2163 l'.

501 2204 678 2260 Sicuti
748 2201 894 2273 apud
957 2200 1320 2270 navigantes,
1381 2214 1507 2254 cum
1584 2206 1753 2252 nauta
1837 2208 2014 2266 errat,

2194 2194 2413 2267 ’Ὠσπερ
2443 2198 2537 2251 ἐπὶ
2578 2199 2688 2251 τῶν
2734 2202 3032 2263 πλεόντων.
3077 2205 3209 2260 ὅταν
3271 2206 3372 2276 μὲν
3434 2209 3462 2261 ὁ
3513 2207 3711 2277 ναύτης

422 2297 700 2353 modicum
746 2294 909 2348 affert
951 2292 1348 2363 navigantibus
1390 2300 1792 2347 nocumentum
1830 2309 1842 2345 :
1884 2307 2014 2346 eum

2120 2287 2326 2359 σφαλῇ,
2361 2289 2569 2362 μικρὰν
2599 2293 2754 2362 φέρει
2782 2296 2897 2359 τοῖς
2928 2296 3267 2367 συμπλέουσι
3297 2296 3507 2369 βλάϐην
3535 2340 3551 2367 ,
3584 2301 3714 2354 ὅταν

420 2408 553 2447 vero
603 2391 721 2460 ipse
763 2388 1129 2459 gubernator,
1171 2384 1345 2439 totius
1379 2382 1549 2439 eﬂicit
1577 2383 1786 2454 navigii
1819 2384 2013 2454 perni-

2115 2378 2174 2431 δὲ
2204 2379 2367 2444 αὐτὸς
2395 2382 2425 2433 ὁ
2450 2382 2820 2456 κυϐερνήτης,
2845 2388 3049 2452 παντὸς
3079 2389 3375 2461 ἐργάζεται
3400 2390 3494 2445 τοῦ
3521 2391 3712 2447 πλοίου

420 2486 605 2540 ciem:
655 2482 737 2537 sic
783 2490 841 2536 et
890 2480 945 2534 in
1001 2478 1347 2541 civitatibus,
1396 2477 1442 2531 si
1490 2475 1619 2545 quis
1664 2492 1733 2531 ex
1772 2475 2016 2532 subditis

2117 2473 2401 2529 ἀπώλειαν
2432 2515 2447 2539 ,
2478 2477 2624 2530 οὕτω
2663 2479 2758 2533 καὶ
2788 2481 2847 2532 ὲν
2893 2483 3017 2544 ταῖς
3063 2481 3307 2547 πόλεσιν,
3344 2484 3411 2537 ἂν
3480 2486 3581 2555 μέν
3627 2503 3710 2551 τις

418 2580 634 2645 peccet,
685 2587 795 2626 non
841 2578 955 2625 tam
1028 2567 1463 2637 rempublicam,
1525 2581 1693 2636 quam
1766 2566 2012 2637 seipsum

2114 2565 2223 2621 τῶν
2270 2568 2593 2639 ἀρχομένων
2648 2571 2897 2644 ἁμάρτῃ,
2938 2574 3000 2626 οὐ
3060 2573 3122 2627 τὸ
3170 2576 3352 2630 κοινὸν
3412 2578 3709 2642 τοσοῦτον,

418 2667 570 2722 laedit
618 2684 629 2719 :
685 2665 771 2719 sin
816 2677 952 2717 vero
992 2661 1112 2731 ipse
1175 2661 1458 2731 princeps,
1514 2658 1791 2713 universa:
1844 2657 2015 2712 infert

2112 2658 2239 2711 ὅσον
2265 2658 2457 2712 ἑαυτὸν
2489 2659 2695 2713 ἀδικεῖ·
2726 2661 2793 2715 ἂν
2823 2662 2880 2715 δὲ
2922 2662 3085 2727 αὐτὸς
3112 2664 3140 2715 ὁ
3168 2664 3373 2735 ἄρχων,
3401 2666 3583 2736 πάσης
3616 2668 3708 2737 ἐρ-

418 2757 739 2829 reipublicae
772 2754 1193 2810 detrimentum.
1231 2752 1282 2806 ls
1310 2751 1478 2821 igitur
1524 2760 1586 2805 ut
1614 2766 1725 2804 non
1755 2750 2011 2820 exiguam

2113 2749 2346 2819 γάζεται
2375 2752 2478 2822 τῆς
2501 2752 2781 2816 πολιτείας
2811 2754 2911 2827 τὴν
2951 2755 3179 2827 βλάϐην.
3212 2757 3299 2821 Ὠς
3327 2753 3421 2811 οὖν
3464 2758 3707 2828 μεγάλας

417 2850 744 2907 redditurus
792 2848 1108 2912 rationem,
1159 2844 1207 2899 si
1258 2844 1394 2914 quid
1446 2842 1754 2914 neglexerit
1812 2858 2012 2896 eorum

2114 2842 2327 2911 ὑφέξων
2356 2844 2610 2909 εὐθύνας,
2642 2845 2694 2898 εί
2735 2861 2789 2897 τι
2834 2847 3057 2918 παρίδοι
3100 2848 3210 2902 τῶν
3249 2848 3500 2916 δεόντων,
3562 2852 3706 2922 μετὰ

416 2958 540 3014 qua:
570 2942 718 2996 facto
758 2953 899 3009 opus
927 2946 1078 3001 sunt,
1112 2935 1389 3006 exquisita
1428 2933 1719 3005 diligentia
1753 2941 1811 2987 et
1848 2932 2012 2987 dicti-

2112 2936 2319 3008 πολλῆς
2354 2937 2646 3001 ἀκριϐείας
2671 2939 2766 2993 καὶ
2796 2938 3010 3008 λεγέτω
3037 2942 3219 2996 πάντα
3249 2943 3344 2996 καὶ
3386 2946 3700 3017 πραττέτω.

416 3045 495 3093 tet
518 3044 718 3091 cuncta
752 3043 809 3088 et
837 3032 1074 3087 factitet.

1073 3142 1227 3198 car.
1269 3139 1360 3194 x1.
2703 3140 2711 3191 1

2703 3139 2955 3193 ΚΕΦΑΛ.
2997 3137 3103 3194 1Λ’.

485 3240 744 3298 Circulus
771 3236 998 3308 quidam
1032 3235 1399 3289 humanarum
1448 3229 1753 3284 revolvitur
1794 3244 2005 3295 rerum,
2035 3219 2081 3281 C

2061 3219 2081 3281 Ξ
2182 3230 2400 3295 Κύκλος
2430 3248 2515 3295 τις
2551 3230 2661 3285 τῶν
2705 3232 3065 3304 ἀνθρωπίνων
3103 3234 3418 3306 περιτρέχει
3446 3238 3699 3309 πραγμά-

411 3335 508 3406 qui
544 3332 710 3389 modo
751 3331 854 3394 sic,
906 3328 1072 3383 modo
1095 3325 1256 3380 aliter
1298 3325 1472 3394 agitat
1508 3323 1655 3393 ipsas
1686 3329 1743 3378 et
1766 3322 2007 3378 cireum-

2108 3340 2239 3387 των,
2269 3322 2461 3377 ἄλλοτε
2494 3323 2673 3388 ἄλλως
2702 3324 2886 3396 φέρων
2917 3325 3057 3379 αὐτὰ
3086 3327 3180 3380 καὶ
3214 3328 3530 3399 περιφέρων
3563 3346 3578 3361 ·
3606 3329 3698 3385 καὶ

410 3430 564 3483 fert:
606 3434 772 3495 atque
818 3422 877 3477 in
913 3420 1003 3476 his
1041 3418 1390 3488 inaequalitas
1425 3424 1532 3482 est,
1579 3430 1647 3471 eo
1684 3414 1834 3485 quod
1863 3414 2003 3470 nihil

2106 3416 2318 3479 τούτοις
2371 3416 2627 3487 ἀνισότης
2677 3417 2904 3480 ὲστὶ,τὸ
2936 3418 3107 3489 μηδὲν
3152 3419 3262 3473 τῶν
3309 3422 3601 3492 παρόντων
3638 3425 3698 3476 ὲν

409 3537 479 3575 ex
522 3515 896 3589 praesentibus
935 3514 991 3568 in
1039 3512 1239 3567 eodem
1289 3516 1440 3565 statu
1483 3516 1726 3563 maneat.
1769 3506 2004 3577 Oportet

2104 3508 2395 3578 ταυτότητι
2430 3508 2637 3578 μένειν.
2668 3508 2761 3559 Δεῖ
2787 3506 2882 3560 οὑν
2923 3524 2983 3560 σε
3009 3550 3023 3573 ,
3059 3509 3321 3579 κράτιστε
3354 3510 3598 3579 βασιλεῦ,
3638 3514 3696 3568 ὲν

410 3616 580 3684 igitur
626 3620 702 3677 te,
759 3606 1143 3679 potentissime
1185 3606 1509 3673 imperator,
1554 3603 1611 3657 in
1664 3602 1767 3658 hac
1811 3618 1999 3657 rerum

2104 3602 2168 3671 τῇ
2198 3599 2406 3653 τούτων
2436 3598 2797 3671 ἀγχιστρόφῳ
2825 3600 3124 3673 μεταϐολῇ,
3144 3601 3525 3675 ἀμετάϐλητον
3551 3604 3696 3675 ἔχειν

409 3702 677 3777 versatili
707 3699 1016 3754 mutatione
1063 3695 1467 3751 immutabilem
1509 3694 1715 3750 habere
1774 3692 2002 3764 pietatis

1102 3695 1467 3751 nmutabilem
1509 3694 1715 3750 habere
1774 3692 2002 3764 pietatis
2103 3692 2197 3747 τὸν
2222 3692 2424 3763 εὐσεϐῆ
2458 3691 2740 3762 λογισμόν.

409 3797 824 3870 cogitationem.

1038 3904 1192 3960 CAP.
1236 3903 1355 3959 XII.

2697 3893 2947 3948 ΚΕΦΑΛ.
2989 3892 3093 3947 ΙΒ’.

477 4006 746 4059 Aversare
788 4000 1141 4056 adulatorum
1189 3998 1415 4052 fallaces
1440 4009 1749 4059 sermones,
1788 4002 1997 4048 utcor-

2182 3989 2554 4060 Ἀποστρέφου
2584 3986 2692 4040 τῶν
2716 3986 2964 4041 κολάκων
2986 3986 3114 4050 τοὺς
3138 3986 3455 4059 ἀπατηλούς
3476 3988 3689 4059 λόγους,

413 4111 607 4150 verum
651 4108 884 4165 rapaces
917 4106 1143 4146 mores:
1173 4088 1253 4144 illi
1286 4102 1527 4157 namque
1564 4086 1817 4157 corporis
1852 4084 1994 4140 effo-

2097 4085 2288 4155 ὥσπερ
2320 4084 2430 4137 τῶν
2460 4082 2717 4154 κοράκων
2747 4083 2873 4146 τούς
2903 4083 3293 4153 ἀρπακτικούς
3326 4084 3567 4155 τρόπους
3590 4103 3605 4117 ο
3638 4090 3688 4141 oi

404 4189 567 4245 diunt
592 4186 817 4253 oculos;
844 4184 936 4239 isti
968 4192 1154 4238 autem
1180 4180 1378 4235 anima:
1406 4178 1671 4234 hebetant
1696 4177 1991 4247 cogitatus,

2100 4176 2200 4248 μὲν
2225 4175 2337 4247 γὰρ
2357 4176 2485 4239 τούς
2516 4173 2610 4227 τοῦ
2647 4172 2904 4244 σώματος
2933 4174 3321 4245 ὲξορύττουσιν
3349 4176 3685 4250 ὀφθαλμούς·

404 4288 529 4336 eum
580 4294 695 4333 non
743 4273 1071 4346 permittant
1100 4270 1419 4340 perspicere
1449 4282 1634 4323 rerum
1659 4265 1949 4320 veritatem
1975 4281 1988 4318 :

2094 4270 2143 4322 οἱ
2190 4267 2271 4333 δὲ,
2326 4266 2454 4330 τούς
2500 4266 2601 4337 τῆς
2654 4266 2835 4337 ψυχῆς
2895 4264 3296 4337 ἐξαμϐλύνουσι
3349 4268 3685 4341 λογισμοὺς,

403 4374 489 4427 vel
516 4371 666 4427 enim
691 4366 1087 4425 commendant
1110 4376 1529 4431 nonnunquam,
1552 4357 1991 4429 reprehensione

2098 4361 2176 4433 μὴ
2234 4359 2651 4431 συγχωροῦντες
2696 4362 2831 4432 όρᾷν
2882 4358 2983 4431 τὴν
3018 4360 3129 4415 τῶν
3171 4362 3517 4434 πραγμάτων
3556 4362 3687 4439 ἀλή-

403 4482 525 4537 quze
582 4464 747 4534 digna
799 4467 960 4524 sunt;
1016 4458 1103 4513 vel
1160 4454 1588 4526 reprehendunt
1636 4452 1986 4522 plerumque,

2094 4455 2270 4510 θειαν.
2302 4456 2371 4507 Ἣ
2400 4454 2511 4528 γὰρ
2540 4454 2864 4509 ἐπαινοῦσιν
2891 4454 3009 4507 ἔσθ’
3038 4456 3127 4509 ὅτε
3159 4455 3227 4509 τὰ
3262 4456 3432 4526 ψόγου
3466 4456 3613 4522 ἀξια,
3650 4460 3682 4527 ἢ

404 4573 526 4627 qua:
557 4554 709 4610 omni
744 4552 907 4607 laude
932 4559 1063 4605 sunt
1107 4549 1315 4619 majora
1344 4565 1355 4599 :
1391 4556 1451 4601 ut
1482 4546 1722 4600 duorum
1752 4544 1988 4599 alterum
2022 4569 2042 4623 ι

2045 4570 2065 4623 )
2093 4548 2327 4621 ψέγουσι
2353 4547 2618 4611 πολλάκις
2650 4547 2722 4599 τὰ
2758 4547 3001 4601 ἐπαίνων
3034 4548 3325 4619 κρείττονα
3353 4565 3367 4579 ο
3407 4549 3496 4603 ἵνα
3537 4548 3683 4602 δυοῖν

403 4651 471 4703 ab
506 4648 641 4718 ipsis
665 4643 1068 4707 committatur,
1126 4642 1211 4695 vel
1244 4655 1543 4710 pravorum
1570 4639 1713 4700 laus,
1740 4636 1829 4692 vel
1857 4652 1991 4691 con-

2095 4643 2323 4714 θάτερον
2355 4642 2539 4705 αὐτοῖς
2564 4641 2974 4712 ἀμαρτάνηται,
2998 4642 3030 4713 ἦ
3062 4641 3123 4695 τὸ
3152 4641 3323 4695 κακὸν
3348 4641 3682 4713 ἐπαινούμε-

402 4739 728 4795 tumeliosus
760 4738 1037 4791 bonorum
1069 4742 1440 4802 contemptus.

1315 4742 1440 4786 itus.
2091 4754 2201 4804 vov,
2236 4736 2270 4808 ἢ
2302 4736 2360 4789 τὸ
2383 4734 2547 4791 καλὸν
2574 4734 2953 4808 ὑϐριζόμενον.

1012 4843 1165 4899 CAP.
1216 4842 1357 4895 Xlll.

2684 4828 2937 4881 ΚΕΦΑΛ.
2979 4828 3080 4880 ll".

469 4943 758 5014 Equalem
803 4945 1023 5009 Oportet
1065 4950 1285 5004 semper
1315 4948 1438 4988 esse
1488 4930 1842 5002 imperatoris
1865 4928 1986 4984 ani-

2163 4925 2307 4976 Ἴσον
2338 4916 2480 4975 εἶναι
2498 4921 2603 4991 χρὴ
2628 4920 2860 4974 πάντοτε
2886 4919 2977 4972 τοῦ
3005 4918 3273 4990 βασιλέως
3302 4921 3365 4973 τὸ
3395 4922 3673 4992 φρόνημα·

400 5012 591 5091 mum:
619 5030 821 5088 mutari
845 5031 993 5084 enim
1020 5040 1122 5098 pro
1148 5038 1336 5078 rerum
1366 5021 1750 5085 varietatibus,
1783 5019 1986 5074 mentis

2086 5016 2146 5070 τὸ
2171 5018 2281 5087 γὰρ
2305 5012 2861 5086 συμμεταϐάλλεσθαι
2896 5015 3015 5077 ταῖς
3082 5013 3159 5065 ὦν
3205 5015 3546 5084 πραγμάτων
3576 5031 3676 5082 με-

399 5127 676 5185 instabilis
722 5128 1114 5195 argumentum
1165 5115 1453 5171 efficitur:
1506 5114 1743 5169 firmiter
1796 5121 1983 5168 autem

2083 5109 2361 5173 ταϐολαίς,
2388 5107 2629 5171 διανοίας
2674 5106 2936 5161 ἀϐεϐαίου
2983 5108 3284 5179 τεκμήριον
3317 5110 3529 5177 γίνεται
3564 5125 3576 5137 ·
3615 5109 3675 5162 τὸ

393 5223 557 5278 bonis
612 5220 906 5283 inhaerere,
959 5217 1018 5269 in
1062 5229 1171 5284 qua
1226 5210 1486 5266 firmitate
1533 5208 1686 5278 pium
1734 5214 1981 5261 vestrum

2081 5201 2140 5254 δὲ
2175 5201 2389 5271 παγίως
2416 5201 2474 5254 ὲν
2506 5203 2620 5263 τοῖς
2647 5201 2836 5263 καλοῖς
2865 5201 3210 5272 ἐρηρεῖσθαι,
3240 5202 3315 5265 ὡς
3341 5202 3403 5254 τὸ
3438 5202 3673 5265 εὐσεϐὲς

394 5310 815 5367 corroboratum
868 5312 924 5359 et
973 5304 1141 5358 fixum
1188 5310 1276 5356 est
1327 5298 1646 5370 imperium,
1687 5306 1765 5361 et,
1799 5311 1979 5365 neque

2084 5294 2240 5365 ὑμῶν
2267 5294 2589 5365 ἐστήρικται
2624 5293 2847 5364 κράτος,
2878 5294 2976 5346 καὶ
3004 5294 3143 5364 μήτε
3170 5293 3305 5366 πρὸς
3347 5294 3671 5358 ἀλαζονείαν

393 5418 567 5474 usque
613 5402 681 5456 ad
733 5397 1085 5454 insolentiam
1145 5394 1371 5460 extolli,
1432 5407 1615 5462 neque
1675 5406 1849 5461 usque
1909 5389 1977 5444 ad

2082 5391 2502 5463 ὑπεραίρεσθαι,
2554 5392 2695 5463 μήτε
2744 5392 2880 5463 πρὸς
2937 5391 3178 5460 ἀθυμίαν
3237 5391 3667 5463 καταφέρεσθαι,

390 5496 561 5551 animi
610 5490 1126 5549 consternationem
1178 5487 1367 5558 dejici,
1418 5485 1473 5539 in
1502 5493 1621 5540 tuta
1653 5484 1827 5540 veluti
1857 5482 1978 5538 basi

2082 5482 2396 5554 βεϐηκότων
2427 5484 2578 5537 ἐστὶν
2614 5482 2875 5547 ἀσφαλῶς
2895 5523 2910 5551 ,
2936 5484 3032 5537 καὶ
3062 5482 3404 5554 ἀκράδαντον
3434 5484 3669 5555 ἐχόντων

393 5589 766 5645 stabilitorum
809 5593 895 5639 est
930 5581 1240 5646 hominum,
1276 5579 1632 5634 animamque
1685 5578 1979 5633 ineoncus-
2077 5578 2179 5648 τὴν
2199 5576 2402 5647 ψυχήν.

389 5698 506 5737 sam
538 5678 885 5735 habentium.

1020 5762 1173 5818 CAP.
1201 5760 1341 5817 XIV.
2646 5760 2658 5812 l

2646 5759 2902 5814 ΚΕΦΑΛ.
2960 5761 3056 5814 1Δ’.

455 5861 512 5917 Si
539 5860 665 5932 quis
710 5873 910 5929 purum
950 5855 1121 5912 habet
1156 5853 1460 5923 cogitatum
1490 5852 1559 5910 ab
1588 5852 1849 5910 humanis
1882 5868 1974 5909 er-

2147 5854 2217 5913 Ετ
2235 5871 2320 5920 τις
2350 5850 2825 5926 κεκαθαρισμένον
2879 5852 2992 5924 ἔχει
3024 5854 3116 5909 τὸν
3153 5851 3419 5922 λογισμὶον
3458 5850 3520 5903 ἐκ
3563 5848 3663 5920 τῆς
