4148 6446
479 403 615 467 1169

1704 411 1977 472 CAPITA
2016 414 2573 477 ADMONITORIA.

3636 422 3781 481 11Ἱο

488 520 842 593 ἀνθρωπίνης
897 523 1138 593 ἀπάτης,
1170 527 1265 581 καὶ
1298 525 1489 596 βλέπει
1536 528 1597 581 τὺ
1641 529 1923 585 ούτιὸανὸν
1975 534 2075 603 τῆς

2187 534 2423 599 roribus,
2461 536 2836 606 perspicitque
2883 550 2997 590 suae
3031 543 3245 589 naturae
3270 533 3564 598 vilitatem,
3592 535 3779 593 brevi—

486 613 680 667 ἑαυτοῦ
739 613 977 682 φύσεως,
1009 617 1133 670 τότε
1176 619 1353 690 βραχὺ
1396 622 1491 674 καὶ
1516 622 1814 695 ὠκύμορον
1854 625 1957 694 τῆς
1986 627 2079 680 ἐν-

481 704 656 758 ταῦθα
691 704 861 777 ζωῆς,
888 707 981 762 καὶ
1019 709 1113 762 τὸν
1141 712 1572 784 συνεζευγμένον
1594 718 1660 786 τῇ
1696 717 1861 787 σαρκὶ
1885 718 2081 790 ῥύπον,

483 798 565 859 είς
614 797 707 850 τὸν
744 797 844 867 τῆς
893 800 1276 873 ὑπερηφανίας
1314 807 1417 858 ούκ
1456 807 1783 878 ἐμπεσεῖται
1811 812 2079 883 κρημνὸν,

484 886 590 941 κᾶν
629 888 687 940 ἐν
720 887 999 961 ἀξιώματι
1032 892 1260 965 ὑπάρχῃ
1289 894 1504 968 ὑψηλῷ.

1086 1024 1343 1083 ΚΕΦΑΔ.
1400 1030 1502 1084 IE'.

563 1135 737 1209 ’Υπὲρ
811 1138 994 1194 πάντα
1052 1140 1155 1212 τῆς
1213 1141 1504 1213 βασιλείας
1557 1147 1627 1201 τά
1708 1146 1920 1215 ἔνδοξα,
1982 1152 2083 1222 τῆς

481 1228 763 1294 εὐσεϐείας
800 1233 864 1285 τὸ
914 1233 1134 1305 στέμμα
1189 1236 1283 1291 τὸν
1327 1236 1556 1309 βασιλέα
1605 1244 1845 1307 κοσμεῖ·
1883 1244 1911 1296 6
1966 1243 2079 1316 γάρ

482 1322 714 1385 πλοῦτος
764 1325 1093 1397 ἀπέρχεται,
1127 1328 1226 1382 καὶ
1270 1331 1304 1402 ή
1344 1331 1474 1399 δόξα
1507 1333 1842 1406 μετέρχεται
1875 1352 1891 1371 ο
1926 1338 1988 1391 τὸ
2019 1338 2079 1393 δὲ

482 1413 639 1479 κλέος
667 1419 767 1489 τῆς
794 1418 983 1474 ἐνθέου
1041 1421 1322 1487 πολιτείας
1375 1423 1667 1492 ἀθανάτοις
1717 1427 1878 1481 αἰῶσι
1936 1447 2077 1500 συμ-

485 1510 933 1579 παρεκτείνεται,
1008 1514 1106 1568 καὶ
1162 1514 1334 1587 λήθης
1370 1518 1626 1574 ἐπέκεινα
1689 1521 1817 1586 τοὺς
1852 1521 2078 1593 ἔχοντας

481 1597 604 1672 ῖστη
615 1617 688 1655 σι.

1059 1741 1316 1798 ΚΕΦΑΛ.
1379 1743 1499 1815 lq'.

548 1850 764 1923 Σφόδρα
807 1869 900 1923 μοι
931 1853 1082 1910 δοκεῖ
1121 1858 1480 1915 ἀτοπώτατον
1510 1857 1672 1928 εἶναι,
1706 1865 1789 1919 ὅτι
1817 1868 2070 1924 πλούσιοι

2190 632 2473 696 talemque
2510 627 2687 682 veloci
2718 627 2833 682 fato
2882 626 3138 681 obnoxia:
3176 624 3468 695 praesentis
3492 624 3639 689 vitae,
3665 635 3782 679 tum

2186 717 2340 773 carni
2389 719 2711 791 conjunctas
2760 719 3071 791 insitasque
3118 718 3355 782 sordes,
3410 718 3478 773 ad
3505 719 3783 788 superbiae

2185 823 2472 879 nunquam
2526 810 2793 865 illahetur
2823 810 3221 881 praecipitium,
3273 810 3531 880 quamvis
3582 811 3640 865 in
3684 827 3782 866 ex-

2184 901 2331 956 celso
2356 901 2647 972 dignitatis
2672 903 2898 973 fastigio
2923 903 3218 958 consistat.

2824 1040 2979 1097 CAP.
3020 1040 3138 1097 XV.

2254 1156 2435 1226 Super
2481 1156 2670 1211 omnia
2711 1156 2978 1227 praeclara
3012 1172 3137 1227 quae
3179 1172 3409 1229 regnum
3441 1156 3632 1222 habet,
3667 1156 3784 1226 pie-

2184 1248 2313 1303 tatis
2344 1250 2642 1319 cultusque
2672 1248 2849 1304 divini
2872 1264 3079 1305 corona
3111 1264 3297 1319 regem
3328 1256 3606 1304 exornat:
3634 1247 3782 1303 divi-

2185 1340 2274 1396 tia:
2318 1358 2560 1414 namque
2610 1352 2979 1411 evanescunt,
3028 1342 3291 1415 vulgique
3345 1341 3504 1397 favor
3550 1349 3609 1396 et
3648 1356 3783 1395 aura

2183 1435 2385 1490 transit
2426 1453 2441 1490 :
2484 1436 2603 1491 sola
2632 1436 2761 1491 vitae
2796 1436 2910 1490 Deo
2946 1434 3222 1505 placentis
3246 1432 3419 1506 gloria
3450 1430 3782 1487 immortali-

2180 1525 2286 1581 bus
2315 1528 2534 1584 saeculis
2566 1528 2982 1594 coextenditur,
3013 1537 3071 1584 et
3100 1534 3256 1583 trans
3296 1524 3603 1582 oblivionis
3628 1531 3786 1579 tene-

2179 1617 2308 1674 bras
2335 1619 2571 1675 collocat
2594 1619 2974 1690 possidentes.

2808 1753 2961 1810 CAP.
3003 1752 3146 1808 XVI.

2248 1866 2623 1922 Vehementer
2673 1866 2808 1922 mihi
2848 1867 3077 1923 videtur
3122 1866 3595 1923 absurdissimum
3631 1882 3777 1931 esse,

479 1943 572 1995 καὶ
603 1943 836 2015 πένητες
862 1945 1143 2018 ἄνθρωποι
1169 1951 1229 2017 ἐξ
1257 1954 1528 2023 ἀνομοίων
1551 1960 1898 2029 πραγμάτων
1940 1961 2074 2031 βλά-

2187 1959 2331 2030 quod
2367 1960 2571 2017 divites
2613 1969 2670 2017 et
2704 1976 2983 2032 pauperes
3015 1962 3275 2017 homines
3310 1978 3379 2016 ex
3418 1961 3786 2017 dissimilibus

478 2034 579 2105 δην
631 2038 936 2109 πάσχουσιν
964 2042 1180 2112 ὁμοίαν.
1214 2048 1278 2100 Οἱ
1305 2049 1405 2115 μὲν
1456 2051 1566 2122 γὰρ
1610 2053 1715 2106 ὑπὸ
1767 2055 1862 2108 τού
1904 2056 2073 2129 κόρου

478 2129 927 2201 διαρῤήγνυνται,
952 2136 1001 2189 οί
1041 2137 1097 2191 δὲ
1139 2139 1245 2193 ὑπὸ
1286 2141 1382 2195 τοῦ
1441 2144 1604 2211 λιμοῦ
1639 2146 2072 2221 διαφθείρονται·

480 2222 575 2274 καὶ
596 2223 645 2274 οἱ
679 2223 777 2293 μὲν
830 2227 1127 2298 κατέχουσι
1166 2232 1261 2286 τού
1301 2232 1508 2306 κόσμου
1542 2236 1611 2290 τά
1650 2238 1863 2309 πέρατα
1889 2283 1902 2308 ,
1941 2242 1989 2295 οί
2020 2242 2077 2297 δὲ

479 2314 579 2366 οὐκ
631 2313 816 2384 έχουσι
866 2318 970 2371 ποῦ
1033 2321 1340 2391 στῆσαιτά
1393 2325 1669 2397 πέλματα.
1708 2330 1826 2384 Ἵνα
1887 2333 2072 2387 τοίνυν

479 2405 648 2475 ἄμφω
677 2412 778 2479 τῆς
823 2412 1013 2479 ὑγείας
1041 2414 1298 2486 τύχωσιν,
1323 2419 1619 2491 ἀφαιρέσει
1662 2425 1754 2478 καὶ
1785 2427 2078 2497 προσθέσει

480 2498 704 2564 τούτους
726 2501 1114 2575 θεραπευτέον,
1144 2509 1386 2583 καὶπρὸς
1406 2513 1627 2586 ἰσότητα
1652 2518 1750 2587 τὴν
1785 2518 2080 2592 ἀνισότητα

482 2593 851 2660 μετενεκτέον.

1081 2716 1340 2773 ΚΕΦΑΛ.
1383 2721 1485 2775 IZ'.

569 2797 684 2868 Ἐφ’
722 2801 857 2873 ἡμῖν
921 2804 1208 2882 ἀνεδείχθη
1263 2810 1365 2882 τῆς
1414 2813 1647 2880 εύζωϊας
1692 2818 1720 2870 6
1776 2818 1991 2888 χρόνος,
2019 2821 2081 2875 ὃν

484 2893 714 2984 προεῖπέ
752 2912 840 2959 τις
868 2895 978 2951 τῶν
1011 2901 1258 2957 παλαιῶν
1298 2904 1542 2971 ἔσεσθαι,
1573 2910 1758 2983 ὅτανῆ
1790 2913 2078 2984 φιλόσοφοι

484 2980 965 3077 βασιλεύσωσιν,ἢ
1018 2990 1264 3059 βασιλεῖς
1312 2980 1763 3071 φιλοσοφήσωσιζ
1803 2980 1919 3060 καὶ
1969 2980 2080 3077 γὰρ

482 3072 908 3143 φιλοσοφοῦντες
928 3080 1203 3155 ἠξιώθητε
1243 3086 1527 3158 βασιλείας
1548 3133 1563 3155 ,
1593 3095 1688 3148 καὶ
1714 3072 2079 3165 βασιλεύσανλ

483 3181 579 3259 τες
603 3167 703 3223 οὐκ
728 3169 1005 3241 ἀπέστητε
1055 3177 1402 3249 φιλοσοφίας.
1436 3185 1501 3239 Εί
1527 3186 1637 3258 γὰρ
1676 3188 1738 3242 τὸ
1775 3191 1953 3259 φιλεῖν
1992 3211 2079 3247 σο-

2185 2052 2353 2107 rebus
2386 2052 2787 2109 detrimentum
2828 2054 3011 2110 simile
3048 2054 3375 2126 patiuntur;
3422 2054 3500 2108 illi
3538 2070 3783 2125 namque

2185 2161 2214 2199 a
2236 2145 2394 2216 copia
2418 2162 2605 2201 rerum
2624 2155 3087 2218 perrumpuntur,
3107 2147 3164 2201 hi
3184 2162 3319 2203 vero
3349 2147 3493 2201 fame
3514 2155 3781 2216 pereunt:

2186 2236 2317 2293 item
2348 2238 2430 2292 illi
2462 2247 2743 2310 occupant
2781 2240 3008 2295 ultimos
3036 2240 3230 2295 mundi
3262 2240 3552 2303 terminos,
3588 2238 3643 2292 hi
3671 2253 3784 2292 non

2186 2328 2397 2385 habent
2430 2331 2529 2387 ubi
2565 2332 2774 2387 callosa
2807 2332 3014 2402 pedum
3060 2332 3296 2403 vestigia
3340 2332 3559 2387 sistant.
3582 2331 3653 2387 Ut
3684 2330 3786 2400 igi-

2185 2430 2279 2477 tur
2330 2432 2570 2496 utraque
2626 2440 2758 2495 pars
2801 2425 3059 2482 sanitatis
3111 2424 3246 2479 ﬁant
3288 2424 3811 2496 compotes,au|‘e->

2187 2515 2363 2570 rendo
2408 2525 2465 2572 et
2514 2516 2886 2573 diminuendo
2914 2518 3056 2574 istos
3090 2533 3285 2589 regere
3313 2526 3558 2588 oportet,
3606 2526 3661 2573 et
3713 2518 3782 2573 ad

2188 2607 2569 2677 aqualitatem
2612 2609 2962 2681 inaequalitas
2995 2608 3383 2665 transferenda
3417 2618 3523 2664 est.

2813 2723 2967 2779 CAP.
3006 2721 3172 2779 XVII.

2257 2812 2472 2868 Nostris
2511 2815 2863 2885 temporibus
2906 2825 3197 2871 ostensum
3236 2820 3324 2870 est
3350 2827 3634 2884 prospera:
3661 2812 3787 2869 vitae

2189 2911 2407 2976 tempus
2450 2906 2601 2975 quod
2646 2908 2905 2977 praedixit
2952 2908 3178 2979 quidam
3214 2922 3281 2962 ex
3310 2908 3597 2963 veteribus
3630 2907 3785 2962 futu—

2188 3011 2333 3061 rum,
2387 3012 2514 3051 cum
2570 2999 2653 3052 vel
2712 2999 3032 3069 philosmphi
3086 2998 3421 3070 regnabunt,
3479 2998 3569 3053 vel
3626 3012 3787 3068 reges

2187 3087 2732 3159 philosophabuntur
2765 3108 2779 3144 :
2817 3107 2945 3145 nam
2982 3099 3100 3146 tum
3147 3091 3595 3162 philosophando
3628 3091 3783 3162 digni

2188 3180 2365 3235 habiti
2417 3197 2589 3253 regno
2631 3182 2792 3247 estis,
2834 3191 2950 3239 tum
2978 3199 3117 3239 vero
3158 3184 3443 3256 regnando
3477 3202 3507 3240 a
3539 3185 3787 3255 philoso-

484 3256 616 3359 φίαν
651 3265 797 3315 ποιεί
831 3265 1172 3338 φιλοσοφίαν,
1214 3272 1359 3345 ἀρχὴ
1416 3276 1475 3330 δὲ
1519 3256 1756 3348 σοφίαςὸ
1787 3256 1884 3337 τού
1935 3284 2074 3341 Θεοῦ

2187 3271 2317 3342 phia
2359 3288 2471 3328 non
2517 3272 2833 3331 descivistis
2878 3293 2892 3330 :
2938 3275 2985 3331 si
3012 3276 3163 3331 enim
3223 3292 3411 3332 amare
3451 3278 3784 3348 sapientiam

486 3353 677 3452 φόρος,
716 3356 777 3410 ὃν
813 3359 873 3413 ἐν
919 3363 1033 3427 τοῖς
1077 3365 1328 3439 στέρνοις
1363 3370 1518 3441 ὑμῶν
1556 3373 1857 3443 διαπαντὸς
1902 3380 2075 3452 ἔχετε,

485 3443 710 3519 εῠδηλον
737 3451 814 3516 ὡς
844 3453 1048 3527 ἀληθὲς
1082 3456 1142 3512 τὺ
1180 3462 1315 3532 παρ’
1349 3462 1487 3534 ἐμοῦ
1525 3465 1843 3538 λεγόμενον.

1078 3744 1335 3803 ΚΕΦΑΛ.
1376 3750 1483 3804 IH'.

564 3829 801 3885 Βασιλέα
840 3850 900 3888 σε
951 3836 1095 3891 κατά
1142 3838 1407 3912 ἀλήθειαν
1444 3844 1702 3918 ὁρίζομαι
1730 3889 1744 3913 ,
1789 3850 1865 3915 ὡς
1924 3852 2083 3923 βασι-

495 3923 673 3979 λεύειν
698 3926 792 3981 καὶ
833 3932 1058 4001 κρατεῖν
1086 3931 1195 3986 τῶν
1234 3933 1442 4004 ἡδονῶν
1478 3935 1781 4008 δυνάμενον
1808 3983 1822 4008 ,
1863 3944 1959 3997 καὶ
1992 3945 2082 3999 τὸν

494 4026 757 4086 στέφανον
786 4019 887 4092 τῆς
931 4024 1292 4097 σωφροσύνης
1344 4028 1775 4100 ἀναδησάμενον,
1808 4036 1901 4087 καὶ
1945 4053 2082 4107 πορ-

493 4107 673 4179 φύραν
734 4110 834 4182 τῆς
875 4112 1226 4188 δικαιοσύνης
1280 4119 1723 4192 ἀμφιασάμενον.
1755 4125 1819 4179 Ἠ
1854 4127 1953 4197 μέν
1974 4129 2084 4200 γάρ

492 4200 628 4270 άλλη
656 4200 880 4267 ἐξουσία
916 4206 1009 4260 τὸν
1035 4206 1267 4264 θάνατον
1296 4211 1410 4282 ἔχει
1441 4213 1733 4288 διαδοχήν·
1772 4218 1879 4289 ἡδὲ
1906 4222 2087 4276 τοιαύ-

492 4305 559 4385 τη
611 4289 860 4385 βασιλεία
897 4293 999 4366 τὴν
1038 4296 1310 4354 ἀθάνατον
1357 4301 1525 4367 σώζει
1566 4306 1869 4380 διαμονήν·
1906 4314 2003 4366 καὶ
2050 4315 2084 4385 ἡ

497 4380 600 4450 μὲν
647 4385 705 4436 ἐν
737 4383 817 4455 τῷ
860 4387 1019 4441 αἰῶνι
1070 4389 1247 4464 τούτῳ
1286 4393 1508 4450 λύεται·
1544 4399 1573 4450 6
1603 4399 1660 4452 δέ
1711 4401 1813 4472 τῆς
1860 4380 2085 4460 αἰωνίου

498 4473 773 4540 κολάσεως
814 4476 1025 4549 ῥύεται.

1089 4596 1343 4657 ΚΕΦΑΛ.
1392 4602 1495 4659 ΙΘ’.

574 4677 763 4775 ξίῌτὴν
787 4683 852 4737 ἐκ
884 4685 1105 4742 πάντων
1135 4690 1317 4761 βούλει
1348 4698 1694 4767 καρποῦσθαι
1716 4705 1902 4774 τιμὴν,
1930 4708 2083 4775 γίνου

505 4771 616 4868 τοῖς
636 4768 843 4827 ἆπασιν
880 4776 1180 4851 εὐεργέτης
1213 4784 1395 4850 κοινός
1420 4801 1435 4817 ο
1463 4788 1619 4844 οὐδὲν
1652 4768 1922 4865 γάροῦ-τω
1941 4768 2089 4868 ’πρὸς

502 4862 719 4961 εὔνοιαν
758 4868 1074 4939 ἐφέλκεται,
1105 4875 1183 4938 ὡς
1224 4879 1474 4946 εὐποιίας
1506 4884 1667 4956 χάρις
1696 4862 1950 4961 δίδομένη
1975 4862 2089 4955 τοῖς

500 4956 816 5029 χρῄζουσιν.
860 4963 925 5017 Ἦ
974 4965 1085 5039 γὰρ
1122 4968 1211 5024 διὰ
1259 4972 1427 5041 φόϐον
1476 4980 1741 5049 γινομένη
1790 4956 2087 5053 θεραπεία,

497 5059 1060 5146 κατεσχηματισμένη
1088 5061 1207 5116 ἐστὶ
1236 5064 1468 5132 θωπεία,
1504 5071 1898 5143 πεπλασμένης
1922 5076 2090 5146 τιμῆς

496 5142 723 5214 ὀνόματι
754 5150 1126 5217 φενακίζουσα
1152 5157 1281 5223 τοὺς
1310 5159 1448 5233 αὐτῇ
1485 5142 1944 5237 προσανέχοντας.

1107 5361 1366 5418 ΚΕΦΑΛ.
1394 5365 1481 5420 Κ’.

570 5444 754 5517 Σεπτὴ
797 5446 1025 5513 δικαίως
1065 5451 1218 5507 ἐστὶν
1272 5456 1309 5529 ἡ
1360 5457 1517 5527 ἡμῶν
1564 5459 1812 5531 βασιλεία
1856 5464 1939 5517 ὅτι
1977 5468 2091 5528 τοῖς

501 5537 787 5629 πολεμίοις
830 5540 933 5611 μὲν
983 5543 1223 5601 δεικνύει
1250 5548 1352 5621 τὴν
1378 5550 1651 5621 ἐξουσίαν,
1678 5558 1793 5621 τοῖς
1823 5557 2089 5629 ὑπηκόοις

499 5628 557 5721 δὲ
605 5630 761 5701 νέμει
810 5633 1267 5708 φιλανθρωπίαν·
1306 5642 1403 5696 καὶ
1466 5644 1675 5699 νικῶσα
1721 5628 1967 5713 ἐκείνους
2021 5652 2089 5721 τῇ

502 5719 730 5793 δυνάμει
764 5723 874 5778 τῶν
911 5726 1117 5795 ὅπλων,
1140 5732 1207 5802 τῆ
1247 5731 1435 5802 ἀόπλῳ
1477 5735 1670 5810 ἀγάπῃ
1709 5738 1819 5793 τῶν
1869 5719 2089 5793 οἰκείων

505 5813 734 5882 ἡττᾶται
769 5833 783 5848 ⁸
820 5817 943 5873 ὅσον
978 5821 1087 5892 γὰρ
1142 5823 1335 5895 θηρίου
1366 5827 1461 5880 καὶ
1489 5828 1768 5900 προϐάτου
1806 5831 1861 5885 τὸ
1902 5830 2087 5904 μέσον,

507 5911 765 5967 τοσοῦτον
786 5913 1119 5988 ἀμφότερων
1139 5919 1352 5989 ἡγεῖται
1386 5920 1445 5975 τὸ
1469 5920 1746 5995 διάφορον.

2116 4648 2164 4708 D

2184 3364 2351 3421 elicit
2375 3365 2824 3438 philosophiam;
2864 3368 3207 3439 principium
3240 3376 3429 3424 autem
3471 3369 3782 3440 sapientiae,

2184 3458 2281 3513 Dei
2316 3465 2402 3513 est
2431 3458 2601 3514 timor
2653 3476 2821 3530 quem
2867 3461 2923 3516 in
2976 3461 3303 3532 pectoribus
3333 3462 3537 3518 vestris
3575 3463 3784 3535 jugiter

2185 3549 2424 3613 habetis,
2478 3550 2693 3606 clarum
2733 3566 2898 3622 quam
2948 3568 3145 3608 verum
3196 3552 3269 3609 sit
3308 3554 3455 3624 quod
3502 3570 3533 3608 a
3575 3570 3662 3610 me
3701 3556 3785 3610 di-

2185 3642 2357 3697 citur.

2788 3760 2942 3818 CAP.
2974 3761 3167 3819 XVIII.

2254 3851 2334 3908 Te
2380 3869 2571 3909 revera
2624 3855 3018 3925 imperatorem
3067 3855 3396 3920 asserimus,
3447 3855 3653 3926 quippe
3683 3856 3778 3925 qui

2184 3954 2243 3999 et
2272 3944 2542 4016 imperare
2567 3961 2633 4001 ac
2655 3947 2931 4002 dominari
2952 3948 3338 4018 voluptatibus
3360 3950 3547 4015 vales;
3574 3958 3628 4003 et
3663 3958 3780 4003 tum

2187 4048 2391 4089 corona
2420 4036 2692 4093 castitatis
2726 4038 3041 4103 redimitus,
3066 4048 3183 4094 tum
3216 4056 3521 4111 purpuram
3543 4040 3781 4111 justitise

2189 4125 2421 4183 indutus
2463 4129 2698 4186 incedis.
2748 4130 2885 4186 Aliis
2925 4148 3166 4202 namque
3215 4133 3590 4203 potestatibus
3632 4149 3781 4189 mors

2189 4218 2305 4289 ipsa
2366 4222 2619 4278 succedit
2666 4239 2681 4277 :
2744 4223 3138 4294 hujuscemodi
3191 4240 3326 4280 vero
3388 4241 3618 4297 regnum
3676 4226 3780 4280 im-

2188 4313 2479 4368 mortalem
2530 4323 2716 4371 servat
2760 4318 3192 4387 perpetuitatem
3248 4336 3261 4372 :
3312 4328 3370 4373 et
3415 4319 3509 4374 illa
3562 4321 3667 4374 hoc
3724 4320 3779 4375 in

2189 4406 2391 4461 saeculo
2442 4408 2701 4474 solvitur,
2743 4409 2862 4465 haec
2908 4420 3095 4467 autem
3127 4428 3157 4467 a
3191 4420 3461 4483 perpetuo
3506 4414 3783 4485 supplicio

2192 4496 2483 4553 liberatur.

2819 4616 2975 4673 CAP.
3010 4616 3157 4673 XIX.

2263 4702 2322 4760 Si
2348 4704 2560 4762 honore
2598 4708 2693 4779 qui
2720 4708 2791 4764 ab
2818 4710 3081 4766 omnibus
3115 4711 3510 4781 proﬁciscitur,
3544 4714 3781 4783 perfrui-

2193 4797 2297 4861 vis,
2330 4808 2529 4868 praesta
2549 4809 2602 4855 te
2626 4817 2982 4858 communem
3025 4804 3275 4859 omnium
3319 4805 3736 4862 benefactorum
3766 4825 3777 4858 :

2192 4889 2332 4945 nihil
2371 4892 2520 4946 enim
2561 4893 2703 4950 adeo
2727 4896 2956 4952 attrahit
2995 4896 3064 4951 ad
3095 4896 3560 4963 benevolentiam,
3595 4907 3656 4953 ut
3683 4899 3778 4953 be-

2192 4984 2375 5039 neﬁcii
2410 4986 2583 5056 gratia
2636 5004 2761 5058 quae
2792 4989 2959 5045 datur
2992 4989 3373 5062 indigentibus
3405 5010 3417 5045 :
3453 4992 3599 5062 quod
3627 4992 3774 5046 enim

2193 5076 2265 5131 ob
2287 5087 2495 5133 metum
2527 5088 2822 5149 przestatur
2851 5081 3208 5153 obsequium,
3233 5082 3416 5138 fucata
3442 5082 3780 5154 figurataque

2192 5179 2281 5225 est
2312 5170 2560 5227 adulatio
2588 5172 2701 5228 ﬁcti
2728 5174 2960 5230 honoris
2999 5174 3183 5241 titulo,
3218 5174 3417 5230 fallens
3436 5190 3533 5231 cos
3556 5176 3647 5246 qui
3675 5176 3778 5245 ipsi

2192 5260 2438 5319 animum
2464 5265 2781 5322 advertunt.

2833 5377 2985 5434 CAP.
3030 5379 3146 5434 XX.

2264 5467 2655 5523 Venerandum
2695 5471 2819 5541 jure
2848 5482 2935 5526 est
2969 5480 3223 5527 vestrum
3250 5471 3545 5542 imperium
3591 5488 3603 5525 :
3649 5474 3772 5543 quia

2194 5560 2452 5625 hostibus
2480 5562 2705 5632 quidem
2737 5580 2852 5619 sum
2881 5564 3229 5620 demonstrat
3277 5564 3501 5635 pietatis
3528 5566 3775 5630 aculeos,

2194 5651 2435 5708 subditis
2468 5669 2603 5709 vero
2635 5655 2861 5710 exhibet
2898 5657 3304 5711 humanitatem
3340 5676 3351 5710 :
3386 5666 3442 5714 et
3478 5672 3605 5714 cum
3653 5658 3780 5714 illos

2194 5745 2380 5801 vincat
2424 5763 2706 5803 armorum
2753 5749 2829 5815 vi,
2883 5750 3081 5805 inermi
3137 5750 3410 5807 charitate
3457 5752 3697 5808 vincitur
3750 5770 3778 5807 a

2196 5836 2310 5891 suis
2343 5848 2358 5890 :
2388 5848 2654 5909 quantum
2689 5841 2840 5896 enim
2865 5841 2995 5898 ferte
3024 5851 3083 5899 et
3114 5842 3236 5898 ovis
3278 5823 3643 5900 interstitiqu
3670 5854 3777 5910 est,

2194 5936 2411 5987 tantum
2440 5947 2562 5990 esse
2590 5932 2736 5991 inter
2769 5950 2865 5992 eos
2899 5935 3203 5994 discrimen
3230 5937 3603 5995 existimatur.
