4148 6452
399 393 533 460 Ilii

1014 512 1166 570 CAP.
1217 514 1361 571 XXI.

463 605 716 660 Essentia
766 611 1019 676 corporis
1069 611 1299 679 aequalis
1352 627 1412 664 es
1457 612 1689 668 cuilibet
1736 611 1969 677 homini,

390 699 712 766 imperator,
764 708 1035 770 potestate
1073 711 1256 757 autem
1316 704 1602 775 dignitatis
1645 714 1973 761 cunctorum

391 790 611 858 prmsidi
658 792 766 846 Deo
801 793 1000 849 similis
1037 811 1049 848 :
1083 811 1193 850 non
1222 797 1370 852 enim
1409 799 1576 854 habet
1618 798 1671 854 in
1722 800 1887 854 terris
1915 815 1973 854 se

393 898 725 952 quemquam
781 886 1056 941 altiorem.
1113 887 1344 959 Oportet
1400 891 1570 962 igitur
1629 893 1844 962 ipsum,
1914 903 1975 948 ut

391 973 584 1038 Deum,
621 991 730 1030 non
775 977 967 1044 irasci;
1003 988 1063 1034 ut
1104 983 1413 1047 mortalem,
1447 1000 1554 1036 non
1585 984 1772 1039 eII'crri
1802 1004 1815 1038 :
1846 1001 1972 1040 nam

385 1065 485 1118 rtsi
534 1066 711 1137 eIligie
756 1069 945 1126 divina
974 1071 1280 1127 honoratus
1309 1084 1414 1138 est,
1447 1083 1504 1128 at
1531 1075 1757 1144 pulvere
1788 1084 1971 1131 tamen

386 1165 610 1211 terreno
636 1175 924 1217 COIII'ICXUS
965 1174 1079 1230 θείς
1111 1181 1221 1236 quo
1251 1165 1520 1221 οόοοοιυτ
1544 1175 1605 1222 ut
1625 1181 1752 1238 erga
1779 1184 1973 1224 omnes

383 1265 568 1310 servet
600 1257 996 1326 :equalitatem.

996 1371 1149 1427 CAP.
1195 1373 1362 1428 XXII.

451 1459 834 1530 Complectere
879 1479 976 1518 eos
1021 1466 1115 1535 qui
1170 1466 1445 1522 bonorum
1507 1477 1560 1521 te
1606 1468 1967 1523 consiliorum

383 1553 726 1608 admonitum
764 1557 978 1621 volunt,
1032 1574 1143 1612 non
1188 1575 1286 1614 eos
1330 1561 1422 1629 qui
1474 1561 1691 1616 adulari
1722 1577 1972 1632 sa-pcnu-

383 1659 535 1698 mero
593 1645 838 1700 student.
914 1647 996 1702 Illi
1072 1650 1220 1703 enim
1279 1652 1427 1720 quod
1481 1668 1674 1707 revera
1722 1653 1967 1722 expedit,

383 1737 755 1806 perspiciunt:
791 1739 846 1792 hi
877 1756 1008 1794 vero
1036 1741 1102 1795 ad
1127 1758 1191 1796 ea
1217 1759 1340 1812 quae
1371 1745 1592 1813 placent
1624 1744 1968 1814 potentibus,

381 1832 688 1900 respiciunt
723 1851 734 1884 :
764 1849 1174 1903 corporumque
1222 1836 1448 1891 umbras
1502 1837 1808 1901 imitantes,
1850 1837 1968 1892 sin-

377 1922 522 1992 gulis
547 1939 740 1977 eorum
774 1924 940 1980 dictis
971 1927 1298 1980 coneinunt.

980 2037 1134 2092 CAP.
1177 2037 1368 2092 XXIII.

449 2127 635 2182 Talem
694 2139 746 2183 te
804 2137 1004 2198 praesta
1043 2141 1167 2185 tuos
1190 2147 1318 2201 erga
1351 2131 1707 2192 domesticos.
1749 2133 1968 2202 qualem

376 2230 536 2290 optas
566 2237 696 2290 erga
728 2231 779 2276 te
811 2222 1106 2276 Dominum
1138 2239 1258 2278 esse
1287 2243 1298 2276 :
1328 2232 1493 2294 prout
1517 2225 1666 2279 enim
1689 2225 1968 2292 audimus,

377 2313 700 2379 audiemur;
744 2322 799 2369 et
839 2322 900 2368 ut
932 2315 1284 2385 respicimus,
1321 2318 1691 2386 respiciemur
1719 2334 1749 2372 a
1781 2318 1971 2372 divino

379 2413 689 2475 cunctaque
737 2416 1038 2462 contuente
1088 2419 1335 2477 aspectu.
1381 2410 1603 2464 Priores
1651 2411 1822 2480 igitur
1868 2426 1972 2466 nos

381 2497 780 2553 misericordia
831 2499 1268 2557 misericordiam
1309 2502 1683 2566 conferamus,
1738 2511 1798 2556 ut
1853 2501 1971 2572 pari

380 2603 480 2658 par
505 2588 857 2660 recipiamus.

999 2705 1152 2761 CAP.
1204 2705 1392 2762 xxw.
1699 2775 1702 2779 λ

453 2796 628 2852 Sicuti
649 2797 922 2868 exquisita
959 2800 1183 2870 specula
1217 2801 1354 2856 tales
1379 2811 1694 2859 monstrant
1713 2805 1967 2860 vultuum

381 2889 647 2960 imagine,
679 2891 864 2961 qualia
903 2891 1020 2962 ipsa
1069 2901 1199 2948 sunt
1229 2894 1546 2966 archetypa,
1580 2896 1785 2952 nitidas
1815 2899 1972 2953 vide-

378 2980 511 3033 licet
538 2980 856 3046 nitentium,
893 2983 1082 3038 tristes
1104 2993 1292 3039 autem
1337 2987 1695 3042 mcerentium
1725 3029 1740 3054 ,
1773 2992 1968 3046 eodem

379 3082 542 3141 pacto
570 3073 779 3144 justum
808 3075 906 3130 Dei
952 3076 1222 3147 judicium
1248 3079 1455 3135 nostris
1479 3080 1798 3138 actionibus
1829 3085 1969 3140 assi-

380 3166 635 3226 milatur:
655 3168 840 3237 qualia
872 3169 1020 3224 enim
1046 3180 1175 3225 sunt
1204 3188 1328 3242 qua:
1359 3189 1390 3227 a
1421 3173 1584 3229 nobis
1612 3184 1965 3246 prastantur,
1997 3225 2039 3283 Ο

381 3261 501 3283 ._,,_
540 3263 831 3283 .‘____._,_
876 3280 972 3283 μμ,
1011 3281 1067 3283 __
1163 3282 1172 3283 ,
1205 3266 1332 3283 μμ
1395 3267 1520 3283 η.
1549 3267 1581 3283 οι
1644 3277 1655 3283 -

381 3261 506 3316 talia
540 3263 654 3332 ipse
674 3263 838 3318 nobis
876 3280 976 3334 par
1011 3265 1128 3335 pari
1162 3266 1414 3322 referens
1435 3267 1681 3323 exhibet.

999 3467 1150 3522 CAP.
1177 3467 1342 3524 XXV.

453 3556 706 3610 Delibera
741 3557 833 3610 diu
872 3557 940 3612 de
988 3558 1054 3612 iis
1081 3575 1201 3628 quae
1226 3559 1435 3630 agenda
1465 3570 1624 3626 sunt;
1666 3577 1970 3631 exsequere

381 3656 563 3701 autem
604 3665 725 3717 quae
749 3649 1062 3704 decreveris
1099 3651 1316 3706 naviter
1350 3669 1362 3705 :
1393 3653 1654 3721 quoniam
1693 3654 1967 3723 periculo.

381 3753 501 3792 sum
536 3749 620 3794 est
645 3741 940 3795 admodum
961 3742 1368 3797 inconsiderata
1398 3743 1450 3797 in
1472 3744 1637 3799 rebus
1663 3746 1964 3801 temeritas.

370 3830 439 3883 Si
468 3830 592 3899 quis
633 3832 780 3886 enim
803 3850 926 3902 qua:
952 3850 1015 3888 ex
1050 3833 1361 3889 inconsulta
1391 3842 1574 3890 mente
1628 3838 1963 3906 proveniunt

383 3923 560 3981 mala.
627 3927 946 3994 conceperit
1004 3925 1211 3987 animo.
1273 3925 1432 3980 facile
1482 3928 1789 3996 comperiet
1832 3929 1963 3985 boni

384 4015 610 4068 consilii
643 4016 930 4070 commoda
981 4035 992 4071 :
1043 4026 1100 4070 ut
1157 4017 1252 4086 qui
1309 4033 1588 4087 prospera:
1635 4020 1968 4077 valetudinis

385 4105 612 4162 bonum.
657 4115 778 4175 post
824 4107 1199 4176 aegrotationis
1226 4107 1663 4176 experimentum
1696 4114 1966 4180 persenti-

385 4206 563 4251 scunt.
598 4199 774 4255 Debes
817 4199 1001 4270 igitur,
1032 4199 1462 4269 prudentissime
1492 4215 1608 4266 rex,
1631 4211 1745 4258 tum
1779 4207 1966 4261 consi-

1711 401 2032 462 AGAPETI
2075 403 2387 466 DIACONI

3529 405 3669 474 1172

2650 519 2902 573 ΚΕΦΛΛ.
2961 518 3094 572 KA'.

2155 608 2232 678 Τῇ
2268 609 2368 679 μὲν
2403 610 2560 681 οὐσίᾳ
2599 613 2691 666 τοῦ
2728 614 3000 684 σώματος,
3032 615 3145 677 ἴσος
3187 612 3352 665 παντὶ
3391 609 3670 682 ἀνθρώπῳ

2081 702 2109 753 ὀ
2139 701 2417 769 βασιλεὺς,
2435 707 2500 775 τῇ
2535 705 2757 775 ἐξουσίᾳ
2789 707 2847 760 δὲ
2874 707 2968 760 τοῦ
2995 705 3310 776 ἀξιώματος
3338 705 3528 776 ὅμοιός
3551 705 3668 758 ἐστι

2080 794 2159 864 τῷ
2211 797 2303 849 ἐπὶ
2356 797 2576 851 πάντων
2629 798 2905 868 Θεῷ-οὐκ
2961 798 3073 870 ἔχει
3117 797 3226 867 γὰρ
3269 797 3363 849 ἐπὶ
3422 797 3526 868 γῆς
3574 797 3668 850 τὸν

2082 885 2246 938 αὑτοῦ
2295 887 2648 958 ὑψηλότερον.
2683 889 2802 959 Χρὴ
2839 889 3020 943 τοίνυν
3063 888 3227 942 αὑτὸν
3277 887 3367 939 καὶ
3408 887 3484 950 ὡς
3534 889 3668 941 Θεὸν

2085 978 2159 1047 μὴ
2205 979 2548 1051 ὀργίζεσθαι,
2580 982 2673 1034 καὶ
2704 981 2780 1044 ὼς
2833 980 3026 1049 θνητὸν
3066 982 3141 1051 μὴ
3195 983 3525 1052 ἐπαίρεσθαι
3553 1003 3567 1016 ο
3618 985 3666 1037 εί

2081 1070 2248 1122 εἰκόνι
2280 1071 2434 1142 Οεϊκῇ
2461 1074 2773 1142 τετίμηται,
2801 1072 2937 1126 ἀλλὰ
2971 1074 3066 1126 καὶ
3111 1073 3284 1126 εἰκόνι
3316 1077 3474 1146 χοῖκῇ
3529 1092 3669 1145 συμ-

2080 1161 2425 1216 πέπλεκται·
2477 1164 2544 1216 δι’
2574 1160 2642 1233 ἧς
2686 1165 3064 1219 ἐκδιδάσκεται
3128 1166 3227 1236 τὴν
3269 1166 3406 1236 πρὸς
3455 1170 3668 1231 πάντας

2084 1254 2328 1325 ἰσότητα.

2643 1370 2894 1423 ΚΕΦΑΛ.
2949 1368 3079 1428 ΚΒ’.

2162 1459 2219 1510 Ἀ
2229 1459 2455 1530 ποδέχου
2470 1461 2597 1523 τοὺς
2615 1463 2683 1514 τὰ
2705 1459 2921 1533 χρηστὰ
2940 1461 3330 1528 συμϐουλεύειν
3354 1462 3659 1529 ἐθέλοντας,

2077 1550 2213 1604 ἀλλά
2261 1551 2336 1623 μὴ
2383 1553 2510 1616 τοὺς
2561 1554 2879 1608 κολακεύειν
2911 1555 3172 1609 ἑκάστοτε
3219 1555 3568 1618 σπεύδοντας.
3597 1559 3662 1609 0i

2081 1646 2180 1712 μὲν
2210 1646 2318 1717 γὰρ
2352 1646 2411 1700 τὸ
2446 1648 2727 1719 συμφέρον
2751 1648 2864 1719 (II)
2894 1648 3195 1719 συνορῶσιν
3217 1650 3276 1702 ὲν
3316 1648 3578 1721 ἀληθεία·
3611 1650 3662 1702 οἱ

2076 1737 2132 1790 δὲ
2176 1739 2315 1808 πρὸς
2356 1740 2425 1792 τὰ
2470 1739 2734 1795 δοκοῦντα
2774 1745 2888 1806 τοῖς
2917 1743 3214 1813 κρατοῦσιν
3256 1742 3525 1814 ἀφορῶσι,
3568 1745 3662 1797 καὶ

2076 1830 2183 1882 τῶν
2215 1832 2486 1901 σωμάτων
2515 1835 2614 1896 τὰς
2651 1834 2814 1898 σκιὰς
2857 1834 3215 1906 μιμούμενοι,
3247 1836 3361 1899 τοῖς
3392 1835 3525 1906 παρ’
3563 1836 3662 1888 αὺ-

2073 1921 2180 1974 τῶν
2211 1921 2524 1994 λεγομένοις
2545 1927 2856 1998 συνᾴδουσι.

2653 2038 2902 2091 ΚΕΦΑΛ.
2942 2037 3069 2092 Kl".

2142 2127 2398 2192 Τοιοῦτος
2431 2130 2585 2197 γίνου
2621 2130 2750 2197 περὶ
2775 2133 2902 2194 τοὺς
2943 2131 3072 2193 σοὺς
3108 2131 3346 2198 οἰκέτας,
3370 2126 3483 2184 οἷον
3520 2129 3658 2204 εὔχῃ

2073 2235 2157 2272 σοι
2181 2219 2272 2272 τὸν
2295 2222 2575 2291 Δεσπότην
2599 2221 2883 2290 γενέσθαι·
2915 2223 2990 2285 ὼς
3023 2223 3134 2294 γὰρ
3160 2223 3454 2293 ἀκούομεν,
3492 2223 3658 2276 ἀκου-

2073 2310 2407 2381 σοησόμεοα,
2439 2314 2534 2366 καὶ
2581 2313 2658 2377 ὼς
2707 2314 2946 2384 ὁρῶμεν,
2973 2315 3363 2387 ὁραϐησὸμεθα
3412 2316 3517 2370 ὑπὸ
3559 2315 3656 2370 τοῦ

2072 2401 2219 2456 θείου
2271 2405 2363 2457 καὶ
2404 2405 2745 2475 παπεφὸρου
2777 2406 3251 2478 (1ἓ)βλέμματος.
3290 2407 3657 2479 Προεισενέγ-

2073 2514 2260 2566 κωμεν
2288 2493 2381 2550 οὖν
2401 2496 2480 2567 τῷ
2503 2499 2636 2568 ἐλέῳ
2657 2501 2748 2552 τὸν
2777 2500 2947 2565 ἔλεον,
2965 2501 3051 2554 ἵνα
3080 2500 3158 2572 τῷ
3187 2500 3362 2571 ὁμοίῳ
3389 2502 3449 2555 τὸ
3473 2502 3658 2571 ὅμοιον

2071 2588 2474 2660 ἀντιλάϐωμεν.

2653 2708 2902 2762 ΚΕΦΛΛ.
2943 2710 3069 2762 KA'.

2145 2797 2356 2870 Ὥσπερ
2387 2800 2456 2852 τὰ
2492 2799 2698 2872 ἀκρισῆ
2724 2801 2832 2854 τῶν
2868 2802 3197 2872 κατόπτρων
3243 2799 3505 2864 τοιαύτας
3550 2798 3660 2853 δεί-

2071 2889 2344 2954 κνυσιτὰς
2381 2890 2492 2944 τῶν
2511 2892 2820 2962 προσώπων
2859 2893 3132 2963 ἐμφάσεις
3163 2933 3179 2958 ,
3219 2887 3417 2964 οἷὰπέρ
3455 2893 3661 2946 ἐστιτὰ

2071 2983 2430 3054 πρωτότυπα,
2474 2986 2676 3057 φαιδρὰ
2720 2986 2820 3056 μὲν
2863 2985 2974 3038 τῶν
3023 2986 3488 3059 φαιδρυνομένων,
3526 3003 3660 3038 σκυ-

2071 3075 2269 3148 θρωπὰ
2297 3077 2354 3131 δὲ
2395 3078 2507 3132 τῶν
2541 3079 3048 3151 σκυθρωπαζόντων
3067 3096 3081 3110 ο
3112 3079 3255 3132 οὕτω
3283 3080 3380 3132 καὶ
3410 3081 3442 3148 ἡ
3478 3078 3662 3132 δικαία

2071 3167 2166 3221 τοῦ
2195 3167 2332 3222 Θεοῦ
2386 3169 2566 3241 κρίσις
2594 3171 2716 3233 ταῖς
2747 3171 3049 3242 ἡμετέραις
3075 3169 3341 3240 πράξεσιν
3378 3167 3660 3239 ἐξομοιοῦ-

2071 3279 2182 3317 ται.
2213 3257 2428 3334 Οἷὰπερ
2467 3256 2585 3334 γὰρ’
2631 3263 2698 3317 ἂν
2810 3264 2880 3317 τὰ
2909 3264 3040 3334 παρ’
3081 3261 3242 3332 ἡμῶν
3291 3259 3653 3332 εἰργασμένα,

2072 3355 2302 3410 τοιαῦτα
2333 3359 2468 3426 ἡμῖν
2503 3358 2567 3409 ὲκ
2587 3355 2696 3409 τῶν
2725 3355 2928 3425 ὁμοίων
2955 3354 3208 3426 παρέχει.

2653 3471 2903 3524 ΚΕΦΛΛ.
2948 3470 3077 3523 κε’.

2146 3560 2414 3615 Βουλεύου
2451 3561 2548 3633 μὲν
2576 3563 2644 3615 τὰ
2693 3563 2943 3633 πρακτέα
2971 3561 3236 3632 βραδέως,
3266 3561 3476 3614 ὲκτέλει
3503 3559 3558 3612 δὲ
3594 3557 3664 3613 τὰ

2076 3653 2340 3724 κριθέντα
2371 3655 2706 3717 σπουδαίως·
2741 3655 2868 3707 ἐπεὶ
2894 3655 3014 3708 λίαν
3039 3654 3158 3707 ἐστὶ
3189 3654 3482 3726 σφαλερὸν,
3513 3653 3572 3705 τι
3602 3653 3662 3705 ἐν

2073 3748 2190 3808 τοῖς
2220 3747 2541 3817 πράγμασιν
2591 3747 3022 3817 ἀπερίσκεπτον.
3067 3747 3128 3799 Εἰ
3178 3749 3286 3816 γὰρ
3317 3746 3384 3799 τὰ
3413 3745 3470 3810 ἐξ
3498 3744 3664 3798 ἁϐου-

2071 3837 2193 3902 λίας
2225 3856 2306 3901 τις
2355 3841 2603 3909 ὲννοήσει
2655 3838 2829 3896 κακὰ.
2882 3841 3001 3892 τότε
3051 3838 3322 3908 γνώσεται
3361 3838 3539 3900 καλῶς
3563 3837 3662 3906 τῆς

2074 3931 2359 3994 εὐϐουλίας
2383 3931 2449 3983 τὰ
2468 3933 2717 4001 χρήσιμα
2739 3949 2753 3964 ·
2783 3931 2858 3992 ὡς
2885 3932 2983 3984 καὶ
3014 3934 3112 4001 τῆς
3143 3931 3328 4001 ὑγείας
3357 3931 3456 4002 τὴν
3479 3930 3660 4000 χάριν,

2079 4023 2215 4092 μετά
2241 4023 2338 4090 τὴν
2368 4023 2565 4092 πεῖραν
2594 4023 2692 4091 τῆς
2710 4021 2890 4076 νόσου.
2913 4025 3003 4074 Δεῖ
3029 4021 3234 4083 τοίνυν,
3261 4022 3662 4093 εὐφρονέστατε

2078 4113 2328 4184 βασιλεῦ,
2363 4115 2457 4166 καὶ
2499 4113 2662 4183 βουλῇ
2713 4113 3079 4184 συνετωτέρᾳ,
3104 4113 3200 4166 καὶ
3224 4114 3355 4182 εὐχῇ
3396 4128 3663 4164 συντονω-

2075 4208 2212 4279 τέρᾳ
2237 4207 2531 4279 ὲξερευνᾷν
2558 4207 2803 4277 ἀκριϐῶς
2837 4206 2905 4259 τὰ
2931 4207 3249 4261 συνοίσοντα
3275 4205 3352 4275 τῷ
3377 4207 3587 4274 κόσμῳ.

385 4289 457 4342 lio
501 4290 885 4358 prudentiore,
919 4301 1031 4346 tum
1061 4291 1318 4362 precibus
1338 4291 1406 4348 ad
1443 4292 1616 4348 Deum
1665 4295 2115 4368 impensioribus,
2154 4303 2445 4373 exquirere
2506 4300 2802 4372 diligenter
2847 4314 2971 4370 qua:
3038 4297 3244 4354 mundo
3301 4308 3431 4352 sunt
3496 4312 3665 4368 expe-

385 4382 586 4439 ditura.

983 4503 1134 4559 CAP.
1177 4506 1366 4563 XXVI.

453 4592 668 4660 Optime
703 4593 1119 4650 administrabis
1143 4599 1423 4668 egregium
1453 4609 1608 4654 tuum
1646 4600 1961 4670 imperium,

386 4682 432 4736 si
458 4685 643 4737 omnia
673 4683 771 4738 des
804 4701 1026 4754 operam
1077 4689 1410 4757 perspicere;
1443 4705 1545 4744 nec
1576 4692 1849 4762 negligere
1874 4709 1967 4762 pa—

390 4774 526 4828 tiare
575 4775 900 4845 quidquam.
952 4777 1140 4847 Neque
1196 4780 1344 4833 enim
1391 4796 1627 4850 parvum
1681 4791 1765 4837 est
1800 4785 1855 4838 in
1895 4794 1969 4849 te,

389 4867 534 4936 quod
577 4885 806 4937 parvum
841 4883 963 4924 esse
1001 4880 1231 4940 apparet
1261 4873 1676 4941 comparatione
1713 4883 1970 4930 tuorum:

389 4961 650 5030 quoniam
709 4961 794 5015 vel
823 4962 966 5017 exile
1005 4963 1356 5033 imperatoris
1397 4964 1642 5020 Verbum
1695 4967 1969 5038 ingentem

389 5052 604 5107 obtinet
641 5053 787 5122 apud
823 5069 1016 5110 mnnes
1043 5056 1176 5110 vim.

981 5169 1132 5224 CAP.
1166 5170 1378 5227 XXVII.

459 5257 580 5310 Tibi
622 5259 726 5328 ipsi
758 5261 1105 5316 custodiendi
1138 5263 1285 5333 leges
1313 5267 1535 5336 impone
1561 5268 1968 5331 necessitatem,

390 5367 516 5402 cum
572 5369 681 5406 non
740 5355 944 5409 habeas
997 5355 1052 5409 in
1107 5359 1271 5412 terris
1299 5360 1393 5428 qui
1427 5368 1478 5416 te
1519 5360 1694 5431 possit
1731 5376 1968 5431 cogere:

389 5444 470 5497 sie
523 5446 671 5499 enim
709 5432 849 5502 'tnm
911 5448 1091 5520 Icgmn
1129 5466 1242 5520 pne
1294 5462 1346 5506 te
1397 5451 1541 5507 feres
1587 5453 1795 5508 cultum
1831 5453 1970 5522 ipse.

393 5543 519 5589 ante
551 5537 690 5592 alios
736 5555 832 5594 eas
879 5541 1218 5608 reverendo;
1261 5552 1376 5597 tum
1412 5543 1654 5599 subditis
1693 5543 1971 5599 constabit

2648 4510 2902 4563 ΚΕΦΑΛ.
2946 4509 3093 4577 Kq'.

2149 4604 2382 4674 Ἀριστα
2416 4602 2712 4673 διοικήσεις
2755 4604 2855 4674 τὴν
2888 4603 3102 4673 ἀγαθήν
3134 4619 3226 4655 σου
3277 4601 3578 4672 βασιλείαν,
3611 4599 3662 4653 εί

2075 4696 2252 4751 πάντα
2309 4695 2635 4760 σπουδάζεις
2681 4699 2905 4768 ὲφορᾷν,
2950 4698 3045 4750 καὶ
3095 4697 3264 4766 μηδὲν
3323 4696 3490 4766 ἀνέχῃ
3523 4711 3666 4764 παρ-

2069 4787 2224 4856 ορᾷν.
2257 4786 2332 4838 Οὐ
2368 4785 2477 4856 γὰρ
2539 4787 2736 4856 μικρὸν
2789 4787 2883 4838 ἐπὶ
2945 4787 3046 4847 σοὶ,
3087 4788 3226 4858 ὅπερ
3277 4787 3473 4856 μικρὺν
3523 4779 3664 4837 εἶναι

2069 4881 2219 4932 δοκεῖ
2245 4881 2303 4932 ὲν
2336 4879 2623 4950 συγκρίσει
2654 4880 2762 4933 τῶν
2795 4880 2906 4932 σῶν
2926 4898 2938 4910 ·
2971 4881 3160 4952 ἐπειδὴ
3189 4881 3285 4934 καὶ
3313 4881 3468 4950 ῥῆμα
3502 4881 3658 4952 βασι-

2073 4973 2212 5036 λέως
2245 4973 2401 5042 ψιλὸν
2443 4973 2690 5044 μεγάλην
2723 4972 2839 5044 ἔχει
2874 4973 3026 5043 παρὰ
3061 4975 3228 5027 πᾶσιν
3261 4975 3438 5045 ἰσχύν.

2665 5171 2913 5225 ΚΕΦᾹΛ.
2957 5173 3081 5226 ΚΖ’.

2149 5263 2338 5336 Σαυτῴ
2391 5264 2491 5336 τὴν
2549 5263 2642 5318 τοῦ
2692 5264 2989 5332 φυλάττειν
3038 5265 3166 5326 τοὺς
3212 5263 3411 5332 νόμους
3475 5262 3665 5326 ἐπίθες

2076 5356 2345 5427 ἀνάγκην,
2379 5357 2453 5419 ὡς
2485 5355 2560 5427 μὴ
2599 5354 2738 5426 έχων
2775 5357 2870 5408 ἐπὶ
2899 5357 3004 5425 γῆς
3031 5355 3123 5409 τὸν
3160 5355 3458 5424 δυνάμενον
3496 5359 3666 5424 ἀναγ-

2077 5448 2270 5512 κάζειν
2293 5466 2306 5480 ·
2337 5447 2479 5502 οὕτω
2519 5449 2627 5519 γὰρ
2663 5447 2759 5500 καὶ
2796 5449 2906 5500 τῶν
2936 5448 3117 5518 νόμων
3162 5447 3453 5514 ἐπιδείξεις
3481 5447 3544 5501 τὸ
3573 5447 3666 5500 σέ-

2079 5543 2200 5607 ϐας,
2238 5541 2399 5604 αὐτὸς
2435 5541 2541 5612 πρὸ
2575 5541 2687 5596 τῶν
2721 5541 2899 5596 ἄλλων
2933 5541 3160 5605 τούτους
3199 5540 3522 5603 αἰδούμενος
3572 5540 3666 5592 καὶ

1918 5681 2144 5740 ΝΟΤίΕ.

468 5762 580 5846 (l‘l)
614 5767 676 5846 0‘1
695 5768 811 5834 μὲν
828 5774 944 5846 ,γὰρ
971 5770 1039 5823 τὸ
1091 5773 1424 5846 (ξυμφέρον.
1457 5771 1640 5830 Codex
1668 5772 1871 5846 Regius
1918 5775 1977 5830 Β.

394 5835 446 5886 οι
481 5833 579 5903 μὲν
604 5833 710 5906 γὰρ
747 5833 882 5909 πρὸς
906 5833 1086 5909 ⁷συμφ.
1112 5833 1347 5899 Βὲκῦυἶι.

2166 5774 2278 5844 (12)
2309 5774 2712 5844 Παντεςρόρου.
2748 5772 2839 5829 Sic
2868 5773 2920 5827 in
2956 5769 3244 5830 codicibus
3291 5774 3495 5845 Regiis.
3528 5771 3656 5830 Pel-

2097 5841 2282 5916 pcram
2309 5846 2360 5900 in
2393 5845 2561 5901 editis
2579 5841 2953 5917 ’παντοφόρου.
2984 5845 3058 5900 Ιυ.
