4148 6446
466 363 602 429 1173

1681 391 1949 452 CAPITA
1990 394 2519 462 ADMONITORIA
2531 452 2543 464 .

3586 418 3723 486 1114

460 489 569 547 τοῖς
603 485 867 559 ὑπηκόοις
890 492 1190 563 φανήσεται
1229 495 1291 550 τὸ
1330 504 1670 572 παρανομεῖν
1693 506 1795 559 οὐκ
1827 506 2038 560 ἀκίνδυ-

2143 508 2325 581 legum
2390 517 2899 586 praevaricationem
2966 523 3200 595 periculi
3259 544 3373 586 non
3440 547 3563 591 esse
3624 535 3728 590 ἰηι-

460 594 571 637 νον.

1024 702 1277 759 ΚΕΦΑΛ.
1335 708 1473 760 ΚΗ’.

534 787 680 841 Ἴσον
720 788 799 860 τῷ
848 791 1217 865 πλημμελεῖν,
1245 799 1306 851 τὸ
1339 802 1414 870 μὴ
1446 800 1680 855 κωλύειν
1703 803 1831 866 τοὺς
1864 804 2043 875 πλημ-

464 878 765 946 μελοῦντας
804 881 1042 953 λογίζου.
1098 889 1220 944 Κᾶν
1275 892 1385 963 γάρ
1426 909 1511 956 τις
1560 894 1915 968 πολιτεύηται
1945 899 2044 969 μὲν

461 970 759 1042 ὲνθέσμως,
793 976 1056 1049 ἀνέχηται
1085 982 1143 1035 δὲ
1176 984 1285 1037 τῶν
1314 985 1574 1055 βιούντων
1606 989 1884 1060 ἀθέσμως,
1920 1009 2044 1044 συν-

463 1063 625 1153 εργὸς
654 1065 762 1118 τῶν
802 1071 991 1125 κακῶν
1031 1076 1182 1147 παρά
1226 1076 1346 1140 Θεῷ
1374 1080 1653 1151 κρίνεται’
1688 1084 1736 1135 εί
1775 1084 1831 1137 δὲ
1859 1084 2042 1153 βούλει

461 1151 654 1219 διττῶς
691 1156 1019 1230 εὐδοκιμεῖν,
1056 1168 1148 1219 καὶ
1182 1169 1305 1232 τοὺς
1344 1170 1415 1223 τά
1464 1172 1727 1227 κάλλιστα
1756 1176 2043 1243 ποιοῦντας

463 1246 725 1318 προτίμα,
752 1254 849 1306 καὶ
871 1258 985 1319 τοῖς
1010 1256 1081 1310 τὰ
1109 1260 1360 1332 χείριστα
1387 1262 1589 1333 δρῶσιν
1614 1266 1863 1338 ὲπιτίμα.

1042 1457 1295 1517 ΚΕΦΑΛ.
1338 1464 1465 1517 ΚΘ’.

531 1540 665 1596 Λίαν
697 1547 998 1619 συμφέρειν
1027 1551 1419 1623 ὑπολαμϐάνω,
1450 1558 1512 1611 τὸ
1547 1559 1770 1631 φεύγειν
1801 1563 1901 1628 τὰς
1937 1567 2045 1619 τῶν

463 1633 650 1686 κακῶν
684 1638 1117 1711 συνδιαιτήσειςο
1151 1645 1241 1699 τὸν
1275 1647 1384 1720 γὰρ
1413 1651 1647 1706 συνόντα
1682 1654 1917 1709 πάντοτε
1946 1659 2044 1713 άν-

462 1723 702 1821 θρὼποις
722 1734 1047 1805 πονηροῖς,ἢ
1068 1736 1305 1811 παθεῖνῆ
1340 1742 1533 1811 μαθεῖν
1555 1746 1771 1817 ἀνάγκη
1792 1765 1847 1801 τι
1882 1766 2047 1821 πονη-

462 1817 638 1887 ρόν·ό
665 1820 723 1873 δὲ
771 1826 885 1886 τοῖς
938 1827 1166 1894 ἀγαθοῖς
1210 1833 1536 1903 συνδιάγων,
1582 1836 1615 1909 ἢ
1657 1838 1891 1910 μίμησιν
1932 1817 2043 1896 τῶν

461 1910 641 1964 καλῶν
672 1912 1071 1983 ἐκδιδάσκεται,
1112 1919 1144 1991 ἢ
1195 1925 1421 1992 μείωσιν
1467 1927 1577 1979 τῶν
1626 1930 1819 1984 κακῶν
1848 1934 2045 1988 ἐκπαι-

458 2008 696 2065 δεύεται.

1062 2134 1315 2190 ΚΕΦΛΛ.
1356 2138 1437 2194 Λ’.

541 2224 868 2295 Ἐγκόσμιον
914 2226 1019 2280 ὑπὸ
1064 2228 1203 2282 Θεοῦ
1255 2231 1567 2297 πιστευθεὶς
1606 2232 1906 2304 βασιλείαν,
1941 2254 2043 2308 μη-

458 2312 573 2365 δενὶ
616 2316 735 2384 χρῶ
781 2315 888 2367 τῶν
926 2318 1182 2386 πονηρῶν
1235 2320 1366 2389 πρὸς
1419 2320 1515 2383 τὰς
1547 2321 1656 2375 τῶν
1700 2323 2045 2393 πραγμάτων

457 2406 776 2475 διοικήσεις.
809 2403 909 2459 Ὧν
940 2408 1051 2479 γὰρ
1081 2408 1147 2463 ἂν
1181 2411 1381 2464 ἐκεῖνοι
1408 2412 1593 2476 κακῶς
1615 2413 2043 2483 διαπράξωνται,

459 2500 618 2568 λόγον
653 2502 842 2571 ὑφέξει
873 2503 992 2575 Θεῷ
1021 2504 1050 2556 ὁ
1076 2503 1176 2574 τὴν
1213 2505 1370 2575 ἰσχὺν
1412 2507 1601 2569 αὐτοῖς
1626 2506 1895 2572 δεδωκώς.
1931 2498 2048 2564 Ms-

456 2594 529 2647 τὰ
568 2596 771 2666 πολλῆς
804 2592 898 2650 οὖν
932 2595 1238 2664 ἐξετάσεως
1265 2599 1449 2655 αἰτῶν
1470 2602 1750 2675 ἀρχόντων
1780 2604 2045 2676 προϐολαὶ

458 2690 817 2758 γενέσθωσαν.

1045 2902 1295 2956 ΚΕΦΛΛ.
1338 2906 1463 2959 AA'.

531 2995 676 3046 Ἴσον
724 2993 933 3064 νομίζω
981 2996 1171 3059 κακον,
1199 2998 1295 3049 καὶ
1332 2998 1439 3050 τῶν
1482 2998 1694 3069 ἐχθρῶν
1735 2997 2042 3068 θυμοῦσθαι

455 3088 576 3143 ’ταῖς
627 3086 1010 3157 κακουργίαις,
1061 3090 1157 3142 καὶ
1209 3089 1317 3142 τῶν
1366 3090 1538 3159 φίλων
1586 3091 1876 3159 θέλγεσθαι
1918 3095 2044 3156 ταῖς

2146 621 2392 662 munem.

2729 729 2881 786 CAP.
2922 732 3159 790 XXVIII.

2215 815 2471 883 Peceare,
2515 830 2571 875 et
2599 836 2711 875 non
2735 822 2997 879 cohibere
3049 836 3361 896 peccantes,
3414 829 3562 885 idem
3602 847 3725 887 esse

2145 916 2355 977 putato.
2390 911 2445 965 Si
2473 914 2598 982 quis
2622 915 2770 969 enim
2803 916 3102 974 incivitate
3145 921 3312 975 vitam
3341 924 3567 993 quidem
3609 925 3728 995 ipse

2148 999 2398 1056 traducat
2450 1019 2648 1074 teque,
2698 1009 2896 1064 toleret
2954 1019 3140 1066 autem
3190 1014 3442 1072 viventes
3500 1018 3721 1088 inique,

2147 1092 2329 1147 socius
2377 1096 2649 1152 malorum
2690 1101 2835 1171 apud
2885 1103 3058 1158 Deum
3102 1105 3385 1176 judicatur
3426 1112 3619 1180 :quod
3676 1115 3721 1168 si

2145 1185 2285 1239 velis
2326 1186 2577 1242 bifariam
2610 1194 2905 1261 approbari
2934 1236 2947 1259 ,
2980 1205 3042 1250 ut
3094 1198 3467 1265 pulcherrima
3504 1220 3727 1276 quoque

2145 1287 2400 1347 gerentes
2434 1279 2667 1347 honora,
2700 1284 2776 1339 ita
2806 1288 3091 1343 teterrima
3116 1298 3398 1360 patrantes
3441 1306 3729 1355 contume-

2146 1367 2219 1425 lia
2246 1371 2469 1429 allicito.

2745 1497 2896 1556 CAP.
2926 1500 3119 1557 XXIX.

2216 1580 2491 1651 Expedire
2529 1586 2825 1644 admodum
2863 1593 3105 1649 arbitror
3134 1595 3378 1668 eﬂ'ugere
3427 1614 3726 1668 pravorum

2147 1672 2506 1730 contubernia
2544 1695 2557 1731 :
2592 1680 2685 1749 qui
2744 1682 2892 1737 enim
2936 1699 3062 1738 cum
3106 1686 3427 1744 hominibus
3462 1690 3729 1758 improbis

2146 1775 2364 1832 semper
2400 1777 2670 1834 versatur,
2699 1786 2826 1825 eum
2856 1774 2941 1828 vel
2980 1777 3090 1845 pati
3142 1778 3227 1833 vel
3267 1778 3481 1834 discere
3522 1782 3727 1837 malum

2074 1857 2116 1912 Β
2145 1851 2354 1921 aliquid
2386 1870 2610 1912 necesse
2638 1869 2721 1914 est
2750 1878 2762 1913 :
2795 1863 2889 1931 qui
2920 1880 3053 1920 vero
3084 1882 3191 1921 una
3210 1883 3335 1921 cum
3360 1868 3520 1923 bonis
3556 1870 3723 1942 degit,

2148 1945 2233 1997 vel
2264 1944 2627 2004 imitationem
2660 1951 3020 2010 honestorum
3049 1958 3335 2027 educetur,
3368 1963 3450 2017 vel
3486 1963 3729 2020 diminu-

2149 2040 2353 2093 tionem
2380 2040 2642 2097 vitiorum
2673 2046 2963 2102 condiscit.

2750 2157 2903 2214 CAP.
2943 2160 3115 2219 XXX.

2219 2243 2518 2301 Terrarum
2568 2250 2722 2305 orbis
2764 2267 2794 2305 a
2830 2253 2942 2308 Deo
2993 2269 3119 2308 cum
3168 2257 3448 2312 creditum
3502 2260 3603 2315 tibi
3654 2263 3729 2317 sit

2145 2350 2396 2405 regnum,
2424 2354 2556 2395 cave
2583 2358 2652 2397 ne
2697 2342 2884 2413 aliquo
2915 2347 3093 2401 utaris
3132 2363 3201 2402 ex
3227 2365 3343 2418 pra'
3366 2349 3412 2405 is
3442 2350 3507 2404 ad
3541 2367 3729 2407 rerum

2145 2426 2691 2487 administrationes:
2723 2450 2845 2504 qua:
2879 2436 3027 2491 enim
3051 2437 3133 2493 illi
3155 2453 3441 2510 perperam
3472 2442 3726 2507 fecerint,

2146 2532 2338 2575 eorum
2368 2520 2641 2579 rationem
2684 2526 2879 2583 reddet
2901 2530 3013 2585 Deo
3044 2530 3140 2601 qui
3178 2533 3445 2603 peccandi
3498 2534 3729 2589 faculta-

2147 2622 2258 2667 tem
2298 2613 2429 2684 ipsis
2460 2616 2773 2674 indulserit.
2803 2621 2991 2693 Magna
3024 2625 3192 2696 igitur
3215 2636 3273 2682 et
3311 2627 3560 2698 diligenti
3600 2645 3726 2683 eum

2146 2710 2585 2777 perscrutatione
2655 2716 3076 2787 magistratuum
3140 2722 3522 2791 promotiones
3574 2722 3725 2789 ﬂant,

2145 2809 2383 2870 oportet.

2742 2928 2895 2985 CAP.
2934 2929 3129 2987 XXXI.

2215 3014 2446 3086 Equale
2478 3033 2602 3072 reor
2634 3033 2754 3075 esse
2792 3021 3027 3085 malum,
3059 3030 3116 3076 et
3150 3020 3501 3076 inimicorum
3533 3036 3730 3075 exean-

2144 3109 2371 3166 dcscere
2402 3111 2645 3182 ﬂagitiis,
2669 3122 2725 3167 et
2746 3114 3048 3169 amicorum
3082 3114 3386 3170 demul‘ceri
3416 3114 3727 3169 blanditiis.

456 3178 793 3242 κολακείαις.
831 3181 923 3232 Δεῖ
969 3180 1077 3253 γὰρ
1122 3183 1259 3253 πρὸς
1289 3183 1590 3256 ἑκατέρους
1615 3186 1880 3253 γενναίως
1910 3187 2038 3240 ἀνθ-

2145 3202 2375 3271 Oportet
2396 3203 2545 3257 enim
2583 3204 2836 3275 utrisque
2868 3205 3146 3270 resistere,
3177 3222 3280 3262 nec
3311 3221 3544 3276 usquam
3575 3223 3605 3261 a
3632 3207 3731 3262 de-

458 3270 731 3337 ίστασθαι,
763 3272 981 3325 καὶτοῦ
1022 3274 1329 3343 πρέποντος
1370 3277 1640 3347 μηδαμῶς
1681 3278 2038 3347 ἀφίστασθαι,

458 3365 597 3435 μήτε
620 3364 719 3435 τὴν
748 3366 1031 3433 ἀλόγιστον
1068 3370 1293 3422 ἐκείνων
1317 3370 1641 3440 δυσμένειαν
1673 3373 2038 3443 ἀμυνόμενον,

457 3459 595 3527 μήτε
626 3460 727 3530 τὴν
775 3460 1115 3516 ἐπίπλαστον
1143 3467 1353 3519 τούτων
1400 3466 1689 3537 εὐμένειαν
1734 3468 2037 3539 ἀμειϐόμε-

453 3568 563 3607 νον.

1039 3686 1295 3742 ΚΕΦΑΛ.
1333 3684 1465 3743 ΛΒ’.’

535 3774 701 3843 Ἥγοῦ
752 3776 980 3842 τούτους
1034 3775 1174 3833 εἶναι
1228 3780 1419 3850 φίλους
1483 3782 1906 3852 ἀληθεστάτους,
1964 3786 2039 3858 μὴ

451 3869 577 3931 τοὺς
632 3870 995 3935 ἐπαινοῦντας
1042 3872 1258 3927 ἅπαντα
1284 3874 1352 3928 τὰ
1388 3879 1544 3947 παρά
1584 3878 1678 3931 σοῦ
1736 3877 2033 3948 λεγόμενα,

451 3960 589 4014 ἀλλά
615 3964 746 4026 τοὺς
777 3964 957 4035 κρίσει
990 3966 1177 4038 δικαίᾳ
1199 3968 1379 4022 πάντα
1406 3968 1669 4040 πράττειν
1702 3972 2037 4036 σπουδάζονο

448 4074 570 4118 τας,
622 4055 717 4108 καὶ
764 4057 1161 4129 συνηδομένους
1201 4059 1303 4130 μὲν
1346 4060 1440 4113 ἐπὶ
1485 4065 1596 4125 τοῖς
1624 4066 2033 4135 χρηστοτέροις,

450 4149 949 4213 ἐπιστυγνάζοντας
997 4150 1055 4204 δὲ
1103 4150 1199 4205 ἐπὶ
1241 4154 1354 4217 τοῖς
1401 4153 1685 4219 ἐναντίοις.
1721 4151 1882 4210 Οὗτοι
1924 4156 2034 4228 γὰρ

449 4241 619 4305 ὅντως
649 4242 1061 4312 ἀψευδεστάτης
1086 4244 1271 4313 φιλίας
1297 4245 1603 4301 δεικνύουσι
1637 4250 1965 4321 τεκμήριον.

1036 4356 1288 4412 ΚΕΦΑΛ.
1324 4358 1447 4413 ΛΓ¹.

519 4446 611 4517 Μὴ
638 4445 1027 4518 μεταϐαλλέτω
1058 4465 1139 4500 σοι
1165 4448 1263 4521 τὴν
1289 4448 1669 4522 μεγαλόφρονα
1689 4449 1913 4522 γνώμην
1932 4450 2034 4523 τῆς

2144 3310 2271 3349 core
2308 3294 2616 3361 discedere,
2652 3311 2835 3365 neque
2867 3296 3305 3351 irrationabil'em
3333 3312 3527 3352 eorum
3555 3298 3729 3353 male-

2145 3387 2442 3443 volentiam
2476 3388 2820 3453 ulciscendo,
2843 3404 3025 3461 neque
3048 3389 3300 3446 ﬁctitiam
3327 3390 3527 3446 horum
3561 3388 3731 3447 bene-

2143 3482 2442 3538 volentiam
2472 3482 2906 3540 remunerando.
3790 3472 3795 3475 ’

2732 3687 2887 3744 CAP.
2928 3687 3152 3744 XXXII.

2215 3780 2482 3834 Existima
2537 3780 2857 3836 verissimos
2890 3782 3123 3845 amicos,
3180 3795 3293 3835 non
3347 3780 3446 3849 qui
3497 3778 3730 3834 laudent

2144 3873 2326 3928 omnia
2357 3889 2479 3942 qua:
2507 3873 2765 3928 dicantur
2789 3873 2887 3929 abs
2914 3880 2986 3937 te,
3013 3872 3108 3928 sed
3138 3873 3235 3943 qui
3280 3872 3419 3927 nihil
3455 3887 3566 3926 non
3594 3871 3729 3927 inte-

2142 3980 2240 4036 gro
2270 3964 2480 4035 judicio
2516 3964 2698 4019 lacere
2736 3964 3102 4028 contendunt,
3144 3964 3260 4020 sive
3284 3972 3345 4018 ut
3378 3964 3727 4035 gratulentur

2144 4058 2265 4122 tibi,
2300 4058 2345 4112 si
2373 4058 2544 4125 bene;
2578 4057 2889 4123 tristentur,
2929 4058 2974 4112 si
3001 4066 3195 4112 contra
3236 4072 3532 4127 perperam
3569 4055 3727 4110 dixe-

2143 4151 2218 4205 ris
2249 4150 2558 4205 feccrisve:
2594 4149 2650 4203 hi
2696 4150 2846 4205 enim
2890 4165 3081 4205 revera
3124 4148 3195 4204 ab
3225 4150 3376 4204 omni
3400 4148 3595 4205 fraude
3625 4149 3724 4204 ab-

2142 4242 2423 4297 horrentis
2448 4241 2705 4297 amicitia:
2730 4256 2845 4312 prm
2867 4256 2925 4296 se
2953 4240 3140 4295 ferunt
3167 4240 3430 4311 insignia.

2704 4354 2860 4411 CAP.
2906 4354 3146 4410 XXXIII.

2212 4451 2289 4505 Ne
2324 4456 2499 4505 mutet
2530 4449 2628 4505 tibi
2658 4450 3064 4520 magnanimam
3091 4458 3332 4505 mentem
3360 4456 3592 4503 terrenae
3621 4449 3728 4501 hn-

451 4542 696 4609 ὲπιγείου
725 4541 934 4614 ταύτης
961 4542 1281 4606 δυναστείας
1305 4542 1333 4596 ὁ
1361 4543 1546 4612 ὄγκος,
1574 4544 1691 4597 ἀλλ’
1730 4544 1806 4608 ὡς
1839 4545 2035 4613 ἐπίκη-

2139 4543 2227 4614 jus
2256 4541 2546 4612 potestatis
2568 4539 2909 4612 amplitudo;
2935 4540 3034 4596 sed
3080 4547 3143 4594 ut
3182 4539 3437 4610 fragilem
3467 4549 3530 4631 et
3555 4538 3725 4631 cadu-

452 4654 546 4705 ρον
574 4634 774 4689 διέπων
813 4636 1010 4707 ἀρχὴν,
1038 4634 1310 4707 ἄτρεπτον
1339 4635 1429 4707 ἔχε
1469 4636 1561 4691 τὸν
1626 4638 1751 4691 νοῦν
1790 4638 1847 4691 ὲν
1891 4638 2035 4709 πρά-

450 4745 625 4797 γμασι
659 4730 935 4798 τρεπτοῖς,
972 4729 1115 4799 μήτε
1159 4729 1220 4784 ὲν
1260 4731 1382 4793 ταῖς
1404 4729 1692 4800 εὐθυμίαις
1730 4729 2033 4817 ὲξυψούμε-

447 4837 559 4884 νος.
592 4822 732 4894 μήτε
757 4824 815 4875 ἐν
839 4823 960 4885 ταῖς
982 4820 1246 4893 ἀθυμίαις
1264 4822 1718 4893 ταπεινούμενος.

1036 5023 1289 5079 ΚΕΦΑΛ.
1330 5021 1449 5079 AA'.

520 5116 731 5186 ’Ὠσπερ
760 5115 959 5186 χρυσὸς
989 5115 1182 5171 ἄλλοτε
1212 5117 1388 5182 ἄλλως
1432 5116 1536 5170 ὑπὸ
1587 5118 1685 5181 τῆς
1712 5117 1908 5188 τέχνης
1942 5136 2037 5189 με·

445 5209 883 5280 τατυπούμενος,
914 5210 1012 5265 καὶ⁵
1040 5209 1179 5281 πρὸς
1224 5210 1461 5282 διάφορα
1492 5209 1740 5280 κοσμίων
1780 5211 1896 5281 εἴδη
1933 5228 2033 5282 με-

445 5301 863 5373 ταποιούμενος,
896 5302 1035 5373 ὅπερ
1082 5304 1200 5356 ἐστὶ
1248 5302 1513 5373 διαμένει,
1538 5302 1634 5355 καὶ
1679 5302 1890 5373 τροπὴν
1936 5303 2032 5372 ούχ

448 5391 745 5461 ὑπομένειο
802 5392 948 5447 οὕτω
994 5393 1090 5449 καὶ
1141 5394 1324 5459 αὐτὸς,
1377 5393 1735 5447 εύκλεέστατε
1787 5392 2031 5463 βασιλεῦ,

445 5485 615 5555 ἄλλην
643 5484 703 5550 ἐξ
735 5485 904 5556 ἄλλης
934 5486 1182 5557 ἀμείϐων
1212 5486 1408 5557 ἀρχὴν,
1447 5486 1660 5555 φθάσας
1688 5486 1745 5539 δὲ
1789 5486 1883 5540 καὶ
1932 5486 2031 5539 αύ-

447 5575 546 5647 τὴν
576 5579 674 5648 τὴν
711 5579 976 5634 ἀνωτάτω
1016 5579 1204 5651 τιμὴν,
1242 5581 1270 5632 ὁ
1309 5578 1471 5641 αὐτὸς
1500 5578 1799 5649 διαμένεις,
1836 5578 1937 5631 οὐκ
1974 5580 2032 5633 ἐν

446 5670 561 5732 τοῖς
590 5670 778 5734 αὐτοῖς
802 5672 1147 5743 πράγμασιν,
1188 5670 1551 5727 ἀναλλοίωτον
1580 5672 1717 5743 ἔχων
1747 5672 1803 5723 ἐν
1826 5670 1903 5741 τῷ
1928 5688 2028 5725 κα-

448 5759 528 5833 λῷ
560 5762 619 5818 τὸ
651 5764 931 5839 φρένημα.

2142 4646 2268 4685 cum
2328 4647 2525 4700 regens
2579 4632 2993 4701 principatum,
3063 4628 3467 4685 immutabilem
3518 4628 3725 4683 habeto

2140 4724 2481 4779 intellectum
2534 4723 2590 4777 in
2640 4723 2809 4778 rebus
2856 4723 3220 4778 mutabilibus
3259 4740 3272 4775 :
3320 4722 3491 4777 nimia
3541 4736 3723 4791 neque

2138 4816 2330 4871 laetitia
2378 4815 2672 4873 sublimem
2707 4824 2767 4873 te
2789 4816 3092 4882 extollens,
3124 4830 3309 4884 neque
3339 4814 3607 4871 maestitia
3642 4814 3723 4866 vi-

2138 4908 2376 4963 lescens.
3513 4912 3518 4918 ”

2714 5024 2865 5081 CAP.
2907 5023 3149 5079 XXXIV.

2209 5117 2382 5174 Sicuti
2415 5136 2611 5175 aurum
2643 5120 2895 5190 quamvis
2928 5118 3093 5174 modo
3122 5116 3225 5183 sic,
3254 5114 3418 5171 modo
3441 5114 3601 5168 aliter
3646 5111 3717 5165 ab

2135 5219 2254 5264 arte
2274 5210 2719 5282 transﬁguretur,
2769 5218 2939 5281 atque
2964 5208 3033 5263 ad
3056 5206 3239 5263 varias
3262 5213 3716 5261 ornamentorum

2134 5305 2348 5373 species
2371 5305 2814 5368 transformetur,
2840 5310 3129 5374 permanet
3155 5310 3339 5356 tamen
3364 5299 3418 5354 id
3435 5298 3583 5369 quod
3609 5307 3713 5364 est,

2134 5411 2236 5451 nec
2258 5395 2618 5449 mutationem
2653 5393 2892 5464 patitur;
2931 5392 3012 5448 sic
3046 5391 3163 5462 ipse
3188 5406 3433 5462 quoque,
3461 5389 3713 5461 inclytis-

2134 5486 2273 5542 sime
2293 5486 2616 5555 imperator.
2650 5485 2780 5540 licet
2809 5484 2958 5539 aliud
2978 5500 3047 5539 ex
3075 5483 3185 5539 alio
3219 5498 3319 5553 per
3339 5480 3545 5553 gradus
3569 5480 3716 5536 obti-

2132 5578 2323 5633 nueris
2371 5577 2616 5647 regimen
2646 5620 2659 5643 ,
2714 5576 3147 5647 pervenerisque
3194 5573 3263 5629 ad
3295 5572 3475 5644 ipsum
3518 5588 3713 5643 supre-

2131 5686 2282 5724 mum
2325 5669 2628 5735 honorem,
2680 5668 2827 5723 idem
2888 5678 3071 5724 tamen
3126 5679 3439 5737 permanes,
3496 5679 3607 5718 non
3658 5664 3713 5719 in

2131 5761 2340 5817 eisdem
2398 5763 2584 5828 rebus,
2636 5760 3042 5818 inalterabilem
3094 5758 3388 5819 continens
3446 5757 3501 5815 in
3533 5755 3715 5815 cilicia

2130 5870 2274 5911 anim
2284 5870 2395 5909 um.
