4148 6468
467 394 606 462 1175

1060 520 1214 577 CAP.
1252 518 1467 576 XXXV.

530 614 798 671 Existima
836 622 969 670 tunc
1011 614 1233 670 demum
1264 623 1315 669 te
1350 622 1469 669 tuto
1498 628 1749 684 regnare,
1780 627 1906 669 cum
1938 629 2039 669 vo-

458 708 703 763 lentibus
777 708 1014 776 imperas
1089 706 1411 762 hominibus
1460 724 1474 760 :
1529 706 1622 776 qui
1661 707 1811 761 enim
1865 706 2039 761 invito

456 802 644 856 animo
670 801 980 872 subjicitur,
1005 800 1376 856 seditionibus
1405 799 1659 865 ﬂuctuat,
1688 807 1845 871 capta
1873 814 2037 854 occa-

454 896 646 960 sione;
674 894 768 965 qui
811 908 945 948 vero
975 894 1213 949 vinculis
1239 894 1638 950 benevolentia:
1669 894 1902 966 regitur,
1931 903 2040 949 sta-

455 988 627 1043 bilem
649 998 836 1044 servat
864 1003 994 1060 erga
1020 996 1300 1044 rectorem
1327 988 1724 1043 obedientiam.

1040 1102 1196 1159 CAP.
1227 1102 1470 1158 XXXVI.

525 1194 596 1250 Ut
617 1194 927 1249 dominium
952 1194 1172 1265 imperii
1198 1195 1279 1249 tui
1299 1195 1471 1249 facias
1498 1194 1735 1259 illustre,
1770 1203 2035 1265 quantam

454 1287 626 1342 habes
670 1286 939 1342 adversus
966 1286 1220 1343 subditos
1265 1296 1564 1357 peccantes
1609 1286 1768 1350 iram,
1829 1295 2036 1339 tantam

453 1380 764 1435 habendam
811 1396 933 1435 esse
966 1380 1067 1435 tibi
1114 1380 1380 1436 adversus
1430 1380 1667 1449 teipsum
1717 1386 2037 1449 peccantem

454 1481 712 1538 censeto;
736 1488 900 1527 nemo
918 1472 1067 1527 enim
1090 1473 1237 1527 valet
1266 1480 1417 1527 tanta
1442 1472 1738 1542 pollentem
1766 1478 2039 1541 potestate

455 1563 754 1633 corrigere,
785 1563 893 1617 nisi
931 1563 1073 1618 ratio
1097 1562 1322 1634 propria
1352 1578 1474 1633 quae
1522 1578 1589 1617 ex
1621 1562 1742 1631 ipso
1771 1568 2036 1632 peccante

456 1664 767 1711 moveatur.

1008 1771 1160 1827 CAP.
1190 1771 1458 1826 XXXVII.

524 1862 772 1932 Magnam
802 1863 893 1932 qui
930 1872 1260 1933 potestatem
1291 1862 1529 1933 adeptus
1572 1870 1680 1925 est,
1709 1859 2034 1931 largitorem
2066 1875 2110 1931 Β

454 1956 749 2023 potestatis
773 1954 1022 2010 imitetur
1061 1970 1162 2025 pro
1186 1954 1439 2009 viribus:
1478 1954 1523 2009 si
1555 1953 1704 2008 enim
1736 1952 2036 2023 imaginem

453 2055 631 2117 gestat
656 2062 842 2101 rerum
877 2048 1131 2117 pratsidis
1154 2048 1275 2113 Dei,
1303 2054 1469 2117 atque
1512 2063 1613 2117 per
1647 2047 1829 2117 ipsum
1862 2047 2039 2101 conti-

456 2148 551 2193 net
592 2156 779 2195 rerum
812 2140 1216 2211 principatum,
1247 2140 1302 2195 in
1347 2154 1417 2195 eo
1450 2139 1689 2194 maxime
1730 2138 2039 2193 imitabitur

453 2232 649 2298 Deum,
675 2232 721 2287 si
745 2232 886 2287 nihil
913 2234 1296 2290 misericordia
1321 2233 1618 2305 pretiosius
1646 2231 1999 2304 iudicaverit.

1015 2432 1168 2488 CAP.
1202 2432 1491 2488 XXXVIII.

529 2523 709 2594 Super
742 2539 941 2580 aurum
965 2534 1023 2581 et
1044 2525 1289 2596 lapidem
1322 2524 1629 2596 pretiosum
1663 2522 2043 2579 beneﬁcentiae

457 2618 680 2673 divitias
705 2618 871 2674 nobis
912 2617 1085 2673 veluti
1122 2618 1447 2673 thesaurum
1487 2617 1856 2673 recondamus
1884 2634 1900 2670 :
1932 2616 2043 2671 ille

455 2726 694 2782 namque
724 2721 841 2766 tum
872 2712 929 2766 in
968 2711 1225 2782 praesenti
1278 2712 1391 2766 vita
1417 2711 1700 2766 oblectant
1719 2724 1817 2781 spe
1842 2709 2048 2764 futurae

456 2804 771 2871 fruitionis,
836 2812 952 2859 tum
1000 2806 1057 2859 in
1112 2804 1303 2860 futura
1363 2803 1717 2860 dulcedinem
1774 2801 2039 2866 afferunt,

453 2898 835 2968 experimento
866 2906 1199 2969 gustatuque
1226 2906 1461 2969 speratae
1486 2894 1849 2952 beatitudinis
1878 2912 1893 2949 :
1921 2908 2047 2965 quae

454 3006 589 3045 vero
644 3005 793 3045 nunc
836 2991 987 3045 circa
1010 3006 1113 3046 nos
1161 2998 1450 3062 apparent,
1503 2998 1765 3059 tanquam
1807 2985 2041 3042 nihilad

454 3096 557 3136 nos
584 3080 943 3151 pertinentia,
976 3095 1045 3135 ne
1072 3095 1174 3135 nos
1201 3079 1433 3135 nimium
1461 3079 1743 3135 allectent.

1019 3192 1171 3249 CAP.
1212 3191 1434 3248 XXXIX
1446 3233 1459 3247 .

522 3286 598 3341 Da
657 3301 886 3356 operam
926 3296 989 3341 ut
1026 3301 1125 3341 eos
1172 3284 1647 3355 splendidioribus
1694 3283 2037 3341 demerearis

452 3379 1022 3443 remunerationibus,
1045 3379 1290 3450 quicum
1318 3379 1707 3435 benevolentia
1741 3385 2040 3449 capessunt

452 3490 575 3543 qua:
608 3474 942 3528 mandantur
982 3473 1082 3528 abs
1128 3482 1180 3527 te
1212 3490 1225 3526 :
1257 3472 1365 3527 hoc
1390 3472 1539 3528 enim
1586 3480 1751 3543 pacto
1782 3480 1839 3527 et
1865 3470 2040 3526 bono-

452 3581 577 3620 rum
605 3566 834 3637 augebis
867 3566 1228 3625 alacritatem.
1273 3574 1332 3621 et
1376 3564 1556 3619 malos
1588 3564 1817 3619 docebis
1845 3573 1907 3618 ut
1936 3563 2037 3619 de-

451 3660 669 3714 discant
715 3659 984 3714 malitiam
1026 3676 1041 3713 :
1094 3658 1307 3714 eisdem
1366 3657 1514 3713 enim
1565 3658 1781 3713 censeri
1842 3656 2041 3729 dignos

453 3753 549 3824 qui
572 3767 686 3809 non
712 3752 907 3808 eadem
930 3751 1160 3819 faciunt,
1195 3750 1364 3807 nimis
1381 3751 1659 3807 nefarium
1691 3759 1794 3807 est.

1090 3865 1246 3921 CAP.
1289 3865 1399 3920 XL.

520 3957 1027 4014 Honoratissimum
1068 3958 1315 4013 omnium
1365 3965 1451 4012 est
1518 3956 1806 4027 imperium
1845 3972 1860 4009 :
1908 3965 2043 4013 tunc

448 4063 583 4103 vero
628 4048 714 4104 vel
757 4048 999 4103 maxime
1049 4047 1215 4118 huius
1263 4046 1413 4103 modi
1443 4055 1550 4111 est,
1604 4061 1729 4101 cum
1783 4046 1889 4101 hac
1941 4045 2036 4116 qui

451 4141 831 4197 circumdatus
872 4149 963 4195 est
1000 4148 1296 4211 potestate,
1329 4156 1441 4194 non
1488 4140 1557 4193 ad
1613 4138 1949 4209 pertinacem
1982 4147 2039 4193 et

448 4234 802 4291 temerariam
828 4234 1092 4288 saevitiam
1116 4247 1431 4303 propensus
1454 4233 1546 4297 sit,
1584 4231 1678 4287 sed
1710 4231 1779 4286 ad
1803 4231 2037 4302 aequita-

446 4336 560 4383 tem
594 4324 890 4396 respiciat;
922 4325 1334 4380 inclementiam
1360 4334 1422 4381 ut
1442 4324 1673 4380 ferinam
1694 4324 2034 4391 aversando,

447 4418 853 4473 humanitatem
886 4425 950 4472 ut
982 4418 1096 4473 Deo
1134 4433 1248 4488 prae
1271 4433 1328 4473 se
1356 4416 1608 4472 ferendo.

1082 4531 1237 4589 CAP.
1277 4529 1416 4587 XLI.

518 4621 699 4693 Equa
743 4625 905 4679 lance
974 4634 1084 4679 tam
1114 4622 1185 4676 ad
1229 4622 1438 4678 amicos
1462 4636 1631 4692 quam
1658 4619 1727 4675 ad
1774 4619 2033 4675 inimicos

450 4732 687 4789 vergens
712 4716 1003 4788 iudicandi
1051 4730 1255 4770 munus
1297 4714 1451 4769 obito
1483 4731 1497 4768 :
1527 4728 1709 4782 neque
1740 4711 1883 4768 bene
1909 4728 2036 4768 sen-

449 4809 721 4875 tientibus
743 4809 814 4864 de
836 4817 890 4864 te
916 4808 1231 4879 gratiﬁcans
1250 4806 1322 4862 ob
1352 4805 1820 4873 benevolentiam,
1852 4821 2035 4871 neque

449 4902 737 4958 malevolis
786 4901 1053 4955 resistens
1098 4909 1328 4969 propter
1362 4898 1685 4954 inimicitias
1719 4915 1732 4952 :
1769 4898 2033 4969 quoniam

447 4993 698 5066 ejusdem
756 5001 841 5048 est
891 4990 1290 5055 absurditatis,
1364 4997 1423 5045 et
1482 4989 1789 5045 secundum
1844 4990 2037 5061 iniqua

445 5092 727 5155 petentem
767 5084 904 5139 dare
933 5082 1110 5148 litem,
1146 5082 1250 5137 etsi
1295 5080 1369 5136 sit
1405 5082 1618 5138 amicus
1657 5089 1749 5138 .et
1772 5082 2029 5154 iniuriam

442 5177 595 5247 iusto
629 5174 856 5241 inferre,
892 5174 998 5230 etsi
1028 5175 1101 5230 sit
1123 5173 1381 5229 inimicus
1421 5192 1435 5229 :
1468 5175 1677 5231 malum
1701 5175 1851 5231 enim
1873 5185 2032 5232 utro-

446 5269 614 5339 bique
644 5267 825 5324 simile
863 5276 970 5333 est,
1003 5267 1224 5324 tametsi
1262 5268 1557 5325 contrariis
1593 5270 1651 5325 in
1676 5269 1847 5326 rebus
1880 5271 2035 5327 inve-

445 5362 652 5417 niatur.

1038 5477 1192 5535 CAP.
1226 5477 1388 5534 XLII.

516 5572 723 5628 lntenta
772 5581 961 5629 mente
993 5573 1308 5630 auscultare
1336 5571 1549 5629 debent
1578 5587 1767 5629 rerum
1791 5574 2027 5645 iudices.

1773 402 2099 466 AGAPETI
2136 405 2445 469 DIACONI

2066 527 2114 584 Α

2064 3228 2111 3291 C

3585 410 3724 480 1176

2718 526 2968 583 ΚΕΦΑΛ.
3008 524 3134 584 AE’.

2212 619 2421 689 Νόμιζε
2463 617 2585 673 τότε
2631 619 2939 689 βασιλεύειν
2983 618 3267 689 ἀσφαλῶς,
3306 619 3438 673 ὅταν
3482 619 3722 673 ἑκόντων

2140 711 2386 782 ἀνάσσης
2417 711 2527 765 τῶν
2561 711 2886 783 ἀνθρώπιον.
2919 712 2995 766 Τὸ
3032 710 3147 782 γὰρ
3178 710 3453 774 ἀκουσίως
3484 711 3723 763 ὑποτατ-

2140 802 2391 872 τόμενον,
2442 802 2726 866 στασιάζει
2773 800 2971 872 καιροῦ
3019 800 3354 869 λαϐόμενον·
3396 797 3463 852 τὸ
3491 798 3549 852 δὲ
3605 802 3721 862 τοῖς

2140 895 2364 965 θεσμοῖς
2387 897 2488 965 τῆς
2515 896 2732 959 εὐνοίας
2758 894 3155 965 κρατούμενον,
3181 891 3411 963 βεϐαίαν
3438 890 3551 963 εχει
3584 890 3722 963 πρὸς

2137 988 2200 1042 τὸ
2233 987 2472 1059 κρατοῦν
2498 988 2597 1059 τὴν
2622 987 2938 1041 εὐπείθειαν
2960 987 3099 1057 (I3).

2709 1101 2965 1155 ΚΕΦΑΛ.
3006 1102 3151 1169 Δεῖν.

2211 1196 2332 1249 Ἵνα
2369 1195 2432 1249 τὺ
2479 1195 2683 1267 κράτος
2721 1195 2822 1266 τῆς
2869 1193 3153 1265 βασιλείας
3180 1195 3421 1267 ποιήσῃς
3454 1192 3721 1263 ἀοίδιμον,

2137 1287 2270 1358 ὅσην
2293 1285 2440 1358 ἔχεις
2468 1287 2611 1341 κατά
2640 1288 2750 1341 τῶν
2788 1288 3048 1358 ὑπηκόων
3073 1289 3501 1360 ἁμαρτανόντων
3524 1287 3718 1359 ὀργὴν,

2137 1378 2409 1450 τοσαύτην
2457 1378 2606 1450 ἔχειν
2658 1381 2754 1434 καὶ
2788 1380 2945 1435 κατά
3015 1380 3218 1435 σαυτοῦ
3268 1378 3722 1451 πλημμελοῦντος

2138 1472 2321 1538 ἀξίου·
2357 1472 2537 1537 οὐδεὶς
2565 1475 2675 1542 γὰρ
2714 1473 2888 1543 ἰσχύει
2918 1474 3013 1528 τδν
3059 1476 3120 1527 ἐν
3153 1474 3376 1545 ἐξουσίᾳ
3414 1472 3721 1544 τηλικαύτῃ

2138 1565 2441 1631 παιδεύειν,
2498 1568 2549 1620 εἰ
2608 1565 2687 1637 μὴ
2742 1566 3005 1637 λογισμὸς
3054 1567 3262 1631 οἰκεῖος
3316 1567 3374 1633 ἐξ
3422 1564 3589 1620 αὑτοῦ
3625 1565 3720 1618 τοῦ

2138 1657 2592 1729 πλημμελοῦντος
2632 1658 2979 1729 κινούμενος.

2722 1774 2974 1829 ΚΕΦΑΛ.
3014 1772 3141 1828 AZ'.

2219 1862 2279 1916 Ὀ
2327 1862 2574 1934 μεγάλης
2619 1862 2871 1928 ἔξουσίας
2918 1862 3340 1932 ἐπιλαϐόμενος,
3384 1858 3480 1914 τὸν
3525 1857 3723 1931 δοτῆρα

2137 1953 2240 2025 τῆς
2288 1954 2538 2019 ἐξουσίας
2591 1955 2872 2026 μιμείσθω
2919 1955 3061 2009 κατὰ
3086 1955 3348 2025 δύναμιν·
3381 1952 3433 2006 εί
3458 1953 3567 2023 γάρ
3604 1967 3723 2014 πως

2138 2047 2239 2119 τὴν
2270 2049 2459 2101 είκόνα
2486 2047 2645 2119 φέρει
2675 2048 2771 2102 τοῦ
2817 2048 2911 2101 ἐπὶ
2944 2046 3166 2103 πάντων
3204 2044 3364 2110 Θεοῦ,
3400 2046 3494 2099 καὶ
3524 2046 3593 2098 δι’
3621 2045 3722 2098 αύ-

2137 2139 2233 2193 τοῦ
2281 2140 2505 2210 κατέχει
2543 2140 2643 2211 τὴν
2698 2142 2791 2195 ἐπὶ
2843 2141 3067 2195 πάντων
3098 2139 3297 2210 ἀρχὴν,
3333 2141 3392 2193 ἐν
3432 2137 3608 2208 τούτῳ
3654 2137 3722 2207 δὴ

2141 2234 2379 2306 μάλιστα
2423 2234 2518 2289 τὸν
2568 2233 2703 2288 Θεὸν
2752 2234 3078 2305 μιμήσεται,
3132 2233 3190 2285 ὲν
3234 2230 3314 2301 τῷ
3365 2229 3530 2301 μηδὲν
3578 2230 3723 2300 ἡγεῖ-

2139 2328 2269 2384 σθαι
2296 2328 2410 2401 (14)
2439 2327 2534 2382 τοῦ
2564 2329 2741 2383 ἐλεεῖν
2771 2324 3215 2400 προτιμώτερον.

2706 2442 2960 2497 ΚΕΦΑΛ.
3008 2440 3141 2494 AH'.

2218 2532 2396 2605 ’Υπὲρ
2434 2532 2658 2606 χρυσίον
2698 2533 2792 2586 καὶ
2824 2531 2974 2586 λίθον
3004 2531 3183 2602 τίμιον
3210 2531 3311 2601 τῆς
3334 2527 3582 2592 εύποιίας
3627 2525 3723 2580 τὸν

2140 2623 2373 2679 πλοῦτον
2414 2626 2632 2688 ἑαυτοῖς
2675 2624 3136 2696 θησαυρίσωμεν·
3174 2628 3269 2676 τὸν
3320 2621 3417 2676 καὶ
3442 2616 3548 2673 ὦδε
3583 2635 3721 2672 κατ⁶

2142 2718 2507 2790 ευφραίνοντα
2538 2720 2604 2789 τῇ
2636 2717 2813 2771 ἐλπίδι
2873 2717 2973 2787 τῆς
3007 2714 3311 2786 μελλούσης
3344 2711 3721 2777 ἀπολαύσεως,

2143 2813 2305 2866 κάκεῖ
2351 2810 2862 2880 καταγλυκαίνοντα
2904 2812 2974 2880 τῇ
3010 2809 3179 2880 πείρα
3228 2807 3331 2877 τῆς
3375 2803 3724 2873 έλπισθείσης

2146 2901 2587 2974 μακαριότητος·
2618 2900 2687 2955 τά
2723 2900 2782 2954 δὲ
2819 2899 2916 2955 νῦν
2942 2899 3075 2972 περὶ
3102 2899 3253 2972 ἡμᾶς
3277 2898 3355 2963 ὡς
3388 2896 3544 2951 οὐδὲν
3585 2895 3727 2967 πρὸς

2141 2996 2310 3067 ἡμᾶς,
2349 2993 2426 3065 μὴ
2456 2992 2707 3064 τερπέτω
2739 2992 2910 3064 ἡμᾶς.

2722 3195 2975 3249 ΚΕΦΑΛ.
3014 3192 3140 3248 ΛΘ’.

2212 3286 2492 3354 Σπούδαζε
2521 3286 2941 3359 λαμπροτέραις
2969 3284 3301 3356 ἀμείϐεσθαι
3329 3284 3562 3356 δωρεαῖς
3599 3282 3727 3347 τοὺς

2144 3384 2262 3453 μετ’
2290 3382 2505 3444 εὐνοέας
2528 3379 2899 3443 ποιοῦνταςτά
2932 3377 3087 3449 ποιρά
3122 3375 3216 3430 σοῦ
3248 3374 3723 3448 προσταττόμενα·

2140 3475 2313 3545 τούτῳ
2358 3475 2466 3545 γὰρ
2511 3472 2588 3544 τῷ
2623 3472 2812 3544 τρόπῳ
2857 3471 2952 3524 καὶ
2985 3472 3094 3524 τῶν
3132 3468 3355 3538 ἀγαθῶν
3398 3467 3728 3537 ὲπαυξήσεις

2138 3568 2237 3641 τὴν
2273 3566 2607 3640 προθυμίαν,
2640 3564 2737 3619 καὶ
2785 3564 2918 3629 τοὺς
2969 3563 3245 3634 πονηροὺς
3275 3560 3507 3627 διδάξεις
3559 3576 3727 3630 μετα-

2142 3659 2338 3732 μαθεῖν
2371 3657 2470 3730 τὴν
2513 3656 2752 3710 κακίαν·
2783 3656 2845 3709 τὸ
2895 3655 3003 3727 γὰρ
3057 3655 3167 3708 τῶν
3215 3654 3398 3709 αὐτῶν
3441 3652 3727 3718 ἀξιοῦσθαι

2137 3753 2267 3816 τοὺς
2298 3751 2374 3823 μὴ
2406 3751 2474 3805 τά
2506 3748 2647 3803 αύτά
2677 3747 2991 3816 ποιοῦντας,
3032 3747 3173 3817 ἄγαν
3223 3749 3373 3801 ἐστὶν
3405 3746 3688 3817 ἀθέμιτον.

2739 3863 2989 3917 ΚΕΦΑΛ.
3030 3865 3121 3917 Μ’.

2210 3957 2556 4030 Τιμιώτατον
2588 3958 2808 4012 πάντων
2831 3958 2982 4010 ἐστὶν
3007 3958 3040 4029 ὴ
3075 3952 3356 4026 βασιλεία·
3383 3954 3506 4006 τότε
3534 3951 3590 4004 δὲ
3624 3950 3729 4022 μά-

2136 4054 2300 4107 λιστα
2331 4051 2575 4106 τοιοῦτόν
2612 4053 2783 4113 ἐστιν,
2808 4051 2937 4104 ὅταν
2967 4052 2996 4104 ὁ
3038 4047 3199 4102 τοῦτο
3247 4046 3632 4119 περικείμενος
3662 4044 3728 4098 τὺ

2137 4143 2359 4215 κράτος,
2404 4142 2479 4212 μὴ
2514 4141 2652 4212 πρὸς
2678 4140 2969 4193 αὐθάδειαν
3002 4138 3168 4211 ῥέπῃ,
3202 4136 3340 4190 ἀλλά
3386 4136 3523 4200 πρὸς
3554 4134 3730 4188 ἐπιεί-

2137 4250 2292 4288 κειαν
2347 4232 2558 4305 βλέπῃ·
2592 4231 2655 4284 τὸ
2709 4231 2810 4301 μὲν
2868 4226 3262 4300 ἀπάνθρωπον,
3316 4225 3392 4290 ὡς
3460 4223 3728 4295 θηριῶδες

2136 4325 2645 4397 ἀποστρεφόμενος,
2675 4325 2736 4378 τὸ
2759 4324 2817 4376 δὲ
2858 4321 3267 4393 φιλάνθρωπον,
3307 4318 3381 4384 ὡς
3416 4318 3725 4373 θεοείκελον

2137 4418 2577 4491 ἐνδεικνύμενος.

2723 4527 2975 4582 ΚΕΦΑΆ.
3016 4527 3154 4582 MA'.

2216 4625 2379 4687 Ἴσως
2415 4622 2550 4693 πρός
2576 4639 2635 4675 τε
2664 4620 2851 4691 φίλους
2894 4622 2991 4674 καὶ
3023 4620 3257 4691 ἐχθροὺς
3286 4618 3446 4672 ποιοῦ
3476 4616 3575 4682 τάς
3601 4616 3725 4689 κρί-

2143 4736 2280 4785 σεις,
2309 4720 2450 4789 μήτε
2468 4719 2581 4783 τοῖς
2608 4716 2855 4771 εὐνοοῦσι
2884 4716 3244 4788 χαριζόμενος
3260 4715 3348 4769 διὰ
3365 4716 3462 4786 τὴν
3483 4714 3723 4782 εῦνοιαν,

2144 4813 2283 4884 μήτε
2328 4813 2440 4874 τοῖς
2480 4809 2804 4880 δυσμενέσιν
2834 4809 3231 4880 ἀνθιστάμενος
3280 4807 3348 4861 δι’
3379 4808 3681 4879 ἀπέχθειαν
3707 4825 3721 4838 ο

2142 4902 2336 4975 ἐπειδὴ
2365 4903 2465 4971 τῆς
2498 4902 2672 4971 αὐτῆς
2703 4902 2855 4954 ἐστιν
2881 4900 3139 4966 ἀτοπίας,
3199 4900 3294 4955 καὶ¹
3332 4898 3589 4954 δικαιοῦν
3631 4898 3726 4953 τὸν

2142 4998 2349 5058 ἄδικον,
2384 4998 2433 5049 εί
2470 4996 2566 5048 καὶ
2604 4995 2757 5064 φίλος
2806 4995 3065 5065 ὑπάρχει,
3110 4994 3205 5048 καὶ
3252 4994 3462 5048 ἀδικεῖν
3508 4995 3599 5048 τὸν
3648 4994 3717 5047 δί-

2138 5107 2318 5155 καιον,
2350 5090 2400 5142 εί
2449 5090 2546 5142 καὶ
2600 5087 2795 5159 ἐχθρὸς
2849 5088 3141 5158 τυγχάνει·
3188 5088 3249 5140 τὸ
3286 5087 3397 5158 γὰρ
3454 5088 3623 5141 κακὸν
3665 5088 3724 5141 ἐν

2139 5185 2473 5256 ἀμφοτέροις
2506 5184 2716 5254 ὅμοιον,
2750 5181 2853 5235 κᾶν
2902 5182 2961 5233 ἔν
3010 5183 3126 5248 τοῖς
3156 5183 3422 5245 ἐναντίοις
3456 5182 3721 5253 εὑρίσκη-

2137 5295 2248 5331 ται.

2719 5478 2763 5527 Κ
2774 5478 2943 5529 ridi-AA
2956 5517 2967 5529 .
3009 5477 3061 5529 Μ
3070 5474 3141 5529 Β’.

2210 5572 2496 5641 Νουνεχῶς
2554 5570 2863 5642 ἀκροᾶσθαι
2919 5572 2999 5624 δεῖ
3037 5573 3164 5634 τοὺς
3214 5571 3323 5624 τῶν
3376 5573 3725 5643 πραγμάτων

1960 5697 2192 5756 ΝΟΤᾹΖ.

522 5784 633 5857 (15)
663 5785 816 5857 Πρός
848 5788 915 5840 τὸ
941 5786 1207 5854 κρατοῦν·
1234 5788 1350 5857 τὴν
1403 5791 1637 5845 simam.
1692 5790 1876 5849 Codex
1919 5792 2022 5847 Rc-

447 5855 570 5923 gius
601 5855 659 5908 Β.
688 5855 824 5928 πρὸς
841 5858 931 5912 τὸν
953 5858 1263 5928 κρατουντά
1283 5855 1337 5911 τι
1364 5859 1572 5916 εὐπείθ.
1612 5859 1847 5917 Βλδύυιι.

2206 5791 2317 5861 (Μ)
2366 5792 2462 5843 Ἰξν
2480 5791 2678 5860 μηδὲν
2700 5790 2778 5854 τῷ
2812 5789 3106 5857 ἡγεῖσθαί.
3136 5789 3239 5861 Sic
3263 5806 3328 5845 ex
3382 5789 3572 5847 codice
3611 5788 3721 5846 Rc-

2132 5860 2241 5935 gio.
2274 5862 2335 5917 A.
2372 5862 2457 5915 At.
2491 5862 2649 5927 editi,
2682 5862 2740 5914 ἓν
2770 5862 2937 5932 μηδὲν
2964 5860 3239 5929 ἡγεῖσθαι.
3289 5862 3349 5917 ιι).
