4148 6456
397 383 534 450 1177

1602 398 1870 459 CAPITA
1909 400 2175 463 ADMON
2184 403 2469 467 ITORIA.

3531 401 3670 466 1178

391 503 617 575 κριτάςο
655 504 997 577 δυσθήρατος
1033 508 1144 581 γάρ
1173 512 1325 564 ἐστιν
1359 514 1392 584 ἡ
1439 510 1534 566 τοῦ
1569 515 1785 570 δικαίου
1816 518 1976 588 εὗρε-

2081 522 2322 578 diﬁicilis
2355 538 2595 595 namque
2628 532 2795 594 captu
2820 531 2903 579 est
2925 521 3060 595 justi
3099 520 3357 586 intentio,
3394 519 3668 591 faciieque

392 616 498 664 σις,
535 598 737 671 ῥᾳδίως
780 601 1128 671 ἐκφεύγουσα
1156 606 1285 669 τοὺς
1322 607 1397 678 μὴ
1437 606 1558 661 λίαν
1584 610 1974 681 προσέχοντας.

397 692 498 745 Ἂν
532 692 591 746 δὲ
633 693 731 747 καὶ
758 693 860 764 τὴν
903 695 1015 749 τῶν
1059 696 1331 766 λεγόντων
1382 699 1615 769 ἀφέντες
1670 701 1977 773 δεινότητα,

390 788 487 839 καὶ
516 786 619 854 τὴν
642 787 755 841 τῶν
783 789 1095 857 λεγομένων
1128 791 1399 863 παρέντες
1428 793 1787 865 πιθανότητα,
1817 797 1896 859 είς
1918 794 1981 849 τδ

392 875 559 946 βάθος
600 878 710 931 τῶν
760 880 1051 950 νοημάτων
1102 882 1332 947 ἑαυτοὺς
1376 884 1748 955 ἐμϐάλλωσιν,
1803 886 1979 951 οὕτως

392 970 753 1044 ἀνιμήσονται
781 973 844 1027 τὸ
876 973 1005 1046 παρ’
1032 974 1213 1030 αὐτῶν
1254 977 1613 1049 ζητούμενον,
1652 983 1748 1035 καὶ
1784 981 1979 1051 διπλῆν

390 1062 667 1133 ἁμαρτίαν
719 1063 1100 1134 ἐκφεύξονται,
1144 1068 1287 1139 μήτε
1322 1069 1481 1122 αὐτοὶ
1514 1069 1576 1123 τὺ
1630 1070 1798 1125 καλὸν
1840 1087 1978 1141 προ-

393 1154 645 1221 διδόντες,
676 1157 817 1228 μήτε
839 1157 1022 1222 ἄλλοις
1051 1158 1213 1213 τοῦτο
1232 1160 1373 1233 δρᾷν
1404 1163 1837 1235 συγχωροῦντες.

962 1297 1215 1352 ΚΕΦᾹΛ.
1274 1296 1407 1354 MT'.

475 1384 765 1456 ’ἰσάριθμα
790 1387 907 1450 τοῖς
943 1387 1170 1460 ἄστροις
1199 1389 1267 1443 ἂν
1301 1390 1477 1461 κτήσῃ
1507 1390 1578 1444 τὰ
1610 1390 1978 1462 κατορθώμα-

397 1494 485 1546 τα,
512 1480 772 1533 οὐδέποτε
800 1481 1044 1551 νικήσεις
1071 1480 1171 1552 τὴν
1201 1482 1294 1536 τοῦ
1336 1482 1470 1536 Θεοῦ
1494 1483 1809 1554 ἀγαθότητα
1828 1502 1844 1516 ο
1875 1484 1977 1537 ὅσα

396 1573 504 1642 γὰρ
535 1572 600 1625 ἄν
618 1589 702 1636 τις
728 1573 1072 1646 προσενέγκῃ
1099 1574 1221 1646 Θεῷ
1257 1577 1321 1628 ἐκ
1352 1574 1461 1627 τῶν
1489 1574 1677 1641 αὑτοῦ,
1706 1576 1774 1628 τὰ
1808 1574 1976 1629 αὑτοῦ

396 1665 700 1735 προσφέρει
730 1664 882 1736 αὐτῷ
902 1680 917 1695 ο
961 1667 1056 1719 καὶ
1087 1667 1162 1730 ὡς
1206 1666 1310 1721 οὐκ
1358 1667 1506 1720 ἐστιν
1538 1667 1844 1739 ὑπερϐῆναι
1876 1669 1978 1741 τὴν

396 1757 533 1810 ἰδίαν
571 1759 628 1810 ἐν
668 1758 748 1828 τῷ
781 1758 918 1829 ἡλίῳ
973 1760 1155 1823 σκιάν,
1194 1760 1693 1832 προλαμϐάνουσαν
1742 1763 1830 1816 ἀεὶ
1881 1763 1978 1817 καὶ

2079 616 2324 686 effugere
2356 617 2502 671 solet
2549 632 2661 671 non
2690 612 2991 670 admodum
3016 614 3396 669 attendentes.
3435 612 3592 679 Quod
3620 613 3667 667 si

2079 708 2450 778 praetermissa
2494 709 2803 763 dicentium
2862 706 3218 777 eloquentia,
3278 704 3666 774 dictorumque

2079 803 2328 873 neglecta
2360 800 2850 856 verisimilitudine
2870 839 2885 865 ,
2918 798 2986 853 ad
3033 797 3441 869 penitissimam
3474 797 3665 851 inten-

2079 894 2293 948 tionum
2330 892 2769 963 profunditatem
2818 889 3271 959 penetraverint,
3321 887 3403 942 sic
3438 887 3665 942 demum

2079 986 2339 1041 haurient
2371 984 2522 1055 quod
2559 984 2631 1038 ab
2660 983 2796 1053 ipsis
2821 981 3089 1053 quaeritur
3118 980 3435 1053 geminique
3470 979 3665 1033 inson-

2080 1084 2164 1131 tes
2206 1082 2377 1129 erunt
2412 1071 2625 1137 delicti,
2654 1086 2835 1141 neque
2871 1069 2975 1140 ipsi
3008 1068 3307 1123 honestum
3349 1065 3662 1137 prodendo,

2078 1184 2259 1239 neque
2292 1167 2435 1229 aliis,
2462 1165 2518 1220 id
2553 1172 2660 1231 est,
2692 1172 2754 1218 ut
2783 1162 3155 1227 committant,
3182 1158 3558 1216 concedendo.

2678 1297 2833 1355 CAP.
2879 1295 3071 1351 XLIII.

2148 1392 2401 1465 Equalia
2463 1408 2699 1448 numero
2755 1389 3041 1446 sideribus
3087 1387 3195 1443 etsi
3231 1384 3476 1441 edideris
3518 1384 3668 1438 bona

2079 1504 2269 1560 opera,
2302 1503 2414 1542 non
2450 1496 2637 1541 tamen
2668 1485 2742 1540 ob
2768 1483 2825 1539 id
2856 1481 3152 1554 superabis
3184 1479 3281 1535 Dei
3315 1477 3665 1543 bonitatem;

2078 1594 2443 1653 quaecumque
2467 1580 2618 1634 enim
2647 1576 2922 1648 quispiam
2955 1571 3223 1629 obtulerit
3262 1570 3398 1636 Deo,
3430 1584 3529 1625 sua
3559 1567 3667 1639 ipsi

2078 1672 2315 1728 offeret:
2345 1679 2403 1727 et
2432 1669 2596 1726 sicuti
2630 1666 2910 1723 transilire
2934 1664 3021 1721 vel
3052 1662 3271 1718 anteire
3301 1661 3442 1716 nulli
3498 1659 3667 1714 datur

2078 1779 2237 1822 suam
2280 1765 2339 1820 in
2379 1764 2496 1819 sole
2529 1760 2806 1824 umbram,
2835 1756 3270 1828 praevenientem
3307 1767 3548 1822 semper,
3576 1749 3665 1805 vel

388 1850 481 1903 τὸν
515 1849 637 1904 λίαν
681 1853 1072 1921 ἐπειγόμενον·
1114 1853 1288 1917 οὕτως
1325 1855 1448 1908 οὐδέ
1480 1856 1581 1925 τὴν
1623 1855 1973 1928 ἀνυπέρϐλη-

2081 1858 2243 1915 nimis
2274 1862 2687 1927 properantem,
2742 1851 2819 1906 ita
2856 1846 3290 1919 insuperabilem
3312 1844 3413 1901 Dei
3446 1842 3665 1899 bonita-

389 1961 481 1997 τον
511 1944 604 1997 τοῦ
636 1945 773 1998 Θεοῦ
797 1947 1149 2019 χρηστότητα
1177 1950 1299 2012 ταῖς
1327 1949 1603 2015 εὐποιίαις
1635 1950 1976 2023 ὑπερδήσον-

388 2053 482 2088 ται
514 2036 615 2091 ἄνθ
625 2054 821 2108 ρωποι.

951 2151 1208 2206 ΚΕΦΑΛ.
1268 2154 1401 2210 MA’.

473 2243 845 2313 Ἀδαπάνητός
877 2244 996 2299 ἐστι
1024 2246 1123 2316 τῆς
1158 2246 1411 2311 εὐποιίας
1441 2246 1467 2300 ό
1500 2244 1731 2309 πλοῦτος
1751 2262 1765 2277 ο
1805 2246 1863 2299 ἐν
1894 2250 1976 2317 τῷ

385 2337 588 2391 διδόναι
624 2340 733 2407 γὰρ
754 2337 1121 2408 λαμϐάνεται,
1155 2340 1251 2393 καὶ
1278 2340 1337 2393 ἐν
1368 2339 1447 2410 τῷ
1479 2337 1799 2410 σκορπίζειν
1848 2357 1976 2393 συν-

387 2431 602 2500 άγεται.
651 2431 855 2486 Τοῦτον
905 2431 1045 2503 ἔχων
1081 2434 1139 2487 ἐν
1166 2436 1231 2505 τῇ
1266 2434 1414 2506 ψυχῇ
1454 2452 1571 2495 σου,
1608 2433 1976 2504 πλουσιόδωρε

388 2523 641 2595 βασιλεῦ,
675 2524 818 2579 δίδου
854 2527 988 2578 πᾶσι
1017 2525 1256 2595 δαψιλῶς
1289 2529 1403 2590 τοῖς
1432 2525 1646 2580 αἰτοῦσι
1677 2526 1828 2597 παρὰ
1856 2525 1973 2578 σοῦ’

385 2618 826 2688 ἁπειροπλασίας
857 2618 965 2690 γὰρ
993 2617 1137 2681 ἕξεις
1162 2618 1259 2681 τὰς
1286 2619 1425 2690 ὑπὲρ
1468 2620 1676 2672 τούτων
1713 2618 1973 2688 ἀμοιϐὰς,

385 2712 514 2764 ὅταν
540 2711 669 2783 ἔλθῃ
694 2713 722 2765 ὁ
742 2713 935 2783 καιρὸς
965 2713 1063 2782 τῆς
1093 2711 1202 2765 τῶν
1235 2711 1414 2782 ἔργων
1444 2711 1793 2775 ἀντιδόσεως.

954 2829 1213 2882 ΚΕΦΛΛ.
1276 2827 1410 2882 ME'.

454 2916 706 2987 Νεύματι
738 2916 875 2971 Θεοῦ
907 2917 1007 2986 τὴν
1040 2917 1324 2989 βασιλείαν
1350 2914 1554 2981 λαϐὼν,
1595 2915 1835 2987 μίμησαι
1877 2930 1980 2969 au-

383 3010 475 3063 τὸν
501 3008 566 3063 δι’
590 3009 770 3080 ἔργων
812 3007 1038 3077 ἀγαθῶν
1057 3025 1070 3039 ·
1110 3010 1195 3063 δτι
1232 3008 1341 3062 τῶν
1376 3003 1434 3061 εὖ
1459 3010 1639 3061 ποιεῖν
1662 3006 1979 3077 δυναμένων

384 3103 602 3167 ἐγένου,
639 3104 757 3157 ἀλλ’
815 3104 875 3157 οὐ
920 3102 1029 3157 τῶν
1062 3100 1125 3156 εὖ
1162 3101 1357 3155 παθεῖν
1410 3101 1708 3172 δεομένων.
1749 3101 1826 3154 Τὸ
1866 3099 1979 3175 γάρ

382 3199 607 3271 ἕτοιμον
641 3199 741 3269 τῆς
770 3199 881 3253 τῶν
912 3198 1215 3273 χρημάτων
1261 3196 1548 3267 δαψιλείας
1582 3196 1978 3268 ἀνεμπόδιστόν
2007 3229 2048 3286 C

384 3293 503 3346 ἐστι
533 3291 673 3363 πρὸς
702 3291 801 3355 τὰς
830 3291 940 3345 τῶν
965 3292 1218 3363 πενήτων
1247 3289 1518 3354 εὐποιίας.

955 3490 1208 3543 ΚΕΦΑΛ.
1258 3488 1412 3558 Μετ’.

462 3584 679 3657 Ὠσπερ
728 3582 1009 3654 ὀφθαλμὸς
1042 3582 1334 3653 ἐμπέφυκε
1383 3581 1623 3653 σώματι,
1654 3580 1799 3635 οὕτω
1828 3581 1984 3652 βασι-

385 3675 517 3741 λεὺς
547 3676 626 3747 τῷ
650 3676 844 3746 κόσμῳ
870 3676 1233 3746 ἐνήρμοσται,
1271 3674 1385 3728 ὑπὸ
1417 3674 1515 3729 τοῦ
1566 3673 1707 3727 Θεοῦ
1756 3673 1983 3744 δεδομέ-

386 3783 479 3831 νος
502 3767 581 3830 είς
606 3768 903 3839 συνεργίαν
938 3768 1046 3821 τῶν
1078 3766 1497 3839 συμφερόντων.
1525 3765 1644 3838 Χρὴ
1674 3761 1767 3819 οὖν
1796 3766 1981 3833 αὑτὸν,

386 3858 465 3923 ὡς
508 3860 730 3914 οἰκείων
769 3859 971 3930 μελῶν,
1018 3858 1165 3913 οὕτω
1218 3860 1444 3913 πάντων
1487 3857 1799 3929 ἀνθρώπων
1848 3874 1985 3929 προ-

386 3955 551 4017 νοεῖν,
572 3954 659 4007 ῖνα
691 3953 1116 4023 προσ-κάπτωσιν
1140 3953 1254 4023 (15)
1278 3954 1338 4006 ἐν
1362 3950 1568 4015 καλοῖς,
1590 3952 1685 4005 καὶ
1716 3950 1792 4023 μὴ
1813 3969 1984 4024 προσ-

386 4048 667 4102 κάπτωσιν
692 4047 752 4098 ἐν
776 4046 994 4109 κακοῖς.

956 4181 1211 4235 ΚΕΦΛΛ.
1254 4176 1389 4235 MZ'.

470 4271 921 4342 Ἀσφαλεστάτην
972 4270 1109 4342 ἡγοῦ
1143 4272 1244 4342 τῆς
1276 4270 1551 4342 σωτηρίας
1577 4287 1675 4323 σου
1707 4268 1982 4340 φυλακὴν,

388 4366 451 4418 τὸ
484 4364 758 4436 μηδέποτέ
793 4380 918 4416 τινα
944 4362 1053 4416 τῶν
1087 4364 1348 4431 ὑπηκόων
1383 4362 1594 4415 ἀδικεῖν
1616 4380 1629 4392 υ
1660 4364 1688 4414 ὁ
1718 4362 1826 4432 γάρ
1862 4376 1985 4413 τινα

392 4457 469 4530 μὴ
499 4456 723 4521 ἀδικῶν,
759 4458 859 4527 οὐχ
888 4456 1163 4527 ὑφορᾶταί
1196 4471 1343 4508 τινα’
1381 4457 1430 4508 εἰ
1460 4455 1518 4509 δὲ
1559 4454 1621 4507 τὸ
1653 4454 1731 4525 μὴ
1775 4454 1985 4507 ἀδικεῖν

389 4552 692 4621 ἀσφάλειαν
719 4548 991 4619 προξενεῖ,
1018 4548 1077 4601 τὸ
1109 4548 1425 4619 εὐεργετεῖν
1467 4545 1652 4615 πολλῷ
1692 4545 1876 4598 πλέον,
1912 4544 1985 4595 Τὸ

389 4643 633 4713 ἀσφαλὲς
662 4642 768 4714 γὰρ
788 4641 1000 4706 δίδωσι,
1031 4641 1125 4695 καὶ
1154 4642 1216 4694 τὸ
1246 4638 1550 4713 προσφιλὲς
1573 4638 1636 4693 οὐ
1666 4636 1983 4711 προδίδωσι.

975 4897 1230 4959 ΚΕΦΑΛ.
1274 4904 1420 4959 MH'.

464 5003 624 5055 Γίνου
675 5001 792 5064 τοῖς
835 5000 1120 5072 ὑπηκόοις,
1162 4998 1527 5052 εὐσεϐέστατε
1579 4995 1825 5067 βασιλεῦ,
1887 4996 1985 5049 καὶ

394 5096 625 5167 φοϐερὸς
663 5094 751 5147 διὰ
779 5092 877 5164 τὴν
912 5091 1188 5162 ὑπεροχὴν
1213 5091 1313 5160 τῆς
1353 5088 1625 5153 ἐξουσίας,
1667 5088 1763 5141 καὶ
1795 5086 1983 5140 ποθει-

395 5190 483 5251 νὸς
515 5189 603 5241 διὰ
632 5188 731 5257 τὴν
770 5185 1018 5257 παροχὴν
1040 5186 1138 5253 τῆς
1175 5183 1425 5245 εὐποιίας
1459 5200 1473 5213 ·
1512 5182 1650 5252 μήτε
1681 5180 1777 5233 τοῦ
1814 5179 1982 5248 φόϐου

396 5279 763 5349 καταφρονῶν
817 5277 908 5331 διὰ
952 5278 1045 5330 τὸν
1089 5276 1274 5340 πόθον,
1320 5276 1459 5346 μήτε
1480 5273 1575 5326 τοῦ
1607 5272 1776 5326 πόθου
1807 5288 1986 5341 παρα-

399 5371 579 5441 μελῶν
610 5370 701 5424 διὰ
730 5370 822 5423 τὸν
852 5369 1018 5442 φὸὂον
1038 5385 1051 5399 ·
1084 5368 1221 5421 ἀλλὰ
1257 5367 1317 5420 τὸ
1352 5368 1562 5438 ἥμερον
1594 5365 1735 5436 ἔχων
1771 5366 1983 5418 ἀκαταο

395 5463 684 5536 φρόνητον,
718 5464 811 5516 καὶ
840 5462 902 5515 τὸ
935 5458 1424 5530 εὐκαταφρόνητον
1464 5456 1606 5528 ἔχων
1646 5456 1943 5527 ἀνήμερον.

2079 1961 2216 2019 tem,
2245 1949 2386 2005 nulli
2410 1946 2572 2002 bonis
2596 1942 2863 2016 operibus
2884 1939 3140 1997 homines
3159 1937 3450 1994 excedent.

2693 2142 2851 2199 CAP.
2884 2140 3073 2197 XLlV.

2145 2241 2496 2298 lnexhaustae
2543 2245 2676 2293 sunt
2728 2232 3115 2290 beneﬁcentia:
3160 2242 3348 2299 opes:
3388 2241 3520 2281 nam
3550 2232 3665 2280 Iar-

2077 2334 2278 2405 giendo
2308 2331 2699 2403 acquiruntur,
2722 2336 2779 2382 et
2812 2323 3136 2395 dissipando
3165 2320 3528 2391 colliguntur.
3553 2316 3668 2372 llas

2077 2437 2175 2481 tuo
2206 2424 2403 2479 insitas
2438 2422 2624 2477 animo
2654 2419 2887 2483 habens,
2939 2410 3461 2469 muniﬁcentissime
3488 2409 3669 2479 impe-

2078 2526 2250 2582 rator,
2281 2515 2486 2588 largire
2531 2512 2794 2568 omnibus
2830 2508 3046 2564 affatim
3072 2503 3397 2575 petentibus
3428 2501 3530 2556 abs
3570 2510 3666 2555 te:

2078 2612 2297 2667 inﬁnito
2325 2609 2475 2664 enim
2507 2605 2848 2676 multiplices
2882 2616 2984 2672 pro
3025 2598 3114 2653 his
3148 2595 3379 2651 habebis
3411 2609 3669 2650 remune-

2080 2704 2352 2769 rationes,
2382 2717 2506 2757 eum
2531 2709 2753 2770 tempus
2790 2691 3066 2751 reddendi
3090 2691 3268 2746 vicem
3290 2689 3533 2743 venerit.

2681 2812 2836 2869 CAP.
2869 2809 3035 2865 XLV.

2148 2912 2298 2970 Nutu
2329 2910 2429 2966 Dei
2482 2922 2715 2979 regnum
2752 2904 3021 2973 adeptus,
3065 2900 3286 2955 imitare
3322 2910 3450 2951 eum
3503 2893 3671 2949 bonis

2079 3006 2380 3077 operibus;
2425 3002 2558 3072 quia
2607 2999 2755 3053 inter
2787 3010 2984 3051 eorum
3026 3006 3324 3048 numerum
3370 2997 3534 3043 natus
3581 3001 3667 3052 es,

2080 3095 2352 3153 beneﬁcio
2384 3094 2478 3164 qui
2507 3091 2725 3146 allicere
2759 3096 3013 3159 possunt,
3045 3100 3157 3141 non
3176 3084 3273 3154 qui
3304 3080 3443 3137 afﬁci
3479 3088 3674 3151 postu-

2080 3190 2239 3246 lant:
2274 3196 2480 3258 parata}
2514 3184 2663 3239 enim
2697 3183 2864 3251 largae
2898 3194 3085 3234 rerum
3113 3176 3287 3246 copiae
3314 3174 3526 3228 nullum
3562 3171 3670 3225 im-

2080 3282 2460 3355 pedimentum
2497 3293 2621 3333 esse
2651 3283 2855 3347 potest,
2878 3287 2988 3343 quo
3010 3270 3195 3325 minus
3226 3266 3586 3325 conferantur
3611 3263 3670 3318 in

2080 3389 2359 3449 pauperes
2388 3369 2680 3428 beneﬁcia.

2657 3478 2810 3535 CAP.
2848 3475 3035 3531 XLVI.

2154 3577 2312 3634 Sicut
2356 3575 2554 3632 oculus
2587 3571 2815 3628 innatus
2849 3578 2935 3624 est
2964 3566 3211 3638 corpori,
3245 3567 3322 3623 ita
3362 3564 3673 3634 imperator

2082 3669 2293 3727 mundo
2323 3675 2544 3738 aptatus
2561 3673 2670 3729 est,
2697 3679 2728 3718 a
2759 3662 2874 3717 Deo
2894 3661 3059 3715 datus
3087 3674 3190 3729 pro
3224 3652 3674 3713 administratio-

2081 3779 2155 3820 ne
2186 3776 2384 3818 eorum
2426 3774 2550 3830 quae
2579 3757 2706 3813 usui
2738 3762 2892 3811 sunt.
2922 3753 3156 3824 Oportet
3182 3751 3351 3823 igitur
3386 3762 3517 3804 eum
3551 3760 3677 3800 om-

2081 3853 2249 3910 nibus
2300 3849 2626 3906 liominibus
2658 3845 2817 3917 quasi
2867 3843 3114 3915 propriis
3145 3839 3411 3896 membris
3458 3834 3677 3908 prospi-

2082 3960 2240 4005 cere.
2279 3953 2343 3999 ut
2380 3942 2675 4014 proﬁciant
2708 3940 2766 3994 in
2789 3936 2978 4003 bonis,
2997 3950 3104 3991 nec
3129 3934 3408 3989 malorum
3430 3930 3673 3986 offensa-

2085 4038 2212 4094 culo
2236 4035 2550 4092 illidantur.

2674 4161 2827 4219 CAP.
2856 4157 3071 4216 XLVII.

2156 4260 2511 4317 Tutissimam
2570 4255 2843 4310 arbitrare
2876 4252 3075 4307 salutis
3103 4257 3213 4304 ture
3259 4242 3595 4304 custodiam,
3626 4239 3674 4295 si

2086 4355 2367 4410 neminem
2406 4364 2648 4419 unquam
2711 4346 3063 4402 subditorum
3110 4338 3367 4396 affeceris
3419 4333 3674 4405 injuria:

2086 4446 2183 4517 qui
2222 4444 2371 4499 enim
2400 4441 2637 4497 oﬁ‘cndit
2678 4438 2980 4501 neminem,
3018 4433 3322 4506 suspicioni
3374 4429 3541 4485 habet
3572 4440 3677 4480 ne—

2089 4535 2296 4590 minem
2331 4533 2518 4603 :quod
2561 4531 2607 4586 si
2641 4531 2796 4585 nulla
2824 4540 3164 4599 quemquam
3194 4523 3415 4579 allicere
3447 4518 3676 4590 injuria,

2091 4626 2319 4682 tutelam
2350 4623 2637 4687 conciliat,
2682 4620 2859 4675 multo
2882 4618 3061 4689 magis
3084 4613 3469 4672 beneﬁcentiis
3501 4609 3679 4666 colla-

2088 4717 2163 4772 tis
2208 4716 2261 4770 id
2294 4714 2596 4785 praestahit.
2628 4711 2763 4767 Nam
2798 4719 2859 4766 ut
2894 4710 3126 4765 tutelam
3160 4706 3410 4765 exhibet.
3448 4703 3525 4759 ita
3547 4702 3681 4758 clla-

2087 4806 2314 4864 ritatcm
2335 4821 2446 4860 non
2471 4803 2675 4875 prodit.

2650 4892 2805 4948 CAP.
2840 4889 3079 4945 XLVIII.

2155 4988 2289 5045 Esto
2318 4986 2585 5051 subditis,
2614 4984 2968 5056 pientissime
3005 4983 3333 5051 imperator,
3391 4983 3451 5031 et
3481 4971 3679 5028 formi-

2083 5082 2285 5139 dabilis
2309 5080 2381 5134 ob
2413 5076 2803 5134 excellentiam
2850 5072 3167 5145 potestatis,
3197 5078 3255 5124 et
3302 5065 3560 5121 amabilis
3602 5062 3679 5117 ob

2081 5175 2435 5246 largitionem
2482 5168 2888 5225 beneﬁcentiae.
2922 5179 3105 5233 neque
3138 5158 3492 5216 formidinem
3540 5170 3676 5209 con-

2082 5265 2384 5323 temnendo
2412 5270 2650 5334 propter
2677 5273 2945 5320 amorem,
2972 5270 3077 5310 nec
3111 5254 3243 5308 item
3289 5261 3533 5304 amorem
3572 5260 3676 5299 ne-

2084 5361 2294 5433 gligens
2326 5358 2398 5413 ob
2450 5352 2839 5415 formidinem;
2888 5347 2989 5404 sed
3043 5356 3152 5401 tam
3190 5335 3674 5398 ntansuetudinem

2091 5428 2206 5524 im}:
2259 5461 2312 5505 te
2342 5449 2527 5505 ferens
2558 5443 2709 5500 haud
2766 5438 3197 5512 aspernabilem,
3229 5448 3395 5505 quam
3446 5428 3674 5485 nimiam

2090 5521 2148 5600 et
2197 5539 2600 5612 aspernabilem
2656 5533 3087 5592 familiaritatem
3130 5526 3331 5583 immiti
3381 5521 3676 5580 severitate

2092 5629 2388 5706 Castigans.

1919 5751 2153 5807 NOTAE.

472 5850 584 5919 (15)
637 5851 1133 5920 Προσκόπτωσιν.
1191 5848 1267 5902 lla
1328 5846 1545 5903 codices
1602 5845 1781 5917 Regii.

2081 5751 2153 5807 ‘E.

2081 5844 2420 5898 zozénzwctv.
2455 5837 2691 5894 BANDUR.
