  <div class='ocr_page' id='page_1' title='image "/cluster/home/n/w/nwhite01/storage/ocr_20150623/86:pt.1/coo.31924054869874/597.png"; bbox 0 0 4148 6450; ppageno 0'>
   <div class='ocr_carea' id='block_1_1' title="bbox 490 395 625 460">
    <p class='ocr_par' dir='ltr' id='par_1_1' title="bbox 490 395 625 460">
     <span class='ocr_line' id='line_1_1' title="bbox 490 395 625 460; baseline 0 0"><span class='ocrx_word' id='word_1_1' title='bbox 490 395 625 460; x_wconf 78' lang='grc'><strong>1179</strong></span> 
     </span>
    </p>
   </div>
   <div class='ocr_carea' id='block_1_2' title="bbox 1078 502 1467 559">
    <p class='ocr_par' dir='ltr' id='par_1_2' title="bbox 1078 502 1467 559">
     <span class='ocr_line' id='line_1_2' title="bbox 1078 502 1467 559; baseline -0.003 0"><span class='ocrx_word' id='word_1_2' title='bbox 1078 502 1234 559; x_wconf 76' lang='lat' dir='ltr'><strong>CAP.</strong></span> <span class='ocrx_word' id='word_1_3' title='bbox 1279 502 1467 558; x_wconf 79' lang='lat' dir='ltr'><strong>XLIX.</strong></span> 
     </span>
    </p>
   </div>
   <div class='ocr_carea' id='block_1_3' title="bbox 557 593 2067 667">
    <p class='ocr_par' dir='ltr' id='par_1_3' title="bbox 557 593 2067 667">
     <span class='ocr_line' id='line_1_3' title="bbox 557 593 2067 667; baseline -0.003 -15"><span class='ocrx_word' id='word_1_4' title='bbox 557 603 689 667; x_wconf 71' lang='lat' dir='ltr'><strong>Qua:</strong></span> <span class='ocrx_word' id='word_1_5' title='bbox 722 598 962 654; x_wconf 79' lang='lat' dir='ltr'><strong>subditis</strong></span> <span class='ocrx_word' id='word_1_6' title='bbox 1005 597 1174 650; x_wconf 90' lang='lat' dir='ltr'><strong>verbo</strong></span> <span class='ocrx_word' id='word_1_7' title='bbox 1205 597 1362 664; x_wconf 89' lang='lat' dir='ltr'><strong>quasi</strong></span> <span class='ocrx_word' id='word_1_8' title='bbox 1404 596 1522 663; x_wconf 88' lang='lat' dir='ltr'><strong>lege</strong></span> <span class='ocrx_word' id='word_1_9' title='bbox 1573 593 1910 664; x_wconf 64' lang='lat' dir='ltr'><strong>pratscribis,</strong></span> <span class='ocrx_word' id='word_1_10' title='bbox 1948 593 2067 648; x_wconf 67' lang='lat' dir='ltr'><strong>haec</strong></span> 
     </span>
    </p>
   </div>
   <div class='ocr_carea' id='block_1_4' title="bbox 486 684 2068 760">
    <p class='ocr_par' dir='ltr' id='par_1_4' title="bbox 486 684 2068 760">
     <span class='ocr_line' id='line_1_4' title="bbox 486 684 2068 760; baseline -0.004 -16"><span class='ocrx_word' id='word_1_11' title='bbox 486 700 540 744; x_wconf 89' lang='lat' dir='ltr'><strong>tu</strong></span> <span class='ocrx_word' id='word_1_12' title='bbox 574 689 918 760; x_wconf 65' lang='lat' dir='ltr'><strong>praeveniens</strong></span> <span class='ocrx_word' id='word_1_13' title='bbox 977 687 1158 756; x_wconf 89' lang='lat' dir='ltr'><strong>reipsa</strong></span> <span class='ocrx_word' id='word_1_14' title='bbox 1191 684 1539 755; x_wconf 75' lang='lat' dir='ltr'><strong>przestiteris,</strong></span> <span class='ocrx_word' id='word_1_15' title='bbox 1567 696 1629 740; x_wconf 92' lang='lat' dir='ltr'><strong>ut</strong></span> <span class='ocrx_word' id='word_1_16' title='bbox 1657 685 1841 739; x_wconf 80' lang='lat' dir='ltr'><strong>verbis</strong></span> <span class='ocrx_word' id='word_1_17' title='bbox 1863 684 2068 754; x_wconf 85' lang='lat' dir='ltr'><strong>quibus</strong></span> 
     </span>
    </p>
   </div>
   <div class='ocr_carea' id='block_1_5' title="bbox 483 777 2068 852">
    <p class='ocr_par' dir='ltr' id='par_1_5' title="bbox 483 777 2068 852">
     <span class='ocr_line' id='line_1_5' title="bbox 483 777 2068 852; baseline -0.002 -19"><span class='ocrx_word' id='word_1_18' title='bbox 483 781 824 852; x_wconf 87' lang='lat' dir='ltr'><strong>persuades,</strong></span> <span class='ocrx_word' id='word_1_19' title='bbox 885 779 1096 849; x_wconf 85' lang='lat' dir='ltr'><strong>integra</strong></span> <span class='ocrx_word' id='word_1_20' title='bbox 1139 794 1364 848; x_wconf 89' lang='lat' dir='ltr'><strong>quoque</strong></span> <span class='ocrx_word' id='word_1_21' title='bbox 1410 779 1522 832; x_wconf 90' lang='lat' dir='ltr'><strong>vita</strong></span> <span class='ocrx_word' id='word_1_22' title='bbox 1573 778 1912 848; x_wconf 84' lang='lat' dir='ltr'><strong>astipuletur</strong></span> <span class='ocrx_word' id='word_1_23' title='bbox 1944 795 1956 828; x_wconf 93' lang='lat'>:</span> <span class='ocrx_word' id='word_1_24' title='bbox 1987 777 2068 832; x_wconf 92' lang='lat' dir='ltr'><strong>sic</strong></span> 
     </span>
    </p>
   </div>
   <div class='ocr_carea' id='block_1_6' title="bbox 480 869 2064 941">
    <p class='ocr_par' dir='ltr' id='par_1_6' title="bbox 480 869 2064 941">
     <span class='ocr_line' id='line_1_6' title="bbox 480 869 2064 941; baseline -0.001 -17"><span class='ocrx_word' id='word_1_25' title='bbox 480 876 628 928; x_wconf 73' lang='lat' dir='ltr'><strong>enim</strong></span> <span class='ocrx_word' id='word_1_26' title='bbox 682 871 1122 926; x_wconf 81' lang='lat' dir='ltr'><strong>conunemlabile</strong></span> <span class='ocrx_word' id='word_1_27' title='bbox 1154 881 1310 926; x_wconf 89' lang='lat' dir='ltr'><strong>tuum</strong></span> <span class='ocrx_word' id='word_1_28' title='bbox 1341 871 1687 925; x_wconf 90' lang='lat' dir='ltr'><strong>asseverabis</strong></span> <span class='ocrx_word' id='word_1_29' title='bbox 1735 869 2027 941; x_wconf 89' lang='lat' dir='ltr'><strong>imperium</strong></span> <span class='ocrx_word' id='word_1_30' title='bbox 2049 912 2064 936; x_wconf 94' lang='lat'><strong>,</strong></span> 
     </span>
    </p>
   </div>
   <div class='ocr_carea' id='block_1_7' title="bbox 478 961 2067 1032">
    <p class='ocr_par' dir='ltr' id='par_1_7' title="bbox 478 961 2067 1032">
     <span class='ocr_line' id='line_1_7' title="bbox 478 961 2067 1032; baseline -0.004 -13"><span class='ocrx_word' id='word_1_31' title='bbox 478 965 523 1020; x_wconf 87' lang='lat' dir='ltr'><strong>si</strong></span> <span class='ocrx_word' id='word_1_32' title='bbox 555 973 609 1018; x_wconf 90' lang='lat' dir='ltr'><strong>et</strong></span> <span class='ocrx_word' id='word_1_33' title='bbox 641 963 992 1017; x_wconf 85' lang='lat' dir='ltr'><strong>ratiociueris</strong></span> <span class='ocrx_word' id='word_1_34' title='bbox 1047 977 1157 1016; x_wconf 92' lang='lat' dir='ltr'><strong>non</strong></span> <span class='ocrx_word' id='word_1_35' title='bbox 1209 962 1330 1016; x_wconf 90' lang='lat' dir='ltr'><strong>sine</strong></span> <span class='ocrx_word' id='word_1_36' title='bbox 1377 975 1569 1030; x_wconf 87' lang='lat' dir='ltr'><strong>Opere,</strong></span> <span class='ocrx_word' id='word_1_37' title='bbox 1591 970 1646 1017; x_wconf 88' lang='lat' dir='ltr'><strong>et</strong></span> <span class='ocrx_word' id='word_1_38' title='bbox 1673 961 1923 1032; x_wconf 90' lang='lat' dir='ltr'><strong>opereris</strong></span> <span class='ocrx_word' id='word_1_39' title='bbox 1955 976 2067 1015; x_wconf 89' lang='lat' dir='ltr'><strong>non</strong></span> 
     </span>
    </p>
   </div>
   <div class='ocr_carea' id='block_1_8' title="bbox 479 1054 889 1111">
    <p class='ocr_par' dir='ltr' id='par_1_8' title="bbox 479 1054 889 1111">
     <span class='ocr_line' id='line_1_8' title="bbox 479 1054 889 1111; baseline -0.007 0"><span class='ocrx_word' id='word_1_40' title='bbox 479 1057 600 1111; x_wconf 88' lang='lat' dir='ltr'><strong>sine</strong></span> <span class='ocrx_word' id='word_1_41' title='bbox 651 1054 889 1109; x_wconf 76' lang='lat' dir='ltr'><strong>ratione.</strong></span> 
     </span>
    </p>
   </div>
   <div class='ocr_carea' id='block_1_9' title="bbox 1137 1170 1392 1226">
    <p class='ocr_par' dir='ltr' id='par_1_9' title="bbox 1137 1170 1392 1226">
     <span class='ocr_line' id='line_1_9' title="bbox 1137 1170 1392 1226; baseline -0.008 0"><span class='ocrx_word' id='word_1_42' title='bbox 1137 1170 1288 1226; x_wconf 81' lang='lat' dir='ltr'><strong>CAP.</strong></span> <span class='ocrx_word' id='word_1_43' title='bbox 1329 1170 1392 1224; x_wconf 89' lang='lat' dir='ltr'><strong>L.</strong></span> 
     </span>
    </p>
   </div>
   <div class='ocr_carea' id='block_1_10' title="bbox 546 1259 2066 1338">
    <p class='ocr_par' dir='ltr' id='par_1_10' title="bbox 546 1259 2066 1338">
     <span class='ocr_line' id='line_1_10' title="bbox 546 1259 2066 1338; baseline -0.004 -16"><span class='ocrx_word' id='word_1_44' title='bbox 546 1267 655 1322; x_wconf 88' lang='lat' dir='ltr'><strong>Eos</strong></span> <span class='ocrx_word' id='word_1_45' title='bbox 689 1269 814 1338; x_wconf 82' lang='lat' dir='ltr'><strong>plus</strong></span> <span class='ocrx_word' id='word_1_46' title='bbox 840 1281 986 1328; x_wconf 88' lang='lat' dir='ltr'><strong>ama,</strong></span> <span class='ocrx_word' id='word_1_47' title='bbox 1011 1264 1382 1320; x_wconf 88' lang='lat' dir='ltr'><strong>Serenissime</strong></span> <span class='ocrx_word' id='word_1_48' title='bbox 1428 1262 1754 1332; x_wconf 85' lang='lat' dir='ltr'><strong>Imperator,</strong></span> <span class='ocrx_word' id='word_1_49' title='bbox 1815 1259 2066 1330; x_wconf 89' lang='lat' dir='ltr'><strong>accipere</strong></span> 
     </span>
    </p>
   </div>
   <div class='ocr_carea' id='block_1_11' title="bbox 479 1349 2067 1424">
    <p class='ocr_par' dir='ltr' id='par_1_11' title="bbox 479 1349 2067 1424">
     <span class='ocr_line' id='line_1_11' title="bbox 479 1349 2067 1424; baseline -0.006 -12"><span class='ocrx_word' id='word_1_50' title='bbox 479 1357 578 1412; x_wconf 88' lang='lat' dir='ltr'><strong>abs</strong></span> <span class='ocrx_word' id='word_1_51' title='bbox 618 1367 668 1411; x_wconf 89' lang='lat' dir='ltr'><strong>te</strong></span> <span class='ocrx_word' id='word_1_52' title='bbox 701 1355 968 1412; x_wconf 83' lang='lat' dir='ltr'><strong>beneﬁcia</strong></span> <span class='ocrx_word' id='word_1_53' title='bbox 1003 1355 1098 1424; x_wconf 89' lang='lat' dir='ltr'><strong>qui</strong></span> <span class='ocrx_word' id='word_1_54' title='bbox 1124 1355 1455 1424; x_wconf 89' lang='lat' dir='ltr'><strong>supplicant,</strong></span> <span class='ocrx_word' id='word_1_55' title='bbox 1491 1367 1653 1421; x_wconf 91' lang='lat' dir='ltr'><strong>quam</strong></span> <span class='ocrx_word' id='word_1_56' title='bbox 1679 1350 1777 1404; x_wconf 92' lang='lat' dir='ltr'><strong>tibi</strong></span> <span class='ocrx_word' id='word_1_57' title='bbox 1802 1349 1896 1419; x_wconf 91' lang='lat' dir='ltr'><strong>qui</strong></span> <span class='ocrx_word' id='word_1_58' title='bbox 1929 1365 2067 1404; x_wconf 91' lang='lat' dir='ltr'><strong>con-</strong></span> 
     </span>
    </p>
   </div>
   <div class='ocr_carea' id='block_1_12' title="bbox 481 1441 2067 1504">
    <p class='ocr_par' dir='ltr' id='par_1_12' title="bbox 481 1441 2067 1504">
     <span class='ocr_line' id='line_1_12' title="bbox 481 1441 2067 1504; baseline -0.005 0"><span class='ocrx_word' id='word_1_59' title='bbox 481 1451 714 1504; x_wconf 85' lang='lat' dir='ltr'><strong>tendunt</strong></span> <span class='ocrx_word' id='word_1_60' title='bbox 749 1450 949 1504; x_wconf 78' lang='lat' dir='ltr'><strong>olIerre</strong></span> <span class='ocrx_word' id='word_1_61' title='bbox 981 1463 1212 1501; x_wconf 77' lang='lat' dir='ltr'><strong>uulnera</strong></span> <span class='ocrx_word' id='word_1_62' title='bbox 1261 1463 1274 1498; x_wconf 91' lang='lat'><strong>:</strong></span> <span class='ocrx_word' id='word_1_63' title='bbox 1317 1445 1404 1499; x_wconf 86' lang='lat' dir='ltr'><strong>bis</strong></span> <span class='ocrx_word' id='word_1_64' title='bbox 1460 1444 1609 1498; x_wconf 90' lang='lat' dir='ltr'><strong>enim</strong></span> <span class='ocrx_word' id='word_1_65' title='bbox 1655 1442 1878 1497; x_wconf 90' lang='lat' dir='ltr'><strong>debitor</strong></span> <span class='ocrx_word' id='word_1_66' title='bbox 1923 1441 2067 1496; x_wconf 82' lang='lat' dir='ltr'><strong>refe-</strong></span> 
     </span>
    </p>
   </div>
   <div class='ocr_carea' id='block_1_13' title="bbox 481 1530 2067 1610">
    <p class='ocr_par' dir='ltr' id='par_1_13' title="bbox 481 1530 2067 1610">
     <span class='ocr_line' id='line_1_13' title="bbox 481 1530 2067 1610; baseline -0.006 -17"><span class='ocrx_word' id='word_1_67' title='bbox 481 1540 637 1593; x_wconf 92' lang='lat' dir='ltr'><strong>rendi</strong></span> <span class='ocrx_word' id='word_1_68' title='bbox 693 1539 924 1610; x_wconf 91' lang='lat' dir='ltr'><strong>gratiam</strong></span> <span class='ocrx_word' id='word_1_69' title='bbox 993 1535 1266 1600; x_wconf 80' lang='lat' dir='ltr'><strong>etliceris;</strong></span> <span class='ocrx_word' id='word_1_70' title='bbox 1323 1534 1402 1589; x_wconf 90' lang='lat' dir='ltr'><strong>illi</strong></span> <span class='ocrx_word' id='word_1_71' title='bbox 1474 1549 1609 1587; x_wconf 87' lang='lat' dir='ltr'><strong>vero</strong></span> <span class='ocrx_word' id='word_1_72' title='bbox 1644 1531 1782 1586; x_wconf 89' lang='lat' dir='ltr'><strong>dant</strong></span> <span class='ocrx_word' id='word_1_73' title='bbox 1834 1530 2067 1594; x_wconf 90' lang='lat' dir='ltr'><strong>vadem,</strong></span> 
     </span>
    </p>
   </div>
   <div class='ocr_carea' id='block_1_14' title="bbox 478 1623 2064 1698">
    <p class='ocr_par' dir='ltr' id='par_1_14' title="bbox 478 1623 2064 1698">
     <span class='ocr_line' id='line_1_14' title="bbox 478 1623 2064 1698; baseline -0.006 -14"><span class='ocrx_word' id='word_1_74' title='bbox 478 1632 851 1686; x_wconf 75' lang='lat' dir='ltr'><strong>vindicantem</strong></span> <span class='ocrx_word' id='word_1_75' title='bbox 900 1631 1004 1685; x_wconf 84' lang='lat' dir='ltr'><strong>sibi</strong></span> <span class='ocrx_word' id='word_1_76' title='bbox 1051 1643 1395 1698; x_wconf 61' lang='lat' dir='ltr'><strong>quzecunque</strong></span> <span class='ocrx_word' id='word_1_77' title='bbox 1422 1642 1552 1695; x_wconf 85' lang='lat' dir='ltr'><strong>erga</strong></span> <span class='ocrx_word' id='word_1_78' title='bbox 1587 1623 1869 1694; x_wconf 81' lang='lat' dir='ltr'><strong>supplices</strong></span> <span class='ocrx_word' id='word_1_79' title='bbox 1901 1637 2064 1680; x_wconf 80' lang='lat' dir='ltr'><strong>eon-</strong></span> 
     </span>
    </p>
   </div>
   <div class='ocr_carea' id='block_1_15' title="bbox 481 1715 2067 1782">
    <p class='ocr_par' dir='ltr' id='par_1_15' title="bbox 481 1715 2067 1782">
     <span class='ocr_line' id='line_1_15' title="bbox 481 1715 2067 1782; baseline -0.003 -7"><span class='ocrx_word' id='word_1_80' title='bbox 481 1723 692 1782; x_wconf 84' lang='lat' dir='ltr'><strong>tuleris.</strong></span> <span class='ocrx_word' id='word_1_81' title='bbox 759 1733 818 1777; x_wconf 92' lang='lat' dir='ltr'><strong>et</strong></span> <span class='ocrx_word' id='word_1_82' title='bbox 877 1729 1327 1777; x_wconf 90' lang='lat' dir='ltr'><strong>remunerantem</strong></span> <span class='ocrx_word' id='word_1_83' title='bbox 1371 1719 1533 1772; x_wconf 91' lang='lat' dir='ltr'><strong>bonis</strong></span> <span class='ocrx_word' id='word_1_84' title='bbox 1595 1715 2067 1771; x_wconf 89' lang='lat' dir='ltr'><strong>retributionibus</strong></span> 
     </span>
    </p>
   </div>
   <div class='ocr_carea' id='block_1_16' title="bbox 481 1810 1987 1886">
    <p class='ocr_par' dir='ltr' id='par_1_16' title="bbox 481 1810 1987 1886">
     <span class='ocr_line' id='line_1_16' title="bbox 481 1810 1987 1886; baseline -0.004 -17"><span class='ocrx_word' id='word_1_85' title='bbox 481 1825 628 1870; x_wconf 89' lang='lat' dir='ltr'><strong>tuam</strong></span> <span class='ocrx_word' id='word_1_86' title='bbox 656 1825 762 1870; x_wconf 90' lang='lat' dir='ltr'><strong>tam</strong></span> <span class='ocrx_word' id='word_1_87' title='bbox 801 1816 948 1886; x_wconf 85' lang='lat' dir='ltr'><strong>piam</strong></span> <span class='ocrx_word' id='word_1_88' title='bbox 975 1829 1139 1886; x_wconf 86' lang='lat' dir='ltr'><strong>quam</strong></span> <span class='ocrx_word' id='word_1_89' title='bbox 1172 1812 1570 1884; x_wconf 87' lang='lat' dir='ltr'><strong>perhumanam</strong></span> <span class='ocrx_word' id='word_1_90' title='bbox 1596 1810 1987 1865; x_wconf 90' lang='lat' dir='ltr'><strong>intentionem.</strong></span> 
     </span>
    </p>
   </div>
   <div class='ocr_carea' id='block_1_17' title="bbox 668 1947 1419 2004">
    <p class='ocr_par' dir='ltr' id='par_1_17' title="bbox 668 1947 1419 2004">
     <span class='ocr_line' id='line_1_17' title="bbox 668 1947 1419 2004; baseline -0.004 0"><span class='ocrx_word' id='word_1_91' title='bbox 668 1994 677 2004; x_wconf 92' lang='lat'><strong>.</strong></span> <span class='ocrx_word' id='word_1_92' title='bbox 1149 1947 1303 2003; x_wconf 78' lang='lat' dir='ltr'><strong>CAP.</strong></span> <span class='ocrx_word' id='word_1_93' title='bbox 1332 1947 1419 2002; x_wconf 86' lang='lat' dir='ltr'><strong>Ll.</strong></span> 
     </span>
    </p>
   </div>
   <div class='ocr_carea' id='block_1_18' title="bbox 543 2033 2068 2110">
    <p class='ocr_par' dir='ltr' id='par_1_18' title="bbox 543 2033 2068 2110">
     <span class='ocr_line' id='line_1_18' title="bbox 543 2033 2068 2110; baseline -0.007 -15"><span class='ocrx_word' id='word_1_94' title='bbox 543 2041 690 2096; x_wconf 92' lang='lat' dir='ltr'><strong>Solis</strong></span> <span class='ocrx_word' id='word_1_95' title='bbox 735 2040 984 2110; x_wconf 75' lang='lat' dir='ltr'><strong>profecto</strong></span> <span class='ocrx_word' id='word_1_96' title='bbox 1023 2047 1212 2110; x_wconf 88' lang='lat' dir='ltr'><strong>partes</strong></span> <span class='ocrx_word' id='word_1_97' title='bbox 1253 2046 1403 2105; x_wconf 88' lang='lat' dir='ltr'><strong>sunt,</strong></span> <span class='ocrx_word' id='word_1_98' title='bbox 1457 2036 1739 2090; x_wconf 78' lang='lat' dir='ltr'><strong>illustrare</strong></span> <span class='ocrx_word' id='word_1_99' title='bbox 1771 2033 1944 2088; x_wconf 91' lang='lat' dir='ltr'><strong>radiis</strong></span> <span class='ocrx_word' id='word_1_100' title='bbox 1972 2047 2068 2087; x_wconf 82' lang='lat' dir='ltr'><strong>or-</strong></span> 
     </span>
    </p>
   </div>
   <div class='ocr_carea' id='block_1_19' title="bbox 476 2124 2062 2204">
    <p class='ocr_par' dir='ltr' id='par_1_19' title="bbox 476 2124 2062 2204">
     <span class='ocr_line' id='line_1_19' title="bbox 476 2124 2062 2204; baseline -0.006 -16"><span class='ocrx_word' id='word_1_101' title='bbox 476 2134 601 2188; x_wconf 78' lang='lat' dir='ltr'><strong>bem</strong></span> <span class='ocrx_word' id='word_1_102' title='bbox 643 2153 656 2188; x_wconf 93' lang='lat'><strong>:</strong></span> <span class='ocrx_word' id='word_1_103' title='bbox 682 2133 951 2204; x_wconf 87' lang='lat' dir='ltr'><strong>principis</strong></span> <span class='ocrx_word' id='word_1_104' title='bbox 973 2148 1104 2187; x_wconf 91' lang='lat' dir='ltr'><strong>vero</strong></span> <span class='ocrx_word' id='word_1_105' title='bbox 1135 2132 1314 2185; x_wconf 88' lang='lat' dir='ltr'><strong>virtus</strong></span> <span class='ocrx_word' id='word_1_106' title='bbox 1338 2138 1421 2184; x_wconf 78' lang='lat' dir='ltr'><strong>est</strong></span> <span class='ocrx_word' id='word_1_107' title='bbox 1453 2143 1758 2200; x_wconf 83' lang='lat' dir='ltr'><strong>egenorum</strong></span> <span class='ocrx_word' id='word_1_108' title='bbox 1786 2124 2062 2180; x_wconf 88' lang='lat' dir='ltr'><strong>misereri.</strong></span> 
     </span>
    </p>
   </div>
   <div class='ocr_carea' id='block_1_20' title="bbox 477 2216 2066 2292">
    <p class='ocr_par' dir='ltr' id='par_1_20' title="bbox 477 2216 2066 2292">
     <span class='ocr_line' id='line_1_20' title="bbox 477 2216 2066 2292; baseline -0.006 -11"><span class='ocrx_word' id='word_1_109' title='bbox 477 2227 649 2282; x_wconf 86' lang='lat' dir='ltr'><strong>Porro</strong></span> <span class='ocrx_word' id='word_1_110' title='bbox 687 2227 780 2279; x_wconf 91' lang='lat' dir='ltr'><strong>illo</strong></span> <span class='ocrx_word' id='word_1_111' title='bbox 809 2226 1010 2278; x_wconf 87' lang='lat' dir='ltr'><strong>clarior</strong></span> <span class='ocrx_word' id='word_1_112' title='bbox 1031 2234 1115 2279; x_wconf 91' lang='lat' dir='ltr'><strong>est</strong></span> <span class='ocrx_word' id='word_1_113' title='bbox 1155 2225 1481 2292; x_wconf 88' lang='lat' dir='ltr'><strong>imperator,</strong></span> <span class='ocrx_word' id='word_1_114' title='bbox 1505 2220 1600 2290; x_wconf 88' lang='lat' dir='ltr'><strong>qui</strong></span> <span class='ocrx_word' id='word_1_115' title='bbox 1635 2219 1761 2290; x_wconf 91' lang='lat' dir='ltr'><strong>pius</strong></span> <span class='ocrx_word' id='word_1_116' title='bbox 1789 2227 1874 2273; x_wconf 89' lang='lat' dir='ltr'><strong>est</strong></span> <span class='ocrx_word' id='word_1_117' title='bbox 1910 2235 1923 2272; x_wconf 89' lang='lat'>:</span> <span class='ocrx_word' id='word_1_118' title='bbox 1974 2216 2066 2272; x_wconf 89' lang='lat' dir='ltr'><strong>ille</strong></span> 
     </span>
    </p>
   </div>
   <div class='ocr_carea' id='block_1_21' title="bbox 477 2306 2066 2388">
    <p class='ocr_par' dir='ltr' id='par_1_21' title="bbox 477 2306 2066 2388">
     <span class='ocr_line' id='line_1_21' title="bbox 477 2306 2066 2388; baseline -0.007 -16"><span class='ocrx_word' id='word_1_119' title='bbox 477 2335 717 2388; x_wconf 86' lang='lat' dir='ltr'><strong>namque</strong></span> <span class='ocrx_word' id='word_1_120' title='bbox 747 2317 896 2372; x_wconf 86' lang='lat' dir='ltr'><strong>cedit</strong></span> <span class='ocrx_word' id='word_1_121' title='bbox 925 2314 1247 2371; x_wconf 89' lang='lat' dir='ltr'><strong>succedenti</strong></span> <span class='ocrx_word' id='word_1_122' title='bbox 1289 2313 1470 2377; x_wconf 88' lang='lat' dir='ltr'><strong>nocti;</strong></span> <span class='ocrx_word' id='word_1_123' title='bbox 1507 2313 1598 2367; x_wconf 90' lang='lat' dir='ltr'><strong>hic</strong></span> <span class='ocrx_word' id='word_1_124' title='bbox 1627 2318 1813 2366; x_wconf 90' lang='lat' dir='ltr'><strong>autem</strong></span> <span class='ocrx_word' id='word_1_125' title='bbox 1845 2306 2066 2378; x_wconf 90' lang='lat' dir='ltr'><strong>rapaci-</strong></span> 
     </span>
    </p>
   </div>
   <div class='ocr_carea' id='block_1_22' title="bbox 478 2393 2065 2480">
    <p class='ocr_par' dir='ltr' id='par_1_22' title="bbox 478 2393 2065 2480">
     <span class='ocr_line' id='line_1_22' title="bbox 478 2393 2065 2480; baseline -0.006 -18"><span class='ocrx_word' id='word_1_126' title='bbox 478 2411 577 2464; x_wconf 87' lang='lat' dir='ltr'><strong>tati</strong></span> <span class='ocrx_word' id='word_1_127' title='bbox 619 2425 914 2480; x_wconf 88' lang='lat' dir='ltr'><strong>pravorum</strong></span> <span class='ocrx_word' id='word_1_128' title='bbox 955 2423 1066 2462; x_wconf 90' lang='lat' dir='ltr'><strong>non</strong></span> <span class='ocrx_word' id='word_1_129' title='bbox 1101 2407 1360 2463; x_wconf 90' lang='lat' dir='ltr'><strong>concedit</strong></span> <span class='ocrx_word' id='word_1_130' title='bbox 1396 2393 1711 2475; x_wconf 80' lang='lat' dir='ltr'><strong>indulgetve</strong></span> <span class='ocrx_word' id='word_1_131' title='bbox 1736 2401 2065 2472; x_wconf 89' lang='lat' dir='ltr'><strong>quidquam,</strong></span> 
     </span>
    </p>
   </div>
   <div class='ocr_carea' id='block_1_23' title="bbox 489 2495 1988 2569">
    <p class='ocr_par' dir='ltr' id='par_1_23' title="bbox 489 2495 1988 2569">
     <span class='ocr_line' id='line_1_23' title="bbox 489 2495 1988 2569; baseline -0.006 -13"><span class='ocrx_word' id='word_1_132' title='bbox 489 2503 583 2557; x_wconf 76' lang='lat' dir='ltr'><strong>sed</strong></span> <span class='ocrx_word' id='word_1_133' title='bbox 610 2502 818 2556; x_wconf 90' lang='lat' dir='ltr'><strong>lumine</strong></span> <span class='ocrx_word' id='word_1_134' title='bbox 852 2501 1102 2556; x_wconf 84' lang='lat' dir='ltr'><strong>veritatis</strong></span> <span class='ocrx_word' id='word_1_135' title='bbox 1128 2499 1436 2569; x_wconf 89' lang='lat' dir='ltr'><strong>iniquitatis</strong></span> <span class='ocrx_word' id='word_1_136' title='bbox 1468 2499 1688 2553; x_wconf 90' lang='lat' dir='ltr'><strong>occulta</strong></span> <span class='ocrx_word' id='word_1_137' title='bbox 1719 2495 1988 2565; x_wconf 82' lang='lat' dir='ltr'><strong>coarguit.</strong></span> 
     </span>
    </p>
   </div>
   <div class='ocr_carea' id='block_1_24' title="bbox 1123 2697 1428 2754">
    <p class='ocr_par' dir='ltr' id='par_1_24' title="bbox 1123 2697 1428 2754">
     <span class='ocr_line' id='line_1_24' title="bbox 1123 2697 1428 2754; baseline -0.013 0"><span class='ocrx_word' id='word_1_138' title='bbox 1123 2698 1279 2754; x_wconf 83' lang='lat' dir='ltr'><strong>CAP.</strong></span> <span class='ocrx_word' id='word_1_139' title='bbox 1315 2697 1428 2752; x_wconf 91' lang='lat' dir='ltr'><strong>Lll.</strong></span> 
     </span>
    </p>
   </div>
   <div class='ocr_carea' id='block_1_25' title="bbox 545 2783 2064 2862">
    <p class='ocr_par' dir='ltr' id='par_1_25' title="bbox 545 2783 2064 2862">
     <span class='ocr_line' id='line_1_25' title="bbox 545 2783 2064 2862; baseline -0.008 -14"><span class='ocrx_word' id='word_1_140' title='bbox 545 2793 764 2848; x_wconf 88' lang='lat' dir='ltr'><strong>Priores</strong></span> <span class='ocrx_word' id='word_1_141' title='bbox 790 2790 1015 2862; x_wconf 91' lang='lat' dir='ltr'><strong>quidem</strong></span> <span class='ocrx_word' id='word_1_142' title='bbox 1045 2799 1096 2846; x_wconf 94' lang='lat' dir='ltr'><strong>te</strong></span> <span class='ocrx_word' id='word_1_143' title='bbox 1130 2792 1498 2861; x_wconf 88' lang='lat' dir='ltr'><strong>imperatores</strong></span> <span class='ocrx_word' id='word_1_144' title='bbox 1517 2786 1866 2856; x_wconf 78' lang='lat' dir='ltr'><strong>principatus</strong></span> <span class='ocrx_word' id='word_1_145' title='bbox 1897 2783 2064 2838; x_wconf 90' lang='lat' dir='ltr'><strong>ador-</strong></span> 
     </span>
    </p>
   </div>
   <div class='ocr_carea' id='block_1_26' title="bbox 477 2878 2064 2951">
    <p class='ocr_par' dir='ltr' id='par_1_26' title="bbox 477 2878 2064 2951">
     <span class='ocr_line' id='line_1_26' title="bbox 477 2878 2064 2951; baseline -0.006 -13"><span class='ocrx_word' id='word_1_146' title='bbox 477 2885 662 2946; x_wconf 82' lang='lat' dir='ltr'><strong>navit;</strong></span> <span class='ocrx_word' id='word_1_147' title='bbox 707 2892 763 2936; x_wconf 83' lang='grc' dir='ltr'>ιιι</span> <span class='ocrx_word' id='word_1_148' title='bbox 798 2897 932 2936; x_wconf 89' lang='lat' dir='ltr'><strong>vero</strong></span> <span class='ocrx_word' id='word_1_149' title='bbox 965 2897 1116 2946; x_wconf 88' lang='lat' dir='ltr'><strong>eum,</strong></span> <span class='ocrx_word' id='word_1_150' title='bbox 1172 2881 1648 2951; x_wconf 76' lang='lat' dir='ltr'><strong>przestantissime,</strong></span> <span class='ocrx_word' id='word_1_151' title='bbox 1701 2878 2064 2932; x_wconf 85' lang='lat' dir='ltr'><strong>illustriorem</strong></span> 
     </span>
    </p>
   </div>
   <div class='ocr_carea' id='block_1_27' title="bbox 480 2968 2065 3040">
    <p class='ocr_par' dir='ltr' id='par_1_27' title="bbox 480 2968 2065 3040">
     <span class='ocr_line' id='line_1_27' title="bbox 480 2968 2065 3040; baseline -0.004 -12"><span class='ocrx_word' id='word_1_152' title='bbox 480 2973 816 3039; x_wconf 91' lang='lat' dir='ltr'><strong>reddidisti,</strong></span> <span class='ocrx_word' id='word_1_153' title='bbox 874 2973 1302 3028; x_wconf 87' lang='lat' dir='ltr'><strong>mansuetudine</strong></span> <span class='ocrx_word' id='word_1_154' title='bbox 1365 2982 1682 3040; x_wconf 85' lang='lat' dir='ltr'><strong>temperans</strong></span> <span class='ocrx_word' id='word_1_155' title='bbox 1727 2968 2065 3038; x_wconf 83' lang='lat' dir='ltr'><strong>diluensque.</strong></span> 
     </span>
    </p>
   </div>
   <div class='ocr_carea' id='block_1_28' title="bbox 477 3061 2065 3136">
    <p class='ocr_par' dir='ltr' id='par_1_28' title="bbox 477 3061 2065 3136">
     <span class='ocr_line' id='line_1_28' title="bbox 477 3061 2065 3136; baseline -0.004 -15"><span class='ocrx_word' id='word_1_156' title='bbox 477 3076 755 3122; x_wconf 86' lang='lat' dir='ltr'><strong>austeram</strong></span> <span class='ocrx_word' id='word_1_157' title='bbox 816 3066 1110 3136; x_wconf 83' lang='lat' dir='ltr'><strong>potestatis</strong></span> <span class='ocrx_word' id='word_1_158' title='bbox 1157 3065 1380 3127; x_wconf 82' lang='lat' dir='ltr'><strong>molem,</strong></span> <span class='ocrx_word' id='word_1_159' title='bbox 1414 3063 1778 3131; x_wconf 87' lang='lat' dir='ltr'><strong>bonitateque</strong></span> <span class='ocrx_word' id='word_1_160' title='bbox 1830 3061 2065 3115; x_wconf 90' lang='lat' dir='ltr'><strong>vincens</strong></span> 
     </span>
    </p>
   </div>
   <div class='ocr_carea' id='block_1_29' title="bbox 477 3156 2063 3225">
    <p class='ocr_par' dir='ltr' id='par_1_29' title="bbox 477 3156 2063 3225">
     <span class='ocr_line' id='line_1_29' title="bbox 477 3156 2063 3225; baseline -0.004 -11"><span class='ocrx_word' id='word_1_161' title='bbox 477 3159 801 3214; x_wconf 88' lang='lat' dir='ltr'><strong>adeuntium</strong></span> <span class='ocrx_word' id='word_1_162' title='bbox 862 3168 913 3214; x_wconf 85' lang='lat' dir='ltr'><strong>te</strong></span> <span class='ocrx_word' id='word_1_163' title='bbox 943 3158 1321 3214; x_wconf 82' lang='lat' dir='ltr'><strong>formidinem.</strong></span> <span class='ocrx_word' id='word_1_164' title='bbox 1352 3156 1702 3225; x_wconf 80' lang='lat' dir='ltr'><strong>Quapropter</strong></span> <span class='ocrx_word' id='word_1_165' title='bbox 1764 3164 1872 3209; x_wconf 74' lang='lat' dir='ltr'><strong>tua:</strong></span> <span class='ocrx_word' id='word_1_166' title='bbox 1907 3169 2063 3208; x_wconf 87' lang='lat' dir='ltr'><strong>sere-</strong></span> 
     </span>
    </p>
   </div>
   <div class='ocr_carea' id='block_1_30' title="bbox 1789 388 2462 454">
    <p class='ocr_par' dir='ltr' id='par_1_30' title="bbox 1789 388 2462 454">
     <span class='ocr_line' id='line_1_30' title="bbox 1789 388 2462 454; baseline 0.001 -4"><span class='ocrx_word' id='word_1_167' title='bbox 1789 388 2113 454; x_wconf 77' lang='lat' dir='ltr'><strong>AGAPETI</strong></span> <span class='ocrx_word' id='word_1_168' title='bbox 2153 389 2462 451; x_wconf 71' lang='lat' dir='ltr'><strong>DIACONI</strong></span> 
     </span>
    </p>
   </div>
   <div class='ocr_carea' id='block_1_31' title="bbox 2100 510 2146 564">
    <p class='ocr_par' dir='ltr' id='par_1_31' title="bbox 2100 510 2146 564">
     <span class='ocr_line' id='line_1_31' title="bbox 2100 510 2146 564; baseline 0 0"><span class='ocrx_word' id='word_1_169' title='bbox 2100 510 2146 564; x_wconf 77' lang='grc' dir='ltr'><strong>Α</strong></span> 
     </span>
    </p>
   </div>
   <div class='ocr_carea' id='block_1_32' title="bbox 2095 1883 2140 1938">
    <p class='ocr_par' dir='ltr' id='par_1_32' title="bbox 2095 1883 2140 1938">
     <span class='ocr_line' id='line_1_32' title="bbox 2095 1883 2140 1938; baseline 0 0"><span class='ocrx_word' id='word_1_170' title='bbox 2095 1883 2140 1938; x_wconf 81' lang='grc' dir='ltr'><strong>Β</strong></span> 
     </span>
    </p>
   </div>
   <div class='ocr_carea' id='block_1_33' title="bbox 3622 382 3760 450">
    <p class='ocr_par' dir='ltr' id='par_1_33' title="bbox 3622 382 3760 450">
     <span class='ocr_line' id='line_1_33' title="bbox 3622 382 3760 450; baseline 0.014 -2"><span class='ocrx_word' id='word_1_171' title='bbox 3622 382 3760 450; x_wconf 82' lang='grc'><strong>1180</strong></span> 
     </span>
    </p>
   </div>
   <div class='ocr_carea' id='block_1_34' title="bbox 2756 505 3174 558">
    <p class='ocr_par' dir='ltr' id='par_1_34' title="bbox 2756 505 3174 558">
     <span class='ocr_line' id='line_1_34' title="bbox 2756 505 3174 558; baseline 0 0"><span class='ocrx_word' id='word_1_172' title='bbox 2756 505 3003 558; x_wconf 75' lang='grc' dir='ltr'><strong>ΚΕΦΛᾹ.</strong></span> <span class='ocrx_word' id='word_1_173' title='bbox 3041 505 3174 558; x_wconf 73' lang='lat' dir='ltr'><strong>MG&#39;.</strong></span> 
     </span>
    </p>
   </div>
   <div class='ocr_carea' id='block_1_35' title="bbox 2249 593 3768 668">
    <p class='ocr_par' dir='ltr' id='par_1_35' title="bbox 2249 593 3768 668">
     <span class='ocr_line' id='line_1_35' title="bbox 2249 593 3768 668; baseline -0.004 -18"><span class='ocrx_word' id='word_1_174' title='bbox 2249 599 2311 650; x_wconf 76' lang='grc' dir='ltr'><strong>’Λ</strong></span> <span class='ocrx_word' id='word_1_175' title='bbox 2341 599 2452 660; x_wconf 84' lang='grc' dir='ltr'>τοῖς</span> <span class='ocrx_word' id='word_1_176' title='bbox 2480 597 2745 668; x_wconf 76' lang='grc' dir='ltr'><strong>ὑπηκόοις</strong></span> <span class='ocrx_word' id='word_1_177' title='bbox 2776 598 3093 668; x_wconf 79' lang='grc' dir='ltr'>νομοθετεῖς</span> <span class='ocrx_word' id='word_1_178' title='bbox 3119 597 3208 649; x_wconf 77' lang='grc' dir='ltr'><strong>διὰ</strong></span> <span class='ocrx_word' id='word_1_179' title='bbox 3246 595 3355 648; x_wconf 86' lang='grc' dir='ltr'>τῶν</span> <span class='ocrx_word' id='word_1_180' title='bbox 3395 593 3568 658; x_wconf 80' lang='grc' dir='ltr'>λόγων</span> <span class='ocrx_word' id='word_1_181' title='bbox 3593 605 3606 619; x_wconf 84' lang='lat'><strong><em>‘</em></strong></span> <span class='ocrx_word' id='word_1_182' title='bbox 3636 593 3768 646; x_wconf 77' lang='grc' dir='ltr'><strong>ταῦο</strong></span> 
     </span>
    </p>
   </div>
   <div class='ocr_carea' id='block_1_36' title="bbox 2171 683 3762 760">
    <p class='ocr_par' dir='ltr' id='par_1_36' title="bbox 2171 683 3762 760">
     <span class='ocr_line' id='line_1_36' title="bbox 2171 683 3762 760; baseline -0.003 -18"><span class='ocrx_word' id='word_1_183' title='bbox 2171 707 2239 742; x_wconf 92' lang='grc' dir='ltr'><strong>τα</strong></span> <span class='ocrx_word' id='word_1_184' title='bbox 2270 690 2564 760; x_wconf 79' lang='grc' dir='ltr'>προλαϐὼν</span> <span class='ocrx_word' id='word_1_185' title='bbox 2611 689 2896 756; x_wconf 76' lang='grc' dir='ltr'><strong>ὑπέδειξας</strong></span> <span class='ocrx_word' id='word_1_186' title='bbox 2923 691 3012 744; x_wconf 81' lang='grc' dir='ltr'>διὰ</span> <span class='ocrx_word' id='word_1_187' title='bbox 3038 689 3147 743; x_wconf 86' lang='grc' dir='ltr'><strong>τῶν</strong></span> <span class='ocrx_word' id='word_1_188' title='bbox 3169 689 3379 760; x_wconf 78' lang='grc' dir='ltr'>ἔργων’</span> <span class='ocrx_word' id='word_1_189' title='bbox 3412 687 3502 739; x_wconf 84' lang='grc' dir='ltr'><strong>ῖνα</strong></span> <span class='ocrx_word' id='word_1_190' title='bbox 3534 687 3644 749; x_wconf 79' lang='grc' dir='ltr'>τοῖς</span> <span class='ocrx_word' id='word_1_191' title='bbox 3675 683 3762 736; x_wconf 87' lang='grc' dir='ltr'>λό-</span> 
     </span>
    </p>
   </div>
   <div class='ocr_carea' id='block_1_37' title="bbox 2170 778 3761 857">
    <p class='ocr_par' dir='ltr' id='par_1_37' title="bbox 2170 778 3761 857">
     <span class='ocr_line' id='line_1_37' title="bbox 2170 778 3761 857; baseline 0 -21"><span class='ocrx_word' id='word_1_192' title='bbox 2170 800 2288 846; x_wconf 87' lang='grc' dir='ltr'>γοις</span> <span class='ocrx_word' id='word_1_193' title='bbox 2321 778 2403 847; x_wconf 80' lang='grc' dir='ltr'>οἷς</span> <span class='ocrx_word' id='word_1_194' title='bbox 2454 783 2686 850; x_wconf 78' lang='grc' dir='ltr'><strong>πείθεις,</strong></span> <span class='ocrx_word' id='word_1_195' title='bbox 2733 786 2830 839; x_wconf 72' lang='grc' dir='ltr'><strong>καὶ</strong></span> <span class='ocrx_word' id='word_1_196' title='bbox 2863 783 3103 857; x_wconf 72' lang='grc' dir='ltr'>χρηστὸς</span> <span class='ocrx_word' id='word_1_197' title='bbox 3153 780 3595 851; x_wconf 77' lang='grc' dir='ltr'>συναγωνίξηται</span> <span class='ocrx_word' id='word_1_198' title='bbox 3627 778 3761 850; x_wconf 83' lang='grc' dir='ltr'>βίος.</span> 
     </span>
    </p>
   </div>
   <div class='ocr_carea' id='block_1_38' title="bbox 2171 873 3764 949">
    <p class='ocr_par' dir='ltr' id='par_1_38' title="bbox 2171 873 3764 949">
     <span class='ocr_line' id='line_1_38' title="bbox 2171 873 3764 949; baseline -0.003 -18"><span class='ocrx_word' id='word_1_199' title='bbox 2171 879 2329 931; x_wconf 80' lang='grc' dir='ltr'>Οὕτω</span> <span class='ocrx_word' id='word_1_200' title='bbox 2377 880 2488 949; x_wconf 79' lang='grc' dir='ltr'><strong>γὰρ</strong></span> <span class='ocrx_word' id='word_1_201' title='bbox 2538 879 2829 949; x_wconf 80' lang='grc' dir='ltr'><strong>εὐδόκιμον</strong></span> <span class='ocrx_word' id='word_1_202' title='bbox 2885 879 3139 947; x_wconf 85' lang='grc' dir='ltr'>ἀποφανῇ</span> <span class='ocrx_word' id='word_1_203' title='bbox 3193 892 3287 928; x_wconf 89' lang='grc' dir='ltr'><strong>σου</strong></span> <span class='ocrx_word' id='word_1_204' title='bbox 3319 873 3381 926; x_wconf 71' lang='grc' dir='ltr'><strong>τὸ</strong></span> <span class='ocrx_word' id='word_1_205' title='bbox 3420 875 3644 944; x_wconf 80' lang='grc' dir='ltr'>κράτος,</span> <span class='ocrx_word' id='word_1_206' title='bbox 3669 875 3764 927; x_wconf 82' lang='grc' dir='ltr'>καὶ</span> 
     </span>
    </p>
   </div>
   <div class='ocr_carea' id='block_1_39' title="bbox 2171 966 3437 1042">
    <p class='ocr_par' dir='ltr' id='par_1_39' title="bbox 2171 966 3437 1042">
     <span class='ocr_line' id='line_1_39' title="bbox 2171 966 3437 1042; baseline -0.001 -20"><span class='ocrx_word' id='word_1_207' title='bbox 2171 969 2346 1039; x_wconf 86' lang='grc' dir='ltr'>λέγων</span> <span class='ocrx_word' id='word_1_208' title='bbox 2385 970 2732 1042; x_wconf 78' lang='grc' dir='ltr'><strong>πρακτικῶς,</strong></span> <span class='ocrx_word' id='word_1_209' title='bbox 2764 971 2860 1025; x_wconf 72' lang='grc' dir='ltr'>καὶ</span> <span class='ocrx_word' id='word_1_210' title='bbox 2891 971 3150 1042; x_wconf 82' lang='grc' dir='ltr'><strong>πράττων</strong></span> <span class='ocrx_word' id='word_1_211' title='bbox 3178 966 3437 1036; x_wconf 81' lang='grc' dir='ltr'><strong>λογικῶς.</strong></span> 
     </span>
    </p>
   </div>
   <div class='ocr_carea' id='block_1_40' title="bbox 2775 1167 3158 1224">
    <p class='ocr_par' dir='ltr' id='par_1_40' title="bbox 2775 1167 3158 1224">
     <span class='ocr_line' id='line_1_40' title="bbox 2775 1167 3158 1224; baseline -0.005 0"><span class='ocrx_word' id='word_1_212' title='bbox 2775 1169 3028 1224; x_wconf 77' lang='grc' dir='ltr'>ΚΕΦΑΛ.</span> <span class='ocrx_word' id='word_1_213' title='bbox 3071 1167 3158 1222; x_wconf 84' lang='grc' dir='ltr'><strong>Ν’.</strong></span> 
     </span>
    </p>
   </div>
   <div class='ocr_carea' id='block_1_41' title="bbox 2247 1257 3759 1332">
    <p class='ocr_par' dir='ltr' id='par_1_41' title="bbox 2247 1257 3759 1332">
     <span class='ocr_line' id='line_1_41' title="bbox 2247 1257 3759 1332; baseline -0.001 -18"><span class='ocrx_word' id='word_1_214' title='bbox 2247 1262 2416 1317; x_wconf 84' lang='grc' dir='ltr'>Πλέον</span> <span class='ocrx_word' id='word_1_215' title='bbox 2467 1262 2684 1332; x_wconf 83' lang='grc' dir='ltr'><strong>ἀγάπα,</strong></span> <span class='ocrx_word' id='word_1_216' title='bbox 2723 1261 2945 1330; x_wconf 77' lang='grc' dir='ltr'>βασιλεῦ</span> <span class='ocrx_word' id='word_1_217' title='bbox 2995 1260 3356 1332; x_wconf 81' lang='grc' dir='ltr'>γαληνότατε,</span> <span class='ocrx_word' id='word_1_218' title='bbox 3384 1259 3515 1322; x_wconf 76' lang='grc' dir='ltr'>τοὺς</span> <span class='ocrx_word' id='word_1_219' title='bbox 3543 1257 3759 1329; x_wconf 75' lang='grc' dir='ltr'>λαμϐά-</span> 
     </span>
    </p>
   </div>
   <div class='ocr_carea' id='block_1_42' title="bbox 2171 1351 3762 1426">
    <p class='ocr_par' dir='ltr' id='par_1_42' title="bbox 2171 1351 3762 1426">
     <span class='ocr_line' id='line_1_42' title="bbox 2171 1351 3762 1426; baseline -0.004 -18"><span class='ocrx_word' id='word_1_220' title='bbox 2171 1373 2284 1408; x_wconf 88' lang='grc' dir='ltr'>νειν</span> <span class='ocrx_word' id='word_1_221' title='bbox 2340 1355 2493 1424; x_wconf 88' lang='grc' dir='ltr'><strong>παρά</strong></span> <span class='ocrx_word' id='word_1_222' title='bbox 2547 1355 2643 1409; x_wconf 82' lang='grc' dir='ltr'>σοῦ</span> <span class='ocrx_word' id='word_1_223' title='bbox 2699 1356 2934 1426; x_wconf 85' lang='grc' dir='ltr'>χάριτας</span> <span class='ocrx_word' id='word_1_224' title='bbox 2991 1352 3380 1417; x_wconf 82' lang='grc' dir='ltr'>ἱκετεύοντας,</span> <span class='ocrx_word' id='word_1_225' title='bbox 3436 1351 3582 1421; x_wconf 73' lang='grc' dir='ltr'>ἥπερ</span> <span class='ocrx_word' id='word_1_226' title='bbox 3635 1351 3762 1413; x_wconf 83' lang='grc' dir='ltr'>τοὺς</span> 
     </span>
    </p>
   </div>
   <div class='ocr_carea' id='block_1_43' title="bbox 2173 1442 3759 1519">
    <p class='ocr_par' dir='ltr' id='par_1_43' title="bbox 2173 1442 3759 1519">
     <span class='ocr_line' id='line_1_43' title="bbox 2173 1442 3759 1519; baseline -0.005 -17"><span class='ocrx_word' id='word_1_227' title='bbox 2173 1449 2580 1514; x_wconf 73' lang='grc' dir='ltr'><strong>σπουδάζοντας</strong></span> <span class='ocrx_word' id='word_1_228' title='bbox 2609 1449 2821 1519; x_wconf 84' lang='grc' dir='ltr'>δωρεάς</span> <span class='ocrx_word' id='word_1_229' title='bbox 2855 1465 2937 1502; x_wconf 91' lang='grc' dir='ltr'><strong>σοι</strong></span> <span class='ocrx_word' id='word_1_230' title='bbox 2971 1447 3332 1519; x_wconf 78' lang='grc' dir='ltr'><strong>προσφέρειν.</strong></span> <span class='ocrx_word' id='word_1_231' title='bbox 3359 1443 3484 1507; x_wconf 86' lang='grc' dir='ltr'>Τοῖς</span> <span class='ocrx_word' id='word_1_232' title='bbox 3517 1444 3617 1513; x_wconf 79' lang='grc' dir='ltr'>μὲν</span> <span class='ocrx_word' id='word_1_233' title='bbox 3650 1442 3759 1512; x_wconf 75' lang='grc' dir='ltr'><strong>γὰρ</strong></span> 
     </span>
    </p>
   </div>
   <div class='ocr_carea' id='block_1_44' title="bbox 2170 1535 3762 1612">
    <p class='ocr_par' dir='ltr' id='par_1_44' title="bbox 2170 1535 3762 1612">
     <span class='ocr_line' id='line_1_44' title="bbox 2170 1535 3762 1612; baseline -0.001 -21"><span class='ocrx_word' id='word_1_234' title='bbox 2170 1539 2460 1610; x_wconf 72' lang='grc' dir='ltr'><strong>ὀφειλέτης</strong></span> <span class='ocrx_word' id='word_1_235' title='bbox 2505 1541 2744 1612; x_wconf 81' lang='grc' dir='ltr'>ἀμοιϐῆς</span> <span class='ocrx_word' id='word_1_236' title='bbox 2781 1541 3144 1595; x_wconf 62' lang='grc' dir='ltr'>καθίστασαν</span> <span class='ocrx_word' id='word_1_237' title='bbox 3181 1542 3229 1594; x_wconf 77' lang='grc' dir='ltr'>οἱ</span> <span class='ocrx_word' id='word_1_238' title='bbox 3277 1539 3334 1592; x_wconf 83' lang='grc' dir='ltr'><strong>δέ</strong></span> <span class='ocrx_word' id='word_1_239' title='bbox 3367 1555 3450 1591; x_wconf 90' lang='grc' dir='ltr'><strong>σοι</strong></span> <span class='ocrx_word' id='word_1_240' title='bbox 3490 1537 3583 1590; x_wconf 76' lang='grc' dir='ltr'>τὸν</span> <span class='ocrx_word' id='word_1_241' title='bbox 3630 1535 3762 1589; x_wconf 82' lang='grc' dir='ltr'>Θεὸν</span> 
     </span>
    </p>
   </div>
   <div class='ocr_carea' id='block_1_45' title="bbox 2169 1628 3761 1704">
    <p class='ocr_par' dir='ltr' id='par_1_45' title="bbox 2169 1628 3761 1704">
     <span class='ocr_line' id='line_1_45' title="bbox 2169 1628 3761 1704; baseline -0.003 -20"><span class='ocrx_word' id='word_1_242' title='bbox 2169 1632 2458 1704; x_wconf 70' lang='grc' dir='ltr'>όφειλέτηι</span> <span class='ocrx_word' id='word_1_243' title='bbox 2491 1634 2729 1698; x_wconf 79' lang='grc' dir='ltr'>ποιοῦσι,</span> <span class='ocrx_word' id='word_1_244' title='bbox 2777 1634 2869 1686; x_wconf 63' lang='grc' dir='ltr'><strong>τὸν</strong></span> <span class='ocrx_word' id='word_1_245' title='bbox 2918 1631 3294 1702; x_wconf 73' lang='grc' dir='ltr'><strong>οἰκειούμενον</strong></span> <span class='ocrx_word' id='word_1_246' title='bbox 3336 1629 3407 1683; x_wconf 88' lang='grc' dir='ltr'><strong>τά</strong></span> <span class='ocrx_word' id='word_1_247' title='bbox 3454 1631 3531 1692; x_wconf 83' lang='grc' dir='ltr'>εἰς</span> <span class='ocrx_word' id='word_1_248' title='bbox 3566 1628 3761 1690; x_wconf 84' lang='grc' dir='ltr'>αὐτοὺς</span> 
     </span>
    </p>
   </div>
   <div class='ocr_carea' id='block_1_46' title="bbox 2169 1719 3760 1796">
    <p class='ocr_par' dir='ltr' id='par_1_46' title="bbox 2169 1719 3760 1796">
     <span class='ocr_line' id='line_1_46' title="bbox 2169 1719 3760 1796; baseline -0.003 -19"><span class='ocrx_word' id='word_1_249' title='bbox 2169 1725 2453 1794; x_wconf 76' lang='grc' dir='ltr'>γινόμενα,</span> <span class='ocrx_word' id='word_1_250' title='bbox 2513 1725 2610 1779; x_wconf 72' lang='grc' dir='ltr'>καὶ</span> <span class='ocrx_word' id='word_1_251' title='bbox 2663 1725 3032 1796; x_wconf 80' lang='grc' dir='ltr'>ἀμειϐόμενον</span> <span class='ocrx_word' id='word_1_252' title='bbox 3065 1725 3306 1793; x_wconf 77' lang='grc' dir='ltr'><strong>ἀγαθαῖς</strong></span> <span class='ocrx_word' id='word_1_253' title='bbox 3336 1721 3643 1776; x_wconf 83' lang='grc' dir='ltr'><strong>ἀντιδόσεσι</strong></span> <span class='ocrx_word' id='word_1_254' title='bbox 3671 1719 3760 1772; x_wconf 76' lang='grc' dir='ltr'>τὸν</span> 
     </span>
    </p>
   </div>
   <div class='ocr_carea' id='block_1_47' title="bbox 2173 1815 3368 1889">
    <p class='ocr_par' dir='ltr' id='par_1_47' title="bbox 2173 1815 3368 1889">
     <span class='ocr_line' id='line_1_47' title="bbox 2173 1815 3368 1889; baseline 0.002 -21"><span class='ocrx_word' id='word_1_255' title='bbox 2173 1817 2422 1887; x_wconf 73' lang='grc' dir='ltr'>φιλόθεον</span> <span class='ocrx_word' id='word_1_256' title='bbox 2476 1818 2571 1871; x_wconf 68' lang='grc' dir='ltr'>καὶ</span> <span class='ocrx_word' id='word_1_257' title='bbox 2599 1818 2981 1889; x_wconf 80' lang='grc' dir='ltr'>φιλάνθρωπόν</span> <span class='ocrx_word' id='word_1_258' title='bbox 3010 1834 3106 1870; x_wconf 83' lang='grc' dir='ltr'><strong>σου</strong></span> <span class='ocrx_word' id='word_1_259' title='bbox 3144 1815 3368 1870; x_wconf 79' lang='grc' dir='ltr'>σκοπόν.</span> 
     </span>
    </p>
   </div>
   <div class='ocr_carea' id='block_1_48' title="bbox 2749 1927 3164 1986">
    <p class='ocr_par' dir='ltr' id='par_1_48' title="bbox 2749 1927 3164 1986">
     <span class='ocr_line' id='line_1_48' title="bbox 2749 1927 3164 1986; baseline -0.007 0"><span class='ocrx_word' id='word_1_260' title='bbox 2749 1932 3000 1986; x_wconf 80' lang='grc' dir='ltr'><strong>ΚΕΦΛΛ.</strong></span> <span class='ocrx_word' id='word_1_261' title='bbox 3034 1927 3164 1983; x_wconf 79' lang='lat' dir='ltr'><strong>NA&#39;.</strong></span> 
     </span>
    </p>
   </div>
   <div class='ocr_carea' id='block_1_49' title="bbox 2251 2019 3761 2093">
    <p class='ocr_par' dir='ltr' id='par_1_49' title="bbox 2251 2019 3761 2093">
     <span class='ocr_line' id='line_1_49' title="bbox 2251 2019 3761 2093; baseline -0.003 -17"><span class='ocrx_word' id='word_1_262' title='bbox 2251 2022 2432 2076; x_wconf 85' lang='grc' dir='ltr'>Ἠλίου</span> <span class='ocrx_word' id='word_1_263' title='bbox 2463 2023 2560 2088; x_wconf 82' lang='grc' dir='ltr'>μὲν</span> <span class='ocrx_word' id='word_1_264' title='bbox 2583 2022 2746 2093; x_wconf 82' lang='grc' dir='ltr'>ἔργον</span> <span class='ocrx_word' id='word_1_265' title='bbox 2773 2026 2913 2086; x_wconf 74' lang='grc' dir='ltr'>ἐστὶ,</span> <span class='ocrx_word' id='word_1_266' title='bbox 2946 2023 3007 2076; x_wconf 75' lang='grc' dir='ltr'><strong>τὸ</strong></span> <span class='ocrx_word' id='word_1_267' title='bbox 3035 2021 3424 2093; x_wconf 70' lang='grc' dir='ltr'>καταλάμπειν</span> <span class='ocrx_word' id='word_1_268' title='bbox 3452 2020 3576 2083; x_wconf 83' lang='grc' dir='ltr'>ταῖς</span> <span class='ocrx_word' id='word_1_269' title='bbox 3599 2019 3761 2074; x_wconf 83' lang='grc' dir='ltr'>ἀκτῖ-</span> 
     </span>
    </p>
   </div>
   <div class='ocr_carea' id='block_1_50' title="bbox 2169 2111 3760 2186">
    <p class='ocr_par' dir='ltr' id='par_1_50' title="bbox 2169 2111 3760 2186">
     <span class='ocr_line' id='line_1_50' title="bbox 2169 2111 3760 2186; baseline -0.003 -18"><span class='ocrx_word' id='word_1_270' title='bbox 2169 2131 2222 2168; x_wconf 90' lang='grc' dir='ltr'><strong>σι</strong></span> <span class='ocrx_word' id='word_1_271' title='bbox 2279 2115 2378 2184; x_wconf 76' lang='grc' dir='ltr'>τὴν</span> <span class='ocrx_word' id='word_1_272' title='bbox 2430 2117 2640 2169; x_wconf 78' lang='grc' dir='ltr'>κτίσιν·</span> <span class='ocrx_word' id='word_1_273' title='bbox 2679 2117 2913 2178; x_wconf 81' lang='grc' dir='ltr'>ἄνακτος</span> <span class='ocrx_word' id='word_1_274' title='bbox 2950 2116 3008 2168; x_wconf 82' lang='grc' dir='ltr'>δὲ</span> <span class='ocrx_word' id='word_1_275' title='bbox 3059 2115 3253 2186; x_wconf 80' lang='grc' dir='ltr'>ἀρετὴ,</span> <span class='ocrx_word' id='word_1_276' title='bbox 3303 2113 3363 2166; x_wconf 84' lang='grc' dir='ltr'><strong>τδ</strong></span> <span class='ocrx_word' id='word_1_277' title='bbox 3411 2111 3589 2164; x_wconf 81' lang='grc' dir='ltr'>ἐλεεῖν</span> <span class='ocrx_word' id='word_1_278' title='bbox 3645 2113 3760 2175; x_wconf 78' lang='grc' dir='ltr'>τοῖς</span> 
     </span>
    </p>
   </div>
   <div class='ocr_carea' id='block_1_51' title="bbox 2166 2203 3761 2279">
    <p class='ocr_par' dir='ltr' id='par_1_51' title="bbox 2166 2203 3761 2279">
     <span class='ocr_line' id='line_1_51' title="bbox 2166 2203 3761 2279; baseline -0.003 -18"><span class='ocrx_word' id='word_1_279' title='bbox 2166 2208 2443 2278; x_wconf 78' lang='grc' dir='ltr'>δεομένοις</span> <span class='ocrx_word' id='word_1_280' title='bbox 2478 2209 2612 2279; x_wconf 81' lang='grc'><strong>(16).</strong></span> <span class='ocrx_word' id='word_1_281' title='bbox 2649 2209 2922 2262; x_wconf 81' lang='grc' dir='ltr'>Κάκείνου</span> <span class='ocrx_word' id='word_1_282' title='bbox 2951 2208 3008 2260; x_wconf 87' lang='grc' dir='ltr'>δὲ</span> <span class='ocrx_word' id='word_1_283' title='bbox 3039 2205 3440 2278; x_wconf 75' lang='grc' dir='ltr'>φανερώτερος,</span> <span class='ocrx_word' id='word_1_284' title='bbox 3472 2207 3500 2258; x_wconf 87' lang='grc' dir='ltr'><strong>ό</strong></span> <span class='ocrx_word' id='word_1_285' title='bbox 3527 2203 3761 2273; x_wconf 75' lang='grc' dir='ltr'>εὐσεϐὴς</span> 
     </span>
    </p>
   </div>
   <div class='ocr_carea' id='block_1_52' title="bbox 2170 2299 3760 2377">
    <p class='ocr_par' dir='ltr' id='par_1_52' title="bbox 2170 2299 3760 2377">
     <span class='ocr_line' id='line_1_52' title="bbox 2170 2299 3760 2377; baseline -0.003 -23"><span class='ocrx_word' id='word_1_286' title='bbox 2170 2301 2423 2371; x_wconf 79' lang='grc' dir='ltr'>βασιλεύς</span> <span class='ocrx_word' id='word_1_287' title='bbox 2444 2319 2457 2332; x_wconf 89' lang='grc'><strong>·</strong></span> <span class='ocrx_word' id='word_1_288' title='bbox 2491 2305 2518 2356; x_wconf 79' lang='grc' dir='ltr'>ὁ</span> <span class='ocrx_word' id='word_1_289' title='bbox 2550 2303 2651 2374; x_wconf 84' lang='grc' dir='ltr'>μὲν</span> <span class='ocrx_word' id='word_1_290' title='bbox 2677 2303 2788 2374; x_wconf 77' lang='grc' dir='ltr'>γὰρ</span> <span class='ocrx_word' id='word_1_291' title='bbox 2823 2303 3102 2377; x_wconf 61' lang='grc' dir='ltr'>ὑποχωρεῖ</span> <span class='ocrx_word' id='word_1_292' title='bbox 3146 2302 3214 2359; x_wconf 85' lang='grc' dir='ltr'>τῆ</span> <span class='ocrx_word' id='word_1_293' title='bbox 3257 2299 3476 2370; x_wconf 82' lang='grc' dir='ltr'>διαδοχῇ</span> <span class='ocrx_word' id='word_1_294' title='bbox 3503 2300 3604 2366; x_wconf 78' lang='grc' dir='ltr'><strong>τῆς</strong></span> <span class='ocrx_word' id='word_1_295' title='bbox 3665 2317 3760 2352; x_wconf 88' lang='grc' dir='ltr'>νυ-</span> 
     </span>
    </p>
   </div>
   <div class='ocr_carea' id='block_1_53' title="bbox 2168 2392 3756 2469">
    <p class='ocr_par' dir='ltr' id='par_1_53' title="bbox 2168 2392 3756 2469">
     <span class='ocr_line' id='line_1_53' title="bbox 2168 2392 3756 2469; baseline -0.003 -21"><span class='ocrx_word' id='word_1_296' title='bbox 2168 2397 2296 2458; x_wconf 88' lang='grc' dir='ltr'>κτός</span> <span class='ocrx_word' id='word_1_297' title='bbox 2317 2413 2329 2425; x_wconf 88' lang='grc'><strong>·</strong></span> <span class='ocrx_word' id='word_1_298' title='bbox 2360 2399 2388 2449; x_wconf 85' lang='grc' dir='ltr'><strong>ό</strong></span> <span class='ocrx_word' id='word_1_299' title='bbox 2424 2397 2479 2450; x_wconf 77' lang='grc' dir='ltr'>δὲ</span> <span class='ocrx_word' id='word_1_300' title='bbox 2505 2398 2565 2450; x_wconf 79' lang='grc' dir='ltr'>οὐ</span> <span class='ocrx_word' id='word_1_301' title='bbox 2598 2399 2924 2469; x_wconf 86' lang='grc' dir='ltr'>παραχωρεῖ</span> <span class='ocrx_word' id='word_1_302' title='bbox 2953 2400 3018 2468; x_wconf 81' lang='grc' dir='ltr'><strong>τῇ</strong></span> <span class='ocrx_word' id='word_1_303' title='bbox 3053 2399 3376 2468; x_wconf 82' lang='grc' dir='ltr'>συναρπαγῇ</span> <span class='ocrx_word' id='word_1_304' title='bbox 3411 2394 3522 2448; x_wconf 87' lang='grc' dir='ltr'><strong>τῶν</strong></span> <span class='ocrx_word' id='word_1_305' title='bbox 3549 2392 3756 2456; x_wconf 82' lang='grc' dir='ltr'>κακῶν,</span> 
     </span>
    </p>
   </div>
   <div class='ocr_carea' id='block_1_54' title="bbox 2168 2484 3760 2561">
    <p class='ocr_par' dir='ltr' id='par_1_54' title="bbox 2168 2484 3760 2561">
     <span class='ocr_line' id='line_1_54' title="bbox 2168 2484 3760 2561; baseline -0.001 -21"><span class='ocrx_word' id='word_1_306' title='bbox 2168 2488 2304 2540; x_wconf 74' lang='grc' dir='ltr'>ἀλλὰ</span> <span class='ocrx_word' id='word_1_307' title='bbox 2333 2488 2407 2558; x_wconf 80' lang='grc' dir='ltr'>τῷ</span> <span class='ocrx_word' id='word_1_308' title='bbox 2440 2491 2582 2558; x_wconf 77' lang='grc' dir='ltr'>φωτὶ</span> <span class='ocrx_word' id='word_1_309' title='bbox 2604 2489 2706 2560; x_wconf 78' lang='grc' dir='ltr'>τῆς</span> <span class='ocrx_word' id='word_1_310' title='bbox 2730 2489 2994 2561; x_wconf 77' lang='grc' dir='ltr'>ἀληθείας</span> <span class='ocrx_word' id='word_1_311' title='bbox 3022 2489 3199 2560; x_wconf 79' lang='grc' dir='ltr'>ὲξελέγ</span> <span class='ocrx_word' id='word_1_312' title='bbox 3213 2508 3298 2560; x_wconf 87' lang='grc' dir='ltr'><strong>χει</strong></span> <span class='ocrx_word' id='word_1_313' title='bbox 3324 2489 3392 2542; x_wconf 84' lang='grc' dir='ltr'><strong>τά</strong></span> <span class='ocrx_word' id='word_1_314' title='bbox 3416 2486 3638 2560; x_wconf 84' lang='grc' dir='ltr'>κρυπτά</span> <span class='ocrx_word' id='word_1_315' title='bbox 3659 2484 3760 2555; x_wconf 84' lang='grc' dir='ltr'>τῆς</span> 
     </span>
    </p>
   </div>
   <div class='ocr_carea' id='block_1_55' title="bbox 2168 2579 2399 2645">
    <p class='ocr_par' dir='ltr' id='par_1_55' title="bbox 2168 2579 2399 2645">
     <span class='ocr_line' id='line_1_55' title="bbox 2168 2579 2399 2645; baseline 0 -12"><span class='ocrx_word' id='word_1_316' title='bbox 2168 2579 2399 2645; x_wconf 81' lang='grc' dir='ltr'>ἀδικίας.</span> 
     </span>
    </p>
   </div>
   <div class='ocr_carea' id='block_1_56' title="bbox 2753 2696 3174 2750">
    <p class='ocr_par' dir='ltr' id='par_1_56' title="bbox 2753 2696 3174 2750">
     <span class='ocr_line' id='line_1_56' title="bbox 2753 2696 3174 2750; baseline 0 0"><span class='ocrx_word' id='word_1_317' title='bbox 2753 2696 3006 2750; x_wconf 83' lang='grc' dir='ltr'><strong>ΚΕΦΑΛ.</strong></span> <span class='ocrx_word' id='word_1_318' title='bbox 3047 2697 3174 2750; x_wconf 83' lang='lat' dir='ltr'><strong>NB’.</strong></span> 
     </span>
    </p>
   </div>
   <div class='ocr_carea' id='block_1_57' title="bbox 2238 2787 3758 2861">
    <p class='ocr_par' dir='ltr' id='par_1_57' title="bbox 2238 2787 3758 2861">
     <span class='ocr_line' id='line_1_57' title="bbox 2238 2787 3758 2861; baseline -0.001 -21"><span class='ocrx_word' id='word_1_319' title='bbox 2238 2789 2378 2851; x_wconf 73' lang='grc' dir='ltr'>Τοὺς</span> <span class='ocrx_word' id='word_1_320' title='bbox 2411 2788 2509 2857; x_wconf 80' lang='grc' dir='ltr'>μὲν</span> <span class='ocrx_word' id='word_1_321' title='bbox 2537 2788 2645 2861; x_wconf 78' lang='grc' dir='ltr'>πρὸ</span> <span class='ocrx_word' id='word_1_322' title='bbox 2692 2788 2788 2842; x_wconf 85' lang='grc' dir='ltr'>σοῦ</span> <span class='ocrx_word' id='word_1_323' title='bbox 2837 2789 3076 2860; x_wconf 84' lang='grc' dir='ltr'>βασιλεῖς</span> <span class='ocrx_word' id='word_1_324' title='bbox 3103 2791 3136 2860; x_wconf 80' lang='grc' dir='ltr'><strong>ἡ</strong></span> <span class='ocrx_word' id='word_1_325' title='bbox 3167 2788 3312 2860; x_wconf 84' lang='grc' dir='ltr'>ἀρχὴ</span> <span class='ocrx_word' id='word_1_326' title='bbox 3336 2787 3758 2857; x_wconf 78' lang='grc' dir='ltr'>κατεκόσμησεο</span> 
     </span>
    </p>
   </div>
   <div class='ocr_carea' id='block_1_58' title="bbox 2169 2883 3762 2955">
    <p class='ocr_par' dir='ltr' id='par_1_58' title="bbox 2169 2883 3762 2955">
     <span class='ocr_line' id='line_1_58' title="bbox 2169 2883 3762 2955; baseline -0.003 -18"><span class='ocrx_word' id='word_1_327' title='bbox 2169 2884 2234 2937; x_wconf 74' lang='grc' dir='ltr'>σὺ</span> <span class='ocrx_word' id='word_1_328' title='bbox 2262 2883 2317 2936; x_wconf 81' lang='grc' dir='ltr'>δὲ</span> <span class='ocrx_word' id='word_1_329' title='bbox 2339 2883 2564 2954; x_wconf 78' lang='grc' dir='ltr'>ταύτην,</span> <span class='ocrx_word' id='word_1_330' title='bbox 2589 2883 2871 2954; x_wconf 82' lang='grc' dir='ltr'>κράτιστε,</span> <span class='ocrx_word' id='word_1_331' title='bbox 2903 2883 3267 2955; x_wconf 82' lang='grc' dir='ltr'>φαιδροτέραν</span> <span class='ocrx_word' id='word_1_332' title='bbox 3299 2883 3584 2951; x_wconf 74' lang='grc' dir='ltr'>ἐποίησας,</span> <span class='ocrx_word' id='word_1_333' title='bbox 3619 2883 3762 2951; x_wconf 78' lang='grc' dir='ltr'>ἡμε-</span> 
     </span>
    </p>
   </div>
   <div class='ocr_carea' id='block_1_59' title="bbox 2171 2969 3762 3046">
    <p class='ocr_par' dir='ltr' id='par_1_59' title="bbox 2171 2969 3762 3046">
     <span class='ocr_line' id='line_1_59' title="bbox 2171 2969 3762 3046; baseline -0.004 -18"><span class='ocrx_word' id='word_1_334' title='bbox 2171 2976 2356 3046; x_wconf 83' lang='grc' dir='ltr'>ρότητι</span> <span class='ocrx_word' id='word_1_335' title='bbox 2389 2973 2594 3045; x_wconf 85' lang='grc' dir='ltr'>κιρνῶν</span> <span class='ocrx_word' id='word_1_336' title='bbox 2626 2976 2726 3044; x_wconf 80' lang='grc' dir='ltr'><strong>τῆς</strong></span> <span class='ocrx_word' id='word_1_337' title='bbox 2760 2975 3014 3040; x_wconf 77' lang='grc' dir='ltr'>ἐξουσίας</span> <span class='ocrx_word' id='word_1_338' title='bbox 3042 2973 3135 3026; x_wconf 73' lang='grc' dir='ltr'>τὸν</span> <span class='ocrx_word' id='word_1_339' title='bbox 3171 2973 3363 3042; x_wconf 69' lang='grc' dir='ltr'>ὄγκον,</span> <span class='ocrx_word' id='word_1_340' title='bbox 3394 2973 3488 3026; x_wconf 71' lang='grc' dir='ltr'>καὶ</span> <span class='ocrx_word' id='word_1_341' title='bbox 3524 2969 3762 3041; x_wconf 77' lang='grc' dir='ltr'>χρηστό-</span> 
     </span>
    </p>
   </div>
   <div class='ocr_carea' id='block_1_60' title="bbox 2167 3061 3762 3137">
    <p class='ocr_par' dir='ltr' id='par_1_60' title="bbox 2167 3061 3762 3137">
     <span class='ocr_line' id='line_1_60' title="bbox 2167 3061 3762 3137; baseline -0.004 -17"><span class='ocrx_word' id='word_1_342' title='bbox 2167 3083 2292 3137; x_wconf 84' lang='grc' dir='ltr'>τητι</span> <span class='ocrx_word' id='word_1_343' title='bbox 2321 3066 2486 3119; x_wconf 80' lang='grc' dir='ltr'>νικῶν</span> <span class='ocrx_word' id='word_1_344' title='bbox 2514 3065 2624 3119; x_wconf 85' lang='grc' dir='ltr'>τῶν</span> <span class='ocrx_word' id='word_1_345' title='bbox 2648 3065 2984 3137; x_wconf 83' lang='grc' dir='ltr'>προσιόντων</span> <span class='ocrx_word' id='word_1_346' title='bbox 3024 3082 3110 3118; x_wconf 83' lang='grc' dir='ltr'><strong>σοι</strong></span> <span class='ocrx_word' id='word_1_347' title='bbox 3143 3065 3236 3117; x_wconf 76' lang='grc' dir='ltr'>τὸν</span> <span class='ocrx_word' id='word_1_348' title='bbox 3258 3064 3446 3134; x_wconf 68' lang='grc' dir='ltr'>φόϐον.</span> <span class='ocrx_word' id='word_1_349' title='bbox 3481 3063 3644 3116; x_wconf 85' lang='grc' dir='ltr'>Ὅθεν</span> <span class='ocrx_word' id='word_1_350' title='bbox 3682 3061 3762 3131; x_wconf 85' lang='grc' dir='ltr'>τῷ</span> 
     </span>
    </p>
   </div>
   <div class='ocr_carea' id='block_1_61' title="bbox 2171 3155 3764 3230">
    <p class='ocr_par' dir='ltr' id='par_1_61' title="bbox 2171 3155 3764 3230">
     <span class='ocr_line' id='line_1_61' title="bbox 2171 3155 3764 3230; baseline -0.001 -21"><span class='ocrx_word' id='word_1_351' title='bbox 2171 3158 2351 3230; x_wconf 79' lang='grc' dir='ltr'>λιμένι</span> <span class='ocrx_word' id='word_1_352' title='bbox 2397 3159 2498 3228; x_wconf 81' lang='grc' dir='ltr'><strong>τῆς</strong></span> <span class='ocrx_word' id='word_1_353' title='bbox 2553 3157 2653 3228; x_wconf 84' lang='grc' dir='ltr'><strong>σῆς</strong></span> <span class='ocrx_word' id='word_1_354' title='bbox 2689 3157 3060 3229; x_wconf 68' lang='grc' dir='ltr'>γαληνότητος</span> <span class='ocrx_word' id='word_1_355' title='bbox 3109 3157 3315 3222; x_wconf 86' lang='grc' dir='ltr'>πάντες</span> <span class='ocrx_word' id='word_1_356' title='bbox 3369 3155 3764 3229; x_wconf 74' lang='grc' dir='ltr'>προσορμῶσιν</span> 
     </span>
    </p>
   </div>
   <div class='ocr_carea' id='block_1_62' title="bbox 476 3224 2069 3322">
    <p class='ocr_par' dir='ltr' id='par_1_62' title="bbox 476 3246 2066 3322">
     <span class='ocr_line' id='line_1_62' title="bbox 476 3246 2066 3322; baseline -0.004 -14"><span class='ocrx_word' id='word_1_357' title='bbox 476 3251 670 3308; x_wconf 73' lang='lat' dir='ltr'><strong>uitatis</strong></span> <span class='ocrx_word' id='word_1_358' title='bbox 717 3260 940 3322; x_wconf 90' lang='lat' dir='ltr'><strong>portum</strong></span> <span class='ocrx_word' id='word_1_359' title='bbox 974 3251 1218 3306; x_wconf 90' lang='lat' dir='ltr'><strong>subeunt</strong></span> <span class='ocrx_word' id='word_1_360' title='bbox 1257 3266 1484 3311; x_wconf 86' lang='lat' dir='ltr'><strong>omnes,</strong></span> <span class='ocrx_word' id='word_1_361' title='bbox 1538 3248 1633 3318; x_wconf 88' lang='lat' dir='ltr'><strong>qui</strong></span> <span class='ocrx_word' id='word_1_362' title='bbox 1680 3246 2066 3303; x_wconf 87' lang='lat' dir='ltr'><strong>misericordia</strong></span> 
     </span>
    </p>
   </div>
   <div class='ocr_carea' id='block_1_63' title="bbox 2174 3224 3765 3322">
    <p class='ocr_par' dir='ltr' id='par_1_63' title="bbox 2174 3224 3765 3321">
     <span class='ocr_line' id='line_1_63' title="bbox 2174 3224 3765 3321; baseline -0.004 -15"><span class='ocrx_word' id='word_1_363' title='bbox 2174 3224 2464 3314; x_wconf 59' lang='grc' dir='ltr'><strong>οίὲλέους⁷</strong></span> <span class='ocrx_word' id='word_1_364' title='bbox 2491 3224 2764 3321; x_wconf 81' lang='grc' dir='ltr'>δεόμενοι,</span> <span class='ocrx_word' id='word_1_365' title='bbox 2817 3224 2913 3304; x_wconf 76' lang='grc' dir='ltr'>καὶ</span> <span class='ocrx_word' id='word_1_366' title='bbox 2952 3224 3068 3305; x_wconf 69' lang='grc' dir='ltr'><strong>⁷τῶν</strong></span> <span class='ocrx_word' id='word_1_367' title='bbox 3123 3251 3388 3321; x_wconf 79' lang='grc' dir='ltr'>κυμάτων</span> <span class='ocrx_word' id='word_1_368' title='bbox 3416 3224 3765 3319; x_wconf 39' lang='grc' dir='ltr'><strong>⁷τῆςλιτενίας</strong></span> 
     </span>
    </p>
   </div>
   <div class='ocr_carea' id='block_1_64' title="bbox 481 3340 2070 3414">
    <p class='ocr_par' dir='ltr' id='par_1_64' title="bbox 481 3340 2070 3414">
     <span class='ocr_line' id='line_1_64' title="bbox 481 3340 2070 3414; baseline -0.004 -14"><span class='ocrx_word' id='word_1_369' title='bbox 481 3345 730 3414; x_wconf 88' lang='lat' dir='ltr'><strong>indigent</strong></span> <span class='ocrx_word' id='word_1_370' title='bbox 787 3343 1158 3412; x_wconf 82' lang='lat' dir='ltr'><strong>ﬂuctibusque</strong></span> <span class='ocrx_word' id='word_1_371' title='bbox 1205 3341 1546 3413; x_wconf 89' lang='lat' dir='ltr'><strong>paupertatis</strong></span> <span class='ocrx_word' id='word_1_372' title='bbox 1584 3340 1838 3407; x_wconf 90' lang='lat' dir='ltr'><strong>liberati,</strong></span> <span class='ocrx_word' id='word_1_373' title='bbox 1883 3349 2070 3411; x_wconf 79' lang='lat' dir='ltr'><strong>gratos</strong></span> 
     </span>
    </p>
   </div>
   <div class='ocr_carea' id='block_1_65' title="bbox 481 3435 1225 3506">
    <p class='ocr_par' dir='ltr' id='par_1_65' title="bbox 481 3435 1225 3506">
     <span class='ocr_line' id='line_1_65' title="bbox 481 3435 1225 3506; baseline -0.003 -16"><span class='ocrx_word' id='word_1_374' title='bbox 481 3437 715 3506; x_wconf 75' lang='lat' dir='ltr'><strong>hymnos</strong></span> <span class='ocrx_word' id='word_1_375' title='bbox 746 3435 813 3489; x_wconf 84' lang='lat' dir='ltr'><strong>ad</strong></span> <span class='ocrx_word' id='word_1_376' title='bbox 845 3445 896 3491; x_wconf 87' lang='lat' dir='ltr'><strong>te</strong></span> <span class='ocrx_word' id='word_1_377' title='bbox 925 3435 1225 3491; x_wconf 86' lang='lat' dir='ltr'><strong>missitant.</strong></span> 
     </span>
    </p>
   </div>
   <div class='ocr_carea' id='block_1_66' title="bbox 1097 3548 1426 3604">
    <p class='ocr_par' dir='ltr' id='par_1_66' title="bbox 1097 3548 1426 3604">
     <span class='ocr_line' id='line_1_66' title="bbox 1097 3548 1426 3604; baseline -0.012 0"><span class='ocrx_word' id='word_1_378' title='bbox 1097 3548 1249 3604; x_wconf 80' lang='lat' dir='ltr'><strong>CAP.</strong></span> <span class='ocrx_word' id='word_1_379' title='bbox 1291 3548 1426 3602; x_wconf 84' lang='lat' dir='ltr'><strong>Llll.</strong></span> 
     </span>
    </p>
   </div>
   <div class='ocr_carea' id='block_1_67' title="bbox 550 3635 2072 3709">
    <p class='ocr_par' dir='ltr' id='par_1_67' title="bbox 550 3635 2072 3709">
     <span class='ocr_line' id='line_1_67' title="bbox 550 3635 2072 3709; baseline -0.004 -13"><span class='ocrx_word' id='word_1_380' title='bbox 550 3643 829 3709; x_wconf 75' lang='lat' dir='ltr'><strong>Quantum</strong></span> <span class='ocrx_word' id='word_1_381' title='bbox 862 3646 1140 3709; x_wconf 88' lang='lat' dir='ltr'><strong>potestate</strong></span> <span class='ocrx_word' id='word_1_382' title='bbox 1168 3640 1388 3692; x_wconf 70' lang='lat' dir='ltr'><strong>caeteris</strong></span> <span class='ocrx_word' id='word_1_383' title='bbox 1411 3636 1721 3700; x_wconf 88' lang='lat' dir='ltr'><strong>antecellis,</strong></span> <span class='ocrx_word' id='word_1_384' title='bbox 1751 3645 1962 3691; x_wconf 89' lang='lat' dir='ltr'><strong>tantum</strong></span> <span class='ocrx_word' id='word_1_385' title='bbox 1989 3635 2072 3690; x_wconf 87' lang='lat' dir='ltr'><strong>l&#39;a-</strong></span> 
     </span>
    </p>
   </div>
   <div class='ocr_carea' id='block_1_68' title="bbox 483 3728 2072 3798">
    <p class='ocr_par' dir='ltr' id='par_1_68' title="bbox 483 3728 2072 3798">
     <span class='ocr_line' id='line_1_68' title="bbox 483 3728 2072 3798; baseline -0.004 -9"><span class='ocrx_word' id='word_1_386' title='bbox 483 3735 590 3789; x_wconf 88' lang='lat' dir='ltr'><strong>ctis</strong></span> <span class='ocrx_word' id='word_1_387' title='bbox 624 3734 789 3789; x_wconf 88' lang='lat' dir='ltr'><strong>etiam</strong></span> <span class='ocrx_word' id='word_1_388' title='bbox 832 3731 1072 3785; x_wconf 88' lang='lat' dir='ltr'><strong>emicare</strong></span> <span class='ocrx_word' id='word_1_389' title='bbox 1103 3739 1229 3783; x_wconf 85' lang='lat' dir='ltr'><strong>ante</strong></span> <span class='ocrx_word' id='word_1_390' title='bbox 1281 3730 1420 3784; x_wconf 84' lang='lat' dir='ltr'><strong>alios</strong></span> <span class='ocrx_word' id='word_1_391' title='bbox 1449 3729 1662 3783; x_wconf 87' lang='lat' dir='ltr'><strong>enitere</strong></span> <span class='ocrx_word' id='word_1_392' title='bbox 1707 3747 1721 3783; x_wconf 84' lang='lat'><strong>:</strong></span> <span class='ocrx_word' id='word_1_393' title='bbox 1761 3728 2072 3798; x_wconf 87' lang='lat' dir='ltr'><strong>persuasis-</strong></span> 
     </span>
    </p>
   </div>
   <div class='ocr_carea' id='block_1_69' title="bbox 485 3820 2074 3890">
    <p class='ocr_par' dir='ltr' id='par_1_69' title="bbox 485 3820 2074 3890">
     <span class='ocr_line' id='line_1_69' title="bbox 485 3820 2074 3890; baseline -0.004 -11"><span class='ocrx_word' id='word_1_394' title='bbox 485 3827 687 3880; x_wconf 75' lang='lat' dir='ltr'><strong>simum</strong></span> <span class='ocrx_word' id='word_1_395' title='bbox 711 3825 860 3878; x_wconf 91' lang='lat' dir='ltr'><strong>enim</strong></span> <span class='ocrx_word' id='word_1_396' title='bbox 882 3823 1022 3876; x_wconf 89' lang='lat' dir='ltr'><strong>habe</strong></span> <span class='ocrx_word' id='word_1_397' title='bbox 1045 3838 1166 3875; x_wconf 89' lang='lat' dir='ltr'><strong>eam</strong></span> <span class='ocrx_word' id='word_1_398' title='bbox 1200 3821 1300 3875; x_wconf 92' lang='lat' dir='ltr'><strong>abs</strong></span> <span class='ocrx_word' id='word_1_399' title='bbox 1325 3832 1376 3875; x_wconf 91' lang='lat' dir='ltr'><strong>te</strong></span> <span class='ocrx_word' id='word_1_400' title='bbox 1409 3821 1677 3890; x_wconf 91' lang='lat' dir='ltr'><strong>postulari</strong></span> <span class='ocrx_word' id='word_1_401' title='bbox 1709 3820 2074 3874; x_wconf 86' lang='lat' dir='ltr'><strong>honestorum</strong></span> 
     </span>
    </p>
   </div>
   <div class='ocr_carea' id='block_1_70' title="bbox 484 3914 2076 3988">
    <p class='ocr_par' dir='ltr' id='par_1_70' title="bbox 484 3914 2076 3988">
     <span class='ocr_line' id='line_1_70' title="bbox 484 3914 2076 3988; baseline -0.003 -14"><span class='ocrx_word' id='word_1_402' title='bbox 484 3918 886 3988; x_wconf 81' lang='lat' dir='ltr'><strong>operationem.</strong></span> <span class='ocrx_word' id='word_1_403' title='bbox 927 3932 1048 3984; x_wconf 85' lang='lat' dir='ltr'><strong>quae</strong></span> <span class='ocrx_word' id='word_1_404' title='bbox 1084 3915 1452 3986; x_wconf 90' lang='lat' dir='ltr'><strong>magnitudini</strong></span> <span class='ocrx_word' id='word_1_405' title='bbox 1486 3915 1689 3968; x_wconf 88' lang='lat' dir='ltr'><strong>virium</strong></span> <span class='ocrx_word' id='word_1_406' title='bbox 1718 3914 2076 3985; x_wconf 70' lang='lat' dir='ltr'><strong>preportionc</strong></span> 
     </span>
    </p>
   </div>
   <div class='ocr_carea' id='block_1_71' title="bbox 487 4009 2074 4080">
    <p class='ocr_par' dir='ltr' id='par_1_71' title="bbox 487 4009 2074 4080">
     <span class='ocr_line' id='line_1_71' title="bbox 487 4009 2074 4080; baseline -0.003 -16"><span class='ocrx_word' id='word_1_407' title='bbox 487 4011 840 4080; x_wconf 85' lang='lat' dir='ltr'><strong>respondeat.</strong></span> <span class='ocrx_word' id='word_1_408' title='bbox 878 4009 948 4064; x_wconf 83' lang='lat' dir='ltr'><strong>Ut</strong></span> <span class='ocrx_word' id='word_1_409' title='bbox 984 4009 1152 4079; x_wconf 80' lang='lat' dir='ltr'><strong>igitur</strong></span> <span class='ocrx_word' id='word_1_410' title='bbox 1183 4024 1212 4061; x_wconf 90' lang='lat' dir='ltr'><strong>a</strong></span> <span class='ocrx_word' id='word_1_411' title='bbox 1249 4009 1360 4061; x_wconf 88' lang='lat' dir='ltr'><strong>Deo</strong></span> <span class='ocrx_word' id='word_1_412' title='bbox 1407 4009 1563 4076; x_wconf 89' lang='lat' dir='ltr'><strong>quasi</strong></span> <span class='ocrx_word' id='word_1_413' title='bbox 1617 4024 1715 4077; x_wconf 86' lang='lat' dir='ltr'><strong>per</strong></span> <span class='ocrx_word' id='word_1_414' title='bbox 1762 4023 2074 4078; x_wconf 61' lang='lat' dir='ltr'><strong>pricconem</strong></span> 
     </span>
    </p>
   </div>
   <div class='ocr_carea' id='block_1_72' title="bbox 484 4101 2074 4171">
    <p class='ocr_par' dir='ltr' id='par_1_72' title="bbox 484 4101 2074 4171">
     <span class='ocr_line' id='line_1_72' title="bbox 484 4101 2074 4171; baseline -0.002 -13"><span class='ocrx_word' id='word_1_415' title='bbox 484 4106 666 4158; x_wconf 87' lang='lat' dir='ltr'><strong>victor</strong></span> <span class='ocrx_word' id='word_1_416' title='bbox 707 4103 1033 4166; x_wconf 81' lang='lat' dir='ltr'><strong>declareris,</strong></span> <span class='ocrx_word' id='word_1_417' title='bbox 1067 4117 1272 4156; x_wconf 83' lang='lat' dir='ltr'><strong>corona</strong></span> <span class='ocrx_word' id='word_1_418' title='bbox 1306 4101 1494 4155; x_wconf 79' lang='lat' dir='ltr'><strong>invicti</strong></span> <span class='ocrx_word' id='word_1_419' title='bbox 1529 4101 1744 4170; x_wconf 87' lang='lat' dir='ltr'><strong>imperii</strong></span> <span class='ocrx_word' id='word_1_420' title='bbox 1785 4110 1880 4155; x_wconf 90' lang='lat' dir='ltr'><strong>tuo</strong></span> <span class='ocrx_word' id='word_1_421' title='bbox 1909 4103 2074 4171; x_wconf 87' lang='lat' dir='ltr'><strong>capiti</strong></span> 
     </span>
    </p>
   </div>
   <div class='ocr_carea' id='block_1_73' title="bbox 485 4193 2078 4266">
    <p class='ocr_par' dir='ltr' id='par_1_73' title="bbox 485 4193 2078 4266">
     <span class='ocr_line' id='line_1_73' title="bbox 485 4193 2078 4266; baseline 0 -17"><span class='ocrx_word' id='word_1_422' title='bbox 485 4196 738 4266; x_wconf 87' lang='lat' dir='ltr'><strong>imposita</strong></span> <span class='ocrx_word' id='word_1_423' title='bbox 765 4237 778 4259; x_wconf 94' lang='lat'><strong>,</strong></span> <span class='ocrx_word' id='word_1_424' title='bbox 811 4210 1072 4248; x_wconf 90' lang='lat' dir='ltr'><strong>coronam</strong></span> <span class='ocrx_word' id='word_1_425' title='bbox 1105 4194 1273 4248; x_wconf 88' lang='lat' dir='ltr'><strong>etiam</strong></span> <span class='ocrx_word' id='word_1_426' title='bbox 1306 4193 1685 4248; x_wconf 75' lang='lat' dir='ltr'><strong>beneﬁcentia:</strong></span> <span class='ocrx_word' id='word_1_427' title='bbox 1705 4209 1833 4265; x_wconf 87' lang='lat' dir='ltr'><strong>erga</strong></span> <span class='ocrx_word' id='word_1_428' title='bbox 1873 4210 2078 4264; x_wconf 86' lang='lat' dir='ltr'><strong>paupe-</strong></span> 
     </span>
    </p>
   </div>
   <div class='ocr_carea' id='block_1_74' title="bbox 485 4286 897 4356">
    <p class='ocr_par' dir='ltr' id='par_1_74' title="bbox 485 4286 897 4356">
     <span class='ocr_line' id='line_1_74' title="bbox 485 4286 897 4356; baseline -0.01 -13"><span class='ocrx_word' id='word_1_429' title='bbox 485 4303 574 4343; x_wconf 82' lang='lat' dir='ltr'><strong>res</strong></span> <span class='ocrx_word' id='word_1_430' title='bbox 598 4286 897 4356; x_wconf 84' lang='lat' dir='ltr'><strong>acquirito.</strong></span> 
     </span>
    </p>
   </div>
   <div class='ocr_carea' id='block_1_75' title="bbox 1111 4397 1412 4454">
    <p class='ocr_par' dir='ltr' id='par_1_75' title="bbox 1111 4397 1412 4454">
     <span class='ocr_line' id='line_1_75' title="bbox 1111 4397 1412 4454; baseline -0.01 0"><span class='ocrx_word' id='word_1_431' title='bbox 1111 4397 1264 4454; x_wconf 80' lang='lat' dir='ltr'><strong>CAP.</strong></span> <span class='ocrx_word' id='word_1_432' title='bbox 1300 4398 1412 4452; x_wconf 87' lang='lat' dir='ltr'><strong>LIV</strong></span> 
     </span>
    </p>
   </div>
   <div class='ocr_carea' id='block_1_76' title="bbox 554 4489 2075 4562">
    <p class='ocr_par' dir='ltr' id='par_1_76' title="bbox 554 4489 2075 4562">
     <span class='ocr_line' id='line_1_76' title="bbox 554 4489 2075 4562; baseline -0.001 -14"><span class='ocrx_word' id='word_1_433' title='bbox 554 4492 946 4561; x_wconf 88' lang='lat' dir='ltr'><strong>Contemplare</strong></span> <span class='ocrx_word' id='word_1_434' title='bbox 985 4492 1127 4546; x_wconf 88' lang='lat' dir='ltr'><strong>bene</strong></span> <span class='ocrx_word' id='word_1_435' title='bbox 1192 4492 1515 4562; x_wconf 82' lang='lat' dir='ltr'><strong>priusquam</strong></span> <span class='ocrx_word' id='word_1_436' title='bbox 1551 4490 1780 4546; x_wconf 87' lang='lat' dir='ltr'><strong>mandes</strong></span> <span class='ocrx_word' id='word_1_437' title='bbox 1806 4505 1930 4560; x_wconf 72' lang='lat' dir='ltr'><strong>qua:</strong></span> <span class='ocrx_word' id='word_1_438' title='bbox 1959 4489 2075 4546; x_wconf 83' lang='lat' dir='ltr'><strong>ﬁeri</strong></span> 
     </span>
    </p>
   </div>
   <div class='ocr_carea' id='block_1_77' title="bbox 482 4584 2073 4654">
    <p class='ocr_par' dir='ltr' id='par_1_77' title="bbox 482 4584 2073 4654">
     <span class='ocr_line' id='line_1_77' title="bbox 482 4584 2073 4654; baseline 0 -15"><span class='ocrx_word' id='word_1_439' title='bbox 482 4586 622 4639; x_wconf 87' lang='lat' dir='ltr'><strong>velis</strong></span> <span class='ocrx_word' id='word_1_440' title='bbox 657 4604 670 4638; x_wconf 91' lang='lat'><strong>:</strong></span> <span class='ocrx_word' id='word_1_441' title='bbox 701 4587 781 4638; x_wconf 91' lang='lat' dir='ltr'><strong>sic</strong></span> <span class='ocrx_word' id='word_1_442' title='bbox 815 4586 908 4639; x_wconf 85' lang='lat' dir='ltr'><strong>lict</strong></span> <span class='ocrx_word' id='word_1_443' title='bbox 939 4592 998 4637; x_wconf 85' lang='lat' dir='ltr'><strong>ut.</strong></span> <span class='ocrx_word' id='word_1_444' title='bbox 1030 4601 1250 4654; x_wconf 87' lang='lat' dir='ltr'><strong>semper</strong></span> <span class='ocrx_word' id='word_1_445' title='bbox 1282 4585 1591 4653; x_wconf 88' lang='lat' dir='ltr'><strong>prudenter</strong></span> <span class='ocrx_word' id='word_1_446' title='bbox 1612 4584 1810 4653; x_wconf 85' lang='lat' dir='ltr'><strong>jubeas</strong></span> <span class='ocrx_word' id='word_1_447' title='bbox 1837 4600 1959 4654; x_wconf 69' lang='lat' dir='ltr'><strong>quze</strong></span> <span class='ocrx_word' id='word_1_448' title='bbox 1993 4584 2073 4639; x_wconf 86' lang='lat' dir='ltr'><strong>l&#39;as</strong></span> 
     </span>
    </p>
   </div>
   <div class='ocr_carea' id='block_1_78' title="bbox 484 4673 2071 4744">
    <p class='ocr_par' dir='ltr' id='par_1_78' title="bbox 484 4673 2071 4744">
     <span class='ocr_line' id='line_1_78' title="bbox 484 4673 2071 4744; baseline -0.001 -14"><span class='ocrx_word' id='word_1_449' title='bbox 484 4684 612 4730; x_wconf 87' lang='lat' dir='ltr'><strong>est:</strong></span> <span class='ocrx_word' id='word_1_450' title='bbox 647 4675 923 4728; x_wconf 84' lang='lat' dir='ltr'><strong>lubricum</strong></span> <span class='ocrx_word' id='word_1_451' title='bbox 985 4673 1131 4727; x_wconf 85' lang='lat' dir='ltr'><strong>enim</strong></span> <span class='ocrx_word' id='word_1_452' title='bbox 1189 4683 1275 4728; x_wconf 88' lang='lat' dir='ltr'><strong>est</strong></span> <span class='ocrx_word' id='word_1_453' title='bbox 1335 4673 1768 4728; x_wconf 86' lang='lat' dir='ltr'><strong>instrumentum</strong></span> <span class='ocrx_word' id='word_1_454' title='bbox 1847 4675 2071 4744; x_wconf 80' lang='lat' dir='ltr'><strong>linguae,</strong></span> 
     </span>
    </p>
   </div>
   <div class='ocr_carea' id='block_1_79' title="bbox 485 4765 2074 4836">
    <p class='ocr_par' dir='ltr' id='par_1_79' title="bbox 485 4765 2074 4836">
     <span class='ocr_line' id='line_1_79' title="bbox 485 4765 2074 4836; baseline 0.001 -16"><span class='ocrx_word' id='word_1_455' title='bbox 485 4767 896 4835; x_wconf 70' lang='lat' dir='ltr'><strong>maximumque</strong></span> <span class='ocrx_word' id='word_1_456' title='bbox 917 4767 1078 4820; x_wconf 78' lang='lat' dir='ltr'><strong>all&#39;ert</strong></span> <span class='ocrx_word' id='word_1_457' title='bbox 1106 4765 1515 4836; x_wconf 80' lang='lat' dir='ltr'><strong>negligentibus</strong></span> <span class='ocrx_word' id='word_1_458' title='bbox 1539 4766 1851 4834; x_wconf 88' lang='lat' dir='ltr'><strong>perieulum</strong></span> <span class='ocrx_word' id='word_1_459' title='bbox 1884 4784 1896 4818; x_wconf 87' lang='lat'>:</span> <span class='ocrx_word' id='word_1_460' title='bbox 1923 4766 2074 4836; x_wconf 88' lang='lat' dir='ltr'><strong>quod</strong></span> 
     </span>
    </p>
   </div>
   <div class='ocr_carea' id='block_1_80' title="bbox 485 4855 2074 4928">
    <p class='ocr_par' dir='ltr' id='par_1_80' title="bbox 485 4855 2074 4928">
     <span class='ocr_line' id='line_1_80' title="bbox 485 4855 2074 4928; baseline -0.001 -15"><span class='ocrx_word' id='word_1_461' title='bbox 485 4859 531 4913; x_wconf 91' lang='lat' dir='ltr'><strong>si</strong></span> <span class='ocrx_word' id='word_1_462' title='bbox 564 4859 713 4928; x_wconf 90' lang='lat' dir='ltr'><strong>pium</strong></span> <span class='ocrx_word' id='word_1_463' title='bbox 755 4857 1097 4911; x_wconf 83' lang='lat' dir='ltr'><strong>intellectum</strong></span> <span class='ocrx_word' id='word_1_464' title='bbox 1143 4857 1298 4910; x_wconf 90' lang='lat' dir='ltr'><strong>velut</strong></span> <span class='ocrx_word' id='word_1_465' title='bbox 1323 4855 1590 4910; x_wconf 85' lang='lat' dir='ltr'><strong>musicam</strong></span> <span class='ocrx_word' id='word_1_466' title='bbox 1626 4856 1701 4910; x_wconf 92' lang='lat' dir='ltr'><strong>illi</strong></span> <span class='ocrx_word' id='word_1_467' title='bbox 1735 4856 2074 4925; x_wconf 65' lang='lat' dir='ltr'><strong>plmfeceris,</strong></span> 
     </span>
    </p>
   </div>
   <div class='ocr_carea' id='block_1_81' title="bbox 485 4947 2078 5004">
    <p class='ocr_par' dir='ltr' id='par_1_81' title="bbox 485 4947 2078 5004">
     <span class='ocr_line' id='line_1_81' title="bbox 485 4947 2078 5004; baseline -0.001 0"><span class='ocrx_word' id='word_1_468' title='bbox 485 4950 750 5004; x_wconf 90' lang='lat' dir='ltr'><strong>omnibus</strong></span> <span class='ocrx_word' id='word_1_469' title='bbox 779 4949 1080 5004; x_wconf 65' lang='lat' dir='ltr'><strong>harmoniae</strong></span> <span class='ocrx_word' id='word_1_470' title='bbox 1114 4949 1363 5004; x_wconf 86' lang='lat' dir='ltr'><strong>numeris</strong></span> <span class='ocrx_word' id='word_1_471' title='bbox 1401 4947 1794 5004; x_wconf 88' lang='lat' dir='ltr'><strong>concinnatum</strong></span> <span class='ocrx_word' id='word_1_472' title='bbox 1826 4949 2078 5003; x_wconf 90' lang='lat' dir='ltr'><strong>modula-</strong></span> 
     </span>
    </p>
   </div>
   <div class='ocr_carea' id='block_1_82' title="bbox 485 5039 877 5096">
    <p class='ocr_par' dir='ltr' id='par_1_82' title="bbox 485 5039 877 5096">
     <span class='ocr_line' id='line_1_82' title="bbox 485 5039 877 5096; baseline -0.008 -1"><span class='ocrx_word' id='word_1_473' title='bbox 485 5040 638 5096; x_wconf 89' lang='lat' dir='ltr'><strong>bitur</strong></span> <span class='ocrx_word' id='word_1_474' title='bbox 680 5039 877 5094; x_wconf 89' lang='lat' dir='ltr'><strong>melos.</strong></span> 
     </span>
    </p>
   </div>
   <div class='ocr_carea' id='block_1_83' title="bbox 1125 5153 1428 5210">
    <p class='ocr_par' dir='ltr' id='par_1_83' title="bbox 1125 5153 1428 5210">
     <span class='ocr_line' id='line_1_83' title="bbox 1125 5153 1428 5210; baseline -0.01 0"><span class='ocrx_word' id='word_1_475' title='bbox 1125 5153 1282 5210; x_wconf 90' lang='lat' dir='ltr'><strong>CAP.</strong></span> <span class='ocrx_word' id='word_1_476' title='bbox 1318 5153 1428 5208; x_wconf 85' lang='lat' dir='ltr'><strong>LV.</strong></span> 
     </span>
    </p>
   </div>
   <div class='ocr_carea' id='block_1_84' title="bbox 557 5244 2073 5318">
    <p class='ocr_par' dir='ltr' id='par_1_84' title="bbox 557 5244 2073 5318">
     <span class='ocr_line' id='line_1_84' title="bbox 557 5244 2073 5318; baseline -0.003 -15"><span class='ocrx_word' id='word_1_477' title='bbox 557 5248 798 5304; x_wconf 77' lang='lat' dir='ltr'><strong>Acutum</strong></span> <span class='ocrx_word' id='word_1_478' title='bbox 829 5247 1055 5318; x_wconf 83' lang='lat' dir='ltr'><strong>quidem</strong></span> <span class='ocrx_word' id='word_1_479' title='bbox 1087 5263 1208 5303; x_wconf 89' lang='lat' dir='ltr'><strong>esse</strong></span> <span class='ocrx_word' id='word_1_480' title='bbox 1244 5255 1463 5318; x_wconf 91' lang='lat' dir='ltr'><strong>oportet</strong></span> <span class='ocrx_word' id='word_1_481' title='bbox 1490 5244 1798 5317; x_wconf 89' lang='lat' dir='ltr'><strong>principem</strong></span> <span class='ocrx_word' id='word_1_482' title='bbox 1843 5259 1967 5300; x_wconf 87' lang='lat' dir='ltr'><strong>eum</strong></span> <span class='ocrx_word' id='word_1_483' title='bbox 2016 5245 2073 5298; x_wconf 91' lang='lat' dir='ltr'><strong>in</strong></span> 
     </span>
    </p>
   </div>
   <div class='ocr_carea' id='block_1_85' title="bbox 486 5337 2075 5411">
    <p class='ocr_par' dir='ltr' id='par_1_85' title="bbox 486 5337 2075 5411">
     <span class='ocr_line' id='line_1_85' title="bbox 486 5337 2075 5411; baseline -0.003 -16"><span class='ocrx_word' id='word_1_484' title='bbox 486 5343 612 5396; x_wconf 84' lang='lat' dir='ltr'><strong>aliis</strong></span> <span class='ocrx_word' id='word_1_485' title='bbox 638 5351 752 5397; x_wconf 89' lang='lat' dir='ltr'><strong>tum</strong></span> <span class='ocrx_word' id='word_1_486' title='bbox 785 5341 872 5396; x_wconf 85' lang='lat' dir='ltr'><strong>vel</strong></span> <span class='ocrx_word' id='word_1_487' title='bbox 908 5341 1149 5396; x_wconf 76' lang='lat' dir='ltr'><strong>maxime</strong></span> <span class='ocrx_word' id='word_1_488' title='bbox 1186 5341 1240 5395; x_wconf 93' lang='lat' dir='ltr'><strong>in</strong></span> <span class='ocrx_word' id='word_1_489' title='bbox 1273 5339 1608 5411; x_wconf 81' lang='lat' dir='ltr'><strong>proferendo</strong></span> <span class='ocrx_word' id='word_1_490' title='bbox 1636 5339 1705 5394; x_wconf 90' lang='lat' dir='ltr'><strong>de</strong></span> <span class='ocrx_word' id='word_1_491' title='bbox 1733 5339 1899 5393; x_wconf 78' lang='lat' dir='ltr'><strong>rebus</strong></span> <span class='ocrx_word' id='word_1_492' title='bbox 1929 5337 2075 5392; x_wconf 85' lang='lat' dir='ltr'><strong>dilli-</strong></span> 
     </span>
    </p>
   </div>
   <div class='ocr_carea' id='block_1_86' title="bbox 489 5431 2072 5506">
    <p class='ocr_par' dir='ltr' id='par_1_86' title="bbox 489 5431 2072 5506">
     <span class='ocr_line' id='line_1_86' title="bbox 489 5431 2072 5506; baseline -0.003 -18"><span class='ocrx_word' id='word_1_493' title='bbox 489 5434 714 5489; x_wconf 88' lang='lat' dir='ltr'><strong>eillimis</strong></span> <span class='ocrx_word' id='word_1_494' title='bbox 749 5433 1008 5506; x_wconf 85' lang='lat' dir='ltr'><strong>judicio:</strong></span> <span class='ocrx_word' id='word_1_495' title='bbox 1047 5434 1259 5490; x_wconf 80' lang='lat' dir='ltr'><strong>lentum</strong></span> <span class='ocrx_word' id='word_1_496' title='bbox 1301 5439 1487 5487; x_wconf 89' lang='lat' dir='ltr'><strong>autem</strong></span> <span class='ocrx_word' id='word_1_497' title='bbox 1524 5431 1683 5486; x_wconf 88' lang='lat' dir='ltr'><strong>valde</strong></span> <span class='ocrx_word' id='word_1_498' title='bbox 1727 5431 1793 5485; x_wconf 91' lang='lat' dir='ltr'><strong>ad</strong></span> <span class='ocrx_word' id='word_1_499' title='bbox 1827 5431 2072 5486; x_wconf 88' lang='lat' dir='ltr'><strong>irascen-</strong></span> 
     </span>
    </p>
   </div>
   <div class='ocr_carea' id='block_1_87' title="bbox 489 5524 2076 5596">
    <p class='ocr_par' dir='ltr' id='par_1_87' title="bbox 489 5524 2076 5596">
     <span class='ocr_line' id='line_1_87' title="bbox 489 5524 2076 5596; baseline -0.001 -19"><span class='ocrx_word' id='word_1_500' title='bbox 489 5525 643 5580; x_wconf 90' lang='lat' dir='ltr'><strong>dum.</strong></span> <span class='ocrx_word' id='word_1_501' title='bbox 686 5527 754 5581; x_wconf 89' lang='lat' dir='ltr'><strong>Et</strong></span> <span class='ocrx_word' id='word_1_502' title='bbox 777 5527 1040 5596; x_wconf 89' lang='lat' dir='ltr'><strong>quoniam</strong></span> <span class='ocrx_word' id='word_1_503' title='bbox 1077 5525 1393 5580; x_wconf 90' lang='lat' dir='ltr'><strong>omnimoda</strong></span> <span class='ocrx_word' id='word_1_504' title='bbox 1431 5525 1527 5579; x_wconf 83' lang='lat' dir='ltr'><strong>irae</strong></span> <span class='ocrx_word' id='word_1_505' title='bbox 1573 5524 1821 5579; x_wconf 88' lang='lat' dir='ltr'><strong>absentia</strong></span> <span class='ocrx_word' id='word_1_506' title='bbox 1881 5538 2076 5593; x_wconf 87' lang='lat' dir='ltr'><strong>asper-</strong></span> 
     </span>
    </p>
   </div>
   <div class='ocr_carea' id='block_1_88' title="bbox 490 5618 2077 5686">
    <p class='ocr_par' dir='ltr' id='par_1_88' title="bbox 490 5618 2077 5686">
     <span class='ocr_line' id='line_1_88' title="bbox 490 5618 2077 5686; baseline -0.003 -13"><span class='ocrx_word' id='word_1_507' title='bbox 490 5619 693 5674; x_wconf 84' lang='lat' dir='ltr'><strong>nabilis</strong></span> <span class='ocrx_word' id='word_1_508' title='bbox 745 5627 866 5686; x_wconf 87' lang='lat' dir='ltr'><strong>est,</strong></span> <span class='ocrx_word' id='word_1_509' title='bbox 929 5629 988 5675; x_wconf 88' lang='lat' dir='ltr'><strong>et</strong></span> <span class='ocrx_word' id='word_1_510' title='bbox 1043 5620 1316 5675; x_wconf 87' lang='lat' dir='ltr'><strong>irascatur</strong></span> <span class='ocrx_word' id='word_1_511' title='bbox 1372 5618 1730 5674; x_wconf 89' lang='lat' dir='ltr'><strong>mediocriter</strong></span> <span class='ocrx_word' id='word_1_512' title='bbox 1763 5658 1780 5684; x_wconf 94' lang='lat'><strong>,</strong></span> <span class='ocrx_word' id='word_1_513' title='bbox 1847 5625 1908 5674; x_wconf 86' lang='lat' dir='ltr'><strong>et</strong></span> <span class='ocrx_word' id='word_1_514' title='bbox 1964 5630 2077 5670; x_wconf 86' lang='lat' dir='ltr'><strong>non</strong></span> 
     </span>
    </p>
   </div>
   <div class='ocr_carea' id='block_1_89' title="bbox 2109 4573 2149 4627">
    <p class='ocr_par' dir='ltr' id='par_1_89' title="bbox 2109 4573 2149 4627">
     <span class='ocr_line' id='line_1_89' title="bbox 2109 4573 2149 4627; baseline 0 0"><span class='ocrx_word' id='word_1_515' title='bbox 2109 4573 2149 4627; x_wconf 91' lang='lat' dir='ltr'>D</span> 
     </span>
    </p>
   </div>
   <div class='ocr_carea' id='block_1_90' title="bbox 2171 3339 3767 3416">
    <p class='ocr_par' dir='ltr' id='par_1_90' title="bbox 2171 3339 3767 3416">
     <span class='ocr_line' id='line_1_90' title="bbox 2171 3339 3767 3416; baseline -0.004 -18"><span class='ocrx_word' id='word_1_516' title='bbox 2171 3344 2670 3415; x_wconf 76' lang='grc' dir='ltr'>ἀπαλλαττόμενοι,</span> <span class='ocrx_word' id='word_1_517' title='bbox 2693 3342 3149 3416; x_wconf 83' lang='grc' dir='ltr'>εὐχαριστηρίους</span> <span class='ocrx_word' id='word_1_518' title='bbox 3173 3343 3377 3415; x_wconf 74' lang='grc' dir='ltr'>ἶμνους</span> <span class='ocrx_word' id='word_1_519' title='bbox 3404 3359 3486 3396; x_wconf 89' lang='grc' dir='ltr'><strong>σοι</strong></span> <span class='ocrx_word' id='word_1_520' title='bbox 3515 3339 3767 3410; x_wconf 77' lang='grc' dir='ltr'>ἀναπέμ-</span> 
     </span>
    </p>
   </div>
   <div class='ocr_carea' id='block_1_91' title="bbox 2173 3454 2390 3492">
    <p class='ocr_par' dir='ltr' id='par_1_91' title="bbox 2173 3454 2390 3492">
     <span class='ocr_line' id='line_1_91' title="bbox 2173 3454 2390 3492; baseline 0.009 -2"><span class='ocrx_word' id='word_1_521' title='bbox 2173 3455 2275 3491; x_wconf 88' lang='grc' dir='ltr'><strong>που</strong></span> <span class='ocrx_word' id='word_1_522' title='bbox 2286 3454 2390 3492; x_wconf 88' lang='grc' dir='ltr'>σιν.</span> 
     </span>
    </p>
   </div>
   <div class='ocr_carea' id='block_1_92' title="bbox 2768 3551 3182 3608">
    <p class='ocr_par' dir='ltr' id='par_1_92' title="bbox 2768 3551 3182 3608">
     <span class='ocr_line' id='line_1_92' title="bbox 2768 3551 3182 3608; baseline 0.007 -3"><span class='ocrx_word' id='word_1_523' title='bbox 2768 3552 3021 3605; x_wconf 73' lang='grc' dir='ltr'><strong>ΚΕΦΑΛ.</strong></span> <span class='ocrx_word' id='word_1_524' title='bbox 3052 3551 3182 3608; x_wconf 69' lang='lat' dir='ltr'><strong>Nl&quot;.</strong></span> 
     </span>
    </p>
   </div>
   <div class='ocr_carea' id='block_1_93' title="bbox 2246 3634 3767 3714">
    <p class='ocr_par' dir='ltr' id='par_1_93' title="bbox 2246 3634 3767 3714">
     <span class='ocr_line' id='line_1_93' title="bbox 2246 3634 3767 3714; baseline -0.005 -19"><span class='ocrx_word' id='word_1_525' title='bbox 2246 3643 2412 3696; x_wconf 83' lang='grc' dir='ltr'>’ὐσον</span> <span class='ocrx_word' id='word_1_526' title='bbox 2453 3645 2520 3714; x_wconf 79' lang='grc' dir='ltr'>τῇ</span> <span class='ocrx_word' id='word_1_527' title='bbox 2555 3642 2846 3712; x_wconf 72' lang='grc' dir='ltr'><strong>δυναστείᾳ⁵</strong></span> <span class='ocrx_word' id='word_1_528' title='bbox 2882 3642 3100 3695; x_wconf 79' lang='grc' dir='ltr'>πάντων</span> <span class='ocrx_word' id='word_1_529' title='bbox 3151 3638 3533 3710; x_wconf 83' lang='grc' dir='ltr'>ὐπερανέχεις,</span> <span class='ocrx_word' id='word_1_530' title='bbox 3575 3634 3767 3690; x_wconf 78' lang='grc' dir='ltr'>τοσοῦ-</span> 
     </span>
    </p>
   </div>
   <div class='ocr_carea' id='block_1_94' title="bbox 2174 3727 3765 3806">
    <p class='ocr_par' dir='ltr' id='par_1_94' title="bbox 2174 3727 3765 3806">
     <span class='ocr_line' id='line_1_94' title="bbox 2174 3727 3765 3806; baseline -0.005 -17"><span class='ocrx_word' id='word_1_531' title='bbox 2174 3755 2264 3790; x_wconf 85' lang='grc' dir='ltr'><strong>τον</strong></span> <span class='ocrx_word' id='word_1_532' title='bbox 2292 3736 2388 3788; x_wconf 75' lang='grc' dir='ltr'>καὶ</span> <span class='ocrx_word' id='word_1_533' title='bbox 2429 3739 2544 3800; x_wconf 81' lang='grc' dir='ltr'>τοῖς</span> <span class='ocrx_word' id='word_1_534' title='bbox 2573 3735 2757 3806; x_wconf 81' lang='grc' dir='ltr'>ἔργοις</span> <span class='ocrx_word' id='word_1_535' title='bbox 2798 3734 3181 3805; x_wconf 77' lang='grc' dir='ltr'>ὑπερλάμπειν</span> <span class='ocrx_word' id='word_1_536' title='bbox 3217 3732 3486 3799; x_wconf 75' lang='grc' dir='ltr'>ἀγωνίζου</span> <span class='ocrx_word' id='word_1_537' title='bbox 3519 3747 3533 3760; x_wconf 85' lang='lat'><strong>&#39;</strong></span> <span class='ocrx_word' id='word_1_538' title='bbox 3570 3727 3765 3783; x_wconf 77' lang='grc' dir='ltr'>ἀναλο-</span> 
     </span>
    </p>
   </div>
   <div class='ocr_carea' id='block_1_95' title="bbox 2175 3822 3769 3900">
    <p class='ocr_par' dir='ltr' id='par_1_95' title="bbox 2175 3822 3769 3900">
     <span class='ocr_line' id='line_1_95' title="bbox 2175 3822 3769 3900; baseline -0.005 -18"><span class='ocrx_word' id='word_1_539' title='bbox 2175 3830 2378 3898; x_wconf 74' lang='grc' dir='ltr'>γοῦσαν</span> <span class='ocrx_word' id='word_1_540' title='bbox 2408 3829 2518 3900; x_wconf 79' lang='grc' dir='ltr'>γὰρ</span> <span class='ocrx_word' id='word_1_541' title='bbox 2555 3829 2634 3899; x_wconf 78' lang='grc' dir='ltr'>τῷ</span> <span class='ocrx_word' id='word_1_542' title='bbox 2667 3829 2888 3900; x_wconf 79' lang='grc' dir='ltr'>μεγέθει</span> <span class='ocrx_word' id='word_1_543' title='bbox 2922 3828 3024 3896; x_wconf 73' lang='grc' dir='ltr'>τῆς</span> <span class='ocrx_word' id='word_1_544' title='bbox 3053 3826 3337 3897; x_wconf 84' lang='grc' dir='ltr'>δυνάμεως</span> <span class='ocrx_word' id='word_1_545' title='bbox 3375 3825 3472 3894; x_wconf 81' lang='grc' dir='ltr'>τὴν</span> <span class='ocrx_word' id='word_1_546' title='bbox 3499 3822 3769 3894; x_wconf 76' lang='grc' dir='ltr'>ἐργασίαν</span> 
     </span>
    </p>
   </div>
   <div class='ocr_carea' id='block_1_96' title="bbox 2175 3918 3770 3992">
    <p class='ocr_par' dir='ltr' id='par_1_96' title="bbox 2175 3918 3770 3992">
     <span class='ocr_line' id='line_1_96' title="bbox 2175 3918 3770 3992; baseline -0.004 -18"><span class='ocrx_word' id='word_1_547' title='bbox 2175 3925 2283 3975; x_wconf 76' lang='grc' dir='ltr'>τῶν</span> <span class='ocrx_word' id='word_1_548' title='bbox 2305 3923 2486 3977; x_wconf 82' lang='grc' dir='ltr'>καλῶν</span> <span class='ocrx_word' id='word_1_549' title='bbox 2519 3921 2868 3976; x_wconf 79' lang='grc' dir='ltr'>ἀπαιτεῖσθαι</span> <span class='ocrx_word' id='word_1_550' title='bbox 2899 3921 3291 3992; x_wconf 70' lang='grc' dir='ltr'>προσῖόκησον.</span> <span class='ocrx_word' id='word_1_551' title='bbox 3320 3919 3439 3971; x_wconf 81' lang='grc' dir='ltr'>Ἵνα</span> <span class='ocrx_word' id='word_1_552' title='bbox 3458 3918 3638 3970; x_wconf 87' lang='grc' dir='ltr'>τοίνυν</span> <span class='ocrx_word' id='word_1_553' title='bbox 3663 3933 3770 3968; x_wconf 75' lang='grc' dir='ltr'>πα-</span> 
     </span>
    </p>
   </div>
   <div class='ocr_carea' id='block_1_97' title="bbox 2179 4009 3768 4088">
    <p class='ocr_par' dir='ltr' id='par_1_97' title="bbox 2179 4009 3768 4088">
     <span class='ocr_line' id='line_1_97' title="bbox 2179 4009 3768 4088; baseline -0.006 -19"><span class='ocrx_word' id='word_1_554' title='bbox 2179 4018 2249 4088; x_wconf 66' lang='grc' dir='ltr'>ρὰ</span> <span class='ocrx_word' id='word_1_555' title='bbox 2276 4016 2412 4069; x_wconf 81' lang='grc' dir='ltr'>Θεοῦ</span> <span class='ocrx_word' id='word_1_556' title='bbox 2464 4015 2876 4087; x_wconf 77' lang='grc' dir='ltr'>ἀνακηρυχθῇς,</span> <span class='ocrx_word' id='word_1_557' title='bbox 2912 4014 3053 4084; x_wconf 76' lang='grc' dir='ltr'>μετὰ</span> <span class='ocrx_word' id='word_1_558' title='bbox 3079 4013 3169 4066; x_wconf 74' lang='grc' dir='ltr'>τοῦ</span> <span class='ocrx_word' id='word_1_559' title='bbox 3204 4011 3469 4080; x_wconf 78' lang='grc' dir='ltr'>στεφάνου</span> <span class='ocrx_word' id='word_1_560' title='bbox 3502 4013 3599 4080; x_wconf 77' lang='grc' dir='ltr'><strong>τῆς</strong></span> <span class='ocrx_word' id='word_1_561' title='bbox 3627 4009 3768 4080; x_wconf 74' lang='grc' dir='ltr'>ἀητ-</span> 
     </span>
    </p>
   </div>
   <div class='ocr_carea' id='block_1_98' title="bbox 2177 4100 3768 4178">
    <p class='ocr_par' dir='ltr' id='par_1_98' title="bbox 2177 4100 3768 4178">
     <span class='ocr_line' id='line_1_98' title="bbox 2177 4100 3768 4178; baseline -0.006 -18"><span class='ocrx_word' id='word_1_562' title='bbox 2177 4110 2338 4178; x_wconf 81' lang='grc' dir='ltr'>τήτου</span> <span class='ocrx_word' id='word_1_563' title='bbox 2369 4107 2667 4177; x_wconf 82' lang='grc' dir='ltr'>βασιλείας,</span> <span class='ocrx_word' id='word_1_564' title='bbox 2699 4107 2900 4178; x_wconf 82' lang='grc' dir='ltr'>κτῆσαι</span> <span class='ocrx_word' id='word_1_565' title='bbox 2931 4107 3025 4158; x_wconf 72' lang='grc' dir='ltr'><strong>καὶ</strong></span> <span class='ocrx_word' id='word_1_566' title='bbox 3056 4105 3117 4157; x_wconf 82' lang='grc' dir='ltr'>τὸ</span> <span class='ocrx_word' id='word_1_567' title='bbox 3155 4103 3377 4174; x_wconf 82' lang='grc' dir='ltr'>στέμμα</span> <span class='ocrx_word' id='word_1_568' title='bbox 3408 4101 3508 4172; x_wconf 79' lang='grc' dir='ltr'>τῆς</span> <span class='ocrx_word' id='word_1_569' title='bbox 3535 4100 3643 4154; x_wconf 77' lang='grc' dir='ltr'>τῶν</span> <span class='ocrx_word' id='word_1_570' title='bbox 3670 4117 3768 4152; x_wconf 64' lang='grc' dir='ltr'>περ</span> 
     </span>
    </p>
   </div>
   <div class='ocr_carea' id='block_1_99' title="bbox 2177 4198 2658 4269">
    <p class='ocr_par' dir='ltr' id='par_1_99' title="bbox 2177 4198 2658 4269">
     <span class='ocr_line' id='line_1_99' title="bbox 2177 4198 2658 4269; baseline 0 -19"><span class='ocrx_word' id='word_1_571' title='bbox 2177 4199 2352 4269; x_wconf 83' lang='grc' dir='ltr'>νήτων</span> <span class='ocrx_word' id='word_1_572' title='bbox 2384 4198 2658 4260; x_wconf 76' lang='grc' dir='ltr'>εὐποιίας.</span> 
     </span>
    </p>
   </div>
   <div class='ocr_carea' id='block_1_100' title="bbox 2747 4394 3178 4452">
    <p class='ocr_par' dir='ltr' id='par_1_100' title="bbox 2747 4394 3178 4452">
     <span class='ocr_line' id='line_1_100' title="bbox 2747 4394 3178 4452; baseline 0 0"><span class='ocrx_word' id='word_1_573' title='bbox 2747 4399 3002 4452; x_wconf 71' lang='grc' dir='ltr'><strong>ΚΕΦΛᾹ.</strong></span> <span class='ocrx_word' id='word_1_574' title='bbox 3054 4394 3178 4452; x_wconf 79' lang='grc' dir='ltr'>ΝΔ’.</span> 
     </span>
    </p>
   </div>
   <div class='ocr_carea' id='block_1_101' title="bbox 2252 4485 3773 4568">
    <p class='ocr_par' dir='ltr' id='par_1_101' title="bbox 2252 4485 3773 4568">
     <span class='ocr_line' id='line_1_101' title="bbox 2252 4485 3773 4568; baseline -0.009 -17"><span class='ocrx_word' id='word_1_575' title='bbox 2252 4496 2491 4550; x_wconf 83' lang='grc' dir='ltr'>Σκέπτου</span> <span class='ocrx_word' id='word_1_576' title='bbox 2525 4496 2657 4568; x_wconf 77' lang='grc' dir='ltr'>πρὶν</span> <span class='ocrx_word' id='word_1_577' title='bbox 2683 4494 2991 4548; x_wconf 72' lang='grc' dir='ltr'>ἐπιτάττειν</span> <span class='ocrx_word' id='word_1_578' title='bbox 3018 4491 3053 4544; x_wconf 76' lang='grc' dir='ltr'>ἃ</span> <span class='ocrx_word' id='word_1_579' title='bbox 3083 4490 3280 4553; x_wconf 82' lang='grc' dir='ltr'>θέλεις,</span> <span class='ocrx_word' id='word_1_580' title='bbox 3306 4488 3396 4542; x_wconf 73' lang='grc' dir='ltr'>ἵνα</span> <span class='ocrx_word' id='word_1_581' title='bbox 3426 4485 3773 4559; x_wconf 77' lang='grc' dir='ltr'>προστάττῃς</span> 
     </span>
    </p>
   </div>
   <div class='ocr_carea' id='block_1_102' title="bbox 2180 4579 3771 4663">
    <p class='ocr_par' dir='ltr' id='par_1_102' title="bbox 2180 4579 3771 4663">
     <span class='ocr_line' id='line_1_102' title="bbox 2180 4579 3771 4663; baseline -0.01 -18"><span class='ocrx_word' id='word_1_582' title='bbox 2180 4593 2467 4663; x_wconf 77' lang='grc' dir='ltr'>ἐμφρόνως</span> <span class='ocrx_word' id='word_1_583' title='bbox 2509 4589 2546 4644; x_wconf 77' lang='grc' dir='ltr'>ἃ.</span> <span class='ocrx_word' id='word_1_584' title='bbox 2607 4590 2766 4660; x_wconf 83' lang='grc' dir='ltr'>θέμις</span> <span class='ocrx_word' id='word_1_585' title='bbox 2797 4605 2809 4619; x_wconf 87' lang='grc'><strong>·</strong></span> <span class='ocrx_word' id='word_1_586' title='bbox 2867 4587 3109 4640; x_wconf 84' lang='grc' dir='ltr'>εὐόλιθον</span> <span class='ocrx_word' id='word_1_587' title='bbox 3156 4585 3264 4654; x_wconf 77' lang='grc' dir='ltr'><strong>γὰρ</strong></span> <span class='ocrx_word' id='word_1_588' title='bbox 3301 4582 3361 4636; x_wconf 72' lang='grc' dir='ltr'>τὸ</span> <span class='ocrx_word' id='word_1_589' title='bbox 3383 4582 3480 4650; x_wconf 83' lang='grc' dir='ltr'><strong>τῆς</strong></span> <span class='ocrx_word' id='word_1_590' title='bbox 3521 4579 3771 4649; x_wconf 84' lang='grc' dir='ltr'>γλώττης</span> 
     </span>
    </p>
   </div>
   <div class='ocr_carea' id='block_1_103' title="bbox 2181 4671 3769 4757">
    <p class='ocr_par' dir='ltr' id='par_1_103' title="bbox 2181 4671 3769 4757">
     <span class='ocr_line' id='line_1_103' title="bbox 2181 4671 3769 4757; baseline -0.011 -18"><span class='ocrx_word' id='word_1_591' title='bbox 2181 4687 2434 4757; x_wconf 67' lang='grc' dir='ltr'>ὄργανον,</span> <span class='ocrx_word' id='word_1_592' title='bbox 2469 4686 2562 4737; x_wconf 67' lang='grc' dir='ltr'>καὶ</span> <span class='ocrx_word' id='word_1_593' title='bbox 2591 4684 2847 4754; x_wconf 82' lang='grc' dir='ltr'>μέγιστον</span> <span class='ocrx_word' id='word_1_594' title='bbox 2882 4678 3116 4751; x_wconf 79' lang='grc' dir='ltr'>παρέχει</span> <span class='ocrx_word' id='word_1_595' title='bbox 3155 4681 3262 4738; x_wconf 86' lang='grc' dir='ltr'>τοῖς</span> <span class='ocrx_word' id='word_1_596' title='bbox 3291 4673 3555 4747; x_wconf 80' lang='grc' dir='ltr'>ἀμελοῦσι</span> <span class='ocrx_word' id='word_1_597' title='bbox 3585 4671 3769 4726; x_wconf 86' lang='grc' dir='ltr'>κίνδυ-</span> 
     </span>
    </p>
   </div>
   <div class='ocr_carea' id='block_1_104' title="bbox 2181 4760 3771 4844">
    <p class='ocr_par' dir='ltr' id='par_1_104' title="bbox 2181 4760 3771 4844">
     <span class='ocr_line' id='line_1_104' title="bbox 2181 4760 3771 4844; baseline -0.011 -13"><span class='ocrx_word' id='word_1_598' title='bbox 2181 4796 2291 4831; x_wconf 85' lang='grc' dir='ltr'>νον.</span> <span class='ocrx_word' id='word_1_599' title='bbox 2323 4778 2386 4830; x_wconf 71' lang='lat' dir='ltr'><strong>Et</strong></span> <span class='ocrx_word' id='word_1_600' title='bbox 2415 4776 2471 4829; x_wconf 85' lang='grc' dir='ltr'>δὲ</span> <span class='ocrx_word' id='word_1_601' title='bbox 2500 4776 2592 4828; x_wconf 80' lang='grc' dir='ltr'>τὸν</span> <span class='ocrx_word' id='word_1_602' title='bbox 2619 4774 2819 4844; x_wconf 74' lang='grc' dir='ltr'>εὐσεϐῆ</span> <span class='ocrx_word' id='word_1_603' title='bbox 2851 4769 3111 4840; x_wconf 83' lang='grc' dir='ltr'>λογισμὸν</span> <span class='ocrx_word' id='word_1_604' title='bbox 3147 4769 3220 4831; x_wconf 82' lang='grc' dir='ltr'><strong>ὡς</strong></span> <span class='ocrx_word' id='word_1_605' title='bbox 3253 4766 3521 4838; x_wconf 81' lang='grc' dir='ltr'>μουσικὴν</span> <span class='ocrx_word' id='word_1_606' title='bbox 3549 4760 3771 4832; x_wconf 73' lang='grc' dir='ltr'>ἐπιστή-</span> 
     </span>
    </p>
   </div>
   <div class='ocr_carea' id='block_1_105' title="bbox 2184 4857 3771 4938">
    <p class='ocr_par' dir='ltr' id='par_1_105' title="bbox 2184 4857 3771 4938">
     <span class='ocr_line' id='line_1_105' title="bbox 2184 4857 3771 4938; baseline -0.01 -16"><span class='ocrx_word' id='word_1_607' title='bbox 2184 4887 2295 4932; x_wconf 79' lang='grc' dir='ltr'>σεις</span> <span class='ocrx_word' id='word_1_608' title='bbox 2315 4867 2484 4938; x_wconf 82' lang='grc' dir='ltr'>αὐτῷ,</span> <span class='ocrx_word' id='word_1_609' title='bbox 2512 4869 2572 4921; x_wconf 75' lang='grc' dir='ltr'><strong>τὸ</strong></span> <span class='ocrx_word' id='word_1_610' title='bbox 2600 4865 2973 4938; x_wconf 85' lang='grc' dir='ltr'>παναρμόνιον</span> <span class='ocrx_word' id='word_1_611' title='bbox 3001 4863 3099 4934; x_wconf 77' lang='grc' dir='ltr'><strong>τῆς</strong></span> <span class='ocrx_word' id='word_1_612' title='bbox 3143 4860 3348 4933; x_wconf 79' lang='grc' dir='ltr'>ἀρετῆς</span> <span class='ocrx_word' id='word_1_613' title='bbox 3371 4857 3771 4930; x_wconf 81' lang='grc' dir='ltr'>ἀνακρούσεται</span> 
     </span>
    </p>
   </div>
   <div class='ocr_carea' id='block_1_106' title="bbox 2187 4963 2369 5036">
    <p class='ocr_par' dir='ltr' id='par_1_106' title="bbox 2187 4963 2369 5036">
     <span class='ocr_line' id='line_1_106' title="bbox 2187 4963 2369 5036; baseline -0.016 -19"><span class='ocrx_word' id='word_1_614' title='bbox 2187 4963 2369 5036; x_wconf 86' lang='grc' dir='ltr'>μέλος.</span> 
     </span>
    </p>
   </div>
   <div class='ocr_carea' id='block_1_107' title="bbox 2755 5131 3196 5190">
    <p class='ocr_par' dir='ltr' id='par_1_107' title="bbox 2755 5131 3196 5190">
     <span class='ocr_line' id='line_1_107' title="bbox 2755 5131 3196 5190; baseline -0.005 0"><span class='ocrx_word' id='word_1_615' title='bbox 2755 5137 3007 5190; x_wconf 73' lang='grc' dir='ltr'><strong>ΚΕΦΑᾹ.</strong></span> <span class='ocrx_word' id='word_1_616' title='bbox 3067 5131 3196 5188; x_wconf 84' lang='lat' dir='ltr'><strong>NE’.</strong></span> 
     </span>
    </p>
   </div>
   <div class='ocr_carea' id='block_1_108' title="bbox 2265 5219 3772 5307">
    <p class='ocr_par' dir='ltr' id='par_1_108' title="bbox 2265 5219 3772 5307">
     <span class='ocr_line' id='line_1_108' title="bbox 2265 5219 3772 5307; baseline -0.01 -18"><span class='ocrx_word' id='word_1_617' title='bbox 2265 5235 2421 5300; x_wconf 75' lang='grc' dir='ltr'><strong>Ὀξὺν</strong></span> <span class='ocrx_word' id='word_1_618' title='bbox 2466 5235 2565 5307; x_wconf 81' lang='grc' dir='ltr'>μὲν</span> <span class='ocrx_word' id='word_1_619' title='bbox 2597 5226 2740 5289; x_wconf 80' lang='grc' dir='ltr'>εῖναι</span> <span class='ocrx_word' id='word_1_620' title='bbox 2779 5233 2886 5303; x_wconf 81' lang='grc' dir='ltr'><strong>χρὴ</strong></span> <span class='ocrx_word' id='word_1_621' title='bbox 2913 5232 3041 5303; x_wconf 72' lang='grc' dir='ltr'>περὶ</span> <span class='ocrx_word' id='word_1_622' title='bbox 3084 5230 3262 5283; x_wconf 86' lang='grc' dir='ltr'>πάντα</span> <span class='ocrx_word' id='word_1_623' title='bbox 3289 5227 3381 5283; x_wconf 74' lang='grc' dir='ltr'><strong>τὸν</strong></span> <span class='ocrx_word' id='word_1_624' title='bbox 3410 5227 3643 5288; x_wconf 77' lang='grc' dir='ltr'>ἄνακτα,</span> <span class='ocrx_word' id='word_1_625' title='bbox 3674 5219 3772 5276; x_wconf 76' lang='grc' dir='ltr'>καὶ</span> 
     </span>
    </p>
   </div>
   <div class='ocr_carea' id='block_1_109' title="bbox 2187 5315 3771 5401">
    <p class='ocr_par' dir='ltr' id='par_1_109' title="bbox 2187 5315 3771 5401">
     <span class='ocr_line' id='line_1_109' title="bbox 2187 5315 3771 5401; baseline -0.011 -16"><span class='ocrx_word' id='word_1_626' title='bbox 2187 5330 2421 5401; x_wconf 86' lang='grc' dir='ltr'>μάλιστα</span> <span class='ocrx_word' id='word_1_627' title='bbox 2444 5329 2573 5398; x_wconf 52' lang='grc' dir='ltr'><strong>περὶ⁸</strong></span> <span class='ocrx_word' id='word_1_628' title='bbox 2599 5327 2698 5389; x_wconf 86' lang='grc' dir='ltr'><strong>τὰς</strong></span> <span class='ocrx_word' id='word_1_629' title='bbox 2723 5324 2935 5396; x_wconf 78' lang='grc' dir='ltr'>κρίσεις</span> <span class='ocrx_word' id='word_1_630' title='bbox 2961 5323 3069 5376; x_wconf 81' lang='grc' dir='ltr'><strong>τῶν</strong></span> <span class='ocrx_word' id='word_1_631' title='bbox 3103 5319 3380 5392; x_wconf 77' lang='grc' dir='ltr'>δυσχερῶν</span> <span class='ocrx_word' id='word_1_632' title='bbox 3405 5315 3771 5390; x_wconf 77' lang='grc' dir='ltr'>πραγμάτων,</span> 
     </span>
    </p>
   </div>
   <div class='ocr_carea' id='block_1_110' title="bbox 2185 5407 3773 5496">
    <p class='ocr_par' dir='ltr' id='par_1_110' title="bbox 2185 5407 3773 5496">
     <span class='ocr_line' id='line_1_110' title="bbox 2185 5407 3773 5496; baseline -0.012 -19"><span class='ocrx_word' id='word_1_633' title='bbox 2185 5423 2382 5496; x_wconf 72' lang='grc' dir='ltr'>βραδὺν</span> <span class='ocrx_word' id='word_1_634' title='bbox 2411 5421 2467 5474; x_wconf 77' lang='grc' dir='ltr'>δὲ</span> <span class='ocrx_word' id='word_1_635' title='bbox 2499 5421 2619 5474; x_wconf 85' lang='grc' dir='ltr'>λίαν</span> <span class='ocrx_word' id='word_1_636' title='bbox 2653 5421 2730 5482; x_wconf 86' lang='grc' dir='ltr'><strong>είς</strong></span> <span class='ocrx_word' id='word_1_637' title='bbox 2762 5419 2931 5489; x_wconf 81' lang='grc' dir='ltr'>ὀργὴν</span> <span class='ocrx_word' id='word_1_638' title='bbox 2961 5414 3391 5470; x_wconf 74' lang='grc' dir='ltr'>ἐπιδείκνυσθαι.</span> <span class='ocrx_word' id='word_1_639' title='bbox 3434 5407 3654 5478; x_wconf 78' lang='grc' dir='ltr'>Ἐπειδὴ</span> <span class='ocrx_word' id='word_1_640' title='bbox 3675 5408 3773 5460; x_wconf 75' lang='grc' dir='ltr'>καὶ</span> 
     </span>
    </p>
   </div>
   <div class='ocr_carea' id='block_1_111' title="bbox 2182 5498 3772 5585">
    <p class='ocr_par' dir='ltr' id='par_1_111' title="bbox 2182 5498 3772 5585">
     <span class='ocr_line' id='line_1_111' title="bbox 2182 5498 3772 5585; baseline -0.009 -18"><span class='ocrx_word' id='word_1_641' title='bbox 2182 5517 2242 5570; x_wconf 82' lang='grc' dir='ltr'>τὸ</span> <span class='ocrx_word' id='word_1_642' title='bbox 2277 5515 2451 5585; x_wconf 83' lang='grc' dir='ltr'>πάντη</span> <span class='ocrx_word' id='word_1_643' title='bbox 2493 5513 2764 5583; x_wconf 77' lang='grc' dir='ltr'>ἀόργητον</span> <span class='ocrx_word' id='word_1_644' title='bbox 2795 5507 3306 5578; x_wconf 76' lang='grc' dir='ltr'>εὐκαταφρόνητον,</span> <span class='ocrx_word' id='word_1_645' title='bbox 3342 5507 3435 5561; x_wconf 64' lang='grc' dir='ltr'>καὶ</span> <span class='ocrx_word' id='word_1_646' title='bbox 3477 5498 3772 5574; x_wconf 83' lang='grc' dir='ltr'>θυμούσθω</span> 
     </span>
    </p>
   </div>
   <div class='ocr_carea' id='block_1_112' title="bbox 2188 5597 3773 5680">
    <p class='ocr_par' dir='ltr' id='par_1_112' title="bbox 2188 5597 3773 5680">
     <span class='ocr_line' id='line_1_112' title="bbox 2188 5597 3773 5680; baseline -0.009 -18"><span class='ocrx_word' id='word_1_647' title='bbox 2188 5608 2448 5680; x_wconf 84' lang='grc' dir='ltr'>μετρίως,</span> <span class='ocrx_word' id='word_1_648' title='bbox 2479 5605 2576 5660; x_wconf 74' lang='grc' dir='ltr'>καὶ</span> <span class='ocrx_word' id='word_1_649' title='bbox 2602 5604 2677 5676; x_wconf 84' lang='grc' dir='ltr'>μὴ</span> <span class='ocrx_word' id='word_1_650' title='bbox 2699 5603 3018 5658; x_wconf 77' lang='grc' dir='ltr'>θυιιούσθω·</span> <span class='ocrx_word' id='word_1_651' title='bbox 3052 5602 3112 5657; x_wconf 73' lang='grc' dir='ltr'><strong>τὸ</strong></span> <span class='ocrx_word' id='word_1_652' title='bbox 3145 5602 3265 5674; x_wconf 82' lang='grc' dir='ltr'>μὲν,</span> <span class='ocrx_word' id='word_1_653' title='bbox 3296 5601 3380 5656; x_wconf 76' lang='grc' dir='ltr'>ἵνα</span> <span class='ocrx_word' id='word_1_654' title='bbox 3414 5600 3523 5654; x_wconf 84' lang='grc' dir='ltr'><strong>τῶν</strong></span> <span class='ocrx_word' id='word_1_655' title='bbox 3547 5597 3773 5673; x_wconf 78' lang='grc' dir='ltr'>φαύλων</span> 
     </span>
    </p>
   </div>
   <div class='ocr_carea' id='block_1_113' title="bbox 2008 5752 2240 5810">
    <p class='ocr_par' dir='ltr' id='par_1_113' title="bbox 2008 5752 2240 5810">
     <span class='ocr_line' id='line_1_113' title="bbox 2008 5752 2240 5810; baseline -0.004 -2"><span class='ocrx_word' id='word_1_656' title='bbox 2008 5752 2240 5810; x_wconf 79' lang='grc' dir='ltr'><strong>ΝΟΤᾹΞ.</strong></span> 
     </span>
    </p>
   </div>
   <div class='ocr_carea' id='block_1_114' title="bbox 569 5858 2069 5938">
    <p class='ocr_par' dir='ltr' id='par_1_114' title="bbox 569 5862 2069 5938">
     <span class='ocr_line' id='line_1_114' title="bbox 569 5862 2069 5938; baseline 0.004 -22"><span class='ocrx_word' id='word_1_657' title='bbox 569 5863 679 5934; x_wconf 74' lang='lat' dir='ltr'><strong>(lli)</strong></span> <span class='ocrx_word' id='word_1_658' title='bbox 719 5862 795 5917; x_wconf 82' lang='grc' dir='ltr'><strong>Τὸ</strong></span> <span class='ocrx_word' id='word_1_659' title='bbox 850 5863 1041 5919; x_wconf 75' lang='grc' dir='ltr'>ἐλεεῖν</span> <span class='ocrx_word' id='word_1_660' title='bbox 1097 5865 1218 5932; x_wconf 85' lang='grc' dir='ltr'>τοῖς</span> <span class='ocrx_word' id='word_1_661' title='bbox 1250 5866 1575 5937; x_wconf 73' lang='grc' dir='ltr'>δεομένοις.</span> <span class='ocrx_word' id='word_1_662' title='bbox 1607 5867 1733 5924; x_wconf 79' lang='lat' dir='ltr'><strong>Mss.</strong></span> <span class='ocrx_word' id='word_1_663' title='bbox 1774 5869 1907 5938; x_wconf 69' lang='lat' dir='ltr'><strong>Reg.</strong></span> <span class='ocrx_word' id='word_1_664' title='bbox 1943 5883 1992 5921; x_wconf 87' lang='grc' dir='ltr'><strong>τ.</strong></span> <span class='ocrx_word' id='word_1_665' title='bbox 2026 5866 2069 5922; x_wconf 76' lang='grc' dir='ltr'>ὲ.</span> 
     </span>
    </p>
   </div>
   <div class='ocr_carea' id='block_1_115' title="bbox 2174 5858 2868 5938">
    <p class='ocr_par' dir='ltr' id='par_1_115' title="bbox 2174 5858 2868 5934">
     <span class='ocr_line' id='line_1_115' title="bbox 2174 5858 2868 5934; baseline 0.001 -23"><span class='ocrx_word' id='word_1_666' title='bbox 2174 5865 2245 5928; x_wconf 72' lang='grc' dir='ltr'><strong>,ὒς</strong></span> <span class='ocrx_word' id='word_1_667' title='bbox 2277 5860 2591 5934; x_wconf 78' lang='grc' dir='ltr'>δεομένους.</span> <span class='ocrx_word' id='word_1_668' title='bbox 2632 5858 2868 5915; x_wconf 64' lang='grc' dir='ltr'>ΒΑΝυυιι.</span> 
     </span>
    </p>
   </div>
  </div>
