4148 6452
315 390 463 480 ιὶδι

1530 419 1799 478 CAPITA
1841 417 2404 480 ADMONITORIA.

3465 405 3604 472 1132

310 533 409 595 τὰς
451 529 628 600 ὁρμὰς
654 529 958 604 αναστέλλῃ
981 543 997 563 ⁸
1023 529 1083 584 τὸ
1113 529 1170 585 δὲ
1197 571 1215 596 ,
1247 530 1336 585 ἵνα
1367 531 1466 596 τὰς
1496 533 1755 605 ἀφορμὰς
1799 534 1907 588 τῶν

2021 537 2280 590 irascatur
2319 539 2540 604 oportet
2573 549 2584 586 :
2622 531 2754 586 illud
2789 571 2803 594 ,
2865 538 2924 585 ut
2983 543 3281 599 pravorum
3333 525 3606 595 impetum

314 623 570 695 χρηστῶν
600 623 882 696 άνιχνεύῃ.

883 825 1136 882 ΚΕΦΑΛ.
1189 825 1337 893 Nq'.

392 918 482 972 'Ev
502 915 583 988 τῷ
607 915 827 989 ἀκριϐεῖ
845 916 946 987 τῆς
973 916 1202 989 καρδίας
1236 934 1330 970 σου
1359 915 1746 988 βουλευτηρίῳ,
1785 919 1908 971 ἐπι-

315 1009 494 1082 μελῶς
525 1008 781 1062 κατανόει
809 1008 919 1063 τῶν
945 1009 1214 1063 συνόντων
1251 1027 1332 1062 σοι
1368 1009 1494 1072 τοὺς
1525 1009 1783 1079 τρόπους,
1817 1010 1907 1064 ἵνα

311 1102 590 1176 γινώσκῃς
617 1101 863 1172 ἀκριϐῶς
891 1103 987 1156 καὶ
1021 1103 1148 1166 τοὺς
1171 1103 1230 1156 ἐν
1259 1101 1449 1176 ἀγάπῃ
1476 1101 1906 1174 Θεραπεύοντας,

312 1197 408 1250 καὶ
438 1196 564 1258 τοὺς
594 1198 653 1248 ὲν
676 1195 861 1267 ἀπάτῃ
892 1196 1290 1260 κολακεύοντας
1309 1213 1323 1227 ο
1350 1196 1539 1250 πολλοὶ
1566 1195 1678 1267 γὰρ
1702 1197 1909 1251 εὐνοεῖν

315 1290 778 1360 ὑποκρινόμενοι,
849 1291 1066 1362 μεγάλα
1120 1295 1248 1357 τοὺς
1315 1293 1677 1359 πιστεύοντας
1738 1313 1910 1350 κατα-

315 1383 620 1439 ϐλάπτουσι

888 1497 1141 1564 ΚΕΦΑΛ.
1197 1499 1323 1554 NZ'.

385 1612 560 1682 Λόγον
603 1611 846 1676 ἀκούσας
913 1613 1194 1684 ὠφελῆσαι
1253 1613 1577 1685 δυνάμενον,
1629 1616 1703 1686 μὴ
1751 1611 1922 1686 μόνον’

313 1706 452 1776 ἀκοῇ
479 1707 692 1770 τοῦτον,
725 1705 861 1759 ἀλλὰ
892 1707 986 1759 καὶ
1008 1706 1207 1774 πράξει
1231 1706 1478 1777 διαδέχου
1498 1725 1512 1738 ο
1547 1707 1692 1762 οὕτω
1715 1709 1826 1780 γὰρ
1849 1705 1927 1778 τδς

312 1795 409 1849 τοῦ
448 1797 716 1867 βασιλέως
740 1797 1060 1866 ἀγλαΐζεται
1086 1799 1308 1869 κράτος,
1339 1799 1467 1853 ὅταν
1495 1801 1528 1872 ἢ
1555 1801 1685 1873 παρ’
1713 1783 1926 1855 ἐαυτοῦδ

2015 629 2380 697 comprimat;
2437 627 2543 680 hoc
2568 666 2582 690 ,
2622 633 2681 678 ut
2717 621 3121 694 propensiones
3165 620 3441 673 boncrum
3472 631 3609 688 per-

2014 720 2268 790 vestiget.

2673 825 2828 882 CAP.
2862 823 2997 878 LVI.

2088 925 2148 981 In
2186 922 2462 994 exquisita
2505 917 2585 974 tui
2616 916 2805 973 cordis
2850 914 3006 968 curia
3041 912 3338 981 diligenter
3387 904 3607 979 perspi-

2016 1018 2150 1082 cito,
2198 1014 2650 1070 conversantium
2681 1019 2864 1065 tecum
2895 1021 3080 1062 mores
3111 1013 3173 1059 ut
3207 1015 3508 1073 pernoscas
3538 997 3607 1053 ad

2016 1109 2303 1171 amussim,
2344 1115 2401 1161 et
2426 1121 2568 1174 quos
2594 1101 2837 1159 eharitas
2863 1099 3048 1154 colere
3085 1093 3392 1164 compellit,
3421 1099 3482 1147 et
3509 1087 3608 1162 qui

2017 1203 2118 1260 tibi
2163 1217 2265 1272 per
2317 1197 2571 1253 fraudem
2625 1194 2973 1250 adulantur:
3002 1189 3257 1261 plerique
3306 1183 3458 1241 enim
3505 1196 3610 1252 per

2015 1294 2465 1351 benevolentiam
2515 1289 2840 1346 simulantes
2861 1327 2876 1352 ,
2905 1299 3105 1356 magno
3128 1275 3489 1336 credertihtts
3509 1273 3608 1331 dc-

2019 1389 2284 1444 trimento
2314 1394 2464 1441 sunt.

2641 1492 2792 1550 CAP.
2841 1490 3006 1546 Lvu.
3054 1464 3056 1468 ’

2089 1619 2415 1676 Sermonem
2456 1631 2583 1672 eum
2619 1612 2780 1668 audis
2805 1613 2999 1683 juvare
3021 1605 3326 1665 valentem,
3358 1613 3429 1670 ne
3457 1594 3610 1652 auri-

2018 1715 2125 1769 bus
2164 1711 2350 1775 modo,
2381 1723 2576 1764 verum
2618 1706 2786 1760 etiam
2820 1716 2992 1773 opere
3025 1696 3270 1767 excipito
3302 1713 3315 1748 :
3347 1693 3428 1748 sic
3461 1689 3610 1746 enim

2010 1801 2376 1876 imperatoris
2434 1809 2739 1856 exornatur
2798 1796 3211 1860 decoraturque
3277 1784 3610 1849 dominium,

312 1889 384 1942 τὰ
412 1889 602 1943 δέοντα
637 1891 856 1962 συνορᾷ,
885 1889 918 1961 ἢ
951 1893 1082 1962 παρ’
1115 1893 1276 1946 ἄλλου
1318 1891 1608 1965 εὑρεθέντα
1641 1894 1908 1966 μηδαμῶς

2021 1913 2146 1952 cum
2175 1896 2264 1950 vel
2306 1911 2373 1951 ex
2407 1909 2465 1949 se
2512 1890 2828 1947 considerat
2863 1901 2986 1957 quae
3028 1880 3280 1939 facienda
3323 1884 3489 1941 sunt,
3523 1874 3610 1930 vel

315 1984 558 2055 παρορᾷ,
587 1982 724 2036 ἀλλὰ
768 1983 1029 2054 μανθάνει
1065 1984 1165 2056 μὲν
1203 1986 1650 2058 ἀνεπαισχύντως
1678 2028 1692 2051 ,
1725 1989 1908 2041 ἐπιτε-

315 2075 399 2130 λεῖ
429 2075 486 2129 δὲ
512 2076 610 2130 άνυ
620 2092 686 2128 πε
692 2074 920 2148 ρθέτως.

905 2192 1160 2247 ΚΕΦΑΛ.
1192 2192 1326 2250 NII'.

402 2305 728 2377 Ἀκρόπολις
767 2306 867 2377 μὲν
900 2305 1232 2377 άπορθήτοις
1259 2306 1498 2377 τείχεσιν
1529 2306 1912 2379 ἠσφαλισμένη

319 2401 658 2469 καταφρονεῖ
683 2399 794 2452 τῶν
839 2398 1275 2470 πολιορκούντων
1304 2399 1474 2460 αὐτὴν
1510 2400 1794 2471 πολεμίων
1823 2415 1838 2430 ’
1879 2401 1914 2472 ἠ

323 2493 553 2565 εὐσεϐὴς
572 2494 629 2547 δὲ
650 2492 894 2563 βασιλεία
911 2493 1066 2564 ὐμῶν
1091 2495 1486 2565 ὲλεημοσύναις
1505 2496 1913 2567 τετειχισμένη,

323 2587 419 2638 καὶ
451 2588 783 2656 προσευχαῖς
825 2587 1337 2658 περιπυργουμένη,
1387 2589 1660 2661 ἀήττητος
1704 2587 1918 2657 γίνεται

323 2678 438 2740 τοῖς
465 2676 574 2730 τῶν
609 2676 823 2748 ἐχθρῶν
867 2676 1102 2748 βέλεσιν,
1133 2678 1357 2751 ἁοίδιμα
1401 2680 1524 2733 κατ’
1553 2678 1738 2734 αὐτῶν
1773 2677 1920 2746 ἐγεί-

327 2785 500 2840 ρουσα
530 2773 791 2841 τρόπαια.

904 2884 1157 2938 ΚΕΦΛΛ.
1195 2882 1346 2937 ΝΘἈ

396 2997 619 3068 Χρῆσαι
654 2997 884 3060 δεόντως
909 3000 976 3068 τῇ
998 2998 1150 3051 κάτω
1181 2998 1431 3070 βασιλείᾳ
1452 3038 1465 3063 ,
1495 2998 1583 3052 ἴνα
1614 2997 1818 3068 κλίμαξ
1842 3015 1925 3052 σοι

327 3087 559 3159 γένηται
605 3089 706 3160 τῆς
759 3087 874 3142 ἄνω
911 3089 1198 3171 εὐδοξίας·
1251 3090 1300 3142 οἱ
1349 3089 1459 3160 γὰρ
1494 3089 1702 3159 ταύτην
1744 3089 1927 3152 καλῶς

325 3179 679 3245 διοικοῦντες,
729 3181 870 3251 μετὰ
899 3181 1108 3252 ταύτης
1151 3183 1413 3253 κάκείνης
1443 3181 1742 3249 ἀξιοῦνται.
1777 3181 1924 3235 Ταύ-

327 3288 429 3340 την
467 3274 526 3328 δὲ
575 3272 839 3328 διοικοῦσι
880 3273 1085 3340 καλῶς,
1119 3275 1170 3328 οἱ
1211 3275 1479 3346 πατρικὸν
1525 3277 1640 3338 τοῖς
1683 3273 1923 3344 ἁρχομέ-
1950 3254 1995 3315 c

328 3377 440 3424 νοις
475 3363 912 3428 ἐπιδεικνύοντες
943 3363 1107 3418 πόθον
1133 3404 1146 3429 ,
1181 3364 1277 3419 καὶ
1311 3365 1540 3436 ἀρχικὸν
1572 3367 1702 3435 παρ’
1741 3365 1922 3418 αὐτῶν

329 3453 826 3525 ἀντιλαμϐάνοντες
853 3455 1020 3524 φόϐον
1040 3472 1054 3485 ·
1083 3457 1336 3521 ἀπειλαῖς
1371 3457 1470 3527 μὲν
1504 3453 1574 3510 τὰ
1602 3454 1924 3526 πταίσματα

328 3544 888 3617 προαναστέλλοντες,
943 3549 1240 3620 τιμωρίαις
1292 3547 1351 3602 δὲ
1378 3549 1574 3620 πεῖραν
1622 3546 1804 3613 αὐτοῖς
1861 3547 1923 3601 οὐ

327 3635 726 3709 προσάγοντες.

947 3749 1206 3805 ΚΕΦΑΛ.
1243 3748 1321 3806 Ξ’.

413 3861 653 3934 ’ῐμάτιον
682 3862 1030 3918 ἀπαλαίωτόν
1058 3865 1173 3917 ἐστι
1201 3863 1262 3917 τδ
1293 3863 1394 3934 τῆς
1419 3862 1668 3929 εὐποιίας
1702 3866 1923 3937 περιϐό-

328 3955 482 4009 λαιον
510 3996 524 4020 ,
573 3957 666 4010 καὶ
702 3956 1031 4029 ἀδιάφθορος
1073 3957 1234 4028 στολὴ
1263 3959 1297 4027 ἡ
1351 3957 1488 4028 πρὸς
1517 3958 1644 4020 τοὺς
1687 3959 1926 4030 πένητας

331 4048 560 4119 στοργή.
601 4049 694 4100 Δεῖ
725 4042 818 4101 οῦν
848 4046 938 4100 τὸν
970 4047 1294 4119 βουλόμενον
1318 4047 1558 4111 εὐσεϐῶς
1589 4048 1921 4120 βασιλεύειν,

327 4139 597 4220 τοιούτοις
617 4137 881 4208 ἐνδύμασι
902 4137 1000 4209 τὴν
1015 4139 1194 4210 ψυχὴν
1217 4140 1582 4206 καλλωπίζειν
1606 4157 1619 4170 ⁸
1645 4141 1924 4209 φιλοπτω-

329 4230 453 4300 χίας
483 4231 593 4302 γὰρ
615 4230 991 4303 ἠμφιεσμένος
1018 4231 1329 4304 πορφύραν,
1361 4233 1456 4287 καὶ
1483 4232 1739 4304 οὐρανίου
1773 4233 1928 4305 βασι-

328 4322 482 4388 λείας
515 4324 893 4390 καταξιοῦται.

931 4440 1183 4494 ΚΕΦΑΛ.
1236 4439 1358 4498 ΞΛθ.

401 4553 690 4625 Σκῆπτρον
714 4552 991 4625 βασιλείας
1017 4555 1170 4627 παρὰ
1191 4555 1328 4609 Θεοῦ
1349 4554 1661 4627 δεξάμενος,
1688 4555 1922 4610 σκέπτου

332 4644 454 4709 πῶς
486 4647 708 4716 ἀρέσεις
744 4645 824 4717 τῷ
855 4645 1064 4717 ταύτην
1107 4664 1190 4700 σοι
1232 4646 1522 4701 δεδωκότι·
1560 4650 1656 4702 καὶ
1680 4648 1756 4712 ὡς
1787 4649 1926 4704 πάν-

330 4755 443 4791 των
466 4739 563 4792 ἀνθ
573 4738 772 4810 ρώπων
797 4740 888 4792 ὐπ’
916 4738 1086 4793 αὐτοῦ
1114 4739 1498 4810 προτιμηοεὶς,
1526 4739 1686 4792 πλέον
1713 4741 1930 4795 πάντων

332 4830 561 4900 ἐπείγου
583 4833 1014 4905 καταγεραίρειν
1037 4833 1225 4887 αὐτόν.
1247 4831 1422 4886 Τοῦτο
1443 4833 1500 4886 δὲ
1521 4834 1693 4905 γέρας
1712 4836 1930 4904 ἡγεῖται

335 4925 637 4995 μέγιστον,
693 4924 760 4979 ἂν
810 4925 887 4989 ὡς
940 4923 1106 4978 αὐτόν
1155 4925 1284 4987 τοὺς
1341 4923 1435 4978 ὐπ’
1486 4923 1654 4978 αὐτοῦ
1697 4925 1930 4979 διαπλα-

333 5017 562 5082 σθέντας
591 5019 746 5090 ὁρᾷς,
775 5019 872 5073 καὶ
901 5018 977 5083 ὡς
1009 5019 1190 5091 χρεὼν
1220 5017 1526 5089 καταϐολὴν
1554 5017 1653 5083 τὰς
1682 5019 1932 5084 εὐποιίας

329 5107 590 5180 πληροῖς.

922 5312 1177 5367 ΚΕΦΑΛ.
1217 5310 1338 5368 ΞΒ’.

403 5406 640 5478 Τρέχειν
697 5405 800 5478 μὲν
829 5405 911 5472 εἰς
947 5407 1045 5477 τὴν
1075 5406 1189 5461 ἄνω
1220 5406 1475 5478 βοήθειαν
1505 5407 1613 5470 πᾶς
1641 5405 1931 5478 ἅνθρωπος

329 5499 565 5568 ὀφείλει,
614 5499 644 5552 ὁ
674 5497 950 5570 σωτηρίας
985 5498 1310 5570 γλιχόμενος
1340 5514 1354 5530 ⁸
1385 5499 1414 5552 ὁ
1445 5496 1700 5568 βασιλεὺς
1737 5497 1792 5551 δὲ
1823 5497 1932 5568 πρὸ

331 5592 580 5658 πάντων,
616 5591 693 5655 ὡς
725 5591 1010 5664 μεριμνῶν
1045 5593 1185 5662 ὑπὲρ
1219 5592 1460 5647 πάντων.
1504 5591 1642 5646 Ὑπὸ
1666 5591 1761 5646 τοῦ
1792 5589 1928 5646 Θεοῦ

333 5680 450 5752 γὰρ
495 5681 932 5754 φυλαττόμενος,
987 5683 1240 5748 καὶτοὺς
1287 5682 1582 5755 πολεμίους
1620 5683 1929 5751 καταγωνί-

333 5776 492 5839 ζεται
541 5777 805 5846 γενναίως
829 5821 843 5847 ,
880 5781 978 5836 καὶ
1013 5780 1142 5846 τοὺς
1185 5777 1418 5844 οἰκείους
1469 5779 1929 5850 κατασφαλίζεται

335 5868 672 5934 σπουδαίως.

2015 1990 2086 2045 ab
2110 1989 2219 2044 alio
2245 1995 2466 2057 reperta
2494 2000 2606 2039 non
2653 1981 2894 2052 despicit
2921 2019 2936 2043 ,
2983 1976 3082 2032 sed
3139 1985 3256 2028 tum
3286 1970 3453 2025 discit
3490 1967 3610 2024 sine

2013 2083 2372 2148 verecundia,
2413 2088 2529 2135 tum
2569 2076 2899 2146 exsequitur
2927 2074 3045 2128 sine
3092 2066 3468 2125 cunctatione.

2630 2194 2785 2253 CAP.
2814 2190 3000 2248 LVIII.

2087 2320 2199 2375 Arx
2226 2316 2453 2389 quidem
2481 2309 2872 2369 munitissimis
2923 2303 3203 2362 mmnibus
3264 2299 3446 2354 cincta
3479 2309 3610 2350 con-

2016 2411 2220 2467 temnit
2253 2407 2577 2465 obsidentes
2609 2421 2669 2460 se
2697 2403 2889 2457 hostes
2923 2416 2937 2453 :
2970 2399 3123 2468 pium
3154 2401 3339 2449 autem
3359 2396 3610 2445 vestrum

2018 2502 2339 2572 imperium,
2372 2515 2497 2555 eum
2537 2507 2595 2552 et
2634 2491 2972 2550 liberalitate
3005 2501 3139 2558 erga
3175 2484 3410 2538 miseros
3441 2477 3613 2534 veluti

2019 2613 2183 2652 muro
2217 2596 2463 2650 cinctum
2511 2599 2567 2647 et
2593 2603 2823 2661 precum
2860 2582 3114 2639 turribus
3163 2577 3614 2637 corroboratum,

2020 2691 2097 2745 sit
2125 2688 2419 2750 invictum,
2444 2683 2614 2739 nullis
2638 2679 2884 2735 hostium
2907 2675 3033 2731 telis
3055 2671 3310 2745 pervium
3341 2668 3403 2724 (it
3434 2685 3448 2721 :
3475 2681 3604 2738 pras-

2020 2781 2168 2837 clara
2193 2787 2250 2835 et
2282 2776 2525 2834 celebria
2553 2781 2750 2829 contra
2778 2784 2876 2824 eos
2909 2766 3133 2838 erigens
3174 2771 3402 2833 tropaea.

2677 2886 2831 2942 CAP.
2867 2881 3008 2938 LIX.

2095 3006 2264 3062 Utere
2296 3012 2357 3059 ut
2398 3007 2621 3073 oportet
2647 3013 2820 3069 regno
2849 2997 2957 3050 hoc
2986 2990 3250 3048 interiore
3283 3027 3298 3052 ,
3360 2993 3423 3040 ut
3470 2981 3616 3038 scala

2026 3098 2125 3152 tibi
2170 3098 2264 3152 ﬁat
2296 3093 2604 3166 superioris
2631 3090 2904 3147 claritatis
2937 3105 2952 3141 :
2988 3085 3083 3156 qui
3126 3083 3280 3139 enim
3324 3080 3434 3133 hoc
3463 3083 3614 3132 recte

2026 3190 2359 3262 gubernant,
2403 3187 2495 3240 illa
2542 3198 2766 3255 quoque
2793 3177 3148 3251 postmodum
3175 3171 3328 3243 digni
3370 3183 3608 3225 eensen~

2027 3291 2139 3337 tur.
2195 3279 2309 3335 lIoc
2351 3287 2537 3333 autem
2595 3282 2744 3330 recte
2796 3271 3146 3343 gubernant,
3181 3265 3278 3336 qui
3326 3270 3612 3333 paternam

2026 3375 2266 3432 subditis
2289 3370 2594 3428 ostendunt
2625 3367 2978 3430 charitatem,
3012 3370 3070 3417 et
3093 3357 3332 3431 principi
3360 3353 3614 3411 debitum

2025 3468 2096 3523 ab
2129 3467 2262 3537 ipsis
2294 3463 2574 3534 recipiunt
2626 3461 2884 3516 timorem
2915 3474 2928 3510 :
2965 3455 3156 3524 itaque
3192 3451 3360 3508 minis
3388 3443 3614 3517 quidem

2025 3535 2164 3616 vitia
2200 3564 2593 3629 compescunt;
2647 3547 2909 3622 supplicii
2968 3554 3156 3603 autem
3203 3555 3430 3601 sensum
3480 3535 3611 3610 ipsis

2025 3650 2353 3721 neutiquam
2384 3646 2666 3719 inﬂigunt.

2661 3752 2814 3809 CAP.
2872 3749 2988 3805 LX.

2097 3869 2524 3928 Vcstimentum'
2552 3883 2665 3923 non
2714 3877 3072 3924 veteraseens
3121 3870 3207 3918 est
3233 3857 3615 3917 beneﬁcentia!

2027 3963 2354 4026 amictus,et
2385 3961 2708 4031 incorrupta
2753 3959 2892 4015 stola
2918 3966 3004 4012 est
3041 3953 3283 4012 cbaritas
3311 3967 3441 4021 erga
3467 3965 3607 4020 pau-

2027 4071 2206 4126 peres.
2237 4055 2410 4126 Igitur
2448 4062 2670 4124 oportet
2702 4052 2798 4122 qui
2828 4051 2916 4120 pie
2944 4061 3177 4120 regnare
3203 4045 3347 4109 vult,
3409 4041 3610 4097 talium

2029 4147 2483 4201 indumentorum
2535 4141 2959 4216 pulchritudine
3004 4139 3244 4193 animam
3298 4145 3615 4202 exornare;

2028 4238 2236 4293 amoris
2266 4236 2417 4291 enim
2449 4236 2505 4290 in
2533 4249 2739 4306 egenos
2765 4234 2861 4304 qui
2914 4230 3168 4293 indutusf
3207 4234 3295 4282 est
3325 4235 3616 4296 purpura,

2029 4331 2272 4387 caelestis
2297 4344 2524 4400 quoque
2553 4327 2710 4400 regni
2742 4340 2971 4396 compos
2989 4321 3246 4378 edicitur.

2689 4438 2843 4496 CAP.
2885 4437 3025 4493 LXI.

2104 4557 2334 4628 Sceptru
2345 4571 2395 4610 m
2433 4553 2652 4624 imperii
2677 4567 2801 4608 cum
2825 4566 2856 4605 a
2887 4551 3001 4604 Deo
3023 4544 3356 4616 susceperis,
3381 4541 3616 4613 cogitato

2031 4649 2364 4721 quibusnam
2416 4645 2600 4701 modis
2654 4643 2903 4715 placebis
2948 4641 3000 4697 ei
3054 4640 3147 4710 qui
3195 4639 3248 4693 id
3282 4637 3380 4692 tibi
3421 4635 3600 4692 dedit:

2033 4756 2270 4810 cumque
2289 4737 2553 4792 omnibus
2574 4735 2898 4790 hominibus
2926 4733 2995 4788 ab
3018 4749 3084 4788 eo
3100 4732 3177 4786 sis
3203 4731 3483 4801 praelatus,
3509 4743 3619 4798 pra:

2032 4833 2298 4888 omnibus
2331 4847 2461 4887 eum
2491 4824 2768 4886 honorare
2815 4827 3037 4881 festina.
3085 4825 3258 4880 Porro
3290 4822 3344 4877 id
3376 4822 3494 4892 ipse
3522 4821 3616 4876 ho.

2032 4935 2444 4983 nestamentum
2503 4923 2811 4979 arbitratur
2872 4919 3221 4982 maximum,
3282 4916 3328 4970 si
3389 4913 3616 4985 perinde

2033 5019 2188 5073 illum
2242 5033 2307 5072 ac
2352 5024 2582 5071 ceteros
2614 5014 2684 5068 ab
2715 5030 2783 5067 eo
2828 5012 3095 5066 formatos
3137 5008 3396 5078 accipias,
3452 5017 3615 5061 atque

1943 5166 1947 5169 _
2035 5109 2296 5165 utdebiti
2340 5106 2746 5164 exsolutionem
2787 5101 3168 5158 benetaeiendi
3209 5113 3412 5154 munus
3441 5098 3614 5152 edim-

2033 5201 2205 5272 pleas.

2671 5307 2823 5365 CAP.
2851 5305 3014 5362 LXII.

2103 5407 2416 5462 Reeurrere
2435 5413 2502 5462 ad
2529 5421 2830 5476 supernum
2860 5400 3126 5474 auxilium
3153 5413 3280 5453 eum
3303 5396 3470 5450 homo
3495 5393 3619 5465 qui-

2033 5499 2117 5555 vis
2157 5499 2364 5566 debet,
2397 5513 2497 5568 pro
2529 5499 2708 5553 salute
2759 5511 2976 5569 rogans,
3007 5503 3121 5549 tum
3144 5500 3271 5547 ante
3300 5505 3493 5546 omnes
3519 5489 3621 5544 im-

2033 5603 2296 5664 perator,
2349 5601 2542 5661 utpote
2574 5591 2668 5661 qui
2702 5607 2805 5663 pro
2857 5589 3117 5645 omnibus
3168 5584 3443 5642 sollicitus
3488 5590 3616 5638 est:

2033 5702 2161 5742 cum
2225 5686 2376 5741 enim
2428 5699 2460 5739 a
2519 5684 2634 5739 Deo
2689 5682 3044 5746 custoditur,
3102 5688 3214 5734 tam
3284 5677 3473 5731 hostes
3525 5688 3619 5744 ge-

2035 5795 2232 5834 nerosa
2281 5796 2447 5836 manu
2498 5778 2778 5842 debellat,
2835 5787 2995 5844 quam
3052 5787 3184 5830 suos
3244 5771 3438 5827 scdulo
3468 5782 3619 5826 com-

2036 5871 2234 5927 munit.
