4148 6442
564 386 704 451 “83

1193 501 1346 557 CAP.
1393 502 1579 557 LXIII.

624 596 771 649 Deus
838 594 991 648 nulla
1048 610 1109 649 re
1149 594 1407 665 indiget:
1445 595 1749 665 imperator
1810 594 1933 649 solo
2003 592 2139 646 Deo.

552 684 775 739 Imitare
808 683 979 753 igitur
1010 683 1221 739 nullius
1270 684 1543 756 indigum,
1590 685 2023 755 petentibusque
2055 683 2141 738 fac

552 778 781 831 uberem
818 777 1217 833 misericordia:
1256 780 1495 849 copiam,
1541 796 1651 833 non
1682 787 1931 835 exactam
1979 779 2135 832 insti-

550 874 713 921 tuens
749 883 876 921 cum
905 868 1015 922 tuis
1043 868 1367 925 domesticis
1394 871 1697 934 rationem,
1731 872 1829 927 sed
1878 871 2140 927 omnibus

549 969 821 1029 prmstans
869 977 993 1030 qua:
1045 962 1114 1015 ad
1169 962 1339 1017 vitam
1398 973 1530 1019 sunt
1570 965 1887 1020 necessaria
1918 982 1931 1019 :
1962 965 2139 1019 multo

546 1056 698 1105 enim
732 1053 911 1108 satius
947 1062 1035 1108 est
1060 1063 1290 1125 propter
1337 1057 1536 1127 dignos
1564 1059 1731 1113 etiam
1780 1058 2137 1129 indignorum

546 1142 822 1207 misereri.
844 1161 1010 1215 quam
1044 1146 1398 1218 indignorum
1424 1149 1562 1205 vitio
1591 1150 1788 1222 dignos
1814 1150 1881 1207 iis
1910 1151 2139 1207 defrau-

546 1234 682 1291 dare
715 1252 838 1306 qum
870 1246 1182 1293 merentur.

1185 1352 1338 1407 CAP.
1376 1353 1563 1409 LXIV.

615 1436 846 1493 Veniam
902 1455 1027 1495 cum
1086 1443 1417 1500 delictorum
1478 1456 1703 1502 tuorum
1763 1457 1956 1518 petas,
2014 1450 2135 1521 ipse

544 1546 766 1601 quoque
826 1541 877 1588 te
929 1535 1348 1593 offendentibus
1405 1540 1686 1609 ignosce:
1726 1542 1990 1611 quoniam
2048 1560 2134 1599 re-

544 1622 797 1678 missioni
826 1626 1162 1683 retribuitur
1189 1631 1464 1695 remissio,
1509 1640 1565 1686 et
1598 1643 1804 1689 nostrze
1834 1650 1961 1689 cum
1994 1651 2132 1693 con-

543 1717 723 1769 servis
778 1720 989 1776 nostris
1032 1724 1472 1779 reconciliationi
1495 1768 1510 1792 ,
1534 1726 1631 1781 Dei
1661 1727 1909 1785 amicitia
1959 1738 2016 1786 et
2050 1729 2134 1787 fa-

541 1804 849 1863 miliaritas.

1175 1926 1329 1983 CAP.
1358 1930 1519 1989 LXV.

608 2008 713 2077 Qui
738 2014 876 2068 nulli
900 2015 1121 2074 crimini
1157 2023 1433 2080 obnoxius
1462 2042 1696 2097 regnare
1730 2030 1949 2096 studet,
2002 2048 2129 2089 cum

538 2111 700 2158 notas
725 2120 928 2162 cavere
954 2108 1121 2165 debet
1148 2129 1271 2182 quae
1304 2115 1621 2174 forinsecus
1653 2121 1973 2189 inuruntur,
2012 2133 2129 2181 tum

538 2192 784 2264 seipsum
828 2209 957 2255 ante
1009 2203 1147 2259 alios
1170 2210 1581 2277 verecundari,
1628 2222 1689 2268 ut
1721 2224 1777 2270 et
1802 2225 1994 2286 aperte
2034 2218 2132 2274 de-

540 2283 794 2355 linquere
823 2290 1103 2349 abstineat
1142 2308 1374 2367 propter
1397 2301 1558 2368 alios,
1585 2313 1642 2359 et
1666 2321 1697 2359 a
1733 2321 1793 2361 se
1825 2283 1943 2377 ipso
1971 2310 2129 2364 cohi-

539 2374 768 2446 beatur,
805 2385 1110 2451 quominus
1151 2390 1366 2458 privata
1416 2409 1673 2450 seorsum
1737 2398 1944 2469 ﬂagitia
1977 2417 2129 2457 com-

538 2468 747 2561 mittat.
801 2474 858 2529 Si
899 2478 1049 2533 enim
1081 2496 1151 2537 ex
1197 2484 1439 2541 subditis
1489 2498 1621 2543 sunt
1669 2492 1765 2561 qui
1812 2468 2125 2551 reverentia

539 2560 692 2632 digni
743 2565 1044 2638 habentur,
1090 2574 1269 2630 multo
1300 2578 1477 2643 magis
1497 2595 1563 2635 ea
1595 2560 1797 2653 dignus
1826 2583 2129 2655 imperator

539 2651 795 2706 elﬁcitur.

536 2653 795 2712 eiﬁcitur.

1158 2774 1310 2834 CAP.
1344 2779 1530 2838 LXVI.

607 2857 813 2915 Privati
844 2862 1040 2919 vitium
1083 2882 1207 2925 esse
1252 2887 1441 2928 assero
1470 2915 1485 2940 ,
1532 2886 1754 2946 patrare
1795 2896 1962 2951 prava
1994 2900 2126 2955 sup-

534 2949 815 3023 plicioque
839 2955 1005 3027 digna
1041 2977 1053 3013 :
1086 2963 1355 3035 principis
1374 2982 1506 3023 vero
1533 2972 1778 3041 culpam,
1807 2991 1915 3029 non
1942 2976 2123 3034 facere

532 3057 657 3111 quae
683 3043 915 3102 honesta
950 3061 1081 3107 sunt
1101 3054 1451 3127 salutemque
1480 3061 1724 3130 pariunt.
1752 3065 1942 3137 Neque
1971 3070 2121 3125 enim

532 3135 805 3192 malorum
836 3140 1172 3200 abstinentia
1209 3147 1479 3218 jnstiﬁcat
1514 3135 1866 3226 principem;
1887 3160 1986 3215 sed
2020 3161 2122 3216 bo-

532 3240 735 3282 norum
768 3231 943 3287 editio
971 3246 1205 3292 coronat
1250 3241 1532 3298 eumdem.
1582 3244 1662 3301 Ne
1712 3247 1883 3317 igitur
1912 3251 2121 3308 malitia

532 3316 802 3375 duntaxat
832 3324 1113 3385 abstinere
1139 3332 1367 3405 cogitet,
1403 3336 1500 3391 sed
1525 3316 1802 3408 justitiam
1835 3343 2005 3398 etiam
2031 3361 2123 3400 ca-

533 3428 759 3482 pessere
794 3422 1119 3480 contendat.

1113 3535 1269 3594 CAP.
1308 3540 1515 3599 LXVII.

608 3613 942 3687 Dignitatum
994 3627 1324 3696 splendores
1375 3650 1526 3690 mors
1558 3637 1705 3695 haud
1749 3642 2118 3705 reformidat:

531 3709 791 3766 omnibus
840 3716 989 3769 enim
1027 3735 1255 3777 voraces
1300 3740 1431 3783 suos
1479 3728 1674 3787 dentes
1719 3734 1919 3806 intigit.
1977 3739 2121 3812 Ergo

532 3807 663 3854 ante
699 3800 849 3858 illius
889 3806 1300 3868 ineluctabilem
1345 3816 1645 3875 adventum
1680 3800 1851 3893 opum
1901 3800 2119 3896 copiam

534 3899 977 3964 transportemus
1006 3901 1062 3956 in
1099 3907 1300 3961 caelum
1332 3927 1344 3963 :
1376 3926 1540 3966 nemo
1579 3916 1727 3970 enim
1758 3935 1881 3988 qua:
1907 3923 2120 3995 colligit

534 3982 590 4075 in
645 3987 881 4055 mundo,
942 3992 1071 4050 illuc
1106 3999 1393 4067 profectus
1422 4004 1687 4073 abducit.
1731 4011 1827 4065 sed
1859 3982 2121 4075 omnibus

533 4073 589 4129 in
635 4086 779 4135 terra
832 4082 1152 4157 derelictis,
1212 4093 1397 4149 nudus
1442 4095 1511 4153 de
1554 4098 1664 4155 vita
1697 4116 1799 4157 sua
1844 4106 2117 4166 rationem

530 4170 734 4228 reddit.

1128 4296 1281 4355 CAP.
1312 4300 1544 4361 LXVIII.

599 4394 909 4468 Imperator
955 4405 1181 4474 quidem
1231 4419 1321 4467 est
1347 4417 1597 4473 omnium
1654 4421 1957 4493 dominus;
2019 4429 2113 4484 sed

531 4485 649 4555 ipse
697 4504 822 4545 cum
872 4497 1137 4555 omnibus
1170 4501 1265 4558 Dei
1302 4521 1496 4564 servus
1527 4512 1763 4570 exsistit.
1798 4517 1935 4572 Tum
1984 4536 2115 4577 vero

530 4579 767 4635 maxime
800 4585 1090 4642 vocabitur
1117 4590 1398 4663 dominus,
1452 4616 1577 4656 cum
1614 4603 1732 4672 ipse
1786 4607 1890 4661 sibi
1931 4608 2111 4665 domi-

530 4669 672 4771 nari,
705 4688 809 4729 nec
859 4675 1068 4735 illicitis
1098 4686 1479 4757 voluptatibus
1526 4669 1784 4753 famulari
1828 4701 2111 4771 patietur;

530 4761 628 4814 sed
663 4764 991 4835 adiutricem
1020 4774 1164 4843 piam
1208 4781 1478 4838 rationem
1503 4802 1814 4856 assumens,
1848 4794 2111 4855 invictam

529 4853 747 4947 scilicet
767 4859 1189 4923 moderatricem
1225 4874 1395 4930 animi
1430 4881 1916 4947 perturbationum
1938 4891 2110 4947 ratio-

529 4944 617 4999 nis
639 4951 970 5021 expertium,
1015 4958 1315 5021 indomitas
1336 4944 1672 5039 cupiditates
1699 4988 1981 5036 armatura
2016 4998 2112 5039 ca-

528 5039 804 5101 stimoniae
841 5046 1100 5108 debellat.

1130 5168 1283 5228 CAP.
1337 5174 1524 5233 LXIX.

600 5248 1074 5317 Quemadmodum
1130 5266 1339 5324 umbra:
1379 5286 1615 5343 corpora
1669 5284 1993 5346 sectantur,
2032 5278 2115 5336 sic

531 5343 746 5401 animas
775 5347 980 5420 ﬂagitia
1009 5358 1367 5428 comitantur,
1399 5366 1641 5424 evidenti
1665 5370 1842 5441 eﬂigie
1866 5343 2116 5431 actiones

532 5440 919 5508 exprimentia.
948 5446 1075 5505 Ideo
1098 5454 1307 5511 nemini
1337 5457 1418 5515 fas
1441 5467 1527 5515 est
1552 5461 1607 5516 in
1628 5440 1840 5533 judicio
1868 5481 2071 5536 negare
2099 5484 2113 5521 :

529 5533 649 5600 ipsa
688 5536 837 5593 enim
861 5541 1297 5619 uniuscujusque
1314 5565 1481 5623 Opera
1505 5533 2117 5627 obtestabuntur,vhaud

1416 387 1747 451 AGAPETI
1785 378 2096 447 DIACONI
2137 372 2407 435 CAPITA
2445 371 3009 434 ADMONITORIA.

3693 368 3831 429 1184

2822 486 3077 540 ΚΕΦΑΛ.
3134 483 3217 537 ΞΓ
3219 482 3251 540 ’.
3635 492 3641 496 ’

2327 581 2387 632 '0
2446 580 2545 650 μὲν
2571 578 2706 643 Θεὸς
2731 579 2948 642 οὐδενὸς
2988 579 3161 631 δεῖται
3187 596 3201 610 ·
3228 581 3257 631 ὁ
3292 576 3549 648 βασιλεὺς
3577 578 3633 631 δὲ
3667 580 3829 649 μόνου

2243 672 2402 725 Θεοῦ.
2430 672 2617 741 Μιμοῦ
2645 671 2827 725 τοίνυν
2862 671 2954 725 τὸν
2983 671 3198 735 οὐδενὸς
3229 670 3505 741 δεόμενον,
3543 674 3634 725 καὶ
3673 673 3831 744 δαψι-

2242 760 2399 817 λεύου
2445 766 2557 828 τοῖς
2599 764 2809 818 αἰτοῦσι
2841 764 2932 817 τὸν
2966 763 3137 826 ἔλεον,
3177 761 3253 834 μὴ
3297 763 3831 835 ἀκριϐολογούμενος

2243 859 2371 928 περὶ
2400 858 2525 915 τοὺς
2556 858 2680 921 σοὺς
2702 858 2939 923 οἰκέτας,
2966 856 3101 911 ἀλλά
3129 859 3263 911 πᾶσι
3286 857 3542 928 παρέχων
3568 860 3668 922 τὰς
3695 860 3831 929 πρὸς

2241 950 2301 1003 τὸ
2327 949 2426 1021 ζῇν
2448 951 2715 1022 αἰτήσεις.
2756 951 2897 1004 Πολὺ
2938 951 3047 1023 γὰρ
3085 952 3334 1022 κρεῖττόν
3366 953 3481 1005 ἐστι
3522 952 3612 1005 διὰ
3646 954 3830 1019 ἀξίους

2241 1041 2411 1095 ἐλεεῖν
2440 1042 2535 1095 καὶ
2564 1044 2690 1106 τοὺς
2723 1041 3062 1116 ἀναξίους,ἢ
3101 1044 3227 1107 τοὺς
3264 1043 3453 1109 ἀξίους
3499 1046 3828 1117 ἀποστερεῖν

2239 1135 2328 1190 διὰ
2356 1136 2482 1201 τοὺς
2509 1136 2785 1202 ἀναξίους.

2822 1337 2867 1388 Κ
2880 1335 3076 1389 ΕΦΛΛ.
3136 1335 3254 1392 ΞΣ.

2308 1428 2646 1499 Συγγνώμην
2663 1427 2813 1483 αίτού
2823 1446 2983 1497 μενος
3010 1429 3229 1500 ἀμαρτη
3239 1429 3447 1500 μάτων,
3479 1432 3821 1500 συγγίνωσκε

2235 1525 2331 1576 καὶ
2370 1524 2537 1585 αὐτὸς
2568 1526 2681 1586 τοῖς
2716 1516 2803 1586 είς
2826 1524 2885 1576 σὲ
2911 1522 3326 1594 πλημμελοῦσιν
3348 1542 3361 1556 ο
3391 1527 3475 1579 ὅτι
3506 1526 3698 1595 ἀφέσει
3725 1529 3824 1581 ἀν-

2232 1616 2487 1670 τιδίδοται
2542 1616 2775 1683 ἄφεσις,
2845 1618 2940 1671 καὶ
2996 1621 3065 1690 τῇ
3117 1619 3254 1689 πρὸς
3308 1620 3436 1682 τοὺς
3498 1620 3822 1690 ὁμοδούλους

2233 1710 2389 1781 ἡμῶν
2430 1709 2766 1784 καταλλαγῇ,
2809 1714 2843 1783 ή
2889 1712 3028 1784 πρὸς
3075 1713 3208 1766 Θεὸν
3256 1714 3409 1783 φιλία
3460 1717 3555 1769 καὶ
3602 1718 3821 1770 οἰκείω-

2235 1818 2320 1866 σις
2351 1800 2489 1874 (ιγ).

2816 1918 3069 1971 ΚΕΦΑΛ.
3121 1910 3240 1974 EE’.

2304 2013 2396 2065 Δεῖ
2430 2012 2523 2066 τὸν
2554 2013 2863 2084 ἀμέμπτως
2884 2016 3141 2068 ἀνάσσειν
3173 2014 3565 2082 ἐσπουδακότα,
3599 2018 3694 2071 καὶ
3720 2019 3822 2084 τὰς

2229 2104 2339 2157 τῶν
2355 2104 2555 2171 ἔξωθεν
2579 2106 2797 2172 ἀδοξίας
2820 2108 3209 2176 φυλάττεσθαι,
3228 2110 3321 2163 καὶ
3339 2110 3532 2163 ἐαυτὸν
3554 2110 3659 2181 πρὸ
3676 2113 3820 2165 ὲκεί-

2231 2214 2341 2249 νων
2389 2198 2767 2269 αἰσχύνεσθαι,
2807 2202 2894 2255 ἴνα
2924 2204 3015 2255 καὶ
3054 2201 3149 2255 τοῦ
3182 2202 3433 2273 φανερῶς
3479 2205 3821 2275 ἁμαρτάνειν

2228 2286 2295 2339 δι’
2328 2287 2567 2354 ἐκείνους
2590 2291 2882 2361 ἀπέχηται,
2911 2293 3002 2345 καὶ
3030 2292 3123 2345 τοῦ
3160 2296 3279 2347 κατ’
3305 2294 3439 2348 ἰδίαν
3475 2294 3820 2365 πλημμελεῖν

2231 2379 2325 2447 ὑφ’
2346 2380 2542 2433 ἑαυτοῦ
2574 2380 2874 2451 κωλύηται.
2911 2384 2971 2436 Ei
2999 2383 3105 2455 γὰρ
3135 2386 3183 2437 oi
3212 2385 3444 2455 ὑπήκοοι
3471 2385 3655 2449 αἰδοῦς
3675 2386 3820 2453 ἄξιοι

2232 2469 2536 2537 φαίνονται,
2572 2470 2756 2542 πολλῷ
2788 2472 2950 2527 πλέον
2985 2474 3013 2527 ὁ
3042 2471 3298 2544 βασιλεὺς
3322 2473 3472 2540 ἄξιος
3493 2475 3698 2549 ταύτης
3729 2478 3816 2547 γί-

2230 2578 2403 2615 νεται.

2790 2770 3043 2825 ΚΕΦΛΛ.
3096 2770 3233 2840 Ξςτο.

2310 2856 2542 2912 Ἰδιὼτου
2576 2861 2679 2931 μὲν
2707 2856 2847 2915 εἶναι
2880 2864 3081 2918 κακίαν
3109 2882 3183 2936 φη
3194 2867 3278 2935 μὶ,
3303 2866 3365 2918 τὸ
3388 2868 3649 2939 πράττειν
3672 2867 3817 2940 φαῦ-

2224 2950 2292 3004 λα
2315 2952 2408 3004 καὶ
2440 2953 2716 3017 κολάσεως
2740 2956 2895 3020 ἄξια·
2928 2956 3189 3027 ἄρχοντος
3218 2958 3276 3011 δὲ
3314 2960 3605 3031 πονηρίαν,
3640 2962 3700 3016 τὸ
3738 2962 3817 3034 μὴ

2226 3046 2398 3096 ποιεῖν
2424 3044 2493 3097 τὰ
2523 3044 2663 3099 καλά
2688 3047 2780 3099 καὶ
2812 3048 3084 3120 σωτηρίας
3114 3048 3377 3121 πρόξενα.
3405 3053 3480 3105 Ού
3509 3052 3619 3122 γὰρ
3650 3055 3683 3123 ή
3706 3054 3820 3107 τῶν

2225 3135 2412 3188 κακῶν
2434 3137 2611 3208 ἀποχὴ
2636 3136 2834 3191 δικαιοῖ
2854 3139 2944 3192 τὴν
2963 3140 3289 3209 κρατοῦντα,
3311 3142 3477 3213 ἀλλ’ἢ
3502 3143 3609 3197 τῶν
3633 3145 3818 3201 καλῶν

2229 3226 2444 3298 παροχὴ
2469 3231 2726 3296 στεφανοῖ
2755 3230 2846 3283 τὸν
2879 3231 3145 3287 τοιοῦτον.
3182 3233 3273 3302 Μὴ
3313 3233 3474 3303 μόνον
3502 3236 3686 3290 τοίνυν
3713 3254 3818 3291 πο-

2223 3320 2415 3391 νηρίας
2445 3318 2747 3391 ἀπέχεσθαι
2779 3322 3085 3391 λογιζέσθω
3110 3366 3127 3392 ,
3164 3324 3301 3379 ἀλλά
3339 3328 3436 3380 καὶ
3467 3327 3814 3401 δικαιοσύνης

2224 3411 2549 3483 ἀντέχεσθαι
2583 3414 2955 3479 σπουδαζέτω.

2805 3532 3059 3586 ΚΕΦΑΛ.
3100 3532 3218 3588 ΞΖ’.

2306 3619 2660 3693 Ἀξιωμάτων
2675 3622 3071 3696 λαμπρότητας
3087 3627 3147 3678 ού
3162 3627 3491 3680 δυσωπεῖται
3506 3629 3539 3680 ὁ
3558 3628 3812 3693 θάνατος’

2222 3717 2364 3772 κατά
2396 3719 2610 3772 πάντων
2646 3720 2755 3792 γὰρ
2797 3721 3078 3775 ἐπιϐάλλει
3119 3722 3245 3784 τοὺς
3285 3722 3619 3792 παμφάγους
3647 3723 3814 3777 αὑτοῦ

2220 3810 2460 3875 ὀδόντας.
2494 3812 2707 3865 Οὐκοῦν
2740 3813 2966 3885 πρὸτῆς
3002 3815 3214 3869 ἐκείνου
3254 3817 3628 3887 ἀπαραιτήτου
3671 3834 3817 3886 παρ-

2221 3904 2409 3967 ουσίας
2442 3945 2458 3969 ,
2515 3905 2840 3977 μεταθῶμεν
2887 3908 2970 3972 είς
3026 3909 3258 3980 οὐρανὸν
3303 3910 3404 3981 τὴν
3445 3911 3556 3963 τῶν
3595 3912 3816 3983 χρημά-

2220 4014 2328 4050 των
2379 3999 2717 4068 περιουσίαν.
2754 4000 2945 4065 Οὐδεὶς
2975 4001 3084 4073 γάρ
3130 4002 3165 4056 ἃ
3218 4004 3277 4056 ἐν
3319 4007 3511 4076 κόσμῳ
3562 4005 3815 4073 συνάγει,

2222 4091 2403 4143 ἐκεῖσε
2447 4091 2816 4163 ἀποδημήσας
2867 4093 3120 4162 ἀπάγει,
3166 4094 3305 4149 ἀλλά
3353 4096 3531 4150 πάντα
3585 4095 3815 4152 καταλι-

2219 4182 2340 4237 πὼν
2372 4182 2468 4239 ἐπὶ
2503 4185 2628 4255 γῆς,
2656 4186 2864 4255 γυμνὸς
2888 4185 3262 4255 λογοοετεῖται
3290 4188 3382 4243 τὸν
3417 4188 3534 4259 βίον
3565 4187 3757 4243 αὑτοῦ.

2789 4305 3043 4357 ΚΕΦΑΔ.
3094 4305 3221 4359 ΞΗ’.

2290 4418 2496 4489 Κύριος
2542 4421 2640 4490 μὲν
2685 4420 2905 4474 πάντων
2953 4421 3100 4474 ἐστὶν
3132 4423 3161 4474 ὁ
3193 4420 3448 4489 βασιλεὺς
3478 4465 3492 4488 ,
3520 4421 3706 4485 δοῦλος
3753 4422 3819 4477 δὲ

2146 4557 2194 4618 D
2224 4511 2364 4582 μετά
2409 4512 2629 4567 πάντων
2680 4514 2914 4585 ὑπάρχει
2940 4514 3100 4569 Θεοῦ.
3144 4514 3279 4568 Τότε
3304 4514 3360 4568 δέ
3390 4515 3627 4585 μάλιστα
3674 4514 3818 4589 κλη-

2222 4609 2450 4679 θήσεται
2496 4609 2718 4681 κύριος,
2766 4610 2895 4664 ὅταν
2938 4610 3102 4674 αὐτὸς
3144 4609 3340 4664 ἐαυτοῦ
3387 4610 3623 4681 δεσπόζῃ
3650 4651 3664 4671 ,
3714 4610 3817 4663 καὶ

2222 4703 2343 4765 ταῖς
2376 4702 2599 4767 ἀτόποις
2657 4704 2871 4775 ἡδοναῖς
2929 4702 3004 4773 μὴ
3031 4700 3297 4774 δουλεύῃ,
3334 4702 3475 4756 ἀλλὰ
3520 4702 3815 4772 σύμμαχον

2223 4793 2362 4864 ἔχων
2411 4794 2502 4848 τὸν
2559 4794 2762 4864 εὐσεϐῆ
2802 4794 3101 4865 λογισμὸν,
3152 4794 3245 4848 τὸν
3316 4795 3589 4865 ἀήττητον
3642 4798 3812 4848 αὑτο-

2220 4886 2470 4958 κράτορα
2520 4885 2629 4940 τῶν
2692 4885 2903 4955 ἀλόγων
2960 4885 3151 4940 παθῶν
3177 4924 3192 4949 ,
3267 4887 3396 4950 τοὺς
3452 4886 3816 4956 πανδαμάτο-

2226 4996 2325 5049 ρας
2353 4979 2563 5049 ἔρωτας
2591 4981 2658 5052 τῇ
2719 4978 2996 5052 πανοπλίᾳ
3032 4979 3133 5051 τῆς
3158 4979 3519 5052 σωφροσύνης
3552 4997 3813 5050 καταγω-

2216 5074 2452 5148 νίζηται.

2802 5193 3056 5247 ΚΕΦΑΛ.
3092 5190 3213 5246 ΞΘ’.

2295 5289 2392 5340 Ὃν
2412 5286 2617 5357 τρόπον
2643 5288 2699 5341 αἱ
2742 5288 2894 5341 σκιαὶ
2919 5290 3032 5349 τοῖς
3060 5286 3308 5353 σώμασιν
3338 5284 3565 5338 ’ἐπονται
3585 5325 3600 5348 ,
3631 5281 3814 5345 οὕτως

2222 5378 2490 5450 ἁμαρτίαι
2536 5381 2657 5444 ταῖς
2712 5379 2913 5449 ψυχαῖς
2968 5377 3374 5440 ἀκολουθοῦσιν,
3425 5376 3669 5448 ἐναργῶς
3708 5375 3814 5437 τὰς

2224 5470 2456 5540 πράξεις
2503 5470 2950 5538 ἐξεικονίζουσαι.
2993 5471 3094 5525 Διὰ
3128 5470 3287 5525 τοῦτο
3328 5472 3431 5525 οὐκ
3462 5470 3608 5523 ἐστιν
3649 5469 3708 5520 ἐν
3738 5470 3809 5537 τῇ

2226 5562 2405 5629 κρίσει
2437 5562 2797 5633 ἀρνήσασθαιο
2817 5563 2958 5617 αὐτὰ
2988 5563 3095 5635 γὰρ
3122 5562 3355 5617 ἑκάστου
3386 5563 3815 5633 καταμαρτυρή-

2101 5715 2331 5773 NOTAE.

611 5802 727 5881 (Π)
767 5815 1293 5892 Καὶοὶκεέωσις.1η
1352 5828 1545 5889 codice
1580 5830 1752 5897 Regio
1805 5835 1864 5892 Β.
1893 5834 2114 5901 legitur.

2225 5834 2247 5887 πὶ
2274 5834 2528 5901 ὁμοίωσις
2561 5833 2792 5903 γίνεται.
2825 5836 3058 5892 But-tn.
