4148 6442
368 424 506 489 1193

1586 421 1686 480 DE
1727 419 2011 481 SECTIS.
2053 446 2122 455 —
2159 419 2323 479 ACT.
2362 419 2408 478 Ι.

3496 409 3520 473 1
3536 411 3635 475 194

366 549 655 608 perrarum
675 574 690 598 ,
721 531 817 604 qui
848 530 955 586 fuit
984 528 1118 585 olim
1145 529 1447 585 cardinalis
1475 530 1736 597 Salviati,
1766 532 1969 587 deinde
2001 532 2185 603 gentis
2210 528 2634 594 Columnensis,
2665 536 2721 582 et
2749 542 2835 582 me
2864 535 3146 598 postremo
3168 535 3296 583 ante
3327 526 3429 583 hos
3457 542 3637 581 annos

364 626 599 699 praeside
631 625 697 681 ad
728 623 1121 679 bibliothecam
1145 623 1466 679 Vaticanam
1506 626 1691 694 pretio
1728 626 2033 680 translatus
2065 635 2179 692 est;
2216 625 2337 694 cepi
2372 624 2668 679 consilium
2701 622 2876 678 Graeci
2915 632 3099 678 textus
3131 622 3398 692 elegantis
3433 621 3641 693 oppido

363 734 421 780 et
444 722 569 793 puri
600 722 749 794 typis
779 719 1141 793 imprimendi
1178 737 1192 773 :
1225 734 1334 788 qua
1364 718 1421 772 in
1452 733 1512 772 re
1546 727 1663 774 tum
1710 719 1835 773 aliis
1865 719 2176 775 commodis
2208 717 2441 791 (legesis
2470 719 2577 773 col.
2625 718 2815 783 1976),
2859 726 2973 771 tum
3010 715 3299 771 securitati
3329 716 3639 786 praesertim

365 819 577 874 servire
602 832 689 872 me
710 817 955 871 arbitror
976 834 991 869 :
1014 829 1141 869 nam
1163 812 1210 868 si
1247 811 1390 867 forte
1426 827 1558 866 casu
1593 812 1780 882 aliquo
1799 812 2100 869 Vaticanus
2130 812 2309 867 codex
2348 812 2581 882 periret,
2604 824 2716 866 non
2751 808 2912 864 facile
2946 808 3079 863 alibi
3115 808 3171 865 id
3203 810 3434 880 jactura:
3466 824 3642 880 genus

367 920 738 981 repararetur.

374 1108 497 1141 ﬂ»...
546 1104 3619 1138 νμΜΜμη-ηγ-ν-ῇ--α--α-ᾝ-ΜΙ

420 1122 503 1136 ῑ-οἱῗ
546 1122 1807 1138 νμα--Μυμα-σγ-νῌ

779 1277 1429 1409 LEONTII
1521 1276 2405 1409 BYZANTINI
2499 1274 3231 1411 MONACHI

1675 1548 2316 1709 OPERA

1057 1837 1337 1944 QUIE
1426 1837 2061 1931 HACTENUS
2155 1834 2958 1931 PRODIERUNT

1154 2053 1340 2097 SIMUL
1370 2053 1715 2111 COLLECTA,
1746 2054 2095 2100 RECENSITA
2122 2055 2435 2110 NOTISQUE
2466 2057 2871 2101 ILLUSTRATA.

1346 2309 2600 2352 ’ψ

552 2578 1343 2704 ΛΕΟΝΤΙΟΥ
1418 2583 2533 2707 ΣΧΟΛΑΣΤΙΚΟΥ
2604 2592 3455 2712 ΒΥΖΑΝΤΙΟΥ

1693 2813 2333 2950 ΣΧΟΛΙΑ

359 3048 502 3102 ᾹΠΟ
546 3050 777 3102 ΦΩΝΗΣ
814 3049 1196 3114 ΘΕΟΔΩΡΟΥ,
1245 3050 1383 3103 ΤΟΥ
1431 3048 1999 3103 ΘΕΟΦΙΛΕΣΤΑΤΟΥ
2041 3050 2219 3101 ABBA
2264 3050 2383 3100 ΚΑΙ
2438 3049 2845 3103 ΣΟΦΩΤΛΤΟΥ
2897 3052 3313 3121 ΦΙΛΟΣΟΦΟΥ,
3360 3052 3504 3106 ΤΗΝ
3552 3054 3639 3108 ΤΗ

1128 3140 1333 3194 ΘΕΙΑΝ
1378 3140 1496 3195 ΚΑΙ
1532 3139 1890 3194 ΕΞΩΤΙΚΗΝ
1926 3140 2544 3194 ΦΙΛΟΣΟΦΗΣΑΝΊῸΣ
2582 3142 2881 3197 ΓΡΑΦΗΝ.

1056 3385 1561 3483 LEONTII
1637 3390 2234 3487 ADVOCATI
2315 3391 2976 3537 BYZANTINI

1222 3592 1225 3596 ’
1667 3606 2353 3740 SCHOLIA

361 3854 467 3915 Εἴ(
503 3852 657 3915 ORE
689 3853 1087 3915 THEODORI
1129 3854 1739 3915 RELIGIOSISSIMI
1777 3855 2120 3929 ABBATIS,
2164 3855 2761 3930 DOCTISSIMIQUE
2800 3861 3299 3937 PHILOSOPHI,
3340 3863 3633 3926 DIVINIS

956 3950 1298 4009 PARITER
1336 3947 1880 4019 EXTERNISQUE
1920 3948 2281 4007 LITTERIS
2317 3947 2665 4025 ERUDITI,
2706 3950 3073 4012 EXCEPTA.

753 4100 1050 4171 Interprete
1079 4099 1285 4156 Joanne
1310 4096 2057 4169 LEUNCLAVIO.—(GALL.\ND.
2092 4098 2205 4154 νει.
2241 4099 2469 4155 Patrum
2505 4099 2753 4157 Biblioth.
2791 4109 2831 4156 t.
2863 4076 2981 4170 Χιί,
3008 4118 3064 4173 p.
3096 4102 3246 4175 625.)

885 4354 1138 4406 ΠΡΛΞΙΣ
1177 4355 1429 4409 ΙΙΡΩἸἩ.

446 4448 777 4516 ’Λναγκαῖόν
822 4448 964 4513 ἐστι,
1004 4446 1299 4517 μέλλοντας
1329 4452 1477 4520 ἡμᾶς
1533 4451 1799 4522 αἱρέσεων
1833 4454 1955 4506 ἐπι-

352 4542 692 4613 μνησθῆναι,
710 4544 928 4613 πρῶτον
948 4544 1075 4614 περὶ
1108 4543 1393 4611 τεσσάρων
1425 4542 1588 4597 τινῶν
1612 4547 1669 4597 ἐν
1698 4548 1820 4608 ταῖς
1843 4545 1953 4599 τῶν

354 4636 626 4708 Πατέρων
652 4637 886 4708 χρήσεσι
930 4635 1225 4691 διαλαϐεῖν.
1264 4637 1389 4690 Εἰσὶ
1436 4636 1493 4690 δὲ
1534 4630 1716 4693 αὗται.
1768 4638 1952 4704 οὐσία,

354 4729 547 4799 φύσις,
595 4730 918 4793 ὑπόστασις,
963 4730 1279 4799 πρόσωπον.
1334 4730 1532 4785 Ίστέον
1558 4726 1652 4785 οὖν
1679 4732 1761 4784 ὅτι
1794 4732 1952 4785 οὐσία

349 4824 459 4877 καὶ
492 4823 658 4891 φύσις
686 4823 884 4876 ταυτὸν
906 4824 1022 4875 ἐστι
1062 4823 1191 4892 παρ’
1223 4824 1404 4885 αὐτοῖς
1435 4840 1449 4854 ο
1486 4824 1580 4878 καὶ
1610 4824 1795 4888 πάλιν,
1816 4825 1951 4878 ὑπό-

354 4934 555 4982 στασις
596 4916 692 4971 καὶ
726 4918 1023 4988 πρόσωπον
1062 4916 1280 4971 ταυτόν.
1338 4916 1511 4970 Οὐσία
1538 4915 1595 4969 δέ
1625 4918 1796 4983 ἐστιν,
1831 4917 1951 4986 ἦτοι

351 5010 543 5083 φύσις,
590 5011 725 5083 παρ’
767 5012 975 5075 αὐτοῖς,
1021 5010 1159 5082 ὅπερ
1200 5011 1247 5064 οἱ
1278 5010 1557 5079 φιλόσοφοι
1588 5010 1839 5080 λέγουσιν
1870 5006 1949 5065 εἴ·

349 5106 467 5168 δος.
517 5098 675 5169 Εἶδος
710 5103 791 5171 δὲ,
826 5104 887 5158 τὸ
935 5105 1078 5159 κατὰ
1112 5103 1324 5158 πολλῶν
1356 5105 1451 5159 καὶ
1478 5104 1846 5176 διαφερόντων
1873 5104 1951 5177 τῷ

347 5195 578 5270 ἀριθμῷ
618 5198 937 5269 λεγόμενον.
988 5198 1319 5253 Ὑπόστασιν
1372 5199 1452 5265 δὲ,
1482 5200 1613 5271 ,ἦτοι
1654 5200 1950 5269 πρόσωπον

350 5288 643 5355 καλοῦσιν,
671 5290 808 5360 ὅπερ
840 5291 890 5343 οἱ
919 5291 1202 5360 φιλόσοφοι
1228 5292 1431 5362 ἄτομον
1463 5292 1651 5346 οὐσίαν
1676 5292 1895 5361 λέγουσι
1930 5311 1945 5324 ο

348 5381 543 5445 καλῶς
571 5382 629 5436 δὲ
652 5382 1130 5454 προστεθείκαμεν
1157 5386 1361 5452 ἄτομον
1390 5385 1602 5440 οὐσίαν.
1626 5386 1689 5440 Οἱ
1718 5385 1828 5458 γὰρ
1858 5387 1950 5439 ὲκ-

345 5474 741 5547 κλησιαστικοὶ
801 5476 870 5530 τὰ
913 5477 1092 5547 ἄτομα
1143 5478 1251 5530 τῶν
1301 5478 1763 5549 συμϐεϐηκότων,
1824 5478 1948 5532 οὔτε

346 5567 652 5639 πρόσωπον
684 5566 966 5634 καλοῦσιν,
1000 5567 1127 5622 οὔτε
1166 5569 1491 5623 ὑπόστασιν.
1525 5570 1743 5624 Τούτων
1772 5571 1949 5633 οὕτως

344 5661 846 5733 προεγνωσμένων,
897 5663 930 5730 ἡ
974 5661 1221 5733 ἡμετέρα
1263 5661 1445 5725 πίστις
1487 5662 1658 5728 ἐστὶν,
1703 5664 1787 5716 ὅτι
1847 5661 1944 5733 μία

342 5755 470 5809 ἐστὶ
499 5754 690 5825 θεότης
730 5756 787 5809 ἐν
814 5754 993 5824 τρισὶν
1023 5753 1356 5808 ὑποστάσεσι
1386 5756 1672 5827 νοουμένη.
1700 5757 1857 5809 Ἐστι
1885 5756 1942 5809 δὲ

346 5843 456 5916 μία
498 5843 802 5907 ὑπόστασις
836 5845 871 5913 ὴ
910 5842 1005 5896 τοῦ
1048 5844 1282 5913 Πατρὸς,
1333 5845 1428 5900 καὶ
1463 5848 1560 5917 μία
1590 5847 1622 5918 ἠ
1659 5846 1754 5901 τοῦ
1786 5847 1939 5913 Υἱοΰ,

600 5939 876 6005 ΡΑτιιοι.
910 5944 1029 6005 GR.
1066 5940 1396 6004 LXXXVI.

1983 4268 2051 4278 .—

2602 4354 2809 4413 ACTIO
2854 4358 3091 4415 PRIMA.

2126 4451 2167 4506 Ι.
2196 4450 2335 4507 Cum
2362 4467 2430 4506 ex
2463 4450 2818 4522 antiquitatis
2854 4454 3122 4507 memoria
3158 4462 3435 4509 sectarum
3467 4454 3642 4510 histo-

2055 4544 2193 4599 riam
2227 4546 2520 4617 repetituri
2550 4548 2743 4615 simus,
2767 4548 3143 4604 necessarium
3173 4556 3278 4612 est,
3308 4547 3375 4602 de
3398 4556 3639 4617 quattuor

2056 4646 2117 4692 ut
2157 4640 2444 4696 vocabulis
2492 4658 2615 4711 quae
2667 4643 2723 4697 in
2765 4643 2990 4697 Patrum
3041 4642 3208 4697 dictis
3256 4641 3639 4712 reperiuntur,

2053 4732 2244 4802 paucis
2281 4733 2639 4790 disseramus.
2684 4736 2763 4789 Ea
2810 4735 3081 4790 vocabula
3134 4742 3264 4790 sunt
3300 4734 3635 4797 substantia,

2053 4834 2271 4891 natura,
2316 4827 2645 4898 hypostasis,
2692 4844 2951 4899 persona.
2992 4828 3293 4883 Sciendum
3324 4843 3455 4899 ergo
3505 4828 3642 4882 sub~

2052 4919 2311 4973 stantiam
2329 4928 2385 4974 et
2406 4931 2661 4977 naturam
2684 4922 2829 4992 apud
2858 4923 3005 4991 ipsos
3028 4922 3173 4977 idem
3195 4938 3339 4976 esse:
3359 4937 3423 4975 ac
3445 4935 3641 4975 rursus

2053 5012 2222 5077 idem,
2276 5014 2613 5084 hypostasim
2675 5025 2733 5070 et
2788 5032 3103 5086 personam.
3151 5013 3475 5070 Substantia
3522 5012 3639 5067 sive

2051 5112 2249 5158 natura
2297 5111 2383 5159 est
2427 5105 2574 5174 apud
2629 5121 2760 5168 eos,
2821 5104 2969 5174 quod
3016 5103 3332 5174 pliilomphi
3396 5100 3637 5170 speciem

2052 5205 2272 5251 vocant.
2299 5197 2368 5252 Et
2396 5198 2611 5267 species
2638 5208 2744 5263 est,
2770 5214 2894 5269 quae
2928 5198 2996 5251 de
3029 5197 3288 5266 pluribus
3318 5210 3383 5249 ac
3406 5208 3639 5247 numero

2052 5291 2290 5346 diversis
2340 5292 2568 5348 dicitur.
2625 5291 2957 5363 llypostasin
3003 5306 3136 5345 vero
3184 5289 3301 5343 sive
3344 5301 3638 5358 personam

2051 5393 2284 5451 vocant,
2333 5385 2481 5455 quod
2515 5384 2834 5454 philosophi
2884 5382 3226 5440 individuam
3266 5380 3634 5436 substantiam

2051 5476 2275 5532 dicunt:
2320 5492 2384 5532 ac
2428 5485 2581 5533 recte
2625 5478 2847 5548 quidem
2901 5477 3239 5547 adjecimus,
3292 5473 3635 5528 individuam

2052 5568 2454 5623 substantiam:
2491 5584 2618 5623 nam
2649 5569 3015 5624 ecclesiastici
3042 5569 3349 5639 scriptores
3379 5564 3643 5620 acciden-

2052 5660 2188 5713 tium
2206 5658 2491 5713 individua
2510 5674 2612 5713 nec
2628 5674 2923 5728 personam
2939 5665 3160 5723 vocant,
3174 5673 3278 5712 nec
3292 5656 3637 5729 hypostasin.

2054 5750 2152 5805 liis
2174 5750 2251 5803 ita
2288 5749 2670 5820 prazcognitis,
2710 5749 2872 5805 ﬁdem
2908 5751 3051 5804 hanc
3083 5749 3431 5820 proﬁtemur,
3469 5761 3638 5799 unam

2053 5846 2267 5902 scilicet
2285 5859 2407 5901 esse
2428 5842 2798 5911 divinitatem,
2821 5859 2944 5915 quae
2963 5842 3141 5899 tribus
3159 5842 3215 5897 in
3245 5838 3638 5913 hypostasibus

3230 5936 3310 5997 38
