4148 6432
528 413 663 478 1195

1764 406 2073 466 LEONTII
2115 404 2523 464 BYZANTINI

3663 396 3797 461 1195

525 523 888 593 intelligatur.
916 520 1035 575 Una
1076 517 1251 572 Patris
1280 522 1363 570 est
1391 512 1725 585 hypostasis,
1758 513 1928 566 altera
1957 510 2102 575 Filii,

2237 511 2304 563 ιαὶ
2337 512 2433 582 μία
2472 512 2505 580 ἡ
2539 508 2634 563 τοῦ
2668 506 2825 578 ἁγίου
2857 508 3177 578 Πνεύματος
3210 526 3223 539 ο
3257 505 3430 562 ταῦτα
3461 506 3518 562 δὲ
3551 508 3619 562 τὰ
3648 513 3796 581 τρία.

528 621 687 675 tertia
717 616 959 686 Spiritus
987 611 1160 667 sancti
1185 629 1195 664 :
1234 620 1399 679 atque
1428 608 1547 662 haec
1576 607 1678 661 tria
1708 606 1845 660 nihil
1871 607 2016 659 inter
2048 618 2105 657 se

2211 603 2362 655 οὐδὲν
2411 601 2658 671 ἀλλήλων
2713 600 3086 671 διαφέρουσιν,
3155 601 3201 652 εί
3251 600 3324 671 μὴ
3380 601 3538 669 μόνον
3566 603 3703 655 κατὰ
3734 603 3801 653 τέι

530 713 816 771 diﬂ‘crunt,
850 706 955 761 nisi
978 706 1095 759 solo
1112 702 1511 773 proprietatum
1536 708 1813 768 respectu;
1836 705 2111 767 quatenus

2237 691 2482 762 διώματα
2506 708 2518 721 °
2563 691 2706 745 κατὰ
2742 692 2824 757 τὸ,
2864 690 2955 743 τὸν
2987 690 3108 760 μὲν,
3136 687 3275 743 εἶναι
3302 690 3524 762 Πατέρα
3553 708 3566 722 ·
3600 693 3691 745 τὸν
3723 692 3802 751 δὲ.

530 804 619 857 hic
650 803 809 856 Pater
834 807 936 859 est,
964 798 1103 850 alter
1135 795 1325 859 Filius,
1360 793 1559 847 tertius
1586 790 1829 860 Spiritus
1861 799 2107 844 sanctus.

529 898 661 951 Nam
698 895 894 947 horum
924 890 1090 943 trium
1116 904 1223 941 una
1251 894 1335 941 est
1369 884 1701 947 substantia,
1739 892 1794 937 et
1818 898 1925 936 una
1960 890 2113 952 pote-

531 1001 662 1052 stas,
697 1002 805 1041 una
831 985 1107 1039 voluntas.
1142 982 1199 1033 ln
1230 981 1335 1033 hoc
1380 987 1595 1033 tantum
1640 977 1929 1040 diﬂerunt,
1963 975 2112 1044 quod

532 1080 703 1134 Filius
724 1094 788 1131 ex
814 1078 973 1130 Patre
995 1071 1255 1143 gignitur,
1276 1070 1515 1139 Spiritus
1531 1085 1595 1123 ex
1619 1084 1683 1122 eo
1704 1067 1971 1138 procedit.
1993 1065 2115 1131 Quo

534 1178 715 1223 autem
742 1167 905 1219 modo
936 1166 1019 1218 vel
1046 1164 1215 1217 Filius
1240 1177 1309 1216 ex
1345 1176 1412 1214 co
1439 1159 1719 1230 gignatur,
1756 1159 1840 1212 vel
1874 1157 2117 1227 Spiritus

536 1269 757 1315 sanctus
778 1257 1065 1327 procedat,
1103 1254 1376 1309 curiosius
1402 1251 1843 1321 investigandum
1878 1265 1985 1303 non
2011 1257 2115 1303 est.

538 1351 837 1403 Sciendum
884 1363 1039 1411 vero,
1070 1361 1182 1399 non
1212 1346 1456 1399 humano
1481 1358 1633 1397 more
1663 1342 1863 1405 Patris,
1889 1348 1944 1394 et
1972 1338 2115 1402 Filii,

538 1451 593 1493 et
627 1440 801 1494 sancti
835 1438 1076 1507 Spiritus
1106 1450 1272 1489 voces
1303 1432 1675 1503 accipiendas.
1702 1430 1919 1499 Quippe
1950 1443 2121 1482 sacra:

542 1532 761 1583 Littera:
780 1529 859 1583 sic
874 1527 992 1581 istis
1012 1524 1338 1595 simpliciter
1354 1520 1818 1592 appellationibus
1840 1534 1952 1572 usa:
1968 1527 2119 1579 sunt,

542 1628 709 1691 prout
750 1620 817 1673 de
853 1619 1019 1671 rebus
1056 1618 1125 1671 iis
1161 1616 1362 1671 docere
1394 1630 1458 1668 ac
1498 1614 1647 1683 loqui
1690 1612 1865 1675 licuit,
1904 1624 2120 1679 nosque

543 1712 736 1765 auditu
777 1712 1062 1781 percipere
1108 1708 1410 1777 potuimus.
1450 1704 1575 1758 ilice
1609 1719 1741 1773 ergo
1774 1710 1962 1756 sancta
2002 1699 2125 1751 Tri-

544 1803 707 1865 nitas,
740 1815 956 1869 unaquc
989 1798 1271 1860 divinitas,
1307 1810 1535 1865 prorsus
1568 1810 1632 1848 ex
1665 1793 1841 1846 nihilo
1872 1790 2126 1845 condidit

2217 786 2344 837 Υἱόν
2382 800 2398 817 ο
2437 784 2529 836 τὸν
2561 783 2641 848 δέ,
2678 784 2903 853 Πνεῦμα
2936 784 3111 851 ἅγιον.
3154 784 3311 837 Ἐπεὶ
3339 783 3439 853 μία
3467 784 3623 837 οὐσία
3645 784 3805 853 ἡτῶν

2215 873 2406 943 τριῶν,
2437 874 2530 925 καὶ
2564 872 2665 941 μία
2716 873 2969 943 δύναμις,
3020 872 3117 925 καὶ
3154 872 3253 942 μία
3296 872 3572 942 βούλησις.
3636 874 3808 927 Τοῦτο

2221 966 2383 1035 μόνον
2414 964 2786 1034 διαφέρουσιν,
2823 965 2904 1017 ὅτι
2939 965 2967 1015 ὁ
3012 964 3111 1034 μὲν
3146 965 3274 1028 Υἱὸς
3313 968 3568 1033 γεννᾶται
3610 968 3675 1020 ἐκ
3714 967 3807 1020 τοῦ

2220 1055 2456 1123 Πατρὸς,
2478 1053 2541 1104 τὸ
2560 1052 2617 1105 δὲ
2644 1052 2868 1123 Πνεῦμα
2896 1051 3259 1121 ἐκπορεύεται
3290 1052 3348 1120 ἐξ
3385 1054 3575 1107 αὑτοῦ.
3601 1046 3808 1117 Πῶςδὲ

2220 1146 2541 1215 γεννᾶταιὸ
2570 1144 2699 1207 Υἱὸς
2738 1144 2796 1210 ἐξ
2848 1143 3038 1207 αὐτοῦ,
3082 1144 3115 1214 ἢ
3173 1144 3291 1208 πῶς
3341 1146 3699 1216 ἐκπορεύεται
3752 1149 3811 1199 τὸ

2222 1234 2445 1303 Πνεῦμα
2470 1233 2531 1285 τὸ
2555 1233 2731 1301 ἆγιον,
2759 1234 2820 1285 ού
2848 1232 2929 1285 δεῖ
2960 1234 3443 1304 περιεργάζεσθαι.
3495 1236 3693 1289 Ἰστέον
3730 1236 3808 1297 δὲ.

2220 1327 2304 1378 ὅτι
2334 1325 2433 1393 ούχ
2468 1323 2542 1387 ὼς
2580 1323 2671 1375 ἐπὶ
2700 1322 2795 1376 τοῦ
2824 1322 3115 1394 ἀνθρώπου
3146 1324 3227 1377 δεῖ
3265 1328 3408 1378 νοεῖν
3438 1326 3529 1379 τὸν
3568 1328 3809 1398 Πατέρα,

2223 1418 2433 1471 καὶτὸν
2458 1416 2608 1481 Υίὸν,
2650 1416 2747 1470 κει)¹
2773 1417 2835 1469 τὸ
2876 1418 3030 1485 ἅγιον
3057 1467 3065 1485 ,ν
3087 1417 3332 1487 Πνεῦμα.
3404 1418 3469 1471 Ἦ
3526 1418 3636 1489 γὰρ
3682 1418 3814 1486 ἁγία

2226 1507 2419 1577 Γραφὴ
2449 1506 2620 1571 οὕτως
2647 1507 2835 1570 ἁπλῶς
2866 1506 3039 1561 ταῦτα
3078 1508 3385 1578 ὠνόμασεν,
3422 1508 3497 1571 ὡς
3535 1510 3601 1563 ἂν
3640 1511 3813 1580 ηύπό-

2230 1619 2362 1672 ρησε
2386 1602 2514 1671 περὶ
2541 1600 2722 1654 αὐτῶν
2745 1601 2957 1665 διδάξαι
2976 1603 3068 1655 καὶ
3102 1604 3297 1662 εἰπεῖν,
3338 1602 3433 1656 καὶ
3462 1605 3624 1674 ἡμεῖς
3652 1604 3809 1675 δυνη-

2230 1697 2455 1766 θείημεν
2508 1694 2761 1747 άκοῦσαι.
2809 1695 2959 1766 Αῦτη
2992 1696 3174 1749 τοίνυν
3210 1698 3243 1766 ὴ
3286 1697 3419 1765 ἁγία
3470 1696 3661 1768 Τριάς,
3719 1698 3815 1767 μία

2230 1792 2444 1861 θεότης,
2482 1792 2543 1843 ἐκ
2574 1790 2669 1843 τοῦ
2711 1791 2938 1861 μηδαμῆ
2983 1790 3251 1861 μηδαμῶς
3286 1792 3458 1857 δντος,
3492 1792 3715 1863 ἐποίησε
3748 1792 3818 1845 τά

545 1894 839 1955 universa,
903 1899 1010 1945 tam
1061 1887 1420 1959 aspcctabilia
1462 1900 1627 1955 quam
1684 1881 2122 1952 inuspeetabilia.

2237 1884 2431 1950 πάντα,
2459 1886 2528 1939 τά
2554 1902 2615 1939 τε
2649 1884 2845 1956 ὁρατὰ,
2885 1885 2979 1937 καὶ
3011 1886 3243 1955 ἀόρατα.
3292 1885 3352 1938 Εἰ
3383 1886 3439 1938 δὲ
3494 1886 3562 1939 τὰ
3607 1886 3817 1957 ἀόρατα

545 1987 686 2039 Num
740 1998 872 2037 vero
922 1979 1335 2051 inaspectabilia
1386 1979 1543 2048 prius
1590 1978 1730 2031 facta
1777 1975 2020 2039 fuerint,
2059 1990 2125 2028 ex

545 2075 911 2145 sequentibus
940 2073 1331 2142 intelligemus.

616 2171 682 2225 Π.
710 2170 824 2225 lloc
848 2169 1072 2238 quidem
1104 2166 1415 2227 sciendum,
1450 2166 1619 2218 Deum
1646 2178 1741 2217 sex
1772 2162 1971 2217 diebus
2004 2160 2127 2214 uni—

551 2279 707 2317 versa
751 2260 1097 2323 condidisse,
1158 2258 1439 2313 hominem
1488 2256 1682 2309 ultimo
1730 2254 1820 2309 die
1878 2268 2129 2315 creasse,

551 2364 795 2408 creatum
834 2353 888 2405 in
928 2349 1185 2420 paradiso
1219 2347 1541 2402 collocasse.
1566 2343 1710 2410 Quid
1748 2353 1935 2396 autem
1969 2356 2130 2410 para-

552 2448 707 2501 disus
736 2445 829 2512 sit,
869 2443 1133 2511 deinceps
1163 2454 1583 2511 cognoscemus.
1622 2438 1763 2491 llinc
1794 2437 1938 2490 Deus
1967 2450 2132 2489 carne

551 2540 619 2593 de
643 2537 885 2591 hominis
904 2543 1056 2589 costa
1071 2531 1309 2602 quadam
1326 2537 1564 2599 sumpta,
1584 2528 1842 2583 feminam
1864 2526 2130 2589 condidit,

552 2632 642 2685 eui
664 2628 885 2699 quidem
910 2627 977 2681 ab
994 2625 1206 2679 Adamo
1228 2624 1353 2678 Eva:
1378 2638 1580 2675 nomen
1605 2628 1691 2676 est
1715 2620 1949 2675 inditum
1993 2620 2136 2675 Prte-

552 2723 774 2793 seripsit
799 2731 982 2775 autem
1022 2718 1156 2788 ipsis
1181 2701 1501 2771 mandatum
1530 2716 1696 2778 Deus,
1728 2713 1818 2768 cui
1846 2713 1890 2767 si
1924 2713 2137 2766 obtem-

555 2821 836 2885 perarent,
865 2813 1045 2867 salvos
1068 2809 1219 2873 fore,
1254 2809 1338 2862 sin
1368 2815 1577 2871 autem,
1598 2806 1898 2860 morituros
1920 2805 2132 2859 aiebat:

554 2905 703 2975 quod
736 2919 860 2959 cum
892 2903 968 2956 illi
998 2917 1109 2955 non
1140 2899 1552 2969 praestitissent,
1580 2896 1743 2967 cjecti
1776 2896 1843 2951 de
1874 2895 2137 2966 paradiso

554 2998 798 3050 fuerunt:
823 2993 985 3047 simul
1008 2993 1155 3045 Deus
1179 2990 1479 3043 humanum
1500 3003 1675 3058 genus
1691 2996 1776 3043 est
1795 2995 2134 3041 exsecratus.

556 3088 761 3159 Ejectis
802 3095 986 3140 autem
1015 3083 1169 3152 ipsis,
1200 3082 1446 3137 Adamus
1479 3096 1605 3133 eum
1630 3080 1743 3134 Eva
1776 3095 1889 3134 rem
1916 3078 2144 3143 habuit,‘

555 3157 745 3249 eisque
776 3178 890 3232 nati
925 3185 1056 3230 sunt
1088 3184 1197 3229 tres
1226 3174 1346 3238 ﬁlii,
1373 3172 1601 3235 Cainus,
1636 3157 1864 3237 Abel'us,
1903 3171 2128 3226 Sethus.

557 3269 653 3323 His
686 3267 1013 3338 procreatis,
1048 3264 1239 3334 augeri
1274 3279 1449 3334 genus
1482 3265 1783 3317 humanum
1820 3263 2020 3331 cmpit,
2070 3277 2134 3316 ac

556 3357 851 3411 Dominum
901 3354 1217 3409 oﬂendere:
1269 3351 1364 3421 qui
1400 3351 1625 3421 quidem
1674 3350 1754 3404 ira
1794 3358 2134 3413 connnotus,

557 3450 639 3503 cis
674 3447 945 3504 diluvium
980 3442 1227 3507 immisit,
1260 3459 1290 3496 c
1314 3458 1425 3511 quo
1458 3443 1607 3496 solus
1632 3442 1746 3496 Noa
1779 3456 1905 3495 cum
1942 3455 2136 3505 uxore,

559 3541 738 3594 tribus
757 3540 884 3593 (iliis
898 3547 955 3593 et
974 3554 1168 3593 eorum
1186 3537 1475 3599 uxoribus,
1494 3544 1619 3590 octo
1637 3518 1845 3590 scilicet
1862 3533 2137 3598 homines,

561 3634 695 3687 salvi
726 3640 1043 3686 evaserunt.
1077 3631 1174 3686 llis
1204 3632 1458 3693 servatis,
1496 3630 1695 3683 iterum
1731 3643 1867 3697 gens
1898 3627 2139 3680 humana

560 3725 827 3790 excrevit,
846 3739 1173 3793 coepereque
1186 3738 1381 3779 rursus
1393 3723 1623 3778 adorare
1648 3720 1959 3775 simulacra.
1984 3718 2141 3773 Tunc

564 3818 708 3871 Deus
728 3816 783 3869 in
803 3814 1180 3869 Abrahamum
1195 3812 1657 3882 conjecitoculos,
1678 3812 1958 3866 hominem
1979 3808 2142 3866 Chal-

563 3911 763 3976 (locum,
796 3908 1136 3965 habitantem
1173 3910 1225 3960 in
1262 3905 1675 3976 Mesopotamia.
1696 3904 1935 3967 Discede,
1961 3903 2142 3973 inquit

562 4020 688 4057 cum
714 4002 1018 4073 appellans,
1050 4020 1081 4056 a
1112 4001 1349 4071 cognatis
1375 4000 1477 4052 tuis
1512 4008 1559 4051 et
1587 4000 1764 4069 patria
1793 4006 1907 4062 tua,
1939 3999 1993 4051 in
2022 4013 2141 4051 eam

564 4098 831 4166 regionem
862 4112 1021 4166 quam
1056 4111 1149 4165 ego
1186 4093 1279 4147 tibi
1324 4096 1629 4145 monstrabo
1658 4094 1699 4147 ¹.
1730 4090 1849 4157 Quo
1889 4090 2017 4144 inde
2058 4090 2143 4144 di-

562 4202 771 4258 gresso,
802 4186 949 4241 Deus
971 4185 1022 4238 ei
1050 4193 1253 4237 terram
1269 4182 1632 4236 Chananzcam
1660 4181 1776 4235 sive
1798 4181 2140 4236 Palaestinam

561 4280 824 4339 ostendit,
863 4278 1152 4348 inquiens:
1198 4274 1369 4346 Hujus
1406 4290 1499 4345 ego
1539 4282 1587 4327 te
1619 4290 1972 4344 possessorem
2012 4289 2139 4327 con-

560 4375 776 4426 stituam
796 4374 836 4424 ².
863 4372 924 4425 lu
948 4371 1052 4424 hac
1068 4368 1235 4439 igitur
1259 4367 1482 4437 regione
1510 4365 1862 4421 Abrahamus
1893 4365 2139 4420 Isaacum

560 4466 772 4535 genuit,
805 4464 1022 4518 lsaacus
1042 4461 1329 4524 Jacobum,
1351 4459 1589 4515 Jacobus
1619 4458 1686 4511 12
1714 4459 1875 4519 ﬁlios.
1902 4474 2140 4528 quorum

2230 1978 2494 2051 πρότερον
2526 1977 2795 2045 ἐγένοντο,
2832 1978 2890 2031 ἐν
2920 1980 3030 2041 τοῖς
3059 1978 3259 2048 ἐφεξῆς
3292 1978 3672 2049 μαθησόμεθα.

2303 2153 2475 2209 Τοῦτο
2500 2154 2557 2207 δὲ
2585 2153 2668 2207 δεῖ
2695 2152 2924 2221 γνῶναι,
2961 2154 3045 2207 ὅτι
3074 2138 3143 2207 ὲν
3168 2154 3227 2219 εξ
3254 2154 3488 2227 ἡμέραις
3515 2156 3769 2227 ἐποίησεν
3790 2162 3822 2213 ό

2232 2249 2365 2312 Θεὸς
2402 2248 2474 2302 τὰ
2530 2248 2709 2303 πάντα
2733 2266 2746 2279 ·
2797 2252 2853 2301 ἐν
2903 2250 2967 2319 τῇ
3005 2248 3208 2320 ὑστέρᾳ
3235 2249 3311 2313 δὲ,
3352 2249 3578 2319 ἐποίησε
3606 2250 3697 2303 τὸν
3725 2252 3820 2305 άν-

2235 2342 2457 2411 θρωπον
2487 2358 2498 2371 ·
2538 2344 2634 2395 καὶ
2665 2344 2900 2413 ποιήσας
2928 2342 3110 2407 αὐτὸν,
3132 2342 3285 2395 ἔθετο
3314 2343 3478 2396 αὑτὸν
3508 2345 3565 2396 ἐν
3598 2343 3677 2414 τῷ
3716 2362 3823 2397 πα-

2239 2435 2490 2505 ραδείσῳ.
2527 2434 2592 2486 Τί
2633 2434 2690 2487 δέ
2736 2436 2883 2487 ἐστιν
2921 2437 2949 2488 ὁ
2994 2435 3347 2506 παράδεισος,
3394 2437 3454 2489 ἐν
3486 2439 3599 2499 τοῖς
3623 2438 3823 2507 ἐφεξῆς

2236 2524 2585 2596 γνωσόμεθα.
2620 2524 2819 2579 Λαϐὼν
2843 2526 2899 2578 δέ
2933 2528 2961 2579 ό
2990 2526 3125 2590 Θεὸς
3155 2528 3219 2580 ἐκ
3241 2528 3339 2598 τῆς
3370 2530 3502 2598 μιᾶς
3527 2528 3635 2581 τῶν
3658 2529 3823 2582 πλευ-

2240 2617 2351 2686 ρῶν
2375 2617 2540 2669 αὑτοῦ
2574 2618 2776 2689 σάρκα,
2819 2618 3045 2688 ἐποίησε
3076 2621 3332 2686 γυναῖκα,
3374 2620 3498 2691 ἥτις
3530 2620 3823 2691 ὠνομάσθη

2236 2707 2345 2761 ἀπὸ
2371 2706 2467 2760 τοῦ
2502 2708 2673 2777 Ἀδὰμ
2707 2708 2842 2764 Εὔα.
2883 2710 3222 2764 Ἐνετείλατο
3254 2712 3311 2764 δὲ
3351 2712 3539 2776 αὐτοῖς
3577 2714 3823 2785 ἐντολὴν,

2238 2800 2430 2865 εἰπὼν,
2464 2800 2547 2853 ὃτι
2572 2801 2634 2853 Et
2670 2801 2770 2871 μὲν
2819 2802 3095 2872 φυλάξητε
3130 2804 3322 2873 αὐτὴν,
3358 2804 3671 2875 σωθήσεσθε
3704 2823 3719 2837 ο
3775 2809 3825 2859 εί

2238 2893 2296 2946 δὲ
2331 2893 2496 2964 μήγε,
2536 2892 2923 2949 ἀποθανεῖσθε.
2962 2895 3073 2947 Kal.
3108 2895 3182 2966 μὴ
3212 2895 3568 2965 φυλάξαντες,
3599 2896 3826 2969 ἐξεϐλή-

2241 2983 2416 3054 θησαν
2452 2985 2515 3037 ἐκ
2558 2984 2654 3037 τοῦ
2688 2984 3020 3055 παραδείσου
3054 3003 3067 3015 ·
3106 2987 3201 3039 καὶ
3228 2988 3613 3057 ὲκατηράσατο
3640 2991 3668 3041 ό
3694 2989 3828 3051 Θεὸς

2238 3076 2301 3128 τὸ
2332 3075 2670 3146 ἀνθρώπινον
2698 3078 2871 3146 γένος.
2916 3076 3323 3148 Ἐκϐληθέντων
3366 3079 3422 3133 δὲ
3468 3079 3647 3135 αὐτῶν
3684 3082 3829 3149 ἔγνω

2254 3168 2423 3237 Ἀδὰμ
2448 3168 2547 3241 τὴν
2584 3168 2750 3236 Εὕαν,
2803 3172 2897 3223 καὶ
2944 3170 3193 3238 ἐγένοντο
3249 3172 3434 3236 αὐτοῖς
3476 3175 3624 3243 τρεῖς
3678 3175 3825 3239 υἱοὶ,

2240 3259 2404 3324 Κάῖν,
2436 3261 2532 3314 καὶ
2586 3260 2788 3322 Ἀϐελ,
2836 3261 2931 3314 καὶ
2978 3260 3111 3331 Ζήθ.
3159 3262 3380 3315 Τούτων
3430 3264 3827 3334 γεννηθέντων,

2240 3352 2533 3405 ἐπλεόνασε
2594 3353 2655 3405 τὸ
2716 3353 2874 3421 γένος
2915 3353 3027 3408 τῶν
3078 3353 3415 3425 ἀνθρώπων
3455 3356 3550 3408 καὶ
3592 3357 3829 3429 ἧρξαντο

2242 3444 2708 3515 παραπικραίνειν
2736 3443 2826 3497 τὸν
2858 3443 3065 3514 Κύριον
3094 3461 3109 3475 ⁸
3156 3446 3185 3499 ό
3214 3445 3269 3498 δέ
3311 3446 3608 3517 ὀργισθεὶς,
3657 3448 3831 3520 ἐπεμ-

2240 3537 2342 3608 ψεν
2380 3537 2564 3601 αὐτοῖς
2596 3537 2687 3591 τὸν
2730 3538 3139 3620 κατακλυσμὸν,
3175 3538 3234 3603 ἐξ
3278 3533 3340 3593 οὗ
3383 3540 3541 3611 μόνος
3570 3541 3749 3612 ἐσώθη
3799 3546 3828 3595 ό

2243 3630 2387 3694 Νῶε,
2430 3630 2525 3683 καὶ
2558 3630 2769 3701 ήγυνὴ,
2799 3631 2893 3684 καὶ
2942 3631 2992 3683 οἱ
3037 3634 3185 3701 τρεῖς
3231 3632 3337 3684 υἱοὶ
3382 3632 3571 3699 αὐτοῦ,
3627 3635 3721 3688 καὶ
3769 3638 3829 3688 αἱ

2242 3724 2503 3791 γυναῖκες
2526 3721 2727 3788 αὐτῶν,
2757 3724 2806 3775 οἱ
2844 3722 3047 3785 πάντες
3072 3722 3236 3777 όκτώ.
3269 3724 3487 3778 Τούτων
3518 3726 3826 3791 σωθέντων,

2244 3815 2408 3869 πάλιν
2461 3815 2790 3870 ἐπλεόνασεν
2825 3818 2859 3887 ἠ
2892 3816 3211 3888 ἀνθρωπίνη
3254 3817 3440 3887 γενεὰ,
3476 3820 3569 3873 καὶ
3593 3820 3829 3890 ἤρξαντο

2244 3907 2410 3961 πάλιν
2460 3906 2702 3970 εἰδώλοις
2752 3910 3101 3977 προσκυνεῖν.
3144 3909 3254 3962 Καὶ
3301 3910 3423 3962 τότε
3478 3910 3830 3982 ἐπέϐλεψενὸ

2243 4000 2375 4063 Θεὸς
2395 4001 2476 4064 εἰς
2500 3999 2592 4053 τὸν
2639 3999 2910 4071 Ἀϐραάμ,
2941 4000 3109 4071 ἄνδρα
3130 4000 3415 4064 Χαλδαῖον,
3446 4002 3548 4073 τῆς
3570 4005 3828 4057 Μεσοπο-

2243 4092 2447 4163 ταμίας
2484 4091 2690 4162 χώρας,
2728 4091 2822 4145 καὶ
2875 4087 3025 4145 εἶπεν
3064 4091 3212 4163 αύτῷ
3239 4108 3254 4123 ·
3294 4093 3548 4157 Ἔξελθε
3599 4094 3667 4147 ἐκ
3719 4093 3833 4163 τῆς

2244 4184 2606 4253 συγγενείας
2634 4200 2772 4247 σου,
2806 4184 2905 4237 καὶ
2945 4183 3057 4251 τῆς
3090 4183 3203 4255 γῆς
3236 4200 3374 4251 σου,
3408 4185 3507 4239 καὶ
3534 4184 3712 4255 δεῦρο
3742 4192 3831 4253 εις

2244 4276 2363 4347 γῆν
2403 4274 2485 4345 ἢν
2515 4278 2629 4347 ἐγὼ
2680 4292 2779 4329 σοι
2823 4274 3022 4339 δείξω.
3064 4276 3175 4329 Καὶ
3215 4274 3429 4345 ἐξῆλθε,
3490 4277 3585 4329 καὶ
3629 4276 3833 4341 ἔδειξεν

2243 4369 2393 4440 αὐτῷ
2423 4372 2451 4424 ό
2484 4369 2616 4432 Θεὸς
2646 4369 2744 4438 τὴν
2766 4368 2870 4437 γῆν
2897 4370 2997 4437 τῆς
3025 4366 3361 4433 Χαναναίας,
3396 4369 3515 4438 ῆτοι
3540 4369 3837 4423 Παλαιστί-

2244 4480 2363 4533 νης,
2401 4462 2571 4515 εἰπὼν
2611 4462 2763 4531 αὐτῷ
2798 4477 2812 4491 ·
2852 4461 3079 4529 Ταύτης
3111 4474 3185 4514 σε
3218 4461 3583 4530 καταστήσω
3615 4466 3835 4530 κληρο-

564 4571 707 4609 unus
736 4564 857 4610 erat
880 4553 1072 4609 Judas.
1108 4551 1173 4605 lli
1207 4559 1337 4606 sunt
1365 4552 1445 4605 illi
1476 4552 1541 4605 12
1568 4550 1914 4620 patriarchae,
1940 4551 2131 4620 quibus

2245 4556 2455 4625 νόμον.
2529 4553 2852 4623 Ἐγέννησεν
2898 4548 2992 4608 οῦν
3026 4555 3082 4607 ἐν
3120 4555 3185 4624 τῇ
3232 4556 3302 4624 γῇ
3348 4556 3378 4607 ό
3437 4553 3689 4625 Ἀϐραὰμ
3738 4558 3834 4607 τὸν

562 4648 670 4701 hoc
690 4662 894 4701 nomen
926 4660 1076 4699 exeo
1106 4644 1319 4706 datum,
1350 4643 1498 4713 quod
1522 4644 1588 4697 12
1616 4643 1871 4698 tribubus
1900 4644 2143 4713 appella-

565 4741 745 4795 tiones
788 4738 1063 4793 dederint.
1110 4734 1464 4791 Vocabantur
1510 4744 1693 4789 autem
1742 4736 2036 4800 lsraelitze,
2087 4746 2143 4790 et

563 4830 814 4895 Hebraei,
854 4839 910 4884 et
949 4827 1152 4893 Judtei;
1204 4842 1441 4895 quorum
1488 4826 1774 4881 nominum
1822 4827 2063 4896 primum
2110 4844 2141 4881 a

559 4927 765 4982 Jacobo
792 4924 937 4979 nacti
972 4931 1132 4987 sunt;
1179 4920 1269 4975 cui
1300 4922 1447 4975 Deus
1477 4921 1776 4990 aliquando
1810 4922 1982 4977 dixit:
2021 4922 2139 4978 Non

556 5021 781 5075 Iacobus
829 5017 1190 5089 appellabere.
1227 5021 1319 5071 sed
1364 5017 1598 5071 Israelus
1626 5019 1665 5082 ³,
1714 5017 1766 5071 id
1810 5025 1929 5081 est,
1982 5032 2141 5071 mens

558 5116 729 5168 Deum
743 5112 1037 5184 aspiciens.
1088 5111 1278 5183 Itaque
1315 5129 1345 5167 a
1364 5111 1572 5168 Jacobo
1598 5111 1689 5166 cui
1712 5119 2137 5180 cognomentum

558 5205 746 5260 lsraeli
778 5206 991 5270 datum,
1018 5204 1279 5261 Israelita:
1304 5205 1471 5271 dicti;
1493 5203 1708 5259 Hebraei
1738 5219 1891 5269 vero,
1921 5204 1990 5257 ab
2024 5219 2137 5257 uno

557 5297 625 5351 de
657 5298 954 5352 Abrahami
987 5297 1209 5367 proavis
1238 5296 1475 5352 llebero.
1508 5296 1682 5353 Judaei
1714 5295 1954 5365 denique
1981 5296 2137 5350 dice-

560 5388 780 5453 bantur,
805 5404 917 5443 non
939 5391 1163 5459 preprie
1183 5387 1428 5443 universi
1451 5429 1464 5451 ,
1493 5386 1586 5441 sed
1600 5394 1875 5456 quotquot
1897 5401 1963 5439 ex
1982 5385 2136 5440 Judac

558 5479 705 5534 tribu
735 5482 1009 5550 originem
1035 5484 1345 5537 ducebant:
1396 5480 1765 5534 nihilominus
1798 5485 1854 5534 et
1878 5478 2001 5533 aliis
2032 5478 2139 5532 hoc

558 5587 760 5627 nomen
793 5574 1020 5629 abusive
1057 5574 1409 5629 tribuebatur
1458 5588 1523 5626 ex
1555 5586 1619 5626 ca
1656 5586 1853 5636 causa,
1890 5569 2036 5640 quod
2070 5585 2136 5623 ex

561 5664 652 5717 illa
686 5666 836 5721 tribu
862 5682 1021 5738 reges
1046 5669 1397 5722 creabantur.

633 5836 651 5869 ⁸
679 5836 815 5892 Gen.
853 5857 945 5907 xu,
985 5843 1033 5895 1.
1111 5845 1129 5872 ²
1158 5842 1290 5898 ibid.
1321 5845 1370 5896 7.
1450 5844 1468 5872 ³
1493 5842 1628 5896 Gen.
1688 5856 1847 5907 xxxv,
1908 5840 1994 5893 10.

2259 4646 2467 4709 Ἰσαὰκ,
2501 4648 2529 4700 ό
2562 4646 2620 4699 δέ
2656 4645 2866 4711 Ἰσαάκ,
2894 4645 2986 4699 τὸν
3027 4645 3221 4699 Ἰακώϐ
3250 4661 3266 4677 ⁶
3302 4647 3331 4699 ό
3358 4646 3416 4699 δὲ
3455 4645 3651 4700 Ἰακὼϐ
3674 4649 3832 4715 ὲγέν-

2246 4750 2376 4809 νησε
2406 4738 2471 4807 ιβ’
2503 4738 2695 4802 τέκνα,
2720 4730 2793 4791 ὧν
2827 4733 2907 4801 εἷς
2945 4735 3014 4806 ἦν
3045 4738 3073 4789 ό
3114 4737 3341 4801 Ἰούδας.
3387 4730 3547 4792 Οῦτοι
3592 4734 3733 4811 ἦσαν
3779 4742 3830 4793 οἱ

2248 4832 2315 4905 ιβ’
2358 4833 2697 4904 πατριάρχαι
2734 4849 2747 4864 ·
2804 4832 3143 4902 πατριάρχαι
3190 4831 3245 4885 δὲ
3277 4831 3607 4904 ἐκλήθησαν,
3639 4833 3830 4904 ἐπειδὴ

2242 4929 2297 4980 αἱ
2320 4926 2529 4979 δώδεκα
2552 4925 2717 4995 φυλαὶ
2747 4924 3005 4989 ἐξαύτῶν
3035 4923 3459 4996 ὠνομάσθησαν.
3504 4923 3834 4978 Ἐκαλοῦντο

2241 5019 2298 5072 δὲ
2350 5012 2496 5073 οὗτοι
2541 5018 2901 5091 Ἰσραηλῖται,
2942 5019 3040 5072 καὶ
3084 5017 3352 5089 Ἑϐραῖοι,
3392 5019 3488 5071 καὶ
3539 5018 3783 5071 Ἰουδαῖοι
3815 5034 3829 5047 ·

2242 5112 2335 5165 καὶ
2379 5111 2712 5182 Ἰσραηλῖται
2750 5111 2848 5182 μὲν
2878 5110 3195 5174 ἐκαλοῦντο,
3227 5110 3303 5174 ὡς
3335 5110 3444 5163 ἀπὸ
3470 5107 3564 5162 τοῦ
3612 5108 3829 5163 Ἰακὼϐο

2238 5202 2412 5272 τούτῳ
2447 5201 2554 5272 γὰρ
2600 5196 2754 5256 εἶπεν
2787 5204 2815 5255 ό
2846 5200 3001 5266 Θεὸς,
3029 5203 3110 5256 ὅτι
3145 5201 3228 5254 Ob
3268 5200 3551 5267 κληθήσῃ
3598 5198 3831 5267 Ἰακὼϐ,

2245 5296 2385 5350 ἀλλ’
2414 5294 2684 5363 Ἰσραὴλ,
2710 5293 2857 5348 τοῦτ’
2878 5294 3018 5359 ἔστι,
3047 5294 3190 5355 Νοῦς
3224 5292 3366 5365 ὁρῶν
3391 5292 3546 5347 Θεόν.
3575 5291 3709 5345 ’Δπὸ
3733 5288 3831 5343 τοῦ

2256 5387 2451 5441 Ἰακὼϐ
2478 5384 2591 5453 οῦν,
2624 5387 2719 5440 τοῦ
2749 5386 3145 5456 ὀνομασθέντος
3182 5384 3421 5457 Ἰσραὴλ,
3444 5384 3698 5453 ἐλέγοντο
3724 5384 3833 5436 Ἰσ-

2248 5478 2528 5549 ραηλῖται·
2578 5478 2822 5549 Ἑϐραῖοι
2852 5479 2930 5542 δὲ,
2958 5478 3067 5531 άπὸ
3096 5476 3189 5531 τοῦ
3228 5477 3396 5546 Ἔϐερ
3426 5475 3522 5529 τοῦ
3552 5476 3831 5547 προπάτο-

2248 5587 2338 5641 ρος
2378 5569 2648 5641 Ἀϐραάμ.
2688 5570 2932 5623 Ἰουδαῖοι
2969 5570 3025 5623 δὲ
3054 5569 3324 5637 ἐλέγοντο,
3350 5569 3409 5622 οὐ
3444 5568 3649 5639 κυρίως
3689 5567 3829 5621 πάν-

2244 5679 2357 5727 τες,
2390 5661 2504 5716 ἀλλ’
2530 5664 2578 5716 οἱ
2611 5662 2976 5735 καταγόμενοι
3012 5663 3121 5717 ἀπὸ
3149 5665 3246 5733 τῆς
3276 5661 3447 5733 φυλῆς
3477 5661 3571 5715 τοῦ
3615 5660 3784 5714 Ἰούδα
3811 5678 3827 5694 ο
