4148 6452
448 408 583 471 1107

1662 409 1759 467 DE
1798 408 2077 468 SECTIS.
2118 433 2187 444 ·--
2215 409 2375 468 ACT.
2419 410 2468 468 Ι.

3573 410 3711 475 1198

445 518 901 591 καταχρηστικῶς
930 518 989 570 δὲ
1021 516 1273 585 ἐλέγοντο
1307 516 1571 582 Ἰουδαῖοι,
1599 518 1687 570 διὰ
1708 492 1805 571 τὸ·
1830 518 1893 570 ἐκ
1933 519 2029 587 τῆς
2069 517 2243 589 φυλῆς
2300 520 2503 591 ταύτης
2535 520 2780 591 γίνεσθαι
2814 522 2937 585 τοὺς
3006 521 3273 591 βασιλεῖς·
3304 524 3399 575 καὶ
3422 524 3487 578 ἐκ
3517 525 3712 578 τούτου

442 612 793 683 ἐπεκράτησε
818 610 879 662 τὸ
909 610 1079 679 ὄνομα
1110 610 1204 662 ἐπὶ
1236 612 1472 663 πάντων.

511 708 732 761 Τούτων
758 706 866 759 τῶν
899 706 966 775 ιβ’
1002 701 1069 776 ἦν
1116 708 1145 759 ὁ
1203 706 1423 774 Ἰωσὴφ,
1467 705 1527 758 ὃν
1586 704 1929 777 παρεζήλουν
1982 706 2026 757 οἱ

2205 703 2297 759 Ill.
2330 705 2389 759 In
2439 707 2639 762 horum
2674 709 2742 762 12
2775 725 3009 765 numero
3038 712 3313 782 Joserhus
3348 722 3499 781 erat,
3544 731 3712 786 quem

440 800 589 854 ἄλλοι
639 798 879 867 ἀδελφοὶ,
920 796 1025 859 ἓως
1057 790 1118 848 οὗ
1162 796 1455 867 ἐπώλησαν
1501 797 1665 851 αὑτὸν
1716 797 2027 868 ἀνθρώποις

440 892 701 947 ἀπιοῦσιν
733 892 814 951 είς
853 889 1152 958 Αἴγυπτον.
1196 882 1366 952 Οὗτος
1407 889 1577 943 ἐλθὼν
1610 891 1693 953 εἰς
1723 889 2023 958 Αἴγυπτον,

440 987 567 1056 ἔσχε
618 984 779 1053 χάριν
832 984 1062 1035 ἐνώπιον
1109 982 1312 1053 Φαραὼ
1358 982 1450 1035 τοῦ
1478 980 1765 1052 βασιλέως,
1796 981 2026 1035 καὶτῶν

440 1082 619 1130 ἐκεῖσε
650 1092 663 1103 ·
703 1075 863 1144 λιμοῦ
900 1075 957 1128 δὲ
1006 1075 1303 1145 γενομένου
1359 1075 1417 1126 ἐν
1462 1074 1856 1144 ,Παλαιστίνην
1886 1075 2027 1143 μετὰ

440 1171 548 1222 τῶν
596 1169 731 1222 υἱῶν
776 1166 965 1233 αὑτοῦ,
1021 1168 1113 1220 καὶ
1158 1167 1267 1219 τῶν
1297 1166 1505 1220 παίδων
1529 1166 1639 1219 τῶν
1672 1166 1804 1220 υἱῶν
1833 1165 2021 1229 αὑτοῦ,

430 1262 663 1325 ,πάντων
695 1265 790 1325 os",
830 1254 997 1330 ἦλθεν
1028 1260 1056 1311 ὁ
1092 1256 1289 1310 Ἰακὼϐ
1327 1259 1408 1319 εὶς
1448 1258 1744 1325 Αἴγυπτον,
1786 1257 2026 1319 ἀκούσας

439 1352 578 1407 εἶναι
614 1356 762 1406 σῖτον
796 1351 964 1405 πολύν
996 1366 1009 1379 ’
1041 1352 1135 1404 καὶ
1158 1344 1554 1419 γνωρισθέντες
1609 1348 1716 1401 ὑπὸ
1771 1347 1863 1400 τοῦ
1921 1348 2029 1400 Ἰω-

440 1447 571 1517 σὴφ,
606 1445 829 1515 ἔμειναν
875 1446 1077 1497 ἐκεῖσε.
1115 1441 1553 1512 Τελευτήσαντος
1602 1440 1660 1494 δὲ
1709 1441 1890 1493 ἐκεῖσε
1930 1439 2024 1492 τοῦ

452 1539 648 1593 Ἰακὼῦ
692 1539 786 1591 καὶ
834 1537 927 1590 τοῦ
979 1537 1200 1607 Ἰωσὴφ,
1231 1534 1626 1590 κατεπονοῦντο
1652 1533 1759 1587 ἀπὸ
1789 1534 1896 1587 τῶν
1926 1534 2025 1586 Αί-

439 1634 687 1702 γυπτίων
710 1634 757 1684 οί
800 1630 1152 1699 Ἰσραηλῖται.
1194 1631 1302 1681 Καὶ
1345 1631 1469 1682 τότε
1523 1628 1769 1700 ἐμνήσθη
1821 1630 1848 1681 6
1895 1628 2026 1691 Θεὸς

440 1728 539 1797 τῆς
573 1726 817 1795 ἐντολῆς,
848 1720 914 1794 ἧς
937 1724 1241 1777 ἐνετείλατο
1264 1721 1343 1793 τῷ
1387 1716 1661 1793 Ἀϐραάμ.
1691 1720 1801 1775 Καὶ
1825 1720 2026 1789 ἐξήγα-

439 1837 537 1888 γεν
566 1820 764 1881 αὐτοὺς
803 1818 911 1871 ἀπὸ
938 1817 1217 1885 Αἰγύπτου
1253 1816 1341 1868 διὰ
1374 1814 1621 1878 Μωσέως
1668 1814 1762 1868 τοῦ
1804 1814 2025 1886 προφή-

438 1930 555 1973 του.
596 1911 756 1973 ὄντας
782 1910 827 1980 χ’
855 1909 1118 1979 χιλιάδας,
1142 1910 1313 1978 χωρἰς
1341 1906 1550 1961 παίδων
1587 1906 1682 1960 καὶ
1720 1906 2022 1975 γυναικῶν.

444 2006 706 2075 Ἔμειναν
735 2003 789 2056 δέ
819 2004 877 2055 ἐν
906 2003 973 2072 τῇ
1008 2001 1199 2070 ἐρήμῳ
1240 1999 1333 2067 ἔτη
1368 2004 1443 2069 μ’,
1494 1999 1583 2051 ὅτε
1616 1998 1713 2051 καὶ
1742 1998 1833 2050 τὸν
1860 1997 2026 2069 νόμον

438 2097 671 2149 δέδωκεν
695 2095 877 2157 αὑτοῖς
897 2093 925 2145 6
953 2092 1083 2155 Θεὸς
1112 2091 1201 2144 διὰ
1230 2090 1474 2153 Μωσέως
1497 2106 1511 2121 ⁸
1550 2086 1694 2161 ἦσαν
1741 2090 1798 2143 δὲ
1844 2092 2022 2144 πάντα

442 2190 725 2251 ποιοῦντες
757 2188 1045 2240 κατέναντι
1077 2184 1171 2237 τοῦ
1201 2184 1396 2254 νόμου,
1421 2184 1497 2246 ῶς
1520 2200 1684 2252 φησιν
1723 2184 1757 2254 ἡ
1809 2183 2022 2254 Γραφή.

442 2284 550 2336 Καὶ
578 2280 718 2350 μετὰ
752 2286 804 2350 μ’
835 2278 930 2347 ἐτη
960 2277 1182 2349 ἐξῆλθον
1222 2280 1287 2329 ἐκ
1316 2278 1415 2347 τῆς
1450 2277 1658 2347 ἐρήμου
1685 2277 1766 2339 εἰς
1792 2276 1892 2345 τὴν
1920 2275 2024 2345 γῆν

439 2373 539 2441 τῆς
572 2371 931 2440 ἐπαγγελίας,
968 2370 1064 2422 τοῦ
1097 2369 1344 2429 Μωσέως
1374 2367 1759 2429 ἀποθανόντος.
1803 2366 2023 2419 Ἐλθόν-

438 2480 529 2525 τες
559 2463 615 2515 δὲ
638 2463 718 2524 εἰς
736 2462 835 2532 τὴν
861 2461 964 2529 γῆν
989 2459 1215 2527 ταύτην,
1239 2458 1358 2511 οὐδὲ
1382 2456 1553 2520 οὑτως
1579 2457 2022 2527 ἐπεστράφησαν,

442 2555 738 2626 προφητῶν
765 2553 978 2607 πολλῶν
1009 2553 1479 2621 ἀναφαινομένων,
1514 2548 1801 2603 καὶπολλὰ
1840 2550 2026 2611 αὑτοῖς

442 2648 855 2720 παραινούντων
886 2663 905 2711 λ’
955 2645 1070 2720 ἀλλ’
1109 2644 1329 2713 ἔμειναν
1383 2643 1433 2695 οἱ
1480 2641 1653 2695 αὑτοί.
1695 2640 1803 2693 Καὶ
1840 2640 1963 2692 τότε
1997 2641 2025 2691 6

444 2706 570 2803 Υκδς
610 2741 707 2793 καὶ
733 2706 907 2806 Λόγος
933 2706 1027 2789 τοῦ
1072 2706 1227 2799 Θεοῦ,
1261 2738 1553 2806 ἐνοικήσας
1589 2733 1656 2786 δι’
1686 2734 1835 2803 ἡμᾶς
1865 2734 1923 2785 ἐν
1955 2735 2022 2803 τῇ

439 2832 708 2902 Θεοτόκῳ,
756 2832 918 2899 σῶμα
951 2814 1313 2897 ἐνδυσάμενος
1336 2827 1610 2897 ἔμψυχον,
1639 2825 1845 2897 νοερὸν,
1876 2825 2024 2893 λογι-

440 2927 558 2990 κὸν,
588 2926 682 2978 καὶ
715 2922 905 2985 ἁπλῶς
931 2924 1108 2975 εἰπεῖν
1138 2920 1508 2991 ἀνθρώπινον,
1556 2918 1743 2991 ήνὼθη
1798 2917 1876 2989 τῷ
1931 2920 2025 2972 ἁν-

442 3018 700 3089 θρωπίνῳ
725 3016 962 3085 σώματι,
995 3014 1339 3085 άσυγχύτως,
1361 3013 1651 3083 ἀληθινῶς.
1677 3012 2020 3080 ἀδιαιρέτως’

440 3111 719 3183 ἀληθινῶς
773 3112 910 3180 μέν,
959 3109 1043 3163 δτι
1096 3108 1194 3178 μία
1250 3107 1587 3185 ὑπόστασις,
1642 3106 1707 3156 ἐκ
1745 3102 1839 3155 τοῦ
1887 3102 2022 3154 Θεοῦ

441 3208 617 3275 Λόγου
652 3206 748 3258 καὶ
794 3205 888 3257 τοῦ
948 3201 1292 3273 ἀνθρωπίνου
1348 3199 1600 3271 σώματος
1644 3195 1978 3265 ἀπετελέσθη
2008 3213 2021 3226 ι

440 3296 761 3366 ἁσυγχύτως
814 3295 892 3357 δέ,
939 3296 1023 3347 ὃτι
1083 3292 1223 3364 μετὰ
1258 3291 1354 3361 τὴν
1397 3291 1589 3343 ἕνωσιν
1645 3286 1920 3357 ἐφυλάχθη
1954 3286 2025 3340 τὰ

2129 798 2313 852 caeteri
2346 799 2542 855 fratres
2564 803 2914 858 aemulatione
2946 805 3180 874 quadam
3210 809 3710 878 persequebantur,

2127 889 2307 946 donec
2338 907 2465 946 eum
2500 894 2719 948 tandem
2761 896 2895 951 viris
2932 897 3263 967 quibusdam
3310 900 3368 955 in
3412 901 3711 974 Egyptum

2128 989 2615 1056 proﬁciscentibus
2656 993 2979 1049 venderent.
3016 996 3075 1049 In
3118 996 3413 1069 Egyptum
3457 1000 3710 1063 delatus,

2127 1082 2273 1150 apud
2306 1083 2656 1140 Pharaonem
2693 1101 2875 1157 regem
2907 1097 2964 1142 et
3006 1089 3143 1143 alios
3197 1091 3401 1146 ibidem
3435 1095 3714 1164 gratiosus

2127 1189 2251 1230 esse
2279 1178 2449 1246 coepit
2484 1196 2496 1231 :
2532 1195 2769 1246 cumque
2815 1197 3045 1237 annonae
3090 1185 3290 1240 caritas
3322 1189 3623 1244 exstitisset
3655 1190 3710 1243 in

2129 1264 2450 1330 Palaestina,
2489 1268 2730 1324 Jacobus
2767 1287 2889 1325 cum
2938 1272 3064 1327 ﬁliis
3112 1276 3519 1347 nepotibusque
3562 1283 3711 1345 suis,

2129 1359 2404 1428 capitibus
2426 1362 2651 1417 omnino
2672 1364 2759 1426 75,
2776 1364 2830 1417 in
2851 1363 3149 1434 Egyptum
3169 1370 3343 1434 venit,
3369 1370 3461 1424 ubi
3494 1372 3713 1441 copiam

2127 1468 2249 1509 esse
2300 1469 2552 1523 magnam
2600 1471 2833 1510 annonae
2891 1457 3235 1513 inaudisset:
3306 1470 3471 1531 atque
3526 1464 3616 1520 hie
3681 1482 3713 1520 a

2125 1546 2366 1615 Josepho
2403 1547 2605 1615 agniti,
2663 1557 3005 1603 manserunt.
3038 1549 3245 1605 Ibidem
3281 1553 3575 1609 exstinctis
3616 1556 3711 1610 Ja-

2126 1640 2267 1694 cobo
2285 1649 2339 1694 et
2356 1641 2617 1710 Josepho,
2637 1642 2706 1696 ab
2724 1641 3269 1713 Aigyptiislsraelitze
3305 1649 3708 1719 amigebantur.

2128 1731 2317 1802 Itaque
2354 1734 2674 1788 recordatus
2709 1746 2794 1789 est
2826 1737 2992 1801 Deus,
3026 1739 3160 1806 quid
3207 1739 3581 1797 Abrahamum
3626 1744 3712 1798 fa-

2127 1838 2254 1877 cere
2278 1823 2560 1893 jussisset:
2591 1840 2799 1894 eosque
2830 1843 2928 1896 per
2963 1828 3168 1883 Mosem
3199 1840 3381 1887 vatem
3416 1834 3610 1891 eduxit
3640 1852 3709 1891 ex

2126 1914 2380 1986 Egypto,
2409 1929 2669 1971 sexcenta
2699 1919 2913 1974 scilicet
2942 1920 3231 1977 hominum
3267 1926 3462 1990 millia,
3498 1928 3712 1998 absque

2127 2009 2317 2078 pueris
2354 2015 2410 2063 et
2446 2010 2807 2064 mulierculis.
2839 2011 3160 2068 Manserunt
3191 2028 3375 2070 autem
3418 2018 3473 2072 in
3506 2020 3708 2075 solitu-

2126 2100 2256 2156 dine
2288 2102 2448 2157 annis
2471 2102 2560 2167 40,
2581 2118 2692 2172 quo
2723 2112 2968 2174 tempore
2998 2105 3173 2177 legem
3200 2125 3421 2179 quoque
3446 2112 3593 2168 Deus
3626 2114 3709 2169 eis

2127 2210 2226 2263 per
2257 2195 2463 2251 Mosem
2495 2194 2684 2250 dedit:
2718 2198 2806 2251 cui
2834 2198 3056 2267 quidem
3104 2200 3209 2271 legi
3247 2204 3454 2269 omnia,
3481 2219 3585 2259 ceu
3616 2222 3710 2261 sa-

2126 2300 2234 2339 crae
2278 2284 2501 2340 Litterae
2558 2285 2900 2355 loquuntur,
2945 2289 3178 2343 adversa
3239 2292 3534 2348 faciebant.
3581 2295 3714 2352 Post

2125 2390 2332 2427 annum
2358 2374 2427 2428 40
2453 2376 2658 2444 egressi
2692 2383 2821 2429 sunt
2848 2376 2916 2431 de
2945 2378 3246 2434 solitudine
3274 2381 3329 2435 in
3355 2392 3557 2437 terram
3582 2400 3713 2455 pro-

2125 2468 2389 2533 missam,
2440 2468 2590 2523 Mosc
2634 2470 2804 2524 rebus
2852 2469 3110 2526 humanis
3142 2484 3419 2544 exempto.
3471 2476 3530 2530 In
3565 2477 3713 2532 hanc

2131 2562 2390 2628 traducti,
2434 2579 2503 2617 ne
2541 2564 2622 2619 sie
2656 2564 2883 2634 quidem
2914 2567 3169 2620 conversi
3201 2576 3352 2631 sunt,
3386 2569 3516 2623 licet
3548 2572 3709 2625 multi

2127 2663 2278 2707 vates
2312 2654 2668 2719 exsisterent,
2696 2671 2904 2726 eosque
2943 2657 3247 2727 plurimum
3280 2661 3712 2716 cohortarentur

2126 2760 2190 2798 ac
2214 2744 2569 2812 instruerent;
2595 2748 2690 2802 sed
2709 2748 2872 2802 iidem
2898 2758 3245 2805 manserunt.
3268 2751 3512 2807 Tandem
3536 2754 3713 2809 Filius

2127 2845 2183 2889 et
2219 2836 2414 2889 Sermo
2454 2838 2573 2902 Dei,
2614 2825 2921 2895 constituto
2954 2852 3184 2911 propter
3230 2859 3333 2899 nos
3374 2845 3429 2899 in
3476 2847 3710 2917 Deipara

2126 2928 2351 2998 Virgine
2383 2930 2684 2995 domicilio,
2727 2948 2852 2986 cum
2901 2949 3104 3003 corpus
3145 2935 3480 3000 animatum,
3524 2948 3711 2994 mente

2126 3021 2440 3089 praeditum,
2481 3022 2712 3077 rationis
2738 3026 3039 3094 particeps,
3076 3034 3131 3080 et
3159 3027 3491 3096 simpliciter
3526 3039 3588 3084 ut
3626 3030 3713 3085 lo—

2127 3129 2289 3182 quar,
2330 3115 2632 3169 humanum
2668 3116 2960 3179 induisset,
2995 3118 3175 3174 eidem
3208 3120 3454 3175 humano
3487 3122 3711 3193 corpori

2128 3208 2319 3262 unitus
2358 3219 2442 3263 est
2472 3210 2611 3263 citra
2642 3210 3047 3274 confusionem,
3080 3221 3138 3267 et
3159 3228 3310 3275 vere,
3343 3214 3711 3284 citraque'di—

2126 3300 2399 3355 visionem
2428 3319 2441 3354 :
2472 3318 2623 3368 vere,
2658 3304 2923 3373 quoniam
2961 3321 3031 3360 ex
3058 3306 3169 3361 Deo
3196 3307 3467 3362 Sermone
3509 3308 3711 3363 huma-

443 3390 734 3453 ἑνωθέντα,
775 3388 940 3458 μηδὲν
964 3386 1072 3439 τῶν
1106 3384 1225 3449 κατέ
1281 3384 1472 3437 οὐσίαν
1527 3372 1977 3450 μεταλλαξάντων
2005 3396 2018 3410 ο

2129 3411 2311 3464 noque
2339 3411 2592 3466 corpore,
2625 3398 2938 3468 hypostasis
2972 3399 3226 3454 absoluta
3256 3410 3342 3456 est
3379 3417 3519 3455 una:
3571 3402 3712 3457 citra

442 3482 771 3552 ἁδιαιρέτως
820 3481 896 3543 δὲ,
933 3481 1014 3533 ὅτι
1065 3479 1162 3549 μία
1210 3479 1358 3531 ἐστὶν
1404 3476 1438 3545 ἡ
1480 3473 1658 3527 αὑτῶν
1702 3473 2023 3535 ὑπόστασις.

442 3575 628 3635 Ταῦτα
650 3574 706 3627 δὲ
743 3575 922 3629 πάντα
943 3573 1054 3627 ἀπὸ
1080 3572 1176 3641 τῆς
1209 3571 1373 3639 ἁγίας
1402 3568 1626 3639 Γραφῆς
1665 3564 2023 3635 πιστούμεθα.

453 3669 606 3732 Ἐνὸς
636 3668 745 3739 γὰρ
786 3668 881 3720 καὶ
913 3666 1005 3719 τοῦ
1045 3664 1211 3718 αὑτοῦ
1240 3664 1315 3727 ὡς
1362 3664 1470 3716 ἀπὸ
1498 3662 1771 3731 διαφόρων
1812 3660 2027 3727 φύσεων

443 3762 593 3832 λέγει
632 3762 772 3833 ἔργα
808 3761 1091 3835 γινόμενα,
1132 3757 1265 3811 ποτὲ
1309 3758 1407 3826 μὲν
1446 3755 1602 3819 Θεοῦ,
1656 3753 1786 3807 ποτὲ
1826 3753 1883 3806 δέ
1938 3754 2029 3804 ἁν-

445 3855 690 3927 θρώπου.
720 3856 909 3908 Πάντα.
937 3852 1069 3923 γὰρ,
1104 3853 1203 3904 ὅσα
1246 3850 1351 3903 δεῖ
1383 3848 1669 3918 ἄνθρωπον
1712 3847 2023 3915 ὑπομεῖναι,

444 3948 742 4018 ὑπέμεινεν
776 3964 789 3979 ·
832 3944 1029 4015 ἐτέχθη
1056 3944 1185 4015 γὰρ,
1229 3942 1322 3995 καὶ
1350 3938 1891 4009 ἐγαλακτοτροφήθη,
1932 3936 2028 3989 καὶ

443 4040 680 4111 ἐτράφη,
716 4035 1071 4107 καὶνηὺξησε,
1096 4036 1192 4088 καὶ
1223 4033 1511 4103 γενόμενος
1543 4030 1678 4085 ἐτῶν
1705 4028 1750 4081 λ’
1801 4026 2028 4081 ἐϐαπτίσ-

446 4134 572 4204 σθη,
614 4130 870 4201 καὶμετὰ
902 4130 961 4181 τὸ
1005 4128 1288 4198 βάπτισμα
1328 4124 1532 4196 ἤρξατο
1581 4124 1783 4192 σημεῖα
1830 4124 2025 4183 ποιεῖν,

446 4230 544 4283 καὶ
595 4227 869 4281 διδάσκειν
928 4214 1057 4285 τοῦς
1122 4218 1411 4282 Ἰουδαίους
1445 4233 1458 4247 '
1514 4218 1610 4270 καὶ
1660 4215 1737 4285 τῷ
1786 4215 1867 4282 λγ¹
1917 4215 2029 4267 ἐτει

448 4317 800 4390 ἐσταυρώθη,
835 4316 929 4369 καὶ
950 4312 1290 4384 σταυρωθεὶς
1319 4312 1518 4379 ἀνέστη
1548 4311 1612 4379 τῇ
1640 4308 1796 4378 τρίτῃ
1820 4307 2027 4378 ἡμέρᾳ,

448 4412 544 4465 καὶ
572 4407 853 4479 ἀνελήφθη
895 4407 975 4469 εἰς
1008 4405 1136 4466 τοὺς
1173 4402 1435 4472 οὐρανοὺς
1467 4401 1605 4469 μετὰ
1629 4398 1723 4451 τοῦ
1754 4397 2024 4466 σώματος,

451 4504 547 4557 καὶ
577 4501 671 4555 νῦν
702 4499 993 4563 καθέζεται
1041 4496 1159 4566 μετ’
1197 4494 1363 4549 αὑτοῦ
1396 4495 1453 4549 ἐν
1484 4493 1634 4563 δεξιᾷ
1665 4491 1757 4544 τοῦ
1795 4490 2026 4562 Πατρὺς,

450 4593 549 4649 καὶ
584 4591 747 4654 αὑτός
774 4593 922 4643 ἐστιν
947 4588 974 4638 6
1006 4585 1214 4656 μέλλων
1246 4587 1325 4646 είς
1362 4582 1463 4653 τὴν
1506 4582 1804 4636 ἀνάστασιν
1846 4580 2029 4649 κρῖναι

448 4687 659 4752 ζῶντας
692 4684 788 4737 καὶ
819 4678 1071 4751 νεκρούς.
1102 4676 1253 4748 Αὕτη
1289 4677 1437 4729 ἐστὶν
1467 4676 1501 4745 ὴ
1529 4674 1713 4737 πίστις
1755 4671 1865 4726 τῶν
1894 4671 2029 4741 Χριο

448 4794 702 4832 στιανων.

516 5042 741 5099 Τούτων
777 5036 871 5095 οῦν
918 5037 1093 5100 οὑτως
1129 5039 1385 5109 ἐχόντων,
1431 5038 1488 5088 ἐν
1520 5036 1586 5106 τῇ
1614 5032 1864 5106 παρούσῃ
1893 5032 2028 5088 θεω-

451 5135 545 5207 ρίᾳ.
586 5133 869 5204 τεσσάρων
910 5130 1179 5201 αἱρέσεων
1218 5130 1383 5200 ἡμεῖς
1434 5124 1901 5196 ἐπιμνησθῶμεν’
1953 5117 2029 5180 ὧν

447 5232 501 5284 αἱ
538 5229 636 5299 μὲν
656 5226 770 5291 δύο,
800 5226 927 5297 περὶ
952 5222 1235 5291 θεολογίας
1281 5223 1441 5286 εἰσιν,
1482 5221 1547 5272 ἐκ
1591 5218 1886 5290 διαμέτρου
1921 5235 2029 5290 μα-

448 5324 677 5394 χόμεναι
729 5319 1010 5388 ἀλλήλαις.
1058 5315 1349 5378 Σαὸέλλιος
1382 5315 1490 5385 γὰρ
1523 5314 1651 5385 μίαν
1683 5312 1846 5380 φύσιν
1876 5313 2029 5382 ἔλεγε

446 5416 547 5487 τῆς
574 5415 736 5481 ἁγίας
768 5412 811 5464 Τ
820 5410 1021 5482 ριάδος,
1050 5412 1144 5461 καὶ
1172 5406 1299 5477 μίαν
1325 5406 1623 5460 ὑπόστασιν
1656 5404 2027 5475 πολυώνυμον.

460 5508 521 5560 ’0
543 5506 599 5558 δὲ
652 5506 873 5575 ’Ἄρειος
920 5505 1071 5574 τρεῖς
1125 5503 1456 5565 ὑποστάσεις
1504 5501 1680 5568 ἔλεγε,
1740 5501 1836 5554 καὶ
1885 5502 2033 5571 τρεῖς

450 5598 642 5668 φύσεις
670 5596 960 5666 ἐκφύλους.
1001 5594 1222 5665 ΙΙρῶτον
1263 5593 1374 5665 γὰρ
1410 5594 1596 5662 ἔλεγεν
1632 5589 1770 5648 εἶναι
1802 5593 1893 5646 τὸν
1918 5596 2033 5647 Πα-

449 5693 607 5764 τέρα,
636 5692 919 5761 ποιήματα
946 5688 1003 5741 δέ
1032 5686 1198 5740 αὑτοῦ
1229 5686 1324 5739 τὸν
1355 5686 1483 5740 Υἱὸν
1521 5686 1616 5740 καὶ
1642 5686 1702 5739 τὸ
1729 5685 1951 5757 Πνεῦμα
1974 5686 2035 5739 τὸ

450 5785 627 5851 ἅγιον,
679 5783 948 5852 γενόμενα
998 5779 1058 5844 ἐξ
1116 5776 1283 5831 αὑτοῦ
1335 5778 1471 5849 πρὸς
1510 5779 1816 5849 ὑπουργίαν
1842 5781 1950 5834 τῶν
1974 5780 2033 5845 ἐξ

450 5871 615 5926 αὑτοῦ
664 5867 1133 5939 κτισθησομένων.
1182 5865 1400 5922 Τούτων
1442 5866 1615 5933 οὑτως
1652 5870 1901 5939 ἀλλήλοις
1927 5890 2034 5937 μα-

2055 4737 2106 4797 D

2129 3487 2537 3554 confusionem,
2584 3491 2847 3560 quoniam
2894 3500 3019 3562 post
3052 3492 3313 3547 unionem
3346 3494 3713 3548 nihilominus

2130 3580 2300 3635 unitze
2327 3596 2416 3634 res
2442 3582 2605 3636 salva:
2630 3592 2795 3652 atque
2823 3583 3050 3654 integrze
3074 3592 3319 3648 manent,
3346 3601 3455 3640 non
3486 3587 3714 3641 mutatis

2130 3670 2593 3727 substantialibus
2641 3674 3115 3742 proprietatibus:
3169 3675 3307 3730 citra
3349 3676 3709 3741 divisionem,

2128 3763 2392 3831 quoniam
2420 3780 2526 3817 una
2549 3773 2633 3818 est
2655 3781 2847 3818 earum
2872 3765 3202 3836 hypostasis.
3231 3768 3438 3822 Horum
3461 3771 3711 3825 omnium

2129 3854 2292 3909 ﬁdem
2322 3871 2492 3910 sacrm
2514 3857 2674 3911 nobis
2697 3858 2916 3913 Litterte
2937 3858 3168 3914 faciunt.
3195 3861 3285 3915 Sic
3307 3862 3453 3916 enim
3477 3862 3714 3932 loquun-

2133 3958 2221 4003 tur
2252 3949 2320 4004 de
2367 3965 2478 4005 uno
2504 3959 2559 4005 et
2596 3951 2814 4017 eodem,
2862 3966 2926 4006 ac
2957 3951 3003 4005 si
3030 3951 3272 4007 diversis
3301 3968 3331 4007 a
3372 3955 3591 4010 naturis
3618 3971 3713 4010 ac-

2132 4043 2312 4099 tioncs
2345 4045 2475 4114 ipsae
2506 4045 2896 4113 provenirent;
2928 4062 3078 4099 nunc
3098 4046 3323 4115 quidem
3350 4063 3379 4101 a
3408 4048 3541 4112 Deo,
3563 4064 3713 4103 nunc

2131 4141 2316 4187 autem
2350 4133 2419 4186 ab
2458 4132 2703 4187 homine.
2739 4133 2874 4187 Nam
2906 4135 3112 4198 omnia,
3150 4150 3495 4205 quacunque
3536 4136 3711 4191 susti-

2131 4242 2263 4280 nere
2319 4226 2603 4280 hominem
2653 4233 2893 4295 oportet,
2946 4228 3241 4281 sustinuit:
3297 4228 3352 4282 in
3396 4229 3576 4284 lucem
3628 4240 3714 4286 est

2130 4318 2335 4384 editus,
2358 4318 2499 4373 lacte
2527 4318 2791 4382 nutritus,
2820 4319 3111 4382 educatus,
3134 4328 3330 4373 auctus
3353 4328 3561 4376 statura
3588 4336 3713 4376 cor-

2130 4409 2304 4479 poris,
2335 4416 2391 4462 et
2415 4424 2591 4463 annos
2646 4416 2810 4463 natus
2853 4410 2921 4463 50
2965 4409 3276 4478 baptizatus
3317 4409 3442 4475 fuit,
3484 4426 3549 4465 ac
3588 4422 3715 4481 post

2132 4500 2467 4570 baptismum
2492 4500 2742 4570 prodigia
2764 4500 2946 4555 facere
2964 4501 3222 4570 cmpit,et
3242 4501 3462 4557 Iudaeos
3484 4502 3709 4558 docere:

2131 4605 2387 4659 annoque
2418 4589 2487 4643 ’55
2515 4589 2569 4642 in
2600 4605 2821 4643 crucem
2858 4599 3046 4644 actus:
3085 4606 3197 4660 quo
3230 4591 3395 4657 facto,
3422 4591 3589 4647 tertio
3623 4593 3714 4647 die

2131 4678 2436 4735 resurrexit
2455 4687 2511 4732 et
2537 4678 2593 4733 in
2616 4679 2786 4734 caelos
2808 4687 3124 4749 assumptus
3147 4696 3270 4734 cum
3292 4695 3523 4750 corpore
3546 4698 3558 4734 :
3586 4696 3712 4735 cum

2133 4786 2245 4842 quo
2283 4771 2396 4841 jam
2425 4770 2605 4825 Patris
2632 4770 2699 4825 ad
2745 4770 3025 4825 dexteram
3062 4772 3238 4838 sedet,
3276 4780 3469 4842 estque
3512 4773 3576 4839 is,
3619 4776 3715 4843 qui

2132 4863 2291 4919 vivos
2313 4871 2368 4917 et
2401 4870 2652 4917 mortuos
2698 4862 2752 4916 in
2810 4862 3213 4918 resurrectione
3252 4863 3543 4933 judicabit.
3589 4863 3715 4918 llzec

2133 4955 2574 5012 Christianorum
2612 4956 2749 5010 ﬁdes
2775 4966 2880 5010 est.

2205 5050 2295 5106 ιν.
2333 5049 2513 5118 Atque
2558 5049 2645 5102 his
2694 5049 2768 5102 ita
2803 5048 3117 5111 declaratis,
3164 5048 3218 5100 in
3255 5048 3357 5101 hac
3394 5046 3713 5102 considera-

2134 5146 2286 5201 tione
2322 5153 2511 5200 nostra
2552 5144 2618 5198 de
2664 5154 2901 5213 quatuor
2952 5141 3116 5195 sectis
3162 5137 3711 5193 commemorandum

2134 5239 2272 5295 erit:
2306 5251 2539 5308 quarum
2572 5236 2692 5290 dum
2729 5234 2980 5303 quidem,
3025 5232 3092 5285 ad
3138 5230 3443 5284 doctrinam
3481 5228 3550 5283 de
3600 5229 3713 5283 Deo

2135 5338 2406 5400 spectant.
2455 5344 2521 5382 ex
2558 5328 2826 5382 diametro
2863 5339 3050 5380 secum
3103 5323 3337 5377 invicem
3380 5327 3709 5391 pugnantes.

2134 5420 2348 5490 Quippe
2378 5419 2651 5473 Sabellius
2686 5432 2849 5470 unam
2894 5421 3096 5468 sanctae
3130 5410 3417 5467 Trinitatis
3454 5420 3712 5466 naturam

2136 5513 2374 5577 dicebat,
2404 5522 2460 5567 et
2499 5526 2664 5565 unam
2697 5506 3060 5579 hypostasim,
3098 5505 3394 5559 habentem
3424 5504 3580 5572 plura
3612 5520 3714 5559 no-

2137 5606 2305 5661 mina.
2336 5603 2496 5657 Arius
2526 5614 2708 5656 autem
2739 5615 2860 5655 esse
2903 5609 3013 5652 tres
3046 5597 3228 5651 aiebat
3268 5596 3615 5666 hypostases,
3648 5611 3713 5650 ac

2139 5708 2250 5753 tres
2279 5695 2483 5749 diversi
2523 5694 2741 5765 generis
2772 5697 3015 5745 naturas‘.
3049 5689 3183 5744 Nam
3216 5688 3455 5758 primum
3494 5688 3714 5743 dicebat

2137 5801 2258 5840 esse
2295 5787 2530 5844 Patrem,
2580 5785 2809 5853 ejusque
2845 5790 3025 5835 creata
3079 5778 3277 5832 Filium
3344 5787 3400 5831 et
3444 5776 3713 5847 Spiritum

2138 5886 2411 5937 sanctum.
2446 5876 2512 5931 ab
2546 5876 2662 5935 ipso
2694 5874 2832 5928 facta
2869 5871 2934 5925 ad
2970 5867 3325 5926 serviendum
3366 5868 3418 5922 ei
3464 5868 3518 5924 in
3556 5882 3713 5922 (ξι-ρος
