4148 6450
484 400 621 464 1199

1758 408 2067 469 LEONTII
2113 410 2517 472 BYZANTINI
2603 454 2614 466 .

3619 423 3752 487 12:}0

482 520 634 573 tione
665 531 847 571 rerum
893 515 1331 570 eondendarnm.
1369 515 1466 570 llis
1499 516 1551 570 in
1589 516 1737 573 hunc
1774 520 1998 573 modum
2032 535 2046 572 ε

2167 522 2436 593 χομένων,
2479 526 2512 594 ὴ
2567 525 2865 595 Ἐκκλησία
2911 529 3080 598 μέσον
3111 534 3437 605 χορεύουσα,
3465 537 3588 592 οὔτε
3620 541 3694 607 ὡς
3723 544 3753 595 6

481 627 541 666 se
569 610 808 664 invicem
840 606 1262 672 dissidentibus,
1298 607 1544 662 Ecclesia
1582 607 1765 663 medio
1798 609 2060 664 incedens

479 705 701 768 itinere,
738 717 842 756 nec
880 715 1035 754 more
1079 698 1302 754 Sabellii
1333 699 1412 752 sic
1443 713 1607 752 unam
1647 706 1900 754 naturam
1945 709 2056 754 tra-

478 800 636 861 dens,
671 803 732 850 ut
765 810 872 848 una
906 807 1128 863 quoque
1161 799 1438 846 statuatur
1471 790 1803 862 hypostasis,
1848 809 1950 849 nec
1986 793 2058 846 ita

479 903 591 945 tres
626 889 971 960 hypostases,
1009 885 1078 940 de
1116 886 1233 940 Arii
1271 888 1568 951 sententia,
1597 895 1659 941 ut
1703 897 1818 941 tres
1865 887 2056 942 itidem

478 991 689 1035 natura:
718 987 1038 1033 statuantur
1075 977 1300 1048 (quippe
1341 976 1636 1041 Sabellius,
1662 987 1888 1047 propter
1931 979 2058 1032 uni-

478 1084 647 1128 tatem
681 1078 892 1125 naturze
924 1070 977 1123 in
1007 1072 1254 1124 error‘em
1291 1080 1467 1133 actus,
1502 1085 1667 1123 unam
1700 1085 1921 1140 quoque
1950 1081 2060 1126 tra-

475 1167 646 1222 debat
676 1163 1036 1236 hypostasin:
1076 1163 1242 1216 Arius
1275 1177 1430 1225 vero,
1473 1172 1705 1232 propter
1737 1163 2061 1234 hypostases

476 1267 607 1320 tres,
630 1263 743 1309 tres
764 1269 984 1324 quoque
1002 1259 1233 1306 naturas
1250 1266 1370 1306 esse
1388 1251 1630 1322 dicebat)
1652 1268 1665 1303 :
1685 1253 1870 1308 medio
1893 1253 2060 1324 igitur

475 1347 621 1402 inter
651 1349 752 1401 hos
781 1345 1029 1400 Ecclesia
1069 1342 1336 1398 incedens
1367 1343 1588 1408 itinere,
1625 1361 1789 1398 unam
1813 1361 1934 1400 esse
1961 1345 2056 1400 Dei

474 1449 734 1495 naturam
771 1437 908 1493 dicit
952 1438 1008 1491 in
1048 1437 1230 1492 tribus
1264 1437 1675 1507 hypostasibus.
1709 1438 1890 1508 Atque
1941 1439 2059 1494 haec

474 1546 561 1594 est
585 1539 641 1592 in
662 1536 934 1592 Trinitate
955 1535 1158 1597 unitas,
1178 1542 1232 1588 et
1250 1533 1305 1587 in
1332 1533 1542 1587 unitate
1562 1533 1828 1587 Trinitas.
1850 1535 2058 1589 Deinde

475 1630 732 1685 similiter
761 1644 829 1683 ex
862 1627 1132 1681 diametro
1166 1625 1323 1695 quasi
1357 1626 1678 1696 pugnabant
1701 1626 1847 1680 inter
1879 1642 1959 1692 se,
1988 1627 2057 1682 de

477 1722 856 1778 incarnatione
891 1720 986 1774 Dei
1021 1719 1323 1783 Sermonis,
1351 1719 1640 1774 Nestorius
1667 1728 1723 1774 et
1757 1720 2052 1790 Eutyches.

471 1817 686 1886 Quippe
723 1812 1009 1869 Nestorius
1057 1812 1195 1866 duas
1224 1812 1314 1866 ille
1337 1812 1559 1881 quidem
1589 1821 1815 1867 naturas
1848 1813 2058 1868 fateba-

2167 614 2459 679 Σαϐέλλιος
2485 617 2614 686 μίαν
2644 619 2808 687 φύσιν
2834 619 3155 690 δοξάζουσα,
3179 625 3319 680 ὥστε
3343 630 3435 682 καὶ
3463 632 3594 701 μίαν
3621 634 3754 688 ὑπό-

2165 723 2357 760 στασιν
2386 707 2632 772 δοξάζειν
2667 726 2680 738 ·
2717 711 2840 764 οὔτε
2873 712 2952 775 ὡς
2992 716 3021 766 6
3054 715 3273 787 ’Ἄρειος
3311 723 3465 788 τρεῖς
3510 723 3753 778 ὑποστὰ-

2165 811 2301 860 σεις,
2331 797 2419 850 ἵνα
2453 799 2548 849 καὶ
2569 802 2722 870 τρεῖς
2742 799 2942 873 δοξάσῃ
2980 803 3173 871 φύσεις
3203 806 3252 876 (6
3284 808 3384 878 μὲν
3411 811 3519 884 γάρ
3552 814 3754 866 Σαϐἐλ-

2162 885 2274 948 λιος
2323 887 2432 940 άπὸ
2479 889 2580 959 τῆς
2633 892 2763 959 μιᾶς
2812 892 3027 961 φύσεως
3079 895 3456 968 πλανώμενος,
3490 903 3581 955 καὶ
3619 905 3752 974 μίαν

2162 977 2463 1030 ὑπόστασιν
2522 979 2774 1046 ἐδόξασεν
2805 999 2822 1014 ο
2879 985 2907 1035 6
2944 984 2999 1036 δὲ
3056 987 3275 1056 ’Λρειος
3318 990 3405 1044 διὰ
3443 994 3542 1057 τὰς
3599 999 3752 1066 τρεῖς

2161 1069 2509 1135 ὑποστάσεις,
2544 1073 2637 1124 καὶ
2665 1079 2816 1145 τρεῖς
2860 1076 3052 1144 φύσεις
3082 1079 3279 1152 9.572)-
3321 1085 3624 1153 χορεύουσα
3657 1090 3751 1142 οῦν

2165 1160 2330 1229 μέσον
2381 1163 2589 1216 τούτων
2641 1166 2674 1234 ἡ
2732 1167 3054 1239 Ἐκκλησία,
3123 1173 3251 1242 μίαν
3286 1175 3450 1244 φύσιν
3474 1177 3624 1248 λέγει
3655 1181 3749 1235 τοῦ

2160 1253 2296 1306 Θεοῦ
2332 1256 2391 1308 ὲν
2417 1256 2594 1324 τρισὶν
2633 1257 2986 1315 ὑποστάσεσι.
3043 1265 3154 1317 Καὶ
3207 1266 3347 1339 αῦτη
3395 1272 3544 1324 ἐστὶν
3601 1273 3633 1342 ἡ
3692 1275 3750 1327 ἐν

2161 1344 2353 1436 Τριάδι
2383 1347 2573 1417 μονὰς,
2612 1351 2705 1403 καὶ
2739 1351 2772 1420 ή
2802 1355 2860 1406 ἐν
2893 1354 3083 1422 μονάδι
3108 1358 3297 1428 Τριάς,
3332 1358 3465 1414 Εἶτα
3495 1365 3589 1417 καὶ
3621 1367 3749 1436 περὶ

2158 1435 2261 1506 τῆς
2290 1438 2760 1511 ένανθρωπήσεως
2789 1442 2887 1495 τοῦ
2912 1443 3047 1498 Θεοῦ
3071 1447 3248 1516 Λόγου
3287 1451 3478 1524 ὥσπερ
3516 1455 3580 1508 ὲκ
3633 1435 3750 1510 δια-

2163 1528 2367 1598 μέτρου
2399 1531 2668 1600 ἐμάχοντο
2703 1533 2840 1603 πρὸς
2871 1534 3156 1606 ἀλλήλους,
3185 1539 3212 1591 ὃ
3243 1556 3302 1593 τε
3332 1542 3624 1614 Νεστόριος
3654 1549 3747 1599 καὶ

2159 1619 2431 1692 Εὐτυχής,
2482 1623 2540 1676 '0
2578 1624 2677 1695 μὲν
2719 1626 2830 1696 γὰρ
2863 1628 3156 1698 Νεστόριος
3194 1632 3350 1702 ἔλεγε
3393 1635 3488 1688 δύο
3531 1638 3746 1706 φύσεις,

2157 1713 2259 1766 οὑκ
2301 1713 2453 1782 ἔλεγε
2485 1715 2542 1768 δὲ
2570 1717 2741 1780 αὑτάς
2771 1719 3027 1786 δέξασθαι
3074 1723 3289 1780 ἕνωσιν.
3352 1727 3512 1780 Ἀλλὰ
3563 1731 3747 1800 σχέσιν

2160 1805 2362 1877 πολλὴν
2387 1807 2531 1877 ἔχειν
2569 1808 2662 1862 τὸν
2704 1810 2992 1878 ἄνθρωπον
3034 1817 3244 1869 ἐκεῖνον
3285 1818 3420 1889 πρὸς
3455 1820 3552 1874 τὸν
3597 1822 3745 1888 Υἰὸν,

476 1917 601 1971 tur;
639 1907 736 1962 sed
773 1921 884 1960 non
920 1905 1142 1959 dicebat
1170 1919 1364 1958 earum
1392 1904 1590 1958 factam
1623 1907 1912 1960 unionem.
1943 1906 2046 1961 Ma-

2157 1897 2297 1952 ὦστε
2325 1902 2418 1953 καὶ
2446 1901 2514 1954 δι’
2540 1903 2706 1955 αὑτοῦ
2757 1905 3024 1974 ἐνεργεῖν,
3075 1909 3177 1962 ὃσα
3219 1909 3466 1979 βούλεται
3493 1927 3506 1942 ο
3547 1915 3641 1966 καὶ
3677 1915 3744 1967 δι’

472 2014 634 2068 gnam
658 1997 1013 2051 volebatesse
1037 1995 1202 2064 hujus
1232 1995 1476 2050 hominis
1499 1996 1564 2049 ad
1585 1995 1784 2050 Filium
1811 1996 2058 2052 affectio-

472 2109 638 2158 nem;
671 2092 810 2147 adeo
854 2089 1102 2161 quidem,
1137 2097 1198 2144 ut
1227 2105 1328 2160 per
1357 2105 1485 2145 eum
1531 2107 1877 2162 quiecunque
1919 2093 2056 2147 velit

473 2185 710 2250 eiliciat;
744 2199 979 2253 eamque
1009 2183 1081 2237 ob
1113 2198 1335 2236 causam
1367 2184 1549 2238 aiebat
1574 2185 1721 2240 hunc
1768 2186 2053 2241 hominem

473 2278 668 2332 Filium
693 2291 913 2345 quoque
931 2275 1217 2345 appellari.
1234 2274 1391 2340 Quod
1409 2276 1454 2330 si
1477 2275 1602 2344 quis
1623 2276 1917 2347 objiceret:
1941 2277 2056 2332 Cur

471 2385 643 2424 unum
685 2369 887 2423 Filium
934 2366 1075 2421 dicis
1107 2382 1248 2430 esse,
1293 2383 1404 2420 non
1448 2367 1631 2422 duos?
1675 2369 2056 2438 respondisset

469 2463 782 2528 Nestorius,
815 2468 1028 2514 tantum
1058 2475 1180 2513 esse
1205 2475 1450 2514 amorem
1483 2467 1540 2513 et
1569 2461 1919 2516 all‘ectionem
1953 2463 2051 2518 Dei

471 2553 753 2610 Sermonis
779 2569 908 2622 erga
933 2552 1082 2606 hunc
1112 2552 1418 2616 hominem,
1449 2561 1511 2607 ut
1541 2552 1672 2619 duo,
1705 2554 1878 2608 Filius
1909 2571 2053 2610 unus

469 2647 731 2718 appellati
767 2645 995 2700 fuerint.
1024 2645 1303 2716 Eutyches
1339 2661 1476 2700 vero
1508 2647 1842 2716 perhibebat
1885 2664 2048 2703 unam

468 2754 591 2794 esse
613 2737 959 2809 hypostasin,
985 2745 1042 2792 et
1067 2745 1174 2790 tam
1206 2745 1414 2790 arctam
1444 2736 1628 2792 aiebat
1663 2738 1926 2794 unionem
1953 2740 2049 2794 Dei

470 2831 756 2887 Sermonis
784 2846 910 2885 cum
939 2829 1164 2884 homine
1188 2829 1421 2894 factam,
1464 2840 1527 2884 ut
1549 2830 1717 2885 etiam
1741 2831 1807 2886 de
1834 2831 2050 2886 duabus

470 2940 580 2979 una
609 2923 778 2979 fuerit
817 2923 1016 2978 ell’ecta
1061 2933 1281 2976 natura.
1315 2923 1534 2978 Rursus
1563 2932 1746 2978 autem
1796 2923 2047 2979 Ecclesia

468 3017 653 3073 medio
685 3031 920 3086 pergens
951 3015 1094 3069 inter
1123 3015 1224 3069 hos
1257 3014 1476 3079 itinere,
1511 3029 1612 3070 nec
1645 3015 1784 3070 duas
1821 3025 2048 3070 naturas

467 3113 544 3166 ita
566 3125 692 3165 cum
712 3107 970 3164 Nestorio
990 3108 1217 3172 fatetur,
1243 3114 1304 3161 ut
1323 3123 1435 3161 non
1456 3116 1514 3162 et
1536 3107 1798 3162 unionem
1841 3107 2043 3162 lactant

2159 1995 2293 2047 αὑτὸ
2327 1995 2480 2064 ἔλεγε
2511 2001 2607 2050 καὶ
2623 1997 2716 2050 τὸν
2742 1997 3032 2069 ἄνθρωπον
3061 2002 3293 2067 ἐκεῖνον,
3317 2004 3445 2058 Υίὸν
3466 2005 3744 2074 λέγεσθαι.

2157 2089 2311 2154 Εῖτις
2342 2090 2399 2143 δὲ
2429 2091 2574 2146 είποι
2601 2092 2741 2163 πρὸς
2761 2093 2943 2156 αὑτὸν,
2974 2096 3084 2150 Kal.
3107 2095 3250 2149 διατί
3286 2098 3382 2152 Eva
3410 2098 3589 2166 λέγεις
3618 2101 3747 2153 Υίὺν

2155 2183 2248 2236 καὶ
2281 2182 2356 2254 μὴ
2382 2182 2475 2236 δύο
2502 2201 2515 2250 ;
2542 2186 2980 2257 ἀνταπεκρίνατο
3014 2187 3081 2241 ἂν
3109 2188 3137 2240 6
3158 2189 3470 2262 Νεστόριος·
3498 2192 3745 2264 Τοσαύτη

2153 2270 2222 2346 ἦν
2256 2278 2289 2347 ή
2326 2275 2477 2346 φιλία
2503 2278 2598 2331 καὶ
2639 2279 2672 2349 ἡ
2709 2279 2896 2348 σχέσις
2933 2279 3029 2332 τοῦ
3071 2279 3207 2333 Θεοῦ
3254 2282 3430 2350 Λόγου
3477 2284 3614 2354 πρὸς
3653 2285 3746 2338 τὸν

2155 2365 2468 2438 ἄνθρωπον,
2493 2367 2574 2420 ὅτι
2603 2368 2653 2421 οί
2685 2367 2778 2422 δύο
2816 2364 2897 2433 εἷς
2931 2369 3060 2434 Υἱὸς
3090 2371 3363 2440 ἐλέγοντο.
3403 2375 3460 2427 Ὀ
3487 2375 3544 2428 δὲ
3573 2377 3743 2429 Εὐτυ-

2154 2460 2257 2529 χὴς
2290 2459 2418 2529 μίαν
2447 2461 2746 2514 ὑπόστασιν
2771 2463 2980 2532 ἔλεγεν,
3031 2465 3126 2518 καὶ
3165 2466 3439 2538 τοσαύτην
3474 2469 3626 2538 ἔλεγε
3653 2487 3745 2538 γε·

2153 2555 2343 2609 νέσθαι
2391 2557 2586 2611 ἕνωσιν
2622 2557 2718 2611 τοῦ
2759 2557 2896 2612 Θεοῦ
2933 2559 3111 2629 Λόγου
3149 2561 3285 2632 πρὸς
3313 2563 3404 2616 τὸν
3434 2563 3741 2635 ἄνθρωπον,

2151 2647 2293 2702 ὥστε
2335 2649 2426 2702 καὶ
2474 2650 2607 2719 μίαν
2655 2650 2816 2720 φύσιν
2866 2653 3296 2725 ἀποτελεσθῆναι
3345 2659 3410 2710 ὲκ
3464 2658 3572 2712 τῶν
3625 2657 3739 2711 δύο.

2153 2743 2322 2796 Πάλιν
2360 2744 2416 2798 δὲ
2467 2744 2768 2816 Ἐκκλησία
2827 2747 2992 2817 μέσον
3019 2748 3318 2819 χορεύουσα
3352 2751 3578 2814 τούτων,
3615 2749 3740 2804 οὔτε

2149 2833 2242 2887 δύο
2275 2833 2469 2904 φύσεις
2498 2836 2687 2904 ἔλεγεν
2717 2836 2793 2901 ὡς
2820 2840 2848 2891 6
2895 2841 3216 2911 Νεστόριος,
3255 2841 3395 2896 ὥστε
3446 2844 3582 2915 μηδὲ
3609 2845 3741 2898 ἕνω-

2152 2943 2236 2979 σιν
2263 2927 2440 2980 είπεῖν
2477 2928 2844 2999 γεγενῆσθαιο
2901 2931 3015 2983 ἀλλ’
3061 2931 3185 2987 οὑτε
3236 2935 3494 3007 τοιαύτην
3547 2937 3743 2991 ἕνωσίν

2149 3036 2334 3089 φησιν,
2365 3019 2442 3083 ὡς
2485 3021 2513 3074 6
2559 3021 2830 3093 Εὐτυχὴς,
2879 3025 3232 3096 γεγενῆσθαι,
3271 3027 3414 3081 ὥστε
3467 3030 3562 3083 καὶ
3611 3030 3742 3101 μίαν

2149 3111 2313 3178 φύσιν
2340 3111 2539 3164 είπεῖν.
2589 3111 2647 3164 '0
2691 3115 2792 3182 μὲν
2841 3115 2951 3184 γὰρ
2999 3115 3296 3187 Νεστόριος
3357 3117 3446 3170 διὰ
3495 3118 3595 3182 τὰς
3646 3119 3742 3173 δύο

465 3203 644 3258 dicat:
697 3215 803 3255 nec
845 3199 1090 3255 vicissim
1136 3198 1302 3252 talem
1332 3198 1472 3253 dicit
1497 3198 1762 3252 unionem
1811 3197 2046 3263 factam,

2153 3201 2368 3270 φύσεις,
2403 3203 2505 3256 οὑκ
2540 3202 2694 3272 ἔλεγε
2717 3206 3045 3278 γεγενῆσθαι
3075 3208 3269 3260 ἕνωσιν
3298 3226 3311 3240 ·
3350 3211 3378 3264 6
3411 3209 3467 3264 δὲ
3494 3211 3738 3282 Εὑτυχὴς

464 3295 683 3366 qualem
701 3293 1003 3363 Eutyches,
1025 3299 1085 3347 ut
1103 3307 1269 3346 unam
1291 3306 1512 3361 quoque
1534 3299 1787 3345 naturam
1811 3297 2044 3344 asserat.

462 3386 754 3442 Nestorius
783 3384 932 3440 enim
962 3393 1259 3455 propterea
1294 3383 1442 3453 quod
1487 3382 1610 3437 duae
1649 3390 1860 3436 naturas
1912 3382 2045 3448 sint,

464 3478 724 3532 unionem
758 3474 958 3530 factam
988 3475 1224 3546 negabat
1271 3491 1282 3528 :
1321 3473 1600 3545 Eutyches
1635 3483 1861 3544 propter
1887 3473 2047 3527 unio-

465 3586 626 3636 nem,
689 3576 947 3623 naturam
1001 3567 1222 3622 dicebat
1281 3581 1469 3620 unam.
1529 3566 1732 3620 Verum
1796 3565 2044 3620 Ecclesia

466 3663 638 3718 tradit
678 3678 842 3716 unam
879 3676 1002 3716 esse
1044 3659 1388 3732 hypostasin,
1435 3659 1653 3714 duabus
1702 3658 1757 3712 in
1807 3657 2042 3712 naturis.

465 3760 644 3828 Atque
669 3757 787 3812 haec
817 3755 1067 3810 doctrina
1097 3755 1166 3808 de
1198 3754 1580 3808 incarnatione
1603 3751 1749 3817 Filii,
1777 3751 2048 3806 doctrinae

464 3848 534 3903 de
568 3848 842 3902 Trinitate
870 3846 992 3901 vice
1025 3862 1186 3901 versa
1221 3845 1539 3915 respondet,
1574 3843 1718 3898 sicut
1757 3842 1919 3898 divus
1954 3843 2048 3897 ille

461 3941 760 4015 Gregorius
779 3941 875 3996 ait:
900 3941 1037 3996 Nam
1063 3939 1187 3994 istic
1210 3939 1479 3993 unitatem
1494 3948 1704 3992 natura:
1725 3935 2045 4001 tribuimus,

461 4035 761 4091 discrimen
825 4031 1216 4104 hypostasibus
1271 4049 1284 4085 :

461 4126 684 4196 quidem
711 4125 802 4180 hic
827 4139 992 4196 agere
1025 4123 1193 4180 modo
1226 4122 1414 4178 libuit.

2153 3293 2242 3346 διὰ
2287 3293 2388 3366 τὴν
2435 3295 2650 3361 ἕνωσιν,
2691 3299 2788 3351 καὶ
2833 3299 2965 3370 μίαν
3004 3298 3168 3368 φύσιν
3213 3300 3420 3370 ἔλεγεν.
3465 3303 3625 3357 Ἀλλά
3653 3306 3739 3358 6o-

2157 3386 2311 3451 ξάζει
2364 3389 2397 3457 ἠ
2438 3389 2736 3458 Ἐκκλησία
2770 3391 2900 3461 μίαν
2946 3392 3245 3447 ὑπόστασιν
3283 3395 3342 3450 ἐν
3383 3395 3478 3449 δύο
3517 3397 3736 3466 φύσεσι.

2154 3479 2266 3531 Καὶ
2307 3477 2426 3531 ἔστι
2467 3479 2529 3532 τὸ
2567 3482 2698 3551 περὶ
2731 3481 2829 3551 τῆς
2864 3483 3335 3557 ὲνανθρωπήσεως
3367 3486 3545 3558 δόγμα
3587 3489 3738 3542 ἀντί-

2157 3585 2387 3639 στροφον
2434 3570 2512 3640 τῷ
2557 3572 2686 3641 περὶ
2724 3573 2826 3643 τῆς
2871 3573 3170 3643 Θεολογίας,
3217 3576 3291 3641 ὥς
3328 3595 3494 3648 φησιν
3535 3580 3564 3631 6
3596 3578 3738 3643 θεῖος

2155 3661 2458 3734 Γρηγόριος
2485 3679 2498 3694 ⁸
2546 3664 2696 3718 Ἐκεῖ
2727 3666 2825 3735 μὲν
2858 3666 2969 3738 γὰρ
2997 3667 3058 3721 τὸ
3093 3669 3150 3723 ἓν
3183 3671 3502 3742 παρέχομεν
3534 3675 3602 3744 τῇ
3634 3673 3738 3741 φύ-

2155 3769 2259 3818 σει,
2288 3753 2350 3806 τὸ
2382 3753 2437 3806 δὲ
2469 3754 2726 3827 διάφορον
2752 3760 2872 3821 ταῖς
2896 3759 3259 3814 ὑποστάσεσιν
3283 3777 3295 3788 ·
3319 3761 3558 3817 ἐνταῦθα
3584 3763 3640 3815 δὲ
3673 3765 3740 3816 ὲκ

2151 3844 2248 3899 τοῦ
2283 3846 2552 3912 ἐναντίου,
2589 3848 2649 3901 1:6
2681 3848 2782 3918 μὲν
2822 3850 2901 3918 ἓν,
2936 3854 3002 3923 τῇ
3036 3853 3366 3909 ὑποστάσει·
3394 3855 3532 3910 τὸδὲ
3553 3855 3742 3927 διάφο-

2156 3955 2268 4008 ρον,
2298 3941 2420 4003 ταῖς
2446 3938 2694 4008 φύσεσιν.
2738 3942 2829 3997 Ἐν
2855 3943 3122 4016 τούτοιςὴ
3156 3946 3378 4018 πρᾶξ;ς.

1353 4030 1445 4085 hic
1474 4038 1658 4084 autem
1686 4043 1718 4084 e
1777 4027 2083 4093 contrario,
2116 4029 2383 4085 unitatem
2431 4031 2749 4103 hypostasi,
2799 4033 3099 4100 discrimen
3145 4037 3380 4094 naturis.
3425 4037 3505 4094 Ae
3541 4037 3609 4093 de
3647 4037 3740 4092 his

459 4338 595 4399 IIac
626 4335 900 4398 secunda
929 4335 1188 4396 Actione

538 4427 747 4479 tamen
788 4414 1173 4478 declaratur.

1092 4555 1300 4614 ACTIO
1334 4557 1400 4612 II.

529 4653 819 4724 Sequitur,
851 4661 915 4706 ut
959 4659 1082 4722 post
1116 4652 1206 4706 illa
1245 4654 1356 4721 jam
1403 4651 1712 4721 prmmissa,
1757 4650 1827 4706 de
1868 4649 2037 4707 sectis

457 4745 791 4818 quibusdam
827 4743 1072 4798 breviter
1101 4756 1349 4812 agamus.
1377 4743 1658 4800 Universae
1679 4742 1903 4812 quidem
1931 4759 2036 4797 nu-

455 4852 611 4892 mero
641 4836 710 4890 84
737 4842 887 4900 sunt,
912 4849 1050 4903 quas
1077 4833 1421 4904 Epiphanius
1451 4833 1615 4904 Cypri
1646 4833 1876 4889 antistes
1898 4849 2036 4889 enu-

455 4938 656 4986 merat.
683 4927 844 4984 Prius
875 4935 1058 4981 tamen
1079 4941 1243 4996 quam
1269 4941 1364 4980 eas
1393 4925 1747 4997 attingamus,
1774 4926 1947 4981 libros
1967 4926 2035 4982 ab

454 5024 703 5080 Ecclesia
726 5031 986 5093 receptos
1018 5036 1430 5077 recenseamns.
1457 5020 1632 5092 Igitur
1657 5036 1725 5075 ex
1755 5019 1914 5076 libris
1939 5036 2033 5076 ec-

452 5115 799 5181 clesiasticis,
833 5114 926 5169 alii
960 5113 1260 5184 Scriptura:
1291 5113 1505 5170 Veteris
1534 5122 1685 5179 sunt,
1714 5113 1806 5168 alii
1844 5111 2030 5168 Novaa.

450 5211 705 5266 Veterem
731 5208 1078 5277 Scripturam
1100 5222 1362 5262 vocamus
1383 5222 1525 5271 eam,
1544 5222 1665 5276 qua:
1680 5214 1808 5260 ante
1826 5204 2032 5261 Christi

451 5304 754 5359 adventum
790 5301 991 5358 litteris
1020 5299 1241 5370 prodita
1285 5299 1424 5354 fuit:
1468 5300 1698 5364 Novam,
1733 5315 1857 5370 quae
1906 5308 2033 5370 post

450 5398 625 5468 ipsius
651 5396 972 5451 adventum.
1003 5393 1222 5450 Veteris
1245 5393 1374 5449 libri
1411 5401 1542 5448 sunt
1571 5392 1665 5458 9.2,
1697 5391 1899 5462 partim
1940 5391 2030 5446 hi-

448 5488 662 5554 storici,
697 5489 898 5558 partim
926 5485 1261 5558 prophetici,
1293 5485 1496 5556 partim
1533 5492 1808 5554 praecepta
1847 5483 2029 5538 conti-

446 5592 665 5647 nentes,
697 5580 896 5651 partim
930 5580 998 5634 ad
1034 5578 1439 5634 concinendum
1482 5577 1633 5631 facti.
1664 5575 1825 5642 Quod
1861 5575 1905 5629 si
1945 5574 2027 5628 al-

449 5679 630 5726 terum
659 5670 715 5724 in
741 5671 916 5724 altero
945 5668 1151 5722 alicubi
1182 5669 1482 5739 reperitur,
1516 5682 1547 5721 a
1593 5666 1808 5737 potiore
1843 5672 2026 5719 tamen

451 5772 602 5828 parte
651 5760 884 5830 singulis
933 5761 1332 5829 appellationes
1377 5761 1538 5814 datas.
1589 5757 1853 5813 llistorici
1893 5757 2024 5811 libri

452 5863 578 5908 sunt
603 5853 690 5906 12.
714 5853 931 5906 Primus
949 5859 1034 5906 est
1058 5851 1308 5916 Genesis,
1336 5868 1534 5922 resque
1550 5861 1732 5923 gestas
1748 5867 1778 5906 a
1799 5850 2024 5906 condito

1284 4330 1394 4415 uid
1438 4335 1608 4395 sacri
1639 4333 1792 4395 libri
1824 4334 2149 4414 utriusque
2205 4333 2583 4415 Testamenti
2620 4333 3133 4415 complectantur,
3173 4337 3416 4415 paucis,
3462 4335 3738 4400 dilucide

1301 4413 1644 4476 ebrworum
1697 4423 1756 4475 et
1802 4411 2351 4476 Samaritanorum
2401 4411 2658 4474 hereses
2700 4411 3103 4492 eaEplicantur
3142 4411 3197 4476 ei
3242 4416 3642 4494 refelluntur.

2764 4555 3015 4612 ΠΡΛΞΙΣ
3052 4558 3128 4613 Β’.

2227 4647 2545 4702 ’Λκόλουθόν
2569 4649 2684 4703 ἐστι
2720 4649 2862 4718 μετά
2902 4650 2974 4704 τὰ
3014 4651 3378 4722 προλαϐόντα,
3425 4655 3556 4726 περὶ
3585 4657 3733 4727 αίρὲο

2146 4739 2285 4795 σεών
2315 4757 2478 4793 τινων
2517 4739 2814 4797 διαλαϐεῖν.
2857 4742 2978 4796 Εἰσὶ
3006 4743 3062 4796 δὲ
3107 4745 3165 4797 αἱ
3188 4746 3362 4799 πᾶσαι
3393 4746 3499 4812 πδ¹’,
3527 4747 3595 4812 ἃς
3624 4751 3732 4802 ὰπ-

2142 4833 2459 4906 αριΘμεῖται
2511 4833 2830 4903 Ἐπιφάνιος
2861 4835 2891 4887 6
2937 4835 3166 4908 Κύπρου
3209 4838 3529 4903 ἐπίσκοπος.
3569 4840 3730 4896 Ἀλλά

2141 4926 2251 4997 πρὸ
2294 4925 2388 4980 τοῦ
2431 4925 2674 4996 ἅψασθαι
2733 4929 2882 4998 ἡμᾶς
2927 4928 3131 4996 αὑτῶν,
3163 4930 3304 4994 τέως
3322 4931 3730 5004 άπαριθμησὼο

2145 5017 2287 5090 μεοα
2309 5019 2378 5084 τὰ
2410 5019 2846 5091 ὲκκλησιαστικὰ
2881 5020 3082 5093 βιϐλία.
3136 5023 3257 5076 Τῶν
3302 5024 3486 5079 τοίνυν
3529 5027 3731 5097 ἐκκλη-

2143 5111 2442 5167 σιαστικῶν
2473 5112 2714 5184 βιὸλίων,
2737 5113 2807 5166 τά
2836 5113 2935 5184 μὲν
2956 5116 3055 5186 τῆς
3078 5115 3320 5181 Παλαιᾶς
3345 5117 3454 5172 εἰσι
3479 5119 3725 5190 Γραφῆς·

2140 5203 2208 5258 τὰ
2238 5204 2317 5271 δὲ,
2359 5205 2458 5276 τῆς
2493 5205 2662 5270 Νέας.
2709 5206 2958 5263 Παλαιὰν
2986 5207 3044 5262 δὲ
3084 5209 3315 5280 λέγομεν
3346 5211 3594 5283 Γραφὴν,
3628 5211 3730 5284 τὴν

2139 5297 2248 5367 πρὸ
2275 5296 2374 5366 τῆς
2401 5296 2708 5367 παρουσίας
2740 5297 2834 5350 τοῦ
2860 5298 3101 5369 Χριστοῦ
3126 5314 3139 5328 ·
3167 5299 3314 5353 Νέαν
3343 5301 3423 5366 δὲ,
3453 5301 3551 5372 τὴν
3589 5305 3732 5372 μετὰ

2137 5387 2238 5458 τὴν
2269 5387 2595 5460 παρουσίαν.
2611 5388 2723 5458 Τῆς
2747 5387 2847 5459 μὲν
2863 5388 2956 5443 οὑν
2974 5390 3219 5453 Παλαιᾶς
3238 5390 3421 5461 βιϐλία
3441 5392 3581 5446 εἰσὶν
3620 5392 3726 5463 κβ’,

2137 5473 2214 5534 ὧν
2235 5479 2305 5534 τὰ
2339 5482 2438 5551 μέν
2466 5482 2605 5534 εἰσιν
2646 5483 2903 5554 ἱστορικά
2931 5499 2944 5513 ⁸
2988 5483 3058 5538 τά
3113 5483 3196 5548 δὲ,
3241 5487 3561 5557 προφητικά
3588 5503 3602 5517 '
3659 5487 3730 5540 τὰ

2133 5575 2216 5641 δὲ,
2266 5575 2634 5644 παραινετικά
2658 5593 2673 5607 ο
2719 5576 2790 5630 τὰ
2817 5575 2897 5641 δὲ,
2933 5575 3071 5648 πρὸς
3099 5578 3157 5630 τὸ
3185 5576 3412 5647 ψάλλειν
3435 5579 3726 5649 γενόμενα.

2135 5667 2198 5720 El
2223 5666 2279 5720 δὲ
2319 5668 2415 5722 καὶ
2450 5666 2682 5722 ἕκαστον
2727 5669 2787 5723 έν
2831 5670 3050 5741 ἑκάστῳ
3092 5670 3430 5741 εὑρίσκεται,
3471 5669 3590 5725 ἀλλ’
3632 5669 3730 5725 οὑν

2133 5759 2243 5813 ἀπὸ
2271 5758 2366 5813 τοῦ
2408 5759 2799 5826 πλεονάζοντος
2843 5762 3076 5816 ἕκαστον
3107 5763 3394 5834 κέκληται.
3428 5764 3510 5818 Τὰ
3539 5763 3727 5818 τοίνυν

2135 5853 2381 5925 ἱστορικὰ
2413 5852 2590 5924 βιϐλία
2621 5854 2729 5908 sici.
2762 5855 2850 5924 ιβ’,
2878 5851 2952 5910 ἂν
2984 5856 3199 5928 πρῶτόν
3225 5857 3375 5911 ἐστιν
3410 5858 3443 5928 ἡ
3481 5857 3722 5928 Γένεσις,
