4148 6454
435 456 568 522 1201

1643 471 1742 530 DE
1783 471 2060 532 SECTIS.
2101 497 2169 510 -
2199 474 2360 534 ACT.
2403 475 2486 534 II.

3565 467 3706 532 1:202

424 571 672 643 περιέχει
697 571 755 626 δὲ
801 571 960 627 τοῦτο
987 574 1047 629 τὸ
1097 574 1306 646 βιϐλίον
1343 576 1412 631 τὰ
1456 578 1565 633 ἀπο
1606 580 1705 649 τῆς
1749 583 2021 653 ποιήσεως

2138 583 2270 639 :oelo
2295 599 2360 640 ac
2397 595 2563 650 terra,
2596 601 2767 656 usque
2795 587 2864 642 ad
2897 587 3119 657 Josephi
3158 595 3395 641 mortem
3439 583 3711 639 continet.

423 664 519 719 τοῦ
557 665 794 737 ούρανοῦ
840 668 934 722 καὶ
981 670 1079 740 τῆς
1134 671 1256 740 γῆς,
1311 670 1416 733 ἕως
1467 673 1566 743 τῆς
1621 673 1880 745 τελευτῆς
1925 673 2019 728 τοῦ

439 757 665 828 Ἰωσήφ.
705 757 971 829 Δεύτερόν
997 760 1148 811 ἐστιν
1185 761 1218 831 ἡ
1248 761 1466 826 Ἐξοδος
1491 780 1502 796 ι
1545 761 1791 835 περιέχει
1830 763 1888 816 δὲ
1926 763 2021 816 καὶ

425 850 586 905 τοῦτο
616 853 727 906 ἀπὸ
757 853 860 922 τῆς
885 854 1144 925 τελευτῆς
1182 856 1278 908 τοῦ
1321 857 1542 928 Ἰωσὴφ,
1586 858 1681 911 καὶ
1710 859 1810 927 τῆς
1844 857 2018 923 ἐξόδου

425 945 534 998 τῶν
580 946 955 1018 Ἰσραηλιτῶν,
988 947 1093 1009 ἕως
1126 949 1236 1002 τῶν
1269 952 1576 1020 γενομένων
1602 951 1729 1023 ἄχρι
1756 951 1850 1003 τοῦ
1881 950 2020 1019 φθά-

429 1055 519 1093 σαι
549 1039 750 1103 αύτοὺς
789 1039 850 1093 τὸ
881 1039 1009 1110 ὅρος
1052 1041 1144 1094 τοῦ
1187 1044 1340 1098 Σινᾶ.
1377 1043 1563 1097 Ταῦτα
1608 1043 1666 1096 δέ
1711 1044 1825 1096 ἐστι
1857 1061 1870 1074 ο
1905 1041 2021 1105 πῶς

427 1130 526 1202 τὴν
569 1130 842 1203 Ἐρυθρὰν
900 1133 1181 1187 θάλασσαν
1226 1134 1576 1206 διεπέρασαν,
1617 1136 1714 1188 καὶ
1753 1135 1806 1189 τί
1849 1136 1909 1188 ἐν
1941 1133 2022 1205 τῷ

431 1220 641 1289 μεταξὺ
669 1222 885 1292 γέγονε,
908 1224 1007 1278 καὶ
1040 1224 1156 1289 πῶς
1181 1225 1273 1279 τὸν
1305 1227 1470 1297 νόμον
1497 1227 1587 1281 διὰ
1618 1226 1865 1291 Μωσέως
1895 1226 2021 1281 έλα-

429 1314 522 1368 ϐον
547 1315 656 1368 ἀπὸ
695 1314 792 1368 τοῦ
826 1315 986 1370 Θεοῦ.
1018 1317 1214 1386 Τρίτον
1249 1319 1366 1371 ἐστὶ
1395 1318 1623 1390 βιϐλίον,
1658 1321 1706 1373 οί
1738 1318 2022 1390 λεγόμενοι

431 1406 703 1478 Ἀριθμοὶ,
733 1409 792 1460 ἐν
816 1405 897 1474 οἷς
928 1411 1328 1482 ἁπαριθμεῖται
1347 1411 1446 1475 τὰς
1467 1411 1641 1483 φυλὰς
1668 1412 1775 1466 τῶν
1804 1413 2022 1483 Ἰσραη-

435 1499 630 1565 λιτῶν,
658 1500 754 1555 κα)⁸
784 1502 911 1565 τοὺς
959 1502 1230 1574 ἄρχοντας
1261 1504 1460 1558 αὐτῶν.
1494 1503 1769 1575 Τέταρτόν
1803 1505 1919 1557 ὲστι
1961 1503 2023 1556 τὸ

430 1592 740 1658 Λευῖτικὸν,
769 1594 828 1647 ὲν
942 1595 1296 1666 προστάττει,
1331 1597 1448 1658 πῶς
1476 1595 1558 1650 δεῖ
1584 1595 1872 1667 λατρεύειν
1896 1594 2024 1658 τοὺς

434 1681 599 1752 ἱερεῖς
631 1697 644 1712 ·
678 1680 803 1734 ὅθεν
843 1683 936 1735 καὶ
983 1683 1191 1754 ἐκλήθη
1239 1684 1525 1739 Λευῖτικόν
1554 1701 1568 1718 ’
1616 1686 1726 1739 ἀπὸ
1771 1684 1881 1756 γὰρ
1923 1685 2024 1756 τῆς

431 1771 607 1842 φυλῆς
623 1771 734 1826 τῶν
755 1773 1000 1827 Λευῖτῶν
1018 1775 1265 1843 ἐγίνοντο
1290 1778 1338 1829 οί
1370 1777 1555 1848 ἱερεῖς.
1581 1777 1843 1848 Πέμπτον
1881 1777 2020 1842 ἐστὶ,

429 1858 491 1911 τὸ
535 1861 974 1931 Δευτερονόμιον,
1023 1865 1082 1916 ἐν
1118 1856 1162 1932 ᾧ
1198 1864 1273 1929 ὡς
1317 1867 1375 1919 ἐν
1407 1867 1625 1936 συνόψει
1655 1869 1925 1939 διηγεῖται
1955 1866 2024 1920 τὰ

2129 675 2300 742 Alter,
2339 676 2594 745 Exodus;
2621 689 2678 734 et
2700 695 2730 733 a
2761 689 2940 734 morte
2967 679 3193 750 Joscphi
3227 687 3284 733 et
3312 677 3465 732 exitu
3492 676 3716 732 lsraeli-

2131 778 2311 824 tarum
2348 780 2502 841 gesta
2533 773 2922 843 complectitur
2967 772 3035 827 ad
3071 772 3206 827 illud
3253 787 3433 840 usque
3471 777 3716 839 tempus.

2129 878 2240 932 quo
2269 863 2338 917 ad
2363 873 2603 919 montem
2634 864 2820 918 Sinam
2851 871 3248 934 pervenerunt.
3280 863 3357 918 Ea
3385 877 3517 916 vero
3547 871 3710 917 sunt:

2129 953 2411 1022 quomodo
2452 971 2601 1010 mare
2635 957 2889 1010 Rubrum
2948 956 3300 1019 transierint,
3337 954 3468 1024 quid
3505 955 3713 1008 interea

2129 1047 2357 1110 factum,
2377 1049 2655 1116 quomodo
2672 1049 2845 1118 legem
2865 1064 2894 1102 a
2913 1049 3027 1102 Deo
3041 1065 3139 1118 per
3154 1048 3356 1102 Mosen]
3375 1047 3714 1116 acceperint.

2131 1138 2355 1193 Tertius
2377 1139 2516 1192 liber
2539 1148 2642 1202 est,
2665 1155 2829 1209 quem
2853 1140 3126 1195 Numeros
3151 1149 3376 1205 vocant;
3401 1154 3513 1209 quo
3536 1137 3718 1192 tribus

2130 1228 2507 1284 lsraelitarum
2525 1246 2830 1300 eorumque
2850 1229 3130 1300 principes
3143 1237 3526 1284 recensentur.
3541 1226 3719 1292 Quar-

2131 1327 2242 1385 tus,
2262 1320 2547 1376 Leviticus
2593 1329 2713 1387 est;
2768 1337 2878 1390 quo
2920 1321 3260 1391 praecipitur,
3293 1335 3405 1390 quo
3453 1319 3559 1374 ritu
3606 1319 3719 1372 Deo

2130 1412 2340 1466 servire
2372 1413 2688 1470 sacerdotes
2709 1414 2980 1469 debeant:
3005 1414 3150 1469 unde
3172 1421 3228 1469 et
3257 1413 3489 1467 Levitici
3516 1427 3718 1465 nomen

2133 1502 2363 1556 invenit.
2396 1503 2532 1557 Nam
2563 1504 2632 1559 de
2664 1504 2982 1559 Levitarum
3019 1503 3172 1559 tribu
3211 1502 3534 1559 sacerdotes
3569 1517 3720 1556 crea-

2132 1595 2356 1650 bantur.
2391 1595 2630 1662 Quintus
2655 1605 2759 1663 est,
2790 1596 3280 1652 Denteronomium
3303 1613 3317 1662 ;
3357 1595 3411 1649 in
3435 1610 3547 1665 quo
3568 1593 3721 1648 velut

2134 1689 2190 1742 in
2218 1689 2462 1759 synopsi,
2495 1689 2564 1742 ab
2595 1689 2744 1744 exitu
2779 1689 2919 1745 facta
2951 1699 3162 1755 narrat,
3189 1705 3364 1759 usque
3384 1688 3452 1743 ad
3476 1697 3719 1742 montem

2133 1780 2342 1836 Sinam.
2376 1781 2532 1846 Item,
2565 1781 2731 1836 latius
2755 1781 2986 1852 exponit
3014 1783 3214 1852 legem.
3247 1781 3405 1838 Unde
3452 1781 3710 1834 Deutero-

2131 1871 2381 1925 nomium
2407 1881 2697 1936 vocarunt,
2733 1873 2889 1941 quasi
2916 1873 3092 1943 legem
3125 1872 3401 1928 iteratam.
3434 1871 3569 1926 Nam
3596 1883 3721 1938 qua:

429 1951 538 2004 ἀπὸ
569 1954 668 2023 τῆς
709 1953 919 2018 Ἐξόδου
941 1955 1226 2024 γενόμενα,
1256 1957 1419 2029 μέχρι
1445 1957 1537 2011 τοῦ
1565 1959 1723 2030 ὅρους
1747 1959 1841 2012 τοῦ
1873 1960 2022 2025 Σινᾶ,

2138 1962 2196 2016 de
2233 1962 2351 2034 lege
2379 1963 2622 2020 breviter
2647 1965 2702 2019 in
2723 1964 2911 2019 Exodo
2939 1965 3261 2034 praescripta
3285 1971 3436 2027 sunt,
3463 1977 3528 2016 ea
3553 1960 3720 2014 latius

430 2045 525 2097 καὶ
559 2045 662 2110 ὅτι,
698 2045 790 2098 τὸν
819 2047 982 2116 νόμον
1012 2049 1260 2112 πλατέως
1294 2049 1588 2112 ἐκτίθεται,
1625 2050 1747 2104 ὅθεν
1771 2052 1866 2104 καὶ
1892 2052 2024 2104 Δευ-

2133 2053 2190 2108 in
2221 2053 2656 2110 Deuteronomio
2687 2071 2815 2110 cum
2850 2057 3105 2127 pluribus
3131 2056 3255 2110 aliis
3288 2054 3609 2109 traduntur.

430 2139 748 2209 τερονόμιον
781 2140 1006 2212 ἐκλήθη.
1047 2143 1115 2195 ’Ἃ
1148 2143 1257 2215 γὰρ
1295 2143 1352 2197 ὲν
1384 2147 1451 2216 τῇ
1496 2143 1692 2215 Ἐξόδῳ
1728 2144 1802 2209 ὡς
1872 2145 1931 2198 ὲν
1976 2145 2228 2218 συντόμῳ
2259 2146 2572 2220 γέγραπται
2607 2151 2736 2222 περὶ
2772 2149 2868 2203 τοῦ
2891 2150 3084 2220 νόμου,
3144 2149 3318 2203 ταῦτα
3386 2147 3720 2213 πλατύτερον

433 2235 492 2287 ἐν
515 2233 592 2302 τῷ
638 2236 1044 2309 Δευτερονομίῳ
1085 2239 1436 2310 παραδίδοται
1481 2243 1619 2312 μετὰ
1674 2240 1768 2295 καὶ
1824 2241 2028 2311 ἑτέρων
2065 2240 2262 2298 ἄλλων.
2998 2244 3041 2286 δ’

503 2328 688 2382 Ταῦτα
717 2329 868 2385 δὲτὰ
901 2332 1067 2385 πέντε
1121 2333 1324 2402 βιϐλία,
1371 2336 1576 2401 πάντες
1625 2336 1722 2391 τοῦ
1779 2336 2026 2401 Μωσέως

438 2420 810 2494 μαρτυροῦσιν
830 2419 972 2478 εἶναι
1003 2443 1016 2457 ·
1056 2427 1126 2480 τὰ
1147 2427 1256 2500 γὰρ
1286 2429 1510 2499 ἐφεξῆς,
1537 2429 1712 2496 οὐδεὶς
1741 2427 1851 2486 οἶδε
1881 2431 2028 2494 τίνος

443 2513 568 2566 εἰσί.
617 2513 885 2584 Λέγονται
942 2518 998 2571 δὲ
1050 2519 1248 2585 ταῦτα,
1295 2523 1330 2592 ἡ
1373 2523 1768 2594 Πεντάτευχος.
1827 2524 2029 2579 Ἕκτον

440 2605 578 2675 μετὰ
602 2607 664 2660 τὸ
693 2609 1116 2682 Δευτερονόμιόν
1139 2615 1309 2680 ἐστιν,
1372 2615 1582 2687 Ἰησοῦς
1614 2618 1708 2671 τοῦ
1740 2618 1917 2687 Ναυῆ,
1970 2619 2028 2672 ἐν

434 2690 744 2767 ζιλέγεται,
774 2701 892 2765 πῶς
937 2702 1176 2774 ἐξήγαγε
1215 2708 1341 2771 τοὺς
1398 2707 1739 2781 Ἰσραηλίτας
1782 2711 1890 2765 ἀπὸ
1932 2712 2030 2782 τῆς

437 2789 647 2860 ἐρήμου
671 2790 753 2854 είς
775 2792 876 2863 τὴν
896 2795 999 2866 γῆν
1022 2797 1119 2867 τῆς
1142 2799 1476 2869 ἐπαγγελίας
1510 2803 1538 2854 ό
1581 2802 1812 2876 Ἰησοῦς,
1853 2802 2034 2875 μαθη-

436 2881 534 2954 τὴς
575 2886 871 2955 γενόμενος
915 2887 1011 2940 τοῦ
1056 2890 1322 2956 Μωσέως,
1365 2894 1460 2946 καὶ
1500 2894 1823 2966 ίσοδύναμος
1859 2897 2028 2966 αὐτῷ.

438 2974 714 3046 Ἕϐδομόν
737 2979 908 3047 ἐστιν,
938 2980 989 3033 οἱ
1019 2981 1306 3053 λεγόμενοι
1345 2987 1567 3054 Κριταί.
1614 2988 1893 3051 Ἐλθόντες
1921 2989 2033 3062 γὰρ

435 3067 486 3120 ei
533 3070 864 3141 Ἰσραηλῖται
887 3075 967 3136 είς
995 3074 1095 3145 τὴν
1127 3075 1229 3146 γῆν
1259 3079 1358 3146 τῆς
1382 3079 1744 3147 ἐπαγγελίας,
1764 3079 2029 3152 ἐποίησαν

2200 2339 2267 2394 ll.
2315 2339 2496 2410 Atque
2545 2341 2647 2395 hos
2685 2340 2933 2410 quinque
3002 2338 3214 2403 libros,
3258 2335 3505 2391 universi
3556 2334 3722 2389 Musis

2129 2445 2254 2490 esse
2284 2443 2594 2490 testantur:
2629 2434 2725 2504 qui
2754 2433 2903 2490 enim
2935 2439 3246 2503 sequuntur
3277 2429 3537 2501 proximi,
3562 2430 3722 2499 cujus

2132 2529 2266 2592 sint,
2285 2544 2451 2582 nemo
2474 2528 2649 2582 novit.
2665 2527 2761 2582 Isti
2783 2526 3007 2596 quidem
3022 2523 3408 2579 Pentateuchus
3429 2530 3718 2576 vocantur.

2133 2619 2334 2674 Sextus
2375 2619 2867 2674 Denteronomium
2896 2616 3148 2687 sequitur
3184 2615 3346 2677 liber,
3385 2613 3544 2668 Jesus
3574 2612 3722 2666 Nave

2134 2711 2317 2778 ﬁlius;
2350 2727 2528 2782 eoque
2562 2720 2841 2775 narratur,
2874 2725 2986 2779 quo
3023 2715 3184 2778 pacto
3229 2707 3392 2762 Jcsus
3419 2705 3513 2775 qui
3555 2703 3723 2757 Mosis

2131 2805 2441 2875 discipulus
2479 2805 2698 2869 fuerat,
2751 2812 2808 2858 et
2862 2810 3133 2872 potestate
3183 2806 3308 2869 post
3364 2798 3544 2867 ipsum
3602 2796 3722 2865 pari

2130 2904 2386 2966 praeerat,
2408 2896 2685 2951 Israelitas
2702 2910 2732 2949 e
2758 2893 3058 2950 solitudine
3083 2891 3413 2962 promissam
3437 2889 3491 2943 in
3519 2896 3720 2942 terram

2130 2987 2450 3044 deduxerit.
2474 2987 2757 3057 Septimus
2781 2994 2886 3049 est,
2906 2984 3000 3054 qui
3023 2983 3282 3039 Judicum
3301 2995 3503 3035 nomen
3529 2977 3718 3031 habet:

2130 3096 2258 3134 nam
2291 3095 2416 3133 cum
2450 3079 2506 3133 in
2541 3088 2746 3132 terram
2783 3077 3109 3147 promissam
3150 3073 3381 3128 lsralitaa
3413 3069 3720 3131 venissent,

437 3161 651 3226 ἑαυτοῖς
682 3164 897 3234 κριτὰς,
933 3165 1020 3219 ἵνα
1053 3169 1282 3239 κρίνωσι
1309 3169 1404 3222 τὸν
1443 3171 1594 3225 λαόν.
1633 3171 1885 3237 Βασιλεῖς
1917 3173 2025 3245 γὰρ

2138 3173 2346 3244 iudices
2372 3172 2477 3228 sibi
2506 3171 2941 3236 constituerunt,
2976 3167 3069 3238 qui
3097 3167 3300 3238 populo
3324 3167 3418 3235 jus
3446 3165 3720 3219 dicerent.

435 3254 536 3306 οὐκ
581 3249 752 3324 εἴχον,
814 3257 976 3326 μόνον
1021 3259 1114 3312 τὸν
1171 3259 1302 3313 Θεὸν
1359 3261 1585 3332 βασιλέα
1644 3263 2024 3334 ὀνομάζοντες.

2135 3265 2378 3336 Regibus
2423 3264 2572 3320 enim
2623 3262 2922 3328 carebant,
2971 3261 3264 3329 solumque
3315 3259 3484 3312 Deum
3539 3271 3724 3325 regem

449 3344 670 3418 Ἐπειδὴ
691 3347 784 3401 οὗν
808 3351 865 3402 ἐν
889 3350 1065 3422 τούτῳ
1088 3351 1166 3421 τῷ
1187 3352 1379 3425 βιϐλίῳ
1396 3355 1692 3424 διηγεῖται,
1720 3357 1820 3410 ὅσα
1843 3358 2030 3430 ἐποίη-

2138 3376 2297 3414 suum
2322 3358 2694 3429 appellabant.
2720 3356 2913 3426 Itaque
2940 3354 3085 3409 liber
3117 3353 3210 3407 hic
3233 3351 3492 3407 Judicum
3521 3363 3721 3403 nomen

439 3454 540 3490 σαν
573 3439 624 3491 οἱ
658 3442 845 3510 κριταὶ
893 3441 1059 3514 μέχρι
1097 3443 1207 3497 τῶν
1257 3445 1550 3517 βασιλέων.
1602 3447 1703 3502 Διὰ
1740 3448 1900 3502 τοῦτο
1943 3450 2034 3504 ὲκ-

438 3529 601 3602 λήοη,
657 3532 707 3584 οἱ
761 3534 987 3604 Κριταί.
1043 3537 1269 3606 Ὀγδοόν
1325 3539 1444 3592 ἐστι
1496 3539 1703 3610 βιϐλίον
1755 3542 1788 3613 ἡ
1852 3541 2032 3598 Ῥούθ.

449 3621 607 3676 Ῥοὺο
644 3623 700 3676 δὲ
735 3623 981 3694 λέγεται,
1016 3628 1205 3699 ἐπειδὴ
1255 3632 1313 3683 ὲν
1357 3630 1510 3701 αὐτῷ
1559 3631 1854 3702 διηγεῖται,
1919 3633 2036 3697 πῶς

445 3718 473 3788 Ιι
516 3716 671 3770 Ῥοὺθ
699 3718 837 3790 γυνὴ
874 3718 1011 3773 οὖσα
1040 3721 1346 3786 Μωαϐῖτις,
1388 3724 1470 3786 εἰς
1505 3725 1630 3787 τοὺς
1700 3724 2037 3797 Ἰσραηλίτας

443 3808 706 3882 μετέστη.
738 3807 849 3870 Ἦν
879 3811 936 3865 δὲ
967 3811 1109 3884 α’ύτη
1138 3814 1275 3884 γυνὴ
1315 3814 1409 3867 τοῦ
1453 3818 1797 3888 προπάτορος
1849 3817 2033 3872 Δαϐίδ.

440 3903 597 3958 Μετὰ
621 3904 800 3959 ταῦτα
832 3907 950 3961 ἐστι
979 3906 1074 3961 δύο
1105 3907 1308 3979 βιϐλία,
1335 3909 1428 3962 καὶ
1456 3911 1705 3982 περιέχει
1744 3911 1842 3975 τὰς
1882 3911 2038 3982 βασι-

439 3996 614 4062 λείας.
643 3997 925 4070 Τέσσαρες
959 4000 1070 4072 γάρ
1099 4001 1208 4053 εἰσι
1257 4001 1410 4069 λόγοι
1451 4003 1561 4056 τῶν
1612 4003 1924 4073 βασιλειῶν,
1980 4008 2038 4058 ἐν

439 4088 537 4142 δύο
568 4089 797 4158 βιϐλίοις
829 4091 1146 4164 φερόμενοι.

527 4181 918 4236 Ἐϐασίλευσαν
983 4183 1040 4236 δὲ
1081 4185 1133 4237 oi
1189 4160 1457 4253 Ἰουδθοι,
1501 4187 1612 4241 ἀπὸ
1657 4187 1918 4259 τοιαύτης
1965 4190 2040 4242 αί-

442 4275 585 4340 τίας.
631 4276 690 4330 Ὀ
721 4276 999 4348 Σαμουὴλ,
1031 4278 1091 4342 ὃς
1121 4278 1340 4348 ἐγένετο
1382 4279 1613 4352 ὕστερος
1660 4281 1773 4336 τῶν
1811 4282 2036 4354 κριτῶν,

445 4370 587 4442 ἀνὴρ
625 4369 846 4440 ἐγένετο
879 4373 1172 4444 προφήτης
1211 4374 1307 4428 καὶ
1346 4373 1544 4446 μέγας,
1579 4376 1730 4439 ὅστις
1766 4375 1904 4446 μετὰ
1932 4376 2040 4430 πά-

447 4479 548 4532 σης
602 4461 957 4534 δικαιοσύνης
1003 4463 1191 4537 ἔκρινε
1251 4466 1346 4521 τὸν
1396 4467 1525 4521 λαὸν
1586 4468 1826 4540 Ἰσραήλ.
1873 4464 2042 4534 Οὗτος

447 4554 575 4626 ἔσχε
625 4555 720 4609 δύο
767 4557 988 4624 παῖδας,
1040 4558 1240 4622 οἵτινες
1274 4559 1625 4630 γηράσαντος
1658 4559 1754 4614 τοῦ
1784 4562 2044 4633 Σαμουὴλ

447 4650 733 4720 γενόμενοι
763 4650 972 4723 κριταὶ,
1018 4652 1119 4706 οὐκ
1169 4651 1396 4724 ἔκριναν
1452 4652 1542 4706 τὸν
1594 4653 1723 4706 λαὸν
1775 4654 1920 4708 κατὰ
1974 4656 2042 4710 τὰ

2133 3451 2370 3521 accepit,
2391 3448 2538 3519 quod
2557 3448 2611 3502 in
2630 3463 2698 3502 eo
2716 3453 3228 3503 commemorentur
3250 3458 3341 3498 res
3357 3442 3426 3496 ab
3444 3440 3726 3511 judicibus

2133 3544 2203 3600 ad
2247 3559 2402 3614 reges
2448 3557 2625 3612 usque
2679 3550 2866 3612 gestas.
2898 3539 3139 3594 Octavus
3172 3536 3374 3593 Ruthae
3418 3535 3558 3590 liber
3604 3541 3723 3595 est,

2136 3646 2428 3707 propterea
2454 3635 2535 3690 sic
2557 3633 2762 3698 dictus,
2787 3632 2937 3703 quod
2971 3632 3024 3686 in
3054 3646 3122 3686 eo
3141 3637 3399 3684 narretur
3429 3642 3541 3696 quo
3566 3635 3726 3696 pacto

2135 3729 2343 3794 Rutha,
2366 3727 2568 3804 mulier
2587 3726 2812 3782 natione
2841 3723 3119 3788 Moabitis,
3149 3721 3215 3778 ad
3243 3721 3521 3777 lsraelitas
3545 3733 3730 3773 acces-

2137 3821 2291 3876 serit.
2317 3821 2450 3875 Erat
2475 3828 2662 3874 autem
2697 3818 2815 3874 haec
2845 3819 2933 3872 avi
2965 3815 3188 3871 Davidis
3220 3830 3379 3870 uxor.
3407 3811 3726 3868 Secundum

2139 3914 2240 3968 hos
2269 3911 2400 3966 libri
2434 3911 2545 3966 duo
2576 3919 2729 3977 sunt,
2761 3909 2857 3979 qui
2892 3922 3194 3980 regnorum
3221 3904 3511 3960 historiam
3547 3903 3728 3958 conti-

2138 4005 2522 4075 nent:quippe
2551 4003 2682 4057 libri
2713 4010 2842 4056 sunt
2878 4001 2947 4056 de
2987 3998 3175 4071 regnis
3201 3997 3432 4054 omnino
3464 4004 3726 4066 quatuor,

2140 4099 2298 4153 libris
2331 4097 2551 4154 duobus
2579 4095 2994 4166 comprehensi.

2212 4189 2301 4245 lll.
2337 4189 2587 4260 Regnum
2628 4187 2951 4242 Judmorum
2995 4185 3139 4238 hanc
3190 4183 3459 4254 originem
3509 4181 3728 4236 habuit.

2142 4282 2454 4347 Samuelus,
2488 4280 2737 4352 judicum
2765 4288 3102 4349 postremus,
3135 4287 3189 4331 et
3219 4285 3373 4331 vates
3413 4285 3469 4329 et
3500 4292 3746 4344 magnus.

2142 4376 2227 4429 vir
2260 4373 2514 4440 exstitit;
2555 4373 2648 4443 qui
2682 4371 2990 4444 justissimc
3023 4371 3228 4441 populo
3262 4369 3568 4424 Israelitico
3603 4385 3729 4422 cum

2143 4475 2420 4540 potestate
2451 4467 2657 4538 judicis
2688 4465 2927 4536 prazfuit.
2970 4466 3142 4520 Erant
3174 4464 3308 4518 huic
3340 4463 3452 4516 duo
3491 4464 3608 4525 lilii,
3639 4463 3736 4531 qui

2146 4556 2406 4613 Samuclo
2427 4557 2538 4627 jam
2564 4555 2719 4610 senio
2742 4556 2994 4610 confecto
3020 4554 3238 4626 judices
3259 4553 3546 4617 declarati,
3566 4554 3738 4622 patris

2149 4649 2205 4704 in
2232 4650 2357 4720 jure
2387 4647 2633 4703 dicundo
2659 4647 2930 4717 justitiam
2959 4654 3016 4700 et
3048 4645 3369 4716 aequitatem
3400 4660 3508 4698 non
3547 4643 3732 4697 imita-

445 4712 918 4810 δικαῖώματασοῦ
960 4712 1176 4816 ῖῐατρός
1205 4764 1218 4776 ·
1243 4712 1254 4724 ’
1275 4745 1411 4798 ἀλλὰ
1449 4745 1599 4818 δῶρα
1649 4746 2032 4818 λαμϐάνοντες,

2149 4745 2383 4800 bantur:
2425 4742 2522 4797 sed
2562 4756 2794 4796 munera
2840 4740 3124 4810 capientes
3159 4739 3489 4812 judiciarias
3537 4753 3738 4792 causas

450 4835 766 4907 προεδίδουν
794 4836 894 4900 τὰς
921 4837 1155 4908 κρίσεις.
1193 4836 1454 4909 Γέροντος
1487 4838 1581 4892 οὖν
1612 4838 1764 4903 ὄντος
1791 4838 1886 4893 τοῦ
1925 4841 2043 4893 Πα-

449 4929 580 5003 τρὸς
604 4930 808 4995 αὐτῶν,
843 4932 1194 5003 συνήχθησαν
1241 4933 1292 4986 οί
1358 4933 1718 5006 Ἰσραηλῖται,
1763 4935 2045 4998 αἰτοῦντες

450 5021 616 5075 αὑτὸν
641 5024 994 5091 μεταστεῖλαι
1031 5025 1219 5088 αὐτοῖς
1249 5024 1498 5096 βασιλέα.
1545 5025 1602 5080 ’0
1645 5025 1704 5078 δὲ
1748 5026 2045 5098 εὐχόμενος

449 5111 529 5182 τῷ
554 5111 676 5183 Θεῷ
705 5114 836 5183 περὶ
862 5113 1078 5180 τούτου,
1108 5116 1366 5187 ἤκουσεν,
1413 5115 1496 5169 ὅτι
1527 5116 1800 5184 Ποίησον
1838 5118 2046 5183 αὐτοῖς

445 5204 738 5268 βασιλέα.
780 5208 862 5261 Οὐ
887 5208 1000 5277 γὰρ
1030 5208 1108 5261 σὲ
1139 5207 1586 5274 ἑξουδένωσαν,
1622 5209 1763 5265 ἀλλ’
1790 5209 1917 5279 ἐμὲ,
1959 5211 2046 5263 al-

453 5296 754 5364 ῖιξσαντες
791 5298 1034 5364 ἑαυτοῖς
1084 5300 1377 5366 βασιλέα.
1435 5300 1492 5354 '0
1552 5301 1609 5356 δὲ
1651 5301 1900 5364 ἀκούσας
1950 5300 2046 5355 τοῦ

453 5389 616 5454 (θεοῦ,
645 5391 906 5463 ἐποίησεν
939 5393 1124 5458 αὐτοῖς
1159 5394 1387 5464 βασιλέα
1411 5395 1505 5448 τὸν
1549 5396 1744 5462 Σαοὺλ,
1782 5395 1950 5467 ἄνδρα
1983 5396 2048 5449 ἐκ

454 5482 633 5553 φυλῆς
664 5484 926 5555 Βενιαμίν
956 5502 969 5516 ·
1002 5485 1152 5547 ὅστις
1184 5487 1355 5557 ἄρξας
1397 5486 1495 5558 ἔτη
1542 5486 1616 5557 μ’,
1669 5486 1770 5541 οὐκ
1815 5485 2049 5556 ἐφύλαξε

454 5577 554 5639 τὰς
588 5576 810 5641 ἐντολὰς
839 5578 934 5632 τοῦ
964 5578 1122 5634 Θεοῦ.
1160 5581 1270 5634 Καὶ
1303 5579 1425 5635 τότε
1474 5581 1502 5633 ὁ
1536 5580 1669 5644 Θεὸς
1707 5579 1825 5635 ἀντ’
1879 5579 2047 5634 αὑτοῦ

455 5668 550 5720 τὸν
571 5668 737 5722 Δαϐὶδ
760 5670 984 5741 ἐποίησε
1023 5671 1249 5742 βασιλέα
1271 5671 1370 5744 τῆς
1399 5672 1572 5742 φυλῆς
1589 5671 1683 5725 τοῦ
1727 5670 1917 5726 Ἰούδα.
1940 5671 2048 5724 Καὶ

459 5759 554 5817 Cm‘
579 5760 790 5815 ἐκείνου
810 5761 1027 5834 ἔμεινεν
1062 5767 1093 5835 ἡ
1131 5765 1272 5837 φυλὴ
1319 5765 1413 5819 τοῦ
1456 5763 1625 5818 Ἰούδα
1659 5762 2047 5835 βασιλεύουσα,

536 5942 558 5972 ⁵
599 5940 622 5997 1
667 5940 802 6012 Reg.
831 5957 926 6008 vn,
952 5941 1002 5996 7.

2151 4836 2478 4909 prodebant.
2508 4833 2858 4904 Quapmpter
2882 4833 2938 4888 in
2966 4833 3068 4888 ista
3093 4834 3336 4888 Samueli
3371 4841 3592 4888 senecta
3619 4831 3731 4885 col-

2149 4933 2328 4986 lectus
2359 4929 2731 4984 lsraelitarum
2763 4927 3025 4997 populus,
3057 4927 3124 4982 ab
3167 4943 3234 4981 eo
3264 4926 3506 4996 petebat,
3553 4939 3737 4998 regem

2151 5025 2256 5081 sibi
2285 5022 2622 5094 designaret.
2647 5023 2743 5078 Ille
2771 5021 2914 5076 votis
2945 5021 3016 5075 ob
3043 5021 3189 5075 hanc
3223 5034 3447 5074 causam
3473 5018 3540 5072 ad
3564 5018 3733 5070 Deum

2151 5117 2457 5189 conceptis,
2493 5132 2821 5186 responsum
2853 5115 3000 5177 tulit,
3029 5130 3140 5184 quo
3175 5127 3358 5182 regem
3399 5111 3483 5165 eis
3529 5109 3734 5163 consti-

2151 5217 2308 5265 tuere
2354 5208 2678 5280 jubebatur.
2723 5207 2840 5261 Non
2885 5207 3044 5269 enim,
3088 5204 3268 5274 inquit
3295 5203 3463 5264 Deus,
3498 5208 3546 5253 te
3587 5200 3760 5254 nihili.

2151 5300 2385 5370 fecerunt
2426 5316 2544 5370 rege
2583 5297 2850 5369 postulato
2871 5315 2888 5362 ;
2919 5296 3008 5349 sed
3038 5312 3118 5350 me
3155 5292 3390 5366 ipsum".
3447 5289 3744 5346 Samuelus

2154 5403 2382 5464 accepto
2419 5392 2515 5446 Dei
2548 5406 2836 5461 responso,
2871 5390 3097 5444 Saulum
3130 5388 3212 5442 eis
3238 5401 3422 5456 regem
3453 5382 3628 5446 dedit,
3660 5383 3743 5435 vi-

2155 5502 2277 5540 rum
2298 5482 2667 5555 Benjamincte
2693 5483 2902 5536 tribus:
2928 5482 3022 5552 qui
3053 5496 3222 5551 regno
3243 5479 3404 5533 annis
3423 5478 3488 5532 10
3510 5476 3743 5547 potitus,

2158 5575 2432 5633 mandatis
2462 5574 2558 5631 Dei
2593 5590 2703 5628 non
2747 5583 2831 5629 est
2853 5574 3172 5629 obsecutus.
3195 5572 3374 5638 Quare
3400 5572 3544 5625 Deus
3568 5567 3745 5638 ipsius

2158 5672 2282 5725 loco
2306 5666 2569 5722 Davidem
2594 5681 2624 5721 e
2655 5666 2800 5720 tribu
2831 5665 2970 5720 Juda
3006 5679 3189 5734 regem
3220 5663 3382 5718 fecit:
3413 5678 3440 5715 a
3463 5675 3573 5730 quo
3605 5668 3745 5713 tem-

2163 5776 2293 5835 pore
2329 5759 2468 5817 Juda
2505 5758 2685 5816 tribus
2716 5759 2769 5814 in
2808 5759 3155 5834 possessione
3193 5757 3344 5830 regni
3373 5755 3594 5820 mansit,
3617 5753 3758 5809 ﬁliis
