4148 6456
465 491 603 556 1203

1729 498 1845 556 [Ει
1860 496 2040 556 iNTlI
2082 495 2490 556 ΒΥΖΛΝΤΙΝΙ

3601 499 3736 564 ιεοι
3787 581 3790 584 Λ

459 615 754 678 parentum
787 607 840 661 in
871 615 1201 677 potestatem
1229 609 1691 674 succedentibus;
1724 609 1901 663 donec
1934 609 2039 662 Na-

2151 612 2273 672 παῖς
2321 610 2718 680 παρϊπατρὶς
2752 610 3098 680 ἐκδεχόμενοι
3130 610 3228 681 τὴν
3263 610 3545 682 βασιλείαν
3574 630 3587 643 ·
3631 614 3735 677 ἓως

460 699 892 756 buchodonosor
937 716 1003 753 eo
1037 717 1163 756 cum
1200 701 1375 772 c0piis
1413 705 1715 772 profectus,
1755 702 1812 756 in
1863 701 2044 756 servi-

460 799 634 847 tutem
669 791 1046 864 Hierosolyma
1076 802 1234 863 capta
1263 793 1492 863 redegit.
1525 794 1716 847 Nonus
1738 809 1874 864 ergo
1896 792 2048 847 deci-

458 900 692 956 musque
742 885 886 940 liber
934 886 1122 956 Regna
1174 887 1483 942 continent.
1532 886 1872 942 Undecimus
1921 896 2044 950 est,

459 976 921 1046 Paralipomena;
960 978 1108 1049 quod
1151 995 1355 1034 nomen
1401 979 1613 1035 invenit
1657 995 1725 1033 ex
1771 994 1858 1043 eo,
1895 978 2044 1047 quod

460 1070 946 1125 commemorando
980 1080 1371 1141 persequatur,
1407 1087 1528 1140 quia
1557 1071 1826 1126 librorum
1853 1071 1921 1125 de
1955 1087 2044 1125 re-

459 1163 581 1232 gnis
623 1173 880 1220 auctores
919 1165 1242 1219 omiserant.
1279 1165 1654 1219 Duodecimus
1693 1165 1839 1218 inter
1869 1165 2047 1219 histo-

462 1255 609 1310 ricos
655 1256 829 1311 libros
859 1256 1064 1311 Esdras
1093 1264 1197 1320 est,
1232 1271 1343 1325 quo
1374 1255 1516 1309 facta
1562 1264 1687 1325 post
1726 1255 2044 1309 Judaaorum

460 1347 839 1416 captivitatem
857 1358 1233 1418 exponuntur,
1249 1362 1424 1416 usque
1447 1345 1514 1399 ad
1533 1361 1725 1401 eorum
1745 1362 1811 1400 ex
1827 1345 2046 1416 Assyria

463 1451 611 1494 terra
667 1439 930 1504 reditum,
982 1439 1077 1509 qui
1133 1448 1396 1507 regnante
1445 1437 1588 1509 Cyro
1623 1436 1953 1492 accidit..Et
1988 1436 2044 1490 hi

459 1534 688 1603 quidem
717 1542 848 1587 sunt
879 1530 1128 1586 historici
1161 1530 1311 1584 libri.

531 1623 620 1678 IV.
697 1621 1013 1691 Pmphetici
1047 1621 1293 1690 quinque
1320 1627 1451 1673 sunt
1487 1636 1500 1672 :
1539 1619 1774 1688 primus,
1839 1617 2042 1682 Isaias;

459 1718 621 1781 alter,
646 1717 947 1783 Jeremias;
984 1713 1200 1779 tertius,
1234 1714 1607 1778 Iezecliielus;
1637 1720 1890 1783 quartus,
1944 1712 2048 1765 Da—

459 1809 669 1877 nielus;
707 1810 936 1880 quintus
966 1828 994 1866 a
1024 1813 1315 1882 pr0phetis
1349 1809 1644 1864 duodecim
1673 1806 1899 1872 dicitur,
1935 1819 2048 1874 quo

456 1902 669 1958 scilicet
702 1905 923 1959 oracula
955 1905 1247 1960 duodecim
1285 1914 1473 1958 vatum
1528 1901 1902 1956 continentur.
1939 1896 2044 1963 Qui

2148 694 2210 753 οὗ
2247 691 2726 772 Ναϐουχοδονόσορ
2769 701 2940 754 ἐλθὼν
2981 702 3416 774 ἠνδραποδίσατο
3453 704 3527 758 τὰ
3574 706 3738 775 Ἰερο-

2151 795 2380 864 σόλυμα.
2405 795 2478 846 Τὸ
2505 791 2599 849 οὖν
2625 794 2845 847 ἔννατον
2883 795 2979 848 καὶ
3004 794 3227 849 δέκατον
3263 794 3470 865 βιϐλίον
3490 797 3736 868 περιέχει

2149 886 2248 948 τὰς
2283 885 2594 948 Βασιλείας.
2635 885 2955 939 Ἐνδέκατόν
2994 887 3166 949 ἐστιν,
3209 887 3267 939 αί
3310 886 3736 957 Παραλειπόμε-

2149 996 2257 1031 ναι.
2295 976 2776 1048 Παραλειπόμεναι
2808 975 2865 1029 δὲ
2892 975 3226 1048 ἐκλήθησαν,
3255 978 3441 1048 ἐπειδὴ
3464 981 3521 1032 ἐν
3544 980 3738 1042 αύταίς

2149 1070 2522 1142 διεξέρχεται,
2579 1071 2615 1125 ἃ
2665 1069 2980 1140 παρέλιπον
3027 1071 3076 1123 oi
3129 1069 3584 1141 συγγραψάμενοι
3637 1071 3736 1135 τὰς

2152 1164 2460 1228 Βασιλείας.
2497 1163 2808 1216 Δωδέκατόν
2852 1163 2982 1216 ἐστι’
3015 1165 3128 1218 τῶν
3177 1163 3467 1235 ἱστορικῶν
3515 1163 3737 1233 βιϐλίων

2148 1257 2177 1309 6
2210 1256 2468 1326 Ἔσδρας,
2494 1249 2629 1323 ὲν³ᾧ
2665 1256 2780 1308 ἐστι
2810 1255 2880 1307 τά
2911 1255 3049 1324 μετὰ
3077 1256 3178 1325 τὴν
3210 1254 3594 1326 αἰχμαλωσίαν
3625 1254 3736 1307 τῶν

2162 1347 2439 1403 Ἰουδαίων
2461 1331 2760 1417 γενόμενα,
2781 1346 2888 1410 ἓως
2917 1349 3017 1418 τῆς
3063 1348 3326 1423 ἐπανόδου
3383 1347 3587 1413 αὐτῶν,
3637 1347 3736 1418 τῆς

2149 1441 2259 1495 ἀπὸ
2307 1442 2418 1496 τῶν
2474 1442 2801 1512 Ἀσσυρίων,
2859 1441 2954 1495 ἐπὶ
2998 1441 3186 1512 Κύρου
3245 1441 3566 1512 γενομένης.
3625 1442 3736 1494 Καὶ

2149 1535 2323 1589 ταῦτα
2355 1537 2452 1607 μὲν
2477 1528 2749 1607 ἱστορικά.
3110 1564 3114 1567 ·

2221 1629 2644 1702 Προφητικᾶδὲ
2700 1633 2807 1684 είσι
2861 1631 3057 1686 πέντε.
3114 1622 3215 1683 Ὧν
3255 1628 3473 1700 πρῶτόν
3509 1629 3657 1682 ἐστιν
3705 1629 3735 1682 6

2165 1723 2414 1786 Ἡσαΐας·
2440 1722 2694 1794 δεύτερον
2721 1726 2751 1778 6
2798 1723 3104 1794 Ἱερεμίας·
3144 1722 3328 1793 τρίτον
3368 1723 3397 1775 6
3445 1721 3728 1794 Ἰεζεκιήλ·

2151 1818 2432 1886 τέταρτον,
2483 1819 2510 1870 6
2549 1816 2770 1886 Δάνιήλ·
2804 1818 3092 1886 πέμπτον,
3125 1815 3188 1868 τὸ
3231 1811 3735 1886 Δωδεκαπρόφητον

2151 1908 2466 1979 λεγόμενον,
2499 1909 2558 1960 ἐν
2576 1902 2621 1976 ᾧ
2643 1907 2852 1962 δώδεκα
2877 1907 3176 1978 προφητῶν
3205 1909 3383 1960 κεῖται
3406 1908 3732 1977 προφητεία.

457 2006 729 2067 praecepta
755 1998 1317 2069 continent,quatuor
1339 1996 1460 2050 libri
1490 2004 1618 2050 sunt
1638 2011 1650 2046 :
1672 1992 1885 2062 primus
1897 1989 2042 2054 Jobi,

2151 1971 2522 2073 Παραινετικά
2566 1971 2673 2054 εἰίσι
2727 1971 2932 2071 βιϐλία.
2965 1971 3027 2053 .
3052 1971 3166 2053 -Ὧν
3211 1971 3546 2072 πρῶτον-δ”
3577 1971 3731 2053 -Ίὼϐ-

456 2105 620 2158 quem
656 2091 907 2145 nonnulli
938 2092 1313 2160 conscriptum
1351 2089 1420 2143 ab
1458 2087 1700 2156 Josepho
1740 2091 2043 2154 putarunt;

456 2183 622 2243 alter,
657 2182 960 2237 Proverbia
1013 2182 1364 2245 Salomonis;
1400 2179 1632 2243 tertius,
1681 2174 2045 2231 Ecclesiastes

455 2275 571 2329 sive
607 2274 1010 2342 Concionator;
1042 2285 1299 2345 quartus,
1338 2273 1627 2330 Canticum
1675 2270 2042 2326 canticorum.

456 2367 527 2422 Et
554 2377 677 2437 post
707 2368 882 2422 libros
916 2369 1011 2438 qui
1067 2376 1343 2438 praecepta
1377 2367 1683 2428 continent,
1751 2363 1855 2416 hoc
1908 2360 2048 2415 Can-

360 2458 367 2467 “
462 2459 632 2513 ticum
673 2461 1014 2514 canticorum
1044 2459 1238 2515 ordine
1262 2459 1573 2529 proximum
1603 2457 1932 2512 collocatum
1953 2469 2044 2508 es-

461 2567 521 2607 se
552 2551 700 2615 dico.
724 2561 1013 2623 propterea
1027 2553 1175 2622 quod
1196 2554 1442 2622 ipsarum
1472 2566 1654 2606 rerum
1675 2546 2045 2605 consideratio

462 2641 761 2696 sublimior
792 2643 886 2697 sit.
916 2643 982 2697 Ili
1015 2659 1146 2697 vero
1176 2653 1290 2699 tres
1319 2642 1468 2706 libri,
1523 2639 1837 2696 Salomonis
1891 2646 2042 2692 sunt.

461 2735 724 2805 Sequitur
745 2736 1090 2791 Psalterium.
1117 2737 1296 2791 Habes
1319 2735 1618 2804 Scriptura:
1630 2734 1847 2788 Veteris
1873 2731 2046 2785 libros

459 2826 549 2880 2‘2.
590 2826 777 2890 Novas,
817 2842 913 2882 sex
953 2827 1082 2881 libri
1127 2835 1290 2892 sunt;
1327 2840 1563 2895 quorum
1614 2823 1746 2885 duo,
1805 2828 2044 2891 quatuor

456 2919 825 2988 evangelistas
857 2919 1175 2972 continent:
1220 2918 1434 2988 primus
1480 2916 1779 2970 Mattheum
1812 2923 1868 2969 et
1898 2913 2043 2968 Mar-

457 3029 606 3076 cum,
642 3012 782 3066 alter
806 3012 1011 3066 Lucam
1043 3021 1098 3066 et
1151 3013 1456 3076 Joannem;
1523 3009 1724 3063 tertius
1777 3019 1863 3062 est
1908 3007 2043 3061 Acta

457 3105 874 3174 apostolorum;
915 3113 1168 3172 quartus,
1202 3103 1460 3174 Epistolas
1510 3102 1815 3164 catholicae,
1847 3115 2045 3154 nume-

457 3214 521 3252 ro
550 3199 1021 3269 septemzprima,
1053 3197 1282 3264 Jacobi;
1321 3195 1561 3252 secunda
1614 3204 1671 3250 et
1705 3195 1887 3259 tertia,
1938 3193 2042 3248 Pe-

2149 2095 2307 2148 τοῦτο
2333 2095 2390 2150 δέ
2420 2113 2566 2159 τινες
2590 2095 2851 2166 ἐνόμισαν
2897 2095 3162 2164 Ἰωσήπου
3198 2090 3338 2147 εἶναι
3367 2093 3734 2167 σύγγραμμα.

2147 2187 2410 2257 Δεύτερόν
2460 2190 2628 2249 ἐστιν,
2670 2188 2727 2240 αἱ
2767 2188 3064 2257 Παροιμίαι
3101 2186 3479 2257 Σολομῶντος·
3529 2187 3734 2257 τρίτον,

2146 2283 2176 2334 6
2217 2282 2654 2351 Ἐκκλησιαστής
2685 2298 2700 2312 ·
2729 2280 3015 2350 τέταρτον,
3067 2282 3130 2334 τὸ
3153 2277 3346 2352 νᾼσμα
3389 2279 3498 2334 τῶν
3553 2279 3737 2350 ᾀσμά-

2147 2394 2278 2432 των.
2305 2376 2581 2446 Τετάχθαι
2623 2377 2680 2431 δέ
2729 2375 2824 2430 νῦν
2871 2375 3011 2446 μετὰ
3061 2375 3132 2428 τὰ
3175 2375 3544 2446 παραινετικά
3573 2373 3648 2444 (a)
3674 2373 3737 2426 τὸ

2146 2465 2340 2540 τᾼσμα
2372 2471 2480 2524 τῶν
2504 2469 2769 2541 ᾀσμάτων
2799 2469 2963 2536 λέγω,
3007 2468 3195 2538 ἐπειδὴ
3227 2469 3260 2537 ή
3289 2465 3495 2520 τούτων
3532 2465 3737 2536 θεωρία

2149 2561 2458 2631 ὑψηλοτέρα
2490 2561 2664 2616 ἐστίν.
2704 2560 2828 2613 Εἰσὶ
2873 2561 2930 2613 δέ
2956 2560 3133 2614 ταῦτα
3159 2559 3229 2612 τὰ
3259 2557 3388 2628 τρία
3433 2557 3614 2627 βιϐλία
3637 2556 3734 2610 τοῦ

2148 2654 2514 2724 Σολομῶντος.
2567 2653 2722 2707 Μετὰ
2771 2652 2948 2706 ταῦτά
2980 2655 3098 2706 ἐστι
3135 2652 3195 2704 τὸ
3241 2651 3581 2721 Ψαλτήριον.
3621 2650 3736 2703 Καὶ

2146 2747 2322 2800 ταῦτα
2368 2747 2468 2817 μὲν
2521 2747 2630 2800 είσι
2667 2747 2738 2799 τὰ
2785 2745 2869 2814 κβ⁹
2899 2744 3081 2815 βιϐλία
3107 2744 3204 2814 τῆς
3250 2743 3518 2805 Παλαιᾶς·
3550 2742 3648 2811 τῆς
3676 2741 3735 2793 δέ

2148 2840 2313 2903 Νέας,
2337 2838 2398 2903 ἐξ
2424 2840 2529 2892 είσι
2557 2837 2759 2908 βιϐλία,
2795 2830 2872 2890 ὧν
2901 2837 2998 2890 δύο
3028 2837 3274 2908 περιέχει
3302 2836 3430 2898 τοὺς
3458 2834 3736 2903 τέσσαρας

2147 2930 2542 3002 εὐαγγελιστάς
2563 2947 2577 2962 ·
2611 2931 2672 2984 τὸ
2705 2930 2804 3000 μὲν
2834 2929 2943 3000 γάρ
2977 2928 3092 3000 ἔχει
3133 2927 3413 2983 Ινίατθαῖον
3444 2929 3537 2981 καὶ
3578 2926 3736 2998 Μὰρ·

2147 3042 2264 3090 κον,
2321 3023 2382 3077 τὺ
2433 3024 2491 3076 δέ
2549 3022 2758 3094 ἕτερον,
2812 3023 3031 3075 Λουκᾶν
3075 3023 3169 3075 καὶ
3211 3019 3500 3091 Ἰωάννην·
3549 3019 3736 3091 τρίτον

2148 3117 2328 3183 ἐστὶν,
2364 3115 2422 3168 αἱ
2475 3114 2714 3185 Πράξεις
2762 3113 2872 3166 τῶν
2913 3113 3266 3166 ἀποστόλων·
3317 3111 3583 3183 τέταρτον
3617 3152 3632 3176 ,
3678 3110 3736 3163 αι

2153 3206 2444 3260 κχθολικαὶ
2487 3206 2833 3271 Ἐπιστολαὶ,
2881 3202 3040 3259 οὖσαι
3076 3206 3234 3259 ἑπτά·
3285 3198 3360 3258 ὧν
3396 3203 3590 3276 πρώτη
3639 3201 3734 3255 τοῦ

459 3292 567 3356 tri;
603 3299 819 3362 quarta,
851 3291 1065 3362 quinta,
1099 3299 1272 3356 sexta,
1293 3289 1552 3355 Joannis;
1581 3288 1836 3358 septima,
1867 3279 2043 3342 Judaa.

2164 3299 2426 3353 Ἰακώϐου
2464 3299 2615 3352 ἐστι·
2657 3300 2691 3368 ἡ
2724 3298 2768 3370 β’
2795 3299 2891 3352 καὶ
2931 3300 2964 3370 ἡ
2996 3297 3066 3367 γ’.
3101 3299 3332 3369 Πέτρου·
3383 3298 3418 3367 ἡ
3448 3297 3512 3362 δ’,
3545 3295 3640 3348 καὶ
3669 3300 3733 3359 ε’,

455 3387 754 3442 Catholicae
795 3387 909 3442 sive
947 3386 1232 3458 generales
1262 3384 1422 3439 dictas
1455 3392 1606 3444 sunt,
1642 3369 1790 3451 quod
1835 3395 1944 3433 non
1981 3377 2048 3432 ad

459 3493 622 3532 uuam
659 3478 877 3547 scripta:
911 3477 1022 3531 sint
1055 3482 1294 3544 gentem,
1341 3474 1420 3528 uti
1449 3473 1692 3528 Paulina:
1712 3511 1726 3537 ,
1758 3470 1852 3524 sed
1879 3484 2048 3540 gene-

463 3569 654 3625 raliter
685 3570 749 3624 ad
789 3584 1001 3623 omnes.
1059 3568 1297 3633 Quintus
1347 3566 1511 3630 liber,
1558 3565 1626 3619 14
1679 3563 1853 3618 sancti
1895 3559 2048 3616 Pauli

458 3661 732 3730 Epistolae.
777 3661 976 3716 Sestus
1019 3661 1190 3715 sancti
1225 3657 1452 3714 Joannis
1477 3655 1779 3712 Revelatio.
1811 3655 1875 3709 Hi
1923 3661 2053 3708 sunt

461 3753 623 3817 libri,
655 3762 763 3806 tam
808 3752 974 3822 prisci
1019 3767 1183 3821 quam
1232 3760 1514 3816 recentes,
1545 3749 1639 3820 qui
1678 3748 1747 3814 ,in
1804 3746 2046 3802 Ecclesia

461 3861 563 3915 pro
589 3845 876 3901 canonicis
908 3845 1217 3910 habentur;
1238 3861 1302 3900 ac
1335 3845 1549 3915 priscos
1580 3841 1808 3914 quidem
1855 3855 2050 3896 omnes

463 3937 680 3993 Hebraei
716 3939 826 3994 reci
835 3938 1016 4010 piunt.

531 4139 594 4192 ν.
636 4138 767 4206 Qua:
803 4154 928 4193 cum
966 4139 1039 4193 ita
1095 4138 1226 4200 sint,
1287 4151 1469 4206 Opera:
1495 4136 1736 4204 pretium
1823 4134 1992 4188 tuerit
2025 4173 2042 4198 ,

462 4231 818 4286 Hebraeorum
859 4230 1111 4301 dogmata
1148 4229 1328 4299 primo
1370 4228 1491 4282 loco
1550 4227 1787 4297 exponi;
1836 4236 1891 4281 et
1933 4227 2046 4297 prir

461 4340 633 4388 mum,
660 4340 782 4394 qua:
820 4322 888 4377 ad
929 4304 1236 4377 doctrinam
1272 4321 1340 4375 de
1379 4321 1492 4374 Deo
1542 4320 1840 4389 pertinent.
1873 4319 2047 4389 Igitur

461 4415 676 4471 Hebraei
724 4431 889 4470 unam
932 4413 1125 4469 dicunt
1158 4413 1479 4485 hypostasin
1540 4412 1678 4483 (sive
1729 4409 2042 4480 personam)

459 4525 735 4579 unamque
785 4518 1036 4564 naturam
1073 4507 1207 4568 Dei;
1244 4507 1450 4561 nullam
1499 4506 1659 4576 plane
1713 4505 2042 4560 Trinitatem

460 4599 838 4666 admittentes,
875 4616 938 4654 ac
954 4616 1135 4670 neque
1163 4601 1404 4665 Patrem,
1443 4616 1622 4670 neque
1654 4600 1877 4664 Filium,
1944 4617 2044 4654 ne-

461 4707 568 4762 que
585 4691 849 4762 Spiritum
869 4703 1117 4748 sanctum
1136 4694 1412 4748 dicentes:
1449 4692 1550 4748 nisi
1570 4692 1708 4746 forte
1733 4693 1814 4747 sic
1847 4693 2046 4756 Deum,

463 4786 762 4855 inquiunt,
807 4786 1146 4855 appellemus
1186 4787 1424 4849 I’atrem,
1454 4794 1511 4837 ut
1544 4785 1636 4854 qui
1680 4785 1925 4840 omnium
1977 4787 2049 4842 sit

463 4878 748 4932 hominum
781 4890 954 4947 pater.
989 4879 1162 4934 Unam
1184 4895 1251 4931 ex
1284 4894 1352 4932 eo
1377 4879 1613 4948 probant
1640 4893 1758 4932 esse
1784 4878 2047 4949 hyposta-

463 4965 549 5019 sin
603 4965 722 5027 Dei,
753 4966 881 5034 quia
917 4965 1095 5020 Moses
1147 4965 1383 5020 dixerit:
1419 4968 1578 5032 Audi,
1617 4968 1817 5033 Israel,
1859 4967 2045 5022 Domi--

463 5073 561 5112 nus
597 5056 732 5111 Deus
763 5067 907 5122 tuus,
945 5058 1201 5112 Dominus
1218 5077 1355 5114 unus
1385 5071 1460 5114 est
1492 5062 1534 5112 ".
1571 5060 1681 5116 Nos
1722 5069 1904 5115 autem
1957 5078 2049 5115 re-

461 5152 796 5222 spondemus
819 5153 920 5218 eis,
944 5154 1048 5207 hoc
1069 5169 1098 5206 a
1125 5153 1270 5208 Mose
1289 5153 1522 5218 dictum,
1554 5155 1882 5224 respiciente
1910 5155 2045 5208 sub-

460 5245 739 5309 stantiam,
768 5260 875 5298 non
903 5245 1256 5315 hypostases:
1297 5245 1500 5317 quippe
1539 5262 1637 5300 nos
1662 5246 1825 5300 etiam
1874 5246 2044 5300 Demn

462 5353 633 5390 unutn
654 5337 912 5403 dicimus,
945 5337 1000 5392 in
1036 5339 1211 5393 tribus
1253 5337 1660 5410 hypostasibus.
1692 5338 1756 5391 Et
1781 5337 2048 5392 csseTri-

461 5429 714 5495 nitatem,
748 5431 1006 5500 pluribus
1047 5431 1263 5487 ostendi
1303 5431 1646 5502 argumentis
1684 5437 1883 5498 potest.
1923 5430 2047 5484 Pri—

461 5536 612 5573 mum
649 5536 717 5575 ex
755 5521 848 5574 Dei
904 5521 1108 5584 verbis,
1172 5521 1226 5574 in
1249 5520 1448 5575 Genesi
1507 5518 1744 5572 dicentis
1792 5537 1803 5570 :
1857 5517 2048 5570 Facia-

464 5629 578 5666 mus
601 5614 864 5668 hominem
883 5615 923 5668 ⁸.
957 5615 1073 5669 Νοη
1093 5615 1240 5668 enim
1266 5614 1505 5683 plurium
1532 5627 1765 5666 numero
1790 5611 2042 5674 dixisset,

535 5749 553 5779 '
588 5751 746 5804 Deut.
790 5767 863 5814 vt,
898 5751 944 5805 οἱ.
1024 5752 1043 5780 ⁸
1070 5750 1206 5806 Gen.
1246 5767 1284 5816 I,
1321 5751 1409 5804 ‘26.

539 5888 782 5952 (α)Μετὰ
807 5894 906 5971 ’τὰ
966 5912 1204 5962 :mpmr.
1261 5895 1467 5950 Sensus
1523 5895 1710 5971 exigit.
1766 5895 1906 5964 μετᾶ
1936 5895 2045 5949 τῶν

471 5970 894 6029 παραινετικὼν,
955 5982 1094 6031 cum,
1146 5983 1252 6020 non
1307 5975 1452 6036 post;
1489 5970 1566 6021 uti
1632 5976 1819 6036 postea
1853 5974 2047 6022 nactus

2155 3393 2247 3445 mi.
2277 3392 2352 3456 ς’,
2378 3391 2475 3445 τοῦ
2524 3391 2794 3445 Ἰωάννου·
2833 3393 2866 3461 ή
2895 3391 2951 3444 δέ
2981 3391 3047 3456 ζ’,
3078 3390 3174 3444 τοῦ
3216 3390 3408 3446 Ἰούδα.
3432 3386 3738 3442 Καθολικαὶ

2153 3487 2211 3540 δὲ
2233 3485 2563 3558 ἐκλήθησαν,
2601 3484 2788 3552 ἐπειδὴ
2834 3485 2898 3537 ού
2942 3483 3079 3555 πρὸς
3119 3483 3178 3537 ἐν
3213 3482 3364 3546 ἔθνος
3389 3479 3735 3551 ἐγράφησαν,

2151 3575 2227 3640 ὡς
2259 3577 2315 3629 αἱ
2347 3575 2440 3629 τοῦ
2473 3574 2687 3630 Παύλου
2707 3615 2720 3638 ,
2753 3573 2889 3628 ἀλλὰ
2918 3573 3151 3628 καθόλου
3182 3572 3321 3642 πρὸς
3351 3572 3549 3626 πάντα.
3584 3568 3738 3637 Πέμ-

2153 3687 2288 3723 πτον
2337 3668 2570 3740 βιϐλίον,
2607 3670 2663 3722 αἱ
2703 3667 2762 3721 ιδ’
2799 3667 2895 3721 τοῦ
2954 3667 3112 3734 ἁγίου
3170 3665 3386 3719 Παύλου
3433 3662 3735 3718 ἐπιστολαί.

2156 3764 2354 3817 Ἕκτον
2397 3763 2568 3829 ἐστὶν,
2617 3763 2650 3833 ἡ
2695 3761 3069 3831 ’Δποκάλυψις
3115 3759 3210 3814 τοῦ
3261 3759 3420 3828 ἁγίου
3465 3756 3737 3811 Ἰωάννου.

2152 3853 2339 3908 Ταῦτά
2378 3856 2494 3907 ἐστι
2541 3853 2609 3906 τὰ
2657 3853 3052 3923 κανονιζόμενα
3098 3850 3280 3922 βιϐλία
3313 3853 3370 3904 ἐν
3393 3851 3460 3920 τῇ
3503 3847 3736 3916 Ἐκκλη-

2154 3947 2264 4015 σία.
2297 3945 2392 3998 καὶ
2425 3945 2654 4008 παλαιὰ,
2686 3945 2780 3998 καὶ
2811 3945 2938 3998 νέα·
2984 3940 3060 3998 ὧν
3086 3943 3158 3998 τὰ
3186 3941 3394 3998 παλαιὰ
3442 3942 3623 3994 πάντα
3649 3939 3738 3992 δέ-

2152 4056 2338 4108 χονται
2366 4041 2414 4092 οἱ
2453 4039 2720 4108 Ἑϐραῖοι.

2222 4131 2444 4183 Τούτων
2493 4130 2668 4194 οὕτως
2706 4131 2962 4211 ἐχῇτων,
3008 4128 3158 4193 ἄξιον
3214 4125 3474 4181 ἐκθέσθαι
3519 4123 3740 4196 πρῶτον

2151 4224 2217 4277 τὰ
2245 4225 2354 4278 τῶν
2390 4222 2663 4294 Ἐϐραίων
2691 4223 2960 4290 δόγματα,
2987 4221 3082 4274 καὶ
3113 4215 3336 4291 πρῶτον
3359 4217 3427 4272 τὰ
3459 4219 3591 4289 περὶ
3622 4217 3739 4269 θεοο

2152 4319 2359 4385 λογίας.
2393 4318 2457 4370 Οί
2499 4316 2681 4370 τοίνυν
2723 4314 2967 4386 Ἑϐραῖοι
3005 4313 3134 4383 μίαν
3177 4314 3484 4366 ὑπόστασιν
3515 4311 3740 4378 λέγουσι

2151 4409 2244 4464 τοῦ
2279 4408 2438 4472 Θεοῦ,
2472 4410 2566 4464 καὶ
2597 4410 2726 4477 μίαν
2764 4407 2950 4478 φύσιν.
2987 4405 3197 4478 Τριάδα
3226 4405 3283 4458 δὲ
3311 4404 3550 4474 οὐδαμοῦ
3583 4400 3740 4467 δοξά-

2152 4504 2358 4568 ζουσιν,
2387 4503 2507 4556 οὐδὲ
2535 4503 2808 4570 λέγουσιν,
2834 4501 2957 4554 οὔτε
2997 4499 3239 4570 Πατέρα,
3273 4498 3398 4550 οὒτε
3434 4497 3579 4561 Υίὸν,
3615 4496 3737 4550 οὔτε

2153 4595 2310 4662 ἆγιον
2342 4593 2568 4663 Πνεῦμα
2591 4611 2604 4623 ·
2640 4595 2689 4645 εί
2738 4591 2812 4663 μὴ
2855 4591 2964 4662 ἄρα
3014 4590 3233 4659 Πατέρα
3274 4589 3549 4660 εἴποιμεν,
3581 4589 3736 4657 φασὶ,

2153 4687 2246 4740 τὸν
2289 4685 2444 4752 Θεὸν,
2469 4685 2544 4749 ὡς
2566 4686 2780 4756 πατέρα
2805 4685 3024 4737 πάντων
3047 4681 3352 4752 ἀνθρώπων
3375 4681 3524 4735 ὄντα.
3571 4682 3740 4750 Ἴσχυ-

2159 4779 2397 4850 ρίζονται
2429 4779 2488 4832 δὲ
2521 4777 2652 4848 μίαν
2676 4779 2976 4832 ὑπόστασιν
3003 4772 3142 4830 εῖναι
3178 4775 3272 4828 τοῦ
3309 4774 3470 4838 Θεοῦ,
3502 4774 3612 4828 ἀπὸ
3643 4772 3738 4826 τοῦ

2156 4875 2330 4925 εἰπεῖν
2353 4873 2445 4926 τὸν
2475 4873 2701 4926 Μωσέα·
2734 4875 2964 4938 Ἄκουε,
3003 4874 3272 4943 Ἰσραὴλ,
3299 4873 3512 4940 Κύριος
3533 4873 3565 4924 ὀ
3596 4869 3740 4934 Θεός

2154 4979 2293 5028 σου,
2331 4965 2547 5032 Κύριος
2591 4959 2679 5030 εἷς
2726 4965 2920 5020 ἐστιν.
2971 4964 3164 5034 Ἡμεῖς
3212 4964 3271 5018 δὲ
3320 4963 3555 5033 λέγομεν
3603 4959 3740 5028 πρὸς

2155 5056 2374 5122 αὐτοὺς,
2415 5057 2498 5110 ὅτι
2532 5055 2691 5110 τοῦτο
2737 5052 2891 5110 εἶπεν
2913 5059 2941 5110 ὁ
2976 5059 3204 5128 Μωσῆς,
3237 5057 3568 5112 ἀποϐλέπων
3604 5056 3740 5127 πρὸς

2153 5151 2254 5222 τὴν
2283 5151 2496 5215 ούσίαν,
2521 5152 2583 5204 οὐ
2613 5150 2749 5224 πρὸς
2781 5153 2881 5214 τὰς
2909 5152 3259 5214 ὑποστάσεις.
3305 5153 3416 5206 Καὶ
3444 5154 3604 5222 ἡμεῖς
3633 5150 3742 5220 γὰρ

2154 5245 2250 5297 ἕνα
2278 5245 2410 5299 Θεὸν
2442 5245 2707 5315 λέγομεν,
2742 5245 2803 5298 ἐν
2833 5245 3015 5316 τρισὶν
3045 5245 3430 5299 ύποστάσεσιν.
3470 5244 3622 5297 Ἐπεὶ
3659 5243 3742 5295 ὅτι

2155 5339 2327 5408 Τριάς
2353 5340 2523 5402 ἐστιν,
2560 5339 2670 5392 ἀπὸ
2689 5338 2900 5392 πολλῶν
2929 5338 3045 5391 ἐστι
3070 5339 3265 5402 δεῖξαι.
3299 5337 3526 5410 Πρῶτον
3546 5336 3638 5404 ἀφ’
3665 5329 3742 5388 ὧν

2151 5431 2302 5499 λέγει
2323 5431 2454 5496 Θεὸς
2479 5434 2535 5485 ἐν
2559 5435 2624 5504 τῇ
2645 5432 2884 5496 Γενέσει,
2912 5433 2993 5486 ὅτι
3020 5431 3379 5501 Ποιήσωμεν
3395 5430 3740 5500 ἅνθρωποι·-

2150 5525 2251 5577 ούκ
2287 5524 2352 5577 ἂν
2382 5527 2490 5595 γάρ
2527 5524 2681 5594 ἔλεγε
2715 5527 3120 5596 πληθυντικῶς,
3159 5526 3548 5596 Ποιήσωμεν,
3580 5528 3629 5578 εί
3665 5525 3743 5597 μὴ

2152 5617 2244 5667 καὶ
2279 5614 2429 5668 ἄλλοι
2460 5614 2609 5687 αὐτῷ
2641 5617 2739 5685 τῆς
2768 5617 3052 5689 δυνάμεως
3077 5615 3418 5674 ἐκοινώνουν.
3451 5614 3738 5684 Δεύτερον,

2155 5912 2275 5950 sum
2315 5895 2369 5950 in
2393 5911 2493 5949 ms.
2529 5893 2713 5964 Regia:
2754 5892 3127 5964 bibliothecae.
3177 5891 3439 5947 Comen.
3499 5887 3567 5942 ad
3607 5887 3738 5944 Con-

2157 5969 2267 6022 slil.
2309 5974 2480 6039 apost.
2518 5967 2596 6021 lib
2619 5963 2813 6037 it,-cap.
2851 5964 2905 6033 6,
2933 5971 3047 6020 not.
3080 5963 3134 6020 5.
