4148 6480
459 427 481 486 1
491 426 600 491 205

1651 440 1748 501 DE
1789 441 2070 504 SECTIS.
2113 469 2182 480 --
2225 447 2384 506 AC'I‘.
2431 447 2514 507 Η.

3602 442 3739 508 1Ξοίὶ

454 546 549 613 ἀφ’
577 534 653 596 ὧν
686 541 850 596 πάλιν
880 541 940 595 ἐν
971 545 1035 613 τῇ
1071 543 1288 598 Γενέσει
1321 545 1490 616 λέγει,
1513 548 1595 602 ὄτι
1631 551 1788 606 Ἰδοὺ
1817 553 2053 623 ἐγένετο

2169 556 2462 623 Faciamus,
2496 561 2540 613 si
2572 576 2681 613 non
2724 568 2779 613 et
2815 559 2954 614 alios
2991 559 3283 629 potestatis
3324 568 3611 614 consortes
3644 562 3744 616 ha-

466 637 638 708 Ἀδὰμ
668 636 750 702 ὡς
788 629 876 702 εἷς
923 636 993 700 ἐξ
1037 636 1221 704 ἡμῶν.
1258 638 1383 692 Ὅτι
1420 640 1518 709 μὲν
1547 637 1642 696 οὖν
1689 644 1821 712 ἁγία
1851 645 2046 714 Τριάς,

453 730 562 784 ἀπὸ
594 729 808 784 πολλῶν
855 729 974 784 ἔστι
1023 730 1216 795 δεῖξαι.
1265 732 1634 806 Μετέλθωμεν
1678 737 1736 790 δὲ
1776 736 1907 804 νῦν,
1957 740 2052 792 καὶ

453 823 739 891 δείξωμεν,
776 821 895 887 πῶς
944 820 1228 888 δοξάζουσι
1271 825 1402 892 περὶ
1463 827 1566 897 τὴν
1632 827 2052 900 ὲνανθρώπησιν

455 917 546 970 τοῦ
605 916 868 987 Χριστοῦ.
925 917 1106 988 Τριῶν
1145 918 1326 972 τοίνυν
1382 921 1736 992 ζητουμένων
1777 925 1911 995 περὶ
1957 925 2051 978 τοῦ

453 1009 717 1080 Χριστοῦ,
770 1011 820 1063 εί
873 1011 1116 1082 ἔρχεται,
1157 1014 1207 1066 εί
1256 1014 1359 1082 ήδη
1397 1009 1554 1082 ἦλθε,
1605 1015 1700 1068 καὶ
1747 1016 1965 1086 τρίτον,
2001 1017 2050 1069 εἰ

454 1101 587 1164 Θεὸς
611 1103 640 1154 6
678 1101 868 1156 ὲλθών·
909 1104 1041 1176 περὶ
1075 1106 1174 1176 μὲν
1212 1111 1305 1159 τοῦ
1343 1111 1577 1178 πρώτου,
1610 1109 1658 1160 εἰ
1687 1106 1931 1179 ἔρχεται,
1956 1110 2050 1162 οὑ-

455 1193 542 1247 δὲν
571 1195 653 1248 δεῖ
689 1195 889 1264 λέγειν.
921 1197 1032 1251 Καὶ
1056 1199 1210 1252 αὐτοὶ
1237 1199 1344 1271 γὰρ
1379 1198 1766 1271 ὁμολογοῦσιν,
1793 1201 1875 1254 ὅτι
1904 1200 2045 1271 ἣξει.

458 1287 594 1357 Περὶ
621 1287 680 1341 δὲ
710 1289 820 1341 τῶν
848 1288 1025 1343 ἄλλων
1070 1291 1186 1354 δύο,
1217 1292 1338 1346 δέον
1378 1293 1497 1346 ἐστὶ
1524 1292 1700 1357 δεῖξαι
1726 1293 1928 1358 αὐτοὺς
1954 1313 2048 1348 κα-

459 1380 569 1443 κῶς
604 1379 886 1450 λέγοντας.
937 1383 1124 1454 Ἦμῶν
1176 1384 1358 1440 τοίνυν
1407 1386 1711 1452 λεγόντων,
1757 1388 1840 1441 ὅτι
1890 1384 2046 1457 ἦλθε,

459 1474 742 1528 καὶτοῦτο
773 1474 1100 1531 δεικνύντων
1129 1477 1236 1533 ἀπὸ
1271 1480 1504 1544 πολλῶν,
1549 1483 1767 1554 πρῶτον
1807 1481 1908 1552 μὲν
1941 1482 2050 1535 ἀπὸ

459 1569 568 1622 τῶν
598 1570 864 1640 σημείων,
899 1565 974 1624 ὧν
1002 1571 1248 1644 ἐποίησε,
1292 1573 1546 1648 δεύτερον
1581 1575 1639 1629 δὲ
1661 1616 1678 1640 ,
1713 1575 1822 1630 ἀπὸ
1855 1573 1949 1628 τοῦ
1987 1573 2048 1639 ἐξ

458 1662 626 1716 (σύτοῦ
657 1663 1026 1734 καταλυθῆναι
1055 1665 1126 1717 τὰ
1164 1664 1359 1719 εἴδωλα
1391 1669 1440 1734 (6
1472 1667 1585 1739 γὰρ
1623 1668 1852 1732 Ἡσαΐας
1874 1667 2044 1734 λέγει’

469 1754 630 1810 Ἰδοὺ
664 1756 887 1824 Κύριος
921 1754 1176 1823 κάθηται
1207 1756 1307 1810 ἐπὶ
1344 1757 1608 1826 νεφέλης
1641 1760 1912 1829 κούφης.
1945 1757 2046 1811 καὶ

458 1847 593 1914 ἥξει
637 1849 724 1914 είς
776 1848 1101 1917 Αἴγυπτον,
1132 1847 1230 1902 καὶ
1272 1849 1708 1916 σεισθήσονται
1744 1855 1818 1904 τὰ
1852 1867 2046 1919 χειρο-

2161 651 2336 707 beret.
2367 652 2623 707 Secundo
2651 669 2716 707 ex
2755 653 2822 708 iis
2884 669 3005 722 quae
3040 669 3234 707 rursus
3282 652 3335 705 in
3375 652 3575 707 Genesi
3612 669 3746 724 pro-

2160 748 2267 801 tert
2295 765 2307 800 :
2339 747 2474 802 Ecce
2502 748 2674 816 factus
2715 756 2791 801 est
2827 747 3094 812 Adamus,
3153 745 3298 801 velut
3354 764 3490 800 unus
3539 763 3603 801 ea:
3647 764 3744 811 no-

2157 839 2232 892 bis
2261 840 2303 894 ".
2349 838 2608 893 Pluribus
2640 839 2825 908 itaque
2855 839 3078 908 probari
3123 847 3322 908 potest,
3347 854 3472 892 esse
3500 848 3745 894 sanctam

2157 931 2503 986 Trinitatem.
2537 931 2642 987 Sed
2676 931 3111 1002 progrediamur,
3139 942 3196 986 et
3223 930 3356 1000 quid
3384 931 3453 984 de
3491 931 3748 986 incarna-

2155 1025 2306 1079 tione
2336 1024 2539 1080 Christi
2562 1019 2824 1089 sentiant,
2844 1025 3218 1080 ostendamus.
3238 1025 3380 1080 Cum
3398 1039 3528 1095 ergo
3549 1023 3654 1079 tria
3678 1025 3747 1080 de

2153 1114 2375 1170 Christo
2403 1116 2459 1170 in
2503 1116 2866 1186 quaéstionem
2900 1117 3090 1170 venire
3124 1117 3357 1180 soleant,
3393 1132 3462 1170 an
3522 1115 3708 1170 veniat
3731 1156 3744 1176 ,

2153 1223 2224 1262 an
2253 1209 2505 1271 venerit;
2544 1215 2601 1264 et
2627 1207 2789 1263 tertio
2823 1207 2966 1271 loco,
3005 1207 3149 1263 sitne
3193 1209 3286 1278 qui
3337 1207 3510 1273 venit,
3559 1207 3743 1262 Deus:

2155 1297 2222 1353 de
2254 1299 2454 1368 primo,
2498 1316 2565 1353 an
2627 1300 2838 1356 scilicet
2881 1301 3083 1366 veniat,
3137 1300 3272 1354 nihil
3326 1315 3466 1369 opus
3525 1308 3620 1354 est
3667 1299 3748 1353 di-

2154 1388 2234 1453 ci;
2299 1405 2426 1443 nam
2483 1389 2706 1458 ipsimet
2759 1401 3056 1445 venturum
3099 1389 3361 1444 fatentur.
3414 1389 3492 1444 De
3531 1389 3750 1443 duobus

2151 1475 2364 1534 caeteris
2401 1481 2764 1550 probandum,
2801 1497 2896 1536 eos
2928 1482 3069 1537 male
3101 1482 3272 1551 loqui.
3304 1480 3517 1551 Quippe
3551 1480 3750 1536 dicen-

2154 1569 2302 1625 tibus
2335 1571 2516 1635 nobis,
2543 1588 2669 1626 cum
2701 1574 2941 1639 venisse,
2983 1581 3148 1643 atque
3182 1574 3285 1627 hoc
3328 1573 3508 1643 ipsum
3562 1573 3750 1627 multis

2152 1664 2491 1732 argumentis
2532 1660 3004 1720 ostendentibus:
3033 1666 3276 1735 primum
3312 1682 3376 1720 ex
3409 1665 3583 1736 signis
3628 1682 3752 1734 qtae

2150 1753 2316 1822 fecit;
2371 1756 2570 1812 deinde
2612 1773 2680 1812 ex
2752 1774 2820 1813 eo
2881 1759 3030 1829 quod
3077 1759 3147 1813 ab
3208 1759 3327 1829 ipso
3375 1759 3589 1813 sublata
3642 1758 3753 1812 sint

2150 1863 2181 1902 e
2243 1849 2426 1910 medio
2471 1850 2765 1906 simulacra
2807 1852 2956 1922 (nam
3009 1852 3177 1907 Isaias
3213 1853 3421 1922 inquit:
3469 1851 3602 1906 Ecce
3649 1850 3754 1905 Do—

459 1941 680 2009 ποίητα
699 1941 1001 2010 Αἰγύπτου
1032 1939 1153 1996 ἀπὸ
1189 1941 1517 2010 προσώπου
1547 1942 1766 2014 αὐτοῦ)
1792 1961 1804 1974 ·
1838 1942 2041 2014 τρίτον,

2171 1940 2326 1992 uinus
2348 1941 2404 1993 in
2431 1939 2526 1994 levi
2559 1942 2690 1996 nube
2718 1943 2966 2003 considet,
2999 1960 3060 1996 ac
3085 1944 3138 1996 in
3167 1943 3454 2014 zEgypmm
3490 1945 3676 2004 veniet,
3699 1952 3753 1991 et

460 2032 553 2100 ἀφ’
582 2023 658 2084 ὧν
686 2030 837 2098 λέγει
870 2034 898 2085 6
926 2032 1147 2098 Δανιήλ·
1177 2033 1234 2086 αί
1261 2032 1371 2104 γὰρ
1404 2033 1777 2104 ἐϐδομήκοντα
1805 2034 2044 2103 ἑϐδομά-

458 2127 548 2188 δες
577 2124 686 2179 τῶν
708 2123 868 2188 ἐτῶν,
905 2124 971 2189 ἀς
1005 2125 1156 2195 λέγει
1187 2125 1336 2198 αὐτῷ
1369 2128 1398 2181 6
1429 2128 1682 2197 ἄγγελος,
1715 2129 1799 2197 ἐφ’
1824 2120 1886 2181 οὗ
1907 2127 2040 2198 χρό-

461 2234 550 2270 νου
577 2217 657 2270 δεῖ
686 2216 780 2270 καὶ
807 2216 1094 2271 ἐκϐάλλειν
1129 2219 1320 2285 αὐτὰς,
1372 2222 1452 2283 είς
1501 2220 1628 2282 τοὺς
1675 2220 1904 2291 χρόνους
1940 2218 2037 2272 τοῦ

463 2309 696 2376 Χριστοῦ
711 2309 1131 2382 καταλήγουσιν.
1164 2312 1320 2365 Ἔστι
1348 2311 1405 2365 δὲ
1436 2314 1469 2383 ή
1498 2312 1760 2384 ἀρχὴτῆς
1791 2310 2044 2384 ἐκϐολῆς,

463 2401 572 2454 ἀπὸ
597 2401 691 2455 τοῦ
725 2401 802 2456 κδ’
828 2401 983 2466 ἔτους
1035 2402 1397 2476 Ἀρταξέρξου
1429 2403 1522 2457 τοῦ
1563 2405 1970 2476 Μακρόχειρος.

549 2583 736 2657 Ἦμῶν
767 2578 864 2639 οὖν
889 2583 1062 2638 ταῦτα
1095 2584 1422 2639 δεικνύντων
1449 2585 1654 2650 αὐτοῖς,
1680 2583 2048 2656 διισχυρίζον-

465 2694 555 2731 ται
575 2675 846 2746 λέγοντες,
870 2677 953 2730 ὅτι
984 2676 1085 2730 οὒκ
1105 2672 1262 2747 ἦλθε.
1296 2675 1459 2745 Λέγει
1481 2675 1611 2748 γὰρ,
1645 2677 1833 2746 φασιν,
1862 2679 1889 2730 6
1912 2675 2050 2746 ψαλ-

471 2771 593 2842 μδς,
628 2770 711 2824 ὅτι
749 2771 846 2824 Ἐν
866 2770 994 2838 ταῖς
1025 2769 1273 2840 ἡμέραις
1299 2769 1488 2824 αὑτοῦ
1525 2769 1806 2824 ἀνατελεῐ
1831 2768 2053 2822 δικαιο-

469 2862 654 2930 σύνη,
683 2861 781 2915 καί
813 2859 1047 2929 πλῆθος
1071 2862 1350 2931 εἰρήνης·
1388 2861 1483 2915 καὶ
1511 2861 1674 2933 ἕτερα
1699 2861 1927 2914 τοιαῦτα
1949 2876 2056 2913 πα-

476 2953 811 3024 ραφέρουσιν
845 2953 956 3006 ἀπὸ
997 2955 1097 3024 τῆς
1129 2954 1294 3022 ἁγίας
1325 2953 1570 3025 Γραφῆς.
1609 2952 1725 3007 Νῦν
1749 2953 1835 3016 δὲ,
1869 2953 2058 3023 φασὶν,

473 3045 630 3099 οὐδὲν
662 3045 872 3100 τούτων
915 3045 1162 3117 δρῶμεν·
1201 3043 1340 3099 ἀλλὰ
1371 3045 1689 3099 τούναντίον
1711 3085 1726 3110 ,
1760 3044 2064 3098 πλεονάσα-

478 3154 579 3190 σαν
610 3136 826 3191 ἀδικίαν
851 3136 951 3190 καὶ
971 3137 1253 3208 ἁμαρτίας
1275 3135 1477 3199 πολλὰς
1514 3134 1832 3206 γινομένας.
1873 3135 2067 3204 Ἡμεῖς

476 3232 536 3284 δὲ
574 3231 710 3301 πρὸς
737 3229 901 3284 τοῦτο
931 3229 1187 3299 λέγομεν,
1216 3229 1302 3283 ὃτι
1345 3229 1501 3298 διττή
1550 3229 1699 3282 ἐστιν
1725 3229 1760 3296 ἡ
1791 3226 2069 3295 παρουσία

479 3324 575 3377 τοῦ
604 3322 865 3395 Χριστοῖν
903 3323 937 3392 ἡ
973 3321 1072 3392 μὲν
1103 3320 1245 3391 μετά
1271 3320 1451 3392 δόξης,
1486 3321 1551 3390 ἣν
1575 3322 1603 3373 6
1631 3318 1832 3388 Δανιὴλ
1858 3318 2068 3389 διεξέρ-

2151 2032 2369 2103 /Egypti
2419 2035 2710 2089 simulacra
2738 2053 2899 2089 manu
2955 2037 3096 2106 facta
3141 2038 3448 2104 qualicutur
3493 2036 3557 2090 ab
3589 2037 3752 2105 ipsius

2151 2134 2427 2196 conspectu
2456 2126 2496 2196 ⁸)
2519 2145 2534 2191 ς
2556 2128 2740 2194 tertio,
2770 2128 2838 2183 de
2860 2129 3046 2183 verbis
3086 2127 3295 2182 Danieli
3327 2129 3467 2182 vatis
3500 2145 3512 2180 :
3544 2127 3750 2181 ctenim

2153 2216 2259 2270 ilire
2292 2205 2563 2273 annorum
2623 2227 2969 2291 septuaglnla
2999 2222 3319 2291 septimanze
3351 2219 3418 2273 de
3450 2218 3653 2288 quibus
3685 2219 3750 2272 ad

2152 2325 2278 2364 eum
2306 2312 2532 2382 angelus
2553 2313 2892 2381 loquilur,ab
2915 2314 3270 2383 illotempore
3295 2329 3404 2382 quo
3432 2312 3755 2366 inchoanda:

2152 2413 2302 2469 sunt,
2331 2403 2386 2458 in
2417 2420 2592 2460 annos
2631 2405 2835 2460 Christi
2869 2405 3148 2460 desinunt.
3178 2405 3382 2474 Estque
3422 2402 3753 2471 principium

2150 2496 2575 2567 computationis
2622 2497 2691 2551 ab
2732 2495 3049 2551 Artaxerxis
3102 2494 3421 2564 Longimani
3454 2508 3598 2546 anno
3647 2492 3738 2546 “2.1.

2224 2589 2310 2641 Vl.
2347 2586 2518 2658 Nobis
2559 2586 2726 2656 igitur
2770 2586 2886 2639 haec
2921 2584 3003 2638 eis
3031 2582 3470 2646 ostendentibus,
3503 2582 3602 2650 ipsi
3647 2597 3756 2634 non

2154 2680 2367 2735 venisse
2401 2679 2681 2735 Christum
2712 2676 3004 2732 affirmant.
3038 2676 3096 2730 In
3148 2675 3364 2730 Psalmo
3409 2673 3638 2736 dicitur,
3677 2673 3759 2726 in-

2155 2774 2382 2844 quiunt:
2446 2773 2614 2844 Ipsius
2678 2781 2911 2842 tempore
2953 2770 3224 2841 justitiam
3256 2778 3305 2822 et
3362 2771 3506 2839 pacis
3548 2768 3756 2840 copiam

2156 2870 2486 2923 morituram
2514 2867 2580 2932 9;
2621 2866 2838 2936 aliaque
2871 2866 2997 2919 talia
3042 2865 3112 2919 de
3148 2865 3318 2920 sacris
3356 2865 3579 2919 Litteris
3618 2864 3758 2918 male

2170 2957 2482 3027 proferunt.
2514 2956 2673 3011 Nunc
2694 2963 2904 3016 autem,
2932 2953 3211 3024 inquiunt,
3237 2955 3373 3008 nihil
3407 2954 3603 3007 horum
3639 2968 3758 3005 cer-

2172 3053 2356 3106 nimus
2374 3092 2387 3116 ,
2415 3050 2512 3106 sed
2538 3065 2568 3105 e
2592 3049 2895 3112 contrario,
2921 3047 3162 3102 crevisse
3194 3046 3446 3117 injurias,
3477 3045 3760 3114 multaque

2174 3152 2398 3215 peccata
2444 3141 2750 3214 designari.
2784 3140 2866 3196 Ad
2902 3140 3008 3194 hoc
3039 3152 3140 3192 nos
3188 3135 3611 3206 respondemus,
3665 3134 3761 3188 ad-

2177 3246 2402 3292 ventum
2429 3235 2636 3290 Christi
2654 3233 2932 3304 duplicem
2953 3246 3076 3286 esse
3101 3247 3114 3282 :
3151 3244 3324 3284 unum
3349 3243 3474 3282 cum
3501 3227 3761 3295 majesta—

2179 3343 2254 3393 te,
2271 3329 2339 3383 de
2361 3343 2472 3397 quo
2496 3327 2758 3382 Danielus
2783 3335 3201 3389 commemorat,
3227 3324 3484 3394 inquiens
3507 3341 3518 3375 :
3555 3322 3760 3392 Offere-

481 3430 636 3485 χεται
673 3412 884 3482 λέγων·
947 3409 1223 3465 Ἐσεῖδον
1272 3409 1342 3464 ἐν
1374 3408 1623 3479 ὁράματι
1662 3408 1775 3478 τῆς
1811 3407 2064 3474 νυκτὸς,

2171 3422 2256 3475 lmt
2278 3439 2333 3474 se
2366 3423 2492 3476 mihi
2533 3421 2704 3474 visum
2739 3428 3090 3474 nocturnum:
3133 3427 3182 3472 et
3214 3434 3328 3471 ecce
3357 3415 3576 3487 quidam
3605 3415 3762 3484 quasi

483 3505 582 3560 καὶ
622 3505 751 3559 ιδοὺ
774 3505 856 3570 ὡς
880 3503 1013 3568 Υίὸς
1041 3501 1360 3570 ἀνθρώπου
1391 3501 1488 3554 ἐπὶ
1522 3500 1641 3554 τῶν
1668 3497 1946 3569 νεφελῶν
1969 3499 2076 3552 τοῦ

483 3597 746 3667 οὐρανοῦ
773 3597 1100 3666 ἐρχόμενος
1125 3592 1221 3665 ἦν,
1245 3595 1342 3649 καὶ
1371 3594 1510 3662 ἄχρι
1536 3593 1644 3648 τοῦ
1664 3590 1932 3646 Παλαιοῦ
1957 3589 2078 3644 τῶν

484 3692 722 3764 ἡμερῶν
749 3692 981 3761 ἔφθασε
1002 3729 1018 3754 ,
1056 3689 1157 3744 καὶ
1195 3685 1357 3753 αὐτῷ
1393 3687 1572 3755 ἐδόθη
1608 3687 1647 3755 ἠ
1675 3685 1832 3754 ἁρχὴ
1855 3727 1870 3750 ,
1908 3685 2006 3739 καὶ
2036 3685 2074 3753 ἠ

484 3788 648 3858 τιμὴ,
676 3786 776 3841 καὶ
810 3785 850 3853 ἡ
893 3784 1166 3849 ἐξουσίαο
1211 3781 1408 3835 πάντα
1453 3780 1528 3833 τὰ
1557 3780 1703 3847 ἔθνη
1748 3777 1909 3843 αὐτῷ
1936 3778 2078 3831 δου-

483 3884 807 3944 λεύσσυσι,
846 3879 943 3933 καλ⁴
975 3877 1044 3931 τὰ
1077 3877 1225 3947 ἑξῆς.
1263 3875 1327 3927 'H
1367 3874 1446 3937 δὲ,
1497 3871 1635 3943 μετὰ
1667 3869 2075 3933 ταπεινώσεως,

487 3974 616 4038 περὶ
636 3966 704 4044 ἧς
737 3970 887 4040 λέγει
923 3971 951 4023 6
989 3969 1256 4029 Ἡσαΐας·
1291 3965 1404 4020 Καὶ
1439 3964 1682 4032 εἴδομεν
1727 3961 1945 4024 αὐτὸν,
1978 3959 2076 4013 καί

486 4071 599 4122 οὐκ
643 4062 809 4136 εἶχεν
845 4060 1042 4130 εἶδος,
1103 4059 1248 4116 οὐδὲ
1292 4057 1558 4122 κάλλος,
1605 4053 1770 4110 ἀλλὰ
1812 4053 1877 4108 τὸ
1918 4050 2078 4119 εἶδος

486 4158 676 4214 αὐτοῦ
728 4157 961 4227 ἄτιμον,
1000 4155 1100 4210 καὶ
1144 4151 1427 4208 ἐκλεῖπον
1471 4149 1632 4218 παρὰ
1670 4148 1901 4212 πάντας
1935 4144 2078 4211 τοὺς

487 4251 860 4320 ἀνθρώπους.
895 4249 1064 4302 Ὅταν
1106 4242 1199 4302 οὖν
1225 4238 1380 4299 εἶπεν
1423 4245 1452 4297 6
1497 4242 1714 4312 ψαλμὸς
1733 4281 1747 4302 ,
1773 4241 1856 4292 ὅτι
1883 4239 2079 4293 ἀνατε-

487 4345 573 4398 λεί
612 4345 670 4397 ὲν
713 4345 836 4405 ταῖς
881 4341 1120 4413 ἡμέραις
1151 4337 1318 4394 αὐτοῦ
1350 4335 1698 4405 δικαιοσύνη,
1731 4331 1895 4388 τοῦτο
1924 4331 2077 4400 λέγει

489 4438 566 4501 ὡς
612 4436 749 4508 πρὸς
796 4435 896 4506 τὴν
941 4432 1156 4499 ἔνδοξον
1205 4431 1510 4503 μέλλουσαν
1555 4425 1883 4494 παρουσίαν.
1925 4422 2080 4477 Ἐπεὶ

491 4530 576 4583 ὃτι
601 4527 824 4590 πάντως
844 4527 1058 4596 ἀνάγκη
1091 4523 1366 4596 ἁμαρτίας
1391 4520 1650 4591 γενέσθαι
1681 4519 1775 4572 ἐπὶ
1796 4517 1893 4588 τῆς
1928 4514 2077 4588 πρώ-

490 4638 591 4690 της
614 4619 914 4692 παρουσίας
941 4618 1034 4672 τοῦ
1060 4616 1317 4688 Χριστοῦ,
1347 4614 1570 4686 εὔδηλον
1600 4611 1874 4666 ἐντεῦθεν.
1912 4611 2082 4682 Ἐρω·

491 4713 572 4766 τώ
600 4712 710 4784 γὰρ
750 4710 972 4774 αὐτούς·
1018 4710 1156 4780 Ίδίῳ
1187 4707 1406 4778 θανάτῳ
1451 4704 1804 4761 ἀποθανεῖται
1849 4705 1877 4758 6
1923 4703 2081 4774 ἐρχός

2179 3513 2345 3568 Filius
2377 3513 2602 3567 hominis
2643 3513 2698 3566 in
2727 3511 2947 3566 nubibus
2980 3511 3094 3565 cwli
3133 3509 3392 3572 veniebat,
3425 3516 3474 3561 et
3506 3523 3671 3582 usque
3695 3505 3764 3558 ad

2179 3606 2468 3677 Antiquam
2490 3605 2695 3658 dierum
2717 3605 2954 3671 accessit,
2981 3605 3132 3674 eique
3153 3603 3340 3655 datum
3359 3609 3433 3654 est
3457 3598 3760 3666 imperium,

2179 3706 2226 3750 et
2267 3697 2435 3749 honor
2471 3706 2520 3750 ct
2546 3703 2819 3766 potestas;
2858 3704 2908 3749 et
2933 3711 3113 3749 omnes
3134 3701 3312 3764 gentes
3350 3692 3397 3744 ei
3428 3690 3653 3745 servient
3686 3689 3760 3750 ‘°,

2177 3799 2232 3846 et
2263 3800 2480 3847 czetera.
2510 3790 2757 3844 Alterum
2781 3804 2904 3844 cum
2932 3786 3267 3850 humilitate,
3293 3783 3361 3838 de
3378 3799 3487 3853 quo
3514 3781 3766 3850 loquitur

2179 3884 2377 3938 Isaias:
2413 3883 2484 3937 Et
2511 3883 2734 3937 vidimus
2781 3898 2918 3944 eum,
2942 3896 3035 3933 nec
3063 3880 3288 3949 speciem
3319 3875 3543 3931 habebat
3567 3872 3760 3935 ullam,

2180 3993 2273 4030 nec
2301 3975 2778 4047 pulchritudinem:
2820 3976 2926 4027 into
2959 3973 3154 4043 species
3195 3970 3308 4040 ejus
3345 3977 3459 4022 erat
3487 3967 3676 4037 turpis,
3715 3973 3767 4018 et

2180 4065 2322 4135 infra
2376 4079 2553 4118 omnes
2595 4064 2840 4117 homines
2876 4060 2954 4113 “.
3007 4059 3143 4114 Cum
3185 4072 3315 4127 ergo
3347 4055 3597 4110 Psalmus
3651 4052 3762 4114 ait,

2180 4152 2519 4208 exorituram
2559 4150 2733 4221 ipsius
2765 4144 3418 4218 temporibusjustitiam,
3453 4142 3558 4195 hoc
3584 4140 3766 4209 ipsum

2183 4245 2320 4301 dicit
2344 4233 2597 4314 respectu
2626 4241 2800 4297 futuri
2835 4238 3132 4310 aliquando
3186 4235 3409 4307 gloriosi
3465 4233 3763 4288 adventus.

2182 4341 2316 4395 Nam
2351 4339 2407 4394 in
2438 4337 2617 4408 primo
2645 4334 2848 4392 Christi
2883 4332 3122 4388 adventu
3153 4326 3465 4384 necessario
3494 4326 3764 4385 futurum,

2183 4439 2247 4484 ut
2291 4435 2516 4500 peccata
2554 4426 2711 4491 Iiant,
2763 4424 2851 4478 vel
2882 4421 3012 4476 hinc
3051 4420 3217 4489 plane
3261 4415 3619 4471 manifestum
3660 4423 3764 4466 est.

2186 4523 2445 4579 Hebraeos
2475 4520 2623 4576 enim
2659 4519 2940 4588 interrogo
2965 4534 2978 4570 :
3003 4514 3340 4569 Morieturne
3392 4509 3649 4566 Christus
3679 4509 3769 4560 illo.

2185 4615 2280 4684 qui
2319 4613 2524 4675 veniet,
2561 4627 2591 4666 a
2623 4610 2830 4679 seipso,
2889 4623 2955 4661 an
3009 4621 3139 4661 eum
3175 4604 3434 4659 occident
3487 4603 3627 4655 alii?
3666 4603 3772 4655 Rc-

2188 4705 2461 4776 spondent
2482 4704 2719 4767 scilicet,
2747 4701 2815 4756 ab
2840 4700 2963 4756 aliis
2987 4697 3373 4754 occidendum.
3396 4695 3534 4763 Quid
3556 4695 3774 4749 autem?

498 4823 662 4877 μενος
686 4803 949 4879 Χριστὸς,
996 4802 1029 4874 ἢ
1069 4803 1220 4856 ἄλλοι
1248 4801 1412 4854 αὐτὸν
1444 4797 1841 4853 ἀποκτενοῦσιν
1867 4813 1881 4862 ;
1923 4795 2064 4850 Ἀπο-

2189 4798 2283 4868 qui
2352 4797 2516 4852 talem
2569 4803 2897 4864 tantumque
2949 4791 3172 4847 necabit
3218 4789 3543 4850 hominem,
3587 4803 3772 4841 annon

496 4898 775 4970 κρίνονται
817 4895 1088 4968 δηλονότι,
1122 4895 1199 4958 ὼς
1237 4893 1388 4947 ἄλλοι
1423 4891 1587 4946 αὑτὸν
1623 4888 1967 4961 φονεύσουσι.
2019 4888 2084 4940 Τί

2187 4887 2442 4958 peccabit
2465 4885 2748 4957 graviter?
2781 4883 3022 4938 Onmino
3047 4888 3407 4952 peccaturum
3442 4878 3648 4933 dicent.
3680 4875 3774 4930 Er-

495 4991 592 5059 δέ;
637 4991 667 5043 6
699 4991 791 5045 τὸν
819 4989 1065 5044 τοιοῦτον
1097 4989 1273 5060 μέγαν
1309 4985 1600 5058 ἄνθρωπον
1625 4982 1990 5046 ἀποκτείνων,
2023 4999 2064 5034 οι

2188 4995 2257 5052 go
2288 4979 2333 5034 si
2361 4978 2467 5033 hoc
2493 4975 2840 5039 conceditur,
2881 4974 3107 5029 omnino
3133 4986 3358 5026 necesse
3393 4977 3495 5033 est,
3524 4968 3576 5022 in
3596 4966 3775 5036 prium

502 5084 757 5152 μεγάλως
813 5081 1153 5156 ἁμαρτάνει;
1207 5079 1434 5143 Πάντως
1489 5078 1781 5150 φήσουσιν,
1821 5075 1904 5130 ὅτι
1956 5074 2084 5128 Ναί.

499 5173 712 5230 Οὐκοῦν
741 5175 791 5228 εἰ
822 5172 1000 5228 ταῦτα
1037 5173 1212 5237 οὕτως
1240 5171 1379 5244 ἔχει,
1407 5171 1622 5238 ἀνάγκη
1656 5167 1879 5232 πάντως
1906 5167 2090 5238 ἀμαρ-

501 5272 622 5325 τίαν
650 5269 909 5340 γενέσθαι
950 5270 1044 5322 ἐπὶ
1070 5272 1171 5341 τῆς
1203 5269 1299 5321 τοῦ
1343 5266 1586 5337 Χριστοῦ
1622 5263 1847 5333 πρώτης
1883 5279 2088 5332 παρου-

505 5363 628 5429 σίας
648 5380 663 5395 ⁸
687 5363 828 5417 ὥστε
861 5363 890 5416 6
932 5361 1150 5433 ψαλμὸς
1182 5361 1353 5432 λέγει,
1388 5360 1483 5413 ἐπὶ
1512 5360 1612 5430 τῆς
1637 5357 1920 5429 δευτέρας.
1955 5355 2084 5407 Ἀλ-

505 5457 613 5521 λως
643 5473 704 5510 τε
742 5457 838 5510 καὶ
865 5453 1102 5526 ἀλλαχοῦ
1135 5471 1304 5525 φησιν
1334 5456 1363 5507 6
1403 5451 1620 5523 ψαλμός
1641 5467 1654 5480 ·
1688 5446 1878 5506 Εἶπεν
1902 5451 1935 5502 ό
1973 5447 2090 5501 Κύ-

2190 5071 2393 5129 Christi
2414 5071 2653 5126 adventu
2676 5076 2899 5140 peccata
2941 5066 3096 5131 ﬁeri;
3123 5063 3374 5132 adeoque
3408 5061 3616 5114 dictum
3640 5056 3773 5110 illud

2194 5166 2395 5223 Psalmi
2450 5165 2520 5219 de
2558 5163 2798 5218 adventu
2861 5158 3108 5214 secundo
3183 5155 3292 5210 erit
3342 5148 3770 5220 accipiendum;

2197 5259 2500 5328 praesertim
2534 5271 2658 5312 cum
2704 5263 2759 5308 et
2809 5251 2942 5326 alibi
2986 5249 3238 5305 Psalmus
3281 5244 3457 5298 dicat:
3492 5241 3640 5295 Dixit
3675 5237 3776 5291 Do-

2199 5354 2372 5408 minus
2406 5350 2632 5404 Domino
2660 5361 2810 5401 meo:
2835 5331 2964 5398 Sede
2999 5361 3030 5396 a
3061 5339 3258 5394 dextris
3289 5337 3414 5391 meis
3433 5376 3446 5400 ,
3484 5334 3646 5388 donec
3683 5349 3776 5402 po-

2189 5459 2344 5498 suero
2375 5441 2614 5496 inimicos
2664 5447 2800 5504 tuos,
2847 5433 3136 5490 scabellum
3183 5430 3374 5501 pedum
3432 5436 3645 5480 tuorum
3709 5424 3772 5474 “.

501 5515 633 5619 ριος
677 5549 758 5616 τῷ
792 5548 985 5618 Κυρίῳ
1005 5515 1158 5618 ρον,
1189 5515 1390 5602 ίίάθου
1418 5515 1765 5609 ’ἐκ-δεξιῶν
1801 5561 1952 5612 μου,
1981 5540 2064 5597 ἕωη

2190 5536 2403 5590 Iudicat
2417 5533 2588 5596 enim,
2611 5529 2894 5585 Christum
2919 5524 3179 5580 habuisse
3213 5520 3487 5576 inimicos.
3517 5515 3617 5573 Ubi
3640 5530 3806 5568 vero.

506 5608 584 5695 έν
608 5608 694 5696 θῶ
723 5608 1155 5710 τοὺςνὲέθρούς
1205 5654 1324 5692 σου
1383 5608 1720 5692 ὑποπόδιον
1742 5608 1861 5688 τών
1891 5631 2064 5686 ποδὼι

2192 5625 2482 5684 inimicitia
2513 5632 2618 5688 est,
2660 5622 2735 5676 ibi
2787 5636 2894 5674 non
2921 5625 3009 5672 est
3046 5633 3170 5687 pax.
3209 5613 3492 5669 Christum
3532 5608 3773 5677 denique

506 5743 643 5790 σου.
680 5735 844 5807 Δηλοῖ
867 5735 977 5806 γὰρ
1008 5733 1092 5789 ὅτι
1122 5733 1280 5803 ἔσχεν
1315 5730 1568 5802 ἐχθρούς.
1605 5730 1781 5783 Ὅπου
1814 5727 1871 5780 δὲ
1901 5726 2090 5796 ἔχθρα,

579 5848 601 5879 "
639 5846 779 5904 Gen.
815 5864 893 5908 tn.
938 5847 1028 5902 22.

511 5933 617 5977 eis.
663 5919 708 5972 Ι.

1127 5846 1147 5877 ⁸
1177 5845 1282 5903 Isa.
1318 5862 1427 5908 xu,
1470 5845 1520 5900 I.

1596 5846 1648 5901 ι’.
1668 5842 1809 5901 Psal.
1863 5856 2007 5907 uxr,
2054 5841 2104 5893 7.

2192 5736 2302 5774 non
2329 5731 2450 5772 esse
2477 5717 2672 5778 Deum,
2704 5711 2771 5768 de
2799 5726 2908 5782 quo
2937 5709 3103 5764 tertio
3133 5708 3257 5762 loco
3291 5702 3576 5774 quaeritur,
3605 5715 3670 5754 ex
3703 5696 3800 5760 iis.

2203 5837 2243 5867 ¹⁰
2283 5834 2420 5888 Dan.
2467 5847 2560 5895 vn,
2620 5830 2703 5896 I3,
2763 5828 2841 5883 Η.
2945 5827 2979 5856 ¹¹
3018 5826 3121 5880 lsa.
3163 5821 3358 5888 tnui,
3405 5821 3457 5875 ’5.
3555 5819 3596 5848 "
3631 5814 3790 5875 Panic
