4148 6450
477 377 611 446 121.}7

1737 387 2050 448 LEONTII
2096 387 2509 448 BYZANTINI

3621 371 3640 434 1
3652 370 3762 434 208

471 518 596 569 quae
631 500 805 555 Moses
832 497 991 563 dixit,
1015 498 1328 553 aﬂirmant:
1371 497 1558 552 Vatem
1601 501 1743 555 vobis
1784 503 2058 556 suscitabit

2164 503 2265 555 οὐκ
2307 501 2454 553 ἔστιν
2489 499 2700 570 εἰρήνη.
2758 499 2892 569 Περὶ
2938 497 2996 550 δὲ
3040 493 3134 549 τοῦ
3186 495 3262 566 μὴ
3306 487 3444 545 εἶναι
3483 488 3615 542 Θεὸν
3662 491 3760 544 τὸν

474 593 733 646 Dominus
767 591 903 644 Deus
931 605 994 644 ex
1031 589 1286 660 fratribus
1322 592 1537 653 nostris,
1570 593 1672 645 mei
1705 592 1938 646 similem
1972 594 2016 624 ¹³
2044 633 2058 648 .

474 684 637 750 Ecce,
656 685 929 754 inquiunt,
952 697 1059 738 non
1082 681 1258 738 Deum
1273 684 1589 754 appellavit,
1609 684 1706 740 sed
1725 694 1926 739 vatem.
1945 685 2063 741 Nos

474 786 658 831 autem
683 777 748 831 ad
776 777 880 832 hoc
903 776 1325 847 respondemus,
1347 775 1630 831 Christum
1651 777 1838 831 omnia
1862 776 2059 832 fuisse:

474 886 599 924 nam
633 881 688 926 et
716 871 880 925 homo
907 881 1045 934 erat,
1066 879 1317 938 etvates,
1342 879 1398 925 et
1421 871 1568 926 Deus
1594 889 1607 924 :
1641 869 1826 941 itaque
1857 873 2062 942 quovis

472 965 735 1033 appellari
751 965 971 1018 nomine
985 973 1222 1033 poterat.
1241 963 1455 1019 Etenim
1479 963 1623 1034 quod
1644 965 1791 1020 Deus
1809 973 1952 1028 erat,
1967 965 2062 1020 de-

472 1063 772 1110 monstrata
807 1055 1134 1125 quaestione,
1168 1073 1239 1111 an
1281 1057 1517 1119 venerit,
1551 1071 1618 1110 ex
1656 1056 1786 1110 novi
1828 1056 2060 1111 fmderis

471 1148 750 1217 Scriptura
774 1149 995 1218 probari
1018 1149 1177 1204 facile
1203 1157 1409 1218 posset.
1432 1148 1632 1204 Verum
1649 1159 1705 1202 et
1721 1147 1854 1203 illud
1869 1157 2060 1204 osten-

471 1243 668 1296 demus
696 1259 726 1298 e
759 1243 1044 1314 Scriptura
1067 1244 1264 1298 veteri.
1294 1243 1430 1297 Nam
1463 1242 1754 1297 manifesto
1784 1242 2058 1298 Jeremias

471 1335 525 1388 id
549 1335 753 1389 alicubi
787 1333 924 1390 dicit
951 1335 1038 1391 bis
1059 1335 1267 1390 verbis:
1301 1335 1398 1388 Hic
1427 1333 1566 1389 Deus
1596 1343 1772 1389 noster
1795 1345 1890 1401 est,
1914 1335 2056 1389 alius

467 1446 586 1482 cum
614 1445 672 1482 eo
706 1447 810 1482 non
845 1430 1263 1500 comparabitur.
1287 1428 1508 1483 Omnem
1534 1429 1767 1482 scientia
1791 1429 1935 1483 viam
1967 1431 2056 1482 in-

469 1523 627 1584 venit,
653 1538 873 1592 eamque
893 1522 1087 1577 Jacobo
1125 1538 1288 1593 puero
1312 1538 1406 1575 suo
1432 1521 1593 1588 dedit,
1614 1530 1663 1575 et
1679 1522 1870 1577 dilecto
1902 1523 1967 1576 ab
1999 1538 2055 1576 se

465 1611 692 1665 lsraelo.
726 1612 1026 1668 Secundum
1072 1616 1182 1668 ha'e
1231 1615 1289 1666 in
1333 1623 1477 1667 terra
1521 1623 1826 1685 conspectus
1863 1624 1962 1680 est,
2005 1624 2056 1669 et

465 1705 604 1756 inter
648 1705 884 1758 homines
933 1716 1172 1760 uersatus
1216 1706 1280 1759 ".
1318 1705 1444 1760 Haec
1486 1705 1653 1776 igitur
1686 1705 2051 1761 Hebraeorum

463 1795 719 1865 dogmata
750 1807 900 1861 sunt,
937 1805 992 1851 et
1023 1797 1344 1853 earumdem
1379 1797 1763 1854 refutationes.

2168 594 2445 667 Χριστὸν,
2479 595 2618 664 ὅπερ
2651 588 2721 662 ἦν
2757 593 2942 662 τρίτον
2989 588 3346 662 ζητούμενον,
3386 585 3760 658 ἰσχυρίζονται

2169 688 2265 758 ἀφ’
2305 681 2380 740 ὧν
2414 686 2571 739 εἶπεν
2614 687 2642 738 6
2675 685 2913 752 Μωσῆς·
2948 681 3276 751 Προφήτην
3316 681 3460 749 ὑμῖν
3483 678 3760 746 ἀναστή-

2165 797 2262 836 σει
2288 781 2502 847 Κύριος
2530 781 2563 832 ὁ
2597 778 2743 843 Θεὸς
2765 777 2834 830 ἐκ
2861 775 2976 829 τῶν
2995 774 3279 844 ἀδελφῶν
3311 772 3502 842 ἡμῶν,
3522 773 3603 838 ὠς
3627 772 3755 840 ἐμέ.

2179 874 2314 928 Ἰδοὺ
2339 873 2470 943 γὰρ,
2506 871 2670 940 φασὶν
2695 911 2711 936 ,
2741 871 2804 923 ού
2847 869 2982 922 Θεὸν
3031 869 3192 921 αὑτὸν
3225 862 3401 931 εἶπεν,
3439 864 3579 920 ἀλλὰ
3613 881 3756 933 προ-

2164 969 2367 1039 φήτην.
2412 967 2604 1036 Ἡμεῖς
2626 965 2684 1018 δὲ
2715 963 2853 1036 πρὸς
2886 963 3048 1018 τοῦτο
3071 963 3328 1032 λέγομεν,
3357 962 3440 1014 ὅτι
3477 959 3658 1014 πάντα
3681 956 3758 1030 ἦν

2165 1061 2194 1111 6
2225 1057 2482 1127 Χριστός·
2516 1056 2612 1109 καὶ
2642 1055 2931 1125 ἄνθρωπος
2952 1054 3062 1123 γὰρ
3088 1048 3178 1122 ἦν,
3204 1052 3299 1104 καὶ
3326 1051 3634 1121 προφήτης,
3656 1049 3757 1102 καὶ

2163 1152 2320 1214 Θεὸς·
2352 1151 2776 1220 ὁθενουνδήποτε
2814 1149 2940 1218 ἐξῆν
2976 1147 3136 1200 αὑτὸν
3166 1145 3454 1216 ὀνομάσαι.
3485 1145 3611 1198 Ὅτι
3642 1146 3756 1215 γὰρ
3797 1207 3802 1212 _

2163 1243 2300 1305 Θεὸς
2324 1238 2413 1313 ἦν,
2444 1241 2748 1312 δειχθέντος
2772 1239 2888 1304 τοῦ,
2915 1241 2962 1292 εί
2997 1236 3154 1310 ἦλθε,
3196 1237 3378 1308 ῥᾴδιον
3415 1232 3483 1306 ἦν
3511 1235 3621 1289 ἀπὸ
3652 1238 3754 1306 τῆς

2163 1335 2310 1399 Νέας
2336 1335 2556 1405 Γραφῆς
2592 1332 2896 1397 ἀποδεῖξαι.
2923 1331 3070 1401 Πλὴν
3098 1332 3193 1383 καὶ
3224 1329 3332 1384 ἀπὸ
3361 1329 3460 1399 τῆς
3504 1329 3752 1392 Παλαιᾶς

2158 1426 2410 1498 δείξομεν
2434 1427 2614 1480 τοῦτο.
2640 1425 2780 1496 Φησὶ
2809 1425 2922 1494 γάρ
2953 1441 3057 1478 που
3080 1423 3256 1491 λέγων
3278 1421 3436 1474 τοῦτο
3475 1419 3758 1490 Ἱερεμίας

2158 1519 2494 1589 ἀναφανδόνο
2523 1514 2716 1586 Οὗτος
2745 1523 2776 1572 ό
2809 1520 2952 1584 Θεὸς
2982 1514 3175 1585 ἡμῶν,
3207 1516 3280 1569 οὐ
3315 1513 3752 1584 λογισθήσεται

2158 1613 2362 1681 ἔτερος
2387 1611 2536 1680 πρὸς
2565 1613 2787 1666 αὐτόν’
2817 1610 3028 1678 ἐξεῦρε
3067 1605 3280 1662 πᾶσαν
3313 1607 3459 1660 ὁδὸν
3493 1606 3748 1674 ἐπιστή-

2155 1725 2298 1775 μης,
2346 1705 2444 1759 καί
2481 1705 2708 1759 ἔδωκεν
2747 1704 2944 1770 αὐτὴν
2981 1702 3186 1758 Ἰακὼό
3207 1701 3288 1768 τῷ
3320 1701 3486 1755 παιδί
3516 1701 3708 1755 αὑτοῦ
3729 1741 3746 1765 ,

2157 1798 2522 1866 καὶἸσραὴλ
2558 1797 2637 1864 τῷ
2665 1797 3027 1867 ἠγαπημένῳ
3052 1797 3154 1850 ὑπ’
3177 1795 3384 1850 αὑτοῦ.
3415 1795 3576 1850 Μετὰ
3605 1796 3752 1850 ταῦ-

463 1905 535 1942 τα
568 1889 667 1942 ἐπὶ
708 1888 818 1956 τῆς
849 1889 962 1960 γῆς
995 1891 1198 1959 ὤφθη,
1233 1890 1333 1944 καὶ
1376 1890 1502 1957 τοῖς
1527 1889 1866 1959 ἀνθρώποις
1906 1891 2404 1961 συνανεστρὰερη.
2469 1891 2660 1944 Ταῦτα
2730 1891 2829 1961 μὲν
2895 1887 2991 1944 οὖν
3045 1887 3156 1942 εἱσι
3195 1889 3265 1942 τὰ
3297 1887 3405 1942 τῶν
3451 1889 3746 1959 Ἐϐραίων,

462 1980 560 2033 καὶ
590 1981 645 2032 ai
680 1979 816 2049 πρὸς
853 1981 994 2033 αὐτὰ
1034 1979 1360 2048 ἀντιλογίαι.

537 2073 646 2126 Vll.
679 2072 836 2126 Nunc
882 2071 949 2126 ad
997 2072 1473 2128 Samaritanorum
1530 2088 1754 2144 quoque
1799 2073 2054 2144 dogmata

2228 2075 2598 2144 Μετέλθωμεν
2627 2074 2682 2128 δὲ
2706 2077 2802 2128 καὶ
2825 2075 2918 2129 ἐπὶ
2947 2075 3017 2128 τὰ
3045 2074 3297 2145 δόγματα
3324 2075 3433 2129 τῶν
3459 2076 3746 2146 Σαμαρει-

465 2175 828 2219 transeamus.
885 2164 992 2218 Sed
1029 2165 1411 2235 cognoscenda
1451 2167 1609 2236 prius
1637 2167 1870 2221 historia
1901 2179 2055 2237 quae-

463 2257 611 2319 dam,
666 2255 813 2310 unde
851 2256 1062 2311 scilicet
1125 2257 1242 2312 haec
1275 2258 1752 2312 Samaritanorum
1803 2266 1924 2312 orta
1981 2258 2054 2312 sit

465 2349 714 2404 lizeresis.
751 2349 1046 2418 Postquam
1073 2366 1204 2421 ergo
1230 2349 1430 2406 Saulus
1452 2353 1611 2406 annis
1639 2350 1708 2405 40
1747 2360 2051 2421 regnasset,

466 2443 728 2496 Davidem
769 2443 912 2497 Deus
949 2458 980 2498 e
1017 2443 1336 2498 Iuda-tribu
1369 2452 1727 2514 prognatum,
1771 2444 1893 2513 eius
1930 2444 2054 2497 loco

466 2554 651 2608 regem
685 2540 1058 2594 lsraelitarum
1093 2541 1382 2595 constituit
1413 2558 1427 2594 :
1466 2556 1528 2595 ac
1558 2539 1782 2594 Davidis
1823 2540 2054 2609 posteri-

465 2641 547 2685 tas
589 2631 644 2684 in
697 2632 1045 2701 possessione
1077 2633 1229 2702 regni
1284 2633 1524 2697 mansit,
1573 2635 1702 2689 filiis
1757 2645 2050 2705 parentum

465 2721 759 2790 imperium
795 2723 1232 2793 excipientibus,
1267 2739 1440 2793 usque
1473 2725 1540 2778 ad
1577 2724 1884 2780 Sedeciam.
1931 2725 2051 2780 Cae-

465 2826 644 2869 terum
681 2826 902 2871 mortuo
926 2817 1131 2872 Davide
1158 2833 1307 2887 rege,
1342 2817 1601 2872 Solomon
1637 2818 1783 2873 ﬁlius
1815 2820 1936 2889 ejus
1964 2835 2051 2874 re-

460 2923 628 2976 gnum
653 2910 916 2978 suscepit.
947 2909 1046 2963 llic
1062 2910 1208 2979 iuste
1232 2910 1428 2980 agebat
1453 2911 1639 2965 omnia
1672 2928 1684 2963 :
1713 2919 2052 2980 quapropter

458 3001 510 3055 ci
544 3001 690 3055 Iteus
707 3016 958 3071 magnam
981 3001 1304 3070 sapientiam
1341 3009 1781 3070 potestatemque
1815 3001 2049 3072 largitus

459 3101 565 3146 est.
604 3092 809 3148 Verum
843 3092 937 3146 ubi
969 3094 1391 3157 consenuisset,
1442 3093 1696 3148 adoravit
1729 3093 2044 3158 simulacra,

460 3185 734 3239 uxoribus
763 3185 876 3239 suis
899 3184 1309 3254 obtemperans.
1343 3185 1516 3251 Quam
1575 3185 1647 3239 ob
1679 3201 1899 3240 causam
1934 3187 2046 3240 ira-

461 3289 551 3334 tus
582 3281 744 3344 Deus,
782 3279 1149 3336 llieroboamo
1183 3279 1494 3334 Solomonis
1539 3294 1701 3334 servo
1759 3279 1925 3344 dixit,
1986 3294 2046 3335 se

459 3372 649 3427 decem
725 3373 934 3426 domini
1001 3372 1085 3426 sui
1156 3371 1388 3440 sceptris
1459 3388 1588 3425 eum
1657 3371 2042 3440 praefecturam

2157 2163 2288 2217 τῶν.
2332 2164 2490 2217 Ἀλλὰ
2527 2164 2748 2234 πρῶτον
2799 2166 3040 2237 ἱστορίαν
3088 2166 3212 2218 τινὰ
3253 2166 3537 2236 μάθοιμεν,
3575 2167 3746 2219 πόθεν

2160 2260 2465 2327 κατάγεται
2496 2259 2529 2327 ἠ
2569 2259 2785 2326 αἵρεσις
2830 2259 2938 2312 τῶν
2971 2259 3351 2330 Σαμαρειτῶν.
3377 2259 3533 2314 Μετὰ
3564 2259 3657 2312 οὖν
3680 2259 3746 2312 τὸ

2160 2352 2482 2421 βασιλεῦσαι
2511 2353 2605 2404 τὸν
2629 2352 2800 2405 Σαοὺλ
2827 2351 2920 2421 ἔτη
2953 2358 3027 2422 μ’,
3052 2353 3388 2424 κατέστησεν
3421 2353 3538 2406 ἀντ’
3571 2353 3740 2406 αὐτοῦ

2155 2446 2184 2497 6
2213 2444 2348 2508 Θεὸς
2392 2443 2485 2497 τὸν
2526 2443 2692 2496 Δαὸὶὸ
2739 2443 2967 2513 βασιλέα
3008 2443 3118 2496 τῶν
3157 2443 3534 2514 Ἰσραηλιτῶν,
3569 2442 3743 2512 ἄνδρα

2154 2538 2254 2606 τῆς
2279 2537 2455 2607 φυλῆς
2486 2536 2676 2590 Ἰούδαο
2708 2535 2803 2590 καὶ
2837 2536 3056 2607 ἔμεινεν
3080 2537 3112 2605 ἠ
3136 2537 3303 2603 γενεὰ
3329 2535 3422 2589 τοῦ
3445 2535 3613 2589 Δαδὶδ
3642 2534 3744 2605 βα-

2157 2629 2478 2694 σιλεύουσα,
2516 2631 2646 2692 παῖς
2684 2629 2836 2702 παρὰ
2871 2628 3079 2699 πατρὸς
3110 2629 3470 2700 ἐκδεχόμενος
3502 2627 3599 2698 τὴν
3636 2627 3743 2697 ἀρ-

2155 2720 2276 2792 χὴν,
2312 2722 2472 2794 μέχρι
2503 2721 2778 2774 Σεδεκίου.
2824 2720 3214 2783 Ἀποθανόντος
3242 2721 3299 2773 δὲ
3341 2720 3437 2773 τοῦ
3475 2718 3742 2788 βασιλέως

2153 2814 2336 2876 Δαὸὶδ,
2367 2816 2395 2866 6
2439 2813 2692 2883 Σολομῶν
2735 2815 2764 2867 6
2813 2813 2928 2875 υἱὸς
2960 2811 3124 2864 αὐτοῦ
3165 2811 3386 2876 ἐδέξατο
3434 2811 3534 2881 τὴν
3583 2810 3745 2880 βασι-

2151 2907 2324 2959 λείαν.
2342 2899 2513 2969 Οὗτος
2537 2906 2638 2975 μὲν
2661 2902 2756 2960 οὖν
2777 2907 2959 2959 πάντα
2987 2906 3129 2976 μετὰ
3154 2903 3508 2974 δικαιοσύνης
3533 2902 3745 2974 ἐπρατ-

2150 3015 2260 3060 τεν,
2296 2996 2420 3051 ὅθεν
2449 2999 2476 3050 6
2507 2997 2641 3061 Θεὸς
2666 2998 2869 3068 πολλὴν
2901 2997 3051 3067 αὐτῷ
3070 2998 3263 3065 σοφίαν
3289 2995 3386 3050 καὶ
3416 2994 3741 3049 δυναστείαν

2151 3091 2468 3160 ἐχαρίσατο.
2515 3090 2772 3161 Γηράσας
2825 3091 2917 3155 δὲ,
2974 3092 3390 3161 προσεκύνησεν
3457 3087 3738 3154 εἰδώλοις,

2150 3185 2476 3254 πειθόμενος
2507 3186 2628 3246 ταῖς
2665 3183 2860 3238 ἑαυτοῦ
2895 3184 3165 3253 γυναιξίν.
3191 3185 3356 3238 Ὅθεν
3395 3183 3676 3254 ὀργισθεὶς
3711 3186 3742 3236 6

2149 3277 2300 3340 Θεὸς,
2357 3274 2512 3330 εἶπεν
2558 3277 2862 3348 Ἱεροϐοὰμ,
2899 3278 2978 3348 τῷ
3019 3278 3196 3348 δούλῳ
3236 3277 3438 3343 αὑτοῦ,
3469 3279 3552 3331 ὅτι
3607 3277 3740 3332 Ἐὰν

2150 3372 2386 3441 ποιήσῃς
2428 3369 2488 3422 τὸ
2521 3368 2736 3440 θέλημά
2781 3389 2920 3442 μου,
2977 3373 3072 3424 ἐπὶ
3117 3371 3249 3425 δέκα
3297 3374 3596 3443 σκήπτρων
3638 3373 3740 3427 τοῦ

459 3482 676 3535 regem,
711 3467 753 3519 si
796 3465 1068 3519 voluntati
1117 3465 1320 3518 divinae
1368 3466 1654 3534 pariturus
1686 3474 1876 3519 esset:
1914 3465 2043 3520 reli-

2151 3438 2409 3518 δεσπότου
2443 3479 2538 3516 σου
2571 3438 2902 3529 καταστῆσω
2950 3482 3010 3518 σε
3044 3464 3302 3534 βασιλέα·
3339 3438 3409 3520 τά
3456 3438 3564 3536 γ’ἁρ
3599 3466 3742 3521 ἄλλα

460 3574 568 3628 qua
599 3558 834 3627 quidem
865 3557 976 3610 duo
1019 3565 1234 3626 sceptra
1275 3556 1560 3611 Solomoni
1611 3572 1669 3610 se
1701 3557 2042 3623 relicturum,

458 3669 689 3723 propter
741 3661 954 3721 patrem
1004 3652 1179 3720 ipsius
1217 3652 1474 3707 Davidem
1513 3669 1527 3705 :
1561 3661 1725 3721 atque
1756 3652 1871 3706 haec
1925 3663 2046 3723 post

459 3754 700 3799 mortem
729 3746 1041 3799 Solomonis
1075 3745 1314 3814 primum
1363 3755 1653 3801 eventura.
1685 3745 1822 3801 Cum
1857 3755 2043 3800 autem

459 3846 714 3890 mortuus
745 3835 940 3891 fuisset
976 3836 1233 3890 Solomon
1261 3877 1275 3901 ,
1316 3837 1462 3892 illius
1519 3837 1695 3907 ipsius
1727 3836 2046 3892 Roboamns

460 3931 513 3983 in
546 3929 698 3999 regni
729 3928 1076 3998 possessione
1109 3945 1470 3984 successurus
1499 3938 1640 3984 erat.
1691 3929 1881 3999 Itaque
1933 3931 2046 3985 eol-

458 4021 582 4074 lr-cti
637 4019 707 4074 ad
763 4020 940 4090 ipsum
979 4019 1271 4081 lsraelitze.
1302 4019 1383 4074 sic
1422 4036 1549 4075 eum
1597 4021 2039 4090 compellavere:

455 4114 624 4168 Nimis
663 4115 816 4184 gravi
847 4131 939 4167 nos
973 4114 1108 4184 jngo
1153 4121 1307 4183 pater
1349 4121 1469 4167 tuus
1524 4115 1784 4184 oppressit
1816 4129 1833 4168 :
1864 4122 1919 4167 tu
1958 4115 2043 4184 fac

455 4205 782 4259 tolerabilius
807 4204 1076 4276 leviusque
1099 4206 1188 4265 sit,
1217 4214 1264 4258 et
1298 4207 1585 4258 serviemus
1626 4205 1716 4258 tibi
1741 4205 1804 4258 ¹⁸.
1850 4205 1932 4261 Ad
1975 4223 2040 4261 ea

454 4296 774 4352 Roboamus
801 4313 814 4350 :
846 4296 1098 4350 Triduum
1125 4297 1253 4350 mihi
1287 4297 1571 4360 concedite,
1609 4313 1886 4368 meumque
1912 4314 2040 4350 con-

452 4387 632 4442 silium
657 4388 796 4446 vobis
826 4403 1089 4457 exponam
1122 4389 1186 4441 “.
1222 4387 1300 4442 Ac
1324 4389 1604 4459 digressus
1637 4389 1706 4443 ab
1735 4389 1835 4454 eis,
1863 4389 2040 4458 primo

455 4496 570 4535 rem
606 4495 730 4535 cum
765 4489 895 4534 natu
915 4481 1216 4552 majoribus
1237 4481 1429 4536 amicis
1459 4481 1705 4552 paternis
1727 4482 2039 4536 communi-

453 4573 612 4628 cabat
638 4593 650 4626 :
677 4572 769 4642 qui
789 4573 1136 4629 deliniendos
1154 4574 1524 4630 lsraelitarum
1557 4574 1773 4629 animos
1791 4575 2035 4640 aiebant,

453 4682 564 4736 quo
596 4666 742 4720 facto
776 4665 1034 4720 lubenter
1072 4667 1195 4722 illos
1222 4668 1325 4738 ipsi
1356 4669 1680 4722 servituros.
1711 4668 1849 4723 Hinc
1869 4669 2038 4723 etiam

2147 3557 2238 3610 δύο
2273 3559 2439 3621 ὲὰσω,
2478 3555 2567 3609 διὰ
2594 3558 2688 3610 τὸν
2725 3558 2908 3623 Δαϐὶδ,
2945 3559 3038 3612 τὸν
3075 3560 3293 3632 πατέρα
3322 3559 3512 3615 αὑτοῦ.
3538 3561 3741 3614 Ἔσται

2147 3647 2206 3700 δὲ
2238 3647 2411 3701 ταῦτα
2461 3649 2600 3719 μετὰ
2650 3650 2712 3702 τὸ
2753 3649 3050 3703 ἀποθανεῖν
3096 3651 3282 3706 αὐτόν.
3341 3653 3741 3718 Ἀποθανόντος

2146 3741 2203 3794 δὲ
2238 3742 2583 3812 Σολομῶντος
2611 3784 2624 3802 ,
2665 3741 2868 3812 ἤμελλε
2907 3743 3007 3812 τῆς
3043 3742 3323 3812 βασιλείας
3371 3744 3739 3815 κληρονομεῖν

2146 3837 2175 3888 6
2199 3835 2312 3898 υἱὸς
2337 3834 2504 3888 αὐτοῦ
2549 3833 2801 3906 Ῥοϐοάμ.
2836 3835 2945 3888 Καὶ
2982 3835 3336 3906 συλλεγέντες
3373 3839 3423 3892 οἱ
3466 3837 3740 3908 Ἰσραηλί-

2145 3945 2257 3994 ται,
2289 3924 2441 3982 εἷπον
2476 3928 2612 3999 πρὸς
2635 3928 2798 3982 αὐτόν
2819 3945 2833 3959 ο
2878 3928 2942 3982 '0
2970 3928 3169 3996 πατήρ
3197 3946 3319 3985 σου
3341 3930 3598 3998 ἐϐάρυνε
3627 3932 3740 3987 τὸν

2146 4021 2324 4090 ζυγὸν
2354 4022 2541 4090 ἡμῶν,
2575 4022 2714 4075 ἀλλ’
2733 4020 3081 4092 ἐ..1ἀςρρυνον
3101 4021 3183 4077 σὺ
3209 4023 3399 4078 αὐτὸν
3418 4025 3519 4094 ἀφ’
3540 4025 3734 4095 ἡμῶν,

2145 4112 2244 4167 καί
2278 4113 2697 4182 δουλεύσομὲν
2723 4129 2841 4170 σοι.
2887 4112 2946 4167 Ὀ
2987 4113 3044 4167 δὲ
3084 4115 3220 4184 πρὸς
3253 4116 3450 4179 αὐτοὺς
3495 4118 3738 4188 ἀπεκρί-

2145 4223 2304 4259 νατο·
2351 4203 2602 4258 Ἐνδοτέ
2635 4223 2736 4273 μοι
2779 4205 2935 4272 τρεῖς
2979 4205 3230 4275 ἡμέρας,
3270 4207 3368 4260 καί
3400 4207 3560 4272 λέξω
3590 4209 3742 4277 ὑμῖν·

2143 4299 2258 4366 τὴν
2292 4299 2540 4364 βουλήν
2581 4317 2719 4367 μου.
2761 4298 3036 4352 Ἀπελθὼν
3069 4299 3150 4362 δὲ,
3192 4300 3407 4372 πρῶτον
3455 4302 3566 4364 τοῖς
3599 4317 3738 4372 πρε-

2146 4391 2427 4464 σϐυτέροις
2449 4392 2558 4444 τῶν
2590 4391 2862 4463 πατρῴων
2901 4390 3069 4445 αὐτοῦ
3096 4393 3267 4462 φίλων
3289 4393 3698 4448 ἀνεκοινώσατο
3721 4411 3736 4426 ο

2142 4485 2189 4537 οἱ
2224 4483 2281 4536 δὲ
2315 4484 2454 4554 πρὸς
2503 4485 2665 4536 αὑτὸν
2699 4479 2887 4536 εἷπον·
2935 4483 3286 4553 Θεράπευσον
3340 4485 3434 4538 τὸν
3489 4485 3734 4556 Ἰσραὴλ,

2141 4577 2237 4630 καὶ
2265 4575 2544 4630 δουλεύσει
2567 4593 2669 4632 σοι.
2715 4575 2964 4630 Ἀνέθετο
2983 4577 3040 4630 δὲ
3081 4577 3177 4630 καὶ
3210 4578 3544 4648 παιδαρίοις.
3578 4577 3642 4632 Οί
3672 4580 3736 4634 δὲ

2143 4666 2295 4723 εἷπον
2323 4668 2494 4740 αύτῷ,
2528 4669 2610 4722 ὅτι
2638 4670 2773 4723 Εἰπὲ
2804 4670 2942 4739 πρὸς
2962 4671 3180 4737 αὐτοὺς,
3203 4671 3287 4724 ὅτι
3329 4670 3395 4724 Ἠ
3423 4674 3736 4744 σμικρότης

452 4759 520 4813 ad
540 4759 985 4814 adolescentulos
1008 4761 1218 4814 retulit.
1243 4760 1324 4813 llli
1350 4761 1796 4830 respondendum
1823 4761 2032 4825 dixere,

2151 4781 2269 4834 μου,
2309 4763 2652 4834 στερεωτέρα
2681 4764 2802 4816 ἐστὶ
2833 4764 2935 4834 τῆς
2977 4763 3182 4831 ὀσφύος
3218 4764 3313 4819 τοῦ
3357 4767 3568 4838 πατρός
3602 4785 3730 4838 μου.

451 4851 813 4920 gracilitatem
849 4850 1116 4906 Roboami
1142 4852 1458 4907 solidiorem
1491 4868 1612 4909 esse
1647 4854 1834 4908 lumbo
1858 4864 2039 4924 pater-

453 4954 543 4992 no.
591 4939 818 4996 Patrem.
839 4939 1024 5011 ﬂagris
1057 4956 1154 4996 eos
1186 4941 1502 5012 castigasse,
1540 4959 1597 4998 se
1640 4946 2038 5015 castigaturum

449 5031 858 5102 scorpionibus.
894 5033 991 5089 llis
1017 5050 1277 5090 assensus
1300 5036 1634 5103 Roboamns,
1665 5039 1720 5092 in
1749 5055 1870 5092 eam
1912 5054 2039 5094 sen-

450 5126 680 5182 tentiam
717 5126 981 5184 lsraelitis
1023 5129 1327 5199 respondit.
1381 5131 1463 5185 llli
1493 5147 1634 5185 vero
1663 5132 1908 5186 vicissim
1956 5131 2041 5186 di-

446 5237 575 5276 xere
611 5239 623 5273 :
655 5219 736 5273 Tu
770 5221 991 5276 Davidis
1019 5222 1190 5292 patris
1214 5224 1290 5277 tui
1324 5222 1586 5279 familiam
1612 5223 2032 5278 administrate:

447 5324 503 5369 ct
531 5315 794 5369 Israelita:
818 5316 1052 5386 quisque
1087 5332 1216 5372 suas
1245 5317 1310 5371 ad
1337 5317 1533 5374 domos
1564 5334 1629 5372 ac
1678 5319 2035 5373 tabernacula

447 5414 801 5461 revertuntur
832 5408 897 5462 ‘7.
953 5409 1167 5475 Quibus
1196 5411 1455 5480 prolatis,
1493 5411 1564 5466 ab
1595 5427 1661 5466 eo
1688 5411 2036 5469 diverterunt

447 5498 735 5565 universi,
784 5501 1001 5556 duabus
1053 5506 1302 5574 exceptis
1351 5504 1630 5570 tribubus,
1678 5505 2032 5577 Benjaminea

445 5592 662 5651 scilicet
708 5601 765 5647 et
815 5595 1038 5660 Juda:a-,
1096 5613 1330 5666 quarum
1371 5609 1532 5654 erant
1565 5599 1622 5652 in
1657 5597 1867 5654 ditione
1919 5609 2028 5655 tam

446 5679 821 5756 Hierosolyma
867 5704 1032 5758 quam
1081 5689 1202 5745 loca
1249 5691 1588 5747 continentia
1626 5709 1638 5744 :
1676 5692 1866 5748 decem
1898 5710 2030 5750 vero

523 5861 567 5892 "
604 5863 763 5920 Deut.
793 5882 940 5935 svnt,
984 5870 1065 5935 l5,
1103 5870 1185 5924 l8.

1292 5874 1333 5904 η
1362 5873 1602 5928 Baruch.
1649 5890 1729 5941 nl,
1780 5875 1968 5933 56-58.
2048 5877 2088 5908 ³⁸
2123 5876 2190 5933 lll
2225 5874 2360 5948 Reg.
2385 5892 2480 5946 xu,
2517 5877 2572 5945 ι,
2604 5878 2658 5935 5.
2736 5880 2780 5913 “
2815 5880 2956 5938 ibid.

2153 4857 2391 4919 Ἐκεῖνος
2431 4857 2578 4927 ὑμᾶς
2624 4856 2879 4926 μάστιξιν
2907 4857 3256 4920 ἐπαίδευσεν,
3291 4857 3404 4927 ἐγὼ
3442 4861 3734 4932 σκορπίοις

2139 4947 2438 5001 παιδεύσω.
2483 4946 2712 5010 Τούτοις
2775 4947 3023 5011 πεισθεὶς
3071 4949 3347 5020 Ῥοὸοὰμ,
3404 4950 3579 5004 ταῦτα
3618 4955 3735 5014 τοῖς

2151 5041 2516 5112 Ἰσραηλίταις
2545 5041 2905 5113 ἀπεκρίνατο.
2943 5044 3006 5095 υἱ
3032 5043 3087 5096 δὲ
3131 5044 3466 5115 Ἰσραηλῖται
3494 5045 3736 5115 ἀπεκρί-

2137 5133 2333 5190 ναντοο
2393 5136 2566 5189 Βόσκε
2609 5136 2701 5189 τὸν
2759 5133 2908 5190 οἶκόν
2952 5153 3047 5190 σου
3098 5137 3283 5203 Δαδὶδ,
3329 5141 3358 5190 ὁ
3403 5137 3460 5191 δὲ
3511 5139 3737 5211 Ἰσραὴλ

2142 5229 2373 5289 ἕκαστος
2409 5229 2770 5300 ἁποχωρείτω
2805 5231 2886 5292 είς
2923 5231 2990 5282 τὰ
3028 5231 3366 5302 σκηνώματα
3395 5232 3583 5288 αὑτοῦ.
3623 5235 3736 5286 Καὶ

2139 5322 2315 5376 ταῦτα
2347 5323 2616 5388 εἰπόντες,
2647 5322 3116 5394 ἀπεχωρίσθησαν
3143 5323 3310 5377 αὐτοῦ
3339 5326 3563 5388 πάντες,
3593 5325 3735 5397 πλὴν

2138 5415 2234 5470 δύο
2278 5415 2482 5485 φυλῶν,
2517 5416 2616 5485 τῆς
2644 5433 2704 5468 τε
2757 5415 3039 5486 Βενιαμὶν,
3092 5417 3190 5470 καὶ
3235 5417 3334 5488 τῆς
3384 5419 3478 5472 τοῦ
3534 5419 3730 5477 Ἰούδα.

2186 5502 2310 5562 ὗται
2343 5507 2443 5578 μὲν
2486 5508 2542 5563 αἱ
2579 5507 2672 5563 δύο
2697 5511 2764 5564 τὰ
2810 5511 3162 5582 Ἱεροσόλυμα
3183 5507 3352 5583 εἶχον,
3393 5512 3490 5566 καὶ
3524 5512 3594 5566 τὰ
3629 5513 3734 5566 πέ-

2140 5601 2230 5672 ριξ
2267 5601 2460 5669 αύτῆςο
2490 5603 2545 5655 αἰ
2570 5602 2626 5657 δὲ
2653 5603 3126 5674 ἀποχωρισθεῖσαι
3149 5605 3309 5674 δέκα,
3333 5606 3403 5660 τὰ
3433 5608 3564 5678 περὶ
3586 5607 3733 5662 Νεά-

2137 5692 2293 5745 πολιν
2347 5688 2514 5762 εἶχον.
2577 5693 2904 5750 Ἐκαλοῦντο
2950 5695 3007 5749 δὲ
3063 5699 3121 5750 αι
3172 5698 3272 5768 μὲν
3327 5697 3460 5754 δέκα
3520 5700 3690 5772 φυλαὶ
3716 5741 3732 5766 ,

3039 5883 3080 5914 ¹⁷
3113 5882 3252 5940 ibid.
3284 5885 3374 5941 16.
