4148 6456
397 420 537 489 1209

1641 441 1740 503 DE
1781 443 2062 505 SECTIS.
2091 472 2162 481 -
2185 449 2348 511 ACT.
2387 452 2471 511 II.

2745 383 2768 413 ο

3544 449 3678 512 1‘210

408 540 766 611 Ἰσραηλῖται,
804 543 914 596 ἀπὸ
957 544 1050 598 τοῦ
1095 546 1487 615 πλεονάζοντος
1521 550 1895 624 λαμϐάνοντες
1925 557 1982 610 τὸ

2095 561 2273 618 tribus
2316 564 2422 619 illa:
2472 581 2594 634 qua:
2665 565 3036 621 secessionem
3083 566 3372 633 fecerant,
3440 567 3676 620 vicinam

395 632 588 702 ὄνομα·
631 634 686 686 αἱ
722 633 780 686 δὲ
817 633 931 701 δύο,
974 637 1244 693 Ἰουδαῖοι.
1273 641 1339 695 Ai
1372 639 1468 696 οῦν
1502 644 1636 698 δέκα
1669 650 1986 718 προστησά-

402 742 562 796 μεναι
601 727 784 781 αὐτῶν
829 728 1115 802 Ἱεροόοὰμ
1152 733 1245 787 τὸν
1274 735 1460 791 δοῦλον
1489 739 1584 791 τοῦ
1617 741 1990 811 Σολομῶντος,

400 815 644 886 συνεχῶς
671 817 978 890 ἐπολέμουν
1007 821 1147 894 πρὸς
1182 822 1494 888 Ἰουδαίους·
1526 827 1718 900 ἐπειδὴ
1743 830 1800 882 δὲ
1826 832 1989 900 νόμος

396 904 467 979 ἦν
499 909 722 980 ἑκάστῳ
742 909 852 964 ἔτει
887 918 1215 982 προσκυνεῖν
1240 916 1368 981 τοὺς
1403 917 1691 989 Ἐϐραίους
1724 921 1783 973 ὲν
1831 919 1990 991 Ἰερο-

399 1001 657 1072 σολύμοις
688 1006 756 1075 τῇ
793 1005 1034 1076 κιϐωτῷ,
1072 1007 1332 1080 φοϐηθεὶς
1360 1011 1388 1064 6
1427 1011 1728 1082 Ἰεροϐοὰμ,
1775 1014 1848 1086 μὴ
1888 1016 1987 1068 αύ-

397 1095 767 1165 τομολήσωσι,
805 1097 1044 1168 συνεχῶς
1088 1100 1348 1166 ἀπιόντες
1395 1103 1550 1156 ἐκεῖ·
1608 1105 1838 1176 ἐποίησε
1895 1106 1989 1159 δύο

395 1187 661 1258 δαμάλεις
689 1192 898 1262 χρυσᾶς
918 1231 934 1254 ,
974 1193 1068 1246 καὶ
1097 1189 1254 1248 εἶπεν
1283 1196 1493 1263 αὐτοῖς,
1529 1198 1613 1252 ὅτι
1649 1193 1810 1253 Οὗτοί
1847 1200 1988 1252 εἰσιν

398 1281 449 1333 οἱ
481 1280 614 1346 θεοὶ,
657 1284 708 1335 οἱ
741 1283 1108 1354 ἐξαγαγόντες
1150 1287 1298 1355 ὑμᾶς
1337 1288 1396 1356 ἐξ
1436 1289 1737 1358 Αἰγύπτου·
1771 1290 1988 1354 τούτοις

398 1376 784 1444 προσκυνεῖτε.
838 1377 950 1430 Καὶ
994 1378 1045 1431 οἱ
1089 1379 1422 1451 Ἰσραηλῖται
1465 1379 1586 1448 οὖν,
1622 1381 1721 1437 καὶ
1762 1385 1811 1436 οἱ
1856 1384 1990 1436 Ἰου-

395 1463 553 1530 δαῖοι,
591 1465 702 1517 ἀπὸ
734 1465 832 1518 τοῦ
882 1466 1169 1540 Ἱεροϐοὰμ
1213 1471 1642 1544 εἰδωλολάτρουν
1665 1513 1682 1538 ,
1726 1473 1820 1526 ἐπὶ
1856 1474 1988 1527 πολ-

394 1554 520 1619 λοὺς
546 1555 826 1626 βασιλέαςο
873 1557 979 1623 ἕως
1023 1552 1084 1612 οὗ
1114 1563 1142 1614 ὁ
1177 1561 1312 1624 Θεὸς
1344 1563 1623 1633 ὀργισθεὶς
1660 1565 1869 1637 ἤγαγεν
1899 1567 1992 1618 ἐπ’

394 1648 591 1712 αὐτοὺς
620 1649 715 1702 τὸν
739 1650 966 1720 βασιλέα
995 1652 1106 1706 τῶν
1145 1655 1450 1728 ’Λσσυρίων
1468 1657 1563 1711 τὸν
1592 1658 1982 1730 Σαλμανασάρ·

393 1742 489 1794 καὶ
519 1742 870 1813 ῂχμαλὼτισε
893 1744 990 1808 τὰς
1020 1746 1152 1800 δέκα
1189 1749 1366 1819 φυλὰς
1395 1751 1504 1803 τῶν
1547 1751 1983 1822 Ἰσραηλιτικιῖιν·

388 1835 520 1896 τοὺς
548 1835 659 1907 γὰρ
689 1837 980 1901 Ἰουδαίους
1013 1839 1135 1893 οὐδὲ
1160 1841 1526 1914 ἐπολέμησεν.
1558 1844 1985 1915 Λίχμαλωτίσας

389 1928 448 1982 δὲ
468 1931 595 1994 τοὺς
626 1931 992 2004 Ἰσραηλίτας,
1028 1932 1145 1987 ἀντ’
1176 1935 1358 1988 αὐτῶν
1396 1936 1590 2001 ἄλλους
1631 1938 1811 1990 ἐκεῖσε
1837 1954 1985 1990 κατ-
2017 1932 2057 1986 Β

392 2022 614 2092 (ἔστησε,
649 2023 788 2096 πρὸς
821 2025 1071 2098 φυλακὴν
1108 2027 1210 2096 τῆς
1246 2027 1466 2100 χώρας,
1500 2029 1699 2094 οἵτινες
1748 2029 1987 2101 ἐκλήθη-

392 2128 494 2165 σαν
521 2113 888 2185 Σαμαρεῖταν
914 2115 1102 2187 ἐπειδὴ
1131 2116 1486 2190 Σαμαρείτης
1511 2119 1732 2189 λέγεται
1752 2120 1782 2173 ὁ
1808 2119 1985 2189 φύλαξ

391 2205 526 2274 παρ’
569 2206 869 2278 Ἑϐραίοις.
914 2209 1150 2274 Τούτους
1205 2210 1263 2264 δὲ
1317 2212 1441 2265 ἀντὶ
1478 2212 1589 2267 τῶν
1635 2211 1988 2284 Ἰσραηλιτῶν

391 2297 702 2365 οἰκοῦντας,
730 2301 949 2366 λέοντες
973 2303 1300 2357 ἀπέκτεινον
1323 2303 1563 2367 πυκνῶς
1594 2304 1698 2368 ἕως
1721 2298 1782 2358 οὗ
1816 2304 1987 2373 ἐπεμ-

382 2396 516 2464 ψαν,
547 2396 805 2466 λέγοντες
843 2399 922 2470 τῷ
959 2398 1173 2469 βασιλεῖ
1199 2402 1308 2454 τῶν
1345 2401 1678 2471 Ἀσσυρίων,
1711 2402 1794 2455 ὅτι
1823 2401 1988 2455 Λέον-

384 2507 479 2553 τες
513 2491 665 2560 ἡμᾶς
704 2489 1052 2557 ἀπόλλουσιν,
1103 2493 1293 2564 ἐπειδὴ
1342 2494 1443 2548 οὐκ
1475 2493 1638 2565 ἴσμεν
1687 2494 1983 2566 λατρεῦσαι

385 2580 464 2652 τῷ
507 2582 630 2653 Θεῷ
677 2587 780 2654 τῆς
825 2585 932 2654 γῆς
976 2584 1202 2656 ταύτης.
1239 2587 1426 2641 Ταῦτα
1468 2588 1716 2650 ἀκούσας
1757 2590 1785 2640 ὁ
1831 2587 1980 2658 βασις

385 2673 535 2738 λεῦς,
563 2674 812 2747 ἔπεμψεν
841 2678 1026 2741 αὐτοῖς
1061 2678 1158 2732 ἕνα
1187 2678 1295 2732 τῶν
1328 2680 1879 2750 αἰχμαλωτισθέντων
1912 2679 1988 2732 is-

387 2766 550 2836 ρέων,
587 2768 684 2821 ἐπὶ
719 2769 782 2822 τὸ
815 2770 1026 2836 διδάξαι
1056 2771 1299 2837 {aut-06;,
1354 2774 1473 2837 πῶς
1525 2773 1606 2826 δεῖ
1658 2775 1986 2845 προσκυνεῖν

382 2858 464 2929 τῷ
495 2858 616 2930 Θεῷ
655 2861 756 2931 τῆς
786 2863 890 2932 γῆς
940 2863 1184 2933 ἐκείνης.
1235 2865 1297 2917 '0
1339 2865 1394 2918 δὲ
1444 2865 1638 2926 ἐλθὼν,
1677 2866 1830 2919 οὐδὲν
1859 2866 1987 2920 ἄλλο

383 2951 623 3018 ἐδίδαξεν
659 2954 880 3019 αὐτοὺς,
929 2953 1006 3020 ὥς
1042 2973 1208 3024 φασιν
1255 2957 1304 3010 οἱ
1354 2956 1558 3021 ἔξωθεν
1611 2957 1982 3029 ἱστοροῦντες,

385 3045 436 3097 εἰ
474 3046 550 3118 μὴ
587 3047 748 3117 μόνον
782 3048 882 3118 τὴν
911 3049 1309 3120 Πεντάτευχον,
1345 3051 1468 3104 ὅθεν
1493 3052 1588 3105 καὶ
1618 3053 1783 3123 μόνην
1813 3052 1985 3124 αὐτὴν

381 3136 632 3207 δέχονται
684 3140 733 3193 οἱ
783 3141 1142 3210 Σαμαρεῖται.
1195 3143 1407 3214 Μέχρις
1454 3143 1549 3197 οῦν
1599 3143 1708 3198 τῶν
1747 3145 1982 3200 ἐνταῦθα

381 3229 536 3299 λέγει
565 3233 597 3302 ἡ
627 3233 840 3304 Γραφή.

453 3414 567 3468 Καὶ
597 3413 706 3468 ἀπὸ
735 3413 944 3468 τούτων
975 3415 1196 3486 λέγουσι
1238 3418 1572 3488 γεγενῆσθαι
1607 3420 1737 3484 τοὺς
1785 3421 1976 3491 Σαμα-

382 3505 592 3577 ρείταςο
619 3507 653 3574 ἡ
693 3505 751 3558 δὲ
799 3505 1015 3578 αἵρεσις
1042 3507 1224 3561 αὐτῶν
1264 3508 1492 3580 τοιαύτη
1527 3509 1666 3564 ἐστί.
1708 3511 1845 3582 Περὶ
1879 3512 1979 3582 μὲν

377 3600 481 3670 τὴν
523 3597 830 3668 Θεολογίαν,
876 3600 946 3654 τὰ
993 3601 1136 3654 αὐτὰ
1187 3601 1480 3669 δοξάζουσι
1523 3606 1634 3666 τοῖς
1678 3603 1973 3675 Ἑϐραίοις·

384 3690 519 3760 μίαν
545 3690 657 3762 γὰρ
685 3690 1010 3756 ὑπόστασιν,
1035 3694 1130 3746 καὶ
1157 3694 1286 3763 μίαν
1315 3692 1479 3764 φύσιν
1503 3695 1808 3760 δοξάζουσι.
1839 3697 1978 3768 Περὶ

377 3783 436 3837 δὲ
465 3783 565 3854 τὴν
588 3783 1008 3858 ὲνανθρώπησιν
1030 3786 1127 3840 τοῦ
1153 3787 1416 3857 Χριστοῦ,
1438 3788 1613 3853 οὕτως
1642 3789 1880 3860 ἔχουσιν.
1900 3793 1974 3845 Οὐ

379 3874 754 3941 πιστεύουσιν,
786 3879 869 3931 ὅτι
900 3874 1090 3949 ἦλθεν,
1119 3880 1236 3934 ἀλλ’
1273 3881 1358 3934 ὃτι
1409 3882 1592 3952 μέλλει
1628 3883 1826 3945 ἐλθεῖν,
1854 3885 1977 3938 οὐδὲ

376 3969 460 4022 ὅτι
501 3968 668 4033 Θεὸς,
719 3969 750 4022 6
787 3970 1119 4042 ἐρχόμενος,
1176 3973 1315 4028 ἀλλὰ
1356 3979 1670 4047 προφήτης.
1729 3975 1868 4030 Οὔτε
1918 3977 1976 4030 δὲ

375 4060 610 4130 ἄγγελον
652 4060 973 4128 δοξάζουσιν
1020 4060 1186 4131 εἶναι,
1239 4065 1364 4121 οὔτε
1426 4067 1606 4141 ψυχὴν
1667 4070 1973 4135 ἀθάνατον,

375 4150 504 4204 οὔτε
561 4151 887 4209 ἀνάστασιν.
974 4156 1052 4209 Οὑ
1117 4160 1618 4228 συγκατατίθενται
1693 4163 1804 4234 γὰρ
1858 4165 1976 4226 τοῖς

387 4245 691 4320 Ἐὄραίοις,
742 4248 826 4301 ὅτι
889 4248 1127 4320 Χριστὸς
1163 4252 1352 4322 μέλλει
1405 4257 1591 4325 κρῖναι
1632 4252 1845 4320 ζῶντας
1880 4256 1974 4310 καὶ

374 4338 627 4409 νεκρούς.
659 4339 771 4393 Καὶ
803 4341 888 4394 ὅτι
917 4341 1020 4412 μέν
1059 4343 1202 4398 εἰσιν
1233 4343 1481 4414 ἄγγελοι,
1516 4346 1834 4418 ἐλέγχονται
1864 4347 1974 4401 ἀπὸ

373 4433 476 4502 τῆς
503 4435 910 4505 Πεντατεύχου·
935 4438 1056 4489 ἐκεῖ
1083 4438 1192 4510 γάρ
1225 4456 1420 4509 φησιν’
1466 4440 1624 4494 Ἰδοὺ
1651 4442 1684 4494 ὀ
1714 4440 1974 4512 ἄγγελός

372 4545 493 4597 μου
543 4529 978 4595 προπορεύεται
1006 4531 1121 4596 πρὸ
1175 4531 1504 4599 προσώπου
1530 4550 1670 4588 σου.
1719 4535 1850 4601 Καὶ,
1889 4537 1971 4590 ὅτι

2091 655 2321 725 Neapoli
2355 659 2635 728 regionem
2665 662 3028 729 occupabant.
3057 662 3124 716 Et
3157 662 3576 732 appellabantur
3597 663 3680 717 hae

2091 747 2282 803 decem
2346 750 2560 816 tribus,
2610 751 2904 818 Israelitaa,
2940 770 3144 810 nomen
3202 771 3232 808 a
3289 755 3482 824 majori
3524 765 3679 826 parte

2091 843 2376 896 consecuti
2407 860 2419 896 :
2455 843 2682 913 reliqum
2707 861 2840 900 vero
2867 847 3012 911 dum,
3045 847 3244 903 Judaei.
3276 847 3483 902 Tribus
3510 849 3679 918 igitur

2091 933 2280 989 decem
2315 936 2664 1003 Jeroboamo,
2696 938 3010 995 Solomonis
3036 955 3218 1006 servo,
3257 941 3360 996 sibi
3395 942 3675 1011 praefecto,

2089 1027 2354 1082 continua
2389 1043 2514 1083 cum
2555 1030 2761 1086 Judaais
2818 1031 2961 1086 bella
2996 1032 3263 1102 gerebant
3297 1049 3310 1087 :
3348 1040 3405 1088 et
3430 1035 3559 1104 quia
3589 1035 3678 1089 lex

2088 1128 2242 1184 erat,
2303 1129 2364 1175 ut
2423 1122 2636 1176 IIebrrei
2692 1124 2992 1193 quotannis
3047 1140 3232 1180 arcam
3281 1126 3679 1198 Hierosolymis

2089 1213 2410 1276 adorarent,
2441 1216 2652 1271 veritus
2678 1217 3043 1272 Jeroboamus
3067 1259 3080 1283 ,
3128 1234 3198 1273 ne
3251 1219 3572 1290 frequenter
3611 1236 3678 1274 eo

2089 1317 2482 1374 commeantes,
2522 1309 2890 1381 transfugium
2911 1309 3159 1366 facerent
3192 1328 3205 1365 :
3240 1311 3378 1366 duas
3411 1313 3675 1383 iuvencas

2086 1416 2286 1456 aureas
2317 1401 2464 1468 fecit,
2502 1403 2728 1474 suisque
2753 1404 2912 1469 dixit,
2943 1405 3047 1460 hos
3086 1405 3210 1460 illos
3241 1421 3364 1460 esse
3391 1405 3545 1471 deos,
3583 1407 3677 1476 qui

2087 1508 2155 1547 ex
2197 1493 2431 1565 Algypto
2475 1496 2756 1553 Israelitas
2800 1497 3127 1554 eduxissent
3161 1517 3174 1552 :
3216 1514 3313 1554 eos
3360 1499 3675 1554 adorarent.

2088 1588 2207 1656 Quo
2238 1590 2441 1645 factum
2475 1599 2580 1654 est,
2613 1599 2675 1645 ut
2717 1591 2930 1662 pariter
2955 1600 3011 1647 et
3047 1593 3344 1660 Israelita,
3395 1602 3450 1648 et
3476 1593 3675 1658 Judaei,

2087 1683 2156 1736 ab
2181 1682 2498 1737 Jeroboami
2548 1682 2889 1753 temporibus
2917 1684 3212 1740 simulacra
3242 1685 3345 1739 sub
3372 1686 3676 1740 multorum

2087 1791 2277 1846 regum
2323 1775 2556 1846 imperio
2582 1777 2864 1842 colerent,
2914 1776 3094 1832 donec
3131 1779 3307 1832 iratus
3354 1778 3520 1843 Deus,
3553 1777 3674 1832 Sal-

2088 1881 2441 1920 manasarum
2470 1865 2822 1938 Assyriorum
2858 1882 3040 1938 regem
3068 1868 3123 1921 in
3152 1883 3251 1922 eos
3285 1868 3462 1922 duxit.
3495 1869 3547 1923 Is
3580 1869 3676 1922 de-

2088 1973 2206 2013 cem
2263 1958 2637 2014 Israelitarum
2688 1959 2872 2014 tribus
2922 1959 2976 2014 in
3032 1961 3356 2016 servitutem
3407 1961 3671 2031 redegit:

2087 2049 2292 2105 Iudaeis
2319 2065 2388 2104 ne
2414 2051 2620 2106 bellum
2651 2051 2876 2121 quidem
2919 2051 3124 2109 intulit.
3153 2053 3403 2124 Cumque
3428 2054 3675 2124 captivos

2088 2141 2363 2198 Israelitas
2387 2143 2728 2211 abduxisset,
2758 2145 2896 2202 alios
2930 2145 3136 2201 ibidem
3181 2162 3372 2201 eorum
3408 2147 3551 2212 loco,
3581 2162 3672 2200 re-

2088 2234 2267 2306 gionis
2306 2235 2682 2292 custodienda:
2718 2251 2905 2302 causa,
2937 2237 3263 2302 constituit;
3296 2238 3391 2307 qui
3427 2237 3675 2293 Samari—

2091 2327 2202 2381 tani
2229 2335 2360 2382 sunt
2392 2329 2596 2395 vocati,
2628 2331 2833 2400 quippe
2867 2329 3162 2391 Samarita,
3213 2338 3401 2384 custos
3426 2330 3676 2385 Hebrmis

2088 2419 2312 2474 dicitur.
2348 2420 2456 2475 Eos
2493 2429 2679 2476 autem
2717 2423 3024 2477 incolentes
3062 2423 3431 2477 lsraelitarum
3474 2429 3672 2485 terras,

2089 2528 2470 2583 smpenumero
2490 2513 2682 2569 leones
2708 2513 3152 2580 interliciebant;
3181 2513 3360 2568 donec
3382 2514 3564 2568 missis
3592 2515 3673 2567 le-

2087 2606 2229 2677 gatis
2253 2647 2267 2671 ,
2312 2605 2662 2678 Assyriorum
2698 2605 2811 2677 regi
2843 2605 3220 2677 signiﬁcarent
3246 2647 3260 2668 ,
3323 2605 3391 2659 ab
3421 2605 3677 2660 leonibus

2088 2698 2154 2752 ad
2180 2697 2616 2754 internecionem
2663 2715 2721 2754 se
2767 2699 2960 2767 deleri,
2991 2708 3286 2770 propterea
3316 2698 3465 2768 quod
3505 2698 3674 2752 ritum

2089 2793 2305 2847 colendi
2328 2794 2500 2848 Deum
2521 2794 2670 2848 illius
2695 2793 2934 2865 regionis
2963 2795 3303 2864 ignorarent.
3338 2793 3552 2860 Quibus
3581 2809 3675 2847 rex

2087 2884 2314 2948 auditis,
2345 2900 2513 2939 unum
2540 2900 2606 2940 ex
2632 2885 2891 2940 abductis
2919 2885 2975 2939 in
3007 2885 3384 2955 captivitatem
3415 2883 3675 2938 sacerdo-

2090 2977 2237 3032 tibus
2270 2976 2337 3031 ad
2363 2993 2461 3033 eos
2484 2978 2655 3041 misit,
2684 2977 2778 3047 qui
2813 2977 3066 3042 doceret,
3099 2993 3210 3046 quo
3245 2984 3408 3046 pacto
3433 2975 3676 3045 regionis

2087 3067 2236 3124 illius
2274 3069 2421 3131 Deus
2475 3077 2624 3124 esset
2677 3069 3015 3125 adorandus.
3073 3070 3123 3125 Is
3181 3070 3276 3124 ubi
3335 3069 3670 3131 advenisset,

2085 3161 2228 3216 nihil
2255 3161 2403 3216 aliud
2433 3177 2529 3217 eos
2558 3161 2769 3227 docuit,
2802 3170 2863 3216 ut
2887 3162 3134 3217 extranei
3167 3162 3469 3232 scriptores
3495 3161 3678 3222 aiunt,

2010 3275 2053 3333 ο
2088 3253 2192 3308 nisi
2223 3254 2664 3309 Pentateuchum
2699 3273 2712 3308 :
2745 3255 3107 3325 quamobrem
3163 3255 3309 3309 illam
3364 3255 3534 3308 solam
3569 3253 3669 3308 Sa—

2085 3344 2342 3398 maritani
2369 3344 2668 3416 recipiunt.
2697 3345 2976 3400 Hactenus
2998 3345 3288 3416 Scriptura
3319 3361 3498 3400 sacra.

2149 3437 2288 3493 Vlll.
2314 3437 2616 3492 Perhibent
2643 3447 2850 3502 autem,
2874 3439 2943 3494 ab
2970 3439 3057 3494 his
3079 3449 3234 3493 ortos
3257 3438 3667 3493 Samaritanos:

2080 3542 2317 3597 quorum
2351 3537 2436 3582 est
2489 3528 2808 3599 hujusmodi
2843 3537 3024 3584 secta:
3059 3529 3120 3584 In
3170 3529 3422 3584 doctrina
3458 3529 3525 3582 de
3556 3529 3680 3583 Deo

2079 3636 2204 3674 cum
2253 3619 2500 3675 Hebraeis
2557 3621 2753 3676 eadem
2783 3629 3037 3676 statuunt
3069 3638 3082 3675 :
3121 3637 3286 3675 unam
3323 3620 3669 3692 hypostasin,

2077 3722 2134 3768 et
2177 3728 2344 3766 unam
2387 3727 2514 3768 esse
2548 3719 2804 3767 naturam
2835 3713 3139 3768 tradentes.
3200 3711 3358 3779 Quod
3389 3712 3457 3766 ad
3489 3712 3674 3766 inear~

2078 3807 2360 3861 nationem
2424 3805 2635 3861 Christi
2691 3806 2935 3871 attinet,
2992 3807 3099 3862 hoc
3155 3806 3321 3861 modo
3374 3805 3670 3861 sentiunt:

2075 3897 2358 3953 Christum
2400 3899 2624 3954 venisse
2651 3914 2765 3954 non
2798 3897 3070 3963 credunt,
3124 3905 3422 3954 venturum
3476 3895 3669 3951 existi-

2076 3999 2262 4046 mant:
2290 4006 2394 4047 nec
2422 3992 2594 4046 Deum
2618 4007 2741 4047 esse
2774 3993 2870 4062 qui
2898 3993 3119 4057 veniat,
3152 3991 3247 4046 sed
3279 4000 3484 4045 vatem.
3527 3990 3668 4044 Prat-

2077 4091 2229 4138 terea
2280 4099 2387 4138 nec
2437 4082 2694 4154 angelum
2752 4084 3054 4153 opinantur
3087 4098 3208 4139 esse
3233 4123 3247 4146 ,
3285 4099 3389 4137 nec
3427 4081 3679 4135 animam.

2075 4174 2468 4238 immortalem,
2512 4191 2617 4231 nec
2657 4177 3149 4231 resurrectionem.
3203 4176 3324 4230 Non
3363 4177 3512 4231 enim
3556 4173 3666 4229 IIe~

2073 4267 2236 4322 bracis
2298 4267 2716 4332 assentiuntur,
2761 4267 3124 4323 credentibus
3168 4267 3451 4323 Christum
3513 4268 3674 4322 vivos

2073 4369 2240 4430 atque
2265 4369 2514 4415 mortuos
2542 4361 2944 4431 iudicaturum.
2969 4361 3243 4416 Caeterum
3267 4362 3495 4432 angelos
3522 4377 3670 4424 esse,

2073 4449 2143 4505 de
2177 4451 2555 4505 Pentateucho
2598 4451 3010 4507 convincuntur
3037 4495 3052 4517 ,
3107 4469 3177 4507 ex
3238 4452 3393 4507 hisee
3435 4453 3624 4507 verbis
3655 4473 3674 4506 :-

2074 4543 2208 4598 Ecce
2240 4543 2462 4614 angelus
2491 4560 2635 4598 meus
2667 4552 2793 4598 ante
2823 4545 3007 4615 facient
3031 4553 3179 4599 tuam
3212 4546 3365 4615 prwit
3401 4545 3462 4598 ’⁸.
3495 4546 3629 4599 Item
3655 4565 3666 4598 :

381 4624 676 4691 Ἀγγελος
720 4626 944 4693 Κυρίου
987 4625 1250 4680 ἐκάλεσε
1301 4627 1420 4696 τὴν
1471 4631 1680 4700 Ἅγαρ.
1717 4633 1860 4696 Καὶ,
1891 4634 1972 4686 ὅτι

2081 4636 2311 4707 Angelus
2347 4636 2558 4691 Domini
2586 4637 2920 4707 compellavit
2949 4638 3182 4708 Agarem
3222 4639 3285 4692 '9.
3328 4638 3464 4693 Item
3509 4656 3520 4691 :
3558 4637 3671 4692 Αη-

389 4713 722 4770 Ἐκάλεσεν
753 4715 1010 4787 ἅγγελος
1038 4719 1262 4786 Κυρίου
1286 4720 1394 4773 τὸν
1436 4721 1714 4792 Ἀϐραάμ.
1751 4724 1860 4777 Καὶ
1891 4724 1976 4778 ὅτι

372 4808 682 4878 Εὶσῆλθον·
707 4812 761 4864 οἱ
790 4809 1036 4879 ἄγγελοι
1071 4813 1157 4878 εἷς
1189 4813 1447 4882 Σόδομα,
1478 4814 1574 4867 καὶ
1603 4814 1769 4886 ’ἐτερα
1792 4815 1976 4869 τοιαῦ-

374 4919 462 4954 τα.
502 4902 610 4954 Kal.
639 4903 720 4955 ὅτι
748 4903 780 4972 ἡ
814 4902 963 4974 ψυχὴ
1006 4903 1176 4974 θνητή
1223 4907 1360 4967 ἐστι,
1396 4906 1551 4974 φασὶ,
1585 4907 1680 4960 καὶ
1710 4908 1810 4962 οὐκ
1837 4908 1975 4962 ἀθά-

375 5011 572 5059 νατος,
608 4997 881 5065 μαρτυρεῖ
917 4997 946 5048 6
1002 4996 1283 5066 Ἁὶοιῦσῆς,
1333 4998 1526 5064 εἰπὼν,
1582 5001 1673 5070 Μὴ
1731 5000 1974 5069 φάγεσθε

373 5080 541 5154 αἷμα,
578 5086 694 5138 ἀλλ’
728 5089 942 5158 ἐκχεῖτε
973 5089 1108 5142 αὐτὸ
1142 5091 1285 5144 κατὰ
1315 5092 1414 5162 τῆς
1458 5092 1586 5163 γῆς.
1629 5094 1839 5158 Παντὸς
1863 5095 1973 5166 γὰρ

374 5179 518 5244 ζὼου
555 5179 617 5232 τὸ
650 5176 813 5250 αἷμα,
843 5183 876 5251 ή
902 5182 1051 5253 ψυχὴ
1091 5183 1280 5239 αὐτοῦ.
1323 5185 1522 5255 Ἡμεῖς
1556 5187 1614 5240 δὲ
1645 5188 1783 5258 πρὸς
1810 5187 1974 5242 τοῦτο

371 5271 629 5342 λέγομεν,
667 5273 751 5325 ὅτι
798 5272 1016 5342 πρῶτον
1060 5274 1159 5343 μὲν
1188 5274 1288 5329 οὐκ
1322 5275 1440 5330 ἔστι
1481 5277 1542 5330 τὸ
1592 5272 1731 5348 αἷμα
1763 5279 1795 5349 ἡ
1824 5279 1973 5350 ψυχὴ

371 5363 486 5416 τῶν
513 5361 690 5428 ζώων,
732 5362 850 5415 ἀλλ’
881 5364 1069 5435 ἐπειδὴ
1115 5366 1210 5419 τοῦ
1260 5367 1490 5436 αἵματος
1519 5370 1847 5439 ἐκχεομένου
1879 5373 1974 5424 καὶ

371 5458 407 5526 ἡ
449 5454 600 5527 ψυχὴ
654 5455 986 5510 απόλλυται·
1045 5459 1108 5510 ἐκ
1147 5458 1346 5512 τούτου
1403 5462 1532 5532 περὶ
1587 5464 1683 5516 τοῦ
1733 5464 1968 5534 αἵματος

372 5545 591 5614 κτηνῶν
626 5539 696 5617 ἦν
727 5547 877 5618 αὐτῷ
900 5551 928 5602 6
959 5549 1141 5616 λόγος,
1171 5551 1207 5604 ἃ
1242 5552 1337 5604 καὶ
1369 5553 1532 5623 ἡμεῖς
1568 5554 1742 5624 θνητὰ
1767 5556 1964 5627 ὁμολο·

370 5635 584 5708 γοῦμεν
616 5635 779 5694 εἶναι·
809 5642 872 5694 οὐ
908 5643 1038 5715 περὶ
1057 5643 1383 5715 ἀνθρώπων.
1421 5645 1531 5698 Καὶ
1575 5647 1684 5701 ἀπὸ
1726 5650 1966 5722 ἱστορίας

372 5813 494 5941 u”
529 5816 700 5872 Exod.
738 5835 888 5874 xxut.
923 5819 1010 5875 20.
1093 5822 1136 5856 ¹⁹
1168 5821 1307 5879 Gen.
1339 5839 1450 5892 xxi,
1499 5825 1584 5882 17.

1688 5828 1732 5860 ¹⁰
1773 5829 1911 5885 Cen.
1946 5847 2075 5894 xxn,
2115 5831 2195 5886 II.

2078 4732 2227 4804 gelus
2254 4731 2469 4786 Domini
2500 4730 2841 4800 compellavit
2861 4730 3228 4786 Abrahamum
3253 4731 3320 4783 “.
3370 4731 3505 4785 Item
3539 4746 3551 4783 :
3580 4730 3672 4783 In-

2076 4827 2244 4896 gressi
2290 4834 2417 4880 sunt
2463 4824 2641 4895 angeli
2680 4823 3031 4880 Sodomorum
3059 4826 3310 4895 oppidum
3341 4826 3410 4877 ¹¹.
3438 4824 3673 4893 Aliaque

2078 4917 2230 4971 talia.
2253 4914 2537 4971 Mortalem
2557 4932 2690 4972 vero
2705 4917 2944 4972 animam
2963 4933 3108 4979 esse,
3133 4933 3240 4970 non
3262 4916 3630 4971 immortalem
3653 4959 3668 4980 ,

2078 5017 2338 5073 testatur,
2373 5009 2652 5079 -inquiunt
2691 5008 2818 5080 ipsi,
2850 5009 3037 5063 verbis
3081 5010 3232 5063 hisce
3264 5009 3444 5064 Moses
3476 5025 3489 5060 :
3531 5007 3668 5061 San-

2074 5101 2296 5172 guinem
2328 5117 2399 5157 ne
2435 5102 2820 5167 comederitis,
2851 5102 2948 5157 sed
2991 5117 3118 5155 eum
3166 5101 3220 5154 in
3257 5110 3458 5155 terram
3489 5100 3670 5154 elfun-

2074 5195 2211 5250 dite.
2265 5194 2402 5250 Nam
2443 5195 2696 5264 cujusvis
2727 5194 2980 5250 animalis
3036 5193 3300 5262 sanguis,
3359 5191 3534 5261 ipsius
3582 5199 3667 5244 est

2072 5288 2255 5343 anima
2287 5288 2353 5341 “.
2407 5283 2514 5342 Sed
2553 5302 2656 5341 nos
2693 5286 2761 5340 ad
2812 5287 2917 5340 hoc
2948 5284 3372 5354 respondemus,
3421 5282 3664 5351 primum

2073 5393 2180 5433 non
2208 5394 2331 5433 esse
2359 5378 2686 5448 sanguinem
2712 5376 3035 5431 animalium
3060 5377 3300 5430 animam
3325 5391 3339 5432 :
3385 5373 3480 5428 sed
3522 5390 3663 5444 quo-

2071 5469 2221 5524 niam
2244 5469 2421 5524 elfnso
2438 5469 2729 5541 sanguine,
2759 5470 2941 5522 anima
2960 5485 3181 5538 quoque
3201 5467 3417 5534 interit,
3453 5465 3666 5521 idcirco

2074 5560 2143 5614 de
2191 5558 2457 5630 sanguine
2504 5560 2887 5630 jumentorum
2936 5561 3018 5615 sic
3072 5561 3358 5629 loquitur,
3394 5575 3518 5629 qua:
3566 5575 3666 5613 nos

2075 5670 2298 5724 quoque
2323 5654 2488 5708 morti
2516 5654 2756 5710 obnoxia
2784 5655 3022 5711 fatemur
3047 5670 3166 5710 esse
3193 5673 3207 5721 ;
3248 5670 3360 5709 non
3393 5654 3461 5710 de
3487 5653 3664 5708 homi~

2295 5832 2335 5862 ²¹
2378 5831 2517 5888 Gen.
2545 5851 2650 5900 vix,
2695 5835 2741 5890 ·Ι.
2849 5838 2890 5867 υ
2945 5834 3124 5891 Levit.
3159 5834 3368 5902 111,”;
3405 5849 3531 5899 xvn,
3574 5833 3663 5899 l5,
