4148 6450
471 415 596 482 1211

1732 405 2042 465 LEONTII
2087 403 2496 463 BYZANTINI

3616 405 3752 469 1212

468 529 653 582 nibus.
686 524 831 592 Quin
874 532 929 578 ct
968 520 1207 576 animam
1234 532 1355 573 esse
1388 516 1781 580 immortalem,
1817 525 1873 569 et
1907 513 2049 585 judi-

2160 512 2215 564 δὲ
2248 512 2592 582 δεικνύομεν,
2621 511 2702 564 ὅτι
2747 511 2840 564 καί
2871 511 3142 576 ἀθάνατός
3189 513 3338 567 ἐστιν
3382 515 3414 584 ἠ
3445 513 3615 585 ψυχὴ.
3655 518 3750 568 καὶ

469 620 617 673 cium
674 618 790 673 fore
856 621 1240 675 mortuorum,
1308 627 1376 664 ex
1442 609 1676 663 historia
1727 609 2052 678 probamus.

468 710 674 766 Cainus
693 716 750 762 et
779 706 989 761 Abelus
1021 703 1132 758 duo
1173 701 1374 756 fratres
1408 711 1589 763 erant,
1620 715 1765 754 unus
1791 700 2053 770 agricola,

471 810 660 872 pastor
713 801 899 855 alter:
933 798 1137 869 quibus
1191 796 1465 850 ambobus
1524 810 1636 848 rem
1667 795 1780 847 Deo
1843 808 2056 846 sacram

468 895 871 957 factitantibus,
913 893 1148 948 Abelum
1189 892 1333 945 Deus
1381 897 1443 942 ut
1482 889 1693 959 justum
1721 884 2053 954 acceptavit,

469 988 718 1057 neglecto
737 984 931 1041 Caino.
958 985 1009 1039 ls
1025 985 1171 1038 banc
1193 982 1262 1036 ob
1288 996 1508 1036 causam
1534 979 1799 1033 adversus
1820 977 2054 1031 Abelum

467 1079 817 1135 aemulatione
854 1087 1144 1148 concepta.
1189 1075 1409 1132 tandem
1451 1089 1577 1128 eum
1635 1073 1856 1127 occidit.
1915 1070 2054 1125 Cum

465 1190 596 1243 ergo
612 1172 946 1239 Samaritani
973 1171 1181 1233 dicant,
1203 1170 1256 1223 in
1280 1170 1385 1224 hac
1410 1168 1521 1223 vita
1544 1167 1890 1238 compensari
1917 1165 2055 1221 facta

465 1266 713 1336 cujusvis
736 1306 750 1330 ,
792 1263 926 1334 quid
960 1264 1030 1318 de
1063 1263 1238 1318 Abelo
1271 1263 1456 1316 dicere
1504 1277 1800 1330 possumus
1825 1301 1839 1322 ,
1897 1261 2054 1330 cujus

462 1356 691 1425 justitite
704 1356 852 1410 Deus
871 1355 988 1424 ipse
1014 1353 1394 1408 testimonium
1417 1352 1737 1422 perhibuit?
1754 1351 2050 1416 Nimirum,

466 1448 614 1518 quod
639 1447 706 1502 ad
732 1447 874 1502 hanc
901 1445 1071 1500 vitam
1100 1446 1323 1510 attinet,
1354 1445 1496 1499 mala
1519 1460 1619 1515 pro
1643 1445 1804 1499 bonis
1825 1445 2050 1514 recepit.

466 1541 625 1598 Unde
648 1539 946 1594 manifesto
977 1546 1146 1608 patet,
1171 1546 1224 1593 et
1245 1539 1617 1592 immortalem
1643 1554 1764 1593 esse
1786 1538 2050 1602 animam,

466 1645 523 1690 et
553 1633 1024 1690 resurrectionem
1060 1647 1183 1687 esse
1208 1673 1221 1695 ,
1270 1629 1438 1686 statui
1483 1630 1688 1685 debere
1723 1649 1736 1684 :
1773 1647 1898 1685 nam
1943 1631 2051 1686 nisi

464 1729 576 1783 vita
608 1733 864 1789 restaret,
899 1726 951 1779 in
985 1741 1092 1795 qua
1130 1739 1356 1778 suarum
1383 1724 1660 1778 actionum
1691 1723 1781 1777 ille
1809 1723 2051 1776 fructum

466 1819 678 1888 capiet,
721 1831 1071 1886 nequaquam
1109 1815 1194 1868 vir
1231 1814 1355 1868 talis
1403 1813 1679 1868 immerito
1741 1813 1938 1867 fuisset
1969 1813 2053 1866 in-

470 1915 794 1978 teremptus.
818 1908 884 1961 Et
908 1907 1024 1961 hazc
1039 1905 1266 1976 quidem
1291 1904 1760 1958 Samaritanorum
1781 1913 1864 1958 est
1880 1913 2050 1958 secta.

467 1999 764 2056 Sciendum
787 2015 941 2063 vero,
961 2014 1146 2069 regem
1163 1997 1515 2068 Assyriorum
1541 1997 2052 2051 Nabuchodonoso-

468 2111 609 2158 rum,
625 2109 776 2157 cum,
791 2103 1055 2164 regnante
1073 2091 1321 2150 Sedecia.
1340 2105 1466 2144 cum
1485 2090 2054 2161 copiisllierosolyma

468 2192 729 2251 venisset,
747 2187 965 2242 Judaeos
985 2185 1038 2239 in
1059 2184 1434 2256 captivitatem
1462 2185 1780 2248 abduxisse,
1801 2193 1965 2254 atque
1999 2183 2054 2237 in

466 2278 748 2332 i‘ersidcm
772 2277 1120 2332 transtulisse
1147 2296 1159 2330 :
1183 2291 1422 2347 quorum
1449 2275 1504 2329 in
1530 2290 1763 2329 numero
1789 2273 2054 2338 Ananias,

467 2370 711 2433 Azarias,
737 2370 1016 2436 Misaelus,
1040 2369 1380 2425 lezechielus
1397 2376 1453 2422 et
1476 2367 1701 2422 Esdras.
1729 2367 1857 2421 Post
1879 2383 2051 2420 annos

465 2463 831 2534 septuaginta,
851 2471 1118 2534 regnante
1134 2462 1297 2533 Cyro,
1316 2476 1514 2516 rursus
1530 2460 1906 2530 Hierosolyma
1920 2476 2052 2529 pro-

466 2555 594 2610 t'ecti
645 2561 795 2618 sunt,
835 2569 959 2609 cum
991 2554 1167 2626 Cyrus
1197 2554 1279 2610 eis
1327 2553 1568 2608 reditum
1596 2563 1890 2623 propterea
1921 2570 2054 2607 con-

464 2644 746 2707 cessisset,
774 2645 921 2715 quod
954 2644 1006 2699 ei
1037 2645 1300 2714 pleraque
1321 2646 1618 2714 peripsum
1645 2644 1883 2712 gerenda
1911 2660 2053 2714 pra:-

465 2738 757 2813 dixis‘sent.
822 2736 981 2792 Hunc
1025 2737 1266 2791 reditum
1313 2738 1610 2807 descripsit
1661 2737 1906 2803 Esdras;
1956 2737 2050 2806 qui

464 2847 589 2885 eum
626 2830 1008 2902 Hierosolyma
1062 2830 1346 2895 venisset,
1403 2845 1706 2900 omnesque
1759 2830 1936 2884 libros
1999 2829 2052 2883 id

464 2925 752 2995 temporis,
779 2941 889 2995 quo
922 2926 976 2979 in
1013 2924 1394 2994 captivitatem
1435 2923 1660 2977 abducti
1691 2921 1933 2987 fuerant,
1961 2939 2051 2978 re-

463 3018 698 3086 perisset
735 3023 960 3072 exustos
988 3033 1001 3070 :
1034 3032 1102 3071 ex
1135 3015 1404 3071 memoria
1432 3015 1792 3084 depromptos
1827 3015 1952 3069 illos
1982 3015 2052 3068 9.2

2161 606 2340 676 κρίσις
2379 605 2497 658 ἐστὶ
2544 605 2778 676 νεκρῶν.
2829 606 2887 659 ’0
2925 608 3068 660 Κάῖν
3124 607 3219 661 καὶ⁵
3260 607 3448 670 Ἅϐελ,
3477 609 3573 661 δύο
3607 604 3750 681 ἦσαν

2159 699 2399 766 ὀιδελςροί⁸
2439 699 2532 752 καὶ
2583 702 2610 752 6
2655 700 2754 770 μὲν
2798 695 2865 768 ἦν
2913 702 3178 770 γεωργὸς,
3220 704 3248 754 6
3290 701 3346 755 δὲ
3388 701 3612 774 ποιμήψ
3653 704 3749 755 καὶ

2158 793 2359 846 ἔθυσαν
2399 793 2700 863 ἀμφότεροι
2736 793 2813 863 τῷ
2848 793 3002 864 Θεῷ·
3051 795 3146 848 καὶ
3185 794 3278 848 τὸν
3321 795 3513 859 Ἀϐελ,
3561 794 3637 858 ὡς
3667 795 3750 847 δί-

2159 903 2336 950 καιον,
2372 885 2739 957 προσεδέξατο
2763 927 2778 949 ,
2812 886 2904 939 τὸν
2934 886 2992 938 δὲ
3027 887 3188 949 Κάῖν,
3240 887 3446 940 οὐκέτι.
3506 887 3750 940 Ἐκεῖθεν

2158 979 2251 1032 οῦν
2309 978 2630 1050 παρεζήλου
2679 978 2770 1031 τὸν
2824 978 3011 1039 Ἅϐελ,
3049 979 3156 1043 ἕως
3214 979 3380 1032 αὐτὸν
3431 978 3745 1032 ἀπέκτεινε.

2159 1075 2280 1128 Τῶν
2319 1071 2413 1128 οὖν
2443 1075 2800 1148 Σαμαρειτῶν
2831 1073 3119 1141 λεγόντων,
3149 1075 3208 1126 ἐν
3237 1073 3316 1144 τῷ
3344 1073 3440 1126 νῦν
3481 1071 3581 1142 βίῳ
3610 1073 3748 1125 ἀπο-

2157 1167 2456 1238 λαμϐάνειν
2503 1167 2642 1236 πρὸς
2696 1167 2796 1230 τὰς
2860 1166 3056 1220 ἑαυτοῦ
3107 1166 3338 1238 πράξεις
3388 1167 3661 1221 ἕκαστον·
3692 1166 3748 1218 τί

2157 1262 2355 1332 ἔχομεν
2399 1263 2576 1314 εἰπεῖν
2603 1262 2733 1332 περὶ
2763 1261 2858 1314 τοῦ
2892 1261 3080 1324 Ἅϐελ,
3121 1255 3166 1329 ᾧ
3194 1261 3545 1331 δικαιοσύνην
3573 1262 3749 1331 ἔμαρ-

2155 1355 2394 1425 τύρησεν
2427 1356 2454 1408 6
2490 1354 2653 1420 956;;
2693 1355 2860 1408 Ὅσον
2895 1354 3004 1424 γὰρ
3032 1353 3141 1407 ἀπὸ
3166 1352 3260 1406 τοῦ
3301 1351 3396 1404 νῦν
3432 1353 3570 1423 βίου,
3599 1354 3748 1406 κακὰ

2157 1449 2277 1502 ἀντὶ
2308 1446 2488 1501 καλῶν
2521 1447 2817 1502 ἀπέλαϐεν.
2869 1448 2964 1502 Ἐκ
2984 1447 3176 1501 τούτου
3202 1443 3296 1501 οὖν
3327 1447 3510 1516 δῆλον,
3542 1448 3622 1500 ὅτι
3651 1447 3748 1499 καὶ

2155 1544 2187 1611 ἡ
2230 1541 2378 1614 ψυχὴ
2417 1541 2688 1604 ἀθάνατός
2734 1542 2873 1603 ἐστι,
2910 1542 3005 1596 καὶ
3036 1543 3335 1596 ἀνάστασιν
3364 1541 3447 1594 δεῖ
3477 1540 3743 1605 δοξάζειν·

2156 1636 2203 1686 εί
2243 1635 2316 1704 μὴ
2345 1634 2457 1705 γὰρ
2495 1629 2583 1704 ἦν,
2613 1636 2670 1687 ἐν
2770 1635 2879 1689 τῶν
2909 1636 3130 1688 οἰκείων
3172 1635 3398 1706 ἔμελλεν
3435 1635 3747 1689 ἀπολαῦσαι

2157 1725 2432 1794 πράξεων,
2463 1728 2565 1779 οὐκ
2599 1727 2663 1779 ἂν
2693 1729 2719 1780 ὀ
2749 1719 2992 1790 τοιοῦτος
3025 1728 3230 1792 ἀδίκως
3260 1727 3557 1782 ἀπέθανεν.
3598 1727 3746 1798 Λῦτη

2157 1819 2305 1872 ἐστὶν
2358 1820 2642 1890 ήαῖρεσις
2687 1822 2795 1873 τῶν
2855 1822 3236 1891 Σαμαρειτῶν.
3287 1822 3486 1876 Ἰστέον
3528 1821 3617 1883 δὲ,
3665 1822 3747 1874 δτι

2157 1912 2636 1984 Ναϐουχοδονόσορ
2670 1917 2696 1967 6
2733 1913 2990 1985 βασιλεὺς
3043 1915 3153 1968 τῶν
3197 1914 3523 1985 Ἀσσυρίων,
3578 1913 3750 1966 ἐλθὼν

2158 2009 2238 2070 είς
2267 2009 2336 2061 τὰ
2389 2009 2738 2078 Ἰεροσόλυμα
2781 2008 2873 2061 ἐπὶ
2900 2008 3150 2062 Σεδεκίου
3193 2008 3286 2061 τοῦ
3327 2009 3611 2077 βασιλέως,
3652 2011 3750 2062 καὶ

2158 2099 2284 2161 τοὺς
2323 2097 2612 2160 Ἰουδαίους
2652 2098 3072 2167 ᾐχμαλώτευσε,
3113 2100 3207 2153 καὶ
3248 2099 3442 2154 ἔλαϐεν
3483 2102 3561 2164 είς
3611 2102 3750 2170 Περ-

2161 2192 2300 2244 σίδα·
2346 2193 2405 2244 ὲν
2453 2187 2534 2255 οἷς
2577 2187 2646 2263 ἦν
2700 2191 2969 2254 Ἀνανίας.
3011 2191 3302 2262 Ἀζαρίας,
3351 2193 3598 2261 Μισαὴλ,
3653 2193 3749 2245 καὶ

2174 2283 2456 2353 Ἰεζεκιὴλ,
2495 2283 2587 2337 καὶ
2635 2283 2892 2350 Ἔσδρας.
2941 2283 3099 2337 Μετὰ
3141 2278 3235 2337 οῦν
3265 2291 3307 2337 o'
3341 2283 3471 2354 ἔτη,
3503 2285 3594 2337 ἐπὶ
3634 2285 3749 2338 Κύ-

2166 2391 2260 2442 ρου
2292 2372 2384 2425 τοῦ
2428 2373 2714 2443 βασιλέως,
2754 2375 3094 2428 ὲπανὲλυσαν
3141 2376 3222 2439 είς
3263 2375 3333 2427 τὰ
3373 2376 3744 2445 Ἱεροσόλυμα,

2162 2464 2255 2518 τοῦ
2292 2464 2479 2535 Κύρου
2509 2466 2694 2530 αὐτοῖς
2729 2468 3188 2537 συγχωρήσαντος
3217 2468 3314 2537 τὴν
3343 2468 3624 2526 ἐπάνοδον.
3658 2468 3748 2522 διὰ

2161 2558 2223 2611 τὸ
2253 2557 2424 2611 πολλὰ
2453 2559 2603 2630 αὐτῷ
2634 2560 2945 2628 προλέγειν,
2979 2555 3052 2612 ὧν
3082 2560 3284 2630 ἤμελλε
3336 2564 3533 2614 ποιεῖν.
3590 2562 3648 2613 Ὁ
3691 2562 3748 2615 δὲ

2166 2650 2404 2721 Ἔσδρας
2477 2649 2858 2721 συνεγράψατο
2914 2650 3011 2722 τὴν
3069 2650 3331 2704 ἐπάνοδον
3389 2651 3571 2704 αὐτῶν
3597 2667 3610 2681 ’
3651 2651 3748 2703 καὶ

2154 2740 2323 2793 ἐλθὼν
2363 2744 2443 2806 εἰς
2473 2741 2542 2794 τὰ
2588 2741 2967 2811 Ἱεροσόλυμα,
2993 2743 3088 2794 καὶ
3123 2740 3322 2812 εὑρὼν,
3351 2743 3433 2795 ὅτι
3468 2744 3646 2796 πάντα
3676 2741 3746 2794 τε

2159 2831 2344 2903 βιϐλία
2373 2828 2515 2904 ἦσαν
2547 2833 2840 2898 καυθέντα,
2867 2834 3031 2903 ἡνίκα
3072 2833 3597 2905 ᾐχμαλωτίσθησαν,
3639 2833 3750 2886 ἀπὸ

2155 2925 2376 2996 μνήμης
2422 2925 2640 2993 λέγεται
2677 2926 3103 2996 συγγράψασθαι
3147 2927 3215 2979 τὰ
3245 2926 3330 2994 κβ¹
3364 2926 3566 2996 βιὸλία·
3603 2928 3752 2996 ειπερ

2151 3019 2210 3071 ἐν
2228 3019 2342 3077 τοῖς
2375 3017 2486 3071 ἄνω
2523 3018 3058 3090 ἀπηριθμησάμεθα.
3109 3018 3198 3072 Ἑν
3225 3019 3438 3084 τούτοις
3462 3023 3495 3092 ἡ
3521 3017 3746 3090 θεωρίαι

463 3112 634 3167 libros
665 3126 807 3182 quos
827 3126 991 3181 supra
1023 3109 1428 3173 recensuimns,
1462 3109 1517 3163 in
1551 3109 1766 3164 litteras
1790 3109 2042 3164 retulisse
2075 3110 2426 3179 perhibetur.
2463 3111 2589 3167 llaec
2621 3110 2975 3166 considerare
3016 3111 3200 3165 libuit.

2033 3237 2176 3246 hu.—

462 3304 597 3363 llac
633 3302 820 3362 tertia
860 3301 1122 3361 Actio-ne
1162 3301 1536 3362 dividuntur
1576 3308 1857 3378 tempora
1898 3316 2031 3378 qua:
2066 3319 2104 3358 α
2143 3302 2476 3362 nativitate
2527 3300 2769 3362 Christi
2814 3300 2896 3360 ad
2965 3299 3296 3378 imperium
3321 3300 3752 3378 Constantini

530 3381 956 3461 (af/luxerunt;
990 3391 1440 3441 enumerantur
1463 3388 1677 3457 patres
1700 3377 2128 3453 ecclesiastici,
2159 3382 2268 3460 qui
2301 3389 2430 3441 toto
2457 3379 2562 3440 illo
2588 3381 2934 3440 interstitio
2967 3377 3266 3457 temporis
3292 3377 3671 3455 [lor-uerunt.

1098 3480 1305 3537 ACTIO
1345 3482 1435 3536 111.

530 3575 802 3643 Quoniam
827 3575 895 3631 de
919 3575 1253 3631 Christianis
1297 3573 1649 3644 dogmatibus
1670 3573 1926 3629 habenda
1947 3574 2054 3628 erit

459 3668 680 3733 oratio,
731 3667 1106 3723 necessarium
1155 3674 1276 3729 est,
1337 3673 1649 3735 temporum
1695 3664 2051 3735 partitionem

461 3762 754 3833 quamdam
787 3761 1026 3823 institui,
1052 3768 1111 3813 ut
1138 3760 1270 3814 hinc
1290 3773 1706 3830 cognoscamus,
1736 3758 1832 3827 qui
1863 3757 2055 3813 docto-

461 3871 572 3916 res,
601 3869 726 3924 qua:
755 3860 920 3908 secta:
944 3851 1182 3915 fuerint;
1217 3865 1452 3919 quarum
1479 3848 1744 3918 qmelibet
1775 3849 1966 3904 Patres
1993 3864 2054 3904 se

461 3948 677 4017 priores
727 3945 1010 4010 admittit,
1057 3943 1404 4014 posteriores
1457 3942 1659 4013 rejicit.
1714 3941 2050 4012 Temporum

462 4040 630 4111 igitur
657 4039 762 4094 alia
786 4034 994 4095 Christi
1023 4036 1372 4091 nativitatem
1399 4033 1724 4105 praecedunt
1748 4075 1763 4099 ,
1813 4049 2051 4105 quorum

459 4149 626 4204 supra
648 4132 988 4188 mentionem
1008 4130 1242 4186 fecimus
1264 4129 1400 4184 :alia
1415 4127 1699 4183 Christum
1717 4137 2046 4198 sequuntur.

462 4228 668 4281 Ilornm
704 4237 829 4296 post
857 4223 1140 4280 Christum
1169 4232 1487 4292 temporum
1517 4221 1634 4277 haec
1677 4229 1762 4276 est
1804 4221 2006 4276 divisio
2035 4238 2046 4273 :

459 4320 660 4389 partim
703 4334 732 4372 a
769 4317 1061 4372 nativitate
1091 4315 1298 4371 Christi
1340 4315 1406 4370 ad
1453 4315 1747 4385 imperium
1777 4313 2050 4369 Constan-

463 4414 561 4468 tini
624 4413 949 4483 pertinent,
1034 4410 1234 4482 partim
1301 4409 1371 4464 ab
1429 4408 1645 4479 imperii
1699 4407 2049 4462 Constantini

459 4504 733 4574 principio
780 4503 846 4558 ad
895 4511 1142 4558 nostram
1190 4502 1540 4557 memoriam.
1599 4502 1815 4554 Rursus
1844 4499 2049 4568 annia

459 4596 748 4651 nativitate
790 4596 998 4651 Christi
1035 4611 1211 4664 usque
1248 4595 1314 4650 ad
1359 4593 1654 4663 imperium
1699 4592 2048 4648 Constantini

459 4685 711 4757 triplices
736 4693 885 4740 sunt.
927 4685 1063 4740 Nam
1111 4702 1176 4741 ex
1209 4685 1291 4741 eis
1332 4686 1423 4740 alii
1474 4693 1842 4740 numerantur
1887 4700 1915 4738 a
1954 4699 2050 4736 na—

459 4779 673 4834 tivitate
691 4777 901 4834 Christi
929 4793 1103 4846 usque
1135 4776 1201 4830 ad
1232 4776 1410 4845 ipsius
1439 4776 1877 4844 assumptionem
1904 4791 1918 4840 ;
1956 4773 2045 4828 alii

2775 3481 3024 3534 ΠΡΛΞΙΣ
3065 3481 3141 3533 Γ’.

2240 3575 2456 3634 Ἐπειδὴ
2481 3572 2971 3646 περὶΧριστιανῶν
3001 3572 3292 3643 δογμάτων
3315 3575 3341 3626 6
3370 3573 3551 3640 λόγος,
3574 3576 3750 3643 ἀναγ-

2158 3668 2312 3721 καῖόν
2357 3669 2473 3720 ἐστι
2506 3666 2616 3719 τῶν
2649 3667 2860 3738 χρόνων
2894 3664 3162 3736 διαίρεσίν
3208 3683 3329 3718 τινα
3353 3667 3710 3737 ’ποιήσασθαι
3733 3686 3748 3700 ·

2159 3763 2245 3816 ἵνα
2275 3764 2339 3814 ὲκ
2374 3759 2582 3813 τούτων
2613 3759 2832 3828 γνῶμεν
2853 3798 2867 3820 ,
2894 3757 3042 3822 τίνες
3086 3758 3421 3824 διδάσκαλοι,
3469 3761 3563 3813 καὶ
3599 3763 3747 3815 ποῖαι

2155 3853 2414 3923 αἱρέσεις,
2462 3845 2538 3906 ὧν
2592 3853 2798 3922 ἑκάστη
2831 3852 2958 3914 τοὺς
3016 3852 3116 3921 μὲν
3169 3852 3278 3923 πρὸ
3328 3854 3496 3923 αὐτῆς
3531 3854 3752 3924 δέχεται

2157 3946 2427 4017 ΙΙατέρας,
2463 3945 2591 4008 τοὺς
2633 3946 2688 3998 δὲ
2735 3946 2854 4015 μετ’
2909 3946 3080 4025 αὐτῆς)
3123 3946 3332 4000 οὐκέτι.
3392 3946 3515 3998 Τῶν
3569 3947 3753 4000 τοίνυν

2153 4040 2381 4109 χρόνων,
2416 4041 2464 4093 οἱ
2501 4039 2599 4108 μέν
2663 4041 2770 4092 εἱσι
2819 4039 2927 4110 πρδ
2972 4039 3247 4109 Χριστοῦ,
3288 4033 3363 4092 ὧν
3398 4039 3498 4110 ήδη
3547 4042 3604 4093 ἐν
3636 4043 3753 4104 τοῖς

2154 4128 2521 4200 προλαϐοῦσιν
2553 4128 2943 4200 ἐμνήσθημεν·
2988 4129 3038 4181 οἱ
3073 4127 3152 4189 δὲ,
3190 4128 3331 4198 μετὰ
3371 4122 3464 4182 τὸν
3490 4129 3747 4199 Χριστόν.

2155 4226 2264 4277 Καὶ
2311 4224 2426 4277 ἔστι
2453 4222 2562 4278 τῶν
2590 4221 2727 4293 μετὰ
2756 4220 2846 4276 τὸν
2873 4220 3108 4292 Χριστὸν
3137 4223 3170 4292 ἡ
3199 4221 3466 4293 διαίρεσις
3496 4221 3749 4293 τοιαύτη.

2155 4317 2216 4367 Οί
2259 4315 2357 4384 μὲν
2397 4312 2506 4383 γάρ
2541 4314 2681 4366 εἰσιν
2731 4312 2840 4366 ἀπὸ
2885 4311 2984 4380 τῆς
3017 4313 3328 4380 γεννήσεως
3355 4311 3451 4364 τοῦ
3484 4312 3750 4380 Χριστοῦ,

2153 4409 2280 4478 ἄχρι
2315 4406 2415 4475 τῆς
2451 4405 2731 4476 βασιλείας
2779 4403 3221 4458 Κωνσταντίνου.
3256 4403 3320 4456 Οἱ
3382 4403 3438 4456 δὲ
3490 4404 3599 4457 ἀπὸ
3648 4407 3752 4476 τῆς

2152 4501 2328 4572 ἀρχῆς
2364 4499 2465 4570 τῆς
2511 4499 2794 4569 βασιλείας
2837 4497 3282 4559 Κωνσταντίνου,
3317 4497 3448 4568 ἄχρι
3485 4496 3582 4550 τοῦ
3627 4497 3747 4552 νῦν.

2166 4590 2647 4662 ’Υποδιαιροῦνται
2671 4590 2727 4641 δὲ
2757 4588 2920 4642 πάλιν
2950 4589 2999 4641 οἱ
3033 4588 3144 4641 ἀπὸ
3182 4589 3283 4658 τῆς
3309 4589 3618 4655 γεννήσεως
3649 4588 3749 4641 τοῦ

2153 4684 2419 4756 Χριστοῦ,
2449 4683 2580 4754 ἄχρι
2615 4683 2715 4753 τῆς
2747 4680 3024 4753 βασιλείας
3061 4680 3156 4734 τοῦ
3186 4681 3624 4747 Κωνσταντίνου,
3665 4685 3750 4744 είς

2151 4779 2326 4847 τρεῖς,
2356 4777 2421 4831 οἱ
2475 4776 2574 4847 μὲν
2613 4775 2722 4846 γάρ
2773 4777 2911 4827 είσιν
2959 4775 3067 4828 ἀπὸ
3123 4776 3224 4844 τῆς
3286 4777 3594 4845 γεννήσεως
3651 4775 3746 4829 τοῦ

457 4872 526 4926 ab
548 4869 950 4940 assumptione,
979 4868 1048 4922 de
1077 4868 1284 4938 quibus
1314 4869 1692 4938 apostolorum
1729 4867 1866 4922 Acta
1916 4882 2046 4937 per-

2156 4866 2394 4938 Χριστοῦ
2449 4868 2577 4939 ἄχρι
2640 4867 2742 4936 τῆς
2781 4862 3106 4936 ἀναλήψεως
3165 4866 3372 4920 αὐτοῦ’
3421 4867 3472 4921 oi
3526 4867 3584 4921 δὲ
3635 4867 3748 4921 ἀπὸ

458 4970 730 5028 tractant;
751 4959 846 5015 alii
873 4975 903 5015 a
924 4959 1158 5030 periodo
1181 4967 1237 5015 et
1261 4959 1418 5014 obitu
1438 4960 1838 5030 apostolorum,
1869 4973 2042 5030 usque

457 5055 522 5110 ad
554 5053 895 5125 principium
934 5051 1152 5122 imperii
1183 5052 1530 5108 Constantini
1565 5070 1577 5106 :
1615 5053 1684 5108 de
1718 5052 1921 5123 quibus
1957 5053 2044 5106 hi-

456 5147 649 5204 storici
679 5145 902 5217 quidam
943 5145 1308 5201 ecclesiastici
1343 5144 1624 5200 memoria:
1654 5145 2043 5216 prodiderunt,

457 5241 734 5298 Eusebius
748 5239 1044 5310 Pamphili,
1068 5249 1125 5294 et
1141 5238 1418 5295 Theodori
1431 5249 1550 5304 tus;
1575 5253 1812 5308 quorum
1841 5237 2046 5307 scripta

457 5335 773 5393 necessario
807 5350 918 5389 non
951 5333 1271 5403 recipimus.
1309 5332 1443 5387 Nam
1477 5339 1633 5386 extra
1663 5331 2045 5402 apostolorum

458 5429 591 5485 Acta
618 5427 757 5483 nihil
797 5427 998 5482 horum
1049 5435 1110 5481 ut
1156 5424 1538 5486 admittamus,
1579 5424 1808 5478 Patrum
1843 5423 2048 5492 regulis

458 5521 731 5576 sancitum
777 5527 881 5574 est.
932 5518 1076 5574 Anni
1121 5534 1253 5573 vero
1300 5517 1369 5572 ab
1403 5517 1562 5572 initio
1605 5515 2047 5572 Constantiniani

461 5615 613 5684 regni
668 5613 736 5666 ad
778 5621 1025 5667 nostram
1070 5619 1285 5666 aetatem
1320 5626 1520 5681 usque,
1555 5610 1634 5664 sic
1670 5609 1999 5664 dividuntur
2031 5627 2044 5662 :

461 5707 554 5760 alii
588 5723 618 5761 a
655 5705 1002 5761 Constantini
1056 5705 1289 5775 imperio
1345 5710 1734 5768 numerantur,
1776 5720 1950 5773 usque
1979 5703 2046 5757 ad

464 5798 684 5853 initium
707 5807 911 5851 coacta:
931 5797 1125 5865 synodi
1147 5796 1620 5852 Chalcedonensis
1645 5815 1656 5848 :
1684 5797 1776 5850 alii
1803 5813 1831 5850 a
1856 5806 2047 5851 coacta

462 5887 898 5952 Chalcedonensi
930 5887 1172 5958 synodo,
1225 5889 1291 5944 ad
1325 5896 1518 5945 nostra
1567 5903 1740 5959 usque
1775 5897 2021 5960 tempora

2151 4959 2252 5029 τῆς
2272 4959 2620 5030 ἀναλήψεως,
2649 4960 2778 5030 περὶ
2802 4953 2878 5011 ὧν
2909 4958 3380 5028 διαλαμϐάνουσιν
3419 4959 3476 5013 αί
3508 4959 3748 5025 Πράξεις

2150 5051 2260 5107 τῶν
2311 5052 2668 5106 ἀποστόλωνο
2715 5053 2762 5104 οἱ
2795 5051 2851 5104 δὲ
2903 5051 3012 5105 ἀπὸ
3075 5053 3174 5119 τῆς
3204 5052 3464 5120 περιόδου
3507 5053 3602 5105 καὶ
3651 5070 3745 5104 τε-

2151 5146 2348 5216 λευτῆς
2387 5143 2496 5199 τῶν
2554 5144 2897 5208 ἀποστόλων,
2942 5144 3071 5214 ἄχρι
3135 5144 3235 5212 τῆς
3287 5143 3465 5214 ἀρχῆς
3515 5142 3617 5211 τῆς
3649 5143 3748 5212 βα-

2152 5239 2359 5304 σιλείας
2397 5236 2840 5292 Κωνσταντίνου.
2873 5237 3010 5308 Περὶ
3039 5230 3115 5290 ὧν
3148 5235 3576 5306 διαλαμϐάνουσι
3597 5253 3748 5299 τινες

2151 5332 2625 5403 ἐκκλησιαστικοὶ,
2659 5330 2916 5394 Εὐσέϐιος
2944 5332 2972 5384 ὁ
2999 5330 3312 5400 Παμφίλου,
3353 5328 3447 5381 καὶ
3481 5326 3748 5398 Θεοδώρι-

2154 5444 2266 5492 τος,
2298 5427 2392 5490 οὓς
2421 5424 2479 5489 ἐξ
2522 5425 2772 5493 ἀνάγκης
2822 5424 2882 5477 οὐ
2938 5423 3231 5493 δεχόμεθα.
3273 5421 3451 5491 Μέχρι
3482 5420 3591 5491 γὰρ
3634 5419 3746 5472 τῶν

2148 5517 2412 5588 Πράξεων
2464 5517 2576 5570 τῶν
2632 5516 2952 5571 ἀποστόλων
3026 5514 3412 5568 κεκανόνισται
3488 5511 3743 5584 δέχεσθαι

2149 5612 2316 5682 ἡμᾶς.
2341 5612 2405 5664 Οί
2435 5610 2494 5664 δὲ
2534 5611 2628 5664 ἀπ’
2662 5610 2840 5680 ἀρχῆς
2872 5609 2972 5678 τῆς
3014 5607 3295 5678 βασιλείας
3325 5605 3755 5660 Κωνσταντίνου.

2148 5703 2274 5774 ἄχρι
2305 5703 2400 5756 τοῦ
2432 5703 2561 5768 νῦν,
2606 5702 2949 5773 διαιροῦνται
2993 5701 3187 5764 οῦτωςο
3239 5701 3290 5752 οἱ
3321 5699 3421 5769 μὲν
3458 5697 3566 5769 γάρ
3603 5699 3747 5750 εἰσιν

2149 5797 2255 5849 ἀπὸ
2297 5797 2392 5864 τῆς
2445 5789 2726 5866 βασιλείας
2773 5794 3204 5858 Κωνσταντίνου,
3255 5793 3385 5863 ἄχρι
3431 5793 3532 5862 τῆς
3563 5790 3744 5862 ἀρχῆς

2149 5888 2242 5943 τοῦ
2271 5889 2574 5960 κινήματος
2609 5893 2705 5961 τῆς
2744 5891 2800 5944 ἐν
2830 5889 3138 5960 Χαλκηδόνι
3171 5886 3416 5942 συνόδου·
3446 5885 3492 5938 oi
3520 5883 3600 5950 δὲ,
3631 5883 3749 5938 ἀπὸ
