4148 6492
395 507 538 575 1213

1603 516 1701 576 DE
1741 518 2021 579 SECTIS.
2066 545 2134 554 —
2172 521 2331 582 .ACT.
2375 523 2483 582 III.

3548 523 3636 587 121

391 623 488 677 τού
525 624 834 694 κινήματος
863 625 961 694 τῆς
993 625 1050 678 ἐν
1075 624 1384 695 Χαλκηδόνι
1410 627 1652 693 συνόδου,
1692 627 1854 700 μέχρι
1888 628 1981 682 τοῦ

2084 630 2359 688 Caeterum
2403 635 2749 704 temporibus
2789 634 2898 689 illis
2923 650 3047 704 qua:
3078 649 3108 689 a
3147 633 3359 690 Christi
3392 635 3679 691 nativitatc

393 716 515 772 νῦν.
575 716 859 786 Ἐγένοντο
915 718 973 771 δὲ
1027 719 1088 772 ὲν
1130 719 1248 783 τοῖς
1293 719 1508 790 χρόνοις
1554 723 1669 786 τοῖς
1715 723 1827 777 ἀπὸ
1891 723 1994 790 τῆς

392 810 710 878 γεννήσεως
752 808 849 862 τοῦ
895 809 1136 881 Χριστοῦ
1185 811 1350 883 μέχρι
1380 813 1480 882 τῆς
1529 812 1810 883 βασιλείας
1837 815 1993 866 Κων-

395 902 707 966 σταντίνου,
754 901 1072 957 διδάσκαλοι
1114 904 1211 957 καὶ
1253 904 1496 975 πατέρες
1537 906 1671 959 οἶδε’
1728 907 1992 975 Ἰγνάτιος

390 996 422 1048 ὁ
474 997 788 1068 Θεοφόρος,
839 997 1160 1068 Εἰρηναῖος,
1211 996 1502 1062 Ἰουστῖνος
1551 997 1844 1067 φιλόσοφος
1895 996 1992 1052 καὶ

396 1087 631 1158 μάρτυς,
667 1087 907 1158 Κλήμης
940 1089 1038 1143 καὶ
1075 1089 1394 1154 Ἱππόλυτος
1431 1091 1720 1145 ἐπίσκοποι
1747 1091 1989 1162 Ῥώμης,

394 1179 677 1245 Διονύσιος
705 1181 735 1232 ό
779 1180 1204 1253 Ἀρεοπαγίτης,
1229 1183 1496 1248 Μεθόδιος
1541 1185 1841 1261 ἐπίσκοπος
1880 1186 1994 1239 Πα-

394 1273 605 1343 τάρων,
638 1273 943 1345 Γρηγόριος
981 1277 1010 1327 ὁ
1048 1273 1488 1347 θαυματουργὺς,
1528 1277 1737 1348 Πέτρος
1769 1280 1798 1331 ὁ
1839 1278 1992 1332 Ἀλε-

396 1361 688 1432 ξανδρείας
733 1362 1039 1427 ἐπίσκοπος
1080 1365 1175 1418 καὶ
1211 1364 1446 1436 μάρτυς.
1479 1365 1716 1431 Τούτους
1745 1351 1990 1432 ἅπαντας

394 1458 449 1509 αἱ
483 1454 604 1526 μετ’
630 1455 837 1520 αὐτοὺς
863 1456 1166 1527 γενόμεναι
1201 1458 1449 1529 αἱρέσεις
1477 1457 1747 1529 δέχονται.

466 1549 723 1620 Αίρέσεις
759 1549 818 1603 δὲ
847 1551 907 1603 ὲν
943 1552 1059 1614 τοῖς
1091 1552 1304 1621 χρόνοις
1349 1551 1562 1615 τούτοις
1597 1553 1847 1620 ἐγένοντο
1892 1554 1990 1624 μὲν

396 1641 612 1708 πολλαὶ,
653 1640 795 1712 πλὴν
821 1641 1000 1713 μόνων
1029 1642 1141 1698 τῶν
1171 1645 1466 1717 ἐπισήμων
1495 1645 1619 1699 δέον
1651 1646 1988 1719 μνησθῆναιι

335 1730 338 1731 ⁷
406 1736 659 1804 Ἐγένετο
686 1735 870 1806 τοίνυν
896 1735 1148 1807 πρῶτον,
1186 1739 1219 1808 ἡ
1259 1738 1368 1792 τῶν
1399 1739 1718 1807 Μοντανῶν,
1747 1740 1882 1812 περὶ
1919 1736 1990 1814 ἦς

396 1831 456 1882 ἐν
481 1827 664 1894 ἄλλοις
686 1829 1066 1900 διαληψόμεθα
1103 1845 1119 1860 ·
1157 1825 1278 1885 εἷτα
1308 1831 1418 1884 τῶν
1449 1832 1773 1902 Μανιχαίων
1793 1873 1808 1898 ,
1864 1833 1988 1904 ἥτις

395 1921 454 1987 ἐξ
480 1917 1025 1995 έκάστηςαίρέσεως
1055 1923 1399 1995 ἐκλεξαμένη
1437 1925 1508 1979 τὰ
1537 1926 1807 1998 χείριστα,
1833 1926 1986 1980 οὐδὲν

392 2008 603 2080 ἁγαθδν
639 2014 771 2086 ἔχει.
818 2017 955 2088 Περὶ
991 2011 1060 2088 ἦς
1116 2016 1179 2070 ού
1233 2017 1460 2073 δύναταί
1497 2037 1581 2082 τις
1611 2022 1787 2074 εἰπεῖν
1823 2020 1988 2091 ἀκρι-

394 2103 529 2172 ϐῶς,
559 2107 608 2162 εί
638 2108 714 2178 μὴ
737 2106 841 2176 τῆς
877 2107 1058 2161 αὐτῶν
1093 2101 1319 2178 γένηται
1354 2108 1656 2174 πολιτείας.
1691 2111 1766 2163 υύ
1808 2110 1987 2179 φείδε-

391 2216 486 2252 ται
513 2197 571 2252 δὲ
593 2197 719 2252 οὐδὲ
749 2198 1220 2270 είδωλολατρείας,
1251 2201 1312 2254 οὐ
1344 2184 1548 2266 παντὸς
1581 2203 1757 2268 εἴδους
1788 2203 1984 2259 κακοῦ.

397 2292 468 2344 Ἀ
505 2291 563 2345 δὲ
596 2293 730 2363 περὶ
769 2292 869 2362 τὴν
905 2291 1140 2363 θεότητα
1173 2292 1412 2363 ἀφειδῶς
1460 2290 1858 2366 ἁμαρτάνουσι,
1893 2297 1988 2352 καὶ

394 2382 659 2458 περὶιτὴν
703 2386 1105 2458 ἀνθρωπότητα
1134 2388 1206 2457 (b)
1238 2430 1253 2455 ,
1295 2388 1474 2442 ταῦτά
1519 2389 1656 2443 ἐστι.
1695 2389 1832 2461 Περὶ
1885 2389 1987 2459 μὲν

392 2477 504 2548 γὰρ
527 2477 626 2550 τὴν
653 2478 908 2550 θεότητα,
931 2479 1108 2542 οὕτως
1135 2479 1471 2552 ὑπειλήφασι
1492 2498 1506 2513 ο
1537 2480 1630 2535 δύο
1659 2480 1859 2553 ἀρχὰς,
1890 2482 1988 2535 καὶ

389 2568 484 2623 δύο
517 2569 674 2634 θεοὺς
715 2569 974 2640 λέγουσιν
1001 2612 1016 2637 ,
1048 2573 1144 2626 ἕνα
1167 2573 1373 2641 ἀγαθὸν
1396 2573 1490 2627 καὶ
1521 2572 1618 2626 ἕνα
1649 2573 1840 2627 κακόν.
1876 2573 1986 2627 Καὶ

391 2660 461 2713 τὰ
516 2660 617 2731 μὲν
662 2653 952 2732 κρείττονα
991 2664 1104 2718 τῶν
1157 2665 1502 2736 πραγμάτων
1542 2663 1861 2719 ἀνατιθέασι
1906 2664 1986 2736 τῷ

389 2751 583 2824 ἁγαθῷ
609 2767 624 2782 ⁸
670 2755 741 2807 τὰ
761 2753 819 2807 δὲ
856 2746 1111 2826 χείρονα,
1145 2757 1224 2826 τῷ
1254 2756 1432 2828 κακῷ.
1459 2754 1585 2810 Οἷον
1605 2797 1619 2822 ,
1653 2758 1715 2811 τὸ
1742 2758 1841 2827 μὲν
1871 2757 1986 2827 φῶς

388 2844 707 2899 ἀνατιθέασι
727 2844 806 2917 τῷ
837 2846 1028 2917 ἀγαθῷ
1057 2847 1177 2918 Θεῷ
1197 2865 1211 2878 °
1240 2849 1302 2902 τὸ
1349 2849 1406 2902 δὲ
1438 2849 1650 2914 σκότος,
1685 2849 1763 2921 τῷ
1801 2849 1981 2920 κακῷ.

389 2937 505 2992 Καὶ
546 2937 733 3004 πάλιν,
776 2939 870 2992 ἐπὶ
909 2941 1019 2993 τῶν
1059 2932 1335 2994 συνθέτων
1386 2941 1578 3011 ζὼωνέ,
1619 2943 1718 3010 τὴν
1743 2943 1875 3015 ὕλην
1905 2943 1984 3016 τῷ

387 3031 547 3103 κακῷ
579 3030 700 3104 Θεῷ
722 3049 736 3063 ·
781 3033 844 3086 τὸ
875 3033 935 3087 δὲ
968 3029 1111 3098 εἶδος
1134 3076 1147 3098 ,
1178 3033 1255 3105 τῷ
1283 3035 1476 3106 ἀγαθῷ
1504 3035 1645 3107 Θεῷ.
1697 3031 1861 3090 Οὗτοι
1889 3038 1983 3091 καί

387 3138 511 3175 τινα
537 3121 720 3192 βιϐλία
746 3124 846 3194 τῆς
877 3123 1122 3189 Παλαιᾶς
1154 3125 1377 3195 Γραφῆς
1402 3125 1480 3195 τῷ
1511 3125 1667 3197 κακῷ
1697 3126 1816 3197 Θεῷ
1849 3128 1983 3181 ἀνα-

386 3214 672 3269 τιθέασιν·
726 3213 919 3287 ὥσπερ
975 3217 1075 3288 τὴν
1145 3217 1256 3270 ἀπὸ
1306 3217 1587 3287 Αἰγύπτου
1644 3216 1825 3284 ἔξοδον
1874 3219 1982 3272 τῶν

2102 739 2278 794 usque
2321 725 2388 780 ad
2436 727 2731 796 imperium
2777 724 3126 780 Constantini
3175 731 3576 789 numerantur,
3622 726 3678 779 hi

2099 813 2355 871 doctores
2387 825 2444 870 et
2466 825 2653 887 patres
2692 815 3067 871 exstiterunt:
3107 814 3352 885 lgnatius
3375 814 3466 871 ille
3495 814 3678 871 Theo-

2097 907 2325 977 phorus,
2357 909 2626 975 Irenazus,
2685 908 2937 962 Justinus
2968 906 3332 978 philosophus
3359 918 3414 962 et
3447 917 3676 981 martyr,

2095 1001 2350 1056 Clemens
2369 1011 2427 1056 et
2457 1001 2786 1072 Hippolytus
2811 999 3052 1068 episcopi
3086 999 3340 1063 Romani,
3383 999 3680 1071 Dionysius

2093 1092 2428 1164 Areopagita
2454 1135 2468 1157 ,
2497 1093 2815 1150 Methodius
2843 1091 3163 1146 Patarensis
3189 1091 3486 1161 episcopus
3504 1134 3517 1155 ,
3543 1091 3679 1147 Gre-

2093 1186 2285 1255 gorius
2313 1185 2710 1240 miraculorum
2743 1184 3003 1247 eﬂ'rctor,
3031 1182 3231 1236 Petrus
3269 1181 3679 1237 Alexandrinus

2093 1279 2391 1349 episcopus
2413 1288 2472 1334 et
2497 1287 2722 1350 martyr.
2752 1277 2862 1333 Hos
2903 1292 3096 1332 omnes
3163 1284 3365 1331 secuta:
3415 1275 3678 1345 deinceps

2094 1369 2333 1425 intereses
2369 1371 2666 1441 recipiunt.

2163 1562 2229 1617 Il.
2261 1561 2329 1616 Et
2355 1561 2692 1617 exstiterunt
2729 1562 2927 1618 iisdem
2962 1562 3310 1632 temporibus
3339 1568 3504 1615 sectae
3528 1573 3679 1613 com-

2091 1655 2312 1725 plures;
2356 1654 2453 1709 sed
2493 1655 2656 1710 clarae
2691 1655 2959 1710 duntaxat
3001 1653 3521 1712 commemoranda.
3554 1652 3679 1706 Pri-

2035 1811 2038 1814 I
2090 1762 2241 1801 mum
2271 1761 2407 1818 ergo
2437 1755 2590 1802 secta
2616 1741 3002 1802 Montanorum
3035 1757 3121 1803 est
3149 1745 3395 1812 orta,-de
3421 1759 3529 1814 qua
3562 1747 3676 1796 tra-

2089 1837 2364 1892 ctabimus
2393 1820 2797 1904 alibi;.‘deinde
2830 1836 3422 1905 Mauichazorum,quae
3449 1832 3578 1902 quia
3608 1832 3676 1885 de

2089 1927 2256 1984 sectis
2285 1928 2516 1999 singulis
2548 1927 2788 1998 pessima
2816 1943 3048 1998 quaeque
3073 1927 3288 1997 selegit,
3324 1924 3461 1979 nihil
3494 1923 3671 1978 omni-

2089 2037 2163 2076 no
2193 2022 2321 2077 boni
2351 2021 2615 2077 continet.
2642 2022 2967 2092 Nec'potest
2999 2015 3292 2090 quisquam
3315 2025 3575 2076 accurate
3606 2015 3676 2070 de

2091 2112 2194 2168 hac
2223 2112 2396 2182 loqui,
2428 2112 2537 2167 nisi
2587 2127 2782 2167 eorum
2821 2127 2880 2167 se
2907 2109 3348 2180 {eonversationi
3387 2107 3674 2177 adjungat.

2087 2203 2209 2258 Non
2244 2203 2313 2258 de
2364 2211 2640 2258 astrorum
2675 2201 2849 2264 cultu,
2902 2216 3012 2254 non
3073 2197 3203 2253 mali
3250 2197 3436 2266 specie
3479 2193 3676 2264 quavis

2089 2294 2357 2348 abstinet.
2386 2294 2519 2360 Quae
2547 2294 2696 2348 circa
2756 2291 3066 2346 doctrinam
3101 2289 3170 2344 de
3202 2289 3338 2352 Deo,
3371 2287 3552 2356 deque
3586 2285 3674 2339 iu-

2088 2386 2408 2441 carnatione
2433 2385 2636 2441 Christi
2664 2400 2859 2454 magna
2888 2398 3016 2437 cum
3035 2434 3040 2438 .
3062 2381 3284 2436 licentia
3319 2363 3671 2448 delinquunt,

2088 2477 2207 2533 haec
2239 2487 2390 2533 sunt.
2438 2479 2516 2532 De
2550 2477 2840 2533 divinitate
2876 2476 2958 2530 sic
2992 2463 3317 2544 opinantur,
3340 2481 3542 2526 utesse
3563 2471 3674 2524 duo

2087 2569 2379 2639 principia,
2413 2568 2664 2638 duosque
2705 2569 2847 2622 Deos
2901 2566 3110 2630 dicant,
3149 2580 3319 2618 unum
3363 2564 3592 2626 bonum,
3620 2570 3676 2615 et

2088 2676 2259 2714 unum
2293 2661 2514 2714 malum.
2558 2660 2613 2715 Si
2655 2676 2763 2730 qua
2801 2659 3034 2713 meliora
3085 2662 3218 2711 sunt
3281 2655 3336 2708 in
3395 2653 3582 2716 rebus,
3609 2667 3674 2706 ea

2086 2753 2200 2808 Deo
2247 2751 2395 2806 bono
2439 2752 2756 2822 assignant;
2816 2750 3094 2813 tenebras,
3147 2747 3312 2801 malo.
3348 2745 3564 2800 Rursus
3616 2742 3673 2795 in

2087 2847 2409 2916 compositis
2437 2845 2791 2909 animalibus,
2827 2843 3118 2898 materiem
3146 2840 3213 2894 ad
3241 2838 3443 2912 malum
3473 2838 3670 2901 Deum;

2087 2939 2317 2994 formam
2343 2939 2410 2994 ad
2447 2939 2655 2994 bonum
2682 2939 2852 2992 Deum
2887 2935 3156 2991 referunt.
3189 2933 3360 2988 [idem
3406 2939 3463 2986 et
3510 2931 3674 2986 Vete—

2088 3034 2166 3089 ris
2184 3034 2485 3104 Scripturw
2506 3035 2678 3088 libros
2695 3031 2963 3102 quosdam
2981 3032 3095 3085 Deo
3115 3029 3258 3083 malo
3273 3027 3668 3082 attribuerunt:

2088 3132 2148 3178 ut
2178 3140 2329 3188 eum,
2364 3124 2460 3193 qui
2516 3123 2585 3177 de
2618 3120 2992 3176 lsraelitarum
3040 3134 3106 3171 ex
3149 3115 3384 3186 Egypto
3421 3114 3669 3168 discessu

2085 3227 2294 3274 narrat.
2317 3218 2488 3273 Aiunt
2515 3216 2686 3281 enim,
2725 3230 2836 3268 non
2871 3227 2991 3268 esse
3020 3211 3123 3284 Dei
3177 3209 3326 3274 boni,
3367 3223 3466 3262 eos
3492 3205 3665 3277 Egy-

399 3303 778 3374 ’1σραηλιτῶν.
807 3307 922 3358 Ούκ
956 3305 1072 3359 ἐστι
1103 3306 1232 3375 γὰρ,
1264 3307 1422 3374 φασὶ,
1453 3306 1552 3360 τοῦ
1585 3304 1979 3377 ἀγαθοῦθεοῧ,

2087 3320 2181 3380 pto
2209 3309 2432 3381 ejicere,
2468 3307 2752 3376 multaque
2767 3303 2910 3358 mala
2931 3303 3196 3370 deinceps
3224 3299 3491 3368 irrogare.
3517 3296 3670 3352 Prae-

382 3396 450 3450 τὸ
478 3396 734 3451 ἐκϐαλεῖν
775 3397 974 3460 αὐτοὺς
1012 3397 1122 3451 ἀπὸ
1160 3396 1471 3465 Αἰγύπτου,
1498 3400 1595 3454 καὶ
1625 3398 1796 3453 πολλᾶ
1834 3402 1982 3456 κακὰ

383 3490 573 3553 αὐτοῖς
601 3487 832 3561 ὕστερον
864 3490 1106 3559 ποιῆσαι.
1148 3484 1309 3544 Οὗτοι
1341 3493 1436 3545 καὶ
1463 3491 1646 3562 βιϐλία
1674 3494 1797 3548 τινὰ
1850 3495 1980 3546 ἐαυ-

382 3585 500 3648 τοίς
520 3584 924 3654 καινοτομοῦσι.
949 3585 1189 3654 Λέγουσι
1209 3587 1321 3659 γὰρ
1343 3587 1678 3656 Εύαγγέλιον
1703 3588 1846 3642 κατὰ
1865 3589 1982 3641 Θω-

389 3678 501 3746 μᾶν
537 3676 630 3730 καὶ
678 3675 946 3731 Φίλιππον
970 3717 985 3742 ,
1017 3677 1165 3750 ειπερ
1205 3682 1370 3751 ἡμεῖς
1409 3679 1510 3732 ούκ
1555 3678 1740 3748 ίσμεν.
1778 3680 1855 3732 Δι’
1887 3678 1982 3743 οὓς

385 3769 484 3822 καὶ
513 3769 783 3823 ἐκάλεσαν
810 3771 858 3823 οί
887 3770 1036 3839 ἆγιοι
1061 3771 1330 3842 Πατέρες,
1363 3773 1493 3825 ποῖα
1519 3771 1702 3842 βιϐλία
1726 3772 1808 3826 δεῖ
1837 3771 1984 3842 δέχε-

387 3862 517 3915 σθαι
556 3863 728 3934 ἡμᾶς.
767 3865 906 3934 Περὶ
950 3865 1007 3917 δὲ
1038 3864 1140 3935 τὴν
1171 3865 1587 3936 ἐνανθρώπησιν
1622 3865 1796 3928 οὕτως
1825 3865 1981 3930 δοξὰ-

383 3953 607 4018 ζουσιν’
653 3954 753 4024 ούχ
786 3955 1143 4025 ὁμολογοῦσιν
1169 3956 1346 4027 ἀληθῆ
1377 3955 1634 4024 γενέσθαι
1679 3957 1780 4026 τὴν
1826 3959 1983 4012 ἐναν-

384 4044 674 4118 θρώπησιν
702 4047 798 4101 τοῦ
840 4047 1104 4119 Χριστοῦ,
1144 4049 1281 4101 ἀλλὰ
1326 4049 1470 4103 κατὰ
1510 4049 1812 4119 φαντασίαν
1837 4065 1851 4079 ·
1886 4050 1982 4103 xal.

383 4139 447 4190 ὲν
476 4140 588 4202 τοῖς
625 4139 859 4193 πάθεσιν
903 4141 986 4193 ὅτι
1028 4139 1188 4194 ἄλλον
1217 4140 1506 4210 ἄνθρωπον
1545 4140 1817 4194 ὑπέϐαλεν
1857 4142 1973 4196 ἀντ’

383 4229 580 4301 αύτρῦ,
636 4232 734 4287 καὶ
785 4232 950 4296 αὐτὸς
998 4232 1220 4303 ἔφυγεν.
1279 4233 1630 4287 Ἐπιστοῦντο
1674 4234 1731 4287 δὲ
1775 4234 1835 4287 τὸ
1881 4235 1981 4306 τῆς

383 4325 715 4393 φαντασίας,
743 4325 854 4380 ἀπό
890 4343 1053 4380 τινων
1104 4328 1367 4398 ῥημάτων
1395 4327 1452 4380 ἐν
1481 4329 1595 4391 τοῖς
1625 4327 1978 4397 Εὐαγγελίοις

382 4419 694 4488 κειμένων,
727 4418 788 4484 ἐξ
829 4411 904 4473 ὧν
929 4418 1201 4488 λέγουσιν,
1233 4420 1314 4472 ὅτι
1354 4420 1412 4472 ἐν
1445 4419 1524 4491 τῷ
1570 4420 1687 4490 ὄρει
1729 4419 1806 4474 ὢν
1846 4438 1975 4491 μετ⁸

382 4508 686 4582 εμορφὼθη
741 4510 834 4563 καὶ
880 4509 1122 4579 ἄφαντος
1159 4510 1375 4578 γέγονε.
1429 4510 1542 4564 Καὶ
1584 4511 1781 4576 πάλιν,
1816 4512 1974 4583 ὄχλου

381 4602 588 4656 πολλοῦ
621 4603 1066 4675 περιεστηκότος,
1094 4602 1374 4669 ἐξένευσεν
1397 4604 1425 4656 ὁ
1468 4602 1695 4673 Ἰησοῦς.
1726 4604 1896 4658 Τοῦτο
1916 4604 1972 4658 δὲ

379 4697 486 4751 οὐκ
521 4696 670 4750 ἔστιν
703 4695 890 4750 ἱκανὸν
935 4695 1311 4766 παραστῆσαι,
1357 4695 1440 4748 ὅτι
1480 4695 1624 4749 κατᾶ
1669 4696 1974 4764 φαντασίαν

382 4791 613 4859 γέγονεν
663 4791 696 4859 ἡ
744 4787 1176 4859 ὲνανθρώπησις.
1219 4788 1330 4841 Καὶ
1371 4787 1653 4861 ἄνθρωποι
1702 4790 1808 4862 γὰρ
1842 4808 1972 4861 μετ-

379 4899 407 4935 ε
417 4881 814 4953 μορφὼθησαν,
835 4881 929 4934 καὶ
955 4882 1246 4950 γεγόνασιν
1269 4881 1520 4950 ἄφαντοι.
1554 4883 1972 4956 Μετεμορφώθη

378 4973 494 5042 γὰρ
539 4973 784 5042 Μωῦσῆς
809 4975 892 5037 εἰς
927 4972 1138 5039 ἔνδοξον
1179 4974 1496 5044 πρόσωπον,
1532 4974 1674 5029 ὥστε
1707 4975 1782 5048 μὴ
1811 4976 1964 5030 δύνα-

379 5066 512 5120 σθαι
545 5066 672 5130 τοὺς
709 5065 1000 5129 Ἰουδαίους
1025 5067 1270 5122 ἀτενίσαι
1299 5069 1382 5131 είς
1411 5067 1576 5121 αὐτὸν
1596 5109 1611 5132 ,
1637 5068 1774 5123 ἀλλὰ
1803 5087 1972 5124 κεκα-

377 5158 662 5230 λυμμένος
691 5159 791 5231 τὴν
824 5159 948 5230 ὄψιν
979 5159 1160 5215 ἐλάλει
1189 5161 1395 5224 αὐτοῖς.
1440 5160 1763 5234 Ἦφαντώθη
1792 5163 1850 5216 δὲ
1877 5164 1971 5217 καὶ

375 5255 409 5305 ὁ
442 5252 715 5316 Φίλιππος
738 5293 753 5318 ,
801 5252 897 5307 καὶ
942 5251 1052 5306 ἀπὸ
1081 5254 1180 5325 τῆς
1207 5254 1425 5327 ὀρεινῆς
1465 5255 1724 5326 ἐξαίφνης
1753 5256 1972 5325 ἐγένετο

377 5342 465 5404 εἰς
497 5343 765 5407 Ἄζωτον.

466 5434 716 5502 Ἐγένετο
761 5434 821 5489 δὲ
865 5435 960 5490 καὶ
981 5435 1118 5506 ἄλλη
1155 5437 1367 5508 αἵρεσις
1407 5439 1550 5491 κατα
1588 5438 1714 5500 τοὺς
1743 5437 1972 5509 χρόνους

376 5525 606 5591 τούτους
634 5566 652 5593 ,
683 5529 718 5598 ἡ
749 5528 965 5583 Παύλου
990 5529 1086 5583 τοῦ
1111 5531 1477 5600 Σαμοσατέως
1494 5547 1508 5562 ·
1542 5532 1693 5592 ὅστις
1719 5533 1812 5584 καὶ
1838 5531 1970 5601 περὶ

375 5621 482 5692 τὴν
502 5619 734 5691 θεότητα
762 5621 1080 5691 ἐσφάλλετο,
1118 5623 1213 5676 καὶ
1239 5623 1368 5693 περὶ
1402 5626 1498 5692 τὴν
1525 5622 1961 5695 ὲνανθρώπησιν.

375 5714 516 5786 Περὶ
541 5715 640 5785 μὲν
663 5715 772 5788 γὰρ
801 5717 901 5786 τὴν
929 5716 1182 5787 θεότητα,
1213 5717 1294 5770 ὅτι
1328 5717 1548 5787 Πατέρα
1583 5717 1744 5787 μόνον
1773 5716 1929 5785 ἔλεγε
1951 5735 1964 5748 ·

375 5806 509 5878 περὶ
540 5805 596 5859 δὲ
626 5806 724 5879 τὴν
747 5808 1183 5882 ἐνανθρώπησιν,
1208 5810 1290 5862 ὅτι
1312 5806 1467 5878 ψιλὸν
1492 5808 1782 5883 ἄνθρωπον
1813 5809 1966 5878 ἔλεγε

452 5968 528 6039 (b)
567 5971 752 6042 Ἀνορ.
788 5968 1250 6043 Ἐνανθρὼπησιν,
1283 5971 1450 6044 paulo
1474 5978 1597 6042 post
1624 5969 1786 6026 infra.

2088 3410 2239 3456 terea
2262 3413 2437 3454 novos
2463 3396 2734 3468 quosdam
2771 3393 2875 3449 sibi
2907 3393 3084 3460 libros
3133 3388 3472 3459 excogitant.
3499 3386 3670 3455 Quip-

2087 3510 2154 3566 pe
2179 3497 2616 3548 commemorant
2639 3485 2999 3556 Evangelium
3049 3481 3317 3551 scriptum
3353 3495 3384 3533 a
3436 3478 3666 3540 Thema,

2084 3595 2142 3641 et
2170 3585 2402 3640 alterum
2435 3599 2464 3637 a
2501 3581 2794 3650 Philippo;
2829 3593 2952 3649 quae
2979 3591 3081 3631 nos
3118 3576 3457 3646 ignoramus.
3478 3572 3667 3640 Atque

2085 3681 2280 3734 horum
2341 3676 2515 3748 gratia
2548 3673 2723 3729 sancti
2754 3672 2943 3726 Patres
2965 3681 3290 3738 expressere
3317 3664 3664 3730 nominatim,

2084 3787 2224 3843 quos
2253 3770 2428 3825 libros
2448 3766 2696 3836 recipere
2723 3763 3046 3818 debeamus.
3077 3761 3152 3814 De
3185 3757 3568 3814 incarnatione
3587 3756 3668 3811 sic

2083 3860 2518 3919 sentiunt:Non
2557 3871 2687 3912 vere
2718 3856 2915 3909 factam
2962 3851 3406 3907 incarnationem
3459 3848 3664 3903 Christi

2081 3956 2346 4018 fatentur,
2370 3952 2464 4008 sed
2496 3950 2679 4021 specie
2713 3958 2911 4003 tenus:
2961 3955 3018 4000 et
3053 3946 3107 3998 in
3166 3943 3302 4013 ipsis
3325 3941 3666 3997 cruciatibus

2080 4047 2363 4104 Christum
2393 4060 2497 4115 pro
2517 4059 2574 4098 se
2611 4041 2891 4097 hominem
2927 4039 3096 4093 alium
3121 4036 3447 4107 subiecisse,
3481 4050 3545 4089 ac
3577 4033 3663 4088 fu-

2080 4156 2144 4209 ga
2173 4137 2437 4192 evasisse.
2469 4134 2608 4188 lluic
2655 4133 2723 4187 de
2755 4131 2940 4202 specie
3001 4126 3251 4200 opinioni
3319 4139 3385 4180 ex
3422 4125 3658 4195 quibus-

2084 4233 2210 4287 dam
2260 4230 2424 4284 dictis
2468 4242 2593 4297 quae
2627 4225 2684 4279 in
2731 4221 3044 4293 Evangeliis
3093 4218 3454 4289 reperiuntur
3499 4215 3662 4270 ﬁdem

2080 4324 2403 4381 astruebant
2435 4341 2448 4376 :
2485 4319 2633 4376 unde
2659 4317 2976 4389 perhibent,
3028 4314 3310 4378 Christum
3356 4312 3414 4366 in
3476 4318 3663 4365 monte

2080 4417 2530 4472 transformatum
2570 4412 2763 4476 fuisse,
2818 4425 2883 4464 ac
2923 4405 3376 4476 inaspectabilem
3431 4402 3670 4480 factum.

2079 4513 2313 4572 Rursus,
2351 4524 2476 4563 cum
2523 4521 2716 4576 magna
2762 4519 2889 4558 eum
2934 4499 3234 4556 multitudo
3260 4495 3664 4553 circul‘nstetis-

2078 4612 2182 4667 set,
2217 4602 2380 4656 Jesus
2409 4597 2653 4652 deﬂexit.
2687 4594 2804 4648 Iloc
2834 4608 2968 4647 vero
3025 4607 3136 4645 non
3168 4589 3303 4644 satis
3325 4597 3410 4643 est
3434 4588 3501 4641 ad
3536 4603 3663 4656 pro-

2006 4688 2050 4742 D
2080 4693 2320 4748 bandum
2353 4690 2793 4746 incarnationem
2847 4686 3032 4757 specie
3085 4697 3247 4739 tenus
3277 4697 3399 4737 esse
3441 4681 3661 4735 factam.

2076 4789 2212 4843 Nam
2244 4794 2300 4840 et
2332 4784 2586 4840 homines
2615 4779 2993 4836 transformati
3045 4778 3293 4838 fuerunt,
3340 4783 3396 4834 et
3443 4774 3666 4842 inaspe-

2077 4881 2306 4938 ctabiles
2334 4878 2482 4934 facti.
2511 4877 2726 4946 Quippe
2757 4876 2934 4930 Moses
2972 4872 3398 4928 transformatus
3419 4876 3525 4930 est,
3549 4866 3668 4918 vul-

2081 4984 2136 5030 tu
2187 4975 2325 5029 adeo
2380 4973 2663 5042 majestate
2717 4967 2942 5030 referto,
3004 4973 3063 5018 ut
3115 4963 3306 5018 oculos
3336 4961 3390 5014 in
3420 4975 3545 5014 eum
3571 4957 3667 5012 Ju«

2079 5067 2181 5122 (hei
2211 5067 2449 5137 dirigere
2485 5063 2812 5134 nequirent,
2847 5061 2944 5116 sed
2999 5059 3256 5114 obvelato
3287 5054 3442 5108 vultu
3477 5051 3542 5106 ad
3566 5066 3665 5104 eos

2077 5161 2419 5230 loqueretur.
2437 5157 2634 5211 Itidem
2654 5164 2710 5209 et
2733 5153 3020 5222 Philippus
3051 5145 3460 5219 inaspectabilis
3487 5142 3664 5197 factus

2068 5261 2172 5317 est,
2199 5260 2256 5308 et
2278 5267 2343 5307 ex
2374 5248 2598 5320 regione
2621 5255 2880 5301 montana
2921 5242 3105 5297 subito
3128 5238 3382 5310 pervertit
3403 5237 3659 5291 Azotum.

2141 5431 2230 5485 111.
2255 5429 2373 5486 Alia
2405 5440 2628 5499 quoque
2681 5429 2853 5487 secta,
2907 5419 3170 5476 nimirum
3211 5415 3364 5472 Pauli
3398 5413 3658 5468 Samosa-

2073 5523 2265 5587 teusis,
2302 5521 2390 5576 his
2422 5516 2765 5588 temporibus
2784 5513 3001 5570 exstitit
3030 5531 3043 5564 :
3091 5511 3186 5582 qui
3241 5517 3298 5563 et
3328 5507 3476 5562 circa
3512 5503 3659 5560 divi-

2076 5619 2303 5674 nitatem
2326 5622 2382 5669 et
2412 5610 2844 5669 incarnationem
2894 5605 3134 5662 errabat.
3175 5603 3337 5659 Circa
3395 5599 3660 5654 divinita-

2075 5723 2205 5773 tem,
2240 5709 2369 5780 quia
2397 5709 2612 5762 Patrem
2655 5704 2835 5757 solum
2871 5701 3187 5756 fatebatur:
3219 5697 3367 5752 circa
3405 5694 3656 5748 incarna-

2077 5805 2304 5871 tionem,
2333 5801 2460 5874 quia
2483 5814 2684 5872 purum
2709 5795 2999 5866 solumque
3026 5792 3308 5849 hominem
3333 5805 3453 5848 esse
3494 5786 3659 5845 Chri-
