4148 6440
560 448 691 513 1215

1837 449 2149 508 LEONTII
2192 446 2602 507 BYZANTINl

3699 438 3825 503 121!)

553 568 703 615 stum
744 554 997 611 diccbat:
1052 553 1108 607 in
1148 567 1261 622 quo
1309 552 1480 607 fuisse
1522 550 1617 606 Dei
1660 551 1987 609 Sermonem
2036 570 2138 608 non

2251 556 2344 607 τὸν
2402 553 2659 625 Χριστὸν,
2714 552 2964 620 γενέσθαι
3016 551 3073 604 δὲ
3118 551 3177 603 ἐν
3218 546 3369 617 αὐτῷ
3403 546 3494 600 τὸν
3527 548 3693 617 Λόγον
3734 550 3822 601 τοῦ

553 648 962 711 arbitrabatur;
984 661 1086 699 nec
1097 660 1161 699 ea
1180 643 1446 709 sentiens,
1470 659 1591 713 quae
1604 644 1910 701 Nestorius.
1929 646 2143 717 Quippe

553 740 863 800 Nestorius,
919 737 1046 791 licet
1097 735 1379 791 Christum
1438 735 1649 791 diceret
1703 753 1905 806 purum
1960 738 2143 793 homi-

554 848 681 887 nem
713 846 865 896 esse,
921 838 1106 883 tamen
1132 828 1530 884 subsistentem
1561 845 1660 899 per
1686 845 1744 885 se
1794 831 1892 885 Dei
1921 830 2145 887 Sermo-

552 940 701 987 nem,
734 938 798 977 ac
858 921 1079 985 Filium,
1113 919 1169 974 in
1206 921 1431 975 homine
1476 921 1572 974 illo
1628 921 1796 977 fuisse
1839 922 2143 977 fatebatur.

554 1017 672 1070 Non
701 1016 851 1071 enim
897 1016 1045 1069 circa
1094 1014 1425 1068 Trinitatem
1473 1014 1698 1084 aliquod
1752 1015 1991 1070 Nestorii
2039 1016 2147 1071 fuit

552 1116 821 1161 erratum.
854 1106 1061 1161 Paulus
1089 1115 1275 1160 autem
1311 1105 1714 1160 Samosatensis
1744 1106 2145 1161 subsistentem

553 1216 653 1271 per
681 1218 741 1256 se
772 1202 869 1256 Dei
895 1199 1223 1255 Sermonem
1266 1200 1322 1255 in
1355 1199 1581 1255 Christo
1629 1199 1801 1255 fuisse
1835 1216 1945 1254 non
1993 1200 2147 1254 dice-

556 1294 668 1357 bat,
706 1294 803 1347 sed
844 1292 1067 1347 volebat
1094 1292 1419 1347 Sermonem
1441 1308 1564 1348 esse
1598 1295 1812 1365 iussum
1844 1296 2145 1364 quemdam

552 1400 618 1438 ac
652 1384 975 1439 mandatum
997 1425 1011 1450 ,
1051 1386 1156 1440 hoc
1181 1386 1471 1456 est,jussit
1504 1386 1649 1440 Deus
1678 1386 1763 1458 (ut
1804 1388 1925 1458 ipse
1952 1390 2149 1459 loqueo

555 1476 737 1545 batur)
789 1476 907 1531 ﬁeri
962 1492 1063 1546 per
1093 1476 1247 1531 illum
1306 1477 1612 1543 hominem,
1671 1481 1819 1549 quod
1881 1482 2144 1549 volebat;

556 1568 815 1638 idemque
842 1584 940 1638 per
970 1569 1123 1622 illum
1155 1568 1452 1624 condebat.
1487 1570 1599 1625 Nec
1622 1581 1744 1627 erat
1766 1573 1963 1628 eadem
1987 1574 2147 1628 Pauli

554 1661 623 1715 de
651 1660 939 1715 divinitate
998 1660 1299 1726 sententia,
1332 1677 1456 1732 qua:
1482 1661 1729 1719 Sabellii.
1762 1664 1898 1719 Nam
1952 1666 2147 1722 Sabel-

2246 647 2403 712 Θεοῦ,
2449 648 2524 718 μὴ
2562 646 2917 718 νομιζόμενος
2939 663 2951 676 °
2984 646 3078 698 καὶ
3105 643 3181 717 μὴ
3207 642 3447 709 δοξάζων
3481 642 3548 695 τὰ
3579 641 3715 696 αὐτὰ
3750 643 3824 712 τῷ

2247 739 2547 809 Νεστορίῳ.
2591 739 2649 790 '0
2693 738 2793 807 μὲν
2832 738 2941 809 γὰρ
2975 735 3293 807 Νεστόριος,
3327 736 3376 787 εἱ
3422 734 3517 788 καὶ
3552 733 3704 803 ψιλὸν
3733 736 3824 789 ἄν-

2249 832 2469 902 θρωπον
2494 831 2647 900 ἔλεγε
2675 831 2767 884 τὸν
2801 829 3059 900 Χριστὸν,
3094 828 3211 882 ἀλλ’
3249 823 3342 881 οῦν
3365 828 3456 881 τὸν
3484 828 3825 881 αὑΘυπόστα-

2247 942 2339 978 τον
2372 925 2543 992 Λόγον
2567 924 2662 978 τοῦ
2702 924 2860 989 Θεοῦ,
2902 925 2997 977 καὶ
3028 922 3156 976 Υίὸν
3183 922 3336 990 ἔλεγε
3381 921 3634 990 γενέσθαι
3669 925 3725 975 ὲν
3756 920 3826 991 τῷ

2247 1015 2521 1087 ἀνθρώπῳ
2549 1016 2762 1086 ἐκείνῳ.
2795 1016 2930 1085 Περὶ
2957 1014 3063 1085 γάρ
3092 1014 3191 1084 τὴν
3221 1012 3430 1083 Τριάδα
3459 1013 3556 1081 οὺχ
3586 1012 3828 1082 ἡμάρτα-

2246 1125 2339 1162 νεν
2383 1110 2411 1160 6
2454 1108 2772 1178 Νεστόριος.
2821 1107 2881 1158 ὐ
2915 1106 2972 1159 δὲ
3021 1105 3235 1167 Παῦλος
3278 1106 3306 1159 6
3340 1103 3687 1175 Σαμοσατεὺς
3733 1104 3827 1156 οὐκ

2248 1200 2402 1268 ἔλεγε
2452 1199 2548 1253 τὸν
2608 1198 3020 1253 αύθυπόστατον
3062 1198 3238 1266 Λόγον
3282 1196 3616 1266 γεγενῆσθαι
3656 1196 3711 1248 ὲν
3756 1195 3827 1264 τῷ

2248 1292 2492 1364 Χριστῷ,
2511 1292 2649 1347 ἀλλὰ
2663 1292 2837 1361 Λόγον
2871 1291 3027 1361 ἔλεγε
3055 1291 3155 1365 τὴν
3181 1291 3430 1345 κέλευσιν
3458 1290 3551 1343 καὶ
3574 1288 3638 1341 τὸ
3664 1289 3828 1358 πρόσ-

2248 1402 2465 1457 ταγμα*
2522 1388 2666 1441 τοῦτ’
2702 1384 2889 1451 ἐστιν,
2938 1386 3228 1439 ἐκέλευσεν
3264 1387 3293 1439 6
3332 1384 3466 1447 Θεὸς
3514 1381 3583 1436 δι’
3622 1381 3827 1435 ἐκείνου

2247 1479 2344 1533 τοῦ
2392 1477 2688 1551 ἀνθρώπου
2713 1521 2728 1547 ,
2768 1480 2797 1534 ὃ
2826 1477 3079 1533 ἐϐούλετο
3104 1519 3119 1542 ,
3153 1477 3248 1531 καὶ⁵
3301 1477 3501 1529 ἐποίει.
3545 1473 3683 1527 Ἀλλ’
3715 1473 3829 1527 οῦδὲ

2251 1571 2379 1643 περὶ
2414 1573 2515 1643 τὴν
2550 1573 2785 1643 θεότητα
2825 1572 2893 1626 τὰ
2921 1572 3060 1625 αὐτὰ
3099 1569 3322 1635 ἐδόξαζε
3342 1569 3421 1640 τῷ
3453 1567 3726 1637 Σαϐελλίῳ
3759 1583 3770 1595 ·
3802 1565 3829 1616 ὁ

2253 1664 2351 1734 μὲν
2387 1664 2494 1735 γὰρ
2550 1665 2837 1727 Σαϐέλλιος
2860 1706 2875 1729 ,
2910 1664 3002 1718 τὸν
3036 1664 3200 1718 αὑτὸν
3246 1662 3401 1731 ἔλεγε
3432 1662 3653 1732 Πατέρα
3676 1700 3690 1724 ,
3738 1660 3828 1713 καὶ

556 1754 663 1808 lius
702 1753 960 1809 eumdem
1006 1753 1225 1808 dicebat
1274 1770 1396 1810 esse
1444 1755 1686 1820 Patrem,
1734 1766 1791 1811 et
1831 1757 2055 1823 Filium,
2092 1770 2138 1814 et

2251 1756 2399 1821 Υίὸν,
2450 1758 2546 1811 καὶ
2600 1757 2761 1827 ἆγιον
2797 1755 3049 1827 Πνεῦμα,
3096 1756 3190 1809 καὶ
3244 1754 3557 1826 τριώνυμον
3602 1755 3829 1825 πρᾶγμα

558 1844 823 1915 Spiritum
854 1854 1130 1905 sanctum,
1163 1845 1450 1916 Deumque
1476 1863 1594 1901 rem
1628 1849 1757 1903 trini
1788 1850 2031 1905 nominis
2045 1867 2145 1921 ap-

2251 1849 2405 1919 ελεγε
2438 1852 2529 1903 τὸν
2558 1850 2691 1903 Θεόν
2711 1867 2725 1880 ·
2760 1848 2945 1902 ούκέτι
2974 1848 3183 1921 Τριάδα
3211 1846 3471 1912 δοξάζων.
3519 1846 3576 1899 Ὀ
3604 1846 3659 1899 δὲ
3687 1844 3827 1899 Παῦ-

556 1908 815 2004 pellabat,
837 1936 1044 1991 nullam
1072 1951 1306 2006 prorsus
1354 1908 1479 1992 esse
1514 1938 1847 1995 Trinitatem
1871 1908 2138 1999 statuens.

2253 1908 2365 2006 λος,
2387 1942 2448 1995 οὐ
2471 1942 2563 1997 τὸν
2587 1941 2750 1996 αὐτὸν
2772 1942 2927 2011 ἔλεγε
2964 1908 3204 2013 Πατέρα,
3236 1908 3332 1994 καὶ
3352 1908 3517 2006 νΥἱὸν,
3559 1940 3651 1993 καὶ
3684 1941 3832 2007 ἅγιον

556 2032 757 2087 Paulus
812 2047 967 2096 vero,
1010 2047 1120 2086 non
1174 2031 1433 2087 eumdem
1480 2032 1699 2086 dicebat
1728 2048 1848 2088 esse
1899 2035 2145 2103 Patrem,

552 2132 610 2178 et
644 2121 863 2189 Filium,
883 2123 1225 2194 etSpiritum
1256 2133 1545 2179 sanctum:
1584 2124 1680 2179 sed
1709 2126 1929 2181 Patrem
1961 2126 2147 2183 aiebat

556 2216 708 2269 illum
738 2231 861 2270 esse
898 2216 1072 2271 Deum
1098 2216 1192 2285 qui
1226 2216 1414 2270 omnia
1456 2226 1735 2283 creasset;
1776 2218 2002 2284 Filium,
2040 2234 2143 2288 pu-

557 2319 677 2357 rum
700 2304 856 2358 illum
891 2305 1207 2371 hominem;
1246 2304 1538 2375 Spiritum,
1572 2306 1723 2361 illam
1748 2307 1985 2378 gratiam
2018 2325 2142 2378 quae

553 2413 720 2467 super
761 2399 1044 2467 apostolos
1098 2400 1334 2455 venerit.
1389 2401 1488 2456 llis
1534 2402 1881 2471 temporibus
1928 2404 2144 2458 exstitit

552 2502 607 2547 et
631 2492 856 2547 Sabeltii
883 2503 1052 2559 secta,
1085 2494 1154 2548 de
1194 2510 1302 2563 qua
1332 2495 1499 2564 paulo
1546 2505 1675 2550 ante
1710 2496 1885 2550 locuti
1927 2512 2138 2553 sumus.

620 2584 710 2638 Ν.
751 2584 1026 2639 Czeterum
1062 2585 1412 2654 temporibus
1456 2585 1567 2640 illis
1612 2602 1734 2656 qua:
1774 2597 2145 2643 numerantur

552 2677 621 2730 ab
666 2676 883 2747 imperii
936 2676 1286 2732 Constantini
1319 2677 1617 2747 principio,
1655 2694 1831 2749 usque
1855 2679 1927 2734 ad
1976 2682 2145 2736 colle-

551 2769 789 2823 ctionem
817 2770 1013 2840 synodi
1047 2768 1517 2826 Chalcedonensis
1538 2810 1553 2835 ,
1590 2771 1649 2825 hi
1680 2771 1941 2829 doctores
1961 2782 2017 2829 et
2038 2774 2141 2829 Pa—

554 2871 664 2915 tres
695 2859 983 2915 vixerunt:
1020 2860 1291 2916 Silvester
1327 2862 1629 2932 episcopus
1677 2864 1983 2930 Romanus,
2011 2867 2139 2921 Ale-

553 2951 761 3007 xander
788 2953 1084 3023 episcopus
1111 2952 1542 3021 Alexandrinus,
1590 2956 1919 3013 Eustathius
1944 2958 2142 3014 Antio—

549 3043 783 3107 cheuus,
805 3043 1143 3099 Athanasius
1166 3044 1596 3111 Alexandrinus,
1622 3048 1804 3103 Julius
1829 3050 2137 3119 Romanus,

550 3134 861 3190 Alexander
887 3134 1563 3206 Constantinopolitanus,
1596 3137 1839 3195 Hilarius
1883 3142 2139 3199 Pictavo-

2249 2033 2514 2105 Πνεῦμα·
2583 2033 2720 2087 ἀλλὰ
2771 2034 2992 2103 Πατέρα
3049 2033 3150 2103 μὲν
3204 2032 3358 2101 ἔλεγε
3416 2031 3509 2085 τὸν
3551 2030 3704 2093 Θεὸν,
3746 2028 3831 2081 τὸν

2250 2130 2433 2182 πάντα
2479 2127 2975 2198 δημιουργήσαντα
3000 2142 3013 2156 '
3048 2125 3176 2179 Υίὸν
3204 2125 3283 2191 δὲ,
3316 2124 3407 2178 τὸν
3430 2123 3715 2195 ἄνθρωπον
3744 2120 3830 2201 τὸν

2244 2219 2429 2289 ψιλόνο
2478 2218 2707 2290 Πνεῦμα
2754 2218 2851 2283 δὲ,
2899 2218 3000 2289 τὴν
3036 2218 3473 2287 ἐπιφοιτήσασαν
3517 2216 3677 2288 χάριν
3725 2214 3831 2275 τοῖς

2246 2312 2588 2375 ἀποστόλοις.
2627 2312 2716 2365 Ἐν
2746 2313 2860 2374 τοῖς
2885 2310 3100 2383 χρόνοις
3129 2311 3185 2364 δὲ
3218 2310 3432 2374 τούτοις
3460 2310 3557 2363 καὶ
3579 2311 3612 2379 ἡ
3642 2306 3830 2362 Σαϐελ-

2245 2402 2361 2455 λίου
2394 2402 2609 2473 αἵρεσις
2656 2400 2900 2470 ἐγένετο,
2939 2403 3073 2475 περὶ
3110 2398 3177 2476 ἦς
3223 2404 3281 2456 ὲν
3310 2403 3425 2465 τοῖς
3472 2398 3830 2474 προλαϐοῦσιν

2247 2497 2573 2568 εἰρήκαμεν.

2329 2590 2418 2643 Ἐν
2440 2588 2498 2642 δὲ
2527 2588 2643 2651 τοῖς
2676 2586 2891 2660 χρόνοις
2916 2590 3029 2652 τοῖς
3060 2586 3171 2641 ἀπὸ
3195 2586 3299 2657 τῆς
3331 2588 3513 2659 ἀρχῆς
3551 2586 3648 2658 τῆς
3684 2584 3829 2656 βασι-

2244 2679 2395 2741 λείας
2449 2680 2889 2743 Κωνσταντίνου,
2947 2680 3075 2751 ἄχρι
3134 2678 3231 2732 τοῦ
3288 2680 3597 2749 κινήματος
3640 2680 3737 2748 τῆς
3775 2678 3830 2729 ἐν

2246 2771 2549 2841 Χαλκηδόνι
2582 2771 2825 2837 συνόδου,
2851 2772 3099 2840 ἐγένοντο
3124 2771 3442 2825 διδάσκαλοι
3475 2774 3568 2825 καὶ
3601 2771 3826 2840 πατέρες

2245 2864 2391 2917 οἵδε·
2438 2863 2763 2933 Σίλὸεστρος
2813 2862 3037 2935 Ῥώμης
3080 2864 3419 2931 ἐπίσκοπος,
3488 2864 3828 2934 Ἀλέξανδρος

2248 2954 2548 3019 ἐπίσκοπος
2617 2954 3068 3027 Ἀλεξανδρείας,
3112 2956 3413 3015 Εὐστάθιος
3480 2954 3826 3027 Ἀντιοχείας.

2260 3047 2575 3111 Ἀθανάσιος
2640 3048 3087 3118 Ἀλεξανδρείας,
3127 3048 3349 3113 Ἰούλιος
3386 3049 3609 3119 Ῥώμης
3635 3091 3650 3115 ,
3688 3047 3826 3106 Ἀλε-

2246 3137 2470 3210 ξανδρος
2524 3139 3180 3207 Κωνσταντινουπόλεως,
3238 3141 3471 3212 Ἰλάριος
3511 3140 3823 3201 Πικτάὸων,

549 3243 672 3282 rum
700 3228 890 3284 Galliae
918 3229 1178 3296 civitatis,
1204 3231 1533 3289 Ambrosius
1560 3233 2010 3303 Mediolanensis,
2034 3237 2138 3293 Ba-

2247 3231 2457 3295 πόλεως
2484 3230 2587 3302 τῆς
2622 3231 2915 3297 Γαλατίας,
2951 3232 3283 3305 Ἀμϐρόσιος
3319 3232 3689 3298 Μεδιολάνων,
3728 3231 3827 3284 Βα-

548 3320 706 3375 silius
738 3320 1001 3376 Caesareae
1054 3321 1437 3393 Cappadociae,
1488 3324 1794 3395 Gregorius
1836 3328 2142 3401 Nyssenus,

548 3413 852 3484 Gregorius
889 3415 1299 3484 Nazianzenus,
1365 3419 1790 3489 Amphilochius
1813 3422 2140 3492 Iconiensis,

546 3504 855 3559 Antiochus
897 3506 1259 3563 Ptolemaidis
1299 3510 1490 3580 oppidi
1536 3511 1857 3581 thniciae,
1888 3514 2143 3574 Gelasius

545 3593 812 3650 Caesareae
836 3596 1170 3665 Palaastinze,
1225 3598 1538 3665 Nectarius,
1588 3602 1825 3670 Atticus,
1874 3604 2140 3675 Joannes,

546 3686 799 3751 Proclus,
824 3696 882 3743 et
912 3688 1233 3758 Flavianus,
1281 3692 1924 3765 Constantinopolitani:
1968 3699 2141 3754 Seve-

548 3776 738 3831 rianus
768 3777 1129 3848 Gabalorum,
1170 3783 1519 3854 Epiphanius
1552 3785 1745 3858 Cypri,
1795 3789 2141 3860 Augustinus

548 3866 823 3939 llipponis
865 3872 1106 3929 civitatis
1149 3874 1368 3942 Africae,
1417 3878 1760 3950 TbeOphilus
1797 3878 2138 3955 et'Cyrillus,

546 3961 930 4020 Alexandrini.
956 3965 1070 4021 Hos
1096 3966 1265 4037 igitur
1288 3983 1487 4025 omnes
1505 3972 1803 4045 episcopos
1842 3985 2006 4031 sectae
2036 3994 2137 4048 po-

545 4054 810 4111 steriores
852 4055 993 4127 ipsis
1046 4060 1346 4129 recipiunt,
1387 4069 1445 4115 at
1493 4078 1605 4118 non
1657 4066 1850 4122 itidem
1896 4069 2135 4139 priores.

547 4145 775 4201 Exstitit
802 4156 990 4204 autem
1024 4150 1212 4205 statim
1246 4151 1366 4221 ipso
1419 4152 1789 4212 Constantino
1828 4158 2138 4229 imperante

543 4238 662 4293 Arii
696 4239 945 4307 hzeresis,
988 4242 1087 4312 qui
1113 4243 1341 4313 quidem
1390 4254 1447 4301 et
1492 4247 1642 4303 circa
1678 4250 2050 4319 divinitatem,
2082 4264 2139 4311 et

544 4332 691 4386 circa
723 4342 977 4389 naturam
1022 4337 1321 4392 humanam
1370 4341 1612 4396 errabat.
1667 4344 1825 4400 Circa
1877 4347 2139 4404 divinita-

544 4432 674 4490 tem,
693 4425 823 4494 quia
838 4425 1038 4483 Filium
1051 4429 1275 4487 dicebat
1293 4449 1413 4490 esse
1433 4436 1527 4491 Dei
1545 4445 1815 4505 creatum,
1835 4439 2137 4512 itidemque

544 4516 813 4585 Spiritum
841 4529 1094 4577 sanctum
1117 4541 1131 4591 ;
1154 4526 1303 4581 circa
1328 4527 1791 4597 incarnationem,
1826 4534 1956 4602 quia
1975 4534 2136 4591 Chri-

2247 3323 2449 3387 σίλειος
2496 3324 2837 3395 Καισαρείας
2895 3323 2998 3393 τῆς
3047 3324 3489 3389 Καππαδοκίας,
3534 3323 3825 3395 Γρηγόριος

2242 3416 2489 3488 Νύσσης,
2516 3416 2821 3488 Γρηγόριος
2854 3418 2881 3470 ὁ
2926 3416 3260 3481 Ναζιανζοῦ,
3303 3417 3660 3488 Ἀμφιλόχιος
3702 3417 3826 3469 Ἰκο-

2243 3508 2393 3575 νίων,
2462 3509 2737 3579 Ἀντίοχος
2796 3508 3190 3579 Πτολεμαΐδος,
3238 3510 3339 3580 τῆς
3378 3511 3527 3564 κατὰ
3559 3509 3824 3576 Φοινίκην,

2242 3601 2503 3666 Γελάσιος
2529 3602 2872 3674 Καισαρείας
2903 3602 3272 3673 Παλαιστίνης
3294 3642 3309 3668 ,
3340 3602 3670 3675 Νεκτάριος,
3711 3602 3826 3653 Ἀτ-

2240 3694 2412 3759 τικὸς,
2464 3695 2717 3765 Ἰωάννης
2751 3695 2842 3766 (c),
2879 3693 3157 3766 Πρόκλος,
3188 3694 3282 3748 καὶ
3309 3694 3644 3758 Φλαϐιανὸς,
3677 3695 3826 3747 Κων-

2244 3788 2743 3852 σταντινουπὸλεως
2767 3805 2780 3818 °
2816 3788 3148 3859 Σεόηριανὸς
3174 3787 3460 3855 Γαὸάλων,
3517 3789 3824 3857 Ἐπιφάνιος

2242 3879 2508 3951 Κύπρου,
2560 3880 2925 3948 Αὐγουστῖνος
2986 3878 3249 3950 Ἰππόνης
3300 3880 3403 3950 (d)
3469 3879 3682 3943 πόλεως
3737 3877 3823 3946 τῆς

2254 3972 2522 4044 Ἀφρικῆς
2546 4014 2562 4041 ,
2596 3972 2858 4041 Θεόφιλος
2898 3974 2995 4027 καὶ
3033 3971 3303 4043 Κύριλλος
3324 4012 3339 4038 ,
3401 3970 3821 4043 Ἀλεξανδρείας.

2240 4064 2478 4130 Τούτους
2499 4058 2593 4119 οῦν
2622 4066 2830 4128 πάντας
2857 4065 2983 4129 τοὺς
3015 4066 3347 4129 ἐπισκόπους
3390 4068 3447 4120 αἱ
3486 4066 3606 4138 μετ’
3635 4064 3824 4126 αὐτοὺς

2239 4157 2481 4230 αἱρέσεις
2510 4157 2782 4228 δέχονται,
2810 4158 2864 4211 αί
2899 4157 2955 4210 δὲ
2983 4156 3090 4227 πρὸ
3121 4158 3303 4211 αὐτῶν
3324 4157 3537 4215 οὐκέτι.
3583 4158 3823 4227 Ἐγένετο

2235 4247 2293 4301 δὲ
2327 4246 2529 4313 εὐθέως
2560 4249 2618 4299 ὲν
2650 4248 2789 4318 αὐτῇ
2824 4250 2889 4320 τῇ
2920 4246 3171 4318 βασιλεία
3202 4249 3699 4319 Κωνσταντίνου,ἡ
3731 4246 3819 4300 τοῦ

2250 4340 2463 4413 Ἀρείου
2509 4340 2721 4411 αἵρεσις
2742 4356 2758 4371 ⁸
2810 4341 2960 4404 ὅστις
2988 4341 3241 4412 καὶπερὶ
3283 4342 3382 4413 τὴν
3431 4343 3666 4415 θεότητα
3687 4383 3700 4407 ,
3735 4340 3821 4395 καὶ

2238 4436 2370 4508 περὶ
2412 4434 2511 4506 τὴν
2560 4434 2959 4505 ἁνθρωπότητα
3015 4434 3342 4503 ἐσφάλλετο,
3390 4436 3533 4507 Περὶ
3583 4437 3679 4507 μὲν
3728 4434 3821 4504 τὴν

2239 4530 2491 4601 θεότητα,
2526 4529 2607 4582 ὅτι
2635 4528 2788 4596 ἔλεγε
2823 4527 3033 4598 κτίσμα
3062 4523 3205 4580 εἶναι
3229 4527 3321 4581 ¹τοῦ
3356 4527 3525 4595 Θεοῦ,
3554 4530 3645 4582 τὸν
3675 4528 3815 4588 Υίὸν,

543 4608 613 4662 sti
647 4626 851 4680 corpus
878 4613 1063 4669 aiebat
1097 4616 1406 4674 inanimum
1465 4637 1610 4687 esse,
1667 4624 1724 4677 in
1760 4640 1874 4693 quo
1938 4628 2136 4684 anima:

2242 4622 2335 4677 καὶ
2387 4622 2449 4674 τὸ
2486 4620 2642 4690 ἆγιον
2678 4619 2901 4689 Πνεῦμα
2932 4636 2946 4650 ·
2998 4619 3127 4690 περὶ
3160 4620 3219 4673 δὲ
3255 4620 3357 4690 τὴν
3385 4621 3814 4693 ἐνανορώπησιν,

542 4698 664 4753 loco
721 4699 917 4755 Sermo
946 4704 1323 4777 principatum
1381 4710 1714 4769 obtinuerit.
1776 4716 1893 4772 Hoc
1946 4729 2133 4777 autem

542 4800 835 4860 propterea
891 4794 1133 4863 dicebat,
1165 4802 1429 4869 quoniam
1471 4805 1812 4864 conduceret
1850 4810 1918 4865 ad
1953 4814 2132 4868 stabi-

541 4882 786 4938 liendum
825 4886 1000 4957 ipsius
1029 4889 1098 4945 de
1131 4891 1404 4949 Trinitate
1428 4894 1649 4968 dogma,
1670 4900 1814 4957 sicut
1837 4907 2133 4965 ostendere

541 4990 858 5045 possumus.
890 4981 1166 5039 Probabat
1220 4994 1431 5051 autem,
1483 4990 1685 5047 Filium
1746 4996 2130 5071 Spiritumque

539 5077 788 5124 sanctum
816 5087 940 5128 esse
958 5074 1051 5130 Dei
1084 5087 1292 5144 creata,
1327 5081 1441 5137 sive
1469 5085 1710 5153 opiticia,
1740 5088 1808 5144 de
1843 5105 2125 5149 sacrarum

538 5159 878 5219 Litterarum
938 5169 1273 5237 quibusdam
1326 5176 1777 5235 auctoritatibus.
1830 5182 1923 5239 Ait
1951 5186 2122 5251 enim,

537 5251 763 5310 Petrum
826 5256 883 5312 in
932 5258 1085 5318 Actis
1109 5266 1490 5333 apostolorum
1524 5269 1738 5327 dicere:
1800 5274 1955 5331 Certo
1990 5280 2125 5333 sciat

538 5347 784 5403 universa
812 5350 1188 5409 Israelitarum
1215 5356 1447 5426 familia,
1465 5362 1604 5430 quod
1631 5362 1768 5418 Deus
1791 5366 1927 5419 hunc
1942 5367 2123 5421 Iesum

537 5454 690 5505 quem
743 5459 831 5495 vos
883 5445 939 5498 in
996 5464 1201 5501 crucem
1252 5451 1447 5520 egistis,
1503 5452 1791 5510 Dominum
1814 5457 2123 5526 ’.Christum-

539 5550 636 5600 que
650 5536 831 5604 fecerit
866 5541 928 5593 “.
950 5541 1019 5595 Et
1048 5559 1261 5608 rursus,
1317 5544 1640 5615 Apostolum
1677 5549 1729 5604 in
1774 5552 2023 5621 Epistola
2053 5555 2121 5609 ad

512 5622 795 5685 .llebrzeos
818 5633 1517 5708 scripsisse:Quapropter,
1552 5646 1724 5697 sanrti
1758 5645 1973 5713 fratres,
2006 5663 2123 5700 (οη-

613 5784 655 5813 "
693 5787 814 5841 Act.
855 5806 912 5853 ιι,
936 5793 1024 5845 56.

616 5922 681 5988 (ι’)
727 5925 915 5981 Ἰωάν.
944 5931 1395 6001 Chrysostomunl
1427 5941 1670 6013 intelligo

2234 4715 2319 4768 ὃτι
2352 4715 2413 4767 τὸ
2440 4714 2599 4785 σῶμα
2637 4712 2729 4765 τοῦ
2770 4711 3011 4782 Χριστοῦ
3052 4712 3237 4781 ἔλεγεν
3276 4712 3487 4786 ἄψυχον
3527 4710 3685 4769 εἶναι’
3723 4713 3815 4783 ἄρ-

2234 4824 2351 4877 χειν
2404 4806 2514 4878 γὰρ
2558 4805 2744 4874 ἔλεγεν
2783 4807 2841 4858 ὲν
2892 4804 3043 4875 αὐτῷ
3089 4806 3213 4859 ἀντὶ
3260 4806 3441 4879 ψυχῆς
3486 4808 3582 4862 τὸν
3626 4807 3810 4873 Λόγον.

2234 4899 2404 4954 Τοῦτο
2427 4900 2485 4954 δὲ
2520 4898 2724 4968 ἔλεγεν,
2755 4898 2944 4971 ἐπειδὴ
2970 4900 3328 4955 συνεϐάλλετο
3354 4901 3507 4973 αὐτῷ
3541 4903 3621 4965 είς
3645 4900 3812 4969 δόγμα

2231 4994 2333 5065 τῆς
2366 4992 2597 5065 Τριάδος
2618 5034 2633 5058 ,
2658 4992 2733 5056 ὡς
2778 4991 2974 5063 ἔχομεν
3012 4993 3203 5058 δεῖξαι.
3266 4995 3588 5051 Ἐπιστοῦτο
3614 4995 3670 5048 δὲ
3692 5035 3705 5059 ,
3736 4994 3812 5045 ὃτι

2235 5084 2513 5157 κτίσματά
2540 5087 2647 5139 είσι
2684 5085 2821 5139 Θεοῦ
2845 5125 2859 5152 ,
2900 5087 3020 5157 ἦτοι
3050 5088 3338 5158 ποιήματα
3362 5128 3377 5152 ,
3416 5090 3445 5141 6
3470 5088 3598 5151 Υἱὸς
3632 5087 3722 5140 καὶ
3757 5083 3812 5136 τὸ

2233 5178 2388 5249 ἅγιον
2427 5178 2654 5252 Πνεῦμα
2678 5220 2693 5245 ,
2726 5180 2836 5235 ἀπὸ
2882 5181 3132 5253 χρήσεών
3171 5198 3335 5236 τινων
3363 5182 3465 5252 τῆς
3496 5183 3654 5250 ἁγίας
3678 5181 3811 5249 Γρα-

2233 5273 2361 5343 φῆς.
2399 5273 2563 5342 Λέγει
2594 5274 2705 5344 γὰρ
2725 5312 2740 5338 ,
2768 5272 2844 5337 ὥς
2889 5291 3055 5344 φησιν
3082 5316 3096 5340 ,
3133 5276 3160 5327 6
3192 5274 3399 5346 Πέτρος
3436 5276 3496 5329 ἐν
3522 5278 3641 5338 ταῖς
3667 5271 3810 5343 Πρά-

2231 5366 2347 5435 ξεσι
2396 5365 2505 5419 τῶν
2540 5366 2853 5420 ἀποστόλων
2887 5382 2899 5397 ⁸
2966 5368 3289 5437 Ἀσφαλῶς
3320 5363 3435 5423 οὖν
3476 5365 3809 5439 γινωσκέτω

2231 5459 2351 5526 πᾶς
2396 5455 2559 5525 οἶκος
2601 5459 2869 5527 Ἰσραὴλ,
2910 5459 3001 5513 ὅτι
3033 5461 3251 5530 Κύριον
3282 5460 3378 5515 καὶ
3424 5458 3681 5529 Χριστὸν
3705 5456 3805 5508 αὺ-

2232 5553 2337 5606 τὸν
2366 5553 2657 5620 ἐποίησεν
2681 5556 2713 5607 ό
2742 5554 2885 5619 Θεὸς
2908 5554 3123 5608 τοῦτον
3146 5553 3620 5623 τὸνἾηο-οῦηόν
3652 5548 3801 5619 ὑμεῖς

2229 5646 2668 5715 ἑσταιιοώσατε.
2707 5648 2815 5703 Καὶ
2862 5648 3022 5703 πάλιν
3062 5651 3089 5703 ὁ
3127 5648 3447 5712 Ἀπόστολος
3474 5648 3533 5703 ἐν
3575 5648 3639 5717 τῇ
3675 5641 3801 5714 πρὸς

2303 5948 2377 6021 (τί)
2423 5948 2728 6017 Ἰππόνης.
2767 5948 3051 6014 ἰππὼνος.
