4148 6470
341 426 478 490 221'!

1555 417 1652 478 DE
1694 417 1974 478 SECTIS.
2011 441 2078 450 -
2115 415 2274 477 ACT.
2315 404 2419 475 CIV.

3495 404 3630 467 1218

351 534 644 608 Ἐὁραίους
702 531 1031 602 Ἐπιστολῇ·
1073 531 1264 596 Ὅθεν,
1299 528 1550 598 ἀδελφοὶ
1589 528 1764 599 ἅγιοι,
1797 527 1944 597 κλή-

2053 535 2212 580 sortes
2268 524 2557 579 vocationis
2609 523 2866 587 caelestis,
2927 523 3256 576 considerate
3318 521 3631 595 Apostolqu

337 648 498 695 σεως
560 627 931 694 ἐπσιιρανίου
987 624 1232 694 μέτοχοι
1259 663 1274 688 ,
1346 624 1766 688 κατανοήσατε
1833 623 1942 674 τὸν

351 717 726 772 Ἀπόστολον
765 714 864 767 καὶ
928 714 1222 784 Ἂρχιερέα
1257 713 1373 782 τῆς
1414 714 1740 782 ὁμολογίαι,-
1770 713 1942 782 ἡμῶν

353 807 605 876 Ἰησοῦν
633 848 646 870 ,
676 804 899 859 ,πιστὸν
939 805 1086 858 ὄντα
1130 802 1212 869 τῷ
1240 802 1564 870 ποιήσαντι
1589 803 1797 857 αὐτόν.
1829 803 1941 855 Καὶ

339 903 504 966 αὐτὸς
549 902 610 956 δὲ
657 902 686 953 6
734 900 941 970 Κύριος
988 901 1046 952 ὲν
1082 901 1195 963 τοῖς
1225 897 1581 967 Εὐαγγελίοις
1625 896 1791 968 φησίν
1818 913 1831 926 ·
1878 897 1941 947 '0

337 995 720 1060 ἀποστείλας
761 1009 838 1062 με
873 992 1098 1060 Πατὴρ,
1138 990 1353 1061 μείζων
1377 991 1496 1060 μού
1546 990 1699 1043 ἐστι.
1737 986 1941 1041 Τοῦτον

338 1092 397 1145 δὲ
428 1087 837 1160 ἀνατρέπουσιν
871 1086 920 1138 οἱ
952 1085 1100 1153 ἆγιοι
1127 1085 1396 1156 Πατέρες,
1428 1083 1527 1136 καὶ
1563 1081 1779 1152 πρῶτον
1815 1081 1938 1151 μὲν,

343 1181 599 1244 ἐναντίας
624 1178 831 1231 τούτων
860 1176 968 1230 τῶν
993 1177 1245 1247 χρήσεων
1278 1174 1711 1246 παραφέρουσινο
1753 1173 1942 1226 ἔπειτα

341 1270 400 1324 δὲ
453 1269 548 1323 καὶ
590 1267 797 1329 ταύτας
835 1267 934 1330 τὰς
973 1265 1401 1337 παρενεχθείσας
1448 1264 1508 1330 ἐξ
1552 1264 1735 1319 αὐτῶν
1777 1263 1942 1334 θερα-

343 1363 628 1427 πεύοντες.
674 1361 955 1426 Ἐναντίας
990 1361 1088 1431 μὲν
1111 1401 1126 1426 ,
1167 1361 1196 1414 ὃ
1225 1377 1277 1414 τι
1305 1360 1472 1429 φησὶν
1505 1360 1757 1429 Ἰωάννης
1778 1374 1793 1389 .
1839 1359 1943 1413 Ἐν

345 1457 505 1528 ἀρχῇ
548 1452 628 1527 ἦν
655 1458 688 1510 ό
720 1457 930 1524 Λόγος,
973 1453 1069 1507 καὶ
1106 1453 1296 1524 Λόγος
1335 1447 1416 1522 ἥν
1444 1452 1596 1522 πρὸς
1624 1453 1732 1507 τὸν
1770 1452 1941 1517 Θεὸν,

347 1551 450 1605 καὶ
515 1549 663 1615 Θεὸς
723 1544 802 1618 ἦν
855 1550 888 1601 ὁ
932 1546 1143 1614 Λόγος.
1204 1545 1315 1599 Καὶ
1368 1546 1531 1600 πάλιν
1578 1548 1636 1599 ἐν
1685 1548 1751 1618 τῇ
1805 1545 1943 1617 πρὸς

360 1644 650 1714 Ἐϐραίους
689 1639 978 1710 Ἐπιστολῇ
1030 1639 1160 1710 περὶ
1193 1637 1286 1691 τοῦ
1326 1637 1458 1692 Υίοῦ
1506 1639 1677 1706 λέγει,
1716 1640 1744 1692 6
1784 1638 1946 1691 Ἀπό-

352 1737 541 1800 στολος
587 1752 601 1767 ο
662 1737 761 1801 Ὃς
811 1733 898 1787 ὢν
941 1733 1313 1802 ἀπαύγασμα
1372 1731 1485 1800 τῆς
1550 1732 1769 1800 δόξης,
1845 1731 1946 1785 καὶ

351 1827 662 1900 χαρακτὴρ
715 1825 828 1894 τῆς
865 1824 1264 1890 ὑποστάσεως
1297 1825 1506 1878 αὐτοῦ.
1550 1823 1612 1878 Ei
1644 1825 1699 1876 δὲ
1729 1819 1798 1895 ἦν
1827 1825 1945 1877 κτί-

352 1938 486 1991 σμα,
527 1919 666 1974 ἀλλὰ
705 1917 780 1989 μὴ
814 1917 1064 1986 γέννημα
1090 1915 1184 1968 τοῦ
1213 1914 1350 1968 Θεοῦ
1385 1918 1412 1970 6
1439 1916 1680 1989 Χριστὸς
1704 1955 1719 1979 ,
1745 1915 1845 1968 οὐκ
1878 1915 1943 1969 ἂν

351 2011 498 2084 εἶχεν
521 2008 664 2065 εἶναι
689 2009 979 2081 χαρακτὴρ
1008 2009 1104 2061 καὶ
1131 2008 1476 2080 ἀπαύγασμα
1511 2008 1606 2062 τοῦ
1639 2008 1798 2062 Θεοῦ.
1835 2008 1946 2061 Καὶ

351 2105 515 2168 αὐτὸς
557 2104 615 2156 δὲ
660 2105 689 2156 6
735 2101 935 2173 Κύριός
982 2117 1147 2168 φησιν
1174 2115 1190 2129 ⁶
1243 2098 1385 2169 Ἐγὼ
1418 2100 1518 2153 καὶ
1558 2101 1592 2152 ὁ
1631 2099 1834 2167 Πατὴρ
1876 2098 1946 2152 ἐν

350 2203 563 2270 ἐσμεν.
613 2196 729 2251 Καὶ
761 2194 906 2249 οὓτω
957 2194 1056 2266 μὲν
1101 2195 1211 2248 ἀπὸ
1244 2193 1353 2247 τῶν
1401 2194 1658 2249 ἐναντίων
1695 2194 1946 2266 χρήσεων

351 2295 728 2366 ἀνατρέπουσι
752 2292 843 2346 τὸν
873 2293 1115 2361 Ἀρειον.
1149 2289 1516 2363 Θεραπεύουσι
1545 2289 1602 2342 δὲ
1626 2289 1726 2353 τὰς
1757 2289 1817 2354 ἐξ
1843 2289 1946 2343 αὐ·

351 2390 464 2442 τῶν
520 2386 975 2460 παρενεχθείσας,
1027 2388 1257 2455 τοιούτῳ
1300 2383 1485 2454 λόγῳ,
1532 2383 1614 2436 ὅτι
1641 2385 1669 2436 6
1696 2382 1824 2446 Υἱὸς
1850 2380 1946 2435 τοῦ

352 2482 492 2536 Θεοῦ
521 2483 704 2537 πάντα
741 2481 1036 2550 ὑπομεῖναι
1079 2475 1352 2545 ἀξιώσας,
1399 2477 1474 2540 ὡς
1507 2475 1816 2548 ἄνθρωπος,
1847 2477 1949 2529 οὐκ

352 2576 638 2648 ἀπηξίωσε
698 2575 796 2628 καὶ
838 2572 1064 2644 μείζονα
1111 2570 1278 2625 αὑτοῦ
1329 2572 1504 2624 εἰπεῖν
1553 2569 1647 2623 τὸν
1702 2569 1946 2641 Πατέρα.

355 2671 526 2723 Ὅταν
561 2667 662 2739 μὲν
690 2663 785 2720 οὖν
811 2665 1024 2735 ποίημα
1053 2662 1213 2716 αὑτὸν
1258 2663 1400 2734 καλῇ
1437 2663 1466 2714 6
1510 2661 1854 2725 Ἀπόστολος,
1887 2661 1948 2714 οὐ

353 2762 491 2834 πρὸς
529 2760 631 2833 τὴν
675 2759 907 2829 θεότητα
935 2755 1261 2811 ἀποϐλέπων
1288 2795 1303 2819 ,
1343 2753 1518 2814 οὕτως
1568 2754 1732 2808 αὑτὸν
1770 2753 1948 2819 καλεῖ,

351 2855 495 2910 ἀλλὰ
533 2854 676 2925 πρὸς
697 2851 801 2924 τὴν
849 2849 1280 2920 ἀνθρωπότηταο
1332 2847 1469 2903 καθὸ
1511 2847 1610 2919 μὲν
1639 2847 1747 2919 γὰρ
1795 2846 1948 2910 Θεὸς,

352 2947 607 3017 γέννημά
632 2946 747 2998 ἐστι
774 2941 935 3006 Θεοῦ,
971 2941 1280 3010 οῦς-ποίημα
1308 2957 1322 2972 ·
1369 2939 1507 2993 καθὸ
1551 2939 1607 2991 δὲ
1641 2937 1949 3008 ἄνθρωπος,

352 3039 592 3109 ποίημα,
628 3036 724 3090 καὶ
752 3034 1075 3096 ἀπόστολος,
1099 3033 1191 3086 καὶ
1214 3032 1314 3084 ὅσα
1341 3030 1587 3084 τοιαῦτα.
1611 3029 1722 3083 Καὶ
1754 3028 1950 3093 ἰστέον,

353 3133 438 3185 ὅτι
472 3131 536 3184 τὸ
567 3129 746 3199 δόγμα
771 3127 872 3198 τῆς
901 3125 1181 3197 ἡμετέρας
1221 3122 1551 3193 Ἐκκλησίας
1573 3122 1710 3187 ἐστὶ,
1741 3121 1801 3174 τὸ
1824 3123 1954 3175 ἀνα-

2043 617 2195 671 illum
2219 616 2636 685 Pontiﬁcemque
2659 617 2995 686 confessionis
3045 623 3242 670 nostra:
3275 615 3476 677 Jesum,
3499 614 3632 681 ﬁde-

2046 712 2147 766 lem
2176 713 2223 765 ei
2244 712 2333 782 qui
2364 712 2482 780 fecit
2523 728 2641 764 eum
2672 711 2739 763 ’³.
2776 712 3069 774 Praeterea,
3119 711 3415 772 Dominum
3448 710 3628 779 ipsum

2046 805 2102 858 in
2134 802 2451 872 Evangeliis
2490 803 2720 857 dicere:
2751 802 2854 868 Qui
2891 819 2974 856 me
3028 803 3168 856 elisit
3216 802 3404 865 Pater,
3454 802 3630 871 major

2045 912 2125 948 me
2163 904 2238 948 est
2267 895 2333 947 “.
2373 893 2482 948 Sed
2513 893 2756 949 refutant
2777 910 2906 949 eum
2934 895 3108 950 sancti
3165 895 3386 959 Patres;
3421 909 3484 946 ac
3516 893 3629 961 pri-

2046 1000 2136 1038 mo
2160 985 2408 1053 quidem,
2461 985 2828 1040 auctoritates
2886 986 3038 1041 hisee
3084 987 3391 1042 contrarias
3443 986 3629 1055 profe-

2044 1089 2210 1132 runt:
2243 1079 2443 1132 deinde
2471 1079 2570 1133 has
2601 1080 2750 1148 ipsas
2778 1095 3002 1148 quoque
3049 1079 3350 1148 productas
3372 1079 3441 1132 ab
3477 1079 3636 1132 Aria-

2045 1170 2130 1222 nis
2155 1179 2375 1225 sanant.
2404 1171 2731 1226 Contrarias
2762 1172 2986 1241 quidem
3014 1212 3028 1235 ,
3071 1171 3220 1239 quod
3261 1172 3503 1226 Joannes
3544 1170 3632 1223 di-

2044 1265 2218 1318 xerit:
2243 1265 2307 1318 In
2339 1266 2598 1336 principio
2630 1274 2747 1319 erat
2778 1265 2984 1330 Sermo,
3005 1273 3055 1317 et
3106 1263 3291 1318 Sermo
3326 1273 3441 1318 erat
3491 1265 3635 1335 apud

2045 1357 2237 1423 Deum,
2290 1367 2338 1411 et
2395 1358 2582 1412 Sermo
2607 1358 2699 1412 ille
2759 1357 2895 1415 Deus
2934 1368 3051 1412 erat
3099 1359 3265 1413 ".Ac
3329 1373 3526 1412 rursus
3578 1357 3633 1410 in

2046 1451 2298 1520 Epis-tol’a
2319 1451 2385 1506 ad
2424 1452 2690 1507 llebrmos
2717 1451 2786 1505 de
2819 1451 2962 1506 Filio
2987 1451 3125 1505 dicit
3148 1451 3482 1520 Apostolus:
3533 1449 3636 1515 Qui

2046 1543 2231 1596 radius
2259 1552 2334 1596 est
2360 1543 2679 1612 majestatis,
2709 1550 2757 1596 et
2789 1542 2978 1613 efﬁgies
3009 1542 3321 1595 substantia:
3357 1540 3540 1594 Patris
3569 1541 3634 1593 ³⁸.

2045 1633 2205 1701 Quod
2241 1635 2286 1688 si
2319 1644 2591 1700 creatum,
2625 1650 2737 1688 non
2765 1635 2987 1689 soboles
3011 1633 3108 1688 Dei
3139 1634 3396 1689 Christus
3449 1643 3635 1694 esset;

2047 1748 2157 1787 non
2184 1731 2411 1786 caderet
2453 1731 2507 1784 in
2552 1747 2702 1796 eum,
2757 1745 2881 1785 esse
2917 1730 3015 1785 Dei
3052 1737 3166 1783 tum
3217 1727 3476 1799 efligicm,
3520 1736 3635 1780 tum

2048 1829 2290 1883 radium.
2323 1827 2465 1894 Quin
2495 1836 2552 1881 et
2584 1830 2702 1895 ipse
2728 1827 2995 1882 Dominus
3042 1827 3160 1881 ait:
3219 1825 3328 1896 Ego
3384 1836 3432 1879 et
3477 1825 3638 1878 Pater

2048 1939 2214 1975 imum
2236 1939 2418 1976 sumus
2455 1922 2521 1975 ’⁷.
2552 1921 2620 1976 Ει
2651 1922 2757 1975 hoc
2788 1920 3016 1991 quidem
3046 1919 3213 1973 modo
3240 1935 3339 1988 per
3389 1920 3637 1974 auctori-

2047 2022 2189 2068 tates
2215 2014 2526 2068 contrarias
2573 2013 2764 2068 Arium
2806 2012 3066 2066 refutant.
3109 2011 3404 2066 Productis
3453 2021 3638 2066 autem

2046 2122 2147 2177 per
2172 2107 2424 2171 Arianos,
2453 2123 2613 2177 opem
2644 2107 2750 2161 hac
2774 2106 2985 2161 ratione
3022 2105 3247 2171 ferunt;
3286 2107 3434 2176 quod
3466 2106 3642 2160 Filius

2048 2200 2146 2256 Dei
2178 2201 2416 2262 scilicet.
2471 2200 2656 2255 omnia
2701 2201 2979 2256 sustinere
3026 2201 3308 2272 dignatus.
3341 2209 3402 2255 ut
3436 2200 3602 2255 homo
3625 2245 3638 2264 ,

2047 2307 2160 2346 non
2184 2293 2351 2346 etiam
2385 2292 2719 2364 dedignatus
2766 2293 2859 2358 sit,
2891 2294 3107 2348 Patrem
3157 2309 3216 2348 se
3267 2294 3532 2365 majorem
3561 2295 3646 2348 di-

2050 2399 2196 2439 cere.
2231 2384 2368 2440 Cum
2396 2385 2695 2455 Apostolus
2726 2386 2926 2455 factum
2961 2386 3119 2452 dicit,
3155 2402 3266 2440 non
3287 2386 3352 2441 ad
3377 2387 3643 2442 divinita-

2052 2487 2163 2533 tem
2190 2478 2519 2549 respiciens,
2550 2480 2623 2534 ita
2665 2481 2948 2551 loquitur,
2995 2480 3092 2535 sed
3124 2479 3192 2535 ad
3241 2487 3496 2534 naturam
3537 2481 3638 2535 hu-

2052 2586 2292 2627 manam.
2322 2573 2610 2639 Quatenus
2639 2573 2790 2627 enim
2822 2573 2970 2627 Deus
2994 2579 3101 2636 est,
3133 2573 3357 2628 soboles
3381 2573 3502 2636 Dei,
3534 2589 3644 2627 non

2053 2679 2299 2722 creatum
2328 2675 2448 2721 CSl:
2478 2676 2760 2737 quatenus
2785 2677 2970 2722 autem
3004 2667 3194 2731 homo,
3231 2676 3341 2722 tam
3371 2675 3646 2732 creatum,

2053 2775 2219 2829 quam
2247 2759 2568 2830 Apostolus,
2599 2770 2656 2815 et
2688 2775 3039 2831 quaecunque
3073 2759 3299 2815 nomina
3327 2769 3459 2814 sunt
3479 2761 3648 2833 huius

2054 2853 2276 2925 generis
2305 2853 2436 2908 alia.
2468 2853 2534 2907 Et
2559 2853 2788 2922 quidem
2813 2851 3121 2919 sciendum,
3158 2851 3265 2906 hoc
3321 2851 3501 2921 ipsum
3525 2868 3648 2908 esse

2055 2947 2256 3017 dogma
2281 2945 2544 3001 Ecclesiae
2578 2956 2805 3012 nostrae,
2829 2946 2978 3015 quod
3008 2945 3202 3000 Arium
3244 2952 3478 3000 evertat.
3509 2946 3647 3000 Nam

2054 3036 2162 3091 nisi
2194 3037 2332 3091 duas
2360 3036 2414 3089 in
2441 3035 2664 3090 Christo
2685 3045 2915 3090 naturas
2945 3050 3068 3090 esse
3097 3034 3428 3101 dixerimus,
3451 3044 3509 3090 et
3537 3036 3646 3091 hu-

2056 3141 2233 3180 manae
2259 3125 2484 3196 quidem
2513 3125 2753 3181 humiles
2779 3126 2948 3182 hasce
2979 3141 3146 3181 voces
3183 3127 3607 3183 attribuerimus
3630 3170 3645 3193 ,

353 3222 559 3293 τρέπον
587 3221 680 3274 τὸν
731 3220 971 3289 Ἀρειον.
1003 3218 1065 3270 El
1095 3215 1170 3288 μὴ
1209 3215 1318 3287 γὰρ
1353 3215 1448 3268 δύο
1477 3213 1667 3285 φύσεις
1707 3214 1948 3284 εἴπωμεν

2057 3219 2339 3275 divinitati
2387 3234 2544 3283 vero,
2588 3220 2883 3275 diversas:
2945 3235 3297 3290 nequaquam
3325 3221 3648 3276 confutatus

357 3315 486 3386 περὶ
528 3315 601 3384 (e)
642 3309 905 3382 Χριστοῦ,
937 3308 1033 3363 καὶ
1060 3309 1126 3380 τῇ
1159 3310 1261 3379 μὲν
1285 3307 1605 3381 ἀνθρωπίνῃ
1634 3307 1732 3372 τὰς
1756 3324 1951 3360 ταπει-

355 3408 456 3470 νὰς
505 3403 712 3468 ταύτας
754 3401 939 3472 φωνὰς
987 3400 1376 3472 ἀναθήσωμεν,
1403 3399 1566 3471 τῇξβὲ
1607 3398 1823 3470 Θεότητι
1850 3398 1953 3462 τὰς

356 3500 525 3562 ἄλλοις
552 3539 566 3563 ,
598 3498 700 3552 ούκ
736 3494 1124 3566 ἀνατρέπεται.
1171 3492 1274 3546 Διὰ
1318 3491 1477 3546 τοῦτο
1519 3492 1582 3545 τὸ
1622 3492 1801 3563 δόγμα
1853 3491 1950 3545 τοῦ

369 3592 607 3664 Ἀρείου,
644 3590 705 3644 τὸ
733 3587 890 3658 σῶμα
922 3585 1017 3641 τοῦ
1043 3583 1284 3657 Χριστοῦ
1311 3583 1498 3654 ἔλεγεν
1525 3582 1735 3654 ἄψυχον
1762 3579 1905 3637 εἶναι
1933 3599 1950 3615 ο

357 3690 449 3742 ἵνα
474 3686 574 3749 τὰς
593 3682 853 3745 τοιαύτας
868 3677 1134 3741 ταπεινὰς
1152 3675 1336 3748 φωνὰς
1360 3676 1556 3747 μηκέτι
1581 3676 1656 3739 ὡς
1679 3674 1952 3748 ἀνθρώπῳ

356 3779 654 3852 ἀναθῶμεν
705 3775 786 3847 τῷ
831 3771 1080 3846 Χριστῷ,
1108 3769 1224 3825 ἀλλ’
1259 3770 1336 3833 ὡς
1362 3769 1478 3840 Υίῷ
1511 3768 1604 3822 τοῦ
1645 3769 1780 3824 Θεοῦ
1805 3785 1820 3800 °
1859 3771 1953 3823 καὶ

356 3874 586 3948 εὑρεθῇ,
624 3870 766 3927 κατὰ
794 3867 856 3922 τὸ
888 3868 1067 3938 δόγμα
1095 3867 1262 3921 αὑτοῦ
1288 3905 1304 3931 ,
1351 3867 1380 3919 6
1416 3864 1544 3931 Υἱὸς
1578 3863 1817 3919 ἐλάττων
1854 3863 1951 3918 τοῦ

356 3970 598 4042 Πατρός.
627 3968 750 4020 ’Ότι
773 3964 830 4019 δὲ
850 3965 945 4018 καὶ
959 3963 1139 4042 ψυχὴν
1163 3962 1289 4033 ἔσχε
1307 3960 1368 4015 τὸ
1391 3961 1552 4031 σῶμα
1572 3959 1665 4013 τοῦ
1689 3959 1950 4032 Χριστοῦ,

359 4064 638 4137 μαρτυρεῖ
661 4061 827 4125 αὐτὸς
855 4061 884 4113 6
912 4055 1148 4130 Χριστὸς
1175 4055 1385 4126 λέγων,
1414 4055 1498 4108 ὅτι
1539 4053 1603 4108 Ἠ
1636 4053 1808 4124 ψυχή
1832 4071 1952 4122 μου

355 4156 714 4227 τετάρακται
737 4170 752 4185 ’
799 4152 895 4206 καὶ
946 4149 1056 4204 ἀπὸ
1080 4149 1257 4204 ἄλλων
1287 4146 1518 4202 πολλῶν.
1557 4145 1717 4200 Κατὰ
1760 4144 1952 4199 τούτου

353 4257 418 4309 δὲ
457 4251 555 4306 τοῦ
594 4247 807 4321 Ἀρείου
837 4286 853 4312 ,
895 4241 1273 4316 πρεσϐυτέρου
1319 4241 1472 4306 ὄντος
1518 4239 1949 4314 Ἀλεξανδρείας,

353 4341 636 4427 ἐκρττήθη
690 4338 908 4402 σύνοδος
963 4338 1022 4389 ὲν
1077 4335 1323 4404 Νικαίᾳ,
1379 4331 1697 4386 ἐπισκόπων
1761 4331 1951 4404 ἔκκρι-

350 4455 472 4492 των
487 4423 625 4506 τπδ’,
668 4430 1047 4505 βασιλεύοντος
1077 4426 1517 4483 Κωνσταντίνου.
1561 4426 1674 4479 Καὶ
1703 4423 1953 4480 καθεῖλον

349 4529 548 4590 αὑτὸν,
582 4525 678 4580 καὶ
722 4521 1017 4594 σύμόολον,
1063 4521 1184 4590 ἦτοι
1220 4519 1451 4590 μάθημα
1490 4517 1612 4571 κατ’
1651 4515 1818 4572 αὐτοῦ
1865 4515 1952 4581 ἐξ·

350 4623 550 4677 ἐοεντο
575 4660 591 4685 ,
623 4619 762 4690 ὅπερ
792 4618 1041 4688 φέρεται,
1079 4612 1176 4667 καὶ
1212 4612 1323 4674 τοῖς
1365 4609 1711 4682 βουλομένοις
1745 4608 1956 4674 ἔξεστιν

351 4714 511 4786 αὑτῷ
537 4714 802 4784 ἐντυχεῖν.
852 4709 944 4763 Ἐν
970 4706 1184 4770 τούτοις
1212 4707 1246 4776 ή
1272 4705 1496 4776 πρᾶξις.

2058 3313 2354 3368 evertitur.
2378 3313 2591 3368 Idcirco
2620 3313 2890 3368 Arianum
2952 3313 3173 3384 dogma,
3201 3312 3413 3368 Christi
3443 3329 3648 3384 corpus

2061 3405 2368 3460 inanimum
2411 3420 2556 3470 esse,
2607 3405 2902 3461 tradebat:
2964 3415 3026 3461 ut
3085 3406 3327 3461 humiles
3377 3407 3646 3478 ejusmodi

2061 3514 2227 3554 voces
2251 3498 2499 3564 Christo,
2528 3515 2644 3554 non
2678 3507 2740 3554 ut
2760 3499 2998 3565 homini,
3030 3500 3474 3555 attribueremus
3497 3542 3512 3566 ,
3552 3501 3650 3556 sed

2060 3601 2124 3647 ut
2151 3592 2248 3646 Dei
2273 3591 2448 3646 Filio:
2487 3591 2667 3662 deque
2710 3591 2888 3662 ipsius
2919 3593 3218 3657 sententia,
3270 3592 3445 3647 Filius
3490 3593 3652 3648 Patre

2059 3684 2246 3738 minor
2297 3681 2837 3752 deprehenderetur.
2865 3682 3023 3750 Quod
3073 3696 3260 3740 autem
3286 3684 3493 3740 Christi
3524 3700 3650 3740 cor-

2061 3791 2167 3847 pus
2193 3776 2379 3830 anima
2411 3775 2706 3846 praeditum
2759 3774 2954 3842 fuerit,
3004 3776 3264 3832 Christus
3296 3777 3414 3847 ipse
3465 3778 3654 3833 verbis

2061 3866 2214 3922 hisce
2243 3874 2522 3922 testatur:
2563 3866 2797 3921 Turbata
2838 3875 2915 3921 est
2967 3870 3152 3924 anima
3194 3885 3312 3923 mea
3336 3870 3420 3923 ἐς
3473 3869 3653 3941 deque

2060 3959 2314 4031 pluribus
2341 3959 2467 4015 aliis
2494 3959 2786 4030 probatur.
2813 3959 3097 4016 Adversus
3120 3961 3270 4016 hunc
3295 3960 3487 4017 Arium
3521 3979 3653 4032 pre-

2061 4054 2349 4126 sbyterum
2377 4053 2842 4122 Alexandrinum,
2902 4054 3236 4109 eximiorum
3280 4054 3386 4109 518
3432 4055 3652 4124 episco-

2061 4162 2261 4218 porum
2322 4147 2567 4219 synodus
2605 4147 2836 4213 Nicaaae,
2887 4146 3256 4203 Constantino
3316 4147 3650 4216 imperante,

2061 4246 2253 4295 coacta
2280 4238 2420 4295 fuit:
2442 4239 2537 4310 qui
2562 4247 2619 4294 et
2643 4238 2824 4294 ofﬁcio
2848 4247 3212 4296 removerunt
3234 4253 3384 4303 eum,
3416 4245 3475 4294 et
3498 4237 3655 4310 Sym-

2060 4332 2252 4388 bolum
2296 4331 2415 4388 sive
2471 4332 2742 4387 doctrinae
2795 4332 3091 4387 formulam
3145 4331 3416 4387 adversus
3469 4331 3651 4402 ipsum

2061 4435 2461 4499 exposuerunt,
2499 4442 2623 4498 quae
2657 4426 2824 4498 vulgo
2861 4427 3133 4493 habetur;
3171 4434 3229 4482 et
3265 4433 3500 4496 possunt
3529 4441 3653 4481 eam

2061 4523 2155 4592 qui
2192 4521 2444 4592 cupiunt,
2482 4521 2771 4592 consequi.
2815 4521 2940 4578 Haec
2974 4529 3218 4576 tractare
3258 4520 3562 4576 voluimus.

355 4882 500 4944 [Iac
536 4884 766 4960 quarta
809 4869 1498 4960 Actioneﬁillacedonii,
1531 4865 1948 4960 Apollinaris,
1983 4864 2292 4960 Nestorii,
2327 4867 2660 4960 _Eutychis_
2713 4865 2972 4960 haereses
3004 4867 3386 4960 detegantur
3405 4872 3462 4927 et
3499 4883 3654 4927 exa-

639 4958 1006 5022 minantur;
1051 4953 1393 5013 Dioscorus
1441 4967 1560 5030 quo

980 5051 1234 5109 ΠΡΔΞῙΣ
1261 5048 1338 5106 Δ’.

427 5154 591 5211 Μετὰ
628 5152 731 5222 τὴν
760 5149 975 5222 αἵρεσιν
1029 5145 1243 5219 Ἀρείου
1267 5185 1283 5210 ,
1327 5143 1529 5215 μᾶλλον
1575 5143 1634 5198 δὲ
1661 5141 1834 5213 αὐτῆς
1875 5139 1957 5196 ἔτι

352 5246 765 5318 συνισταμένης
788 5241 1084 5314 (ἐκράτησε
1104 5237 1217 5310 γὰρ
1239 5237 1410 5291 πολὺν
1443 5234 1682 5308 χρόνον),
1718 5233 1957 5306 ἁνεφύη-

355 5360 466 5398 σαν
484 5341 580 5396 καὶ
597 5339 756 5394 ἄλλαι
773 5337 866 5390 δύο
883 5334 1144 5405 αἱρέσεις,
1167 5332 1202 5403 ἦ
1219 5349 1277 5385 τε
1299 5329 1639 5386 Μακεδονίου
1657 5327 1958 5383 ἐπισκόπου

356 5441 525 5502 ὖντος
555 5429 1204 5491 Κωνσταντινουπόλεως,
1238 5426 1335 5480 καὶ
1371 5427 1406 5496 ἡ
1437 5423 1533 5478 τοῦ
1579 5421 1958 5494 Ἀπολιναρίου

354 5529 744 5606 πρεσϐυτέρου
791 5526 964 5589 ὖντος.
1009 5519 1120 5576 Ἦν
1166 5519 1224 5573 δὲ
1272 5520 1307 5590 ἠ
1342 5519 1442 5591 μὲν
1479 5516 1574 5572 τοῦ
1621 5516 1957 5572 Μακεδονίου

357 5629 579 5698 αἵρεσις
619 5621 849 5693 τοιαύτη
872 5639 884 5652 ⁸
931 5617 1247 5689 Ἠμάρτανε
1279 5611 1410 5683 περὶ
1449 5610 1549 5683 τὴν
1599 5609 1865 5680 eadmm’
1898 5607 1956 5676 ἐξ

1655 4945 1939 5026 Eutychi
1986 4946 2277 5009 haeretica
2312 4947 2603 5027 favisset,
2636 4947 2705 5009 in
2740 4947 3014 5007 insulam
3041 4945 3384 5026 relegat-ur.

2691 5048 2900 5105 ACTIO
2938 5049 3028 5106 IV.

2137 5144 2178 5201 Ι.
2206 5145 2338 5201 Post
2369 5144 2487 5200 Arii
2517 5153 2747 5210 sectam,
2785 5145 2874 5199 vel
2907 5159 2973 5199 ea
3008 5143 3196 5214 potius
3225 5142 3406 5197 adhuc
3433 5140 3655 5212 vigente

2065 5234 2215 5308 (nam
2249 5237 2415 5308 longo
2440 5246 2685 5306 tempore
2703 5234 2968 5304 duravit),
2992 5242 3198 5290 exortae
3229 5241 3359 5288 sunt
3381 5233 3504 5287 alite
3531 5233 3655 5288 duae

2061 5338 2245 5396 sectae,
2307 5329 2616 5386 Macedonii
2655 5324 3254 5396 Constantinopolitani
3288 5323 3555 5394 episcopi,
3598 5332 3657 5379 et

2059 5422 2396 5494 Apollinaris
2448 5422 2772 5494 presbyteri.
2817 5419 3127 5476 Macedonii
3154 5419 3382 5489 quidem
3428 5417 3656 5473 haeresis

2062 5513 2381 5587 hujusmodi
2427 5514 2570 5569 fuit:
2601 5513 2758 5569 Circa
2799 5511 3147 5568 divinitatem
3191 5510 3572 5580 delinquebat,
3599 5518 3657 5563 et

2059 5623 2128 5663 ex
2166 5606 2394 5662 semisse
2427 5605 2706 5677 particeps
2749 5611 2874 5660 erat
2911 5603 3215 5674 impietatis
3241 5601 3459 5658 Arianae
3487 5617 3500 5655 :
3528 5615 3655 5656 nam

440 5784 486 5816 "
516 5782 656 5838 lleb.
693 5782 852 5854 "1,1,
884 5780 938 5833 ‘2.
1015 5777 1240 5833 "‘Joan.
1266 5771 1488 5841 x1v,28.
1569 5770 1612 5803 ’⁵
1649 5768 1806 5827 Joan.
1836 5785 1872 5834 ι,
1910 5767 1932 5822 Ι

2053 5769 2083 5799 ’⁸
2113 5763 2282 5821 llebr.
2319 5779 2359 5834 ι,
2387 5763 2442 5818 ὅ.
2523 5765 2568 5797 ’⁷
2593 5763 2751 5820 Joan.
2781 5778 2834 5828 ιι,
2871 5762 2958 5819 50.
3033 5761 3076 5793 ⁸⁸
3099 5761 3258 5818 Joan.
3295 5776 3390 5829 xu,
3419 5760 3511 5815 27.

443 5902 517 5971 (εὶ
539 5902 700 5971 Περί.
725 5897 864 5954 ’Ἑπῖ
