4148 6452
545 406 684 472 1219

1812 403 2124 464 LEONTII
2165 400 2571 461 BYZANTl-Nl

3672 396 3812 461 1220

543 523 743 579 Filium
773 536 840 576 ex
878 522 991 577 Deo
1019 522 1266 593 genitum
1301 519 1545 584 tradens,
1583 517 1855 588 Spiritum
1891 525 2112 570 creatu-

2230 513 2472 583 ἡμισείας
2527 510 2838 566 συνασεσῶν
2874 511 2953 582 τῷ
2994 512 3202 584 ,Ἀρείῳ
3230 527 3242 540 ·
3276 513 3368 566 τὸν
3419 515 3520 583 μὲν
3554 511 3662 586 [δὲ]
3697 513 3812 583 γὰρ

544 632 657 669 ram
697 632 817 670 esse
858 615 1095 670 dicebat.
1148 616 1328 685 Atque
1378 614 1487 668 hoc
1531 613 1728 681 dogma
1758 626 1919 664 suum
1946 626 2014 663 ex
2051 624 2118 662 eo

541 707 925 783 confirmabat,
953 706 1098 776 quod
1123 716 1348 776 apertus
1365 705 1538 759 sacris
1569 705 1624 757 in
1646 702 1891 767 Litteris,
1919 709 1981 755 ut
2002 701 2118 770 ipse

540 800 764 870 quidem
793 799 996 864 aiebat,
1031 808 1213 854 textus
1237 816 1348 854 non
1367 805 1564 863 exstet,
1587 796 1680 866 qui
1706 795 1970 864 Spiritum
1995 809 2121 847 san-

540 901 689 944 ctum
738 906 861 945 esse
895 892 1068 945 Deum
1104 891 1304 944 tradat.
1341 889 1448 944 Sed
1484 887 1676 943 multis
1696 887 2121 942 auctoritatibus

539 982 910 1037 convincitur.
944 983 1078 1036 Nam
1121 989 1176 1036 et
1213 980 1456 1051 Spiritus
1479 979 1675 1044 sancti,
1707 988 1966 1048 tanquam
2001 977 2118 1042 Dei,

539 1071 879 1126 mentionem
920 1088 1074 1126 sacra
1099 1071 1388 1142 Scriptura
1420 1071 1570 1126 fecit.
1604 1070 1849 1124 Primum
1888 1070 1941 1124 in
1973 1071 2122 1124 Actis

537 1163 916 1232 apostolorum
967 1161 1034 1218 ad
1076 1161 1346 1215 Ananiam
1376 1169 1600 1215 sanctus
1625 1160 1822 1214 Petrus
1857 1159 1935 1213 ait
1971 1176 1984 1211 :
2015 1158 2124 1212 Car

539 1253 797 1316 Satanas,
832 1255 1069 1318 Anania,
1105 1271 1195 1306 cor
1239 1263 1389 1307 tuum
1465 1251 1726 1322 implevit,
1785 1259 1842 1304 ut
1899 1250 2122 1322 Spiritui

536 1353 722 1399 sancto
751 1346 1068 1414 imponeres,
1090 1351 1400 1414 partemque
1432 1343 1496 1395 de
1524 1343 1692 1412 pretio
1723 1341 1874 1411 fundi
1901 1341 2121 1409 defrau-

538 1436 736 1490 dares?
764 1435 952 1490 Nonne
989 1442 1138 1489 tuam
1177 1434 1446 1493 manebat,
1472 1442 1522 1487 et
1545 1435 1599 1486 in
1621 1441 1880 1503 potestate
1900 1440 1992 1486 tua
2017 1433 2124 1487 dis-

540 1536 773 1581 tractum
797 1526 951 1579 erat?
971 1525 1087 1578 Non
1133 1525 1449 1586 hominibus,
1473 1524 1560 1577 sed
1585 1523 1691 1576 Deo
1718 1524 1965 1576 mentitas
1990 1523 2120 1578 es”.

539 1618 622 1673 En
687 1626 877 1685 aperte
945 1615 1209 1685 Spiritum
1269 1623 1522 1669 sanctum
1586 1613 1887 1683 appellavit
1924 1613 2119 1667 Deum.

539 1706 751 1762 Deinde
788 1719 982 1760 rursus
1012 1706 1067 1759 in
1096 1705 1248 1759 Actis
1285 1704 1662 1774 apostolorum
1697 1703 1904 1758 dicitur
1937 1721 1951 1756 :
1986 1704 2122 1774 Ipsis

529 1797 923 1869 jejunantibus,
950 1805 998 1849 et
1023 1797 1441 1850 ministrantibus
1464 1796 1711 1862 Domino,
1737 1797 1928 1850 dixisse
1949 1794 2123 1866 Spiri-

2227 606 2351 658 Υἰὺν
2380 604 2554 674 λέγων
2598 604 2848 674 γέννημα
2877 603 2971 656 τοῦ
3017 605 3156 658 Θεοῦ
3180 647 3195 671 ,
3225 605 3290 658 τὸ
3322 605 3548 676 Πνεῦμα
3596 605 3813 676 ποίημα

2222 697 2400 764 ἔλεγε.
2435 696 2546 750 Καὶ
2589 693 2896 766 ἰσχυρίζετο
2935 696 2998 750 τὸ
3028 696 3208 766 δόγμα
3237 696 3404 751 αὑτοῦ
3424 739 3439 762 ,
3467 699 3580 752 ἀπὸ
3600 698 3701 752 τοῦ
3736 698 3819 770 μὴ

2224 789 2497 858 φανερῶς,
2535 790 2690 858 φησι,
2723 789 2939 843 κεῖσθαι
2966 791 3024 842 ἐν
3049 793 3115 860 τῇ
3150 789 3284 859 ἁγίᾳ
3314 791 3529 862 Γραφῇ,
3561 792 3644 843 ὅτι
3679 791 3816 854 Θεὸς

2221 877 2290 951 ἦν
2331 881 2392 933 τὸ
2434 880 2660 950 Πνεῦμα
2693 881 2752 933 τὸ
2784 881 2958 947 ἅγιον.
3006 882 3321 952 Ἐλέγχεται
3351 883 3407 936 δὲ
3451 883 3559 936 ἀπὸ
3599 881 3816 937 πολλῶν

2225 976 2491 1044 χρήσεων.
2525 976 2635 1027 Καὶ
2657 976 2785 1045 περὶ
2808 974 2902 1028 τοῦ
2936 975 3252 1046 Πνεύματος
3281 977 3390 1050 γὰρ
3415 977 3511 1030 τοῦ
3550 978 3708 1046 ἁγίου
3739 978 3818 1040 ὡς

2224 1066 2358 1118 Θεοῦ
2407 1066 2652 1138 ἐμνήσθη
2698 1068 2732 1136 ἡ
2785 1068 2917 1135 ἁγία
2949 1069 3164 1139 Γραφή.
3213 1070 3440 1140 Πρῶτον
3476 1071 3576 1141 μὲν
3619 1071 3730 1142 γὰρ
3757 1072 3818 1124 ἐν

2221 1161 2343 1221 ταῖς
2373 1157 2613 1228 Πράξεσι
2643 1157 2754 1212 τῶν
2786 1161 3102 1214 ἀποστόλων
3130 1161 3267 1230 πρὸς
3307 1162 3562 1216 Ἀνανίαν
3593 1164 3760 1235 φησὶν
3786 1164 3817 1216 ὁ

2225 1250 2379 1317 ἅγιος
2411 1249 2614 1320 Πέτρος
2647 1267 2661 1280 ·
2709 1251 2976 1316 Ἀνανία,
3009 1253 3111 1306 ἵνα
3137 1252 3196 1306 τί
3231 1252 3604 1322 ἐπλήρωσεν,
3629 1259 3664 1309 ὁ
3696 1258 3817 1309 Σα-

2224 1339 2412 1406 τανᾶς
2443 1342 2560 1409 τὴν
2590 1343 2844 1412 καρδίαν
2871 1359 3010 1409 σου,
3043 1345 3397 1413 ψεύσασθαί
3421 1363 3498 1401 σε
3526 1348 3596 1402 τὸ
3625 1349 3818 1402 Πνεῦ-

2219 1449 2306 1502 μα
2337 1433 2402 1485 τὸ
2448 1431 2640 1503 ἅγιον,
2673 1435 2771 1489 καὶ
2798 1436 3216 1494 νοσφίσασθαι
3255 1452 3332 1492 σε
3363 1439 3484 1493 ἀπὸ
3507 1439 3619 1507 τῆς
3640 1440 3820 1510 τιμῆς

2225 1525 2332 1579 τοῦ
2360 1526 2614 1593 χωρίου;
2642 1529 2786 1597 οὐχί
2813 1527 3006 1598 μένον
3025 1545 3124 1582 σοι
3145 1530 3340 1598 ἔμενε,
3367 1532 3467 1585 καὶ
3495 1533 3725 1600 πραθὲν
3747 1535 3821 1586 ἐν

2225 1615 2301 1683 τῇ
2322 1615 2407 1684 σῇ
2434 1616 2684 1685 ἐξουσίᾳ
2705 1618 2979 1688 ὑπῆρχεν
2999 1636 3017 1685 ;
3041 1621 3164 1674 Οὐκ
3185 1621 3430 1689 ἐψεύσω
3455 1623 3817 1691 ἀνθρώποις,

2225 1708 2384 1762 ἀλλὰ
2445 1707 2585 1773 Θεῷ.
2640 1709 2771 1763 Ἰδοὺ
2826 1711 2936 1781 γὰρ
2991 1712 3241 1784 φανερῶς
3297 1713 3431 1767 Θεὸν
3473 1714 3703 1768 ἐκάλεσε
3756 1717 3820 1768 τὸ

2229 1801 2452 1870 Πνεῦμα
2499 1801 2558 1855 τὸ
2608 1803 2780 1870 ἆγιον.
2811 1805 2942 1858 Εἶτα
2973 1805 3138 1859 πάλιν
3166 1808 3224 1859 ἐν
3268 1809 3390 1870 ταῖς
3439 1807 3682 1878 Πράξεσι
3706 1809 3822 1861 τῶν

538 1897 650 1940 tum
683 1896 928 1940 sanctam
961 1903 977 1940 :
1005 1886 1287 1958 Segregate
1311 1888 1438 1940 milii
1465 1887 1697 1940 Paulum
1723 1896 1882 1958 atque
1912 1887 2124 1942 Barna-

2230 1892 2543 1947 ἀποστόλων
2579 1894 2837 1963 λέγεται,
2863 1896 2945 1950 ὄτι
2973 1898 3413 1965 Νηστευόντων
3444 1899 3681 1965 αὐτῶν,
3719 1900 3823 1954 καὶ

536 1980 658 2033 bam
699 1981 769 2034 ad
799 1979 937 2033 illud
977 1995 1128 2050 opus,
1159 1980 1228 2033 ad
1249 1980 1388 2050 quod
1420 1993 1506 2032 eos
1538 1981 1793 2033 vocavi”.
1827 1979 1963 2033 Nam
1991 1980 2122 2034 dum

538 2072 721 2142 inquit
751 2089 764 2125 :
799 2069 1103 2141 Segregate,
1132 2079 1462 2140 potestatem
1494 2087 1652 2126 suam
1684 2072 1949 2137 ostendit,
1974 2072 2123 2142 quod

539 2163 616 2217 ita
643 2163 1160 2232 scilicetloquatur,
1199 2163 1355 2232 quasi
1385 2163 1531 2218 Deus
1567 2163 1660 2217 sit.
1696 2163 1909 2234 Quippe
1945 2165 1990 2219 si
2026 2165 2122 2219 Dci

537 2265 788 2310 creatum
811 2264 978 2320 esset,
1008 2263 1063 2310 et
1085 2255 1154 2310 ab
1184 2271 1250 2310 eo
1275 2255 1498 2320 missus,
1523 2257 1604 2312 sic
1633 2257 1785 2327 loqui
1811 2257 2080 2312 debuerat
2108 2275 2120 2311 :

539 2348 686 2402 Dixit
720 2330 1012 2414 Dominus,
1054 2347 1350 2419 Segregate
1380 2349 1518 2404 mihi
1569 2350 1800 2404 Paulum
1837 2360 1893 2405 et
1922 2351 2126 2405 Barna-

540 2437 687 2490 bam.
716 2435 809 2490 Sic
852 2436 1001 2491 enim
1050 2436 1273 2491 Littera:
1296 2453 1466 2492 sacrre
1496 2439 1648 2508 loqui
1677 2439 1878 2503 solent,
1906 2439 2126 2509 quoties

541 2543 643 2597 per
675 2527 918 2597 aliquem
976 2527 1248 2584 minorem
1284 2522 1567 2585 Dominus
1610 2531 1779 2585 verba
1823 2530 1975 2585 facit.
2004 2532 2125 2601 ipse

541 2635 765 2690 quoque
802 2619 1071 2675 Dominus
1122 2621 1177 2674 in
1219 2621 1532 2691 Evangeliis
1579 2621 1660 2675 ait
1703 2639 1716 2674 :
1755 2619 1984 2694 Spiritus
2036 2623 2126 2677 ille

540 2712 798 2776 veritatis,
833 2714 922 2781 qui
946 2711 1011 2765 de
1035 2711 1198 2766 Patre
1225 2711 1457 2783 procedit
1483 2713 1560 2766 “z
1587 2712 1691 2766 hcc
1710 2721 1815 2778 est,
1855 2715 1948 2783 qui
1970 2723 2127 2771 ortus

540 2803 721 2859 estde
757 2803 1065 2858 substantia
1110 2805 1229 2859 Dei.
1266 2805 1548 2874 Nusquam
1605 2806 1754 2860 enim
1816 2806 1884 2862 de
1936 2818 2126 2863 creato

539 2893 772 2950 verbum
824 2895 929 2949 hoc
975 2910 1276 2964 usurpasse
1324 2895 1563 2949 Litteras
1624 2889 1828 2963 Sacras,
1885 2907 2123 2953 constat.

541 2986 756 3041 Rursus
792 2987 921 3040 alibi
968 2987 1234 3042 Dominus
1278 2987 1355 3041 ait
1391 3006 1404 3042 ε
1439 2987 1671 3058 Profecti
1726 2990 1902 3044 docete
1948 3001 2126 3062 gentes

540 3073 833 3135 universas,
856 3074 1185 3145 baptizantes
1207 3091 1292 3129 eos
1311 3077 1362 3129 in
1390 3078 1600 3130 nonzine
1619 3078 1821 3144 Patris,
1841 3088 1890 3132 et
1909 3079 2054 3146 Filii,
2079 3091 2124 3136 et

2225 1987 2735 2055 λειτουργούντων
2788 1987 2868 2054 τῷ
2914 1990 3131 2058 Κυρίῳ,
3175 1987 3306 2044 εἷπε
3336 1992 3402 2044 τὸ
3456 1991 3701 2061 Πνεῦμα
3750 1994 3823 2045 τὸ

2227 2077 2400 2146 ἅγιον
2430 2095 2442 2106 ·
2497 2081 2850 2148 Ἀφορίσατέ
2875 2100 2980 2150 μοι
3008 2084 3120 2137 τόν
3151 2101 3215 2137 τε
3245 2084 3493 2139 Παῦλον
3516 2126 3530 2149 ,
3567 2085 3666 2139 καί
3711 2086 3823 2140 τὸν

2229 2171 2548 2240 Βαρνάόαν
2567 2211 2582 2236 ,
2616 2176 2704 2239 εις
2732 2175 2798 2228 τὸ
2824 2175 3004 2245 ἔργον
3032 2175 3064 2230 ὃ
3088 2177 3544 2248 προσκέκλημαι
3569 2181 3819 2246 αὐτούς.

2233 2265 2443 2332 Ἐδειξε
2477 2266 2588 2336 γὰρ
2618 2266 2707 2320 διὰ
2736 2267 2850 2334 τοῦ,
2881 2270 3263 2338 Ἀφορίσατε,
3290 2271 3391 2341 τὴν
3419 2271 3629 2327 οἰκείαν
3665 2272 3823 2337 ἐξου-

2231 2357 2377 2421 σίαν,
2409 2357 2494 2410 ὅτι
2531 2358 2604 2420 ὡς
2641 2359 2803 2423 αὐτὸς
2826 2358 2901 2412 ῶν
2933 2361 3064 2425 Θεὸς
3097 2361 3425 2431 διαλέγεται.
3462 2365 3525 2417 Et
3559 2364 3669 2435 7&9
3699 2365 3821 2418 κτί-

2230 2466 2342 2517 σμα
2373 2445 2441 2520 ἦν
2477 2450 2636 2516 Θεοῦ,
2664 2451 2757 2503 καὶ
2795 2452 2890 2504 ἀπ’
2918 2452 3084 2506 αὐτοῦ
3113 2454 3546 2525 ἀπεσταλμένον,
3580 2452 3726 2527 εἶχεν
3753 2457 3824 2510 ἂν

2229 2540 2433 2604 εἰπεῖν,
2476 2541 2556 2593 ὃτι
2596 2537 2761 2593 Εἶπεν
2791 2542 2819 2593 ὁ
2849 2540 3072 2611 Κύριος,
3131 2543 3457 2615 Ἀφορίσατέ
3506 2563 3596 2615 μοι
3636 2545 3728 2598 τόν
3761 2561 3824 2598 τε

2228 2631 2440 2685 Παῦλον
2475 2635 2570 2686 καὶ
2598 2633 2906 2704 Βαρνάϐαν.
2937 2634 3094 2689 Οῦτω
3132 2637 3241 2707 7&9
3266 2639 3298 2708 ἡ
3323 2637 3452 2706 ἁγία
3484 2638 3674 2708 Γραφὴ
3697 2639 3826 2692 είω-

2229 2723 2288 2777 Θε
2319 2724 2520 2793 λέγειν,
2553 2727 2641 2778 ὅτε
2676 2726 2764 2780 διά
2795 2745 2940 2790 τινος
2979 2728 3262 2794 ἐλάττονος
3293 2735 3530 2784 ποιεῖται
3558 2733 3586 2786 ὁ
3613 2731 3824 2802 Κύριος

2227 2816 2319 2869 τὸν
2341 2817 2520 2884 λόγον.
2549 2820 2658 2871 Καὶ
2681 2821 2710 2871 ὁ
2735 2821 2938 2890 Κύριος
2962 2821 3020 2875 δέ
3043 2839 3205 2893 φησιν
3221 2825 3280 2877 ὲν
3306 2827 3415 2888 τοῖς
3440 2825 3821 2894 Εὑαγγελίοις·

2233 2909 2304 2963 Τὸ
2347 2909 2588 2979 Πνεῦμα
2639 2910 2752 2979 τῆς
2791 2913 3097 2981 ἀληθείας,
3143 2917 3174 2970 ὃ
3222 2917 3384 2987 παρὰ
3428 2918 3535 2973 τοῦ
3587 2921 3826 2988 Πατρός

2229 3000 2621 3069 ἐκπορεύεται
2657 3019 2672 3033 ·
2705 3003 2733 3056 ὃ
2761 3004 3008 3077 γέννημά
3053 3009 3169 3061 ἐστι
3197 3010 3297 3078 τῆς
3323 3009 3510 3076 οὐσίας
3533 3010 3628 3064 τοῦ
3659 3011 3823 3068 Θεοῦ.

2231 3092 2483 3162 Οὑδαμοῦ
2516 3095 2624 3166 7&9
2649 3097 2740 3148 ἐπὶ
2767 3097 3069 3169 κτίσματος
3096 3101 3349 3170 φαίνεται
3370 3101 3526 3157 τοῦτο
3559 3105 3712 3177 ῥῆμα
3734 3105 3825 3158 λέ-

537 3162 770 3234 Spiritus
792 3169 965 3220 sancti
982 3167 1050 3222 ³².
1074 3167 1230 3233 Quod
1261 3167 1307 3222 si
1344 3167 1586 3238 Spiritus
1615 3180 1839 3226 sanctus
1873 3183 2124 3228 creatura

2230 3201 2402 3252 γουσα
2428 3186 2460 3254 ή
2515 3162 2644 3254 ἁγία
2671 3162 2910 3262 Γραφήί
2928 3162 3185 3246 Πάλινέν
3209 3195 3419 3266 ἑτέροις
3461 3162 3676 3266 minus
3706 3199 3826 3252 Κύ-

537 3265 706 3323 chet,
738 3275 848 3313 non
879 3277 1006 3314 cum
1033 3261 1297 3316 increatis
1335 3273 1770 3320 connumeratus
1795 3265 2013 3334 fuisset,
2046 3271 2125 3324 uti

538 3364 666 3404 cum
700 3352 782 3407 eis
809 3353 1096 3419 adoretur,
1125 3364 1182 3409 et
1214 3353 1408 3410 eadem
1444 3355 1617 3426 gloria
1651 3355 1947 3412 afficiatur.

2239 3289 2374 3343 ριος,
2409 3274 2812 3343 Πορευθέντες.
2832 3281 3254 3348 μαθητεύσατε
3296 3285 3495 3340 πάντα
3529 3286 3602 3340 τὰ
3645 3287 3822 3356 ἔθνη,
3905 3321 3914 3328 ~

2228 3364 2623 3432 ,βαπτίζοντες
2650 3370 2873 3436 αὐτοὺς
2893 3373 2980 3438 είς
2998 3373 3064 3427 τὸ
3090 3375 3279 3445 ὄνομα
3305 3379 3413 3432 τοῦ
3441 3381 3692 3449 Πατρὸς,
3717 3386 3822 3439 καὶ

541 3443 661 3545 τοῦ⁸
704 3445 859 3511 Υίοῦ,
907 3445 1010 3500 καί
1057 3446 1198 3545 τοῦ-
1232 3447 1406 3545 ἁγίου
1441 3449 1806 3545 Πνεύματος.
1837 3449 1899 3501 Εἰ
1952 3450 2061 3523 γὰρ
2099 3448 2168 3523 ἦν
2207 3455 2414 3526 κτίσμα
2458 3457 2519 3509 τὸ
2581 3459 2804 3530 Πνεῦμα
2842 3461 2903 3515 τὸ
2952 3462 3136 3532 ἅγιον,
3168 3443 3269 3520 οῦκ
3315 3469 3382 3522 ἂν
3436 3443 3823 3545 συνηριόμήϐη

542 3535 675 3589 αὐτὸ
703 3539 816 3598 τοῖς
849 3538 1148 3603 ἀκτίστοις,
1175 3536 1261 3590 ἵνα
1297 3538 1392 3591 σὺν
1423 3537 1606 3602 αὐτοῖς
1630 3541 2006 3610 προσκυνῆται
2034 3545 2128 3597 καὶ
2167 3545 2574 3617 συνδοξὰζηται.
3557 3535 3589 3543 η
3670 3535 3684 3544 ⁷
3733 3535 3757 3598 ’-

611 3632 683 3706 ll.
703 3631 1076 3700 Apollinarem
1107 3646 1238 3685 vero
1269 3631 1417 3686 circa
1447 3632 1796 3688 divinitatem
1828 3634 2129 3706 deliquisse

540 3743 652 3782 non
689 3733 940 3795 apparet,
961 3740 1273 3794 quanquam
1306 3733 1363 3779 et
1397 3725 1543 3779 hunc
1565 3725 1675 3780 duo
1701 3725 1953 3797 Gregorii
1980 3743 2047 3782 eo
2071 3744 2130 3783 se

541 3834 734 3873 errore
760 3817 1099 3872 convincunt
1131 3817 1671 3872 obstrinxissc.Nam
1704 3819 1876 3872 creati
1902 3819 2128 3888 quidem

545 3912 636 3965 ille
689 3909 1023 3963 mentionem
1087 3923 1196 3962 non
1261 3908 1412 3972 facit,
1462 3908 1759 3978 inquiunt;
1808 3909 2126 3966 inferiorem

545 4015 727 4059 tamen
763 4003 992 4074 gradum
1024 4001 1145 4056 Filii
1187 4002 1384 4068 tradit,
1423 4010 1479 4057 et
1515 4002 1759 4072 Spiritus
1793 4003 2006 4070 sancti,
2042 4020 2129 4059 re-

545 4107 739 4168 spectu
771 4097 969 4152 Patris.
1005 4096 1066 4150 In
1105 4095 1519 4166 dispensatione
1554 4111 1691 4150 vero
1714 4094 1923 4150 Christi
1949 4098 2127 4152 mani-

544 4191 687 4245 festo
723 4190 965 4245 errabat.
997 4188 1213 4258 Corpus
1257 4187 1406 4243 enim
1451 4188 1598 4258 quod
1621 4189 1770 4243 Deus
1807 4188 1898 4243 ille
1933 4188 2128 4244 Sermo

545 4282 750 4345 induit,
785 4283 1021 4336 animam
1050 4280 1274 4351 quidem
1303 4279 1530 4345 habere,
1557 4280 1652 4335 sed
1686 4291 1869 4335 mente
1900 4298 2130 4351 prorsus

543 4389 736 4429 carere
769 4373 1022 4428 tradebat
1055 4390 1066 4425 :
1101 4373 1305 4443 quippe
1334 4373 1430 4442 qui
1457 4388 1568 4426 non
1595 4373 1755 4428 aliter
1778 4372 1960 4428 anima
1987 4390 2129 4444 pra:-

545 4466 697 4520 ditus
749 4475 917 4529 esset,
963 4472 1129 4533 atque
1175 4464 1399 4519 brutum
1455 4465 1678 4536 aliquod
1735 4467 1961 4520 animal.
2013 4467 2128 4521 Hoc

546 4557 740 4626 dogma
789 4571 974 4617 suum,
1000 4571 1111 4609 non
1144 4556 1332 4626 aliquo
1372 4556 1673 4626 Scriptura:
1700 4559 1869 4623 dicto,
1909 4559 2004 4613 scd
2039 4575 2128 4613 ra-

2324 3640 2382 3694 ὐ
2431 3641 2488 3694 δὲ
2532 3642 2903 3716 Ἀπολινάριος
2951 3648 3081 3718 περὶ
3135 3650 3233 3720 μὲν
3279 3651 3376 3723 τὴν
3433 3653 3715 3724 θεολογίαν
3759 3661 3824 3714 οὑ

2238 3733 2486 3800 φαίνεται
2511 3737 2865 3808 ἁμαρτάνων,
2902 3739 3040 3812 πλὴν
3069 3742 3405 3815 διελέγχουσι
3432 3749 3528 3802 καὶ
3555 3751 3744 3806 τοῦτον
3773 3757 3825 3808 εί

2237 3823 2532 3898 Γρηγόριοι
2586 3829 2715 3899 περὶ
2749 3830 2956 3903 ταύτην
3008 3833 3413 3907 ἁμαρτάνοντα.
3451 3842 3673 3913 κτίσμα
3722 3847 3826 3913 μὲν

2234 3918 2365 3987 7&9,
2423 3921 2609 3988 φασὶν,
2667 3923 2726 3974 οὐ
2754 3921 2950 3986 λέγει·
2990 3926 3258 3984 ὑπόϐασιν
3306 3932 3364 3986 δὲ
3416 3934 3624 4006 μικρὰν
3668 3937 3823 4008 λέγει

2233 4008 2329 4062 τοῦ
2352 4010 2481 4064 Υἰοῦ
2513 4012 2607 4065 καὶ
2635 4013 2730 4067 τοῦ
2759 4016 3100 4088 Πνεύματος,
3129 4022 3266 4092 πρὸς
3294 4023 3386 4078 τὸν
3415 4027 3657 4101 Πατέρα.
3683 4031 3825 4104 Περὶ

2233 4103 2290 4196 δέ
2320 4103 2418 4173 τὴν
2446 4105 2760 4174 οἰκονομίαν
2794 4112 3046 4182 φανερῶς
3069 4113 3441 4184 διεσφάλλετο.
3475 4119 3670 4190 Ἔλεγε
3691 4103 3826 4196 γὰρ,

2234 4194 2294 4288 τὸ
2344 4197 2504 4267 σῶμα
2559 4199 2587 4252 ὃ
2637 4201 2925 4256 ἐνεδύσατο
2983 4206 3010 4259 ὁ
3061 4206 3195 4271 Θεὸς
3249 4211 3442 4278 Λόγος,
3492 4211 3673 4286 ψυχὴν
3724 4194 3831 4288 μέν

2236 4286 2382 4357 ἔχειν
2403 4329 2417 4353 ,
2451 4289 2576 4345 νοῦν
2610 4291 2667 4344 δὲ
2715 4293 2966 4362 οὐδαμῶς
2986 4312 3000 4326 ·
3041 4298 3159 4352 ἀλλ’
3189 4298 3380 4372 ὥσπερ
3417 4303 3616 4371 ἄλογον
3646 4286 3831 4380 ψυχὴν

2235 4380 2409 4446 οὕτως
2437 4381 2620 4451 ἔλεγεν
2650 4385 2815 4456 ἔχειν.
2848 4389 3222 4460 Διισχυρίζετο
3254 4393 3310 4446 δὲ
3336 4395 3396 4448 τὸ
3420 4395 3598 4467 δόγμα
3634 4400 3829 4467 αὑτοῦ,

2235 4471 2334 4541 οὑχ
2357 4472 2462 4526 ὑπὸ
2482 4474 2646 4543 ῥητοῦ
2667 4493 2833 4541 τινος,
2858 4479 2974 4532 ἀλλ’
2998 4481 3108 4534 ἀπὸ
3138 4485 3442 4554 περινοίας.
3471 4488 3666 4557 Ἔλεγε
3691 4490 3826 4562 γὰρ,

2237 4565 2318 4618 ὅτι
2348 4567 2376 4618 ὁ
2427 4566 2550 4630 νοῦς
2597 4569 2972 4642 ἁμαρτητικόν
3017 4574 3071 4627 τί
3103 4577 3274 4634 ἐστιν.
3314 4579 3552 4635 ’Ἄτοπον
3581 4583 3638 4637 δέ
3677 4585 3832 4640 ἐστιν
3912 4587 3914 4589 ’

550 4648 868 4702 tiocinando
899 4647 1190 4717 probabat.
1232 4648 1450 4719 Quippe
1497 4659 1742 4704 mentem
1781 4651 1964 4706 aiebat
2011 4667 2125 4706 esse

2239 4657 2398 4722 ὅλως,
2443 4658 2744 4731 ὑπονοῆσαι
2789 4666 2917 4735 περὶ
2943 4665 3038 4719 τοῦ
3073 4668 3247 4736 Λόγου
3273 4671 3367 4723 τοῦ
3399 4672 3556 4739 Θεοῦ,
3589 4676 3670 4728 ὅτι
3701 4693 3831 4729 συν-

546 4735 807 4805 quiddam
843 4745 1071 4806 peccato
1110 4737 1382 4806 pollutum
1417 4755 1430 4791 :
1463 4739 1765 4794 absurdum
1813 4757 1946 4795 vero
1974 4758 2134 4812 pror-

547 4843 664 4893 sus,
697 4827 766 4882 de
810 4828 909 4882 Dei
954 4827 1223 4882 Sermone
1271 4829 1539 4900 cogitare,
1589 4833 1908 4901 copulatum
1961 4833 2134 4890 fuisse

547 4933 673 4971 cum
698 4933 756 4973 re
779 4927 1009 4988 peccato
1039 4921 1432 4974 contaminata.
1467 4921 1580 4976 Nos
1613 4932 1796 4978 autem
1830 4924 2135 4994 responde-

550 5023 693 5070 mus,
749 5023 779 5060 e
832 5010 1111 5063 contrario
1157 5009 1342 5078 potius
1387 5011 1834 5079 existimandum,
1879 5015 2133 5070 obnoxia:

551 5109 776 5171 peccato
808 5101 888 5154 rei
926 5110 1218 5172 propterea
1264 5102 1434 5158 fuisse
1493 5107 1834 5176 ecpulatum,
1865 5107 2010 5176 quod
2066 5124 2131 5164 ea

549 5192 744 5246 salutis
779 5193 1074 5263 indigeret.
1110 5195 1245 5249 Nam
1291 5196 1371 5250 illi
1403 5197 1639 5251 salutem
1694 5185 2012 5268 acquisivit,
2041 5202 2132 5257 cui

548 5287 878 5354 coniunctus
930 5285 1056 5340 fuit.
1106 5285 1241 5341 Cum
1300 5288 1417 5343 haec
1455 5299 1642 5344 essent
1697 5292 1910 5345 moveri
1949 5304 2130 5362 coepta

547 5376 820 5446 dogmata,
851 5375 1465 5448 Constantinopolitana
1519 5381 1784 5450 synodus,
1841 5382 2130 5438 hominum

551 5467 671 5533 150,
709 5469 905 5536 coivit;
942 5469 998 5524 in
1044 5487 1153 5541 qua
1210 5471 1315 5525 viri
1367 5473 1547 5542 magni
1599 5472 1847 5536 fuerunt.
1879 5474 2132 5547 Gregorii

2237 4748 2384 4820 ⁴ίςιιιθη
2414 4752 2521 4804 τινὶ
2552 4752 2936 4827 ἀμαρτητικῷ.
2984 4758 3178 4829 Ἡμεῖς
3214 4761 3271 4814 δὲ
3303 4762 3559 4835 λέγομεν,
3591 4766 3673 4819 ὅτι
3699 4769 3827 4821 τοὺ-

2237 4842 2452 4895 ναντίον
2482 4843 2560 4915 τῷ
2595 4847 2956 4920 ἁμαρτητικῷ
2987 4851 3070 4905 δεῖ
3105 4854 3305 4922 μᾶλλον
3341 4857 3502 4910 αὑτὸν
3529 4859 3830 4931 ὑπονοῆσαι

2237 4931 2602 5024 συναφθῆναι,
2625 4934 2703 5002 τῷ
2728 4937 2823 4989 καὶ
2847 4941 3123 5012 σωτηρίας
3154 4943 3417 5017 δεομένῳ.
3450 4947 3689 5002 Ἐκεῖνον
3717 4951 3829 5024 γὰρ

2236 5021 2460 5087 ἔσωσεν,
2475 5019 2519 5093 ᾧ
2542 5027 2636 5080 καὶ
2666 5027 2933 5101 συνήφοη.
2955 5032 3174 5088 Τούτων
3203 5036 3310 5091 τῶν
3332 5037 3622 5108 δογμάτων
3643 5059 3831 5095 κινου-

2239 5115 2434 5185 μένων,
2462 5119 2784 5190 συνέρχεται
2829 5125 2862 5194 ὴ
2897 5125 2955 5178 ὲν
2988 5127 3564 5186 Κωνσταντινουπόλει
3610 5134 3832 5200 σύνοδος

2234 5205 2445 5276 ἀνδρῶν
2481 5215 2557 5280 ρν’
2590 5211 2711 5281 ἥτις
2737 5211 2936 5284 ἄνδρας
2965 5214 3094 5288 ἔσχε
3125 5220 3421 5290 μεγάλους,
3451 5225 3579 5287 τοὺς
3611 5225 3652 5277 Γ
3656 5242 3831 5296 ρηγο-

2234 5298 2406 5368 ρίους,
2426 5303 2522 5355 καὶ
2557 5303 2926 5375 Ἀμφιλόχιον.
2952 5310 3064 5362 Καὶ
3097 5313 3833 5390 συναχθέντες,καθαιροῦσι

2231 5391 2322 5442 τὸν
2366 5391 2700 5450 Μακεδόνων
2752 5403 2846 5453 καὶ
2900 5401 3321 5475 ’Λπολινάριονο
3371 5409 3466 5462 καὶ
3508 5409 3830 5465 ἐκτίθενται

2230 5481 2378 5550 ὅρον,
2417 5487 2534 5555 ἦτοι
2569 5488 2799 5560 μάθημα
2829 5491 3088 5561 πίστεως,
3115 5497 3255 5568 ὅπερ
3283 5497 3538 5570 λέγομεν.

551 5559 684 5627 duo,
715 5572 772 5616 et
802 5563 1247 5634 Amphilochius.
1315 5565 1382 5618 l-li
1424 5565 1666 5630 Collecti,
1706 5567 2087 5623 Macedoniam
2121 5577 2177 5624 et
2216 5571 2592 5643 Apollinarem
2639 5559 2733 5635 ab:
2760 5583 2944 5638 officio
2999 5559 3374 5658 removerunt,
3415 5559 3470 5649 et
3520 5593 3817 5652 decretum

549 5651 667 5708 sive
705 5653 970 5709 doctrinae
1008 5654 1133 5711 fidei
1165 5656 1486 5723 formulam,
1524 5669 1586 5714 ut
1627 5660 1776 5729 loqui
1844 5662 2119 5728 solemus,
2163 5679 2567 5735 exposuerunt.

620 5831 667 5861 ’θ
703 5830 826 5885 Act.
860 5849 910 5898 ν,
947 5835 999 5899 5,
1028 5835 1080 5889 4.
1161 5838 1205 5869 ³ο
1243 5838 1362 5892 Act.
1397 5856 1511 5906 xui,
1553 5841 1607 5893 ‘2.

1687 5841 1727 5872 ³¹
1760 5843 1919 5898 Joan.
1954 5833 2042 5912 .vv,
2068 5847 2160 5904 9.6.
2240 5851 2284 5882 "
2317 5850 2508 5908 Matth.
2548 5871 2732 5924 xxviii,
2771 5858 2857 5914 19.
