4148 6456
388 409 517 508 1-2321

1594 422 1691 483 DE
1728 416 2008 479 ’SECTIS.
2050 437 2119 447 -
2159 410 2316 469 AC’l‘.
2361 409 2460 469 IV.

3531 408 3665 471 1222

457 557 592 629 Περὶ
621 555 678 609 δὲ
704 554 833 617 τοὺς
857 550 1085 623 χρόνους
1111 545 1352 605 ἐκείνους
1387 542 1636 609 ἐγένοντο
1659 535 1752 590 δύο
1775 533 1971 629 ἀνδρες

2149 523 2237 578 ill.
2259 521 2605 576 Exstiterunt
2623 516 2690 573 iis
2723 515 3063 586 temporibus
3085 515 3267 588 magni
3304 517 3528 588 quidam
3553 521 3666 576 duo

390 626 637 719 μεγάλοι,
668 644 932 716 Διόδωρος
959 645 987 694 6
1037 635 1256 707 Ταρσοῦ
1289 633 1607 695 ἐπίσκοπος,
1633 629 1731 683 καὶ
1760 626 1969 680 Θεόδω-

388 758 482 814 ρος
532 743 560 793 6
613 735 993 807 Μοψουεστίας
1023 749 1035 762 ·
1079 732 1280 793 οἵτινες
1338 723 1780 796 ἀντηγωνίσαντο
1836 719 1975 792 πρὸς

403 831 738 906 Ἀρειανοὺς,
771 829 864 883 και)⁸
899 825 1235 881 Μακεδόνων
1260 863 1274 888 ,
1308 820 1403 874 καὶ
1439 816 1839 888 Ἀπολινάριον,
1882 812 1976 867 καὶ

390 929 488 998 τὴν
537 923 703 994 ἀλλην
739 920 964 993 Γραφὴν
998 913 1484 987 ὑπεμνημάτισαν,
1515 911 1610 964 καὶ
1633 911 1689 962 ἐν
1724 910 1858 978 τιμῇ
1890 908 1977 960 ὄν-

391 1035 480 1081 τες
508 1016 745 1088 μεγάλῃ,
777 1012 1080 1068 ἀπέθανον·
1111 1009 1208 1061 καὶ
1247 1005 1422 1068 οὐδεὶς
1451 1009 1509 1057 ἐν
1546 1006 1612 1074 τῇ
1645 1003 1760 1072 ζωῇ
1795 1000 1978 1053 αὐτῶν

395 1108 692 1162 ἐπελάϐετό
723 1123 871 1168 τινος
915 1102 1096 1158 αὐτῶν
1122 1119 1136 1132 ·
1179 1099 1295 1152 ἀλλ’
1328 1098 1580 1168 ἐγκώμια
1621 1096 1868 1166 ἔγραψαν
1898 1097 1980 1156 είς

392 1202 588 1264 αὐτοὺς
611 1197 816 1252 πολλοί.
837 1197 947 1250 Καὶ
967 1195 1244 1258 Βασίλειος
1267 1195 1374 1263 γὰρ
1397 1195 1593 1256 αὐτοὺς
1618 1188 1978 1260 ἐγκωμιάζει,

395 1293 488 1346 καὶ
518 1293 768 1362 Ἰωάννης
799 1291 827 1343 6
856 1289 1263 1361 Χρυσόστομος.
1290 1287 1558 1357 Ὕστερον
1578 1284 1636 1337 δὲ
1661 1283 1980 1352 κινουμένου

395 1385 488 1439 τοῦ
540 1382 910 1454 Νεστοριανοῦ
952 1381 1243 1451 δόγματος,
1270 1378 1593 1451 ἠναγκάσθη
1627 1376 1917 1448 Κύριλλος,
1953 1379 1981 1430 6

397 1479 591 1550 πρώην
638 1478 838 1540 αὐτοὺς
882 1474 1158 1541 ἐπαινῶν,
1204 1474 1347 1528 κατὰ
1385 1473 1496 1526 τῶν
1531 1472 1985 1543 συγγραμμάτων

398 1572 574 1625 αὐτῶν
594 1569 830 1642 γράψαι·
856 1568 1044 1638 ἐπειδὴ
1077 1569 1170 1621 ἀπ’
1192 1568 1371 1620 αὐτῶν
1400 1567 1706 1637 ἰσχυρίζετο
1733 1567 1794 1618 τὸ
1809 1566 1987 1635 δόγμα

398 1662 562 1716 αὑτοῦ
609 1664 638 1714 6
675 1662 995 1732 Νεστόριος.
1042 1661 1631 1732 Ὑπομνηματίσαντες
1684 1659 1792 1730 γὰρ
1835 1649 1984 1711 οὗτοι

399 1753 496 1826 τὴν
542 1755 705 1824 ἀγίαν
755 1754 980 1825 Γραφὴν
1004 1793 1020 1817 ,
1063 1753 1162 1806 οὐκ
1194 1753 1430 1822 ἔστησαν
1461 1753 1590 1823 ἄχρι
1621 1751 1716 1804 τοῦ
1745 1750 1984 1813 δέοντος,

2076 618 2203 683 viri,
2236 615 2513 670 Diodorus
2567 613 2863 682 episcopus
2888 611 3065 678 Tarsi,
3091 619 3149 666 et
3192 611 3519 668 Theodorus
3551 614 3669 670 Μο-

2079 710 2338 782 psuestia:
2371 727 2382 761 :
2419 709 2514 778 qui
2542 717 2596 762 et
2625 706 2891 760 adversus
2911 704 3166 770 Arianos,
3185 705 3666 770 etMacedonium,

2079 814 2134 858 ct
2154 804 2530 874 Apollinarem
2553 800 2896 870 pugnabant,
2913 797 3311 868 universasque
3327 798 3566 855 Litteras
3582 816 3670 855 sa-

2079 912 2204 951 cras
2227 894 2646 951 commentariis
2670 894 3021 948 illustrabant
3043 935 3057 959 ,
3085 903 3142 947 et
3170 893 3222 948 in
3260 895 3441 964 pretio
3465 895 3667 961 habiti,

2079 997 2315 1044 mortem
2348 988 2734 1058 oppetierunt;
2771 1001 2875 1041 nec
2903 985 3040 1056 ipsis
3081 987 3223 1041 vivis
3263 987 3556 1057 quisquam
3581 987 3671 1042 di-

2081 1091 2230 1138 ctum
2253 1081 2475 1152 aliquod
2507 1095 2700 1135 eorum
2738 1079 3210 1149 reprehendebat;
3266 1080 3376 1134 imo
3415 1083 3672 1151 complu-

2083 1190 2174 1228 res
2209 1173 2432 1243 scriptis
2473 1172 2745 1226 encomiis
2791 1186 2886 1225 eos
2912 1171 3288 1227 celebrarunt.
3322 1173 3457 1227 Nam
3484 1181 3540 1228 et
3567 1173 3671 1227 Ba-

2082 1267 2239 1322 silius
2263 1277 2319 1322 et
2339 1267 2578 1322 Joannes
2609 1265 3050 1336 Chrysostomus
3085 1281 3182 1321 eos
3217 1267 3540 1336 praedicant.
3564 1269 3673 1323 Ve-

2085 1377 2208 1415 rum
2239 1370 2431 1431 postea
2463 1367 2613 1412 moto
2645 1358 2900 1427 dogmate
2939 1357 3290 1424 Nestoriano,
3333 1369 3562 1414 coactus
3589 1371 3675 1415 est

2084 1455 2342 1526 Cyrillus,
2362 1454 2457 1524 qui
2481 1461 2537 1508 et
2564 1453 2678 1521 ipse
2706 1451 2922 1521 pridem
2948 1465 3045 1506 eos
3069 1451 3370 1518 laudasset,
3399 1433 3678 1508 ‘adversus

2086 1562 2277 1602 eorum
2328 1561 2498 1615 opera
2549 1544 2829 1610 scribere;
2873 1543 3023 1613 quod
3053 1543 3250 1615 dogma
3283 1560 3445 1600 suum
3475 1546 3676 1601 Nesto—

2088 1640 2204 1694 rius
2235 1655 2302 1693 ex
2329 1639 2412 1694 eis
2460 1638 2836 1692 conﬁrmaret.
2867 1637 3002 1691 Nam
3046 1637 3214 1692 editis
3264 1638 3342 1692 illi
3389 1654 3576 1694 sacras
3617 1641 3674 1694 in

2089 1731 2331 1786 Litteras
2395 1729 2834 1792 commentariis,
2874 1729 3016 1782 intra
3069 1727 3207 1783 fines
3248 1744 3359 1783 non
3407 1731 3677 1785 constite-

400 1821 534 1900 ἀλλά
591 1821 954 1916 ’βουληθέντες
1013 1845 1237 1912 μερίσαι
1282 1821 1380 1908 τάς
1411 1846 1469 1898 ἐν
1621 1842 1752 1914 ἁγίᾳ
1793 1843 1983 1912 Γραφῇ

2100 1833 2255 1886 runt;
2291 1823 2389 1877 sed
2445 1839 2568 1877 cum
2627 1822 2962 1877 distribuere
2993 1821 3199 1876 vellent
3246 1838 3526 1878 sacrarum
3560 1823 3677 1878 Lit-

399 1939 604 2008 φωνὰς,
633 1939 732 2001 τὰς
767 1940 866 2008 μὲν
896 1942 962 2010 τῇ
988 1938 1227 2006 θεότητι,
1260 1938 1358 1999 τὰς
1394 1937 1451 1990 δὲ
1481 1939 1546 2008 τῇ
1581 1935 1984 2007 ἀνθρωπότητιο

401 2031 705 2103 εὑρέθησαν
729 2031 823 2085 δύο
846 2033 1174 2092 ὑποστάσεις
1203 2048 1297 2084 του
1322 2029 1559 2097 Χριστοῦ
1601 2033 1694 2083 καὶ
1717 2030 1988 2100 «διαίρεσιν

403 2125 735 2191 εἰσάγοντες.
767 2124 876 2179 Καὶ
907 2125 977 2178 δι’
1001 2125 1133 2178 αὐτὸ
1162 2123 1484 2196 ἠναγκάσθη
1510 2126 1538 2177 6
1570 2123 1839 2194 Κύριλλος
1867 2122 1988 2176 κατ’

403 2217 583 2272 αὐτῶν
610 2215 841 2289 γράψαι,
879 2216 1004 2270 ἐπεὶ
1037 2219 1133 2271 ἀπ’
1161 2221 1342 2272 αὐτῶν
1385 2215 1693 2288 ἰσχυρίζετο
1725 2217 1786 2270 τὸ
1811 2215 1990 2286 δόγμα

404 2309 571 2363 αὑτοῦ
600 2312 628 2363 ὁ
679 2309 994 2380 Νεστόριος.
1024 2309 1124 2363 Διά
1151 2309 1311 2363 τοῦτο
1355 2310 1411 2362 δὲ
1444 2311 1501 2363 ὲν
1555 2313 1622 2382 τῇ
1649 2310 1763 2381 ζωῇ
1813 2309 1991 2363 αὐτῶν

405 2400 576 2464 οὐδεὶς
608 2400 794 2464 αὐτοῖς
825 2401 1099 2465 ἀντεῖπεν,
1130 2400 1318 2472 ἐπειδὴ
1347 2401 1407 2454 τὸ
1431 2400 1704 2470 μάχεσθαι
1722 2401 1862 2472 πρὸς
1893 2401 1991 2463 τὰς

411 2492 626 2563 μείζους
653 2493 916 2564 αἱρέσεις,
948 2493 1147 2547 ἔσκεπε
1175 2494 1245 2548 τά
1276 2493 1505 2546 τοιαῦτα
1534 2493 1802 2565 δόγματα.
1836 2493 1990 2546 Μετὰ

407 2587 464 2640 δὲ
496 2586 685 2657 χρόνον
715 2587 892 2655 ὀλίγον
919 2587 1012 2641 τοῦ
1030 2588 1323 2643 ἀποθανεῖν
1357 2589 1633 2658 Θεόδωρον
1673 2586 1767 2641 καὶ
1793 2584 1992 2638 Διόδω-

412 2695 523 2748 ρον,
582 2680 778 2750 ἀνέστη
812 2681 844 2748 ἡ
881 2680 1090 2751 αἵρεσις
1121 2680 1418 2747 Νεστορίου
1442 2697 1455 2710 ·
1490 2676 1558 2752 ἦν
1601 2680 1658 2734 δὲ
1700 2682 1992 2734 Κωνσταν-

406 2770 768 2833 τινουπόλεως
797 2771 960 2835 αὐτὸς
987 2772 1015 2823 6
1035 2772 1331 2840 Νεστόριος
1369 2771 1694 2834 ἐπίσκοπος,
1737 2768 1990 2835 Ἀλεξαν-

406 2863 591 2930 δρείας
629 2864 687 2917 δὲ
713 2863 1003 2935 Κύριλλος,
1048 2864 1380 2934 Ἀντιοχείας
1400 2863 1457 2917 δὲ
1500 2863 1777 2932 Ἰωάννης.

480 3038 545 3092 Τί
569 3038 626 3092 δὲ
650 3035 718 3110 ἦν
740 3038 802 3090 τδ
841 3039 1018 3108 δόγμα
1040 3038 1136 3092 τοῦ
1162 3038 1484 3108 Νεστορίου,
1509 3037 1611 3108 ἢδη
1641 3036 1742 3108 μὲν
1780 3038 1838 3088 ὲν
1879 3038 1992 3098 τοῖς

412 3131 779 3205 προλαϐοῦσιν
825 3133 1167 3204 εἰρήκαμεν·
1195 3133 1290 3185 καὶ
1335 3131 1432 3186 νῦν
1473 3130 1532 3184 δὲ
1588 3131 1763 3202 μικρὰ
1792 3127 1996 3194 διεξέλ-

2092 1924 2336 1971 terarum
2393 1932 2578 1980 voces,
2614 1915 2750 1969 alias
2794 1914 2862 1968 ad
2900 1913 3271 1981 divinitatem,
3302 1915 3438 1970 alias
3470 1916 3538 1970 ad
3576 1931 3678 1970 na-

2094 2018 2272 2064 turam
2325 2009 2620 2063 lmmanam
2683 2007 2907 2070 relatas,
2955 2006 3363 2076 deprehensum
3427 2014 3535 2072 est,
3582 2023 3681 2062 eos

2092 2103 2231 2158 duas
2268 2101 2471 2158 Christi
2499 2103 2846 2172 hypostases,
2890 2107 2946 2155 et
3001 2099 3332 2154 divisionem
3384 2099 3679 2170 quamdam

2095 2194 2474 2248 introducere.
2524 2193 2697 2259 Quam
2725 2192 2797 2246 ob
2864 2207 3086 2246 causam
3117 2191 3358 2263 Cyrillus
3414 2192 3683 2248 adversus

2097 2285 2246 2356 ipsos
2299 2287 2547 2341 scribere
2603 2292 2830 2339 coactus
2881 2284 3014 2350 fuit,
3067 2285 3430 2339 contirmante
3484 2284 3682 2355 dogma

2093 2392 2254 2431 suum
2282 2393 2350 2431 ex
2384 2377 2464 2431 eis
2494 2375 2771 2430 Nestorio.
2791 2375 2945 2431 Vivis
2968 2375 3195 2445 quidem
3221 2375 3356 2446 ipsis
3389 2390 3490 2430 cur
3520 2392 3684 2431 nemo

2093 2469 2516 2531 contradixerit,
2554 2469 2760 2524 factum
2797 2468 2921 2522 ideo
2959 2468 3106 2538 quod
3154 2469 3434 2539 pugnandi
3489 2477 3684 2524 contra

2094 2569 2276 2616 sectas
2297 2561 2534 2631 majores
2560 2560 2860 2615 necessitas
2881 2559 3153 2630 ejusmodi
3171 2559 3426 2630 dogmata
3451 2568 3683 2631 tegeret.

2093 2653 2164 2707 At
2196 2653 2364 2723 paulo
2383 2663 2506 2723 post
2553 2669 2715 2723 quam
2765 2652 2911 2706 diem
2948 2651 3274 2706 Theodorus
3306 2668 3368 2707 ac
3412 2652 3687 2707 Diodorus

2095 2746 2386 2809 obiissent,
2419 2745 2683 2800 suscitata
2729 2743 2970 2799 Nestorii
3003 2742 3107 2797 fuit
3135 2743 3363 2798 haeresis
3403 2759 3418 2796 :
3455 2752 3686 2813 eratque

2094 2836 2742 2906 Constantinopolitanus
2767 2834 3063 2904 cpiscopus
3089 2833 3181 2888 hic
3218 2834 3333 2903 ipse
3373 2820 3684 2898 Nestoritts,

2095 2929 2332 3001 Cyrillus
2356 2928 2787 2992 Alexandrinus,
2824 2927 3067 2982 Joannes
3090 2925 3498 2982 Antiochenus.

2168 3020 2257 3074 IV.
2291 3018 2580 3086 Quodnam
2615 3019 2814 3089 dogma
2864 3017 3105 3072 Nestorii
3147 3017 3337 3084 fuerit,
3374 3018 3688 3088 expositum

2098 3113 2152 3168 id
2190 3113 2414 3183 quidem
2446 3121 2531 3167 est
2567 3111 2622 3166 in
2653 3111 2720 3166 iis
2746 3127 2868 3176 qua:
2898 3111 3064 3165 modo
3082 3111 3326 3166 diximus
3353 3129 3364 3165 :
3394 3110 3491 3166 sed
3511 3111 3689 3165 nihilo

412 3195 615 3298 θωμεν.
666 3227 781 3280 Οὐκ
825 3195 982 3294 ἔλεγε
1015 3195 1125 3296 γὰρ
1159 3225 1355 3278 ἕνωσιν
1384 3225 1480 3277 τοῦ
1526 3195 1705 3293 Λόγου
1734 3221 1831 3276 τοῦ
1858 3222 1992 3274 Θεοῦ

2100 3205 2283 3259 minus
2312 3205 2506 3276 paucis
2547 3204 2926 3274 explanemus.
2958 3203 3078 3257 Non
3109 3219 3234 3258 esse
3265 3202 3466 3258 factam
3507 3203 3691 3259 aiebat

414 3318 552 3388 πρὸς
578 3319 671 3372 τὸν
708 3318 1016 3389 ἄνθρωπον,
1044 3317 1181 3371 ἀλλὰ
1208 3317 1302 3370 δύο
1338 3317 1666 3380 ὑποστάσεις
1698 3316 1874 3382 ἔλεγε,
1904 3317 2000 3366 καὶ

413 3412 678 3484 διαίρεσιν
698 3428 712 3443 ·
739 3411 864 3465 ὅθεν
892 3412 1013 3466 οὐδὲ
1039 3412 1137 3483 τὴν
1159 3410 1322 3478 ἁγίαν
1345 3410 1568 3481 Μαρίαν
1597 3409 1784 3464 ἐκάλει
1808 3409 1998 3461 Θεοτό-

416 3522 534 3568 κον,
578 3503 717 3559 ἀλλά
769 3505 1155 3575 Χριστοτόκον.
1195 3505 1256 3557 Εἰ
1299 3503 1356 3558 δὲ
1411 3505 1504 3557 καὶ
1555 3503 1863 3573 ἄνθρωπον,
1907 3501 2002 3554 καὶ

417 3596 548 3650 Θεὸν
586 3595 853 3650 ἀπεκάλει
887 3596 979 3649 τὸν
1009 3595 1282 3668 Χριστόνο
1319 3595 1436 3651 ἀλλ’
1467 3594 1651 3648 οὐκέτι
1697 3593 1772 3656 ὠς
1816 3595 2000 3663 ἡμεῖς,

417 3690 555 3744 ἀλλὰ
582 3692 648 3760 τῇ
687 3689 871 3759 σχέσει
911 3689 1006 3742 καὶ
1056 3691 1122 3760 τῇ
1180 3687 1475 3742 οἰκειώσει.
1509 3688 1722 3758 ’Ὠσπερ
1768 3687 2002 3756 λέγομεν

418 3784 553 3853 περὶ
584 3781 680 3835 δύο
709 3778 874 3832 τινῶν
908 3779 1102 3848 φίλων,
1145 3778 1288 3832 πάνυ
1336 3778 1600 3849 ἀλλήλους
1631 3777 2000 3847 ἀγαπώντων·

418 3877 501 3930 ὅτι
541 3875 592 3929 οἱ
645 3872 739 3926 δύο
785 3865 933 3925 οὗτοι
969 3873 1101 3943 μίαν
1128 3872 1308 3943 ψυχὴν
1332 3871 1538 3942 ἔχουσι,
1571 3870 1712 3924 κατά
1741 3870 1800 3924 τὸ
1832 3869 2006 3924 ταυτά

419 3968 670 4040 ἀλλήλοις
729 3966 1011 4037 ἀρέσκειν,
1047 3965 1138 4018 διά
1166 3964 1264 4037 τὴν
1318 3963 1630 4036 ὑπερϐολὴν
1660 3964 1759 4034 τῆς
1799 3962 2001 4033 φιλίας.

420 4060 607 4131 Τούτῳ
635 4059 691 4112 δὲ
721 4057 800 4129 τῷ
843 4057 1131 4131 Νεστορίῳ
1161 4057 1402 4121 ἐναντίος
1431 4052 1498 4128 ἦν
1525 4057 1552 4110 6
1592 4055 1881 4128 Κύριλὶος,
1912 4056 2006 4110 καί¹

420 4151 657 4222 ἔγραφεν
691 4149 843 4220 αὐτῷ
875 4149 1288 4220 συνεχέστερον,
1316 4149 1741 4220 ἀποστραφῆναι
1776 4149 1885 4203 ἀπὸ
1909 4149 2004 4203 τοῦ

419 4243 690 4313 δόγματος
723 4241 941 4294 τούτου.
984 4241 1267 4312 Ἔγραψεν
1308 4235 1399 4293 οὖν
1440 4239 1665 4311 πρώτην
1713 4241 1866 4311 αὐτῷ
1913 4241 2009 4294 καὶ

421 4333 681 4404 δευτέραν
728 4331 1039 4402 ἐπιστολὴν,
1069 4331 1165 4385 καὶ
1207 4332 1312 4385 οὐκ
1339 4331 1558 4384 ἔπεισεν
1589 4329 1772 4385 αὐτόν.
1806 4330 2007 4384 ’Ύστε-

424 4443 516 4496 ρον
553 4424 611 4477 δὲ
643 4425 846 4495 γράφει
889 4424 1041 4495 αὐτῷ
1071 4423 1264 4493 τρίτην
1299 4422 1687 4494 ὲπιστολὴν,ὲν
1797 4422 2008 4493 ἔγραψε

421 4517 628 4572 δώδεκα
675 4517 954 4587 κεφάλαια
982 4517 1114 4588 περὶ
1154 4516 1392 4580 πίστεως
1413 4533 1427 4547 ·
1461 4517 1557 4570 καὶ
1587 4515 1815 4587 ὕστερον
1839 4517 2002 4588 ἕγρα-
2041 4554 2085 4610 D

421 4609 542 4678 ψεν,
577 4608 660 4661 ὅτι
679 4607 742 4660 El
769 4607 868 4674 μὲν
892 4606 1165 4678 καταδέχῃ
1193 4605 1386 4670 ταῦτα,
1419 4605 1831 4675 συλλειτουργὸς
1852 4606 2009 4677 ἡμῶν

423 4695 494 4760 εἷ,
522 4700 617 4753 καὶ
653 4698 842 4766 φίλος·
873 4699 922 4751 εἰ
953 4698 1012 4751 δὲ
1044 4696 1139 4769 μὴ,
1192 4696 1440 4767 ἀνάθεμα
1480 4697 1600 4768 ἔσῃ.
1651 4695 1776 4750 Οὐδ’
1833 4695 2010 4761 οὕτως

423 4791 480 4843 δὲ
508 4791 716 4844 ἔπεισε
749 4788 1096 4860 Κινουμένης
1123 4787 1181 4841 δὲ
1208 4787 1310 4857 τῆς
1339 4787 1520 4858 μάχης
1541 4785 1769 4859 ταύτης,
1794 4785 2009 4839 κελεύει

424 4887 453 4938 6
485 4883 741 4956 βασιλεὺς
767 4879 856 4956 (ἦν
885 4883 941 4936 δὲ
972 4881 1254 4946 Θεοδόσιος
1274 4884 1302 4936 ὁ
1328 4880 1562 4952 Μικρὸς)
1591 4879 1848 4949 γενέσθαι
1881 4881 2007 4934 σύν-

424 4977 543 5030 οδον
569 4978 627 5030 ὲν
669 4970 909 5046 Ἐφέσῳ,
952 4973 1050 5028 καὶ
1096 4974 1290 5045 κριτὴν
1331 4973 1587 5042 γενέσθαι
1615 4972 1886 5042 Κυρίλλου
1916 4973 2009 5026 καὶ

425 5069 724 5141 Νεστορίου
781 5070 1041 5139 Ἰωάννην
1111 5067 1205 5120 τὸν
1280 5067 1614 5137 Ἀντιοχείας
1683 5066 2008 5121 ἐπίσκοπον.

422 5156 629 5214 Ἦλθεν
669 5155 762 5215 οὖν
813 5163 841 5214 6
888 5160 1158 5232 Κύριλλος
1203 5161 1282 5225 είς
1329 5158 1428 5232 τὴν
1455 5159 1770 5232 ὁρισθεῖσαν
1796 5158 2013 5230 ἡμέραν

429 5255 569 5326 μετά
605 5257 787 5326 πάσης
835 5256 938 5326 τῆς
993 5255 1216 5309 συνόδου
1269 5253 1438 5308 αὑτοῦ
1481 5254 1563 5317 είς
1608 5253 1708 5325 τὴν
1753 5253 2014 5321 Ἔφεσον.

437 5349 672 5419 Ὁμοίως
731 5350 826 5402 καὶ
877 5349 1172 5420 Νεστόριος
1227 5348 1368 5420 μετὰ
1406 5348 1503 5418 τῆς
1557 5345 1724 5400 αὑτοῦ
1773 5346 2017 5400 συνόδου.

439 5440 912 5512 Ἐμϐραδύναντος
955 5439 1012 5494 δὲ
1052 5439 1303 5493 Ἰωάννου
1351 5439 1546 5504 ἐλθεῖν,
1581 5437 1678 5491 καὶ
1713 5453 2011 5508 παραπρο-

426 5533 809 5604 θεσμήσαντος
847 5531 1063 5603 ἡμέρας
1111 5538 1210 5596 ις’,
1248 5530 1480 5602 νομίσας
1528 5532 1556 5582 ὁ
1601 5528 2011 5601 Κύριλλος,’ὃτι

425 5624 611 5676 οὐκέτι
642 5623 884 5696 ἔρχεται,
923 5622 1248 5692 συναγαγὼν
1276 5623 1403 5686 τοὺς
1435 5621 1758 5694 εὑρεθέντας
1789 5620 2015 5674 ἐπισκό-

430 5733 588 5780 πους,
619 5718 717 5770 καὶ
757 5717 1088 5788 ἀνεγνωκὼς
1116 5719 1209 5770 ἐπὶ
1238 5717 1418 5772 αὐτῶν
1446 5717 1516 5770 τὰ
1545 5713 1845 5786 Νεστορίου
1881 5731 2014 5782 συγ-

429 5810 759 5879 γράμματα,
796 5811 893 5866 καὶ
945 5811 1173 5883 ὕστερον
1227 5811 1337 5864 ἀπὸ
1375 5810 1485 5862 τῶν
1538 5809 1712 5878 ἀγίων
1753 5809 2016 5879 Πατὲρων

431 5905 658 5975 χρήσεις
690 5906 1108 5978 ἐναντιουμένας
1151 5905 1353 5973 αὐτοῖς,
1385 5905 1685 5976 Νεστορίου
1731 5901 1805 5974 μὴ
1835 5900 2018 5955 συνελ-

2101 3298 2366 3350 unionem
2415 3296 2513 3349 Dei
2567 3295 2852 3350 Sermonis
2903 3310 3028 3349 cum
3083 3293 3344 3359 homine,
3399 3295 3497 3350 sed
3551 3295 3692 3351 duas

2103 3387 2357 3441 tradebat
2412 3386 2762 3458 hypostases,
2815 3401 2880 3440 ac
2910 3385 3244 3442 divisionem
3282 3388 3690 3457 :quamobrem

2103 3496 2208 3535 nec
2243 3489 2499 3536 sanctam
2527 3482 2676 3535 illam
2708 3480 2933 3535 Mariam
2958 3481 3190 3536 vocabat
3218 3481 3530 3553 Deiparam,
3592 3485 3692 3540 sed

2101 3573 2527 3644 Christiparam.
2558 3573 2716 3640 Quod
2747 3574 2792 3629 si
2829 3574 3065 3629 maxime
3107 3574 3390 3630 Christum
3422 3585 3479 3632 et
3510 3577 3694 3632 homi-

2103 3681 2254 3727 nem,
2279 3675 2336 3720 et
2361 3666 2537 3743 Deum
2596 3665 2932 3736 appellabat,
2991 3682 3103 3721 non
3155 3674 3340 3723 tamen
3373 3669 3481 3725 hoc
3510 3685 3578 3725 eo
3614 3670 3696 3726 fa-

2105 3758 2289 3813 ciebat
2309 3774 2498 3822 sensu,
2529 3774 2639 3828 quo
2662 3774 2796 3823 nos,
2849 3758 2945 3814 sed
2996 3759 3313 3815 affectionis
3345 3762 3696 3833 conjunctio-

2104 3852 2300 3922 nisque
2335 3861 2592 3922 respectu
2626 3871 2638 3907 :
2671 3852 3141 3923 quemadmodum
3191 3854 3260 3909 de
3299 3855 3519 3911 duobus
3569 3857 3696 3926 qui-

2106 3946 2342 4001 busdam
2384 3946 2582 4001 amicis
2614 3945 2876 4010 dicimus,
2908 3946 3145 4002 invicem
3174 3947 3332 4002 valde
3363 3964 3422 4004 se
3458 3948 3698 4020 diligen-

2108 4040 2281 4106 tibus,
2333 4056 2498 4095 unam
2541 4056 2638 4096 eos
2681 4040 2890 4096 habere
2939 4041 3180 4095 animam
3227 4057 3241 4094 :
3292 4040 3439 4110 quod
3488 4043 3699 4097 amoris

2106 4132 2266 4187 nimii
2296 4148 2481 4195 causa,
2503 4133 2695 4188 eadem
2736 4131 2872 4201 ipsis
2895 4132 3170 4200 placeant.
3194 4131 3336 4186 lluic
3369 4139 3555 4186 autem
3583 4133 3694 4188 Ne-

2107 4224 2282 4281 storio
2313 4224 2552 4297 Cyrillus
2577 4224 2994 4289 adversabatur,
3020 4223 3343 4294 litterasque
3377 4223 3700 4295 frequentes

2108 4315 2395 4380 exarabat,
2431 4323 2492 4368 ut
2523 4315 2802 4370 hominem
2831 4315 2902 4370 ab
2938 4315 3034 4370 illo
3066 4315 3321 4387 dogmate
3369 4317 3695 4374 diverteret.

2110 4409 2226 4464 lloc
2255 4408 2440 4464 studio
2469 4410 2759 4480 impulsus,
2783 4418 2839 4464 et
2870 4409 3106 4480 primam
3145 4409 3214 4464 ad
3251 4409 3434 4481 ipsum
3472 4418 3530 4466 et
3557 4411 3699 4465 alte--

2115 4519 2230 4556 ram
2271 4502 2494 4572 scripsit
2519 4503 2835 4572 epistolam,
2878 4517 2980 4556 nec
3010 4510 3194 4557 tamen
3224 4503 3524 4572 persuasit.
3550 4501 3700 4559 Tan-

2116 4597 2240 4652 dem
2286 4597 2500 4651 litteras
2544 4596 2612 4651 ad
2664 4611 2792 4650 eum
2829 4594 3020 4650 tertias
3054 4594 3230 4659 dedit,
3260 4595 3314 4649 in
3350 4595 3531 4666 iisque
3557 4595 3701 4650 duo-

2114 4689 2294 4744 decim
2319 4689 2386 4744 de
2416 4687 2522 4742 fide
2554 4687 2794 4758 capitula
2822 4686 3165 4757 perscripsit,
3193 4695 3250 4741 et
3282 4686 3487 4758 adjecit
3519 4688 3574 4742 in
3605 4704 3702 4742 ex-

2115 4783 2306 4838 tremis
2338 4799 2351 4834 :
2385 4781 2441 4837 Si
2481 4781 2703 4852 quidem
2747 4781 2867 4835 haec
2895 4779 3123 4850 recipis,
3152 4787 3209 4834 et
3234 4779 3531 4834 ministerii
3566 4795 3702 4835 con-

2114 4892 2257 4941 sors,
2286 4884 2344 4929 et
2395 4872 2609 4929 amicus
2648 4882 2837 4928 noster
2880 4887 2941 4927 es
2969 4888 2982 4926 :
3011 4871 3096 4926 sin
3134 4879 3321 4926 autem
3354 4913 3368 4938 ,
3409 4871 3702 4926 anathema

2114 4968 2245 5024 eris.
2294 4967 2501 5023 Verum
2557 4981 2627 5021 ne
2675 4965 2757 5022 sic
2785 4964 3010 5036 quidem
3038 4963 3333 5034 persuasit.
3368 4962 3481 5017 Hac
3516 4970 3701 5016 autem

2113 5064 2232 5117 rixa
2279 5071 2459 5126 mota,
2507 5061 2667 5132 jubet
2726 5059 3030 5129 imperator
3081 5057 3150 5128 (is
3194 5038 3314 5110 (ετῶ
3358 5053 3704 5108 Theodosius

2113 5154 2318 5226 minor)
2353 5153 2558 5224 Ephesi
2605 5151 2874 5224 synodum
2906 5149 3124 5213 haberi,
3169 5146 3525 5219 judicemque
3567 5160 3703 5200 con-

2115 5247 2271 5302 stitui
2323 5255 2432 5301 tam
2481 5245 2688 5316 Cyrillo
2711 5258 2874 5314 quam
2905 5239 3182 5302 Nestorio,
3213 5238 3482 5294 Joannem
3513 5234 3706 5291 Antio-

2117 5341 2358 5395 chenum
2397 5339 2742 5409 episcopum.
2788 5335 2977 5404 Itaque
3003 5331 3242 5404 Cyrillus
3277 5327 3542 5384 universo
3574 5343 3702 5382 cum

2117 5441 2262 5488 C(Btll
2315 5446 2438 5496 suo,
2493 5429 2772 5499 Ephesum
2810 5427 2878 5481 ad
2912 5425 3059 5480 diem
3093 5421 3462 5494 praestitutum
3504 5419 3703 5476 venit:

2121 5526 2425 5594 itidemque
2456 5538 2558 5577 suo
2595 5538 2721 5576 cum
2761 5519 3000 5576 concilio
3024 5559 3038 5582 ,
3102 5516 3412 5572 Nestorins.
3435 5514 3574 5570 Cum
3605 5530 3704 5568 au-

2123 5627 2233 5673 tem
2260 5616 2501 5672 Joannes
2527 5613 2826 5668 adventum
2851 5625 3014 5664 suum
3041 5607 3260 5679 longius
3289 5606 3628 5668 extraheret,
3647 5617 3705 5658 et

2123 5711 2268 5764 ultra
2306 5709 2452 5764 diem
2484 5707 2692 5761 dictum
2724 5718 2931 5759 moram
2952 5702 3017 5756 l6
3044 5701 3260 5755 dierum
3289 5699 3701 5768 interponeret:

2123 5803 2360 5874 Cyrillus
2418 5817 2547 5856 cum
2603 5815 2714 5854 non
2757 5804 3054 5853 venturum
3103 5793 3340 5863 amplius
3377 5791 3703 5851 arbitratus,

2127 5900 2331 5956 coactis
2373 5897 2669 5969 episcopis,
2701 5903 2975 5968 quotquot
3015 5889 3230 5948 inventi
3272 5898 3438 5956 sunt,
3470 5893 3524 5943 et
3546 5884 3707 5942 lectis
