4148 6488
493 472 635 535 1223

489 588 549 642 in
567 594 763 639 eorum
789 573 1083 649 praesentia
1103 567 1346 628 Nestorii
1368 564 1614 635 scriptis,
1646 559 1953 627 itidemque
1976 556 2082 609 Pa-
2115 561 2156 614 Α

490 688 638 732 trum
687 644 1118 727 auctoritatibus
1162 675 1286 731 qua:
1326 657 1416 711 his
1471 653 1938 710 adversarentur,
1980 644 2081 697 ab-

490 774 647 823 sente
675 759 935 819 Nestorio
974 756 1075 827 qui
1114 753 1361 825 judicent
1404 753 1729 816 exspectare
1760 756 1819 794 se
1848 738 2081 800 diceret,

491 875 621 916 eum
650 858 719 913 ab
769 853 951 909 cilicio
981 845 1383 905 removendum
1419 838 1635 896 statuit.
1667 837 1798 891 Post
1826 832 1894 887 16
1950 845 2085 885 vero

494 955 632 1017 dies,
677 948 773 1003 ubi
800 946 1043 1002 Joannes
1078 943 1189 1011 jam
1224 937 1600 993 adventasset,
1625 928 1936 993 factamque
1975 920 2085 975 Ne-

494 1042 654 1100 storii
688 1037 1096 1109 depositionem
1166 1029 1373 1097 absque
1428 1039 1486 1078 se
1531 1017 1941 1088 comperisset:
2002 1011 2087 1063 ira

499 1135 721 1207 partim,
750 1129 953 1201 partim
985 1124 1176 1180 dolore
1237 1115 1533 1186 impulsus,
1575 1108 1725 1179 quod
1784 1104 1962 1174 ipsius
2018 1099 2088 1153 ad

502 1227 784 1283 infamiam
839 1216 1083 1277 Nestorii
1144 1210 1444 1283 depositio,
1490 1204 1647 1260 nulla
1680 1193 2090 1255 interveniente

502 1319 719 1373 scilicet
743 1316 865 1385 ejus
912 1307 1247 1365 auctoritate
1278 1303 1424 1356 facta
1452 1296 1678 1357 fuisset;
1711 1292 1768 1345 in
1799 1283 2094 1343 ecclesiam

1762 445 2075 508 LEONTII
2117 437 2525 502 BYZANTINI

2187 550 2395 612 θόντος,
2425 545 2562 599 ἀλλᾶ
2600 543 2853 610 λέγοντος
2880 534 3212 608 προσμένειν
3244 533 3337 586 τὸν
3378 527 3592 601 κριτὴν,
3623 527 3765 580 ποιεῖ

2190 639 2289 710 τὴν
2322 637 2647 707 καθαίρεσιν
2674 630 2867 685 αὐτοῦ,
2907 628 3064 683 Μετὰ
3098 627 3155 681 δὲ
3192 624 3267 691 ις’
3295 624 3514 695 ἡμέρας
3541 622 3711 677 ἐλθὼν
3740 629 3767 678 6

3631 414 3765 483 1224

2204 731 2485 799 Ἰωάννης,
2525 728 2619 780 καὶ
2666 722 2844 795 εὑρὼν
2874 722 2976 791 τὴν
3004 719 3325 788 καθαίρεσιν
3353 718 3648 789 Νεστορίου
3682 736 3773 787 γε·

2192 822 2426 892 νομένην
2460 818 2630 889 χωρὶς
2663 814 2855 881 αὑτοῦ,
2904 812 3295 881 ἀγανακτήσας
3345 810 3441 863 καὶ
3490 810 3770 880 λυπηθεὶς,

2194 916 2277 967 ὅτι
2313 913 2451 983 πρὸς
2503 909 2731 979 ἀτιμίαν
2764 904 2929 961 αὑτοῦ
2963 904 3156 973 γέγονε
3188 903 3356 973 χωρίς
3382 902 3546 956 αὑτοῦ
3578 905 3611 972 ή
3644 904 3773 956 καθ-

2196 1008 2410 1077 αίρεσις
2461 1002 2760 1073 Νεστορίου
2783 1016 2798 1031 ·
2840 999 2919 1062 είς
2950 996 3047 1067 τὴν
3074 996 3370 1065 ἐκκλησίαν
3400 997 3481 1058 εἰς
3515 995 3584 1065 ἣν
3621 997 3779 1065 ἀνῆλ-

2198 1099 2291 1152 θεν
2315 1100 2342 1151 6
2365 1096 2654 1167 Κύριλλος,
2685 1094 2745 1147 οὐ
2780 1089 3043 1160 συνῆλθεν
3064 1106 3077 1119 ·
3115 1090 3193 1150 εἰς
3241 1087 3407 1156 ἄλλην
3436 1086 3493 1139 δὲ
3522 1086 3778 1150 ἀνελθὼν,

2200 1193 2441 1262 ἐμάχετο
2474 1190 2571 1259 μὲν
2596 1187 2731 1258 πρὸς
2764 1182 3056 1253 Κύριλλον,
3089 1181 3181 1233 καὶ
3207 1176 3600 1249 ἀνεθεμάτιζον
3627 1177 3782 1247 ἀλλὴ-

2202 1284 2356 1345 λους·
2386 1282 2486 1334 οὐκ
2518 1279 2815 1348 ἀπεδέχετο
2838 1276 2894 1329 δὲ
2936 1273 3255 1342 Νεστὸριον.

505 1359 719 1373 seu...“
745 1359 864 1385 ην-
913 1359 1150 1365 __-,_,,_

505 1426 670 1482 quam
725 1405 965 1477 Cyrillus
1004 1398 1241 1460 adierat,
1295 1391 1525 1447 minime
1580 1400 1639 1439 se
1685 1371 2088 1441 contulit;st
2124 1372 2180 1427 in
2248 1371 2412 1425 aliam
2453 1370 2757 1441 digressus,
2824 1362 3095 1435 Cyrillum
3157 1361 3382 1431 quidem
3415 1359 3783 1431 oppugnabat,

509 1507 857 1572 invicemque
896 1515 955 1554 se
985 1491 1324 1551 anathemati
1364 1480 1770 1556 subjiciebant;
1802 1490 1915 1529 non
1947 1480 2133 1526 tamen
2162 1469 2484 1525 Nestorium
2524 1464 2872 1520 admittebat.

584 1601 648 1654 ν.
673 1568 881 1653 Aderat
925 1589 1126 1647 Joanni
1153 1582 1545 1641 Theodoretus
1575 1574 1825 1645 quidam,
1851 1568 1937 1623 vir
1969 1580 2107 1620 eru-

514 1693 666 1747 ditus
695 1696 751 1744 et
774 1688 1040 1756 eloquens
1060 1723 1074 1748 ,
1105 1678 1252 1749 Cyri,
1278 1670 1523 1729 Orientis
1544 1663 1757 1737 oppidi,
1787 1660 2105 1731 episcopus.

517 1785 617 1839 llic
665 1753 933 1852 Cyrillum
960 1782 1306 1843 oppugnans,
1352 1764 1419 1817 12
1452 1772 1673 1830 quoque
1699 1753 1882 1823 capita
1913 1762 2108 1818 repre-

518 1841 733 1937 hendit,
760 1884 883 1940 quae
920 1841 1242 1933 incipistola
1299 1854 1369 1909 ad
1422 1847 1743 1907 Nestorium
1788 1841 1951 1897 tertia
1981 1853 2108 1909 per-

518 1928 847 2036 scripserat;
870 1928 1158 2027 eaque-sic
1181 1946 1480 2007 refutabat,
1506 1951 1565 1996 ut
1584 1937 1849 2009 Cyrillum
1876 1940 1933 1986 et
1956 1928 2114 1984 Aria-

519 2075 675 2123 num,
703 2064 761 2110 et
787 2055 854 2107 ab
885 2046 1160 2105 Eunomio
1204 2050 1371 2109 atque
1405 2028 1708 2105 Apollinari
1730 2040 1854 2081 esse
1879 2022 2112 2077 diceret.

521 2116 737 2221 Quippe
768 2143 1012 2216 Cyrillus
1058 2152 1183 2192 cum
1211 2129 1468 2187 Nestorio
1512 2135 1785 2196 pugnans,
1822 2116 2117 2184 dispensa-

526 2245 736 2297 tionem
776 2234 998 2293 Domini
1051 2227 1360 2288 dividente,
1409 2219 1744 2291 prmcipuam
1776 2203 2119 2264 inculcanda:

528 2332 753 2390 unionis
797 2341 991 2383 curam
1040 2321 1146 2378 sibi
1194 2315 1453 2386 sumpsit.
1485 2311 1725 2375 ideoque
1768 2296 2119 2355 Theodoreto

526 2424 770 2499 Cyrillus
814 2411 1226 2489 quodammodo
1268 2414 1528 2462 naturam
1560 2412 1751 2457 unam,
1784 2392 2119 2447 Arianorum

1494 2494 1505 2499 -
1623 2491 1633 2499 -
1702 2487 1752 2499 --
1796 2486 1809 2499 ι
1873 2492 1883 2499 .
1941 2498 1961 2499 η
2014 2479 2087 2499 ιτ-

530 2479 595 2574 εί
632 2479 1154 2585 Apollinaristarum
1200 2514 1376 2563 more,
1418 2491 1639 2565 opinari
1662 2486 1988 2543 videbatur.
2014 2479 2123 2533 Ve-

536 2623 659 2663 rum
682 2568 758 2660 ‘ne
789 2599 1207 2656 Theodoretum
1239 2589 1465 2660 quidem
1494 2587 1712 2639 constat
1759 2587 2000 2645 unquam
2029 2568 2126 2624 ad—

539 2698 758 2754 misisse
796 2689 1141 2751 Nestorium,
1181 2682 1280 2739 sed
1321 2680 1589 2735 duntaxat
1635 2672 1703 2727 de
1745 2667 1952 2740 Cyrillo
1993 2678 2128 2734 que-

539 2801 712 2853 stum,
738 2789 858 2858 ejus
883 2780 1122 2839 infamiae
1147 2790 1316 2833 causa
1345 2812 1361 2837 ,
1395 2784 1519 2841 quae
1549 2763 1749 2822 Joanni
1783 2759 2125 2829 contigisset.

541 2880 841 2938 Sciendum
880 2888 1036 2937 vero,
1074 2861 1426 2925 circumferri
1471 2856 1700 2917 Joannis
1734 2850 1981 2924 episcopi
2015 2848 2131 2903 An-

544 2967 1065 3037 tiocheniscriptam
1086 2968 1213 3017 ante
1244 2959 1388 3011 hanc
1421 2950 1694 3024 synodum
1724 2944 2018 3017 epistolam
2062 2938 2132 2994 ad

542 3061 887 3123 Nestorium,
917 3055 1095 3126 ipsius
1134 3051 1333 3121 dogma
1366 3044 1703 3099 refutantem
1736 3054 1749 3092 :
1782 3036 1875 3091 cui
1911 3030 2134 3088 antisti-

548 3168 631 3212 tes
668 3148 913 3208 universi
945 3146 1011 3200 ad
1034 3120 1263 3199 Joannis
1289 3134 1588 3192 concilium
1631 3127 1975 3200 pertinentes
2007 3120 2138 3175 sub-

2285 1561 2498 1631 Εύρέθη
2527 1558 2585 1612 δὲ
2621 1556 2762 1628 μετὰ
2801 1555 3052 1608 Ἰωάννου
3092 1549 3442 1619 Θεοδώρητός
3470 1566 3556 1611 τις
3586 1548 3788 1612 ἐλλόγι-

2213 1673 2334 1727 μος,
2371 1653 2558 1722 Κύρου
2592 1651 2894 1710 ἐπίσκοπος
2936 1646 3253 1713 Ἀνατολῆς.
3283 1640 3452 1706 Οὗτος
3496 1642 3636 1695 κατά
3682 1644 3791 1695 Ku-

2215 1748 2398 1818 ρίλλου
2421 1747 2617 1813 λέγων,
2650 1741 3086 1811 ἐπιλαμϐάνεται
3117 1738 3214 1791 καὶ
3240 1736 3348 1790 τῶν
3380 1736 3446 1805 ιβ’
3465 1735 3791 1803 κεφαλαίων,

2144 1902 2185 1957 Β
2212 1835 2287 1895 ὧν
2328 1838 2570 1910 ἔγραψεν
2605 1838 2663 1889 ὲν
2714 1837 2780 1905 τῇ
2839 1834 2998 1905 τρίτῃ
3053 1829 3315 1899 ἐπιστολῇ
3339 1832 3403 1898 τῇ
3437 1829 3572 1897 πρὸς
3603 1826 3795 1879 Νεστό-

2228 1951 2338 1957 -_--.
2390 1931 2479 1957 -..Α
2518 1930 2817 1957 ε..ι--.-...
2849 1925 2988 1957 ...ενι
3052 1924 3228 1957 me...“
3257 1924 3335 1957 κη..
3379 1922 3653 1957 nmmos.-
3688 1922 3792 1957 Enn

2221 1951 2360 2005 ριον,
2390 1931 2485 1986 καὶ
2513 1930 2817 2001 ἀνέτρεπεν
2848 1925 3012 1989 αὐτὰ,
3052 1924 3228 1991 λέγων
3256 1924 3339 1975 ὅτι
3379 1922 3653 1991 Ἀρειανος
3686 1922 3797 1973 ἐστι

2217 2022 2509 2093 Κύριλλος,
2552 2020 2649 2074 καὶ
2680 2018 2751 2071 τὰ
2798 2015 3072 2089 Εὑνομίου
3106 2014 3201 2067 καὶ
3245 2011 3625 2081 Ἀπολιναρίου
3676 2026 3799 2080 φρο-

2219 2120 2319 2172 νεῖ.
2374 2114 2436 2171 '0
2469 2114 2579 2187 γὰρ
2613 2109 2888 2183 Κύριλλος
2933 2107 3217 2180 Νεστορίῳ
3266 2106 3703 2177 ἀπομαχόμενος,
3727 2102 3801 2170 τῷ

2220 2208 2519 2281 διαιροῦντι
2582 2205 2682 2277 τὴν
2753 2201 3093 2272 οίκονομίαν,
3143 2203 3245 2270 τῆς
3306 2199 3554 2261 ὲνώσεως
3611 2196 3802 2268 μᾶλλον

2224 2301 2485 2374 φροντίδα
2518 2299 2840 2369 πεποίηται.
2877 2294 3043 2348 ’Ὀθεν
3084 2294 3181 2347 καὶ
3231 2293 3407 2345 ἐδόκει
3439 2310 3555 2355 πως
3581 2292 3657 2361 τῷ
3678 2290 3802 2343 Θεο-

2222 2394 2452 2465 δωρήτῳ
2485 2393 2513 2445 6
2543 2389 2832 2460 Κύριλλος,
2871 2386 2946 2449 ὡς
3000 2385 3130 2457 μίαν
3162 2384 3329 2453 φύσιν
3360 2382 3623 2447 δοξάζων,
3654 2380 3725 2443 ὡς
3757 2380 3802 2431 oi

2239 2485 2527 2555 ’Apstavo‘t,
2561 2478 2655 2534 καλ⁵
2691 2481 2742 2533 οἱ
2778 2478 2907 2549 περὶ
2940 2476 3031 2530 τὸν
3083 2475 3488 2546 ’Δπολινάριον.
3510 2474 3659 2540 Πλὴν
3691 2471 3803 2524 οὐδὲ

2227 2575 2577 2646 Θεοδώρητος
2607 2573 2857 2643 φαίνεται
2910 2569 3135 2622 πώποτε
3163 2567 3253 2620 τὸν
3284 2567 3590 2637 Νεστόριον
3627 2563 3807 2617 ἀποδε-

2232 2669 2484 2740 χόμενος,
2522 2666 2659 2720 ἀλλὰ
2698 2666 2859 2734 μόνον
2906 2663 2999 2717 τὸν
3030 2660 3299 2732 Κύριλλον
3328 2658 3805 2730 ἀπομεμφόμενος,

2230 2762 2321 2816 διὰ
2348 2761 2446 2832 τὴν
2473 2760 2766 2829 συμϐᾶσαν
2798 2757 2878 2820 τίς
2916 2755 3172 2823 Ἰωάννην
3227 2752 3475 2821 ἀτιμίαν.
3520 2750 3708 2804 Ἰστέον
3730 2747 3804 2809 δὲ,

2235 2856 2322 2908 ὅτι
2380 2852 2609 2924 φέρεται
2649 2850 2897 2905 Ἰωάννου
2960 2846 3055 2900 τοῦ
3099 2846 3435 2916 ’Δντιοχείας
3492 2844 3805 2900 ἐπισκόπου.

2236 2946 2345 3016 πρὸ
2389 2945 2488 3016 τῆς
2544 2942 2766 2996 συνόδου
2810 2939 3019 3009 ταύτης
3068 2936 3328 3006 ἐπιστολὴ
3360 2935 3501 3006 πρὸς
3528 2932 3808 3003 Νεστόριον

2237 3039 2630 3111 ἀνατρέπουσα
2656 3035 2718 3088 τὸ
2746 3034 2925 3103 δόγμα
2953 3028 3143 3093 αὐτοῦ,
3182 3031 3240 3083 ὲν
3330 3024 3656 3098 ὑπέγραψαν
3686 3023 3808 3076 πάνυ

2238 3151 2330 3196 τες
2352 3135 2401 3185 οἱ
2430 3131 2529 3200 τῆς
2565 3127 2733 3182 αὑτοῦ
2776 3125 3023 3179 συνόδου.
3060 3122 3258 3176 Ἰστέον
3288 3122 3345 3174 δὲ
3393 3123 3489 3174 καὶ
3536 3119 3710 3183 τοῦτο,
3735 3116 3809 3169 ὅτι

544 3247 838 3317 δετίβδθτθο
874 3236 1173 3295 δθίθηάυπι
1203 3241 1259 3287 et
1293 3228 1451 3293 “Ind:
1481 3219 1831 3317 Circumfer}?
1870 3214 2135 3287 quasdam
2163 3247 2208 3307 ε
2244 3223 2502 3296 φέρονταί
2528 3238 2674 3285 τινες
2696 3219 2975 3274 ἐπιστολαὶ
2997 3216 3348 3285 Θεοδωρήτου
3381 3215 3477 3267 καὶ
3502 3209 3809 3281 Νεστορίου,

548 3312 885 3395 Theodoreti
927 3348 993 3387 ac
1022 3325 1263 3384 Nestorii
1289 3320 1574 3393 epistolas,
1605 3316 1661 3371 in
1692 3312 1898 3385 quibus
1922 3324 1980 3364 se
2015 3323 2139 3361 mu-

553 3446 649 3490 tuo
674 3426 987 3497 recipiunt;
1024 3420 1121 3475 sed
1148 3416 1358 3473 fictitim
1382 3420 1516 3468 sunt
1548 3428 1562 3463 :
1589 3416 1646 3463 et
1672 3406 1887 3475 ﬁngunt
1914 3416 2008 3455 eas
2030 3399 2142 3452 hae-

554 3524 736 3589 retici,
769 3530 830 3575 ut
867 3531 1061 3573 earum
1106 3527 1210 3582 ope
1257 3506 1530 3579 synodum
1574 3504 1919 3571 oppugnent.
1952 3493 2007 3548 Si
2054 3490 2144 3544 cui

557 3634 689 3674 vero
716 3624 1056 3686 cognoscere
1078 3606 1234 3668 libet,
1257 3615 1423 3672 quam
1442 3594 1592 3669 gravi
1626 3588 1942 3648 Nestorium
1964 3586 2147 3640 Theo—

559 3710 789 3763 doretus
847 3700 976 3757 odio
1030 3702 1360 3768 prosecutus
1408 3685 1599 3750 fuerit,
1627 3684 1676 3739 is
1723 3680 1931 3736 librum
1972 3675 2148 3746 ipsius

562 3795 899 3857 Theodoreti
948 3789 1311 3864 perscriptum
1339 3784 1406 3838 de
1429 3778 1597 3835 sectis
1632 3777 1799 3846 legat.
1826 3772 2017 3840 itaque
2038 3768 2146 3823 Ne-

562 3894 737 3950 storio
792 3862 1067 3958 deposito,
1092 3889 1147 3937 et
1169 3879 1323 3933 hisce
1349 3874 1517 3929 rebus
1548 3868 1736 3929 motis,
1765 3864 2010 3936 synodus
2033 3862 2151 3930 ipsa

566 3987 820 4047 solvitur,
846 3956 1095 4051 quolibet
1130 3986 1292 4029 suum
1320 3966 1388 4023 ad
1412 3966 1595 4019 locum
1621 3959 1891 4031 profecto.
1916 3956 2152 4009 Alexan-

567 4080 742 4137 driam
775 4073 1034 4147 Cyrillus,
1055 4068 1295 4124 Joannes
1317 4056 1667 4117 Antiochiam
1706 4051 1872 4115 abiit;
1902 4056 1957 4103 et
1991 4062 2058 4100 ex
2084 4059 2153 4099 eo

571 4174 685 4227 rixa
736 4139 880 4223 inter
930 4158 1213 4233 [Egyptios
1251 4162 1311 4209 et
1358 4147 1657 4205 orientales
1678 4153 1820 4200 erat.
1844 4139 2157 4195 Orientales

569 4277 697 4319 cum
739 4256 996 4316 Nestorio
1052 4250 1260 4307 sentire
1320 4242 1681 4315 putabantur,
1728 4231 1967 4305 [Egyptii
2028 4243 2155 4285 cum

570 4351 896 4427 Apollinari.
924 4348 1039 4403 Hac
1064 4345 1290 4399 ineunte
1318 4338 1457 4400 rixa,
1489 4328 1835 4387 Theodosius
1859 4326 2159 4394 imperator

570 4446 779 4519 Cyrillo
828 4438 1044 4503 scribit,
1114 4430 1419 4488 amicitiam
1472 4439 1598 4479 cum
1640 4421 1852 4476 Joanne
1916 4412 2161 4468 redinte-

574 4545 763 4611 graret
793 4553 806 4589 :
839 4547 903 4587 ac
920 4526 1140 4590 Joanni,
1166 4522 1373 4595 Cyrillo
1391 4532 1450 4573 se
1484 4511 1894 4570 reconciliaret.
1920 4504 2162 4584 Joannes

2245 3322 2303 3373 ὲν
2348 3313 2435 3379 αἶς
2484 3313 2746 3384 ἀλλήλους
2819 3310 3211 3379 ἀποδέχονται·
3279 3306 3523 3359 πλασταί
3578 3304 3634 3356 δέ
3682 3303 3807 3355 εἱσι*

2246 3409 2545 3463 πλάττουσι
2581 3406 2637 3459 δὲ
2686 3402 2857 3465 αὑτὰς
2901 3402 2953 3454 οἱ
2994 3398 3291 3471 αἱρετικοὶ,
3324 3397 3421 3449 τοῦ
3457 3394 3724 3468 μάχεσθαι
3749 3391 3809 3444 δι’

2247 3500 2429 3555 αύτῶν
2462 3498 2596 3569 πρὸς
2629 3496 2729 3567 τὴν
2758 3493 2999 3548 σύνοδον.
3040 3493 3104 3544 Εἰ
3134 3490 3191 3544 δὲ
3232 3489 3481 3559 βούλεταί
3505 3504 3588 3550 τις
3606 3484 3812 3554 γνῶναι,

2248 3594 2330 3647 ὅτι
2356 3590 2699 3661 Θεοδώρητος
2720 3588 2817 3641 καὶ
2836 3586 2957 3640 λίαν
2981 3587 3006 3638 ὲ
3015 3584 3159 3655 μίσει
3184 3582 3503 3653 Νεστόριον,
3539 3575 3814 3646 ἀναγνώτω

2250 3683 2514 3756 περὶτῶν
2549 3681 2818 3752 αἱρέσεων
2856 3678 2918 3731 τὸ
2974 3675 3139 3730 αὑτοῦ
3183 3674 3535 3744 θεοδωρήτου
3590 3682 3815 3741 γεγραμα

2256 3753 2417 3846 μένον
2475 3770 2701 3842 βιϐλίον.
2748 3764 3184 3837 Καθαιρεθέντος
3229 3758 3323 3817 οὖν
3376 3761 3691 3829 Νεστορίου,
3732 3753 3815 3807 καὶ

2252 3865 2465 3920 τούτων
2518 3861 2871 3932 κινηθέντων,
2902 3858 3183 3912 διαλύεται
3241 3858 3277 3927 ὴ
3322 3854 3563 3919 σύνοδος,
3603 3850 3814 3904 ἑκάστου

2255 3957 2716 4029 ἀναχωρήσαντος
2746 3955 2828 4017 εἰς
2860 3953 2953 4007 τὸν
3001 3950 3133 4004 ἴδιον
3173 3950 3359 4002 τόπον.
3400 3949 3511 4003 Καὶ
3538 3947 3565 3997 6
3593 3945 3687 4015 μὲν
3713 3940 3815 3993 Κύ-

2260 4051 2438 4122 ριλλος
2468 4050 2549 4111 εἰς
2592 4045 3003 4116 Ἀλεξάνδρειαν
3061 4038 3247 4112 ἦλθεν,
3287 4043 3316 4095 6
3353 4041 3412 4093 δὲ
3461 4038 3704 4106 Ἰωάννης
3746 4032 3817 4092 εἰς

2273 4146 2606 4216 Ἀντιόχειαν
2656 4145 2751 4197 καὶ
2780 4138 2847 4214 ἦν
2873 4142 2936 4194 ὲκ
2971 4140 3166 4194 τούτου
3206 4142 3353 4210 μάχη
3392 4136 3502 4190 τῶν
3531 4129 3819 4202 Αἰγυπτίων

2260 4239 2397 4311 πρὸς
2419 4237 2546 4301 τοὺς
2590 4233 2991 4297 ’Λνατολικούς.
3023 4233 3135 4287 Kal.
3155 4226 3439 4284 ὲδοκοῦντο
3467 4230 3517 4282 οἱ
3549 4228 3643 4298 μὲν
3684 4225 3818 4275 Ἀνα-

2260 4310 2467 4384 τολικοὶ
2508 4328 2577 4381 τά
2626 4327 2922 4398 Νεστορίου
2968 4326 3223 4397 φρονεῖν·
3262 4323 3311 4375 οἱ
3364 4323 3421 4376 δὲ
3456 4320 3732 4390 Αἰγύπτιοι
3760 4310 3819 4365 τὰ

2275 4421 2679 4493 Ἀπολιναρίου,
2718 4420 2831 4490 Τῆς
2876 4418 2934 4472 δὲ
2987 4421 3169 4488 μάχης
3216 4414 3421 4484 ταύτης
3463 4408 3821 4478 ἐνισταμένης,

2263 4520 2467 4591 γράφει
2502 4520 2530 4571 6
2557 4516 2839 4578 Θεοδόσιος
2870 4516 2899 4567 6
2929 4513 3184 4584 βασιλεὺς
3228 4510 3507 4581 Κυρίλλῳ,
3546 4508 3629 4560 ἴνα
3657 4501 3820 4573 φιλιωο

576 4632 819 4704 acceptis
839 4626 1040 4683 litteris
1067 4590 1448 4692 imperatoris,
1474 4609 1764 4682 epistolam
1794 4605 1864 4660 ad
1893 4601 2136 4675 Cyrillun

2226 4590 2334 4682 ⁵θῇ
2399 4609 2620 4680 Ἰωάννῃ
2646 4626 2658 4639 ο
2708 4608 2805 4660 καὶ
2853 4605 3112 4676 Ἰωάννῃ,
3152 4603 3239 4656 ἵνα
3298 4600 3529 4669 φιλιωθῇ
3566 4590 3817 4664 Κυρίλλῳ.

580 4723 886 4795 componit,
915 4734 1023 4787 qua
1052 4712 1340 4769 sententiae
1370 4722 1483 4762 suae
1514 4700 1807 4757 formulam
1830 4695 2166 4765 complecte-

582 4820 769 4879 batur,
796 4823 1029 4877 eamque
1060 4804 1214 4860 Pauli
1244 4802 1527 4856 Emesenaa
1552 4792 1704 4848 urbis
1732 4787 1976 4859 episcopi
1999 4798 2168 4855 opera

580 4909 792 4982 Cyrillo
834 4902 1027 4958 mittit.
1065 4898 1180 4952 liae
1247 4911 1279 4948 a
1318 4890 1528 4963 Cyrillo
1571 4884 1896 4957 approbata,
1925 4879 2167 4934 orienta-

588 5004 724 5059 lium
765 4997 1156 5068 episcoporum
1186 4987 1455 5041 adversus
1493 4978 1779 5051 [Egyptios
1811 4976 1927 5028 rixa
1956 4970 2169 5027 exstin-

590 5102 679 5150 cta
709 5099 814 5147 est.
858 5086 1108 5153 Cumque
1152 5079 1379 5151 paulum
1434 5071 1699 5139 temporis
1744 5064 2169 5125 intercessisset,

588 5180 1043 5242 Chalcedonense
1074 5171 1374 5228 concilium
1405 5164 1528 5236 cogi
1561 5161 1751 5233 ccepit.

658 5373 749 5429 Vl.
781 5370 918 5427 Erat
954 5374 1141 5422 autem
1186 5363 1297 5418 illis
1331 5358 1492 5415 annis
1546 5350 1935 5413 Alexandrina:
1974 5361 2177 5418 praeses

594 5465 857 5524 Ecclesia:
881 5463 1204 5523 Dioscorus,
1224 5448 1849 5521 Constantinopolitanae
1863 5444 2175 5505 Flavianus,

596 5561 857 5615 Romana
874 5555 1009 5620 Leo,
1024 5555 1270 5608 Domnus
1291 5545 1648 5602 Antiochenae
1679 5557 1691 5593 :
1711 5554 1773 5593 ac
1791 5536 2024 5607 degebat
2036 5533 2180 5589 Con-

597 5646 959 5716 stantinopoli
1016 5643 1239 5715 quidam
1263 5681 1277 5707 ,
1310 5638 1399 5694 cui
1450 5650 1653 5691 nomen
1686 5638 1835 5686 esset
1882 5628 2179 5699 Eutyches,

600 5738 869 5808 dignitate
918 5731 1231 5804 presbyteri
1279 5739 1338 5784 et
1386 5720 1835 5781 archimandritas:
1871 5717 2179 5789 praeditus:

604 5832 699 5898 qui
726 5830 932 5883 Christi
968 5844 1171 5898 corpus
1215 5841 1322 5879 non
1379 5824 1547 5877 unius
1570 5833 1691 5874 esse
1722 5818 2008 5871 nobiscum
2055 5813 2185 5868 sub-

608 5920 820 5972 stantia:
847 5929 967 5987 post
1002 5919 1259 5973 unionem
1293 5916 1555 5970 traderet.
1580 5913 1715 5967 Nam
1750 5907 1897 5979 quod
1923 5906 2183 5961 unionem

2266 4705 2379 4758 Kal
2406 4703 2700 4773 δεξάμενος
2730 4701 2759 4753 6
2808 4697 3063 4769 Ἰωάννης
3106 4695 3176 4749 τὰ
3232 4694 3533 4765 γράμματα
3564 4688 3653 4741 τοῦ
3690 4683 3820 4752 βασι·

2267 4795 2425 4859 λέως,
2458 4793 2602 4847 ποιεῖ
2652 4790 2943 4859 ἐπιστολὴν
2984 4788 3121 4860 πρὸς
3154 4786 3444 4858 Κύριλλον,
3489 4779 3820 4853 περιέχουσαν

2270 4888 2391 4952 πῶς
2416 4884 2651 4954 δοξάζει,
2677 4885 2773 4938 καὶ
2809 4884 3020 4954 πέμπει
3040 4881 3131 4935 διὰ
3160 4880 3397 4942 Παύλου,
3427 4877 3525 4946 τῆς
3546 4873 3648 4927 τῶν
3685 4865 3822 4934 Ἐμε-

2274 4979 2454 5051 σηνῶν
2486 4978 2694 5041 πόλεως
2728 4976 3051 5030 ἐπισκόπου.
3108 4975 3221 5028 Καὶ
3257 4970 3660 5025 συναινέσαντος
3703 4954 3819 5022 αὐτῇ

2273 5070 2572 5143 Κυρίλλου,
2604 5068 2886 5122 διαλύεται
2930 5069 2964 5137 ἠ
3002 5066 3151 5137 μάχη
3202 5064 3313 5117 τῶν
3346 5054 3694 5115 Ἀνατολικῶν
3718 5051 3823 5099 ἐπι-

2276 5141 2495 5218 σκόπων
2527 5163 2665 5234 πρὸς
2697 5160 3050 5230 Αἰγυπτίους.
3084 5158 3293 5229 Χρόνου
3323 5155 3380 5209 δὲ
3431 5152 3607 5218 ὀλίγου
3630 5141 3821 5208 διαδρα-

2280 5259 2494 5331 μόντος,
2525 5230 2757 5329 ἄρχεται
2810 5256 2846 5325 ή
2878 5256 2936 5307 ὲν
2978 5251 3286 5321 Χαλκηδόνι
3317 5245 3531 5307 σύνοδος
3560 5230 3819 5293 κινεῖσθαι·

2346 5347 2456 5404 Ἦν
2489 5351 2548 5404 δὲ
2567 5323 2729 5403 ’ἐὰτά
2778 5323 2907 5411 τοὺς
2947 5345 3177 5418 χρόνους
3209 5342 3459 5405 τούτους,
3489 5336 3583 5405 τῆς
3616 5323 3815 5386 Ἐκκληο

2281 5444 2404 5507 σίας
2445 5441 2844 5511 Ἀλεξανδρέων
2870 5440 3173 5500 ἐπίσκοπος
3203 5435 3492 5499 Διόσκορος
3513 5443 3525 5457 ·
3560 5424 3821 5476 Κωνσταν-

2280 5504 2643 5596 τινουπόλεως
2668 5504 2748 5598 δὲ,
2774 5530 3110 5593 Φλαϐιανός’
3153 5526 3371 5596 Ῥώμης
3401 5517 3676 5586 δὲ,Λέων·
3722 5504 3821 5598 ἈΥ

2282 5628 2523 5699 τιοχείας
2553 5628 2630 5692 δὲ,
2662 5626 2889 5696 Δόμνος.
2931 5625 3021 5679 Ἐν
3074 5623 3131 5676 δὲ
3180 5604 3729 5673 Κωνσταντινουπόλει
3765 5588 3821 5661 ἦν

2285 5739 2364 5784 τις
2410 5721 2656 5790 Εύτυχὴς
2703 5694 2782 5789 τῷ
2825 5719 3087 5788 ὀνόματι,
3140 5711 3511 5785 πρεσϐύτερος
3562 5699 3649 5754 καί
3685 5694 3821 5781 ἀρκεῖ

2288 5770 2785 5883 μανδρίτηέίὸστῖς
2816 5770 3056 5875 ἐδόξαζε,
3074 5770 3341 5878 ,μὴιεῖναι
3371 5770 3468 5871 μέν
3493 5795 3550 5848 τὸ
3574 5788 3717 5855 σῶμα
3740 5770 3818 5877 ’δῩῦ

2286 5866 2850 5977 ἀριστοῦιδμοούσιον
2881 5866 3016 5973 ἡμῖν
3210 5898 3309 5968 τὴν
3356 5866 3543 5947 ένωσιν
3562 5902 3575 5916 '
3613 5876 3692 5933 διὰ
3722 5866 3815 5938 γάρ
