4148 6446
449 415 589 479 1225

1657 414 1754 475 DE
1793 414 2074 476 SECTIS.
2118 439 2184 448 -
2224 416 2385 476 ACT.
2426 416 2527 477 IV.

3592 425 3727 493 1226

435 534 539 605 τὴν
597 530 904 603 ὑπερϐολὴν
946 510 1050 601 ¹’τῆς
1088 528 1362 593 ὲνώσεως,
1416 528 1511 581 καὶ
1578 529 1640 581 τὸ
1685 529 1817 599 μίαν
1866 529 2022 598 φύσιν

2135 531 2386 596 nimiam,
2417 540 2472 586 et
2498 546 2662 585 unam
2711 531 2851 587 adeo
2893 542 3152 590 naturam
3178 544 3491 607 statueret;
3517 538 3725 598 Christi

438 623 638 693 λέγειν,
670 623 773 676 οὐκ
806 622 995 691 ἔλεγεν
1035 621 1327 692 όμοούσιον
1353 619 1489 689 ἡμῖν
1517 620 1657 689 μετά
1701 620 1801 692 τὴν
1832 621 2033 674 ἕνωσιν

437 709 497 767 το
521 716 702 783 σῶμα.
738 712 928 783 Τούτῳ
956 713 1032 784 τῷ
1087 714 1327 783 Εὑτυχεῖ
1354 712 1638 784 γνώριμος
1670 708 1739 785 ἦν
1770 714 2035 777 Εὐσέϐιος

436 806 464 857 6
494 804 778 875 Δορυλέων
830 804 1155 867 ἐπίσκοπος.
1194 807 1307 859 Καὶ
1337 807 1504 874 γνοὺς
1529 806 1589 872 ἐξ
1630 806 1797 860 αὐτοῦ
1822 808 1881 860 τὸ
1907 807 2032 876 δόγ-

440 914 517 967 μα
546 895 730 959 τοῦτο,
764 896 1059 966 ἀνήγγειλε
1089 896 1399 969 Φλαϐιανῷ,
1442 897 1653 966 λέγων·
1692 900 1785 951 Δεῖ
1810 915 1869 952 σε
1908 899 2032 951 ἐπι-

434 986 666 1057 τιμῆσαι
699 985 776 1057 τῷ
825 987 1077 1057 Εύτυχεῖ,
1115 988 1328 1042 τοιοῦτο
1378 988 1464 1058 δόγ
1483 1008 1558 1059 μα
1588 990 1920 1059 είσφέροντι,
1946 992 2034 1044 ῖνα.

438 1079 515 1151 μὴ
570 1081 882 1153 διαστραφῇ
932 1083 965 1152 ὴ
1018 1083 1204 1147 πίστις
1278 1082 1455 1155 ἡμῶν.
1506 1081 1687 1139 Ὀροῦν
1734 1086 2032 1150 Φλαὸιανὸς

434 1172 645 1225 τούτων
678 1172 945 1236 ἀκούσας,
979 1177 1256 1246 συνήγαγε
1288 1177 1413 1239 τοὺς
1448 1177 1612 1231 αὐτοῦ
1651 1178 1871 1231 συνόδου
1908 1180 2030 1231 ἐπι-

438 1264 676 1327 σκόπους
710 1266 785 1329 ώς
822 1268 955 1337 περὶ
984 1266 1051 1331 λ’,
1088 1267 1183 1320 καὶ
1227 1267 1518 1338 ἠρώτησεν
1566 1269 1661 1323 ἐπὶ
1699 1268 1882 1322 αὐτῶν
1940 1269 2031 1322 τὸν

436 1357 675 1427 Εὐτυχῆ,
724 1357 904 1427 λέγων
929 1398 944 1423 ,
988 1360 1071 1413 ὃτι
1114 1360 1430 1430 Ὀμολογεῖς
1462 1362 1524 1414 τὸ
1569 1362 1728 1432 σῶμα
1765 1362 1862 1416 τοῦ
1894 1363 2029 1433 Χρι-

436 1447 566 1500 στοῦ
609 1449 897 1520 όμοούσιον
943 1454 1098 1522 ἡμῖν,
1139 1453 1291 1525 καὶῆ
1346 1454 1447 1521 οὕ;
1492 1454 1550 1509 '0
1582 1456 1640 1509 δὲ
1670 1456 2026 1528 ἀπεκρίνατο,

433 1539 515 1592 ὅτι
573 1540 753 1610 Μέχρι
804 1540 905 1610 μὲν
963 1542 1062 1611 τῆς
1126 1542 1366 1613 σήμερον
1428 1544 1526 1614 οὐχ
1574 1544 1921 1613 ὡμολόγουνο
1962 1545 2027 1599 δι’

435 1631 581 1701 ὑμᾶς
613 1633 669 1685 δὲ
702 1633 975 1703 ὁμολογῶ.
1008 1633 1181 1688 Τοῦτο
1237 1634 1293 1687 δὲ
1329 1635 1513 1705 ἔλεγεν
1569 1638 1847 1709 είρωνείᾳ.
1896 1639 2027 1692 Ἀπ-

442 1723 701 1791 εκρίνατο
730 1723 871 1795 πρὸς
900 1725 1067 1778 αὐτὸν
1091 1725 1120 1779 6
1150 1725 1451 1791 Φλασιανός
1471 1743 1486 1758 ⁸
1505 1728 1617 1799 Οὐχ
1650 1730 1810 1800 ἡμεῖς
1832 1732 2024 1801 ἐσμεν,

431 1817 482 1868 οί
525 1814 701 1870 ταῦτά
737 1832 820 1869 σοι
857 1816 1112 1885 λέγοντες
1161 1818 1466 1887 ὁμολογεῖν,
1518 1818 1636 1874 ἀλλ’
1671 1822 1720 1874 οί
1754 1822 2020 1894 Πατέρες.

432 1907 496 1959 Εἰ
521 1902 615 1960 οὗν
643 1906 947 1977 ὁμολογεῖς,
982 1908 1390 1979 ἀναθεμάτισον
1424 1912 1551 1975 τοὺς
1581 1911 1657 1983 μὴ
1689 1910 1833 1966 οὕτω
1861 1913 2021 1981 δοξά-

431 1998 648 2062 ζοντας.
700 1999 759 2053 '0
782 1999 839 2052 δὲ
870 1996 989 2053 εἷπε
1023 2001 1159 2071 πρὸς
1188 2002 1375 2065 αὐτὸν.
1408 2004 1489 2056 ὅτι
1530 2004 1617 2068 Ὠς
1648 2000 1825 2068 εἷπον,
1862 2007 2023 2077 μέχρι

430 2091 528 2161 τῆς
558 2092 803 2163 σήμερον
826 2092 923 2163 οὐχ
946 2092 1259 2163 ὡμολόγουν
1292 2093 1453 2149 τοῦτο
1471 2110 1485 2126 ·
1509 2095 1579 2149 δι’
1603 2097 1750 2166 ὑμᾶς
1771 2097 1829 2150 δὲ
1854 2096 2020 2165 λέγω.

432 2185 547 2236 Οὐκ
580 2184 951 2255 ἀναθεμάτιζέ
984 2201 1136 2239 τινα·
1174 2185 1272 2239 ἐὰν
1301 2187 1412 2255 γὰρ
1443 2189 1833 2260 ἀναθεματίζω
1870 2191 2017 2257 τινὰ,

429 2275 558 2337 τοὺς
588 2274 834 2346 πατέρας
871 2293 974 2346 μου
1011 2276 1415 2347 ἁναθεματίζω,
1449 2280 1544 2333 καὶ
1559 2281 1663 2349 τὴν
1693 2281 1854 2349 ἁγίαν
1882 2281 2023 2350 Γρα-

430 2370 561 2437 φήν.
601 2367 748 2440 Αὕτη
776 2369 887 2440 γάρ
916 2370 1067 2422 ἐστιν
1091 2372 1124 2440 ή
1150 2369 1411 2438 λέγουσα,
1446 2372 1530 2425 ὅτι
1573 2372 1673 2424 οὐκ
1706 2373 1855 2425 ἔστιν
1887 2375 2022 2445 ἡμῖν

428 2459 719 2530 όμοούσιον
747 2461 809 2514 τὸ
844 2460 1008 2532 σῶμα
1036 2461 1133 2516 τοῦ
1186 2461 1453 2533 Χριστοῦ.
1488 2462 1676 2517 Ταῦτα
1711 2463 1959 2529 ἀκούσας
1992 2466 2021 2517 6

430 2553 759 2620 Φλαὸιανδς,
808 2552 1061 2607 καθεῖλεν
1089 2555 1254 2608 αὐτὸν
1276 2556 1387 2609 ἀπὸ
1417 2555 1518 2626 τῆς
1553 2557 2018 2627 πρεσϐυτερείας,

431 2646 528 2700 καὶ
566 2646 663 2700 τοῦ
696 2644 839 2700 εἶναι
888 2646 1053 2701 αὑτὸν
1094 2648 1560 2723 ἀρχιμανδρίτην,
1594 2648 1787 2714 εἰπὼν,
1813 2651 1895 2704 ὅτι
1920 2651 2021 2704 οὐκ

430 2738 546 2790 ἔστι
580 2736 701 2791 κατ’
737 2736 987 2809 ἀνάγκην
1018 2737 1223 2801 πίστις.

502 2998 710 3052 Τούτου
752 2998 810 3052 δὲ
852 2997 1301 3069 καθαιρεθέντος,
1334 3000 1536 3071 γράφει
1566 3000 1593 3054 ό
1617 2998 1915 3065 Φλαϐιανδς
1943 2999 2022 3073 τῷ

432 3092 625 3147 Λέοντι
666 3090 892 3163 Ῥώμης
924 3091 1216 3163 ἐπισκόπῳ
1247 3093 1349 3163 τὴν
1390 3093 1749 3165 καθαίρεσιν·
1783 3094 1875 3148 καὶ
1925 3095 2021 3148 ἀν-

432 3184 695 3256 τιγράφει
721 3184 859 3255 πρὸς
887 3184 1051 3279 αὑτὸν
1100 3184 1274 3252 Λέων,
1310 3186 1393 3239 ὅτι
1424 3185 1607 3250 καλῶς
1638 3186 1802 3241 αὐτὸν
1833 3186 2019 3241 καθεῖ-
2045 3221 2089 3279 C

430 3275 512 3329 λε.
566 3276 829 3329 Καλεῖται
861 3270 955 3329 οὖν
997 3278 1030 3347 ἡ
1063 3277 1323 3348 ἐπιστολὴ
1377 3278 1517 3349 αὕτη
1548 3279 1726 3350 Τόμος
1764 3279 2015 3345 Λέοντος,

432 3364 563 3438 περὶ
596 3359 659 3420 οὗ
700 3365 1142 3436 ἀμφιϐάλλουσιν
1190 3370 1241 3420 ot
1301 3367 1711 3439 διακρινόμενοι
1764 3370 2018 3439 λέγοντες

432 3456 606 3527 αὐτὴν
637 3456 823 3518 κακῶς
847 3454 1015 3527 ἔχειν.
1060 3455 1119 3510 ’0
1160 3457 1218 3509 δὲ
1248 3457 1496 3527 Εύτυχὴς
1528 3456 1668 3527 μετά
1692 3457 1791 3529 τὴν
1821 3456 2017 3511 καθαί-

434 3565 587 3621 ρεσιν
646 3553 884 3618 συνεχως
940 3548 1271 3620 ἐνετύγχανε
1297 3548 1376 3620 τῷ
1413 3549 1650 3619 βασιλεῖ,
1693 3549 1869 3618 λέγων
1897 3550 2014 3619 ηδι-

431 3639 637 3708 κῆσθαι
686 3639 791 3692 ὑπὸ
830 3637 1160 3693 Φλαὸιανοῦ.
1212 3639 1321 3692 Καὶ
1367 3639 1487 3692 τότε
1548 3639 1767 3693 κελεύει
1800 3641 1827 3692 6
1861 3639 2018 3709 βασι-

430 3734 561 3796 λεὺς
608 3732 912 3796 Θεοδόσιος,
964 3730 1220 3799 γενέσθαι
1258 3733 1318 3785 ὲν
1362 3730 1576 3801 Ἐφέσῳ
1626 3729 2017 3803 οἰκουμενικὴν

435 3824 677 3889 σύνοδον,
712 3823 800 3875 ἵνα
832 3824 1114 3891 κρίνωσιν,
1151 3823 1201 3875 εί
1234 3822 1418 3886 καλῶς
1451 3822 1704 3877 καθεῖλεν
1736 3826 1763 3875 ό
1785 3822 2019 3877 Φλαδια-

433 3915 525 3978 νὸς
556 3914 646 3967 τὸν
673 3915 910 3987 Εὐτυχῆ,
948 3914 981 3986 ἢ
1010 3913 1092 3968 ού.
1137 3915 1438 3986 Ἐπέτρεψε
1469 3916 1526 3969 δὲ
1550 3914 1648 3987 τὴν
1684 3918 1865 3970 πᾶσαν
1900 3917 2018 3986 κρί-

436 4025 520 4060 σιν
566 4006 847 4078 Διοσκόρῳ
879 4006 957 4077 τῷ
998 4008 1283 4078 ἐπισκόπῳ
1316 4006 1749 4077 Ἀλεξανδρείας.
1781 4008 2014 4078 Γενομέ-

431 4117 530 4169 νης
562 4100 617 4151 δὲ
647 4100 746 4169 τῆς
794 4100 1035 4164 συνόδου,
1062 4100 1278 4170 πρῶτον
1329 4100 1428 4168 μὲν
1457 4100 1659 4153 ἄτοπον
1712 4102 1967 4172 ἐποίησεν
1991 4102 2019 4153 6

431 4178 745 4262 Διόσκορος.
780 4192 960 4245 Μόνον
991 4192 1099 4261 γὰρ
1126 4191 1337 4258 ἀνέγνω
1364 4191 1431 4244 τὰ
1462 4193 1832 4263 πεπραγμένα
1876 4193 2017 4245 Φλα-

434 4281 648 4345 6ιανοῦ,
692 4282 793 4334 οὐκ
845 4281 997 4335 εἴασε
1041 4280 1097 4333 δὲ
1127 4281 1291 4334 αὐτὸν
1331 4281 1707 4350 συνηγορῆσαι
1739 4282 1947 4349 αὐτοῖς,
1983 4281 2015 4351 ἢ

434 4375 715 4446 ἐρωτῆσαι
754 4374 918 4427 αὐτὸν
943 4373 995 4426 τί
1034 4389 1189 4437 ποτε,
1221 4387 1287 4424 πε
1298 4372 1352 4441 ρὶ
1391 4364 1467 4425 ὧν
1494 4370 1862 4442 ἁμφιόἀλλειν
1898 4372 2017 4424 ἐνό-

438 4466 581 4536 μιζε.
632 4465 896 4536 Δεύτερον
930 4464 1007 4531 δὲ,
1044 4464 1165 4518 οὐδὲ
1199 4464 1292 4517 τὸν
1344 4464 1657 4534 κατήγορον
1714 4462 2013 4533 Εὑτυχοῦς,

2137 634 2342 691 corpus
2381 621 2546 675 unius
2583 637 2704 677 esse
2739 623 3031 679 nobiscum
3065 636 3281 682 natura:
3304 638 3431 698 post
3462 631 3726 688 unionem

2135 710 2390 781 negabat.
2418 711 2557 765 Huic
2597 712 2835 784 Eutychi
2881 714 3077 769 notitia
3113 731 3240 771 cum
3275 718 3519 777 Eusebio
3547 722 3724 794 Dory-

2134 803 2351 857 leorum
2408 802 2672 871 episcopo
2734 802 3135 872 intercedebat,
3185 808 3279 877 qui
3336 809 3443 865 hoc
3496 812 3618 883 ejus
3656 829 3726 867 ex

2135 894 2371 963 ipsomet
2402 893 2682 948 intellecto
2706 893 2981 964 dogmate,
3014 913 3128 951 rem
3162 897 3229 951 ad
3258 899 3579 957 Flavianum
3599 918 3726 958 ver-

2134 981 2220 1036 bis
2259 982 2409 1035 hisce
2447 980 2648 1034 detulit
2686 997 2699 1033 :
2734 981 3109 1051 Increpandus
3159 985 3257 1039 tibi
3287 987 3587 1058 Eutyches,
3619 991 3724 1045 hu-

2128 1070 2373 1140 jusmodi
2426 1069 2700 1139 dogmatis
2751 1080 2990 1137 auctor;
3016 1088 3085 1127 ne
3112 1073 3248 1129 ﬁdes
3274 1086 3463 1132 nostra
3495 1094 3723 1148 perver-

2134 1170 2302 1216 tatur.
2369 1160 2583 1227 Quibus
2651 1161 2874 1227 auditis,
2932 1164 3228 1219 Flavianus
3271 1166 3563 1239 episcopos
3608 1186 3723 1227 suae

2133 1254 2360 1309 ditionis
2398 1253 2467 1308 ad
2517 1253 2586 1307 50
2608 1254 2791 1325 coegit
2820 1294 2835 1318 ,
2869 1254 3048 1324 iisque
3079 1257 3445 1324 praesentibus
3480 1260 3720 1317 interro—

2133 1350 2279 1419 gavit
2326 1347 2631 1418 Eutychem
2668 1385 2681 1411 ,
2758 1344 3039 1400 Christine
3084 1361 3287 1416 corpus
3324 1350 3571 1419 ejusdem
3597 1366 3719 1407 esse

2131 1436 2421 1490 nobiscum
2462 1433 2787 1489 substantiae
2818 1433 3108 1497 fateretur,
3145 1448 3214 1487 an
3267 1436 3411 1489 non?
3446 1436 3542 1492 Ille
3586 1454 3719 1494 vero

2132 1527 2502 1599 responderit,
2520 1527 2788 1582 hactenus
2814 1526 2869 1580 id
2897 1542 2955 1581 se
2978 1526 3205 1597 quidem
3228 1527 3455 1585 minime
3478 1530 3685 1586 fassum
3702 1576 3716 1594 .

2129 1623 2225 1679 sed
2280 1622 2529 1691 ipsorum
2569 1628 2752 1674 tamen
2804 1634 2972 1673 causa
3030 1633 3180 1673 nunc
3224 1620 3479 1675 conﬁteri
3523 1625 3718 1694 :quod

2129 1726 2258 1767 sane
2280 1726 2378 1781 per
2399 1709 2810 1765 simulationem
2838 1708 2907 1762 ab
2937 1724 3005 1763 eo
3028 1709 3436 1779 proferebatur.
3461 1712 3716 1771 Vicissim

2128 1803 2427 1859 Flavianus
2455 1802 2664 1866 dicere,
2697 1816 2811 1856 non
2844 1802 2997 1871 ipsos
3023 1817 3145 1858 esse
3170 1803 3265 1873 qui
3292 1804 3411 1863 haec
3434 1822 3561 1863 eum
3585 1823 3720 1865 con-

2124 1892 2269 1949 ﬁteri
2286 1894 2579 1965 juberent,
2609 1892 2707 1947 sed
2740 1901 2926 1963 patres
2951 1910 2964 1946 :
2988 1894 3226 1965 ideoque
3254 1897 3302 1952 si
3330 1900 3715 1969 conﬁteretur,

2123 1984 2479 2039 anathemate
2508 1984 2791 2039 diversum
2820 1985 3125 2041 sentientes
3174 2000 3582 2047 exsecraretur.
3616 1992 3717 2048 Ille

2122 2077 2384 2132 Flaviano
2448 2075 2787 2145 respondere
2850 2092 2946 2144 se,
3003 2079 3470 2147 quemadmodum
3553 2092 3718 2139 antea

2121 2167 2377 2232 dixisset,
2406 2167 2475 2221 ad
2509 2183 2636 2220 eum
2667 2166 2813 2221 diem
2838 2166 2892 2221 id
2927 2168 3157 2223 minime
3185 2168 3537 2225 confessum:
3565 2172 3716 2242 ipso-

2124 2275 2245 2313 rum
2287 2268 2466 2312 tamen
2492 2258 2668 2329 gratia
2692 2258 2990 2315 facturum.
3010 2260 3299 2315 Neminem
3330 2261 3556 2319 interim
3579 2279 3715 2318 ana-

2124 2352 2485 2407 thematizare
2525 2369 2539 2404 :
2574 2352 2781 2421 quippe
2827 2352 2873 2407 si
2904 2352 3011 2407 hoc
3059 2352 3310 2421 faceret,
3365 2355 3716 2411 anathemate

2122 2443 2316 2498 Patres
2347 2452 2790 2507 exsecraturum,
2819 2443 3077 2514 ipsasque
3098 2460 3283 2501 sacras
3308 2444 3571 2514 Litteras,
3592 2463 3718 2518 qua.

2122 2536 2203 2591 sic
2228 2536 2549 2603 loquantur,
2585 2544 2647 2590 ut
2673 2534 2881 2589 Christi
2910 2551 3114 2605 corpus
3144 2537 3392 2608 ejusdem
3421 2539 3715 2595 nobiscum

2122 2644 2245 2684 esse
2276 2628 2599 2683 substantiae
2642 2636 2865 2696 negent.
2899 2627 3113 2694 Quibus
3157 2629 3385 2696 auditis,
3414 2631 3483 2685 ab
3520 2632 3717 2688 ordine

2122 2722 2602 2795 presbyterorum,
2636 2730 2694 2775 et
2746 2719 3198 2777 archimandritas
3247 2736 3478 2777 munere
3503 2722 3717 2778 Flavia-

2123 2828 2231 2867 nus
2258 2828 2387 2868 eum
2413 2813 2692 2879 removit,
2718 2828 2845 2867 cum
2877 2812 3103 2883 quidem
3127 2813 3362 2881 diceret,
3404 2813 3569 2869 ﬁdem
3601 2831 3712 2871 non

2122 2904 2417 2959 admittere
2443 2905 2812 2959 coactionem.

2197 2995 2310 3051 Vll.
2334 2994 2449 3049 Hoc
2476 2995 2545 3049 ab
2576 2994 2757 3049 oﬁicio
2780 3003 3018 3055 remoto,
3050 2993 3349 3050 Flavianus
3369 2994 3440 3050 ad
3469 2994 3713 3053 Leonem

2123 3086 2438 3141 Romanum
2490 3085 2813 3155 episcopum
2837 3084 2906 3140 de
2944 3084 3186 3139 hominis
3213 3084 3559 3155 depositione
3580 3101 3713 3157 per-

2123 3166 2340 3234 scribit.
2363 3176 2684 3247 ReSpondet
2704 3176 2836 3242 Leo,
2862 3176 2967 3230 rite
2986 3175 3393 3245 depositionem
3416 3176 3565 3231 illam
3588 3194 3713 3234 esse

2120 3271 2319 3326 tactam
2353 3288 2366 3324 :
2396 3284 2519 3339 quae
2546 3268 2771 3339 quidem
2804 3268 3037 3338 epistola
3063 3267 3269 3323 Tomus
3293 3267 3494 3324 Leonis
3523 3272 3716 3340 appel-

2120 3364 2224 3418 lari
2260 3365 2419 3427 solet,
2456 3362 2523 3416 de
2558 3377 2670 3431 quo
2726 3360 2996 3430 ancipites
3039 3369 3169 3427 sunt
3193 3376 3387 3416 eorum
3412 3361 3509 3431 qui
3542 3361 3713 3419 Etesi—

2122 3466 2300 3513 tantes
2350 3456 2613 3510 dicuntur
2643 3453 2973 3519 sententias,
3028 3452 3173 3509 male
3203 3462 3577 3525 comparatam
3622 3457 3711 3510 di-

2120 3550 2385 3605 centium.
2419 3546 2696 3617 Eutyches
2723 3555 2909 3601 autem
2941 3545 3012 3601 ab
3039 3545 3218 3602 oﬁicio
3240 3556 3508 3613 remotus,
3538 3548 3714 3620 impe-

2121 3648 2361 3696 ratorem
2402 3638 2561 3692 adire
2598 3637 2820 3703 crebro,
2865 3636 3084 3708 sibique
3110 3636 3312 3693 factam
3366 3653 3399 3693 a
3448 3639 3713 3695 Flaviano

2121 3733 2382 3804 injuriam
2407 3731 2617 3786 dicere.
2652 3729 3006 3800 Quapropter
3030 3730 3333 3801 imperator
3364 3731 3712 3788 Theodosius

2120 3824 2381 3895 generale
2412 3820 2711 3877 concilium
2747 3819 2949 3890 Ephesi
2987 3820 3139 3876 coire
3163 3821 3350 3891 jubet,
3384 3820 3440 3876 in
3474 3836 3587 3892 quo
3615 3838 3711 3877 co-

2120 3924 2522 3989 gnosceretur,
2577 3920 2801 3969 rectene
2854 3911 3147 3967 Flavianus
3188 3912 3493 3983 Eutychem
3544 3912 3714 3983 depo-

2121 4011 2344 4073 suisset,
2386 4022 2457 4063 an
2511 4022 2645 4061 non.
2674 4005 2996 4062 Universam
3053 4020 3183 4060 vero
3231 4020 3412 4060 causae
3441 4006 3712 4076 cognitio-

2120 4117 2246 4156 nem
2271 4100 2539 4154 Dioscoro
2560 4098 2821 4168 episcopo
2840 4095 3214 4151 Alexandrino
3254 4098 3497 4152 mandat.
3523 4099 3712 4168 Itaque

2120 4201 2311 4248 coacta
2341 4190 2573 4263 synodo,
2588 4189 2827 4259 primum
2854 4188 2961 4243 hoc
2982 4188 3221 4243 absurde
3244 4188 3543 4244 Dioscorus
3564 4189 3710 4260 egit,

2121 4287 2268 4353 quod
2296 4290 2450 4353 gesta
2479 4280 2725 4335 Flaviani
2756 4280 3025 4335 duntaxat
3064 4280 3303 4351 legebat,
3337 4295 3440 4335 nec
3470 4282 3713 4351 patroci-

2120 4370 2197 4424 nii
2230 4370 2445 4440 copiam
2477 4368 2529 4423 ei
2565 4368 2819 4431 faciebat,
2854 4376 2951 4422 aut
2980 4369 3357 4439 interrogandi
3390 4370 3457 4425 de
3491 4372 3559 4425 iis
3589 4388 3712 4441 quae

2121 4461 2289 4516 dubia
2322 4468 2675 4531 putarentur.
2705 4459 2973 4523 Alterum,
3010 4458 3159 4529 quod
3188 4469 3570 4517 accusatorem
3601 4463 3714 4517 Eu-

436 4558 696 4611 Ιζύσέὸιον
730 4558 881 4611 εῖασε
914 4556 1213 4628 παρελθεῖν
1246 4557 1325 4618 είς
1351 4554 1451 4625 τὴν
1482 4555 1666 4625 κρίσιν
1691 4571 1705 4585 ·
1742 4554 1880 4608 ἀλλά
1916 4573 2018 4608 κα-

2125 4552 2305 4625 tychis
2344 4552 2648 4606 Eusebium
2693 4550 2887 4603 adesse
2919 4549 3134 4619 judicio
3164 4551 3391 4606 minime
3425 4554 3714 4622 permitte-

432 4651 886 4721 ταψηφισάμενος
920 4648 1247 4711 Φλαϐιανοῦ,
1297 4647 1549 4703 καθεῖλεν
1598 4647 1795 4701 αὐτόν·
1831 4648 1922 4700 τὸν
1962 4646 2021 4700 δέ

434 4742 655 4812 Εὐτυχῆ
687 4739 930 4805 ἐδέξατο,
950 4740 1046 4794 καὶ
1077 4739 1303 4808 ἐποίησε
1328 4738 1493 4792 πάλιν
1524 4754 1625 4807 πρε
1637 4736 1900 4808 σὸύτερον
1927 4738 2021 4789 καὶ

436 4832 893 4904 ἀρχιμανδρίτην.
930 4830 1135 4884 Τούτου
1177 4829 1474 4899 γενομένου
1500 4868 1516 4892 ,
1552 4827 1769 4899 διελύθη
1821 4830 1853 4898 ἠ
1894 4827 2021 4880 σύν-

435 4925 577 4987 οδος.
613 4924 724 4976 Καὶ
753 4922 1120 4985 ἀποθανόντος
1144 4921 1469 4986 Φλαϐιανοῦ,
1491 4919 1824 4985 ἀπελθόντες
1854 4922 1903 4974 οἱ
1931 4938 2019 4973 το-

440 5012 750 5084 ποτηρηταὶ
792 5012 887 5065 τοῦ
931 5010 1153 5083 Ῥώμης
1189 5011 1496 5064 ἐπισκόπου
1546 5010 1730 5081 (αὐτὸς
1783 5009 1893 5080 γὰρ
1926 5011 2020 5062 οὺ-

434 5104 625 5157 δέποτε
671 5103 957 5174 εὑρίσκετο
999 5106 1079 5166 είς
1106 5102 1739 5175 σύνοδον),,ἁπήγγειλαν
1769 5100 1918 5171 αὐτῷ
1953 5101 2021 5155 τὰ

434 5195 725 5265 γενόμενα.
772 5195 838 5247 '0
872 5195 929 5248 δὲ
952 5194 1216 5261 ἀκούσας,
1250 5195 1626 5263 ἠγανάκτησε,
1656 5193 1752 5248 καὶ
1778 5193 2016 5265 προσέρ-

434 5303 591 5359 χεται
619 5286 1053 5357 Οὐαλεντινιανῷ
1101 5285 1180 5356 τῷ
1218 5286 1441 5357 Ῥώμης
1469 5285 1701 5355 βασιλεῖ,
1746 5285 1888 5355 ὑπὲρ
1921 5284 2015 5338 τοῦ

434 5377 716 5449 ἐκδίκησιν
743 5377 937 5431 παθεῖν
960 5392 973 5405 ·
1016 5379 1142 5440 τοὺς
1165 5376 1392 5447 χρόνους
1426 5378 1533 5448 γὰρ
1563 5378 1830 5439 ἐκείνους,
1859 5375 2016 5445 βασι-

432 5471 560 5534 λεὺς
584 5467 665 5534 εἵς
686 5466 755 5541 ἦν
800 5470 859 5523 ἐν
896 5468 1108 5542 Ῥώμῃ,
1142 5470 1239 5524 καὶ
1264 5465 1345 5533 εἷς
1369 5471 1426 5523 ἐν
1453 5469 1749 5541 Βυζαντίῳ.
1786 5467 2019 5521 Οὐαλεν-

431 5562 671 5626 τινιανὸς
692 5556 787 5616 οὖν
808 5561 966 5632 ὀχλού
975 5579 1135 5630 μενος
1166 5562 1269 5615 ὑπὸ
1295 5561 1525 5624 Λέοντος
1553 5559 1648 5614 τοῦ
1678 5563 1835 5616 πάπα
1859 5604 1873 5629 ,
1893 5563 2026 5634 γρά-

434 5672 528 5724 φει
569 5654 839 5725 Θεοδοσίῳ
870 5655 947 5725 τῷ
976 5654 1194 5725 Μικρῷ,
1223 5655 1313 5708 ἵνα
1343 5653 1614 5725 ἐπιτρέψῃ
1666 5654 1882 5707 σύνοδον
1931 5672 2022 5723 γε-

434 5745 645 5809 νέσθαι,
678 5747 735 5798 ἐν
838 5747 1066 5815 γνῶναι,
1097 5748 1145 5799 εί
1190 5746 1371 5808 καλῶς
1410 5745 1627 5816 ἔκρινεν
1658 5747 1686 5798 ό
1707 5746 2017 5817 Διόσκορος,

435 5837 470 5910 ἢ
499 5837 583 5893 οὗ.
630 5837 688 5893 Ὀ
726 5839 784 5893 δὲ
812 5840 1091 5902 Θεοδόσιος
1122 5839 1470 5909 ἀντέγραψεν
1500 5838 1673 5910 αὐτῷ,
1700 5838 1876 5909 λέγων
1898 5880 1912 5900 ,
1938 5840 2019 5895 ὅτι

756 5932 1033 5997 Parnm“
1067 5933 1185 5996 Gn.
1219 5932 1559 5995 LXXXVI.

2124 4644 2218 4699 bat
2252 4661 2265 4696 :
2295 4643 2392 4697 sed
2419 4643 2529 4697 lata
2553 4641 2829 4695 sententia
2846 4648 3039 4693 contra
3062 4640 3406 4708 Flavianum,
3427 4658 3551 4698 mox
3585 4659 3713 4699 eum

2123 4736 2457 4799 abdicabat,
2512 4732 2755 4788 admisso
2811 4731 2880 4784 ad
2936 4732 3385 4787 communionem
3442 4734 3712 4806 Eutyche.

2125 4845 2289 4901 quem
2319 4828 2544 4898 quidem
2570 4835 2628 4881 et
2657 4826 2714 4910 in
2747 4824 3001 4879 ordinem
3054 4824 3528 4896 presbyterorum,
3562 4836 3618 4880 et
3658 4829 3713 4883 in

2123 4920 2572 4978 archimandritas
2602 4919 2787 4973 locum
2821 4918 3086 4973 restituit.
3126 4916 3239 4971 Hoc
3268 4926 3516 4989 peracto,
3546 4919 3711 4974 tinem

2130 5014 2376 5087 synodus
2419 5013 2639 5068 habuit.
2688 5009 2938 5079 Cumque
2961 5011 3107 5066 diem
3136 5010 3431 5065 Flavianus
3462 5011 3710 5076 obiisset,

2126 5108 2354 5163 domum
2378 5105 2611 5178 profeCti
2628 5104 2821 5159 vicarii
2844 5102 3079 5158 Romani
3100 5104 3347 5173 episcopi
3377 5104 3471 5173 qui
3503 5106 3715 5175 synodo

2126 5216 2238 5255 non
2274 5199 2633 5263 interfuerat,
2662 5211 3009 5267 quaecunque
3047 5195 3403 5260 accidissent,
3429 5198 3716 5254 renuntia-

2125 5303 2277 5348 runt.
2300 5293 2397 5347 llle
2428 5292 2597 5348 rebus
2632 5290 2783 5344 hisce
2812 5287 3047 5359 cognitis
3069 5288 3492 5353 excandescere,
3512 5288 3716 5345 Roma-

2129 5399 2262 5438 num
2303 5382 2610 5453 principem
2656 5378 3102 5434 Valentinianum
3156 5377 3332 5444 adire,
3378 5392 3490 5448 quo
3534 5379 3717 5433 vindi-

2130 5484 2275 5531 ctam
2323 5481 2545 5543 caperet
2579 5489 2591 5525 :
2624 5471 2829 5541 quippe
2875 5470 3222 5540 temporibus
3244 5470 3313 5525 iis
3358 5485 3501 5525 unus
3529 5471 3716 5526 Romae

2126 5569 2432 5638 imperator
2465 5572 2606 5629 erat,
2640 5564 2780 5618 alter
2809 5561 3077 5633 Byzantii.
3109 5560 3531 5617 Valentinianus
3584 5579 3717 5633 ergo

2124 5659 2215 5714 cui
2265 5657 2379 5713 Leo
2443 5670 2583 5726 papa
2638 5655 2909 5709 molestus
2968 5664 3139 5721 esset,
3166 5653 3484 5709 Theodosio
3509 5654 3713 5711 minori

2123 5749 2354 5814 scribit,
2381 5746 2650 5818 synodum
2693 5745 2887 5799 haberi
2909 5746 3154 5817 juberet,
3194 5746 3249 5800 in
3280 5759 3389 5814 qua
3414 5758 3716 5813 cognosce—

2126 5848 2282 5897 retur
2305 5880 2322 5909 ,
2382 5844 2606 5893 rectene
2651 5835 2952 5891 Dioscorus
2984 5852 3051 5891 an
3085 5836 3227 5893 male
3258 5834 3579 5889 iudicasset.
3606 5834 3716 5893 lte-

3319 5927 3399 5986 39
