4148 6446
521 370 659 437 1227
1786 369 2094 429 LEONTII
2136 370 2547 453 BYZANTINI
3652 377 3791 445 1228

516 486 714 543 scribit
767 483 1133 549 Theodosius,
1163 493 1447 538 auctorem
1503 495 1559 535 se
1619 478 1845 534 alterius
1880 478 2154 539 concilii}

2153 482 2178 538 λ
2207 481 2281 532 Οὐ
2316 482 2456 535 ποιῶ
2492 480 2662 552 ἄλλην
2692 480 2908 535 σύνοδον
2928 495 2940 511 ·
2976 481 3160 547 καλῶς
3184 483 3291 555 γὰρ
3322 483 3539 557 ἔκρινεν
3576 490 3605 543 6
3636 491 3791 546 Διόσ-

514 593 865 649 nequaquam
899 576 1175 641 futurum,
1230 573 1381 645 quod
1430 581 1579 627 recte
1616 572 1922 642 judicasset
1981 571 2107 626 Dio-

2210 591 2391 645 κορος.
2459 572 2847 637 Ἀποθανόντος
2902 574 2958 628 δέ
2995 574 3321 643 Θεοδοσίου,
3377 578 3589 647 γίνεται
3642 579 3794 651 βασι-

514 684 728 727 scorus.
757 668 863 724 Sed
907 667 1221 723 Theodosio
1259 674 1498 730 mortuo,
1534 663 1845 719 Marcianus
1872 662 2106 731 imperio

2208 665 2335 729 λεὺς
2361 666 2697 735 Μαρκιανὸς,
2745 665 2843 721 καὶ
2870 666 3157 738 ἐπιτρέπει
3189 668 3396 734 εὐθέως
3438 672 3693 739 γενέσθαι
3717 675 3796 728 οἱ·

513 763 743 833 potitur,
772 760 1069 830 statimque
1118 758 1375 830 generale
1420 755 1722 812 concilium
1756 754 2103 811 Chalcedone

2208 756 2545 827 κουμενικὴν
2579 755 2799 809 σύνοδον
2844 757 2903 809 ἐν
2946 756 3274 828 Χαλκηδόνι,
3308 758 3639 828 ὀφείλουσαν
3668 766 3792 835 κρῐ-
3828 770 3835 799 τ

512 854 703 908 haberi
737 852 984 917 mandat,
1041 851 1192 921 quod
1248 850 1318 905 de
1371 849 1567 921 synodi
1617 848 1913 918 Ephesium
1964 846 2103 902 actis

2207 865 2295 902 ναι
2332 850 2403 901 τὰ
2437 848 2809 919 πεπραγμένα
2852 848 3009 919 παρὰ
3062 850 3161 921 τῆς
3191 851 3249 904 ἐν
3291 851 3504 923 Ἐφέσῳ
3548 854 3789 923 συνόδου,

509 954 857 1017 agnosceret,
894 943 1112 999 malene
1159 942 1226 996 de
1286 942 1457 1011 gestis
1501 956 1531 995 a
1564 939 1826 995 Flaviano
1855 939 2101 1010 Byzantii

2206 942 2253 994 εί
2282 940 2470 1004 κακῶς
2498 939 2683 1011 ἔκρινε
2713 939 2973 1009 γενέσθαι
3004 940 3073 995 τὰ
3102 940 3366 1012 γινόμενα
3392 943 3525 1013 περὶ
3553 944 3793 999 Φλαὸια-

508 1037 944 1107 pronuntiasset.
1006 1036 1197 1105 Itaque
1226 1049 1351 1089 cum
1407 1034 1523 1087 haec
1542 1030 1788 1103 synodus
1813 1029 2103 1085 convenis-

2205 1032 2297 1085 νὺν
2327 1032 2392 1102 (f)
2422 1032 2481 1085 ἐν
2511 1031 2815 1102 Βυζαντίῳ.
2870 1030 3091 1102 Ταύτης
3125 1027 3220 1086 οὖν
3249 1033 3349 1104 τῆς
3381 1034 3603 1088 συνόδου
3640 1052 3792 1104 γενο-

505 1138 589 1185 set
613 1130 669 1183 in
688 1144 797 1199 qua
812 1128 917 1183 viri
931 1127 1033 1182 6'50
1053 1136 1233 1191 erant,
1252 1126 1428 1195 primo
1449 1123 1673 1194 quidem
1697 1122 1785 1178 die
1802 1122 2101 1178 Dioscorus

2206 1122 2397 1193 μένης,
2438 1121 2651 1193 ἀνδρῶν
2687 1120 2789 1193 χλ’,
2832 1123 2899 1193 τῇ
2953 1121 3054 1192 μὲν
3091 1122 3283 1194 πρώτῃ
3316 1123 3501 1195 ἡμέρᾳ
3532 1125 3792 1197 συνῆλθεν

508 1237 636 1277 cum
674 1220 892 1276 caeteris
945 1232 1277 1289 congressus
1306 1226 1410 1273 est.
1438 1215 1650 1272 Deinde
1675 1230 1803 1270 eum
1828 1214 2100 1285 advespe-

2202 1218 2387 1281 αὐτοῖς
2421 1216 2733 1287 Διόσκορος.
2767 1210 2906 1272 Εἶτα
2936 1215 3178 1287 ἑσπέρας
3227 1217 3663 1290 καταλαϐούσης,
3692 1221 3790 1275 καὶ

504 1324 703 1379 rasset,
740 1310 1100 1385 synodusque
1141 1308 1371 1363 dimissa
1412 1306 1636 1370 fuisset,
1666 1303 1934 1375 postridie
1978 1305 2099 1360 col-

2198 1306 2544 1371 διαλυθέντος
2574 1306 2669 1361 τοῦ
2700 1306 3001 1377 συνεδρίου,
3050 1310 3116 1379 τῇ
3158 1307 3295 1379 ἄλλῃ
3328 1308 3513 1381 ήμέρᾳ
3539 1309 3788 1375 ἐλθόντες

504 1405 631 1460 lecti
663 1402 886 1473 reliqui,
910 1400 995 1455 bis
1021 1411 1175 1456 terve
1214 1398 1283 1453 ad
1314 1398 1641 1452 Dioscorum
1670 1395 1966 1460 miserunt,
1997 1396 2092 1465 qui

2199 1399 2454 1472 ἔπεμψαν
2483 1399 2577 1452 καὶ
2606 1398 2713 1464 δὶς,
2764 1398 2860 1453 καὶ
2909 1398 3117 1469 τρίτον,
3149 1399 3243 1453 καὶ
3274 1399 3376 1452 οὐκ
3405 1399 3662 1470 ἠνέσχετο
3703 1399 3789 1452 ἐλ-

506 1508 689 1552 tamen
734 1495 929 1551 venire
974 1492 1289 1548 recusabat.
1348 1490 1451 1546 Ubi
1498 1489 1662 1544 tertio
1722 1488 1927 1543 citatus
1981 1503 2092 1542 non

2198 1492 2336 1549 θεῖν.
2386 1492 2474 1555 Ὠς
2504 1491 2562 1545 δὲ
2609 1489 2709 1545 οὐκ
2741 1484 2875 1561 ἦλθε
2912 1490 3274 1561 μετασταλεὶς
3306 1492 3370 1545 ἐκ
3402 1491 3612 1563 τρίτου,
3645 1492 3787 1545 κατὰ

503 1588 673 1653 venit,
712 1587 993 1642 hominem
1038 1584 1107 1639 ab
1164 1582 1351 1638 ofﬁcio
1380 1578 1687 1635 secundum
1726 1594 1968 1634 canones
2006 1594 2092 1634 re-

2196 1585 2325 1647 τοὺς
2349 1584 2582 1647 κανόνας
2608 1581 2972 1655 καθαιροῦσιν
3000 1584 3187 1651 αὑτὸν,
3211 1585 3306 1638 καὶ⁵
3327 1584 3670 1656 έξορίζουσιν
3703 1586 3786 1649 εἰς

502 1688 747 1744 movent,
792 1684 850 1733 et
896 1676 1143 1746 Cangras
1183 1674 1238 1727 in
1270 1672 1528 1727 exsilium
1551 1671 1782 1725 mittunt
1805 1711 1818 1729 .
1850 1669 2090 1739 ﬁdeique

2197 1677 2485 1747 Γάγγραςο
2538 1676 2633 1729 καὶ
2697 1674 3009 1729 ἐκτίθενται
3073 1675 3329 1747 μάθημα,
3386 1677 3506 1740 πῶς
3552 1676 3636 1730 δεῖ
3688 1694 3782 1730 πι-

502 1771 815 1834 formulam,
854 1782 966 1838 quo
1003 1774 1166 1836 pacto
1221 1763 1563 1819 credendum
1616 1762 1710 1828 sit,
1759 1770 2084 1831 exponunt:
2122 1826 2140 1839 _

2146 1828 2163 1839 ι
2197 1768 2441 1823 στεύειν
2481 1769 2564 1821 ὅτι
2599 1768 2699 1822 ἕνα
2737 1766 2978 1837 Χριστὸν
3006 1768 3066 1821 ἐν
3118 1767 3213 1821 δύο
3247 1767 3496 1837 φύσεσιν,
3538 1768 3784 1839 ἀσυγχύο

499 1877 621 1917 esse
666 1860 884 1917 scilicet
906 1872 1081 1913 unum
1110 1856 1394 1911 Christum
1426 1854 1480 1907 in
1518 1852 1733 1907 naturis
1763 1852 1980 1907 duabus
2013 1851 2091 1906 ci-
2122 1826 2137 1883 Ῐ

2028 1851 2091 1906 ῑί-
2122 1826 2168 1883 Β
2193 1877 2322 1927 τως,
2347 1859 2697 1930 ἀδιαιρέτως.
2730 1826 2841 1912 Καὶ
2874 1856 3019 1912 οὕτω
3040 1826 3322 1912 διαλύεται
3358 1858 3393 1929 ἡ
3422 1826 3666 1923 σύνοδοςί

499 1964 582 2009 tra
610 1951 990 2008 confusionem
1028 1963 1095 2003 ac
1124 1946 1451 2002 divisionem
1490 1944 1887 1999 conﬁtendum.
1911 1944 2090 2014 Atque

498 2043 603 2097 hoc
631 2041 796 2097 modo
825 2039 1123 2097 concilium
1156 2036 1447 2093 dimissum
1489 2034 1612 2091 fuit.

2069 2180 2211 2192 *

499 2278 916 2339 Declarantur
950 2278 1015 2337 in
1047 2275 1161 2336 hac
1200 2276 1421 2354 quinta
1458 2274 1707 2354 actione
1739 2273 2027 2354 quaedam
2060 2272 2374 2354 factiones
2420 2268 2746 2354 nonjeves
2801 2269 2990 2354 inter_
3021 2266 3469 2354 εοεζρξίαείίςοε
3504 2278 3779 2331 rectore:

576 2366 809 2417 exorta:
826 2364 1090 2433 propter
1115 2347 1447 2415 concilium
1484 2347 2023 2420 Chalcedbnense;
2055 2347 2329 2433 iniquas
2348 2347 2653 2433 tollendas
2673 2347 3096 2407 necessarium
3116 2347 3243 2433 fuit
3271 2348 3778 2433 ut_in_tperatoris

575 2426 904 2494 accesserit
946 2426 1330 2505 huctoritas,
1376 2450 1509 2511 qum
1556 2439 1947 2511 contumaces
1989 2426 2261 2511 ρηηίὗὶι,
2309 2426 2461 2511 bene
2492 2427 2826 2511 sentientes
2875 2428 3287 2511 conserearit.
3327 2426 3565 2487 Dehinc
3603 2446 3781 2487 novre

578 2523 799 2591 secutae
843 2504 1404 2591 suntquwstion'es'
1420 2511 1493 2571 de
1544 2504 2043 2591 c_orruptibiti_et
2078 2505 2553 2591 incorruptibilt'
2586 2513 2818 2591 natura
2862 2505 3104 2591 Christi
3139 2504 3323 2591 :_ht'nc
3353 2506 3501 2591 novi
3540 2507 3605 2565 in
3639 2508 3772 2565 Ec-

576 2590 765 2651 clesia
810 2582 1111 2651 minutius
1156 2608 1175 2646 :
1209 2588 1433 2667 quibus
1477 2588 1709 2649 sedatis
1732 2582 1911 2649 ’τιουὶ
1951 2587 2229 2667 hwrett'ci
2278 2582 2981 2667 er'untpunLAgrtoetce,
3021 2582 3368 2667 Christum_
3397 2585 3777 2667 ignorantur:

583 2679 914 2748 arguentes
955 2676 1144 2748 :post
1195 2661 1510 2745 Agnoetas
1547 2685 1765 2727 venere
1821 2666 2163 2739 Tritheitaa,
2196 2682 2372 2724 suam
2418 2661 2699 2723 Iteeresim
2727 2661 3085 2741 ’Philoponi
3142 2662 3368 2722 summi
3413 2663 3778 2743 philosophi

573 2744 948 2810 auctoritate
984 2744 1337 2825 fulcientes.

1130 2867 1337 2924 ACTIO
1369 2868 1433 2923 V.

2801 2866 3049 2919 ΠΡᾹΞΙΣ
3087 2866 3162 2921 E'.

568 2959 608 3013 l.
654 2956 845 3013 Soluto
895 2955 1332 3011 Chalcedonensi
1370 2964 1669 3019 conventu,
1706 2963 1761 3007 et
1805 2954 2069 3008 Dioscoro

2250 2955 2608 3028 Διαλυθείσης
2640 2957 2698 3010 δὲ
2728 2960 2827 3028 τῆς
2856 2958 3078 3011 συνόδου
3104 2958 3205 3027 τῆς
3227 2958 3286 3011 ἐν
3322 2957 3649 3028 Χαλκηδόνι,
3676 2960 3772 3013 καὶ

496 3051 739 3122 Gangras
767 3049 1031 3119 relegata,
1099 3047 1359 3102 universa
1407 3046 1563 3116 plebs
1610 3045 1980 3100 Alexandrina
2016 3051 2071 3099 et

2179 3049 2473 3119 Διοσκόρου
2520 3048 2893 3120 ἐξορισθέντος
2930 3050 3012 3112 είς
3061 3050 3338 3122 Γάγγρας,
3372 3051 3767 3123 συναπερῤἀγη

496 3144 664 3198 totius
686 3139 905 3210 rEgypti
941 3154 1066 3193 cum
1101 3153 1167 3192 eo
1216 3136 1443 3192 defecit.
1479 3136 1823 3191 Substitutus
1849 3146 1936 3190 est
1967 3150 2071 3189 au-
2101 3172 2134 3230 ε

2132 3173 2145 3227 3
2177 3137 2329 3209 αὐτῷ
2355 3140 2461 3202 πᾶς
2496 3140 2525 3191 6
2556 3139 2712 3211 ὄχλος
2757 3138 3172 3211 Ἀλεξανδρείας
3202 3141 3297 3193 καὶ
3320 3141 3625 3211 Αἰγύπτου.
3653 3144 3770 3197 Καὶ

495 3247 602 3292 tem
636 3235 691 3290 in
717 3236 837 3305 ejus
865 3234 1044 3286 locum
1070 3230 1375 3294 Proterius,
1405 3229 1499 3299 qui
1527 3228 1749 3283 concilii
1785 3228 2069 3281 decretum
2116 3228 2128 3230 ἡ

2178 3230 2389 3298 γίνεται
2434 3232 2549 3283 ἀντ’
2582 3230 2748 3285 αὑτοῦ
2776 3231 3076 3301 δεχόμενος
3099 3232 3161 3285 τὸ
3187 3232 3366 3303 δόγμα
3400 3234 3503 3303 τῆς
3539 3234 3764 3287 συνόδου

496 3326 822 3397 recipiebat.
856 3324 993 3380 Cum
1028 3324 1131 3377 hoc
1160 3321 1566 3376 Alexandrinus
1613 3336 1775 3375 nemo
1815 3334 2071 3374 commu-

2177 3322 2490 3393 Προτέριος.
2526 3321 2713 3393 Τούτῳ
2746 3322 2804 3376 δὲ
2828 3324 3004 3387 οὐδεὶς
3037 3323 3147 3377 τῶν
3188 3322 3588 3395 Ἀλεξανδρέων
3616 3326 3765 3379 ἐκοια

492 3420 731 3485 nicabat,
778 3416 875 3472 sed
912 3414 1193 3469 hominem
1228 3421 1378 3467 tanto
1407 3412 1885 3483 prosequebantur
1916 3410 2067 3473 odio,

2174 3411 2356 3476 νώνει,
2384 3412 2503 3467 ἀλλ’
2531 3413 2706 3478 οὕτως
2744 3414 2907 3467 αὑτὸν
2959 3414 3205 3485 ἐμίσουν,
3238 3415 3379 3469 ὥστε
3431 3416 3764 3487 ἀναχθέντες

495 3509 717 3565 tandem
747 3519 808 3563 ut
852 3523 980 3563 eum
1015 3522 1287 3562 concursu
1334 3506 1476 3560 facto
1506 3506 1693 3559 vivum
1735 3510 2066 3559 cremarent.

2172 3505 2413 3561 ἔκαυσαν
2442 3506 2628 3561 αὐτόν.
2661 3504 2764 3561 Οἷα
2802 3507 2858 3561 δὲ
2889 3507 3074 3571 αὐτοῖς
3106 3508 3325 3577 ἐγένετο
3359 3509 3447 3563 διὰ
3471 3510 3531 3562 τὸ
3564 3509 3763 3578 φονεῦ-

490 3605 559 3659 Ει
584 3620 707 3673 quze
730 3600 973 3673 perpessi
1003 3601 1113 3656 sint
1136 3600 1207 3655 ob
1225 3598 1428 3654 caedem
1457 3599 1619 3669 hujus
1641 3597 1709 3652 ab
1731 3596 2068 3666 imperatore

2175 3615 2265 3651 σαι
2298 3598 2462 3651 αὑτὸν
2506 3598 2654 3651 κακὰ
2696 3597 2805 3651 ἀπὸ
2857 3597 2952 3651 τοῦ
3014 3599 3283 3669 βασιλέως
3335 3601 3586 3664 Λέοντος,
3637 3601 3761 3655 οὐδὲ

492 3696 676 3749 Leone
701 3694 865 3759 mala,
894 3707 965 3747 ne
988 3691 1096 3746 dici
1117 3691 1343 3760 quidem
1371 3690 1535 3744 modo
1568 3696 1767 3759 potest.
1802 3687 2067 3743 Dioscoro

2173 3689 2323 3744 ἐστιν
2350 3691 2531 3743 εἰπεῖν
2558 3689 2673 3743 νῦν.
2712 3690 3103 3755 Ἀποθανόντος
3129 3692 3185 3744 δὲ
3212 3693 3506 3763 Διοσκόρου
3538 3696 3595 3747 ἐν
3617 3694 3764 3763 Γάγ-

489 3786 717 3857 Gangris
734 3784 1353 3851 exstincto,Timotheus
1377 3782 1871 3850 succedit;eratque
1889 3780 2067 3850 palam

2169 3795 2353 3849 γραις,
2421 3778 2727 3848 διαδέχεται
2790 3778 2955 3832 αὐτὸν
3014 3780 3315 3849 Τιμόθεος·
3354 3782 3449 3834 καὶ
3498 3778 3568 3854 ἦν
3602 3782 3630 3834 6
3659 3783 3761 3854 μὲν

490 3880 776 3934 Proterius
808 3876 1215 3933 Alexandrinus
1247 3876 1575 3946 episcopus,
1610 3873 1936 3927 Timotheus
1968 3886 2063 3926 0e-

2170 3870 2470 3940 [Ιροτέριος
2518 3872 2774 3943 φανερῶς
2821 3872 2880 3925 ἐν
2950 3872 3331 3945 Ἀλεξανδρείᾳ
3379 3874 3699 3939 ἐπίσκοπος,
3730 3878 3761 3929 6

488 3971 660 4025 culte.
692 3968 791 4024 Hic
833 3967 1157 4023 Timotheus
1192 3966 1397 4036 pariter
1439 3975 1496 4019 et
1536 3964 1828 4035 synodum,
1863 3972 1918 4017 et
1951 3962 2063 4016 Eu-

2166 3963 2223 4016 δὲ
2250 3963 2517 4033 Τιμόθεος
2565 3964 2773 4035 κρύφα.
2824 3958 2994 4029 Οὗτος
3025 3965 3081 4018 δὲ
3112 3966 3141 4018 6
3169 3965 3434 4037 Τιμόθεος
3486 3967 3760 4037 ἀνεθεμά-

488 4062 707 4133 tychem
745 4058 1283 4116 anathematizabat:
1323 4057 1473 4111 hunc
1507 4055 1732 4126 quidem
1771 4062 2065 4124 propterea

2166 4054 2282 4120 τιζε
2317 4055 2413 4108 καὶ
2466 4055 2565 4126 τὴν
2605 4055 2847 4121 σύνοδον,
2888 4058 2983 4110 καὶ
3015 4058 3109 4112 τὸν
3144 4058 3243 4129 μὲν
3279 4059 3525 4130 Εὐτυχῆ,
3559 4060 3756 4131 ἐπειδὴ

486 4151 633 4221 quod
667 4150 872 4206 Christi
909 4164 1112 4219 corpus
1141 4146 1390 4217 ejusdem
1428 4160 1549 4211 esse
1591 4144 1883 4199 nobiseum
1926 4143 2061 4197 sub-

2171 4145 2245 4219 μὴ
2277 4146 2465 4215 ἔλεγεν
2495 4147 2783 4217 ὀμοούσιον
2816 4150 2953 4220 ἡμῖν
3009 4149 3070 4202 τὸ
3120 4149 3285 4221 σῶμα
3333 4150 3429 4204 τοῦ
3475 4151 3753 4221 Χριστοῦ·

484 4242 701 4298 stantiae
732 4258 841 4296 non
881 4240 1119 4306 diceret;
1173 4237 1444 4309 synodum
1485 4252 1618 4293 vero
1652 4236 1802 4306 quod
1854 4234 2061 4289 Christi

2164 4240 2263 4312 τὴν
2297 4241 2355 4295 δὲ
2404 4244 2463 4295 ἐν
2512 4242 2822 4311 Χαλκηδόνι
2859 4244 3100 4312 σύνοδον,
3131 4246 3214 4300 ὅτι
3246 4246 3341 4300 δύο
3371 4246 3563 4316 φύσεις
3598 4248 3754 4317 ἔλεγε

482 4344 709 4389 naturas
731 4333 868 4388 duas
892 4331 1153 4386 traderet.
1174 4330 1497 4385 Dioscorum
1521 4344 1740 4399 quoque
1768 4327 2059 4398 purgabat,

2163 4332 2258 4385 τοῦ
2290 4333 2552 4403 Χριστοῦ.
2600 4318 2953 4402 Ἀπελογεῖτό
3007 4337 3065 4391 δὲ
3108 4338 3202 4391 καὶ
3243 4338 3383 4409 ὑπὲρ
3426 4340 3752 4411 Διοσκόρου,

482 4427 576 4497 qui
600 4425 760 4482 sicuti
786 4425 1128 4493 loqueretur,
1160 4422 1232 4476 ita
1258 4420 1527 4476 crederet.
1550 4420 1801 4475 Proterio
1817 4428 2060 4474 cremato

2165 4424 2250 4477 ὅτι
2278 4424 2354 4489 ὼς
2384 4424 2554 4495 λέγει,
2587 4426 2763 4491 οὕτως
2796 4428 3073 4484 ἐπίστευε.
3101 4429 3385 4485 Καυθέντα
3402 4430 3462 4484 δὲ
3492 4434 3574 4485 τὸν
3605 4433 3750 4503 Προ-

483 4518 808 4573 Timotheus
840 4515 1127 4572 successit.
1158 4515 1348 4585 Itaque
1381 4515 1491 4569 duo
1535 4523 1697 4569 erant
1743 4511 2057 4577 Timothei;
2091 4526 2121 4586 ί

2109 4527 2138 4585 )
2161 4513 2346 4585 τέριον
2375 4512 2677 4585 διαδέχεται
2722 4517 3008 4587 Τιμόθεος.
3041 4519 3153 4572 Καὶ
3175 4515 3316 4591 ἦσαν
3341 4520 3437 4574 δύο
3467 4521 3747 4591 Τιμόθεοι,

482 4612 661 4681 palam
690 4625 854 4671 unus,
886 4609 980 4678 qui
1010 4607 1294 4662 decretum
1328 4606 1523 4679 synodi
1552 4605 1888 4674 recipiebat;
1924 4604 2063 4658 alter

2160 4608 2190 4660 6
2218 4607 2319 4677 μὲν
2354 4608 2632 4679 φανερῶς,
2665 4608 2959 4681 δεχόμενος
3009 4610 3071 4663 τὸ
3126 4611 3306 4682 δόγμα
3335 4611 3438 4682 τῆς
3484 4613 3706 4665 συνόδου
3733 4630 3748 4645 ο

477 4700 716 4763 occulte,
750 4697 846 4767 qui
888 4698 1215 4751 Dioscorum
1264 4694 1608 4764 acceptabat.
1640 4694 1802 4749 Hisce
1846 4693 2064 4749 duobus

2158 4698 2187 4749 6
2220 4696 2276 4749 δὲ
2302 4696 2511 4768 κρύφα,
2538 4698 2835 4769 δεχόμενος
2854 4699 2946 4753 τὸν
2976 4700 3293 4773 Διόσκορον.
3338 4701 3750 4759 Ἀποθανόντων

356 4844 365 4853 ,
476 4791 740 4855 mortuis,
794 4788 852 4841 in
908 4786 1241 4841 adlimrentis
1306 4786 1570 4840 Dioscoro
1626 4788 1808 4841 locum
1861 4788 1989 4841 Petr

2160 4784 2255 4843 οὖν
2278 4788 2389 4844 τῶν
2412 4788 2506 4843 δύο
2535 4789 2766 4856 τούτων,
2797 4791 2889 4848 τὸν
2925 4794 3025 4862 μέν
3054 4792 3164 4847 ἀπὸ
3193 4794 3491 4864 Διοσκόρου
3508 4795 3749 4866 διαδέχε-

476 4884 710 4952 Mongus
745 4878 1022 4934 succedit:
1060 4878 1109 4931 ei
1162 4892 1293 4932 vero
1332 4877 1427 4947 qui
1459 4876 1729 4947 synodum
1764 4878 2055 4947 probabat,

2159 4897 2248 4933 ται
2280 4879 2488 4952 Πέτρος
2513 4882 2541 4935 6
2567 4882 2791 4951 Μογγός
2813 4901 2826 4915 ·
2859 4886 2953 4938 τὸν
2982 4884 3038 4937 δὲ
3057 4885 3155 4955 τῆς
3183 4885 3423 4955 συνόδου,
3471 4886 3748 4959 Ἰωάννης.

472 4976 736 5029 Joannes.
2668 4975 2681 4986 '

546 5066 612 5119 ll.
638 5066 877 5135 lmpeno
907 5059 1253 5130 temporibus
1279 5058 1386 5113 illis
1414 5058 1563 5113 Zeno
1592 5060 1927 5129 potiebatur.
1956 5060 2055 5115 llic

2250 5060 2569 5114 Ἐὅασίλευε
2608 5061 2665 5115 δὲ
2700 5062 2845 5117 κατὰ
2884 5064 3012 5129 τοὺς
3046 5064 3273 5137 χρόνους
3318 5066 3550 5131 τούτους
3588 5068 3618 5121 6
3647 5068 3749 5139 Ζή-

472 5174 733 5230 magnum
762 5170 883 5212 esse
906 5153 1107 5209 videns
1130 5151 1237 5206 hoc
1260 5149 1574 5214 dissidium,
1594 5159 1651 5205 et
1678 5151 1835 5205 unire
1862 5152 2054 5207 volens

2164 5171 2291 5207 νων.
2333 5148 2505 5218 Οὗτος
2542 5153 2763 5226 θεωρῶν
2813 5156 2874 5210 τὸ
2918 5156 3123 5228 σχίσμα
3152 5158 3314 5213 τοῦτο
3353 5160 3519 5230 μέγα,
3555 5158 3745 5230 βουλό-

474 5251 778 5317 Ecclesias,
822 5246 1112 5320 epistolam
1159 5242 1473 5315 perscribit,
1510 5258 1677 5313 quam
1723 5242 2051 5298 Ilenoticum

2166 5258 2329 5312 μενος
2354 5242 2552 5296 ἕνωσιν
2583 5244 2813 5315 ποιῆσαι
2842 5244 2954 5298 τῶν
2993 5246 3358 5318 Ἐκκλησιῶν,
3391 5250 3594 5319 γράφει
3625 5252 3747 5303 ἐπι-

473 5344 566 5411 (ab
587 5340 811 5411 unione)
835 5345 1134 5403 vocarunt;
1162 5335 1540 5390 continentem
1563 5334 1811 5405 quaedam
1836 5334 1903 5388 de
1928 5334 2056 5401 ﬁde,

2160 5332 2373 5401 στολὴν,
2408 5336 2555 5405 ἥπερ
2601 5336 2811 5410 ἐκλήθη
2848 5337 3165 5404 Ἑνωτικὸν,
3199 5339 3568 5411 περιέχουσαν
3611 5342 3745 5413 περὶ

476 5453 595 5507 qua:
620 5436 844 5506 quidem
871 5440 927 5488 et
956 5430 1084 5486 ﬁdei
1113 5429 1349 5485 Nicaeum
1374 5428 1612 5483 formula
1644 5428 2053 5497 complectitur,

2156 5430 2394 5495 πίστεώς
2423 5448 2566 5498 τινα,
2597 5433 2743 5506 ειπερ
2777 5432 2890 5507 εἶχε
2930 5436 2990 5489 τὸ
3023 5435 3255 5507 μάθημα
3280 5436 3391 5489 τῶν
3426 5438 3484 5490 ἐν
3512 5436 3741 5508 Νικαίᾳ,

476 5538 530 5582 et
571 5530 676 5583 alia
708 5527 957 5598 quaedam
1002 5523 1187 5579 media
1209 5562 1224 5587 ,
1257 5536 1379 5591 quae
1406 5520 1777 5577 communiter
1807 5520 1897 5573 illa
1927 5521 2053 5591 qui-

2155 5521 2251 5573 καὶ
2298 5521 2434 5575 ἄλλα
2476 5524 2601 5578 τινὰ
2656 5526 2818 5595 μέσα,
2852 5527 2997 5599 ἆπερ
3048 5526 3365 5598 ὡμολόγουν
3393 5526 3588 5591 κοινῶς
3619 5528 3741 5581 ἐκά-

477 5622 599 5675 dem
631 5620 855 5688 utrique
886 5615 1337 5679 conﬁtebantur;
1375 5612 1472 5669 sed
1516 5618 1673 5670 erant
1700 5609 1913 5667 directo
1959 5609 2055 5666 de-

2154 5629 2325 5681 τεροι,
2352 5613 2530 5684 ὀρθῶς
2560 5615 2716 5681 δὲείς
2744 5618 2813 5673 τὰ
2846 5620 2992 5673 κατὰ
3022 5621 3121 5690 τῆς
3150 5622 3208 5673 ἐν
3266 5617 3575 5690 Χαλκηδόνι
3612 5636 3740 5673 συν-

542 5791 604 5859 ίῘ)
645 5791 783 5857 Περί
811 5792 918 5842 dat.
951 5786 1111 5856 Παρόι
1137 5786 1221 5837 ΦλΔ
