4148 6438
429 394 569 463 1229
1640 389 1740 452 DE
1782 364 2173 453 SECTIS.”-—
2205 392 2367 454 ACT.
2406 393 2480 456 ν.
3568 384 3707 452 1230

422 510 581 564 όδουο
602 504 905 588 διαρρήδην
934 501 992 558 δὲ
1029 502 1205 575 αὐτὴν
1238 499 1340 557 ούκ
1372 500 1739 574 ἅνεθεμάτιζε
1758 502 1946 557 ’τοῦτο
1966 502 2023 555 δὲ

2126 504 2293 559 cretis
2314 503 2509 576 synodi
2527 500 2993 559 Chalcedonensis
3018 500 3507 570 contrariaJJuam
3529 502 3708 575 ipsam

424 598 696 673 ἔγραψεν,
723 599 811 652 ὅτι
845 596 922 652 ΕΖ
946 613 1040 664 τις
1069 595 1192 651 τῶν
1223 592 1334 664 τῆς
1361 594 1435 649 ἐν
1460 594 1803 663 Χαλκηδόνι
1828 594 2019 649 συνό-

2126 603 2304 651 tamen
2320 611 2579 667 expresse
2595 611 2705 650 non
2723 594 3257 661 anathematizabat;
3283 594 3381 651 sed
3407 604 3569 651 erant
3590 596 3711 653 haec

423 691 559 757 δου,
592 690 633 759 ἢ
687 686 811 742 τῶν
856 688 1156 756 πρότερον
1209 685 1489 757 ἀλλαχοῦ
1533 685 1896 755 γενομένων,
1930 684 2015 756 μὴ

425 780 628 847 καλῶς
651 776 911 844 δοξάζει,
937 775 1209 846 ἀνάθεμα
1238 774 1415 829 ἔστω.
1458 774 1665 829 Τούτου
1712 773 1808 828 τοῦ
1848 773 2017 828 Ἑνω-

425 874 583 931 τικοῦ
615 872 894 939 ἐλθόντος,
930 870 1155 941 δέχεται
1188 869 1289 939 μὲν
1318 867 1455 923 αὐτὸ
1481 866 1694 939 Πέτρος
1721 868 1750 921 ό
1772 866 2016 937 Μογγὸς,

426 967 621 1038 φεύγει
647 964 707 1018 δὲ
752 962 1016 1032 Ἰωάννης
1043 962 1125 1025 εἰς
1159 958 1403 1030 Ῥώμην.
1437 957 1557 1029 Ἐφ’
1583 950 1646 1011 οὗ
1672 958 1771 1012 καὶ
1803 958 2017 1025 Πέτρος

424 1064 453 1116 ὁ
492 1059 753 1129 Κναφεὺς
786 1058 845 1112 ἐν
885 1053 1194 1127 Ἀντιοχείᾳ
1235 1053 1342 1108 ὑπὸ
1365 1052 1616 1125 Ζήνωνος
1644 1053 2015 1125 προδάλλεται

424 1153 752 1214 ἐπίσκοπος.
810 1147 1122 1220 Γενομένης
1168 1147 1228 1201 δέ
1268 1146 1369 1218 τῆς
1431 1144 1706 1211 ἐνώσεως,
1749 1148 1778 1199 ὁ
1808 1146 2019 1218 Πέτρος

424 1244 673 1318 δηλονότι
715 1241 873 1315 παρὰ
904 1244 1020 1305 τοῖς
1060 1238 1481 1309 Ἀλεξανδρεῦσι
1526 1240 1902 1311 προετιμᾶτο·
1930 1240 2018 1292 δε-

427 1340 667 1409 ξάμενος
694 1331 789 1390 οὖν
818 1334 882 1388 τὸ
914 1331 1206 1387 Ἐνωτίκὸν
1235 1333 1263 1386 ὁ
1297 1330 1530 1403 Πέτρος,
1553 1330 1771 1401 δέχεται
1800 1329 1896 1384 καὶ
1925 1334 2019 1384 τδν

426 1429 621 1501 θρόνον
662 1424 1103 1496 Ἀλεξανδρείας,
1141 1422 1243 1476 καὶ
1276 1422 1467 1476 οὐκέτι
1510 1416 1581 1492 ἦν
1620 1420 1832 1493 κρύφα,
1880 1422 2021 1477 ἀλλὰ

428 1518 687 1592 φανερῶς
724 1519 1050 1579 ἐπίσκοπος.
1104 1515 1207 1570 Διὰ
1235 1514 1294 1568 δέ
1326 1513 1429 1586 τὴν
1460 1513 1773 1585 ὑπερϐολὴν
1800 1514 1896 1567 τοῦ
1927 1514 2019 1585 μί-

429 1631 579 1681 σους,
616 1613 755 1683 ὅπερ
799 1605 946 1680 εῐχον
992 1607 1129 1678 πρὸς
1174 1606 1274 1679 τὴν
1325 1607 1384 1660 ἐν
1426 1605 1736 1676 Χαλκηδόνι
1778 1605 2017 1671 σύνοδον,

428 1703 820 1776 ἀποσχὶζονταί
854 1717 1001 1765 τινες
1027 1699 1136 1755 ἀπὸ
1169 1698 1405 1770 Πέτρου,
1439 1698 1534 1753 καὶ
1565 1697 1668 1751 οὐκ
1695 1697 2020 1752 ἐκοινώνουν

428 1797 604 1868 αὐτῷ,
652 1795 789 1849 διότι
842 1793 1142 1865 δεξάμενος
1191 1791 1252 1845 τὸ
1296 1790 1607 1855 Ἐνωτικὺν,
1657 1789 1717 1843 ού
1769 1789 2022 1861 φανερῶς

430 1888 797 1962 ἁνεθεμάτιζε
839 1888 944 1960 τὴν
977 1886 1218 1941 σύνοδον.
1253 1884 1366 1938 Καὶ
1400 1883 1654 1953 ἐλέγοντο
1686 1883 1735 1936 οἱ
1781 1882 2019 1937 τοιοῦτοι

442 1983 759 2054 Ἀκέφαλοι,
792 1982 933 2036 διότι
958 1980 1041 2053 τῷ
1081 1978 1406 2051 πατριάρχῃ
1441 1976 1620 2031 αὐτῶν
1672 1977 1747 2048 μὴ
1790 1976 2020 2030 ἀκολου-

431 2078 724 2149 θήσαντες,
751 2075 873 2129 καθ’
905 2073 1138 2137 ἑαυτοὺς
1188 2070 1536 2127 ἐκοινώνουν.
1569 2064 1705 2124 Εἶτα
1744 2072 1773 2123 ὁ
1810 2070 2020 2140 Πέτρος

432 2170 656 2242 θεωρῶν
684 2170 775 2223 τὸν
802 2169 976 2239 δῆμον
1023 2166 1120 2220 ἐπὶ
1162 2164 1301 2218 πολὺ
1332 2163 1684 2235 σχιζόμενον,
1709 2163 2020 2233 ἀναγκάζε-

430 2283 524 2318 ται
555 2262 809 2334 φανερῶς
840 2258 1247 2331 ἁναθεματίσαι
1270 2256 1371 2328 τὴν
1410 2254 1653 2321 σύνοδον,
1681 2255 1778 2309 καὶ
1809 2255 2023 2326 ἐδέχετο

436 2358 539 2431 μὲν
568 2357 633 2411 τὸ
667 2354 984 2419 Ἑνωτικὸν,
1017 2349 1386 2423 ἀνεθεμάτιζε
1428 2349 1486 2403 δὲ
1532 2350 1630 2401 καὶ
1669 2348 1771 2418 τὴν
1801 2346 2023 2401 σύνοδον

432 2450 709 2523 φανερῶς.
740 2448 881 2503 οὐδὲ
905 2446 1080 2509 οὕτως
1104 2442 1481 2513 ἐκοινώνησαν
1513 2439 1663 2511 αὐτῷ
1698 2443 1749 2494 οί
1789 2441 2026 2526 Ἀκέφα-

432 2546 540 2610 λοι,
580 2546 664 2598 ὅτι
708 2542 847 2606 ὅλως
882 2539 1107 2605 ἐδέξατο
1157 2536 1220 2603 ἐξ
1274 2535 1452 2609 ἀρχῆς
1493 2534 1555 2589 τὸ
1596 2534 1906 2602 Ἐνωτικδν,
1944 2533 2023 2604 μὴ

433 2631 847 2705 ἀναθεματίσας
878 2628 977 2701 τὴν
1008 2627 1248 2682 σύνοδον.

503 2807 611 2863 Τὸν
645 2806 704 2861 δὲ
749 2807 959 2878 Πέτρον
1010 2803 1290 2872 διεδέξατο
1363 2804 1670 2870 Αθανάσιος
1690 2821 1705 2837 ·
1739 2807 1838 2861 καὶ
1869 2800 2024 2871 οὗτος

434 2899 727 2970 δεχόμενος
766 2898 829 2952 τὸ
877 2898 1191 2965 Ἔνωτικὺν,
1236 2897 1602 2969 ἁνεθεμάτιζε
1638 2899 1738 2970 τὴν
1776 2900 2020 2956 σύνοδον.

435 2990 585 3063 Πνλὴν
620 2990 743 3045 οὐδὲ
792 2990 972 3061 τούτῳ
1013 2989 1383 3063 ἐκοινώνησαν
1424 2992 1476 3044 οἱ
1524 2991 1839 3061 Ἀκέφαλοι,
1885 2993 2023 3047 διότι

432 3085 526 3138 τὸν
556 3083 766 3154 Πέτρον
806 3082 1043 3155 ἐδέχετο.
1089 3083 1248 3138 Μετὰ
1288 3084 1346 3137 δὲ
1380 3083 1474 3137 τὸν
1515 3084 1842 3140 Ἀθανάσιον
1870 3087 2021 3155 γίνε-

433 3193 526 3231 ται
572 3176 853 3247 Ἰωάννης,
885 3176 985 3230 καὶ
1023 3176 1187 3231 πάλιν
1233 3176 1512 3248 Ἰωάννης,
1555 3176 1674 3232 εἶτα
1702 3176 2015 3252 Διόσκορος,
2048 3196 2093 3258 C

438 3271 534 3325 καὶ
554 3265 658 3325 εἷθ’
685 3269 831 3325 οὕτω
874 3270 1164 3342 Τιμόθεος,
1217 3270 1315 3324 καὶ
1354 3264 1503 3325 οὗτοι
1532 3271 1591 3325 δέ
1621 3272 1842 3338 πάντες,
1863 3273 2019 3345 δεχό-

440 3382 593 3437 μενοι
625 3364 726 3437 μὲν
753 3362 814 3418 τὸ
837 3363 1149 3429 Ἐνωτικδν,
1174 3363 1661 3435 ἀναθεματίζοντες
1679 3366 1737 3419 δὲ
1762 3365 1863 3439 τὴν
1891 3368 2019 3420 σύν-

436 3459 578 3513 οδον.
623 3456 1019 3519 Ἀποθανόντος
1060 3455 1117 3509 δὲ
1177 3458 1425 3529 Ζήνωνος
1453 3456 1547 3511 τοῦ
1588 3457 1876 3528 βασιλέως,
1911 3461 2020 3513 δια-

434 3550 655 3620 δέχεται
689 3547 791 3620 τὴν
820 3546 1097 3618 βασιλείαν
1124 3549 1153 3601 ὁ
1186 3547 1561 3614 Ἀναστάσιος,
1588 3550 1685 3602 καὶ
1712 3549 1833 3603 τότε
1860 3550 2021 3603 πλέον

439 3642 636 3713 κρατεῖ
662 3639 724 3693 τὸ
755 3639 897 3693 κατὰ
948 3640 1049 3709 τῆς
1110 3640 1333 3693 συνόδου
1363 3640 1566 3710 δόγμα.
1610 3642 1731 3697 Τῶν
1761 3642 1872 3713 γὰρ
1910 3643 2023 3696 δια-

437 3733 778 3806 κρινομένων
828 3727 898 3804 ἦν
940 3733 970 3785 ό
1011 3732 1390 3799 Ἀναστάσιος,
1426 3734 1513 3805 ἐφ’
1536 3728 1617 3789 οὗ
1651 3736 1744 3789 καὶ
1783 3736 2023 3806 Σεὸἦρος

436 3825 647 3894 γίνεται
679 3827 739 3880 ἐν
777 3824 1088 3897 Ἀντιοχείᾳ
1136 3824 1456 3890 ἐπίσκοπος,
1509 3826 1577 3879 τὰ
1628 3826 1768 3880 αὐτὰ
1810 3828 2023 3898 φρονῶν

435 3917 691 3989 Τιμοθέῳ
719 3917 799 3988 τῷ
832 3916 1270 3988 Ἀλεξανδρείας.
1316 3916 1709 3982 Ἀποθανόντος
1761 3919 1819 3972 δὲ
1864 3919 2021 3973 Ἀνα-

437 4010 688 4074 στασίου,
729 4009 945 4077 γίνεται
978 4009 1234 4079 βασιλεὺς
1278 4010 1564 4074 Ἰουστῖνος
1602 4012 1631 4063 ὁ
1658 4009 1895 4082 πρῶτος,
1927 4012 2024 4064 καὶ

436 4104 513 4165 ὡς
551 4102 692 4173 μετὰ
725 4101 823 4154 ἕνα
851 4102 1026 4172 ἥμισυ
1074 4100 1343 4166 ἐνιαυτὸν,
1376 4102 1581 4166 εὐθέως
1622 4100 2021 4167 Ἰουστινιανός.

438 4194 641 4248 Τούτου
668 4193 725 4248 δὲ
760 4193 1205 4263 βασιλεύσαντος,
1246 4196 1341 4248 καὶ
1385 4195 1495 4248 τῶν
1527 4196 1819 4249 συνοδιτῶν
1849 4195 2023 4263 ὄντος,

437 4286 702 4356 φοϐηθεὶς
763 4286 792 4339 ό
840 4285 1084 4356 Σεϐἧρος
1117 4326 1133 4350 ,
1191 4287 1385 4356 φεύγει
1435 4289 1518 4351 είς
1589 4287 2023 4359 Ἀλεξάνδρειαν,

439 4379 579 4449 ἔχων
604 4376 727 4448 μεθ’
751 4378 947 4431 ἑαυτοῦ
979 4375 1264 4432 Ἰουλιανόν
1290 4396 1411 4434 τινα
1433 4378 1735 4432 ἐπίσκοπον
1770 4378 2025 4450 Ἀλικαρ-

440 4464 829 4526 νασσοῦ.οὗτοι
843 4470 1108 4536 ἐλθόντες,
1128 4470 1451 4535 ἐκαθέζοντο
1468 4472 1547 4533 είς
1576 4470 1636 4524 τὸ
1652 4472 1912 4525 Ἔννατον
1925 4472 2024 4541 (g).

2118 688 2288 742 verba
2315 688 2655 758 perscripta:
2692 686 2750 741 Si
2782 688 2898 758 quis
2934 702 3122 741 eorum
3160 687 3251 757 qui
3290 685 3710 743 Chalcedonensi

2118 780 2317 850 synodo
2350 780 2662 849 adfuerunt,
2695 785 2789 832 aut
2824 776 2945 832 aliis
2979 777 3109 831 alibi
3149 778 3297 848 prius
3331 776 3523 832 habitis
3545 817 3560 843 ,
3599 794 3708 831 non

2122 880 2259 924 recte
2307 872 2486 935 sentit,
2532 872 2822 925 anathema
2867 871 2954 922 sit.
2994 869 3112 924 lloc
3160 868 3385 924 unionis
3433 870 3708 939 scriptum

2119 963 2506 1019 Alexandriam
2534 964 2759 1017 allatum
2784 963 2981 1018 Petrus
3000 963 3231 1034 Mongus
3248 962 3470 1033 recipit,
3492 963 3708 1019 Joanne

2122 1056 2350 1109 Romam
2382 1054 2647 1125 fugiente.
2679 1052 2796 1109 Sub
2820 1053 3043 1108 Zenone
3075 1054 3271 1108 Petrus
3293 1068 3517 1124 quoque
3549 1054 3709 1108 Fullo

2121 1147 2455 1201 auctoritate
2494 1145 2852 1214 imperatoria
2887 1144 2948 1197 tit
2977 1143 3359 1199 Antiochenus
3386 1144 3706 1214 episcopus.

2121 1237 2336 1293 Unione
2369 1238 2534 1303 facta,
2563 1238 2763 1292 Petrus
2791 1235 2937 1306 apud
2969 1234 3377 1290 Alexandrinos
3406 1235 3463 1289 in
3494 1235 3709 1289 honore

2120 1332 2401 1401 praecipuo
2418 1338 2557 1395 erat,
2576 1330 2920 1400 probatoque
2945 1328 3170 1384 unionis
3200 1328 3297 1383 illo
3314 1327 3545 1398 scripto,
3560 1327 3708 1382 solio

2122 1423 2332 1493 p0titur
2367 1422 2779 1486 Alexandrino;
2812 1437 2916 1477 nec
2943 1422 3055 1492 jam
3087 1420 3324 1490 amplius
3354 1420 3591 1486 occulte,
3609 1420 3705 1495 sed

2122 1517 2301 1586 palam
2332 1524 2455 1570 erat
2483 1515 2796 1585 episcopus.
2827 1513 3062 1579 Quidam
3093 1520 3277 1567 tamen
3312 1511 3488 1586 nimio
3515 1520 3709 1566 contra

2123 1608 2394 1680 synodum
2454 1606 2963 1662 Chalcedonensem
3021 1604 3152 1659 odio
3202 1583 3463 1674 impulsi,
3517 1618 3707 1659 seces-

2124 1701 2336 1755 sionem
2368 1716 2399 1753 a
2428 1697 2591 1754 Petro
2636 1696 2868 1762 faciunt,
2901 1712 3006 1752 nec
3035 1712 3161 1750 cum
3198 1696 3293 1751 illo
3326 1696 3708 1751 communica-

2124 1788 2260 1842 bant
2278 1789 2349 1843 ob
2369 1804 2491 1843 eam
2514 1803 2735 1843 causam
2765 1787 2934 1855 quod,
2969 1786 3193 1841 unionis
3213 1786 3422 1856 scripto
3450 1787 3709 1857 probato,

2125 1881 2397 1953 synodum
2434 1880 2785 1935 anathemate
2835 1877 3131 1933 manifesto
3173 1892 3286 1932 non
3316 1877 3514 1934 fuisset
3546 1892 3710 1933 exse-

2124 1980 2329 2025 cratus.
2362 1970 2543 2039 Atque
2587 1969 2643 2023 hi
2689 1968 3033 2024 vocabantur
3069 1966 3336 2037 Acephali
3378 1968 3583 2039 (capite
3615 1984 3703 2023 ca-

2124 2064 2373 2131 rentes),
2421 2057 2570 2131 quod
2613 2059 2984 2131 patriarcham
3022 2074 3185 2114 suum
3224 2059 3454 2114 minime
3490 2062 3707 2126 secuti,

2121 2168 2371 2209 seorsum
2400 2153 2895 2209 communicarent.
2927 2152 3066 2208 Hinc
3088 2153 3305 2216 Petrus,
3326 2155 3421 2223 qul
3444 2155 3712 2224 populum

2125 2247 2507 2317 multipliciter
2531 2246 2710 2302 scindi
2734 2246 2971 2310 videret,
2995 2246 3215 2301 tandem
3238 2246 3417 2317 palam
3438 2248 3711 2319 synodum

2126 2340 2599 2395 auathematizare
2635 2339 2884 2410 cogitur:
2922 2355 3034 2409 quo
3082 2338 3269 2404 ﬁebat,
3313 2348 3377 2395 ut
3415 2342 3623 2410 pariter
3656 2349 3714 2395 et

2125 2432 2351 2487 unionis
2399 2431 2669 2501 scriptum
2706 2432 3004 2500 reciperet,
3049 2440 3106 2486 et
3140 2432 3323 2501 palam
3370 2433 3712 2489 anathemati

2126 2525 2398 2595 synodum
2429 2524 2748 2595 subjiceret.
2778 2524 2982 2579 Verum
3008 2538 3079 2577 ne
3097 2523 3178 2579 sic
3200 2524 3426 2594 quidem
3447 2525 3713 2596 Acephali

2125 2632 2252 2671 cum
2297 2633 2364 2671 eo
2412 2616 2929 2682 communicabant,
2979 2617 3074 2687 qui
3120 2617 3192 2671 ab
3240 2618 3399 2674 initio
3444 2620 3713 2691 scriptum

2129 2709 2357 2764 unionis
2390 2711 2775 2780 approbasset,
2809 2724 2920 2764 non
2951 2709 3414 2765 anathematizata
3440 2708 3675 2783 synodo.

2199 2803 2290 2857 lll.
2360 2803 2524 2857 Petro
2588 2801 2859 2857 successit
2922 2801 3292 2868 Athanasius,
3348 2803 3444 2874 qui
3501 2805 3715 2876 scripto

2128 2896 2352 2950 unionis
2376 2903 2655 2964 suscepto,
2684 2893 3023 2949 anathemati
3052 2894 3325 2964 synodum
3356 2896 3711 2966 subjiciebat.

2125 2989 2327 3043 Verum
2362 3003 2464 3042 nec
2493 3000 2618 3041 cum
2645 2987 2738 3040 illo
2762 2985 3245 3042 communicabant
3269 2987 3557 3056 Acephali.
3582 2988 3712 3058 quia

2126 3081 2346 3134 Petrum
2377 3080 2672 3148 reciperet.
2706 3079 2837 3133 Post
2864 3078 3226 3133 Athanasium
3253 3079 3492 3134 Joannes
3514 3079 3712 3149 ﬁtepi-

2126 3186 2347 3240 scopus.
2371 3178 2428 3226 et
2462 3186 2683 3225 rursum
2724 3170 2966 3225 Joannes
3016 3170 3176 3235 alter,
3210 3169 3338 3225 inde
3389 3171 3711 3237 Dioscorus.

2125 3273 2182 3318 ct
2214 3263 2434 3317 tandem
2466 3262 2813 3316 Timotheus.
2847 3261 2913 3316 lli
2943 3276 3137 3317 omnes
3169 3262 3392 3317 unionis
3440 3264 3713 3333 scriptum

2128 3350 2493 3420 recipiebant,
2520 3359 2573 3403 et
2602 3350 2871 3421 synodum
2904 3351 3462 3407 anathematizabant.
3489 3354 3715 3409 Zenone

2126 3458 2259 3497 vero
2310 3443 2560 3512 principe
2596 3451 2839 3507 mortuo,
2871 3441 3191 3497 Anastasius
3223 3443 3279 3498 in
3317 3442 3552 3513 imperio
3589 3460 3716 3500 suc-

2127 3535 2293 3597 cedit,
2319 3548 2429 3603 quo
2459 3541 2708 3604 tempore
2736 3533 2932 3604 dogma
2952 3534 3163 3605 synodo
3191 3534 3535 3589 contrarium
3563 3536 3713 3592 vires

2129 3627 2364 3695 majores
2390 3625 2734 3695 acquirehat.
2754 3624 2885 3679 Erat
2905 3626 3054 3679 enim
3082 3624 3407 3681 Anastasius
3426 3642 3494 3682 ex
3518 3643 3714 3683 eorum

2128 3732 2367 3772 numero
2397 3717 2489 3787 qui
2533 3716 2862 3772 Ilaasitantes
2908 3718 3286 3772 vocabantur:
3338 3718 3444 3773 sub
3494 3736 3607 3790 quo
3657 3730 3716 3775 et

2130 3809 2369 3866 Severus
2418 3810 2713 3880 episcopus
2764 3809 3146 3865 Antiocltenus
3192 3809 3544 3882 designatur,
3586 3828 3713 3869 cum

2128 3901 2502 3957 Alexandrino
2527 3900 2820 3956 Timotheo
2842 3902 3216 3957 consentiens.
3237 3903 3532 3961 Anastasio
3549 3905 3716 3962 rebus

2130 3996 2388 4051 humanis
2411 4004 2688 4065 exempto,
2733 3993 2985 4051 Justinus
3016 3994 3171 4064 prior
3210 3994 3446 4064 imperio
3474 3997 3714 4067 potitur,

2130 4104 2194 4144 ac
2218 4097 2345 4158 post
2378 4102 2585 4141 annum
2615 4094 2671 4141 et
2704 4082 2999 4141 dimidium
3035 4101 3161 4141 mox
3190 4087 3541 4143 Justinianus
3581 4102 3713 4144 suc—

2132 4180 2299 4236 cedit.
2333 4180 2412 4233 Eo
2456 4194 2643 4233 rerum
2687 4178 2883 4248 potito,
2920 4177 3014 4247 qui
3048 4177 3358 4249 synoditam
3395 4194 3454 4234 se
3488 4181 3718 4250 profite-

2134 4279 2304 4337 retur,
2343 4270 2586 4325 Severus
2619 4280 2769 4323 metu
2813 4268 3116 4337 impulsus,
3157 4266 3547 4324 Alexandriam
3585 4286 3718 4342 pro-

2134 4361 2293 4433 fugit,
2338 4360 2618 4416 Julianum
2662 4358 2957 4429 quemdam
3007 4358 3550 4416 Halicarnassensem
3596 4363 3718 4432 epi-

2133 4465 2361 4521 scopum
2391 4464 2580 4505 secum
2603 4448 2901 4504 abducens.
2927 4449 3292 4519 Posteaquam
3316 4464 3385 4507 eo
3409 4452 3713 4519 venissent,

441 4566 550 4618 Καί
598 4582 733 4618 ποτε
783 4564 945 4633 λόγου
990 4563 1308 4634 κινηθέντος
1345 4562 1551 4633 μεταξὺ
1586 4564 1786 4628 αὐτῶν,
1819 4539 2023 4635 ἡμφισ-

2134 4542 2403 4598 sedehant
2418 4542 2487 4596 ad
2510 4541 2808 4603 Ennatum,
2833 4549 2889 4595 et
2909 4549 3057 4595 mota
3077 4539 3224 4596 inter
3244 4542 3394 4612 ipsos
3414 4542 3716 4615 aliquando

439 4658 641 4729 6ήτουν
690 4658 821 4729 περὶ
873 4655 1120 4728 φθαρτοῦ
1168 4657 1265 4710 καὶ
1293 4656 1577 4727 ἀφθάρτου
1607 4655 1707 4726 (Ii),
1738 4657 1786 4710 εί
1816 4657 1928 4727 ἄρα
1965 4656 2029 4709 τὸ

443 4749 603 4821 σῶμα
628 4748 725 4802 τοῦ
756 4746 994 4821 Χριστοῦ
1024 4745 1131 4819 πρὸ
1151 4746 1252 4818 τῆς
1275 4746 1629 4809 ἀναστάσεως
1657 4744 1823 4800 αὐτοῦ
1854 4746 2029 4819 φθαρ-

439 4842 530 4895 τὸν
572 4836 666 4913 ἦν,
698 4839 733 4910 ἦ
787 4838 1087 4911 ἄφθαρτον.
1136 4839 1193 4893 '0
1242 4838 1344 4909 μὲν
1402 4837 1514 4910 γὰρ
1556 4837 1845 4902 Ἰουλιανὸς
1895 4855 2030 4892 κατ-

441 4931 754 4987 ακολουθῶν
782 4934 849 5003 τῇ
871 4930 1073 5003 ἀρχαίᾳ
1092 4929 1238 5001 δόξῃ,
1268 4928 1455 4998 ἔλεγεν
1486 4930 1569 4983 ὅτι
1600 4928 1877 5001 ἄφθαρτόν
1907 4932 2025 4983 ἐστι

439 5025 502 5077 τὸ
558 5022 720 5094 σῶμα
766 5021 862 5077 τοῦ
909 5021 1185 5092 Χριστοῦο
1231 5022 1281 5073 εί
1329 5021 1404 5092 μὴ
1445 5019 1556 5091 γὰρ
1602 5021 1852 5093 εἴπωμεν
1890 5021 2026 5076 αὐτὸ

441 5116 744 5188 ἄφθαρτον,
774 5115 913 5170 ἀλλὰ
959 5113 1223 5186 φθαρτὸν,
1255 5112 1522 5184 διαφορὰν
1562 5114 1857 5185 εἰσάγομεν
1890 5112 2027 5185 πρὸς

440 5209 531 5264 τὸν
559 5209 732 5278 Λόγον
762 5208 857 5262 τοῦ
895 5207 1053 5262 Θεοῦ.
1104 5206 1382 5277 Διαφορᾶς
1420 5204 1478 5258 δὲ
1516 5205 1902 5275 είσαγομένης,
1934 5204 2028 5257 δύο

441 5302 635 5370 φύσεις
680 5302 1029 5373 εὑρίσκονται
1064 5300 1122 5353 ἐν
1151 5298 1232 5369 τῷ
1256 5297 1499 5370 Χριστῷ.
1527 5299 1639 5353 Καὶ
1683 5298 1739 5352 τί
1777 5296 2027 5368 ἀκαίρως

444 5394 734 5466 μαχόμεθα
761 5397 828 5466 τῇ
865 5393 1104 5464 συνόδῳ;
1141 5393 1284 5464 Πρὸς
1302 5391 1474 5446 ταῦτα
1500 5393 1688 5463 ἔλεγεν
1708 5393 1738 5446 ό
1762 5391 2025 5463 Σεὸῆρος,

512 5553 588 5627 (g)
612 5556 715 5621 Εἰς
738 5555 807 5632 τὸ
827 5557 1104 5612 ἔννατον.
1133 5554 1351 5632 Videsis
1384 5568 1507 5632 qum
1537 5551 1799 5632 superius.
1820 5564 1875 5632 ξ),-
1896 5547 2020 5632 ίόξε

441 5620 1100 5699 ῃοὶῗςηςοὺεειϊειηυε
1129 5642 1201 5699 e15
1248 5620 1614 5699 Wesselingio
1666 5621 1734 5699 ad
1778 5620 2021 5699 Liberali

444 5695 809 5768 Breviarium,
869 5709 991 5768 cap.
1043 5695 1382 5768 Νηρηίδας»
1421 5691 1592 5768 ad_das
1617 5691 1940 5768 veliniquaa
1967 5691 2023 5742 in

444 5765 594 5821 hunc
614 5760 805 5822 locum
821 5760 1109 5823 adnotavit
1133 5760 1443 5823 Cotelerius
1468 5761 1610 5818 Eccl.
1650 5761 1743 5818 Gr.
1763 5760 2021 5825 Monum,

447 5843 583 5890 tom.
610 5835 652 5900 l,
688 5853 810 5908 pag.
839 5837 941 5894 809
971 5853 1019 5893 c.

2129 4633 2435 4703 quastione
2485 4629 2553 4687 de
2593 4629 2944 4702 corruptibili
2978 4639 3034 4685 et
3068 4631 3506 4703 incorruptibili,
3537 4634 3715 4689 ambi-

2131 4725 2332 4797 gebant
2380 4739 2514 4778 num
2551 4722 2766 4778 scilicet
2795 4721 3001 4777 Christi
3039 4738 3242 4792 corpus
3286 4733 3413 4780 ante
3462 4739 3740 4794 resurre-3

2131 4827 2371 4882 ctionem
2398 4825 2520 4896 ejus
2549 4823 2914 4894 corruptibile
2944 4822 3136 4885 fuerit.
3172 4838 3241 4876 an
3268 4816 3737 4887 incorruptibile-
3800 4844 3806 4849 -

2130 4919 2385 4975 Julianus
2411 4917 2584 4980 enim,
2618 4916 2882 4972 insistens
2922 4915 3171 4987 opinioni
3206 4913 3473 4985 pristinae,
3508 4908 3735 4966 Christi“

2133 5034 2337 5090 corpus
2368 5031 2490 5073 esse
2520 5016 2741 5072 dicebat
2771 5014 3227 5086 incorruptibile:
3261 5012 3468 5083 quippe
3511 5008 3555 5064 si
3601 5024 3715 5062 non

2136 5110 2582 5182 incorruptibile,
2614 5108 2711 5164 sed
2755 5108 3116 5177 corruptibile
3145 5105 3472 5168 dixerimus,
3509 5101 3715 5170 inquit,

2132 5205 2282 5260 inter
2315 5219 2519 5274 corpus
2548 5210 2604 5258 et
2629 5200 2955 5257 Sermonem
2994 5198 3092 5254 Dei
3122 5196 3424 5252 discrimen
3453 5192 3716 5249 introdu-

2133 5298 2330 5352 cimus.
2373 5295 2445 5351 At
2471 5309 2605 5348 vero
2640 5293 2685 5349 si
2730 5291 3030 5346 discrimen
3064 5288 3459 5350 constituatur,
3495 5283 3620 5341 duae
3660 5283 3716 5337 in

2131 5389 2357 5446 Christo
2386 5394 2598 5441 natura:
2624 5383 3003 5455 reperiuntur.
3035 5382 3104 5437 Et
3130 5396 3232 5436 cur
3256 5389 3366 5435 tam
3396 5378 3716 5450 importune

2202 5547 2276 5618 (It)
2303 5542 2735 5618 Περὶ-φθαρτοῦ
2785 5540 2910 5618 καί-
2930 5539 3255 5618 ἀφθάρςοιί.
3313 5535 3636 5618 (Ζοιειετίυἱ
3656 5535 3710 5589 in

2132 5604 2279 5671 Ec‘cl'.
2308 5604 2403 5671 Cr'.
2434 5604 2696 5686 licitqu
2721 5610 2933 5686 tomul,
2970 5604 3102 5680 'pag.
3134 5609 3237 5663 787
3276 5623 3431 5686 seqq.
3471 5622 3550 5686 _ex
3595 5604 3728 5686 Eur.

2134 5686 2324 5760 thymii
2354 5684 2630 5760 P_an_oplia_
2653 5674 2841 5737 Graeca
2863 5674 3229 5760 frangntum
3269 5674 3440 5737 refert
3468 5674 3727 5742 Leontii,

2132 5751 2280 5827 quod
2311 5755 2441 5811 huic
2463 5751 2586 5809 loco
2616 5755 2795 5809 lucem
2821 5751 3019 5806 aﬂ‘erre
3048 5751 3241 5821 possit.
