4148 6446
488 416 621 482 1231

1748 407 2053 469 LEONTII
2090 404 2498 466 BYZANTINI

3627 411 3763 478 1932

482 529 755 602 synodum
797 526 1221 597 oppugnamus?
1253 524 1333 579 Ad
1368 539 1433 578 ea
1470 537 1740 579 severus:
1796 536 1957 590 posse
2006 536 2066 573 se

2173 518 2252 571 ὅτι
2290 518 2514 573 δύναται
2561 518 2657 572 καὶ
2688 520 2965 593 ἄφθαρτον
2996 522 3175 576 είπεῖν
3213 522 3272 577 τὸ
3299 523 3459 596 σῶμα
3502 528 3596 582 τοῦ
3627 530 3763 602 Χρι-

482 623 695 694 pariter
727 631 783 675 et
821 618 1030 673 Christi
1076 632 1281 687 corpus
1314 614 1742 684 ineorruptibile
1772 614 1979 677 dicere,
2015 622 2073 665 et

481 712 781 767 discrimen
802 710 1175 773 constituere;
1210 716 1269 763 et
1305 708 1673 762 nihilominus
1706 721 1869 759 unam
1896 703 1949 759 ei
1976 704 2072 759 tri-

483 806 658 860 buere
698 812 978 858 naturam.

551 898 639 952 ιν.
668 897 858 965 Itaque
884 895 938 949 hi
964 893 1305 949 contendere
1332 892 1477 946 inter
1500 906 1559 946 se
1587 907 1694 945 non
1715 891 2067 956 desmebant,

480 987 751 1057 librisque
806 1002 920 1039 rem
975 984 1258 1055 prosequi.
1305 982 1633 1037 Timotheus
1678 991 1863 1036 autem
1907 981 2072 1034 modo

482 1081 633 1143 huic,
667 1079 829 1133 modo
869 1079 947 1132 illi
994 1077 1487 1148 patrocinabatur:
1540 1090 1779 1145 cumque
1830 1075 2072 1143 impera-

481 1181 655 1225 torem
679 1171 935 1225 aditurus
953 1178 1118 1233 esset,
1138 1170 1357 1223 vivendi
1386 1170 1549 1223 linem
1577 1168 1709 1222 fecit
1732 1184 1747 1233 ;
1775 1167 2073 1223 arcessitus

481 1265 629 1319 enim
666 1279 695 1317 a
734 1262 985 1333 principe
1026 1262 1227 1326 fuerat,
1269 1262 1355 1316 vel
1400 1277 1758 1330 persuasuro,
1800 1262 2072 1333 synoditis

488 1354 571 1408 uti
610 1370 667 1409 se
696 1356 1058 1424 conjungeret
1085 1393 1099 1417 ,
1143 1354 1229 1410 vel
1260 1353 1538 1407 hominem
1567 1354 1635 1408 ab
1670 1352 1849 1407 ollicio
1887 1368 2072 1408 remo-

483 1456 631 1502 turo.
666 1448 838 1502 Brant
868 1446 921 1499 id
948 1446 1212 1515 temporis
1240 1447 1343 1500 viri
1376 1447 1508 1512 duo,
1540 1446 1783 1501 Gaianus
1811 1454 1867 1501 et
1893 1445 2073 1501 Theo-

483 1540 702 1594 dosius:
730 1539 821 1593 ille
852 1539 1076 1608 quidem
1102 1539 1529 1594 archidiaconus
1554 1538 1859 1605 Timothei,
1890 1539 2074 1594 Theo-

484 1632 674 1687 dosius
722 1647 857 1686 vero
920 1631 1160 1701 scriptor
1210 1632 1545 1687 orationum.
1608 1632 1799 1702 Itaque
1849 1644 2071 1689 mortuo

486 1725 802 1790 Timotheo,
840 1725 1023 1780 clerus
1077 1735 1134 1779 et
1182 1725 1340 1779 urbis
1375 1725 1641 1794 primates
1692 1726 2069 1782 Theodosium

483 1818 761 1888 suffragiis
805 1818 921 1872 suis
968 1817 1291 1887 episc0pum
1328 1818 1557 1889 legunt:
1611 1834 1724 1889 quo
1757 1818 2066 1891 designato,

482 1911 638 1982 plebs
672 1912 938 1982 ingressa,
989 1927 1117 1966 cum
1163 1912 1219 1965 in
1258 1911 1400 1966 solio
1430 1911 1718 1967 sedentem
1751 1914 2069 1983 conspexis-

482 2011 587 2066 set,
608 2018 781 2073 usque
798 2003 935 2057 adeo
957 2003 1239 2074 indignata
1262 2012 1345 2058 est
1361 2004 1507 2074 quod
1533 2004 1815 2060 hominem
1832 2006 2063 2073 odisset,

483 2101 544 2146 ut
564 2108 689 2147 mox
714 2108 842 2147 eum
865 2093 1090 2163 quidam
1121 2110 1152 2148 e
1184 2095 1384 2150 throno
1402 2095 1695 2167 dejiceret:
1727 2108 2069 2169 quapropter

483 2184 800 2255 aufugiente
834 2185 1171 2252 Theodosio,
1197 2186 1438 2243 Gaianus
1473 2190 1646 2260 ipsius
1673 2190 1798 2245 loco
1826 2206 1925 2260 per
1953 2192 2065 2245 vim

488 2274 668 2330 factus
709 2283 794 2329 est
826 2276 1142 2347 episcopus.
1172 2278 1240 2332 Et
1289 2280 1596 2334 incolarum
1643 2281 1798 2335 urbis
1844 2296 2067 2351 quoque

484 2374 687 2421 secuta:
733 2376 863 2421 sunt
904 2368 1220 2433 factiones;
1259 2371 1464 2441 quippe
1517 2384 1797 2443 magnates
1834 2373 1991 2428 urbis
2034 2388 2066 2428 a

484 2458 797 2514 Theodosio
827 2460 1068 2526 stabant,
1090 2462 1247 2531 plebs
1275 2478 1304 2516 a
1333 2462 1575 2519 Gaiano:
1608 2474 1947 2535 quapropter
1974 2479 2067 2519 ac-

484 2550 639 2615 cidit,
673 2565 786 2604 non
810 2552 989 2606 solum
1021 2560 1083 2605 ut
1116 2552 1404 2607 hominum
1430 2553 1767 2610 factionibus
1795 2555 1927 2609 urbs
1954 2563 2067 2609 tota

483 2644 908 2711 distraheretur,
953 2646 1049 2700 sed
1080 2646 1247 2701 etiam
1289 2647 1600 2702 sententiis.
1638 2648 1776 2703 Nam
1825 2646 2067 2703 Gaianus

482 2739 689 2795 Juliani
720 2739 1051 2795 sententiam
1096 2739 1432 2807 sectabatur,
1468 2739 1657 2795 Severi
1694 2739 2063 2795 Theodosius.

554 2920 618 2975 V.
651 2919 954 2989 Imperator
982 2927 1168 2975 autem
1190 2920 1554 2983 Justinianus,
1587 2919 1793 2975 auditis
1815 2936 1939 2990 qua:
1967 2920 2066 2975 ﬁe-

484 3021 624 3079 rent,
668 3013 899 3068 Narsem
934 3013 1171 3083 ablegat,
1206 3013 1557 3084 cogniturum
1594 3023 1721 3068 uter
1755 3028 1824 3068 ex
1871 3013 2066 3067 ambo-

482 3104 587 3160 bus
628 3119 751 3159 esse
799 3104 1026 3160 deberet
1074 3105 1388 3175 episc0pus.
1425 3106 1627 3160 Narses
1675 3104 2067 3160 Alexandriam

2178 607 2341 671 στοῦ,
2386 611 2479 662 καὶ
2537 609 2802 681 διαφορὰν
2852 614 3211 681 εἰσαγαγεῖν,
3261 616 3357 668 καὶ
3421 616 3555 686 μίαν
3595 619 3760 687 φύσιν

2176 699 2375 751 εἰπεῖν.

3779 804 3792 845 l

2250 879 2518 947 Ἔμειναν
2549 878 2643 932 οὖν
2670 875 2818 933 οὗτοι
2852 882 3156 952 μαχόμενοι
3192 883 3331 953 πρὸς
3364 885 3637 958 ἀλλήλους
3670 892 3795 943 καὶδ

2173 973 2539 1041 ἐκτιθέμενοι.
2582 974 2641 1025 Ὀ
2675 973 2733 1026 δὲ
2770 974 3063 1046 Τιμόθεος,
3097 977 3233 1030 ποτὲ
3288 978 3391 1048 μὲν
3437 979 3637 1050 τούτῳ,
3666 964 3791 1035 πο(

2173 1066 2233 1119 τέ
2279 1065 2336 1119 δὲ
2375 1067 2569 1137 ἐκείνῳ
2608 1068 2911 1138 συνήγορος
2951 1064 3055 1141 ἦν’
3089 1070 3303 1140 μέλλων
3349 1072 3406 1125 δὲ
3437 1075 3466 1127 6
3498 1074 3763 1144 Τιμόθεος

2176 1158 2421 1213 συνιέναι
2465 1161 2605 1231 πρὸς
2654 1161 2747 1213 τὸν
2781 1162 3035 1232 βασιλέα,
3069 1165 3302 1236 τελευτᾷ
3327 1182 3341 1197 ο
3375 1168 3764 1237 μετεστείλατο

2173 1253 2284 1323 γὰρ
2328 1251 2514 1318 αὐτὸν,
2565 1253 2869 1326 ὀφείλων-ἢ
2913 1260 3103 1311 πεῖσαι
3145 1257 3405 1327 γενέσθαι
3454 1262 3761 1335 συνοδίτην,

2172 1344 2207 1414 ἢ
2240 1344 2493 1398 καθελεῖν
2523 1345 2709 1401 αὐτόν.
2744 1344 2926 1402 ’Ἦσαν
2964 1349 3023 1402 δὲ
3053 1350 3176 1403 τότε
3212 1350 3308 1404 δύο
3342 1350 3557 1423 ἄνδρες,
3591 1354 3762 1409 Γαῖα-

2174 1435 2266 1499 νὸς
2316 1436 2414 1490 καὶ
2466 1436 2791 1503 Θεοδόσιος,
2844 1438 2873 1491 6
2943 1440 3041 1510 μὲν
3100 1440 3334 1505 Γαῖανὸς
3384 1442 3763 1513 ἀρχιδιάκονος

2173 1528 2469 1598 Τιμοθέου,
2498 1532 2527 1583 6
2557 1531 2615 1584 δὲ
2643 1530 2926 1595 Θεοδόσιος
2955 1532 3318 1605 λογογράφος.
3370 1535 3762 1604 Ἀποθανόντος
3784 1575 3802 1591 ρ

2172 1615 2267 1674 οὖν
2300 1622 2593 1692 Τιμοθέου,
2633 1625 2941 1694 χειροτονεῖ
2970 1625 2999 1676 6
3032 1626 3258 1697 κλῆρος,
3309 1628 3405 1681 καὶ
3441 1630 3495 1682 οῖ
3554 1631 3762 1701 πρῶτοι

2170 1714 2272 1785 τῆς
2303 1715 2534 1781 πόλεως,
2565 1716 2847 1771 Θεοδόσιον
2893 1717 3220 1773 ἐπίσκοπον.
3268 1720 3479 1775 Τούτου
3514 1740 3763 1793 χειροτο-

2173 1808 2450 1879 νηθέντος,
2510 1808 2772 1862 εἰσελθὼν
2819 1812 2847 1864 6
2886 1811 3084 1882 δῆμος,
3131 1815 3230 1867 καὶ
3268 1815 3538 1887 ἑωρακὼς
3596 1817 3761 1873 αὑτὸν

2174 1902 2269 1955 ἐπὶ
2318 1900 2414 1954 τοῦ
2478 1900 2672 1973 θρόνου
2716 1902 3112 1975 καθεζόμενον,
3152 1904 3331 1968 οὕτως
3375 1908 3760 1980 ἠγανάκτησεν

2178 1994 2427 2067 (ἐμίσουν
2460 1995 2571 2064 γὰρ
2602 1995 2812 2067 αὐτὸν),
2847 1995 2986 2050 ὥστε
3012 1997 3218 2063 εὐθέως
3249 2018 3337 2064 τις
3370 2002 3477 2055 ἀπὸ
3507 2002 3602 2056 τοῦ
3636 2004 3765 2071 θρό-

2175 2104 2267 2142 νου
2290 2088 2517 2159 εῤῥιψεν
2543 2089 2727 2144 αὐτόν.
2750 2091 2859 2143 Καὶ
2879 2091 2907 2142 6
2933 2099 3032 2159 μεν
3056 2090 3339 2156 Θεοδόσιος
3365 2092 3534 2163 ἔφυγε
3556 2114 3567 2127 ·
3592 2096 3759 2150 Γαῖα-

2175 2180 2264 2241 νὸς
2307 2180 2365 2233 δὲ
2412 2180 2505 2252 βίᾳ
2546 2182 2767 2250 ἐγένετο
2801 2183 2918 2236 ἀντ’
2953 2184 3121 2237 αὐτοῦ
3170 2186 3494 2251 ἐπίσκοπος.
3546 2191 3760 2245 Συναπ-

2176 2273 2415 2343 έστησαν
2462 2274 2519 2327 δὲ
2558 2274 2656 2329 καὶ
2688 2278 2805 2338 τοῖς
2836 2275 3178 2345 προσώποις,
3213 2278 3263 2331 οἱ
3307 2280 3407 2350 τῆς
3437 2280 3679 2345 πόλεως·
3710 2285 3760 2336 οἱ

2179 2364 2279 2434 μὲν
2308 2364 2420 2435 γὰρ
2458 2366 2689 2436 μεγάλοι
2725 2367 2827 2436 τῆς
2858 2367 3069 2431 πόλεως
3106 2365 3249 2440 ἦσαν
3285 2372 3424 2441 μετὰ
3451 2371 3759 2442 Θεοδοσίου,

2175 2457 2204 2509 6
2226 2455 2295 2508 ’δέ
2328 2457 2501 2527 δῆμος
2539 2458 2679 2529 μετὰ
2706 2459 2971 2513 Γαῖανοῦ·
3003 2462 3205 2533 συνέϐη
3240 2458 3335 2516 οὖν
3364 2464 3425 2517 οὐ
3463 2466 3627 2536 μόνον
3649 2471 3761 2530 τοῖς

2176 2546 2498 2618 προσώποις
2554 2552 3044 2623 συναποῤῥαγῆναι
3102 2554 3201 2625 τὴν
3249 2555 3425 2623 πόλιν,
3470 2557 3609 2613 ἀλλὰ
3668 2560 3760 2612 καὶ

2174 2643 2287 2703 τοῖς
2314 2641 2602 2711 δόγμασιν.
2638 2643 2698 2695 '0
2734 2643 2835 2713 μὲν
2876 2644 2987 2716 γὰρ
3018 2645 3242 2710 Γαῖανδς
3267 2646 3344 2718 τῷ
3371 2648 3606 2720 δόγματι
3627 2650 3759 2718 ἡκο-

2176 2731 2360 2786 λούθει
2406 2733 2721 2801 Ἰουλιανοῢ,
2746 2737 2775 2787 6
2814 2735 2871 2789 δὲ
2899 2736 3186 2804 Θεοδόσιος
3215 2739 3294 2811 τῷ
3327 2740 3563 2811 δόγματι
3590 2743 3760 2815 2561'}-

2179 2841 2294 2895 ρου.

2258 2918 2525 2985 ’Δκούσας
2577 2920 2635 2974 δέ
2695 2920 2764 2975 τὰ
2814 2925 3079 2994 γινόμενα
3141 2923 3521 2991 Ἰουστινιανὸς
3577 2927 3607 2981 6
3660 2926 3760 2998 βα-

2176 3011 2394 3078 σιλεὺς,
2456 3013 2668 3083 πέμπει
2704 3014 2795 3067 τὸν
2825 3014 3071 3087 Νάρσην,
3107 3017 3393 3087 ὀφείλοντα
3427 3020 3642 3089 μαθεῖν,
3674 3023 3760 3085 τίς

2173 3104 2241 3158 ἐκ
2283 3103 2396 3158 τῶν
2439 3104 2534 3158 δύο
2577 3106 2784 3175 ὀφείλει
2820 3102 2963 3163 εἶναι
2992 3110 3315 3175 ἐπίσκοπος.
3354 3112 3414 3166 '0
3443 3113 3500 3166 δὲ
3530 3114 3759 3186 Νάρσης

482 3197 783 3268 profectus,
814 3214 939 3253 cum
973 3206 1097 3252 uter
1129 3198 1417 3252 amborum
1452 3199 1605 3268 prior
1644 3197 1823 3254 lactus
1869 3197 2067 3254 fuisset

2173 3195 2347 3252 ἐλθὼν
2368 3236 2384 3263 ,
2435 3197 2535 3251 καὶ
2568 3197 2876 3270 ἐρωτήσας,
2911 3200 2997 3265 τίς
3028 3203 3093 3256 ἐκ
3123 3202 3234 3258 τῶν
3262 3203 3357 3257 δύο
3392 3204 3511 3257 ἐστὶ
3540 3206 3759 3277 πρῶτος

481 3290 793 3361 episcopus,
819 3290 1250 3361 interrogasset,
1285 3291 1450 3360 idque
1470 3290 1539 3345 de
1563 3290 1878 3345 Theodosio
1911 3306 2061 3346 com-

482 3385 737 3456 perisset,
775 3384 1042 3440 Gaianum
1075 3384 1300 3454 quidem
1342 3385 1398 3438 in
1441 3385 1696 3439 exsilium
1741 3385 1932 3450 misit,
1969 3383 2065 3455 qui

482 3477 552 3531 ab
585 3492 651 3531 eo
678 3486 927 3547 tempore
961 3476 1017 3531 in
1048 3476 1383 3531 hodiernum
1413 3492 1587 3547 usque
1618 3476 1766 3532 diem
1794 3477 2062 3532 evanuit:

482 3567 855 3623 Theodosium
888 3583 1021 3623 vero
1057 3567 1113 3621 in
1147 3568 1347 3623 solium
1392 3568 1705 3624 collocavit.
1746 3569 1860 3623 Nec
1892 3568 2067 3623 multo

480 3660 667 3731 elapso
714 3668 983 3728 tempore,
1023 3659 1193 3713 mittit
1219 3659 1582 3725 Justinianus,
1608 3675 1671 3715 ac
1691 3659 2066 3715 Theodosium

480 3768 701 3823 quoque
727 3760 1006 3818 removet;
1034 3752 1199 3822 eique
1224 3751 1549 3823 Byzantium
1583 3754 1894 3823 deportato,
1924 3754 2068 3808 Pau-

479 3843 594 3897 lum
646 3843 940 3913 subrogat,
990 3843 1085 3913 qui
1135 3845 1468 3898 sententiain
1525 3844 1720 3915 synodi
1766 3845 2068 3915 amplecte-

482 3936 670 3992 batur.
704 3936 755 3991 Is
789 3935 992 3993 deinde
1028 3944 1274 3991 remotus
1306 3936 1429 4000 fuit,
1460 3946 1687 4007 propter
1707 3938 2068 4007 approbatam

484 4032 713 4086 czedem.
742 4031 919 4086 Paulo
952 4030 1190 4105 dejecto,
1224 4030 1584 4085 substituitur
1625 4031 1681 4084 in
1723 4031 1842 4101 ejus
1881 4029 2067 4083 locum

482 4124 669 4179 Zoilus
694 4165 709 4189 ,
745 4132 992 4179 remotus
1012 4133 1067 4178 et
1104 4124 1221 4193 ipse
1256 4123 1325 4177 ab
1365 4122 1566 4187 cilicio,
1610 4122 1774 4177 sicuti
1804 4122 2068 4194 deinceps

481 4215 869 4270 indicabimus.
894 4216 1023 4271 Post
1048 4215 1262 4269 Zoilum
1290 4215 1349 4269 fit
1373 4216 1665 4283 epiSCOpus
1714 4214 2065 4283 Apolinaris;

480 4319 607 4381 post
636 4309 990 4380 Apolinarem
1038 4308 1311 4374 Joannes;
1341 4316 1463 4378 post
1487 4308 1755 4362 Joannem
1780 4306 2064 4378 Eulogius.

481 4401 686 4456 Omnes
722 4401 781 4455 hi
816 4407 941 4471 post
975 4399 1206 4454 Paulum
1242 4399 1509 4471 synodita:
1558 4398 1809 4453 fuerunt.
1845 4399 1915 4453 Et
1952 4399 2069 4454 haec

484 4493 709 4564 quidem
744 4493 1135 4563 episcoporum
1166 4492 1272 4546 fuit
1301 4492 1494 4547 series.

2169 3290 2484 3362 γενόμενος,
2522 3292 2617 3345 καὶ
2651 3292 2865 3363 μαθὼν,
2895 3294 2979 3347 ὄτι
3004 3294 3285 3359 Θεοδόσιος
3307 3312 3320 3326 ’
3372 3298 3465 3351 τὸν
3498 3299 3596 3368 μὲν
3628 3300 3759 3352 Γαῖο

2169 3385 2298 3437 ανδν
2328 3384 2559 3456 ἐξώρισε
2607 3384 2734 3456 (καὶ
2768 3388 2983 3458 ἀφανὴς
3012 3388 3232 3456 ἐγένετο
3259 3390 3320 3454 ἐξ
3345 3390 3558 3445 ἐκείνου
3593 3392 3759 3463 μέχρι

2167 3477 2269 3546 τῆς
2299 3476 2587 3547 σήμερον),
2618 3477 2710 3531 τὸν
2734 3478 2792 3531 δέ
2819 3479 3103 3534 Θεοδόσιον
3128 3480 3386 3535 ἐκάθισεν
3410 3484 3491 3546 είς
3514 3483 3608 3536 τὸν
3634 3484 3759 3556 θρό-

2170 3584 2282 3620 νον.
2336 3566 2546 3638 Χρόνου
2589 3568 2647 3621 δέ
2697 3568 2898 3641 μικροῦ
2940 3570 3369 3643 διαδραμόντος,
3422 3574 3631 3645 πέμπει
3664 3574 3759 3628 καὶ

2169 3660 2427 3732 καθαιρεῖ
2457 3662 2667 3715 καὶτὸν
2694 3663 2976 3718 Θεοδόσιον
3004 3666 3033 3718 6
3061 3663 3461 3731 ἰουστινιανὸς,
3489 3668 3759 3738 καὶφέρει

2170 3753 2338 3807 αὑτὸν
2386 3753 2469 3817 είς
2516 3754 2576 3807 τὸ
2619 3755 2950 3823 Βυζάντιον,
3000 3758 3116 3812 ἀντ’
3151 3758 3318 3812 αὐτοῦ
3367 3763 3759 3833 χειροτονήσας

2167 3845 2261 3898 τὸν
2288 3845 2503 3900 Παῦλον
2529 3848 2832 3919 δεχόμενον
2862 3849 2924 3903 τὸ
2950 3850 3131 3921 δόγμα
3158 3854 3257 3922 τῆς
3284 3853 3528 3908 συνόδου.
3565 3854 3759 3918 Ὅστις

2170 3939 2490 4012 καθῃρέθη,
2545 3944 2950 4015 συνευδοκήσας
2997 3946 3168 4015 φόνῳ.
3219 3946 3660 4017 Καθαιρεθὲντος
3698 3950 3761 4001 δὲ

2171 4031 2411 4095 Παύλου,
2445 4035 2661 4101 γίνεται
2690 4036 2805 4089 ἀντ’
2833 4036 3002 4090 αύτοῦ
3034 4035 3258 4102 Ζώῖλος,
3295 4040 3446 4101 ὅστις
3472 4040 3566 4092 καὶ
3593 4041 3757 4103 αὐτ“ς

2170 4124 2473 4196 καθῃρέθη,
2505 4125 2581 4189 ὡς
2616 4129 2672 4180 ἐν
2702 4131 2817 4192 τοῖς
2844 4129 3047 4199 ἐφεξῆς
3076 4129 3328 4199 λέξομεν.
3367 4132 3524 4185 Μετὰ
3556 4130 3758 4185 Ζώῖλον

2168 4217 2384 4286 γίνεται
2419 4217 2824 4291 Ἀπολινάριος,
2865 4223 3006 4292 μετὰ
3034 4222 3126 4275 τὸν
3163 4222 3541 4294 Ἀπολινάριον
3576 4224 3759 4276 Ἰωαν-

2170 4327 2303 4381 νης,
2366 4311 2507 4381 μετὰ
2556 4311 2812 4385 Ἰωάννην
2855 4314 3142 4382 Εὐλὸγιος.
3208 4314 3422 4377 Πάντες
3467 4310 3561 4368 οὖν
3608 4311 3759 4369 οὗτοι

2170 4403 2264 4457 ἐπὶ
2309 4402 2529 4457 Παύλου
2576 4406 2872 4462 συνοδῖται.
2930 4408 3043 4461 Καὶ
3091 4406 3230 4479 αὕτη
3266 4408 3364 4479 μὲν
3400 4408 3435 4479 ή
3460 4408 3618 4473 τάξις
3644 4408 3759 4463 τῶν

2171 4493 2506 4547 ἐπισκόπων.

554 4583 642 4637 Vl.
682 4584 821 4639 Cum
875 4591 1061 4638 autem
1121 4584 1373 4654 privatus
1417 4585 1666 4657 Byzantii
1717 4582 2067 4641 Theodosius

2245 4585 2640 4657 Καθεζομένου
2673 4586 2732 4641 δέ
2763 4589 2819 4640 ἐν
2848 4586 3131 4660 Βυζαντίῳ
3174 4590 3298 4642 κατ’
3333 4588 3471 4641 ἰδίαν
3503 4587 3596 4641 τοῦ
3623 4588 3758 4640 Θεο-

483 4675 729 4746 degeret,
761 4676 1137 4745 Agnoetarum
1168 4675 1273 4746 (sic
1302 4676 1371 4731 ab
1398 4677 1745 4748 ignoratione
1768 4676 2065 4748 dictorum)

484 4764 680 4835 dogma
721 4773 935 4819 motum
966 4765 1091 4818 fuit.
1122 4766 1258 4820 Nam
1289 4768 1422 4837 quia
1450 4769 1714 4824 Dominus
1746 4770 1823 4823 ait
1858 4769 1924 4835 ³³,
1966 4784 2065 4822 ne-

483 4856 689 4911 minem
714 4855 909 4910 horam
930 4855 1124 4927 judicii
1148 4857 1309 4920 scire,
1336 4873 1404 4913 ne
1426 4858 1624 4914 Filium
1648 4861 1895 4928 quidem,
1915 4870 2066 4915 extra

484 4946 663 5003 solum
712 4945 976 5012 Patrem,
1026 4947 1319 5016 quaesitum
1369 4957 1485 5012 est,
1535 4965 1604 5003 an
1640 4950 1897 5005 Christus
1944 4967 2065 5006 eam

480 5042 785 5112 ignoraret,
813 5047 875 5094 ut
901 5040 1088 5094 homo.
1115 5039 1467 5096 Theodosius
1494 5040 1775 5096 Christum
1813 5042 2067 5113 ignorare

480 5133 738 5204 negabat,
770 5142 827 5189 et
862 5134 1129 5190 adversus
1168 5133 1445 5205 Agnoetas
1498 5135 1744 5205 scripsit.
1779 5136 1885 5190 Alii
1940 5152 2071 5191 vero

478 5224 764 5281 Christum
787 5224 980 5279 horam
993 5224 1250 5296 ignorare
1268 5225 1581 5291 tradebant,
1602 5226 2069 5296 quemadmodum

480 5321 661 5391 ipsum
718 5330 775 5377 et
820 5319 1069 5377 dolorem
1113 5320 1354 5377 sensisse
1397 5321 1651 5377 dicimus.
1692 5323 1823 5377 Inde
1868 5323 2071 5379 divulsi

479 5422 610 5468 sunt
666 5430 694 5468 ο
759 5413 1199 5480 Theodosianis,
1256 5414 1352 5484 qui
1423 5415 1686 5485 AgnoeL'e
1746 5427 2061 5471 vocantur:

480 5519 718 5575 cumque
796 5507 1159 5575 peculiarem'
1212 5508 1319 5566 sibi
1391 5507 1650 5564 fecissent
1727 5510 2017 5564 ecclesiam
2049 5548 2064 5573 ,

482 5614 739 5655 seorsum
774 5603 1281 5657 communicabant.
1316 5602 1514 5658 Adhuc
1545 5603 1778 5671 degenle
1820 5602 2065 5673 Byzantii

481 5689 819 5753 Theodosio,
843 5693 1027 5748 d'enuo
1051 5704 1261 5748 motum
1279 5694 1381 5747 fuit
1404 5694 1598 5764 dogma
1628 5693 2027 5749 Tritheitarum
2051 5714 2064 5748 :

560 5874 604 5907 "
634 5872 797 5927 Marc.
832 5876 947 5937 xm,
979 5874 1067 5927 3‘2.

2168 4681 2385 4747 δοσίου,
2440 4680 2670 4753 ἐκινήθη
2708 4680 2769 4734 τὺ
2801 4680 2979 4751 δόγμα
3010 4680 3118 4734 τῶν
3157 4679 3490 4752 ’Ᾱγνοητῶν.
3539 4679 3759 4751 Ἐπειδὴ

2171 4774 2284 4843 γὰρ
2311 4773 2462 4843 λέγει
2494 4775 2523 4826 6
2552 4773 2760 4843 Κύριος
2784 4813 2800 4837 ,
2856 4774 2938 4827 ὅτι
2980 4772 3155 4835 οὐδεὶς
3189 4768 3299 4825 οἶδε
3343 4772 3444 4843 τὴν
3473 4770 3625 4838 ὥραν
3655 4770 3758 4838 τῆς

2171 4867 2429 4938 κρίσεως,
2465 4866 2587 4919 ούδέ
2616 4868 2645 4919 6
2673 4866 2823 4929 Υἱὸς,
2857 4867 2906 4918 εἰ
2937 4865 3010 4936 μὴ
3042 4865 3070 4916 6
3098 4864 3287 4935 Πατὴρ
3318 4862 3507 4934 μόνος’
3555 4861 3759 4932 ἐζητή-

2174 4960 2242 5030 θη
2268 4998 2282 5023 ,
2334 4960 2383 5011 εἰ
2428 4960 2538 5028 ἄρα
2582 4957 2773 5027 ἠγνόει
2815 4959 2844 5009 6
2882 4956 3157 5027 Χριστὸς,
3206 4955 3282 5020 ώς
3313 4955 3601 5026 ἄνθρωπός
3628 4971 3759 5009 που.

2178 5053 2290 5106 Καὶ
2321 5055 2350 5106 6
2383 5052 2483 5122 μὲν
2514 5052 2798 5113 Θεοδόσιος
2844 5049 3000 5118 ἔλεγε
3040 5048 3114 5119 μὴ
3143 5049 3389 5116 ἀγνοεῖν,
3422 5048 3519 5101 κα)⁵
3550 5046 3759 5117 ἔγραψε

2178 5143 2323 5197 κατὰ
2364 5142 2692 5214 Ἀγνοητῶν.
2749 5142 2937 5194 ’Δλλοι
2980 5142 3039 5195 δὲ
3083 5136 3272 5209 ἔλεγον
3312 5141 3529 5207 ἀγνοεῖν
3569 5138 3759 5201 αὑτὸν,

2178 5236 2369 5307 ὥσπερ
2416 5236 2513 5289 καὶ
2557 5235 2785 5288 πονέσαι
2821 5234 3056 5305 λέγομεν
3085 5233 3273 5289 αὐτόν.
3326 5234 3439 5286 Καὶ
3472 5233 3536 5285 ἐκ
3565 5229 3761 5284 τούτου

2176 5326 2598 5398 ἀπεσχίσθησαν
2656 5327 2764 5380 ἀπὸ
2806 5327 2916 5380 τῶν
2956 5325 3326 5380 Θεοδοσιανῶν
3382 5326 3432 5377 οἱ
3472 5321 3761 5393 λεγόμενοι

2189 5421 2480 5490 ’Δγνοηταί
2508 5437 2519 5449 ·
2582 5421 2678 5474 καὶ
2734 5419 3035 5491 ἐκκλησίαν
3080 5417 3220 5471 ἰδίαν
3261 5417 3586 5487 ποιήσαντες
3634 5412 3761 5466 καθ’

2177 5514 2407 5577 ἑαυτοὺς
2450 5513 2791 5567 ἐκοινώνουν.
2850 5512 2974 5566 Ἔτι
3004 5511 3061 5565 δέ
3101 5509 3471 5580 καθεζομένου
3502 5507 3597 5560 τοῦ
3625 5506 3761 5559 Θεο-

2175 5604 2357 5658 δοσίου
2404 5607 2464 5656 ἐν
2510 5603 2589 5674 τῷ
2628 5604 2943 5675 Βυζαντίῳ,
2996 5602 3229 5674 ἐκινήθη
3268 5600 3435 5655 πάλιν
3482 5598 3544 5654 τὸ
3580 5598 3758 5666 δόγμα

2176 5694 2288 5749 τῶν
2312 5694 2633 5767 Τριθεῖτῶν,
2666 5691 2727 5752 οὗ
2759 5694 3114 5766 αἱρεσίαρχος
3138 5695 3365 5763 γέγονεν
3391 5694 3419 5747 6
3443 5691 3757 5753 Φιλόπονος.
