  <div class='ocr_page' id='page_1' title='image "/cluster/home/n/w/nwhite01/storage/ocr_20150623/86:pt.1/coo.31924054869874/624.png"; bbox 0 0 4148 6474; ppageno 0'>
   <div class='ocr_carea' id='block_1_1' title="bbox 466 448 601 511">
    <p class='ocr_par' dir='ltr' id='par_1_1' title="bbox 466 448 601 511">
     <span class='ocr_line' id='line_1_1' title="bbox 466 448 601 511; baseline 0 0"><span class='ocrx_word' id='word_1_1' title='bbox 466 448 601 511; x_wconf 74' lang='lat'><strong>1233</strong></span> 
     </span>
    </p>
   </div>
   <div class='ocr_carea' id='block_1_2' title="bbox 1672 445 2528 509">
    <p class='ocr_par' dir='ltr' id='par_1_2' title="bbox 1672 445 2528 509">
     <span class='ocr_line' id='line_1_2' title="bbox 1672 445 2528 509; baseline 0.004 -3"><span class='ocrx_word' id='word_1_2' title='bbox 1672 446 1771 506; x_wconf 88' lang='lat' dir='ltr'><strong>DE</strong></span> <span class='ocrx_word' id='word_1_3' title='bbox 1810 445 2086 506; x_wconf 88' lang='lat' dir='ltr'><strong>SECTIS.</strong></span> <span class='ocrx_word' id='word_1_4' title='bbox 2128 472 2196 483; x_wconf 86' lang='lat'><strong>--</strong></span> <span class='ocrx_word' id='word_1_5' title='bbox 2227 448 2386 509; x_wconf 78' lang='lat' dir='ltr'><strong>ACT.</strong></span> <span class='ocrx_word' id='word_1_6' title='bbox 2425 449 2528 509; x_wconf 83' lang='lat' dir='ltr'><strong>VI.</strong></span> 
     </span>
    </p>
   </div>
   <div class='ocr_carea' id='block_1_3' title="bbox 3602 450 3741 515">
    <p class='ocr_par' dir='ltr' id='par_1_3' title="bbox 3602 450 3741 515">
     <span class='ocr_line' id='line_1_3' title="bbox 3602 450 3741 515; baseline -0.007 -2"><span class='ocrx_word' id='word_1_7' title='bbox 3602 450 3622 513; x_wconf 88' lang='grc'>1</span> <span class='ocrx_word' id='word_1_8' title='bbox 3635 452 3741 515; x_wconf 70' lang='grc'><strong>234</strong></span> 
     </span>
    </p>
   </div>
   <div class='ocr_carea' id='block_1_4' title="bbox 475 555 2053 630">
    <p class='ocr_par' dir='ltr' id='par_1_4' title="bbox 475 555 2053 630">
     <span class='ocr_line' id='line_1_4' title="bbox 475 555 2053 630; baseline -0.006 -14"><span class='ocrx_word' id='word_1_9' title='bbox 475 562 629 616; x_wconf 77' lang='grc' dir='ltr'>Ἐπεὶ</span> <span class='ocrx_word' id='word_1_10' title='bbox 654 560 764 630; x_wconf 87' lang='grc' dir='ltr'><strong>γάρ</strong></span> <span class='ocrx_word' id='word_1_11' title='bbox 790 558 1040 630; x_wconf 78' lang='grc' dir='ltr'><strong>ἠπόρητο</strong></span> <span class='ocrx_word' id='word_1_12' title='bbox 1066 560 1134 629; x_wconf 73' lang='grc' dir='ltr'>τῇ</span> <span class='ocrx_word' id='word_1_13' title='bbox 1166 557 1486 629; x_wconf 84' lang='grc' dir='ltr'>Ἐκκλησίᾳ,</span> <span class='ocrx_word' id='word_1_14' title='bbox 1533 558 1617 611; x_wconf 77' lang='grc' dir='ltr'><strong>ὄτι</strong></span> <span class='ocrx_word' id='word_1_15' title='bbox 1652 556 1713 609; x_wconf 82' lang='lat' dir='ltr'><strong>Ei</strong></span> <span class='ocrx_word' id='word_1_16' title='bbox 1742 556 1837 609; x_wconf 90' lang='grc' dir='ltr'><strong>δύο</strong></span> <span class='ocrx_word' id='word_1_17' title='bbox 1862 555 2053 623; x_wconf 80' lang='grc' dir='ltr'><strong>λέγετε</strong></span> 
     </span>
    </p>
   </div>
   <div class='ocr_carea' id='block_1_5' title="bbox 2155 555 3738 630">
    <p class='ocr_par' dir='ltr' id='par_1_5' title="bbox 2158 556 3738 628">
     <span class='ocr_line' id='line_1_5' title="bbox 2158 556 3738 628; baseline 0.005 -18"><span class='ocrx_word' id='word_1_18' title='bbox 2158 557 2316 627; x_wconf 88' lang='lat' dir='ltr'><strong>cujus</strong></span> <span class='ocrx_word' id='word_1_19' title='bbox 2339 564 2502 611; x_wconf 56' lang='lat' dir='ltr'><strong>sectae.</strong></span> <span class='ocrx_word' id='word_1_20' title='bbox 2529 556 2786 626; x_wconf 85' lang='lat' dir='ltr'><strong>princeps</strong></span> <span class='ocrx_word' id='word_1_21' title='bbox 2820 558 3159 628; x_wconf 89' lang='lat' dir='ltr'><strong>Philoponus</strong></span> <span class='ocrx_word' id='word_1_22' title='bbox 3202 559 3436 616; x_wconf 72' lang='lat' dir='ltr'><strong>exstitit.</strong></span> <span class='ocrx_word' id='word_1_23' title='bbox 3465 560 3738 628; x_wconf 80' lang='lat' dir='ltr'><strong>Quoniam</strong></span> 
     </span>
    </p>
   </div>
   <div class='ocr_carea' id='block_1_6' title="bbox 464 644 2051 723">
    <p class='ocr_par' dir='ltr' id='par_1_6' title="bbox 464 644 2051 723">
     <span class='ocr_line' id='line_1_6' title="bbox 464 644 2051 723; baseline -0.005 -16"><span class='ocrx_word' id='word_1_24' title='bbox 464 652 659 723; x_wconf 86' lang='grc' dir='ltr'>φύσεις</span> <span class='ocrx_word' id='word_1_25' title='bbox 691 652 751 704; x_wconf 79' lang='grc' dir='ltr'><strong>ἐν</strong></span> <span class='ocrx_word' id='word_1_26' title='bbox 776 648 856 721; x_wconf 82' lang='grc' dir='ltr'>τῷ</span> <span class='ocrx_word' id='word_1_27' title='bbox 879 648 1125 721; x_wconf 84' lang='grc' dir='ltr'><strong>Χριστῷ,</strong></span> <span class='ocrx_word' id='word_1_28' title='bbox 1158 651 1373 720; x_wconf 84' lang='grc' dir='ltr'><strong>ἀνάγκη</strong></span> <span class='ocrx_word' id='word_1_29' title='bbox 1403 649 1548 719; x_wconf 82' lang='grc' dir='ltr'>ὑμᾶς</span> <span class='ocrx_word' id='word_1_30' title='bbox 1574 646 1787 701; x_wconf 72' lang='grc' dir='ltr'>καὶδύο</span> <span class='ocrx_word' id='word_1_31' title='bbox 1813 644 2051 699; x_wconf 82' lang='grc' dir='ltr'>ὑποστά-</span> 
     </span>
    </p>
   </div>
   <div class='ocr_carea' id='block_1_7' title="bbox 464 736 2052 811">
    <p class='ocr_par' dir='ltr' id='par_1_7' title="bbox 464 736 2052 811">
     <span class='ocr_line' id='line_1_7' title="bbox 464 736 2052 811; baseline -0.003 -15"><span class='ocrx_word' id='word_1_32' title='bbox 464 761 581 807; x_wconf 87' lang='grc' dir='ltr'>σεις</span> <span class='ocrx_word' id='word_1_33' title='bbox 628 742 830 796; x_wconf 88' lang='grc' dir='ltr'>εἰπεῖν.</span> <span class='ocrx_word' id='word_1_34' title='bbox 888 739 956 794; x_wconf 87' lang='grc' dir='ltr'><strong>Ἦ</strong></span> <span class='ocrx_word' id='word_1_35' title='bbox 1005 739 1063 792; x_wconf 88' lang='grc' dir='ltr'><strong>δέ</strong></span> <span class='ocrx_word' id='word_1_36' title='bbox 1117 740 1419 811; x_wconf 81' lang='grc' dir='ltr'><strong>Ἐκκλησία</strong></span> <span class='ocrx_word' id='word_1_37' title='bbox 1462 736 1923 809; x_wconf 86' lang='grc' dir='ltr'>ἀνταπεκρίνατο,</span> <span class='ocrx_word' id='word_1_38' title='bbox 1969 737 2052 791; x_wconf 83' lang='grc' dir='ltr'>ὅτι</span> 
     </span>
    </p>
   </div>
   <div class='ocr_carea' id='block_1_8' title="bbox 464 828 2053 904">
    <p class='ocr_par' dir='ltr' id='par_1_8' title="bbox 464 828 2053 904">
     <span class='ocr_line' id='line_1_8' title="bbox 464 828 2053 904; baseline -0.005 -15"><span class='ocrx_word' id='word_1_39' title='bbox 464 837 526 889; x_wconf 87' lang='grc' dir='ltr'><strong>Εἰ</strong></span> <span class='ocrx_word' id='word_1_40' title='bbox 580 834 678 904; x_wconf 82' lang='grc' dir='ltr'>μὲν</span> <span class='ocrx_word' id='word_1_41' title='bbox 728 833 926 887; x_wconf 91' lang='grc' dir='ltr'>ταυτόν</span> <span class='ocrx_word' id='word_1_42' title='bbox 971 834 1091 886; x_wconf 89' lang='grc' dir='ltr'>ἐστι</span> <span class='ocrx_word' id='word_1_43' title='bbox 1122 830 1288 901; x_wconf 83' lang='grc' dir='ltr'>φύσις</span> <span class='ocrx_word' id='word_1_44' title='bbox 1332 831 1427 885; x_wconf 77' lang='grc' dir='ltr'>καὶ</span> <span class='ocrx_word' id='word_1_45' title='bbox 1458 831 1785 895; x_wconf 83' lang='grc' dir='ltr'><strong>ὑπόστασις,</strong></span> <span class='ocrx_word' id='word_1_46' title='bbox 1838 828 2053 899; x_wconf 82' lang='grc' dir='ltr'><strong>ἀνάγκη</strong></span> 
     </span>
    </p>
   </div>
   <div class='ocr_carea' id='block_1_9' title="bbox 465 918 2054 997">
    <p class='ocr_par' dir='ltr' id='par_1_9' title="bbox 465 918 2054 997">
     <span class='ocr_line' id='line_1_9' title="bbox 465 918 2054 997; baseline -0.006 -17"><span class='ocrx_word' id='word_1_47' title='bbox 465 928 615 997; x_wconf 80' lang='grc' dir='ltr'>ἡμᾶς</span> <span class='ocrx_word' id='word_1_48' title='bbox 640 924 983 995; x_wconf 81' lang='grc' dir='ltr'>ὁμολογῆσαι</span> <span class='ocrx_word' id='word_1_49' title='bbox 1011 922 1073 977; x_wconf 81' lang='grc' dir='ltr'><strong>τὸ</strong></span> <span class='ocrx_word' id='word_1_50' title='bbox 1096 922 1321 993; x_wconf 77' lang='grc' dir='ltr'><strong>ἄτομον.</strong></span> <span class='ocrx_word' id='word_1_51' title='bbox 1382 922 1446 976; x_wconf 84' lang='grc' dir='ltr'><strong>Εἰ</strong></span> <span class='ocrx_word' id='word_1_52' title='bbox 1472 921 1530 974; x_wconf 83' lang='grc' dir='ltr'><strong>δὲ</strong></span> <span class='ocrx_word' id='word_1_53' title='bbox 1560 921 1690 974; x_wconf 81' lang='grc' dir='ltr'>ἄλλο</span> <span class='ocrx_word' id='word_1_54' title='bbox 1720 919 1837 973; x_wconf 77' lang='grc' dir='ltr'>ἐστὶ</span> <span class='ocrx_word' id='word_1_55' title='bbox 1865 918 2054 989; x_wconf 84' lang='grc' dir='ltr'><strong>φύσις,</strong></span> 
     </span>
    </p>
   </div>
   <div class='ocr_carea' id='block_1_10' title="bbox 466 1011 2054 1085">
    <p class='ocr_par' dir='ltr' id='par_1_10' title="bbox 466 1011 2054 1085">
     <span class='ocr_line' id='line_1_10' title="bbox 466 1011 2054 1085; baseline -0.007 -12"><span class='ocrx_word' id='word_1_56' title='bbox 466 1020 560 1073; x_wconf 76' lang='grc' dir='ltr'>καὶ</span> <span class='ocrx_word' id='word_1_57' title='bbox 608 1018 736 1071; x_wconf 82' lang='grc' dir='ltr'>ἄλλο</span> <span class='ocrx_word' id='word_1_58' title='bbox 778 1016 1109 1080; x_wconf 74' lang='grc' dir='ltr'><strong>ὑπόστασις,</strong></span> <span class='ocrx_word' id='word_1_59' title='bbox 1164 1016 1251 1079; x_wconf 87' lang='grc' dir='ltr'><strong>τίς</strong></span> <span class='ocrx_word' id='word_1_60' title='bbox 1279 1017 1312 1085; x_wconf 87' lang='grc' dir='ltr'><strong>ή</strong></span> <span class='ocrx_word' id='word_1_61' title='bbox 1345 1013 1762 1083; x_wconf 85' lang='grc' dir='ltr'>ἀποκλήρωσις,</span> <span class='ocrx_word' id='word_1_62' title='bbox 1794 1011 2054 1079; x_wconf 83' lang='grc' dir='ltr'>λέγοντας</span> 
     </span>
    </p>
   </div>
   <div class='ocr_carea' id='block_1_11' title="bbox 464 1102 2055 1183">
    <p class='ocr_par' dir='ltr' id='par_1_11' title="bbox 464 1102 2055 1183">
     <span class='ocr_line' id='line_1_11' title="bbox 464 1102 2055 1183; baseline -0.007 -18"><span class='ocrx_word' id='word_1_63' title='bbox 464 1113 614 1183; x_wconf 79' lang='grc' dir='ltr'>ἡμᾶς</span> <span class='ocrx_word' id='word_1_64' title='bbox 645 1109 741 1163; x_wconf 90' lang='grc' dir='ltr'><strong>δύο</strong></span> <span class='ocrx_word' id='word_1_65' title='bbox 773 1108 999 1175; x_wconf 87' lang='grc' dir='ltr'>φύσεις,</span> <span class='ocrx_word' id='word_1_66' title='bbox 1050 1106 1393 1178; x_wconf 83' lang='grc' dir='ltr'>ὁμολογῆσαι</span> <span class='ocrx_word' id='word_1_67' title='bbox 1427 1105 1647 1168; x_wconf 80' lang='grc' dir='ltr'>πάντως</span> <span class='ocrx_word' id='word_1_68' title='bbox 1678 1103 1776 1157; x_wconf 74' lang='grc' dir='ltr'>καὶ</span> <span class='ocrx_word' id='word_1_69' title='bbox 1802 1102 1897 1155; x_wconf 90' lang='grc' dir='ltr'><strong>δύο</strong></span> <span class='ocrx_word' id='word_1_70' title='bbox 1922 1102 2055 1155; x_wconf 82' lang='grc' dir='ltr'>ὑποο</span> 
     </span>
    </p>
   </div>
   <div class='ocr_carea' id='block_1_12' title="bbox 468 1195 2054 1270">
    <p class='ocr_par' dir='ltr' id='par_1_12' title="bbox 468 1195 2054 1270">
     <span class='ocr_line' id='line_1_12' title="bbox 468 1195 2054 1270; baseline -0.006 -13"><span class='ocrx_word' id='word_1_71' title='bbox 468 1204 719 1268; x_wconf 76' lang='grc' dir='ltr'>στάσειςς</span> <span class='ocrx_word' id='word_1_72' title='bbox 752 1199 1150 1270; x_wconf 83' lang='grc' dir='ltr'>’Δπεκρίναντο</span> <span class='ocrx_word' id='word_1_73' title='bbox 1180 1198 1318 1269; x_wconf 78' lang='grc' dir='ltr'>πρὸς</span> <span class='ocrx_word' id='word_1_74' title='bbox 1344 1199 1444 1270; x_wconf 81' lang='grc' dir='ltr'>τὴν</span> <span class='ocrx_word' id='word_1_75' title='bbox 1469 1196 1801 1267; x_wconf 82' lang='grc' dir='ltr'>Ἐκκλησίαν</span> <span class='ocrx_word' id='word_1_76' title='bbox 1827 1197 1875 1248; x_wconf 85' lang='grc' dir='ltr'>οἱ</span> <span class='ocrx_word' id='word_1_77' title='bbox 1902 1195 2054 1265; x_wconf 88' lang='grc' dir='ltr'>αίρε-</span> 
     </span>
    </p>
   </div>
   <div class='ocr_carea' id='block_1_13' title="bbox 465 1287 2054 1369">
    <p class='ocr_par' dir='ltr' id='par_1_13' title="bbox 465 1287 2054 1369">
     <span class='ocr_line' id='line_1_13' title="bbox 465 1287 2054 1369; baseline -0.004 -21"><span class='ocrx_word' id='word_1_78' title='bbox 465 1294 731 1369; x_wconf 46' lang='lat' dir='ltr'><strong>emebat}</strong></span> <span class='ocrx_word' id='word_1_79' title='bbox 774 1291 916 1354; x_wconf 70' lang='grc' dir='ltr'>Ναὶ,</span> <span class='ocrx_word' id='word_1_80' title='bbox 974 1290 1172 1345; x_wconf 88' lang='grc' dir='ltr'>ταυτόν</span> <span class='ocrx_word' id='word_1_81' title='bbox 1219 1292 1339 1344; x_wconf 91' lang='grc' dir='ltr'>ἐστι</span> <span class='ocrx_word' id='word_1_82' title='bbox 1379 1290 1543 1360; x_wconf 88' lang='grc' dir='ltr'>φύσις</span> <span class='ocrx_word' id='word_1_83' title='bbox 1588 1288 1685 1343; x_wconf 74' lang='grc' dir='ltr'><strong>καὶ</strong></span> <span class='ocrx_word' id='word_1_84' title='bbox 1728 1287 2054 1350; x_wconf 81' lang='grc' dir='ltr'>ὑπόστασις.</span> 
     </span>
    </p>
   </div>
   <div class='ocr_carea' id='block_1_14' title="bbox 466 1377 2056 1453">
    <p class='ocr_par' dir='ltr' id='par_1_14' title="bbox 466 1377 2056 1453">
     <span class='ocr_line' id='line_1_14' title="bbox 466 1377 2056 1453; baseline -0.005 -15"><span class='ocrx_word' id='word_1_85' title='bbox 466 1380 601 1438; x_wconf 79' lang='grc' dir='ltr'>Εἶτα</span> <span class='ocrx_word' id='word_1_86' title='bbox 634 1382 799 1437; x_wconf 78' lang='grc' dir='ltr'>πάλιν</span> <span class='ocrx_word' id='word_1_87' title='bbox 833 1383 867 1452; x_wconf 81' lang='grc' dir='ltr'><strong>ὴ</strong></span> <span class='ocrx_word' id='word_1_88' title='bbox 902 1380 1201 1453; x_wconf 80' lang='grc' dir='ltr'>Ἐκκλησία</span> <span class='ocrx_word' id='word_1_89' title='bbox 1227 1394 1242 1410; x_wconf 85' lang='lat'><strong><em>°</em></strong></span> <span class='ocrx_word' id='word_1_90' title='bbox 1295 1381 1361 1435; x_wconf 85' lang='grc' dir='ltr'>Εί</span> <span class='ocrx_word' id='word_1_91' title='bbox 1390 1378 1589 1434; x_wconf 90' lang='grc' dir='ltr'>ταυτόν</span> <span class='ocrx_word' id='word_1_92' title='bbox 1618 1380 1736 1432; x_wconf 85' lang='grc' dir='ltr'>ἐστι</span> <span class='ocrx_word' id='word_1_93' title='bbox 1766 1377 1929 1447; x_wconf 81' lang='grc' dir='ltr'>φύσις</span> <span class='ocrx_word' id='word_1_94' title='bbox 1958 1378 2056 1431; x_wconf 79' lang='grc' dir='ltr'><strong>καὶ</strong></span> 
     </span>
    </p>
   </div>
   <div class='ocr_carea' id='block_1_15' title="bbox 468 1470 2055 1544">
    <p class='ocr_par' dir='ltr' id='par_1_15' title="bbox 468 1470 2055 1544">
     <span class='ocr_line' id='line_1_15' title="bbox 468 1470 2055 1544; baseline -0.004 -14"><span class='ocrx_word' id='word_1_95' title='bbox 468 1477 808 1539; x_wconf 82' lang='grc' dir='ltr'>ὑπόστασις,</span> <span class='ocrx_word' id='word_1_96' title='bbox 859 1474 1059 1528; x_wconf 85' lang='grc' dir='ltr'>οὑκοῦν</span> <span class='ocrx_word' id='word_1_97' title='bbox 1106 1474 1344 1544; x_wconf 83' lang='grc' dir='ltr'>λέγομεν</span> <span class='ocrx_word' id='word_1_98' title='bbox 1383 1473 1477 1527; x_wconf 72' lang='grc' dir='ltr'><strong>καὶ</strong></span> <span class='ocrx_word' id='word_1_99' title='bbox 1501 1476 1604 1544; x_wconf 82' lang='grc' dir='ltr'><strong>τῆς</strong></span> <span class='ocrx_word' id='word_1_100' title='bbox 1626 1471 1791 1541; x_wconf 80' lang='grc' dir='ltr'>ἁγίας</span> <span class='ocrx_word' id='word_1_101' title='bbox 1821 1470 2055 1542; x_wconf 87' lang='grc' dir='ltr'>Τριάδος</span> 
     </span>
    </p>
   </div>
   <div class='ocr_carea' id='block_1_16' title="bbox 465 1552 2053 1641">
    <p class='ocr_par' dir='ltr' id='par_1_16' title="bbox 465 1552 2053 1641">
     <span class='ocr_line' id='line_1_16' title="bbox 465 1552 2053 1641; baseline -0.004 -18"><span class='ocrx_word' id='word_1_102' title='bbox 465 1552 869 1641; x_wconf 80' lang='grc' dir='ltr'>τρεῖς,φύσεις⁶</span> <span class='ocrx_word' id='word_1_103' title='bbox 926 1566 1117 1639; x_wconf 79' lang='grc' dir='ltr'>ἐπειδὴ</span> <span class='ocrx_word' id='word_1_104' title='bbox 1151 1565 1603 1636; x_wconf 84' lang='grc' dir='ltr'><strong>ὁμολογουμένως</strong></span> <span class='ocrx_word' id='word_1_105' title='bbox 1630 1567 1782 1636; x_wconf 85' lang='grc' dir='ltr'>τρεῖς</span> <span class='ocrx_word' id='word_1_106' title='bbox 1810 1563 2053 1617; x_wconf 84' lang='grc' dir='ltr'>ὑποστά-</span> 
     </span>
    </p>
   </div>
   <div class='ocr_carea' id='block_1_17' title="bbox 469 1656 2053 1733">
    <p class='ocr_par' dir='ltr' id='par_1_17' title="bbox 469 1656 2053 1733">
     <span class='ocr_line' id='line_1_17' title="bbox 469 1656 2053 1733; baseline -0.004 -17"><span class='ocrx_word' id='word_1_107' title='bbox 469 1680 585 1725; x_wconf 88' lang='grc' dir='ltr'>σεις</span> <span class='ocrx_word' id='word_1_108' title='bbox 614 1662 752 1733; x_wconf 79' lang='grc' dir='ltr'>ἔχει.</span> <span class='ocrx_word' id='word_1_109' title='bbox 820 1660 1038 1732; x_wconf 81' lang='grc' dir='ltr'>Ἐπειδὴ</span> <span class='ocrx_word' id='word_1_110' title='bbox 1080 1659 1257 1713; x_wconf 82' lang='grc' dir='ltr'>ταῦτα</span> <span class='ocrx_word' id='word_1_111' title='bbox 1289 1659 1479 1728; x_wconf 77' lang='grc' dir='ltr'>ἔλεγεν</span> <span class='ocrx_word' id='word_1_112' title='bbox 1510 1661 1543 1729; x_wconf 83' lang='grc' dir='ltr'>ἡ</span> <span class='ocrx_word' id='word_1_113' title='bbox 1578 1656 1908 1729; x_wconf 76' lang='grc' dir='ltr'>Ἐκκλησία,</span> <span class='ocrx_word' id='word_1_114' title='bbox 1943 1658 2053 1711; x_wconf 90' lang='grc' dir='ltr'>ἀπ-</span> 
     </span>
    </p>
   </div>
   <div class='ocr_carea' id='block_1_18' title="bbox 466 1752 2054 1826">
    <p class='ocr_par' dir='ltr' id='par_1_18' title="bbox 466 1752 2054 1826">
     <span class='ocr_line' id='line_1_18' title="bbox 466 1752 2054 1826; baseline -0.003 -18"><span class='ocrx_word' id='word_1_115' title='bbox 466 1756 721 1826; x_wconf 72' lang='grc' dir='ltr'>εκρίνατο</span> <span class='ocrx_word' id='word_1_116' title='bbox 750 1756 779 1809; x_wconf 86' lang='grc' dir='ltr'><strong>ό</strong></span> <span class='ocrx_word' id='word_1_117' title='bbox 805 1754 1215 1818; x_wconf 82' lang='grc' dir='ltr'>Φιλόπονος,ὅτι</span> <span class='ocrx_word' id='word_1_118' title='bbox 1252 1754 1365 1807; x_wconf 76' lang='grc' dir='ltr'>Καὶ</span> <span class='ocrx_word' id='word_1_119' title='bbox 1394 1752 1536 1807; x_wconf 76' lang='grc' dir='ltr'>ἔστω</span> <span class='ocrx_word' id='word_1_120' title='bbox 1564 1754 1715 1824; x_wconf 86' lang='grc' dir='ltr'>τρεῖς</span> <span class='ocrx_word' id='word_1_121' title='bbox 1743 1752 1937 1821; x_wconf 84' lang='grc' dir='ltr'>φύσεις</span> <span class='ocrx_word' id='word_1_122' title='bbox 1965 1752 2054 1804; x_wconf 84' lang='grc' dir='ltr'>λέ-</span> 
     </span>
    </p>
   </div>
   <div class='ocr_carea' id='block_1_19' title="bbox 465 1842 2050 1918">
    <p class='ocr_par' dir='ltr' id='par_1_19' title="bbox 465 1842 2050 1918">
     <span class='ocr_line' id='line_1_19' title="bbox 465 1842 2050 1918; baseline -0.003 -17"><span class='ocrx_word' id='word_1_123' title='bbox 465 1864 586 1916; x_wconf 89' lang='grc' dir='ltr'>γειν</span> <span class='ocrx_word' id='word_1_124' title='bbox 616 1849 766 1918; x_wconf 79' lang='grc' dir='ltr'>ἡμᾶς</span> <span class='ocrx_word' id='word_1_125' title='bbox 796 1847 890 1901; x_wconf 59' lang='grc' dir='ltr'><strong>ἐπὶ⁵</strong></span> <span class='ocrx_word' id='word_1_126' title='bbox 914 1847 1016 1916; x_wconf 86' lang='grc' dir='ltr'>τῆς</span> <span class='ocrx_word' id='word_1_127' title='bbox 1042 1846 1207 1916; x_wconf 83' lang='grc' dir='ltr'>ἁγίας</span> <span class='ocrx_word' id='word_1_128' title='bbox 1234 1845 1486 1915; x_wconf 89' lang='grc' dir='ltr'>Τριάδος.</span> <span class='ocrx_word' id='word_1_129' title='bbox 1540 1845 1743 1913; x_wconf 89' lang='grc' dir='ltr'>Ἔλεγε</span> <span class='ocrx_word' id='word_1_130' title='bbox 1768 1844 1825 1897; x_wconf 82' lang='grc' dir='ltr'>δὲ</span> <span class='ocrx_word' id='word_1_131' title='bbox 1853 1842 2050 1907; x_wconf 81' lang='grc' dir='ltr'>ταῦτα,</span> 
     </span>
    </p>
   </div>
   <div class='ocr_carea' id='block_1_20' title="bbox 2155 648 3742 720">
    <p class='ocr_par' dir='ltr' id='par_1_20' title="bbox 2155 648 3742 720">
     <span class='ocr_line' id='line_1_20' title="bbox 2155 648 3742 720; baseline 0.004 -17"><span class='ocrx_word' id='word_1_132' title='bbox 2155 649 2306 703; x_wconf 87' lang='lat' dir='ltr'><strong>enim</strong></span> <span class='ocrx_word' id='word_1_133' title='bbox 2330 648 2627 720; x_wconf 90' lang='lat' dir='ltr'><strong>objiciebat</strong></span> <span class='ocrx_word' id='word_1_134' title='bbox 2652 650 2991 716; x_wconf 80' lang='lat' dir='ltr'><strong>Ecclesiae,si</strong></span> <span class='ocrx_word' id='word_1_135' title='bbox 3019 651 3158 707; x_wconf 88' lang='lat' dir='ltr'><strong>duas</strong></span> <span class='ocrx_word' id='word_1_136' title='bbox 3183 653 3240 707; x_wconf 89' lang='lat' dir='ltr'><strong>in</strong></span> <span class='ocrx_word' id='word_1_137' title='bbox 3265 652 3489 708; x_wconf 87' lang='lat' dir='ltr'><strong>Christo</strong></span> <span class='ocrx_word' id='word_1_138' title='bbox 3515 662 3742 710; x_wconf 82' lang='lat' dir='ltr'><strong>naturas</strong></span> 
     </span>
    </p>
   </div>
   <div class='ocr_carea' id='block_1_21' title="bbox 2157 738 3745 813">
    <p class='ocr_par' dir='ltr' id='par_1_21' title="bbox 2157 738 3745 813">
     <span class='ocr_line' id='line_1_21' title="bbox 2157 738 3745 813; baseline 0.003 -20"><span class='ocrx_word' id='word_1_139' title='bbox 2157 738 2389 805; x_wconf 86' lang='lat' dir='ltr'><strong>diceret,</strong></span> <span class='ocrx_word' id='word_1_140' title='bbox 2415 740 2728 794; x_wconf 87' lang='lat' dir='ltr'><strong>necessario</strong></span> <span class='ocrx_word' id='word_1_141' title='bbox 2756 756 2978 810; x_wconf 85' lang='lat' dir='ltr'><strong>quoque</strong></span> <span class='ocrx_word' id='word_1_142' title='bbox 3002 741 3142 796; x_wconf 87' lang='lat' dir='ltr'><strong>duas</strong></span> <span class='ocrx_word' id='word_1_143' title='bbox 3164 742 3492 813; x_wconf 87' lang='lat' dir='ltr'><strong>hypostases</strong></span> <span class='ocrx_word' id='word_1_144' title='bbox 3524 743 3745 799; x_wconf 82' lang='lat' dir='ltr'><strong>confes-</strong></span> 
     </span>
    </p>
   </div>
   <div class='ocr_carea' id='block_1_22' title="bbox 2158 831 3743 907">
    <p class='ocr_par' dir='ltr' id='par_1_22' title="bbox 2158 831 3743 907">
     <span class='ocr_line' id='line_1_22' title="bbox 2158 831 3743 907; baseline 0.004 -22"><span class='ocrx_word' id='word_1_145' title='bbox 2158 846 2344 885; x_wconf 88' lang='lat' dir='ltr'><strong>suram</strong></span> <span class='ocrx_word' id='word_1_146' title='bbox 2365 849 2378 883; x_wconf 87' lang='lat'><strong>:</strong></span> <span class='ocrx_word' id='word_1_147' title='bbox 2404 831 2771 901; x_wconf 84' lang='lat' dir='ltr'><strong>respondebat</strong></span> <span class='ocrx_word' id='word_1_148' title='bbox 2790 833 3055 899; x_wconf 81' lang='lat' dir='ltr'><strong>Ecclesia,</strong></span> <span class='ocrx_word' id='word_1_149' title='bbox 3073 834 3118 888; x_wconf 91' lang='lat' dir='ltr'><strong>si</strong></span> <span class='ocrx_word' id='word_1_150' title='bbox 3137 844 3337 890; x_wconf 87' lang='lat' dir='ltr'><strong>natura</strong></span> <span class='ocrx_word' id='word_1_151' title='bbox 3358 844 3414 890; x_wconf 90' lang='lat' dir='ltr'><strong>et</strong></span> <span class='ocrx_word' id='word_1_152' title='bbox 3431 837 3743 907; x_wconf 84' lang='lat' dir='ltr'><strong>hypostasis</strong></span> 
     </span>
    </p>
   </div>
   <div class='ocr_carea' id='block_1_23' title="bbox 2158 924 3741 996">
    <p class='ocr_par' dir='ltr' id='par_1_23' title="bbox 2158 924 3741 996">
     <span class='ocr_line' id='line_1_23' title="bbox 2158 924 3741 996; baseline 0.004 -18"><span class='ocrx_word' id='word_1_153' title='bbox 2158 924 2305 979; x_wconf 91' lang='lat' dir='ltr'><strong>idem</strong></span> <span class='ocrx_word' id='word_1_154' title='bbox 2351 925 2500 988; x_wconf 89' lang='lat' dir='ltr'><strong>sint,</strong></span> <span class='ocrx_word' id='word_1_155' title='bbox 2538 925 2856 980; x_wconf 91' lang='lat' dir='ltr'><strong>necessario</strong></span> <span class='ocrx_word' id='word_1_156' title='bbox 2897 942 3118 996; x_wconf 88' lang='lat' dir='ltr'><strong>quoque</strong></span> <span class='ocrx_word' id='word_1_157' title='bbox 3165 927 3543 983; x_wconf 82' lang='lat' dir='ltr'><strong>conﬁtendum</strong></span> <span class='ocrx_word' id='word_1_158' title='bbox 3592 930 3741 985; x_wconf 92' lang='lat' dir='ltr'><strong>indi-</strong></span> 
     </span>
    </p>
   </div>
   <div class='ocr_carea' id='block_1_24' title="bbox 2158 1016 3740 1092">
    <p class='ocr_par' dir='ltr' id='par_1_24' title="bbox 2158 1016 3740 1092">
     <span class='ocr_line' id='line_1_24' title="bbox 2158 1016 3740 1092; baseline 0.003 -21"><span class='ocrx_word' id='word_1_159' title='bbox 2158 1016 2411 1071; x_wconf 91' lang='lat' dir='ltr'><strong>viduum.</strong></span> <span class='ocrx_word' id='word_1_160' title='bbox 2462 1016 2561 1072; x_wconf 88' lang='lat' dir='ltr'><strong>Sin</strong></span> <span class='ocrx_word' id='word_1_161' title='bbox 2612 1017 2765 1072; x_wconf 86' lang='lat' dir='ltr'><strong>aliud</strong></span> <span class='ocrx_word' id='word_1_162' title='bbox 2811 1029 3028 1084; x_wconf 89' lang='lat' dir='ltr'><strong>natura,</strong></span> <span class='ocrx_word' id='word_1_163' title='bbox 3083 1027 3139 1073; x_wconf 89' lang='lat' dir='ltr'><strong>et</strong></span> <span class='ocrx_word' id='word_1_164' title='bbox 3187 1020 3339 1075; x_wconf 86' lang='lat' dir='ltr'><strong>aliud</strong></span> <span class='ocrx_word' id='word_1_165' title='bbox 3389 1021 3740 1092; x_wconf 88' lang='lat' dir='ltr'><strong>hypostasis,</strong></span> 
     </span>
    </p>
   </div>
   <div class='ocr_carea' id='block_1_25' title="bbox 2156 1110 3741 1180">
    <p class='ocr_par' dir='ltr' id='par_1_25' title="bbox 2156 1110 3741 1180">
     <span class='ocr_line' id='line_1_25' title="bbox 2156 1110 3741 1180; baseline 0.004 -17"><span class='ocrx_word' id='word_1_166' title='bbox 2156 1125 2411 1180; x_wconf 80' lang='lat' dir='ltr'><strong>quaenam</strong></span> <span class='ocrx_word' id='word_1_167' title='bbox 2443 1110 2536 1165; x_wconf 90' lang='lat' dir='ltr'><strong>illa</strong></span> <span class='ocrx_word' id='word_1_168' title='bbox 2574 1111 2794 1166; x_wconf 84' lang='lat' dir='ltr'><strong>sortitio</strong></span> <span class='ocrx_word' id='word_1_169' title='bbox 2840 1111 3027 1177; x_wconf 78' lang='lat' dir='ltr'><strong>fuerit,</strong></span> <span class='ocrx_word' id='word_1_170' title='bbox 3074 1120 3136 1167; x_wconf 88' lang='lat' dir='ltr'><strong>ut</strong></span> <span class='ocrx_word' id='word_1_171' title='bbox 3182 1122 3408 1168; x_wconf 89' lang='lat' dir='ltr'><strong>naturas</strong></span> <span class='ocrx_word' id='word_1_172' title='bbox 3443 1114 3580 1170; x_wconf 88' lang='lat' dir='ltr'><strong>duas</strong></span> <span class='ocrx_word' id='word_1_173' title='bbox 3625 1123 3741 1170; x_wconf 86' lang='lat' dir='ltr'><strong>sta-</strong></span> 
     </span>
    </p>
   </div>
   <div class='ocr_carea' id='block_1_26' title="bbox 2159 1200 3739 1277">
    <p class='ocr_par' dir='ltr' id='par_1_26' title="bbox 2159 1200 3739 1277">
     <span class='ocr_line' id='line_1_26' title="bbox 2159 1200 3739 1277; baseline 0.002 -20"><span class='ocrx_word' id='word_1_174' title='bbox 2159 1207 2400 1267; x_wconf 87' lang='lat' dir='ltr'><strong>tuentes,</strong></span> <span class='ocrx_word' id='word_1_175' title='bbox 2444 1201 2672 1255; x_wconf 89' lang='lat' dir='ltr'><strong>omnino</strong></span> <span class='ocrx_word' id='word_1_176' title='bbox 2717 1200 2856 1255; x_wconf 88' lang='lat' dir='ltr'><strong>duas</strong></span> <span class='ocrx_word' id='word_1_177' title='bbox 2889 1217 3111 1271; x_wconf 91' lang='lat' dir='ltr'><strong>quoque</strong></span> <span class='ocrx_word' id='word_1_178' title='bbox 3140 1203 3507 1260; x_wconf 81' lang='lat' dir='ltr'><strong>eonﬁteamur</strong></span> <span class='ocrx_word' id='word_1_179' title='bbox 3557 1205 3739 1277; x_wconf 88' lang='lat' dir='ltr'><strong>hypo-</strong></span> 
     </span>
    </p>
   </div>
   <div class='ocr_carea' id='block_1_27' title="bbox 2157 1291 3737 1364">
    <p class='ocr_par' dir='ltr' id='par_1_27' title="bbox 2157 1291 3737 1364">
     <span class='ocr_line' id='line_1_27' title="bbox 2157 1291 3737 1364; baseline 0.003 -14"><span class='ocrx_word' id='word_1_180' title='bbox 2157 1293 2370 1350; x_wconf 88' lang='lat' dir='ltr'><strong>stases?</strong></span> <span class='ocrx_word' id='word_1_181' title='bbox 2410 1293 2474 1347; x_wconf 92' lang='lat' dir='ltr'><strong>Ei</strong></span> <span class='ocrx_word' id='word_1_182' title='bbox 2501 1291 2912 1363; x_wconf 84' lang='lat' dir='ltr'><strong>respondebant</strong></span> <span class='ocrx_word' id='word_1_183' title='bbox 2949 1293 3196 1349; x_wconf 79' lang='lat' dir='ltr'><strong>haeretici</strong></span> <span class='ocrx_word' id='word_1_184' title='bbox 3244 1296 3404 1364; x_wconf 85' lang='lat' dir='ltr'><strong>plane</strong></span> <span class='ocrx_word' id='word_1_185' title='bbox 3439 1297 3584 1351; x_wconf 89' lang='lat' dir='ltr'><strong>idem</strong></span> <span class='ocrx_word' id='word_1_186' title='bbox 3615 1314 3737 1354; x_wconf 90' lang='lat' dir='ltr'><strong>esse</strong></span> 
     </span>
    </p>
   </div>
   <div class='ocr_carea' id='block_1_28' title="bbox 2156 1384 3738 1456">
    <p class='ocr_par' dir='ltr' id='par_1_28' title="bbox 2156 1384 3738 1456">
     <span class='ocr_line' id='line_1_28' title="bbox 2156 1384 3738 1456; baseline 0.002 -15"><span class='ocrx_word' id='word_1_187' title='bbox 2156 1394 2416 1441; x_wconf 86' lang='lat' dir='ltr'><strong>naturam</strong></span> <span class='ocrx_word' id='word_1_188' title='bbox 2454 1394 2512 1440; x_wconf 88' lang='lat' dir='ltr'><strong>et</strong></span> <span class='ocrx_word' id='word_1_189' title='bbox 2544 1384 2907 1456; x_wconf 90' lang='lat' dir='ltr'><strong>hypostasim.</strong></span> <span class='ocrx_word' id='word_1_190' title='bbox 2940 1384 3197 1440; x_wconf 83' lang='lat' dir='ltr'><strong>Vicissim</strong></span> <span class='ocrx_word' id='word_1_191' title='bbox 3232 1387 3480 1442; x_wconf 87' lang='lat' dir='ltr'><strong>Ecclesia</strong></span> <span class='ocrx_word' id='word_1_192' title='bbox 3528 1389 3738 1455; x_wconf 83' lang='lat' dir='ltr'><strong>dicere,</strong></span> 
     </span>
    </p>
   </div>
   <div class='ocr_carea' id='block_1_29' title="bbox 2157 1477 3742 1549">
    <p class='ocr_par' dir='ltr' id='par_1_29' title="bbox 2157 1477 3742 1549">
     <span class='ocr_line' id='line_1_29' title="bbox 2157 1477 3742 1549; baseline 0.003 -16"><span class='ocrx_word' id='word_1_193' title='bbox 2157 1479 2204 1533; x_wconf 90' lang='lat' dir='ltr'><strong>si</strong></span> <span class='ocrx_word' id='word_1_194' title='bbox 2238 1486 2434 1533; x_wconf 89' lang='lat' dir='ltr'><strong>natura</strong></span> <span class='ocrx_word' id='word_1_195' title='bbox 2468 1486 2524 1534; x_wconf 93' lang='lat' dir='ltr'><strong>et</strong></span> <span class='ocrx_word' id='word_1_196' title='bbox 2556 1477 2870 1549; x_wconf 89' lang='lat' dir='ltr'><strong>hypostasis</strong></span> <span class='ocrx_word' id='word_1_197' title='bbox 2906 1478 3051 1533; x_wconf 90' lang='lat' dir='ltr'><strong>idem</strong></span> <span class='ocrx_word' id='word_1_198' title='bbox 3082 1479 3193 1533; x_wconf 91' lang='lat' dir='ltr'><strong>sint</strong></span> <span class='ocrx_word' id='word_1_199' title='bbox 3218 1519 3232 1545; x_wconf 95' lang='lat'><strong>,</strong></span> <span class='ocrx_word' id='word_1_200' title='bbox 3268 1480 3433 1535; x_wconf 82' lang='lat' dir='ltr'><strong>etiam</strong></span> <span class='ocrx_word' id='word_1_201' title='bbox 3461 1482 3514 1535; x_wconf 91' lang='lat' dir='ltr'><strong>in</strong></span> <span class='ocrx_word' id='word_1_202' title='bbox 3552 1492 3742 1537; x_wconf 87' lang='lat' dir='ltr'><strong>sancta</strong></span> 
     </span>
    </p>
   </div>
   <div class='ocr_carea' id='block_1_30' title="bbox 2159 1568 3740 1637">
    <p class='ocr_par' dir='ltr' id='par_1_30' title="bbox 2159 1568 3740 1637">
     <span class='ocr_line' id='line_1_30' title="bbox 2159 1568 3740 1637; baseline 0.003 -13"><span class='ocrx_word' id='word_1_203' title='bbox 2159 1568 2425 1624; x_wconf 88' lang='lat' dir='ltr'><strong>Trinitate</strong></span> <span class='ocrx_word' id='word_1_204' title='bbox 2453 1578 2679 1625; x_wconf 86' lang='lat' dir='ltr'><strong>naturas</strong></span> <span class='ocrx_word' id='word_1_205' title='bbox 2720 1577 2833 1626; x_wconf 89' lang='lat' dir='ltr'><strong>tres</strong></span> <span class='ocrx_word' id='word_1_206' title='bbox 2865 1584 2987 1625; x_wconf 90' lang='lat' dir='ltr'><strong>esse</strong></span> <span class='ocrx_word' id='word_1_207' title='bbox 3012 1570 3301 1637; x_wconf 87' lang='lat' dir='ltr'><strong>dicendas;</strong></span> <span class='ocrx_word' id='word_1_208' title='bbox 3340 1588 3468 1628; x_wconf 91' lang='lat' dir='ltr'><strong>cum</strong></span> <span class='ocrx_word' id='word_1_209' title='bbox 3500 1574 3559 1627; x_wconf 90' lang='lat' dir='ltr'><strong>in</strong></span> <span class='ocrx_word' id='word_1_210' title='bbox 3606 1590 3740 1629; x_wconf 91' lang='lat' dir='ltr'><strong>con-</strong></span> 
     </span>
    </p>
   </div>
   <div class='ocr_carea' id='block_1_31' title="bbox 2158 1662 3740 1736">
    <p class='ocr_par' dir='ltr' id='par_1_31' title="bbox 2158 1662 3740 1736">
     <span class='ocr_line' id='line_1_31' title="bbox 2158 1662 3740 1736; baseline 0.003 -20"><span class='ocrx_word' id='word_1_211' title='bbox 2158 1662 2303 1718; x_wconf 81' lang='lat' dir='ltr'><strong>fesso</strong></span> <span class='ocrx_word' id='word_1_212' title='bbox 2334 1662 2426 1727; x_wconf 88' lang='lat' dir='ltr'><strong>sit,</strong></span> <span class='ocrx_word' id='word_1_213' title='bbox 2447 1677 2569 1717; x_wconf 90' lang='lat' dir='ltr'><strong>eam</strong></span> <span class='ocrx_word' id='word_1_214' title='bbox 2590 1670 2701 1717; x_wconf 92' lang='lat' dir='ltr'><strong>tres</strong></span> <span class='ocrx_word' id='word_1_215' title='bbox 2716 1662 3036 1734; x_wconf 85' lang='lat' dir='ltr'><strong>hypostases</strong></span> <span class='ocrx_word' id='word_1_216' title='bbox 3052 1664 3409 1721; x_wconf 62' lang='lat' dir='ltr'><strong>habereJime</strong></span> <span class='ocrx_word' id='word_1_217' title='bbox 3424 1666 3740 1736; x_wconf 80' lang='lat' dir='ltr'><strong>proferente</strong></span> 
     </span>
    </p>
   </div>
   <div class='ocr_carea' id='block_1_32' title="bbox 2159 1753 3739 1825">
    <p class='ocr_par' dir='ltr' id='par_1_32' title="bbox 2159 1753 3739 1825">
     <span class='ocr_line' id='line_1_32' title="bbox 2159 1753 3739 1825; baseline 0.004 -17"><span class='ocrx_word' id='word_1_218' title='bbox 2159 1753 2426 1817; x_wconf 87' lang='lat' dir='ltr'><strong>Ecclesia,</strong></span> <span class='ocrx_word' id='word_1_219' title='bbox 2460 1754 2832 1823; x_wconf 86' lang='lat' dir='ltr'><strong>respondebat</strong></span> <span class='ocrx_word' id='word_1_220' title='bbox 2854 1755 3214 1825; x_wconf 86' lang='lat' dir='ltr'><strong>Philoponus,</strong></span> <span class='ocrx_word' id='word_1_221' title='bbox 3247 1757 3652 1813; x_wconf 85' lang='lat' dir='ltr'><strong>admittendum</strong></span> <span class='ocrx_word' id='word_1_222' title='bbox 3682 1769 3739 1814; x_wconf 71' lang='lat' dir='ltr'><strong>ut</strong></span> 
     </span>
    </p>
   </div>
   <div class='ocr_carea' id='block_1_33' title="bbox 2160 1846 3735 1920">
    <p class='ocr_par' dir='ltr' id='par_1_33' title="bbox 2160 1846 3735 1920">
     <span class='ocr_line' id='line_1_33' title="bbox 2160 1846 3735 1920; baseline 0.003 -20"><span class='ocrx_word' id='word_1_223' title='bbox 2160 1854 2275 1901; x_wconf 90' lang='lat' dir='ltr'><strong>tres</strong></span> <span class='ocrx_word' id='word_1_224' title='bbox 2308 1854 2538 1901; x_wconf 89' lang='lat' dir='ltr'><strong>naturas</strong></span> <span class='ocrx_word' id='word_1_225' title='bbox 2582 1846 2640 1900; x_wconf 88' lang='lat' dir='ltr'><strong>in</strong></span> <span class='ocrx_word' id='word_1_226' title='bbox 2673 1855 3021 1902; x_wconf 87' lang='lat' dir='ltr'><strong>sacrosancta</strong></span> <span class='ocrx_word' id='word_1_227' title='bbox 3050 1848 3321 1903; x_wconf 87' lang='lat' dir='ltr'><strong>Trinitate</strong></span> <span class='ocrx_word' id='word_1_228' title='bbox 3352 1849 3735 1920; x_wconf 67' lang='lat' dir='ltr'><strong>proﬁteantur.</strong></span> 
     </span>
    </p>
   </div>
   <div class='ocr_carea' id='block_1_34' title="bbox 466 1911 2053 2009">
    <p class='ocr_par' dir='ltr' id='par_1_34' title="bbox 466 1911 2049 2009">
     <span class='ocr_line' id='line_1_34' title="bbox 466 1911 2049 2009; baseline -0.003 -19"><span class='ocrx_word' id='word_1_229' title='bbox 466 1911 777 2009; x_wconf 42' lang='grc' dir='ltr'>λαϐὼν-τὴν</span> <span class='ocrx_word' id='word_1_230' title='bbox 803 1911 1062 2008; x_wconf 75' lang='grc' dir='ltr'>ἀφορμὴν</span> <span class='ocrx_word' id='word_1_231' title='bbox 1090 1911 1199 1990; x_wconf 81' lang='grc' dir='ltr'><strong>ἀπὸ</strong></span> <span class='ocrx_word' id='word_1_232' title='bbox 1223 1911 1334 1989; x_wconf 72' lang='grc' dir='ltr'><strong>τίὺν</strong></span> <span class='ocrx_word' id='word_1_233' title='bbox 1367 1911 1841 2006; x_wconf 77' lang='grc' dir='ltr'>Ἀριστοτελικῶν.</span> <span class='ocrx_word' id='word_1_234' title='bbox 1860 1933 1919 1987; x_wconf 85' lang='lat' dir='ltr'><strong>&#39;O</strong></span> <span class='ocrx_word' id='word_1_235' title='bbox 1941 1931 2049 2004; x_wconf 81' lang='grc' dir='ltr'>γὰρ</span> 
     </span>
    </p>
   </div>
   <div class='ocr_carea' id='block_1_35' title="bbox 2155 1911 3741 2009">
    <p class='ocr_par' dir='ltr' id='par_1_35' title="bbox 2157 1939 3741 2005">
     <span class='ocr_line' id='line_1_35' title="bbox 2157 1939 3741 2005; baseline 0.003 -12"><span class='ocrx_word' id='word_1_236' title='bbox 2157 1939 2286 1993; x_wconf 69' lang='lat' dir='ltr'><strong>Haae</strong></span> <span class='ocrx_word' id='word_1_237' title='bbox 2324 1948 2510 1994; x_wconf 87' lang='lat' dir='ltr'><strong>autem</strong></span> <span class='ocrx_word' id='word_1_238' title='bbox 2555 1939 2808 2005; x_wconf 89' lang='lat' dir='ltr'><strong>dicebat,</strong></span> <span class='ocrx_word' id='word_1_239' title='bbox 2860 1942 3209 1997; x_wconf 89' lang='lat' dir='ltr'><strong>occasionem</strong></span> <span class='ocrx_word' id='word_1_240' title='bbox 3258 1958 3327 1997; x_wconf 68' lang='lat' dir='ltr'><strong>ex</strong></span> <span class='ocrx_word' id='word_1_241' title='bbox 3370 1942 3741 1997; x_wconf 84' lang='lat' dir='ltr'><strong>Aristotelieis</strong></span> 
     </span>
    </p>
   </div>
   <div class='ocr_carea' id='block_1_36' title="bbox 478 2026 2049 2103">
    <p class='ocr_par' dir='ltr' id='par_1_36' title="bbox 478 2026 2049 2103">
     <span class='ocr_line' id='line_1_36' title="bbox 478 2026 2049 2103; baseline -0.004 -19"><span class='ocrx_word' id='word_1_242' title='bbox 478 2030 867 2103; x_wconf 79' lang='grc' dir='ltr'>Ἀριστοτέλης</span> <span class='ocrx_word' id='word_1_243' title='bbox 899 2030 1098 2098; x_wconf 73' lang='grc' dir='ltr'>φησὶν,</span> <span class='ocrx_word' id='word_1_244' title='bbox 1151 2029 1235 2082; x_wconf 83' lang='grc' dir='ltr'>ὅτι</span> <span class='ocrx_word' id='word_1_245' title='bbox 1284 2028 1392 2081; x_wconf 79' lang='grc' dir='ltr'>εἰσὶ</span> <span class='ocrx_word' id='word_1_246' title='bbox 1437 2027 1549 2081; x_wconf 83' lang='grc' dir='ltr'><strong>τῶν</strong></span> <span class='ocrx_word' id='word_1_247' title='bbox 1577 2026 1798 2097; x_wconf 86' lang='grc' dir='ltr'>ἀτόμων</span> <span class='ocrx_word' id='word_1_248' title='bbox 1827 2026 1924 2080; x_wconf 77' lang='grc' dir='ltr'><strong>καὶ</strong></span> <span class='ocrx_word' id='word_1_249' title='bbox 1952 2044 2049 2095; x_wconf 82' lang='grc' dir='ltr'>με-</span> 
     </span>
    </p>
   </div>
   <div class='ocr_carea' id='block_1_37' title="bbox 2156 2029 3743 2089">
    <p class='ocr_par' dir='ltr' id='par_1_37' title="bbox 2156 2029 3743 2089">
     <span class='ocr_line' id='line_1_37' title="bbox 2156 2029 3743 2089; baseline 0.003 -5"><span class='ocrx_word' id='word_1_250' title='bbox 2156 2038 2374 2085; x_wconf 87' lang='lat' dir='ltr'><strong>naetus.</strong></span> <span class='ocrx_word' id='word_1_251' title='bbox 2404 2029 2597 2084; x_wconf 88' lang='lat' dir='ltr'><strong>Tradit</strong></span> <span class='ocrx_word' id='word_1_252' title='bbox 2645 2030 2794 2085; x_wconf 88' lang='lat' dir='ltr'><strong>enim</strong></span> <span class='ocrx_word' id='word_1_253' title='bbox 2845 2031 3179 2088; x_wconf 79' lang='lat' dir='ltr'><strong>Aristoteles</strong></span> <span class='ocrx_word' id='word_1_254' title='bbox 3222 2033 3637 2089; x_wconf 88' lang='lat' dir='ltr'><strong>individuorum</strong></span> <span class='ocrx_word' id='word_1_255' title='bbox 3684 2043 3743 2088; x_wconf 88' lang='lat' dir='ltr'><strong>et</strong></span> 
     </span>
    </p>
   </div>
   <div class='ocr_carea' id='block_1_38' title="bbox 470 2114 2053 2196">
    <p class='ocr_par' dir='ltr' id='par_1_38' title="bbox 470 2114 2050 2196">
     <span class='ocr_line' id='line_1_38' title="bbox 470 2114 2050 2196; baseline -0.004 -18"><span class='ocrx_word' id='word_1_256' title='bbox 470 2124 622 2196; x_wconf 75' lang='grc' dir='ltr'>ρικαὶ</span> <span class='ocrx_word' id='word_1_257' title='bbox 647 2123 854 2186; x_wconf 90' lang='grc' dir='ltr'>οὑσίαι,</span> <span class='ocrx_word' id='word_1_258' title='bbox 892 2122 988 2175; x_wconf 76' lang='grc' dir='ltr'><strong>καὶ</strong></span> <span class='ocrx_word' id='word_1_259' title='bbox 1021 2121 1121 2192; x_wconf 85' lang='grc' dir='ltr'><strong>μία</strong></span> <span class='ocrx_word' id='word_1_260' title='bbox 1147 2121 1324 2192; x_wconf 84' lang='grc' dir='ltr'>κοινή.</span> <span class='ocrx_word' id='word_1_261' title='bbox 1384 2117 1573 2184; x_wconf 76' lang='grc' dir='ltr'>Οὕτως</span> <span class='ocrx_word' id='word_1_262' title='bbox 1598 2114 1692 2172; x_wconf 84' lang='grc' dir='ltr'><strong>οὖν</strong></span> <span class='ocrx_word' id='word_1_263' title='bbox 1721 2118 1815 2171; x_wconf 61' lang='grc' dir='ltr'><strong>καλ⁵</strong></span> <span class='ocrx_word' id='word_1_264' title='bbox 1844 2120 1872 2172; x_wconf 85' lang='grc' dir='ltr'><strong>ό</strong></span> <span class='ocrx_word' id='word_1_265' title='bbox 1896 2118 2050 2172; x_wconf 84' lang='grc' dir='ltr'>Φιλό-</span> 
     </span>
    </p>
   </div>
   <div class='ocr_carea' id='block_1_39' title="bbox 2155 2114 3737 2196">
    <p class='ocr_par' dir='ltr' id='par_1_39' title="bbox 2157 2123 3737 2192">
     <span class='ocr_line' id='line_1_39' title="bbox 2157 2123 3737 2192; baseline 0.003 -17"><span class='ocrx_word' id='word_1_266' title='bbox 2157 2123 2523 2192; x_wconf 88' lang='lat' dir='ltr'><strong>particulares</strong></span> <span class='ocrx_word' id='word_1_267' title='bbox 2544 2138 2666 2178; x_wconf 89' lang='lat' dir='ltr'><strong>esse</strong></span> <span class='ocrx_word' id='word_1_268' title='bbox 2694 2124 3055 2190; x_wconf 88' lang='lat' dir='ltr'><strong>substantias,</strong></span> <span class='ocrx_word' id='word_1_269' title='bbox 3084 2134 3140 2180; x_wconf 91' lang='lat' dir='ltr'><strong>et</strong></span> <span class='ocrx_word' id='word_1_270' title='bbox 3172 2141 3340 2180; x_wconf 87' lang='lat' dir='ltr'><strong>unam</strong></span> <span class='ocrx_word' id='word_1_271' title='bbox 3364 2140 3737 2180; x_wconf 90' lang='lat' dir='ltr'><strong>communem.</strong></span> 
     </span>
    </p>
   </div>
   <div class='ocr_carea' id='block_1_40' title="bbox 470 2210 2053 2290">
    <p class='ocr_par' dir='ltr' id='par_1_40' title="bbox 470 2210 2053 2284">
     <span class='ocr_line' id='line_1_40' title="bbox 470 2210 2053 2284; baseline -0.003 -16"><span class='ocrx_word' id='word_1_272' title='bbox 470 2232 630 2278; x_wconf 88' lang='grc' dir='ltr'>πονος</span> <span class='ocrx_word' id='word_1_273' title='bbox 660 2214 879 2282; x_wconf 76' lang='grc' dir='ltr'>ἔλεγεν,</span> <span class='ocrx_word' id='word_1_274' title='bbox 929 2214 1013 2267; x_wconf 84' lang='grc' dir='ltr'>ὅτι</span> <span class='ocrx_word' id='word_1_275' title='bbox 1046 2214 1156 2266; x_wconf 69' lang='grc' dir='ltr'><strong>είσ)⁸</strong></span> <span class='ocrx_word' id='word_1_276' title='bbox 1184 2214 1335 2284; x_wconf 84' lang='grc' dir='ltr'>τρεῖς</span> <span class='ocrx_word' id='word_1_277' title='bbox 1365 2212 1594 2283; x_wconf 71' lang='grc' dir='ltr'>μερικαὶ</span> <span class='ocrx_word' id='word_1_278' title='bbox 1620 2211 1802 2265; x_wconf 82' lang='grc' dir='ltr'>οὐσίαι</span> <span class='ocrx_word' id='word_1_279' title='bbox 1832 2210 1927 2263; x_wconf 72' lang='grc' dir='ltr'>ἐπὶ</span> <span class='ocrx_word' id='word_1_280' title='bbox 1954 2210 2053 2281; x_wconf 81' lang='grc' dir='ltr'><strong>τῆς</strong></span> 
     </span>
    </p>
   </div>
   <div class='ocr_carea' id='block_1_41' title="bbox 2155 2210 3742 2290">
    <p class='ocr_par' dir='ltr' id='par_1_41' title="bbox 2160 2214 3742 2290">
     <span class='ocr_line' id='line_1_41' title="bbox 2160 2214 3742 2290; baseline 0.004 -21"><span class='ocrx_word' id='word_1_281' title='bbox 2160 2214 2250 2270; x_wconf 90' lang='lat' dir='ltr'><strong>Sic</strong></span> <span class='ocrx_word' id='word_1_282' title='bbox 2286 2214 2454 2286; x_wconf 82' lang='lat' dir='ltr'><strong>igitur</strong></span> <span class='ocrx_word' id='word_1_283' title='bbox 2482 2224 2538 2271; x_wconf 87' lang='lat' dir='ltr'><strong>et</strong></span> <span class='ocrx_word' id='word_1_284' title='bbox 2579 2216 2919 2287; x_wconf 89' lang='lat' dir='ltr'><strong>Phil0ponus</strong></span> <span class='ocrx_word' id='word_1_285' title='bbox 2963 2217 3147 2273; x_wconf 87' lang='lat' dir='ltr'><strong>aiebat</strong></span> <span class='ocrx_word' id='word_1_286' title='bbox 3188 2233 3310 2274; x_wconf 87' lang='lat' dir='ltr'><strong>esse</strong></span> <span class='ocrx_word' id='word_1_287' title='bbox 3349 2227 3463 2275; x_wconf 91' lang='lat' dir='ltr'><strong>tres</strong></span> <span class='ocrx_word' id='word_1_288' title='bbox 3490 2221 3742 2290; x_wconf 85' lang='lat' dir='ltr'><strong>particu-</strong></span> 
     </span>
    </p>
   </div>
   <div class='ocr_carea' id='block_1_42' title="bbox 466 2306 2053 2383">
    <p class='ocr_par' dir='ltr' id='par_1_42' title="bbox 466 2306 2053 2383">
     <span class='ocr_line' id='line_1_42' title="bbox 466 2306 2053 2383; baseline -0.004 -16"><span class='ocrx_word' id='word_1_289' title='bbox 466 2312 633 2379; x_wconf 83' lang='grc' dir='ltr'>ἁγίας</span> <span class='ocrx_word' id='word_1_290' title='bbox 659 2311 916 2383; x_wconf 86' lang='grc' dir='ltr'>Τριάδος,</span> <span class='ocrx_word' id='word_1_291' title='bbox 934 2310 1031 2365; x_wconf 75' lang='grc' dir='ltr'><strong>καὶ</strong></span> <span class='ocrx_word' id='word_1_292' title='bbox 1058 2310 1173 2364; x_wconf 81' lang='grc' dir='ltr'>ἐστι</span> <span class='ocrx_word' id='word_1_293' title='bbox 1192 2310 1292 2381; x_wconf 88' lang='grc' dir='ltr'><strong>μία</strong></span> <span class='ocrx_word' id='word_1_294' title='bbox 1314 2310 1495 2381; x_wconf 88' lang='grc' dir='ltr'>κοινή.</span> <span class='ocrx_word' id='word_1_295' title='bbox 1523 2309 1615 2365; x_wconf 88' lang='grc' dir='ltr'><strong>Ἐν</strong></span> <span class='ocrx_word' id='word_1_296' title='bbox 1632 2307 1847 2371; x_wconf 91' lang='grc' dir='ltr'>τούτοις</span> <span class='ocrx_word' id='word_1_297' title='bbox 1870 2308 1903 2379; x_wconf 80' lang='grc' dir='ltr'><strong>ἡ</strong></span> <span class='ocrx_word' id='word_1_298' title='bbox 1924 2306 2053 2361; x_wconf 86' lang='grc' dir='ltr'>θεω-</span> 
     </span>
    </p>
   </div>
   <div class='ocr_carea' id='block_1_43' title="bbox 2155 2306 3742 2383">
    <p class='ocr_par' dir='ltr' id='par_1_43' title="bbox 2160 2307 3742 2374">
     <span class='ocr_line' id='line_1_43' title="bbox 2160 2307 3742 2374; baseline 0.004 -13"><span class='ocrx_word' id='word_1_299' title='bbox 2160 2307 2307 2363; x_wconf 88' lang='lat' dir='ltr'><strong>lares</strong></span> <span class='ocrx_word' id='word_1_300' title='bbox 2328 2307 2386 2361; x_wconf 90' lang='lat' dir='ltr'><strong>in</strong></span> <span class='ocrx_word' id='word_1_301' title='bbox 2417 2314 2607 2362; x_wconf 88' lang='lat' dir='ltr'><strong>saneta</strong></span> <span class='ocrx_word' id='word_1_302' title='bbox 2628 2307 2899 2362; x_wconf 90' lang='lat' dir='ltr'><strong>Trinitate</strong></span> <span class='ocrx_word' id='word_1_303' title='bbox 2931 2308 3290 2374; x_wconf 86' lang='lat' dir='ltr'><strong>substantias,</strong></span> <span class='ocrx_word' id='word_1_304' title='bbox 3319 2321 3374 2364; x_wconf 90' lang='lat' dir='ltr'><strong>et</strong></span> <span class='ocrx_word' id='word_1_305' title='bbox 3401 2325 3565 2365; x_wconf 89' lang='lat' dir='ltr'><strong>unam</strong></span> <span class='ocrx_word' id='word_1_306' title='bbox 3591 2326 3742 2367; x_wconf 85' lang='lat' dir='ltr'><strong>eom-</strong></span> 
     </span>
    </p>
   </div>
   <div class='ocr_carea' id='block_1_44' title="bbox 472 2397 3352 2473">
    <p class='ocr_par' dir='ltr' id='par_1_44' title="bbox 472 2397 3352 2473">
     <span class='ocr_line' id='line_1_44' title="bbox 472 2397 3352 2473; baseline 0.004 -29"><span class='ocrx_word' id='word_1_307' title='bbox 472 2406 583 2473; x_wconf 71' lang='grc' dir='ltr'>ρέα,</span> <span class='ocrx_word' id='word_1_308' title='bbox 2056 2418 2059 2419; x_wconf 49' lang='grc' dir='ltr'><strong>ν</strong></span> <span class='ocrx_word' id='word_1_309' title='bbox 2164 2414 2408 2453; x_wconf 90' lang='lat' dir='ltr'><strong>munem.</strong></span> <span class='ocrx_word' id='word_1_310' title='bbox 2441 2397 2569 2453; x_wconf 67' lang='lat' dir='ltr'><strong>Haec</strong></span> <span class='ocrx_word' id='word_1_311' title='bbox 2598 2398 3005 2454; x_wconf 88' lang='lat' dir='ltr'><strong>consideranda</strong></span> <span class='ocrx_word' id='word_1_312' title='bbox 3035 2400 3352 2455; x_wconf 81' lang='lat' dir='ltr'><strong>veniebant.</strong></span> 
     </span>
    </p>
   </div>
   <div class='ocr_carea' id='block_1_45' title="bbox 472 2629 3739 2713">
    <p class='ocr_par' dir='ltr' id='par_1_45' title="bbox 472 2629 3739 2713">
     <span class='ocr_line' id='line_1_45' title="bbox 472 2629 3739 2713; baseline -0.001 -15"><span class='ocrx_word' id='word_1_313' title='bbox 472 2637 614 2699; x_wconf 77' lang='lat' dir='ltr'><strong>Haec</strong></span> <span class='ocrx_word' id='word_1_314' title='bbox 656 2635 820 2696; x_wconf 86' lang='lat' dir='ltr'><strong>actio</strong></span> <span class='ocrx_word' id='word_1_315' title='bbox 869 2642 1047 2695; x_wconf 72' lang='lat' dir='ltr'><strong>sexta</strong></span> <span class='ocrx_word' id='word_1_316' title='bbox 1087 2632 1490 2713; x_wconf 72' lang='lat' dir='ltr'><strong>reprehendit</strong></span> <span class='ocrx_word' id='word_1_317' title='bbox 1554 2631 1853 2713; x_wconf 78' lang='lat' dir='ltr'><strong>quosdam</strong></span> <span class='ocrx_word' id='word_1_318' title='bbox 1904 2631 2012 2709; x_wconf 88' lang='lat' dir='ltr'><strong>qui</strong></span> <span class='ocrx_word' id='word_1_319' title='bbox 2053 2630 2357 2707; x_wconf 81' lang='lat' dir='ltr'><strong>synodum</strong></span> <span class='ocrx_word' id='word_1_320' title='bbox 2405 2629 2967 2713; x_wconf 78' lang='lat' dir='ltr'><strong>Chalcedonensem</strong></span> <span class='ocrx_word' id='word_1_321' title='bbox 3018 2631 3313 2694; x_wconf 82' lang='lat' dir='ltr'><strong>nolebant</strong></span> <span class='ocrx_word' id='word_1_322' title='bbox 3371 2633 3739 2695; x_wconf 77' lang='lat' dir='ltr'><strong>admittere:</strong></span> 
     </span>
    </p>
   </div>
   <div class='ocr_carea' id='block_1_46' title="bbox 1178 2710 3039 2792">
    <p class='ocr_par' dir='ltr' id='par_1_46' title="bbox 1178 2710 3039 2792">
     <span class='ocr_line' id='line_1_46' title="bbox 1178 2710 3039 2792; baseline 0.001 -20"><span class='ocrx_word' id='word_1_323' title='bbox 1178 2710 1646 2792; x_wconf 73' lang='lat' dir='ltr'><strong>eorumdemque</strong></span> <span class='ocrx_word' id='word_1_324' title='bbox 1674 2711 1954 2771; x_wconf 78' lang='lat' dir='ltr'><strong>rationes</strong></span> <span class='ocrx_word' id='word_1_325' title='bbox 1991 2716 2049 2769; x_wconf 86' lang='lat' dir='ltr'><strong>et</strong></span> <span class='ocrx_word' id='word_1_326' title='bbox 2076 2714 2519 2771; x_wconf 72' lang='lat' dir='ltr'><strong>examinantur</strong></span> <span class='ocrx_word' id='word_1_327' title='bbox 2548 2719 2605 2770; x_wconf 88' lang='lat' dir='ltr'><strong>et</strong></span> <span class='ocrx_word' id='word_1_328' title='bbox 2635 2710 3039 2789; x_wconf 83' lang='lat' dir='ltr'><strong>refelluntur.</strong></span> 
     </span>
    </p>
   </div>
   <div class='ocr_carea' id='block_1_47' title="bbox 1068 2831 1445 2891">
    <p class='ocr_par' dir='ltr' id='par_1_47' title="bbox 1068 2831 1445 2891">
     <span class='ocr_line' id='line_1_47' title="bbox 1068 2831 1445 2891; baseline 0.011 -3"><span class='ocrx_word' id='word_1_329' title='bbox 1068 2832 1320 2888; x_wconf 84' lang='grc' dir='ltr'>ΠΡΑΞΙΣ</span> <span class='ocrx_word' id='word_1_330' title='bbox 1355 2831 1445 2891; x_wconf 72' lang='grc' dir='ltr'><strong>ς’.</strong></span> 
     </span>
    </p>
   </div>
   <div class='ocr_carea' id='block_1_48' title="bbox 538 2836 2051 3001">
    <p class='ocr_par' dir='ltr' id='par_1_48' title="bbox 538 2836 2051 3001">
     <span class='ocr_line' id='line_1_48' title="bbox 1068 2836 1445 2891; baseline 0.008 -3"><span class='ocrx_word' id='word_1_331' title='bbox 1068 2836 1320 2888; x_wconf 84' lang='grc' dir='ltr'>ΠΡΑΞΙΣ</span> <span class='ocrx_word' id='word_1_332' title='bbox 1411 2836 1445 2891; x_wconf 94' lang='lat'><strong>&#39;.</strong></span> 
     </span>
     <span class='ocr_line' id='line_1_49' title="bbox 538 2836 2051 3001; baseline -0.005 -14"><span class='ocrx_word' id='word_1_333' title='bbox 538 2931 695 2987; x_wconf 85' lang='grc' dir='ltr'>Μετά</span> <span class='ocrx_word' id='word_1_334' title='bbox 728 2929 797 2983; x_wconf 77' lang='grc' dir='ltr'>τὰ</span> <span class='ocrx_word' id='word_1_335' title='bbox 826 2928 1117 3001; x_wconf 70' lang='grc' dir='ltr'>εἰρημένα,</span> <span class='ocrx_word' id='word_1_336' title='bbox 1152 2927 1287 2999; x_wconf 84' lang='grc' dir='ltr'>φέρε</span> <span class='ocrx_word' id='word_1_337' title='bbox 1316 2836 1414 2982; x_wconf 61' lang='lat' dir='ltr'><strong>xf‘t</strong></span> <span class='ocrx_word' id='word_1_338' title='bbox 1444 2928 1575 2997; x_wconf 77' lang='grc' dir='ltr'>περὶ</span> <span class='ocrx_word' id='word_1_339' title='bbox 1598 2925 2051 2998; x_wconf 77' lang='grc' dir='ltr'>ἐπιχειρημάτων</span> 
     </span>
    </p>
   </div>
   <div class='ocr_carea' id='block_1_49' title="bbox 467 3016 2051 3094">
    <p class='ocr_par' dir='ltr' id='par_1_49' title="bbox 467 3016 2051 3094">
     <span class='ocr_line' id='line_1_50' title="bbox 467 3016 2051 3094; baseline -0.006 -16"><span class='ocrx_word' id='word_1_340' title='bbox 467 3025 632 3078; x_wconf 82' lang='grc' dir='ltr'>τινῶν</span> <span class='ocrx_word' id='word_1_341' title='bbox 656 3064 672 3089; x_wconf 93' lang='grc'><strong>,</strong></span> <span class='ocrx_word' id='word_1_342' title='bbox 732 3022 879 3094; x_wconf 78' lang='grc' dir='ltr'>ἅπερ</span> <span class='ocrx_word' id='word_1_343' title='bbox 931 3021 1130 3085; x_wconf 84' lang='grc' dir='ltr'>κοινῶς</span> <span class='ocrx_word' id='word_1_344' title='bbox 1169 3020 1309 3093; x_wconf 72' lang='grc' dir='ltr'>πρὸς</span> <span class='ocrx_word' id='word_1_345' title='bbox 1337 3019 1437 3092; x_wconf 81' lang='grc' dir='ltr'><strong>τὴν</strong></span> <span class='ocrx_word' id='word_1_346' title='bbox 1472 3018 1803 3088; x_wconf 85' lang='grc' dir='ltr'>Ἐκκλησίαν</span> <span class='ocrx_word' id='word_1_347' title='bbox 1833 3016 2051 3086; x_wconf 85' lang='grc' dir='ltr'>λέγουσι</span> 
     </span>
    </p>
   </div>
   <div class='ocr_carea' id='block_1_50' title="bbox 469 3109 2053 3188">
    <p class='ocr_par' dir='ltr' id='par_1_50' title="bbox 469 3109 2053 3188">
     <span class='ocr_line' id='line_1_51' title="bbox 469 3109 2053 3188; baseline -0.009 -15"><span class='ocrx_word' id='word_1_348' title='bbox 469 3120 673 3182; x_wconf 85' lang='grc' dir='ltr'>πάντες</span> <span class='ocrx_word' id='word_1_349' title='bbox 717 3119 769 3171; x_wconf 79' lang='lat' dir='ltr'><strong>oi</strong></span> <span class='ocrx_word' id='word_1_350' title='bbox 816 3114 1252 3188; x_wconf 87' lang='grc' dir='ltr'>διακρινόμενοι,</span> <span class='ocrx_word' id='word_1_351' title='bbox 1296 3111 1471 3183; x_wconf 88' lang='grc' dir='ltr'>μικρά</span> <span class='ocrx_word' id='word_1_352' title='bbox 1532 3109 1904 3180; x_wconf 83' lang='grc' dir='ltr'>διαλάϐωμεν.</span> <span class='ocrx_word' id='word_1_353' title='bbox 1960 3110 2053 3160; x_wconf 86' lang='grc' dir='ltr'><strong>Δι-</strong></span> 
     </span>
    </p>
   </div>
   <div class='ocr_carea' id='block_1_51' title="bbox 469 3200 2124 3291">
    <p class='ocr_par' dir='ltr' id='par_1_51' title="bbox 469 3200 2124 3291">
     <span class='ocr_line' id='line_1_52' title="bbox 469 3200 2124 3291; baseline -0.008 -25"><span class='ocrx_word' id='word_1_354' title='bbox 469 3214 681 3283; x_wconf 85' lang='grc' dir='ltr'>έλωμεν</span> <span class='ocrx_word' id='word_1_355' title='bbox 698 3211 758 3265; x_wconf 89' lang='grc' dir='ltr'><strong>δέ</strong></span> <span class='ocrx_word' id='word_1_356' title='bbox 788 3211 928 3266; x_wconf 86' lang='grc' dir='ltr'><strong>αὑτά</strong></span> <span class='ocrx_word' id='word_1_357' title='bbox 957 3205 1351 3282; x_wconf 85' lang='grc' dir='ltr'>τριχῆ,ἐπειδὴ</span> <span class='ocrx_word' id='word_1_358' title='bbox 1375 3205 1442 3260; x_wconf 84' lang='grc' dir='ltr'>τὰ</span> <span class='ocrx_word' id='word_1_359' title='bbox 1471 3205 1570 3277; x_wconf 83' lang='grc' dir='ltr'>μὲν</span> <span class='ocrx_word' id='word_1_360' title='bbox 1595 3203 1777 3258; x_wconf 80' lang='grc' dir='ltr'>αὑτῶν</span> <span class='ocrx_word' id='word_1_361' title='bbox 1804 3200 2055 3291; x_wconf 81' lang='grc' dir='ltr'>ἱστορικά</span> <span class='ocrx_word' id='word_1_362' title='bbox 2081 3231 2124 3291; x_wconf 76' lang='lat' dir='ltr'>C</span> 
     </span>
    </p>
   </div>
   <div class='ocr_carea' id='block_1_52' title="bbox 470 3290 2052 3370">
    <p class='ocr_par' dir='ltr' id='par_1_52' title="bbox 470 3290 2052 3370">
     <span class='ocr_line' id='line_1_53' title="bbox 470 3290 2052 3370; baseline -0.009 -14"><span class='ocrx_word' id='word_1_363' title='bbox 470 3303 610 3356; x_wconf 74' lang='grc' dir='ltr'>εἰσιν</span> <span class='ocrx_word' id='word_1_364' title='bbox 630 3340 646 3366; x_wconf 88' lang='grc'><strong>,</strong></span> <span class='ocrx_word' id='word_1_365' title='bbox 693 3302 760 3354; x_wconf 87' lang='grc' dir='ltr'><strong>ἐκ</strong></span> <span class='ocrx_word' id='word_1_366' title='bbox 791 3301 903 3354; x_wconf 86' lang='grc' dir='ltr'>τῶν</span> <span class='ocrx_word' id='word_1_367' title='bbox 932 3297 1291 3370; x_wconf 81' lang='grc' dir='ltr'>πραχθέντων</span> <span class='ocrx_word' id='word_1_368' title='bbox 1322 3298 1389 3366; x_wconf 80' lang='grc' dir='ltr'>τῇ</span> <span class='ocrx_word' id='word_1_369' title='bbox 1418 3296 1476 3348; x_wconf 84' lang='grc' dir='ltr'><strong>ἐν</strong></span> <span class='ocrx_word' id='word_1_370' title='bbox 1504 3292 1816 3363; x_wconf 86' lang='grc' dir='ltr'>Χαλκηδόνι</span> <span class='ocrx_word' id='word_1_371' title='bbox 1848 3290 2052 3359; x_wconf 83' lang='grc' dir='ltr'>συνόδῳ</span> 
     </span>
    </p>
   </div>
   <div class='ocr_carea' id='block_1_53' title="bbox 469 3384 2055 3466">
    <p class='ocr_par' dir='ltr' id='par_1_53' title="bbox 469 3384 2055 3466">
     <span class='ocr_line' id='line_1_54' title="bbox 469 3384 2055 3466; baseline -0.009 -17"><span class='ocrx_word' id='word_1_372' title='bbox 469 3393 865 3466; x_wconf 88' lang='grc' dir='ltr'>λαμϐανόμενα</span> <span class='ocrx_word' id='word_1_373' title='bbox 888 3408 903 3423; x_wconf 89' lang='grc'><strong>·</strong></span> <span class='ocrx_word' id='word_1_374' title='bbox 965 3390 1036 3446; x_wconf 90' lang='grc' dir='ltr'><strong>τά</strong></span> <span class='ocrx_word' id='word_1_375' title='bbox 1076 3389 1134 3444; x_wconf 71' lang='grc' dir='ltr'><strong>δέ</strong></span> <span class='ocrx_word' id='word_1_376' title='bbox 1174 3388 1283 3443; x_wconf 83' lang='grc' dir='ltr'>ἀπὸ</span> <span class='ocrx_word' id='word_1_377' title='bbox 1326 3384 1728 3456; x_wconf 85' lang='grc' dir='ltr'>συλλογισμῶν,</span> <span class='ocrx_word' id='word_1_378' title='bbox 1765 3384 1859 3438; x_wconf 73' lang='grc' dir='ltr'>καὶ</span> <span class='ocrx_word' id='word_1_379' title='bbox 1893 3400 2055 3453; x_wconf 89' lang='grc' dir='ltr'>περι-</span> 
     </span>
    </p>
   </div>
   <div class='ocr_carea' id='block_1_54' title="bbox 470 3475 2055 3555">
    <p class='ocr_par' dir='ltr' id='par_1_54' title="bbox 470 3475 2055 3555">
     <span class='ocr_line' id='line_1_55' title="bbox 470 3475 2055 3555; baseline -0.01 -12"><span class='ocrx_word' id='word_1_380' title='bbox 470 3489 641 3552; x_wconf 85' lang='grc' dir='ltr'>νοίας·</span> <span class='ocrx_word' id='word_1_381' title='bbox 679 3486 751 3541; x_wconf 90' lang='grc' dir='ltr'><strong>τά</strong></span> <span class='ocrx_word' id='word_1_382' title='bbox 777 3486 857 3551; x_wconf 87' lang='grc' dir='ltr'><strong>δέ,</strong></span> <span class='ocrx_word' id='word_1_383' title='bbox 889 3485 999 3539; x_wconf 82' lang='grc' dir='ltr'><strong>ἀπὸ</strong></span> <span class='ocrx_word' id='word_1_384' title='bbox 1022 3483 1302 3555; x_wconf 85' lang='grc' dir='ltr'>χρήσεων.</span> <span class='ocrx_word' id='word_1_385' title='bbox 1349 3479 1515 3533; x_wconf 88' lang='grc' dir='ltr'>Ἀλλά</span> <span class='ocrx_word' id='word_1_386' title='bbox 1540 3477 1760 3549; x_wconf 86' lang='grc' dir='ltr'>πρῶτον</span> <span class='ocrx_word' id='word_1_387' title='bbox 1791 3475 1920 3546; x_wconf 73' lang='grc' dir='ltr'>περὶ</span> <span class='ocrx_word' id='word_1_388' title='bbox 1944 3475 2055 3529; x_wconf 85' lang='grc' dir='ltr'>τῶν</span> 
     </span>
    </p>
   </div>
   <div class='ocr_carea' id='block_1_55' title="bbox 472 3568 2052 3650">
    <p class='ocr_par' dir='ltr' id='par_1_55' title="bbox 472 3568 2052 3650">
     <span class='ocr_line' id='line_1_56' title="bbox 472 3568 2052 3650; baseline -0.008 -17"><span class='ocrx_word' id='word_1_389' title='bbox 472 3577 761 3650; x_wconf 75' lang='grc' dir='ltr'>ἱστορικῶν</span> <span class='ocrx_word' id='word_1_390' title='bbox 797 3575 1278 3646; x_wconf 83' lang='grc' dir='ltr'>διαλαμϐάνωμεν.</span> <span class='ocrx_word' id='word_1_391' title='bbox 1335 3572 1457 3624; x_wconf 70' lang='lat' dir='ltr'><strong>Elei.</strong></span> <span class='ocrx_word' id='word_1_392' title='bbox 1485 3571 1542 3624; x_wconf 80' lang='grc' dir='ltr'>δὲ</span> <span class='ocrx_word' id='word_1_393' title='bbox 1584 3570 1621 3625; x_wconf 80' lang='grc' dir='ltr'>ἃ.</span> <span class='ocrx_word' id='word_1_394' title='bbox 1656 3570 1930 3641; x_wconf 80' lang='grc' dir='ltr'>μέλλομεν</span> <span class='ocrx_word' id='word_1_395' title='bbox 1965 3568 2052 3621; x_wconf 80' lang='grc' dir='ltr'>λέ·</span> 
     </span>
    </p>
   </div>
   <div class='ocr_carea' id='block_1_56' title="bbox 470 3656 2053 3741">
    <p class='ocr_par' dir='ltr' id='par_1_56' title="bbox 470 3656 2053 3741">
     <span class='ocr_line' id='line_1_57' title="bbox 470 3656 2053 3741; baseline -0.009 -16"><span class='ocrx_word' id='word_1_396' title='bbox 470 3688 610 3740; x_wconf 87' lang='grc' dir='ltr'>γειν,</span> <span class='ocrx_word' id='word_1_397' title='bbox 647 3668 1060 3741; x_wconf 74' lang='grc' dir='ltr'>ἐπιχειρήματα</span> <span class='ocrx_word' id='word_1_398' title='bbox 1086 3666 1351 3735; x_wconf 87' lang='grc' dir='ltr'>τέσσαρα,</span> <span class='ocrx_word' id='word_1_399' title='bbox 1386 3656 1463 3717; x_wconf 85' lang='grc' dir='ltr'>ὧν</span> <span class='ocrx_word' id='word_1_400' title='bbox 1490 3660 1705 3732; x_wconf 86' lang='grc' dir='ltr'>πρῶτόν</span> <span class='ocrx_word' id='word_1_401' title='bbox 1732 3662 1848 3713; x_wconf 87' lang='grc' dir='ltr'>ἐστι</span> <span class='ocrx_word' id='word_1_402' title='bbox 1873 3660 2053 3725; x_wconf 78' lang='grc' dir='ltr'>τοῦτο,</span> 
     </span>
    </p>
   </div>
   <div class='ocr_carea' id='block_1_57' title="bbox 471 3753 2051 3832">
    <p class='ocr_par' dir='ltr' id='par_1_57' title="bbox 471 3753 2051 3832">
     <span class='ocr_line' id='line_1_58' title="bbox 471 3753 2051 3832; baseline -0.008 -13"><span class='ocrx_word' id='word_1_403' title='bbox 471 3766 553 3819; x_wconf 83' lang='grc' dir='ltr'><strong>ὅτι</strong></span> <span class='ocrx_word' id='word_1_404' title='bbox 613 3764 675 3819; x_wconf 92' lang='grc' dir='ltr'><strong>οὑ</strong></span> <span class='ocrx_word' id='word_1_405' title='bbox 728 3764 811 3817; x_wconf 88' lang='grc' dir='ltr'><strong>δεῖ</strong></span> <span class='ocrx_word' id='word_1_406' title='bbox 866 3761 1123 3832; x_wconf 88' lang='grc' dir='ltr'>δέχεσθαι</span> <span class='ocrx_word' id='word_1_407' title='bbox 1175 3759 1279 3831; x_wconf 81' lang='grc' dir='ltr'>τὴν</span> <span class='ocrx_word' id='word_1_408' title='bbox 1336 3760 1398 3811; x_wconf 90' lang='grc' dir='ltr'><strong>ἐν</strong></span> <span class='ocrx_word' id='word_1_409' title='bbox 1446 3755 1756 3825; x_wconf 83' lang='grc' dir='ltr'>Χαλκηδόνι</span> <span class='ocrx_word' id='word_1_410' title='bbox 1808 3753 2051 3818; x_wconf 84' lang='grc' dir='ltr'>σύνοδον,</span> 
     </span>
    </p>
   </div>
   <div class='ocr_carea' id='block_1_58' title="bbox 472 3843 2055 3928">
    <p class='ocr_par' dir='ltr' id='par_1_58' title="bbox 472 3843 2055 3928">
     <span class='ocr_line' id='line_1_59' title="bbox 472 3843 2055 3928; baseline -0.007 -17"><span class='ocrx_word' id='word_1_411' title='bbox 472 3857 663 3928; x_wconf 84' lang='grc' dir='ltr'>ἐπειδὴ</span> <span class='ocrx_word' id='word_1_412' title='bbox 689 3858 741 3910; x_wconf 84' lang='grc' dir='ltr'><strong>οἱ</strong></span> <span class='ocrx_word' id='word_1_413' title='bbox 768 3856 825 3909; x_wconf 89' lang='grc' dir='ltr'><strong>ἐν</strong></span> <span class='ocrx_word' id='word_1_414' title='bbox 849 3856 987 3925; x_wconf 83' lang='grc' dir='ltr'>αὐτῇ</span> <span class='ocrx_word' id='word_1_415' title='bbox 1011 3853 1297 3923; x_wconf 90' lang='grc' dir='ltr'>γενόμενοι</span> <span class='ocrx_word' id='word_1_416' title='bbox 1321 3850 1510 3923; x_wconf 80' lang='grc' dir='ltr'>ἄνδρες</span> <span class='ocrx_word' id='word_1_417' title='bbox 1535 3848 1862 3920; x_wconf 83' lang='grc' dir='ltr'>παλίμϐολοι</span> <span class='ocrx_word' id='word_1_418' title='bbox 1912 3843 2055 3919; x_wconf 79' lang='grc' dir='ltr'>ἦσαν</span> 
     </span>
    </p>
   </div>
   <div class='ocr_carea' id='block_1_59' title="bbox 472 3940 2052 4017">
    <p class='ocr_par' dir='ltr' id='par_1_59' title="bbox 472 3940 2052 4017">
     <span class='ocr_line' id='line_1_60' title="bbox 472 3940 2052 4017; baseline -0.006 -13"><span class='ocrx_word' id='word_1_419' title='bbox 472 3951 570 4004; x_wconf 77' lang='grc' dir='ltr'><strong>καὶ</strong></span> <span class='ocrx_word' id='word_1_420' title='bbox 602 3950 907 4005; x_wconf 85' lang='grc' dir='ltr'>ἀλλόκοτοι.</span> <span class='ocrx_word' id='word_1_421' title='bbox 938 3940 1099 4002; x_wconf 76' lang='grc' dir='ltr'>Οὗτοι</span> <span class='ocrx_word' id='word_1_422' title='bbox 1158 3945 1267 4017; x_wconf 84' lang='grc' dir='ltr'>γὰρ</span> <span class='ocrx_word' id='word_1_423' title='bbox 1307 3944 1404 3998; x_wconf 76' lang='grc' dir='ltr'><strong>καὶ</strong></span> <span class='ocrx_word' id='word_1_424' title='bbox 1432 3941 1687 3997; x_wconf 87' lang='grc' dir='ltr'>καθεῖλον</span> <span class='ocrx_word' id='word_1_425' title='bbox 1719 3941 1807 3995; x_wconf 83' lang='grc' dir='ltr'><strong>τὸν</strong></span> <span class='ocrx_word' id='word_1_426' title='bbox 1832 3941 2052 4012; x_wconf 88' lang='grc' dir='ltr'>Εὑτυχῆ</span> 
     </span>
    </p>
   </div>
   <div class='ocr_carea' id='block_1_60' title="bbox 473 4032 2055 4112">
    <p class='ocr_par' dir='ltr' id='par_1_60' title="bbox 473 4032 2055 4112">
     <span class='ocr_line' id='line_1_61' title="bbox 473 4032 2055 4112; baseline -0.006 -16"><span class='ocrx_word' id='word_1_427' title='bbox 473 4044 530 4097; x_wconf 84' lang='grc' dir='ltr'><strong>ἐν</strong></span> <span class='ocrx_word' id='word_1_428' title='bbox 558 4040 865 4112; x_wconf 75' lang='grc' dir='ltr'>Βυζαντίῳ,</span> <span class='ocrx_word' id='word_1_429' title='bbox 900 4040 997 4094; x_wconf 72' lang='grc' dir='ltr'><strong>καὶ</strong></span> <span class='ocrx_word' id='word_1_430' title='bbox 1026 4040 1107 4102; x_wconf 83' lang='grc' dir='ltr'><strong>είς</strong></span> <span class='ocrx_word' id='word_1_431' title='bbox 1129 4039 1367 4105; x_wconf 86' lang='grc' dir='ltr'>Ἔφεσον</span> <span class='ocrx_word' id='word_1_432' title='bbox 1399 4034 1666 4098; x_wconf 90' lang='grc' dir='ltr'>ἐλθόντες,</span> <span class='ocrx_word' id='word_1_433' title='bbox 1700 4032 1797 4087; x_wconf 83' lang='grc' dir='ltr'><strong>τὸν</strong></span> <span class='ocrx_word' id='word_1_434' title='bbox 1827 4033 1926 4103; x_wconf 77' lang='grc' dir='ltr'>μὲν</span> <span class='ocrx_word' id='word_1_435' title='bbox 1950 4033 2055 4086; x_wconf 89' lang='grc' dir='ltr'><strong>Εὑ-</strong></span> 
     </span>
    </p>
   </div>
   <div class='ocr_carea' id='block_1_61' title="bbox 472 4125 2054 4204">
    <p class='ocr_par' dir='ltr' id='par_1_61' title="bbox 472 4125 2054 4204">
     <span class='ocr_line' id='line_1_62' title="bbox 472 4125 2054 4204; baseline -0.006 -16"><span class='ocrx_word' id='word_1_436' title='bbox 472 4134 611 4204; x_wconf 78' lang='grc' dir='ltr'>τυχῆ</span> <span class='ocrx_word' id='word_1_437' title='bbox 660 4131 910 4197; x_wconf 80' lang='grc' dir='ltr'>ἐδέξαντο</span> <span class='ocrx_word' id='word_1_438' title='bbox 962 4130 1102 4202; x_wconf 84' lang='grc' dir='ltr'>μετὰ</span> <span class='ocrx_word' id='word_1_439' title='bbox 1142 4128 1472 4197; x_wconf 81' lang='grc' dir='ltr'>Διοσκόρου,</span> <span class='ocrx_word' id='word_1_440' title='bbox 1522 4126 1617 4179; x_wconf 77' lang='grc' dir='ltr'><strong>τὸν</strong></span> <span class='ocrx_word' id='word_1_441' title='bbox 1657 4125 1715 4179; x_wconf 81' lang='grc' dir='ltr'><strong>δέ</strong></span> <span class='ocrx_word' id='word_1_442' title='bbox 1752 4125 2054 4180; x_wconf 73' lang='grc' dir='ltr'>Φλαϐιανὺν</span> 
     </span>
    </p>
   </div>
   <div class='ocr_carea' id='block_1_62' title="bbox 472 4218 2053 4296">
    <p class='ocr_par' dir='ltr' id='par_1_62' title="bbox 472 4218 2053 4296">
     <span class='ocr_line' id='line_1_63' title="bbox 472 4218 2053 4296; baseline -0.004 -16"><span class='ocrx_word' id='word_1_443' title='bbox 472 4225 833 4280; x_wconf 83' lang='grc' dir='ltr'>ἀπεϐάλοντο.</span> <span class='ocrx_word' id='word_1_444' title='bbox 884 4223 1030 4296; x_wconf 85' lang='grc' dir='ltr'>Πρὸς</span> <span class='ocrx_word' id='word_1_445' title='bbox 1069 4221 1227 4276; x_wconf 83' lang='grc' dir='ltr'>τοῦτο</span> <span class='ocrx_word' id='word_1_446' title='bbox 1269 4220 1533 4290; x_wconf 84' lang='grc' dir='ltr'>λέγομεν,</span> <span class='ocrx_word' id='word_1_447' title='bbox 1582 4219 1666 4272; x_wconf 81' lang='grc' dir='ltr'>ὅτι</span> <span class='ocrx_word' id='word_1_448' title='bbox 1704 4218 1921 4288; x_wconf 83' lang='grc' dir='ltr'>πρῶτον</span> <span class='ocrx_word' id='word_1_449' title='bbox 1953 4219 2053 4289; x_wconf 87' lang='grc' dir='ltr'><strong>μὲν</strong></span> 
     </span>
    </p>
   </div>
   <div class='ocr_carea' id='block_1_63' title="bbox 469 4307 2052 4385">
    <p class='ocr_par' dir='ltr' id='par_1_63' title="bbox 469 4307 2052 4385">
     <span class='ocr_line' id='line_1_64' title="bbox 469 4307 2052 4385; baseline -0.005 -15"><span class='ocrx_word' id='word_1_450' title='bbox 469 4316 594 4372; x_wconf 84' lang='grc' dir='ltr'>δέον</span> <span class='ocrx_word' id='word_1_451' title='bbox 627 4313 948 4385; x_wconf 77' lang='grc' dir='ltr'>λογίζεσθαι</span> <span class='ocrx_word' id='word_1_452' title='bbox 977 4314 1124 4384; x_wconf 82' lang='grc' dir='ltr'>ἡμᾶς</span> <span class='ocrx_word' id='word_1_453' title='bbox 1160 4311 1230 4365; x_wconf 79' lang='grc' dir='ltr'><strong>τὰ</strong></span> <span class='ocrx_word' id='word_1_454' title='bbox 1261 4307 1605 4381; x_wconf 85' lang='grc' dir='ltr'>ἀνθρώπινα.</span> <span class='ocrx_word' id='word_1_455' title='bbox 1664 4310 1775 4364; x_wconf 76' lang='grc' dir='ltr'><strong>Καὶ</strong></span> <span class='ocrx_word' id='word_1_456' title='bbox 1818 4308 2052 4380; x_wconf 87' lang='grc' dir='ltr'>ἀλλαχοῦ</span> 
     </span>
    </p>
   </div>
   <div class='ocr_carea' id='block_1_64' title="bbox 472 4401 2055 4481">
    <p class='ocr_par' dir='ltr' id='par_1_64' title="bbox 472 4401 2055 4481">
     <span class='ocr_line' id='line_1_65' title="bbox 472 4401 2055 4481; baseline -0.006 -17"><span class='ocrx_word' id='word_1_457' title='bbox 472 4410 582 4481; x_wconf 85' lang='grc' dir='ltr'>γάρ</span> <span class='ocrx_word' id='word_1_458' title='bbox 607 4425 755 4472; x_wconf 88' lang='grc' dir='ltr'>τινες</span> <span class='ocrx_word' id='word_1_459' title='bbox 786 4407 896 4461; x_wconf 86' lang='grc' dir='ltr'>τῶν</span> <span class='ocrx_word' id='word_1_460' title='bbox 926 4406 1099 4475; x_wconf 84' lang='grc' dir='ltr'>ἁγίων</span> <span class='ocrx_word' id='word_1_461' title='bbox 1124 4403 1386 4475; x_wconf 83' lang='grc' dir='ltr'>Πατέρων</span> <span class='ocrx_word' id='word_1_462' title='bbox 1434 4402 1710 4474; x_wconf 83' lang='grc' dir='ltr'>ἐγκρίτων</span> <span class='ocrx_word' id='word_1_463' title='bbox 1742 4401 1901 4455; x_wconf 80' lang='grc' dir='ltr'>τοῦτο</span> <span class='ocrx_word' id='word_1_464' title='bbox 1927 4402 2055 4471; x_wconf 87' lang='grc' dir='ltr'>φαί-</span> 
     </span>
    </p>
   </div>
   <div class='ocr_carea' id='block_1_65' title="bbox 472 4494 2053 4562">
    <p class='ocr_par' dir='ltr' id='par_1_65' title="bbox 472 4494 2053 4562">
     <span class='ocr_line' id='line_1_66' title="bbox 472 4494 2053 4562; baseline -0.004 -7"><span class='ocrx_word' id='word_1_465' title='bbox 472 4518 661 4555; x_wconf 87' lang='grc' dir='ltr'>νονται</span> <span class='ocrx_word' id='word_1_466' title='bbox 709 4499 977 4562; x_wconf 82' lang='grc' dir='ltr'>πολλάκις</span> <span class='ocrx_word' id='word_1_467' title='bbox 1022 4496 1377 4559; x_wconf 89' lang='grc' dir='ltr'>πεπονθότες.</span> <span class='ocrx_word' id='word_1_468' title='bbox 1425 4495 1663 4549; x_wconf 87' lang='grc' dir='ltr'>Ἔπειτα</span> <span class='ocrx_word' id='word_1_469' title='bbox 1707 4494 1803 4557; x_wconf 86' lang='grc' dir='ltr'>δὲ,</span> <span class='ocrx_word' id='word_1_470' title='bbox 1856 4496 1907 4548; x_wconf 86' lang='grc' dir='ltr'><strong>εί</strong></span> <span class='ocrx_word' id='word_1_471' title='bbox 1956 4494 2053 4549; x_wconf 68' lang='grc' dir='ltr'><strong>καὶ</strong></span> 
     </span>
    </p>
   </div>
   <div class='ocr_carea' id='block_1_66' title="bbox 2788 2832 3124 2890">
    <p class='ocr_par' dir='ltr' id='par_1_66' title="bbox 2788 2832 3124 2890">
     <span class='ocr_line' id='line_1_67' title="bbox 2788 2832 3124 2890; baseline -0.003 -1"><span class='ocrx_word' id='word_1_472' title='bbox 2788 2832 2997 2890; x_wconf 82' lang='lat' dir='ltr'><strong>ACTIO</strong></span> <span class='ocrx_word' id='word_1_473' title='bbox 3035 2835 3124 2890; x_wconf 85' lang='lat' dir='ltr'><strong>Vl.</strong></span> 
     </span>
    </p>
   </div>
   <div class='ocr_carea' id='block_1_67' title="bbox 2230 2926 3739 3000">
    <p class='ocr_par' dir='ltr' id='par_1_67' title="bbox 2230 2926 3739 3000">
     <span class='ocr_line' id='line_1_68' title="bbox 2230 2926 3739 3000; baseline 0.003 -19"><span class='ocrx_word' id='word_1_474' title='bbox 2230 2926 2274 2981; x_wconf 90' lang='grc' dir='ltr'>Ι.</span> <span class='ocrx_word' id='word_1_475' title='bbox 2306 2927 2438 2982; x_wconf 89' lang='lat' dir='ltr'><strong>Post</strong></span> <span class='ocrx_word' id='word_1_476' title='bbox 2463 2942 2527 2983; x_wconf 89' lang='lat' dir='ltr'><strong>ea</strong></span> <span class='ocrx_word' id='word_1_477' title='bbox 2554 2943 2675 2998; x_wconf 57' lang='lat' dir='ltr'><strong>quae.</strong></span> <span class='ocrx_word' id='word_1_478' title='bbox 2710 2927 2977 2983; x_wconf 90' lang='lat' dir='ltr'><strong>hactenus</strong></span> <span class='ocrx_word' id='word_1_479' title='bbox 3005 2928 3383 2997; x_wconf 78' lang='lat' dir='ltr'><strong>exposuimus,</strong></span> <span class='ocrx_word' id='word_1_480' title='bbox 3413 2944 3512 3000; x_wconf 86' lang='lat' dir='ltr'><strong>age</strong></span> <span class='ocrx_word' id='word_1_481' title='bbox 3547 2930 3617 2985; x_wconf 90' lang='lat' dir='ltr'><strong>de</strong></span> <span class='ocrx_word' id='word_1_482' title='bbox 3645 2946 3739 2985; x_wconf 87' lang='lat' dir='ltr'><strong>ar-</strong></span> 
     </span>
    </p>
   </div>
   <div class='ocr_carea' id='block_1_68' title="bbox 2159 3017 3739 3088">
    <p class='ocr_par' dir='ltr' id='par_1_68' title="bbox 2159 3017 3739 3088">
     <span class='ocr_line' id='line_1_69' title="bbox 2159 3017 3739 3088; baseline 0.003 -18"><span class='ocrx_word' id='word_1_483' title='bbox 2159 3017 2435 3087; x_wconf 85' lang='lat' dir='ltr'><strong>gumentis</strong></span> <span class='ocrx_word' id='word_1_484' title='bbox 2466 3032 2686 3088; x_wconf 90' lang='lat' dir='ltr'><strong>quoque</strong></span> <span class='ocrx_word' id='word_1_485' title='bbox 2719 3017 3026 3083; x_wconf 88' lang='lat' dir='ltr'><strong>nonnullis,</strong></span> <span class='ocrx_word' id='word_1_486' title='bbox 3061 3033 3185 3087; x_wconf 69' lang='lat' dir='ltr'><strong>qua:</strong></span> <span class='ocrx_word' id='word_1_487' title='bbox 3213 3032 3406 3073; x_wconf 89' lang='lat' dir='ltr'><strong>omnes</strong></span> <span class='ocrx_word' id='word_1_488' title='bbox 3450 3018 3529 3073; x_wconf 87' lang='lat' dir='ltr'><strong>illi</strong></span> <span class='ocrx_word' id='word_1_489' title='bbox 3564 3019 3739 3075; x_wconf 65' lang='lat' dir='ltr'><strong>Haesi-</strong></span> 
     </span>
    </p>
   </div>
   <div class='ocr_carea' id='block_1_69' title="bbox 2160 3109 3740 3179">
    <p class='ocr_par' dir='ltr' id='par_1_69' title="bbox 2160 3109 3740 3179">
     <span class='ocr_line' id='line_1_70' title="bbox 2160 3109 3740 3179; baseline 0.004 -17"><span class='ocrx_word' id='word_1_490' title='bbox 2160 3116 2342 3164; x_wconf 89' lang='lat' dir='ltr'><strong>tantes</strong></span> <span class='ocrx_word' id='word_1_491' title='bbox 2381 3109 2652 3179; x_wconf 87' lang='lat' dir='ltr'><strong>objiciunt</strong></span> <span class='ocrx_word' id='word_1_492' title='bbox 2688 3109 2970 3173; x_wconf 66' lang='lat' dir='ltr'><strong>Ecclesiae,</strong></span> <span class='ocrx_word' id='word_1_493' title='bbox 3025 3110 3218 3179; x_wconf 90' lang='lat' dir='ltr'><strong>paucis</strong></span> <span class='ocrx_word' id='word_1_494' title='bbox 3267 3109 3624 3167; x_wconf 90' lang='lat' dir='ltr'><strong>disseramus.</strong></span> <span class='ocrx_word' id='word_1_495' title='bbox 3670 3114 3740 3168; x_wconf 88' lang='lat' dir='ltr'><strong>Et</strong></span> 
     </span>
    </p>
   </div>
   <div class='ocr_carea' id='block_1_70' title="bbox 2159 3198 3738 3269">
    <p class='ocr_par' dir='ltr' id='par_1_70' title="bbox 2159 3198 3738 3269">
     <span class='ocr_line' id='line_1_71' title="bbox 2159 3198 3738 3269; baseline 0.004 -17"><span class='ocrx_word' id='word_1_496' title='bbox 2159 3198 2465 3268; x_wconf 88' lang='lat' dir='ltr'><strong>partiamur</strong></span> <span class='ocrx_word' id='word_1_497' title='bbox 2492 3213 2556 3251; x_wconf 90' lang='lat' dir='ltr'><strong>ea</strong></span> <span class='ocrx_word' id='word_1_498' title='bbox 2577 3212 2708 3252; x_wconf 91' lang='lat' dir='ltr'><strong>sane</strong></span> <span class='ocrx_word' id='word_1_499' title='bbox 2734 3198 3046 3267; x_wconf 90' lang='lat' dir='ltr'><strong>tripliciter,</strong></span> <span class='ocrx_word' id='word_1_500' title='bbox 3073 3199 3219 3268; x_wconf 92' lang='lat' dir='ltr'><strong>quod</strong></span> <span class='ocrx_word' id='word_1_501' title='bbox 3247 3201 3448 3269; x_wconf 90' lang='lat' dir='ltr'><strong>partim</strong></span> <span class='ocrx_word' id='word_1_502' title='bbox 3473 3201 3738 3258; x_wconf 87' lang='lat' dir='ltr'><strong>historica</strong></span> 
     </span>
    </p>
   </div>
   <div class='ocr_carea' id='block_1_71' title="bbox 2156 3290 3738 3365">
    <p class='ocr_par' dir='ltr' id='par_1_71' title="bbox 2156 3290 3738 3365">
     <span class='ocr_line' id='line_1_72' title="bbox 2156 3290 3738 3365; baseline 0.003 -20"><span class='ocrx_word' id='word_1_503' title='bbox 2156 3290 2288 3355; x_wconf 90' lang='lat' dir='ltr'><strong>sint,</strong></span> <span class='ocrx_word' id='word_1_504' title='bbox 2326 3297 2541 3360; x_wconf 86' lang='lat' dir='ltr'><strong>sumpta</strong></span> <span class='ocrx_word' id='word_1_505' title='bbox 2577 3290 2646 3345; x_wconf 91' lang='lat' dir='ltr'><strong>de</strong></span> <span class='ocrx_word' id='word_1_506' title='bbox 2696 3290 2765 3345; x_wconf 89' lang='lat' dir='ltr'><strong>iis</strong></span> <span class='ocrx_word' id='word_1_507' title='bbox 2794 3306 2915 3360; x_wconf 79' lang='lat' dir='ltr'><strong>quae</strong></span> <span class='ocrx_word' id='word_1_508' title='bbox 2962 3306 2993 3345; x_wconf 94' lang='lat' dir='ltr'><strong>a</strong></span> <span class='ocrx_word' id='word_1_509' title='bbox 3036 3291 3244 3365; x_wconf 86' lang='lat' dir='ltr'><strong>synodo</strong></span> <span class='ocrx_word' id='word_1_510' title='bbox 3298 3293 3738 3351; x_wconf 86' lang='lat' dir='ltr'><strong>Chalcedonensi</strong></span> 
     </span>
    </p>
   </div>
   <div class='ocr_carea' id='block_1_72' title="bbox 2156 3380 3738 3458">
    <p class='ocr_par' dir='ltr' id='par_1_72' title="bbox 2156 3380 3738 3458">
     <span class='ocr_line' id='line_1_73' title="bbox 2156 3380 3738 3458; baseline 0.005 -23"><span class='ocrx_word' id='word_1_511' title='bbox 2156 3390 2276 3436; x_wconf 85' lang='lat' dir='ltr'><strong>acta</strong></span> <span class='ocrx_word' id='word_1_512' title='bbox 2326 3380 2587 3435; x_wconf 81' lang='lat' dir='ltr'><strong>fuerunt:</strong></span> <span class='ocrx_word' id='word_1_513' title='bbox 2646 3381 2850 3451; x_wconf 89' lang='lat' dir='ltr'><strong>partim</strong></span> <span class='ocrx_word' id='word_1_514' title='bbox 2902 3398 2971 3437; x_wconf 82' lang='lat' dir='ltr'><strong>ex</strong></span> <span class='ocrx_word' id='word_1_515' title='bbox 3042 3384 3372 3454; x_wconf 84' lang='lat' dir='ltr'><strong>syllogismis</strong></span> <span class='ocrx_word' id='word_1_516' title='bbox 3421 3395 3479 3441; x_wconf 90' lang='lat' dir='ltr'><strong>et</strong></span> <span class='ocrx_word' id='word_1_517' title='bbox 3543 3397 3738 3458; x_wconf 81' lang='lat' dir='ltr'><strong>arguta</strong></span> 
     </span>
    </p>
   </div>
   <div class='ocr_carea' id='block_1_73' title="bbox 2156 3471 3733 3545">
    <p class='ocr_par' dir='ltr' id='par_1_73' title="bbox 2156 3471 3733 3545">
     <span class='ocr_line' id='line_1_74' title="bbox 2156 3471 3733 3545; baseline 0.006 -20"><span class='ocrx_word' id='word_1_518' title='bbox 2156 3471 2581 3527; x_wconf 88' lang='lat' dir='ltr'><strong>ratiocinatione</strong></span> <span class='ocrx_word' id='word_1_519' title='bbox 2614 3474 2875 3530; x_wconf 88' lang='lat' dir='ltr'><strong>collecta:</strong></span> <span class='ocrx_word' id='word_1_520' title='bbox 2924 3476 3128 3545; x_wconf 88' lang='lat' dir='ltr'><strong>partim</strong></span> <span class='ocrx_word' id='word_1_521' title='bbox 3172 3491 3241 3531; x_wconf 85' lang='lat' dir='ltr'><strong>ex</strong></span> <span class='ocrx_word' id='word_1_522' title='bbox 3289 3477 3733 3535; x_wconf 87' lang='lat' dir='ltr'><strong>auctoritatibus.</strong></span> 
     </span>
    </p>
   </div>
   <div class='ocr_carea' id='block_1_74' title="bbox 2156 3563 3733 3642">
    <p class='ocr_par' dir='ltr' id='par_1_74' title="bbox 2156 3563 3733 3642">
     <span class='ocr_line' id='line_1_75' title="bbox 2156 3563 3733 3642; baseline 0.006 -25"><span class='ocrx_word' id='word_1_523' title='bbox 2156 3563 2232 3618; x_wconf 91' lang='lat' dir='ltr'><strong>De</strong></span> <span class='ocrx_word' id='word_1_524' title='bbox 2269 3564 2547 3618; x_wconf 88' lang='lat' dir='ltr'><strong>historicis</strong></span> <span class='ocrx_word' id='word_1_525' title='bbox 2582 3565 2819 3633; x_wconf 88' lang='lat' dir='ltr'><strong>primum</strong></span> <span class='ocrx_word' id='word_1_526' title='bbox 2863 3582 3112 3637; x_wconf 83' lang='lat' dir='ltr'><strong>agamus.</strong></span> <span class='ocrx_word' id='word_1_527' title='bbox 3157 3566 3297 3623; x_wconf 91' lang='lat' dir='ltr'><strong>Sunt</strong></span> <span class='ocrx_word' id='word_1_528' title='bbox 3339 3579 3524 3625; x_wconf 86' lang='lat' dir='ltr'><strong>autem</strong></span> <span class='ocrx_word' id='word_1_529' title='bbox 3566 3587 3733 3642; x_wconf 88' lang='lat' dir='ltr'><strong>argu-</strong></span> 
     </span>
    </p>
   </div>
   <div class='ocr_carea' id='block_1_75' title="bbox 2156 3661 3736 3732">
    <p class='ocr_par' dir='ltr' id='par_1_75' title="bbox 2156 3661 3736 3732">
     <span class='ocr_line' id='line_1_76' title="bbox 2156 3661 3736 3732; baseline 0.004 -21"><span class='ocrx_word' id='word_1_530' title='bbox 2156 3668 2341 3712; x_wconf 89' lang='lat' dir='ltr'><strong>menta</strong></span> <span class='ocrx_word' id='word_1_531' title='bbox 2389 3666 2646 3727; x_wconf 87' lang='lat' dir='ltr'><strong>quatuor,</strong></span> <span class='ocrx_word' id='word_1_532' title='bbox 2693 3674 2816 3728; x_wconf 74' lang='lat' dir='ltr'><strong>quae</strong></span> <span class='ocrx_word' id='word_1_533' title='bbox 2881 3675 3072 3715; x_wconf 91' lang='lat' dir='ltr'><strong>sumus</strong></span> <span class='ocrx_word' id='word_1_534' title='bbox 3125 3662 3453 3732; x_wconf 78' lang='lat' dir='ltr'><strong>exposituti.</strong></span> <span class='ocrx_word' id='word_1_535' title='bbox 3488 3661 3736 3718; x_wconf 89' lang='lat' dir='ltr'><strong>Primum</strong></span> 
     </span>
    </p>
   </div>
   <div class='ocr_carea' id='block_1_76' title="bbox 2154 3747 3739 3822">
    <p class='ocr_par' dir='ltr' id='par_1_76' title="bbox 2154 3747 3739 3822">
     <span class='ocr_line' id='line_1_77' title="bbox 2154 3747 3739 3822; baseline 0.005 -20"><span class='ocrx_word' id='word_1_536' title='bbox 2154 3759 2259 3811; x_wconf 88' lang='lat' dir='ltr'><strong>est,</strong></span> <span class='ocrx_word' id='word_1_537' title='bbox 2295 3747 2563 3818; x_wconf 84' lang='lat' dir='ltr'><strong>synodum</strong></span> <span class='ocrx_word' id='word_1_538' title='bbox 2589 3748 3096 3805; x_wconf 84' lang='lat' dir='ltr'><strong>Chalcedonensem</strong></span> <span class='ocrx_word' id='word_1_539' title='bbox 3131 3762 3429 3822; x_wconf 90' lang='lat' dir='ltr'><strong>pr0pterea</strong></span> <span class='ocrx_word' id='word_1_540' title='bbox 3461 3769 3572 3809; x_wconf 92' lang='lat' dir='ltr'><strong>non</strong></span> <span class='ocrx_word' id='word_1_541' title='bbox 3611 3770 3739 3809; x_wconf 86' lang='lat' dir='ltr'><strong>esse</strong></span> 
     </span>
    </p>
   </div>
   <div class='ocr_carea' id='block_1_77' title="bbox 2156 3839 3734 3910">
    <p class='ocr_par' dir='ltr' id='par_1_77' title="bbox 2156 3839 3734 3910">
     <span class='ocr_line' id='line_1_78' title="bbox 2156 3839 3734 3910; baseline 0.006 -18"><span class='ocrx_word' id='word_1_542' title='bbox 2156 3839 2551 3909; x_wconf 85' lang='lat' dir='ltr'><strong>recipiendam,</strong></span> <span class='ocrx_word' id='word_1_543' title='bbox 2585 3840 2733 3910; x_wconf 92' lang='lat' dir='ltr'><strong>quod</strong></span> <span class='ocrx_word' id='word_1_544' title='bbox 2765 3842 2815 3896; x_wconf 91' lang='lat' dir='ltr'><strong>ei</strong></span> <span class='ocrx_word' id='word_1_545' title='bbox 2846 3842 3100 3897; x_wconf 89' lang='lat' dir='ltr'><strong>homines</strong></span> <span class='ocrx_word' id='word_1_546' title='bbox 3128 3843 3508 3902; x_wconf 86' lang='lat' dir='ltr'><strong>inconstantes</strong></span> <span class='ocrx_word' id='word_1_547' title='bbox 3530 3857 3586 3900; x_wconf 87' lang='lat' dir='ltr'><strong>et</strong></span> <span class='ocrx_word' id='word_1_548' title='bbox 3628 3846 3734 3901; x_wconf 90' lang='lat' dir='ltr'><strong>sibi</strong></span> 
     </span>
    </p>
   </div>
   <div class='ocr_carea' id='block_1_78' title="bbox 2155 3929 3738 4009">
    <p class='ocr_par' dir='ltr' id='par_1_78' title="bbox 2155 3929 3738 4009">
     <span class='ocr_line' id='line_1_79' title="bbox 2155 3929 3738 4009; baseline 0.005 -26"><span class='ocrx_word' id='word_1_549' title='bbox 2155 3929 2290 3999; x_wconf 90' lang='lat' dir='ltr'><strong>ipsis</strong></span> <span class='ocrx_word' id='word_1_550' title='bbox 2320 3930 2617 3986; x_wconf 88' lang='lat' dir='ltr'><strong>dissimiles</strong></span> <span class='ocrx_word' id='word_1_551' title='bbox 2648 3933 3026 3988; x_wconf 85' lang='lat' dir='ltr'><strong>interfuerint.</strong></span> <span class='ocrx_word' id='word_1_552' title='bbox 3065 3934 3341 3991; x_wconf 88' lang='lat' dir='ltr'><strong>Nimirum</strong></span> <span class='ocrx_word' id='word_1_553' title='bbox 3368 3952 3464 3993; x_wconf 91' lang='lat' dir='ltr'><strong>eos</strong></span> <span class='ocrx_word' id='word_1_554' title='bbox 3484 3946 3541 3993; x_wconf 93' lang='lat' dir='ltr'><strong>et</strong></span> <span class='ocrx_word' id='word_1_555' title='bbox 3567 3938 3738 4009; x_wconf 85' lang='lat' dir='ltr'><strong>Euty-</strong></span> 
     </span>
    </p>
   </div>
   <div class='ocr_carea' id='block_1_79' title="bbox 2154 4022 3733 4099">
    <p class='ocr_par' dir='ltr' id='par_1_79' title="bbox 2154 4022 3733 4099">
     <span class='ocr_line' id='line_1_80' title="bbox 2154 4022 3733 4099; baseline 0.005 -21"><span class='ocrx_word' id='word_1_556' title='bbox 2154 4023 2314 4078; x_wconf 89' lang='lat' dir='ltr'><strong>chem</strong></span> <span class='ocrx_word' id='word_1_557' title='bbox 2361 4024 2430 4079; x_wconf 91' lang='lat' dir='ltr'><strong>ab</strong></span> <span class='ocrx_word' id='word_1_558' title='bbox 2471 4022 2649 4078; x_wconf 81' lang='lat' dir='ltr'><strong>ollicio</strong></span> <span class='ocrx_word' id='word_1_559' title='bbox 2689 4025 2989 4081; x_wconf 81' lang='lat' dir='ltr'><strong>removisse</strong></span> <span class='ocrx_word' id='word_1_560' title='bbox 3037 4026 3304 4098; x_wconf 89' lang='lat' dir='ltr'><strong>Byzantii,</strong></span> <span class='ocrx_word' id='word_1_561' title='bbox 3352 4038 3409 4084; x_wconf 89' lang='lat' dir='ltr'><strong>et</strong></span> <span class='ocrx_word' id='word_1_562' title='bbox 3447 4029 3733 4099; x_wconf 90' lang='lat' dir='ltr'><strong>Ephesum</strong></span> 
     </span>
    </p>
   </div>
   <div class='ocr_carea' id='block_1_80' title="bbox 2154 4115 3727 4192">
    <p class='ocr_par' dir='ltr' id='par_1_80' title="bbox 2154 4115 3727 4192">
     <span class='ocr_line' id='line_1_81' title="bbox 2154 4115 3727 4192; baseline 0.006 -24"><span class='ocrx_word' id='word_1_563' title='bbox 2154 4115 2450 4185; x_wconf 79' lang='lat' dir='ltr'><strong>profectos,</strong></span> <span class='ocrx_word' id='word_1_564' title='bbox 2482 4115 2783 4187; x_wconf 89' lang='lat' dir='ltr'><strong>Eutychem</strong></span> <span class='ocrx_word' id='word_1_565' title='bbox 2817 4134 2923 4172; x_wconf 91' lang='lat' dir='ltr'><strong>una</strong></span> <span class='ocrx_word' id='word_1_566' title='bbox 2972 4133 3095 4173; x_wconf 92' lang='lat' dir='ltr'><strong>eum</strong></span> <span class='ocrx_word' id='word_1_567' title='bbox 3130 4119 3393 4175; x_wconf 90' lang='lat' dir='ltr'><strong>Dioscoro</strong></span> <span class='ocrx_word' id='word_1_568' title='bbox 3423 4123 3727 4192; x_wconf 89' lang='lat' dir='ltr'><strong>recepisse,</strong></span> 
     </span>
    </p>
   </div>
   <div class='ocr_carea' id='block_1_81' title="bbox 2154 4208 3733 4285">
    <p class='ocr_par' dir='ltr' id='par_1_81' title="bbox 2154 4208 3733 4285">
     <span class='ocr_line' id='line_1_82' title="bbox 2154 4208 3733 4285; baseline 0.006 -24"><span class='ocrx_word' id='word_1_569' title='bbox 2154 4208 2363 4278; x_wconf 87' lang='lat' dir='ltr'><strong>rejeeto</strong></span> <span class='ocrx_word' id='word_1_570' title='bbox 2410 4208 2690 4264; x_wconf 89' lang='lat' dir='ltr'><strong>Flaviano.</strong></span> <span class='ocrx_word' id='word_1_571' title='bbox 2738 4209 2820 4263; x_wconf 90' lang='lat' dir='ltr'><strong>Ad</strong></span> <span class='ocrx_word' id='word_1_572' title='bbox 2869 4210 2973 4265; x_wconf 88' lang='lat' dir='ltr'><strong>hoc</strong></span> <span class='ocrx_word' id='word_1_573' title='bbox 3008 4213 3442 4281; x_wconf 87' lang='lat' dir='ltr'><strong>respondemus,</strong></span> <span class='ocrx_word' id='word_1_574' title='bbox 3496 4217 3733 4285; x_wconf 87' lang='lat' dir='ltr'><strong>primum</strong></span> 
     </span>
    </p>
   </div>
   <div class='ocr_carea' id='block_1_82' title="bbox 2152 4300 3737 4378">
    <p class='ocr_par' dir='ltr' id='par_1_82' title="bbox 2152 4300 3737 4378">
     <span class='ocr_line' id='line_1_83' title="bbox 2152 4300 3737 4378; baseline 0.005 -23"><span class='ocrx_word' id='word_1_575' title='bbox 2152 4300 2545 4371; x_wconf 80' lang='lat' dir='ltr'><strong>expendendas</strong></span> <span class='ocrx_word' id='word_1_576' title='bbox 2574 4317 2697 4357; x_wconf 88' lang='lat' dir='ltr'><strong>esse</strong></span> <span class='ocrx_word' id='word_1_577' title='bbox 2732 4318 2821 4357; x_wconf 86' lang='lat' dir='ltr'><strong>res</strong></span> <span class='ocrx_word' id='word_1_578' title='bbox 2857 4302 3147 4359; x_wconf 87' lang='lat' dir='ltr'><strong>humanas.</strong></span> <span class='ocrx_word' id='word_1_579' title='bbox 3179 4305 3313 4359; x_wconf 88' lang='lat' dir='ltr'><strong>Nam</strong></span> <span class='ocrx_word' id='word_1_580' title='bbox 3344 4317 3399 4361; x_wconf 90' lang='lat' dir='ltr'><strong>et</strong></span> <span class='ocrx_word' id='word_1_581' title='bbox 3429 4307 3559 4363; x_wconf 86' lang='lat' dir='ltr'><strong>alibi</strong></span> <span class='ocrx_word' id='word_1_582' title='bbox 3611 4311 3737 4378; x_wconf 88' lang='lat' dir='ltr'><strong>qui-</strong></span> 
     </span>
    </p>
   </div>
   <div class='ocr_carea' id='block_1_83' title="bbox 2154 4393 3733 4470">
    <p class='ocr_par' dir='ltr' id='par_1_83' title="bbox 2154 4393 3733 4470">
     <span class='ocr_line' id='line_1_84' title="bbox 2154 4393 3733 4470; baseline 0.004 -23"><span class='ocrx_word' id='word_1_583' title='bbox 2154 4393 2386 4449; x_wconf 88' lang='lat' dir='ltr'><strong>busdam</strong></span> <span class='ocrx_word' id='word_1_584' title='bbox 2415 4394 2621 4450; x_wconf 89' lang='lat' dir='ltr'><strong>sanctis</strong></span> <span class='ocrx_word' id='word_1_585' title='bbox 2663 4394 3093 4465; x_wconf 86' lang='lat' dir='ltr'><strong>approbatisque</strong></span> <span class='ocrx_word' id='word_1_586' title='bbox 3119 4396 3377 4453; x_wconf 88' lang='lat' dir='ltr'><strong>Patribus</strong></span> <span class='ocrx_word' id='word_1_587' title='bbox 3407 4399 3733 4470; x_wconf 89' lang='lat' dir='ltr'><strong>hujusmodi</strong></span> 
     </span>
    </p>
   </div>
   <div class='ocr_carea' id='block_1_84' title="bbox 2155 4484 3733 4555">
    <p class='ocr_par' dir='ltr' id='par_1_84' title="bbox 2155 4484 3733 4555">
     <span class='ocr_line' id='line_1_85' title="bbox 2155 4484 3733 4555; baseline 0.005 -18"><span class='ocrx_word' id='word_1_588' title='bbox 2155 4484 2288 4555; x_wconf 92' lang='lat' dir='ltr'><strong>quid</strong></span> <span class='ocrx_word' id='word_1_589' title='bbox 2314 4485 2582 4541; x_wconf 87' lang='lat' dir='ltr'><strong>accidisse</strong></span> <span class='ocrx_word' id='word_1_590' title='bbox 2627 4501 3008 4555; x_wconf 71' lang='lat' dir='ltr'><strong>saepenumero</strong></span> <span class='ocrx_word' id='word_1_591' title='bbox 3035 4495 3272 4543; x_wconf 87' lang='lat' dir='ltr'><strong>constat.</strong></span> <span class='ocrx_word' id='word_1_592' title='bbox 3302 4489 3534 4555; x_wconf 89' lang='lat' dir='ltr'><strong>Deinde,</strong></span> <span class='ocrx_word' id='word_1_593' title='bbox 3574 4492 3619 4545; x_wconf 91' lang='lat' dir='ltr'><strong>si</strong></span> <span class='ocrx_word' id='word_1_594' title='bbox 3647 4491 3733 4545; x_wconf 89' lang='lat' dir='ltr'><strong>vel</strong></span> 
     </span>
    </p>
   </div>
   <div class='ocr_carea' id='block_1_85' title="bbox 472 4578 2053 4661">
    <p class='ocr_par' dir='ltr' id='par_1_85' title="bbox 472 4583 2053 4661">
     <span class='ocr_line' id='line_1_86' title="bbox 472 4583 2053 4661; baseline -0.003 -16"><span class='ocrx_word' id='word_1_595' title='bbox 472 4592 633 4646; x_wconf 84' lang='grc' dir='ltr'>πέντε</span> <span class='ocrx_word' id='word_1_596' title='bbox 657 4630 673 4654; x_wconf 90' lang='grc'><strong>,</strong></span> <span class='ocrx_word' id='word_1_597' title='bbox 723 4590 756 4661; x_wconf 82' lang='grc' dir='ltr'>ἢ</span> <span class='ocrx_word' id='word_1_598' title='bbox 803 4589 1125 4661; x_wconf 84' lang='grc' dir='ltr'>τριάκοντα,</span> <span class='ocrx_word' id='word_1_599' title='bbox 1159 4588 1193 4656; x_wconf 79' lang='grc' dir='ltr'>ἢ</span> <span class='ocrx_word' id='word_1_600' title='bbox 1229 4587 1404 4641; x_wconf 87' lang='grc' dir='ltr'>πλείω</span> <span class='ocrx_word' id='word_1_601' title='bbox 1436 4586 1547 4641; x_wconf 79' lang='grc' dir='ltr'>ἀπὸ</span> <span class='ocrx_word' id='word_1_602' title='bbox 1578 4586 1686 4639; x_wconf 85' lang='grc' dir='ltr'>τῶν</span> <span class='ocrx_word' id='word_1_603' title='bbox 1716 4583 1795 4657; x_wconf 79' lang='grc' dir='ltr'>χλ¹</span> <span class='ocrx_word' id='word_1_604' title='bbox 1826 4585 2053 4641; x_wconf 81' lang='grc' dir='ltr'>ἐκείνων</span> 
     </span>
    </p>
   </div>
   <div class='ocr_carea' id='block_1_86' title="bbox 2155 4578 3732 4661">
    <p class='ocr_par' dir='ltr' id='par_1_86' title="bbox 2155 4578 3732 4651">
     <span class='ocr_line' id='line_1_87' title="bbox 2155 4578 3732 4651; baseline 0.003 -19"><span class='ocrx_word' id='word_1_605' title='bbox 2155 4578 2391 4633; x_wconf 87' lang='lat' dir='ltr'><strong>maxime</strong></span> <span class='ocrx_word' id='word_1_606' title='bbox 2417 4578 2683 4648; x_wconf 90' lang='lat' dir='ltr'><strong>quinque,</strong></span> <span class='ocrx_word' id='word_1_607' title='bbox 2712 4578 2797 4633; x_wconf 89' lang='lat' dir='ltr'><strong>vel</strong></span> <span class='ocrx_word' id='word_1_608' title='bbox 2827 4579 3071 4650; x_wconf 86' lang='lat' dir='ltr'><strong>triginta,</strong></span> <span class='ocrx_word' id='word_1_609' title='bbox 3095 4582 3180 4637; x_wconf 85' lang='lat' dir='ltr'><strong>vel</strong></span> <span class='ocrx_word' id='word_1_610' title='bbox 3209 4582 3396 4651; x_wconf 90' lang='lat' dir='ltr'><strong>plures</strong></span> <span class='ocrx_word' id='word_1_611' title='bbox 3420 4598 3487 4637; x_wconf 77' lang='lat' dir='ltr'><strong>ex</strong></span> <span class='ocrx_word' id='word_1_612' title='bbox 3513 4583 3732 4642; x_wconf 90' lang='lat' dir='ltr'><strong>illorum</strong></span> 
     </span>
    </p>
   </div>
   <div class='ocr_carea' id='block_1_87' title="bbox 470 4678 2051 4752">
    <p class='ocr_par' dir='ltr' id='par_1_87' title="bbox 470 4678 2051 4752">
     <span class='ocr_line' id='line_1_88' title="bbox 470 4678 2051 4752; baseline -0.003 -17"><span class='ocrx_word' id='word_1_613' title='bbox 470 4682 789 4752; x_wconf 85' lang='grc' dir='ltr'>εὑρεθέντες</span> <span class='ocrx_word' id='word_1_614' title='bbox 837 4683 896 4735; x_wconf 81' lang='grc' dir='ltr'><strong>ἐν</strong></span> <span class='ocrx_word' id='word_1_615' title='bbox 934 4683 1000 4752; x_wconf 76' lang='grc' dir='ltr'>τῇ</span> <span class='ocrx_word' id='word_1_616' title='bbox 1040 4679 1247 4750; x_wconf 84' lang='grc' dir='ltr'>συνόδῳ</span> <span class='ocrx_word' id='word_1_617' title='bbox 1276 4679 1561 4749; x_wconf 82' lang='grc' dir='ltr'>ἐφάνησαν</span> <span class='ocrx_word' id='word_1_618' title='bbox 1589 4678 1952 4749; x_wconf 87' lang='grc' dir='ltr'>παλίμϐολοι,</span> <span class='ocrx_word' id='word_1_619' title='bbox 1988 4678 2051 4732; x_wconf 91' lang='grc' dir='ltr'><strong>οὑ</strong></span> 
     </span>
    </p>
   </div>
   <div class='ocr_carea' id='block_1_88' title="bbox 470 4770 2050 4844">
    <p class='ocr_par' dir='ltr' id='par_1_88' title="bbox 470 4770 2050 4844">
     <span class='ocr_line' id='line_1_89' title="bbox 470 4770 2050 4844; baseline -0.002 -16"><span class='ocrx_word' id='word_1_620' title='bbox 470 4774 559 4829; x_wconf 86' lang='grc' dir='ltr'>διὰ</span> <span class='ocrx_word' id='word_1_621' title='bbox 607 4772 768 4827; x_wconf 82' lang='grc' dir='ltr'>τοῦτο</span> <span class='ocrx_word' id='word_1_622' title='bbox 821 4772 930 4844; x_wconf 82' lang='grc' dir='ltr'>χρὴ</span> <span class='ocrx_word' id='word_1_623' title='bbox 980 4770 1060 4842; x_wconf 78' lang='grc' dir='ltr'>χλ¹</span> <span class='ocrx_word' id='word_1_624' title='bbox 1097 4771 1311 4841; x_wconf 84' lang='grc' dir='ltr'>ἀνδρῶν</span> <span class='ocrx_word' id='word_1_625' title='bbox 1361 4772 1580 4826; x_wconf 87' lang='grc' dir='ltr'>σύνοδον</span> <span class='ocrx_word' id='word_1_626' title='bbox 1621 4770 2050 4825; x_wconf 83' lang='grc' dir='ltr'>ἀποϐάλλεσθαι.</span> 
     </span>
    </p>
   </div>
   <div class='ocr_carea' id='block_1_89' title="bbox 471 4862 2049 4937">
    <p class='ocr_par' dir='ltr' id='par_1_89' title="bbox 471 4862 2049 4937">
     <span class='ocr_line' id='line_1_90' title="bbox 471 4862 2049 4937; baseline -0.003 -18"><span class='ocrx_word' id='word_1_627' title='bbox 471 4869 734 4936; x_wconf 87' lang='grc' dir='ltr'>Δεύτερον</span> <span class='ocrx_word' id='word_1_628' title='bbox 764 4865 822 4919; x_wconf 87' lang='grc' dir='ltr'><strong>δέ</strong></span> <span class='ocrx_word' id='word_1_629' title='bbox 854 4864 1193 4937; x_wconf 86' lang='grc' dir='ltr'>ἐπιχείρημά</span> <span class='ocrx_word' id='word_1_630' title='bbox 1225 4865 1376 4918; x_wconf 88' lang='grc' dir='ltr'>ἐστιν</span> <span class='ocrx_word' id='word_1_631' title='bbox 1406 4863 1500 4917; x_wconf 80' lang='grc' dir='ltr'>ἐπὶ</span> <span class='ocrx_word' id='word_1_632' title='bbox 1526 4863 1686 4916; x_wconf 82' lang='grc' dir='ltr'>τοῦτο</span> <span class='ocrx_word' id='word_1_633' title='bbox 1709 4903 1724 4927; x_wconf 92' lang='grc'><strong>,</strong></span> <span class='ocrx_word' id='word_1_634' title='bbox 1780 4863 1864 4917; x_wconf 77' lang='grc' dir='ltr'><strong>ὅτι</strong></span> <span class='ocrx_word' id='word_1_635' title='bbox 1908 4862 2049 4934; x_wconf 79' lang='grc' dir='ltr'>αὕτη</span> 
     </span>
    </p>
   </div>
   <div class='ocr_carea' id='block_1_90' title="bbox 470 4952 2053 5028">
    <p class='ocr_par' dir='ltr' id='par_1_90' title="bbox 470 4952 2053 5028">
     <span class='ocr_line' id='line_1_91' title="bbox 470 4952 2053 5028; baseline -0.002 -18"><span class='ocrx_word' id='word_1_636' title='bbox 470 4960 503 5027; x_wconf 84' lang='grc' dir='ltr'>ἡ</span> <span class='ocrx_word' id='word_1_637' title='bbox 534 4959 593 5012; x_wconf 91' lang='grc' dir='ltr'><strong>ἐν</strong></span> <span class='ocrx_word' id='word_1_638' title='bbox 617 4957 928 5028; x_wconf 87' lang='grc' dir='ltr'>Χαλκηδόνι</span> <span class='ocrx_word' id='word_1_639' title='bbox 958 4955 1202 5019; x_wconf 86' lang='grc' dir='ltr'>σύνοδος,</span> <span class='ocrx_word' id='word_1_640' title='bbox 1230 4956 1305 5019; x_wconf 85' lang='grc' dir='ltr'><strong>ὡς</strong></span> <span class='ocrx_word' id='word_1_641' title='bbox 1329 4955 1478 5009; x_wconf 80' lang='grc' dir='ltr'>ἐστιν</span> <span class='ocrx_word' id='word_1_642' title='bbox 1504 4955 1567 5009; x_wconf 82' lang='grc' dir='ltr'><strong>ἐκ</strong></span> <span class='ocrx_word' id='word_1_643' title='bbox 1590 4953 1698 5008; x_wconf 84' lang='grc' dir='ltr'><strong>τῶν</strong></span> <span class='ocrx_word' id='word_1_644' title='bbox 1724 4952 2053 5025; x_wconf 86' lang='grc' dir='ltr'>πεπραγμέ-</span> 
     </span>
    </p>
   </div>
   <div class='ocr_carea' id='block_1_91' title="bbox 470 5047 2048 5120">
    <p class='ocr_par' dir='ltr' id='par_1_91' title="bbox 470 5047 2048 5120">
     <span class='ocr_line' id='line_1_92' title="bbox 470 5047 2048 5120; baseline -0.003 -17"><span class='ocrx_word' id='word_1_645' title='bbox 470 5067 577 5103; x_wconf 90' lang='grc' dir='ltr'><strong>νων</strong></span> <span class='ocrx_word' id='word_1_646' title='bbox 612 5050 751 5120; x_wconf 80' lang='grc' dir='ltr'>αὑτῇ</span> <span class='ocrx_word' id='word_1_647' title='bbox 786 5049 1003 5120; x_wconf 88' lang='grc' dir='ltr'>μαθεῖν,</span> <span class='ocrx_word' id='word_1_648' title='bbox 1040 5049 1291 5118; x_wconf 87' lang='grc' dir='ltr'>φαίνεται</span> <span class='ocrx_word' id='word_1_649' title='bbox 1324 5048 1576 5113; x_wconf 73' lang='grc' dir='ltr'>εἰποῦσα,</span> <span class='ocrx_word' id='word_1_650' title='bbox 1615 5048 1697 5100; x_wconf 83' lang='grc' dir='ltr'>ὅτι</span> <span class='ocrx_word' id='word_1_651' title='bbox 1733 5048 1808 5101; x_wconf 90' lang='grc' dir='ltr'>Οὑ</span> <span class='ocrx_word' id='word_1_652' title='bbox 1841 5047 1930 5101; x_wconf 83' lang='grc' dir='ltr'><strong>διὰ</strong></span> <span class='ocrx_word' id='word_1_653' title='bbox 1955 5047 2048 5100; x_wconf 89' lang='grc' dir='ltr'>πί-</span> 
     </span>
    </p>
   </div>
   <div class='ocr_carea' id='block_1_92' title="bbox 471 5138 2049 5213">
    <p class='ocr_par' dir='ltr' id='par_1_92' title="bbox 471 5138 2049 5213">
     <span class='ocr_line' id='line_1_93' title="bbox 471 5138 2049 5213; baseline -0.003 -18"><span class='ocrx_word' id='word_1_654' title='bbox 471 5160 589 5196; x_wconf 86' lang='grc' dir='ltr'>στιν</span> <span class='ocrx_word' id='word_1_655' title='bbox 620 5141 902 5213; x_wconf 81' lang='grc' dir='ltr'>καθῃρέθη</span> <span class='ocrx_word' id='word_1_656' title='bbox 936 5144 965 5195; x_wconf 86' lang='grc' dir='ltr'><strong>ό</strong></span> <span class='ocrx_word' id='word_1_657' title='bbox 996 5141 1310 5212; x_wconf 86' lang='grc' dir='ltr'>Διόσκορος.</span> <span class='ocrx_word' id='word_1_658' title='bbox 1361 5142 1506 5212; x_wconf 80' lang='grc' dir='ltr'><strong>Ἀρα</strong></span> <span class='ocrx_word' id='word_1_659' title='bbox 1539 5140 1702 5203; x_wconf 85' lang='grc' dir='ltr'>αὑτὸς</span> <span class='ocrx_word' id='word_1_660' title='bbox 1734 5140 1833 5209; x_wconf 80' lang='grc' dir='ltr'><strong>μὲν</strong></span> <span class='ocrx_word' id='word_1_661' title='bbox 1867 5138 2049 5202; x_wconf 81' lang='grc' dir='ltr'>καλῶς</span> 
     </span>
    </p>
   </div>
   <div class='ocr_carea' id='block_1_93' title="bbox 468 5230 2045 5304">
    <p class='ocr_par' dir='ltr' id='par_1_93' title="bbox 468 5230 2045 5304">
     <span class='ocr_line' id='line_1_94' title="bbox 468 5230 2045 5304; baseline -0.002 -19"><span class='ocrx_word' id='word_1_662' title='bbox 468 5233 763 5298; x_wconf 79' lang='grc' dir='ltr'>ἐδόξασεν,</span> <span class='ocrx_word' id='word_1_663' title='bbox 820 5234 854 5304; x_wconf 76' lang='grc' dir='ltr'><strong>ἡ</strong></span> <span class='ocrx_word' id='word_1_664' title='bbox 900 5233 961 5286; x_wconf 76' lang='grc' dir='ltr'>δὲ</span> <span class='ocrx_word' id='word_1_665' title='bbox 1013 5231 1233 5295; x_wconf 89' lang='grc' dir='ltr'>σύνοδος</span> <span class='ocrx_word' id='word_1_666' title='bbox 1276 5230 1467 5294; x_wconf 85' lang='grc' dir='ltr'>κακῶς</span> <span class='ocrx_word' id='word_1_667' title='bbox 1526 5230 1692 5284; x_wconf 84' lang='grc' dir='ltr'>αὑτὸν</span> <span class='ocrx_word' id='word_1_668' title='bbox 1720 5230 2045 5283; x_wconf 85' lang='grc' dir='ltr'>ἀπεϐάλετο.</span> 
     </span>
    </p>
   </div>
   <div class='ocr_carea' id='block_1_94' title="bbox 469 5320 2045 5393">
    <p class='ocr_par' dir='ltr' id='par_1_94' title="bbox 469 5320 2045 5393">
     <span class='ocr_line' id='line_1_95' title="bbox 469 5320 2045 5393; baseline -0.004 -16"><span class='ocrx_word' id='word_1_669' title='bbox 469 5324 582 5377; x_wconf 82' lang='grc' dir='ltr'>Καὶ</span> <span class='ocrx_word' id='word_1_670' title='bbox 614 5323 733 5387; x_wconf 86' lang='grc' dir='ltr'>πῶς</span> <span class='ocrx_word' id='word_1_671' title='bbox 759 5324 862 5393; x_wconf 83' lang='grc' dir='ltr'><strong>τὴν</strong></span> <span class='ocrx_word' id='word_1_672' title='bbox 886 5324 1147 5393; x_wconf 84' lang='grc' dir='ltr'>τοιαύτην</span> <span class='ocrx_word' id='word_1_673' title='bbox 1176 5322 1395 5376; x_wconf 90' lang='grc' dir='ltr'>σύνοδον</span> <span class='ocrx_word' id='word_1_674' title='bbox 1423 5321 1620 5391; x_wconf 74' lang='grc' dir='ltr'>ἔχομεν</span> <span class='ocrx_word' id='word_1_675' title='bbox 1648 5320 2045 5387; x_wconf 79' lang='grc' dir='ltr'>ἀποδέξασθαι;</span> 
     </span>
    </p>
   </div>
   <div class='ocr_carea' id='block_1_95' title="bbox 472 5410 2047 5484">
    <p class='ocr_par' dir='ltr' id='par_1_95' title="bbox 472 5410 2047 5484">
     <span class='ocr_line' id='line_1_96' title="bbox 472 5410 2047 5484; baseline -0.003 -16"><span class='ocrx_word' id='word_1_676' title='bbox 472 5415 658 5482; x_wconf 80' lang='grc' dir='ltr'>Ἀξιον</span> <span class='ocrx_word' id='word_1_677' title='bbox 686 5417 744 5471; x_wconf 84' lang='grc' dir='ltr'><strong>δέ</strong></span> <span class='ocrx_word' id='word_1_678' title='bbox 768 5418 916 5470; x_wconf 91' lang='grc' dir='ltr'>ἐστιν</span> <span class='ocrx_word' id='word_1_679' title='bbox 937 5457 953 5481; x_wconf 88' lang='grc'><strong>,</strong></span> <span class='ocrx_word' id='word_1_680' title='bbox 1011 5415 1204 5484; x_wconf 80' lang='grc' dir='ltr'>ἐπειδὴ</span> <span class='ocrx_word' id='word_1_681' title='bbox 1244 5417 1340 5469; x_wconf 79' lang='grc' dir='ltr'>καὶ</span> <span class='ocrx_word' id='word_1_682' title='bbox 1368 5414 1497 5469; x_wconf 83' lang='grc' dir='ltr'>ἄλλο</span> <span class='ocrx_word' id='word_1_683' title='bbox 1524 5415 1728 5469; x_wconf 84' lang='grc' dir='ltr'>ἄτοπον</span> <span class='ocrx_word' id='word_1_684' title='bbox 1761 5413 1827 5466; x_wconf 88' lang='grc' dir='ltr'><strong>ἐκ</strong></span> <span class='ocrx_word' id='word_1_685' title='bbox 1854 5410 2047 5465; x_wconf 89' lang='grc' dir='ltr'>τούτου</span> 
     </span>
    </p>
   </div>
   <div class='ocr_carea' id='block_1_96' title="bbox 469 5502 2046 5578">
    <p class='ocr_par' dir='ltr' id='par_1_96' title="bbox 469 5502 2046 5578">
     <span class='ocr_line' id='line_1_97' title="bbox 469 5502 2046 5578; baseline -0.003 -19"><span class='ocrx_word' id='word_1_686' title='bbox 469 5509 601 5576; x_wconf 73' lang='grc' dir='ltr'>ἡμῖν</span> <span class='ocrx_word' id='word_1_687' title='bbox 630 5507 1034 5578; x_wconf 86' lang='grc' dir='ltr'>ἀναφαίνεται,</span> <span class='ocrx_word' id='word_1_688' title='bbox 1102 5506 1281 5559; x_wconf 77' lang='grc' dir='ltr'>εἰπεῖν</span> <span class='ocrx_word' id='word_1_689' title='bbox 1322 5504 1470 5567; x_wconf 89' lang='grc' dir='ltr'>τίνος</span> <span class='ocrx_word' id='word_1_690' title='bbox 1503 5503 1817 5575; x_wconf 86' lang='grc' dir='ltr'>κινηθέντος</span> <span class='ocrx_word' id='word_1_691' title='bbox 1847 5502 2046 5574; x_wconf 86' lang='grc' dir='ltr'>ἐλέχθη</span> 
     </span>
    </p>
   </div>
   <div class='ocr_carea' id='block_1_97' title="bbox 467 5597 931 5669">
    <p class='ocr_par' dir='ltr' id='par_1_97' title="bbox 467 5597 931 5669">
     <span class='ocr_line' id='line_1_98' title="bbox 467 5597 931 5669; baseline 0.002 -18"><span class='ocrx_word' id='word_1_692' title='bbox 467 5597 530 5651; x_wconf 78' lang='grc' dir='ltr'>τὸ</span> <span class='ocrx_word' id='word_1_693' title='bbox 558 5597 723 5669; x_wconf 80' lang='grc' dir='ltr'>ῥητὸν</span> <span class='ocrx_word' id='word_1_694' title='bbox 751 5597 931 5653; x_wconf 82' lang='grc' dir='ltr'>τοῦτο.</span> 
     </span>
    </p>
   </div>
   <div class='ocr_carea' id='block_1_98' title="bbox 551 5683 2045 5760">
    <p class='ocr_par' dir='ltr' id='par_1_98' title="bbox 551 5683 2045 5760">
     <span class='ocr_line' id='line_1_99' title="bbox 551 5683 2045 5760; baseline -0.002 -19"><span class='ocrx_word' id='word_1_695' title='bbox 551 5687 745 5744; x_wconf 77' lang='grc' dir='ltr'>’ἰστέον</span> <span class='ocrx_word' id='word_1_696' title='bbox 760 5685 981 5754; x_wconf 83' lang='grc' dir='ltr'>οὗν,ὃτι</span> <span class='ocrx_word' id='word_1_697' title='bbox 1009 5683 1507 5760; x_wconf 87' lang='grc' dir='ltr'>συναχθέντωντῶν</span> <span class='ocrx_word' id='word_1_698' title='bbox 1533 5684 1613 5756; x_wconf 82' lang='grc' dir='ltr'>χλ¹</span> <span class='ocrx_word' id='word_1_699' title='bbox 1644 5684 1703 5740; x_wconf 86' lang='grc' dir='ltr'><strong>ἐν</strong></span> <span class='ocrx_word' id='word_1_700' title='bbox 1722 5684 2045 5751; x_wconf 85' lang='grc' dir='ltr'>Χαλκηδόνι,</span> 
     </span>
    </p>
   </div>
   <div class='ocr_carea' id='block_1_99' title="bbox 471 5776 2046 5850">
    <p class='ocr_par' dir='ltr' id='par_1_99' title="bbox 471 5776 2046 5850">
     <span class='ocr_line' id='line_1_100' title="bbox 471 5776 2046 5850; baseline -0.001 -18"><span class='ocrx_word' id='word_1_701' title='bbox 471 5780 566 5833; x_wconf 76' lang='grc' dir='ltr'>καὶ</span> <span class='ocrx_word' id='word_1_702' title='bbox 600 5782 947 5837; x_wconf 88' lang='grc' dir='ltr'>καθελόντων</span> <span class='ocrx_word' id='word_1_703' title='bbox 978 5782 1070 5837; x_wconf 75' lang='grc' dir='ltr'><strong>τὸν</strong></span> <span class='ocrx_word' id='word_1_704' title='bbox 1104 5782 1396 5850; x_wconf 89' lang='grc' dir='ltr'>Διόσκορον</span> <span class='ocrx_word' id='word_1_705' title='bbox 1420 5815 1436 5839; x_wconf 84' lang='lat'><strong>,</strong></span> <span class='ocrx_word' id='word_1_706' title='bbox 1490 5778 1632 5847; x_wconf 82' lang='grc' dir='ltr'>μετὰ</span> <span class='ocrx_word' id='word_1_707' title='bbox 1656 5776 1832 5832; x_wconf 81' lang='grc' dir='ltr'>ταῦτα</span> <span class='ocrx_word' id='word_1_708' title='bbox 1864 5776 2046 5842; x_wconf 76' lang='grc' dir='ltr'>ἔδοξεν</span> 
     </span>
    </p>
   </div>
   <div class='ocr_carea' id='block_1_100' title="bbox 467 5867 2040 5946">
    <p class='ocr_par' dir='ltr' id='par_1_100' title="bbox 467 5867 2040 5946">
     <span class='ocr_line' id='line_1_101' title="bbox 467 5867 2040 5946; baseline -0.001 -20"><span class='ocrx_word' id='word_1_709' title='bbox 467 5872 655 5946; x_wconf 63' lang='grc' dir='ltr'>αὐτοῖς</span> <span class='ocrx_word' id='word_1_710' title='bbox 679 5914 695 5943; x_wconf 88' lang='grc'><strong>,</strong></span> <span class='ocrx_word' id='word_1_711' title='bbox 749 5874 892 5930; x_wconf 79' lang='grc' dir='ltr'>ὥστε</span> <span class='ocrx_word' id='word_1_712' title='bbox 939 5874 1069 5943; x_wconf 80' lang='grc' dir='ltr'>ὅρον</span> <span class='ocrx_word' id='word_1_713' title='bbox 1110 5873 1347 5935; x_wconf 88' lang='grc' dir='ltr'>πίστεως</span> <span class='ocrx_word' id='word_1_714' title='bbox 1397 5867 1493 5924; x_wconf 73' lang='grc' dir='ltr'><strong>καὶ</strong></span> <span class='ocrx_word' id='word_1_715' title='bbox 1532 5869 1762 5941; x_wconf 84' lang='grc' dir='ltr'>μάθημα</span> <span class='ocrx_word' id='word_1_716' title='bbox 1796 5869 2040 5942; x_wconf 84' lang='grc' dir='ltr'>ποιῆσαι.</span> 
     </span>
    </p>
   </div>
   <div class='ocr_carea' id='block_1_101' title="bbox 2156 4669 3736 4744">
    <p class='ocr_par' dir='ltr' id='par_1_101' title="bbox 2156 4669 3736 4744">
     <span class='ocr_line' id='line_1_102' title="bbox 2156 4669 3736 4744; baseline 0.002 -19"><span class='ocrx_word' id='word_1_717' title='bbox 2156 4669 2261 4725; x_wconf 79' lang='grc'><strong>650</strong></span> <span class='ocrx_word' id='word_1_718' title='bbox 2310 4670 2530 4724; x_wconf 86' lang='lat' dir='ltr'><strong>Patrum</strong></span> <span class='ocrx_word' id='word_1_719' title='bbox 2560 4684 2815 4735; x_wconf 91' lang='lat' dir='ltr'><strong>numero,</strong></span> <span class='ocrx_word' id='word_1_720' title='bbox 2842 4670 3047 4739; x_wconf 83' lang='lat' dir='ltr'><strong>reperti</strong></span> <span class='ocrx_word' id='word_1_721' title='bbox 3077 4669 3305 4726; x_wconf 83' lang='lat' dir='ltr'><strong>fuerunt</strong></span> <span class='ocrx_word' id='word_1_722' title='bbox 3337 4672 3395 4726; x_wconf 92' lang='lat' dir='ltr'><strong>in</strong></span> <span class='ocrx_word' id='word_1_723' title='bbox 3425 4673 3653 4744; x_wconf 83' lang='lat' dir='ltr'><strong>synodo,</strong></span> <span class='ocrx_word' id='word_1_724' title='bbox 3678 4684 3736 4728; x_wconf 85' lang='lat' dir='ltr'><strong>et</strong></span> 
     </span>
    </p>
   </div>
   <div class='ocr_carea' id='block_1_102' title="bbox 2155 4762 3734 4837">
    <p class='ocr_par' dir='ltr' id='par_1_102' title="bbox 2155 4762 3734 4837">
     <span class='ocr_line' id='line_1_103' title="bbox 2155 4762 3734 4837; baseline 0.001 -20"><span class='ocrx_word' id='word_1_725' title='bbox 2155 4763 2533 4818; x_wconf 86' lang='lat' dir='ltr'><strong>inconstantes</strong></span> <span class='ocrx_word' id='word_1_726' title='bbox 2559 4762 2691 4816; x_wconf 87' lang='lat' dir='ltr'><strong>visi:</strong></span> <span class='ocrx_word' id='word_1_727' title='bbox 2727 4777 2838 4816; x_wconf 93' lang='lat' dir='ltr'><strong>non</strong></span> <span class='ocrx_word' id='word_1_728' title='bbox 2862 4770 3156 4832; x_wconf 91' lang='lat' dir='ltr'><strong>propterea</strong></span> <span class='ocrx_word' id='word_1_729' title='bbox 3181 4763 3285 4819; x_wconf 81' lang='grc'><strong>650</strong></span> <span class='ocrx_word' id='word_1_730' title='bbox 3314 4766 3562 4819; x_wconf 90' lang='lat' dir='ltr'><strong>virorum</strong></span> <span class='ocrx_word' id='word_1_731' title='bbox 3601 4779 3702 4837; x_wconf 86' lang='lat' dir='ltr'><strong>syn</strong></span> <span class='ocrx_word' id='word_1_732' title='bbox 3719 4793 3734 4806; x_wconf 92' lang='lat'><strong>-</strong></span> 
     </span>
    </p>
   </div>
   <div class='ocr_carea' id='block_1_103' title="bbox 2154 4853 3730 4927">
    <p class='ocr_par' dir='ltr' id='par_1_103' title="bbox 2154 4853 3730 4927">
     <span class='ocr_line' id='line_1_104' title="bbox 2154 4853 3730 4927; baseline 0.001 -17"><span class='ocrx_word' id='word_1_733' title='bbox 2154 4855 2294 4910; x_wconf 93' lang='lat' dir='ltr'><strong>odus</strong></span> <span class='ocrx_word' id='word_1_734' title='bbox 2344 4854 2496 4925; x_wconf 89' lang='lat' dir='ltr'><strong>rejici</strong></span> <span class='ocrx_word' id='word_1_735' title='bbox 2521 4853 2705 4909; x_wconf 86' lang='lat' dir='ltr'><strong>debet.</strong></span> <span class='ocrx_word' id='word_1_736' title='bbox 2736 4853 2987 4908; x_wconf 85' lang='lat' dir='ltr'><strong>Alterum</strong></span> <span class='ocrx_word' id='word_1_737' title='bbox 3012 4863 3401 4927; x_wconf 79' lang='lat' dir='ltr'><strong>argumentum</strong></span> <span class='ocrx_word' id='word_1_738' title='bbox 3446 4866 3552 4920; x_wconf 87' lang='lat' dir='ltr'><strong>est,</strong></span> <span class='ocrx_word' id='word_1_739' title='bbox 3582 4858 3730 4925; x_wconf 91' lang='lat' dir='ltr'><strong>quod</strong></span> 
     </span>
    </p>
   </div>
   <div class='ocr_carea' id='block_1_104' title="bbox 2155 4935 3731 5010">
    <p class='ocr_par' dir='ltr' id='par_1_104' title="bbox 2155 4935 3731 5010">
     <span class='ocr_line' id='line_1_105' title="bbox 2155 4935 3731 5010; baseline 0 -17"><span class='ocrx_word' id='word_1_740' title='bbox 2155 4939 2347 4994; x_wconf 69' lang='lat' dir='ltr'><strong>isthaec</strong></span> <span class='ocrx_word' id='word_1_741' title='bbox 2399 4938 2585 4993; x_wconf 78' lang='lat' dir='ltr'><strong>habita</strong></span> <span class='ocrx_word' id='word_1_742' title='bbox 2632 4935 2982 4994; x_wconf 88' lang='lat' dir='ltr'><strong>Chalcedone</strong></span> <span class='ocrx_word' id='word_1_743' title='bbox 3020 4939 3283 5010; x_wconf 81' lang='lat' dir='ltr'><strong>synodus,</strong></span> <span class='ocrx_word' id='word_1_744' title='bbox 3319 4940 3399 4994; x_wconf 90' lang='lat' dir='ltr'><strong>uti</strong></span> <span class='ocrx_word' id='word_1_745' title='bbox 3451 4939 3519 4993; x_wconf 90' lang='lat' dir='ltr'><strong>de</strong></span> <span class='ocrx_word' id='word_1_746' title='bbox 3556 4939 3731 5008; x_wconf 88' lang='lat' dir='ltr'><strong>ipsius</strong></span> 
     </span>
    </p>
   </div>
   <div class='ocr_carea' id='block_1_105' title="bbox 2153 5031 3727 5101">
    <p class='ocr_par' dir='ltr' id='par_1_105' title="bbox 2153 5031 3727 5101">
     <span class='ocr_line' id='line_1_106' title="bbox 2153 5031 3727 5101; baseline -0.001 -16"><span class='ocrx_word' id='word_1_747' title='bbox 2153 5031 2291 5087; x_wconf 88' lang='lat' dir='ltr'><strong>actis</strong></span> <span class='ocrx_word' id='word_1_748' title='bbox 2330 5031 2560 5101; x_wconf 77' lang='lat' dir='ltr'><strong>intelligi</strong></span> <span class='ocrx_word' id='word_1_749' title='bbox 2598 5039 2801 5101; x_wconf 86' lang='lat' dir='ltr'><strong>potest,</strong></span> <span class='ocrx_word' id='word_1_750' title='bbox 2834 5032 3040 5087; x_wconf 85' lang='lat' dir='ltr'><strong>dixisse</strong></span> <span class='ocrx_word' id='word_1_751' title='bbox 3090 5031 3369 5095; x_wconf 89' lang='lat' dir='ltr'><strong>videatur,</strong></span> <span class='ocrx_word' id='word_1_752' title='bbox 3401 5031 3727 5085; x_wconf 85' lang='lat' dir='ltr'><strong>Dioscorum</strong></span> 
     </span>
    </p>
   </div>
   <div class='ocr_carea' id='block_1_106' title="bbox 2152 5121 3733 5192">
    <p class='ocr_par' dir='ltr' id='par_1_106' title="bbox 2152 5121 3733 5192">
     <span class='ocr_line' id='line_1_107' title="bbox 2152 5121 3733 5192; baseline -0.001 -15"><span class='ocrx_word' id='word_1_753' title='bbox 2152 5138 2264 5177; x_wconf 89' lang='lat' dir='ltr'><strong>non</strong></span> <span class='ocrx_word' id='word_1_754' title='bbox 2302 5130 2526 5192; x_wconf 91' lang='lat' dir='ltr'><strong>pr0pter</strong></span> <span class='ocrx_word' id='word_1_755' title='bbox 2564 5122 2727 5177; x_wconf 85' lang='lat' dir='ltr'><strong>ﬁdem</strong></span> <span class='ocrx_word' id='word_1_756' title='bbox 2783 5123 3100 5178; x_wconf 89' lang='lat' dir='ltr'><strong>abdicatum</strong></span> <span class='ocrx_word' id='word_1_757' title='bbox 3146 5138 3290 5178; x_wconf 90' lang='lat' dir='ltr'><strong>esse.</strong></span> <span class='ocrx_word' id='word_1_758' title='bbox 3343 5121 3513 5176; x_wconf 84' lang='lat' dir='ltr'><strong>Recte</strong></span> <span class='ocrx_word' id='word_1_759' title='bbox 3564 5122 3733 5190; x_wconf 75' lang='lat' dir='ltr'><strong>igitur</strong></span> 
     </span>
    </p>
   </div>
   <div class='ocr_carea' id='block_1_107' title="bbox 2152 5212 3728 5286">
    <p class='ocr_par' dir='ltr' id='par_1_107' title="bbox 2152 5212 3728 5286">
     <span class='ocr_line' id='line_1_108' title="bbox 2152 5212 3728 5286; baseline -0.001 -17"><span class='ocrx_word' id='word_1_760' title='bbox 2152 5215 2428 5271; x_wconf 86' lang='lat' dir='ltr'><strong>sentiebat</strong></span> <span class='ocrx_word' id='word_1_761' title='bbox 2448 5216 2829 5281; x_wconf 90' lang='lat' dir='ltr'><strong>Dioscorus,et</strong></span> <span class='ocrx_word' id='word_1_762' title='bbox 2845 5216 2986 5270; x_wconf 86' lang='lat' dir='ltr'><strong>male</strong></span> <span class='ocrx_word' id='word_1_763' title='bbox 3009 5214 3251 5286; x_wconf 86' lang='lat' dir='ltr'><strong>synodus</strong></span> <span class='ocrx_word' id='word_1_764' title='bbox 3267 5228 3397 5267; x_wconf 91' lang='lat' dir='ltr'><strong>eum</strong></span> <span class='ocrx_word' id='word_1_765' title='bbox 3414 5212 3728 5268; x_wconf 82' lang='lat' dir='ltr'><strong>abdicabat.</strong></span> 
     </span>
    </p>
   </div>
   <div class='ocr_carea' id='block_1_108' title="bbox 2152 5306 3731 5380">
    <p class='ocr_par' dir='ltr' id='par_1_108' title="bbox 2152 5306 3731 5380">
     <span class='ocr_line' id='line_1_109' title="bbox 2152 5306 3731 5380; baseline -0.002 -16"><span class='ocrx_word' id='word_1_766' title='bbox 2152 5309 2338 5364; x_wconf 89' lang='lat' dir='ltr'><strong>Talem</strong></span> <span class='ocrx_word' id='word_1_767' title='bbox 2363 5326 2497 5364; x_wconf 91' lang='lat' dir='ltr'><strong>vero</strong></span> <span class='ocrx_word' id='word_1_768' title='bbox 2526 5309 2795 5380; x_wconf 83' lang='lat' dir='ltr'><strong>synodum</strong></span> <span class='ocrx_word' id='word_1_769' title='bbox 2822 5324 2933 5379; x_wconf 92' lang='lat' dir='ltr'><strong>quo</strong></span> <span class='ocrx_word' id='word_1_770' title='bbox 2955 5317 3118 5378; x_wconf 89' lang='lat' dir='ltr'><strong>pacto</strong></span> <span class='ocrx_word' id='word_1_771' title='bbox 3140 5321 3245 5361; x_wconf 90' lang='lat' dir='ltr'><strong>nos</strong></span> <span class='ocrx_word' id='word_1_772' title='bbox 3268 5306 3576 5376; x_wconf 87' lang='lat' dir='ltr'><strong>approbare</strong></span> <span class='ocrx_word' id='word_1_773' title='bbox 3602 5320 3731 5373; x_wconf 85' lang='lat' dir='ltr'><strong>pos-</strong></span> 
     </span>
    </p>
   </div>
   <div class='ocr_carea' id='block_1_109' title="bbox 2152 5394 3732 5469">
    <p class='ocr_par' dir='ltr' id='par_1_109' title="bbox 2152 5394 3732 5469">
     <span class='ocr_line' id='line_1_110' title="bbox 2152 5394 3732 5469; baseline -0.004 -13"><span class='ocrx_word' id='word_1_774' title='bbox 2152 5401 2361 5456; x_wconf 89' lang='lat' dir='ltr'><strong>simus?</strong></span> <span class='ocrx_word' id='word_1_775' title='bbox 2409 5401 2599 5456; x_wconf 89' lang='lat' dir='ltr'><strong>Fuerit</strong></span> <span class='ocrx_word' id='word_1_776' title='bbox 2640 5410 2824 5455; x_wconf 90' lang='lat' dir='ltr'><strong>autem</strong></span> <span class='ocrx_word' id='word_1_777' title='bbox 2870 5398 3107 5469; x_wconf 89' lang='lat' dir='ltr'><strong>pretium</strong></span> <span class='ocrx_word' id='word_1_778' title='bbox 3156 5411 3362 5467; x_wconf 76' lang='lat' dir='ltr'><strong>operae,</strong></span> <span class='ocrx_word' id='word_1_779' title='bbox 3408 5394 3632 5466; x_wconf 88' lang='lat' dir='ltr'><strong>quando</strong></span> <span class='ocrx_word' id='word_1_780' title='bbox 3672 5407 3732 5453; x_wconf 88' lang='lat' dir='ltr'><strong>et</strong></span> 
     </span>
    </p>
   </div>
   <div class='ocr_carea' id='block_1_110' title="bbox 2151 5488 3731 5559">
    <p class='ocr_par' dir='ltr' id='par_1_110' title="bbox 2151 5488 3731 5559">
     <span class='ocr_line' id='line_1_111' title="bbox 2151 5488 3731 5559; baseline -0.002 -12"><span class='ocrx_word' id='word_1_781' title='bbox 2151 5493 2301 5548; x_wconf 90' lang='lat' dir='ltr'><strong>aliud</strong></span> <span class='ocrx_word' id='word_1_782' title='bbox 2332 5492 2634 5547; x_wconf 87' lang='lat' dir='ltr'><strong>absurdum</strong></span> <span class='ocrx_word' id='word_1_783' title='bbox 2679 5507 2747 5547; x_wconf 79' lang='lat' dir='ltr'><strong>ex</strong></span> <span class='ocrx_word' id='word_1_784' title='bbox 2786 5492 2891 5546; x_wconf 90' lang='lat' dir='ltr'><strong>hoe</strong></span> <span class='ocrx_word' id='word_1_785' title='bbox 2928 5490 3091 5547; x_wconf 83' lang='lat' dir='ltr'><strong>nobis</strong></span> <span class='ocrx_word' id='word_1_786' title='bbox 3131 5490 3333 5555; x_wconf 90' lang='lat' dir='ltr'><strong>oritur,</strong></span> <span class='ocrx_word' id='word_1_787' title='bbox 3369 5488 3572 5559; x_wconf 78' lang='lat' dir='ltr'><strong>exponi</strong></span> <span class='ocrx_word' id='word_1_788' title='bbox 3620 5504 3731 5558; x_wconf 88' lang='lat' dir='ltr'><strong>qua</strong></span> 
     </span>
    </p>
   </div>
   <div class='ocr_carea' id='block_1_111' title="bbox 2152 5582 3551 5656">
    <p class='ocr_par' dir='ltr' id='par_1_111' title="bbox 2152 5582 3551 5656">
     <span class='ocr_line' id='line_1_112' title="bbox 2152 5582 3551 5656; baseline -0.009 -9"><span class='ocrx_word' id='word_1_789' title='bbox 2152 5606 2211 5646; x_wconf 90' lang='lat' dir='ltr'><strong>re</strong></span> <span class='ocrx_word' id='word_1_790' title='bbox 2246 5596 2391 5642; x_wconf 87' lang='lat' dir='ltr'><strong>mota</strong></span> <span class='ocrx_word' id='word_1_791' title='bbox 2427 5585 2479 5639; x_wconf 89' lang='lat' dir='ltr'><strong>id</strong></span> <span class='ocrx_word' id='word_1_792' title='bbox 2515 5586 2695 5654; x_wconf 91' lang='lat' dir='ltr'><strong>ipsum</strong></span> <span class='ocrx_word' id='word_1_793' title='bbox 2732 5585 2789 5640; x_wconf 90' lang='lat' dir='ltr'><strong>in</strong></span> <span class='ocrx_word' id='word_1_794' title='bbox 2818 5584 3027 5656; x_wconf 84' lang='lat' dir='ltr'><strong>synodo</strong></span> <span class='ocrx_word' id='word_1_795' title='bbox 3057 5584 3330 5653; x_wconf 89' lang='lat' dir='ltr'><strong>prolatum</strong></span> <span class='ocrx_word' id='word_1_796' title='bbox 3361 5582 3551 5638; x_wconf 75' lang='lat' dir='ltr'><strong>fuerit.</strong></span> 
     </span>
    </p>
   </div>
   <div class='ocr_carea' id='block_1_112' title="bbox 2219 5669 3728 5743">
    <p class='ocr_par' dir='ltr' id='par_1_112' title="bbox 2219 5669 3728 5743">
     <span class='ocr_line' id='line_1_113' title="bbox 2219 5669 3728 5743; baseline -0.007 -8"><span class='ocrx_word' id='word_1_797' title='bbox 2219 5679 2287 5735; x_wconf 82' lang='lat' dir='ltr'><strong>li.</strong></span> <span class='ocrx_word' id='word_1_798' title='bbox 2318 5676 2613 5733; x_wconf 88' lang='lat' dir='ltr'><strong>Sciendum</strong></span> <span class='ocrx_word' id='word_1_799' title='bbox 2643 5689 2798 5743; x_wconf 86' lang='lat' dir='ltr'><strong>ergo,</strong></span> <span class='ocrx_word' id='word_1_800' title='bbox 2831 5673 3076 5728; x_wconf 87' lang='lat' dir='ltr'><strong>collectis</strong></span> <span class='ocrx_word' id='word_1_801' title='bbox 3095 5672 3447 5729; x_wconf 90' lang='lat' dir='ltr'><strong>Chalcedone</strong></span> <span class='ocrx_word' id='word_1_802' title='bbox 3479 5670 3582 5727; x_wconf 88' lang='lat'><strong>600</strong></span> <span class='ocrx_word' id='word_1_803' title='bbox 3614 5669 3728 5726; x_wconf 88' lang='lat' dir='ltr'><strong>illis</strong></span> 
     </span>
    </p>
   </div>
   <div class='ocr_carea' id='block_1_113' title="bbox 2149 5763 3725 5833">
    <p class='ocr_par' dir='ltr' id='par_1_113' title="bbox 2149 5763 3725 5833">
     <span class='ocr_line' id='line_1_114' title="bbox 2149 5763 3725 5833; baseline -0.008 -5"><span class='ocrx_word' id='word_1_804' title='bbox 2149 5781 2205 5828; x_wconf 90' lang='lat' dir='ltr'><strong>et</strong></span> <span class='ocrx_word' id='word_1_805' title='bbox 2226 5770 2296 5827; x_wconf 82' lang='lat'><strong>&#39;50</strong></span> <span class='ocrx_word' id='word_1_806' title='bbox 2321 5766 2599 5827; x_wconf 85' lang='lat' dir='ltr'><strong>Patribus.</strong></span> <span class='ocrx_word' id='word_1_807' title='bbox 2624 5772 2983 5833; x_wconf 87' lang='lat' dir='ltr'><strong>posteaquam</strong></span> <span class='ocrx_word' id='word_1_808' title='bbox 3003 5764 3324 5819; x_wconf 90' lang='lat' dir='ltr'><strong>Dioscorum</strong></span> <span class='ocrx_word' id='word_1_809' title='bbox 3350 5763 3725 5829; x_wconf 84' lang='lat' dir='ltr'><strong>abdicassent,</strong></span> 
     </span>
    </p>
   </div>
   <div class='ocr_carea' id='block_1_114' title="bbox 2149 5852 3724 5930">
    <p class='ocr_par' dir='ltr' id='par_1_114' title="bbox 2149 5852 3724 5930">
     <span class='ocr_line' id='line_1_115' title="bbox 2149 5852 3724 5930; baseline -0.009 -8"><span class='ocrx_word' id='word_1_810' title='bbox 2149 5866 2232 5923; x_wconf 88' lang='lat' dir='ltr'><strong>eis</strong></span> <span class='ocrx_word' id='word_1_811' title='bbox 2259 5862 2521 5930; x_wconf 84' lang='lat' dir='ltr'><strong>deinceps</strong></span> <span class='ocrx_word' id='word_1_812' title='bbox 2564 5857 2741 5913; x_wconf 88' lang='lat' dir='ltr'><strong>visum</strong></span> <span class='ocrx_word' id='word_1_813' title='bbox 2777 5855 2946 5913; x_wconf 83' lang='lat' dir='ltr'><strong>fuisse</strong></span> <span class='ocrx_word' id='word_1_814' title='bbox 2979 5866 3038 5911; x_wconf 87' lang='lat' dir='ltr'><strong>ut</strong></span> <span class='ocrx_word' id='word_1_815' title='bbox 3070 5856 3197 5917; x_wconf 77' lang='lat' dir='ltr'><strong>ﬁdei</strong></span> <span class='ocrx_word' id='word_1_816' title='bbox 3229 5852 3724 5912; x_wconf 81' lang='lat' dir='ltr'><strong>deﬁnitiodoctri-</strong></span> 
     </span>
    </p>
   </div>
  </div>
