4148 6484
448 470 591 538 1235

1702 457 2011 518 LEONTII
2050 452 2454 515 BYZANTINI

3556 453 3692 519 1235

445 589 643 646 meque
674 572 909 628 formula
945 569 1349 625 conficeretur:
1407 570 1589 637 itaque
1639 567 1899 637 pmipui
1946 582 2015 621 ex

2142 565 2225 618 [αὶ
2272 564 2335 634 δὴ
2387 566 2435 616 οἱ
2487 562 2693 633 πρῶτοι
2722 562 2902 616 αὐτῶν
2951 563 3075 617 καθ’
3105 566 3334 630 ἑαυτοὺς
3382 570 3690 639 γενόμενοι,

447 666 529 719 eis
562 677 815 719 seorsum
857 659 1158 730 congressi,
1197 659 1575 714 definitionem
1619 658 2017 726 pronuntiave-

447 763 598 816 runt,
633 765 797 820 quam
826 749 1182 818 Asclepiades
1212 747 1424 819 synodo
1454 747 1727 801 recitavit.
1764 748 1839 800 Ea
1882 746 2020 800 deii-

448 844 589 898 nitio
622 842 853 897 verbum
881 841 1015 895 illud
1048 840 1392 894 continebat:
1431 838 1515 892 Ea:
1543 837 1751 892 naturis
1777 840 1980 892 duabus
2000 857 2018 893 :

447 934 597 1005 quod
636 934 731 989 ubi
768 934 1057 988 recitatum
1099 932 1311 995 fuisset,
1347 931 1539 1001 ingens
1562 930 1705 985 inter
1732 930 2020 999 episcopos

447 1026 657 1081 exstitit
701 1024 997 1079 dubitatio.
1051 1023 1314 1078 Proceres
1365 1038 1498 1076 vero
1540 1037 1678 1092 quos
1720 1022 2021 1090 imperator

448 1115 798 1171 moderanda:
832 1114 1027 1186 synodi
1058 1129 1222 1169 causa
1279 1114 1524 1179 miserat,
1576 1128 1701 1167 cum
1733 1112 2022 1182 episcopos

448 1208 706 1264 haesitare
736 1206 1011 1272 viderent,
1046 1206 1129 1261 sic
1152 1220 1248 1260 eos
1278 1205 1503 1259 allocuti
1533 1213 1690 1259 sunt:
1725 1204 2023 1258 Dioscorus

449 1300 592 1355 hanc
615 1313 841 1355 vocem:
868 1297 953 1351 Ea:
978 1297 1184 1350 duabus
1201 1296 1430 1357 naturis,
1452 1295 1767 1364 usurpavit:
1793 1293 2024 1348 sanctis-

450 1389 627 1443 simus
658 1396 845 1442 autem
877 1386 988 1441 Leo
1017 1385 1296 1441 Christum
1323 1385 1377 1439 in
1403 1385 1619 1439 duabus
1650 1384 1861 1438 naturis
1885 1383 2024 1437 citra

449 1479 833 1546 mutationem,
854 1477 1255 1542 confusionem,
1281 1476 1629 1539 divisionem,
1651 1475 1822 1530 dixit:
1850 1475 2023 1541 Quem

448 1572 782 1641 sequimini?
813 1570 1157 1633 Dioscorum,
1178 1584 1245 1622 an
1274 1567 1551 1622 Leonem?
1584 1568 1662 1622 lbi
1692 1583 2026 1638 consurgen-

451 1673 535 1719 tes
570 1661 815 1717 universi
848 1661 1140 1717 dixerunt:
1190 1661 1346 1715 Sicut
1376 1659 1509 1723 Leo,
1531 1660 1811 1715 credimus
1842 1677 1854 1713 :
1890 1676 2025 1715 ana-

456 1756 641 1810 thema
688 1754 977 1809 Dioscoro.
1016 1752 1114 1807 llis
1141 1761 1196 1807 et
1240 1751 1366 1805 aliis
1392 1750 1721 1821 quibusdam
1774 1766 2025 1821 pronun-

453 1846 631 1912 tiatis,
672 1844 1139 1915 quemadmodum
1184 1844 1239 1898 i'n
1280 1843 1417 1898 actis
1463 1853 1570 1908 est,
1595 1843 1882 1898 Anatolius
1928 1860 2026 1914 pa-

2121 654 2471 725 ἐξεφώνησαν
2519 653 2611 707 τὸν
2652 655 2809 726 ὅρον,
2856 654 2916 706 ὃν
2963 655 3362 728 Ἀσκληπιάδης
3411 660 3696 728 ὲπανέγνω

2121 750 2187 817 τῇ
2217 746 2441 813 συνόδῳ.
2474 746 2728 815 Περιεῖχε
2759 746 2813 797 δὲ
2840 738 2998 808 οὗτος
3024 746 3053 798 6
3074 747 3203 816 ὅρος
3225 748 3308 813 τὸ,
3340 749 3409 804 ἐκ
3450 750 3562 804 δύο
3584 752 3698 821 φύ-

2121 854 2306 891 σεων·
2343 837 2537 889 τούτου
2568 837 3029 904 ἀναγνωσθέντος,
3068 839 3240 910 πολλὴ
3268 841 3493 909 γέγονεν
3519 844 3696 913 ἀμφι-

2122 928 2278 981 δολία
2326 929 2534 997 μεταξὺ
2576 928 2684 980 τῶν
2720 928 3057 983 ἐπισκόπων.
3114 931 3179 984 υἱ
3204 931 3261 985 δὲ
3288 932 3570 1003 ἄρχοντες,
3603 933 3698 998 οὓς

2121 1018 2364 1088 ἔπεμψεν
2389 1020 2415 1071 6
2442 1019 2697 1089 βασιλεὺς
2716 1020 2854 1090 πρὸς
2874 1020 3231 1088 κατάστασιν,
3245 1022 3480 1090 δρῶντες
3500 1025 3697 1089 αὐτοὺς

2121 1111 2596 1181 ἀμφιϐάλλοντας,
2643 1107 2803 1165 εἷπον
2832 1112 2969 1182 πρὸς
2992 1113 3213 1178 αὐτοὺς,
3243 1115 3325 1167 δτι
3353 1116 3382 1168 6
3406 1116 3699 1187 Διόσκορος

2122 1203 2183 1257 τὸ
2202 1243 2217 1267 ,
2257 1203 2325 1256 ἐκ
2369 1202 2481 1256 δύο
2509 1203 2991 1272 φύσεων,ἐλεγεν
3012 1220 3029 1234 ο
3050 1206 3079 1258 6
3108 1205 3165 1258 δὲ
3200 1204 3502 1274 ἀγιὼτατος
3524 1207 3697 1275 Λέων,

2123 1296 2182 1346 ἐν
2205 1294 2299 1348 δύο
2320 1293 2552 1363 φύσεσιν
2573 1294 2728 1363 ἔλεγε
2750 1295 3011 1365 Χριστὸν,
3032 1296 3337 1367 ἀτρέπτως,
3354 1297 3698 1368 ἀσυγχύτως,

2123 1386 2470 1456 ἀδιαιρέτως.
2516 1386 2640 1441 Τίνι
2669 1385 3056 1451 ἀκολουθεῖτε;
3090 1388 3385 1459 Διοσκόρῳ,
3414 1388 3447 1459 ἢ
3476 1388 3695 1453 Λέοντι;

2136 1477 2494 1540 Ἀναστάντες
2518 1477 2574 1530 δὲ
2605 1473 3018 1541 πάντες,ἐῐπον,
3050 1479 3132 1531 ὅτι
3167 1479 3254 1542 Ὠς
3277 1479 3429 1532 Λέων
3450 1478 3701 1533 πιστεύο-

2125 1586 2261 1641 μεν’
2322 1571 2588 1641 ἀνάθεμα,
2624 1571 2919 1641 Διοσκόρω.
2980 1570 3201 1625 Τούτων
3252 1572 3311 1625 δὲ
3357 1572 3452 1626 καὶ
3520 1571 3700 1626 ἀλλων

2122 1662 2287 1715 τινῶν
2312 1661 2633 1731 λεχθέντων,
2658 1662 2734 1725 ὼς
2759 1661 2871 1731 ἔχει
2898 1663 2965 1715 τὰ
2989 1662 3379 1733 πεπραγμένα,
3396 1662 3703 1726 Ἀνατόλιος

2132 1756 2161 1807 6
2187 1754 2539 1825 πατριάρχης
2566 1751 2720 1807 εἶπεν
2745 1797 2759 1821 ,
2818 1756 2899 1809 ὅτι
2954 1757 3030 1809 Οὐ
3077 1754 3169 1809 διὰ
3202 1755 3387 1810 πίστιν
3417 1754 3699 1827 καθῃρέθη

2127 1848 2157 1899 6
2185 1848 2477 1917 Διόσκορος
2498 1888 2512 1912 ,
2562 1846 2677 1900 ἀλλ’
2706 1848 2788 1899 ὅτι
2817 1846 3217 1918 ἀκοινωνησίαν
3243 1847 3465 1919 ἐποίησε
3493 1847 3569 1919 τῷ
3596 1865 3702 1917 μα-

453 1938 694 1991 triarcha
736 1936 907 1991 dixit:
950 1936 1069 1991 Non
1124 1942 1352 2005 propter
1395 1934 1557 1989 fidem
1607 1934 1894 2003 depositus
1940 1944 2025 1990 est

2142 1940 2304 2011 ιαρίῳ
2354 1941 2587 1999 Λέοντι.
2643 1942 2739 1995 καὶ
2785 1942 2869 1995 ὅτι
2915 1943 2979 1995 ὲκ
3018 1941 3206 2013 τρίτου
3246 1917 3472 2013 κληθεὶς
3506 1917 3571 1995 ὲκ
3602 1942 3701 2011 τῆς

453 2032 768 2092 Dioscorus,
787 2031 881 2085 sed
905 2030 1035 2100 quia
1066 2029 1196 2084 fecit
1218 2028 1843 2084 exeommunicationem
1864 2028 2026 2083 beato

454 2122 648 2186 Leoni,
687 2122 959 2191 tertioque
992 2131 1220 2177 vocatus
1248 2136 1279 2175 a
1304 2120 1535 2191 synodo,
1566 2136 1675 2174 non
1705 2120 1876 2175 venit.

486 2256 489 2259 »
528 2214 612 2268 ιιι.
647 2214 779 2280 Quae
835 2229 959 2267 cum
1002 2215 1076 2268 ita
1122 2213 1252 2276 sint,
1302 2212 1415 2267 duo
1457 2211 1705 2281 quardam
1757 2212 2030 2281 objiciunt

456 2303 717 2358 Ecclesiae
743 2302 932 2367 dubia,
965 2304 1059 2372 qni
1091 2301 1419 2357 llaasitantes
1441 2309 1729 2356 vocantur.
1762 2302 2025 2366 Primum,

457 2395 502 2448 si
540 2394 655 2448 han:
691 2393 937 2467 synodus
971 2409 1085 2447 non
1129 2403 1354 2463 propter
1384 2392 1546 2446 fidem
1581 2394 1902 2447 Dioscorum
1935 2392 2030 2446 de-

460 2485 700 2554 positum
734 2484 891 2550 dixit,
926 2500 1024 2537 cur
1056 2499 1158 2538 nos
1204 2484 1415 2553 rejicit?
1446 2484 1526 2539 sic
1554 2482 1697 2537 enim
1731 2483 2028 2547 credimus,

460 2584 521 2628 nt
554 2575 643 2629 ille
674 2575 953 2629 credebat.
985 2575 1401 2644 Respondemus
1429 2583 1634 2639 autem,
1664 2575 1708 2628 si
1745 2575 2030 2628 veritatem

457 2665 583 2733 quis
618 2665 1074 2729 consideraverit,
1118 2682 1226 2720 non
1257 2676 1487 2736 propter
1524 2665 1684 2720 ﬁdem
1717 2665 2031 2719 abdicatum

458 2772 580 2811 esse
600 2758 945 2824 Dioscorum,
970 2774 1073 2814 nec
1104 2759 1249 2812 illam
1282 2759 1452 2813 fuisse
1474 2756 1834 2828 depositionis
1860 2758 2033 2828 ipsius

460 2862 682 2903 causam
721 2848 945 2919 (quippe
979 2865 1082 2904 nec
1122 2849 1258 2904 adiit
1302 2858 1591 2919 propterea
1634 2850 1939 2921 synodum,
1975 2859 2035 2903 ut

462 2941 568 2995 hoc
623 2942 849 2996 nomine
896 2942 964 2996 de
1023 2942 1143 3012 ipso
1180 2942 1580 3014 judicaretur):
1634 2942 1729 2999 sed
1774 2944 2031 3012 quoniam

462 3045 657 3099 reapse
694 3030 857 3085 tertio
902 3039 1131 3085 vocatus
1156 3031 1346 3085 venire
1395 3032 1690 3087 recusavit.
1738 3032 1795 3086 Si
1850 3042 2033 3086 tamen

460 3121 739 3186 venisset,
773 3121 937 3176 etiam
995 3131 1221 3191 propter
1269 3122 1431 3177 fidem
1482 3122 1676 3177 fuisset
1724 3121 2030 3177 abdicatus.

462 3213 841 3268 Nihilominus
871 3212 938 3267 ad
971 3214 1071 3267 ista
1097 3214 1397 3283 respiciens
1421 3214 1706 3268 Anatolius
1734 3214 1893 3276 dixit,
1920 3230 2031 3267 non

462 3312 690 3374 propter
728 3304 890 3359 ﬁdem
916 3319 1037 3359 esse
1069 3304 1380 3373 depositum
1422 3304 1758 3359 Dioscorum.
1784 3304 2032 3359 Alterum

464 3396 695 3451 du‘bium
733 3404 837 3461 est,
869 3412 969 3450 cur
998 3394 1241 3466 synodus
1279 3394 1660 3450 deﬁnitionem
1696 3396 1839 3449 illam
1875 3412 2035 3465 repu-

465 3486 843 3557 diaverit,qua
866 3486 1253 3542 continebatur
1272 3486 1501 3540 verbum
1529 3485 1675 3540 istud
1696 3504 1708 3539 :
1737 3485 1820 3539 Ea:
1836 3486 2037 3540 duabus

466 3584 711 3648 naturis;
738 3597 864 3636 cum
893 3588 1073 3635 tamen
1099 3589 1321 3635 sanctus
1343 3580 1433 3633 illc
1455 3579 1540 3632 vir
1560 3578 1797 3649 Cyrillus
1819 3594 2041 3634 sursum

469 3675 846 3744 deorsumque
878 3674 1095 3728 duabus
1123 3689 1188 3727 ex
1226 3671 1439 3726 naturis
1465 3671 1648 3725 dicat?
1673 3670 1755 3725 Ad
1805 3671 1909 3725 hoc
1952 3686 2042 3724 re-

469 3767 825 3837 spondemus,
869 3782 980 3819 non
1020 3766 1279 3835 rejectam
1317 3762 1486 3816 fuisse
1533 3770 1846 3831 propterea,
1893 3760 2042 3829 quod

471 3858 575 3912 ista
602 3856 772 3912 verba
802 3858 1134 3920 contineret,
1162 3855 1244 3909 Ea:
1272 3854 1473 3907 duabus
1499 3854 1706 3906 naturis
1734 3852 1871 3921 (haec
1896 3852 2042 3906 enim

471 3957 529 4004 et
558 3964 658 4003 nos
680 3946 1043 4009 admittimus,
1070 3957 1127 3999 et
1153 3945 1256 4014 ipsi
1290 3944 1618 3998 litesitantes
1644 3950 1700 3997 et
1724 3940 2042 4012 Eutychcs),

472 4040 570 4094 sed
623 4039 771 4110 quod
824 4047 970 4093 esset
1017 4038 1360 4107 imperfecta.
1396 4035 1613 4089 Nullam
1650 4034 1797 4089 enim
1838 4033 2047 4088 refuta-

475 4128 683 4183 tionem
715 4128 1032 4198 dogmatum
1062 4124 1326 4197 Eutychis
1361 4123 1618 4187 habebat,
1650 4122 1744 4177 sed
1780 4120 1836 4177 id
1867 4123 2047 4177 solum

474 4220 968 4289 complectebatur,
1013 4217 1160 4286 quod
1207 4215 1580 4271 communiter
1621 4214 1871 4283 utrisque
1920 4230 2048 4283 pro-

478 4314 663 4369 batur.
701 4312 938 4366 Tantum
968 4324 1101 4365 vero
1132 4308 1284 4363 abest
1322 4316 1383 4362 ut
1413 4307 1676 4361 restiterit
1707 4307 1814 4361 illis
1845 4307 2045 4372 verbis,

478 4407 565 4461 Ea:
584 4406 784 4460 duabus
808 4405 1014 4458 naturis
1034 4443 1049 4469 ,
1087 4404 1217 4459 utin
1236 4401 1476 4457 secunda
1498 4400 1817 4455 deﬁnitione
1844 4401 2049 4470 ubique

2129 2032 2373 2098 συνόδου,
2405 2032 2504 2083 οὐκ
2523 2026 2680 2102 ἦλθε.

2202 2206 2423 2260 Τούτων
2449 2206 2623 2269 οὕτως
2643 2205 2901 2275 ἐχόντων,
2927 2204 3022 2261 δύο
3043 2208 3163 2261 τινὰ
3186 2204 3491 2277 ἀποροῦσιν
3513 2206 3561 2257 οἱ
3583 2207 3708 2258 Δια-

2130 2300 2443 2369 κρινόμενοι
2479 2299 2617 2370 πρὸς
2648 2300 2750 2370 τὴν
2788 2299 3143 2368 Ἐκκλησίαν.
3200 2297 3422 2368 Πρῶτον
3461 2298 3588 2367 μὲν,
3624 2298 3708 2350 ὅτι

2130 2393 2197 2444 Εἰ
2219 2391 2306 2444 διὰ
2336 2391 2521 2444 πίστιν
2551 2386 2706 2444 εἶπεν
2738 2392 2771 2461 ἡ
2801 2389 3019 2454 σύνοδος
3045 2391 3182 2461 αῦτη
3214 2391 3287 2461 μὴ
3314 2388 3709 2459 καθαιρεθῆναι

2129 2486 2223 2538 τὸν
2257 2486 2577 2555 Διόσκορον,
2612 2486 2702 2539 διὰ
2728 2486 2782 2539 τί
2813 2485 3185 2539 ἀποϐάλλεται
3214 2486 3367 2555 ἡμᾶς
3393 2500 3407 2550 ;
3466 2484 3541 2548 ὡς
3572 2484 3712 2536 έκεῖ-

2132 2594 2222 2641 νος
2260 2577 2390 2647 γὰρ,
2429 2576 2605 2641 οὓτως
2634 2576 2994 2646 πιστεύομεν.
3046 2576 3193 2647 Πρὸς
3222 2574 3315 2638 οὒς
3340 2574 3595 2643 λέγομεν,
3632 2573 3712 2625 ὅτι

2134 2673 2182 2723 εί
2226 2670 2492 2740 σκοπήσει
2520 2686 2604 2732 τις
2631 2668 2731 2739 τὴν
2758 2668 3037 2737 ἀλήθειαν,
3073 2668 3133 2721 οὐ
3169 2667 3257 2720 διὰ
3282 2666 3381 2734 τὴν
3406 2665 3591 2718 πίστιν
3612 2665 3715 2717 ἀπ-

2134 2760 2341 2830 εϐλήθη
2370 2760 2399 2813 ό
2420 2760 2737 2829 Διόσκορος,
2772 2759 2897 2812 οὐδὲ
2926 2757 3085 2812 τοῦτο
3113 2757 3306 2826 γέγονε
3333 2758 3435 2826 τῆς
3456 2755 3716 2823 καθαιρέ-

2137 2871 2273 2917 σεως
2309 2852 2472 2906 αὑτοῦ
2521 2853 2693 2905 αἴτιον
2742 2852 2903 2920 (οὐδὲ
2932 2851 3045 2922 γὰρ
3078 2850 3332 2921 εἰσῆλθεν
3362 2850 3442 2912 εἰς
3471 2848 3571 2918 τὴν
3597 2846 3720 2899 σύν-

2134 2947 2275 3008 οδον,
2292 2947 2381 3000 ἵνα
2402 2947 2567 3017 κριθῇ
2594 2946 2725 3016 περὶ
2746 2944 2989 3013 τούτουγ
3012 2944 3128 2998 ἀλλ’
3144 2945 3248 3008 ὅτι,
3264 2942 3487 3014 κληθεὶς
3510 2941 3586 3012 τῷ
3606 2942 3719 2995 δντι

2135 3039 2201 3090 ὲκ
2230 3038 2434 3109 τρίτου,
2481 3038 2580 3091 οὒκ
2623 3037 2886 3107 ἠνέσχετο
2927 3035 3230 3090 συνελθεῖν.
3280 3037 3343 3089 Εἰ
3382 3034 3611 3104 συνῆλθε
3638 3032 3717 3097 δὲ,

2138 3130 2231 3183 καὶ
2279 3130 2368 3184 διὰ
2410 3129 2508 3200 τὴν
2539 3129 2723 3182 πίστιν
2763 3128 3121 3184 ἀπεὸἀλλετο.
3177 3128 3324 3199 Πλὴν
3375 3127 3511 3198 πρὸς
3547 3124 3721 3179 ταῦτα

2136 3221 2459 3274 ἀποϐλέπων
2504 3223 2534 3274 6
2584 3217 2897 3283 Ἀνατόλιος
2945 3216 3139 3284 εἶπεν,
3193 3222 3274 3275 ὅτι
3319 3220 3380 3272 ού
3413 3218 3503 3271 διὰ
3535 3218 3721 3269 πίστιν

2139 3312 2422 3385 καθῃρέθη
2453 3315 2481 3367 6
2509 3312 2827 3384 Διόσκορος.
2865 3311 3134 3383 Δεύτερον
3164 3311 3374 3382 ἄπορόν
3400 3312 3541 3373 ἐστι,
3575 3307 3721 3362 διατί

2148 3404 2457 3458 ἀπεϐάλετο
2510 3405 2543 3475 ἡ
2600 3404 2816 3467 σύνοδος
2871 3403 2965 3456 τὸν
3017 3392 3144 3475 ὃρον
3227 3402 3320 3457 τὸν
3372 3400 3719 3470 περιέχοντα,

2141 3497 2211 3549 ἐκ
2268 3497 2378 3550 δύο
2424 3496 2670 3565 φύσεων
2694 3512 2709 3525 ·
2767 3496 3014 3564 καίτοιγε
3057 3498 3087 3549 6
3126 3495 3278 3564 ἅγιος
3306 3493 3578 3566 Κύριλ).ος
3611 3492 3724 3546 ἄνω

2144 3588 2242 3640 και¹
2271 3588 2424 3642 κάτω
2452 3590 2518 3642 ὲκ
2544 3586 2639 3641 δύο
2665 3587 2883 3658 φύσεων
2906 3588 3076 3657 λέγει.
3110 3587 3258 3659 Πρὸς
3280 3586 3439 3640 τοῦτο
3468 3585 3722 3653 λέγομεν,

2144 3678 2228 3731 ὅτι
2264 3677 2365 3729 οὐκ
2408 3677 2717 3731 ἀπεόάλετο
2766 3678 2964 3743 αὐτὸν,
3001 3678 3193 3748 ἐπειδὴ
3242 3676 3324 3741 τὸ,
3372 3678 3442 3730 ἐκ
3472 3676 3582 3729 δύο
3609 3676 3725 3743 ερύ-

2144 3784 2324 3836 σεων,
2350 3765 2464 3841 εἶχε
2484 3770 2666 3841 (τοῦτο
2688 3772 2796 3843 γὰρ
2818 3772 2912 3826 καὶ
2934 3772 3116 3841 ἡμεῖς,
3139 3770 3236 3823 καὶ
3255 3770 3306 3822 οἱ
3324 3767 3724 3837 διακρινόμενοι

2144 3861 2428 3932 δέχονται,
2483 3864 2579 3916 καὶ
2622 3865 2650 3917 6
2696 3863 3010 3933 Εὑτυχής)·
3068 3862 3186 3917 ἀλλ’
3234 3863 3316 3915 ὅτι
3351 3860 3576 3930 ἐλλιπὴς
3634 3853 3722 3927 ἧν.

2147 3954 2220 4006 Οὐ
2263 3952 2371 4024 γάρ
2414 3948 2530 4024 εἶχε
2572 3955 2633 4007 τὸ
2671 3954 2982 4025 ἀνατρέπον
3026 3954 3096 4007 τὰ
3136 3953 3384 4023 δόγματα
3415 3948 3722 4019 Εὑτυχοῦς,

2149 4045 2279 4100 ἀλλ’
2320 4046 2349 4099 δ
2399 4046 2562 4118 μόνον
2614 4046 2811 4111 κοινῶς
2862 4049 2997 4117 ἡμῖν
3050 4045 3294 4110 ἐδόξαζε.
3353 4042 3624 4097 Τοσοῦτον
3668 4040 3727 4094 δὲ

2149 4138 2250 4191 οὐκ
2288 4138 2523 4208 ἀντέστη
2554 4138 2691 4209 πρὸς
2730 4138 2810 4202 τὸ,
2868 4138 2939 4192 ἐκ
3001 4137 3111 4192 δύο
3138 4138 3403 4206 φύσεων,
3442 4136 3527 4189 ὅτι
3560 4133 3621 4185 ὲν
3652 4131 3731 4201 τῷ

2150 4225 2396 4295 δευτέρῳ
2438 4226 2552 4295 ὅρῳ
2600 4225 2881 4296 πανταχοῦ
2929 4227 3321 4297 ἀνατρέπουσα
3357 4226 3450 4278 τὸν
3489 4222 3727 4291 Εὐτυχῆ,

2152 4315 2387 4386 οὐδαμοῦ
2430 4314 2677 4386 ἐμνήσθη
2709 4316 2790 4383 τὸ,
2834 4316 2905 4370 ἐκ
2934 4315 3045 4371 δύο
3092 4316 3357 4386 φύσεων,
3388 4314 3463 4379 ὡς
3488 4312 3732 4383 δηλονότι

2151 4408 2417 4478 δεχομένη
2448 4408 2606 4463 αὑτό.

481 4498 729 4552 refutans
780 4496 1118 4567 Eutychem,
1164 4508 1438 4564 nusquam
1483 4492 1820 4547 mentionem
1855 4491 2050 4549 fecerit
2083 4495 2250 4568 hujus
2277 4498 2540 4570 loquendi
2608 4498 2881 4564 formulae,
2915 4499 3001 4554 Ea:
3060 4499 3262 4554 duabus
3289 4500 3533 4566 naturis;
3571 4497 3729 4567 quasi

481 4588 696 4645 scilicet
729 4604 850 4643 eam
881 4588 1215 4643 admitteret.

550 4683 639 4737 ιν.
668 4682 875 4749 Quarta
905 4680 1197 4735 difﬁcultas
1219 4690 1305 4735 est
1334 4679 1615 4747 (secunda
1662 4680 1811 4735 enim
1846 4681 1901 4735 in
1943 4679 2039 4735 duc

2228 4683 2475 4753 Τετάρτη
2523 4682 2675 4737 ἐστὶν
2727 4682 2931 4753 ἀπορία
2971 4683 3028 4754 (ἡ
3067 4681 3176 4752 γὰρ
3223 4681 3455 4752 δευτέρα
3512 4682 3595 4745 εἰς
3637 4679 3735 4734 δύο

479 4769 811 4841 dividitur),
850 4770 999 4840 quod
1048 4770 1299 4824 homines
1331 4769 1596 4824 sectarios
1622 4772 1863 4842 synodus
1890 4771 2059 4827 Chal-

482 4863 813 4924 cedonensis
857 4861 1175 4929 receperit,
1232 4859 1644 4915 Theodoretum
1685 4862 1936 4926 scilicet,
1997 4878 2060 4917 ac

482 4956 658 5009 Ibam.
690 4954 769 5008 Ex
795 4954 879 5007 his
900 4952 1282 5008 Theodoretus
1326 4962 1412 5007 est
1446 4953 1536 5006 ille
1587 4953 1682 5021 qui
1715 4954 1783 5008 12
1807 4955 2062 5025 capitulis

487 5046 635 5103 beati
662 5046 851 5118 Cyrilli
881 5033 1245 5109 contradixit,
1277 5052 1532 5113 tanquam
1572 5045 1808 5100 Nestorii
1834 5057 2060 5102 senten-

486 5138 620 5192 tiam
647 5136 890 5207 probans
917 5152 933 5188 :
960 5134 1082 5189 lbas
1107 5144 1289 5189 autem
1322 5146 1378 5189 et
1406 5135 1521 5205 ipse
1550 5135 1909 5191 Nestorianus
1937 5137 2062 5202 fuit,

487 5226 958 5300 quemadmodum
993 5230 1061 5280 ab
1085 5239 1151 5281 eo
1180 5227 1483 5296 perscripta
1530 5227 1599 5283 ad
1630 5226 1815 5281 Marim
1840 5228 2062 5283 Persam

487 5321 720 5392 epistola
752 5319 934 5384 docet,
967 5316 1022 5371 in
1055 5334 1160 5387 qua
1186 5333 1405 5373 sursum
1436 5319 2065 5374 deorsumTheodorum

489 5413 718 5475 laudat,
776 5412 934 5482 cujus
963 5409 1295 5465 auctoritate
1329 5411 1580 5479 dogmata
1637 5424 1735 5464 sua
1782 5410 2068 5465 Nestorius

490 5502 875 5559 confirmabat.
928 5501 1039 5557 Nos
1097 5517 1230 5557 vero
1282 5501 1619 5555 Theodoreti
1671 5501 1867 5572 dogma
1916 5501 2065 5571 quod

486 5595 730 5657 attinet,
779 5593 1049 5656 dicimus,
1097 5608 1207 5647 non
1242 5590 1397 5662 prius
1444 5608 1475 5646 a
1527 5591 1734 5663 synodo
1783 5601 2066 5663 receptum

489 5687 689 5747 fuisse,
722 5699 888 5753 quam
929 5684 1245 5739 Nestorium
1278 5694 1333 5737 et
1366 5684 1538 5753 ipsius
1582 5683 1910 5738 sententiam
1941 5699 2071 5738 ana-

493 5774 728 5830 themati
775 5774 1119 5845 subiecisset.
1153 5775 1367 5827 Rursus
1387 5773 1678 5842 objiciunt,
1709 5789 1808 5827 cur
1831 5774 2072 5845 synodus

498 5865 566 5927 ab
602 5878 670 5920 eo
696 5880 801 5921 non
836 5873 1218 5933 pos'tuiaverit,
1250 5874 1311 5919 ut
1352 5866 1554 5936 scripta
1596 5881 1692 5921 sua
1724 5881 1844 5937 qua:
1877 5865 2074 5923 adver-

2157 4775 2491 4845 διαιρεῖται),
2520 4776 2603 4829 ὃτι
2651 4776 2968 4844 αἰρετικοὺς
2997 4773 3324 4845 ἀνθρώπους
3364 4772 3637 4842 ὲδέξατοή
3675 4774 3736 4826 ὲν

2161 4865 2467 4934 Χαλκηδόνι
2526 4864 2762 4927 σύνοδος.
2805 4865 3055 4930 Ἐδέξατο
3082 4864 3188 4934 γὰρ
3227 4864 3612 4934 Θεοδώρητον,
3644 4864 3739 4916 καὶ

2162 4956 2256 5010 τὸν
2305 4955 2445 5008 ἰσᾶν
2476 4970 2491 4986 ο
2526 4948 2600 5008 ὧν
2624 4954 2653 5007 6
2687 4953 2787 5024 μὲν
2836 4954 3189 5025 Θεοδώρητός
3220 4956 3367 5007 ἐστιν
3407 4954 3436 5006 6
3465 4949 3739 5005 ἀντειπὼν

2165 5048 2300 5119 πρὸς
2343 5047 2413 5102 τὰ
2464 5047 2529 5117 ιβ’
2555 5045 2828 5115 κεφάλαια
2883 5046 2979 5099 τοῦ
3029 5045 3304 5117 μακαρίου
3334 5044 3629 5115 Κυρίλλου,
3662 5043 3739 5105 ὡς

2162 5140 2233 5194 τὰ
2266 5139 2563 5210 Νεστορίου
2592 5138 2830 5209 φρονῶν.
2862 5138 2923 5191 '0
2951 5139 3007 5191 δὲ
3050 5138 3192 5200 Ἰὁᾶς
3221 5136 3316 5190 καὶ
3342 5135 3505 5198 αὐτὸς
3531 5135 3740 5187 Nec-co-

2164 5228 2369 5301 ριανὸς,
2403 5230 2478 5292 ὡς
2524 5229 2673 5297 δηλοί
2712 5231 2746 5300 ἡ
2784 5230 3062 5300 γραφεῖσα
3110 5229 3244 5299 παρ’
3265 5226 3434 5283 αὐτοῦ
3481 5225 3741 5293 ἐπιστολὴ

2163 5322 2302 5391 πρὸς
2338 5322 2520 5393 Μάριν
2547 5322 2638 5374 τὸν
2664 5321 2902 5391 Πέρσην,
2933 5322 2994 5375 ὲν
3097 5319 3211 5373 ἄνω
3251 5319 3350 5373 καὶ
3394 5318 3547 5371 κάτω
3580 5319 3743 5369 ὲπαι-

2167 5413 2249 5466 νεῖ
2295 5412 2386 5466 τὸν
2416 5412 2715 5482 Θεόδωρον,
2744 5413 2836 5481 ἀφ’
2864 5404 2925 5464 οὗ
2969 5411 3037 5464 τὰ
3078 5412 3257 5464 οἰκεῖα
3290 5411 3542 5479 δόγματα
3588 5409 3745 5477 ίσχυ-

2173 5502 2352 5573 ρίζετο
2379 5504 2407 5555 6
2434 5504 2750 5573 Νεστόριος.
2781 5504 3027 5574 Λέγομεν
3068 5498 3161 5556 οὖν
3203 5501 3339 5571 πρὸς
3375 5502 3475 5572 μὲν
3505 5500 3566 5552 τὸ
3615 5499 3748 5551 Θεο-

2171 5594 2420 5663 δωρήτου
2466 5593 2663 5664 δόγμα,
2697 5593 2780 5646 ὅτι
2836 5594 2898 5646 οὐ
2956 5594 3221 5663 πρότερον
3261 5591 3423 5646 αὐτὸν
3466 5589 3683 5655 ἐδέξατο
3711 5590 3745 5658 ἡ

2177 5683 2416 5749 σύνοδος,
2446 5686 2574 5755 πρὶν
2606 5683 3005 5755 ἀναθεματίσαι
3056 5683 3351 5754 Νεστόριον
3381 5681 3475 5735 καὶ
3504 5680 3564 5732 τὸ
3612 5680 3748 5749 φρό-

2178 5793 2327 5847 νημα
2374 5774 2563 5830 αὑτοῦ.
2611 5772 2773 5826 Ἀλλά
2829 5773 2992 5826 πάλιν
3040 5770 3415 5842 έπαποροῦσιν
3472 5769 3627 5838 ἡμῖν,
3662 5766 3745 5817 ὅτι

2179 5869 2289 5926 Καὶ
2322 5868 2463 5923 διατι
2509 5867 2586 5939 μὴ
2628 5866 2909 5938 ἀπῄτησεν
2954 5865 3115 5922 αὑτὸν
3141 5864 3234 5920 καὶ
3278 5862 3345 5919 τὰ
3396 5860 3569 5916 οἰκεῖα
3616 5872 3747 5925 συγ-
