4148 6450
467 437 602 504 1237

1665 430 1762 489 DE
1804 426 2080 487 SECTIS-
2118 448 2188 462 -
2218 428 2520 489 ACT..VI.

3586 433 3723 501 1238

464 544 852 618 γράμματα,ἃ
905 542 1130 614 ἐποίησε
1186 543 1322 614 πρὸς
1380 541 1448 594 τὰ
1503 539 1567 610 ιβ’
1620 538 1892 608 κεφάλαια
1940 535 2070 589 τοῦ.

2175 552 2235 590 us
2264 538 2328 591 12
2351 538 2496 594 beati
2529 538 2716 611 Cyrilli
2753 540 2994 612 capitula
3044 557 3467 615 composuerat,
3498 552 3725 606 anathe-

468 638 745 709 μακαρίου
777 636 1070 707 Κυρίλλου,
1094 633 1495 706 ἀναθεματίσαι
1528 649 1542 697 ;
1572 630 1716 703 Πρὸς
1756 630 1917 684 τοῦτο
1962 629 2042 681 λέ-

464 746 656 801 γομεν,
686 731 767 783 ὅτι
810 729 972 783 τοῦτο
1024 728 1129 781 ούκ
1168 728 1277 782 ἔδει
1330 727 1467 797 αὐτῇ
1520 728 1584 796 τῇ
1638 725 1842 793 συνόδῳ
1906 722 2039 792 μᾶλα

2148 628 2478 683 matizaret?
2508 631 2948 701 Respondemus,
2985 634 3056 689 ob
3089 635 3146 690 id
3176 652 3289 692 non
3325 648 3433 694 tam
3456 655 3722 697 accusan-

2150 718 2275 771 dam
2311 719 2579 789 synodum
2604 761 2619 785 ,
2666 737 2828 791 quam
2878 723 3059 795 ipsum
3100 724 3364 797 Cyrillum
3390 770 3404 795 ,
3442 730 3723 788 hominem

465 821 557 875 λον
616 820 936 888 ἐγκαλέσαι,
971 820 1004 891 ἢ
1038 818 1117 890 τῷ
1157 818 1299 888 ἁγίῳ
1339 816 1614 889 Κυρίλλῳ.
1661 816 1901 877 Ἐκεῖνος
1936 812 2044 882 γάρ

2175 818 2424 863 anetum.
2460 811 2594 865 Nam
2626 813 2673 867 is
2703 816 3093 871 communione
3118 833 3243 873 cum
3264 818 3639 879 Orientalibus
3669 834 3727 879 et

468 913 759 967 κοινωνίαν
815 914 1053 983 ποιήσας
1120 911 1258 982 πρὸς
1312 910 1441 973 τοὺς
1492 908 1896 971 Ἀνατολικοὺς,
1951 908 2046 961 καὶ

468 1005 606 1073 πρὸς
641 1003 807 1058 αὑτὸν
843 1003 936 1057 τὸν
974 1003 1349 1074 Θεοδὼρητον,
1386 1002 1486 1054 οὐκ
1535 1002 1823 1071 ἀπῄτησεν
1883 998 2045 1053 αὑτὸν

469 1093 870 1165 ἀναθεματίσαι
903 1095 973 1148 τὰ
1016 1095 1196 1147 οἰκεῖα
1232 1093 1668 1162 συγγράμματα,
1691 1091 1761 1145 τά
1798 1090 1936 1155 πρὸς
1980 1090 2051 1142 τὰ

472 1182 539 1254 ιβ’
572 1182 847 1252 κεφάλαια
915 1181 1207 1253 γενόμενα.
1253 1182 1318 1233 "0
1359 1176 1452 1234 οὖν
1498 1182 1526 1233 6
1566 1179 1722 1246 ἀγιος
1779 1175 2051 1248 Κύριλ).ος

470 1276 574 1331 οὐκ
599 1274 1067 1346 ὲποίησε,τοῦτοή
1094 1275 1313 1338 σύνοδος
1344 1273 1554 1343 ὀφείλει
1589 1271 1947 1342 ἐγκαλεῖσθαι
1977 1271 2052 1341 μὴ

473 1368 789 1439 ποιήσασα;
824 1366 1071 1421 Καίτοιό
1105 1365 1182 1437 μὴ
1215 1365 1474 1436 ἐποίησεν
1502 1364 1532 1417 6
1563 1366 1715 1433 ἆγιος
1744 1362 2017 1434 Κύριλλος
2036 1400 2053 1426 ,

474 1459 618 1531 αὕτη
658 1459 941 1533 ἐποίησεν,
1012 1458 1377 1528 ἀναγκάσασα
1422 1456 1514 1511 τὸν
1566 1456 1911 1527 Θεοδώρητον
1964 1456 2057 1509 ἐπὶ

478 1554 699 1608 πάντων
738 1553 849 1607 ἀπὸ
878 1551 1153 1623 στόματος
1188 1550 1592 1618 ἀναθεματίσαι
1616 1549 1708 1603 τὸν
1734 1548 2053 1617 Νεστόριον,

548 1646 695 1716 Πρὸς
724 1644 782 1699 δὲ
806 1644 869 1698 τὸ
897 1643 991 1697 τοῦ
1036 1642 1151 1696 Ἰὅᾶ
1188 1642 1445 1713 λέγομεν,
1467 1642 1549 1695 ὅτι
1583 1641 1705 1695 οὐδὲ
1729 1640 1917 1694 τοῦτον
1948 1639 2059 1691 ὲδέ-

459 1743 627 1809 ξατο,
660 1740 708 1793 εἰ
764 1737 842 1809 μὴ
882 1739 1149 1809 πρότερον
1190 1738 1284 1790 τὸν
1313 1736 1610 1805 Νεστόριον
1658 1732 2057 1805 ἀναθεματίσῃ,

479 1835 576 1889 καὶ
623 1832 686 1885 τὸ
732 1830 992 1903 φρόνημα
1033 1828 1222 1885 αὐτοῦ.
1265 1828 1431 1882 Ἀλλά
1474 1828 1637 1882 πάλιν
1666 1826 2057 1898 ὲπαποροῦσιν,

479 1922 562 1974 ὃτι
614 1918 729 1972 Kal.
782 1918 923 1972 διατί
983 1918 1059 1989 μὴ
1116 1918 1399 1989 ἀπῄτησεν
1458 1917 1618 1971 αὐτὸν
1662 1917 2060 1987 ἀναθεματίσαι

478 2011 780 2079 Θεόδωρον,
821 2008 938 2063 ἀλλ’
963 2008 1184 2075 ἐδέξατο
1235 2006 1337 2078 τὴν
1388 2006 1683 2078 ἐπιστολὴν
1738 2005 1934 2069 αὑτοῦ,
1963 2005 2062 2077 τὴν

480 2094 618 2177 πρὸς
648 2104 832 2174 Μάριν
856 2144 871 2169 ,
908 2102 968 2155 ὲν
1069 2099 1242 2154 πολλά
1282 2102 1431 2154 ὲστιν
1463 2100 1702 2155 ἐπαινῶν
1730 2100 1820 2153 τὸν
1865 2098 2064 2153 Θεόδω-

485 2214 612 2267 ρον;
645 2198 770 2250 Ὀτι
799 2195 1078 2250 καὶτοῦτο
1104 2194 1375 2266 πρότερον
1411 2194 1614 2266 μᾶλλον
1651 2194 1948 2263 ἐγκαλέσαι
1986 2194 2064 2264 τῷ

481 2291 626 2359 ἁγίῳ
652 2288 906 2359 Κυρίλλῳ
928 2286 1183 2356 ὤφειλον,
1217 2288 1362 2358 ἢπερ
1384 2290 1450 2358 τῇ
1490 2287 1710 2357 συνόδῳ.
1754 2287 1927 2349 Αὐτὸς
1970 2283 2064 2340 οὖν

482 2386 511 2437 6
530 2385 589 2436 ἐν
606 2382 782 2452 ἁγίοις
800 2380 1090 2451 Κύριλλος,
1106 2380 1458 2450 ζητησάντων
1480 2380 1642 2434 τινῶν
1664 2380 1766 2450 ἤδη
1789 2378 2066 2448 ἀναθεμα-

483 2478 629 2530 τίσαι
656 2474 749 2529 τὸν
771 2474 1066 2545 Θεόδωρον,
1087 2474 1337 2542 φαίνεται
1369 2472 1598 2545 γράφων
1628 2472 1768 2541 πρὸς
1799 2471 2063 2543 Πρόκλον,

484 2570 567 2622 ὅτι
592 2568 653 2622 ού
682 2569 762 2621 δεῖ
782 2566 1221 2638 ἀναθεματίζειν.
1257 2567 1318 2620 Οἱ
1341 2566 1449 2637 γὰρ
1488 2566 1823 2620 Ἀνατολικοὶ
1844 2565 2065 2630 πάντες,

486 2663 646 2732 φησὶ,
687 2662 863 2731 μέγαν
911 2659 1097 2730 έχουσι
1138 2657 1463 2712 διδάσκαλον
1508 2658 1599 2713 τὸν
1627 2657 1906 2729 Θεόδωρον
1931 2697 1945 2722 ,
1974 2658 2071 2711 καὶ

486 2754 584 2806 ἐὰν
614 2752 777 2806 αὐτὸν
811 2751 1332 2821 ἀναθεματίσωμεν,
1365 2750 1509 2821 μέγα
1556 2748 1763 2820 σχίσμα
1805 2749 2071 2818 ποιοῦμεν

488 2844 548 2897 ὲν
575 2845 642 2914 τῇ
678 2841 978 2913 Ἐκκλησία
999 2841 1109 2894 τῶν
1141 2840 1526 2906 Ἀνατολικῶν,
1557 2835 1634 2895 ὧν
1656 2836 1737 2903 εἷς
1762 2839 1860 2893 καὶ⁸
1897 2840 2067 2904 Ἰϐᾶς,

493 2932 569 3004 μὴ
598 2932 969 3003 ἀνασχόμενος
998 2931 1164 2985 αὐτὸν
1194 2931 1615 3002 ἀναθεματίσαι.
1653 2935 1719 2985 Ὃ
1748 2932 1842 2985 οὖν
1864 2934 1891 2986 6
1915 2932 2071 3001 ἀγιος

490 3021 761 3094 Κύριλλος
798 3021 1024 3087 ἐκώλυε,
1061 3021 1222 3076 τοῦτο
1276 3022 1394 3086 πῶς
1441 3020 1555 3093 εἶχε
1596 3024 1820 3094 ποιῆσαι
1872 3025 1905 3093 ή
1947 3022 2072 3076 σύν-

490 3114 647 3180 οδος;
679 3114 740 3166 Εί
781 3113 839 3167 δὲ
876 3113 973 3167 καὶ⁹
1000 3112 1206 3184 δῶμεν,
1236 3113 1322 3166 ὅτι
1355 3112 1611 3183 φανερῶς
1631 3109 1772 3185 ἦσαν
1802 3114 2072 3183 αίρετικοὶ

2154 900 2271 970 ἱρεο
2305 902 2659 959 Theodoreto
2690 908 3012 975 constituta,
3059 925 3171 965 non
3212 914 3514 981 postulavit
3562 916 3631 969 ab
3660 932 3731 971 eo

2157 1001 2217 1047 ut
2242 995 2591 1051 anathemate
2624 999 2827 1067 scripta
2860 1015 2956 1054 sua
2990 1016 3112 1070 quae
3157 1012 3349 1058 contra
3382 1004 3450 1058 12
3489 1007 3732 1076 capitula

2156 1086 2298 1139 facta
2320 1085 2575 1153 fuissent,
2600 1098 3003 1145 exsecrarelur.
3032 1090 3190 1158 Quod
3222 1094 3389 1165 igitur
3411 1095 3527 1166 ipse
3552 1097 3733 1169 Cyril-

2158 1178 2265 1242 lus,
2297 1179 2383 1231 vir
2405 1188 2652 1247 sanctus,
2680 1196 2790 1237 non
2817 1181 2947 1238 fecit
2971 1224 2986 1250 ,
3018 1184 3091 1239 ob
3115 1186 3234 1257 ejus
3264 1187 3733 1245 intermissionem

2160 1284 2230 1323 an
2265 1270 2507 1341 synodus
2538 1273 2751 1343 culpari
2784 1285 3028 1330 meretur
3049 1277 3072 1329 ?
3096 1277 3273 1347 Atque
3299 1280 3543 1351 synodus
3574 1280 3627 1334 id
3650 1280 3732 1336 fe-

2161 1360 2278 1426 cit,
2319 1363 2465 1432 quod
2506 1374 2731 1421 sanctus
2783 1366 2876 1423 ille
2914 1368 3154 1440 Cyrillus
3185 1386 3295 1425 non
3325 1370 3457 1427 fecit
3484 1390 3498 1426 :
3530 1374 3737 1444 quippe

2162 1454 2570 1510 Theodoretum
2606 1457 2660 1512 in
2690 1459 2938 1515 omnium
2968 1462 3258 1531 praesentia
3289 1464 3469 1535 coegit
3499 1480 3595 1520 ore
3636 1482 3737 1521 suo

2163 1546 2477 1601 Nestorium
2508 1548 2994 1607 anathematizare.

2236 1637 2297 1691 V.
2327 1636 2482 1703 Quod
2520 1638 2669 1693 Ibam
2721 1640 2948 1709 attinet,
2981 1643 3377 1712 respondemus
3403 1685 3418 1710 ,
3470 1662 3541 1702 ne
3592 1647 3741 1703 hunc

2166 1726 2391 1796 quidem
2443 1728 2511 1783 ab
2559 1730 2771 1800 synodo
2809 1740 3094 1802 receptum
3124 1733 3294 1790 fuisse
3330 1737 3482 1806 prius
3506 1779 3519 1803 ,
3574 1754 3739 1807 quam

2168 1818 2483 1873 Nestorium
2509 1821 2739 1892 ejusque
2762 1823 3093 1878 sententiam
3114 1826 3452 1882 anathemati
3475 1828 3743 1900 subjecis—

2165 1916 2269 1964 set.
2312 1910 2419 1967 Sed
2453 1928 2646 1968 rursus
2680 1914 2951 1985 objiciunt
2986 1933 2998 1969 :
3035 1915 3147 1971 Cur
3173 1918 3242 1972 ab
3274 1934 3342 1975 eo
3366 1935 3477 1975 non
3503 1921 3741 1991 requisi-

2164 2002 2261 2067 vit,
2289 2011 2349 2057 ut
2370 2003 2722 2059 Theodorum
2770 2007 3430 2066 anathematizaretzimo
3479 2013 3741 2083 scriptam

2164 2095 2231 2149 ad
2257 2095 2428 2151 Marin
2456 2097 2747 2167 epistolam
2778 2100 3006 2170 recepit,
3040 2100 3095 2171 ip
3122 2117 3230 2171 qua
3253 2103 3605 2159 Theodorum
3634 2106 3749 2161 fre-

2164 2197 2399 2258 quenter
2422 2188 2546 2244 lbas
2585 2190 2890 2260 praedicat?
2922 2194 3194 2248 Nimirum
3227 2202 3283 2249 et
3321 2196 3425 2252 hoc
3452 2198 3638 2267 potius
3675 2199 3745 2253 de

2166 2288 2353 2335 sancto
2397 2280 2598 2353 Cyrillo
2638 2283 2811 2353 quaeri
2856 2284 3169 2350 debebant,
3217 2303 3381 2356 quam
3415 2288 3483 2344 de
3511 2290 3740 2361 synodo.

2165 2376 2301 2429 Nam
2333 2386 2536 2432 sanctae
2565 2379 2846 2434 memoriae
2873 2378 3135 2451 Cyrillum
3157 2423 3170 2446 ,
3204 2396 3329 2435 cum
3361 2382 3612 2436 nonnulli
3640 2384 3746 2437 hoc

2169 2467 2349 2538 ipsum
2380 2480 2715 2539 quaererent,
2744 2480 2805 2526 ut
2835 2472 3164 2529 Theodorus
3194 2474 3532 2529 anathemati
3573 2476 3747 2547 subji-

2170 2567 2428 2623 ceretur,
2474 2560 2541 2615 ad
2586 2561 2844 2617 Proclum
2878 2562 3165 2633 scripsisse
3214 2574 3465 2631 constat;
3520 2567 3748 2622 minime

2171 2650 2525 2706 Theodorum
2546 2654 2997 2709 anathematizari
3022 2654 3244 2712 debere.
3265 2657 3401 2711 Nam
3419 2657 3747 2723 Orientales,

2172 2743 2393 2812 inquit,
2462 2744 2708 2801 universi
2742 2745 3097 2802 Theodorum
3150 2764 3254 2819 pro
3296 2765 3493 2821 magno
3523 2751 3751 2807 doctore

2173 2836 2401 2901 habent,
2429 2853 2593 2907 quem
2614 2839 2659 2893 si
2687 2839 3025 2894 anathemati
3050 2839 3541 2911 subjecerimus,in
3559 2840 3755 2897 Orien-

2177 2929 2367 2984 talium
2422 2930 2667 2985 Ecclesia
2729 2930 3023 2986 dissidium
3090 2930 3284 3001 ingens
3340 2933 3751 2989 excitabimus:

2174 3033 2413 3087 quorum
2440 3034 2583 3073 unus
2609 3028 2694 3074 est
2719 3019 2863 3084 lbas,
2898 3020 2992 3088 qui
3018 3034 3144 3074 eum
3162 3020 3618 3076 anathematizari
3643 3038 3755 3077 non

2176 3109 2435 3179 patietur.
2472 3110 2630 3178 Quod
2655 3126 2785 3181 ergo
2824 3121 3048 3167 sanctus
3073 3111 3309 3184 Cyrillus
3337 3113 3457 3169 ﬁeri
3488 3115 3757 3183 prohibe-

490 3200 659 3272 οὗτοι,
678 3206 801 3261 οὐδὲ
821 3204 998 3270 οὕτως
1027 3205 1261 3277 ὤφειλον
1280 3205 1685 3260 ἀποϐάλλεσθαι
1707 3208 1804 3277 τῆς
1824 3206 2068 3260 συνόδου.

2181 3201 2296 3266 bat,
2347 3217 2457 3271 quo
2509 3211 2667 3272 pacto
2713 3204 2956 3274 synodus
3006 3203 3186 3259 facere
3232 3205 3495 3274 poterat?
3542 3204 3661 3261 Jam
3710 3206 3757 3261 si

504 3299 635 3355 Ἰδοὺ
710 3298 821 3371 γὰρ
897 3299 989 3353 καὶ
1045 3299 1078 3370 ἡ
1161 3300 1219 3353 ἐν
1280 3298 1485 3370 Νικαίᾳ
1560 3298 1776 3362 σύνοδος
1855 3298 2073 3367 ἐδέξατο

492 3389 635 3445 me
654 3391 987 3463 αἱρετικοὺς,
1018 3391 1115 3445 καὶ
1148 3390 1257 3463 πρὸ
1284 3390 1478 3444 τούτου
1514 3388 1951 3463 Ἀρειανοῦντας,
1978 3392 2074 3445 καὶ

497 3482 636 3554 μετά
672 3482 847 3538 ταῦτα
898 3483 1313 3555 ἐπιμείναντας.
1347 3482 1458 3536 Kal.
1502 3482 1654 3553 ὅμως
1689 3481 1750 3535 οὐ
1792 3482 1880 3537 διὰ
1914 3482 2075 3537 τοῦτο

492 3574 727 3646 λέγομεν
781 3574 881 3647 τὴν
928 3574 1167 3641 σύνοδον,
1218 3573 1342 3641 τια¹,
1398 3574 1537 3629 ἀλλὰ
1589 3581 1717 3645 τιη’,
1777 3575 1873 3629 καὶ
1943 3575 2077 3628 Ἰου-

495 3668 746 3733 6ενάλιος
774 3668 856 3736 δὲ,
887 3670 915 3722 6
958 3668 1349 3741 Ἰεροσολύμων
1415 3669 1737 3735 ἐπίσκοπος,
1772 3668 1865 3723 καὶ
1927 3668 2076 3724 ἄλλοι

493 3763 641 3827 τινὲς
691 3762 802 3817 τῶν
860 3762 1171 3833 γενομένων
1227 3763 1286 3815 ὲν
1336 3764 1403 3833 τῇ
1455 3762 1513 3815 ἐν
1577 3760 1786 3832 Ἐφέσῳ
1844 3760 2076 3833 δευτέρᾳ

498 3854 723 3925 συνόδῳ,
755 3855 823 3926 ἢν
848 3854 1225 3925 κατεδέχοντο,
1254 3853 1557 3925 εὑρέθησαν
1592 3854 1650 3906 ὲν
1677 3852 2003 3924 Χαλκηδόνι.

2182 3297 2414 3353 maxime
2442 3314 2731 3367 ponamus,
2764 3300 2866 3355 hos
2890 3299 3028 3356 duos
3055 3300 3234 3371 palam
3261 3299 3429 3357 fuisse
3456 3301 3719 3357 sectarios
3741 3343 3755 3366 ,

2184 3400 2365 3445 tamen
2410 3404 2479 3443 ne
2533 3390 2615 3444 sic
2657 3391 2880 3460 quidem
2934 3407 2964 3445 a
3014 3391 3225 3462 synodo
3264 3391 3419 3463 rejici
3460 3392 3759 3448 debebant.

2182 3479 2401 3534 Etenim
2447 3494 2577 3535 ecce
2616 3480 2835 3534 Niccena
2878 3495 3098 3549 quoque
3128 3479 3371 3551 synodus
3401 3488 3611 3551 septem
3649 3481 3761 3536 haz-

2185 3575 2387 3630 reticos
2409 3574 2651 3643 admisit,
2685 3576 2778 3645 qui
2808 3582 2863 3630 et
2897 3576 2959 3629 in"
2980 3576 3251 3631 sententia
3278 3575 3538 3645 deinceps
3567 3591 3761 3645 perse-

2184 3674 2468 3721 vcrarunt.
2500 3665 2613 3721 Nec
2664 3675 2848 3720 tamen
2905 3665 3113 3721 idcirco
3160 3681 3423 3722 vocamus
3479 3682 3601 3722 eam
3657 3667 3756 3721 5H

2184 3761 2411 3814 Patrum
2442 3758 2737 3830 synodum,
2770 3758 2868 3813 sed
2897 3760 3019 3816 518.
3071 3758 3266 3815 Itidem
3326 3759 3606 3815 Iuvenalis
3634 3758 3763 3814 Hie-

2188 3850 2595 3923 rosolymorum
2618 3848 2930 3920 episcopus,
2957 3849 3121 3905 etalii
3144 3848 3368 3919 quidam
3391 3851 3485 3920 qui
3508 3849 3765 3905 secundae

496 3946 705 4018 synodo
726 3946 1019 4017 Ephesina:
1038 3946 1411 4001 interfuerant
1432 3960 1667 4016 eamque
1684 3947 2073 4016 probaverant,
2111 3946 2462 4003 Chalcedone
2491 3960 2714 4015 quoque
2738 3942 2944 4013 reperti
2988 3943 3234 3998 fuerunt.

565 4043 789 4097 Τούτων
815 4043 874 4097 δὲ
902 4043 1076 4107 οὕτως
1096 4044 1329 4114 ἐχόντων
1350 4084 1364 4108 ,
1396 4042 1532 4113 ἄλλη
1576 4044 1782 4114 ἀπορία
1816 4045 1951 4113 ἡμῖν
1983 4045 2077 4098 ἀν·-

495 4134 637 4206 εφύη
672 4134 784 4189 ἀπὸ
814 4135 922 4188 τῶν
964 4135 1173 4205 χρόνων
1217 4133 1621 4189 Ἰούστινιανοῦ.
1663 4135 1882 4207 Ἐπειδὴ
1910 4135 2018 4206 γὰρ
2050 4135 2079 4187 6

508 4227 906 4290 Ἰουστινιανὸς,
936 4227 1159 4299 θεωρῶν
1205 4228 1334 4291 τοὺς
1389 4227 1840 4300 διακρινομένους
1904 4245 2080 4282 κατα-

496 4320 738 4383 ϐοῶντας
763 4320 1115 4391 Θεοδωρήτου
1147 4321 1243 4373 καὶ
1288 4320 1420 4387 Ίὸᾶ,
1446 4321 1541 4374 καὶ
1570 4321 1759 4393 ὥσπερ
1786 4320 1852 4374 δι’
1879 4322 2079 4387 αὐτοὺς

2258 4044 2347 4099 Vl.
2377 4042 2507 4109 Qua:
2529 4057 2653 4096 cum
2692 4041 2766 4095 ita
2795 4042 2926 4106 sint,
2958 4040 3065 4095 alia
3095 4038 3256 4093 nobis
3280 4038 3459 4094 oritur
3490 4038 3561 4093 de
3589 4038 3762 4095 Justi-

2185 4135 2335 4191 niani
2368 4132 2711 4205 temporibus
2736 4131 3049 4187 difﬁcultas.
3076 4131 3215 4186 Nam
3238 4130 3368 4201 quia
3396 4129 3759 4197 Justinianus,

2186 4228 2281 4299 qui
2295 4227 2511 4282 videret
2528 4224 2856 4280 Haesitantes
2870 4223 3173 4279 occlamare
3191 4221 3541 4278 Theodoreto
3563 4230 3619 4278 et
3635 4222 3761 4287 lbae,

2187 4320 2458 4391 quasique
2488 4326 2716 4388 propter
2745 4316 2893 4387 ipsos
2921 4316 3163 4372 aversari
3196 4316 3488 4388 synodum,
3538 4318 3765 4371 anathe-

497 4409 1014 4481 ἀποστρεφομένους
1036 4410 1136 4482 τὴν
1160 4409 1400 4477 σύνοδον,
1428 4411 1827 4482 ἀνεθεμάτισεν
1857 4412 2070 4478 αὐτοὺς,

2187 4412 2318 4467 mali
2339 4427 2436 4467 eos
2459 4409 2727 4481 subjecit:
2751 4408 3022 4480 objiciunt
3052 4408 3213 4464 nobis
3247 4408 3607 4478 quamobrem
3642 4409 3766 4465 illos

497 4500 799 4572 ἀποροῦσιν
821 4503 974 4572 ἡμῖν,
1000 4501 1081 4554 ὅτι
1108 4503 1263 4555 Διατί
1294 4502 1493 4566 αὐτοὺς
1519 4502 1980 4574 ἀναθεματίζετε;
2007 4504 2079 4557 Ἦ

498 4589 658 4644 καλοὶ
688 4585 851 4660 ἦσαν,
898 4589 931 4661 ἢ
981 4588 1160 4642 κακοί.
1191 4588 1301 4641 Kal
1339 4590 1388 4642 εἰ
1424 4589 1524 4660 μὲν
1575 4588 1758 4655 καλοὶ,
1802 4588 1944 4643 διατί
1988 4589 2084 4643 αύ-

496 4680 625 4743 τοὺς
686 4679 1155 4751 ἀναθεματίζετε;
1200 4682 1264 4733 El
1324 4680 1380 4734 δὲ
1436 4681 1622 4746 κακοὶ,
1678 4681 1821 4734 διατί
1880 4680 2082 4744 αὐτοὺς

498 4773 772 4843 ἐδέξατοή
816 4771 1075 4838 σύνοδος;
1114 4771 1174 4825 El
1216 4773 1323 4845 γὰρ
1387 4774 1482 4828 καὶ
1528 4773 1687 4845 ὑμεῖς
1727 4772 1822 4827 νῦν
1884 4772 2083 4837 αὐτοὺς

498 4863 951 4935 ἀναθεματίζετε,
976 4862 1052 4928 ὼς
1095 4864 1323 4932 κακοὺς,
1358 4864 1411 4917 τί
1455 4866 1594 4937 πρὸς
1647 4865 1744 4937 τὴν
1775 4868 1832 4920 ὲν
1866 4865 2085 4937 Χαλκη-

498 4953 607 5008 δόνι
637 4954 878 5019 σύνοδον,
907 4954 1008 5026 τὴν
1034 4953 1337 5028 δεξαμένην
1362 4956 1582 5021 αὐτοὺς,
1612 4957 1678 5026 ἣν
1722 4958 1884 5026 ὑμεῖς
1911 4973 2085 5010 κατα-

499 5045 760 5115 δέχεσθε;
796 5046 1137 5116 Πρὸς-τοῦτο
1176 5046 1429 5119 λέγομεν,
1464 5049 1547 5102 ὄτι
1596 5048 1719 5103 κατ’
1770 5049 2085 5119 οἰκονομίαν

502 5137 625 5191 τινὰ
658 5136 819 5191 τοῦτο
841 5137 1066 5209 ἐποίησε
1100 5139 1500 5204 Ἰουστινιανός.
1534 5139 1755 5212 Ἐπειδὴ
1780 5141 1890 5212 γὰρ
1914 5140 2082 5212 ἑώρα,

499 5229 693 5300 ὥσπερ
728 5230 981 5301 εἴπομεν,
1021 5231 1153 5295 τοὺς
1191 5231 1647 5304 διακρινομένους
1713 5234 1804 5289 διὰ
1861 5233 2087 5299 τούτους

501 5318 1019 5391 ἀποστρεφομένους
1068 5319 1169 5392 τὴν
1231 5320 1472 5389 σύνοδον,
1530 5322 1785 5393 ἐνόμισεν
1843 5323 1931 5377 ὅτι
1990 5325 2087 5379 ἐὰν

500 5409 880 5480 ἀναθεματίσῃ
935 5410 1155 5476 αὐτοὺς,
1195 5413 1345 5465 ποιεῖ
1391 5412 1647 5484 δεχθῆναι
1696 5415 1796 5485 τὴν
1848 5414 2085 5470 σύνοδον.

517 5502 797 5573 Ἥγήσατο
844 5495 937 5556 οὖν
979 5500 1072 5556 δύο
1118 5502 1274 5567 τινὰς
1340 5503 1850 5579 ἀναθεματίσαι(εί
1877 5506 1973 5561 καὶ⁸
2013 5507 2090 5579 μὴ

504 5592 614 5648 ἔδει
643 5592 841 5657 αὐτοὺς
891 5592 1456 5666 ἀναθεματισθῆναι),
1490 5595 1578 5649 ἵνα
1626 5596 1847 5651 πάντων
1893 5597 2089 5665 ἕνωσιν

505 5684 730 5755 ποιήσῃ.
761 5683 872 5737 Kal.
919 5683 1010 5739 διὰ
1064 5685 1225 5739 τούτο
1268 5684 1660 5756 ἀνεθεμάτισεν
1712 5688 1914 5752 αύτούς
1940 5705 1956 5721 ο
1994 5687 2089 5741 καὶ

503 5776 655 5844 ὅμως
686 5773 809 5829 οὐδὲ
843 5773 1018 5839 οὕτως
1052 5775 1301 5842 ἐδέξαντο
1323 5777 1373 5830 oi
1401 5775 1802 5850 διακρινόμενοι
1829 5778 1925 5853 τὴν
1959 5778 2087 5837 σύν-

504 5867 642 5923 οδον.

2183 4504 2752 4559 anathematizemus?
2807 4502 2917 4557 Aut
2980 4500 3111 4555 boni
3173 4501 3384 4557 scilicet
3432 4512 3631 4566 erant,
3671 4511 3773 4557 aut

2183 4595 2334 4650 mali.
2369 4594 2424 4649 Si
2457 4594 2620 4659 boni,
2665 4608 2765 4648 cur
2799 4608 2896 4647 eos
2928 4592 3453 4648 anathematizatis?
3494 4592 3578 4647 sin
3611 4594 3764 4655 mali,

2184 4703 2285 4742 cur
2314 4701 2345 4740 a
2373 4685 2582 4757 synodo
2613 4684 2818 4755 recepti
2846 4684 3013 4739 sunt?
3051 4683 3208 4750 Quod
3238 4684 3285 4739 si
3318 4698 3418 4739 vos
3446 4684 3559 4754 jam
3593 4684 3762 4754 ipsos,

2186 4787 2248 4833 ut
2282 4777 2455 4831 malos
2486 4774 2963 4831 anathematizatis
2984 4816 2999 4841 ,
3035 4773 3169 4844 quid
3218 4774 3325 4829 hoc
3364 4773 3435 4829 ad
3461 4772 3768 4829 Chalcedo-

2186 4885 2356 4926 nense
2379 4868 2697 4934 concilium,
2732 4885 2760 4923 a
2803 4868 2966 4923 vobis
2992 4867 3286 4937 probatum
3311 4866 3459 4937 quod
3496 4881 3593 4922 eos
3618 4881 3771 4922 νεορ-

2187 4963 2307 5033 pit?
2330 4961 2410 5017 Ad
2440 4962 2547 5016 hoc
2586 4960 3008 5031 respondemus,
3052 4959 3427 5015 Justinianum
3471 4959 3577 5013 hoc
3609 4967 3767 5013 certo

2188 5055 2427 5125 quodam
2453 5054 2688 5109 consilio
2714 5052 2927 5111 fecisse.
2954 5052 3085 5107 Nam
3105 5052 3235 5120 quia
3260 5051 3507 5114 videbat,
3540 5058 3601 5104 ut
3622 5050 3768 5104 dixi-

2190 5164 2332 5210 mus,
2362 5148 2561 5200 horum
2596 5162 2761 5202 causa
2790 5144 3117 5200 Haesitantcs
3170 5142 3443 5214 synodum
3499 5143 3765 5203 aversari,

2190 5240 2571 5311 perfecturum
2619 5230 2983 5308 serputabat,
3042 5244 3103 5289 ut
3155 5235 3223 5289 iis
3265 5231 3765 5293 anathematizatis.

2190 5329 2431 5402 synodus
2484 5328 2827 5397 reciperetur
2887 5342 2901 5377 :
2958 5325 3191 5393 ideoque
3253 5321 3394 5376 duos
3447 5320 3771 5375 anathema-

2192 5420 2441 5485 tizandos
2490 5418 2665 5474 duxit
2696 5418 3042 5489 (quanquam
3102 5413 3327 5468 minime
3400 5412 3769 5467 anathemati-

2193 5521 2341 5569 zatos
2387 5507 2690 5581 oportuit),
2721 5517 2779 5564 ut
2807 5522 3002 5564 omnes
3039 5505 3107 5561 ad
3157 5504 3419 5559 unionem
3452 5502 3766 5573 redigeret:

2192 5607 2335 5660 hanc
2369 5604 2539 5676 igitur
2573 5602 2645 5658 ob
2678 5616 2900 5656 causam
2940 5599 3064 5653 illos
3122 5594 3462 5651 anathemati
3510 5591 3767 5663 subjecit.

2197 5697 2397 5751 Verum
2422 5709 2491 5749 ne
2516 5692 2595 5749 sic
2626 5691 2852 5763 quidem
2876 5688 3101 5749 adducti
3138 5698 3266 5745 sunt
3293 5686 3621 5743 Haesitautes
3646 5722 3660 5743 .
3709 5690 3771 5739 ut

2202 5787 2468 5861 synodum
2497 5785 2828 5858 reciperent.
