4148 6494
416 430 553 496 1239

1670 429 1987 491 LEONTII
2034 428 2449 491 BYZANTINI

3556 440 3696 502 12M)

1988 573 2135 586 .—

416 638 875 721 Philosophict':
939 637 1352 717 respondetur
1406 637 1768 730 τρείοηίόηε
1814 639 2407 730 ᾳειςιειηιεεὶιαηίρε
2458 638 2831 730 offerebant,
2878 651 2946 702 ut
2989 645 3515 721 reprehenderent
3567 670 3701 730 quae

1422 717 1682 793 fuerant
1728 717 1801 776 de
1847 716 2098 778 Christi
2149 724 2384 775 natura
2431 716 2702 779 dcerem.

1036 840 1243 898 ACTIO
1272 843 1390 897 Vll.

483 942 526 995 l.
544 941 672 995 Post
687 938 1091 1007 expositionem
1111 944 1589 1004 argumentorum,
1608 950 1675 989 ex
1698 936 1834 1006 ipsis
1855 937 2000 992 actis

414 1031 711 1104 petitorum
738 1071 754 1095 ,
808 1030 878 1085 ad
930 1046 994 1085 ea
1045 1040 1416 1093 transeamus,
1450 1044 1573 1098 quae
1614 1028 2001 1083 ratiocinando

414 1124 575 1180 nobis
590 1122 888 1194 objiciunt.
911 1122 1155 1176 Primum
1177 1120 1315 1175 illud
1339 1131 1425 1176 est
1449 1138 1461 1173 :
1492 1119 1548 1175 Si
1573 1120 1709 1175 duas
1743 1128 1997 1183 naturas,

416 1214 720 1284 inquiunt,
763 1213 821 1267 in
852 1212 1073 1267 Christo
1118 1211 1308 1266 dicitis
1333 1253 1348 1277 ,
1394 1211 1620 1266 omnino
1654 1211 1791 1265 duas
1822 1210 1997 1265 etiam

415 1308 745 1379 hypostases
774 1305 1011 1360 traditis.
1040 1304 1097 1359 Si
1118 1304 1257 1359 duas
1276 1305 1625 1375 hypostases,
1658 1304 1825 1358 etiam
1857 1303 2001 1357 duas

415 1415 707 1469 personas,
734 1408 792 1453 et
821 1397 962 1452 duos
988 1396 1268 1462 Christos,
1295 1405 1353 1452 et
1381 1396 1523 1451 duos
1552 1396 1713 1463 ﬁlios,
1744 1396 1999 1466 adeoque

419 1490 782 1561 reperiemini
827 1490 1020 1545 eadem
1072 1490 1279 1545 sentire
1330 1504 1453 1559 qua:
1497 1489 1806 1543 Nestorius.
1844 1487 1999 1542 Hanc

418 1583 788 1654 objectionem
818 1590 875 1636 et
901 1582 1153 1636 instando
1173 1591 1229 1635 et
1253 1579 1583 1650 opponendo
1616 1579 1997 1634 dissolvimus.

418 1675 713 1740 lnstando;
742 1675 871 1744 quia
901 1674 1042 1728 male
1068 1673 1331 1743 objicitis,
1360 1664 1418 1726 et
1454 1672 1592 1727 adeo
1633 1671 1879 1741 quidem,
1938 1680 2001 1724 ut

417 1768 609 1823 cadem
634 1767 951 1822 absurditas
987 1767 1143 1820 vobis
1164 1780 1382 1836 quoque
1420 1764 1729 1833 colligatur.
1762 1763 1819 1818 Si
1847 1764 1999 1817 enim

416 1860 698 1915 Christum
723 1876 791 1915 ex
815 1859 1031 1914 duabus
1054 1858 1269 1912 naturis
1299 1857 1505 1921 dicitis,
1538 1865 1705 1911 erunt
1736 1857 1999 1909 nimirum

416 1964 473 2007 et
507 1952 830 2024 hypostascs
861 1951 1004 2013 duae,
1053 1960 1109 2005 et
1140 1950 1263 2005 duae
1325 1965 1575 2020 persona:
1626 1962 1876 2002 seorsum
1937 1962 2002 2000 ac

419 2044 774 2114 peculiariter
827 2043 1292 2112 circumscriptae;
1341 2050 1715 2111 sequeturque
1755 2040 1823 2094 de
1874 2040 1999 2109 opi-

418 2137 583 2192 nione
600 2144 803 2201 vestra,
826 2134 973 2205 quod
991 2144 1111 2189 erat
1128 2134 1444 2189 humanitas
1470 2132 1767 2203 aliquando
1792 2132 2000 2201 absque

419 2226 708 2281 divinitate
743 2244 758 2280 :
796 2227 943 2296 quod
976 2226 1276 2281 absurdum
1304 2236 1408 2290 est,
1446 2241 1507 2280 ac
1537 2243 1605 2280 ne
1634 2240 1733 2279 vos
1779 2225 2002 2294 quidem

419 2318 576 2374 fateri
606 2319 913 2374 sustinetis.
946 2319 1082 2373 Nam
1108 2317 1254 2387 quod
1279 2332 1378 2370 vos
1403 2315 1584 2370 dicitis
1614 2316 1831 2369 unitum
1858 2330 1999 2379 esse,

420 2410 527 2464 hoc
554 2425 658 2465 nos
688 2410 926 2465 dicimus
958 2417 1084 2479 post
1123 2410 1408 2463 unionem.
1454 2408 1754 2462 Enimvero
1800 2407 1845 2460 si
1891 2420 2002 2459 non

420 2503 797 2573 hypostaticas
831 2512 1059 2557 naturas
1083 2502 1269 2556 unitas
1301 2516 1423 2555 esse
1455 2500 1642 2555 dicitis
1669 2538 1684 2563 ,
1728 2499 1875 2553 idem
1900 2514 2003 2552 nos

419 2608 643 2663 quoque
668 2594 909 2648 dicimus
940 2610 955 2648 :
983 2595 1072 2647 sin
1122 2592 1495 2663 hypostaticas
1519 2629 1535 2654 ,
1586 2590 1889 2645 absurdum
1947 2589 2001 2642 id

419 2686 646 2756 quidem
676 2685 867 2753 fateri;
908 2685 1007 2741 sed
1033 2684 1285 2739 dicemus
1314 2693 1522 2749 tamen,
1553 2683 1717 2737 vobis
1745 2682 1888 2735 hanc
1909 2681 2003 2735 ab-

419 2777 749 2833 surditatem
780 2777 1016 2834 exorsis.
1068 2776 1138 2833 Ut
1186 2784 1371 2831 autem
1412 2784 1468 2830 et
1512 2773 1847 2845 opponendo
1894 2774 2005 2828 sol-

419 2884 614 2923 vamus
650 2869 950 2939 obiectum,
991 2868 1153 2923 aliam
1193 2882 1416 2938 quoque
1453 2865 1835 2921 dilIicultatem
1865 2862 2001 2917 aﬁ‘e-

420 2967 571 3024 runt,
597 2959 766 3031 priori
790 2958 1051 3023 similem,
1076 2957 1174 3012 sed
1190 2973 1313 3027 qua:
1337 2956 1557 3011 diverso
1580 2952 1818 3024 quodam
1839 2952 2002 3006 modo

420 3048 663 3114 texitur;
691 3063 800 3118 qua
830 3047 1010 3102 soluta
1040 3062 1263 3117 quoque
1312 3045 1567 3115 superior
1609 3043 1737 3098 erit.
1774 3041 1873 3095 Est
1899 3056 2001 3094 au-

420 3152 529 3197 tem
567 3140 887 3212 huiusmodi
922 3158 936 3195 :
969 3140 1026 3195 Si
1057 3141 1195 3195 duas
1226 3147 1452 3193 naturas
1481 3136 1690 3199 dicitis,
1719 3133 1998 3203 inquiunt,

418 3244 515 3289 aut
549 3232 906 3306 liypostaticae
934 3242 1086 3298 sunt,
1126 3241 1222 3287 aut
1250 3247 1361 3285 non
1393 3228 1769 3302 hypostaticaa.
1804 3226 1860 3281 Si
1900 3226 2000 3296 hy-

419 3327 723 3397 postaticae,
749 3341 1018 3397 personas
1057 3325 1194 3379 duas
1228 3322 1589 3378 introducitis
1612 3362 1626 3382 .
1664 3330 1720 3375 et
1751 3318 2002 3374 Christos

418 3418 563 3471 duos
584 3457 598 3482 ,
621 3424 679 3472 et
706 3416 847 3472 duos
884 3415 1047 3471 ﬁlios.
1089 3414 1146 3470 Si
1170 3430 1282 3469 non
1312 3412 1690 3484 hypostaticaz,
1722 3424 1907 3463 rerum
1944 3408 2001 3463 in

416 3517 618 3564 natura
652 3525 763 3564 non
798 3517 949 3565 sunt.
994 3508 1064 3563 At
1090 3522 1224 3563 vero
1254 3506 1440 3561 dicere
1467 3546 1482 3571 ,
1518 3512 1749 3558 naturas
1793 3499 1997 3555 Christi
2027 3539 2071 3598 ϐ

419 3623 532 3661 non
558 3622 681 3662 esse
706 3607 761 3661 in
793 3615 995 3662 natura
1020 3606 1228 3673 rerum,
1269 3602 1571 3659 absurdum
1602 3606 1707 3655 est.
1742 3595 1823 3651 Ad
1853 3596 1997 3650 hanc

418 3700 787 3771 objectionem
819 3715 1014 3755 rursus
1054 3707 1113 3754 et
1143 3696 1402 3752 instando
1431 3704 1488 3751 et
1515 3690 1847 3763 opponendo
1890 3705 1997 3759 pu-

420 3805 675 3861 gnamus.
726 3792 1033 3855 lnstando,
1092 3790 1221 3860 quia
1270 3788 1411 3842 male
1457 3784 1723 3857 objicitis.
1775 3782 1911 3837 Nam
1949 3782 1995 3837 si

417 3882 698 3938 Christum
740 3898 807 3938 ex
855 3881 1074 3937 naturis
1112 3880 1330 3936 duabus
1370 3878 1576 3941 dicitis,
1648 3876 1733 3929 hac
1779 3889 1999 3943 quoque

418 3983 631 4028 natura:
667 3974 751 4028 vel
785 3972 1143 4045 hypostaticaa
1176 3980 1326 4037 sunt,
1366 3970 1453 4025 vel
1477 3985 1587 4023 non
1618 3965 1997 4036 hypostaticm.

418 4064 476 4119 Si
508 4064 732 4136 quidem
758 4065 1137 4138 hypostaticat,
1164 4064 1305 4119 duas
1333 4076 1598 4132 personas
1622 4056 1994 4123 introducitis,

2719 845 2970 899 ΠΡΑΞΙΣ
3026 849 3103 901 Z'.

2185 933 2343 987 Μετά
2400 934 2468 989 τά
2524 935 2632 989 ἀπὸ
2688 936 2799 990 τῶν
2846 940 3202 1010 πραχθέντων
3250 942 3695 1014 ἐπιχειρήματα,

2114 1026 2473 1097 μετέλοωμεν
2518 1032 2614 1081 καὶ⁹
2655 1029 2749 1081 ἐπὶ
2792 1031 3222 1102 ἐπιχειρήματα,
3257 1034 3400 1104 ἅπερ
3424 1036 3556 1104 ἡμῖν
3590 1038 3701 1090 ἀπὸ

2112 1118 2492 1189 συλλογισμῶν
2519 1121 2939 1192 προϐάλλονται.
2974 1119 3074 1177 Ὧν
3100 1127 3317 1195 πρῶτόν
3356 1130 3471 1181 ἐστι
3517 1129 3697 1184 τοῦτο’

2110 1212 2177 1264 Ei
2233 1212 2329 1266 δύο
2364 1214 2574 1282 φύσεις,
2610 1218 2767 1286 φασὶ,
2791 1217 2980 1287 λέγετε
3014 1220 3071 1272 ὲν
3100 1221 3177 1290 τῷ
3207 1221 3453 1292 Χριστῷ,
3481 1224 3699 1288 πάντως

2110 1306 2209 1359 καὶ
2228 1305 2322 1358 δύο
2340 1307 2665 1371 ὑποστάσεις
2683 1308 2893 1377 λέγετε.
2915 1312 2978 1365 Ei
2994 1312 3088 1365 δύο
3105 1314 3453 1380 ὑποστάσεις,
3479 1317 3572 1369 καὶ
3600 1317 3695 1370 δύο

2109 1397 2404 1466 πρόσωπα,
2433 1399 2527 1450 καὶ
2552 1398 2645 1451 δύο
2675 1401 2968 1471 Χριστοὺς,
3002 1404 3098 1457 καὶ
3137 1404 3232 1457 δύο
3274 1406 3425 1469 υἱούς
3446 1422 3461 1437 θ
3494 1408 3584 1459 καὶ
3611 1409 3701 1461 εύο

2111 1488 2415 1559 ρεθήσεσθε
2446 1491 2513 1543 τὰ
2540 1492 2680 1545 αὑτά
2713 1493 3035 1563 φρονοῦντες
3052 1496 3129 1566 τῷ
3146 1498 3446 1569 Νεστορίῳ.
3481 1500 3700 1570 Ταύτην

2107 1580 2211 1648 τὴν
2268 1581 2504 1652 ἀπορίαν
2554 1584 2887 1653 ὲπιλυόμεθα
2916 1588 3166 1641 ἑνστάσει
3213 1591 3308 1643 καὶ
3355 1592 3696 1646 ἀντιστάσει.

2121 1672 2403 1726 Ἐνστάσει
2450 1674 2569 1743 μὲν,
2600 1675 2686 1727 ὅτι
2716 1677 2904 1740 κακῶς
2954 1679 3213 1750 ἀπορεῖτε
3234 1720 3249 1745 ,
3282 1683 3376 1735 καὶ
3421 1682 3696 1747 τοσοῦτον,

2108 1763 2192 1815 ὅτι
2225 1764 2318 1817 καὶ
2350 1765 2479 1834 ὑμῖν
2519 1766 2580 1818 τὸ
2627 1768 2761 1820 αὐτὸ
2804 1770 3100 1837 συνάγεται
3141 1772 3365 1828 ἄτοπον.
3400 1774 3461 1827 Εἰ
3495 1779 3602 1844 γὰρ
3634 1778 3700 1828 ὲκ

2108 1856 2205 1909 δύο
2235 1856 2451 1926 φύσεων
2474 1856 2658 1926 λέγετε
2694 1858 2783 1912 τὸν
2810 1861 3066 1931 Χριστὸν,
3085 1862 3284 1917 οὐκοῦν
3332 1865 3425 1917 δύο
3457 1866 3700 1920 ὑποστά-

2111 1963 2247 2011 σεις,
2281 1947 2377 2000 καὶ
2408 1945 2502 2000 δύο
2536 1948 2809 2020 πρόσωπα
2842 1950 2966 2005 καθ’
2995 1952 3186 2021 έαυτά,
3215 1956 3310 2007 καὶ
3344 1956 3698 2027 ίδιοπεριόρι-

2111 2056 2214 2093 στα
2247 2056 2260 2069 ·
2298 2040 2392 2093 καὶ
2420 2036 2487 2111 ἦν
2519 2057 2651 2095 ποτε
2695 2042 2821 2095 καθ’
2858 2043 3003 2113 ὑμᾶς
3045 2047 3077 2117 ἡ
3111 2046 3475 2116 ἁνθρωπότης
3524 2050 3699 2121 χωρῂς

2106 2133 2211 2202 τῆς
2242 2133 2519 2203 θεότητος,
2552 2135 2692 2206 ὅπερ
2716 2136 2939 2201 ἄτοπον,
2970 2138 3066 2190 καὶ
3095 2139 3218 2192 οὐδὲ
3250 2140 3410 2209 ὑμεῖς
3433 2141 3697 2210 ἀνέχεσθε

2039 2204 2080 2260 Β
2110 2226 2462 2296 ὁμολογῆσαν
2494 2226 2523 2278 ὃ
2563 2204 2673 2298 γὰρ
2718 2229 2879 2298 ὑμεῖς
2939 2228 3129 2297 λέγετε
3197 2204 3470 2300 ὲνῶθῆναι
3494 2274 3508 2297 ,
3534 2204 3701 2285 τοῦτο

2107 2317 2339 2386 λέγομεν
2368 2320 2531 2390 ἡμεῖς
2574 2319 2714 2389 μετά
2749 2320 2846 2389 τὴν
2874 2321 3090 2375 ἕνωσιν.
3133 2323 3198 2375 Et
3234 2324 3331 2393 μὲν
3358 2323 3453 2376 οὖν
3491 2325 3696 2376 ἀνυπο-

2110 2408 2340 2471 στάτους
2397 2408 2498 2472 τὰς
2548 2409 2743 2477 φύσεις
2799 2410 2987 2479 λέγετε
3034 2413 3346 2485 ὲνωθῆναι,
3387 2415 3483 2467 καὶ
3529 2416 3697 2483 ἡμεῖς

2106 2497 2264 2552 τοῦτο
2314 2499 2587 2570 λέγομενο
2621 2503 2669 2553 εί
2734 2502 2791 2554 δὲ
2853 2504 3277 2571 ὲνυποστάτους,
3333 2507 3535 2560 ἄτοπον
3594 2509 3696 2577 μὲν

2105 2590 2460 2661 ὁμολογῆσαι,
2481 2591 2632 2661 ὅμως
2670 2593 2726 2645 δὲ
2755 2592 3016 2663 λέγομεν,
3048 2595 3202 2664 ὑμῶν
3246 2596 3303 2649 δὲ
3333 2597 3695 2667 προαρξαμέ-

2106 2698 2212 2734 νων
2236 2681 2338 2751 τῆς
2372 2683 2626 2747 ἀτοπίας.
2670 2684 2789 2737 Ἵνα
2825 2684 2882 2737 δὲ
2920 2686 3014 2739 καὶ
3044 2688 3111 2757 τῇ
3159 2688 3476 2743 ἀντιστάσει
3514 2689 3695 2743 λύσω-

2109 2790 2209 2842 μεν
2244 2772 2343 2844 τὴν
2370 2774 2628 2845 ἀπορίαν,
2649 2776 2846 2847 ἑτέραν
2867 2778 2989 2830 τινὰ
3016 2778 3399 2847 ἐπαγαγοῦσιν
3429 2781 3691 2852 ἀπορίαν,

2105 2863 2295 2927 ὁμοίαν
2331 2865 2430 2934 μὲν
2460 2868 2525 2936 τῇ
2560 2866 2826 2936 προτέρᾳ,
2862 2867 3042 2931 ἄλλως
3071 2869 3129 2921 δέ
3157 2887 3276 2933 πως
3304 2870 3655 2941 πλεκομένην
3677 2888 3692 2902 ·

2104 2950 2169 3026 ἦς
2198 2955 2464 3025 λυομένης
2487 2995 2501 3019 ,
2540 2959 2635 3010 καὶ
2662 2961 2694 3026 ἡ
2722 2959 2975 3029 ἀνωτέρα
3015 2960 3336 3031 λυθήσεται.
3368 2962 3527 3015 Ἔστι
3557 2962 3697 3030 γοῦν

2104 3044 2329 3115 τοιαύτη
2364 3061 2378 3074 °
2420 3045 2483 3098 Εἰ
2511 3045 2602 3098 δύο
2638 3047 2830 3115 φύσεις
2862 3047 3075 3116 λέγετε,
3107 3050 3352 3120 φασὶν,ἥ
3388 3051 3695 3103 ὲνυπόστα-

2103 3136 2187 3189 τοί
2248 3138 2354 3190 εἰσι
2380 3178 2395 3201 ,
2429 3136 2462 3207 ἢ
2493 3136 2880 3193 ἀνυπόστατοι.
2923 3140 2986 3193 El
3042 3143 3143 3212 μὲν
3172 3141 3268 3195 οὖν
3332 3143 3695 3197 ὲνυπόστατοί

2105 3230 2211 3281 εἱσι
2243 3268 2257 3292 ,
2320 3228 2414 3282 δύο
2484 3229 2757 3297 πρόσωπα
2797 3232 3049 3301 εἰσάγετε
3084 3274 3099 3297 ,
3132 3233 3229 3287 καὶ
3256 3232 3350 3288 δύο
3377 3235 3653 3302 Χριστοὺς
3678 3277 3695 3300 ,

2104 3322 2199 3373 καὶ
2223 3319 2316 3372 δύο
2346 3317 2516 3381 υἱούς.
2547 3319 2608 3372 Εἰ
2630 3320 2685 3373 δὲ
2716 3321 3104 3385 ἀνυπόστατοι,
3130 3323 3230 3376 ούκ
3259 3323 3369 3394 ἄρα
3390 3323 3501 3376 τῶν
3518 3324 3696 3377 ὄντων

2104 3414 2281 3466 εἰσίν·
2325 3414 2500 3466 εἰπεῖν
2542 3412 2598 3465 δὲ
2658 3413 2758 3475 τὰς
2803 3413 2997 3481 φύσεις
3030 3413 3124 3467 τοῦ
3155 3413 3396 3485 Χριστοῦ
3431 3414 3507 3485 μὴ
3551 3410 3694 3469 εἶναι

2105 3507 2215 3559 τῶν
2244 3505 2434 3569 ὄντων,
2471 3505 2689 3558 ἄτοπον.
2726 3506 2870 3577 Πρὸς
2896 3506 3102 3576 ταύτην
3129 3505 3291 3561 πάλιν
3316 3506 3417 3578 τὴν
3451 3506 3694 3577 ἀπορίαν

2102 3597 2356 3651 ένστάσει
2399 3597 2493 3649 καὶ
2539 3597 2989 3667 ἀντιπεριστάσει
3035 3598 3351 3668 μαχόμεθα.
3399 3599 3693 3654 Ἑνστάσει

2105 3687 2222 3756 μὲν,
2242 3686 2326 3739 ὃτι
2355 3684 2539 3747 κακῶς
2566 3688 2839 3756 ἀπορεῖτε.
2858 3688 2920 3740 Εἰ
2942 3687 3050 3759 γάρ
3071 3689 3133 3742 ὲκ
3154 3689 3247 3742 δύο
3262 3690 3481 3758 φύσεων
3502 3689 3697 3759 λέγετε

2100 3779 2194 3832 τὸν
2244 3779 2499 3849 Χριστὸν,
2536 3772 2697 3831 αὗται
2738 3779 2795 3832 αἱ
2840 3777 3031 3847 φύσεις
3079 3780 3630 3846 ἐνυπόστατοίεῐσιν,
3659 3783 3694 3853 ἢ

2100 3872 2489 3925 ἀνυπόστατοι.
2524 3869 2587 3923 Ei
2622 3870 2721 3938 μὲν
2756 3864 2850 3923 οὖν
2892 3873 3271 3937 ὲνυπόστατοι,
3301 3873 3397 3927 δύο
3419 3874 3697 3944 πρόσωπα

2099 3962 2374 4031 εἰσάγετε,
2399 3959 2495 4015 καὶ
2519 3961 2613 4015 δύο
2630 3963 2898 4033 Χριστοὺς
2915 3965 3008 4017 καὶ
3036 3964 3128 4018 δύο
3146 3964 3316 4030 υἱούς.
3331 3968 3395 4020 Et
3417 3966 3472 4019 δὲ
3488 3967 3697 4020 ἀνυπὸε-

2100 4072 2307 4119 στατοι,
2325 4056 2389 4108 ὲκ
2418 4053 2491 4132 μὴ
2511 4053 2687 4107 οὑσῶν
2705 4054 2921 4122 φύσεων
2943 4055 3129 4125 λέγετε
3153 4052 3290 4111 εἶναι
3312 4057 3403 4111 τὸν
3427 4057 3694 4129 Χριστόν.

416 4165 475 4210 et
506 4156 649 4213 duos
686 4155 940 4213 Christos
979 4162 1037 4210 et
1078 4154 1224 4209 ﬁlios
1289 4152 1451 4208 duos.
1492 4151 1550 4207 Si
1613 4164 1724 4205 non
1792 4145 2170 4219 hypostaticae,
2218 4144 2286 4200 de
2340 4143 2556 4199 naturis
2597 4158 2705 4198 non
2760 4146 3168 4201 exsistentibus
3230 4147 3515 4203 Christum
3566 4164 3695 4204 esse

415 4251 623 4308 dicitis.

486 4344 553 4400 ll.
593 4344 665 4401 Ut
717 4353 902 4400 autem
962 4360 1074 4399 non
1122 4357 1417 4414 pergamus
1470 4354 1589 4395 rem
1635 4334 1995 4407 inexplicabi-

416 4439 524 4492 lem
556 4453 655 4507 per
685 4437 833 4493 aliud
883 4436 1270 4506 inexplicabile
1299 4433 1602 4490 dissolvere
1640 4430 1801 4503 (nihil
1844 4429 1993 4484 enim

416 4531 474 4585 in
507 4544 574 4584 eo
607 4527 904 4599 praeclari),
924 4543 1021 4598 age
1044 4526 1290 4582 vicissim
1314 4525 1396 4581 eis
1416 4520 1744 4594 opponendo
1780 4528 1992 4583 nostra,

414 4619 785 4690 objectionem
828 4634 1020 4673 eorum
1079 4618 1221 4674 male
1241 4617 1646 4687 ‘comparatam
1698 4611 1996 4682 redargua-

414 4726 560 4765 mus.
593 4709 891 4765 Sciendum
938 4710 1105 4781 igitur
1167 4709 1576 4780 hypostaticum
1638 4713 1695 4760 et
1734 4704 1992 4775 hyposta-

415 4803 501 4857 sin
531 4801 642 4857 duo
666 4801 998 4871 signiﬁcare.
1037 4801 1173 4857 Nam
1201 4811 1258 4856 et
1282 4800 1555 4869 signiﬁcat
1590 4796 1643 4851 id
1677 4795 1825 4867 quod
1856 4795 1991 4849 sim-

2178 4326 2297 4379 Ἵνα
2325 4325 2381 4379 δὲ
2415 4324 2491 4395 μὴ
2524 4325 2722 4396 ἀπόρῳ
2748 4325 2807 4378 τὸ
2842 4326 3051 4397 ἄπορον
3076 4327 3356 4398 μείνωμεν
3384 4328 3695 4402 ὲπιλυόμευ

2103 4437 2183 4475 νοι
2218 4419 2397 4487 (τοῦτο
2418 4418 2527 4489 γὰρ
2558 4420 2709 4472 οὐδὲν
2740 4423 3034 4487 γενναῖον),
3069 4421 3203 4492 φέρε
3234 4421 3695 4494 ἀντιπεριστάσει

2098 4512 2457 4583 χρησάμενοι,
2488 4512 2589 4581 τὴν
2622 4512 2857 4583 ἀπορίαν
2886 4514 3071 4578 κακῶς
3118 4514 3350 4585 ἔχουσαν
3396 4516 3690 4586 διελέγξω-

2102 4624 2222 4679 μεν.
2262 4606 2458 4660 Ἰστέον
2487 4606 2603 4669 οὖν,
2626 4608 2709 4661 ὅτι
2739 4608 2801 4659 τὸ
2847 4608 3213 4662 ὲνυπόστατον
3238 4610 3297 4680 (ἰ)
3327 4611 3448 4681 ἦτοι
3487 4614 3518 4682 ή
3549 4614 3690 4666 ὑπό-

2100 4716 2289 4761 στασις
2330 4698 2424 4752 δύο
2476 4698 2753 4769 σημαίνει.
2787 4699 3056 4769 Σημαίνει
3104 4700 3213 4768 γὰρ
3252 4700 3312 4754 τὸ
3356 4702 3549 4767 ἁπλῶς
3586 4704 3647 4758 ὃν
3672 4724 3686 4738 ο

2099 4790 2224 4844 καθ’
2253 4789 2281 4842 ὃ
2310 4790 2712 4860 σημαινόμενον
2766 4790 2998 4860 λέγομεν
3044 4792 3140 4844 καὶ
3190 4790 3259 4845 τά
3292 4794 3691 4865 συμϐεϐηκότα

416 4894 907 4965 pliciterexsistit:
963 4905 1073 4963 quo
1120 4893 1428 4964 signiﬁcato
1470 4891 1707 4947 dicimus
1759 4897 1815 4944 et
1845 4887 1992 4941 acci-

2104 4880 2465 4946 ὲνυπόστατα,
2493 4882 2541 4933 εί
2592 4880 2690 4934 καὶ
2724 4882 2783 4932 ὲν
2818 4881 3029 4950 ἑτέροις
3075 4880 3259 4951 έχουσι
3287 4881 3352 4935 τὸ
3385 4879 3547 4938 εἶναι.
3577 4886 3688 4955 Ση-

413 4984 602 5040 dentia
625 4983 943 5053 hypostasin
976 4984 1202 5049 habere,
1236 4983 1367 5037 licet
1421 4983 1476 5037 in
1511 4980 1637 5036 aliis
1681 4993 1802 5034 esse
1831 4991 1993 5032 suum

2104 4970 2292 5039 μαίνει
2339 4971 2435 5023 καὶ
2481 4970 2542 5024 τὸ
2592 4970 2713 5024 καθ’
2741 4970 2904 5024 ἑαυτὸ
2960 4970 3057 5036 ὃν,
3114 4970 3191 5034 ὡς
3241 4970 3312 5024 τά
3349 4972 3533 5044 ἄτομα
3576 4975 3691 5028 τῶν

413 5077 675 5132 habeant.
708 5074 991 5145 Signiﬁcat
1036 5086 1092 5130 et
1120 5075 1173 5129 id
1214 5076 1359 5145 quod
1408 5089 1659 5131 seorsum
1717 5081 1773 5126 et
1806 5085 1906 5141 per
1932 5084 1992 5124 sc

2104 5061 2297 5113 οὐσιῶν
2322 5077 2334 5091 ·
2360 5060 2499 5114 ὥστε
2536 5060 2823 5131 συμϐαίνει
2852 5061 2911 5114 τὸ
2949 5061 3071 5115 καθ’
3094 5062 3255 5115 ἑαυτὸ
3294 5064 3688 5129 ἐνυπόστατον,

412 5165 647 5228 exsistit,
683 5163 867 5234 qualia
895 5174 1025 5218 sunt
1060 5163 1342 5218 individua
1372 5161 1844 5219 substantiarum:
1878 5172 1989 5227 quo

2104 5151 2257 5221 διχῶς
2282 5152 2536 5221 λέγεσθαι
2557 5152 2939 5207 ὲνυπόστατον.
2957 5153 3136 5207 Καϐ’ὂ
3162 5153 3221 5206 όν
3246 5157 3417 5219 ἐστιν,
3443 5157 3538 5209 καὶ
3562 5158 3689 5211 καθ’

414 5257 477 5311 ﬁt
524 5265 589 5311 ut
637 5255 1045 5327 hypostaticum
1097 5272 1196 5327 per
1223 5272 1280 5312 se
1312 5256 1518 5328 duplici
1574 5255 1740 5311 modo
1769 5253 1988 5307 dicatur

2104 5244 2280 5306 ἑαυτὸ,
2313 5244 2459 5298 τοῦτ’
2498 5244 2616 5297 ἔστι
2653 5244 2860 5315 Πέτρος
2902 5245 2999 5299 καὶ
3034 5246 3274 5309 Παῦλος.
3315 5248 3478 5300 Ἀλλά
3503 5248 3598 5300 καὶ
3622 5250 3688 5301 τὸ

412 5349 848 5419 hypostaticum:
878 5357 1150 5418 quatenus
1164 5358 1246 5404 est
1269 5351 1531 5420 quiddam
1552 5347 1844 5408 exsistens,
1871 5352 1989 5397 tum

2104 5336 2469 5391 ἀνυπόστατον
2490 5336 2688 5391 διττόν.
2725 5336 2963 5405 Λέγεται
3000 5338 3109 5409 γὰρ
3150 5340 3551 5403 ἀνυπόστατον,
3590 5342 3684 5394 καὶ

411 5451 688 5509 quatenus
716 5455 964 5495 seorsum
990 5456 1054 5495 ac
1085 5457 1185 5511 per
1228 5457 1287 5497 se
1330 5442 1565 5505 exsistit,
1620 5447 1681 5493 ut
1715 5438 1910 5492 Petrus
1937 5442 1995 5487 et

2104 5429 2153 5482 τὸ
2179 5430 2445 5500 μηδαμῶς
2483 5429 2564 5495 ὃν,
2589 5430 2664 5493 ὡς
2704 5430 3052 5501 τραγέλαφος
3091 5432 3187 5484 καὶ
3218 5432 3679 5503 ἱπποκένταυρος,

412 5531 638 5587 Paulus.
687 5531 883 5587 Itidem
938 5541 995 5587 et
1019 5533 1157 5597 inon
1185 5533 1596 5603 hyposlaticum
1635 5529 1838 5599 duplex
1867 5534 1987 5580 est:

2104 5521 2320 5589 λέγεται
2365 5522 2527 5576 πάλιν
2581 5524 2978 5586 ἀνυπόστατον,
3014 5524 3076 5577 ού
3126 5524 3188 5576 τὸ
3241 5524 3316 5596 μὴ
3350 5524 3411 5578 ὃν
3450 5525 3574 5594 μὲν,
3612 5524 3679 5575 τὸ

415 5637 542 5676 nam
563 5638 764 5692 expers
812 5623 1122 5693 hypostasis
1150 5624 1375 5690 dicitur,
1413 5624 1563 5694 quod
1620 5633 1848 5691 prorsus
1878 5632 1987 5671 non

2104 5614 2215 5684 ἕχον
2237 5614 2296 5667 δὲ
2330 5615 2389 5669 ὲν
2411 5615 2584 5688 ἑτέρῳ
2610 5617 2711 5688 τὴν
2734 5617 3053 5683 ὑπόστασιν,
3079 5617 3175 5670 καὶ
3214 5617 3292 5688 μὴ
3340 5617 3467 5671 καθ’
3509 5617 3678 5671 ἑαυτὸ

489 5795 563 5869 (i)_
586 5796 655 5848 Τὸ
683 5796 859 5869 {rem
888 5796 1096 5869 Similia
1117 5777 1279 5854 docet
1310 5794 1983 5869 Leontius,infragmento
2091 5801 2172 5849 tat
2201 5792 2517 5869 Letluienus
2556 5796 2624 5853 ad
2650 5812 2778 5869 opp.
2813 5796 3161 5865 Damasceni,
3185 5802 3320 5853 tom.
3354 5796 3397 5853 l.
3425 5809 3552 5868 pag.
3578 5792 3673 5861 42$,

423 5862 567 5931 quod
593 5878 658 5919 ex
692 5863 1051 5923 Collectaneis
1082 5883 1211 5924 mss.
1255 5877 1445 5924 contra
1490 5862 1821 5924 Severianos
1850 5864 1985 5921 reci-
2090 5872 2208 5921 not.
2240 5866 2285 5920 l.
