4148 6454
436 397 568 459 19H

1615 394 1714 455 DE
1753 394 2033 454 SECTIS.
2066 417 2131 426 -
2160 394 2321 453 ACT.
2362 393 2497 455 VII.

3579 379 3715 444 1249

428 506 796 577 ὑφιστάμενον
822 521 835 535 ⁸
870 506 943 569 ὼς
994 507 1061 558 τὰ
1111 504 1520 573 συμϐεϐηκότα.
1580 507 1803 560 Τούτων
1838 505 2014 570 οὕτως

2129 508 2369 573 exsistit;
2406 516 2467 562 ut
2501 506 2852 577 tragelaphus
2894 504 3460 573 ethippocentaurus.
3501 500 3715 554 Rursus

426 601 681 669 ἐχόντων,
725 598 855 651 ὅταν
890 599 1241 669 ἐρωτήσωσιν
1281 599 1449 668 ἡμᾶς,
1479 599 1561 651 ὄτι
1595 600 1657 652 Εἰ
1691 599 1784 653 δύο
1820 600 2015 669 φύσεις

428 692 615 759 λέγετε
652 689 749 743 τοῦ
778 688 1038 762 Χριστοῦ,
1075 690 1474 753 ὲνυποστάτους
1509 692 1681 755 αὐτάς
1721 692 1911 761 λέγετε
1934 734 1948 756 ,
1979 693 2013 763 ἢ

426 782 834 845 ἀνυποστάτους
860 799 874 849 ;
908 782 1308 853 ἀντερωτῶμεν
1330 784 1549 850 αὐτοὺς,
1577 785 1661 837 ὅτι
1684 784 1811 848 Πῶς
1828 784 2017 853 λέγετε

427 874 671 929 ἐνταῦθα
719 876 782 929 τὸ
841 875 1260 941 ἑνυπόστατον;
1315 874 1442 930 Ἐὰν
1498 878 1598 946 μὲν
1650 878 1902 943 εἴπωσιν,
1934 880 2017 931 ὅτι

429 970 559 1039 περὶ
603 970 697 1022 τοῦ
756 969 1120 1039 σημαίνοντος
1164 968 1223 1021 τὸ
1266 967 1327 1021 ὃν
1376 967 1563 1032 ἁπλῶς
1588 984 1603 999 ο
1637 968 1897 1039 λέγομεν,
1934 969 2017 1023 ὅτι

427 1060 523 1113 δύο
553 1060 747 1128 φύσεις
770 1060 1004 1130 λέγομεν
1032 1060 1126 1113 τοῦ
1160 1059 1403 1130 Χριστοῦ
1437 1061 1580 1114 κατά
1619 1058 1783 1114 τοῦτο
1822 1060 1881 1114 τὸ
1915 1078 2016 1129 ση-

432 1152 777 1220 μαινόμενον,
804 1152 899 1205 mi
928 1152 1081 1205 οὐδὲν
1118 1152 1323 1206 ἄτοπον
1352 1152 1651 1219 συνάγεται
1678 1153 1836 1223 ἡμῖν,
1873 1151 2017 1206 ὥστε

429 1243 529 1295 καὶ
573 1242 666 1295 δύο
720 1242 993 1312 πρόσωπα
1044 1245 1389 1312 εἰσαγαγεῖν.
1426 1245 1505 1298 Οὐ
1536 1244 1645 1314 γὰρ
1667 1245 1797 1315 περὶ
1821 1244 2018 1298 τούτου

428 1335 525 1388 τοῦ
566 1335 980 1406 σημαινομένου
1033 1336 1304 1407 ἐλάϐομεν
1333 1336 1433 1407 τὴν
1459 1337 1784 1391 ὑπόστασιν.
1815 1338 1933 1391 Ἵνα
1960 1338 2020 1391 δὲ

430 1428 605 1495 σαφὲς
640 1428 724 1498 εἰη
755 1429 816 1481 τό
841 1428 1161 1497 λεγόμενον,
1196 1429 1599 1499 μεταϐαλόντες
1642 1429 1712 1484 τὰ
1753 1429 2017 1499 ὀνόματα,

431 1517 856 1584 συλλογιστικῶς
893 1518 1347 1587 προσαγάγωμεν
1374 1518 1466 1572 τδν
1497 1518 1679 1587 λόγον,
1713 1519 1809 1572 καί⁵
1848 1519 2019 1572 εἴπω-

432 1624 532 1679 μεν
564 1607 739 1673 οὕτως
766 1627 778 1639 ’
809 1610 871 1663 Εἰ
900 1609 995 1663 δύο
1044 1610 1238 1679 φύσεις
1276 1610 1372 1664 τοῦ
1401 1610 1674 1682 Χριστοῦ,
1708 1612 2021 1683 παρέπεται

428 1702 492 1755 τὸ
549 1704 947 1767 ὲνυποστάτους
1001 1703 1172 1768 αὐτὰς
1220 1700 1395 1759 εἶναι·
1428 1706 1488 1758 τὸ
1518 1705 1575 1759 δὲ
1626 1706 2021 1769 ὲνυπόστατον,

428 1793 491 1847 τὸ
544 1794 603 1848 ὂν
647 1796 929 1867 σημαίνει.
965 1796 1032 1849 At
1085 1797 1180 1851 δύο
1231 1796 1423 1868 φύσεις
1465 1798 1574 1869 ἄρα
1616 1798 1709 1852 τοῦ
1746 1797 2020 1869 Χριστοῦ,

2123 616 2317 671 expers
2342 600 2654 671 hypostasis
2690 598 2916 657 dicitur.
2950 612 3059 651 non
3101 594 3155 648 id
3193 590 3583 663 quidemquod
3604 607 3713 643 non

2124 693 2361 756 exsistit,
2417 691 2513 746 sed
2572 689 2721 759 quod
2769 685 3089 758 hypostasin
3136 683 3307 738 habet
3354 683 3410 736 in
3459 682 3590 747 alio,
3650 697 3716 735 ac

2124 796 2234 833 non
2262 796 2361 850 per
2387 795 2444 834 se
2497 776 2784 833 subsistit:
2823 774 3009 844 qualia
3062 782 3192 826 sunt
3246 772 3578 825 accidentia.
3618 770 3714 824 His

2127 874 2199 928 ita
2223 871 2568 934 constitutis,
2605 870 2825 938 quoties
2851 882 2953 920 nos
2989 864 3477 935 interrogaverint,
3511 862 3556 916 si
3578 862 3716 916 duas

2124 964 2333 1021 Christi
2370 972 2599 1016 naturas
2626 959 2833 1021 dicitis,
2869 973 3004 1011 num
3038 972 3132 1011 eas
3171 956 3359 1010 dicitis
3401 954 3714 1025 hypostati-

2127 1074 2238 1123 cas,
2287 1073 2356 1111 an
2400 1063 2658 1124 expertes
2710 1050 3055 1123 hypostasis?
3102 1064 3205 1104 nos
3237 1048 3484 1103 vicissim
3531 1063 3596 1101 ex
3631 1048 3717 1101 eis

2127 1164 2462 1222 quaeramus,
2500 1146 2777 1217 quomodo
2819 1142 3152 1215 hypostatici
3181 1156 3375 1196 vocem
3418 1140 3713 1209 accipiant.

2128 1243 2186 1298 Si
2226 1242 2490 1305 dixerint,
2537 1239 2790 1308 accipere
2840 1251 2902 1291 se
2964 1236 3032 1290 de
3072 1250 3168 1301 .eo,
3234 1233 3386 1305 quod
3436 1232 3716 1305 signiﬁcet

2129 1352 2247 1391 rem
2279 1334 2608 1405 simpliciter
2641 1332 2997 1387 exsistentem
3019 1371 3033 1395 ,
3093 1328 3394 1384 fatebimur
3427 1327 3565 1382 duas
3614 1342 3715 1381 nos

2128 1428 2334 1485 Christi
2363 1435 2589 1481 naturas
2617 1426 2723 1479 hoc
2755 1423 3065 1494 signiﬁcato
3093 1422 3302 1486 dicere,
3353 1437 3457 1476 nec
3487 1420 3714 1476 absurdi

2129 1522 2432 1593 quidquam
2467 1535 2496 1573 a
2549 1517 2711 1571 nobis
2760 1515 2967 1586 colligi,
3023 1514 3161 1569 duas
3208 1513 3287 1568 uti
3337 1512 3547 1567 scilicet
3593 1527 3717 1581 per-

2130 1629 2296 1669 sonas
2340 1610 2779 1666 introdncamus.
2809 1609 2927 1662 Non
2956 1607 3103 1661 enim
3131 1607 3239 1661 isto
3262 1605 3571 1676 signiﬁcato
3614 1621 3714 1658 vo-

2131 1718 2252 1759 cem
2282 1701 2592 1773 hypostasis
2653 1698 3007 1769 cepimus.Ut
3033 1707 3216 1753 autem
3252 1696 3603 1767 perspicuum
3619 1695 3713 1761 sit,

2132 1793 2281 1865 quod
2310 1792 2528 1847 anobis
2552 1790 2793 1853 dicitur,
2838 1788 3166 1857 permutatis
3210 1784 3552 1849 nominibus,
3603 1783 3708 1854 syl-

428 1885 539 1939 τῶν
576 1886 745 1941 ὄντων
798 1889 958 1947 εἰσίν.
1026 1888 1153 1943 Ἐὰν
1200 1890 1258 1943 δὲ
1306 1890 1557 1955 εἴπωσιν,
1589 1891 1671 1944 ὄτι
1718 1890 1780 1945 τὸ
1822 1890 2018 1944 ὲνυπό-

2129 1887 2371 1959 logistice
2403 1899 2518 1939 rem
2552 1884 2918 1953 proferamus,
2950 1881 3055 1935 hoc
3092 1879 3291 1934 modo:
3333 1878 3389 1933 Si
3422 1878 3544 1932 duae
3584 1884 3715 1932 sunt

431 1993 625 2031 στατον
687 1977 922 2049 λέγομεν
990 1981 1120 2053 περὶ
1180 1980 1276 2034 τοῦ
1349 1981 1472 2034 καθ’
1530 1981 1693 2036 ἑαυτὸ
1747 1980 2024 2052 ὑπάρχον-

425 2084 519 2133 τος
559 2086 573 2101 ο
616 2071 849 2141 λέγομεν
890 2073 1054 2144 ἡμεῖς
1084 2115 1099 2139 ,
1129 2074 1211 2127 ὅτι
1275 2075 1419 2128 κατὰ
1480 2075 1643 2128 τοῦτο
1690 2076 1745 2128 αἰ
1792 2075 1887 2129 δύο
1921 2075 2022 2144 φύ-

432 2179 547 2225 σεις
578 2164 674 2218 τοῦ
720 2165 961 2235 Χριστοῦ
1010 2167 1109 2220 οὐκ
1150 2168 1288 2221 εἰσίν
1319 2169 1701 2234 ὲνυπόστατοι,
1746 2169 1862 2223 ἀλλ’
1924 2170 2022 2223 άν-

431 2256 747 2309 υπόστατοι.
774 2259 885 2311 Καὶ
922 2259 985 2312 οὐ
1031 2260 1327 2327 συνάγεται
1355 2263 1490 2331 ἡμῖν
1534 2261 1740 2315 ἄτοπον
1771 2277 1784 2291 ⁸
1819 2264 2021 2315 ἀνυποο

431 2349 660 2411 στάτους
707 2351 816 2420 γὰρ
875 2350 1114 2421 λέγομεν
1176 2353 1350 2416 αὐτὰς
1380 2394 1393 2415 ,
1424 2354 1485 2405 ού
1523 2354 1658 2407 καθὸ
1703 2355 1778 2424 μή
1831 2356 1969 2407 εἰσιν
2002 2369 2016 2383 ⁸

432 2439 549 2492 ἀλλ’
579 2440 663 2494 ὃτι
716 2441 824 2496 τῶν
854 2444 930 2515 μὴ
975 2443 1097 2497 καθ’
1125 2445 1297 2497 ἑαυτά
1335 2446 1507 2499 ὄντων
1563 2446 1721 2500 εἰσίν.
1758 2447 1869 2500 Καὶ
1932 2447 2021 2499 ἴνα

431 2533 596 2587 πάλιν
655 2534 830 2603 σαφὲς
880 2537 968 2606 εἴη
1021 2536 1081 2590 τδ
1134 2537 1469 2607 λεγόμενον,
1504 2539 1907 2608 μεταϐαλόντες
1953 2540 2021 2595 τὰ

427 2624 692 2694 ὀνόματα,
748 2626 1179 2697 συλλογιστικῶς
1232 2630 1680 2700 προσαγάγωμεν
1704 2631 1795 2683 τὸν
1839 2631 2019 2699 λόγον.

429 2718 493 2771 Εἰ
546 2718 642 2772 δύο
687 2719 883 2788 φύσεις
932 2720 1027 2774 τοῦ
1077 2720 1343 2791 Χριστοῦ,
1372 2723 1683 2791 παρέπεται
1734 2722 1794 2776 τὸ
1823 2724 2023 2777 ἀνυπο-

431 2809 662 2873 στάτους
692 2810 863 2875 αὐτὰς
888 2808 1049 2869 εἶναι.
1085 2813 1158 2866 Τὸ
1197 2813 1255 2867 δὲ
1279 2814 1653 2868 ἀνυπόστατον
1679 2817 1935 2887 σημαίνει
1959 2819 2021 2872 οὐ

429 2900 490 2954 τὸ
523 2901 598 2973 μὴ
632 2900 691 2954 ὃν
720 2942 734 2967 ,
766 2903 904 2956 ἀλλὰ
932 2905 993 2957 τὸ
1030 2904 1155 2957 καθ’
1186 2904 1351 2958 ἑαυτὸ
1382 2906 1457 2976 μὴ
1485 2904 1564 2960 δν.
1605 2908 1670 2959 Ai
1708 2907 1803 2960 δύο
1826 2907 2022 2975 φύσεις

429 2993 541 3063 ἄρα
592 2994 689 3048 τοῦ
734 2996 973 3067 Χριστοῦ
1022 2997 1369 3062 καθ’ὲαυτάς
1407 2999 1509 3052 οὐκ
1550 2999 1677 3053 εἰσί.
1705 3001 1817 3054 Καὶ
1847 3000 2023 3061 οὕτως

380 3151 382 3153 μ
431 3086 529 3139 tam
565 3086 841 3158 εἴπωμεν,
864 3090 925 3142 ού
959 3091 1055 3143 δύο
1088 3092 1359 3160 πρόσωπα
1391 3092 1712 3162 εἰσάγομεν,
1745 3092 1869 3145 οὔτε
1913 3094 2022 3163 μὴν

679 3179 849 3233 ὄντων
894 3180 1036 3234 αὐτὰ
1069 3183 1137 3252 (j)
1164 3183 1468 3253 ποιοῦμενο
1498 3184 1870 3238 ἀνυπόστατον
1911 3185 2020 3256 γὰρ
2046 3227 2092 3288 c

432 3272 703 3344 ἐλάϐομεν
751 3275 1011 3339 ἐνταῦθα,
1047 3276 1106 3329 τὸ
1139 3281 1407 3347 σημαῖνον
1434 3276 1496 3330 τὸ
1545 3277 1620 3348 μὴ
1673 3279 1796 3332 καθ’
1829 3279 2017 3341 ἑαυτὸ.

433 3364 621 3417 οὐκέτι
653 3365 714 3418 τὸ
762 3365 837 3438 μὴ
870 3366 951 3421 ὃν.
982 3368 1101 3421 ’Ὁτι
1150 3369 1207 3421 δὲ
1241 3369 1337 3423 δύο
1369 3371 1753 3441 σημαινόμενα
1778 3366 1888 3425 οἵδε
1922 3373 2022 3443 τῆς

433 3455 789 3521 ὑποστάσεως
810 3461 842 3527 ἡ
866 3460 1304 3533 ὲκκλησιαστικὴ
1334 3463 1621 3533 συνήθεια,
1647 3464 1707 3517 τό
1732 3482 1791 3517 τε
1817 3468 2020 3535 σημαῖ-

434 3562 524 3598 νον
581 3547 643 3600 τὸ
708 3547 896 3611 ἁπλῶς
950 3549 1032 3612 ὃν,
1068 3550 1219 3620 δηλοῖ
1255 3554 1283 3604 ό
1342 3553 1499 3621 ἆγιος
1551 3553 1846 3625 Κύριλλος.
1905 3555 2021 3609 Καὶ

436 3634 623 3699 πάλιν,
656 3637 709 3690 εί
736 3655 819 3701 τις
855 3638 949 3691 ἐπὶ
977 3638 1070 3692 τοῦ
1104 3641 1222 3704 ἑνὸς
1246 3642 1491 3713 Χριστοῦ
1523 3642 1726 3716 διαιρεῖ
1750 3644 1852 3709 τὰς
1887 3646 2023 3699 ὑπο-

439 3728 677 3794 στάσεις,
839 3731 938 3800 μὲν
984 3733 1114 3801 περὶ
1168 3734 1263 3787 τοῦ
1306 3735 1495 3799 ἁπλῶς
1521 3736 1674 3800 ὄντος
1715 3736 1911 3807 λέγων,
1945 3740 2021 3807 πῆ

437 3819 494 3873 δὲ
528 3822 620 3873 ἐπὶ
653 3821 748 3874 τοῦ
776 3822 901 3875 καθ’
934 3824 1117 3887 ἑαυτὸ,
1146 3826 1228 3879 ὄτι
1260 3825 1324 3897 δὴ
1351 3826 1648 3898 ἀσύγχυτοι
1677 3830 2026 3899 μεμενήκασι

439 3914 733 3983 τοιγαροῦν
762 3916 819 3969 αί
849 3916 1202 3983 ὑποστάσεις,
1236 3919 1490 3974 ἐντεῦθεν
1528 3920 1813 3992 εἰσόμεθα.
1836 3923 2029 3986 Ὅστις

436 4002 496 4055 δὲ
526 4003 645 4056 δυσὶ
686 4006 1023 4072 προσώποις,
1064 4010 1231 4079 ἦγουν
1287 4010 1639 4077 ὑποστάσεσι,
1670 4012 1769 4077 τὰς
1816 4014 1875 4065 ἐν
1917 4016 2031 4079 τοῖς

439 4092 799 4163 Εὐαγγελίοις
827 4097 1093 4168 ἀπονέμοι
1119 4100 1325 4168 φωνάς,
1358 4100 1607 4172 ἀνάθεμα
1653 4102 1820 4156 ἔστω.
1858 4104 2027 4157 Ὥστε

439 4183 731 4251 δέδεικται,
772 4184 848 4249 ὡς
894 4187 1005 4241 ἀπὸ
1046 4187 1148 4258 τῆς
1179 4188 1500 4260 ὁμωνυμίας
1552 4190 1836 4261 βούλονται
1878 4195 2028 4265 ἡμᾶς

440 4275 919 4345 παραλογίσασθαι

2122 1992 2335 2037 natura).
2368 1978 2598 2042 Christi,
2622 1978 2874 2047 sequitur
2907 1992 3001 2031 eas
3027 1975 3401 2047 hypostaticas
3425 1988 3568 2027 esse.
3600 1970 3714 2041 Hy-

2122 2075 2377 2148 postatici
2406 2090 2537 2129 vero
2569 2089 2673 2127 vox
2717 2070 2995 2142 signiﬁcat
3030 2069 3085 2123 id
3135 2068 3285 2139 quod
3340 2066 3579 2121 exsistit.
3608 2065 3712 2118 Er-

2122 2184 2190 2240 go
2218 2168 2341 2222 duae
2365 2165 2571 2221 Christi
2603 2172 2818 2217 naturae
2849 2170 2979 2216 sunt
3011 2175 3205 2215 earum
3258 2160 3312 2212 in
3366 2172 3557 2212 rerum
3604 2171 3712 2208 nu-

2121 2274 2446 2329 mero,qu:e
2490 2256 2787 2311 exsistunt.
2840 2254 2937 2308 Sin
2982 2251 3248 2316 dixerint,
3307 2247 3713 2321 hypostaticum

2122 2352 2375 2422 accipere
2406 2366 2464 2405 se
2490 2349 2558 2404 de
2591 2364 2658 2403 eo
2685 2346 2831 2417 quod
2862 2361 2959 2417 per
2991 2361 3049 2399 se
3098 2343 3375 2409 subsistit,
3411 2340 3716 2394 infercmus

2122 2460 2244 2508 nos,
2281 2458 2346 2497 ea
2372 2442 2587 2497 ratione
2611 2440 2749 2494 duas
2776 2437 2981 2493 Christi
3028 2446 3256 2490 naturas
3290 2450 3399 2488 non
3447 2433 3713 2504 hyposta-

2123 2536 2262 2591 ticas
2299 2551 2443 2600 esse,
2491 2533 2589 2589 sed
2635 2540 2891 2602 expertes
2953 2527 3283 2601 hypostasis.
3351 2525 3462 2581 Nec
3490 2522 3717 2579 absurdi

2124 2629 2428 2701 quidquam
2458 2644 2489 2683 a
2520 2626 2680 2682 nobis
2717 2624 3034 2695 colligitur:
3080 2637 3209 2675 nam
3254 2626 3511 2689 expertes
3546 2617 3719 2688 hypo-

2124 2722 2288 2777 stasis
2340 2736 2435 2776 eas
2474 2720 2737 2784 dicimus,
2772 2733 2883 2772 non
2913 2715 3042 2770 ideo
3092 2712 3242 2783 quod
3276 2727 3388 2766 non
3424 2710 3571 2765 sint:
3618 2707 3716 2763 scd

2123 2814 2272 2886 quod
2316 2828 2511 2869 eorum
2561 2827 2592 2867 e
2621 2826 2856 2867 numero
2920 2810 3052 2872 sint,
3084 2824 3207 2879 quae
3245 2819 3497 2861 seorsum
3528 2818 3593 2857 ac
3617 2816 3719 2872 per

2123 2926 2183 2964 se
2208 2925 2320 2963 non
2352 2907 2650 2963 exsistunt.
2705 2905 2921 2959 Rursus
2948 2902 3027 2956 uti
3060 2898 3417 2970 perspicuum
3445 2894 3518 2949 sit
3567 2891 3717 2963 quod

2123 3000 2385 3064 dicimus,
2430 2994 2764 3067 permutatis
2823 2991 3168 3053 nominibus,
3215 2984 3552 3058 syllogistice
3597 2995 3716 3035 rem

2124 3091 2494 3164 proferamus.
2532 3088 2589 3143 Si
2620 3087 2745 3142 duae
2788 3093 2920 3141 sunt
2947 3083 3154 3138 Christi
3191 3088 3425 3142 naturae,
3455 3074 3716 3144 sequitur

2124 3199 2219 3239 eas
2248 3190 2503 3251 expertes
2538 3176 2850 3250 hypostasis
2872 3190 3016 3230 esse.
3044 3171 3203 3240 Quod
3229 3179 3414 3225 autem
3445 3168 3712 3239 hyposta-

2127 3277 2204 3332 sis
2222 3290 2419 3344 expers
2442 3280 2547 3337 est,
2586 3286 2698 3325 non
2731 3269 2786 3325 id
2816 3266 3090 3339 signiﬁcat
3118 3262 3265 3335 quod
3316 3277 3427 3315 non
3473 3256 3709 3321 exsistit,

2127 3368 2222 3424 sed
2252 3366 2401 3437 quod
2436 3379 2687 3421 seorsum
2712 3378 2776 3418 ac
2800 3377 2898 3432 per
2925 3377 2983 3415 se
3017 3373 3128 3413 non
3160 3355 3398 3412 exsistit.
3426 3353 3570 3423 Ergo
3590 3349 3715 3405 duae

2126 3459 2331 3515 Christi
2356 3467 2567 3513 natura:
2593 3470 2844 3511 seorsum
2864 3470 2928 3509 ac
2952 3469 3049 3523 per
3073 3467 3132 3507 se
3154 3466 3266 3505 non
3292 3444 3718 3508 exsistunt.Quo

2127 3560 2290 3623 pacto
2334 3552 2381 3606 si
2428 3552 2744 3621 loquamur,
2790 3565 2902 3603 non
2946 3548 3084 3601 duas
3124 3558 3388 3615 personas
3413 3539 3722 3595 introduci-

2129 3659 2273 3708 mus,
2304 3658 2409 3697 nec
2432 3641 2639 3698 Christi
2676 3649 2904 3695 naturas
2934 3638 3002 3692 ad
3034 3653 3099 3692 ea
3145 3634 3437 3691 referimus
3461 3648 3584 3701 qute
3606 3646 3720 3685 non

2128 3734 2441 3791 exsistunt:
2470 3748 2597 3787 nam
2631 3747 2827 3802 expers
2860 3728 3174 3801 hypostasis
3229 3728 3305 3782 ita
3357 3724 3626 3794 cepimus,
3657 3729 3721 3774 ut

2131 3827 2407 3899 signiﬁcet
2428 3826 2482 3882 id
2508 3826 2655 3897 quod
2678 3839 2931 3880 seorsum
2962 3838 3061 3893 per
3093 3837 3153 3876 se
3183 3836 3295 3874 non
3329 3816 3584 3879 exsistit;
3609 3830 3722 3867 non

2138 3928 2344 3985 autem,
2380 3919 2529 3990 quod
2559 3935 2671 3973 non
2705 3917 2947 3973 exsistit.
3004 3916 3323 3986 Agnoscere
3345 3925 3476 3965 vero
3529 3907 3723 3963 Eccle-

2135 4012 2231 4067 siae
2252 4013 2551 4083 scriptores
2579 4012 2697 4066 haec
2747 4010 2858 4064 duo
2892 4006 3207 4080 hypostasis
3256 4002 3582 4075 signiﬁcata,
3605 4006 3725 4053 tum

2133 4104 2203 4159 de
2258 4119 2325 4159 eo
2374 4084 2523 4173 quod
2560 4101 2892 4173 simpliciter
2937 4097 3177 4159 exsistit,
3237 4102 3354 4150 tum
3385 4094 3455 4148 de
3487 4106 3726 4162 persona

2132 4210 2303 4264 reque
2328 4209 2578 4249 seorsum
2608 4208 2672 4247 ac
2696 4208 2796 4261 per
2829 4208 2888 4246 se
2920 4189 3220 4245 exsistente
3244 4228 3258 4249 ,
3295 4194 3525 4242 sanctus
3552 4182 3723 4237 etiam

2128 4284 2369 4357 Cyrillus
2408 4284 2639 4340 indicat.
2686 4284 2757 4337 Et
2812 4297 3009 4337 rursus
3049 4281 3095 4336 si
3136 4278 3262 4349 quis
3306 4278 3363 4331 in
3425 4292 3535 4330 uno
3564 4271 3729 4329 Chri-

440 4375 501 4421 to
557 4368 773 4424 dividit.
808 4367 1152 4440 hypostascs,
1214 4368 1415 4441 partim
1463 4371 1654 4427 dicens
1703 4372 1772 4428 de
1842 4388 1909 4429 eo
1945 4375 2095 4445 quod
2136 4376 2464 4447 simpliciter
2514 4374 2757 4441 exsistit,
2811 4373 3010 4443 partim
3049 4371 3118 4426 de
3171 4386 3240 4425 eo
3297 4368 3445 4439 quod
3474 4377 3723 4422 seorsum

441 4462 678 4527 exsistit;
737 4461 1055 4517 inconfusas
1100 4464 1370 4519 mansisse
1416 4465 1628 4521 scilicet
1668 4466 2011 4538 hypostases,
2052 4468 2182 4524 hinc
2250 4484 2668 4540 cognoscemus.
2733 4466 2995 4535 Quisquis
3036 4474 3220 4519 autem
3273 4462 3490 4517 duabus
3537 4476 3728 4529 perso-

442 4556 529 4610 nis
553 4556 671 4611 sive
702 4555 1094 4627 hypostasibus
1126 4563 1407 4611 exstantes
1442 4557 1495 4611 in
1518 4559 1832 4630 Evangeliis
1860 4575 2022 4615 voces
2060 4563 2339 4627 attribuit,
2367 4562 2661 4618 anathema
2707 4561 2798 4614 sit.
2853 4558 3152 4614 Probatum
3223 4555 3411 4627 igitur,
3445 4552 3593 4624 quod
3658 4567 3727 4606 ex

441 4649 876 4719 :equivocatione
893 4649 1054 4703 nobis
1080 4649 1365 4718 imponere
1388 4651 1583 4704 velint.

516 4737 722 4808 ’Ἄλλην
738 4737 795 4790 δὲ
820 4739 952 4806 ἡμῖν
976 4736 1211 4807 ἀπορίαν
1234 4736 1630 4807 ἀποροῦσι,καί
1650 4739 1766 4792 ἐστι
1791 4738 2015 4811 τοιαύτη

2215 4738 2304 4792 lli.
2338 4738 2510 4793 Aliam
2547 4738 2709 4794 nobis
2764 4738 3134 4809 objectionem
3193 4734 3513 4807 hujusmodi
3544 4734 3731 4805 profc—

450 4828 532 4881 ὅτι
573 4828 635 4882 Εἰ
652 4829 747 4881 δύο
764 4828 957 4898 φύσεις
984 4827 1194 4895 λέγετε,
1212 4827 1479 4899 διαίρεσιν
1505 4830 1779 4897 είσάγετε·
1801 4832 2036 4903 ἀριθμὸν

443 4921 553 4991 γὰρ
590 4921 843 4989 εἰσάγετε
868 4923 930 4974 ’ὁ
950 4921 1006 4974 δὲ
1039 4920 1273 4991 ἀριθμὸς
1291 4919 1386 4973 τοῦ
1410 4920 1774 4993 διωρισμένου
1798 4923 1918 4976 ἐστὶ
1941 4940 2037 4977 πός⁸

446 5013 561 5066 σοῦ.
586 5012 731 5083 Πρὸς
756 5012 915 5066 τοῦτο
939 5011 1101 5065 πάλιν
1120 5012 1179 5065 τὸ
1195 5012 1453 5083 ἀνωτέρω
1479 5014 1771 5084 εἰρημένον
1786 5012 1933 5068 ἔστιν
1952 5017 2032 5067 εἰ·

444 5106 589 5165 πεῖν,
610 5103 815 5156 ὃτιΚαὶ
838 5103 1035 5173 ὑμῖντὺ
1052 5103 1183 5156 αὐτὸ
1200 5103 1400 5156 ἄτοπον
1418 5104 1728 5173 συνάγεται.
1748 5106 1810 5157 Εἰ
1838 5105 1946 5176 γὰρ
1972 5106 2038 5159 ὲκ

445 5192 538 5247 δύο
568 5192 785 5262 φύσεων
813 5192 1001 5260 λέγετε
1033 5189 1171 5245 εἶναι
1196 5194 1286 5246 τὸν
1316 5194 1574 5264 Χριστὸν,
1606 5195 1797 5266 ἐπειδὴ
1831 5196 1893 5249 τὸ
1920 5196 2031 5250 δύο

444 5286 682 5358 ἀριθμὸν
729 5285 1092 5354 εἰσάγει,ὁδὲ
1137 5287 1373 5357 ἀριθμὸς
1428 5287 1535 5340 ὑπὸ
1580 5287 1641 5341 τὸ
1674 5289 2035 5361 διωρισμένον

445 5377 744 5445 ἀνάγεται·
795 5376 1164 5449 εὐρεθήσεσθε
1218 5377 1486 5449 διαίρεσιν
1531 5378 1872 5448 εἰσάγοντες.
1917 5381 2036 5435 Ἵνα

445 5468 502 5521 δὲ
535 5467 727 5539 ὥσπερ
750 5469 846 5522 καὶ
878 5468 1033 5523 αὐτοὶ
1063 5469 1442 5538 ὲμφιλοσόφως
1471 5470 1938 5543 ἐπιχειρήσωμεν,
1958 5472 2041 5526 δεῖ

447 5559 672 5627 γνῶναι,
704 5561 781 5626 ὡς
798 5561 919 5615 οὐδὲ
950 5561 1151 5625 παντὸς
1177 5562 1271 5616 τοῦ
1299 5561 1663 5633 διωρισμένου
1688 5564 1857 5618 ποσοῦ
1885 5567 2039 5619 ἐστιν

446 5652 476 5703 ὁ
511 5652 766 5724 ἀριθμὸς,
785 5654 924 5709 ἀλλὰ
952 5655 1043 5707 ἐπὶ
1074 5654 1184 5709 τῶν
1219 5656 1458 5727 συνεχῶν
1486 5655 1634 5712 ἔστιν
1664 5657 1847 5729 εὑρεῖν
1872 5660 2039 5716 αὐτόν

522 5832 591 5904 (j)
617 5834 797 5891 Δὺτά.
832 5835 1032 5903 Αὑτάς.

2144 4840 2295 4885 runt.
2335 4831 2392 4885 Si
2420 4831 2559 4885 duas
2590 4840 2815 4885 naturas
2854 4830 3062 4894 dicitis,
3113 4828 3445 4883 divisionem
3478 4826 3733 4881 introdu-

2142 4924 2306 4990 citis;
2348 4924 2555 4994 quippe
2576 4941 2871 4979 numerum
2898 4922 3291 4978 introducitis:
3332 4935 3601 4976 numerus
3631 4935 3732 4973 au-

2146 5024 2258 5071 tem
2289 5016 2545 5071 discreta:
2588 5017 2917 5086 quantitatis
2964 5024 3070 5070 est.
3119 5014 3200 5069 Ad
3254 5015 3360 5070 hoc
3394 5012 3731 5083 respondere

2143 5108 2295 5174 licet,
2331 5109 2479 5180 quod
2508 5118 2564 5163 et
2602 5110 2861 5179 superius
2886 5109 3096 5163 dictum
3132 5107 3236 5160 fuit
3291 5123 3305 5159 :
3366 5105 3535 5159 Vobis
3579 5119 3729 5155 eam-

2143 5200 2268 5255 dem
2321 5200 2726 5254 absurditatem
2792 5198 2998 5269 colligi.
3062 5196 3277 5266 Quippe
3337 5195 3384 5249 si
3442 5192 3729 5248 Christum

2143 5290 2362 5346 duabus
2406 5307 2475 5345 ex
2520 5291 2738 5345 naturis
2777 5306 2900 5344 esse
2936 5288 3143 5351 dicitis,
3180 5302 3305 5340 cum
3338 5300 3442 5339 vox
3475 5283 3727 5347 duarum,

2140 5398 2436 5438 numerum
2478 5382 2813 5447 introducal,
2845 5388 2902 5437 et
2944 5394 3210 5434 numerus
3254 5376 3322 5431 ad
3361 5375 3728 5445 quantitatem

2140 5477 2437 5533 discretam
2488 5475 2787 5539 referatur,
2858 5470 3345 5543 reprehendemini
3390 5467 3725 5522 divisionem

2141 5566 2595 5624 introducere.Ut
2627 5575 2812 5622 autem
2838 5566 3240 5638 philosophice,
3262 5558 3727 5633 quemadmodum

2139 5668 2198 5718 et
2220 5661 2324 5733 ipsi
2347 5660 2579 5730 faciunt,
2626 5669 3110 5732 argumentemur,
3160 5658 3447 5716 sciendum
3478 5669 3548 5710 ne
3601 5650 3728 5724 qui-
