4148 6478
441 479 579 544 1243

1708 479 2020 538 LEONTII
2060 480 2469 544 BYZANTINI

3575 472 3718 537 12H

439 595 565 649 dem
589 592 769 647 omnis
803 591 1057 646 discreta:
1083 591 1409 659 quantitatis
1444 591 1711 645 duntaxat
1751 608 1873 646 esse
1913 609 2019 645 nu-

2144 594 2448 662 .εγόμενον·
2486 593 2677 664 ὥσπερ
2721 592 2956 663 λέγομεν
3003 589 3325 661 πεντάπηχυ
3378 587 3574 653 ξύλον,
3599 590 3722 650 καὶ,

442 702 680 750 merum,
722 684 819 740 sed
853 700 979 739 eum
1014 684 1250 754 reperiri
1274 684 1342 738 de
1382 685 1666 739 continuis
1689 700 1910 754 quoque
1934 685 2021 739 di-

440 776 1120 850 ctumzquemadmodum
1152 777 1365 847 lignum
1410 777 1659 847 quinque
1709 778 2027 832 cubitorum

441 875 700 940 dicimus,
731 885 808 940 et,
867 883 929 928 ut
979 872 1307 928 Aristoteles
1367 871 1574 938 tradit,
1642 881 1861 942 tempus
1903 886 2028 925 esse

442 983 739 1022 numerum
778 975 984 1021 motus.
1020 965 1234 1036 Quippe
1288 973 1506 1033 tempus
1548 965 1794 1034 appellat
1829 980 2027 1018 nume-

444 1075 588 1123 rum,
637 1058 788 1127 quod
846 1057 987 1111 citra
1049 1055 1486 1110 controversiam
1537 1062 1624 1109 est
1676 1054 2026 1108 continuum.

444 1151 655 1221 Duplex
709 1151 881 1222 igitur
921 1165 1190 1205 numerus
1238 1157 1343 1213 est,
1407 1158 1525 1202 tum
1577 1147 1853 1212 discretae,
1905 1154 2028 1200 tum

444 1242 745 1304 continuat,
803 1256 906 1295 ceu
961 1240 1111 1309 loqui
1167 1239 1435 1304 solemus,
1468 1238 1820 1307 quantitatis.
1868 1236 2028 1304 Quod

445 1335 490 1388 si
538 1332 944 1387 subtilitatibus
993 1329 1264 1385 utendum
1312 1331 1436 1392 erit,
1478 1345 1589 1382 non
1649 1344 1877 1383 necesse
1921 1337 2026 1392 est,

446 1441 548 1480 nos
575 1426 852 1480 binarium
879 1425 949 1479 de
981 1423 1288 1493 quantitate
1323 1421 1588 1476 continua
1635 1421 1845 1485 dicere,
1902 1436 2027 1475 cum

447 1517 515 1570 de
535 1515 759 1569 Christo
803 1515 1115 1584 loquimur:
1167 1513 1372 1583 quippe
1407 1513 1733 1566 continuum
1790 1520 1896 1574 est,
1927 1527 2020 1565 cu-

445 1609 536 1677 jus
571 1614 757 1676 partes
813 1604 1123 1659 communis
1174 1603 1442 1658 terminus
1477 1603 1783 1673 conjungit.
1822 1603 1891 1656 At
1935 1619 2029 1656 ve-

449 1712 510 1750 ro
546 1696 602 1750 in
631 1694 918 1750 divinitate
959 1693 1204 1763 cogitare
1231 1703 1418 1762 partes
1445 1734 1459 1757 ,
1494 1700 1554 1745 ut
1583 1692 1892 1746 communis
1922 1698 2030 1746 ter—

450 1788 634 1842 minus
682 1803 775 1841 eas
819 1802 942 1840 cum
992 1800 1227 1854 corpore
1286 1784 1617 1854 conjungat;
1671 1800 1740 1838 ne
1773 1783 2030 1853 ﬁngendo

449 1877 673 1946 quidem
696 1876 890 1930 facile:
931 1891 1055 1928 nam
1094 1875 1421 1929 continuum
1456 1875 1524 1928 de
1572 1875 1706 1927 solis
1756 1875 2031 1944 magnitu-

2131 687 2208 753 ὥς
2263 705 2426 759 φησιν
2478 685 2881 758 Ἀριστοτέλης,
2915 688 2999 740 ὅτι
3041 685 3234 755 χρόνος
3285 683 3437 736 ἐστὶν
3485 680 3726 754 ἀριθμὸς

2131 783 2421 853 κινήσεως.
2464 781 2727 853 Ἀριθμὸν
2753 781 2864 852 γὰρ
2895 779 3124 833 ἐκάλεσε
3168 776 3262 830 τὸν
3293 776 3487 848 χρόνον
3520 773 3724 842 συνεχῆ

2127 874 2260 927 ὅντα
2299 872 2751 943 ὡμολογημένον.
2795 871 2984 934 Διττδς
3011 868 3106 923 οῦν
3135 870 3163 922 6
3196 867 3454 939 ἀριθμὸς,
3487 867 3584 920 καὶ
3624 865 3724 917 ἐπὶ

2128 963 2222 1019 τοῦ
2287 964 2677 1036 διωρισμένου,
2705 963 2801 1016 καὶ⁸
2844 962 2940 1014 ἐπὶ
2991 959 3087 1014 τοῦ
3131 959 3392 1030 συνεχοῦς
3418 956 3722 1028 λεγομένου

2131 1057 2322 1112 ποσοῦ.
2342 1059 2404 1111 El
2426 1058 2484 1111 δὲ
2503 1057 2583 1110 δεῖ
2607 1059 2702 1110 καὶ
2724 1055 3016 1128 ἀκριϐείας
3038 1053 3316 1124 γενέσθαι,
3338 1052 3400 1106 ού
3429 1051 3548 1104 δέον
3568 1049 3725 1102 ἐστὶν

2131 1151 2282 1222 ἡμᾶς
2329 1151 2430 1220 τὴν
2469 1148 2640 1204 δυάδα
2687 1147 2784 1201 ἐπὶ
2832 1145 2930 1200 τοῦ
2967 1145 3229 1214 συνεχοῦς
3259 1140 3503 1214 ἀριθμοῦ
3536 1140 3724 1208 λέγειν

2131 1241 2226 1294 ἐπὶ
2253 1239 2349 1293 τοῦ
2388 1238 2628 1311 Χριστοῦ
2655 1254 2672 1271 ο
2706 1238 2934 1307 συνεχὲς
2978 1237 3087 1306 γάρ
3127 1237 3275 1288 ἐστιν
3303 1274 3316 1300 ,
3340 1228 3402 1287 οῦ
3445 1231 3515 1286 τὰ
3555 1231 3724 1301 μόρια.

2131 1330 2309 1394 κοινὸς
2338 1331 2463 1401 ὅρος
2495 1331 2778 1384 συνάπτει.
2805 1329 2991 1399 Μὸρια
3027 1328 3085 1381 δὲ
3116 1327 3372 1396 ἐννοῆσαι
3406 1324 3502 1377 ἐπὶ
3535 1323 3724 1393 θεότη-

2130 1440 2244 1486 τος,
2277 1421 2364 1474 ἴνα
2415 1422 2511 1476 καὶ
2551 1422 2730 1484 κοινὸς
2770 1421 2898 1491 ὄρος
2935 1418 3079 1472 αύτά
3108 1417 3246 1490 πρὸς
3277 1417 3338 1470 τὸ
3390 1415 3550 1485 σῶμα
3598 1430 3728 1466 συν-

2133 1513 2264 1586 άψῃ,
2287 1513 2408 1566 οὐδὲ
2436 1513 2639 1567 πλάσαι
2673 1512 2884 1584 ῥᾴδιον⁹
2907 1513 2970 1565 τὸ
2995 1510 3105 1580 γὰρ
3136 1508 3360 1580 συνεχὲς
3397 1507 3492 1560 ἐπὶ
3543 1505 3725 1576 μόνων

2135 1605 2383 1675 μεγεθῶν
2416 1605 2655 1674 λέγεται.
2703 1605 2845 1658 Ἀλλ’
2876 1605 2969 1658 ἐπὶ
3013 1601 3108 1656 τοῦ
3147 1599 3513 1672 διωρισμένου
3548 1597 3722 1650 ποσοῦ

2133 1696 2252 1748 δέον
2279 1695 2734 1766 παραλαμόάνειν
2754 1695 2990 1749 ἐνταῦθα
3008 1693 3100 1747 τὸν
3125 1691 3382 1762 ἀριθμόν.
3410 1687 3721 1760 Διωρισμέ-

2134 1804 2225 1838 νον
2271 1787 2380 1857 γάρ
2415 1788 2562 1840 ἐστιν
2603 1787 2664 1840 ού
2708 1787 2926 1850 πάντως
2956 1788 3020 1840 τὸ
3060 1784 3317 1849 καθάπαξ
3354 1781 3682 1856 διῃρημένον
3707 1819 3724 1845 ,

2133 1877 2272 1932 ἀλλά
2302 1880 2397 1931 καὶ
2427 1879 2729 1949 ἡνωμένον,
2757 1879 2898 1950 πλὴν
2929 1878 3024 1933 τὸν
3054 1879 3257 1948 οἰκεῖον
3300 1876 3461 1944 λόγον
3501 1877 3725 1944 διακρι-

449 1970 674 2024 dinibus
719 1969 946 2023 dicitur.
1006 1968 1281 2021 Nimirum
1313 1967 1381 2020 de
1427 1965 1760 2036 quantitate'
1789 1965 2028 2022 discreta

2144 1969 2358 2039 νόμενον
2385 1970 2739 2034 ἀποσώζοντα
2765 1985 2778 2000 ’
2816 1969 3007 2041 ὥσπερ
3034 1970 3096 2023 τὸ
3127 1970 3288 2040 σῶμα
3313 1967 3536 2036 συνεχὲς
3567 1965 3726 2034 λέγο-

450 2079 719 2118 numerus
762 2064 852 2118 hic
883 2062 1061 2131 accipi
1093 2061 1277 2116 debet.
1314 2061 1530 2115 Etenim
1571 2061 1874 2115 discretum
1915 2076 2028 2117 non

450 2157 676 2212 omnino
703 2155 908 2210 dicitur
942 2155 994 2209 id
1027 2153 1174 2224 quod
1196 2169 1420 2223 prorsus
1452 2161 1536 2206 est
1558 2162 1868 2221 separatum
1892 2171 1904 2218 ;
1931 2153 2028 2207 sed

451 2251 616 2302 etiam
685 2248 1043 2317 conjunetum
1097 2253 1153 2298 et
1186 2242 1423 2307 unitum,
1483 2243 1630 2312 quod
1661 2253 1842 2296 tamen
1872 2259 2029 2296 suam

452 2337 750 2408 quamdam
787 2337 1053 2390 rationem
1084 2350 1188 2402 qua
1215 2333 1543 2397 secernitur,
1591 2333 1795 2387 retinet
1819 2350 1831 2386 :
1859 2333 2031 2387 veluti

455 2445 659 2499 corpus
689 2428 1014 2482 continuum
1061 2425 1319 2486 dicimus,
1372 2433 1428 2476 et
1471 2423 1806 2487 discretum;
1857 2424 2035 2475 conti-

2140 2077 2260 2130 μεν,
2285 2063 2380 2115 καὶ
2407 2063 2768 2132 διωρισμένον
2795 2079 2808 2093 ·
2842 2061 3064 2132 συνεχὲς
3095 2061 3220 2132 μὲν,
3252 2059 3388 2114 καθὸ
3411 2057 3726 2120 διαστάσεις

2139 2153 2326 2218 ἁπλῶς
2353 2153 2466 2224 ἔχει
2493 2172 2508 2186 ·
2542 2156 2902 2225 διωρισμένον
2929 2156 3006 2216 δὲ,
3031 2154 3167 2209 καθὸ
3183 2155 3333 2224 τρεῖς
3367 2155 3476 2206 εἰσι
3510 2150 3729 2205 διαστά-

2138 2263 2252 2306 σεις
2271 2262 2285 2276 ·
2324 2247 2505 2301 καίτοι
2544 2248 2645 2299 οὑκ
2709 2249 2817 2301 εἰσὶ
2841 2248 3240 2318 διεσπαρμέναι
3269 2246 3367 2299 ἀπ’
3394 2243 3642 2315 ἀλλήλων
3669 2243 3726 2294 αἱ

2137 2337 2467 2403 διαστάσεις,
2496 2339 2634 2393 άλλά
2657 2340 2746 2393 διά
2771 2340 2929 2393 τοῦτο
2956 2339 3327 2411 διωρισμένας
3358 2335 3533 2399 αὑτὰς
3559 2335 3721 2402 λέγο-

2143 2444 2264 2497 μεν,
2298 2428 2486 2498 ἐπειδὴ
2518 2428 2726 2500 ἑκάστη
2756 2429 2940 2482 αὐτῶν
2969 2430 3102 2483 ῐδιον
3127 2428 3286 2496 λόγον
3319 2425 3459 2498 ἔχει.

455 2535 630 2575 nuum
680 2516 941 2589 quidem,
992 2522 1266 2585 quatenus
1293 2511 1666 2568 dimensiones
1708 2513 2031 2582 simpliciter
2071 2514 2270 2582 habet;
2311 2517 2612 2574 discretum
2648 2536 2802 2585 vero,
2843 2530 3120 2590 quatenus
3157 2530 3270 2575 tres
3325 2526 3458 2575 sunt
3505 2518 3693 2574 dimen

458 2617 678 2672 siones:
711 2612 864 2680 atqui
909 2599 1307 2664 non'invicem
1368 2624 1398 2661 a
1440 2621 1498 2659 se
1545 2605 1774 2660 divulsa:
1811 2615 1939 2661 sunt
1971 2606 2346 2667 dimensiones
2372 2653 2387 2678 ,
2418 2614 2512 2670 sed
2571 2615 2776 2670 idcirco
2828 2613 3098 2671 discretas
3150 2614 3388 2672 dicimus
3415 2655 3430 2682 ,
3466 2614 3730 2684 quoniam

457 2703 722 2777 quaelibet
751 2717 940 2758 carum
971 2715 1126 2755 suam
1163 2699 1432 2752 rationem
1465 2697 1652 2752 habet.

527 2799 614 2853 lV.
667 2797 736 2851 At
786 2795 917 2865 quia
957 2792 1240 2847 nonnullis
1281 2790 1508 2845 omnino
1557 2790 1784 2846 discreti
1831 2807 2035 2871 nomen

459 2893 653 2946 audire
686 2890 978 2943 molestum
1038 2894 1156 2949 est,
1209 2900 1333 2954 age,
1367 2883 1568 2937 omissa
1599 2883 1878 2938 solutione
1910 2885 2036 2948 hac,

459 2983 759 3053 czeteroqui
787 2983 950 3041 bona,
997 2978 1358 3050 subjiciamus
1391 2978 1578 3030 aliam.
1625 2975 1924 3030 Sciendum
1950 2992 2042 3030 er-

460 3095 552 3149 go,
593 3076 846 3147 pluribus
907 3073 1086 3128 modis
1140 3087 1312 3125 unum
1367 3069 1514 3124 dici:
1574 3069 1778 3138 quippe
1835 3068 2040 3123 dicitur

461 3184 632 3223 unum
676 3180 930 3226 nutnero,
970 3171 1030 3216 ut
1064 3161 1353 3216 Socrates:
1392 3165 1447 3213 et
1496 3174 1666 3212 unum
1721 3159 1925 3227 specie,
1980 3167 2040 3212 ut

2229 2794 2447 2864 Ἐπειδὴ
2485 2795 2543 2848 δέ
2575 2813 2722 2860 τινες
2751 2797 3205 2867 δυσχεραίνουσιν
3239 2798 3377 2861 ὅλως
3410 2798 3506 2852 τοῦ
3545 2799 3733 2872 διωριο

2147 2887 2346 2956 σμένου
2372 2887 2688 2955 ἀκούοντες,
2729 2889 2863 2961 φέρε
2894 2890 3067 2962 αὐτὴν
3093 2892 3191 2962 τὴν
3220 2889 3374 2944 λύσιν
3397 2887 3456 2944 εὖ
3485 2890 3728 2961 ἔχουσαν

2146 2981 2436 3046 ἐάσαντες,
2505 2981 2674 3052 ἄλλην
2733 2984 3133 3054 ὲπαγάγωμεν.
3213 2983 3415 3036 Ἰστέον
3467 2979 3581 3045 οὖν,
3644 2984 3734 3036 ὅτι

2145 3071 2334 3140 ὥσπερ
2363 3071 2421 3124 τὸ
2454 3070 2512 3123 ἓν
2544 3071 2832 3142 πολλαχῶς
2858 3072 3151 3142 λεγόμενόν
3178 3075 3296 3125 ἐστι
3323 3089 3337 3103 ’
3381 3073 3596 3141 λέγεται
3619 3075 3731 3145 γὰρ

2145 3162 2204 3214 ἓν
2238 3162 2314 3232 τῷ
2337 3162 2577 3235 ἀριθμῷ,
2614 3163 2690 3227 ὡς
2723 3166 2750 3217 6
2775 3164 3072 3234 Σωκράτης
3098 3180 3111 3193 °
3139 3165 3233 3218 καὶ
3267 3165 3325 3218 ἓν
3350 3165 3427 3236 τῷ
3469 3165 3621 3230 εἴδει,
3652 3165 3732 3228 ὡς

462 3258 660 3311 homo:
697 3263 752 3309 et
807 3269 980 3308 unum
1019 3266 1243 3321 genere,
1294 3257 1353 3303 ut
1401 3249 1624 3302 animal.
1667 3248 1932 3303 Similiter
1983 3257 2039 3304 et

2145 3252 2462 3322 ἄνθρωπος·
2499 3254 2592 3305 καὶ
2623 3252 2682 3304 ἓν
2709 3253 2787 3322 τῷ
2816 3253 2987 3322 γένει,
3020 3253 3096 3317 ὡς
3135 3254 3196 3307 τὸ
3230 3253 3390 3318 ζῶον.
3436 3255 3600 3308 Ἀλλά
3634 3256 3730 3309 καὶ

462 3347 575 3402 duo
602 3345 854 3416 pluribus
888 3341 1068 3396 modis
1107 3340 1451 3406 eﬂ‘eruntur;
1487 3355 1613 3392 nam
1639 3338 1900 3393 dicuntur
1927 3339 2038 3394 duo

463 3452 719 3499 numero,
757 3445 818 3490 ut
860 3435 1138 3496 Socrates,
1177 3442 1234 3485 et
1261 3431 1446 3484 Plato:
1503 3439 1559 3484 et
1593 3431 1777 3499 specie
1817 3430 1947 3494 duo,
1981 3439 2040 3484 ut

463 3533 630 3587 homo
684 3537 741 3584 et
785 3543 989 3598 equus;
1025 3533 1080 3580 et
1107 3540 1310 3595 genere
1362 3522 1495 3585 duo,
1554 3533 1616 3577 ut
1645 3523 1952 3578 substantia
1985 3531 2041 3578 et

461 3627 672 3683 album.
703 3623 802 3678 llis
855 3621 928 3676 ita
983 3619 1320 3682 constitutis,
1373 3633 1499 3671 cum
1549 3617 1660 3670 duo
1706 3618 1774 3671 de
1818 3618 2041 3673 Christo

461 3717 722 3779 dicimus,
754 3730 865 3768 non
891 3727 1019 3767 eum
1049 3711 1160 3766 duo
1199 3711 1438 3765 dicimus
1491 3725 1612 3764 esse
1643 3725 1911 3773 numero,
1943 3709 2040 3764 sed

465 3823 638 3864 unum
673 3821 927 3870 numero,
971 3803 1154 3874 specie
1189 3803 1320 3857 duo.
1347 3801 1504 3868 Quod
1555 3809 1738 3855 autem
1782 3801 1855 3856 ita
1889 3800 2042 3870 loqui

465 3899 763 3972 possimus,
790 3897 956 3953 etiam
1002 3896 1119 3968 ipse
1181 3893 1429 3948 ostendit
1473 3891 1816 3956 Aristoteles,
1851 3905 2042 3962 aperte

467 3992 538 4048 de
585 3990 816 4045 materie
844 4005 918 4043 ae
940 3987 1114 4042 forma
1174 3986 1388 4050 dicens,
1417 3999 1538 4039 esse
1597 3985 1688 4038 illa
1722 4001 1892 4038 unum
1922 3985 2044 4055 qui-

466 4085 592 4140 dem
643 4097 908 4146 numero,
960 4079 1056 4134 sed
1108 4078 1291 4148 specie
1334 4078 1465 4131 duo.
1511 4077 1759 4146 Itemque
1822 4087 2044 4132 sanctus

468 4176 560 4230 ille
583 4173 902 4245 Gregorius,
935 4171 1003 4226 de
1037 4170 1260 4226 Christo
1295 4169 1524 4224 dicens:
1564 4169 1812 4238 Utraque
1844 4179 2043 4224 natura

468 4267 746 4336 copulata,
783 4280 957 4319 unum
997 4250 1130 4333 quid
1170 4271 1284 4328 est;
1315 4277 1424 4315 non
1468 4270 1649 4314 tamen
1702 4270 1920 4326 natura,
1947 4261 2042 4317 sed

467 4357 726 4413 coitione.
760 4355 964 4412 Verum
1013 4354 1104 4409 hic
1149 4368 1370 4409 rursum
1419 4352 1580 4405 nobis
1632 4351 1938 4422 objiciunt:
1986 4352 2041 4406 Si

468 4461 640 4500 unum
689 4453 747 4499 et
783 4444 894 4499 duo
924 4443 992 4498 de
1047 4443 1244 4498 eodem
1291 4441 1499 4507 dicitis,
1542 4442 2043 4498 contradictionem

469 4535 861 4600 introducitis,
905 4534 1154 4604 adeoque
1178 4534 1646 4603 deprehendetur,
1681 4535 1766 4590 vel
1803 4535 1856 4589 id
1897 4536 2045 4606 quod

2145 3345 2214 3397 τὰ
2245 3344 2337 3398 δύο
2367 3345 2568 3416 ὁμοίως
2596 3363 2608 3376 ·
2644 3347 2897 3414 λέγονται
2925 3347 3032 3417 γὰρ
3063 3346 3157 3400 δύο
3198 3347 3274 3417 τῷ
3321 3347 3563 3418 ἀριθμῷ,
3589 3349 3665 3411 ὡς
3701 3353 3730 3402 6

2147 3437 2446 3509 Σωκράτης
2467 3478 2482 3501 ,
2520 3437 2618 3491 καὶ
2646 3439 2871 3492 Πλάτων
2895 3456 2908 3470 ·
2953 3439 3048 3491 καὶ
3079 3439 3174 3492 δύο
3205 3439 3284 3511 τῷ
3327 3441 3486 3504 εῖδει,
3525 3440 3600 3503 ὡς
3638 3441 3732 3495 άν-

2148 3531 2368 3601 θρωπος
2398 3531 2494 3583 καὶ
2525 3532 2691 3593 ἵππος
2713 3548 2727 3562 ·
2754 3532 2848 3584 καὶ
2874 3531 2967 3586 δύο
2995 3533 3073 3604 τῷ
3102 3533 3286 3603 γένει,
3318 3533 3394 3597 ὡς
3434 3534 3593 3588 οὐσία
3627 3537 3727 3588 καὶ

2147 3624 2381 3692 law.va
2410 3625 2630 3678 Τούτων
2681 3619 2774 3678 οὖν
2812 3625 2988 3688 οὕτως
3033 3626 3289 3697 ἑχόντων,
3315 3628 3445 3680 ὅταν
3477 3627 3726 3696 εἴπωμεν

2148 3716 2216 3770 τὰ
2251 3717 2342 3769 δύο
2373 3717 2466 3769 ἐπὶ
2494 3717 2587 3770 τοῦ
2611 3717 2873 3789 Χριστοῦ,
2902 3719 2963 3772 ού
2994 3718 3071 3789 τῷ
3111 3719 3330 3791 ἀριθμῷ
3363 3721 3595 3792 λέγομεν
3623 3721 3726 3775 αύ-

2149 3806 2240 3859 τὸν
2268 3807 2382 3874 δύο,
2417 3808 2531 3861 ἀλλ’
2552 3808 2649 3862 ἕνα
2697 3811 2796 3880 μὲν
2824 3809 2902 3881 τῷ
2939 3810 3181 3882 ἀριθμῷ,
3205 3811 3298 3864 δύο
3335 3811 3392 3865 δὲ
3439 3811 3518 3883 τῷ
3572 3811 3727 3866 εῖδει.

2153 3899 2274 3952 Ὀτι
2301 3898 2358 3952 δὲ
2388 3899 2666 3970 δυνάμεθα
2689 3901 2865 3966 οὕτως
2891 3903 3090 3970 εἰπεῖν,
3117 3903 3269 3974 δηλοῖ
3289 3904 3382 3957 καὶ
3411 3906 3440 3957 6
3483 3905 3730 3975 Ἀριστο-

2150 3989 2332 4061 τέλης,
2363 3992 2491 4061 περὶ
2521 3993 2620 4062 τῆς
2652 3991 2786 4056 ὕλης
2816 3994 2911 4046 καὶ
2933 3993 3028 4046 τοῦ
3062 3994 3236 4057 εἴδους
3266 3995 3516 4065 φανερῶς
3533 3997 3727 4062 εἰπὼν,

2149 4078 2232 4131 ὅτι
2269 4079 2441 4134 ταῦτα
2470 4080 2528 4134 ἓν
2564 4083 2662 4152 μέν
2713 4085 2821 4136 είσι
2853 4085 2931 4156 τῷ
2957 4085 3314 4157 ἀριθμῷ,δύο
3353 4087 3410 4140 δὲ
3447 4089 3525 4158 τῷ
3574 4089 3729 4144 εῖδει.

2166 4169 2223 4223 'U
2264 4171 2320 4224 δὲ
2365 4171 2519 4240 ἅγιος
2562 4174 2896 4245 Γρηγόριος,
2934 4175 3192 4246 περὶτοῦ
3236 4176 3476 4246 Χριστοῦ
3531 4177 3730 4244 λέγων,

2153 4261 2296 4315 ὥστε
2323 4263 2397 4314 Τὸ
2436 4265 2850 4336 συναμφότερον
2896 4265 2974 4333 ἓν,
3004 4267 3065 4319 ού
3105 4270 3170 4339 τῇ
3198 4267 3380 4337 φύσει,
3411 4272 3478 4339 τῇ
3509 4269 3566 4322 δὲ
3605 4287 3734 4322 συν-

2152 4353 2272 4422 όδῳ.
2297 4354 2437 4425 Πρὸς
2463 4355 2620 4409 τοῦτο
2636 4357 2798 4412 πάλιν
2824 4359 3193 4431 έπαποροῦσιν
3221 4361 3371 4431 ἡμῖν,
3392 4361 3610 4414 ὅτιἘπὶ
3635 4362 3731 4415 τοῦ

2153 4444 2321 4500 αὐτοῦ
2351 4447 2409 4499 τὸ
2432 4446 2490 4500 ἓν
2510 4447 2781 4516 λέγοντες,
2814 4450 2910 4502 καὶ
2935 4450 3006 4503 τά
3028 4450 3125 4505 δύο
3147 4452 3440 4521 ἀντίφασιν
3459 4453 3730 4520 εἱσάγετε·

2154 4538 2248 4590 καὶ
2299 4539 2720 4611 εὑρεθήσεταιῆ
2768 4540 2797 4593 6
2830 4540 3053 4609 λέγετε,
3082 4543 3296 4612 ψευδὲς,
3356 4543 3389 4612 ἢ
3445 4542 3735 4611 ἀντίπρασις

470 4627 671 4693 dicitis,
723 4642 844 4682 esse
878 4625 1077 4682 falsum
1106 4667 1120 4690 ,
1158 4627 1247 4681 vel
1303 4626 1796 4682 contradictionem
1838 4631 2039 4698 pariter

2152 4628 2612 4699 συναληθεύουσα.
2651 4632 2794 4701 Πρὸς
2831 4633 2992 4686 τοῦτο
3046 4633 3306 4703 λέγομεν,
3338 4635 3421 4687 ὅτι
3475 4634 3536 4686 οὐ
3589 4635 3735 4688 κατὰ

470 4733 593 4773 esse
648 4732 857 4781 veram.
917 4716 1001 4770 Ad
1042 4715 1148 4770 hoc
1194 4716 1625 4784 respondemus,
1671 4734 1781 4772 non
1850 4719 2047 4774 eodem

471 4819 731 4880 respectu
777 4825 966 4865 veram
1023 4823 1167 4875 esse,
1225 4808 1321 4864 sed
1348 4808 1608 4876 diverso;
1637 4811 1786 4880 quod
1821 4812 2049 4868 minime

470 4900 773 4955 absurdum
802 4910 908 4956 est.

534 4991 604 5046 ν.
634 4989 934 5046 Sciendum
959 4997 1144 5045 autem
1201 4992 1491 5049 universas
1521 4992 1866 5064 obiectiones
1886 4992 2051 5048 hasce

469 5099 579 5138 non
606 5098 727 5138 esse
752 5081 1009 5152 proprias
1058 5081 1468 5152 l-Iaesitantium,
1497 5085 1593 5139 sed
1634 5083 1781 5153 quod
1806 5099 1900 5138 eas
1945 5084 2052 5139 Ne-

470 5176 730 5231 storianis
772 5175 1050 5243 suﬂurati,
1099 5177 1262 5232 nobis
1286 5185 1616 5248 proponant.
1654 5176 1790 5230 Nam
1817 5175 2053 5232 illiduas

473 5249 734 5335 personas
778 5275 835 5322 et
872 5267 1012 5323 duos
1044 5265 1299 5322 Christos
1357 5268 1629 5331 dicentes,
1677 5267 2052 5321 communiter

472 5361 589 5414 hac
615 5359 895 5423 omnibus,
957 5358 1093 5414 duas
1144 5367 1370 5413 naturas
1419 5358 1504 5412 vel
1558 5358 1760 5422 unitas,
1810 5359 1897 5413 vel
1929 5367 2053 5429 post

473 5452 758 5515 unionem,
795 5451 1191 5507 conﬁtentibus
1242 5451 1583 5522 objiciebant
1610 5467 1624 5505 :
1652 5451 1710 5506 Si
1761 5452 1899 5506 duas
1930 5467 2054 5506 esse

473 5552 698 5598 naturas
724 5543 932 5609 dicitis,
966 5543 1134 5598 etiam
1176 5543 1316 5598 duas
1362 5558 1629 5612 personas
1675 5543 2047 5599 introducitis.

473 5633 681 5703 Nempe
743 5634 951 5688 idcirco
1024 5643 1081 5690 ct
1149 5634 1450 5690 absurdum
1507 5635 1643 5690 illud
1709 5644 1817 5690 tam
1891 5637 2054 5691 nobis

475 5737 638 5790 quam
659 5723 1053 5778 lla:sitantibus
1078 5740 1176 5793 per
1207 5726 1306 5779 has
1355 5724 1700 5794 obiectiones
1733 5725 2048 5795 colligitur:

478 5827 604 5865 cum
630 5813 770 5868 nihil
819 5814 926 5868 tale
977 5814 1323 5870 Nestorianis
1361 5814 1594 5878 accidat,
1644 5814 1740 5869 sed
1771 5830 1800 5869 e
1829 5815 2050 5869 diverso

486 5900 734 5976 ipsqrum
782 5903 1078 5972 sententia,
1131 5906 1279 5976 quod
1339 5907 1456 5961 haec
1505 5905 1722 5975 attinet,
1755 5907 2050 5964 conlirmc-
2079 5915 2107 5966 '.‘

2150 4721 2210 4774 τὸ
2263 4722 2399 4774 αὐτὸ
2456 4723 2756 4792 ἀληθεύειο
2817 4725 2954 4778 άλλά
3011 4727 3133 4779 κατ’
3205 4726 3369 4792 ἄλλο,
3429 4727 3568 4797 ὅπερ
3632 4727 3734 4780 οὐκ

2151 4812 2372 4864 ἄτοπον.

2236 4985 2430 5040 Ἰστέον
2464 4988 2519 5040 δὲ
2546 5027 2560 5052 ,
2587 4987 2668 5040 ὅτι
2705 4989 2878 5042 πᾶσαι
2910 4990 2965 5043 αἱ
2999 4989 3226 5062 ἀπορίαι
3271 4985 3436 5046 αὗται
3480 4991 3581 5044 οὐκ
3623 4992 3734 5046 εἰσὶ

2149 5078 2260 5132 τῶν
2291 5079 2721 5151 διακρινομένων
2752 5082 2899 5144 ἴδιαι,
2925 5081 3042 5136 ἀλλ’
3071 5082 3180 5136 ἀπὸ
3212 5082 3323 5137 τῶν
3349 5085 3734 5155 Νεστοριανῶν

2152 5169 2468 5240 κλέψαντες,
2500 5171 2800 5244 ἀποροῦσιν
2828 5176 2963 5245 ἡμῖν
2991 5176 3182 5239 αὑτάς.
3228 5175 3462 5232 Ἐκεῖνοι
3503 5175 3613 5247 γὰρ
3640 5175 3734 5230 δύο

2153 5263 2424 5334 πρόσωπα
2451 5264 2547 5318 καὶ
2571 5265 2664 5320 δύο
2693 5267 2970 5337 Χριστοῦς
2989 5267 3330 5336 δοξάζοντες,
3364 5251 3562 5335 κοινῶς
3595 5270 3733 5343 πρὸς

2152 5357 2362 5420 πάντας
2416 5359 2542 5420 τοὺς
2591 5356 2851 5427 λέγοντας
2884 5359 2976 5413 δύο
3013 5359 3228 5429 φύσεις,
3258 5363 3370 5415 εἴτε
3411 5362 3731 5427 ένωθείσας,

2152 5450 2262 5503 εἴτε
2312 5449 2450 5520 μετά
2497 5451 2598 5521 τὴν
2641 5451 2861 5517 ἕνωσιν,
2888 5452 3131 5523 ἠπόρουν
3179 5454 3391 5520 αὐτὰς,
3422 5455 3507 5509 ὅτι
3539 5455 3602 5509 El
3640 5453 3736 5508 δύο

2153 5540 2345 5608 φύσεις
2368 5541 2577 5609 λέγετε,
2609 5544 2703 5598 καὶ
2741 5544 2833 5598 δύο
2870 5546 3142 5616 πράσωπα
3190 5547 3466 5616 εἰσάγετε.
3517 5546 3737 5618 ’Δμέλει

2152 5632 2219 5686 δι’
2257 5633 2389 5685 αὐτὸ
2436 5635 2529 5687 καὶ
2569 5636 2632 5688 τὸ
2679 5637 2880 5691 ἄτοπον
2922 5638 3164 5709 συνήχθη
3204 5640 3340 5709 ἡμῖν
3392 5655 3454 5692 τε
3493 5640 3587 5692 καὶ
3621 5642 3736 5703 τοῖς

2151 5727 2588 5798 διακρινομένοις
2616 5731 2681 5783 ὲκ
2710 5729 2916 5784 τούτων
2936 5731 3043 5784 τῶν
3069 5731 3333 5802 ἀποριῶν.
3362 5731 3489 5794 Τοῖς
3527 5729 3735 5785 Νεστο-

2157 5821 2360 5888 ρικνοῖς
2387 5820 2442 5872 δὲ
2470 5821 2656 5873 οὐκέτι
2680 5821 2740 5874 τὸ
2768 5823 2956 5892 ὅμοιον
2989 5823 3251 5890 συνάγετε
3278 5838 3290 5853 ·
3322 5821 3458 5876 ἀλλά
3486 5822 3580 5875 καὶ
3605 5820 3734 5873 τού-

2157 5909 2368 5964 ναντίον
2429 5910 2766 5982 ἰσχυρίζεται
2823 5913 2888 5966 τὰ
2949 5913 3129 5967 αὐτῶν
3176 5915 3299 5968 ὅσον
3347 5911 3455 5968 ἀπὸ
3502 5909 3734 5966 τούτων.
