4148 6456
448 464 591 534 19.45

1636 448 1732 506 DE
1774 445 2053 505 smus.
2092 421 2157 482 '—
2204 449 2364 509 ACT.
2405 448 2540 510 vn.

3580 438 3719 503 1246

461 575 753 647 Ἀποροῦσι
804 572 860 625 δὲ
904 570 1035 639 ἡμῖν
1088 566 1182 619 καὶ
1221 562 1387 631 ἄλλην
1437 560 1560 613 τινὰ
1612 560 1870 628 ἀπορίαν,
1907 556 2027 624 ἥτις

2137 564 2242 609 tur.
2293 556 2575 626 Ohjiciunt
2635 557 2795 610 nobis
2842 564 2900 610 et
2941 556 3107 609 aliam
3161 553 3563 615 difﬁcultatem,
3596 570 3719 622 qua:

451 673 560 724 ἰδία
621 667 719 738 μὲν
763 662 944 718 αὐτῶν
1007 661 1175 718 ἐστιν,
1203 656 1283 715 εἰς
1322 649 1704 722 Νεστοριανῶν
1750 649 1806 700 δὲ
1853 647 2029 714 δόγμα

452 751 1020 830 καταλήγει.Ἑπειδὴ
1058 749 1167 819 γὰρ
1224 746 1375 815 λέγει
1415 743 1555 815 πρὸς
1607 742 1805 802 αὐτοὺς
1840 741 1873 809 ὴ
1914 740 2030 830 Ἐκ-

426 828 777 921 ,κλησίανβτι
803 846 867 899 Et
896 844 1084 911 λέγετε
1109 837 1398 907 ἀσύγχυττι⁹
1425 834 1495 888 τά
1526 832 1822 894 ὲνωθέντα,
1856 829 1952 881 καὶ
1969 828 2029 880 τὸ

452 920 555 1013 μὲν
579 936 845 1009 παθητὸν,
873 935 934 988 τὸ
970 933 1027 988 δὲ
1058 928 1290 995 ἀπαθὲς,
1320 928 1416 981 καὶ
1463 924 1682 997 ὁρατὸν,
1714 922 1809 975 καὶ
1844 920 2030 1013 ,ἀόρα-

447 1011 563 1095 τον,
592 1031 686 1083 καὶ
725 1027 1123 1097 περιγραπτον,
1162 1021 1258 1075 xa‘t
1283 1017 1699 1088 ἀπερίγραπτον
1720 1054 1733 1077 ,
1771 1011 1865 1065 καὶ
1898 1012 2029 1078 θνη-

446 1124 562 1187 τὸν,
586 1120 681 1173 καὶ
708 1117 1000 1179 ἀθάνατον,
1033 1113 1128 1167 καὶ
1155 1113 1254 1165 ὅσα
1279 1108 1507 1163 τοιαῦτα
1528 1149 1543 1172 ,
1573 1105 1631 1170 ἐξ
1661 1104 1909 1187 ἀνάγκης
1938 1101 2031 1153 δύο

448 1211 641 1282 φύσεις
662 1208 916 1276 εἰσάγετε
941 1223 955 1236 ·
996 1204 1343 1270 ἀντιλέγουσι
1372 1199 1512 1270 πρὸς
1542 1195 1739 1279 ταῦτα,
1766 1196 1849 1249 ὅτι
1877 1191 2030 1246 οὐδὲν

448 1305 672 1366 ἄτοπον,
707 1300 805 1354 καὶ
856 1298 1141 1366 ἀσύγχυτα
1202 1290 1541 1364 ὁμολογῆσαι
1595 1287 1666 1341 τὰ
1723 1284 2025 1339 ὲνωθέντα·

449 1397 545 1449 καὶ
585 1394 646 1448 τὸ
685 1393 782 1463 μὲν
808 1389 1071 1459 παθητὸν,
1102 1387 1163 1441 τὸ
1197 1386 1253 1439 δὲ
1286 1383 1520 1449 ἀπαθὲς,
1556 1380 1651 1434 καὶ
1690 1378 1816 1446 μίαν
1865 1374 2031 1446 φύσιν

450 1488 545 1541 ἐπὶ
571 1486 750 1540 αὐτῶν
781 1500 795 1515 ·
839 1482 935 1538 καὶ
964 1480 1148 1534 λοιπὸν
1180 1476 1562 1549 παραφέρουσι
1595 1474 1732 1545 πρὸς
1758 1470 1941 1524 πίστιν
1970 1468 2032 1522 τὸ

450 1579 804 1652 παράδειγμα
854 1575 948 1629 τοῦ
994 1571 1306 1644 ἀνθρώπου.
1375 1569 1507 1623 Ἰδοὺ
1561 1567 1691 1636 γὰρ,
1751 1568 1953 1635 φασὶν,
1995 1566 2028 1634 ἠ

448 1670 597 1739 ψυχὴ
628 1669 723 1721 καὶ
750 1667 813 1719 τὸ
834 1665 995 1734 σῶμα
1016 1660 1343 1731 ἀσυγχύτως
1366 1659 1550 1729 ἠνώθη
1580 1657 1674 1710 ἐπὶ
1703 1655 1797 1709 τοῦ
1822 1654 1918 1708 άνο
1930 1652 2032 1723 ρώ-

452 1780 579 1815 που.
612 1760 723 1814 Καὶ
747 1758 808 1812 τὸ
842 1758 942 1828 μὲν
966 1755 1179 1826 ὁρατὸν,
1208 1754 1268 1806 τὸ
1296 1753 1352 1806 δὲ
1380 1752 1615 1821 ἀόρατον
1635 1767 1649 1780 ο
1682 1749 1775 1802 καὶ
1812 1747 2028 1816 θνητὸν,

451 1854 546 1907 καὶ
595 1850 883 1913 ἀθάνατον,
914 1848 1007 1902 καὶ
1055 1846 1123 1899 τά
1168 1844 1339 1898 ἄλλα*
1390 1842 1485 1896 καὶ
1511 1843 1660 1911 ὅμως
1695 1841 1757 1892 ού
1798 1838 2030 1906 λέγομεν

2134 648 2489 718 peculiariter
2532 649 2779 717 ipsorum
2846 648 3068 717 quidem
3105 657 3225 709 est;
3261 644 3357 699 sed
3412 644 3467 697 iu
3523 644 3719 698 Nesto-

2136 739 2419 793 rianorum
2445 738 2639 809 dogma
2671 739 2897 792 desinit.
2947 738 3085 793 Cum
3128 736 3275 790 enim
3318 736 3386 788 ad
3436 735 3584 804 ipsos
3640 735 3718 787 ait

2136 830 2406 895 Ecclesia,
2436 832 2480 885 si
2517 832 2669 885 unita
2703 831 2889 885 dicant
2922 830 3234 893 inconfusa,
3284 838 3339 882 et
3392 842 3561 881 unum
3589 842 3717 896 pas-

2136 923 2318 989 sibile,
2378 924 2615 977 alterum
2655 923 2929 991 passionis
2978 938 3204 991 expers;
3247 938 3418 975 unum
3468 931 3720 990 aspecta-

2136 1016 2271 1079 bile,
2301 1015 2537 1069 alterum
2562 1015 2989 1085 inaspectahile;
3018 1031 3188 1069 unum
3208 1015 3718 1085 circumscriptum,

2136 1107 2369 1161 alterum
2435 1122 2547 1160 non
2605 1106 3120 1176 circumscriptum;
3196 1124 3367 1161 unum
3446 1109 3719 1172 mortale,

2137 1199 2370 1252 alterum
2400 1198 2743 1264 immortale;
2780 1214 3015 1267 qumque
3045 1199 3153 1252 alia
3197 1212 3328 1254 sunt
3358 1200 3679 1271 huiusmodi
3704 1218 3718 1267 ;

2137 1289 2274 1344 duas
2301 1290 2616 1344 necessario
2644 1297 2874 1344 naturas
2903 1306 3000 1345 eos
3046 1290 3398 1346 introducere
3422 1308 3435 1344 :
3488 1306 3718 1361 respon-

2138 1381 2270 1435 dent
2300 1382 2377 1435 illi
2402 1381 2646 1435 vicissim
2703 1381 2909 1434 nullam
2942 1381 3345 1436 absurditatem
3374 1398 3498 1437 esse
3534 1384 3724 1437 incon-

2138 1475 2260 1529 fusa
2310 1474 2562 1529 conﬁteri
2614 1474 2788 1538 unita,
2818 1474 3105 1544 nihiloque
3139 1475 3325 1529 minus
3376 1492 3545 1529 unum
3594 1492 3721 1545 pas-

2138 1566 2320 1629 sibile,
2358 1566 2592 1620 alterum
2645 1565 2918 1634 passionis
2948 1582 3181 1635 expers;
3238 1576 3294 1620 et
3324 1583 3488 1621 unam
3528 1567 3582 1620 in
3643 1566 3725 1620 eis

2137 1668 2423 1712 naturam:
2474 1659 2621 1727 quod
2666 1658 2758 1712 uti
2804 1659 3062 1728 probent,
3115 1658 3356 1713 hominis
3408 1660 3723 1728 exemplum

2138 1749 2447 1819 proferunt.
2496 1750 2598 1815 En,
2658 1750 2938 1820 inquiunt,
2992 1766 3197 1820 corpus
3242 1758 3299 1804 et
3353 1750 3537 1804 anima
3582 1751 3723 1804 citra

2139 1839 2517 1894 confusionem
2568 1841 2622 1893 in
2683 1841 2906 1895 homine
2939 1842 3095 1895 unita
3152 1850 3303 1905 sunt,
3358 1857 3527 1895 unum
3572 1857 3724 1911 aspe-

450 1944 546 1999 δύο
596 1944 810 2014 φύσεις,
840 1940 979 1995 ἀλλὰ
1026 1938 1155 2008 μίαν
1188 1937 1351 2005 φύσιν
1394 1933 1489 1986 τοῦ
1534 1929 1848 2002 ἀνθρώπου.
1884 1927 2031 1997 Πρὸς

2137 1931 2354 1995 ctabile,
2404 1931 2639 1985 alterum
2711 1932 3143 2001 inaspectahile;
3210 1948 3384 1986 unum
3446 1934 3719 1997 mortale,

448 2036 621 2091 ταῦτα
665 2034 828 2088 πάλιν
877 2032 1128 2100 λέγουσιν
1160 2031 1209 2082 οἱ
1249 2027 1359 2080 ἀπὸ
1402 2024 1503 2095 τῆς
1548 2021 1895 2087 συνόδου,δτι
1931 2019 2028 2072 Ὃν

449 2128 651 2198 τρόπον
682 2126 872 2194 λέγετε
906 2121 1175 2186 σώζεσθαι
1207 2120 1299 2172 ἐπὶ
1329 2118 1423 2171 τοῦ
1470 2115 1764 2186 ἀνθρώπου
1790 2116 1859 2165 τὰ
1898 2112 2030 2163 ἐνω-

451 2219 611 2273 θέντα
665 2217 806 2289 μετὰ
856 2216 957 2286 τὴν
1002 2215 1217 2279 ἕνωσιν,
1251 2211 1345 2265 καὶ
1387 2210 1448 2262 τὸ
1485 2209 1583 2278 μὲν
1617 2205 1846 2275 θνητὸν,
1881 2202 1943 2255 τὸ
1972 2202 2030 2254 δὲ

453 2311 549 2365 καὶ
574 2308 867 2374 ἀθάνατον,
904 2307 998 2359 καὶ
1026 2305 1193 2358 τᾶλλα
1226 2303 1407 2356 πάντα
1437 2315 1451 2329 °
1490 2299 1633 2353 οὕτω
1662 2297 1894 2365 λέγομεν
1937 2294 2031 2347 ὲπὶ

448 2402 545 2456 τοῦ
596 2401 834 2472 Χριστοῦ
874 2414 887 2429 ·
938 2398 1111 2453 ταῦτα
1162 2398 1220 2450 δὲ
1276 2395 1455 2449 πάντα
1516 2394 1610 2447 δύο
1660 2389 1875 2463 φύσεώς
1923 2389 2031 2441 εἰσι

450 2491 810 2561 γνωριστικά.

524 2762 666 2833 Πρὸς
693 2760 865 2814 ταῦτα
896 2759 948 2811 οἱ
978 2756 1076 2827 μὲν
1096 2755 1204 2809 ἀπὸ
1235 2752 1467 2819 Γαῖανοῦ
1500 2753 1656 2807 οὐδὲν
1686 2753 2035 2824 εὑρίσκουσιν

451 2856 651 2909 εἰπεῖν.
690 2850 1116 2922 Ὀμολογοῦντες
1164 2848 1275 2919 γὰρ
1302 2847 1589 2916 ἀσύγχυτα
1632 2840 1773 2898 εἶναι
1800 2843 1871 2898 τὰ
1900 2846 2035 2897 ἑνω-

453 2946 637 3009 θέντα,
676 2944 781 2999 οὐκ
828 2944 1111 3013 ἀνέχονται
1161 2941 1298 3003 ὅλως
1349 2939 1470 2992 οὐδὲ
1518 2937 1784 3009 διαφοράν
1835 2938 2033 3002 εἰπεῖν,

450 3036 562 3092 οὐδ’
607 3034 747 3100 ὅλως
780 3034 835 3088 τὸ
853 3033 949 3086 δύο
973 3032 1240 3102 ὀνομάσαι
1263 3072 1278 3096 ,
1312 3031 1428 3085 ἀλλ’
1471 3030 1529 3083 ἓν
1562 3048 1615 3082 τι
1657 3028 1727 3083 τά
1765 3028 2039 3081 ένωθέντα

454 3126 596 3198 μετὰ
630 3127 727 3197 τὴν
768 3125 963 3179 ἕνωσιν
1000 3110 1293 3192 λέγουσιν.Δ
1318 3123 1381 3176 Ol
1405 3122 1463 3174 δὲ
1502 3120 1847 3174 Θεοδοσιανο)⁸
1869 3159 1885 3185 ,
1918 3120 2037 3189 ἢτοι

450 3220 562 3275 ἀπὸ
594 3220 859 3291 Σεδήρτυ,
896 3218 1200 3289 εὑρήκασιν
1226 3216 1440 3277 ἑαυτοῖς
1463 3211 1763 3280 ἀπολογίαν
1781 3250 1797 3277 ,
1825 3211 1921 3264 καὶ
1948 3210 2038 3263 λέ-

449 3330 657 3383 γουσιν,
675 3313 755 3364 δτι
772 3311 962 3380 Ἡμεῖς
981 3305 1353 3376 ὁμολογοῦμεν
1373 3304 1604 3374 διάφορα
1623 3299 1762 3357 εἶναι
1784 3302 1853 3357 τὰ
1873 3301 2037 3372 μέρη,

450 3404 513 3457 τὸ
540 3404 598 3457 δὲ
638 3402 989 3470 ἀποτέλεσμα
1018 3398 1101 3454 ἓν.
1139 3398 1352 3468 Ὥσπερ
1405 3391 1500 3449 οὖν
1547 3394 1643 3449 καὶ
1672 3395 1767 3447 ἐπὶ
1813 3393 1908 3447 τοῦ
1942 3395 2040 3447 άν-

451 3496 673 3568 θρώπου
726 3492 962 3562 διάφορά
1005 3492 1113 3544 εἱσι
1162 3488 1231 3543 τά
1288 3488 1509 3558 μέρη,ἥ
1544 3502 1605 3539 τε
1654 3484 1804 3557 ψυχὴ
1842 3485 1940 3540 καὶ
1979 3484 2041 3537 τὸ

453 3590 636 3662 σῶμα,
686 3588 749 3642 τὸ
787 3587 846 3641 δὲ
883 3585 1235 3653 ἀποτέλεσμα
1279 3582 1360 3635 ἓν.
1404 3580 1696 3635 Βούλονται
1734 3580 1845 3651 γὰρ
1897 3578 2039 3633 κατὰ

450 3680 634 3734 πάντα
682 3673 1051 3749 μεθαρμόζειν
1100 3673 1163 3725 τὸ
1216 3671 1573 3741 παράδειγμα
1618 3668 1713 3723 τοῦ
1747 3667 2038 3738 ἀνθρώπου

452 3771 546 3825 ἐπὶ
584 3766 683 3822 τοῦ
729 3764 1000 3838 Χριστοῦο
1043 3760 1165 3818 εἶτα
1197 3763 1388 3831 ἐπειδὴ
1422 3760 1749 3834 συνῄσθοντο
1810 3759 2040 3823 ἑαυτοὺς

452 3864 533 3927 εἰς
555 3862 619 3915 τὸ
651 3860 828 3929 δόγμα
854 3859 954 3928 τῆς
983 3857 1205 3911 συνόδου
1252 3855 1615 3926 ἐμπεσόντας,
1644 3854 1736 3907 ἐπὶ
1766 3853 1955 3924 ἔτερόν
1983 3870 2039 3905 τι

455 3951 888 4026 μεταϐιϐάζουσι
918 3949 1011 4003 τὸν
1064 3948 1245 4017 λόγον,
1280 3947 1373 4001 καί
1403 3964 1589 4017 φασιν,
1618 3947 1700 3999 ὅτι
1733 3945 2038 4016 Διαφόρους

452 4044 646 4121 φύσεις
668 4042 851 4113 φαμὲν
873 4042 1035 4112 ἡμεῖς
1062 4038 1171 4093 τῶν
1206 4039 1391 4109 μερῶν
1411 4055 1424 4067 ·
1455 4036 1552 4091 τοῦ
1580 4037 1636 4091 δὲ
1657 4036 2039 4102 ἀποτελέσμα-

451 4158 544 4205 τος
565 4182 580 4207 ,
615 4139 768 4210 μίαν.
798 4138 879 4208 Τῇ
927 4138 1108 4207 μέντοι
1141 4133 1343 4203 συνόδῳ
1367 4132 1498 4204 περὶ
1532 4130 1627 4185 τοῦ
1654 4129 2037 4200 ἀποτελέσμα-

452 4249 544 4295 τος
595 4226 665 4303 ἦν
703 4231 731 4283 ὁ
772 4228 956 4297 λόγος.
998 4226 1144 4297 Πρὸς
1190 4224 1286 4289 οὓς
1317 4224 1589 4296 λέγομεν,
1621 4224 1706 4277 ὅτι
1733 4222 2033 4276 Ψεύδεσθε.

452 4321 560 4378 Ἦν
574 4323 682 4395 γάρ
709 4322 839 4394 περὶ⁵
867 4319 963 4373 τοῦ
984 4318 1432 4389 ἀποτελέσματος
1456 4318 1556 4388 οὐχ
1577 4318 1606 4370 ό
1635 4316 1797 4386 λόγος
1813 4319 1880 4387 τῇ
1908 4332 2036 4368 συν-

452 4415 576 4484 όδῳ,
624 4411 766 4466 ἀλλὰ
815 4410 947 4480 περὶ
976 4407 1085 4463 τῶν
1134 4406 1317 4478 μερῶν
1349 4422 1364 4437 ·
1402 4406 1498 4460 καὶ
1529 4404 1689 4459 τοῦτο
1735 4406 1896 4476 δῆλον
1928 4404 2037 4458 ἀπὸ

452 4506 667 4559 πολλῶν
713 4506 852 4557 ἐστι.
883 4500 1108 4573 Πρῶτον
1150 4499 1262 4553 ἀπὸ
1298 4499 1408 4553 τῶν
1446 4498 1484 4550 Γ
1488 4498 1763 4551 αῖανιτῶν.
1810 4498 2036 4550 Ἐκεῖνοι

453 4599 562 4669 γὰρ
583 4597 645 4651 τὸ
685 4597 911 4668 ἀρχαῖον
936 4593 1114 4663 δόγμα
1158 4591 1547 4660 φυλάττοντες,
1592 4589 1735 4644 οὕτω
1772 4589 2037 4659 μάχονται

452 4692 548 4746 νῦν
576 4692 644 4761 τῇ
682 4686 909 4757 συνόδῳ,
935 4686 1012 4750 ὡς
1035 4684 1130 4739 δύο
1150 4683 1386 4755 λεγούσῃ
1419 4682 1489 4736 τά
1520 4682 1663 4753 μέρη
1694 4698 1710 4713 ·
1745 4682 1903 4736 αὐτοὶ
1929 4682 2038 4754 γὰρ

454 4787 551 4839 καὶ
585 4784 655 4838 τὰ.
686 4782 827 4854 μέρη
856 4780 917 4833 ἓν
949 4797 1002 4833 τι
1032 4777 1317 4849 βούλονται
1350 4772 1489 4829 εἶναι
1519 4777 1658 4847 μετὰ
1689 4775 1788 4846 τὴν
1818 4774 2037 4843 ἕνωσιν,

465 4876 607 4930 Ἀλλ’
642 4875 773 4938 ἴσως
801 4874 1023 4941 λέγουσι
1068 4870 1208 4941 πρὸς
1257 4869 1417 4922 τοῦτο
1446 4870 1505 4929 οἱ,
1539 4868 1879 4921 Θεοδοσιανοὶ
1902 4906 1917 4931 ,
1957 4867 2040 4919 ὅτι

453 4969 574 5040 οὐχί
599 4985 612 5000 ·
660 4969 722 5020 οὐ
760 4965 871 5036 γὰρ
904 4965 955 5017 οἱ
997 4964 1037 5017 Γ
1040 4961 1279 5017 αἶανῖταί
1314 4963 1453 5015 εἰσιν
1482 4961 1533 5013 oi
1576 4960 1940 5029 φυλάττοντες
1979 4958 2042 5010 τὸ

452 5062 681 5133 ἀρχαῖον
732 5060 930 5129 δόγμα,
981 5056 1122 5110 ἀλλά
1173 5054 1375 5125 μᾶλλον
1422 5055 1605 5124 ἡμεῖς.
1676 5052 1836 5106 Ἀλλὰ
1879 5052 2040 5105 πάλιν

453 5153 589 5225 πρὸς
614 5151 772 5205 τοῦτο
795 5151 1048 5221 λέγομεν,
1074 5149 1155 5202 ὃτι
1178 5148 1239 5201 Εἰ
1264 5146 1359 5201 καὶ
1386 5147 1461 5217 μὴ
1486 5145 1593 5200 ἀπὸ
1610 5145 1718 5199 τῶν
1740 5144 2039 5198 Γαῖανιτῶν

454 5239 747 5294 πιστοῦσθε
775 5238 957 5307 τοῦτο,
990 5238 1105 5291 ἀλλ’
1136 5233 1230 5292 οὖν
1264 5237 1374 5291 ἀπὸ
1404 5237 1515 5291 τῶν
1532 5236 1848 5306 Ἀκεφάλων
1880 5236 2042 5304 ἀνάγο

453 5352 525 5404 κη
582 5333 727 5403 ὑμᾶς
765 5330 924 5385 τοῦτο
974 5329 1378 5384 πιστώσασθαι.
1422 5330 1651 5384 Ἐκεῖνοι
1682 5329 1790 5399 γὰρ
1824 5329 2043 5399 ἀρχαιό-

452 5442 606 5495 τεροι
634 5424 791 5495 ὑμῶν
818 5424 915 5477 καὶ
944 5422 1057 5477 τῶν
1082 5421 1384 5476 Γαῖανιτῶν
1416 5422 1670 5493 φανερῶς
1694 5422 1868 5486 ὄντες,
1899 5422 2043 5476 οὓτω

458 5521 725 5590 μάχονται
753 5520 821 5589 τῇ
854 5518 1082 5589 συνόδῳ,
1107 5519 1183 5581 ὡς
1201 5518 1295 5571 δύο
1318 5516 1552 5590 λεγούσῃ
1573 5518 1638 5571 τὰ
1666 5518 1831 5589 μέρη.
1853 5518 2046 5571 Ἐπει-

454 5627 525 5663 τα
556 5611 654 5663 καὶ
688 5610 797 5663 ἀπὸ
840 5591 1117 5679 Εὐτυχοῦς
1146 5608 1489 5678 πιστούμεθα
1540 5607 1716 5661 τοῦτο.
1750 5607 1896 5678 Πρὸς
1934 5609 2042 5679 γὰρ

456 5701 549 5752 τὸν
573 5702 789 5772 Εὐτυχῆ
820 5703 1057 5776 ἐποιεῖτο
1097 5702 1191 5754 τὸν
1220 5700 1378 5767 λόγον
1401 5702 1435 5771 ἡ
1469 5699 1705 5763 σύνοδος,
1736 5700 1887 5763 ὅστις
1913 5702 2043 5771 περὶ

458 5791 567 5844 τῶν
616 5794 801 5864 μερῶν
837 5793 1175 5864 ἡμφισϐήτει
1201 5833 1215 5858 ,
1254 5793 1330 5863 μὴ
1377 5792 1553 5859 λέγων
1585 5792 1716 5863 ὑμῖν
1756 5791 2045 5862 όμοούσιον

459 5876 603 5939 εἶναι
639 5884 701 5939 τὸ
744 5884 924 5957 σῶμα.
972 5885 1061 5950 Ὠς
1090 5880 1182 5941 οὖν
1214 5884 1349 5957 πρὸς
1378 5868 1583 5939 ἐκεῖνον
1630 5882 1929 5955 ποιουμένη
1955 5881 2045 5938 τὸν

2131 2024 2367 2077 alterum
2400 2024 2743 2089 immortale;
2773 2024 2990 2095 aliaque
3022 2024 3149 2078 talia
3194 2041 3210 2078 :
3265 2040 3375 2079 non
3406 2035 3587 2080 tamen
3624 2042 3721 2079 na-

2134 2113 2443 2169 turasduas
2492 2114 2755 2179 dicimus,
2793 2114 2889 2169 sed
2941 2130 3108 2168 unam
3163 2115 3403 2169 hominis
3438 2123 3717 2169 naturam-

2131 2206 2212 2260 Ad
2234 2222 2297 2262 ea
2329 2206 2522 2278 synodi
2545 2214 2846 2261 sectatores
2866 2206 3114 2261 vicissim
3146 2206 3503 2277 respondent,
3531 2223 3724 2277 quem-

2134 2299 2433 2353 admodum
2478 2298 2582 2369 ipsi
2620 2300 2801 2353 salvas
2839 2314 2962 2353 esse
3019 2315 3111 2353 res
3164 2299 3220 2353 in
3262 2299 3485 2353 homine
3516 2300 3722 2363 unitas,

2133 2402 2258 2461 post
2303 2390 2567 2444 unionem
2620 2391 2848 2456 factam,
2897 2391 3117 2457 dicant,
3187 2390 3489 2461 nihiloque
3538 2393 3725 2447 minus

2138 2499 2306 2537 unum
2356 2497 2479 2537 esse
2533 2483 2787 2547 mortale,
2821 2483 3059 2537 alterum
3126 2482 3460 2547 immortale,
3508 2481 3724 2550 aliaque

2136 2575 2355 2638 omnia,
2394 2574 2473 2629 sic
2508 2573 2576 2628 de
2624 2572 2849 2628 Christo
2875 2588 2934 2630 se
2983 2588 3206 2643 quoque
3254 2573 3443 2643 loqui;
3500 2580 3555 2627 at
3607 2573 3723 2626 haec

2136 2664 2323 2719 omnia
2343 2664 2581 2718 duarum
2606 2671 2938 2718 naturarum
2975 2679 3099 2718 esse
3123 2664 3349 2718 iudicia.

2208 2756 2295 2811 Vl.
2326 2755 2476 2810 Nihil
2519 2754 2587 2809 ad
2620 2755 2737 2810 haec
2772 2754 3036 2809 Gaianita:
3065 2755 3213 2824 quod
3241 2754 3449 2817 dicant,
3484 2753 3723 2807 habent.

2137 2846 2275 2901 Cum
2329 2846 2479 2901 enim
2534 2846 2691 2901 unita
2725 2846 3008 2901 fateantur
3053 2845 3365 2910 inconfusa,
3396 2845 3624 2899 omnino
3655 2860 3725 2899 ne

2140 2938 2441 2994 discrimen
2473 2939 2698 3009 quidem
2752 2939 2976 3008 aliquod
3020 2939 3207 2995 dicere
3264 2938 3560 3003 sustinent,
3598 2938 3725 2991 nul-

2139 3030 2262 3084 love
2311 3030 2475 3085 modo
2526 3030 2696 3084 duum
2724 3046 2916 3086 vocem
2976 3030 3320 3084 admittere:
3387 3030 3483 3084 sed
3555 3045 3724 3084 unum

2141 3121 2403 3191 quiddam
2466 3122 2643 3187 unita,
2684 3131 2809 3192 post
2858 3121 3144 3187 unionem,
3192 3121 3333 3177 facta
3398 3122 3610 3175 dicunt.
3654 3121 3727 3176 At

2143 3214 2534 3279 Theodosiani,
2572 3215 2659 3269 vel
2687 3215 2784 3284 qui
2815 3230 2845 3268 a
2877 3215 3080 3270 Severo
3104 3223 3254 3279 sunt,
3292 3213 3725 3269 satisfactionem

2142 3306 2246 3361 sibi
2273 3306 2565 3377 quamdam
2590 3307 2946 3372 invenerunt,
2977 3323 3147 3377 seque
3177 3307 3370 3362 dicunt
3400 3307 3559 3361 fateri
3599 3323 3726 3377 par-

2143 3406 2227 3454 tes
2257 3415 2378 3455 esse
2412 3399 2683 3464 diversas,
2721 3412 2777 3454 at
2812 3416 2980 3454 unum
3023 3399 3322 3454 eﬂectum:
3360 3398 3723 3468 quemadmo-

2141 3492 2273 3547 dum
2311 3492 2455 3547 etin
2485 3492 2709 3547 homine
2772 3502 2958 3563 partes
2999 3491 3231 3547 diversae
3279 3492 3413 3553 sint,
3440 3493 3622 3546 anima
3670 3501 3728 3545 et

2139 3601 2364 3656 corpus,
2395 3593 2451 3639 at
2476 3602 2646 3639 unum
2675 3584 2958 3640 effectum.
2982 3585 3117 3639 Nam
3146 3600 3246 3654 per
3276 3584 3461 3639 omnia
3484 3583 3726 3638 hominis

2138 3678 2449 3748 exemplum
2463 3678 2529 3732 ad
2549 3677 2827 3734 Christum
2846 3678 3263 3733 accommodare
3280 3678 3504 3732 volunt:
3525 3677 3724 3731 deinde

2138 3781 2315 3826 semet
2340 3770 2846 3825 animadvertentes
2876 3771 2934 3825 in
2960 3770 3154 3842 synodi
3188 3769 3384 3839 dogma
3415 3770 3723 3839 prolapsos,

2137 3864 2205 3919 ad
2228 3863 2377 3919 aliud
2400 3864 2707 3917 orationem
2760 3861 3121 3925 transferunt,
3159 3876 3329 3930 seque
3358 3859 3603 3914 diversas
3641 3858 3730 3912 di-

2138 3971 2265 4009 cere
2288 3954 2527 4025 partium
2558 3964 2785 4009 naturas
2807 3954 2983 4019 aiunt,
3008 3952 3191 4009 eﬂ'ecti
3217 3967 3383 4005 uuam
3416 3969 3428 4004 :
3455 3966 3581 4006 cum
3609 3965 3730 4020 syn-

2139 4046 2279 4099 odus
2302 4044 2369 4099 de
2394 4044 2595 4099 effecto
2634 4046 2818 4100 locuta
2861 4045 2957 4099 sit.
2982 4044 3094 4099 Nos
3131 4053 3315 4098 autem
3334 4041 3729 4111 respondemus

2136 4154 2233 4194 eos
2264 4137 2510 4192 mentiri.
2546 4138 2668 4192 Non
2698 4138 2845 4191 enim
2874 4136 3118 4208 synodus
3146 4136 3215 4190 de
3239 4133 3439 4191 eﬂecto
3459 4133 3728 4202 loqueba-

2140 4239 2250 4295 tur,
2279 4229 2375 4285 sed
2408 4229 2477 4284 de
2530 4229 3011 4299 partibuszquod
3062 4228 3288 4299 quidem
3338 4241 3407 4281 ex
3468 4224 3727 4295 pluribus

2136 4331 2371 4379 constat.
2399 4322 2647 4377 Primum
2683 4320 2928 4375 indicant
2961 4320 3067 4375 hoc
3112 4320 3218 4389 ipsi
3250 4316 3539 4373 Gaianitaz.
3590 4316 3726 4370 Nam

2137 4415 2426 4485 antiquum
2460 4413 2538 4467 illi
2571 4414 2770 4484 dogma
2801 4412 3133 4477 retinentes,
3169 4411 3243 4466 ita
3273 4426 3426 4466 nunc
3455 4409 3726 4482 synodum

2138 4516 2479 4579 oppugnant,
2518 4506 2678 4576 quasi
2708 4520 2832 4575 quae
2858 4512 3045 4576 partes
3074 4504 3213 4559 duas
3236 4503 3385 4559 dicat
3416 4523 3430 4559 :
3466 4518 3591 4559 cum
3622 4501 3728 4572 ipsi

2070 4620 2115 4672 υ
2144 4607 2269 4671 post
2296 4598 2557 4653 unionem
2590 4604 2779 4666 partes
2811 4610 3031 4665 quoque
3056 4594 3231 4649 velint
3261 4608 3433 4647 unum
3464 4589 3728 4661 quiddam

2137 4707 2278 4749 esse.
2314 4690 2587 4746 Fortassis
2619 4688 2689 4744 ad
2724 4688 2831 4743 hoc
2869 4685 3246 4743 Theodosiani
3282 4682 3726 4754 respondebunt,

2139 4802 2482 4857 nequaquam
2509 4784 2810 4850 Gaianitas,
2836 4785 2932 4839 sed
2964 4800 3022 4839 se
3060 4782 3252 4853 potius
3304 4780 3427 4835 illos
3454 4795 3597 4844 esse,
3632 4779 3729 4848 qui

2140 4880 2429 4949 antiquum
2487 4878 2683 4949 dogma
2736 4878 3031 4933 retineant.
3062 4877 3176 4932 Nos
3222 4890 3356 4930 vero
3391 4890 3611 4928 rursum
3644 4888 3731 4926 rc-

2142 4972 2499 5043 spondemus,
2529 4972 2575 5027 si
2626 4971 2860 5025 maxime
2890 4985 3002 5024 non
3028 4987 3059 5023 a
3091 4967 3359 5023 Gaianitis
3405 4965 3508 5034 ipsi
3565 4964 3729 5017 ﬁdem

2144 5066 2289 5120 illam
2324 5064 2683 5133 sumpserint,
2720 5072 2903 5117 tamen
2948 5077 3071 5117 esse
3115 5074 3365 5119 necesse.
3397 5065 3457 5111 ut
3489 5056 3558 5109 ab
3590 5054 3731 5108 Ace—

2146 5158 2325 5229 phalis
2353 5156 2689 5226 acceperint.
2716 5156 2852 5210 Nam
2883 5152 2961 5209 illi
3000 5150 3293 5207 manifesto
3328 5145 3731 5201 Theodosianis

2146 5250 2496 5307 etGaianitis
2544 5248 2906 5317 antiquiores,
2946 5246 3021 5299 ita
3071 5242 3341 5315 synodum
3386 5246 3726 5309 oppugnant,

2150 5341 2307 5411 quasi
2343 5358 2466 5410 qua:
2514 5348 2698 5409 partes
2727 5339 2865 5394 duas
2901 5336 3102 5391 tradat.
3132 5336 3281 5390 Idem
3313 5340 3371 5388 et
3409 5347 3508 5400 per
3555 5330 3729 5400 Euty-

2151 5432 2311 5486 chem
2336 5431 2535 5484 docere
2562 5443 2871 5499 possumus.
2896 5427 3113 5481 Etenim
3143 5423 3407 5479 adversus
3426 5419 3727 5491 Eutychem

2149 5521 2394 5594 synodus
2425 5521 2517 5575 illa
2548 5519 2717 5574 verba
2743 5517 3084 5588 proferebat,
3115 5516 3275 5585 cujus
3300 5520 3419 5566 erat
3451 5510 3520 5564 de
3550 5506 3728 5579 parti-

2150 5615 2255 5669 bus
2279 5610 2682 5674 controversia,
2713 5608 2972 5671 dicentis,
3001 5622 3203 5676 corpus
3238 5619 3349 5658 non
3380 5618 3503 5658 esse
3538 5599 3731 5655 nobis-

2149 5719 2275 5760 cum
2317 5702 2481 5757 unius
2541 5686 2867 5756 substa‘ntize
2896 5740 2909 5764 ,
2950 5698 3185 5767 ideoque
3219 5694 3407 5750 verbis
3450 5692 3518 5747 ad
3573 5690 3730 5744 illum

2150 5793 2400 5859 directis,
2436 5801 2492 5849 et
2528 5792 2645 5861 ipsa
2695 5790 2905 5847 scilicet
2945 5789 3014 5845 de
3058 5787 3309 5860 partibus
3353 5784 3683 5856 loquebatur
3711 5824 3728 5850 ,

2104 5918 2105 5921 η
2154 5899 2265 5939 non
2321 5882 2389 5940 de
2447 5882 2664 5939 cﬂ‘ecto.
2730 5882 3002 5939 Prmterea
3060 5878 3165 5936 nisi
3214 5876 3321 5935 hoc
3374 5873 3729 5943 admiseritis,
