4148 6450
494 427 630 493 1247

1748 417 2059 481 LEONTII
2100 417 2517 480 BYZANTINI

3622 412 3760 478 1248

486 558 681 598 omnes
758 538 1035 609 expositas
1092 535 1361 590 hactenus
1444 533 1788 604 objectioncs
1856 539 2066 585 vestras

2170 528 2345 593 λόγον,
2380 526 2623 596 δηλονότι
2676 525 2773 577 καὶ
2820 524 2960 595 αὐτὴ
2991 523 3121 594 περὶ
3166 524 3276 576 τῶν
3303 522 3485 594 μερῶν
3521 524 3763 579 ἐποιεῖτο

485 635 768 691 evertetis.
797 633 890 688 Sic
945 631 1093 686 enim
1138 630 1299 682 nobis
1344 642 1437 681 eas
1489 625 1873 696 opponebatis.
1909 623 2067 692 quasi

490 727 728 777 duorum
792 736 899 775 vox
960 720 1114 773 nullo
1193 717 1357 772 modo
1430 726 1553 787 post
1610 716 1872 769 unionem
1936 729 2067 782 pro-

484 816 613 870 ferri
642 814 833 884 possit,
867 813 972 867 nisi
1005 812 1075 866 ab
1109 812 1177 866 iis
1209 812 1301 881 qui
1334 810 1665 865 divisionem
1690 808 2064 861 introducant.

489 908 689 963 Verum
746 905 907 961 nobis
954 906 1058 977 ipsi
1106 904 1337 959 fortasse
1395 901 1753 972 respondent,
1803 898 1935 952 dare
1984 913 2065 960 se,

483 998 551 1051 de
605 999 855 1068 partibus
914 999 1154 1054 locutam
1204 994 1493 1066 synodum.
1554 994 1662 1048 Vos
1722 1000 1929 1054 autem,
1967 1004 2068 1042 cur

485 1090 649 1144 modo
694 1104 804 1143 non
847 1089 1034 1144 dicitis
1084 1103 1249 1141 unam
1280 1084 1461 1141 effecti
1494 1084 1789 1138 naturam?
1824 1081 2065 1136 Primum

485 1184 1039 1251 dicimus,nusquam
1070 1181 1178 1235 hoc
1204 1181 1411 1234 dictum
1444 1194 1473 1232 a
1498 1177 1759 1232 Patribus
1788 1182 2063 1229 constare.

486 1275 693 1331 Deinde
742 1290 813 1328 ne
863 1273 1089 1343 quidem
1138 1270 1345 1331 effecti,
1377 1272 1422 1324 si
1463 1269 1587 1337 quis
1626 1268 1907 1322 subtiliter
1948 1281 2064 1319 rem

486 1371 828 1432 consideret,
874 1383 980 1422 una
1038 1375 1234 1419 natura
1283 1374 1410 1429 est;
1466 1363 1560 1417 sed
1616 1362 1756 1415 dum.
1812 1360 2066 1414 Fortasse

486 1465 688 1518 dixerit
720 1462 918 1531 aliquis
956 1478 967 1514 :
1005 1461 1071 1515 Et
1103 1474 1340 1529 quonam
1377 1457 1492 1511 fieri
1532 1466 1693 1527 pacto
1756 1464 1936 1525 potest
2008 1465 2067 1510 ut

488 1556 731 1612 hominis
779 1554 1090 1624 exemplum
1151 1553 1312 1606 nobis
1375 1568 1488 1605 non
1557 1550 1900 1615 adversetur,
1967 1550 2065 1619 qui

485 1665 553 1703 ex
586 1650 767 1703 anima
802 1660 1146 1716 corporeque
1176 1651 1458 1703 constans,
1490 1658 1653 1696 unam
1680 1650 1931 1695 naturam
1968 1641 2067 1694 ha-

486 1740 599 1801 bet,
645 1755 757 1793 non
803 1738 980 1803 duas,
1021 1752 1159 1806 quas
1206 1735 1488 1790 Christum
1542 1734 1746 1788 habere
1780 1732 2067 1787 diximus?

486 1832 567 1887 Ad
618 1832 722 1885 hoc
777 1829 1196 1899 respondemus,
1232 1827 1287 1881 id
1344 1828 1523 1897 ipsum
1584 1826 1637 1879 in
1695 1841 1860 1880 causa
1915 1840 2056 1889 esse,

485 1924 631 1993 quod
685 1938 851 1978 unam
892 1921 1135 1976 hominis
1180 1928 1453 1983 naturam,
1478 1918 1683 1973 Christi
1731 1919 1868 1973 duas
1914 1918 2064 1973 dica-

486 2032 630 2072 mus.
660 2016 835 2082 Quam
876 2014 1025 2069 enim
1074 2013 1340 2067 rationem
1385 2011 1553 2065 habet
1592 2026 1699 2065 una
1755 2019 1951 2064 natura
2010 2010 2065 2064 in

486 2108 728 2163 hominis
772 2108 1074 2178 hypostasi,
1110 2106 1363 2161 eamdem
1418 2113 1475 2159 et
1526 2104 1649 2159 duae
1685 2104 1739 2157 in
1784 2103 2065 2175 hypostasi

484 2200 690 2255 Christi
731 2199 962 2254 habent.

554 2463 669 2518 Vll.
692 2463 871 2531 Atque
903 2470 963 2516 ut
995 2462 1351 2532 perspicuum
1377 2462 1448 2516 sit
1478 2460 1627 2531 quod
1657 2476 1687 2514 a
1737 2460 1896 2515 nobis
1924 2459 2064 2513 dici-

488 2562 599 2617 tur,
633 2555 974 2624 ohjcctiones
1020 2554 1177 2624 prius
1218 2555 1500 2624 expositas
1546 2562 1880 2625 repetamus.
1926 2552 2064 2608 Cum

485 2642 707 2697 dicebat
774 2642 1062 2709 Ecclesia,
1122 2646 1168 2697 si
1226 2660 1325 2698 vos
1396 2643 1683 2699 inconfusa
1758 2643 1943 2698 dicitis
2002 2659 2067 2698 ea

486 2750 609 2803 quae
664 2735 818 2788 unita
860 2743 1027 2799 sunt,
1087 2743 1144 2789 et
1189 2737 1369 2791 salvas
1403 2752 1597 2791 eorum
1666 2746 1893 2792 naturas
1939 2750 2066 2791 esse

486 2836 611 2896 post
639 2828 897 2882 unionem
926 2845 940 2893 ;
969 2844 1251 2898 unumque
1287 2830 1537 2895 mortale,
1573 2830 1808 2884 alterum
1836 2829 2066 2883 immor-

486 2920 631 2986 tale;
661 2936 891 2991 quzeque
919 2929 1049 2975 sunt
1078 2922 1394 2992 hujusmodi
1441 2922 1550 2975 alia
1577 2939 1591 2986 ;
1625 2921 1765 2975 duas
1808 2935 2066 2975 necessa-

486 3014 569 3067 rio
591 3023 815 3068 naturas
848 3014 1197 3069 introducitis
1224 3032 1238 3068 :
1275 3015 1351 3068 illi
1378 3014 1621 3069 vicissim
1639 3012 2065 3082 respondebant,

483 3104 621 3158 nihil
655 3120 776 3159 esse
811 3105 1059 3171 absurdi,
1099 3116 1155 3161 et
1197 3107 1483 3162 inconfnsa
1518 3107 1723 3169 dicere,
1757 3121 1878 3175 quae
1910 3104 2064 3158 unita

2168 619 2467 688 τὸνλόγον,
2503 617 2691 671 οὐκέτι
2718 616 2775 669 δὲ
2817 617 2947 685 περὶ
2980 614 3075 668 τοῦ
3118 614 3588 684 ἀποτελέσματος.
3639 617 3761 669 Ἔτι

2169 713 2227 765 δὲ
2280 715 2327 765 εί
2389 710 2463 781 μὴ
2488 708 2647 763 τοῦτο
2698 705 2949 777 δέξησθε,
2986 707 3168 769 πάσας
3198 705 3298 769 τὰς
3349 708 3761 777 προειρημένας

2168 804 2407 874 ἀπορίας
2439 800 2500 866 ἐξ
2529 798 2684 868 ὑμῶν
2706 796 3063 866 ἀνατρέψετε.
3096 795 3253 849 Οὕτω
3290 794 3399 867 γὰρ
3423 796 3593 859 αὑτὰς
3629 798 3762 866 ἡμῖν

2168 898 2450 967 ἡπορεῖτε,
2484 892 2559 955 ὼς
2582 891 2641 944 τὸ
2666 890 2759 943 δύο
2788 890 2887 942 οὐκ
2933 888 3000 943 ἂν
3032 889 3367 959 οίωσδήποτε
3399 887 3566 957 λεχθῇ
3623 886 3763 955 μετά

2168 988 2269 1054 τὴν
2291 984 2490 1037 ’ἑνωσιν
2514 1022 2528 1044 ,
2564 982 2613 1033 εί
2648 978 2722 1051 μὴ
2762 978 3031 1049 διαίρεσιν
3074 977 3415 1043 εἰσάγουσιν.
3462 975 3603 1028 Ἀλλ’
3630 976 3759 1036 ἴσως

2168 1078 2420 1145 λέγουσιν
2459 1076 2596 1145 ἡμῖν
2628 1073 2724 1127 καὶ
2753 1070 2912 1126 αὐτοὶ
2936 1069 3095 1139 ,πρὸς
3122 1068 3321 1134 ταῦτα,
3351 1068 3434 1119 ὃτι
3464 1065 3658 1135 Θῶμεν
3690 1068 3755 1135 τῇ

2170 1168 2379 1239 συνόδῳ
2426 1166 2519 1220 τὸν
2572 1165 2731 1233 λόγον
2779 1159 2920 1217 εἶναι
2965 1163 3094 1232 περὶ
3144 1160 3255 1216 τῶν
3313 1158 3516 1229 μερῶν.
3566 1157 3757 1226 Ὑμεῖς

2167 1262 2309 1316 διατί
2335 1262 2398 1315 ού
2436 1260 2625 1326 λέγετε
2669 1258 2765 1310 νῦν
2795 1256 2890 1309 τοῦ
2918 1254 3362 1323 ἀποτελέσματος
3400 1251 3528 1321 μίαν
3551 1249 3713 1317 φύσιν
3738 1266 3754 1313 ;

2168 1354 2417 1424 Λέγομεν
2452 1352 2589 1421 πρὸς
2634 1351 2853 1413 αὐτοὺς,
2879 1350 2960 1402 ὅτι
2987 1346 3204 1417 πρῶτον
3234 1344 3333 1414 μὲν
3358 1341 3593 1413 οὐδαμοῦ
3628 1341 3757 1409 φαί-

2168 1463 2351 1501 νονται
2393 1444 2555 1498 τοῦτο
2596 1444 2851 1511 λέγοντες
2878 1443 2927 1495 οἱ
2965 1440 3227 1508 Πατέρες.
3275 1439 3507 1491 Ἔπειτα
3531 1436 3606 1501 δὲ,
3636 1436 3756 1487 οὐδὲ

2165 1539 2260 1593 τοῦ
2303 1536 2784 1607 ἀποστελέσματος
2806 1575 2822 1598 ,
2851 1534 2907 1586 εἴ
2934 1550 3017 1595 τις
3043 1531 3291 1602 ἀκριϐῶς
3330 1529 3619 1599 σκοπήσοι,
3660 1528 3757 1598 μία

2167 1631 2315 1686 ἐστὶν
2334 1633 2368 1702 ἠ
2405 1629 2586 1700 φύσις,
2620 1626 2757 1683 ἀλλά
2788 1626 2901 1679 δύο.
2940 1623 3080 1677 Ἀλλ’
3102 1624 3245 1675 εἴποι
3271 1638 3356 1684 τις
3386 1622 3473 1685 ἂν,
3500 1620 3608 1673 Καὶ
3638 1619 3757 1679 πῶς

2166 1728 2268 1781 οὐκ
2310 1710 2618 1779 ἀντίκειται
2652 1722 2785 1792 ἡμῖν
2817 1718 2879 1771 τὸ
2913 1717 3271 1787 παράδειγμα
3303 1713 3397 1768 τοῦ
3441 1711 3754 1783 ἀνθρώπου,

2168 1820 2315 1883 ὅστις
2345 1820 2409 1871 ὲκ
2438 1817 2618 1887 ψυχῆς
2679 1813 2776 1867 καὶ
2815 1810 3066 1881 σώματος
3091 1809 3187 1873 ὣν,
3218 1808 3345 1878 μίαν
3376 1805 3489 1876 ἔχει
3516 1806 3616 1877 τὴν
3652 1804 3757 1872 φύ-

2171 1929 2285 1975 σιν,
2316 1911 2415 1980 ούχ
2442 1911 2525 1963 ὅτι
2571 1910 2629 1962 δὲ
2655 1906 2749 1960 δύο
2770 1945 2783 1970 ,
2818 1904 2894 1967 ὡς
2915 1904 3149 1973 λέγομεν
3178 1900 3323 1971 ἔχειν
3359 1902 3452 1953 τὸν
3485 1898 3753 1970 Χριστόν;

2171 2001 2315 2072 Πρὸς
2335 1999 2493 2054 τοῦτο
2515 1998 2771 2067 λέγομεν,
2794 1995 2876 2048 ὅτι
2903 1992 3045 2047 Λύτδ
3070 1992 3179 2062 γὰρ
3202 1990 3380 2054 τοῦτο,
3405 1989 3594 2058 ἐπειδὴ
3626 1988 3758 2058 μίαν

2170 2091 2334 2161 φύσιν
2378 2090 2616 2159 λέγομεν
2645 2086 2740 2140 τοῦ
2776 2082 3068 2156 ἀνθρώπου
3092 2123 3109 2147 ,
3158 2080 3251 2135 δύο
3274 2082 3330 2134 δὲ
3359 2080 3452 2134 τοῦ
3486 2076 3754 2149 Χριστοῦ.

2175 2185 2272 2235 Ὃν
2296 2180 2404 2252 γάρ
2431 2180 2589 2249 λόγον
2619 2179 2734 2248 ἔχει
2763 2179 2795 2247 ἡ
2830 2177 2929 2247 μία
2963 2174 3125 2244 φύσις
3151 2172 3246 2227 ἐπὶ
3275 2173 3374 2241 τῆς
3402 2170 3759 2232 ὑποστάσεως

2168 2273 2261 2329 τοῦ
2289 2272 2605 2346 ἀνθρώπου,
2628 2273 2719 2324 τὸν
2742 2270 2906 2323 αὐτὸν
2926 2268 3141 2339 ἔχουσιν
3168 2269 3223 2320 αἱ
3253 2265 3345 2319 δύο
3368 2264 3463 2317 ἐπὶ
3491 2265 3590 2335 τῆς
3620 2261 3757 2317 ύπο·

2172 2365 2420 2425 στάσεως
2444 2362 2539 2416 τοῦ
2574 2360 2835 2432 Χριστοῦ.

2243 2456 2353 2508 Καὶ
2402 2456 2488 2508 ἵνα
2534 2453 2704 2521 σαφὲς
2732 2452 2816 2521 εἴη
2844 2450 3138 2518 λεγόμενον
3159 2489 3174 2513 ,
3202 2444 3622 2517 ἐπαναληπτέον
3653 2443 3758 2508 τὰς

2172 2545 2569 2617 προλεχθείσας
2616 2544 2873 2614 ἀπορίας.
2921 2542 3036 2610 Τῆς
3079 2538 3411 2609 Ἐκκλησίας
3459 2534 3753 2605 λεγούσης,

2170 2642 2251 2694 ὅτι
2284 2640 2344 2691 Εἰ
2368 2638 2650 2707 ἀσύγχυτα
2680 2636 2869 2703 λέγετε
2901 2632 2971 2686 τὰ
3002 2632 3296 2693 ένωθέντα,
3355 2630 3452 2683 καὶ
3483 2626 3757 2693 σώζεσθαι

2167 2731 2268 2793 τὰς
2303 2728 2496 2797 φύσεις
2522 2726 2705 2780 αὐτῶν
2735 2725 2873 2797 μετά
2894 2724 2993 2795 τὴν
3019 2724 3233 2787 ἕνωσιν,
3265 2721 3362 2775 καὶ
3398 2720 3459 2774 τὸ
3490 2719 3588 2791 μὲν
3623 2718 3757 2787 θνη-

2166 2822 2280 2887 τὸν,
2308 2821 2370 2875 τὸ
2397 2820 2454 2874 δὲ
2476 2820 2768 2885 ἀθάνατον,
2790 2817 2884 2871 καὶ
2913 2819 3014 2870 ὅσα
3041 2814 3289 2881 τοιαῦτα,
3312 2812 3374 2879 ἐξ
3393 2814 3641 2882 ἀνάγκης
3660 2811 3757 2866 δύο

2169 2910 2362 2980 φύσεις
2388 2909 2641 2978 εἰσάγετε
2662 2924 2678 2939 ο
2710 2908 3002 2975 ἀντέλεγον
3044 2908 3266 2967 ἐκεῖνοι,
3299 2904 3380 2958 ὃτι
3420 2903 3574 2957 οὐδὲν
3622 2904 3755 2957 ἀτο-

2168 3022 2293 3068 πον,
2320 3004 2415 3057 καὶ
2437 3003 2720 3072 ἁσύγχυτα
2747 3000 2928 3069 λέγειν
2950 3000 3017 3053 τὰ
3043 2998 3333 3066 ὲνωθέντα,
3359 2998 3453 3051 καὶ
3484 2996 3757 3062 σώζεσθαι

2168 3098 2268 3161 τὰς
2303 3097 2497 3165 φύσεις
2539 3095 2723 3150 αὐτῶν
2754 3094 2891 3165 μετά
2923 3094 3021 3166 τὴν
3046 3093 3262 3159 ἕνωσιν,
3292 3093 3389 3147 καὶ
3431 3095 3559 3162 μίαν
3592 3090 3758 3161 φύσιν

489 3196 635 3261 sint;
673 3205 727 3250 et
759 3207 882 3267 post
909 3199 1192 3263 unionem,
1218 3200 1394 3253 salvas
1429 3215 1550 3253 esse
1578 3208 1804 3253 naturas
1832 3212 2025 3252 eorum
2048 3238 2061 3260 ,

2170 3190 2369 3242 εἰπεῖν.
2404 3188 2536 3241 Ἰδοὺ
2571 3186 2679 3258 γὰρ
2710 3186 2962 3256 λέγομεν,
2997 3185 3152 3254 φασὶ,
3186 3185 3313 3253 μίαν
3346 3184 3507 3252 φύσιν
3537 3183 3630 3237 τοῦ
3661 3184 3760 3237 ἀν-

483 3298 539 3342 et
562 3305 725 3342 unam
774 3290 1022 3358 profiteri
1067 3298 1339 3345 naturam.
1389 3291 1525 3345 Nam
1571 3305 1721 3352 ecce,
1779 3290 2062 3360 inquiunt,

485 3394 651 3433 unam
705 3378 946 3433 hominis
990 3388 1245 3434 naturam
1286 3380 1543 3446 dicimus,
1582 3390 1638 3436 et
1680 3382 1737 3436 in
1777 3396 1844 3437 eo
1882 3390 2063 3436 tamen

484 3468 788 3524 inconfusaa
812 3478 942 3524 sunt
972 3479 1156 3540 partes
1188 3472 1375 3527 unite.
1413 3473 1527 3527 Hoc
1569 3473 1824 3543 exemplo
1865 3472 1920 3527 in
1964 3488 2066 3526 an-

485 3570 703 3631 gustum
740 3563 895 3631 quasi
945 3564 1119 3618 coacti
1158 3564 1485 3619 defensores
1514 3565 1732 3635 synodi.
1772 3581 1831 3620 se
1874 3566 1929 3620 in
1962 3566 2065 3619 ho-

486 3647 636 3701 mine
691 3662 911 3717 quoque
953 3659 1183 3706 naturas
1239 3651 1397 3706 fateri
1446 3652 1586 3706 duas
1642 3653 1887 3708 aiebant.
1944 3654 2067 3709 Mox

486 3734 857 3791 'l'heodosiani
888 3754 901 3792 :
940 3738 997 3792 Si
1034 3740 1169 3794 duas
1198 3741 1439 3796 hominis
1480 3751 1704 3797 naturas
1733 3742 1937 3810 dicitis,
1972 3760 2068 3799 ne-

487 3842 642 3883 cesse
686 3837 771 3884 est
834 3830 1037 3887 Christi
1110 3842 1221 3889 tres
1268 3850 1390 3889 esse
1448 3834 1751 3891 fateamini.
1814 3837 2067 3892 Vicissim

486 3920 753 3992 synoditae
781 3940 794 3976 :
825 3921 881 3978 Si
908 3939 1008 3979 nos
1034 3925 1229 3997 cogitis
1258 3927 1444 3982 dicere
1474 3927 1753 3982 Christum
1788 3930 1965 3985 tribus
2010 3931 2067 3985 in

487 4013 722 4075 naturis,
752 4014 919 4069 etiam
976 4032 1073 4072 vos
1120 4033 1247 4071 eum
1291 4035 1356 4073 ex
1404 4020 1583 4075 tribus
1610 4022 1825 4075 naturis
1848 4022 2064 4077 dicetis.

485 4106 622 4161 Nam
673 4107 860 4164 dicitis
921 4124 1049 4164 eum
1119 4127 1186 4165 ex
1255 4111 1597 4167 humanitate
1666 4113 2067 4185 divinitateque

488 4208 764 4254 constare.
802 4200 1120 4256 Divinitatis
1152 4211 1335 4257 autem
1371 4220 1479 4259 una
1508 4212 1705 4259 natura
1731 4216 1834 4269 est,
1869 4207 2068 4261 huma-

487 4286 677 4342 nitatis
701 4288 844 4344 duae.
873 4291 1168 4346 Sciendum
1198 4301 1402 4359 tamen,
1426 4311 1495 4350 ex
1533 4298 1841 4354 assertione
1871 4299 2067 4370 synodi

487 4378 711 4447 quidem
741 4382 944 4453 colligi,
982 4392 1092 4439 tres
1130 4395 1358 4442 naturas
1384 4387 1495 4444 dici
1534 4407 1547 4442 :
1582 4390 1677 4445 sed
1703 4407 1864 4445 nona
1891 4392 2071 4447 Theo-

487 4472 731 4531 dosianis
799 4476 955 4543 illud,
1004 4495 1071 4533 ex
1145 4481 1343 4536 tribus.
1380 4482 1599 4537 Etenim
1654 4483 1712 4537 hi
1768 4485 2066 4553 tradentes,

2170 3280 2392 3353 θρώπου
2417 3296 2434 3310 ·
2465 3280 2559 3334 καὶ
2583 3279 2733 3349 ὅμως
2754 3277 3037 3348 ἀσύγχυτά
3057 3278 3195 3330 εἰσιν
3223 3277 3314 3329 ἐπὶ
3335 3275 3499 3330 αὐτοῦ
3525 3275 3596 3329 τά
3622 3277 3760 3328 ἐνω-

2168 3376 2349 3431 θέντα.
2384 3375 2529 3446 Πρὸς
2565 3374 2725 3427 τοῦτο
2753 3372 2814 3426 τὸ
2858 3372 3214 3442 παράδειγμα
3257 3368 3758 3441 στενοχωρούμενοι

2168 3473 2220 3525 oi
2250 3471 2357 3525 ἀπὸ
2385 3470 2485 3540 τῆς
2515 3467 2761 3533 συνόδου,
2789 3462 2964 3531 εἷπον,
2991 3466 3197 3520 ὄτιΚαὶ
3226 3466 3321 3518 ἐπὶ
3347 3464 3442 3518 τοῦ
3466 3463 3755 3535 ἀνθρώπου

2166 3563 2259 3619 δύο
2282 3562 2475 3632 φύσεις
2493 3560 2748 3631 λέγομεν.
2768 3555 2903 3612 Εἶτα
2920 3559 2968 3611 οί
2985 3556 3324 3611 Θεοδοσιανοί
3339 3573 3353 3587 ·
3372 3555 3582 3610 Οὐκοῦν
3599 3559 3647 3609 εί
3663 3556 3759 3609 δύο

2168 3657 2358 3727 φύσεις
2373 3652 2784 3725 τοῦιάνθρώπου
2799 3652 3010 3720 λέγετε,
3029 3652 3330 3720 ἀναγκαῖον
3351 3649 3600 3721 ήμᾶςτοῦ
3621 3651 3760 3720 Χρι-

2169 3749 2297 3804 στοῦ
2326 3750 2477 3819 τρεῖς
2505 3749 2701 3800 εἰπεῖν.
2725 3742 2863 3800 Εἶτα
2891 3745 3027 3816 πρὸς
3056 3744 3255 3806 αὐτοὺς
3283 3743 3453 3797 πάλιν
3470 3745 3517 3796 οί
3547 3743 3758 3795 συνοδῖ-

2166 3859 2287 3897 ται·
2310 3843 2372 3895 Et
2395 3839 2744 3908 ἀναγκάζετε
2767 3840 2916 3910 ἡμᾶς
2942 3840 3120 3891 εἰπεῖν
3143 3837 3235 3891 τὸν
3259 3836 3499 3909 Χριστὸν
3525 3837 3582 3889 ἐν
3605 3836 3757 3907 τρισὶ

2169 3936 2419 4006 φύσεσιν,
2459 3933 2658 3987 οὐκοῦν
2686 3932 2782 3986 καὶ
2834 3932 2995 4001 ὑμεῖς
3035 3932 3100 3985 ὲκ
3136 3930 3307 4002 τριῶν
3341 3931 3502 3985 αὑτὸν
3543 3930 3753 3997 λέγετε.

2168 4025 2371 4094 Λέγετε
2403 4023 2514 4095 γὰρ
2552 4023 2717 4077 αὑτὸν
2760 4023 2821 4087 ἐξ
2872 4023 3317 4094 ἀνθρωπότητος,
3353 4022 3449 4076 καὶ
3478 4022 3755 4091 θεότητος.

2168 4118 2279 4174 Καί
2313 4120 2429 4172 ἐστι
2463 4118 2563 4191 μὲν
2584 4117 2684 4187 τῆς
2714 4116 3136 4188 ἀνθρωπότητος
3164 4116 3259 4170 δύο
3283 4116 3496 4186 φύσεις,
3530 4118 3625 4169 καὶ
3654 4116 3759 4185 τῆς

2172 4210 2431 4281 θεότητος
2472 4210 2592 4281 μία.
2631 4210 2955 4279 Ἐπιστῆσαι
2993 4207 3133 4272 δέον,
3176 4209 3259 4262 ὅτι
3302 4210 3368 4279 τῇ
3424 4208 3521 4278 μὲν
3554 4209 3760 4278 συνόδῳ

2172 4300 2487 4368 συνάγεται,
2541 4300 2603 4353 τὸ
2639 4300 2820 4367 λέγειν
2859 4301 3009 4372 τρεῖς
3059 4299 3273 4369 φύσεις,
3310 4300 3493 4353 οὐκέτι
3536 4300 3594 4352 δὲ
3643 4304 3761 4364 τοῖς

2169 4392 2562 4457 Θεοδοσιανοῖς,
2595 4392 2660 4446 ὲκ
2691 4390 2883 4463 τριῶν.
2923 4391 3151 4445 Ἐκεῖνοι
3194 4392 3294 4461 μὲν
3326 4392 3433 4463 γάρ
3460 4391 3517 4457 ἐξ
3542 4392 3759 4462 ἀνθρω-

2172 4485 2405 4553 πότητος
2439 4484 2534 4538 καὶ
2566 4484 2820 4555 θεότητος
2843 4484 3081 4554 Χριστὸν
3110 4485 3385 4551 λέγοντες,
3422 4485 3552 4554 μίαν
3593 4484 3760 4552 φύσιν

486 4564 767 4622 Christum
806 4585 875 4624 ex
925 4570 1267 4627 humanitate
1333 4573 1737 4645 divinitateque
1794 4588 2066 4643 constare,

2170 4576 2393 4644 λέγουσι
2430 4576 2526 4630 τοῦ
2575 4576 2892 4645 ἀνθρώπου,
2938 4577 3100 4648 ἡμεῖς
3160 4576 3219 4630 δὲ
3257 4575 3369 4630 δύο.
3420 4578 3583 4630 Ὥστε
3627 4578 3760 4646 ὑμῖν

490 4666 746 4713 naturam
774 4660 1018 4717 hominis
1049 4679 1212 4719 unam
1235 4665 1427 4720 dicunt
1462 4684 1473 4719 :
1509 4682 1612 4721 nos
1642 4675 1849 4733 autem,
1883 4669 2020 4724 duas
2052 4687 2067 4737 ;

491 4767 605 4821 quo
637 4752 695 4806 [it
735 4762 796 4808 ut
840 4771 903 4809 ex
953 4756 1208 4813 doctrina
1250 4769 1463 4826 nostra,
1503 4776 1615 4815 non
1645 4761 1886 4828 illorum,
1919 4763 2072 4819 colli-

490 4851 669 4912 gatur,
731 4853 845 4899 tres
921 4855 1151 4901 naturas
1221 4849 1353 4905 dici.
1383 4850 1495 4905 Nos
1566 4852 1714 4907 enim
1786 4852 1924 4908 duas
1972 4855 2073 4909 ho-

491 4930 657 4986 minis
711 4943 938 4989 naturas
976 4934 1236 5003 dicimus,
1267 4948 1325 4993 et
1392 4955 1557 4993 unam
1615 4941 1917 4997 Sermonis.
1948 4943 2069 4998 Non

490 5033 673 5079 tamen
730 5026 837 5082 hoc
886 5027 1212 5097 simpliciter
1267 5030 1527 5097 dicimus,
1562 5032 1659 5087 sed
1712 5050 1877 5089 unam
1947 5052 2070 5092 esse

486 5122 739 5169 naturam
801 5116 1061 5181 hominis,
1089 5117 1227 5173 duas
1276 5119 1517 5187 Christi;
1580 5132 1635 5177 et
1690 5123 1796 5178 hoc
1844 5127 2069 5195 quidem

488 5204 654 5270 unde,
690 5208 1155 5279 cognoscendum.
1181 5210 1462 5281 Principia
1489 5213 1739 5282 quaedam
1791 5217 1963 5270 sacris
2015 5216 2072 5271 in

487 5295 714 5355 Litteris
750 5315 873 5355 esse
914 5302 1171 5367 dicimus,
1197 5318 1319 5373 quae
1375 5305 1521 5375 apud
1573 5322 1764 5362 omnes
1829 5308 1884 5361 in
1936 5324 2071 5364 con-

488 5388 635 5445 fesso
666 5391 799 5459 sint,
826 5410 1057 5466 quaeque
1079 5396 1292 5466 pariter
1310 5412 1340 5451 a
1361 5397 1523 5452 nobis
1549 5406 1607 5453 et
1637 5398 1772 5468 ipsis
1798 5400 2070 5469 recipian-

490 5489 598 5538 tur.
635 5484 715 5539 Ad
749 5485 869 5542 haec
892 5496 1192 5559 utrumque
1224 5489 1423 5560 dogma
1452 5490 1860 5555 examinemus,
1893 5492 2071 5562 quod-

489 5591 596 5645 que
622 5577 913 5648 principiis
936 5581 1235 5635 convenire
1255 5581 1809 5651 deprehenderimus,
1836 5584 1889 5637 id
1922 5591 2073 5638 recte

492 5677 871 5737 comparatum
902 5671 1114 5727 scilicet
1157 5671 1265 5726 erit
1300 5689 1313 5725 :
1346 5673 1493 5742 quod
1521 5672 1717 5727 iisdem
1757 5672 2075 5728 adversabi-

496 5764 607 5821 tur,
636 5773 737 5813 ceu
778 5762 919 5815 male
940 5770 1319 5832 comparatum
1351 5763 1505 5833 rejici
1532 5763 1756 5824 debere.
1780 5764 2073 5820 manifesto

495 5856 665 5915 patet.
688 5850 787 5907 Est
814 5852 981 5923 igitur
1003 5854 1056 5909 in
1083 5854 1359 5924 confesso,
1389 5855 1672 5912 Christum
1702 5856 1871 5914 fuisse
1898 5859 2071 5914 Deum

2174 4670 2469 4737 συνάγεται
2493 4668 2555 4721 τὸ
2586 4667 2767 4737 λέγειν
2800 4671 2951 4739 τρεῖς
2981 4668 3209 4738 φύσεις,
3242 4669 3342 4722 οὐκ
3373 4670 3622 4732 ἐκείνοις.
3654 4671 3761 4723 Δύο

2172 4762 2277 4831 γὰρ
2309 4760 2542 4831 λέγομεν
2591 4758 2685 4814 τοῦ
2729 4761 3058 4833 ἀνθρώπου,
3087 4762 3184 4815 καὶ
3231 4762 3361 4832 μίαν
3403 4763 3498 4816 τοῦ
3556 4765 3758 4830 Λόγου.

2186 4845 2405 4906 Ἀπλῶς
2441 4846 2499 4899 δὲ
2540 4846 2601 4899 ού
2644 4845 2901 4917 λέγομεν,
2930 4848 3046 4900 ἀλλ’
3074 4848 3158 4900 ὅτι
3195 4846 3294 4917 μία
3333 4848 3498 4917 φύσις
3524 4850 3640 4901 ἐστὶ
3664 4849 3760 4903 τοῦ

2172 4937 2489 5005 ἀνθρώπου,
2515 4937 2609 4990 δύο
2637 4938 2693 4991 δὲ
2718 4940 2774 4991 αί
2807 4937 2900 4992 τοῦ
2931 4938 3170 5009 Χριστοῦ
3197 4955 3212 4969 ο
3242 4941 3335 4992 καὶ
3372 4940 3535 4993 πόθεν
3575 4940 3758 5003 τοῦτο,

2170 5030 2467 5098 γνωστέον.
2508 5029 2775 5101 Λέγομεν,
2811 5031 2894 5082 ὅτι
2930 5032 3068 5083 εἰσιν
3128 5030 3293 5100 ἀρχαί
3326 5047 3472 5094 τινες
3504 5031 3655 5102 παρά
3690 5035 3761 5103 τῇ

2172 5123 2304 5194 άγὶᾳ
2346 5123 2538 5193 Γραφῇ
2564 5163 2579 5186 ,
2628 5122 2781 5193 παρά
2823 5124 2991 5176 πᾶσιν
3034 5122 3499 5193 ὁμολογούμεναι,
3551 5122 3617 5187 ἀς
3666 5126 3764 5177 καὶ

2171 5216 2334 5287 ἡμεῖς
2378 5217 2478 5270 καὶ
2522 5215 2678 5268 αὐτοὶ
2740 5214 3038 5286 δεχόμεθα.
3084 5214 3463 5283 Ἐξετάσωμεν
3517 5210 3611 5268 οὖν
3666 5217 3759 5270 ἐπὶ

2173 5307 2401 5371 ταύταις
2437 5307 2702 5378 ἑκάτερον
2730 5306 2907 5376 δόγμα
2928 5347 2943 5371 ,
2976 5307 3072 5361 καὶ
3102 5306 3131 5359 ὃ
3163 5306 3207 5360 δ’
3235 5308 3301 5361 ἂν
3328 5306 3581 5377 εὕρωμεν
3625 5325 3765 5376 συμ-
3814 5290 3826 5301 ’

2175 5397 2389 5468 φωνοῦν
2439 5401 2562 5462 ταῖς
2598 5401 2821 5471 ἀρχαῖς,
2877 5400 3055 5452 ἐκεῖνο
3098 5399 3342 5469 δηλονότι
3393 5399 3577 5463 καλῶς
3622 5400 3764 5469 ἔχει.

2174 5491 2248 5546 T'o
2279 5490 2337 5543 δὲ
2369 5491 2803 5559 ἐναντιούμενον,
2832 5493 3007 5545 ἐκεῖνο
3035 5491 3112 5555 ὡς
3142 5490 3327 5555 κακῶς
3346 5492 3469 5562 ἕχον
3495 5492 3768 5563 πρόδηλον

2175 5582 2251 5645 ὡς
2290 5581 2373 5634 δεῖ
2403 5580 2828 5635 ἀποϐάλλεσθαι.
2872 5581 3234 5654 Ὠμολὸγηται
3260 5582 3462 5643 τοίνυν.
3490 5584 3570 5636 ὅτι
3602 5583 3769 5646 αὐτὸς

2175 5669 2244 5744 ἦν
2271 5671 2404 5735 Θεὸς
2435 5672 2532 5725 καὶ
2554 5672 2863 5743 ἄνθρωπος,
2907 5673 3002 5727 καὶ
3026 5674 3109 5727 ὅτι
3142 5673 3312 5764 αὐτὸς
3342 5674 3548 5745 κυρίως
3602 5673 3763 5738 Θεὸς,

2176 5764 2272 5820 καὶ
2301 5764 2507 5834 κυρίως
2551 5764 2875 5835 ἄνθρωπος·
2924 5765 3020 5819 καὶ
3064 5767 3147 5819 ὅτι
3199 5765 3363 5830 αὐτὸς
3399 5765 3559 5835 φύσει
3602 5764 3763 5827 Θεὸς,

2176 5859 2274 5915 καὶ
2324 5855 2488 5927 φύσει
2534 5856 2853 5929 ἄνθρωπος’
2895 5859 2987 5913 καὶ
3027 5859 3109 5913 ὅτι
3143 5859 3304 5924 αὐτὸς
3356 5856 3643 5929 ὀμοούσιος
3679 5854 3767 5930 τῷ
