4148 6488
441 452 579 518 1949
1636 461 1735 522 DE
1777 461 2056 522 SECTIS.
2085 488 2154 498 —-
2190 464 2352 527 ACT.
2393 468 2527 530 VII.
3567 474 3714 544 12ὂῦ

437 567 636 638 Πατρὶ,
671 565 770 621 καὶ
810 565 1099 637 ὁμοούσιος
1124 568 1291 638 ἡμῖν·
1344 570 1439 622 καὶ
1472 569 1553 623 ὅτι
1594 570 1759 633 αὑτὸς
1794 564 1875 632 εἷς
1910 569 1980 639 τῆ

2080 571 2763 645 ,etbominem;proprie
2812 577 2985 633 Deum
3037 580 3319 649 eumdem,
3377 592 3433 639 et
3488 588 3713 656 proprie

436 658 600 725 ἁγίας
626 657 880 728 Τριάδος,
916 657 1010 710 καὶ
1040 652 1119 721 εἷς
1149 658 1210 721 ἐξ
1242 658 1398 729 ἡμῶν
1419 676 1433 691 ο
1471 661 1565 712 καὶ
1585 660 1665 712 ὅτι
1688 659 1821 722 Θεὸς
1845 658 1980 728 Λόγο

2126 665 2407 722 hominem
2433 686 2448 735 ;
2479 677 2673 724 natura
2709 669 2879 725 Deum
2903 672 3182 738 eumdem,
3216 684 3273 729 et
3297 652 3503 731 natura
3528 652 3711 735 ho—mi-

434 753 670 819 ἠξίωσεν
691 751 981 822 ἄνθρωπος
1001 751 1289 819 γενέσθαι·
1321 758 1415 807 καὶ
1431 753 1568 808 ἄλλα
1595 752 1769 808 πολλὰ
1791 752 1977 806 τοιαῦτ

2124 773 2249 812 nem
2274 777 2290 813 :
2313 761 2477 815 unius
2494 764 2748 819 eumdem
2776 780 2900 819 cum
2926 765 3090 821 Patre
3112 775 3347 832 naturae,
3373 780 3429 824 et
3454 772 3707 841 ejusdem

434 844 746 913 εὑρήσομεν
786 844 843 895 ὲν
866 845 931 913 τῇ
965 841 1097 912 ἁγίᾳ
1115 842 1329 913 Γραφῇ.

2122 857 2335 905 natura:
2370 853 2659 908 nobiscum
2700 872 2715 908 ι
2772 872 2943 910 unum
2992 857 3059 912 de
3093 869 3280 914 sancta
3308 860 3601 925 Trinitate,
3643 880 3709 920 ac

434 952 604 991 unum
654 937 723 990 de
754 935 918 991 nobis
951 952 964 988 ε
1002 935 1259 1007 quodque
1286 937 1432 991 Deus
1459 936 1652 993 Sermo
1681 936 1941 1009 dignatus
1974 940 2048 995 sit
2076 940 2243 997 homo
2265 943 2383 999 ﬁeri
2415 962 2428 999 :
2470 947 2577 1001 alia
2627 946 2868 1017 denique
2899 950 3058 1019 plura
3092 952 3222 1005 talia
3282 955 3459 1008 sacris
3493 955 3551 1009 in
3590 956 3707 1010 Lit-

433 1036 567 1089 teris
596 1032 959 1104 reperiemus.

512 1125 893 1195 Ἐξετάσωμεν
940 1119 1033 1179 οῦν
1075 1124 1170 1179 5111
1224 1124 1451 1190 ταύταις
1500 1126 1763 1198 ἑκάτερον
1817 1128 1980 1198 δόγμα

2202 1126 2330 1181 Vill.
2357 1127 2751 1182 Examinemus
2775 1127 2941 1198 igitur
2961 1128 3029 1182 ad
3062 1128 3167 1183 ista
3190 1130 3461 1201 principia
3492 1142 3705 1190 utrum-

430 1220 524 1273 καὶ
558 1222 775 1290 πρῶτον
808 1221 900 1273 5111
929 1221 1028 1289 τῆς
1065 1220 1195 1288 μιᾶς
1222 1219 1463 1290 φύσεως,
1488 1222 1588 1274 καὶ
1622 1223 1673 1274 εί
1709 1222 1807 1291 μὲν
1839 1222 1980 1274 καλᾶ

2118 1234 2227 1287 que
2261 1218 2479 1289 dogma,
2522 1228 2577 1273 et
2608 1221 2850 1290 primum
2877 1224 3013 1275 adeo
3045 1221 3113 1277 de
3148 1238 3258 1276 una
3284 1233 3483 1279 natura
3513 1243 3527 1292 ;
3553 1228 3702 1296 quod

427 1313 544 1384 ἔχῃ,
587 1312 868 1382 δεξώμεθα
894 1327 910 1343 ·
947 1313 996 1365 εί
1039 1312 1096 1364 δὲ
1138 1312 1346 1377 κακῶς,
1390 1312 1816 1383 ἀποϐαλώμεθα.
1858 1314 1980 1366 ’Υπε

2116 1311 2161 1363 si
2192 1310 2333 1364 belle
2360 1312 2609 1374 habebit,
2638 1313 3086 1382 acceptabimus:
3118 1316 3202 1369 sin
3237 1325 3445 1380 autem,
3488 1320 3704 1389 rejicie-

427 1407 733 1459 κείσθωσαν
758 1402 850 1459 οὖν
879 1405 1008 1475 τρία
1034 1405 1178 1468 τινὰ,
1219 1406 1390 1476 ψυχαὶ
1421 1406 1632 1469 ἁπλῶς,
1664 1408 1757 1460 καὶ
1782 1406 1980 1476 σώματη

2114 1419 2255 1458 mus.
2294 1403 2419 1459 Sint
2460 1405 2628 1477 igitur
2682 1406 2786 1460 tria
2833 1407 3081 1476 quaedam
3139 1408 3339 1477 posita,
3374 1410 3700 1481 simpliciter

428 1497 635 1560 ἁπλῶς,
668 1498 761 1551 καὶ
794 1496 1070 1568 ἄνθρωποι
1102 1497 1560 1561 ἀποτελεσθέντες
1581 1515 1595 1530 ·
1628 1499 1886 1561 λαϐόντες
1915 1494 1974 1552 οὗ

2111 1498 2336 1558 animae,
2373 1506 2430 1552 et
2465 1513 2703 1568 corpora
2742 1499 3089 1568 simpliciter,
3125 1509 3182 1554 et
3208 1501 3462 1557 homines
3489 1502 3702 1557 absolu-

426 1593 585 1661 ἡμεῖς
612 1593 675 1644 ὲκ
711 1592 918 1644 τούτων
949 1591 1078 1660 μίαν
1105 1590 1317 1662 ψυχὴν,
1362 1592 1460 1645 καὶ
1485 1591 1543 1645 ἒν
1587 1592 1767 1662 σῶμα,
1809 1593 1978 1646 ἀποτε

2109 1590 2148 1642 ti
2174 1606 2418 1661 :nosque
2440 1601 2656 1661 sumpta
2688 1592 2755 1647 de
2780 1592 2866 1647 his
2891 1593 3071 1647 anima
3100 1610 3207 1648 una
3230 1603 3280 1649 et
3307 1611 3420 1649 uno
3441 1611 3698 1665 corpore,

424 1682 669 1752 λέσωμεν
706 1682 798 1735 τόν
831 1700 956 1736 τινα
993 1683 1304 1755 ἄνθρωπον,
1332 1682 1494 1753 τυχὸν
1524 1683 1615 1736 τὸν
1638 1684 1864 1756 Πέτρον.
1897 1687 1980 1739 Κα

2107 1684 2400 1751 quemdam
2454 1684 2735 1738 hominem
2785 1683 3124 1750 eﬁiciamus,
3162 1694 3295 1754 puta
3348 1687 3594 1742 Petrum.
3650 1689 3701 1743 ls

421 1775 529 1827 οὐδ’
560 1775 626 1829 ἂν
657 1774 910 1847 εὑρεθείη
948 1776 1091 1847 ἔχων
1135 1777 1237 1848 τὴν
1277 1777 1441 1846 φύσιν
1474 1776 1723 1840 ἐκείνων,
1760 1777 1980 1849 δηλονότ

2104 1790 2259 1841 vero,
2291 1775 2508 1830 tametsi
2568 1786 2824 1831 naturam
2871 1792 3066 1831 eorum
3117 1777 3327 1833 habere
3380 1779 3697 1850 deprehen-

417 1867 706 1937 ὁμοούσιόν
729 1870 878 1920 ἐστιν
904 1867 1233 1939 ἀνθρώποις.
1279 1869 1336 1922 '0
1367 1870 1547 1923 τοίνυν
1572 1870 1777 1942 Πέτρος
1805 1872 1977 1923 ἁποτε

2106 1865 2289 1932 datur,
2326 1868 2576 1937 ejusdem
2630 1876 2811 1922 tamen
2850 1869 3173 1923 substantiae
3226 1886 3351 1925 cum
3375 1871 3697 1927 hominibus

419 1960 653 2025 150051;,
688 1962 811 2015 οὑδὲ
832 1965 953 2026 ταῖς
990 1962 1191 2032 ψυχαῖς
1223 1964 1370 2016 ἐστιν
1398 1963 1707 2034 ὁμοούσιος,
1738 1964 1857 2017 οὐδὲ
1888 1966 1980 2017 τοῖς

2103 1974 2215 2012 non
2232 1960 2361 2014 erit.
2382 1960 2574 2014 Petrus
2588 1961 2735 2015 enim
2753 1961 3060 2026 absolutus,
3080 1978 3182 2017 nec
3194 1964 3440 2033 ejusdem
3457 1974 3543 2021 est
3565 1983 3692 2022 eum

419 2053 688 2124 σώμασιψ
718 2055 838 2109 οὐδὲ
863 2055 1066 2127 κυρίως
1091 2056 1259 2127 ψυχὴ,
1277 2057 1398 2110 0665
1428 2057 1631 2128 κυρίως
1661 2057 1841 2128 σῶμα.
1868 2057 1980 2111 Οὐδ]

2112 2052 2313 2107 animis
2338 2062 2570 2117 naturae,
2596 2070 2699 2108 nec
2738 2055 2989 2125 ejusdem
3025 2071 3149 2110 cum
3191 2057 3519 2126 corporibus
3547 2077 3559 2111 :
3589 2076 3693 2116 nec

417 2143 527 2214 γὰρ
559 2145 618 2198 ὃν
650 2144 718 2198 ἂν
744 2144 902 2213 λόγον
940 2145 1125 2217 ἁποδῷ
1150 2164 1233 2209 τις
1260 2148 1358 2216 τῆς
1394 2147 1572 2217 ψυχῆς
1592 2190 1606 2211 ,
1636 2148 1668 2217 ἢ
1701 2147 1795 2201 τοῦ
1822 2147 1979 2217 σῶμα

2106 2145 2289 2199 anima
2349 2148 2596 2216 proprie,
2644 2162 2748 2201 nec
2814 2147 3034 2217 proprie
3078 2164 3300 2218 corpus.
3359 2150 3481 2205 Non
3540 2153 3689 2207 enim

416 2252 525 2299 10;,
566 2235 659 2288 16v
690 2236 853 2288 αὑτὸν
895 2237 1192 2290 ἀποδίδωσι
1236 2238 1447 2308 Πέτρου
1478 2255 1492 2268 ·
1536 2238 1672 2291 ἀλλὰ
1707 2239 1813 2292 τίνι
1856 2240 1980 2293 ἐστὶι

2104 2251 2227 2305 qua:
2269 2238 2518 2306 corporis
2548 2247 2643 2292 aut
2682 2239 2881 2294 animae
2910 2240 3049 2294 tradi
3075 2241 3324 2296 deﬁnitio
3351 2251 3530 2312 potest
3556 2261 3569 2309 ;
3600 2261 3692 2299 ea-

415 2325 702 2395 όμοούσιος
744 2329 858 2390 τοῖς
908 2326 1221 2396 ἀνθρώποις
1294 2328 1541 2395 (ἐκείνων
1591 2328 1701 2400 γὰρ
1740 2329 1829 2382 τὸν
1877 2331 2003 2400 ὅρον

415 2418 765 2490 ἐπιδέχεται),
798 2420 892 2473 καὶ
939 2420 1066 2475 ἄλλο
1106 2421 1162 2473 τί
1211 2421 1326 2474 5011
1362 2420 1512 2490 παρὰ
1543 2421 1641 2491 τὴν
1674 2421 1877 2491 ψυχὴν,
1910 2422 2003 2477 καὶ

414 2512 474 2567 τὸ
506 2513 684 2584 σῶμα.
723 2514 1009 2584 Ἕλθωμεν
1046 2514 1139 2567 5111
1168 2512 1265 2565 τοῦ
1301 2511 1574 2583 Χριστοῦ·
1610 2512 1869 2581 ἀναλογεῖ
1892 2512 2000 2585 γὰρ

412 2606 546 2679 παρ’
575 2608 760 2671 αὐτοῖς
783 2610 815 2679 ἡ
850 2610 950 2678 μὲν
983 2606 1179 2676 θεότης
1203 2609 1270 2677 τῇ
1298 2605 1467 2676 ψυχῇ,
1494 2607 1526 2676 ἡ
1554 2605 1609 2657 δὲ
1636 2603 2000 2676 ἀνθρωπότης

409 2700 487 2771 τῷ
523 2700 762 2773 σώματι.
813 2701 1024 2755 υὺκοῦν
1070 2702 1098 2753 6
1146 2699 1385 2771 Χριστὸς
1432 2698 1554 2751 οὑδὲ
1594 2696 1883 2767 ὁμοοὺσιος
1919 2697 1999 2768 τῷ

409 2796 604 2867 Πατρὶ,
633 2795 757 2848 0665
800 2794 1088 2863 ὀμοοὺσιος
1128 2795 1287 2864 ἡμῖν’
1334 2790 1529 2862 ὥσπερ
1580 2787 1675 2845 οὑν
1706 2791 1799 2845 καὶ
1829 2792 1857 2843 ὁ
1889 2790 1991 2843 Πέ-

406 2908 534 2961 τρος
575 2891 698 2944 0665
739 2888 1027 2961 ὀμοοὺσιός
1065 2891 1183 2942 ἐστι
1235 2889 1302 2959 τῇ
1342 2886 1511 2958 ψυχῇ,
1544 2886 1666 2939 0665
1704 2884 1993 2956 69.006010;

404 2977 485 3046 τῷ
507 2976 744 3048 σώματι.
774 2976 987 3031 Οὐκοῦν
1016 2977 1111 3031 καὶ
1139 2977 1169 3029 6
1192 2975 1427 3048 X91016;
1453 2975 1576 3028 0665
1609 2974 1815 3045 κυρίως
1836 2974 1990 3038 Θεὸς,

402 3070 526 3124 0665
562 3071 765 3142 κυρίως
799 3071 1118 3140 ἄνθρωπος·
1151 3070 1277 3124 0665
1308 3068 1468 3138 φύσει
1499 3068 1652 3131 Θεὸς,
1686 3067 1806 3120 0665
1830 3066 1991 3135 φύσει

404 3163 692 3233 ἄνθρωπος
712 3179 727 3194 ’
765 3162 889 3216 οὔτε
916 3158 999 3227 εἷς
1032 3164 1130 3235 τῆς
1174 3163 1337 3229 ἁγίας
1364 3160 1620 3232 Τριάδος,
1657 3159 1785 3213 οὒτε
1820 3155 1901 3224 εἷς
1931 3160 1989 3224 ἐξ

402 3254 560 3326 ἡμῶν
584 3270 597 3284 ·
648 3253 838 3325 ὥσπερ
871 3251 965 3307 οὗν
1008 3255 1104 3307 καὶ
1134 3255 1161 3307 6
1196 3253 1406 3324 Πέτρος
1440 3251 1564 3305 0665
1599 3245 1683 3313 εἷς
1712 3252 1830 3305 ἐστι
1877 3250 1987 3311 τῶν
2014 3283 2057 3342 C

399 3348 605 3419 ψυχῶν,
640 3348 761 3401 0665
790 3342 872 3411 εἷς
903 3348 1010 3400 τῶν
1037 3346 1326 3417 σωμάτων.
1359 3344 1440 3399 Τὰ
1457 3344 1514 3397 δὲ
1544 3342 1773 3397 τοιαῦτα
1804 3342 1985 3411 λέγειν

402 3443 497 3497 ἐπὶ
523 3441 617 3496 τοῦ
648 3439 914 3514 Χριστοῦ,
946 3439 1157 3493 ἀνελεῖν
1193 3440 1341 3491 ἐστιν
1370 3436 1436 3500 ἃς
1468 3436 1666 3507 ἔχομεν
1695 3434 1985 3505 ὡμολογη-

403 3536 570 3607 μένας
594 3536 793 3606 ἀρχὰς,
834 3535 974 3604 ὅπερ
996 3532 1218 3587 ἄτοπον.
1253 3531 1315 3584 Εί
1347 3529 1404 3583 65
1432 3529 1527 3582 δύο
1549 3529 1744 3598 φύσεις
1765 3526 1983 3580 ὑποθὼ-

401 3627 542 3695 μεθα
578 3626 725 3697 ἔχειν
754 3626 846 3680 τὸν
890 3623 1151 3696 Χριστὸν,
1198 3622 1348 3675 οὐδὲν
1390 3620 1599 3674 τούτων
1640 3618 1983 3690 ἀναιροῦμεν

397 3716 506 3769 τῶν
546 3717 752 3788 ἀρχῶν.
785 3715 922 3770 ἀλλὰ
962 3714 1144 3768 πάντα
1179 3710 1581 3783 συμφωνοῦντα
1622 3711 1976 3781 εὑρίσκομεν.

412 3806 469 3860 '0
507 3808 670 3872 αὑτὸς
703 3807 812 3879 γὰρ
839 3808 934 3860 καὶ
960 3806 1093 3869 Θεός
1132 3805 1272 3868 ὲστι,
1322 3804 1417 3858 καὶ
1445 3803 1734 3875 ἄνθρωπος
1758 3819 1773 3834 ο
1825 3804 1919 3857 καὶ
1951 3803 1980 3855 6

396 3900 561 3964 αὐτὸς
585 3900 871 3971 ὁμοούσιος
892 3898 970 3970 τῷ
996 3898 1205 3969 Πατρὶ,
1237 3900 1330 3951 καὶ
1369 3898 1653 3967 όμοούσιος
1688 3898 1852 3967 ἡμῖν·
1884 3896 1978 3950 καὶ

395 3992 600 4063 κυρίως
627 3992 780 4057 Θεὸς,
817 3992 910 4046 καὶ
948 3992 1152 4063 κυρίως
1175 3991 1483 4061 ἄνθρωπος,
1508 3989 1603 4044 καὶ
1636 3988 1796 4059 φύσει
1824 3988 1976 4055 Θεὸς,

398 4083 493 4136 καὶ
524 4083 683 4153 φύσει
714 4082 1026 4154 ἄνθρωπος⁸
1054 4083 1148 4136 καὶ
1174 4077 1256 4146 εἷς
1284 4083 1383 4152 τῆς
1412 4082 1573 4151 ἁγίας
1600 4081 1852 4152 Τριάδος,
1884 4081 1977 4134 καὶ

394 4171 475 4237 εἷς
520 4176 579 4240 ἐξ
634 4176 813 4246 ἡμῶν.
868 4175 932 4227 Ἠ
970 4175 1108 4245 αὑτὴ
1160 4172 1270 4246 γὰρ
1307 4174 1604 4237 ὑπόστασις
1643 4174 1783 4235 τοὺς»
1820 4173 1976 4243 ὅρους

392 4268 500 4320 τών
551 4266 644 4320 δύο
699 4268 914 4337 φύσεων
963 4267 1301 4337 ἐπιδέχεται·
1362 4266 1458 4319 καὶ
1502 4264 1561 4317 ὃν
1610 4264 1655 4318 δ’
1707 4264 1773 4317 ἂν
1816 4264 1974 4332 λόγον

392 4357 579 4430 ἀποδῷ
614 4376 698 4422 τις
722 4358 824 4427 τῆς
852 4358 1107 4429 θεότητος
1128 4396 1144 4421 ,
1169 4356 1259 4410 τὸν
1291 4357 1455 4411 αὑτὸν
1481 4355 1726 4426 εὑρίσκει
1756 4354 1849 4408 καὶ
1881 4353 1974 4408 51:1

390 4449 484 4503 τοῦ
510 4450 750 4520 Χριστοῦ
769 4468 782 4482 ο
809 4450 904 4503 καὶ
928 4451 987 4503 ὃν
1010 4450 1056 4503 δ’
1085 4449 1152 4503 ἂν
1175 4448 1358 4520 ἀποδῷ
1386 4448 1483 4518 τῆς
1514 4446 1934 4519 ἀνθρωπότητος
1953 4486 1968 4508 ,

389 4539 481 4591 τὸν
509 4540 670 4593 αὑτὸν
706 4539 951 4609 εὑρίσκει
986 4540 1079 4592 καὶ
1108 4540 1201 4591 5111
1238 4540 1337 4608 τῆς
1378 4536 1566 4600 οὑσίας
1595 4536 1691 4589 τοῦ
1730 4533 1968 4605 Χριστοῦ

2103 2328 2227 2383 dem
2257 2337 2313 2383 et
2335 2330 2483 2383 Petri
2510 2330 2742 2383 traditur
2770 2348 2781 2384 :
2809 2333 2903 2387 sed
2931 2332 3117 2402 aliquo
3146 2344 3308 2389 tenus
3334 2336 3579 2405 ejusdem
3605 2344 3692 2390 est

2102 2420 2428 2476 substantia:
2453 2438 2579 2477 cum
2606 2423 2930 2480 hominibus
2967 2425 3115 2496 (nam
3150 2427 3373 2481 illorum
3412 2427 3691 2483 deﬁnitio-

2101 2528 2229 2567 nem
2258 2530 2481 2584 quoque
2501 2515 2745 2586 recipit),
2771 2524 2828 2571 et
2851 2506 3133 2571 diversum
3180 2517 3444 2586 quiddam
3470 2528 3554 2574 est
3577 2529 3687 2573 tam

2099 2605 2168 2659 ab
2197 2605 2378 2661 anima
2412 2622 2577 2676 quam
2608 2624 2864 2677 corpore.
2902 2608 3061 2663 Nunc
3082 2608 3148 2663 ad
3174 2608 3460 2664 Christum
3494 2612 3689 2666 venia-

2098 2712 2223 2752 mus
2253 2716 2266 2751 :
2296 2700 2501 2771 quippe
2524 2701 2825 2771 respondet
2843 2701 2986 2771 apud
3008 2703 3157 2772 ipsos
3177 2702 3442 2759 divinitas
3466 2706 3684 2770 animm,

2096 2786 2413 2844 humanitas
2435 2790 2677 2859 corpori.
2711 2790 2965 2846 Christus
2992 2806 3125 2862 ergo
3150 2807 3254 2847 nec
3282 2793 3531 2863 ejusdem
3559 2810 3683 2849 cum

2095 2877 2277 2941 Patre,
2304 2894 2408 2933 nec
2429 2880 2677 2949 ejusdem
2705 2879 2995 2934 nobiscum
3016 2888 3101 2934 est
3118 2880 3443 2937 substantia
3460 2898 3474 2935 :
3492 2898 3687 2953 quem-

2093 2969 2392 3025 admodum
2437 2981 2493 3026 et
2540 2973 2735 3027 Petrus
2767 2988 2870 3027 nec
2907 2973 3157 3043 ejusdem
3187 2984 3273 3029 est
3322 2990 3449 3029 cum
3476 2977 3681 3041 anima,

2092 3079 2195 3118 nec
2224 3064 2469 3134 ejusdem
2497 3080 2622 3119 cum
2651 3081 2884 3136 corpore
2916 3066 3260 3121 substantiae.
3305 3067 3682 3134 Quamobrem

2090 3163 2145 3209 et
2166 3154 2421 3211 Christus
2444 3172 2547 3212 nec
2568 3157 2788 3227 proprie
2810 3158 2956 3212 Deus
2980 3165 3085 3222 est,
3105 3173 3209 3212 nec
3232 3159 3455 3229 proprie
3476 3160 3641 3216 homo
3664 3179 3680 3229 ;

2089 3260 2193 3299 nec
2225 3246 2370 3300 Deus
2408 3254 2631 3310 natura,
2658 3262 2763 3302 nec
2783 3256 2979 3302 natura
3014 3246 3219 3316 homo;
3248 3264 3351 3303 nec
3388 3266 3530 3305 unus
3552 3267 3682 3306 san-

2090 3346 2191 3392 cta:
2213 3336 2524 3405 Trinitatis,
2545 3353 2651 3393 nec
2682 3354 2827 3393 unus
2856 3354 2925 3393 ex
2952 3339 3129 3407 jnobis
3156 3356 3171 3393 :
3207 3340 3352 3395 sicut
3382 3349 3437 3395 et
3485 3342 3682 3398 Petrus

2087 3444 2191 3483 nec
2212 3444 2355 3483 unus
2375 3445 2442 3483 ex
2479 3430 2678 3484 animis
2707 3436 2816 3493 est,
2843 3445 2947 3484 nec
2976 3446 3122 3485 unus
3155 3446 3220 3485 ex
3246 3433 3592 3500 corporibus.
3612 3433 3681 3487 At

2088 3520 2404 3591 hujusmodi
2442 3522 2512 3576 de
2544 3521 2768 3576 Christo
2789 3520 2995 3585 dicere,
3023 3521 3163 3575 nihil
3195 3531 3280 3576 est
3315 3522 3469 3575 aliud
3509 3538 3676 3591 quam

2086 3612 2397 3667 indubitata
2422 3613 2693 3683 principia
2711 3629 2832 3682 qua:
2852 3613 3139 3675 habemus,
3157 3613 3507 3679 subvertere;
3528 3616 3676 3684 quod

2083 3705 2387 3759 absurdum
2412 3704 2600 3758 fuerit.
2630 3704 2701 3758 At
2719 3720 2849 3758 vero
2867 3705 2911 3760 si
2955 3705 3239 3761 Christum
3285 3706 3426 3760 duas
3468 3707 3676 3763 habere

2080 3808 2309 3854 naturas
2334 3798 2612 3862 dabimus,
2634 3798 2846 3853 nullum
2869 3815 2935 3853 ex
2964 3800 3116 3855 hisce
3142 3800 3432 3870 principiis
3461 3803 3672 3856 everti-

2080 3907 2223 3957 mus,
2242 3891 2337 3946 sed
2358 3891 2542 3945 omnia
2562 3891 2921 3945 consonantia
2946 3892 3273 3960 reperimus.
3294 3892 3443 3946 idem
3457 3894 3603 3946 enim
3619 3904 3676 3947 et

2079 3984 2223 4039 Deus
2242 3993 2413 4049 est,et
2438 3984 2635 4038 homo:
2658 3984 2800 4038 idem
2822 3984 3067 4055 ejusdem
3090 4000 3214 4039 cum
3235 3985 3397 4039 Patre
3417 3984 3675 4038 substan-

2077 4076 2187 4141 tim,
2206 4075 2519 4146 etejusdem
2532 4075 2855 4130 substantiae
2870 4076 3154 4129 nobiscum
3172 4094 3183 4127 :
3202 4076 3422 4145 proprie
3433 4076 3599 4138 Deus,
3615 4088 3672 4132 et

2086 4166 2312 4235 proprie
2345 4165 2511 4219 homo
2536 4182 2548 4218 ε
2574 4174 2773 4219 natura
2808 4165 3050 4228 Deus,et
3076 4173 3274 4218 natura
3296 4165 3496 4219 homo:
3526 4182 3670 4220 unus

2077 4265 2278 4312 sancta:
2299 4256 2607 4322 Trinitatis,
2631 4265 2687 4311 et
2707 4272 2852 4310 unus
2879 4272 2946 4310 ex
2983 4256 3161 4311 nobis.
3196 4255 3331 4310 Nam
3356 4256 3547 4311 eadem
3573 4257 3670 4328 hy-

2072 4351 2309 4420 postasis
2332 4351 2565 4405 duarum
2610 4359 2931 4404 naturarum
2972 4348 3324 4404 deﬁnitiones
3347 4350 3543 4420 recipit
3571 4369 3582 4403 :
3610 4361 3667 4405 et

2072 4442 2444 4511 quodcunque
2467 4443 2534 4497 de
2564 4442 2854 4496 divinitate
2875 4442 2999 4511 quis
3025 4442 3339 4511 protulerit,
3360 4441 3504 4496 idem
3533 4452 3589 4496 et
3609 4443 3665 4496 in

2071 4534 2296 4590 Christo
2334 4534 2546 4590 invenit
2576 4552 2588 4588 ι
2616 4550 2681 4590 ac
2723 4533 2964 4589 vicissim
2991 4534 3261 4605 quidquid
3306 4533 3375 4589 de
3412 4534 3668 4589 humani-

391 4635 511 4685 κατ’
543 4632 733 4686 οὐσίαν
759 4632 1105 4703 ἁρμόζονταο
1139 4631 1281 4685 ὥστε
1315 4629 1374 4694 ἐξ
1402 4630 1646 4700 ἀνάγκης
1668 4628 1761 4681 δύο
1782 4628 1974 4699 φύσεις

2084 4634 2194 4681 tate
2228 4626 2450 4692 dixerit,
2490 4626 2636 4681 idem
2667 4626 2795 4680 etin
2819 4625 3131 4682 substantia
3177 4624 3383 4680 Christi
3428 4626 3661 4688 invenit,

390 4721 530 4779 εἶναι
560 4724 661 4796 τῆς
687 4728 818 4794 μιᾶς
852 4725 1204 4786 ὑποστάσεως
1232 4721 1324 4776 τοῦ
1359 4720 1616 4793 Χριστοῦ.

470 4902 766 4975 ’Δποροῦσι
800 4901 878 4965 δὲ,
922 4901 1173 4971 λέγοντες
1202 4918 1217 4933 ·
1252 4898 1367 4955 Καὶ
1390 4900 1509 4964 πῶς
1552 4899 1647 4955 5111
1693 4898 1814 4963 ἑνὸς
1845 4899 1969 4952 616-

386 5013 490 5065 μου
532 4994 629 5049 δύο
666 4994 817 5048 ἔστιν
845 4996 1060 5065 εὑρείν;
1100 4992 1247 5058 Πῶς,
1289 4991 1623 5062 ὲπιλυόμεθα
1665 4992 1742 5061 τῷ
1784 5008 1967 5060 παρα-

381 5084 538 5156 δόεῳ.
583 5086 707 5139 Ὅτι
755 5086 816 5139 οὑ
856 5085 918 5139 τὸ
967 5084 1253 5154 γεγονέναι
1294 5100 1348 5136 τι
1403 5081 1707 5153 παράδοξον
1740 5082 1834 5135 5111
1870 5082 1965 5136 τοῦ

382 5177 647 5250 Χριστοῦ,
684 5177 886 5231 ἄτοπον
908 5192 922 5207 ο
957 5174 1095 5230 ἀλλὰ
1136 5175 1198 5228 τὸ
1231 5173 1526 5244 ψεύδεσθαι
1572 5173 1668 5228 καὶ
1708 5176 1826 5237 ταῖς
1861 5174 1965 5245 ἀρ-

380 5272 501 5340 χαῖς
532 5266 933 5331 ἐναντιοῦσθαι,
987 5266 1150 5320 τοῦτο
1191 5265 1391 5321 ἄτοπόν
1426 5267 1594 5318 ἐστιν.
1638 5264 1838 5319 Ἰστέον
1882 5264 1960 5329 δὲ,

378 5362 599 5423 ὃτιτυῖς
653 5359 784 5429 μίαν
831 5357 994 5428 φύσιν
1047 5357 1363 5421 δοξάζουσιν
1416 5356 1511 5409 5111
1566 5354 1850 5427 Χριστοῦ,
1905 5352 1965 5419 ἐξ

376 5455 623 5524 ἀνάγκης
675 5451 993 5520 συνάγεται,
1045 5451 1078 5523 ἢ
1119 5451 1213 5504 δύο
1264 5450 1597 5512 ὑποστάσεις
1638 5449 1814 5502 εἰπεῖν
1861 5448 1965 5516 τῆς

378 5546 652 5615 θεότητος,
692 5544 726 5614 ἢ
774 5544 1074 5614 τέσσαρας,
1123 5540 1312 5595 οὐκέτι
1355 5541 1413 5595 65
1465 5542 1639 5610 τρεῖς,
1691 5540 1768 5603 ὼς
1810 5538 1963 5609 παρὰ

376 5639 540 5691 πᾶσιν
563 5636 931 5708 ὡμολόγηται.
958 5635 1021 5687 El
1047 5635 1154 5705 γὰρ
1180 5634 1309 5704 μίαν
1354 5631 1515 5701 φύσιν
1549 5630 1801 5701 λέγουσιν
1828 5631 1962 5701 ἡμῖν

376 5728 470 5781 ἐπὶ
510 5727 747 5799 Χριστοῦ
773 5770 795 5793 ,
828 5725 937 5779 ποῦ
982 5724 1313 5797 παρέχουσιν
1344 5725 1475 5793 ἡμῖν
1501 5723 1600 5786 τὰς
1640 5724 1792 5793 τρεῖς
1830 5722 1962 5775 ὑπο-

381 5819 601 5884 στάσεις
632 5821 730 5891 17;;
754 5819 1057 5890 Θεότητος;
1103 5816 1343 5887 Ἐχομεν
1384 5815 1496 5884 γὰρ
1535 5815 1666 5885 μίαν
1706 5814 1800 5867 τοῦ
1842 5815 1957 5866 Πα-

375 5912 526 5980 ςρὸς,
552 5912 649 5965 καὶ
694 5911 825 5982 μίαν
851 5910 948 5964 τοῦ
979 5909 1137 5979 ἁγίου
1195 5906 1513 5978 Πνεὺματος
1539 5924 1551 5941 ν
1587 5906 1686 5977 τὴν
1711 5906 1766 5960 δὲ
1794 5905 1959 5975 ἄλλην

2074 4717 2254 4772 eidem
2307 4716 2746 4771 substantialiter
2798 4724 3118 4784 competens
3152 4732 3165 4767 :
3195 4730 3306 4784 quo
3359 4714 3418 4769 ﬁt
3452 4722 3512 4768 ut
3562 4729 3663 4768 ne-

2073 4808 2314 4863 cessario
2348 4807 2471 4862 duae
2514 4806 2623 4861 sint
2655 4805 2820 4859 unius
2849 4804 3162 4875 hypostasis
3193 4804 3400 4859 Christi
3426 4813 3659 4861 naturae.

2143 4900 2236 4956 1X.
2263 4902 2468 4955 Verum
2506 4899 2597 4954 hic
2638 4899 2730 4954 isti
2761 4897 3088 4953 Hzesitantes
3116 4915 3129 4950 :
3160 4895 3281 4963 Quo
3312 4904 3473 4969 pacto
3496 4938 3510 4962 ,
3571 4899 3660 4951 in-

2070 4993 2271 5063 quiunt
2301 5032 2315 5055 ,
2359 4993 2415 5046 in
2474 5007 2585 5046 uno
2625 4991 2912 5045 individuo
2970 4987 3202 5058 reperiri
3233 4988 3344 5042 duo
3387 4987 3661 5057 possunt?

2070 5085 2186 5139 Hoc
2218 5084 2396 5154 ipsum
2422 5100 2524 5155 quo
2548 5092 2723 5153 pacto,
2749 5097 2847 5152 per
2875 5096 2990 5135 rem
3016 5080 3409 5135 abhorrentem
3440 5078 3510 5132 ab
3538 5078 3659 5147 opi-

2066 5177 2235 5231 nione
2267 5175 2553 5231 solvimus.
2610 5173 2824 5244 Quippe
2850 5187 2962 5228 non
3001 5170 3305 5226 absurdum
3332 5177 3452 5229 est,
3506 5168 3653 5221 acci-

2067 5266 2213 5321 disse
2238 5265 2370 5336 quid
2405 5266 2461 5320 in
2480 5264 2703 5321 Christo
2731 5270 2931 5334 prater
2969 5260 3285 5330 opinionem
3322 5256 3605 5311 hominum
3635 5274 3649 5309 :

2066 5359 2163 5414 sed
2191 5358 2495 5413 absurdum
2532 5364 2619 5411 est
2648 5354 2895 5419 mentiri,
2925 5369 2991 5408 ac
3017 5350 3307 5423 principiis
3345 5348 3647 5404 adversari.

2067 5447 2366 5504 Sciendum
2393 5455 2599 5511 autem,
2642 5446 2712 5500 ab
2746 5445 2814 5499 iis
2835 5444 2929 5514 qui
2956 5458 3121 5497 unam
3158 5442 3215 5495 in
3234 5440 3458 5497 Christo
3483 5449 3649 5494 natu-

2065 5554 2182 5592 ram
2216 5547 2487 5600 statuunt,
2525 5535 2842 5591 necessario
2870 5532 3077 5603 colligi,
3102 5532 3188 5587 vel
3217 5532 3355 5585 duas
3383 5538 3445 5584 ut
3468 5529 3647 5601 hypo-

2063 5639 2235 5683 stases
2265 5626 2573 5681 divinitatis
2610 5625 2832 5691 dicant,
2867 5625 2955 5679 vel
3007 5631 3245 5693 quatuor
3269 5663 3284 5685 ,
3342 5636 3453 5675 non
3491 5629 3643 5685 tres,

2061 5718 2211 5789 quod
2262 5733 2454 5773 omnes
2497 5718 2850 5773 conﬁtentur.
2890 5716 3025 5772 Nam
3068 5714 3115 5769 si
3164 5728 3332 5769 unam
3377 5710 3541 5766 nobis
3587 5711 3644 5765 in

2060 5810 2283 5867 Christo
2315 5819 2568 5865 naturam
2606 5808 2852 5872 tradunt,
2890 5806 3035 5862 unde
3062 5816 3175 5860 tres
3195 5804 3357 5862 nobis
3382 5803 3643 5874 byposta-

2062 5918 2151 5957 ses
2199 5901 2508 5957 divinitatis
2542 5899 2916 5971 deproment?
2962 5896 3240 5952 Habemus
3273 5894 3422 5952 enim
3465 5890 3644 5949 Patris
