4148 6450
537 414 669 483 1251

1824 410 2135 471 LEONTII
2179 408 2356 468 BYZA
2366 407 2583 468 NTINI

3684 399 3823 469 H52

530 543 721 591 unam,
763 536 821 581 et
863 539 1025 579 unam
1080 523 1253 577 sancti
1286 522 1528 593 Spiritus
1566 540 1579 575 :
1614 521 1885 592 reliquam
1935 521 2114 575 dicere

2223 518 2407 572 οὐκέτι
2436 519 2694 572 δύνανται
2721 517 2917 586 εἰπεῖν,
2947 516 3042 571 επὶ
3081 514 3175 570 τοῦ
3204 514 3445 584 Χριστοῦ
3487 512 3620 585 μίαν
3649 514 3817 581 φύσιν

532 622 734 678 nullam
761 627 1042 687 poterunt,
1065 632 1229 670 unam
1262 616 1316 669 in
1337 615 1558 671 Christo
1590 622 1841 668 naturam
1870 621 2119 668 statuen-

530 722 646 766 tes:
678 712 884 781 quippe
915 710 958 763 si
996 725 1105 763 una
1135 717 1333 761 natura
1389 717 1474 761 cst
1504 747 1519 772 ,
1581 721 1693 760 non
1746 706 1859 775 jam
1918 715 2116 758 natura

526 806 673 859 Deus
705 804 837 866 erit,
870 802 951 855 uti
984 800 1149 855 modo
1180 799 1555 869 probavimus.
1586 798 1643 852 Si
1668 814 1779 851 non
1807 804 1892 851 est
1918 805 2115 850 natura

524 899 689 959 Deus,
731 894 1012 965 quomodo
1043 893 1351 947 divinitatis
1386 891 1710 963 hypostasin
1758 890 1962 945 habere
2002 888 2115 943 dici

524 988 772 1059 poterit?
815 1002 926 1056 quo
958 986 1017 1039 ﬁt
1058 994 1119 1039 ut
1153 984 1304 1054 ipsos
1357 984 1498 1038 duas
1548 984 1874 1054 hypostases
1928 981 2116 1035 dicere

523 1080 834 1149 colligatur.
883 1079 981 1133 Sin
1014 1078 1296 1142 dixerint,
1355 1078 1568 1131 tertiam
1624 1074 1947 1148 hypostasin
1993 1087 2115 1127 esse

524 1169 620 1223 Dei
657 1169 941 1223 Sermonis
966 1208 981 1231 ,
1030 1178 1090 1221 ut
1130 1183 1238 1221 una
1290 1167 1361 1220 sit
1403 1167 1617 1232 Patris,
1672 1167 1845 1221 altera
1878 1164 2118 1234 Spiritus

524 1256 742 1321 sancti,
783 1258 947 1311 tertia
1002 1257 1099 1310 Dei
1168 1255 1472 1319 Sermonis,
1512 1256 1826 1310 necessario
1877 1263 2118 1324 quatuor

524 1348 853 1418 hypostases
886 1347 1269 1411 introducunt,
1304 1364 1469 1401 uuam
1499 1348 1696 1411 Patris,
1740 1363 1904 1401 unam
1936 1346 2115 1416 Spiri-

526 1447 617 1491 tus
649 1440 850 1502 sancti,
883 1455 1046 1492 unam
1100 1440 1195 1492 Dei
1246 1439 1533 1492 Sermonis
1559 1480 1573 1504 ,
1607 1449 1662 1493 et
1695 1455 1857 1492 unam
1887 1438 2113 1493 Christi.

527 1530 703 1583 Medis
738 1531 999 1585 omnibus
1034 1531 1327 1599 probatum
1356 1540 1480 1594 est,
1544 1531 1681 1584 duas
1726 1541 1953 1584 naturas
2002 1539 2117 1584 sta-

529 1623 783 1687 tuendas,
814 1640 921 1677 non
962 1639 1145 1676 unam.

2223 611 2494 678 λέγοντες.
2536 611 2601 664 Εἰ
2650 612 2758 679 γὰρ
2811 610 2909 679 μία
2963 608 3130 677 φύσις
3180 608 3371 671 ἐστὶν,
3415 606 3601 659 ούκέτι
3651 604 3817 675 φύσει

2222 702 2376 767 Θεὸς,
2408 701 2481 765 ὡς
2514 702 2613 772 ἥδη
2640 703 2909 755 δέδεικται
2946 702 3100 772 ἡμῖν.
3143 700 3235 771 Μὴ
3268 699 3344 752 ὢν
3366 700 3422 752 δὲ
3457 698 3621 768 φύσει
3650 697 3812 762 Θεὸς,

2221 796 2341 858 πῶς
2384 795 2602 865 λεχθείη
2648 796 2950 848 ὑπόστασιν
2994 796 3140 865 ἔχειν
3185 794 3484 865 θεότητοςς
3535 792 3681 847 ὥστε
3720 792 3821 846 δύο

2222 887 2553 951 ὑποστάσεις
2585 888 2770 951 αὑτοῖς
2816 886 3109 955 συνάγεται
3142 886 3348 955 λέγειν.
3393 886 3521 938 Ἐὰν
3560 885 3608 937 δ’
3634 883 3821 948 οὕτως

2220 980 2471 1045 εἴπωσιν,
2513 980 2595 1032 ὅτι
2627 980 2661 1049 ἡ
2694 980 2851 1051 τρίτη
2888 978 3187 1041 ὑπόστασις
3230 981 3349 1031 ἐστι
3381 976 3479 1030 τοῦ
3519 976 3657 1029 Θεοῦ
3698 976 3809 1029 Λό-

2220 1088 2319 1139 γου
2347 1088 2361 1101 ·
2420 1071 2507 1124 ῐνα
2534 1073 2567 1141 ἠ
2620 1071 2719 1140 μία
2779 1072 2879 1142 μὲν
2918 1070 3014 1123 τοῦ
3065 1071 3310 1142 Πατρός,
3352 1068 3583 1138 δευτέρα
3620 1068 3678 1121 δὲ
3716 1066 3816 1120 τοῦ

2221 1163 2379 1232 ἁγίου
2414 1162 2755 1233 Πνεύματος,
2794 1165 2959 1234 τρίτη
2990 1162 3047 1215 δὲ
3070 1164 3166 1215 τοῦ
3196 1161 3333 1215 Θεοῦ
3365 1161 3541 1229 Λόγου
3563 1177 3577 1191 ⁸
3604 1160 3812 1213 τέσσα-

2222 1272 2324 1325 ρας
2370 1255 2431 1319 ἐξ
2471 1255 2722 1325 ἀνάγκης
2770 1256 3073 1324 εἰσάγουσι,
3126 1254 3259 1325 μίαν
3290 1252 3387 1306 τοῦ
3438 1252 3678 1323 Πατρὸς,
3716 1254 3817 1304 καὶ

2224 1347 2355 1417 μίαν
2378 1346 2473 1400 τοῦ
2510 1347 2671 1415 ἁγίου
2706 1350 3049 1418 Πνεύματος,
3095 1346 3192 1399 καὶ
3234 1346 3366 1416 μίαν
3404 1343 3501 1397 τοῦ
3543 1343 3681 1396 Θεοῦ
3707 1343 3814 1396 Λό-

2220 1455 2341 1505 γου,
2391 1438 2485 1490 καὶ
2516 1437 2647 1505 μίαν
2695 1438 2790 1491 τοῦ
2830 1438 3093 1507 Χριστοῦ.
3135 1436 3487 1507 Πανταχόθεν
3516 1433 3813 1497 δέδεικται,

2219 1531 2303 1583 ὅτι
2336 1530 2429 1583 δύο
2452 1531 2643 1599 φύσεις
2675 1530 2756 1583 δεῖ
2785 1530 3050 1599 δοξάζειν,
3078 1532 3138 1584 ού
3170 1531 3319 1601 μίαν.

524 1852 777 1911 Sincere
813 1850 1215 1931 explicantur
1244 1849 1365 1912 loci
1393 1870 1545 1931 quos
1566 1849 2244 1932 stitantcshwretici
2272 1851 2671 1912 assumebant
2696 1852 2779 1912 ad
2809 1854 3341 1932 confirmationem
3372 1872 3495 1913 suco
3518 1852 3819 1918 hereseos

1653 1941 1874 1991 contra
1913 1930 2071 1991 duas
2111 1929 2350 1992 Christi
2385 1940 2670 1991 naturas.

1131 2058 1336 2115 ACTIO
1370 2060 1505 2115 VIII.

595 2152 633 2205 l.
657 2152 850 2205 Restat
894 2160 950 2206 ut
981 2151 1049 2205 de
1073 2152 1141 2206 iis
1166 2154 1511 2222 argumentis
1540 2168 1662 2224 quae
1692 2152 1759 2207 de
1790 2159 2113 2207 sanctorum

523 2245 747 2298 Patrum
808 2244 972 2298 dictis
1028 2244 1190 2299 nobis
1243 2243 1555 2314 proferunt.
1588 2260 1835 2315 agamus.
1871 2244 1947 2298 Ea
1979 2258 2114 2297 vero

523 2337 728 2403 partim
764 2335 934 2403 petita
965 2344 1095 2389 sunt
1126 2350 1193 2388 ex
1222 2336 1289 2389 iis
1322 2351 1445 2405 qua:
1473 2336 1716 2407 synodus
1739 2353 1849 2391 non
1874 2337 2113 2404 dixerit,

524 2429 726 2497 partim
787 2428 854 2482 ad
910 2428 1312 2482 conciliandam
1364 2431 1609 2499 ipsorum
1652 2431 1895 2502 dogmati
1950 2430 2114 2484 ﬁdem

526 2518 927 2587 proferuntur,
978 2519 1180 2587 partim
1215 2519 1455 2589 denique
1512 2530 1807 2575 struuntur
1853 2538 1920 2575 ex
1980 2522 2116 2591 ipsis

525 2610 721 2680 synodi
754 2610 956 2664 verbis.
987 2609 1071 2664 Ob
1092 2626 1156 2664 ea
1187 2627 1310 2680 quae
1334 2628 1445 2666 non
1469 2612 1693 2679 dixerit,
1734 2614 1911 2668 tribus
1936 2614 2115 2669 modis

525 2701 797 2773 synodum
829 2703 1245 2772 reprehendunt
1276 2722 1287 2756 :
1327 2705 1475 2774 quod
1510 2706 1776 2760 nimirum
1812 2723 1921 2761 non
1954 2707 2115 2761 unio~

524 2810 653 2848 nem
694 2795 1092 2864 hypostatieam
1115 2837 1129 2859 ,
1178 2810 1281 2849 nec
1313 2813 1477 2851 unam
1509 2798 1602 2851 Dei
1632 2798 1916 2853 Sermonis
1948 2808 2112 2852 natu-

526 2902 640 2940 ram
680 2887 1049 2953 incarnatam,
1095 2904 1199 2943 nec
1233 2889 1380 2943 istud
1427 2890 1693 2959 loquendi
1741 2906 1916 2960 genus
1952 2907 2115 2945 usur-

523 2979 773 3047 paverit,
833 2979 915 3031 Ex
958 2980 1162 3033 duabus
1194 2983 1424 3035 naturis.
1460 2983 1529 3035 At
1566 2982 1777 3047 isthmc,
1828 2982 2111 3052 inquiunt,

522 3070 709 3124 omnia
742 3080 968 3126 sanctus
1000 3070 1091 3125 ille
1123 3072 1361 3142 Cyrillus
1391 3074 1644 3143 protulit.
1677 3074 1773 3127 Est
1802 3083 1987 3129 autem
2015 3091 2114 3145 par

522 3162 756 3216 indicari
788 3204 802 3227 ,
839 3164 1201 3232 quamobrem
1264 3164 1665 3235 hypostaticam
1706 3166 1967 3220 unionem
2021 3168 2112 3220 ille

521 3254 743 3307 dixerit.
780 3254 991 3323 Duplex
1019 3255 1233 3309 scilicet
1262 3256 1429 3326 hujus
1459 3266 1543 3310 est
1580 3257 1917 3313 intellectus.
1975 3258 2111 3312 Nam

520 3347 649 3416 quia
674 3346 967 3401 Nestorius
988 3346 1215 3411 diceret,
1256 3349 1516 3403 unionem
1545 3349 1642 3403 Dei
1666 3348 1955 3403 Sermonis
1982 3366 2110 3404 eum
2156 3334 2159 3337 ’

2820 2060 3077 2114 ΠΡΛΞΙΣ
3126 2057 3207 2115 ll'.

2309 2154 2635 2207 ’Υπὸλοιπὸν
2660 2154 2778 2207 ἐστι
2813 2155 2941 2222 περὶ
2973 2154 3081 2206 τῶν
3115 2152 3565 2223 ἐπιχειρημάτων
3593 2145 3668 2207 ὧν
3698 2152 3814 2208 ἀπὸ

2218 2249 2466 2318 χρήσεων
2504 2246 2613 2300 τῶν
2660 2247 2830 2315 ἁγίων
2870 2247 3131 2315 Πατέρων
3182 2246 3599 2316 παραφέρουσιν
3649 2248 3811 2317 ἡμῖν,

2217 2338 2531 2403 διεξελθεῖν.
2584 2338 2802 2391 Τούτων
2832 2337 2912 2403 δὲ,
2955 2338 3023 2389 τά
3076 2338 3177 2407 μέν
3222 2340 3383 2401 εἰσιν,
3427 2338 3520 2406 ἀφ’
3583 2330 3658 2391 ὧν
3709 2340 3816 2392 οὑκ

2218 2427 2373 2484 εἶπεν
2403 2433 2436 2501 ἡ
2457 2430 2675 2493 σύνοδος
2697 2447 2710 2461 ·
2739 2431 2807 2483 τὰ
2829 2430 2884 2484 δὲ
2912 2431 3301 2502 παραφέρουσι
3328 2430 3464 2499 πρὸς
3494 2430 3681 2483 πίστιν
3702 2432 3806 2484 τοῦ

2216 2522 2419 2573 οίκείου
2453 2521 2722 2592 δόγματος
2749 2538 2761 2552 ’
2796 2522 2866 2576 τὰ
2890 2522 2946 2575 δὲ
2967 2563 2981 2587 ,
3014 2524 3107 2592 ἀφ’
3134 2516 3209 2576 ὧν
3233 2518 3411 2577 εἶπεν.
3446 2523 3567 2592 Ἀφ’
3597 2518 3675 2577 ὧν
3706 2527 3810 2595 μὲν

2216 2615 2319 2667 οὑκ
2352 2608 2529 2680 εἶπεν,
2560 2614 3027 2684 ἐπιλαμϐάνονται
3064 2616 3235 2686 αὑτῆς
3263 2617 3327 2668 ἐκ
3358 2616 3559 2687 τριῶν·
3594 2618 3675 2671 ὅτι
3706 2619 3811 2671 οὑκ

2217 2699 2371 2757 εἷπεν
2416 2706 2449 2775 ή
2495 2703 2712 2767 συνόδος
2760 2706 2859 2775 τὴν
2920 2705 3044 2758 καθ’
3088 2706 3389 2760 ὑπόστασιν
3428 2708 3644 2773 ἕνωσιν,
3683 2708 3811 2771 οὑδὲ

2221 2798 2352 2868 μίαν
2386 2796 2478 2850 τοῦ
2506 2796 2641 2849 Θεοῦ
2672 2796 2847 2866 Λόγου
2887 2796 3049 2864 φύσιν
3090 2798 3690 2870 σεσαρκωμένην,οὐδὲ
3720 2801 3807 2867 τὸ,

2216 2886 2285 2939 ἐκ
2335 2885 2446 2940 δύο
2497 2887 2765 2955 φύσεων.
2789 2886 2977 2940 Ταῦτα
3006 2888 3064 2941 δὲ
3092 2889 3269 2941 πάντα
3302 2892 3330 2942 ὁ
3356 2892 3511 2958 άγιος
3532 2889 3808 2959 Κύριλλος

2219 2975 2395 3031 εἷπεν.
2449 2980 2634 3046 ’Λξιον
2658 2980 2715 3033 δὲ
2762 2980 2959 3045 εἰπεῖν,
3005 2980 3148 3034 διατί
3193 2981 3341 3049 λέγει
3377 2982 3478 3054 τὴν
3516 2982 3640 3036 καθ’
3670 2983 3809 3035 ὑπό-

2218 3087 2408 3125 στασιν
2428 3071 2643 3125 ἕνωσιν.
2664 3073 2827 3142 Διττὴ
2846 3072 3025 3125 τοίνυν
3052 3072 3200 3125 ἐστὶν
3228 3074 3398 3143 αὑτῆς
3423 3077 3455 3145 ὴ
3479 3074 3679 3129 ἔννοια.
3698 3074 3811 3129 Τοῦ

2215 3163 2325 3234 γὰρ
2356 3162 2654 3232 Νεστορίου
2685 3162 2962 3232 λέγοντος,
3003 3163 3086 3217 ὅτι
3130 3165 3273 3219 κατὰ
3302 3167 3487 3236 σχέσιν
3516 3167 3743 3235 γέγονεν
3772 3169 3807 3238 ἡ

2216 3255 2412 3318 ἓνωσις
2437 3254 2532 3307 τοῦ
2561 3254 2701 3307 Θεοῦ
2743 3255 2923 3324 Λόγου
2952 3256 3085 3327 πρὸς
3114 3255 3211 3327 τὴν
3246 3257 3448 3329 σάρκα,
3487 3259 3583 3311 καὶ
3617 3275 3808 3329 σχετι-

2218 3346 2328 3409 κῶς
2354 3347 2605 3416 λέγοντος
2646 3346 2705 3399 ἓν
2731 3348 3025 3417 πρόσωπον
3056 3347 3152 3401 τοῦ
3183 3348 3323 3401 Θεοῦ
3368 3350 3545 3417 Λόγου
3578 3352 3674 3403 καὶ
3705 3351 3814 3421 τῆς

520 3453 688 3492 came
728 3453 825 3507 per
855 3438 1207 3493 affectionem
1236 3440 1529 3508 quamdam
1551 3456 1672 3495 esse
1699 3441 1923 3506 factam,
1942 3442 2110 3497 adeo-

2220 3415 2447 3509 σαρκὸς,
2474 3441 2501 3492 ὁ
2527 3439 2685 3507 ἆγιος
2717 3415 2989 3511 Κύριλλος
3017 3439 3319 3509 ἀντιλέγων
3351 3415 3490 3512 πρὸς
3513 3442 3681 3495 αὐτόν
3708 3415 3817 3513 φη·

520 3546 629 3601 que
662 3546 958 3601 personam
980 3532 1075 3585 Dei
1102 3532 1388 3587 Sermonis
1408 3543 1465 3587 et
1495 3534 1681 3587 carnis
1708 3549 1873 3587 unam
1898 3534 2111 3588 ratione

522 3623 700 3678 mutui
729 3624 957 3678 allectus
1007 3640 1129 3679 esse
1174 3624 1419 3679 traderet
1458 3643 1472 3679 :
1515 3625 1725 3680 idcirco
1766 3635 1989 3681 sanctus
2022 3626 2109 3678 vir

520 3717 761 3788 Cyrillus
780 3716 830 3770 ei
849 3716 1254 3781 eontradiceus,
1280 3717 1542 3771 unionem
1564 3717 1962 3787 hypostaticam
1987 3732 2109 3772 esse

522 3810 722 3862 factam
750 3808 848 3873 ait,
884 3810 989 3864 hoc
1027 3818 1135 3875 est,
1165 3810 1377 3864 ratione
1402 3810 1796 3875 subsistentiae,
1840 3810 2116 3880 ipsarum-

521 3917 629 3969 que
660 3900 797 3954 adeo
828 3916 1018 3955 rerum
1041 3901 1301 3955 unionem
1324 3918 1339 3967 ;
1367 3917 1477 3956 non
1496 3901 1807 3957 affectionis
1834 3911 2107 3971 respectu.

521 3996 599 4048 Ac
642 3993 949 4047 notandum
1003 3992 1093 4047 hic
1140 4009 1335 4049 rursus
1384 3995 1707 4065 hypostasin
1769 3994 1881 4049 dici
1930 3994 1999 4049 de
2046 3994 2114 4050 iis

520 4102 645 4155 qua:
665 4086 993 4155 simpliciter
1013 4086 1311 4140 exsistunt.
1330 4084 1484 4140 Alter
1506 4086 1821 4141 intellectus
1836 4094 1940 4151 est,
1965 4086 2114 4157 quod

522 4181 921 4251 hypostaticam
952 4180 1217 4235 unionem
1242 4179 1443 4234 factam
1475 4177 1719 4243 dixerit,
1764 4179 1871 4234 hoc
1903 4187 2008 4246 est,
2057 4180 2114 4235 in

524 4289 690 4327 unam
718 4271 1062 4344 hypostasin.
1101 4272 1178 4327 Ac
1206 4272 1484 4327 sententia
1506 4272 1730 4342 quidem
1754 4281 1988 4342 utraque
2022 4289 2112 4328 re-

527 4361 769 4431 fragatur
791 4363 1066 4429 Nestorio,
1087 4363 1267 4434 prima
1297 4370 1479 4418 tamen
1502 4364 1687 4419 verior
1708 4374 1812 4419 est.
1835 4364 2113 4436 Objiciunt

524 4454 693 4525 igitur
728 4455 1001 4527 synodum
1032 4455 1151 4511 haec
1174 4471 1204 4510 a
1235 4464 1427 4511 sancto
1472 4455 1681 4528 Cyrillo
1720 4457 1921 4511 tradita
1972 4458 2115 4529 reje-

524 4546 687 4612 eisse,
726 4564 832 4603 nec
864 4563 1059 4603 eorum
1092 4550 1435 4605 mentionem
1472 4551 1639 4605 ullam
1664 4550 1883 4606 fecisse.
1912 4553 2115 4607 Verum

524 4654 636 4693 uno
668 4639 841 4694 verbo
894 4640 1085 4694 isthtec
1131 4641 1319 4694 omnia
1369 4640 1786 4707 subvertimus,
1844 4644 2114 4714 synodum

523 4732 637 4798 illa,
691 4731 849 4802 quasi
882 4732 1198 4787 communia
1238 4742 1295 4787 et
1326 4732 1381 4786 in
1418 4732 1671 4787 confesso
1699 4745 1884 4789 essent
1908 4776 1923 4800 ,
1974 4736 2110 4789 omi-

522 4824 661 4879 sisse
691 4840 705 4877 :
732 4838 861 4877 nam
896 4823 1160 4879 adversus
1190 4824 1497 4895 Eutychem
1527 4822 1854 4890 disserebat,
1901 4818 1996 4895 qui
2042 4840 2110 4880 ex

522 4917 797 4971 diametro
828 4930 954 4970 cum
979 4915 1236 4971 Nestorio
1265 4930 1518 4986 pugnans
1540 4954 1554 4977 ,
1585 4924 1642 4969 et
1680 4915 1783 4969 ista
1809 4916 1948 4971 citra
1973 4931 2109 4970 con-

524 5010 849 5067 troversiam
884 5009 1182 5065 fatebatur.
1212 5008 1335 5064 Non
1372 5024 1458 5064 εει
1494 5018 1680 5064 autem
1706 5008 2108 5075 necessarium,

522 5112 582 5157 ut
612 5120 733 5173 quae
756 5102 1008 5159 confessa
1044 5109 1194 5167 sunt,
1230 5100 1459 5156 omnino
1489 5108 1771 5170 ponantur
1804 5116 1816 5153 :
1852 5099 1951 5155 sed
1980 5100 2115 5155 licet

520 5210 585 5250 ea
625 5211 1024 5265 nonnunquam
1048 5195 1329 5250 omittere.
1363 5194 1509 5250 Satis
1537 5195 1643 5249 hoc
1672 5193 1867 5266 synodi
1897 5194 2115 5264 priores

2218 3550 2325 3598 σιν,
2358 3534 2443 3585 ὅτι
2472 3531 2595 3585 καθ’
2633 3530 2937 3584 ὑπόστασιν
2970 3536 3198 3601 γέγονεν
3222 3533 3255 3604 ἡ
3280 3533 3496 3599 ἓνωσις,
3522 3533 3671 3587 τοῦτ’
3692 3535 3813 3590 ἔστι

2218 3623 2337 3678 καθ’
2387 3623 2650 3694 ὓπαρξιν,
2695 3624 2793 3677 καὶ
2824 3623 3005 3677 αὑτῶν
3046 3629 3428 3696 πραγμάτωνο
3484 3627 3579 3680 καὶ
3622 3627 3814 3682 οὐκέτι

2215 3716 2363 3785 λέγει
2402 3717 2547 3770 κατὰ
2585 3716 2793 3787 σχέσιν.
2830 3716 2944 3770 Kal
2980 3718 3322 3787 σημειωτέον
3369 3719 3536 3773 πάλιν
3570 3720 3813 3774 ἐνταῦθα

2213 3810 2312 3881 τὴν
2336 3808 2637 3862 ὑπόστασιν
2667 3810 2763 3862 καὶ
2813 3810 2907 3862 ἐπὶ
2954 3810 3066 3863 τῶν
3106 3810 3280 3863 ὄντων
3310 3809 3521 3875 ἁπλῶς.
3564 3814 3813 3885 Δευτέρα

2214 3900 2272 3953 δὲ
2303 3900 2482 3957 ἔννοιά
2512 3902 2683 3967 ἐστιν,
2716 3902 2800 3955 ὅτι
2828 3900 2952 3954 καθ’
2994 3902 3298 3957 ὑπόστασιν
3332 3905 3529 3957 ἕνωσιν
3564 3900 3687 3958 εἷπε
3718 3922 3816 3974 γε·

2216 3994 2427 4059 νέσϐαι,
2454 3992 2599 4047 τοῦτ’
2626 3993 2776 4047 ἐστιν
2815 3994 2875 4047 ὲν
2919 3994 3022 4065 μιᾷ
3065 3994 3387 4049 ὑποστάσει.
3426 3996 3539 4048 Kal
3572 3997 3814 4067 ἑκατέρα

2220 4088 2322 4159 μὲν
2353 4087 2535 4159 ἔννοια
2569 4088 2878 4142 ἀντίκειται
2916 4088 3225 4159 Νεστορίῳ,
3260 4089 3404 4159 πλὴν
3437 4089 3817 4161 ἀληθινωτέρα.

2217 4183 2251 4252 ἠ
2277 4179 2494 4252 πρώτη.
2527 4179 2800 4248 Λέγουσιν
2824 4176 2941 4245 οὖν,
2979 4179 3087 4232 Τοῦ
3116 4180 3273 4247 ἁγίου
3325 4180 3599 4251 Κυρίλλου
3638 4180 3820 4233 ταῦτα

2217 4273 2487 4337 εἰπόντος,
2544 4273 2578 4343 ὴ
2626 4272 2847 4335 σύνοδος
2923 4273 3234 4326 άπεὸάλετο
3292 4275 3456 4337 αὑτὰ,
3518 4273 3613 4328 καὶ
3658 4274 3818 4327 οὐδὲν

2216 4365 2346 4437 περὶ
2376 4352 2559 4418 αὑτῶν
2586 4360 2763 4418 εἶπεν.
2816 4364 2933 4417 'Ev‘t
2965 4363 3023 4417 δὲ
3071 4363 3216 4435 λόγῳ
3260 4364 3437 4418 ταῦτα
3464 4365 3641 4419 πάντα
3676 4366 3816 4418 ἀνα-

2214 4457 2516 4528 τρέπομεν.
2548 4457 2631 4510 ὅτι
2657 4457 2733 4520 ὠς
2759 4455 2916 4509 κοινὰ
2944 4455 3075 4509 ὁντα
3098 4457 3194 4509 καὶ
3219 4457 3632 4528 ὁμολογούμενα
3667 4473 3817 4528 παρ-

2217 4549 2400 4603 είασεν
2450 4550 2591 4604 αὐτὰ
2624 4550 2658 4619 ἡ
2710 4548 2932 4613 σύνοδος
2967 4565 2981 4580 ο
3022 4549 3161 4621 πρὸς
3200 4550 3418 4620 Εὐτυχῆ
3464 4552 3571 4621 γὰρ
3601 4550 3691 4604 τὸν
3720 4548 3816 4604 λό-

2217 4658 2314 4711 γον
2362 4644 2623 4703 ὲποιεῖτο,
2659 4639 2810 4704 ὅστις
2836 4642 2917 4705 ,ὲκ
2958 4641 3256 4712 διαμέτρου
3288 4641 3366 4711 τῷ
3400 4641 3680 4714 Νεστορίῳ
3708 4658 3818 4711 μα-

2218 4736 2473 4807 χόμενος,
2509 4734 2756 4802 δηλονότι
2797 4734 2892 4787 καὶ
2922 4734 3097 4788 ταῦτα
3141 4734 3439 4805 ὡμολόγει.
3478 4736 3589 4789 Καὶ
3618 4735 3719 4787 ούκ
3754 4733 3815 4799 ὲξ

2218 4828 2467 4896 ἀνάγκης
2489 4826 2571 4879 δεῖ
2602 4825 2672 4879 τὰ
2706 4824 3121 4897 ὁμολογούμενα
3155 4825 3380 4890 πάντως
3432 4826 3671 4880 τιΘέναυ
3693 4824 3812 4880 ἀλλ’

2217 4920 2309 4973 ἐστ
2319 4937 2366 4972 ιν
2388 4918 2558 4973 ὲνιοτε
2576 4918 3046 4989 παραλιμπάνειν.
3067 4918 3176 4973 Kal
3197 4917 3451 4989 δηλοῦσιν
3471 4918 3528 4972 αἱ
3550 4918 3817 4989 πρότεραι

2218 5012 2453 5076 σύνοδοι,
2481 5009 2656 5064 πολλὰ
2684 5010 2794 5064 τῶν
2824 5010 3274 5081 ὁμολογουμένων
3295 5012 3355 5065 ὲν
3394 5010 3609 5074 πολλοῖς
3635 5026 3817 5081 παρα-

2213 5105 2491 5175 λείψασαι.
2522 5102 2759 5157 Ἔπειτα
2796 5101 3128 5173 εὑρίσκομεν
3168 5104 3226 5158 έν
3254 5102 3473 5167 πολλοῖς
3502 5104 3689 5159 τόποις
3715 5103 3816 5173 τὴν

2214 5196 2432 5251 σύνοδον
2466 5193 2749 5261 εἰποῦσαν,
2776 5192 2907 5264 μίαν
2938 5192 3262 5258 ὑπόστασιν,
3290 5193 3387 5246 καὶ
3410 5191 3469 5245 ἓν
3492 5192 3811 5263 πρόσωπον·

521 5287 849 5352 ostendunt,
885 5302 1008 5358 quae
1038 5287 1307 5358 pleraque
1328 5287 1581 5343 confessa
1612 5287 1667 5339 in
1692 5286 1949 5356 pluribus
1970 5286 2112 5339 omi-

2218 5293 2348 5361 ὅπερ
2385 5289 2539 5341 οὐδὲν
2567 5286 2754 5357 ἕτερόν
2787 5287 2935 5339 ἐστιν
2965 5286 3164 5351 εἰπεῖν,
3195 5289 3244 5339 εἰ
3274 5285 3353 5358 μὴ
3387 5286 3486 5358 τὴν
3519 5283 3642 5338 καθ’
3678 5284 3820 5336 ὑπό-

523 5390 734 5436 serunt.
767 5380 980 5436 Deinde
1015 5381 1288 5453 synodum
1322 5381 1513 5435 multis
1544 5379 1600 5433 in
1635 5378 1779 5433 locis
1811 5393 1976 5433 unam
2015 5379 2114 5450 hy-

2213 5398 2402 5435 στασιν
2426 5379 2645 5433 ἕνωσιν.

522 5477 1051 5548 postasin,etunam
1073 5493 1365 5549 personam
1385 5478 1591 5533 dixisse
1610 5474 2113 5546 deprehendimus:
2155 5479 2305 5552 quod
2333 5476 2475 5533 nihil
2502 5482 2589 5530 est
2647 5471 2797 5527 aliud
2828 5471 3019 5527 dicere
3044 5511 3060 5538 ,
3106 5486 3273 5543 quam
3341 5471 3605 5527 unionem
3638 5470 3821 5541 hypo-

524 5572 804 5626 staticam.

594 5666 661 5719 ll.
694 5668 763 5721 Ει
790 5667 908 5723 haec
946 5666 1170 5737 quidem
1202 5677 1333 5722 sunt
1358 5666 1427 5721 de
1448 5666 1519 5722 iis
1538 5680 1662 5736 qua:
1696 5664 1940 5736 synodus
1968 5666 2110 5719 omi-

524 5755 682 5809 serit.
716 5757 795 5811 Λᾶ
825 5758 1137 5812 faciendum
1171 5775 1306 5814 vero
1331 5760 1495 5814 fidem
1526 5758 1769 5828 dogmati
1795 5772 1897 5811 suo
1924 5759 2113 5829 plures

528 5847 883 5901 auctoritates
920 5849 1268 5916 producunt,
1316 5864 1554 5919 quarum
1587 5859 1671 5904 est
1704 5849 1879 5917 prima
1908 5889 1921 5915 ,
1959 5849 2109 5917 quod

2290 5667 2401 5720 Kal
2431 5664 2604 5720 ταῦτα
2636 5663 2736 5734 μέν
2760 5663 2900 5716 εἰσιν
2924 5699 2939 5727 ,
2985 5660 3080 5731 ἀφ’
3118 5652 3195 5715 ὧν
3226 5661 3328 5715 οὐκ
3357 5656 3499 5717 εἷπε.
3529 5658 3673 5731 Πρὸς
3723 5658 3820 5712 πί-

2222 5775 2338 5811 στιν
2371 5758 2427 5811 δὲ
2448 5756 2541 5811 τοῦ
2572 5756 2775 5827 οἰκείου
2826 5754 3103 5824 δόγματος
3148 5754 3533 5825 παραφέρουσι
3588 5752 3820 5825 χρήσεις

2220 5848 2423 5913 πολλάς
2449 5864 2461 5877 ·
2492 5849 2588 5901 καὶ
2624 5847 2815 5919 πρώτη
2853 5844 2955 5918 μὲν
3002 5845 3083 5899 ὁτι
3120 5846 3149 5898 ὁ
3180 5846 3333 5915 ἅγιος
3362 5845 3632 5917 Κύριλλος
3654 5860 3819 5911 (pave-
