4148 6448
369 384 507 449 1253

1565 379 1663 439 DE
1702 380 1978 439 SECTIS.
2021 405 2087 417 υ-
2127 380 2287 441 ACT.
2329 381 2495 443 VIII.

3503 385 3643 453 1254

366 500 476 571 ρῶς
500 496 623 552 εἶπε
655 496 786 568 μίαν
811 493 974 564 φύσιν
1002 493 1096 547 τοῦ
1125 492 1261 546 Θεοῦ
1292 494 1466 563 Λόγου
1496 492 1947 565 σεσαρκωμένην.

2059 503 2287 548 sanctus
2321 494 2414 548 ille
2442 493 2684 565 Lyrillus
2716 510 2882 550 unam
2919 503 3177 550 naturam
3229 494 3324 550 Dei
3363 495 3645 554 Sermonis

365 593 510 663 Πρὸς
539 589 700 644 τοῦτο
726 587 960 658 λέγομεν
978 627 994 651 ,
1028 586 1110 640 ὅτι
1132 584 1503 655 ὁμολογοῦμεν
1537 585 1629 637 τὸν
1656 586 1810 652 ἅγιον
1838 585 1952 638 Κύ-

367 685 545 758 ριλλον
604 681 765 735 τοῦτο
836 679 1157 751 εἰρηκέναι·
1219 678 1339 731 ἀλλ’
1408 677 1565 730 οὐδὲν
1612 677 1955 730 ἐναντιοῦται

360 779 522 831 τοῦτο
561 776 642 848 τῷ
678 774 933 844 δόγματι.
981 773 1056 826 Οὐ
1102 772 1211 842 γὰρ
1248 766 1369 824 εἷπε
1399 770 1496 824 τοῦ
1534 770 1773 840 Χριστοῦ
1827 771 1955 842 μίαν

365 868 530 939 φύσιν
557 864 1010 935 σεσαρκωμένην,
1039 863 1175 916 ἀλλὰ
1213 862 1345 932 μίαν
1372 861 1536 931 φύσιν
1563 862 1656 914 τοῦ
1684 860 1819 914 Θεοῦ
1850 861 1956 914 Λό-

365 975 464 1028 γου
508 954 977 1028 σεσαρκωμένην,
1027 953 1126 1022 τὴν
1172 952 1340 1020 ἄλλην
1381 950 1545 1020 φύσιν
1595 949 1794 1020 δηλῶν.
1845 949 1956 1002 Καὶ

364 1049 448 1102 ὅτι
469 1048 571 1118 τὴν
601 1045 771 1115 ἄλλην
792 1043 1047 1114 βούλεται
1075 1041 1320 1112 δηλῶσαι
1352 1039 1538 1108 φύσιν,
1561 1040 1641 1107 τῷ
1665 1040 1840 1092 εἰπεῖν
1867 1055 1957 1092 σε-

366 1137 769 1210 σαρκωμένην·
811 1135 973 1205 δῆλον
1018 1132 1112 1200 ἀφ’
1143 1126 1219 1184 ὧν
1264 1132 1458 1184 ἐαυτὸν
1498 1131 1854 1200 ἐπεξηγεῖται
1898 1132 1957 1183 ἐν

363 1233 431 1300 τῇ
464 1228 605 1300 πρὸς
633 1225 934 1279 Σούκενσον
959 1223 1192 1294 δευτέρᾳ
1228 1223 1490 1293 ἐπιστολῆ
1525 1222 1703 1291 λέγων
1725 1239 1737 1254 ·
1765 1224 1827 1275 Εἰ
1857 1222 1956 1293 μὲν

366 1324 474 1393 γὰρ
506 1321 634 1393 μίαν
664 1317 828 1390 φύσιν
854 1316 1104 1380 εἰπόντες
1135 1315 1233 1369 τοῦ
1259 1315 1395 1369 Θεοῦ
1426 1315 1626 1384 Λόγου,
1659 1317 1957 1386 σεσιγήκα-

368 1431 491 1485 μεν,
514 1412 614 1464 οὐκ
640 1408 1032 1479 ἐπενεγκόντες
1063 1408 1144 1474 τὸ,
1179 1407 1658 1478 σεσαρκωμένην
1680 1424 1694 1438 °
1725 1408 1841 1461 ἀλλ’
1876 1403 1958 1471 οἷς

366 1509 473 1576 ἔξω
497 1507 682 1570 θέντες
717 1508 820 1576 τὴν
856 1502 1172 1574 οἰκονομίαν
1196 1543 1212 1568 ,
1236 1497 1305 1571 ἦν
1337 1503 1523 1564 αὐτοῖς
1551 1501 1695 1572 τάχα
1727 1519 1829 1554 που
1863 1501 1960 1555 καὶ

367 1600 470 1652 οὐκ
495 1596 760 1659 ἀπίθανος
797 1597 824 1648 6
851 1593 1012 1663 λόγος
1049 1593 1544 1666 προσποιουμένοις
1575 1593 1786 1663 ἐρωτᾷν
1807 1632 1821 1655 ,
1852 1591 1956 1645 ποῦ

367 1694 430 1746 τὸ
457 1678 660 1746 τέλειον
692 1693 750 1745 ἐν
779 1671 1188 1761 ἀνθρωπότητι,
1211 1687 1244 1758 ἢ
1271 1687 1390 1750 πῶς
1429 1686 1741 1756 ὑφέστηκεν
1774 1687 1808 1756 ἡ
1835 1683 1959 1738 καθ’

367 1783 514 1852 ἡμᾶς
536 1781 697 1835 οὐσία
715 1797 730 1848 ;
750 1780 967 1850 Ἐπειδὴ
992 1779 1050 1832 δὲ
1078 1778 1176 1833 καὶ
1197 1780 1231 1848 ἡ
1268 1779 1325 1830 ἐν
1352 1777 1449 1831 ἀνθ
1460 1777 1734 1848 ρωπότητι
1753 1774 1958 1828 τελειό-

2056 584 2401 640 incarnatam
2433 596 2626 656 aperte
2675 586 2896 642 dixerit.
2944 587 3026 642 Ad
3065 588 3173 642 hoc
3220 588 3642 659 respondemus,

2057 677 2219 733 fateri
2255 693 2358 732 nos
2411 678 2467 733 id
2519 694 2550 732 a
2590 689 2780 734 sancto
2809 679 3016 752 Cyrillo
3065 680 3272 735 dictum
3305 698 3318 734 :
3349 681 3449 736 sed
3496 683 3642 739 idem

2055 769 2195 822 nihil
2220 769 2446 824 omnino
2469 771 2758 825 sententiae
2790 780 2994 826 nostra:
3029 771 3310 842 refragari.
3343 770 3462 826 Non
3494 774 3645 828 enim

2054 848 2264 917 Chriin
2287 873 2543 917 naturam
2570 878 2737 917 unam
2767 864 3108 920 incarnatam
3140 865 3318 929 dixit,
3342 866 3438 921 sed
3477 883 3644 922 unam

2056 966 2312 1012 naturam
2344 957 2441 1013 Dei
2477 958 2762 1014 Sermonis
2810 960 3187 1027 incarnatam;
3219 958 3481 1014 videlicet
3509 959 3646 1012 alte-

2059 1065 2174 1103 ram
2206 1049 2358 1104 illam
2388 1059 2642 1104 naturam
2667 1051 2955 1105 denotans.
2982 1051 3214 1120 thuod
3241 1051 3467 1105 alteram
3494 1049 3640 1103 illam

2059 1139 2374 1208 signiﬁcare
2402 1141 2664 1207 voluerit,
2695 1141 2825 1195 dum
2852 1141 3188 1214 incarnatam
3224 1141 3321 1206 ait,
3345 1157 3411 1196 ex
3443 1142 3510 1196 iis
3533 1157 3646 1195 ma—

2058 1230 2321 1284 nifestum
2354 1240 2439 1285 est
2465 1231 2669 1300 quibus
2728 1232 2968 1302 seipsum
3014 1233 3071 1286 in
3103 1232 3339 1286 secunda
3387 1230 3455 1285 ad
3503 1229 3644 1284 Suc-

2059 1334 2278 1375 cessum
2309 1322 2544 1392 epistola
2584 1322 2851 1387 declarat,
2884 1323 3142 1392 inquiens
3171 1340 3183 1374 :
3211 1320 3368 1388 Quod
3400 1320 3443 1376 si
3477 1337 3643 1375 unam

2059 1413 2158 1467 Dei
2213 1413 2502 1469 Sermonis
2562 1424 2815 1469 naturam
2863 1415 3111 1469 dicentes
3169 1413 3644 1472 obticuissemus.

2060 1519 2164 1560 nec
2216 1505 2452 1560 verbum
2515 1506 2692 1570 illud,
2751 1508 3125 1570 incarnatum,
3172 1504 3644 1575 subjecissemus,

2061 1596 2311 1667 adeoque
2348 1597 2816 1667 dispensationem
2842 1598 3017 1668 ipsam
3038 1599 3192 1652 velut
3221 1597 3602 1652 omisissemus
3631 1612 3644 1648 :

2059 1687 2294 1744 fortasse
2334 1689 2638 1759 probabilis
2667 1698 2816 1746 esset
2866 1690 3112 1760 ipsorum
3155 1689 3367 1754 oratio,
3399 1703 3646 1758 quaerere

2063 1782 2130 1838 de
2162 1782 2327 1837 nobis
2352 1799 2466 1852 pne
2500 1799 2559 1838 se
2588 1784 2910 1845 ferentium,
2941 1783 3034 1838 ubi
3073 1783 3145 1837 sit
3175 1782 3265 1837 illa
3285 1782 3558 1853 perfectio
3589 1782 3646 1836 in

367 1893 489 1946 της,
520 1873 620 1929 καὶ
652 1875 752 1938 τῆς
781 1873 908 1927 καθ’
937 1873 1086 1944 ἡμᾶς
1129 1871 1320 1934 οὐσίας
1365 1873 1399 1942 ἡ
1435 1870 1670 1941 δήλωσις
1707 1867 1956 1922 εἰσκεκόο

2059 1874 2400 1928 humanitate
2429 1915 2444 1940 ,
2504 1875 2593 1929 vel
2645 1874 2926 1945 quomodo
2973 1873 3288 1929 substantia
3339 1889 3503 1942 quam
3537 1887 3646 1932 nos

373 1985 561 2040 μισται
588 1967 678 2021 διὰ
708 1966 770 2020 τὸ
809 1965 992 2035 λέγειν
1034 1964 1467 2034 σεσαρκωμένην
1490 1979 1503 1992 ⁸
1549 1959 1958 2015 παυσάσθωσαν

369 2059 681 2131 καλαμίνην
725 2058 922 2131 ῥάϐδον
964 2057 1182 2119 ἑαυτοῖς
1211 2055 1644 2124 ὑποστήσαντες.
1683 2051 1822 2114 Τοὺς
1850 2049 1958 2121 γὰρ

369 2154 736 2214 ἐκϐάλλοντας
755 2151 856 2220 τὴν
903 2146 1219 2218 οἰκονομίαν
1245 2190 1260 2214 ,
1308 2146 1404 2200 καὶ
1449 2143 1822 2215 ἀρνουμένους
1859 2140 1959 2212 τὴν

372 2245 671 2319 σάρκωσιν,
716 2239 786 2313 ἦν
833 2242 896 2296 τὺ
943 2238 1298 2310 ἐγκαλεῖσθαι
1329 2237 1582 2298 δικαίως,
1625 2233 1959 2306 ἁφαιρουμέ·

371 2355 496 2400 νους
548 2335 641 2389 τὸν
695 2335 828 2388 Υίὸν
879 2333 980 2404 τῆς
1033 2331 1247 2392 τελείας
1288 2329 1730 2400 ἀνθρωπότητος.
1783 2327 1847 2379 Εἰ
1903 2325 1960 2378 δέ

371 2432 529 2502 ἔφην,
571 2433 630 2484 ἐν
656 2428 734 2500 τῷ
771 2425 1159 2498 σεσαρκῶσθαι
1192 2423 1375 2493 λέγειν
1411 2421 1595 2485 αὐτὸν,
1630 2419 1812 2491 σαφής
1843 2421 1958 2470 ἐστι

372 2525 467 2578 καὶ
493 2521 865 2593 ἀναμφίλογος
887 2522 920 2590 ή
944 2517 1214 2589 ὁμολογία
1239 2514 1356 2581 τοῦ,
1382 2517 1465 2569 ὅτι
1497 2515 1720 2584 γέγονεν
1747 2512 1960 2582 ἅνθρω-

371 2633 510 2680 ποςο
546 2615 698 2670 οὐδὲν
721 2613 804 2667 ἔτι
847 2610 1048 2666 κωλύει
1100 2611 1266 2675 νοεῖν,
1315 2609 1391 2672 ὡς
1433 2603 1513 2672 εἷς
1555 2606 1818 2677 ὑπάρχων
1865 2604 1960 2658 καὶ

376 2708 536 2777 μόνος
563 2706 591 2758 6
633 2703 889 2776 Χριστὸς,
934 2701 1098 2764 αὐτὸς
1140 2700 1272 2764 Θεός
1319 2700 1437 2752 ἐστι
1481 2698 1579 2751 καὶ
1626 2697 1914 2767 ἄνθρωπος
1941 2711 1956 2725 ·

371 2797 561 2869 ὥσπερ
586 2798 644 2850 ἐν
674 2796 888 2865 θεότητι
911 2793 1142 2856 τέλειος.
1172 2791 1316 2845 οὕτω
1345 2791 1441 2843 καὶ
1486 2792 1544 2842 ἐν
1572 2789 1960 2858 ἀνθρωπότητι

374 2891 597 2950 τέλειος.
653 2887 956 2959 Ὀρθότατα
991 2886 1069 2948 δὲ,
1102 2885 1196 2939 καὶ
1233 2885 1374 2938 πάνυ
1419 2882 1657 2945 συνετῶς
1701 2883 1734 2954 ἡ
1772 2881 1839 2954 σὴ
1865 2899 1958 2936 τε·

372 2984 584 3056 λειότης
606 2981 696 3037 τὸν
731 2980 862 3054 περὶ
887 2977 985 3032 τοῦ
1016 2977 1289 3050 σωτηρίου
1319 2975 1528 3038 πάθους
1567 2974 1841 3028 ἐκτίθεται
1867 2975 1957 3028 λό-

372 3095 492 3146 γον,
523 3077 626 3129 οὑκ
671 3073 831 3128 αὑτὸν
878 3072 972 3126 τὸν
1023 3070 1288 3141 μονογενῆ
1328 3069 1457 3122 Υἱὸν
1485 3067 1579 3120 τοῦ
1615 3065 1775 3132 Θεοῦ,
1820 3066 1960 3121 καθὸ

373 3172 574 3222 νοεῖται
612 3167 709 3221 καὶ¹
741 3165 856 3218 ἔστι
881 3163 1035 3227 Θεὸς,
1078 3161 1272 3216 παθεῖν
1298 3161 1378 3224 είς
1403 3160 1540 3212 ἰδίαν
1571 3158 1734 3226 φύσιν
1759 3157 1829 3211 τὰ
1861 3157 1955 3211 τοῦ

375 3260 631 3328 σώματος
673 3251 1157 3325 διισχυριζομένη·
1201 3251 1399 3306 παθεῖν
1443 3251 1500 3303 δέ
1542 3249 1706 3302 αὑτὸν
1755 3247 1956 3320 μᾶλλον

374 3353 440 3421 τῇ
467 3351 624 3420 χοῖκῇ
653 3347 833 3417 φύσει.
865 3344 1013 3398 Ἔδει
1043 3343 1173 3415 γὰρ,
1204 3341 1312 3395 ἔδει
1337 3340 1524 3410 σαφῶς
1545 3339 1832 3410 ἀμφότερα
1855 3337 1959 3390 σώ-

376 3441 564 3505 ζεσθαι
603 3437 683 3508 τῷ
728 3436 808 3494 ἑνὶ
833 3437 952 3489 κατ’
996 3434 1259 3504 ἀλήθειαν
1291 3431 1428 3502 Υἱῴ,
1464 3431 1560 3484 κα)⁸
1595 3430 1656 3483 τὸ
1723 3428 1798 3500 μὴ
1853 3429 1960 3483 πά-

379 3547 526 3604 σχειν
573 3529 789 3594 θεῖκῶς,
823 3528 918 3580 καὶ
955 3527 1016 3579 τὸ
1045 3525 1300 3595 λέγεσθαι
1333 3523 1528 3577 παθεῖν
1561 3521 1953 3594 ἀνθρωπίνωςο

377 3626 410 3694 ἡ
441 3622 604 3677 αὑτοῦ
631 3621 740 3691 γὰρ
764 3618 999 3674 πέπονθε
1033 3617 1192 3689 σάρξ.

2059 1965 2348 2032 tradimus,
2386 1967 2697 2022 subsistat?
2729 1966 2836 2021 Sed
2880 1967 3142 2037 quoniam
3184 1975 3240 2021 et
3281 1967 3401 2036 ipsa
3443 1965 3500 2020 in
3540 1964 3646 2019 hu-

2059 2059 2324 2113 manitate
2351 2059 2644 2129 perfectio,
2677 2067 2734 2113 et
2759 2058 3082 2114 substantiae
3107 2073 3272 2129 quam
3313 2074 3416 2114 nos
3469 2057 3645 2113 tradi-

2059 2164 2204 2214 mus,
2253 2149 2592 2220 significatio
2642 2166 2744 2221 per
2774 2150 3008 2205 verbum
3057 2150 3202 2205 istud
3227 2190 3242 2215 ,
3275 2151 3643 2214 incarnatam.

2057 2243 2462 2311 comprehensa
2497 2252 2633 2309 est,
2675 2243 2838 2310 inniti
2907 2243 3218 2298 arundineo
3254 2243 3451 2298 baculo
3494 2242 3645 2298 desi-

2058 2341 2212 2387 nant.
2246 2334 2382 2388 Nam
2413 2334 2888 2405 dispensationem
2920 2336 3261 2406 rejicientes,
3295 2345 3350 2390 et
3383 2336 3645 2391 incarna-

2058 2422 2267 2478 tionem
2292 2433 2574 2495 negantes,
2605 2426 2803 2481 merito
2837 2441 3269 2492 accusaremur;
3304 2441 3404 2482 ceu
3438 2427 3642 2481 Filium

2060 2515 2306 2586 perfecta
2336 2517 2680 2574 humanitate
2733 2519 3055 2588 spoliantes.
3090 2519 3161 2574 At
3188 2535 3323 2575 vero
3360 2521 3405 2575 si
3441 2521 3643 2584 dicam,

2060 2607 2116 2662 in
2147 2625 2215 2664 eo
2269 2610 2416 2680 quod
2462 2610 2642 2681 ipsum
2692 2613 3038 2668 incarnatum
3090 2613 3243 2681 dixi,
3292 2615 3643 2685 perspicuam

2060 2699 2402 2770 minimeque
2461 2703 2773 2773 ambiguam
2827 2719 2951 2759 esse
2999 2704 3447 2770 confessionem,
3494 2703 3644 2774 quod

2060 2790 2227 2845 homo
2259 2794 2440 2865 factus
2461 2793 2532 2848 sit
2562 2835 2576 2859 ,
2603 2794 2743 2847 nihil
2795 2802 2880 2849 est
2928 2795 3196 2866 amplius,
3223 2795 3372 2866 quod
3400 2796 3645 2866 cogitare

2061 2890 2230 2950 vetet,
2281 2881 2563 2938 Christum
2587 2901 2758 2940 unum
2784 2895 2840 2940 et
2870 2887 3114 2952 unicum,
3150 2887 3358 2956 pariter
3387 2895 3443 2941 et
3470 2889 3642 2941 Deum

2059 2984 2117 3030 et
2154 2975 2434 3030 hominem
2474 2993 2595 3031 esse
2623 2995 2636 3030 :
2676 2985 2736 3029 ut
2770 2977 3077 3047 perfectum
3109 2979 3162 3032 in
3203 2979 3493 3032 divinitate
3516 3019 3530 3042 ,
3564 2978 3645 3032 sic

2059 3065 2228 3119 etiam
2260 3067 2566 3136 perfectum
2604 3067 2658 3121 in
2689 3068 3056 3124 humanitate.
3110 3069 3439 3125 Rectissime
3485 3085 3642 3133 vero,

2059 3165 2116 3212 et
2167 3159 2464 3213 admodum
2501 3159 2720 3214 erudite
2753 3160 3021 3228 perfectio
3073 3169 3165 3215 tua
3213 3161 3523 3216 doctrinam
3573 3163 3642 3217 de

2060 3251 2315 3320 passione
2342 3251 2570 3306 salutari
2596 3253 2844 3322 exponit,
2869 3267 2996 3307 eum
3013 3268 3123 3308 non
3147 3253 3326 3323 ipsum
3345 3255 3642 3326 unigenam

2055 3342 2154 3398 Dei
2184 3343 2405 3409 Filium,
2445 3350 2722 3415 quatenus
2751 3343 3078 3414 intelligitur
3105 3353 3163 3400 et
3207 3353 3292 3400 est
3322 3346 3488 3411 Deus,
3517 3363 3642 3416 pas-

2057 3451 2179 3491 sum
2212 3436 2267 3490 in
2309 3444 2504 3492 natura
2544 3453 2664 3504 sua,
2707 3437 2830 3508 quae
2860 3437 3068 3492 cadunt
3101 3437 3159 3492 in
3202 3453 3460 3508 corpus.
3499 3439 3645 3493 allir-

2060 3542 2177 3582 mas
2200 3545 2214 3582 :
2234 3529 2329 3584 sed
2354 3529 2542 3599 potius
2572 3545 2699 3585 eum
2732 3538 2929 3585 natura
2959 3539 3174 3586 terrena
3202 3547 3445 3602 passum.
3472 3531 3646 3603 Opor-

2063 3621 2213 3676 tebat
2237 3622 2410 3688 enim,
2445 3623 2738 3693 oportebat
2769 3633 3006 3692 utraque
3037 3624 3330 3680 manifesto
3348 3625 3494 3680 salva
3522 3637 3644 3681 esse

380 3719 475 3775 uni
511 3733 703 3787 reapse
734 3716 910 3780 Filio;
948 3725 1062 3769 tum
1111 3722 1174 3767 ut
1225 3710 1536 3768 divinitatis
1561 3721 1815 3781 respectu
1848 3726 1960 3766 non
1997 3725 2303 3784 pateretur,
2331 3726 2446 3774 tum
2505 3730 2566 3774 ut
2615 3719 2939 3774 humanitus
2962 3734 3083 3775 esse
3113 3735 3310 3790 passus
3333 3721 3643 3776 diceretur:

377 3813 579 3882 quippe
609 3824 739 3866 caro
775 3807 948 3878 ipsius
987 3821 1146 3876 passa
1177 3805 1299 3860 fuit.

459 3903 654 3958 Ίστέον
679 3902 755 3964 δὲ,
787 3901 869 3954 ὅτι
905 3897 1124 3970 πρῶτος
1158 3898 1216 3951 ἐν
1247 3894 1549 3968 ὀρθοδόξοις
1577 3895 1661 3961 τὸ,
1696 3895 1824 3966 μίαν
1858 3895 1961 3965 φύ-

377 4013 460 4049 σιν
498 3993 592 4048 τοῦ
637 3991 772 4046 Θεοῦ
819 3991 994 4058 Λόγου
1055 3988 1502 4062 σεσαρκωμένην,
1553 3983 1706 4040 εἶπεν
1736 3988 1765 4039 6
1808 3986 1962 4056 ἅγιος

376 4085 665 4158 Κύριλλος.
702 4083 790 4137 Ἐν
822 4080 1123 4154 ὀρθοδόξοις
1143 4080 1200 4132 δὲ
1233 4081 1483 4149 εἴπομεν,
1518 4078 1704 4150 ἐπειδὴ
1739 4081 1767 4132 6
1805 4079 1964 4132 Ἀπο-

375 4177 617 4248 λινάριος
649 4172 910 4235 πολλάκις
937 4171 1093 4240 ἔλεγε
1118 4169 1277 4223 τοῦτο
1303 4186 1318 4200 ο
1351 4168 1474 4223 ὅθεν
1507 4170 1600 4222 καὶ
1639 4168 1901 4240 ἐνομίσθη
1935 4171 1963 4222 6

376 4270 533 4337 ἅγιος
567 4264 839 4336 Κύριλλος
873 4262 1024 4334 παρὰ
1065 4262 1176 4316 τῶν
1196 4261 1561 4315 Ἀνατολικῶν
1620 4260 1963 4332 Ἀπολιναρι-

377 4359 506 4430 στὴς
534 4353 696 4421 εἶναι,
723 4357 824 4409 οὐκ
843 4351 911 4427 ἦν
936 4356 1014 4410 es.
1039 4354 1175 4408 Οὐδέ
1205 4355 1314 4427 γὰρ
1344 4355 1464 4408 δέον
1492 4355 1610 4408 ἐστὶ
1636 4354 1836 4421 πάντα,
1859 4357 1962 4410 ὅσα

374 4450 626 4518 λέγουσιν
651 4449 698 4501 οἱ
726 4447 1018 4518 αἱρετικοὶ,
1054 4446 1273 4510 πάντως
1321 4446 1395 4516 μὴ
1442 4446 1695 4516 δέχεσθαι
1729 4463 1741 4477 '
1785 4445 1857 4501 τὰ
1904 4446 1961 4500 δὲ

2134 3897 2224 3952 Ill.
2257 3897 2557 3954 Sciendum
2609 3906 2792 3954 autem
2839 3897 3079 3969 primum
3133 3897 3278 3953 inter
3306 3899 3648 3959 orthodoxos

2063 3986 2329 4059 Cyrillum
2358 3990 2654 4059 protulisse
2688 3991 2922 4044 verbum
2975 3991 3145 4046 illud:
3181 4007 3346 4046 unam
3388 4003 3646 4051 naturam

2064 4079 2162 4134 Dei
2206 4079 2490 4136 Sermonis
2535 4083 2896 4138 incarnatam.
2946 4083 3097 4137 Inter
3141 4083 3481 4140 orthodoxos
3509 4087 3649 4141 dici-

2063 4185 2188 4225 mus
2250 4173 2510 4243 quoniam
2548 4175 2748 4244 saepius
2809 4174 2916 4228 hoc
2956 4173 3269 4244 Apolinaris
3323 4177 3644 4245 repetebat;

2065 4261 2212 4316 unde
2238 4263 2468 4328 factum,
2506 4272 2566 4317 ut
2600 4271 2824 4318 sanctus
2850 4263 3091 4335 Cyrillus
3121 4279 3220 4333 pro
3274 4264 3648 4334 Apolinarista

2065 4353 2138 4408 sit
2171 4353 2395 4410 habitus
2426 4355 2496 4410 ab
2530 4354 2943 4419 Orientalibus,
3004 4371 3130 4410 cum
3183 4356 3308 4410 talis
3333 4372 3445 4410 non
3475 4366 3643 4412 esset.

2062 4445 2176 4500 Nec
2208 4445 2359 4500 enim
2396 4461 2622 4501 necesse
2659 4455 2744 4504 est
2783 4447 2967 4502 omnia
2992 4489 3007 4512 ,
3057 4464 3405 4518 qmecunque
3453 4448 3648 4503 dicunt

375 4543 523 4597 κακὰ
575 4539 1006 4596 ἀποϐάλλεσθαι.
1068 4539 1462 4612 Παραφέρουσι
1512 4540 1569 4593 δὲ
1631 4541 1726 4595 καὶ⁵
1766 4540 1956 4613 ἑτέραν

2067 4535 2335 4602 haeretici,
2363 4538 2591 4592 omnino
2623 4553 2732 4592 non
2768 4539 3022 4606 admitti;
3058 4541 3200 4596 mala
3229 4540 3456 4609 quidem
3492 4541 3646 4611 rejici

375 4636 576 4705 χρῆσιν
615 4633 691 4697 ὡς
726 4632 835 4686 ἀπὸ
867 4631 965 4686 τοῦ
1001 4632 1276 4704 μακαρίου
1319 4633 1564 4696 Ἰουλίου,
1597 4633 1858 4705 κειμένην
1897 4637 1955 4689 ἐν

372 4727 439 4796 τῇ
472 4723 608 4796 πρὸς
639 4722 918 4777 Διονύσιον
940 4723 1034 4776 τὸν
1061 4722 1326 4794 Κορίνθου
1352 4723 1650 4778 ἐπίσκοπον
1672 4725 1952 4797 ἐπιστολῇ,

371 4813 439 4890 ἧς
475 4819 510 4889 ἢ
534 4815 698 4888 ἀρχὴν
728 4814 1009 4886 Θαυμάζω
1058 4814 1514 4883 πυνθανόμενος
1563 4816 1701 4882 περι
1754 4832 1952 4873 τινων.

373 4911 482 4965 Καὶ
505 4909 654 4963 ἐστιν
689 4911 723 4980 ἡ
757 4909 950 4980 χρῆσις
986 4906 1214 4977 τοιαύτη
1240 4924 1254 4938 ο
1302 4907 1545 4978 Ἀνάγκη
1568 4909 1698 4977 γὰρ,
1739 4907 1834 4960 δύο
1863 4907 1954 4961 λέ-

370 5019 572 5072 γοντας
618 5001 819 5065 αὐτοὺς
865 4999 1081 5070 φύσεις,
1118 4999 1217 5073 τὴν
1248 4999 1346 5072 μὲν
1381 5002 1732 5071 προσκυνεῖν,
1765 5000 1864 5072 τὴν
1896 5000 1954 5055 δὲ

374 5096 451 5169 μὴ
486 5096 815 5167 προσκυνεῖν
845 5111 858 5125 ·
885 5093 981 5149 καὶ
1012 5086 1092 5159 είς
1135 5093 1235 5165 μὲν
1272 5093 1422 5148 θείαν
1454 5093 1837 5164 βαπτίζεσθαι,
1872 5096 1954 5158 εἰς

368 5187 425 5241 δὲ
465 5186 563 5258 τὴν
609 5185 964 5257 ἀνθρωπίνην
1008 5185 1085 5256 μὴ
1132 5184 1541 5255 βαπτίζεσθαι·
1583 5186 1678 5238 καὶ
1703 5183 1867 5255 ἔτερα
1897 5185 1955 5238 δὲ

367 5281 540 5334 πολλὰ
567 5282 745 5334 κεῖται
775 5282 832 5333 ἐν
863 5280 932 5350 τῇ
964 5279 1219 5349 ἐπιστολῇ
1267 5277 1460 5350 ταύτῃ.
1515 5277 1707 5347 Ἡμεῖς
1747 5277 1803 5330 δὲ
1842 5276 1952 5330 ἀπὺ

368 5370 580 5426 πολλῶν
605 5371 978 5440 διελέγχομεν,
1008 5369 1083 5441 μὴ
1122 5365 1262 5424 εἶναι
1301 5371 1400 5441 τὴν
1431 5369 1720 5440 ἐπιστολὴν
1750 5368 1952 5439 ταύτην

363 5464 458 5518 τοῦ
490 5462 764 5535 μακαρίου
807 5461 1051 5526 Ἰουλίου,
1077 5461 1216 5516 ἀλλὰ
1241 5461 1336 5514 τοῦ
1365 5461 1764 5531 Ἀπολιναρίου.
1787 5461 1949 5530 Πρῶ-

363 5571 455 5608 τον
479 5553 602 5624 μὲν,
637 5555 718 5607 ὅτι
751 5552 804 5606 εἴ
832 5570 915 5617 τις
941 5551 1186 5624 ἀκριϐῶς
1215 5552 1503 5622 σκοπήσοι,
1541 5551 1694 5605 οὐδὲν
1724 5552 1950 5622 φέρεται

364 5642 460 5696 τοῦ
493 5644 768 5716 μακαρίου
815 5642 1062 5696 Ἰουλίου.
1111 5642 1274 5697 Ἀλλά
1312 5644 1409 5696 καὶ
1443 5643 1498 5694 αἱ
1542 5641 1682 5695 ἑπτὰ
1730 5645 1950 5696 ἐπιστο-

364 5732 476 5800 λαὶ,
502 5733 569 5797 ἃς
595 5733 849 5803 λέγουσιν
889 5732 1030 5788 εἶναι
1061 5734 1251 5799 αὑτοῦ,
1289 5731 1383 5787 τοῦ
1440 5733 1816 5806 Ἀπολιναρίου
1869 5736 1950 5788 εί-

368 5825 474 5882 σίν.
512 5828 764 5895 Ἔπειτα,
792 5830 872 5882 ὅτι
907 5826 1170 5899 μνησθεὶς
1204 5829 1262 5881 ἐν
1286 5826 1422 5898 αὐτῇ
1449 5828 1515 5898 τῇ
1547 5827 1803 5900 ἐπιστολῇ
1837 5826 1944 5880 σώ-

2066 4623 2291 4680 debent.
2316 4625 2568 4682 Afferunt
2586 4627 2734 4681 aliud
2760 4643 2979 4698 quoque
2993 4627 3227 4695 dictum,
3256 4629 3407 4683 velut
3433 4645 3464 4682 a
3487 4629 3648 4683 beato

2063 4716 2210 4772 Julio
2225 4717 2555 4787 profectum,
2583 4718 2732 4789 quod
2757 4720 2987 4774 exsistat
3010 4719 3068 4774 in
3093 4720 3330 4790 epistola
3353 4720 3555 4790 scripta
3576 4721 3646 4775 ad

2062 4808 2385 4880 Dionysium
2416 4809 2670 4864 Corinthi
2699 4811 3039 4881 episcopum,
3073 4812 3231 4883 cujus
3263 4812 3481 4866 initimn
3514 4822 3598 4867 est
3628 4830 3642 4867 :

2061 4900 2228 4954 Miror
2253 4902 2316 4954 de
2340 4901 2658 4972 quibusdam
2697 4903 2940 4956 audiens.
2974 4903 3182 4973 Estque
3214 4903 3421 4958 dictum
3453 4903 3647 4972 hujus-

2061 4993 2276 5048 cemodi
2308 5011 2320 5047 :
2351 4994 2588 5050 Necesse
2608 5002 2694 5049 est
2711 5009 2830 5063 eos,
2859 5010 2984 5050 eum
3015 4995 3154 5049 duas
3174 5004 3401 5049 naturas
3428 4993 3641 5059 dicunt,

2060 5101 2227 5140 unam
2257 5085 2490 5140 adorare
2513 5126 2528 5151 ,
2583 5086 2813 5140 alteram
2844 5101 2954 5140 non
2989 5086 3222 5140 adorare
3249 5103 3264 5150 ;
3313 5099 3378 5139 ac
3412 5084 3466 5137 in
3495 5083 3644 5138 divi-

2058 5197 2186 5235 nam
2215 5180 2440 5250 quidem
2471 5181 2766 5251 baptizari,
2793 5189 2850 5234 at
2897 5181 2953 5234 in
2988 5180 3286 5234 humanam
3316 5193 3428 5232 non
3459 5178 3640 5248 bapti-

2058 5270 2171 5324 zari
2201 5289 2215 5325 :
2246 5271 2463 5340 aliaque
2514 5271 2672 5340 plura
2718 5269 2906 5324 istbzec
2947 5268 3180 5338 epistola
3229 5267 3496 5322 continet.
3529 5267 3638 5323 Sed

2058 5379 2160 5418 nos
2185 5362 2526 5433 argumentis
2555 5359 2813 5430 pluribus
2841 5359 3228 5414 convincimus
3250 5397 3265 5422 ,
3326 5373 3437 5411 non
3486 5357 3637 5413 illam

2054 5455 2344 5527 epistolam
2391 5469 2512 5508 esse
2565 5453 2714 5507 beati
2775 5451 2925 5506 illius
2960 5450 3091 5506 Julii
3121 5490 3135 5514 ,
3172 5449 3269 5504 sed
3302 5448 3634 5518 Apolinaris.

2053 5547 2301 5602 Primum
2332 5561 2400 5600 ex
2435 5561 2502 5600 eo
2548 5544 2696 5614 quod
2733 5544 2778 5597 si
2825 5543 2950 5613 quis
2982 5557 3103 5596 eam
3131 5540 3413 5596 subtiliter
3446 5541 3635 5595 consi-

2053 5640 2244 5700 deret.
2272 5638 2412 5692 nihil
2438 5637 2660 5692 Iuliano
2690 5637 2916 5706 dignum
2962 5635 3186 5688 nomine
3218 5632 3421 5686 habeat
3452 5649 3466 5686 :
3499 5633 3633 5701 quin

2051 5744 2107 5790 et
2128 5743 2339 5805 septem
2364 5735 2469 5788 illac
2498 5733 2746 5803 epistola:
2769 5747 2908 5801 quas
2931 5733 3052 5802 ejus
3075 5745 3196 5786 esse
3221 5729 3434 5790 dicunt,
3486 5729 3636 5797 Δρο-

2051 5828 2244 5883 Iinaris
2283 5835 2428 5882 sunt.
2465 5825 2694 5892 Deinde,
2743 5825 2890 5895 quod
2927 5825 2980 5880 in
3016 5823 3208 5878 eadem
3243 5820 3479 5892 epistola
3508 5837 3620 5875 cor-
