4148 6438
588 424 725 488 1955

1861 424 2170 484 LEONTII
2216 421 2615 482 BYZANTINI

3712 422 3838 486 1255

585 539 737 611 poris
764 536 1042 592 mentione
1067 535 1229 599 facta,
1272 548 1543 603 nusquam
1574 532 1625 587 id
1661 544 1843 589 mente
1868 534 2161 604 prmditum

2273 550 2459 602 ματος,
2488 531 2726 601 οὐδαμοῦ
2753 534 2939 605 νοερὸν
2963 528 3140 599 εἶπεν,
3185 536 3217 605 ἢ
3265 535 3532 607 ἔμψυχον.
3589 538 3745 601 Ἔθος
3788 542 3841 594 δὲ

583 632 670 685 vel
696 630 1001 683 animatum
1025 627 1247 681 dixerit.
1286 627 1417 681 Erat
1444 635 1626 681 autem
1651 627 1706 680 in
1733 642 1884 681 more
1908 627 2164 682 Patribus

584 721 731 775 illius
761 719 943 774 δεουιί
972 759 987 783 ,
1021 728 1081 772 ιιι
1130 718 1305 772 sicubi
1354 718 1605 787 corporis
1632 718 1973 772 mentionem
2016 717 2164 771 facc-

582 820 736 875 reut,
794 809 849 864 id
878 809 1058 878 ipsum
1101 818 1281 862 mente
1313 808 1598 877 prmditum
1634 807 2047 877 animatumque
2077 808 2165 861 di-

582 907 773 956 cereut
807 916 820 953 :
851 898 1000 968 quod
1032 897 1255 967 quidem
1290 912 1462 965 usque
1510 896 1649 950 adeo
1690 913 1886 951 verum
1924 905 2008 951 est
2031 937 2045 961 ,
2104 904 2165 949 ut

584 991 1074 1047 reformidantibus
1107 990 1189 1043 cis
1215 989 1320 1042 hoc
1349 988 1579 1053 crimen,
1625 987 1860 1057 ideoque
1902 986 2166 1054 deinceps

582 1087 704 1139 illas
731 1100 931 1138 voces:
962 1090 1131 1135 mente
1158 1081 1437 1151 praeditum
1462 1089 1510 1132 et
1549 1081 1868 1145 animatum,
1900 1079 2165 1149 adjicien-

585 1176 755 1239 tibus,
785 1174 922 1228 nulli
949 1173 1318 1243 posteriorum
1344 1172 1470 1225 libri
1494 1174 1864 1241 reperiantur,
1892 1172 1986 1240 qui
2022 1171 2166 1224 hanc

582 1280 837 1322 veterum
889 1266 1250 1337 appendicem
1306 1282 1417 1318 non
1470 1266 1729 1319 habeant.
1786 1266 2056 1319 Prmterea
2097 1264 2165 1316 de

583 1365 691 1417 hoc
721 1378 942 1432 quoque
996 1376 1109 1415 non
1144 1360 1286 1413 beati
1318 1359 1493 1422 Julii,
1540 1358 1635 1412 sed
1675 1358 1992 1427 Apolinaris
2043 1371 2166 1410 esse

588 1456 973 1525 redarguitur:
996 1454 1143 1524 quod
1176 1453 1456 1522 Nyssenus
1480 1452 1568 1504 ille
1589 1450 1890 1521 Gregorius
1918 1450 1970 1503 in
1998 1465 2165 1519 opere

587 1560 780 1605 contra
817 1547 1155 1617 Apolinarim
1196 1554 1385 1615 aperte
1439 1543 1611 1597 multa
1645 1544 1874 1607 recitet,
1911 1558 2033 1613 qua:
2066 1542 2168 1595 bac

587 1640 821 1709 epistola
874 1636 1228 1691 continentur
1262 1676 1276 1701 ,
1311 1650 1485 1704 eaque
1525 1648 1628 1687 ceu
1678 1649 1847 1702 prava
1877 1673 1891 1697 ,
1938 1632 2163 1686 refutet.

586 1732 777 1785 Potest
802 1739 851 1782 el
883 1726 1105 1781 aliunde
1134 1724 1409 1790 convinci,
1438 1724 1583 1793 quod
1615 1722 1761 1777 beati
1782 1722 1910 1777 Julii
1942 1738 2051 1775 non
2072 1720 2162 1773 sit.

587 1825 756 1879 Aiunt
777 1822 924 1877 enim
942 1821 1080 1875 actis
1102 1818 1296 1891 synodi
1321 1817 1611 1887 Ephesium
1642 1815 1745 1870 sub
1777 1814 1939 1869 beato
1963 1813 2167 1884 Cyrillo

2266 620 2413 695 εἶχον
2468 628 2516 678 οἱ
2564 626 2687 680 κατ’
2729 628 2937 681 ἐκεῖνον
2967 628 3059 681 τὸν
3095 630 3287 699 καιρὸν
3316 631 3581 702 Πατέρες,
3614 631 3740 685 ἔνθα
3779 634 3843 688 ἂν

2270 717 2552 786 μνησθῶσι
2584 717 2680 771 τοῦ
2717 718 2994 789 σώματος,
3025 719 3088 773 τὸ
3125 721 3311 790 νοερὸν
3341 722 3523 790 λέγειν
3554 725 3648 777 καὶ
3673 725 3841 795 ἔμψυ-

2266 827 2399 881 χον·
2442 811 2537 863 καὶ
2568 810 2823 865 τοσοῦτόν
2880 814 2996 865 ἔστι
3026 812 3183 866 τοῦτο
3234 814 3453 883 ἀληθὲς,
3499 817 3581 871 ὅτι
3638 818 3845 890 ὑφορώ-

2270 921 2421 973 μενοι
2458 903 2617 957 τοῦτο
2652 906 2713 957 τὸ
2756 904 3031 976 ἔγκλημα,
3082 908 3435 977 προσέθηκαν
3484 909 3731 980 ὕστερον,
3785 915 3845 966 τὸ

2265 996 2480 1063 νοερὸν
2506 997 2602 1050 καὶ
2637 997 2696 1050 τὸ
2726 997 3009 1067 ἔμψυχον
3040 1015 3053 1029 ’
3086 1001 3181 1052 καὶ
3216 1001 3315 1054 οὐκ
3349 1001 3497 1056 ἐστιν
3527 1004 3707 1074 εὑρεῖν
3728 1023 3847 1059 τινα

2267 1087 2377 1140 τῶν
2405 1091 2887 1161 μεταγενεστέρων
2924 1091 3126 1160 βιϐλία,
3166 1094 3241 1161 μὴ
3267 1093 3459 1163 ἔχοντα
3482 1097 3581 1165 τὴν
3607 1099 3843 1168 προσθή-

2268 1196 2371 1248 κην
2404 1179 2515 1233 τῶν
2553 1180 2825 1234 παλαιῶν.
2863 1181 2983 1235 Ὀτι
3017 1183 3074 1235 δὲ
3105 1185 3201 1235 καὶ
3245 1188 3308 1237 ὲκ
3339 1186 3531 1239 τούτου
3568 1189 3845 1259 ἐλέγχεται

2267 1270 2361 1321 τοῦ
2410 1270 2789 1342 Ἀπολιναρίου
2825 1268 2979 1337 οὖσα,
3012 1275 3105 1328 καὶ
3125 1277 3225 1329 οὐκ
3251 1277 3417 1331 αὑτοῦ
3448 1278 3541 1333 τοῦ
3575 1283 3845 1352 μακαρίου

2282 1362 2505 1445 Ἰουλίου
2531 1380 2544 1392 ·
2572 1363 2870 1433 Γρηγὸριος
2900 1365 3010 1435 γὰρ
3039 1366 3066 1417 ὁ
3094 1365 3320 1438 Νύσσης
3349 1369 3408 1421 ἐν
3434 1373 3498 1439 τῇ
3524 1372 3661 1441 πρὸς
3694 1372 3848 1426 Ἀπο-

2270 1454 2513 1525 λινὰριον
2540 1457 2898 1528 πραγματείᾳ
2937 1458 3186 1526 φαίνεται
3232 1463 3584 1531 μεμνημένος
3641 1464 3846 1517 πολλῶν

2268 1540 2379 1593 τῶν
2412 1542 2470 1592 ἐν
2508 1544 2572 1610 τῇ
2611 1544 2867 1614 ἐπιστολῇ
2900 1544 3094 1618 ταύτῃ,
3126 1548 3220 1600 καὶ
3254 1549 3579 1621 ἀνατρέπων
3608 1552 3746 1607 αὐτὰ
3775 1554 3847 1616 ὼς

2271 1631 2458 1693 κακῶς
2491 1632 2706 1701 ἔχοντα.
2748 1635 2903 1688 Ἐστι
2929 1637 2984 1689 δὲ
3008 1639 3101 1690 καὶ
3124 1638 3233 1691 ἀπὸ
3260 1640 3421 1694 ἄλλου
3452 1644 3625 1715 αὐτὴν
3646 1644 3847 1710 διελέγ-

2271 1724 2357 1791 ξαι
2383 1725 2456 1794 μὴ
2486 1724 2654 1779 οὖσαν
2686 1725 2781 1778 τοῦ
2824 1729 3095 1798 μακαρίου
3146 1729 3387 1783 Ἰουλίου.
3425 1732 3565 1785 Φασὶ
3598 1732 3705 1804 γὰρ
3739 1737 3850 1787 κεῖ-

2274 1819 2400 1873 σθαι
2437 1819 2604 1890 αὐτὴν
2631 1822 2689 1874 ἐν
2723 1824 2835 1885 τοῖς
2878 1822 3203 1892 πραχθεῖσιν
3247 1825 3305 1876 ὲν
3359 1825 3572 1896 Ἐφέσῳ
3616 1827 3710 1879 ἐπὶ
3756 1826 3849 1880 τοῦ

588 1918 851 1971 insertam
881 1931 895 1968 :
934 1912 1081 1983 quod
1112 1910 1337 1981 quidem
1368 1918 1558 1979 aperte
1611 1907 1981 1961 mentiuntur.
2031 1906 2167 1959 Nam

2273 1912 2547 1983 μακαρίου
2585 1912 2856 1983 Κυρίλλου
2890 1931 2901 1942 ·
2937 1916 3031 1969 καὶ⁹
3068 1915 3356 1983 ψεύδονται
3392 1920 3664 1991 φανερῶς.
3690 1923 3851 1978 Οὐδὲν

590 2008 669 2062 ibi
700 2007 837 2061 nihil
874 2006 927 2059 in
956 2015 1107 2059 textu
1149 2003 1254 2057 tale
1288 2000 1565 2071 reperitur
1589 2040 1603 2063 ,
1660 1997 1757 2053 sed
1786 1998 1892 2051 alia
1918 1996 2170 2067 quaedam

591 2101 801 2153 inserta
825 2104 908 2151 est
931 2094 1189 2165 epistola,
1222 2093 1375 2147 velut
1407 2108 1437 2145 a
1462 2091 1608 2145 Julio
1632 2090 1870 2160 scripta;
1903 2104 2007 2142 nec
2053 2087 2169 2158 ipsa

587 2191 751 2256 Julii,
813 2188 910 2242 sed
964 2184 1240 2241 Timothei
1276 2201 1288 2237 :
1322 2182 1788 2252 quemadmodum
1858 2180 1928 2234 de
1982 2180 2172 2234 multis

589 2280 999 2351 exemplaribus
1029 2276 1259 2345 intelligi
1290 2280 1491 2344 potest.
1539 2273 1834 2327 Enimvero
1877 2287 2000 2325 cum
2030 2270 2170 2323 nihil

590 2374 752 2428 nobis
784 2372 1131 2434 adversetur,
1165 2368 1315 2440 quod
1344 2384 1462 2422 eam
1478 2367 1613 2422 Julii
1645 2366 1850 2431 dicant,
1879 2364 2036 2421 flocci
2068 2362 2172 2418 sei-

590 2466 721 2519 licet
766 2463 1102 2519 faciendum.

662 2556 749 2611 ιν.
797 2554 1095 2610 Proferunt
1128 2551 1289 2607 nobis
1321 2560 1375 2605 et
1405 2550 1571 2604 aliam
1601 2548 1896 2620 quamdam
1928 2548 2171 2603 aucturi-

592 2658 758 2703 tatem
790 2648 960 2702 sancti
994 2646 1244 2716 Gregorii
1270 2686 1282 2710 ,
1339 2660 1503 2714 quem
1533 2642 1910 2712 prodigiorum
1941 2642 2167 2695 effecto-

593 2754 708 2792 rem
743 2737 1125 2801 nominamus,
1178 2751 1245 2790 ex
1275 2736 1424 2789 illius
1452 2734 1799 2788 confessione
1831 2732 1980 2797 fidei,
2012 2748 2169 2787 seor-

591 2846 714 2885 sum
750 2830 1021 2899 exposita.
1050 2828 1167 2883 Non
1190 2828 1329 2883 duas
1364 2842 1655 2897 personas,
1676 2826 1877 2895 inquit,
1904 2840 2011 2879 non
2034 2825 2173 2879 duas

590 2933 855 2987 naturas;
889 2922 1017 2990 quia
1052 2934 1165 2974 non
1192 2918 1470 2973 adoranda
1500 2926 1631 2972 sunt
1669 2925 1910 2986 quatuor
1945 2935 1957 2969 :
1985 2926 2041 2971 et
2068 2916 2175 2970 alia

589 3032 713 3086 qua:
745 3022 1071 3084 sequuntur.
1102 3012 1183 3067 Ad
1212 3012 1316 3065 hoc
1360 3025 1579 3080 quoque
1606 3008 2021 3079 respondemus,
2054 3008 2172 3077 pri-

591 3121 742 3160 mum
776 3104 844 3158 de
872 3104 975 3157 hac
1026 3102 1217 3157 itidem
1268 3100 1581 3155 dubitatum
1627 3099 1773 3169 apud
1810 3098 2171 3167 antiquiores,

2269 2002 2379 2071 γὰρ
2409 2002 2652 2054 τοιοῦτον
2701 2005 2883 2056 κεῖται
2921 2004 3054 2065 ἐκεί,
3109 2004 3247 2057 ἁλλὰ
3290 2006 3428 2076 ἁλλη
3468 2009 3619 2061 ἐστίν
3656 2010 3689 2079 ἠ
3743 2027 3853 2063 κει-

2275 2095 2412 2164 μένη
2447 2095 2585 2157 ἐκεῖ,
2619 2095 2693 2157 ὡς
2728 2094 2837 2146 ἀπὸ
2879 2094 2975 2147 τοῦ
3024 2096 3268 2162 Ἰουλίου,
3299 2098 3421 2167 ἥτις
3459 2100 3585 2153 οὐδὲ
3636 2101 3851 2154 Ἰουλίου

2273 2186 2440 2248 ἐστὶν,
2474 2184 2611 2238 ἀλλὰ
2640 2184 2931 2253 Τιμοθέου,
2983 2187 3059 2248 ὡς
3105 2186 3252 2240 ἐστιν
3295 2187 3404 2240 ἀπὸ
3454 2189 3667 2243 πολλῶν
3708 2191 3852 2243 ἀντι-

2272 2277 2501 2347 γράφων
2535 2276 2899 2346 καταμαθείν.
2950 2277 3089 2330 Ἀλλ’
3128 2280 3319 2351 ἐπειδὴ
3349 2281 3494 2335 κατὰ
3528 2283 3693 2353 μηδὲν
3726 2285 3852 2353 ἡμῖν

2271 2366 2631 2433 ἐναντιοῦται,
2689 2368 2739 2419 εί
2801 2368 2895 2421 καὶ
2949 2368 3173 2422 Ἰουλίου
3228 2372 3433 2443 ταύτην
3488 2373 3737 2439 εἴπωσιν,
3792 2374 3849 2426 οὐ

2271 2459 2635 2530 φροντιστέον.

2356 2552 2519 2605 Ἀλλὰ
2549 2552 2645 2605 καὶ
2685 2552 2853 2625 ἄλλην
2895 2554 3027 2624 ἡμῖν
3074 2554 3274 2626 χρῆσιν
3308 2557 3743 2629 παραφέρουσιν,
3779 2558 3849 2621 ὡς

2274 2644 2495 2698 ἀπὸτοῦ
2537 2644 2696 2712 ἁγίου
2730 2644 3036 2717 Γρηγορίου
3070 2646 3163 2698 τοῦ
3199 2646 3647 2721 Θαυματουργοῦ,
3669 2652 3730 2703 ὲκ
3753 2650 3846 2719 τῆς

2275 2733 2419 2785 κατὰ
2445 2731 2612 2803 μέρος
2650 2732 2906 2797 πίστεως.
2943 2734 3016 2786 Οὐ
3051 2732 3147 2787 δύο
3176 2736 3471 2806 πρόσωπα,
3517 2738 3577 2791 οῦ
3622 2738 3715 2791 δύο
3746 2739 3843 2807 φύ-

2277 2840 2391 2885 σεις
2423 2840 2437 2854 ο
2462 2824 2523 2875 οὐ
2552 2824 2633 2877 δεῖ
2653 2825 2761 2895 γὰρ
2779 2826 3023 2897 τέσσαρα
3046 2831 3393 2898 προσκυνεῖν,
3418 2832 3519 2884 καὶ
3542 2830 3609 2884 τὰ
3635 2830 3842 2901 ἐφεξῆς.

2275 2916 2522 2986 Λέγομεν
2541 2916 2598 2969 δὲ
2630 2916 2725 2970 καὶ
2764 2918 2901 2988 πρὸς
2948 2919 3129 2985 τοῦτο,
3195 2921 3277 2973 ὅτι
3331 2920 3555 2992 πρῶτον
3620 2924 3716 2995 μὲν
3763 2924 3848 2974 καὶ

2276 3007 2419 3079 αὕτη
2448 3008 2775 3080 ἁμφεὸλήθη
2818 3011 2969 3081 παρὰ
2997 3013 3112 3073 τοῖς
3152 3012 3557 3084 παλαιοτέροις,
3607 3014 3681 3085 μὴ
3720 3010 3847 3065 εἶναι

2275 3097 2370 3150 τοῦ
2404 3098 2563 3165 ἁγίου
2596 3098 2899 3170 Γρηγορίου
2923 3114 2938 3127 °
2974 3100 3161 3154 ἔπειτα
3188 3102 3494 3172 Γρηγόριος
3520 3106 3548 3157 ὁ
3577 3106 3848 3167 Νυσσαεὺς

591 3213 659 3251 an
695 3197 767 3250 sit
800 3194 1072 3265 Gregorii.
1103 3194 1312 3249 Deinde
1342 3192 1641 3262 Gregorius
1668 3191 1946 3263 Nyssenus
1970 3191 2169 3244 oratio-

2278 3190 2508 3283 γράφων
2543 3190 2830 3259 ἐπιτάφιον
2860 3192 2940 3254 είς
2963 3192 3055 3245 τὸν
3083 3193 3519 3265 Θαυματουργὺν
3547 3196 3715 3265 λέγει,
3746 3213 3846 3265 μη-

592 3305 718 3343 nem
751 3288 819 3341 de
868 3288 962 3342 illo
999 3286 1377 3357 prodigiorum
1409 3285 1671 3339 effectore
1712 3282 2000 3337 funebrem
2037 3282 2169 3337 scri-

2276 3280 2363 3332 δὲν
2395 3279 2733 3353 σύγγραμμα
2769 3284 3035 3354 φέρεσθαι
3061 3287 3250 3351 αὐτοῦ,
3301 3288 3349 3340 εἰ
3409 3288 3491 3359 μὴ
3545 3290 3708 3359 μόνην
3756 3288 3849 3356 τὴν

597 3382 755 3442 bens,
774 3380 985 3434 nullum
1003 3379 1083 3433 ait
1098 3394 1237 3449 opus
1254 3377 1431 3447 ipsius
1454 3375 1510 3428 in
1534 3374 1787 3429 manibus
1805 3388 1946 3435 esse,
1974 3380 2175 3442 pra‘ter

594 3474 764 3527 solam
812 3470 975 3525 fidem
1023 3486 1188 3540 quam
1239 3469 1293 3523 in
1330 3467 1543 3521 visione
1576 3464 1946 3534 conspexerit.
1998 3463 2174 3517 Aliam

593 3577 814 3634 quoque
846 3560 1131 3631 proferunt
1163 3557 1550 3613 auctoritatem
1585 3554 1762 3610 sancti
1799 3553 2079 3608 Athanasii
2108 3569 2175 3606 ex

594 3654 855 3710 Oratione
892 3651 959 3706 de
988 3650 1390 3712 incarnatione,
1435 3662 1557 3716 qum
1604 3644 1825 3714 quidem
1858 3643 2173 3713 hujusmodi

593 3756 678 3802 est
708 3765 721 3799 :
759 3744 1027 3800 Eumdem
1050 3758 1171 3798 esse
1204 3741 1301 3796 Dei
1329 3740 1548 3802 Filium,
1601 3737 1815 3791 ratione
1839 3736 2088 3805 spiritus,
2120 3743 2176 3788 et

595 3836 841 3889 hominis
868 3834 1091 3897 Filium,
1134 3831 1351 3885 ratione
1379 3828 1566 3883 carnis
1596 3844 1609 3879 :
1648 3842 1758 3880 non
1784 3826 1920 3880 duas
1950 3836 2176 3879 naturas

594 3943 765 3982 unum
795 3926 948 3980 illum
985 3924 1207 3986 Filium,
1242 3936 1476 3991 quarum
1504 3934 1611 3973 una
1633 3918 1704 3973 sit
1730 3916 2029 3983 adoranda,
2064 3933 2173 3970 non

593 4018 870 4073 adoranda
902 4017 971 4071 sit
1001 4016 1207 4070 altera:
1228 4013 1323 4067 sed
1359 4028 1521 4066 unam
1548 4019 1802 4065 naturam
1837 4009 1929 4064 Dei
1956 4009 2177 4063 Sermo-

593 4114 679 4167 nis
707 4112 1066 4165 incarnatam.
1104 4104 1526 4177 Respondemus
1556 4104 1759 4175 primo.
1808 4102 2016 4157 dictum
2069 4101 2174 4156 hoc

592 4201 755 4256 nobis
787 4216 898 4254 non
938 4196 1240 4253 adversari.
1295 4196 1416 4250 Non
1463 4195 1613 4250 enim
1662 4193 1801 4248 duas
1828 4200 2054 4246 naturas
2100 4192 2173 4244 ita

594 4292 868 4347 tradimus
892 4330 906 4354 ,
942 4299 1002 4343 ut
1031 4288 1293 4343 adoretur
1324 4302 1430 4341 una
1453 4326 1468 4351 ,
1514 4302 1626 4341 non
1660 4285 1925 4340 adoretur
1954 4284 2125 4337 altera
2156 4299 2169 4335 :

592 4383 688 4439 sed
730 4397 894 4436 unam
934 4380 1232 4435 statuimus
1278 4392 1400 4432 esse
1432 4386 1687 4433 naturam
1741 4376 1837 4433 Dei
1889 4376 2173 4431 Sermonis

594 4476 956 4529 iucarnatam.
988 4470 1196 4525 Deinde
1224 4486 1294 4525 ne
1333 4470 1558 4540 quidem
1594 4478 1678 4524 est
1706 4469 2171 4525 Athanasiimam

2280 3372 2489 3436 πίστιν,
2537 3373 2603 3443 ἢν
2639 3374 2782 3428 κατὰ
2812 3375 3082 3430 ὀπτασίαν
3121 3373 3281 3432 εἶδεν.
3326 3379 3454 3432 Ἔτι
3486 3380 3542 3432 δὲ
3573 3380 3663 3433 καὶ
3692 3377 3849 3438 ἄλλην

2279 3464 2661 3537 παραφέρουσι
2687 3466 2904 3535 χρῆσιν,
2940 3468 3015 3531 ὡς
3041 3469 3149 3521 ἀπὸ
3177 3470 3270 3522 τοῦ
3313 3470 3479 3537 ἁγίου
3542 3468 3846 3524 Ἀθανασίου

2277 3558 2342 3609 ἐκ
2368 3558 2461 3610 τοῦ
2495 3558 2621 3628 περὶ⁵
2663 3560 2992 3629 σαρκώσεως
3048 3561 3228 3631 λόγου.
3274 3564 3428 3617 Ἔστι
3486 3564 3544 3617 δὲ
3598 3564 3845 3631 τοιαύτη⁶

2280 3650 2389 3702 Καὶ
2448 3648 2589 3705 εἷναι
2638 3651 2732 3704 τὸν
2765 3653 2930 3706 αὑτὸν
2978 3654 3106 3707 Υίὺν
3137 3656 3271 3707 Θεοῦ
3303 3657 3452 3708 κατὰ
3492 3658 3725 3727 πνεῦμα,
3763 3653 3848 3708 καὶ

2280 3740 2409 3794 Υἱὸν
2446 3740 2737 3812 ἀνθρώπου
2762 3746 2905 3798 κατὰ
2940 3745 3122 3816 σάρκα
3150 3763 3163 3776 ·
3205 3747 3267 3798 οὐ
3306 3745 3400 3799 δύο
3421 3748 3621 3816 φύσεις
3652 3748 3738 3800 τὸν
3761 3746 3848 3798 ἕνα

2277 3832 2427 3894 Υίόν,
2462 3833 2592 3903 μίαν
2633 3836 3033 3908 προσκυνητὴν,
3075 3837 3170 3913 καί⁵
3220 3838 3347 3907 μίαν
3396 3840 3847 3912 ἁπροσκύνητονο

2276 3922 2413 3977 ἀλλὰ
2461 3923 2589 3993 μίαν
2646 3924 2807 3993 φύσιν
2853 3927 2946 3979 τοῦ
2996 3928 3131 3980 Θεοῦ
3185 3929 3359 3997 Λόγου
3408 3931 3845 4003 σεσαρκωμένην.

2278 4020 2423 4090 Πρὸς
2458 4017 2618 4073 τοῦτο
2675 4019 2929 4089 λέγομεν,
2983 4022 3065 4073 ὅτι
3112 4021 3325 4092 πρῶτον
3377 4022 3484 4091 μὲν
3528 4024 3678 4076 οὐδὲν
3728 4023 3848 4091 ἡμῖν

2277 4112 2637 4167 ἐναντιοῦται.
2683 4113 2815 4167 Οὐδὲ
2864 4115 2971 4185 γὰρ
3017 4114 3311 4185 δοξάζομεν
3354 4116 3454 4169 δύο
3504 4118 3711 4184 φύσεις,
3756 4114 3847 4183 τὴν

2280 4204 2379 4273 μὲν
2417 4204 2821 4273 προσκυνητὴν,
2851 4205 2950 4275 τὴν
2980 4204 3035 4258 δὲ
3085 4205 3515 4279 ἁπροσκὺνητην
3544 4225 3556 4237 ·
3593 4206 3723 4260 ἀλλὰ
3772 4204 3851 4256 δο-

2279 4294 2513 4367 ξάζομεν
2539 4296 2670 4365 μίαν
2698 4296 2861 4364 φύσιν
2898 4296 2993 4351 τοῦ
3020 4296 3153 4349 Θεοῦ
3188 4297 3365 4363 Λόγου
3401 4298 3844 4369 σεσαρκωμένην.

2280 4386 2513 4440 Ἔπειτα
2544 4386 2601 4439 δὲ
2636 4387 2731 4440 οὐδ
2757 4386 2873 4440 ἐστι
2899 4386 2995 4440 τοῦ
3026 4388 3181 4455 ἁγίου
3224 4388 3426 4441 Ἀθανα
3441 4390 3558 4442 σίου
3590 4408 3602 4420 ·
3640 4385 3845 4458 ὲρωτὼο

2280 4494 2432 4548 μενοι
2458 4478 2566 4548 γὰρ
2632 4479 2762 4549 παρ’
2804 4478 2982 4547 ἡμῶν,
3020 4478 3124 4532 ποῦ
3168 4482 3378 4531 κεῖταιο
3429 4482 3525 4533 καὶ
3571 4480 3645 4550 μὴ
3697 4479 3846 4530 εὐπο-

593 4584 719 4623 eum
756 4582 785 4619 a
815 4564 977 4619 nobis
1005 4563 1439 4633 interrogantur,
1475 4562 1571 4617 ubi
1606 4562 1813 4616 dictum
1838 4562 1943 4616 hoc
1970 4570 2167 4625 exstet,

2282 4569 2499 4639 ροῦντες
2526 4569 2715 4634 δεῖξαι,
2736 4569 3226 4641 στενοχωρούμενοι
3248 4572 3631 4641 παραφέρουσι
3661 4566 3842 4639 μικρόν

595 4675 698 4714 nec
743 4660 863 4729 ejus
907 4656 1233 4711 ostendendi
1283 4655 1498 4726 copiam
1561 4655 1811 4710 habent:
1851 4655 1909 4708 in
1956 4664 2170 4708 arctum

594 4755 809 4821 coacti,
867 4754 1121 4825 pusillam
1179 4752 1470 4822 quamdam
1510 4752 1815 4807 orationem
1860 4750 2168 4821 proferunt,

594 4846 749 4917 quasi
781 4847 1015 4901 duorum
1052 4845 1403 4910 foliorum,in
1426 4860 1534 4915 qua
1565 4845 1772 4899 dictum
1808 4844 1913 4897 hoc
1947 4842 2168 4912 legitur.

593 4945 879 4994 Atnotum
925 4946 1011 4993 est
1054 4936 1368 5003 universis,
1424 4935 1609 4990 omnia
1657 4932 1831 4989 sancti
1886 4931 2171 4986 Athanasii

592 5048 759 5103 Opera
781 5030 938 5085 valde
964 5045 1154 5100 magna
1180 5044 1321 5084 esse.

665 5125 730 5179 γ.
763 5122 906 5190 Quid
934 5131 1118 5177 autem
1146 5120 1214 5177 ad
1240 5121 1345 5175 hoc
1374 5118 1851 5190 respondebimus.
1876 5116 2023 5187 quod
2046 5115 2174 5169 bea-

592 5226 711 5271 tum
740 5215 1004 5288 Cyrillum
1028 5213 1362 5286 producunt,
1386 5214 1649 5267 citantem
1676 5212 1781 5265 hoc
1797 5211 2004 5264 dictum
2030 5208 2172 5262 libro

592 5310 858 5362 adversus
882 5306 1260 5368 Theodorum,
1291 5305 1447 5373 quasi
1480 5303 1784 5373 profectum
1820 5301 1889 5355 ab
1927 5301 2170 5354 Athana-

591 5399 718 5455 sio?
750 5399 1023 5454 Nimirum
1075 5397 1314 5451 dicimus
1342 5436 1356 5460 ,
1414 5409 1604 5463 reapse
1651 5392 1873 5461 quidem
1918 5390 2052 5445 illud
2115 5392 2169 5444 in

589 5492 735 5547 beati
758 5490 944 5562 Cyrilli
973 5497 1165 5544 contra
1186 5487 1539 5542 Theodorum
1573 5484 1864 5539 invectivis
1894 5483 2039 5553 legi;
2074 5483 2170 5537 sed

592 5582 851 5637 mendum
882 5596 1004 5635 esse
1041 5578 1307 5649 priscum.
1354 5576 1646 5631 Dioscorus
1691 5575 1839 5629 enim
1885 5588 2173 5629 successor

591 5672 736 5727 beati
766 5671 955 5743 Cyrilli
1013 5670 1228 5731 factus,
1281 5683 1406 5720 cum
1458 5668 1579 5737 ejus
1627 5682 1791 5735 opera
1837 5664 2169 5735 reperisset,

591 5759 735 5811 forte
766 5774 875 5811 non
912 5757 1122 5810 veritus
1166 5766 1251 5810 est
1300 5757 1543 5809 inserere
1578 5755 1865 5817 nonnulla,
1903 5770 2024 5823 quze
2069 5755 2172 5822 ipsi

596 5847 832 5902 lubitum
861 5847 983 5900 fuit.
1010 5848 1201 5916 Neque
1219 5862 1349 5901 vero
1370 5848 1703 5917 coniecturis
1722 5863 1821 5901 nos
1851 5846 2015 5900 modo
2046 5845 2170 5910 uiti,

2274 4679 2395 4714 τινα
2423 4661 2599 4729 λόγον,
2635 4662 2710 4723 ὡς
2761 4661 2856 4713 δύο
2908 4660 3143 4729 φύλλων,
3194 4662 3250 4712 ὲν
3309 4653 3353 4727 ᾧ
3414 4664 3589 4715 κεῖται
3636 4659 3766 4725 αῦτη
3810 4657 3837 4722 ἡ

2273 4754 2487 4822 χρῆσις.
2528 4752 2698 4821 Δῆλον
2728 4753 2782 4804 δὲ
2805 4753 2990 4813 πᾶσιν,
3024 4752 3106 4805 ὅτι
3132 4753 3310 4805 πάντα
3336 4752 3406 4805 τὰ
3445 4752 3837 4823 συγγράμματα

2274 4843 2366 4893 τοῦ
2398 4843 2433 4895 ἁ
2476 4842 2555 4894 ίου
2590 4841 2909 4895 Ἀθανασίου
2939 4842 3079 4895 πάνυ
3109 4841 3321 4911 μεγάλα
3356 4842 3516 4894 εἰσίν.

2344 5106 2507 5162 Ἀλλὰ
2539 5107 2592 5159 τί
2631 5107 2825 5177 ἔχομεν
2855 5107 3051 5171 εἰπεῖν,
3077 5105 3159 5157 ὅτι
3196 5103 3577 5173 παραφέρουσι
3615 5101 3705 5155 τὸν
3744 5116 3841 5170 μα-

2274 5203 2467 5273 κάριον
2506 5198 2796 5269 Κύριλλον,
2842 5198 3159 5268 παράγοντα
3207 5195 3376 5265 αὐτὴν
3409 5194 3561 5264 παρὰ
3596 5193 3688 5246 τοῦ
3725 5192 3841 5243 θεο-

2275 5295 2476 5366 δὼρου,
2504 5292 2578 5356 ὡς
2610 5291 2718 5345 ἀπὸ
2738 5289 2833 5343 τοῦ
2863 5289 3016 5358 ἁγίου
3037 5289 3356 5341 Ἀθανασίου
3393 5303 3407 5350 ;
3440 5288 3686 5355 Λέγομεν
3716 5281 3839 5351 πρὸς

2273 5389 2456 5450 τοῦτο,
2488 5388 2569 5439 ὅτι
2598 5384 2674 5455 τῷ
2704 5384 2818 5437 ὄντι
2867 5383 2966 5453 μὲν
2998 5384 3174 5435 κεῖται
3207 5384 3266 5433 ὲν
3303 5382 3414 5443 τοῖς
3450 5380 3546 5431 τοῦ
3579 5374 3836 5448 μακαρίου

2274 5477 2550 5547 Κυρίλλου
2607 5474 2748 5528 κατὰ
2803 5472 3081 5543 Θεοδώρου
3139 5470 3401 5542 ῥηθεῖσιν,
3445 5468 3583 5521 ἀλλὰ
3630 5464 3839 5534 σφάλμα

2274 5568 2422 5619 ἐστὶν
2453 5566 2698 5635 ἀρχαῖον.
2739 5563 2796 5615 'O
2830 5562 2940 5632 γὰρ
2969 5562 3258 5631 Διόσκορος
3287 5560 3528 5628 διάδοχος
3562 5555 3840 5624 γενόμενος

2274 5655 2367 5708 τοῦ
2401 5655 2674 5726 μακαρίου
2709 5653 3002 5726 Κυρίλλου,
3031 5654 3127 5706 καὶ
3174 5651 3349 5722 εὑρὼν
3389 5649 3459 5702 τὰ
3499 5645 3661 5699 αὐτοῦ
3715 5658 3838 5708 συγ·

2275 5748 2603 5817 γράμματα,
2647 5746 2777 5807 ἴσως
2807 5744 2907 5796 οὐκ
2941 5744 3006 5797 ἂν
3043 5742 3205 5796 ὤκνει
3244 5741 3366 5794 τινὰ
3398 5739 3569 5792 Θεῖναι
3593 5731 3664 5791 ὧν
3689 5731 3837 5787 ἐϐού-

2274 5842 2417 5894 λετο.
2456 5840 2685 5909 Μήποτε
2721 5838 2777 5891 δὲ
2802 5837 2896 5892 καὶ
2933 5835 3419 5906 ὲπιστοχὰσασθαι,
3466 5832 3546 5883 ὅτι
3594 5829 3653 5882 οὐ
3705 5835 3837 5889 παρ·
