4148 6470
448 444 586 515 1257

1676 452 1773 513 DE
1814 453 2093 514 SECTIS.
2139 476 2205 488 -
2243 453 2402 514 ACT.
2443 449 2546 513 ῘΧ..

3581 459 3716 525 1258

443 569 652 639 ήγαγεν
692 563 861 637 αὐτὴν
900 567 928 618 ὁ
955 565 1230 635 μακάριος
1258 564 1527 637 Κύριλλος
1555 566 1700 619 κατὰ
1727 567 2025 638 Θεοδώρου,

2136 567 2280 637 quod
2312 568 2508 623 beatus
2541 567 2777 639 Cyrillus
2812 568 2946 624 illud
2977 580 3167 625 contra
3217 568 3570 627 Theodorum
3606 591 3716 630 non

445 659 537 713 καὶ
576 657 827 712 ἐντεῦθεν
851 657 1030 728 δῆλον.
1060 656 1406 729 Θεοδώρητος
1435 657 1543 728 γὰρ
1573 658 1716 728 ὑπὲρ
1748 658 2024 729 Θεοδώρου

441 751 638 820 λέγων,
680 749 1006 820 ἀνατρέπων
1035 752 1217 810 πάσας
1261 749 1361 813 τὰς
1408 751 1653 822 χρήσεις,
1706 751 1837 814 ὅσας
1883 768 2024 820 παρ-

443 846 620 915 ήγαγε
645 845 765 898 κατ’
799 844 963 898 αὐτοῦ
991 846 1019 898 ὁ
1043 844 1198 912 ἅγιος
1223 843 1495 916 Κύριλλος
1543 844 1652 898 ἀπὸ
1694 844 1804 897 τῶν
1856 845 2028 912 ἁγίων

443 938 726 1010 Ιιατέρων,
752 936 990 1010 οὐδαμοῦ
1025 937 1228 1009 ταύτης
1268 940 1367 1008 τῆς
1420 938 1672 1009 χρήσεως
1731 938 2024 1009 μέμνηται.

455 1028 617 1084 Ἀλλὰ
648 1030 868 1098 λέγουσι
913 1029 1049 1100 πρὸς
1091 1028 1274 1096 τοῦτο,
1334 1029 1420 1082 ὅτι
1476 1030 1804 1100 κακούργως
1858 1030 2028 1100 αὐτὴν

442 1123 740 1196 παρείασεν
787 1125 815 1176 ὁ
840 1122 1186 1195 Θεοδώρητος
1212 1139 1226 1153 °
1266 1123 1340 1196 μὴ
1397 1122 1694 1192 δυνάμενος
1744 1125 1851 1193 γὰρ
1894 1123 2028 1192 πρὸς

441 1216 614 1289 αὐτὴν
638 1216 988 1285 ἀντιϐλέψαι,
1021 1217 1097 1280 ὡς
1124 1217 1267 1270 πάνυ
1301 1216 1565 1288 φανερὰν,
1599 1215 1741 1270 ἑκὼν
1782 1215 2031 1285 παρέλει-

442 1327 543 1363 πεν
573 1309 768 1382 αὑτήν.
805 1309 948 1381 Πρὸς
996 1309 1156 1364 τοῦτο
1207 1311 1462 1381 λέγομεν,
1516 1310 1599 1362 ὅτι
1655 1308 1906 1362 τοσοῦτον
1966 1309 2026 1360 ού

442 1402 802 1474 παρέδραμεν
831 1403 1004 1474 αὐτὴν
1039 1403 1302 1474 κειμένην
1337 1403 1474 1468 ἐκεῖ,
1515 1403 1599 1456 ὅτι
1623 1402 1717 1454 τοῦ
1755 1403 2025 1472 μακαρίου

442 1495 716 1566 Κυρίλλου
751 1495 810 1550 ὲν
841 1495 1022 1560 ἄλλοις
1056 1495 1532 1568 είρηκότος,’Δλλὰ
1573 1495 1700 1567 μίαν
1735 1494 1897 1565 φύσιν
1935 1493 2028 1548 τοῦ

442 1586 579 1643 Θεοῦ
600 1588 781 1658 Λόγου
809 1589 1238 1661 σεσαρκωμένην
1260 1632 1275 1656 ,
1306 1590 1354 1643 εξ
1386 1588 1502 1662 ᾔδει
1540 1589 1639 1660 τὴν
1673 1589 1867 1660 χρῆσιν
1896 1589 2029 1640 ταύ-

440 1696 542 1755 την
576 1682 839 1756 κειμένην
871 1684 1023 1754 παρὰ
1071 1683 1148 1755 τῷ
1192 1684 1445 1754 μακαρίῳ
1489 1682 1764 1756 Κυρίλλῳ,
1801 1683 1876 1745 ὡς
1921 1682 2030 1736 ἀπὸ

437 1775 536 1838 τοῦ
568 1777 728 1847 ἁγίου
771 1777 1094 1832 Ἀθανασίου
1134 1777 1580 1849 προενεχθεῖσαν,
1611 1775 1711 1830 οὐκ
1759 1775 1828 1829 ἂν
1859 1773 2028 1838 οὕτως

439 1871 672 1943 ἀμαθῶς
701 1870 927 1943 ἔμελλεν
964 1872 1140 1926 εἰπεῖν
1164 1885 1179 1901 ο
1213 1871 1310 1934 Τίς
1341 1889 1422 1924 σοι
1447 1870 1557 1924 τῶν
1593 1869 1854 1939 Πατέρων
1905 1864 2026 1922 εἷπε

2132 659 2495 728 produxerit,
2526 675 2594 714 ex
2641 676 2708 716 eo
2741 676 2962 731 quoque
3013 661 3368 717 manifestum
3420 673 3526 719 est.
3574 663 3714 718 Nam

2132 750 2519 807 Theodoretus
2546 753 2640 822 qui
2662 751 3014 808 Theodorum
3045 748 3399 820 defendebat,
3426 754 3716 811 universas

2131 845 2487 898 auctoritates
2520 843 2798 909 refutans,
2834 860 3192 915 quascunque
3220 855 3446 902 sanctus
3476 846 3715 919 Cyrillus

2130 944 2322 988 contra
2355 935 2709 989 Theodorum
2757 936 2825 991 de
2855 937 3063 992 sanctis
3093 938 3344 993 Patribus
3370 939 3675 1008 protulerat
3699 979 3714 1002 ,

2131 1042 2400 1096 nusquam
2430 1027 2597 1097 hujus
2617 1028 2749 1082 dicti
2779 1030 3051 1084 meminit.
3076 1029 3144 1083 At
3162 1031 3309 1085 enim
3330 1030 3418 1086 isti
3444 1031 3714 1096 referunt,

2131 1133 2161 1171 a
2192 1118 2544 1174 Theodoreto
2571 1120 2768 1175 callide
2793 1122 3083 1176 omissum.
3114 1121 3268 1187 Quod
3291 1124 3440 1178 enim
3467 1123 3715 1179 adversis

2129 1225 2251 1266 eam
2281 1211 2672 1266 auctoritatem
2700 1213 2877 1268 oculis
2913 1214 3158 1283 aspicere
3208 1230 3316 1270 non
3371 1224 3599 1286 posset,
3655 1226 3717 1271 ut

2130 1301 2426 1356 admodum
2460 1304 2682 1372 planam
2732 1316 2787 1358 ct
2829 1315 3110 1375 apertam,
3143 1305 3352 1362 idcirco
3397 1320 3594 1377 sponte
3645 1311 3716 1364 ab

2132 1395 2250 1466 ipso
2283 1396 2731 1465 praetermissam.
2768 1398 3221 1468 Respondemus,
3263 1406 3474 1455 tantum
3522 1401 3716 1456 abesse

2132 1497 2194 1542 ut
2215 1504 2336 1543 eam
2361 1489 2744 1544 Theodoretus
2767 1489 2840 1544 ibi
2868 1492 3100 1560 positam
3129 1492 3411 1561 praeterire
3444 1495 3713 1556 voluerit,

2132 1589 2193 1635 ut
2213 1596 2337 1636 cum
2366 1581 2563 1637 beatus
2597 1581 2686 1636 ille
2711 1581 2950 1653 Cyrillus
2975 1583 3104 1638 alibi
3138 1583 3394 1651 dixisset,
3423 1583 3598 1640 Unam
3623 1603 3718 1641 na-

2133 1682 2308 1728 turam
2340 1675 2438 1730 Dei
2480 1675 2762 1732 Sermonis
2789 1677 3126 1732 incarnatam
3151 1720 3165 1744 ,
3203 1680 3246 1734 si
3279 1680 3500 1749 quidem
3530 1683 3721 1737 scivis-

2132 1777 2216 1821 sct
2248 1767 2634 1823 Theodoretus
2666 1769 2718 1822 id
2761 1770 2991 1824 verbum
3048 1773 3196 1840 quod
3257 1774 3403 1843 apud
3450 1772 3716 1845 Cyrillum

2131 1872 2337 1926 exstat,
2370 1879 2434 1917 ex
2479 1872 2669 1918 sancto
2698 1865 3000 1920 Athanasio
3045 1867 3272 1922 citatum
3299 1909 3314 1934 ,
3365 1884 3718 1940 nequaquam

443 1966 576 2037 μίαν
603 1965 769 2037 φύσιν
795 1963 892 2019 τοῦ
938 1964 1074 2019 Θεοῦ
1107 1964 1282 2034 Λόγου
1339 1963 1765 2035 σεσαρκωμένην
1793 1981 1808 2028 ;
1870 1961 2025 2015 Ἀλλὰ

2131 1954 2269 2009 adeo
2291 1963 2498 2010 temere
2521 1956 2774 2011 dicturus
2809 1956 2977 2012 fuerit
3001 1977 3013 2011 :
3033 1959 3169 2025 Quis
3190 1961 3288 2015 tibi
3318 1961 3544 2016 Patrum
3577 1962 3720 2018 dixit

439 2061 658 2130 λέγουσι
686 2059 870 2125 πάλιν,
899 2060 982 2114 ὅτι
1022 2058 1277 2113 τοσοῦτον
1327 2058 1444 2129 ᾔδει
1506 2057 1676 2128 αὐτὴν
1726 2054 2025 2128 εἰρημένην

439 2151 518 2220 τῷ
552 2152 694 2223 ἁγίῳ
731 2152 1056 2222 Ἀθανασίῳ,
1087 2152 1170 2204 ὅτι
1204 2147 1359 2204 εἶπεν
1391 2166 1404 2181 °
1459 2149 1547 2213 Ὠς
1594 2151 1643 2203 οἱ
1675 2149 1917 2220 Πατέρες
1950 2151 2028 2202 εί-

441 2244 669 2316 ρήκασι.
709 2241 856 2314 Πρὸς
894 2241 1056 2295 τοῦτο
1079 2240 1332 2312 λέγομεν,
1359 2241 1442 2294 ὅτι
1479 2239 1708 2304 ἕκαστος
1740 2239 1958 2293 σπεύδει
1991 2239 2027 2293 ἆ

439 2337 588 2406 λέγει
643 2335 818 2400 δεῖξαι
861 2337 990 2399 τοὺς
1033 2333 1290 2406 Πατέρας
1341 2334 1654 2404 εἰρηκότας,
1709 2334 1759 2386 εί
1812 2333 1907 2386 καὶ
1948 2333 2025 2403 μὴ

440 2428 743 2495 αὑτολεξεὶ,
775 2427 914 2482 ἀλλὰ
942 2427 1193 2498 δυνάμει.
1228 2426 1617 2498 Παραφέρουσι
1651 2425 1708 2479 δὲ
1733 2425 1826 2479 καὶ
1856 2424 2026 2496 ἄλλην

438 2520 636 2592 χρῆσιν
663 2517 772 2573 ἀπὸ
812 2518 1110 2590 Ἐρεχθίου,
1158 2517 1306 2581 ὅστις
1354 2517 1612 2570 οὐδέποτε
1659 2515 1903 2588 ὴκούσθη
1945 2517 2027 2579 εἰς

440 2612 717 2683 Πατέρας,
768 2609 866 2665 καὶ
917 2608 1195 2675 τοσοῦτον,
1249 2610 1334 2662 ὅτι
1396 2608 1662 2680 Τιμοθέου
1717 2607 2025 2678 γράψαντος

439 2705 584 2760 κατὰ
614 2704 717 2774 τῆς
755 2702 1002 2770 συνόδου,
1060 2701 1156 2756 καὶ
1208 2699 1627 2772 παραγαγόντος
1673 2701 1871 2772 χρῆσιν
1917 2699 2026 2753 ἀπὸ

452 2793 763 2867 Ἐρεχθίου,
815 2792 1000 2865 Κύρος
1051 2792 1081 2845 ὁ
1125 2791 1322 2852 οἰκεῖος
1380 2789 1760 2862 πρεσϐύτερος
1820 2788 2026 2860 ἔγραψε

439 2889 578 2960 πρὸς
603 2888 790 2951 αὐτὸν,
817 2886 901 2941 ὅτι
934 2883 1164 2939 Ἦθελόν
1194 2901 1252 2938 σε
1298 2883 1701 2954 διορθώσασθαι
1736 2882 1914 2937 τοῦτο.
1969 2882 2027 2936 Ὁ

437 2981 547 3053 γὰρ
603 2979 878 3054 Ἐρέχθιος
931 2977 1186 3033 οὐδέποτε
1228 2976 1472 3049 ἠκούσθη
1514 2979 1592 3041 εἰς
1621 2977 1890 3048 [Ιατέρας.
1937 2977 2026 3031 Ἐν

437 3075 646 3141 τούτοις
669 3077 702 3146 ή
736 3075 958 3148 θεωρία.

2135 2065 2298 2102 unam
2325 2058 2576 2103 naturam
2602 2049 2698 2104 Dei
2735 2049 3019 2106 Sermonis
3055 2053 3435 2108 inearnatam?
3458 2054 3716 2109 Vicissim

2132 2143 2425 2212 ingerunt,
2487 2152 2597 2197 tam
2637 2157 2758 2198 esse
2794 2153 3007 2198 certum
3036 2185 3049 2207 ,
3082 2145 3308 2200 scivisse
3359 2146 3440 2201 sic
3469 2147 3716 2202 locutum

2131 2234 2493 2290 Athanasium
2516 2277 2529 2301 ,
2564 2242 2624 2289 ut
2646 2236 2815 2290 etiam
2838 2236 3039 2292 dixerit
3072 2256 3084 2290 :
3116 2238 3593 2304 Quemadmodum
3623 2241 3720 2295 Pas

2133 2341 2244 2387 tres
2267 2331 2612 2388 locuti'sunt.
2646 2333 2758 2388 Nos
2783 2344 2974 2388 contra
2997 2350 3272 2405 quemque
3293 2335 3532 2392 dicimus
3556 2337 3716 2400 eniti.

2133 2434 2193 2476 ut
2225 2425 2480 2479 ostendat
2507 2440 2536 2479 a
2564 2425 2825 2479 Patribus
2860 2440 2923 2478 ea
2957 2426 3167 2494 prolata
3197 2441 3320 2496 quae
3364 2426 3479 2496 ipse
3510 2428 3712 2492 tradat,

2130 2512 2174 2566 si
2212 2529 2324 2569 non
2355 2514 2549 2571 iisdem
2580 2517 2783 2581 verbis,
2816 2517 3007 2572 saltem
3051 2517 3102 2571 vi
3151 2518 3449 2574 verborum
3499 2521 3714 2576 eadem.

2131 2604 2450 2662 Producunt
2483 2617 2539 2664 et
2565 2609 2728 2663 aliam
2757 2609 3142 2666 auctoritatem
3167 2626 3234 2666 ex
3268 2610 3592 2676 Ercchtbio,
3617 2626 3684 2667 cu
3704 2641 3719 2651 -

2126 2700 2216 2767 jus
2247 2699 2393 2756 inter
2423 2701 2614 2757 Patres
2655 2717 2755 2756 nec
2797 2701 3048 2756 auditum
3078 2711 3162 2757 est
3191 2719 3432 2773 unquam
3464 2719 3666 2758 nomen
3701 2719 3715 2757 ι

2130 2793 2268 2848 adeo
2302 2794 2548 2864 quidem,
2595 2805 2653 2849 ut
2706 2811 2829 2850 cum
2857 2795 3182 2850 Timotheus
3223 2805 3413 2850 contra
3445 2795 3717 2868 synodum

2132 2884 2463 2955 scripsisset,
2478 2895 2536 2940 et
2551 2889 2938 2942 auctoritatem
2955 2887 3241 2942 Erechthii
3267 2887 3490 2943 citasset
3506 2929 3520 2952 ,
3540 2887 3717 2960 Cyrus

2132 2977 2227 3047 qui
2267 2978 2412 3049 apud
2439 2979 2618 3048 ipsum
2647 2979 2954 3050 presbyteri
2983 2981 3104 3035 loco
3133 2988 3310 3044 esset,
3357 2980 3445 3035 his
3485 2980 3552 3034 ad
3587 2995 3715 3034 eum

2132 3071 2321 3126 verbis
2371 3072 2805 3142 perscripserit:
2838 3072 3053 3126 Mallem
3110 3073 3214 3126 hoc
3284 3081 3336 3128 te
3411 3071 3712 3142 corrigere.

2129 3159 2266 3215 Nam
2298 3161 2582 3217 Erechthii
2637 3178 2838 3218 nomen
2889 3163 3033 3218 inter
3057 3163 3247 3219 Patres
3290 3163 3540 3220 auditum
3571 3181 3716 3218 nun.

2131 3267 2295 3322 quam
2327 3252 2449 3306 fuit.
2493 3253 2618 3308 Haec
2644 3253 3048 3310 consideranda
3077 3254 3394 3310 veniebant.

437 3480 808 3542 Recitantur
835 3477 1114 3558 quaedam
1136 3477 1325 3540 verba
1347 3478 1574 3556 synodi
1598 3478 2144 3554 Chalcedonensis,
2178 3499 2311 3561 qum
2341 3481 2653 3560 putabant
2682 3483 3058 3545 [stitantes
3079 3501 3203 3548 sua:
3225 3485 3444 3551 haeresi
3470 3491 3709 3568 favere.

1040 3606 1290 3661 ΠΡΑΞΙΣ
1345 3607 1422 3659 ϐ’.

520 3700 742 3773 Ἐπειδὴ
771 3701 831 3755 δὲ
865 3701 957 3755 καὶ
984 3701 1186 3767 λέξεων
1217 3719 1381 3754 τινων
1421 3700 1788 3771 πραττόμενοι
1829 3701 1893 3754 ἐκ
1929 3699 2022 3754 τοῦ

437 3796 566 3865 ὅρου
596 3796 699 3867 τῆς
735 3795 979 3860 συνόδου,
1016 3793 1483 3864 ἐπιλαμϐάνονται
1513 3793 1684 3863 αὐτῆς
1712 3809 1724 3821 ’
1765 3793 1902 3864 φέρε
1931 3793 2025 3847 καὶ

436 3893 642 3955 ταύτας
675 3891 984 3959 ὲκθέμενοι,
1019 3886 1116 3943 καὶ
1173 3887 1290 3950 πῶς
1338 3886 1804 3957 ἐπιλαμϐάνονται
1846 3883 2025 3938 αὐτῶν

439 3985 707 4048 εἰπόντες,
733 3982 962 4053 ὕστερον
990 3981 1091 4045 τὰς
1148 3980 1286 4052 πρὸς
1333 3979 1537 4043 ταύτας
1572 3977 1886 4048 ἀνατροπὰς
1936 3979 2028 4030 έπ-

437 4079 758 4147 αγάγωμεν.
790 4075 904 4146 Τῆς
953 4073 1176 4130 συνόδου
1220 4073 1402 4126 τοίνυν
1455 4070 1714 4142 εἰπούσης
1748 4086 1762 4102 ·
1828 4068 2025 4150 Ἴίρκει

440 4168 541 4238 μὲν
568 4165 664 4223 οὖν
702 4169 782 4231 είς
815 4166 1006 4236 ἐντελῆ
1035 4166 1136 4235 τῆς
1165 4163 1451 4227 εὐσεϐείας
1485 4163 1785 4232 ἐπίγνωσιν
1825 4162 1885 4216 τὸ
1941 4180 2026 4215 σο-

439 4261 539 4330 φὺν
566 4261 728 4314 τοῦτο
749 4260 844 4314 καὶ
868 4260 1136 4330 σωτήριον
1162 4259 1261 4329 τῆς
1291 4257 1442 4321 θείας
1476 4256 1700 4328 χάριτος
1733 4253 2022 4326 σύμϐολονο

436 4353 564 4422 περί
591 4369 652 4406 τε
684 4350 795 4423 γὰρ
850 4349 944 4405 τοῦ
1004 4350 1241 4421 Πατρὸς,
1295 4350 1390 4403 καὶ
1442 4346 1536 4403 τοῦ
1584 4346 1738 4413 Υἱοῦ,
1790 4345 1883 4400 καὶ
1929 4345 2024 4399 τοῦ

439 4445 595 4516 ἁγίου
630 4445 948 4517 Πνεύματος
976 4444 1287 4500 ἐκδιδάσκει
1314 4443 1377 4497 τὸ
1408 4442 1633 4508 τέλειον,
1663 4440 1760 4494 καὶ
1792 4438 1885 4494 τοῦ
1915 4440 2027 4493 Κυ-

441 4537 556 4611 ρίου
589 4536 688 4609 τὴν
716 4535 1132 4607 ἐνανθρώπησιν
1163 4536 1277 4600 τοῖς
1307 4535 1515 4598 πιστῶς
1536 4532 1848 4604 δεχομένοις
1880 4548 2024 4602 παρ-

441 4631 673 4701 ίστησιν.
713 4629 869 4684 Ἔστι
898 4628 956 4682 δὲ
985 4628 1106 4682 λίαν
1161 4625 1477 4697 ὑπόψυχρος
1504 4627 1536 4694 ἡ
1569 4623 1825 4692 ὲπιλαὸή.
1863 4624 2024 4696 Πρῶ-

436 4746 529 4782 τον
561 4728 659 4800 μὲν
681 4727 792 4798 γὰρ
816 4724 1072 4779 τοσοῦτον
1100 4724 1161 4778 οὐ
1221 4722 1411 4794 φρονεῖ
1462 4719 1531 4775 τὰ
1565 4718 1887 4791 Νεστορίου,
1945 4719 2028 4772 ὅτι

452 4823 706 4893 Ἰωάννης
761 4838 844 4884 τις
885 4817 1166 4888 Λὶγεὼτης
1219 4814 1590 4890 πρεσϐύτερος
1637 4811 2021 4883 Νεστοριανδς,

440 4911 948 4984 ἐπιλαμϐανόμενος
980 4911 1081 4978 τῆς
1109 4907 1331 4962 συνόδου
1366 4904 1552 4977 φησιν,
1589 4905 1673 4958 ὅτι
1720 4902 1860 4975 αὕτη
1899 4903 2024 4955 σύν-

437 5007 556 5070 οδος
583 5004 919 5077 Κυριλλιανή
948 5005 1086 5062 ἐστι,
1118 5000 1215 5054 καὶ
1255 4998 1326 5053 τὰ
1356 4997 1566 5052 ἐκείνου
1610 4998 1818 5068 φρονεῖ.
1865 4996 1926 5049 Εἰ
1967 4995 1995 5048 δ

433 5091 504 5166 ἦν
557 5092 936 5166 Νεστοριανὴ,
989 5091 1091 5144 οὐκ
1141 5089 1208 5143 ἂν
1265 5089 1425 5142 τοῦτο
1476 5082 1622 5160 εἶχεν
1675 5086 1705 5138 ὁ
1772 5083 2025 5154 Ἰωάννης

435 5190 634 5242 εἰπεῖν.
675 5188 909 5240 Ἔπειτα
939 5187 987 5239 εἰ
1009 5184 1117 5239 ἀπὸ
1151 5183 1258 5237 τῶν
1285 5181 1541 5236 τοιούτων
1564 5180 1766 5248 λέξεων
1790 5178 2025 5248 ἐπιλαμ-

435 5281 690 5337 ϐάνονται
722 5283 823 5352 τῆς
853 5279 1098 5344 συνόδου,
1127 5278 1272 5332 διατί
1305 5276 1379 5347 μὴ
1403 5275 1500 5331 καὶ
1529 5275 1636 5328 τῶν
1689 5274 1860 5342 ἁγίων
1914 5275 2026 5327 Πα-

435 5390 609 5445 τερων
647 5370 1155 5443 ὲπιλαμϐάνονταις
1197 5367 1306 5422 Καὶ
1343 5367 1498 5422 αὐτοὶ
1549 5366 1656 5438 γὰρ
1696 5365 1868 5419 πολλά
1914 5383 2026 5418 τοι·

435 5461 575 5515 αὔτα
595 5461 878 5530 εἰρήκασι.
915 5458 1056 5526 Φησὶ
1085 5458 1192 5527 γὰρ
1221 5459 1248 5510 ὁ
1282 5457 1552 5529 μακάριος
1576 5456 1846 5528 Κύριλλος
1870 5457 1927 5509 ἐν
1947 5455 2025 5526 τῷ

435 5557 517 5617 εἰς
539 5550 822 5622 Ζαχαρίαν
849 5549 940 5603 τὸν
978 5550 1264 5618 προφήτην
1300 5550 1675 5619 ὑπομνήματι,
1701 5543 1762 5602 οἶ)
1798 5550 1828 5617 ή
1854 5547 2022 5618 ἀρχὴ,

435 5645 801 5716 Προφητεύει
835 5644 954 5714 μὲν
980 5646 1012 5696 o’
1041 5643 1208 5713 ἅγιος
1264 5645 1584 5712 Ζαχαρίας,
1616 5643 1810 5706 οὕτως·
1842 5645 1934 5695 Δεῖ
1963 5642 2025 5712 δὴ

433 5739 544 5810 ἄρα
572 5732 667 5791 οὖν
694 5733 954 5790 τοιούτων
984 5735 1312 5805 ἀποφοιτᾷν,
1341 5735 1437 5788 καὶ
1483 5735 1555 5798 ὡς
1611 5737 1676 5787 ὲκ
1725 5735 1830 5803 γῆς
1878 5733 2027 5788 ἁλλο-

433 5831 591 5906 τρίας
621 5830 721 5902 τῆς
751 5828 1151 5899 ἀπεψυγμένης
1186 5827 1281 5880 καὶ
1310 5827 1512 5897 νεκρᾶς
1562 5827 1653 5879 τοῦ
1705 5827 1797 5880 νοῦ
1849 5825 2028 5879 διαθέ-

439 5941 572 5990 σεως
612 5924 951 5996 μεταφοιτᾷν
982 5924 1062 5986 εἰς
1087 5921 1250 5986 Σιὼν,
1282 5919 1428 5974 τοῦτ’
1463 5922 1609 5974 ἔστιν
1663 5924 1743 5985 είς
1789 5922 1849 5975 τὸ
1899 5922 2029 5993 ἁλη-

717 6023 963 6082 ΡΑειτιιυι
979 6067 992 6083 .
1036 6022 1153 6085 (ιιι.
1198 6020 1514 6086 LXXXVI.

1998 4963 2098 5048 ὲΙ)

2714 3607 2919 3664 ACTIO
2981 3603 3071 3663 IX.

2199 3698 2337 3766 Quia
2365 3714 2496 3754 vero
2532 3714 2698 3756 voces
2752 3700 2918 3754 etiam
2975 3703 3269 3759 nonnullas
3323 3707 3605 3776 carpendo
3646 3709 3716 3765 de

2130 3792 2322 3863 synodi
2365 3792 2689 3849 deﬁnitione
2708 3833 2723 3858 ,
2754 3795 3024 3865 synodum
3052 3796 3225 3866 ipsam
3253 3801 3668 3869 reprehendunt
3699 3813 3715 3855 :

2130 3901 2250 3957 age,
2268 3897 2324 3941 et
2351 3884 2461 3942 illis
2479 3887 2767 3957 expositis,
2799 3886 2894 3942 ubi
2916 3889 3382 3958 quemadmodum
3409 3909 3504 3949 cas
3525 3911 3716 3965 repre-'

2130 3981 2410 4045 hendant,
2474 3981 2942 4048 indicaverimus;
2979 3982 3054 4037 ita
3101 3983 3304 4038 deinde
3351 3986 3716 4042 refutationes

2131 4082 2350 4129 nostras
2374 4073 2754 4144 subjiciamus.
2797 4074 3002 4146 Synodi
3030 4075 3197 4130 verba
3223 4085 3354 4131 sunt
3381 4093 3393 4131 :
3433 4077 3718 4134 Suﬂicerct

2129 4165 2354 4235 quidem
2388 4164 2454 4219 ad
2491 4164 2792 4235 perfectam
2825 4164 3048 4234 pietatis
3078 4165 3450 4236 cognitionem
3488 4177 3545 4223 et
3582 4183 3718 4223 con-

2131 4257 2521 4324 ﬁrmationem,
2541 4257 2646 4313 hoc
2663 4257 2944 4311 eruditum
2975 4272 3037 4312 ac
3063 4258 3283 4313 salubre
3307 4258 3508 4315 divina:
3529 4261 3717 4330 gratia:

2129 4349 2460 4418 symbolum,
2493 4347 2640 4418 quod
2669 4356 2725 4402 et
2756 4345 3058 4417 perlectam
3093 4347 3160 4403 de
3184 4345 3370 4415 Patre,
3397 4358 3455 4406 et
3475 4351 3634 4417 Filio,
3661 4361 3720 4408 et

2130 4440 2338 4510 Spiritu
2371 4449 2562 4496 sancto
2617 4439 2924 4494 doctrinam
2957 4440 3146 4504 tradit.
3187 4451 3244 4497 et
3278 4443 3715 4500 incarnationem

2129 4534 2349 4589 Domini
2400 4533 2638 4588 ﬁdeliter
2669 4533 3075 4602 excipientibus
3104 4534 3348 4590 exhibet.
3383 4535 3479 4591 Est
3533 4547 3717 4592 autem
3817 4602 3822 4605 _

2129 4647 2259 4686 sane
2277 4647 2441 4700 quam
2460 4629 2659 4701 frigida
2687 4629 3064 4700 reprehensio.
3096 4631 3282 4686 Primo
3327 4641 3538 4687 tantum
3563 4633 3722 4689 abest

2130 4736 2192 4780 ut
2212 4742 2336 4781 cum
2359 4724 2616 4781 Nestorio
2643 4723 2882 4790 sentiat,
2909 4723 3227 4780 utJoannes
3242 4725 3467 4795 quidam
3489 4725 3720 4797 zEgeOta

2130 4820 2417 4890 presbyter
2445 4817 2832 4882 Nestorianus,
2861 4816 3132 4888 synodum
3166 4817 3600 4887 reprehendens,
3636 4819 3721 4874 di-

2130 4922 2284 4968 ceret
2315 4927 2434 4967 eam
2461 4909 2730 4981 synodum
2757 4925 2876 4965 esse
2907 4909 3256 4982 Cyrillianam
3284 4951 3298 4974 ,
3349 4918 3408 4965 et
3451 4925 3480 4965 a
3527 4910 3718 4981 Cyrilli

2130 5003 2402 5058 sententia
2431 5012 2596 5056 stare.
2626 5001 2784 5067 Quod
2819 5000 2862 5055 si
2902 5001 3251 5062 Nestoriana,
3293 5014 3574 5070 nunquam
3611 4999 3719 5054 hoc

2129 5095 2370 5150 Joannes
2400 5093 2491 5148 ille
2523 5093 2775 5148 dixisset.
2820 5093 3030 5148 Deinde
3062 5093 3106 5148 si
3139 5101 3366 5163 prOptcr
3397 5089 3714 5161 hujusmodl

2129 5203 2293 5244 voces
2338 5187 2609 5258 synodum
2657 5186 3099 5255 reprehendunt,
3137 5200 3238 5239 cur
3267 5183 3460 5238 itidem
3495 5191 3717 5239 sanctos

2130 5297 2351 5352 quoque
2379 5281 2570 5335 Patres
2596 5294 2706 5332 non
2733 5277 3187 5347 reprehendunt?
3209 5275 3346 5331 Nam
3375 5283 3433 5330 et
3455 5275 3533 5330 illi
3555 5273 3717 5346 plura

2133 5373 2261 5426 talia
2317 5372 2689 5442 protulerunt.
2742 5369 2960 5424 Etenim
3002 5368 3197 5424 beatus
3229 5368 3320 5422 ille
3363 5366 3602 5439 Cyrillus
3660 5367 3716 5421 in

2132 5466 2531 5521 commentario
2563 5463 2885 5519 Zachariam
2940 5471 3120 5518 vatem
3169 5462 3486 5518 declarante
3511 5504 3526 5527 ,
3553 5462 3714 5532 cujus

2128 5559 2348 5613 initium
2379 5578 2391 5611 :
2418 5559 2752 5613 Vaticinatur
2782 5556 2993 5626 quidem
3016 5563 3230 5609 sanctus
3261 5554 3354 5608 ille
3386 5555 3712 5620 Zacharias;

2125 5653 2206 5706 sic
2237 5652 2314 5705 ait
2349 5669 2361 5702 :
2399 5649 2804 5706 Discedendum
2837 5649 3006 5719 igitur
3029 5664 3058 5702 a
3106 5649 3331 5713 talibus,
3373 5659 3430 5704 et
3456 5664 3484 5703 a
3511 5647 3714 5703 mentis

2127 5744 2416 5800 affectione
2447 5743 2621 5814 rigida
2640 5750 2990 5812 mortuaque,
3010 5742 3165 5797 velut
3181 5759 3211 5797 e
3230 5751 3377 5798 terra
3399 5741 3714 5812 peregrina,

2129 5836 2528 5891 transeundum
2559 5834 2627 5889 ad
2663 5833 2913 5898 Sionem,
2935 5835 3040 5890 hoc
3063 5844 3169 5898 est,
3194 5834 3262 5890 ad
3291 5835 3582 5888 veritatem
3610 5873 3624 5894 ,
3656 5841 3718 5886 ut

2129 5929 2422 5983 Eccicsiam
2446 5927 2653 5982 Christi
2688 5928 3130 5996 consideremus,
3172 5930 3224 5983 in
3259 5943 3364 5997 qua
3399 5926 3715 5986 constituti.

3281 6023 3358 6081 ιο
