4148 6452
430 364 567 428 1359

1735 364 2043 426 LEONTII
2081 361 2486 424 BYZANTINI

3567 365 3708 439 1260

428 476 829 548 perspiciemus
857 473 908 528 id
940 473 1085 543 quod
1122 474 1231 527 Deo
1263 474 1461 544 placet,
1489 483 1543 527 ct
1570 476 1635 528 ad
1673 473 1793 530 illas
1818 475 1872 529 in
1896 489 2013 529 sau-

2123 473 2216 537 θές
2248 491 2263 506 ·
2311 474 2402 528 ἵνα
2443 490 2657 544 νοωμεν
2704 475 2804 547 τὴν
2849 474 3181 548 Ἐκκλησίαν
3210 476 3310 533 τοῦ
3345 478 3609 551 Χριστοῦ,
3648 485 3708 537 ἐν

428 579 517 624 cta
552 568 826 637 uniusque
874 568 1196 623 substantiae
1235 566 1507 623 Trinitate
1548 566 1791 621 rationes
1822 566 2013 623 oculos

428 661 921 728 circumferemus,
970 662 1262 735 ipsumque
1284 661 1575 717 Christum
1629 657 2012 728 deprehende-

426 770 552 809 mus
572 770 641 809 ex
674 753 823 807 omni
852 754 973 808 loco
996 768 1098 809 nos
1140 752 1510 824 colligentem,
1553 764 1617 805 ac
1647 749 2013 820 Spiritualiter

425 847 480 900 in
517 846 833 900 unanimem
886 860 1217 901 consensum
1267 846 1637 915 colligantem.
1678 843 1814 899 Nam
1856 859 2010 911 ecce,

422 951 715 1012 postquam
750 940 912 1006 dixit,
943 940 1099 1007 Quod
1128 942 1238 994 Deo
1276 940 1456 1009 placet
1487 980 1501 1004 ,
1538 937 1763 1010 subjicit
1792 954 1805 992 :
1838 934 1906 993 Et
1941 935 2012 992 ad

422 1035 543 1089 illas
575 1035 630 1088 in
671 1044 862 1089 sancta
887 1024 1161 1104 uniusque
1183 1032 1504 1087 substantiae
1535 1028 1805 1086 Trinitate
1837 1030 2013 1086 ratio-

420 1144 522 1181 nes
544 1127 741 1182 oculos
765 1125 1248 1190 circumferemus,
1282 1124 1573 1195 ipsumque
1600 1122 1883 1178 Christum
1917 1120 2012 1178 de-

423 1217 837 1287 prehendamus
856 1232 921 1271 cx
943 1216 1096 1270 omni
1125 1217 1246 1269 loco
1278 1230 1378 1269 nos
1403 1214 1775 1284 colligentem.
1822 1211 2011 1279 Quan-

423 1317 538 1361 tum
575 1323 710 1377 ergo
760 1306 1043 1376 colligitur
1071 1321 1138 1360 ex
1179 1304 1247 1359 iis
1298 1319 1419 1374 quae
1447 1303 1553 1373 ipsi
1587 1302 1812 1367 dicunt,
1842 1302 2010 1357 etiam

420 1399 620 1454 beatus
648 1399 739 1453 ille
765 1397 1005 1468 Cyrillus
1029 1395 1453 1467 quaternionem
1480 1394 1692 1450 statuit.
1723 1393 1843 1449 Alia
1870 1409 2011 1464 quo-

420 1506 530 1560 que
548 1489 863 1545 consimilia
881 1489 1053 1545 multa
1071 1489 1382 1559 reperimus
1398 1486 1543 1557 apud
1568 1493 1790 1543 sanctos
1800 1486 2010 1553 Patres,

343 1630 353 1646 ,
419 1596 543 1650 quae
569 1597 722 1637 nunc
743 1580 983 1635 vitandae
1020 1579 1355 1649 prolixitatis
1399 1592 1588 1643 causa,
1622 1591 1733 1632 non
1760 1587 1891 1632 sunt
1921 1576 2013 1632 hic

358 1736 367 1754 ,
417 1674 754 1745 adiicienda.
798 1676 1014 1729 Rursus
1047 1688 1168 1727 eam
1205 1673 1644 1742 reprehendunt,
1680 1671 1838 1742 quasi
1887 1686 2012 1742 quae

419 1768 714 1823 formulam
735 1769 882 1823 illam
902 1768 1203 1822 verborum
1227 1783 1241 1818 :
1266 1766 1324 1818 lu
1348 1764 1567 1819 duabus
1590 1764 1830 1831 naturis,
1849 1780 2012 1820 usur-

416 1861 660 1929 paverit.
705 1861 909 1916 Verum
960 1870 1016 1916 et
1070 1860 1160 1914 illa
1197 1858 1392 1915 Patres
1427 1873 1557 1914 usos
1583 1898 1599 1923 ,
1640 1857 1710 1913 de
1760 1856 2014 1928 pluribus
2048 1840 2088 1895 Β

417 1962 642 2009 ostensu
685 1954 866 2009 facile.

2112 560 2159 637 ᾧ
2202 568 2521 638 γεγονότες,
2581 566 2934 641 κατοψόμεθα
2974 569 3036 625 τὸ
3089 570 3168 643 τῷ
3205 571 3327 645 Θεῷ
3366 573 3583 644 δοκοῦν,
3615 577 3712 629 καὶ

2114 661 2242 726 τοὺς
2286 660 2378 715 ἐπὶ
2416 663 2482 733 τῇ
2524 662 2667 734 ἁγίᾳ
2728 679 2788 717 τε
2846 663 2943 718 καὶ
2990 664 3265 737 όμοουσίῳ
3307 664 3503 737 Τριάδι
3556 680 3714 741 περι-

2115 754 2429 828 αθρὴσομεν
2462 756 2673 825 λόγους,
2711 759 2806 813 καὶ
2854 758 3017 815 αὑτὸν
3055 760 3366 832 εὑρήσομεν
3404 762 3470 816 ἐκ
3507 761 3712 827 παντὸς

2114 846 2263 915 ἡμᾶς
2282 846 2481 917 τρόπου
2499 847 2894 921 συναγείροντα
2916 850 3007 904 τὸν
3025 850 3395 921 Χριστόν,κώ
3417 853 3710 908 συνδέοντα

2116 938 2507 1008 πνευματικῶς
2529 942 2611 1005 είς
2638 941 2969 1012 όμοψυχίαν.
3001 943 3137 997 Ἰδοὺ
3169 944 3278 1017 γὰρ
3311 944 3485 999 είπὼν
3504 945 3589 1013 τὸ,
3613 945 3711 1019 Τῷ

2114 1028 2233 1101 Θεῷ
2256 1029 2474 1098 δοκοῦν,
2505 1032 2782 1102 ἐπήγαγε,
2814 1034 2929 1089 Καὶ
2963 1035 3093 1101 τοὺς
3125 1037 3220 1091 ἐπὶ
3247 1039 3313 1109 τῇ
3355 1037 3491 1110 ἁγίᾳ
3519 1055 3580 1092 τε
3614 1040 3712 1094 καὶ

2114 1121 2388 1195 ὁμοουσίῳ
2408 1125 2601 1196 Τριάδι
2640 1126 3088 1200 περιαθρήσομεν
3138 1127 3352 1199 λόγους,
3397 1130 3492 1186 καὶ
3543 1129 3712 1186 αύτδν

2114 1216 2426 1287 εὑρήσομεν
2488 1220 2639 1289 ἡμᾶς
2695 1220 3092 1291 συναγείροντα
3145 1221 3238 1276 τὸν
3286 1223 3545 1294 Χριστόν.
3596 1223 3713 1279 Καὶ

2114 1308 2242 1361 ὅσον
2264 1306 2325 1374 ἐξ
2345 1302 2420 1363 ὧν
2441 1309 2686 1380 λέγουσι,
2715 1313 2810 1366 καὶ
2839 1314 2867 1365 6
2891 1313 3160 1385 μακάριος
3184 1314 3453 1387 Κύριλλος
3474 1314 3712 1388 τετράδα

2112 1398 2348 1467 δοξάζει.
2385 1402 2495 1455 Καὶ
2518 1402 2653 1457 ἄλλα
2677 1402 2733 1457 δὲ
2753 1404 2979 1459 τοιαῦτα
3019 1405 3191 1461 πολλά
3223 1407 3376 1479 παρά
3402 1408 3514 1467 τοῖς
3534 1406 3714 1478 ἁγίοις

2113 1492 2397 1563 Πατράσιν
2425 1494 2772 1567 εὑρίσκομεν,
2803 1495 2839 1550 ἀ
2858 1495 2948 1551 διά
2974 1497 3305 1569 πολυλογίαν
3357 1500 3453 1554 νῦν
3507 1500 3571 1555 ού
3628 1499 3714 1555 δεῖ

2115 1589 2484 1661 παραθέσθαι.
2516 1593 3019 1663 Ἐπιλαμόἀνονται
3067 1595 3125 1649 δὲ
3176 1596 3345 1667 αὐτῆς
3394 1597 3581 1661 πάλιν,
3633 1596 3714 1662 ὡς

2114 1682 2375 1755 εἰπούσης
2396 1684 2478 1750 τὸ,
2497 1685 2584 1737 Ἐν
2614 1685 2706 1739 δύο
2741 1685 2987 1755 φύσεσιν.
3020 1688 3141 1741 Ὅτι
3169 1689 3227 1743 δὲ
3257 1688 3531 1743 καὶτοῦτο
3559 1689 3716 1763 εἴρη-

2114 1792 2204 1829 ται
2227 1774 2380 1848 ποιρά
2414 1778 2526 1841 τοῖς
2562 1778 2833 1850 Πατράσι,
2869 1778 3050 1851 ῥᾴδιον
3080 1778 3250 1847 δεῖξαι
3269 1780 3378 1835 ἀπὸ
3402 1780 3635 1836 πολλῶν.

417 2188 680 2251 Actione
726 2187 963 2274 declina
1022 2209 1204 2274 error
1253 2191 1702 2274 Gaianitarnpt
1739 2189 2074 2269 detegitur,
2121 2195 2344 2248 contra
2394 2203 2546 2274 quos
2581 2187 2895 2274 probatur
2947 2188 3191 2274 Christi
3226 2209 3458 2271 corpus
3490 2193 3696 2274 fuisse

496 2269 937 2353 corruptibile,
987 2281 1043 2331 et
1078 2269 1312 2353 iisdem
1333 2268 1761 2353 passiouibua,
1789 2265 2040 2353 excepto
2066 2276 2341 2346 peccato,
2369 2265 2734 2348 subjectum.
2756 2268 2996 2332 Deinde
3037 2265 3707 2353 Agnone—reprehen-

494 2348 777 2408 duntur:
817 2358 1130 2428 postremo
1185 2348 1417 2411 delirio
1476 2349 1771 2429 Origem's
1823 2349 2211 2427 refutantur.

1018 2492 1223 2548 ACTlO
1268 2491 1337 2547 Χ.

482 2582 615 2638 Post
648 2583 835 2637 omnia
864 2598 987 2653 qua:
1036 2584 1306 2640 hactenus
1334 2584 1583 2655 exposita
1641 2591 1792 2648 sunt,
1826 2597 2009 2654 operte

418 2678 583 2733 fuerit
611 2676 852 2747 pretium
911 2676 981 2732 de
1026 2675 1408 2732 Gaianitarum
1434 2690 1653 2748 quoque
1682 2690 1746 2731 ac
1770 2675 2004 2730 aliorum

416 2770 781 2840 quorumdam
815 2769 1075 2840 Opinione
1115 2770 1486 2824 narrationem
1524 2768 1760 2824 institui.
1820 2767 2007 2823 Conﬁ-

419 2871 608 2918 tentur
631 2878 763 2934 ergo
809 2863 1096 2927 Gaianitte,
1134 2862 1305 2916 Deum
1359 2861 1684 2917 Sermonem
1734 2877 1767 2917 e
1828 2862 2008 2931 Virgi-

416 2971 488 3010 ne
556 2964 808 3011 naturam
875 2955 1169 3010 humanam
1221 2956 1584 3026 assumpsisse
1642 2953 1884 3024 perfecte
1944 2968 2008 3009 ac

416 3063 547 3102 vere
575 3065 588 3102 :
617 3047 714 3102 sed
739 3055 861 3117 post
888 3046 1151 3102 unionem
1186 3063 1310 3104 esse
1344 3064 1548 3120 corpus
1584 3046 2008 3118 incorruptibile

2731 2494 2981 2549 ΠΡΔΞΙΣ
3018 2497 3078 2552 ι’.

2189 2584 2376 2651 Ἀξιόν
2436 2586 2555 2641 ἐστι
2609 2586 2748 2658 μετὰ
2794 2587 2864 2642 τὰ
2908 2587 3259 2661 προρηθέντα
3314 2589 3553 2658 ἅπαντα,
3608 2594 3709 2648 καὶ

2111 2679 2241 2751 περὶ
2255 2678 2354 2751 τῆς
2372 2678 2531 2751 δόξης
2550 2680 2659 2734 τῶν
2685 2680 3007 2749 Γαῖανιτῶν,
3032 2684 3127 2736 καὶ
3153 2682 3330 2738 ἄλλων
3352 2684 3538 2751 τινῶν,
3564 2685 3709 2754 διεξ-

2112 2772 2311 2826 ελθεῖν.
2374 2773 2437 2825 0i
2477 2773 2657 2826 τοίνυν
2707 2773 2994 2828 Γαῖανῖται
3062 2773 3386 2845 ὁμολογοῦσι
3432 2775 3524 2831 τὸν
3572 2777 3709 2831 Θεὸν

2114 2864 2287 2933 Λόγον
2323 2862 2748 2936 ἐνανθρωπῆσαι
2784 2865 2851 2919 ἐκ
2875 2867 2975 2935 τῆς
3022 2864 3305 2937 Παρθένου
3355 2865 3579 2931 τελείως
3612 2870 3709 2922 καὶ

2113 2953 2385 3024 ἀληθινῶς
2403 2954 2549 3008 ’ἀπὸ
2571 2953 2629 3008 δὲ
2648 2954 2747 3024 τῆς
2768 2952 3021 3020 ἐνώσεως
3044 2955 3326 3029 ἄφθαρτον
3346 2955 3710 3028 ὁμολογοῦσιν

2113 3044 2253 3101 εἶναι
2280 3046 2343 3101 τὸ
2372 3045 2551 3115 σῶμα.
2581 3046 2767 3102 Πάντα
2797 3046 2897 3119 μὲν
2926 3047 3037 3120 γὰρ
3086 3047 3155 3101 τά
3197 3048 3312 3119 είδη
3360 3048 3470 3103 τῶν
3516 3048 3710 3105 κακῶν

420 3143 632 3199 dicunt.
682 3141 888 3197 Omnes
913 3140 1062 3198 enim
1125 3140 1397 3195 malorum
1456 3140 1671 3211 species
1728 3139 2008 3196 Christum

2114 3142 2366 3213 λέγουσιν
2401 3140 2563 3195 αὐτὸν
2595 3141 2929 3212 ὑπομεῖναι·
2966 3140 3063 3193 καὶ
3101 3138 3360 3211 ἐπείν“ησε
3412 3138 3544 3212 γὰρ,
3607 3138 3710 3193 καὶ

418 3250 737 3305 perpessum
773 3234 949 3300 aiunt,
987 3233 1082 3304 qui
1117 3242 1173 3288 et
1197 3234 1515 3298 esuriverit,
1566 3241 1621 3289 et
1644 3233 1905 3298 sitiverit,
1954 3240 2010 3287 et

416 3327 745 3397 defatigatus
773 3325 970 3380 fuerit:
998 3335 1055 3379 at
1082 3339 1192 3378 non
1222 3323 1415 3378 eodem
1449 3323 1553 3377 ista
1584 3338 1694 3393 quo
1726 3338 1848 3387 nos,
1887 3336 2008 3376 mo-

415 3416 489 3472 do
513 3432 759 3488 passum.
814 3415 985 3469 Aiunt
1031 3415 1181 3469 enim
1213 3428 1314 3468 nos
1342 3413 1567 3484 quidem
1596 3412 1834 3467 naturali
1869 3427 2007 3482 qua-

416 3510 542 3564 dam
560 3510 888 3564 necessitate
912 3519 1025 3562 tum
1056 3507 1290 3570 esurire,
1323 3514 1437 3559 tum
1458 3505 1614 3560 sitire
1640 3522 1654 3559 :
1689 3503 1784 3560 sed
1843 3504 2009 3558 (ἈιΓί-

417 3611 563 3658 stum
595 3602 710 3656 haec
745 3600 928 3655 omnia
961 3607 1157 3669 sponte
1195 3598 1545 3654 sustinuisse.
1570 3596 1689 3651 Non
1720 3597 1893 3660 enim,
1921 3596 2009 3651 in-

417 3694 638 3764 quiunt,
664 3700 878 3746 natura:
910 3690 1126 3761 legibus
1160 3688 1691 3758 serviebat:alioqui
1721 3688 2009 3757 passiones

419 3787 554 3841 istas
602 3785 900 3839 fatebimur
945 3783 996 3837 ei
1044 3790 1242 3849 praeter
1299 3782 1637 3835 voluntatem
1697 3780 2004 3846 accidisse;

418 3879 571 3949 quod
601 3878 902 3934 absurdum
930 3878 1117 3933 fuerit.
1144 3873 1268 3929 Haec
1290 3873 1667 3928 Gaianitarum
1684 3879 1768 3926 est
1792 3870 2003 3941 Opinio.

416 3974 531 4030 Nos
560 3972 631 4029 ad
665 3988 729 4027 ea
752 3971 1174 4044 respondemus,
1211 3970 1381 4025 etiam
1417 3980 1518 4021 nos
1538 3964 1699 4019 fateri
1721 3964 2009 4034 passiones

417 4074 477 4119 et
507 4063 831 4119 aﬂ‘ectiones
882 4063 1005 4118 illas
1039 4062 1207 4117 fuisse
1250 4057 1629 4114 voluntarias:
1669 4070 1773 4111 nec
1823 4063 2005 4111 tamen

417 4156 628 4212 idcirco
680 4157 889 4222 dicere,
946 4154 1231 4211 Christum
1269 4167 1365 4209 eas
1429 4163 1754 4221 perpessum
1800 4147 2005 4203 eodem

416 4250 582 4305 modo
605 4265 716 4320 quo
743 4264 865 4305 nos.
896 4248 1032 4303 Nam
1053 4254 1251 4318 sponte
1279 4245 1515 4301 dicimus
1545 4242 1724 4312 ipsum
1747 4241 2007 4297 serviisse

416 4349 632 4396 naturae
677 4340 916 4412 legibus,
948 4340 1338 4409 volcntemque
1387 4339 1731 4394 concessisse
1783 4334 2003 4404 corpori

417 4441 481 4490 ut
499 4449 597 4489 sua
612 4437 996 4504 perpeteretur
1008 4433 1202 4489 eodem
1225 4431 1389 4486 modo
1407 4446 1516 4503 quo
1539 4440 1595 4487 et
1614 4445 1717 4485 nos
1740 4428 2002 4500 patimur.

2113 3234 2356 3306 ἐδίψησε,
2395 3234 2494 3287 καὶ
2534 3231 2874 3285 ἐκοπίασενο
2929 3229 2993 3283 ού
3047 3229 3139 3284 τὸν
3190 3228 3351 3284 αὐτὸν
3393 3228 3451 3283 δὲ
3501 3228 3706 3300 τρόπον

2111 3325 2288 3380 ταῦτα
2324 3327 2460 3398 ἡμῖν
2518 3323 2737 3378 παθεῖν.
2794 3321 2936 3376 Φασὶ
2985 3322 3117 3392 γὰρ,
3156 3322 3240 3376 δτι
3279 3322 3443 3393 ἡμεῖς
3492 3320 3594 3394 μὲν
3645 3321 3708 3389 ἐξ

2111 3418 2362 3487 ἀνάγκης
2397 3416 2634 3486 φυσικῆς
2681 3413 2777 3467 καὶ
2815 3413 3114 3484 πεινῶμεν,
3147 3413 3242 3467 καλ⁸
3275 3411 3522 3483 διψῶμεν
3550 3427 3564 3443 ·
3591 3412 3621 3464 6
3646 3411 3711 3466 δὲ

2110 3508 2346 3580 Χριστὸς
2373 3506 2637 3570 ἑκουσίως
2665 3506 2847 3560 πάντα
2876 3504 3192 3576 ὑπέμεινεν.
3226 3505 3301 3559 Ού
3327 3505 3436 3577 γάρ
3457 3502 3706 3558 ἐδούλευε

2109 3602 2221 3664 τοῖς
2260 3602 2360 3670 τῆς
2394 3597 2610 3669 φύσεως
2678 3598 2887 3669 νόμοις,
2937 3598 3062 3651 ἐπεὶ
3108 3597 3204 3653 καὶ
3238 3598 3472 3652 ἀκούσια
3512 3595 3709 3667 ὁμολο-

2111 3692 2318 3763 γοῦμεν
2337 3691 2406 3746 τὰ
2434 3692 2605 3761 πάθη,
2644 3691 2783 3763 ὅπερ
2815 3691 3035 3746 ἄτοπον.
3065 3691 3211 3762 Αὕτη
3241 3690 3346 3763 μὲν
3389 3692 3422 3764 ή
3455 3690 3568 3744 τῶν
3594 3690 3705 3745 Γα-

2109 3784 2333 3839 ῖανιτῶν
2354 3782 2502 3849 δόξα.
2548 3784 2745 3855 Ἡμεῖς
2770 3782 2828 3836 δὲ
2866 3782 3003 3857 πρὸς
3032 3784 3208 3839 ταῦτα
3234 3783 3487 3855 λέγομεν,
3510 3784 3593 3838 ὅτι
3609 3783 3709 3838 καὶ

2109 3879 2275 3949 ἡμεῖς
2332 3876 2558 3931 ἐκούσια
2600 3876 2973 3949 ὁμολογοῦμεν
3009 3876 3077 3931 τά
3105 3876 3255 3948 πάθη
3286 3895 3301 3909 ο
3335 3878 3396 3931 ού
3427 3875 3515 3931 διὰ
3546 3876 3708 3931 τοῦτο

2107 3969 2166 4023 δὲ
2199 3968 2453 4041 λέγομεν,
2482 3969 2566 4023 ὅτι
2600 3968 2695 4023 τὸν
2721 3969 2885 4023 αὑτὸν
2913 3967 3118 4041 τρόπον
3164 3970 3301 4040 ἡμῖν
3354 3968 3413 4036 ἐξ
3454 3969 3708 4040 ἀνάγκης

2107 4059 2346 4132 ἔπασχεν
2365 4078 2380 4092 ·
2412 4059 2552 4115 ἀλλά
2582 4059 2840 4132 λέγομεν,
2867 4061 2952 4115 ὅτι
2993 4062 3260 4124 ἑκουσίως
3302 4061 3553 4116 ἐδούλευε
3589 4062 3709 4126 τοῖς

2105 4152 2208 4223 τῆς
2247 4152 2464 4223 φύσεως
2491 4153 2702 4224 νόμοις,
2755 4153 2852 4208 καὶ
2913 4151 3057 4207 ἑκὼν
3110 4153 3284 4208 ἐδίδου
3356 4153 3440 4225 τῷ
3488 4153 3708 4225 σώματι

2108 4246 2302 4302 παθεῖν
2325 4247 2397 4299 τὰ
2420 4246 2527 4300 ίδια
2562 4246 2654 4300 τὸν
2681 4244 2848 4301 αὑτὸν
2870 4247 3093 4319 τρόπον,
3135 4245 3195 4300 ὃν
3238 4246 3333 4300 καὶ
3379 4246 3543 4317 ἡμεῖς
3593 4247 3709 4300 πά-

2110 4354 2330 4409 σχομεν.
2354 4337 2468 4393 Καὶ
2501 4338 2838 4410 μαρτυροῦσι
2871 4338 3087 4403 τούτοις
3115 4341 3164 4393 oi
3195 4338 3439 4411 Πατέρες
3467 4353 3482 4369 ·
3522 4339 3553 4393 ό
3604 4338 3709 4410 μὲν

2112 4430 2267 4499 ἅγιος
2295 4429 2598 4502 Γρηγόριος
2625 4430 2795 4485 εἰπὼν
2818 4448 2833 4463 ·
2876 4432 2957 4503 Τῇ
2986 4431 3149 4502 φύσει
3186 4429 3382 4496 ἐδίδου,
3412 4431 3501 4486 ὅτε
3531 4430 3708 4485 ἐδού-

417 4528 596 4597 Atque
630 4526 746 4582 haec
774 4525 1103 4581 testimoniis
1134 4525 1455 4580 suisPatres
1482 4523 1587 4595 ipsi
1625 4522 2008 4593 comprobant,

2113 4522 2258 4581 λετο,
2289 4522 2536 4594 ἐνεργεῖν
2584 4522 2652 4577 τὰ
2688 4522 2829 4577 ίδιαθ
2858 4525 2887 4578 ὁ
2914 4522 2971 4576 δὲ
3004 4523 3280 4596 μακάριος
3305 4523 3598 4595 Κύριλλος,
3633 4522 3711 4576 εί-

419 4625 482 4673 ut
498 4626 721 4672 sanctus
744 4617 835 4672 ille
849 4616 1145 4689 Gregorius
1168 4617 1426 4687 inquiens
1445 4631 1465 4670 :
1486 4615 1705 4670 Natura:
1725 4614 2009 4684 permitte-

420 4711 537 4775 bat,
564 4725 688 4765 cutn
719 4711 905 4777 vellet,
940 4720 1001 4766 ut
1030 4718 1219 4782 ageret
1254 4725 1375 4766 sua.
1421 4709 1622 4765 Beatus
1672 4716 1859 4762 autem
1903 4705 2008 4777 Cy-

421 4806 578 4861 rillus
611 4805 789 4861 dixit:
820 4804 1343 4861 Perimmissionem
1374 4801 1625 4857 ciborum
1647 4808 1704 4855 et
1729 4799 2005 4855 excretio-

420 4914 573 4965 nem,
627 4898 991 4955 conservabat
1026 4894 1419 4955 substantiam,
1473 4891 1724 4962 corporis
1770 4890 2003 4946 scilicet.

419 4992 634 5047 Rursus
665 5006 733 5046 ex
769 4990 1015 5062 Dialogo,
1046 5003 1158 5059 quo
1190 5000 1360 5040 unum
1390 4999 1511 5040 esse
1530 4982 1819 5039 Christum
1872 4997 2003 5053 pro-

420 5080 534 5147 bat,
561 5081 881 5152 permisisse
928 5080 1110 5149 ipsum
1138 5076 1291 5132 carni
1332 5090 1467 5135 suae.
1503 5083 1586 5129 ut‘
1613 5083 1826 5129 naturae
1893 5087 2006 5128 suae

416 5172 629 5243 legibus
660 5172 1086 5241 obsequeretur.
1124 5167 1193 5221 Et
1228 5180 1462 5220 rursus:
1500 5163 1593 5217 Sic.
1621 5162 1894 5233 permittit
1946 5159 2003 5215 id

418 5264 567 5335 quod
597 5278 928 5335 corporeum
962 5268 1103 5327 erat,
1142 5275 1207 5315 ea
1233 5258 1447 5329 perpeti
1475 5271 1598 5327 quae
1628 5255 1730 5326 ipsi
1777 5261 2004 5309 natura-

416 5354 545 5411 liter
573 5354 812 5421 adsunt,
857 5360 916 5408 ut
940 5350 1259 5409 ostenderet
1310 5364 1369 5404 se
1397 5364 1587 5418 reapse
1640 5361 1880 5416 vereque
1912 5361 2008 5417 ge-

420 5457 567 5501 stare
586 5461 831 5506 carnem.
856 5454 911 5501 et
935 5443 1242 5501 secundum
1263 5440 1498 5496 Litteras
1520 5453 1702 5496 sacras
1725 5437 2005 5492 hominem

419 5552 541 5595 esse
583 5539 809 5596 factum.
854 5538 1091 5595 Sanctus
1131 5545 1315 5592 autem
1347 5534 1687 5590 Athanasius
1719 5532 1863 5587 libro
1892 5532 2004 5585 Ad-

420 5646 599 5686 versus
634 5630 1045 5703 Apollinarem:
1078 5630 1382 5699 Pr0pterea
1430 5626 1653 5681 dicebat
1698 5624 1965 5678 Dominus
1989 5662 2005 5687 ,

423 5721 661 5777 animam
687 5737 843 5778 suam
876 5736 1027 5777 nunc
1067 5720 1399 5793 perturbari.
1426 5718 1495 5775 Et
1534 5718 1641 5772 hoc
1674 5730 1814 5769 nunc
1833 5712 2007 5785 signi-

426 5814 576 5873 ficat.
607 5816 829 5884 quando
864 5817 983 5888 ipse
1014 5816 1208 5873 voluit.
1239 5815 1297 5871 Id
1330 5824 1534 5882 tamen,
1565 5810 1714 5883 quod
1734 5816 1876 5875 erat,
1915 5807 2007 5863 in-

2118 4616 2321 4689 ρηκὼς,
2353 4617 2435 4672 ὅτι
2466 4617 2566 4672 Διά
2597 4617 2699 4689 τῆς
2747 4616 3152 4690 εἰσπορεύσεως
3202 4618 3314 4673 τῶν
3370 4616 3705 4691 βρωμάτων,

2112 4708 2212 4762 καὶ
2277 4707 2380 4778 τῆς
2432 4707 2841 4777 ἐκπορεύσεως,
2894 4707 3173 4780 διεκράτει
3226 4707 3328 4780 τὴν
3379 4708 3705 4771 ὑπόστασιν,

2112 4798 2262 4854 τοῦτ’
2294 4798 2412 4853 ἔστι
2446 4799 2541 4853 τοῦ
2567 4799 2841 4870 σώματος.
2868 4800 2977 4854 Καὶ
3012 4801 3174 4855 πάλιν
3204 4802 3269 4854 ἐκ
3303 4800 3401 4856 τοῦ
3426 4801 3704 4870 διαλόγου,

2113 4893 2193 4947 ὅτι
2249 4886 2331 4957 εἷς
2353 4892 2381 4946 ὁ
2415 4893 2678 4964 Χριστὸς,
2707 4893 2916 4964 ἐφιέναι
2946 4893 3109 4949 αὑτὸν
3138 4896 3206 4965 τῇ
3264 4894 3374 4966 ίδίᾳ
3404 4894 3593 4966 σαρκὶ,
3617 4893 3709 4948 διὰ
3785 4922 3789 4925 -

2112 4986 2223 5039 τῶν
2247 4986 2348 5056 τῆς
2384 4986 2521 5050 ίδὶας
2551 4986 2765 5055 φύσεως
2800 4987 2940 5041 ίέναι
2986 4987 3194 5058 νόμων.
3232 4987 3342 5043 Καὶ
3369 4982 3562 5051 αὖθιςο
3614 4984 3707 5051 Ὣς

2113 5078 2405 5151 ἐπιτρέπει
2436 5079 2495 5132 τὸ
2525 5079 2837 5150 σωματικὸν
2869 5079 3014 5134 κατὰ
3059 5081 3159 5152 τὴν
3209 5080 3372 5151 φύσιν
3431 5079 3707 5151 προσόντα

2113 5170 2333 5236 παθεῖν,
2359 5172 2437 5235 είς
2470 5171 2746 5236 ἀπόδειξιν
2769 5170 2863 5224 τοῦ
2891 5166 3063 5235 ὅντως
3118 5172 3215 5225 καὶ
3268 5172 3391 5226 κατ’
3442 5171 3706 5242 ἀλήθειαν

2114 5261 2346 5333 φορέσαι
2402 5263 2604 5334 σάρκα,
2656 5263 2752 5317 καὶ
2803 5262 3093 5337 ἄνθρωπον
3138 5261 3397 5332 γενέσθαι
3430 5262 3572 5316 κατὰ
3600 5259 3703 5324 τὰς

2112 5354 2360 5426 Γραφάς.
2407 5355 2465 5409 '0
2491 5356 2548 5409 δὲ
2580 5357 2736 5425 ἆγιος
2762 5355 3106 5417 Ἀθανάσιος,
3134 5356 3200 5408 ἐκ
3228 5354 3323 5409 τοῦ
3340 5354 3505 5409 Κατὰ
3537 5353 3703 5407 Ἀπο-

2114 5450 2393 5516 λιναρίου
2459 5448 2642 5518 λόγου,
2674 5452 2754 5505 ὅτι
2800 5449 2899 5503 Διὰ
2945 5449 3104 5504 τοῦτο
3154 5447 3343 5517 ἔλεγεν
3398 5448 3429 5500 ὁ
3475 5444 3701 5517 Κύριος,

2114 5540 2229 5594 Νῦν
2258 5544 2290 5611 ἠ
2317 5540 2464 5612 ψυχή
2491 5559 2592 5612 μου
2615 5541 2975 5614 τετάρακται.
3008 5539 3082 5594 Τὸ
3114 5539 3169 5594 δὲ
3200 5540 3320 5594 νῦν
3341 5536 3500 5591 τοῦτό
3530 5538 3700 5601 ἐστιν,

2114 5632 2204 5685 ὅτε
2235 5632 2523 5702 ἠθέλησεν.
2566 5634 2754 5704 Ὅμως
2790 5632 2972 5703 μέντοι
3006 5632 3067 5684 τὸ
3098 5630 3164 5684 -ὂν
3199 5629 3613 5683 ἐπιδείκνυται·
3639 5626 3703 5679 ού

2115 5726 2226 5798 γὰρ
2255 5725 2316 5780 τὸ
2344 5724 2419 5796 μὴ
2449 5723 2509 5779 ὃν
2532 5724 2609 5790 ὡς
2635 5725 2807 5797 παρὸν
2830 5724 3139 5796 ὠνόμαζεν,
3180 5723 3257 5786 ὡς
3288 5722 3511 5793 δοκήσει
3555 5733 3704 5789 γινο-

2121 5817 2297 5889 μένων
2326 5816 2437 5872 τῶν
2463 5817 2776 5889 λεγομένων
2803 5831 2819 5846 ο
2841 5815 3014 5887 φύσει
3061 5814 3171 5886 γὰρ
3201 5814 3297 5869 καὶ
3354 5809 3584 5883 ἀληθείᾳ
3632 5806 3703 5861 τὰ
