4148 6446
481 424 614 492 12m
1687 421 1782 483 DE
1815 400 2193 483 satus—
2235 422 2400 484 ACT.
2472 424 2545 482 Χ.
2638 492 2646 499 ε
3622 420 3760 486 1262

475 548 657 602 πάντα
707 541 935 612 ἐγίνετο.
978 537 1152 593 Πάλιν
1185 535 1241 591 ὲν
1267 534 1441 608 ἑτέρῳ
1474 552 1488 567 ·
1523 536 1603 589 ὅτι
1636 536 1755 589 Κάν
1783 535 1859 606 μὴ
1887 536 2054 605 ἡττή-
2085 550 2113 606 Δ

2124 574 2136 605 ι
2165 535 2408 591 dicatur:
2438 552 2545 591 non
2581 536 2726 591 cnim
2768 537 2913 607 quod
2944 553 3051 592 non
3082 544 3223 603 erat,
3251 535 3407 608 quasi
3448 537 3492 594 si
3518 553 3762 609 praesens

478 656 610 711 ματι
641 636 857 707 φύσεως
908 632 1190 687 συνέϐαινε
1218 630 1287 685 τά
1331 629 1618 701 λεγόμενα,
1655 629 1771 683 ἀλλ’
1799 628 2057 694 ἐπιδείξει

2162 632 2328 689 esset,
2355 626 2616 697 protulit:
2650 642 2715 683 ac
2738 628 2781 683 si
2814 629 2996 698 specie
3031 638 3192 683 tenus
3230 627 3448 693 ﬁerent,
3476 646 3598 701 quae
3639 631 3758 685 fieri

475 729 768 799 ὑπάρξεως
797 727 1012 796 ἐγίνετο
1036 723 1104 778 τά
1134 721 1416 793 γινόμενα.

2166 717 2526 784 dicebantur;
2555 719 2759 790 quippe
2786 729 2983 775 natura
3010 731 3067 776 et
3093 737 3222 776 vere
3287 722 3472 776 omnia
3528 723 3755 778 fiebant.

476 826 691 881 Rursus
712 821 843 877 alibi
866 838 879 874 :
901 820 1022 875 Non
1047 818 1266 873 defectu
1285 826 1493 871 natura»:
1514 823 1697 869 tamen
1755 810 2105 877 accidebant,
2146 827 2269 882 quae
2299 812 2670 878 dicebantur;
2705 812 2799 868 sed
2835 828 2959 884 quae
3028 814 3234 870 ﬁebant
3317 816 3763 872 demonstranda:

474 931 640 970 causa
672 912 998 969 Substantiaa
1026 910 1252 965 ﬁebant.
3450 924 3453 927 -

547 1012 715 1065 Ὥστε
753 1010 802 1063 εἰ
842 1008 935 1061 τὸν
975 1007 1136 1061 αὑτὸν
1170 1008 1305 1076 ἡμῖν
1331 1004 1535 1077 τρόπον
1567 1003 1825 1074 ἔπασχεν,
1856 1001 1916 1054 ού
1980 999 2066 1052 δυ-

2235 995 2299 1050 ιι.
2324 993 2690 1068 Quapropter,
2710 996 2755 1052 si
2775 996 2970 1055 eodem
3003 999 3292 1055 nobiscum
3314 1016 3478 1057 mooo
3507 1006 3760 1074 patieba-

477 1099 691 1171 νάμεθα
737 1100 914 1151 εἰπεῖν
956 1096 1090 1149 αὐτὸ
1125 1094 1423 1164 ἄφθαρτον,
1463 1092 1653 1164 ῶσπερ
1694 1090 1814 1145 οὐδὲ
1840 1088 1901 1143 τὸ
1927 1088 2065 1159 ἡμέ-

2168 1093 2283 1151 tur,
2320 1102 2433 1141 non
2463 1104 2757 1159 possumus
2781 1090 2830 1146 ei
2867 1108 3070 1163 corpus
3100 1095 3526 1167 incorruptibile
3551 1100 3763 1154 tribuc-

474 1208 657 1264 τερον.
719 1191 830 1243 Καὶ
882 1187 1199 1258 ἀποροῦμεν
1252 1184 1511 1255 τοιαύτην
1560 1182 1816 1255 ἀπορίαν,
1870 1182 1949 1235 ὅτι
2002 1180 2065 1233 Εἰ

2167 1196 2244 1245 re,
2280 1181 2442 1235 sicuti
2472 1197 2543 1236 ne
2573 1183 2735 1239 nobis
2765 1185 3009 1255 quidem.
3039 1186 3301 1257 Adeoque
3354 1190 3461 1244 tale
3494 1191 3760 1261 quiddam

477 1288 758 1359 ἄφθαρτον
777 1285 962 1352 Αὲγετε
982 1284 1042 1337 τὸ
1063 1283 1221 1352 σῶμα
1237 1282 1330 1335 τοῦ
1347 1280 1607 1353 Χριστοῦ,
1639 1280 1738 1333 οὐκ
1761 1279 1908 1332 ἐστιν
1933 1278 2067 1349 ἡμῖν

2168 1273 2250 1328 eis
2276 1274 2607 1344 objicimus:
2668 1276 2724 1332 Si
2751 1277 2956 1334 Christi
2992 1295 3194 1350 corpus
3221 1281 3647 1353 incorruptibile
3675 1286 3790 1341 di-v

478 1379 786 1451 ὁμοούσιον,
826 1377 875 1429 εἰ
914 1376 972 1427 τὸ
1009 1374 1107 1444 μὲν
1137 1372 1232 1426 τοῦ
1277 1370 1512 1443 Χριστοῦ
1545 1368 1820 1441 ἄφθαρτόν
1843 1368 1977 1431 ἐστι,
2008 1365 2070 1419 τὸ

2169 1363 2314 1430 citis,
2352 1365 2721 1436 nonejusdem
2758 1377 2845 1423 cst
2869 1369 3157 1426 nobiscum
3194 1372 3555 1428 substantiae:
3583 1390 3761 1445 quan-

483 1472 537 1526 δὲ
570 1471 843 1542 ἡμέτερον
900 1465 1162 1536 ςθαρτόν.
1198 1463 1359 1516 Ἀλλὰ
1392 1462 1526 1533 πρὸς
1566 1460 1725 1514 τοῦτο
1763 1457 2069 1513 ἀντείποιεν

2172 1455 2242 1510 (10
2270 1472 2471 1528 corpus
2508 1458 2654 1515 illius
2683 1459 3399 1532 incorruptibile,nostrum
3428 1474 3512 1521 est
3564 1481 3762 1522 corru-

480 1563 547 1617 ἂν
583 1562 677 1616 καὶ
714 1561 890 1625 αὐτοὶ,
936 1559 1018 1613 ὅτι
1056 1560 1152 1610 Ὃν
1182 1557 1385 1626 τρόπον
1444 1553 1584 1624 μετά
1638 1552 1738 1623 τὴν
1770 1550 2070 1605 ἀνάστασιν

2172 1548 2388 1619 ptibile.
2426 1551 2533 1606 Sed
2566 1551 2818 1609 fortassis
2850 1556 2917 1611 ad
2943 1556 3049 1611 hoc
3071 1557 3176 1628 ipsi
3204 1558 3450 1614 vicissim
3477 1558 3719 1615 inferent
3744 1602 3759 1627 ,

479 1655 758 1726 ἄφθαρτον
787 1652 1037 1719 λέγοντες
1062 1649 1121 1702 τὸ
1163 1646 1322 1716 σῶμα
1357 1645 1452 1700 τοῦ
1488 1642 1750 1716 Χριστοῦ,
1784 1642 2070 1713 ὁμοούσιον

2170 1654 2281 1709 quo
2330 1640 2494 1694 modo
2530 1656 2631 1697 nos
2663 1658 2696 1698 a
2736 1646 3147 1702 resurrectione
3197 1645 3407 1702 Christi
3435 1661 3641 1717 corpus
3673 1647 3762 1702 in-

478 1747 669 1816 λέγετε
695 1743 826 1797 αὐτὸ
847 1739 1007 1802 εἶναι,
1042 1740 1132 1794 τὸν
1162 1737 1326 1793 αὑτὸν
1372 1736 1574 1809 τρόπον
1616 1735 1713 1790 καὶ
1763 1736 1929 1805 ἡμεῖς
1964 1732 2070 1804 πρὸ
2102 1812 2116 1816 _

2171 1732 2534 1803 corruptibile
2584 1735 2856 1803 dicentes,
2918 1739 3283 1794 nihilominus
3334 1739 3585 1810 ejusdem
3638 1755 3761 1797 esse

479 1812 578 1910 τῆς
602 1835 953 1897 ἀναστάσεως
979 1832 1258 1903 ἄφθαρτον
1283 1831 1558 1899 λέγοντες,
1603 1827 1891 1899 ὁμοούσιον
1933 1827 2066 1896 ἡμῖν
2101 1812 2117 1871 Ι

2123 1813 2142 1869 ἲ
2171 1822 2461 1878 nobiscum
2492 1826 2810 1883 substantiae
2844 1828 3126 1884 tradamus
3156 1847 3169 1884 :
3207 1829 3403 1884 eodem
3449 1845 3509 1885 se
3539 1845 3761 1901 quoque

478 1929 855 2002 ὁμολογοῦμεν
886 1921 1049 1980 εἶναι.
1090 1925 1283 1995 Ἡμεῖς
1324 1924 1380 1976 δὲ
1428 1922 1686 1991 λέγομεν,
1736 1920 1817 1973 ὅτι
1854 1920 1915 1971 Εἰ
1970 1918 2066 1971 καὶ

2174 1915 2339 1970 modo
2366 1916 2614 1973 dicentes
2646 1919 2791 1974 idem
2816 1931 2944 1975 ante
2986 1922 3447 1977 resurrectionem
3502 1922 3761 1978 incorru-

479 2022 758 2094 ἄφθαρτον
788 2018 919 2073 αὐτὸ
948 2015 1322 2087 ὁμολογοῦμεν
1360 2013 1499 2084 μετὰ
1526 2012 1627 2083 τὴν
1658 2010 1977 2069 ἀνάστασιν,
2003 2010 2063 2061 ού

2174 2009 2368 2079 ptibile
2425 2011 2789 2068 nihilominus
2846 2014 3093 2085 ejusdem
3129 2030 3251 2071 esse
3304 2015 3593 2071 nobiscum
3630 2015 3763 2071 sub-

478 2118 545 2188 τῇ
574 2114 733 2184 φύσει
762 2112 994 2181 λέγομεν
1022 2108 1151 2161 αὐτὸ
1189 2105 1488 2175 ἄφθαρτον,
1534 2104 1600 2172 τῇ
1628 2101 1687 2154 δὲ
1739 2100 1946 2172 χάριτι.
2006 2099 2066 2151 Εἰ

2176 2104 2397 2158 ειοηιὶτε
2443 2103 2626 2159 fateri.
2687 2106 2891 2161 Verum
2930 2123 3032 2162 nos
3071 2108 3760 2178 respondemuszEtiamsi

477 2209 535 2262 δὲ
562 2205 1002 2271 εἰπωσιν,Ἔστω
1019 2202 1114 2254 καὶ
1139 2199 1248 2271 πρὸ
1278 2198 1377 2267 τῆς
1404 2195 1754 2257 ἀναστάσεως
1780 2195 1847 2264 τῇ
1883 2192 2066 2262 χάριτι

2174 2204 2291 2265 post
2331 2198 2795 2255 resurrectionem
2832 2200 3255 2271 incorruptibile
3305 2201 3612 2269 fateamur,
3648 2218 3762 2258 non

478 2300 755 2371 ἄφθαρτον
782 2314 797 2329 ⁸
826 2296 1083 2365 λέγομεν,
1117 2294 1199 2346 ὅτι
1241 2291 1314 2344 Ού
1356 2289 1630 2359 συγχωρεῖ
1655 2285 1813 2340 τοῦτο
1843 2288 1912 2338 τὰ
1938 2284 2067 2354 περὶ

2175 2296 2358 2343 tamen
2415 2304 2445 2343 a
2499 2291 2661 2347 nobis
2705 2292 3131 2364 incorruptibile
3205 2302 3405 2351 natura
3465 2295 3599 2363 dici,
3663 2295 3794 2351 sed-

478 2393 571 2447 τοῦ
609 2389 852 2463 Χριστοῦ
876 2388 1148 2457 λεγόμενα
1174 2402 1187 2414 ·
1229 2384 1336 2457 πρὸ
1381 2383 1480 2453 μὲν
1511 2380 1618 2453 γὰρ
1675 2380 1775 2451 τῆς
1828 2377 2067 2431 ἀναστά-

2174 2381 2366 2450 gratia.
2402 2383 2459 2439 Si
2485 2385 2824 2457 subjeccrint
2850 2404 2863 2440 :
2892 2387 3065 2441 Etiam
3116 2396 3246 2445 ante
3292 2389 3759 2445 resurrectionem

479 2502 619 2548 σεως
646 2481 983 2550 λέγεταικαὶ
1021 2477 1301 2548 πεινῆσαι,
1346 2475 1443 2529 καὶ
1492 2474 1735 2544 διψῆσαι.
1795 2473 1905 2524 Καὶ
1950 2467 2068 2532 πῶς

2176 2475 2601 2547 incorruptibile
2626 2495 2725 2550 per
2752 2481 2986 2550 gratiam
3027 2489 3147 2535 esto
3182 2496 3196 2534 :
3241 2480 3481 2536 dicimus
3510 2497 3624 2535 non
3655 2480 3763 2536 hoc

478 2578 545 2631 ἂν
574 2577 661 2645 εἴη
688 2576 750 2628 τὸ
772 2573 948 2628 ταῦτα
968 2570 1254 2633 πεπονθὸς,
1296 2567 1575 2637 ἄφθαρτον
1607 2581 1623 2631 ;
1664 2563 1821 2619 Μετά
1865 2561 1923 2615 δὲ
1967 2560 2067 2631 τὴν

2174 2582 2238 2621 ca
2273 2567 2596 2636 permittere
2640 2584 2762 2638 quae
2804 2568 2872 2623 de
2912 2568 3134 2624 Christo
3173 2569 3475 2624 traduntur
3509 2587 3523 2624 :
3554 2571 3761 2626 etenim

477 2668 783 2724 ἀνάστασιν
809 2664 963 2718 οὐδὲν
983 2662 1093 2715 τῶν
1116 2658 1373 2713 τοιούτων
1395 2656 1597 2711 ἔπαθεν
1621 2671 1636 2687 ο
1658 2653 1733 2718 ὡς
1754 2652 1932 2723 δῆλον,
1959 2650 2067 2722 πρὸ

2176 2668 2305 2713 ante
2332 2660 2800 2716 resurrectionem
2824 2670 2881 2717 et
2907 2661 3176 2718 esuriisse
3200 2661 3427 2728 dicitur,
3451 2672 3508 2719 et
3531 2662 3758 2719 sitiisse.

480 2763 581 2834 μὲν
614 2762 716 2831 τῆς
738 2756 1114 2821 ἀναστάσεως,
1152 2753 1392 2824 φθαρτὸν
1419 2747 1564 2804 εἶναι
1596 2748 1658 2803 τὸ
1698 2746 1884 2817 σῶμα,
1923 2743 2065 2817 μετά

2174 2749 2294 2816 Quo
2324 2760 2508 2806 autem
2544 2752 2708 2807 modo
2753 2753 3177 2825 incorruptibile
3216 2753 3417 2818 fuerit,
3451 2757 3599 2826 quod
3629 2757 3761 2815 talia

475 2857 535 2910 δὲ
572 2855 673 2927 τὴν
718 2852 1039 2913 ἀνάστασιν,
1068 2848 1364 2916 ἄφθαρτον.
1422 2846 1486 2897 Et
1536 2842 1644 2913 γὰρ
1701 2842 1796 2895 καὶ
1842 2837 2065 2907 λέγεται

2175 2856 2397 2911 passum
2426 2844 2555 2896 est?
2588 2842 2659 2898 At
2692 2853 2815 2913 post
2848 2846 3320 2902 resurrectionem
3347 2846 3488 2902 nihil
3519 2848 3629 2903 tale
3662 2864 3758 2904 ac-

477 2949 677 3017 φαγεῖν
729 2945 869 3017 μετὰ
912 2942 1011 3014 τὴν
1057 2942 1372 3001 ἀνάστασιν,
1423 2937 1582 2990 τοῦτο
1630 2934 1700 2989 δι’
1754 2931 2066 3003 οἰκονομίαν

2174 2933 2349 2988 cidit:
2406 2934 2552 2990 unde
2609 2944 2794 3004 potest
2844 2944 2973 2992 ante
3038 2939 3506 2995 resurrectionem
3556 2956 3760 3012 corpus

477 3041 735 3111 ἐποίησεν
759 3054 772 3067 ο
805 3037 904 3106 οὐχ
930 3035 1011 3097 ὠς
1048 3033 1126 3101 τῷ
1161 3032 1273 3084 ὄντι
1327 3029 1551 3090 πεινῶν,
1601 3026 1716 3081 ἀλλ’
1773 3026 1861 3080 ἵνα
1913 3022 2067 3097 δείξῃ

2171 3024 2344 3081 fuisse
2374 3028 2755 3098 corruptibile,
2776 3040 2900 3100 post
2918 3033 3387 3088 resurrectionem
3421 3034 3754 3106 incorrupti-

474 3136 591 3196 τοῖς
622 3131 898 3203 μαθηταῖς
928 3125 1114 3189 αὐτοῦ,
1151 3126 1234 3177 ὅτι
1263 3122 1426 3185 αὑτός
1459 3125 1608 3174 ἐστιν
1653 3120 1695 3223 ὁ.
1722 3115 1960 3237 ἀνῗστάς
1982 3116 2065 3224 ,ὲῖι
2095 3176 2112 3235 ⁴

2120 3174 2140 3196 η
2171 3117 2450 3176 bile.Nam
2473 3121 2621 3192 quod
2665 3123 2847 3179 edisse
2869 3134 2994 3194 post
3039 3127 3509 3183 resurrectionem
3528 3127 3758 3198 dicitur,

2120 3213 2142 3237 ιι
2173 3212 2226 3237 2-1
2273 3229 2401 3237 η».--
2435 3230 2535 3237 ..Α-
2572 3214 3030 3237 .l:__.-_--a!-_.-__
3074 3218 3113 3237 E_
3138 3219 3197 3237 -t.
3272 3236 3293 3237 η
3320 3235 3330 3237 Α
3416 3236 3423 3237 κ
3484 3222 3496 3234 ο
3610 3236 3615 3237 ,

477 3225 689 3295 νεκρῶν
715 3240 729 3253 ·
762 3222 822 3275 ὃν
850 3220 1050 3292 τρόπον
1105 3218 1201 3271 καὶ
1225 3217 1351 3278 τοὺς
1375 3214 1580 3275 τύπους
1627 3213 1737 3265 τῶν
1787 3211 1932 3280 ἥλων
1982 3209 2071 3262 λέ-
2096 3209 2115 3235 ‘

2123 3213 2142 3237 ‘
2173 3212 2229 3268 id
2273 3229 2406 3269 vero
2434 3230 2535 3285 per
2567 3214 3037 3285 dispensationem
3072 3218 3239 3275 fecit:
3270 3235 3379 3275 non
3404 3222 3533 3291 quia
3567 3236 3761 3278 revera

478 3334 636 3387 γεται
670 3312 939 3378 ἐπιδεῖξαι
977 3310 1185 3373 αὐτοῖς.
1223 3306 1418 3361 Καίτοι
1445 3307 1610 3377 ἡμεῖς
1637 3303 1789 3356 οὐδὲν
1826 3303 1934 3354 τῶν
1964 3299 2071 3369 πρὸ

2172 3306 2432 3371 esuriret,
2458 3305 2551 3361 sed
2580 3307 2658 3361 uti
2681 3306 2971 3378 discipulis
2992 3310 3109 3365 suis
3136 3311 3480 3378 ostenderet,
3513 3313 3761 3385 seipsum

478 3410 581 3481 τῆς
604 3406 961 3467 ἀναστάσεως
987 3401 1181 3458 παθῶν
1207 3398 1552 3470 ἀνιστάμεθα
1568 3396 1801 3469 ἔχοντες.
1820 3392 2072 3466 Ἀπαρχὴ

2173 3414 2295 3453 esse
2346 3399 2442 3470 qui
2495 3399 2565 3455 de
2621 3401 2856 3456 mortuis
2890 3403 3286 3460 resurrexisset
3324 3422 3337 3458 :
3375 3422 3485 3477 quo
3532 3407 3762 3478 quidem

479 3500 538 3553 δὲ
569 3499 668 3569 τῆς
701 3499 766 3551 ὲκ
787 3494 1002 3567 νεκρῶν
1036 3491 1194 3564 ἡμῶν
1231 3490 1581 3553 ἀναστάσεως
1605 3490 1632 3542 ὁ
1664 3487 1920 3558 Χριστός.
1964 3484 2075 3539 Καὶ

2175 3490 2341 3545 modo
2371 3490 2656 3545 clavorum
2694 3507 2919 3563 quoque
2968 3494 3259 3552 cicatrices
3302 3497 3386 3554 eis
3422 3510 3763 3557 monstrasse

481 3593 633 3664 ὅμως
657 3592 819 3653 αὐτὸς
860 3587 1061 3660 εὑρέθη
1095 3587 1236 3656 ἔχων
1263 3599 1277 3613 ·
1312 3584 1387 3647 ὼς
1420 3583 1599 3653 δῆλον,
1636 3581 1717 3634 ὅτι
1762 3580 1830 3635 δι’
1875 3580 2076 3633 οἰκονοο

2175 3580 2405 3636 dicitur.
2442 3582 2610 3652 Atqui
2638 3598 2741 3638 nos
2775 3584 2849 3639 ita
2878 3600 3240 3658 resurgemus
3274 3598 3334 3645 ut
3371 3605 3567 3646 earum
3620 3595 3762 3651 nulli

487 3685 616 3754 μίαν
653 3683 816 3737 τοῦτο
844 3681 1091 3750 γέγονεν.
1126 3677 1351 3749 Ἀμέλει
1400 3676 1523 3729 οὐδὲ
1571 3674 1720 3744 λέγει
1773 3675 1805 3744 ἡ
1861 3671 2073 3743 Γραφὴ,

2177 3674 2497 3743 passionum
2519 3675 2743 3730 obnoxii
2762 3675 2938 3731 simus
2954 3717 2968 3741 ,
2988 3693 3128 3747 quas
3148 3688 3274 3735 ante
3292 3684 3760 3744 resurrectionem

482 3778 566 3831 ὅτι
596 3776 906 3847 ὲπείνησεν,
933 3773 1050 3827 ἀλλ’
1083 3774 1166 3826 ὅτι
1209 3772 1435 3840 ἔφαγεν.
1476 3767 1804 3837 Ἐπιστῆσαι
1841 3765 1898 3817 δὲ
1933 3765 2073 3828 δέον,

2177 3767 2518 3836 experimur.
2546 3767 2770 3822 interim
2805 3768 3068 3839 primitias
3102 3774 3531 3833 resurrectionis
3560 3788 3766 3835 nostra:

483 3872 567 3924 ὅτι
591 3868 977 3941 παραφέρουσι
1019 3866 1248 3938 χρήσεις
1294 3861 1448 3926 τινὰς
1480 3861 1589 3918 ἀπὸ
1646 3861 1757 3915 τῶν
1818 3860 2078 3931 Πατέρων

2179 3859 2247 3915 de
2272 3861 2509 3916 mortuis
2531 3860 2791 3918 Christus
2815 3871 2901 3919 est
2920 3904 2933 3929 ,
2965 3868 3021 3919 et
3046 3874 3230 3922 tamen
3257 3868 3373 3924 hare
3396 3868 3487 3926 ille
3510 3882 3766 3941 repertus

485 3965 763 4035 ἄφθαρτον
800 3960 861 4014 τὸ
896 3959 1056 4031 σῶμα
1100 3957 1195 4012 τοῦ
1233 3955 1476 4030 Χριστοῦ
1526 3953 1793 4024 λεγούσας
1822 3968 1839 3985 ·
1889 3952 2080 4024 ῶσπερ

2178 3953 2501 4009 esthabere
2540 3971 2555 4008 :
2592 3954 2661 4010 de
2707 3968 2817 4025 quo
2865 3956 3220 4013 manifestum
3257 3973 3342 4016 est
3398 3961 3452 4017 id
3492 3978 3614 4020 esse
3664 3982 3767 4036 per

486 4058 584 4111 καὶ
612 4056 703 4110 τὸν
728 4054 1000 4126 μακάριον
1038 4050 1311 4123 Κύριλλον
1370 4049 1618 4108 εἰπόντα.
1675 4048 1759 4101 ὅτι
1811 4046 1925 4116 Οὐχ
1979 4047 2081 4099 ὑπ-

2180 4044 2652 4114 dispcnsationem
2685 4046 2910 4101 factum.
2943 4048 3011 4103 Et
3049 4050 3271 4120 quidem
3323 4052 3607 4124 Scriptura
3656 4074 3766 4113 non

486 4149 706 4214 εδέξατο
754 4145 993 4216 φθαρτὸν
1046 4146 1080 4214 ἡ
1126 4143 1222 4197 τοῦ
1280 4143 1455 4211 Λόγου
1491 4141 1674 4213 σάρξ·
1708 4142 1834 4194 ὅταν
1877 4140 1933 4192 δὲ
1979 4139 2080 4201 τὰς

2179 4134 2316 4191 dicit
2344 4152 2469 4191 eum
2501 4137 2786 4201 esuriisse,
2810 4138 2906 4193 sed
2938 4142 3268 4197 comedisse.
3305 4144 3606 4202 Sciendum
3633 4165 3767 4205 vero

484 4240 743 4302 τοιαύτας
777 4237 1149 4310 παραγάγωσι
1184 4235 1432 4306 χρήσεις,
1488 4232 1806 4303 ἐπισκέψαι,
1869 4232 1950 4286 ὅτι
1987 4231 2081 4299 ὀμ-

2179 4227 2416 4297 profcrri
2449 4228 2518 4282 ab
2549 4228 2629 4283 eis
2664 4231 2927 4299 quasdam
2958 4233 3180 4287 Patrum
3214 4237 3577 4295 auctoritates
3598 4278 3614 4303 .
3645 4257 3770 4312 quae

484 4333 701 4404 ώνυμον
717 4334 833 4385 ὲστι
853 4330 915 4383 τὸ
928 4331 1024 4400 τῆς
1048 4328 1253 4399 φθορᾶς
1276 4326 1467 4398 ὄνομα.
1494 4326 1727 4394 Λέγεται
1750 4328 1857 4396 γάρ
1880 4323 2077 4395 φθορὰ,

2182 4320 2606 4390 incorruptibile
2639 4321 2844 4377 Christi
2887 4338 3090 4393 corpus
3118 4325 3338 4395 dicunt;
3376 4329 3519 4385 sicut
3565 4340 3619 4387 et
3661 4332 3770 4405 Cy-

486 4426 520 4495 ὴ
554 4422 825 4493 παντελὴς
866 4421 1109 4481 διάλυσις
1146 4417 1243 4471 τοῦ
1284 4417 1538 4488 σώματος
1583 4417 1663 4479 εἰς
1702 4416 1769 4469 τὰ
1817 4416 2075 4485 στοιχεῖα,

2182 4411 2367 4465 rillum
2412 4412 2697 4482 allegant,
2759 4412 2848 4467 his
2911 4416 3139 4471 verbis:
3193 4418 3341 4473 Nihil
3400 4423 3771 4493 corruptibile

486 4516 546 4583 ἐξ
584 4508 659 4571 ὧν
706 4513 966 4583 συνετέθη
996 4528 1010 4543 ⁸
1048 4512 1143 4565 καὶ
1173 4509 1399 4580 λέγεται
1424 4508 1619 4582 φθορὰ,
1654 4509 1725 4561 τά
1756 4506 2074 4577 ἀνθρώπινα
2108 4529 2124 4585 ι

2131 4502 2426 4583 )ευεοοι›ἰι
2481 4518 2613 4557 caro
2660 4503 2967 4559 Sermonis.
3019 4506 3129 4562 Sed
3179 4510 3403 4579 quoties
3448 4511 3769 4582 hujusmodi

487 4607 661 4663 ταῦτα
687 4608 858 4678 πάθη,
888 4604 1035 4659 τοῦτ’
1073 4603 1281 4658 ἔστιτὸ
1318 4606 1535 4674 πεινῇν,
1593 4600 1688 4655 καὶ
1736 4600 1921 4672 Gul/fy,
1978 4599 2076 4654 καὶ

2182 4595 2543 4650 auctoritates
2572 4595 2884 4665 proferunt,
2909 4599 3378 4657 considerandum
3400 4605 3575 4670 venit,
3598 4608 3773 4677 tequi-

485 4700 586 4753 ὃσα
619 4699 869 4752 τοιαῦτα.
898 4697 1068 4750 Ὅταν
1108 4690 1201 4748 οῦν
1234 4691 1364 4764 εἴπῃ
1392 4710 1477 4755 τις
1506 4691 1615 4744 τῶν
1654 4691 1936 4762 Πατέρων,
1993 4692 2076 4744 ὃτι

2206 4703 2378 4742 οουιη
2427 4703 2549 4743 esse
2603 4690 3011 4759 eorrruptionis
3052 4694 3405 4750 vocabulum.
3452 4697 3590 4754 Nam
3643 4716 3771 4756 cor-
3840 4736 3842 4741 -

487 4792 587 4861 οὐχ
624 4791 887 4859 ὑπέμεινε
922 4787 1133 4860 φθορὰν
1159 4786 1222 4839 τὸ
1250 4784 1409 4856 σῶμα
1458 4783 1552 4836 τοῦ
1606 4782 1864 4854 Χριστοῦ,
1920 4782 2077 4835 τοῦτο

2180 4780 2363 4851 ruptio
2386 4780 2593 4836 dicitur
2614 4782 2776 4851 plena
2802 4782 3098 4839 dissolutio
3116 4788 3367 4857 corporis
3391 4789 3448 4843 in
3472 4790 3769 4857 elementa,

488 4882 662 4951 λέγει,
696 4882 779 4935 ὅτι
808 4881 869 4934 οὐ
898 4880 1147 4950 διαμπὰξ
1172 4876 1335 4947 ὲλύθη
1371 4895 1385 4907 ·
1427 4877 1567 4945 ὅπερ
1603 4876 1801 4945 ἀληθὲς
1833 4875 1991 4945 δῆλον
2017 4874 2077 4939 ἐξ

2180 4871 2249 4925 de
2261 4871 2466 4941 quibus
2486 4875 2855 4943 compositum
2879 4874 3014 4929 fuit:
3036 4876 3339 4949 itidemque
3354 4882 3769 4953 corruptionem

489 4968 565 5029 ὧν
593 4974 990 5043 ἀντιλέγουσιν.
1027 4972 1118 5024 Ἐν
1149 4969 1366 5033 πολλοῖς
1415 4968 1524 5039 γὰρ
1564 4967 1669 5038 πρὸ
1711 4967 1811 5037 τῆς
1844 4965 2077 5021 ἀναστά-

2180 4977 2442 5018 vocamus
2475 4964 2798 5021 affectiones
2830 4967 2947 5022 sive
2985 4970 3274 5038 passiones
3309 4972 3431 5028 illas
3475 4974 3767 5040 humanas.

491 5085 630 5131 σεως
661 5066 903 5137 φθαρτὸν
935 5063 1068 5118 αὐτὸ
1096 5062 1339 5131 λέγουσι,
1374 5059 1513 5132 μετὰ
1549 5059 1607 5111 δὲ
1628 5057 1727 5130 τὴν
1756 5058 2073 5123 ἀνάστασιν,

2183 5063 2246 5109 ut
2297 5055 2537 5121 esurire,
2573 5056 2753 5122 sitire,
2785 5074 3017 5129 quaeque
3052 5070 3181 5116 sunt
3213 5064 3333 5133 ejus
3380 5065 3601 5135 generis
3636 5066 3764 5121 alia.

489 5159 790 5232 ἄφθαρτον.
818 5156 925 5211 Καὶ
951 5154 1193 5211 τοσαῦτα
1231 5154 1327 5225 μὲν
1354 5152 1482 5225 περὶ
1512 5150 1832 5206 Γαῖανιτῶν.

2181 5148 2319 5204 Cum
2366 5164 2498 5219 ergo
2535 5151 2758 5204 Patrum
2811 5153 3011 5222 aliquis
3054 5153 3261 5209 dixerit
3302 5155 3510 5212 Christi
3565 5174 3768 5230 corpus

490 5271 602 5310 non
634 5254 965 5311 sustinuisse
998 5251 1433 5322 corruptionem,
1464 5250 1572 5305 hoc
1609 5248 1872 5303 nimirum
1908 5247 2063 5314 dicit,
2104 5262 2214 5301 non
2252 5261 2480 5316 prorsus
2545 5246 2719 5302 fuisse
2786 5247 3118 5302 dissolutum
3167 5267 3180 5302 :
3210 5251 3356 5319 quod
3409 5267 3544 5307 sane
3573 5270 3767 5310 verum

490 5326 649 5417 esse,
698 5351 767 5406 de
799 5348 1112 5406 contrariis
1143 5361 1337 5402 eorum
1385 5344 1551 5400 dictis
1602 5351 1772 5415 patet.
1804 5342 2069 5400 Pluribus
2106 5344 2254 5398 enim
2293 5342 2346 5396 in
2388 5342 2525 5397 locis
2556 5349 2686 5397 ante
2718 5343 3181 5399 resurrectionem
3247 5346 3427 5416 ipsum
3489 5365 3612 5407 esse
3639 5367 3767 5408 cor-

491 5442 759 5515 ruptibile
790 5441 1041 5506 tradunt,
1069 5448 1197 5511 post
1236 5437 1708 5494 resurrectionem
1741 5434 2186 5507 incorruptibile.
2220 5434 2458 5488 Tantum
2490 5433 2559 5487 de
2590 5432 2879 5489 Gaianitis.

562 5540 626 5592 ΟΞ
661 5538 719 5592 δὲ
764 5536 1054 5607 Ἀγνοηταὶ
1093 5535 1272 5590 πάντα
1317 5532 1707 5605 ὁμολογοῦντες
1750 5532 1826 5594 ὡς
1859 5533 1907 5584 οἱ
1943 5531 2075 5583 Θεο-

2257 5530 2344 5583 Ill.
2378 5529 2641 5598 Aguoctae
2675 5543 2807 5582 vero
2842 5528 3171 5587 confitentes
3203 5534 3389 5588 omnia
3423 5550 3546 5603 quae
3581 5534 3767 5591 Theo-

489 5631 749 5697 δοσιανοὶ,
779 5631 860 5693 εἰς
883 5629 1042 5683 τοῦτο
1068 5625 1453 5697 διαφωνοῦσιν,
1483 5626 1564 5678 ὅτι
1583 5625 1633 5676 ol
1668 5623 1767 5693 μὲν
1791 5621 2073 5675 Θεοδοσια-

2184 5620 2397 5676 dosiani
2423 5660 2437 5685 ,
2473 5619 2790 5691 discrepant
2833 5621 2889 5675 in
2920 5622 3046 5686 hoe,
3075 5623 3221 5693 quod
3250 5624 3457 5682 Christi
3505 5628 3766 5684 humani.

490 5723 571 5777 νοὶ
599 5723 660 5776 ού
688 5722 942 5792 λέγουσιν
980 5720 1196 5790 ἀγνοεῖν
1225 5717 1287 5771 τὸ
1322 5714 1661 5789 ἀνθρώπινον
1685 5714 1781 5768 τοῦ
1810 5710 2071 5786 Χριστοῦ

2181 5722 2347 5767 tatem
2380 5712 2632 5783 ignorare
2662 5712 3032 5769 Theodosiani
3063 5728 3305 5788 negant,
3357 5719 3467 5775 illis
3514 5720 3768 5793 ignorare

488 5814 539 5866 οἱ
566 5813 645 5877 δὲ,
674 5814 913 5883 ἀγνοεῖν.
939 5811 1097 5866 Κατά
1120 5810 1297 5865 πάντα
1326 5809 1456 5880 γὰρ,
1483 5807 1668 5877 φασὶν,
1709 5804 1887 5858 ἔοικεν
1917 5806 2070 5875 ἡμῖν.

2181 5803 2605 5859 allirmantibus.
2636 5804 2805 5859 Aiunt
2829 5807 2977 5861 enim
3014 5824 3114 5878 per
3146 5812 3331 5868 omnia
3355 5811 3637 5869 Christum
3670 5828 3773 5869 no-

491 5904 553 5956 ει
582 5905 637 5957 δὲ
666 5903 1176 5976 ἀγνοοῦμενήμεῖς,
1212 5900 1453 5972 δηλονότι
1508 5898 1602 5954 καὶ
1647 5897 1809 5961 αὐτὸς
1861 5896 2071 5966 ἠγνόει.

2180 5896 2266 5951 bis
2304 5895 2621 5952 assimilari.
2655 5895 2812 5964 Quod
2856 5900 2901 5954 si
2952 5916 3053 5956 nos
3096 5904 3441 5975 ignoremus,
3480 5917 3536 5964 et
3584 5909 3766 5979 ipsum
