4120 6448
327 420 468 487 1263

1574 414 1880 477 LEONTII
1925 411 2333 476 BYZANTINI

3470 419 3610 487 1264

327 539 635 611 ignorasse.
668 533 814 602 Quin
847 542 902 587 et
937 534 989 588 in
1027 532 1341 604 Evangeliis
1387 531 1682 601 ipsummet
1728 532 1802 585 ita
1833 531 1913 585 lo-

2028 532 2134 584 Καὶ
2156 531 2320 594 αὐτὸς
2350 531 2405 585 δὲ
2437 529 2494 582 ἐν
2528 531 2642 595 τοῖς
2688 531 3047 602 Εὑαγγελίοις
3082 535 3268 605 φησὶν,
3313 535 3398 591 ὅτι
3429 539 3619 603 ῡῦδεὶς

331 633 426 701 qui
459 631 526 694 ³⁸,
578 638 639 684 ut
691 629 968 683 neminem
1011 626 1161 680 dicat
1215 625 1371 678 illum
1417 625 1565 679 diem
1611 635 1668 680 et
1720 625 1913 678 horam

331 739 537 788 nosse;
583 738 650 776 ne
686 721 884 776 Filium
942 719 1190 790 quidem,
1231 727 1388 774 extra
1450 718 1629 772 solum
1673 718 1912 772 Patrem.

329 816 399 870 Et
430 829 624 868 rursus
651 831 662 865 :
699 830 716 862 ι
740 810 844 868 Ubi
877 809 1142 864 Lazarum
1181 807 1579 879 posuistis"?i
1611 808 1737 863 Haec
1767 809 1915 862 enim

331 905 518 959 omnia
550 904 752 969 verba,
800 901 1095 971 inquiunt,
1130 900 1532 970 ignorationem
1583 898 1916 969 signiﬁcant.

329 997 538 1052 Verum
571 995 667 1050 alii
697 993 1042 1064 respondent
1098 1007 1162 1047 ea
1192 990 1474 1046 Christum
1506 989 1740 1045 consilio
1781 1006 1920 1058 quo-

332 1090 459 1144 dam
495 1089 578 1144 sic
615 1085 1034 1158 pronuntiasse,
1067 1093 1129 1138 ut
1179 1084 1248 1139 ab
1291 1100 1351 1139 se
1405 1083 1712 1153 discipulos
1761 1098 1921 1137 aver-

331 1192 496 1248 teret,
529 1183 625 1253 qui
662 1182 860 1237 horam
889 1179 1391 1236 consummationis
1421 1178 1659 1233 avebant
1688 1193 1754 1233 ex
1801 1180 1920 1249 ipso

331 1292 689 1349 cognoscere.
723 1277 951 1346 Nempe,
979 1274 1194 1340 dicunt,
1225 1290 1254 1327 a
1286 1271 1695 1328 resurrectione
1726 1288 1922 1328 rursus

331 1373 401 1426 ab
428 1372 512 1425 eis
542 1369 940 1439 interrogatus,
976 1381 1086 1421 non
1120 1367 1358 1436 amplius
1390 1365 1796 1435 respondebat:
1841 1365 1920 1420 Ne

331 1467 506 1522 Filius
535 1463 795 1535 quidem;
837 1461 958 1527 sed,
1009 1460 1183 1515 Nemo
1245 1468 1514 1515 vestrum.
1559 1459 1669 1514 Nos
1734 1468 1920 1514 autem

330 1559 568 1614 dicimus
596 1573 707 1612 non
745 1554 884 1610 adeo
912 1553 983 1608 de
1025 1553 1112 1608 his
1155 1551 1438 1606 subtiliter
1479 1550 1872 1621 inquirendum
1905 1569 1917 1603 :

279 1693 285 1700 .
329 1666 435 1707 nec
481 1649 725 1721 synodus
763 1647 880 1718 ipsa
911 1645 1185 1701 curiosius
1214 1643 1284 1698 de
1312 1644 1418 1698 hoe
1458 1642 1713 1713 dogmate
1762 1641 1920 1697 solli—

331 1744 441 1799 cita
470 1741 595 1796 fuit.
633 1739 931 1795 Sciendum
956 1747 1142 1792 tamen
1198 1736 1518 1806 complures
1550 1750 1618 1789 ex
1645 1734 1920 1798 Patribus,

331 1852 396 1892 ac
441 1832 848 1909 propemodum
896 1831 1190 1886 universos
1238 1829 1420 1884 videri
1472 1828 1700 1891 dicere,
1765 1827 1914 1896 quod

331 1930 568 2000 ignoret.
596 1927 735 1982 Nam
761 1940 889 1981 cum
918 1940 1020 1995 per
1046 1923 1232 1979 omnia
1260 1923 1555 1978 nobiscum
1588 1921 1758 1976 unius
1790 1935 1913 1975 esse

331 2022 660 2079 substantiae
711 2019 950 2083 dicatur,
985 2025 1043 2073 et
1085 2033 1190 2072 nos
1241 2016 1561 2088 ignoremus
1596 2034 1609 2070 :
1644 2014 1914 2068 nimirum

331 2111 622 2184 ignorabat
651 2118 709 2164 et
760 2109 899 2179 ipse.
942 2108 1084 2174 Quin
1119 2117 1177 2163 et
1221 2107 1338 2178 ipsa
1367 2106 1656 2176 Scriptura
1701 2105 1840 2161 dicit
1871 2106 1916 2136 ⁸⁸

330 2219 460 2259 eum
503 2201 807 2273 profecisse
848 2209 956 2255 tam
1003 2209 1212 2254 statura
1263 2214 1428 2269 quam
1475 2197 1778 2270 sapientia:
1833 2197 1918 2252 di-

331 2307 580 2352 seentem
632 2293 687 2349 id
729 2293 944 2348 scilicet
984 2292 1131 2362 quod
1173 2291 1482 2363 ignorabat.

402 2390 492 2445 IV.
527 2390 633 2443 Par
671 2396 758 2441 est
802 2387 969 2442 etiam
1008 2387 1077 2440 de
1119 2386 1376 2454 Origene,
1420 2385 1600 2455 deque
1649 2383 1924 2454 dogmatis

335 2479 513 2550 ipsius
546 2487 607 2532 ut
645 2476 854 2547 aliquid
891 2477 1161 2531 dicamus.
1199 2476 1470 2545 Origenes
1515 2490 1670 2545 ergo,
1708 2474 1924 2544 priscus

336 2555 527 2629 homo,
569 2567 637 2622 de
681 2567 903 2620 illorum
941 2579 1178 2619 numero
1210 2564 1304 2633 qui
1335 2571 1466 2619 ante
1499 2563 1924 2619 Constantinum

334 2663 693 2726 exstiterunt,
725 2668 782 2714 et
823 2673 1055 2729 magnus
1090 2655 1403 2711 habebatur
1426 2697 1440 2722 ,
1471 2666 1527 2712 et
1596 2655 1770 2711 sacris
1807 2666 1928 2710 erat

338 2757 397 2812 in
421 2753 648 2811 Litteris
667 2751 922 2808 eruditus
944 2759 1000 2806 et
1021 2751 1431 2822 grammaticus.
1456 2750 1588 2822 Ejus
1614 2758 1772 2819 pater
1793 2763 1929 2802 mar-

336 2855 427 2918 tyr
463 2844 644 2900 factus
693 2852 817 2905 est,
870 2849 927 2897 et
976 2841 1212 2910 ipsemet
1259 2856 1481 2911 quoque
1531 2839 1826 2904 deductus,
1870 2847 1930 2892 ut

335 2934 671 3006 martyrium
721 2931 924 2988 obiret.
982 2931 1181 2986 Verum
1229 2929 1542 2985 sacriﬁcare
1583 2939 1807 2984 coactus
1859 2945 1925 2984 ex

348 3023 667 3098 hujusmodi
731 3038 898 3078 causa
952 3021 1077 3076 fuit.
1131 3020 1274 3076 Dum
1327 3020 1654 3091 martyrium
1709 3020 1926 3084 obiret,

339 3118 637 3189 quemdam
668 3115 738 3172 ad
765 3131 896 3170 eum
929 3113 1314 3184 producebant
1347 3111 1688 3182 lEthiopem,
1725 3127 1809 3176 ac,
1846 3113 1931 3167 vel

2023 614 2129 673 οἶδε
2160 619 2259 691 τὴν
2287 621 2521 690 ἡμέραν,
2550 620 2673 674 οὐδὲ
2706 622 2806 692 τὴν
2837 621 3008 693 ὥραν,
3041 624 3164 677 οὐδὲ
3194 626 3223 678 ὁ
3254 626 3402 693 Υἱὸς,
3447 631 3497 682 εί
3541 630 3617 701 μὴ

2025 713 2186 782 μόνος
2209 715 2237 767 ό
2267 715 2477 784 Πατήρ.
2501 714 2612 767 Καὶ
2647 714 2830 780 πάλιν,
2879 735 2898 767 ι
2947 715 3058 770 Ποῦ
3108 717 3391 774 τεθείκατε
3434 721 3615 786 Λάζα-

2026 823 2149 877 ρον;
2190 828 2206 858 ι
2246 806 2433 861 Ταῦτα
2486 808 2596 876 γὰρ
2648 809 2829 863 πάντα
2879 809 2948 864 τὰ
3005 813 3415 884 προσρήματα,
3456 816 3616 884 φασὶ,

2023 899 2244 967 ἀγνοίας
2265 900 2572 955 εἰσίν.Ἀλλ’
2586 902 2930 970 ἀντιλέγουσι
2951 903 3090 977 πρὸς
3111 905 3426 971 αύτοὺς,ὃτι
3445 908 3617 962 ταῦτα

2023 985 2178 1042 εἶπεν
2202 992 2230 1043 ὁ
2262 990 2498 1061 Χριστὸς
2527 993 2651 1044 κατ’
2673 992 3015 1063 οἰκονομίαν,
3056 995 3144 1048 ἵνα
3169 995 3462 1068 ἀποτρέψῃ
3489 999 3617 1060 τοὺς

2028 1084 2276 1156 μαθητὰς
2309 1085 2503 1155 μαθεῖν
2532 1085 2593 1151 ἐξ
2633 1085 2798 1140 αὐτοῦ
2825 1085 2925 1158 τὴν
2950 1086 3098 1157 ὥραν
3128 1090 3226 1158 τῆς
3279 1089 3610 1154 συντελείας.

2026 1177 2284 1247 Ἀμέλει,
2346 1176 2501 1246 φασὶ,
2560 1178 2701 1249 μετὰ
2752 1177 2852 1249 τὴν
2905 1179 3205 1233 ἀνάστασιν
3261 1180 3616 1252 ἐρωτώμενος

2024 1267 2189 1320 πάλιν
2219 1266 2279 1330 ἐξ
2312 1267 2514 1331 αὐτῶν,
2550 1267 2736 1321 οὐκέτι
2767 1263 2943 1332 εἶπεν,
2977 1269 3060 1322 ὅτι
3101 1269 3238 1322 Οὐδὲ
3273 1271 3301 1322 ὁ
3333 1270 3478 1337 Υἱὸς,
3500 1271 3615 1324 ἀλλ’

2024 1361 2108 1415 ὅτι
2139 1361 2332 1425 Οὐδεὶς
2357 1361 2532 1432 ὑμῶν.
2577 1361 2769 1432 Ἡμεῖς
2797 1361 2855 1414 δὲ
2876 1361 3130 1431 λέγομεν,
3165 1363 3247 1415 ὅτι
3268 1364 3330 1416 ού
3361 1363 3442 1416 δεῖ
3471 1364 3614 1421 πάνυ

2022 1457 2403 1530 ἀκριϐολογεῖν
2445 1456 2575 1527 περὶ
2613 1456 2819 1510 τούτων
2850 1474 2863 1486 ·
2901 1457 3197 1530 τοιγαροῦν
3227 1459 3350 1512 οὐδὲ
3398 1461 3430 1529 ἠ
3484 1460 3612 1514 σύν-

2024 1551 2143 1614 οδος
2178 1550 2390 1604 τοιοῦτο
2417 1550 2953 1622 ὲπολυπραγμόνησε
2985 1551 3183 1621 δόγμα.
3230 1551 3377 1620 Πλὴν
3414 1552 3611 1617 ἰστέον,

2025 1642 2107 1695 ὅτι
2155 1643 2204 1695 οἱ
2232 1641 2418 1695 πολλοὶ
2439 1642 2550 1695 τῶν
2579 1641 2862 1715 Πατὲρων,
2889 1643 3076 1712 σχεδὸν
3108 1644 3166 1697 δὲ
3215 1645 3440 1709 πάντες,
3489 1645 3615 1713 φαί-

2025 1751 2210 1787 νονται
2239 1733 2493 1802 λέγοντες
2517 1734 2681 1788 αὐτὸν
2725 1735 2960 1803 ἀγνοεῖν.
3007 1737 3070 1790 Εἰ
3103 1736 3213 1806 γὰρ
3257 1737 3401 1791 κατὰ
3439 1739 3616 1791 πάντα

2025 1825 2246 1895 λέγεται
2274 1827 2405 1896 ἡμῖν
2437 1826 2745 1897 όμοούσιος,
2787 1827 3096 1898 ἀγνοοῦμεν
3145 1829 3201 1882 δὲ
3257 1830 3352 1882 καὶ
3409 1831 3611 1900 ἡμεῖς’

1950 1885 1990 1940 Β
2017 1885 2265 1991 δηλονότι
2297 1885 2359 1974 δὲ
2399 1885 2492 1974 καί
2539 1885 2939 1993 αὑτὸς-θιγνόει.
2971 1885 3081 1976 liud.
3106 1924 3139 1992 ἠ
3170 1922 3360 1994 Γραφὴ
3389 1885 3616 1990 δέλέγει

2017 2018 2145 2090 περὶ
2175 2016 2361 2082 αὐτοῦ,
2389 2018 2470 2072 ὅτι
2502 2036 2521 2069 ι
2552 2020 2896 2090 Προέκοπτεν
2941 2018 3128 2090 ἡλικίᾳ
3150 2020 3244 2072 καὶ
3269 2020 3454 2091 σοφίᾳ·
3482 2040 3498 2071 ι
3521 2019 3617 2092 δη-

2018 2110 2192 2164 λονότι
2226 2112 2404 2165 ἐκεῖνο
2441 2111 2756 2182 μανθάνων,
2786 2111 2923 2182 ὅπερ
2952 2112 3138 2182 ἠγνόει
3181 2115 3277 2181 (Ii).

2100 2380 2284 2445 ’Ἄξιον
2321 2380 2375 2434 δὲ
2429 2382 2525 2434 καὶ
2581 2381 2708 2453 περὶ
2756 2382 3101 2451 Ὡριγένους,
3154 2383 3247 2435 καὶ
3291 2382 3399 2436 τῶν
3449 2380 3616 2439 αὑτοῦ

2023 2473 2314 2542 δογμάτων
2346 2473 2542 2526 εἰπεῖν.
2589 2473 2646 2526 ’0
2673 2475 2856 2526 τοίνυν
2914 2474 3195 2546 Ὠριγένης
3250 2475 3476 2546 ἀρχαῖος
3523 2476 3619 2531 άν-

2028 2564 2243 2636 θρωπος
2282 2565 2356 2618 ὢν
2400 2564 2508 2618 τῶν
2553 2565 2661 2637 πρὸ
2705 2566 3121 2620 Κωνσταντίνου
3147 2567 3484 2637 γενομένων,
3521 2569 3616 2636 μέ-

2027 2674 2132 2726 γας
2163 2675 2225 2711 τε
2255 2654 2346 2730 ἦν,
2385 2660 2478 2712 καὶ
2522 2659 2959 2730 πεπαιδευμένος
3003 2661 3084 2723 εἰς
3135 2660 3236 2731 τὴν
3277 2660 3442 2728 ἁγίαν
3475 2661 3620 2732 Γρα-

2032 2750 2157 2822 φὴν,
2210 2751 2604 2823 γραμματικός
2640 2769 2698 2803 τε
2742 2746 2830 2820 ἦν.
2869 2750 3072 2805 Τούτου
3101 2753 3129 2805 ὁ
3160 2753 3346 2824 πατὴρ
3377 2754 3620 2822 ἐμαρτύ-

2033 2861 2188 2915 ρησε,
2218 2844 2494 2906 καὶαύτδς
2517 2844 2571 2897 δὲ
2605 2843 2746 2914 ἤχθη
2781 2845 2875 2898 ἐπὶ
2906 2844 2964 2898 τὸ
2999 2847 3373 2917 μαρτυρῆσαι.
3411 2847 3617 2914 Ἢναγ-

2032 2933 2210 3003 κάσθη
2266 2934 2324 2988 δὲ
2378 2933 2637 2988 ἐπιοῦσαι
2676 2933 2782 2988 ἀπὸ
2830 2935 3089 3006 τοιαύτης
3140 2935 3322 2998 αἰτίας
3351 2949 3367 2966 ο
3419 2935 3510 2988 Ἐν
3541 2933 3620 3004 τῷ

2033 3027 2198 3081 αὑτὸν
2249 3028 2571 3098 μαρτυρεῖν,
2609 3027 2936 3096 παρήγαγον
2984 3025 3136 3097 αὐτῷ
3193 3026 3428 3080 Αἰθίοπά
3473 3043 3618 3084 τινα.

2035 3119 2129 3172 καὶ
2154 3118 2467 3188 ἠνάγκαζον
2496 3118 2527 3188 ἢ
2559 3118 2698 3188 μετὰ
2729 3117 2822 3171 τοῦ
2858 3117 3120 3182 Αἰθίοπος
3146 3119 3554 3190 ἁσχημονῆσαι,
3582 3117 3618 3188 ἢ

338 3227 464 3266 eum
479 3209 740 3280 Ethiope
756 3207 901 3264 {uada
924 3207 1317 3267 committeret,
1336 3205 1422 3260 vel
1440 3204 1549 3260 diis
1571 3206 1925 3270 sacriﬁcaret,

2035 3215 2146 3275 τοῖς
2169 3211 2311 3274 θεοῖς
2359 3209 2639 3264 ὲπιθῦσαι.
2692 3211 2750 3264 Ὁ
2800 3211 2860 3264 δὲ
2915 3211 3117 3282 μᾶλλον
3149 3211 3326 3264 εἵλετο
3361 3211 3619 3265 ὲπιθῦσαι

339 3304 635 3376 urgebant.
668 3301 933 3372 Origenes
965 3299 1073 3355 diis
1130 3298 1441 3354 sacriﬁcare
1499 3298 1693 3353 maluit
1726 3315 1739 3351 :
1771 3313 1929 3352 acce-

341 3404 612 3467 ptumque
642 3395 770 3450 thus
801 3393 1004 3464 abjecit
1029 3393 1085 3446 in
1119 3391 1489 3448 sacriﬁcium:
1520 3389 1616 3446 sed
1649 3392 1770 3462 ejus
1800 3390 1931 3446 facti

342 3503 678 3560 magnopere
707 3495 899 3556 postea
930 3485 1210 3555 paenituit,
1241 3483 1407 3553 idque
1443 3483 1802 3538 commissum
1835 3482 1932 3537 de-

350 3579 612 3650 ploravit.
645 3575 950 3647 Opiniones
994 3572 1236 3628 habebat
1279 3570 1639 3642 hujusmodi:
1689 3568 1930 3625 Gradum

345 3670 666 3725 inferiorem
713 3667 852 3722 Filio
899 3663 1215 3727 tribuebat,
1266 3662 1413 3716 sicut
1458 3675 1586 3715 eum
1640 3667 1698 3714 et
1739 3657 1930 3713 Ariani

343 3775 535 3837 postea
568 3763 875 3820 defendunt
893 3799 907 3823 ,
940 3759 1191 3814 dicentes
1215 3756 1430 3827 priscos
1456 3755 1581 3811 illos
1606 3754 1797 3810 Patres
1820 3768 1933 3808 non

338 3858 514 3913 fuisse
538 3857 606 3910 de
635 3851 1036 3910 subtilitatibus
1061 3849 1349 3906 sollicitos.
1379 3847 1518 3904 Cum
1574 3846 1723 3901 enim
1771 3853 1934 3901 secta:

343 3951 594 4006 nondum
615 3947 994 4008 emersissent,
1014 3943 1324 4014 simplicius
1347 3956 1445 3997 eos
1470 3939 1758 3995 vocabulis
1781 3954 1930 3994 usos:

343 4050 402 4098 at
419 4049 775 4112 posteaquam
798 4036 1152 4096 emerserint,
1168 4033 1403 4103 erupisse
1417 4046 1691 4103 quemque
1708 4031 1931 4085 Patrum

345 4134 453 4190 sibi
488 4145 704 4188 cavere.
739 4129 852 4184 Nos
882 4137 1068 4182 autem
1102 4126 1342 4181 dicimus
1377 4139 1506 4180 eum
1540 4139 1674 4187 non,
1704 4132 1765 4178 ut
1795 4123 1932 4177 sini-

346 4226 551 4299 plieius
594 4221 882 4280 vocabulis
928 4237 1112 4284 usum,
1148 4219 1292 4274 Filio
1342 4217 1574 4289 gradum
1609 4215 1932 4271 inferiorem

345 4318 608 4374 tribuisse
635 4358 650 4382 ,
689 4315 787 4370 sed
820 4312 966 4368 istud
993 4311 1191 4382 dogma
1223 4325 1414 4380 reapse
1443 4310 1573 4364 totis
1592 4308 1804 4363 viribus
1831 4323 1933 4378 0p-

344 4427 639 4484 pugnasse.
670 4410 806 4465 Nam
837 4415 989 4478 patet
1023 4422 1151 4462 eum
1198 4405 1252 4460 in
1287 4403 1522 4475 epistola
1563 4402 1801 4474 quadam
1834 4418 1932 4457 sua

347 4504 417 4558 de
491 4503 596 4557 hoc
645 4499 903 4556 alacriter
951 4506 1202 4563 certare,
1251 4511 1376 4551 cum
1425 4495 1540 4549 ait:
1598 4493 1772 4549 Filius
1837 4501 1934 4549 aut

2032 3307 2148 3367 τοῖς
2188 3303 2354 3369 θεοῖς,
2383 3305 2477 3356 καὶ
2518 3302 2724 3367 λαϐὼν,
2760 3303 2952 3374 ἔρριψε
2988 3305 3054 3374 τῇ
3092 3302 3276 3374 θυσίᾳ*
3308 3301 3534 3373 ὕστερον
3563 3303 3620 3357 δὲ

2036 3396 2289 3467 μεγάλως
2319 3396 2614 3468 μετενόησε
2653 3396 2751 3450 καὶ
2798 3395 3104 3468 ὲθρὴνησεν
3135 3396 3227 3449 ἐπὶ
3263 3395 3445 3451 τοῦτο.
3484 3397 3618 3466 Περί⁸

2032 3490 2089 3544 δὲ
2143 3491 2213 3543 τά
2261 3490 2512 3559 δόγματα
2568 3487 2807 3552 τοιοῦτος
2853 3483 2922 3560 ἦν
2949 3505 2962 3518 ·
3014 3488 3310 3542 ’Υπόὸασιν
3339 3487 3494 3557 ἔλεγε
3527 3487 3620 3541 τοῦ

2035 3581 2188 3645 Υίοῦ,
2218 3580 2410 3650 ὥσπερ
2447 3580 2584 3651 μετά
2617 3579 2793 3632 ταῦτα
2835 3582 2884 3633 οἱ
2925 3580 3197 3652 Ἀρειανοί
3225 3577 3622 3643 ἀπολογοῦνται

2037 3675 2177 3745 ὑπὲρ
2207 3672 2375 3727 αὐτοῦ
2405 3672 2679 3741 λέγοντες,
2706 3673 2790 3726 ὅτι
2839 3674 2888 3726 οἰ
2941 3673 3160 3742 ἀρχαῖοι
3208 3671 3317 3726 τῶν
3360 3670 3622 3742 Πατέρων

2032 3765 2134 3818 οὐκ
2163 3761 2484 3834 ἐφρόντιζον
2517 3762 2926 3834 ἀκριϐολογίας.
2964 3763 3152 3834 Μήπω
3191 3763 3301 3833 γάρ
3327 3764 3624 3832 ἁναφανει-

2036 3857 2143 3911 σῶν
2197 3857 2302 3910 τῶν
2365 3857 2652 3928 αἱρέσεων,
2711 3856 3085 3930 ἁπλούστερον
3137 3855 3440 3924 ἐκέχρηντο
3500 3856 3623 3916 ταῖς

2035 3950 2269 4016 λέξεσιν.
2301 3951 2430 4003 Ὅτε
2481 3950 2538 4003 δὲ
2571 3950 2924 4017 ἀνεφάνησαν
2946 3988 2961 4013 ,
3003 3948 3126 4002 τότε
3157 3946 3362 4018 ἤρξατο
3388 3947 3622 4010 Emme;

2033 4043 2143 4097 τῶν
2193 4043 2458 4114 Πατέρων
2511 4042 2702 4095 ἑαυτὸν
2737 4039 3159 4110 ἀσφαλίζεσθαι.
3208 4038 3401 4109 Ἦμεῖς
3432 4037 3491 4092 δὲ
3536 4038 3622 4092 λέ-

2034 4154 2225 4208 γομεν,
2251 4137 2334 4190 ὅτι
2364 4136 2464 4206 ούχ
2492 4135 2567 4201 ὡς
2605 4134 2976 4206 ἁπλούστερον
3019 4132 3362 4204 κεχρημένος
3393 4133 3511 4195 ταῖς
3537 4130 3624 4184 λέ-

2037 4229 2184 4294 ξεσιν
2214 4228 2484 4282 ὑπόϐασιν
2515 4227 2942 4291 ὲδόξαζεν,άλλὰ
2978 4225 3055 4297 τῷ
3084 4225 3199 4278 δντι
3229 4225 3469 4296 ἰσχυρῶς
3498 4226 3625 4278 άντ-

2035 4322 2376 4393 ελαμϐάνετο
2427 4320 2618 4374 τούτου
2651 4319 2746 4373 τοῦ
2787 4319 3079 4390 δόγματος.
3133 4319 3390 4372 Φαίνεται
3426 4317 3535 4389 γάρ
3565 4318 3624 4370 ὲν

2034 4416 2294 4487 ἐπιστολῇ
2321 4415 2487 4469 αὐτοῦ
2521 4415 2650 4485 περὶ
2679 4415 2872 4468 τούτου
2901 4414 3309 4483 ἀγωνιζόμενος
3330 4412 3617 4482 γενναίως,

2034 4508 2130 4562 καὶ
2163 4507 2360 4575 λέγων,
2389 4508 2471 4562 ὃτι
2511 4508 2568 4560 Ὀ
2605 4507 2730 4570 Υἱὸς
2762 4507 2794 4577 ἢ
2824 4505 3024 4577 μείζων
3045 4507 3162 4559 ἐστὶ
3204 4504 3299 4558 τοῦ
3331 4504 3562 4573 Πατρδς,
3585 4503 3620 4575 ἦ

344 4599 508 4654 Patre
547 4596 721 4666 major
765 4601 871 4659 est,
906 4600 1004 4647 aut
1044 4590 1248 4654 minor,
1282 4594 1379 4641 aut
1417 4584 1665 4656 aequalis.
1709 4584 1766 4640 Si
1801 4599 1925 4655 pro-

2041 4600 2357 4670 ὲλάττων.ἢ
2386 4600 2519 4664 ἴσος.
2544 4601 2605 4652 Εἰ
2631 4594 2724 4654 οὖν
2753 4599 2936 4664 δείξω,
2956 4598 3179 4652 δτιούδὲ
3214 4596 3419 4668 μείζων
3449 4596 3620 4660 ἐστὶν,

344 4691 573 4755 bavero,
599 4703 705 4744 nec
732 4687 998 4756 majorem
1025 4697 1169 4749 esse,
1188 4696 1293 4736 nec
1322 4695 1510 4750 parem
1533 4720 1549 4747 ,
1577 4678 1790 4765 patebit
1812 4693 1925 4734 esse

2033 4693 2156 4747 οὐδὲ
2207 4693 2342 4755 ῖσος,
2390 4691 2552 4762 δῆλον
2604 4691 2686 4743 ὅτι
2725 4691 2964 4743 ἐλάττων
3000 4689 3170 4742 ἐστίν.
3213 4689 3280 4743 Εἰ
3323 4687 3418 4740 καὶ
3462 4685 3622 4750 δοξά-

349 4783 647 4837 minorem.
681 4776 943 4845 Quamvis
975 4773 1144 4845 igitur
1178 4772 1497 4827 inferiorem
1527 4771 1667 4826 Filio
1701 4769 1925 4842 gradum

2033 4779 2117 4844 ζει
2143 4779 2432 4838 ὑπόϐασιν,
2471 4778 2584 4832 ἀλλ’
2634 4775 2728 4832 οὖν
2786 4778 3116 4831 σπεύδουσιν
3169 4775 3624 4847 ἀπολογήσασθαι

349 4875 542 4939 tradit,
577 4882 764 4928 tamen
801 4884 930 4925 eum
965 4880 1206 4937 purgare
1237 4864 1510 4918 nituntur.
1540 4861 1611 4918 At
1639 4877 1774 4917 vero
1816 4877 1936 4916 ma-

346 4971 549 5026 nifeste
605 4969 750 5022 hanc
801 4961 1121 5033 opinionem
1172 4957 1358 5023 fovet,
1405 4963 1462 5011 et
1521 4953 1934 5011 excusationem

348 5065 556 5119 nullam
598 5060 788 5117 habet.

421 5158 482 5213 V.
510 5157 764 5212 Alterum
797 5161 882 5208 est
913 5151 979 5205 de
1011 5145 1468 5219 praeexsistentia,
1501 5145 1680 5214 deque
1711 5145 1932 5200 restitu-

349 5252 495 5304 tione
520 5249 573 5303 in
606 5249 905 5317 integrum.
936 5245 1010 5298 De
1037 5238 1472 5312 prmexsisteutia
1504 5237 1778 5301 tradebat,
1803 5245 1929 5291 ante

348 5345 544 5400 szecula
568 5349 782 5398 mentes
811 5339 1004 5403 fuisse,
1037 5352 1101 5392 ac
1124 5349 1292 5405 puras
1319 5332 1543 5403 quidem
1575 5347 1786 5391 omnes,
1811 5340 1928 5384 tum

420 5519 465 5552 "
492 5520 660 5576 Marc.
684 5535 798 5584 xm,
825 5521 914 5574 52.
992 5521 1040 5553 ³⁵
1061 5519 1220 5576 Joan.
1250 5534 1323 5584 χι,
1343 5519 1432 5573 5i.
1513 5517 1558 5548 ³⁸
1589 5516 1723 5570 Luc.
1755 5531 1809 5574 ιι,
1843 5514 1931 5569 52.

423 5677 500 5749 (Ii)
538 5677 764 5731 Ἐκεῖνο
787 5675 1138 5749 μανθάνων,
1167 5677 1312 5744 ὅπερ
1331 5677 1558 5749 ἀγνόει..
1581 5674 1767 5749 Mirari
1805 5673 1940 5728 sub-

351 5746 395 5817 it
417 5745 442 5812 ,’
463 5747 760 5802 Leontium
788 5745 798 5748 Ἰ
824 5747 1089 5817 Agnoetis
1119 5747 1462 5802 concessisse
1485 5745 1793 5817 Christum,
1831 5759 1938 5811 qua

351 5815 523 5899 homo
553 5827 697 5880 erat,
740 5813 916 5899 multa
940 5819 1270 5899 nescivisse,
1303 5832 1427 5899 qua:
1478 5813 1938 5899 proﬁciendrli‘sm

352 5884 563 5954 pientia
591 5895 649 5941 et
670 5896 832 5942 aetate
864 5887 1146 5944 didicerit.
1167 5887 1302 5942 Vide
1323 5883 1674 5955 Lequienum
1707 5885 1773 5938 ad
1792 5883 1933 5954 Opp.

2034 4871 2174 4942 ὑπὲρ
2207 4869 2397 4926 αὐτοῦ.
2432 4871 2490 4925 Ὀ
2520 4871 2576 4924 δὲ
2603 4870 2859 4940 φανερῶς
2887 4869 3138 4934 δοξάζει,
3171 4869 3266 4924 καὶ
3324 4867 3624 4936 ἀπολογίαν

2031 4967 2132 5020 οὐκ
2156 4965 2296 5036 ἔχει.

2112 5147 2187 5200 Τὸ
2213 5146 2290 5209 δὲ,
2327 5146 2457 5217 περὶ
2482 5147 2584 5214 τῆς
2617 5142 3016 5216 προῦπάρξεώς
3041 5148 3180 5207 εστι,
3211 5141 3309 5194 καί⁸
3336 5141 3626 5193 ἀποκατα-

2042 5239 2309 5302 στάσεως.
2345 5241 2453 5292 Καὶ
2488 5240 2630 5301 τέως
2665 5240 2722 5307 (ἰ)
2757 5238 2888 5308 περὶ
2937 5237 3039 5307 τῆς
3083 5233 3484 5305 πραῢπάρξεως
3512 5232 3627 5284 ἐδό-

2038 5332 2204 5398 ξαζεν
2231 5332 2425 5396 οὕτως,
2451 5334 2532 5387 ὅτι
2557 5333 2664 5404 πρὸ
2699 5333 2806 5384 τῶν
2835 5331 3048 5384 αἰώνων
3099 5329 3222 5391 νόες
3245 5321 3384 5397 ἦσαν
3427 5308 3662 5388 πάντες⁶

2040 5669 2367 5726 Damasceni
2419 5681 2555 5725 tom.
2579 5667 2620 5731 l,
2667 5682 2794 5738 pag.
2817 5663 2945 5726 245,
2977 5669 3097 5716 ιιοῑ.
3130 5660 3200 5726 ’5;
3251 5670 3306 5714 et
3338 5676 3462 5732 pag.
3495 5651 3624 5721 946,

2039 5751 2160 5879 ΠΟ(ῑί
2179 5742 2344 5876 )2ῖ(‹ιὶ
2377 5810 2544 5874 τέως,
2577 5826 2632 5862 κ.
2653 5825 2704 5861 τ.
2742 5807 2793 5860 λ.
2823 5803 2985 5879 Hunc
3005 5805 3189 5879 locum
3220 5763 3460 5879 illustrat
3483 5799 3624 5854 llueo

2037 5870 2144 5938 tius
2165 5870 2478 5952 Origcnian.
2503 5870 2604 5936 lib.
2635 5895 2693 5945 ιι,
2729 5887 2924 5956 quzest.
2957 5878 3012 5943 5,
3045 5877 3141 5955 ἐξ,
3166 5893 3222 5954 p.
3257 5870 3347 5937 88.
