4120 6444
445 423 584 492 1265

1669 428 1768 488 DE
1808 428 2088 488 SECTIS.
2125 451 2195 463 --
2232 429 2394 492 ACT.
2423 431 2499 489 X.

3591 430 3730 497 1266

441 545 696 618 καθαροὶ,
727 545 826 602 καὶ
849 549 899 602 οξ
929 547 1208 620 δαίμονες,
1245 548 1342 602 καὶ
1369 550 1424 602 αἱ
1461 547 1654 618 ψυχαὶ,
1681 549 1780 602 καὶ
1803 550 1851 601 οἱ
1873 549 2040 616 ἄγγε-

2150 550 2445 612 daamonas,
2481 557 2595 603 tum
2626 548 2860 611 animas,
2889 557 3003 604 tum
3040 549 3286 620 angelos,
3318 549 3626 606 ministeria
3646 550 3731 606 di-

440 640 544 702 λοι,
575 643 1029 715 λειτουργοῦντες
1059 643 1139 715 τῷ
1171 642 1313 714 Θεῷ,
1340 644 1435 696 καὶ
1478 643 1578 706 τὰς
1618 642 1842 704 ἐντολὰς
1871 641 2038 695 αὑτοῦ

443 733 750 800 ποιοῦντες.
795 737 854 789 '0
887 737 943 790 δὲ
993 737 1241 802 διάϐολος
1294 731 1375 801 εἷς
1423 736 1537 803 ὣν,
1576 735 1768 807 ἐπειδὴ
1801 735 1861 788 τὸ
1908 735 2040 792 αὺτ-

443 825 687 892 εξούσιον
743 822 912 899 εἶχεν,
945 830 1225 902 ἠϐουλήθη
1263 830 1584 901 ἀντιστῆναι
1618 827 1697 898 τῷ
1746 828 1889 897 Θεῷ,
1946 829 2040 882 καὶ

443 915 704 973 ἀπώσατο
737 921 902 974 αὑτὸν
935 924 962 975 ὁ
995 922 1149 986 Θεός·
1183 923 1609 992 συναπέστησαν
1649 921 1709 975 δὲ
1741 919 1891 991 αὐτῷ
1933 923 2038 974 πᾶ-

447 1028 533 1064 σαι
568 1011 626 1064 αἱ
658 1012 820 1066 ἄλλαι
840 1013 1128 1085 δυνάμεις.
1154 1016 1263 1068 Καὶ
1292 1015 1343 1068 οἱ
1371 1015 1469 1085 μὲν
1502 1015 1648 1068 πάνυ
1685 1014 2041 1085 ἁμαρτήσαν-

443 1122 557 1169 τες,
599 1105 862 1177 δαίμονες
891 1108 1163 1176 ὲγένοντω
1195 1109 1245 1162 οἱ
1279 1108 1336 1162 δὲ
1368 1109 1451 1162 ἔτι
1499 1108 1744 1170 ἔλαττον,
1793 1109 2035 1175 ἄγγελοι⁸

442 1197 492 1248 oi
533 1197 591 1250 δὲ
639 1197 719 1251 ἔτι
771 1198 1018 1266 ἔλαττον,
1056 1201 1424 1272 ἀρχάγγελοι·
1475 1202 1573 1255 καὶ
1624 1199 1796 1263 οὕτως
1841 1202 2040 1270 ἑφεξῆς

443 1289 678 1353 ἕκαστος
709 1291 845 1362 πρὸς
872 1291 972 1364 τὴν
1015 1293 1225 1348 οἰκείαν
1257 1291 1532 1365 ἁμαρτίαν
1565 1292 1862 1348 ἀπέλαϐεν.
1905 1293 2040 1346 Ὑπ-

444 1382 729 1437 ελείποντο
762 1383 821 1438 δὲ
851 1386 908 1440 αἱ
945 1385 1139 1456 ψυχαὶ,
1186 1386 1394 1450 αἵτινες
1441 1386 1565 1440 οὐδὲ
1613 1385 1851 1439 τοσαῦτα
1901 1381 2040 1456 ἦσαν

444 1475 862 1546 ἁμαρτήσασαι,
913 1477 1001 1531 ἵνα
1044 1477 1303 1549 δαίμονες
1341 1478 1649 1549 γένωνται·
1702 1480 1825 1533 οὐδὲ
1863 1481 2040 1541 ,πάλιν

443 1564 590 1619 οὕτω
619 1567 990 1640 κουφοτέρως,
1025 1568 1114 1623 ἵνα
1152 1570 1378 1640 ἄγγελοι
1409 1571 1701 1638 γένωνται.
1751 1571 2041 1642 Ἐποίησεν

445 1657 539 1714 οὖν
581 1660 677 1714 τὸν
727 1663 975 1734 παρόντα
1019 1663 1248 1734 κόσμον,
1280 1665 1375 1718 καὶ
1423 1665 1525 1736 τὴν
1565 1663 1749 1735 ψυχὴν
1779 1666 2038 1738 συνέδησε

444 1751 524 1822 τῷ
555 1752 769 1823 σώματι
818 1757 960 1827 πρὸς
1005 1755 1253 1810 κόλασιν.
1300 1756 1438 1810 Οὐδὲ
1486 1756 1616 1829 γὰρ,
1667 1757 1826 1826 φησὶ,
1874 1775 2042 1827 προσ-

445 1845 787 1916 ωπολήπτης
815 1849 844 1902 ὁ
873 1849 1029 1914 Θεὸς,
1074 1849 1161 1903 ἵνα
1212 1850 1393 1905 πάντα
1438 1850 1612 1904 ταῦτα
1658 1852 1790 1920 μιᾶς
1825 1851 2040 1920 φύσεως

446 1933 579 1988 ὄντα
611 1937 814 2006 (πάντα
842 1937 954 2010 γὰρ
993 1938 1191 2007 λογικά
1237 1943 1344 1994 εἰσι
1380 1942 1449 1995 τὰ
1477 1941 1744 2013 ἀθάνατα)
1772 1944 1898 2006 τοὺς
1934 1941 2036 2012 μὲν

445 2030 668 2099 ποιήσοι
694 2031 981 2102 δαίμονας,
1008 2034 1136 2095 τοὺς
1160 2032 1238 2095 δὲ,
1260 2032 1462 2104 ψυχὰς,
1487 2035 1615 2098 τοὺς
1638 2034 1718 2099 δὲ,
1747 2035 2034 2105 ἀγγέλους·

445 2123 585 2177 ἀλλὰ
616 2124 800 2195 δῆλον,
835 2126 919 2180 ὅτι
949 2124 1186 2181 ἕκαστον
1215 2127 1355 2199 πρὸς
1387 2128 1415 2181 ὃ
1443 2128 1662 2200 ἥμαρτε
1691 2129 2041 2201 τιμωρούμε-

445 2233 556 2280 νος,
583 2216 675 2269 τὸν
709 2217 810 2287 μὲν
835 2218 1062 2290 εποίησε
1091 2219 1347 2290 δαίμονα·
1378 2218 1477 2274 τὸν
1501 2219 1578 2284 δὲ,
1605 2220 1806 2293 ψυχήν·
1837 2222 1930 2276 τὸν
1955 2223 2034 2289 δὲ,

444 2307 699 2378 ἄγγελον.
735 2312 798 2363 Εἰ
830 2311 907 2382 μὴ
944 2311 1056 2383 γὰρ
1105 2308 1175 2385 ἦν
1222 2312 1405 2377 τοῦτο,
1437 2314 1545 2367 καὶ
1591 2314 1952 2387 προϋπῆρχον
1985 2318 2040 2371 αἱ

445 2401 642 2472 ψυχαὶ,
684 2403 828 2456 διατι
875 2403 1028 2469 τινὰς
1072 2405 1171 2476 μὲν
1200 2405 1310 2458 τῶν
1333 2407 1531 2459 νεωστὶ
1559 2405 1862 2477 τεχθέντων
1897 2407 2044 2477 εὑρί-

448 2512 654 2565 σκομεν
679 2496 915 2564 τυφλοὺς
953 2496 1120 2567 μηδὲν
1146 2497 1601 2570 ἁμαρτήσαντας·
1625 2498 1823 2563 ἄλλους
1851 2498 1907 2552 δὲ
1938 2517 2044 2570 μη-

445 2585 539 2640 δὲν
585 2586 815 2658 ἔχοντας
859 2589 1072 2652 κακον,
1121 2591 1514 2662 τικτομένους;
1578 2589 1716 2644 ἀλλὰ
1769 2591 1930 2662 δῆλον
1962 2593 2044 2646 ὅτι

446 2669 809 2751 προϋπῆρχον
835 2698 979 2743 τινες
1002 2681 1273 2752 ἁμαρτίαι
1304 2685 1426 2745 ταῖς
1444 2682 1669 2753 ψυχαῖς,
1694 2684 1790 2752 ἀφ’
1817 2679 1892 2739 ὧν
1915 2685 2046 2739 ἐκά-

448 2787 549 2842 στη
587 2775 726 2844 πρὸς
753 2773 856 2845 τὴν
897 2773 1057 2839 ἀξίαν
1083 2775 1488 2844 ἀπολαμϐάνει.

519 3037 659 3110 Περὶ⁸
705 3039 763 3094 δὲ
803 3039 904 3111 τῆς
934 3040 1439 3106 ἀποκαταστάσεως
1490 3042 1636 3097 οὕτω
1675 3044 1922 3108 δοξάζει⁸
1960 3046 2043 3098 ὅτι

445 3130 664 3200 γίνεται
693 3134 909 3205 νεκρῶν
936 3135 1262 3200 ἀνάστασις.
1291 3135 1619 3205 καὶγίνεται
1654 3136 1899 3202 κόλασις,
1932 3138 2046 3192 ἀλλ’

2145 642 2269 696 vina
2317 642 2618 707 obeuntes,
2670 657 2734 696 ac
2789 642 2885 697 Dei
2933 642 3209 697 mandatis
3254 643 3723 713 obtemperantes.

2144 734 2435 790 Diabolum
2460 750 2612 798 vero,
2633 735 2701 789 de
2724 735 2810 789 his
2835 750 3027 801 unum,
3055 735 3203 805 quod
3229 735 3447 790 arbitrii
3470 735 3728 792 libertate

2143 827 2412 897 praeditus
2457 837 2644 894 esset,
2688 828 2801 883 Deo
2852 828 3098 883 voluisse
3149 829 3444 895 resistere,
3492 829 3728 898 ideoque

2143 921 2408 992 rejectum
2443 936 2474 976 a
2505 921 2647 976 Deo:
2693 921 2861 976 simul
2891 921 3182 976 universas
3210 921 3350 975 alias
3378 922 3566 991 copias
3600 936 3727 976 cum

2141 1031 2208 1070 eo
2239 1014 2528 1070 defecisse.
2573 1013 2679 1080 Qui
2729 1013 2970 1084 graviter
3018 1012 3414 1082 deliquissent,
3448 1011 3728 1067 daemonas

2143 1109 2350 1173 factos;
2389 1106 2483 1177 qui
2515 1108 2723 1170 minus,
2762 1106 3015 1184 angelos;
3060 1105 3155 1175 qui
3194 1104 3377 1160 adhuc
3409 1105 3612 1166 minus,
3633 1120 3727 1159 ar—

2143 1201 2437 1272 cliangelos
2477 1199 2825 1268 :eodemque
2879 1198 3142 1268 deinceps
3190 1197 3356 1252 modo
3422 1197 3730 1267 quemlibet

2142 1308 2244 1362 pro
2275 1291 2482 1347 delicto
2515 1306 2616 1346 suo
2643 1305 2835 1361 pmnas
2862 1289 3076 1345 tulisse.
3105 1289 3370 1359 Reliquas
3407 1288 3575 1344 fuisse
3609 1287 3728 1342 ani-

2143 1400 2279 1449 mas,
2312 1399 2434 1455 quae
2464 1397 2646 1454 neque
2677 1392 2784 1438 tam
2815 1383 2968 1453 gravi
3004 1381 3214 1438 scelere
3257 1389 3433 1437 semet
3475 1380 3724 1436 obstrin-

2142 1478 2370 1543 xissent,
2397 1484 2456 1529 ut
2495 1475 2771 1544 daemones
2800 1474 3100 1529 evaderent
3139 1491 3152 1528 :
3195 1489 3300 1529 nec
3344 1488 3539 1528 rursus
3587 1472 3726 1527 adeo

2142 1568 2270 1633 levi,
2309 1577 2368 1622 ut
2401 1568 2581 1639 angeli
2617 1567 2831 1622 ﬁerent.
2865 1565 3056 1636 Itaque
3102 1565 3369 1619 mundum
3412 1565 3562 1619 hunc
3595 1578 3728 1619 con-

2143 1661 2351 1718 didisse
2386 1661 2580 1726 Deum,
2626 1673 2682 1716 et
2715 1660 2954 1715 animam
2992 1658 3251 1729 supplicii
3293 1672 3461 1713 causa
3504 1657 3725 1727 corpori

2144 1755 2422 1826 alligasse.
2459 1755 2571 1810 Nec
2609 1755 2756 1809 enim
2781 1753 2953 1819 ,-ait,
3002 1767 3365 1822 personarum
3412 1758 3729 1820 acceptator

2145 1856 2232 1904 est
2261 1849 2428 1914 Deus,
2462 1848 2557 1918 qui
2582 1849 2699 1902 haec
2723 1847 2930 1912 omnia,
2963 1855 3174 1901 natura:
3205 1846 3373 1900 unius
3401 1843 3731 1900 exsistentia

2147 1939 2297 2011 (sunt
2332 1941 2481 1994 enim
2514 1939 2698 1995 omnia
2730 1941 2941 1995 ratione
2974 1939 3203 2010 praedita
3230 1947 3286 1993 et
3329 1935 3726 2009 immortalia),

2139 2033 2223 2089 sic
2257 2033 2326 2087 ab
2373 2031 2534 2087 initio
2567 2031 2851 2096 conderet,
2900 2041 2961 2085 ut
3006 2031 3167 2094 alios,
3206 2031 3518 2094 daemonas;
3564 2030 3725 2096 alios,

2140 2124 2388 2189 animas;
2441 2123 2600 2189 alios,
2635 2122 2860 2193 angelos
2905 2124 3113 2178 faceret
3154 2143 3166 2176 :
3225 2124 3319 2177 sed
3372 2122 3731 2178 manifestum

2141 2214 2326 2285 potius
2358 2222 2443 2268 est
2477 2214 2649 2268 Deum
2700 2228 2803 2283 pro
2854 2214 3069 2268 ratione
3101 2213 3291 2268 delicti
3325 2230 3604 2284 quemque
3647 2214 3730 2268 sic

2142 2305 2447 2377 punivisse,
2478 2313 2539 2360 ut
2565 2304 2736 2360 alium
2765 2303 2978 2360 faceret
3010 2305 3354 2371 dmmonem;
3389 2306 3580 2369 alium,
3613 2306 3732 2360 ani-

2144 2411 2327 2462 mam;
2359 2396 2552 2462 alium,
2597 2397 2878 2468 angelum.
2909 2397 3134 2466 Absque
3162 2412 3273 2466 quo
3304 2406 3470 2458 esset.
3509 2414 3574 2452 ac
3618 2396 3726 2452 nisi

2143 2490 2592 2560 prabcxsisterent
2635 2490 2874 2556 animae,
2925 2490 3021 2560 qui
3079 2489 3201 2544 ﬁeri
3247 2489 3424 2560 possit
3487 2499 3546 2544 ut
3596 2490 3733 2546 alios

2145 2597 2344 2639 recens
2388 2583 2443 2636 in
2489 2583 2674 2638 lucem
2718 2582 2920 2648 editos,
2975 2583 3130 2637 nullo
3176 2583 3422 2638 admisso
3471 2582 3730 2644 crimine.

2147 2691 2356 2742 caecos;
2399 2676 2540 2732 alios
2583 2684 2810 2743 contra,
2848 2677 2969 2732 sine
3012 2677 3148 2732 vitio
3196 2675 3373 2741 nasci,
3417 2676 3732 2747 deprehen-

2147 2769 2376 2824 damus?
2404 2769 2675 2825 Nimirum
2705 2778 2879 2840 patet,
2911 2769 3114 2840 inquit,
3146 2769 3427 2824 exstitisse
3476 2768 3632 2839 prius
3676 2767 3734 2822 in

2147 2863 2284 2933 ipsis
2320 2862 2520 2918 animis
2558 2862 2760 2917 delicta
2793 2861 3067 2932 quaedam,
3102 2875 3340 2931 quorum
3374 2875 3539 2916 causa
3579 2874 3736 2930 quae.

2147 2952 2285 3009 libet
2311 2969 2379 3008 ex
2406 2953 2604 3008 merito
2636 2968 2854 3023 pmnam
2884 2952 3075 3007 refert.

2222 3045 2308 3100 Vl.
2347 3045 2424 3100 De
2465 3045 2818 3100 restitutione
2847 3059 2981 3098 vero
3023 3044 3078 3098 in
3115 3044 3412 3114 integrum,
3444 3043 3561 3098 haec
3609 3043 3734 3113 ejus

2150 3136 2373 3208 opinio:
2410 3137 2652 3192 futuram
2686 3147 3032 3191 mortuorum
3059 3134 3738 3204 resurrectionem,atque

449 3223 552 3278 οὐκ
585 3225 915 3298 ἀπέραντος.
950 3227 1338 3298 Κολαζομένου
1358 3229 1469 3300 γὰρ
1496 3228 1591 3284 τοῦ
1625 3229 1878 3301 σώματος
1908 3229 2046 3284 κατά

2152 3231 2523 3301 supplicium;
2583 3229 2680 3286 sed
2731 3229 2959 3285 minime
3007 3229 3133 3284 [luis
3163 3242 3385 3298 expers.
3415 3228 3552 3284 Nam
3605 3228 3738 3283 dum

451 3314 648 3388 μικρὸν
692 3317 1020 3390 καθαίρεται
1043 3321 1077 3392 ἡ
1103 3318 1272 3391 ψυχὴ,
1305 3320 1399 3373 καὶ
1421 3318 1595 3383 οὕτως
1613 3319 2052 3374 ἀποκαθίσταται

447 3411 528 3473 εἰς
549 3409 648 3482 τὴν
672 3412 910 3482 ἀρχαίαν
930 3413 1101 3480 τάξιν.
1134 3413 1246 3467 Καὶ
1278 3414 1403 3475 τοὺς
1431 3411 1693 3482 δαίμονας
1724 3412 1783 3466 δὲ
1819 3410 1914 3466 καὶ
1944 3411 2046 3480 ἁγ-

447 3505 643 3584 γέλους
667 3506 820 3576 λέγει
839 3505 1332 3560 ἀποκαθίστασθαι.
1352 3504 1778 3576 ’Λνατρέπωμεν
1803 3502 1860 3557 δὲ
1876 3502 2050 3558 ταῦτα

450 3599 652 3666 πάντα,
690 3599 790 3653 καὶ
831 3599 1050 3670 πρῶτον
1093 3599 1154 3652 τὸ
1195 3599 1300 3669 τῆς
1348 3598 1776 3670 προῦπάρξεως.
1820 3597 2049 3668 Ἐπειδὴ

449 3691 559 3764 γὰρ
588 3693 654 3745 ὲκ
693 3691 788 3746 τοῦ
823 3691 1027 3760 λέγειν,
1077 3693 1160 3746 ὅτι
1200 3691 1300 3745 οὐκ
1348 3691 1466 3744 ἔστι
1502 3689 1983 3763 προσωπολήπτης
2020 3692 2079 3744 ὁ.

451 3783 604 3851 Θεὸς,
640 3784 866 3853 συνάγει
909 3785 1010 3848 τὰς
1041 3782 1220 3854 ψυχὰς
1251 3783 1481 3853 λογικὰς
1517 3781 1686 3847 οὔσας
1715 3784 1812 3837 καὶ
1840 3782 2047 3838 ὰθανά·

451 3893 600 3944 τους,
627 3875 820 3949 ὥσπερ
854 3875 950 3930 καὶ
979 3877 1028 3929 οἱ
1061 3875 1308 3946 ἄγγελοι,
1345 3875 1448 3939 τὰς
1485 3874 1587 3948 μὲν
1622 3874 1887 3946 συνδῆσαι
1915 3873 2052 3928 Θεὸν

451 3968 532 4039 τῷ
565 3967 802 4040 σώματι,
835 3970 961 4034 τοὺς
1002 3967 1058 4024 δὲ
1085 3970 1246 4029 ἐᾶσαι
1279 3971 1338 4022 ὲν
1375 3968 1592 4039 οὐρανῷ
1652 3967 1804 4038 αὐτῷ
1843 3984 2055 4037 συμπο-

452 4060 782 4115 λιτεύεσθαιο
818 4062 1186 4126 ἰστέον,ὃτιτὺ
1204 4060 1300 4115 τοῦ
1315 4061 1569 4132 λογικοῦ
1601 4061 1699 4116 καὶ
1724 4059 2048 4126 ἀθανάτου,

453 4147 747 4220 ὁμώνυμόν
798 4151 971 4208 ἐστιν.
1011 4151 1176 4205 ’Ἄλλο
1234 4153 1345 4224 γάρ
1395 4153 1512 4206 ἐστι
1568 4151 1632 4205 τὸ
1685 4149 1904 4220 λογικὸν
1955 4149 2053 4204 καὶ

452 4240 726 4296 ἀθάνατον
757 4242 868 4297 τῶν
893 4243 1170 4313 ἀγγέλων,
1207 4245 1304 4299 καὶ
1341 4243 1670 4313 ὑπερὸαἰνον
1708 4243 1809 4314 τὴν
1837 4241 2052 4314 ἀνορω-

455 4334 622 4405 πξνην
662 4334 848 4406 φύσιν,
894 4337 990 4391 καὶ
1022 4337 1152 4392 ἄλλο
1187 4337 1250 4391 τὸ
1299 4337 1600 4409 ἡμέτερονο
1662 4337 1785 4391 ἐπεὶ
1825 4337 1920 4391 καὶ
1959 4336 2052 4391 τὸν

455 4427 840 4498 Θεὸν-λογικὸν
891 4431 987 4483 καὶ
1034 4429 1307 4488 ἀθάνατον
1345 4429 1615 4498 λέγομενο
1659 4428 1839 4482 καίτοι
1880 4429 1939 4482 οὺ
1968 4428 2054 4482 λέ-

456 4537 627 4590 γομεν
673 4520 837 4575 αὐτὸν
867 4517 1008 4575 εἶναι
1048 4525 1150 4594 τῆς
1198 4522 1362 4593 ἡμῶν
1413 4521 1648 4590 φύσεως.
1693 4520 1837 4592 Πρὸς
1886 4521 1941 4574 δὲ
1989 4522 2050 4574 τὸ

2157 3338 2382 3394 corpus,
2433 3324 2530 3389 ait,
2583 3323 2851 3394 punitur,
2893 3321 3077 3376 anima
3133 3321 3397 3391 paulatim
3447 3329 3737 3392 purgatur,

2153 3424 2321 3486 atque
2362 3417 2466 3470 hoc
2512 3417 2678 3471 modo
2729 3415 3026 3486 pristinum
3069 3415 3128 3471 in
3170 3415 3358 3472 locum
3399 3414 3737 3470 restituitur.

2154 3507 2298 3572 Quin
2335 3516 2391 3562 et
2431 3507 2713 3562 daemonas
2744 3517 2800 3562 et
2833 3506 3061 3576 angelos
3102 3505 3159 3560 in
3204 3506 3479 3576 integrum
3519 3503 3740 3559 restitui

2154 3598 2342 3654 tradit.
2373 3598 2481 3654 Sed
2515 3599 2666 3654 enim
2697 3598 2815 3653 haec
2848 3598 3035 3653 omnia
3076 3613 3200 3664 nos,
3233 3613 3298 3652 ac
3329 3597 3573 3668 primum
3602 3594 3741 3650 illud

2155 3692 2225 3748 de
2255 3691 2694 3763 prmexsistentia
2725 3690 3055 3746 refutemus.
3096 3690 3233 3745 Nam
3276 3688 3407 3760 quia
3453 3688 3630 3743 fretus
3674 3702 3739 3742 ea
3824 3738 3826 3740 .

2155 3781 2368 3838 ratione
2396 3780 2544 3852 quod
2571 3795 2838 3852 personas
2865 3781 3012 3836 Deus
3062 3796 3173 3834 non
3196 3786 3445 3849 acceptct
3463 3819 3478 3843 ,
3510 3777 3737 3847 colligit,

2153 3891 2281 3931 eum
2299 3875 2528 3930 rationis
2547 3873 2844 3947 participes
2863 3875 3074 3929 animas
3091 3880 3147 3929 et
3169 3872 3531 3938 immortales,
3550 3871 3744 3941 quales

2153 3974 2210 4021 et
2237 3965 2417 4036 angeli
2446 3973 2598 4030 sunt,
2624 3964 2877 4035 alligassc
2901 3962 3266 4034 corporibus;
3299 3961 3527 4033 angelos
3548 3968 3736 4015 autem

2155 4058 2212 4113 in
2244 4057 2387 4114 ccelo
2425 4056 2738 4128 reliquisse,
2782 4056 2861 4112 uti
2897 4070 3024 4111 cum
3057 4056 3178 4127 ipso
3231 4059 3738 4121 conversarentur_:

2153 4148 2440 4204 sciendum
2479 4163 2643 4204 voces
2673 4148 2829 4212 istas,
2863 4147 3087 4201 rationis
3119 4144 3405 4216 particeps,
3433 4149 3492 4196 et
3519 4143 3740 4195 immor-

2156 4242 2285 4306 tale,
2331 4241 2646 4312 :cquivocas
2692 4255 2835 4295 esse.
2887 4239 3022 4293 Nam
3057 4237 3222 4293 aliter
3275 4236 3454 4308 angeli
3507 4233 3740 4307 rationis

2155 4334 2458 4406 participes
2489 4341 2546 4389 et
2575 4333 2918 4387 immortales
2959 4339 3112 4398 sunt,
3161 4331 3323 4386 aliter
3369 4344 3492 4396 nos,
3551 4327 3737 4382 minus

2153 4425 2365 4482 scilicet
2395 4441 2558 4496 quam
2588 4424 2668 4480 illi
2700 4424 2942 4494 :quippe
2972 4423 3148 4478 Deum
3179 4423 3359 4494 ipsum
3398 4434 3620 4491 quoque
3657 4433 3746 4472 ra-

2159 4519 2328 4572 tionis
2358 4517 2686 4588 participem
2721 4525 2776 4571 et
2809 4515 3179 4570 immortalem
3226 4514 3486 4576 dicimus,
3520 4525 3627 4565 nec
3659 4516 3744 4562 ta-

457 4612 660 4680 λέγειν,
691 4614 776 4668 ὅτι
798 4613 910 4668 Καὶ
936 4614 1054 4678 πῶς
1090 4616 1140 4668 οἱ
1193 4613 1292 4684 μὲν
1335 4614 1616 4667 τίκτονται
1650 4614 1865 4682 τυφλοὶ,
1908 4613 1959 4666 oi
1991 4613 2046 4665 δὲ

2160 4626 2285 4665 men
2316 4625 2444 4664 cum
2490 4624 2611 4664 esse
2645 4617 2857 4664 naturae
2912 4617 3117 4664 nostra:
3168 4608 3484 4663 statuimus.
3521 4603 3606 4660 Ad
3642 4603 3747 4658 hoc

462 4704 630 4774 μηδὲν
661 4707 832 4760 κακὸν
862 4705 1109 4776 ἔχοντεςς
1142 4707 1397 4777 λέγομεν,
1441 4706 1527 4760 ὅτι
1576 4705 1755 4760 ταῦτα
1805 4705 2050 4777 κρίματά

461 4798 568 4850 εἰσι
607 4796 840 4868 Κυρίου,
875 4795 973 4851 καὶ
1002 4796 1084 4848 δεῖ
1113 4797 1257 4866 ἡμᾶς
1280 4795 1468 4852 ,ταῦτα
1521 4794 1597 4866 μὴ
1637 4793 1851 4865 ζητεῖν.
1892 4794 2049 4848 Ἐπεὶ

458 4889 876 4961 ἀνταποροῦμεν
909 4890 1128 4956 αὐτοὺς,
1151 4888 1302 4943 Διατὶ
1338 4890 1388 4943 οἱ
1418 4889 1576 4942 ἵπποι
1612 4891 1742 4960 μιᾶς
1770 4887 1923 4952 ὄντες
1949 4887 2048 4958 φύ-

461 4999 622 5046 σεως,
651 4982 702 5036 οἱ
749 4981 850 5052 μὲν
899 4980 1194 5052 μοχθοῦσιν
1236 4981 1297 5035 ὲν
1329 4980 1731 5053 ἀρτοκοπείοις,
1781 4980 1830 5033 οἱ
1876 4979 1935 5033 δὲ
1989 4981 2048 5033 ὲν

458 5075 640 5143 τρυφῇ
677 5072 815 5137 ζῶσι
851 5073 1006 5145 παρὰ
1038 5072 1294 5144 μεγάλοις
1319 5072 1665 5144 ἀνῦρώποις;
1710 5070 1803 5124 καί
1835 5088 1916 5124 τοι
1951 5070 2050 5134 τὰς

460 5165 638 5236 ψυχὰς
671 5165 878 5219 τούτων
925 5167 1024 5236 οὺχ
1076 5164 1405 5236 ὁμολογοῦσι
1460 5161 1861 5234 προϋπάρχειν.
1901 5163 1964 5214 υἱ
1994 5161 2049 5214 δὲ

465 5258 805 5312 Πλατωνικοὶ
857 5259 924 5312 ὲκ
973 5257 1179 5329 ταύτης
1205 5255 1703 5326 στενοχωρούμενοι
1766 5255 1867 5324 τῆς
1915 5255 2051 5308 ἁπο-

467 5349 612 5419 ρίας,
642 5349 739 5403 καὶ
763 5349 872 5404 τῶν
899 5349 1112 5419 ἀλόγων
1141 5349 1296 5404 εἶπον
1327 5349 1705 5421 προϋπάρχειν
1727 5346 1826 5410 τὰς
1851 5348 2047 5416 ψυχάς.

465 5440 603 5510 Περὶ
632 5439 690 5493 δὲ
723 5440 818 5494 τοῦ
851 5440 1033 5509 λέγειν
1066 5442 1286 5507 αὐτοὺς,
1324 5442 1400 5512 μὴ
1430 5436 1574 5494 εἶναι
1605 5440 1920 5508 ἀπέραντον
1951 5437 2052 5509 τὴν

465 5532 692 5588 κόλασιν
721 5535 996 5602 (λέγουσιν
1028 5534 1158 5604 γὰρ,
1189 5532 1275 5586 ὅτι
1303 5532 1366 5586 τὸ
1394 5531 1494 5586 τοῦ
1523 5531 1721 5596 αἰῶνος
1754 5531 1930 5602 ὄνομα
1961 5530 2055 5584 ὲπί

465 5627 772 5701 ὡρισμένου
827 5629 1022 5700 χρόνου
1085 5628 1461 5700 λαμϐάνεται,
1510 5627 1608 5683 καλ⁵
1647 5628 1774 5682 ὅταν
1832 5625 1964 5698 εἴπῃ
2020 5625 2054 5696 ἡ

467 5721 684 5794 Γραφὴ,
714 5723 797 5776 ὅτι
827 5722 1020 5777 αἰωνία
1048 5724 1196 5776 ἐστὶν
1243 5723 1276 5791 ἡ
1321 5721 1565 5787 κόλασις,
1598 5720 1660 5774 οὐ
1689 5719 1859 5790 λέγει,
1896 5719 1945 5772 εἰ
1981 5716 2056 5788 μὴ

474 5813 899 5885 ὲπὶὼρισμένου
933 5815 1173 5886 χρόνον),
1209 5814 1406 5879 ἰστέον,
1457 5815 1540 5867 ὅτι
1587 5813 1665 5882 τῷ
1696 5813 1810 5868 ὄντι
1852 5813 1915 5864 τὸ
1956 5811 2054 5862 τοῦ

469 5903 853 5979 αἰῶνοςδνομα
884 5908 976 5962 καὶ
1006 5908 1153 5980 παρὰ
1181 5909 1290 5972 τοῖς
1315 5905 1441 5973 ἔξω,
1473 5907 1563 5960 καὶ
1595 5907 1747 5979 παρὰ
1768 5908 1834 5978 τῇ
1861 5905 2048 5976 Γραξῇ

2154 4719 2289 4760 vero
2319 4703 2468 4774 quod
2498 4703 2595 4768 ait,
2622 4717 2862 4774 quonam
2896 4709 3057 4772 pacto
3086 4699 3217 4755 caici
3245 4697 3476 4769 quidam
3509 4709 3746 4751 nascan-

2157 4803 2280 4859 tur,
2335 4793 2460 4849 aliis
2505 4791 2630 4848 vitii
2681 4791 2838 4847 nihil
2874 4790 3247 4852 habentibus,
3300 4785 3741 4858 respondemus,

2157 4903 2281 4944 esse
2324 4887 2416 4941 illa
2465 4886 2564 4942 Dei
2617 4884 2827 4956 judicia
2885 4899 3008 4953 qua:
3066 4881 3397 4952 inquirenda
3445 4893 3554 4932 non
3609 4875 3741 4930 sint.

2156 4980 2268 5037 Nos
2305 4980 2457 5036 enim
2503 4978 2558 5035 ei
2599 4977 2844 5034 viciSsim
2891 4974 3210 5046 obiicimus,
3241 4972 3469 5042 quinam
3519 4968 3632 5032 ﬁat,
3683 4972 3744 5020 ut

2159 5079 2291 5126 cum
2315 5071 2445 5141 equi
2475 5078 2688 5125 natura:
2718 5068 2830 5124 sint
2858 5066 3046 5130 unius,
3078 5063 3169 5118 alii
3200 5070 3384 5116 tamen
3409 5060 3465 5113 in
3492 5055 3744 5126 pistrinis

2159 5165 2434 5228 laborent,
2469 5163 2563 5218 alii
2599 5175 2826 5232 magnos
2854 5157 2999 5228 apud
3026 5153 3281 5210 homines
3311 5153 3368 5207 in
3409 5150 3628 5206 deliciis
3655 5147 3744 5201 vi-

2158 5256 2332 5312 vant?
2364 5255 2518 5326 atqui
2558 5255 2740 5309 nullas
2777 5253 2977 5307 horum
3016 5249 3229 5305 animas
3268 5242 3546 5314 Origcnici
3587 5240 3746 5312 prius

2158 5349 2425 5406 exsistere
2441 5346 2794 5402 conﬁtentur.
2819 5340 3078 5399 Platonici
3100 5347 3303 5401 tamen,
3319 5338 3419 5392 hac
3433 5335 3748 5405 obiectione

2160 5440 2357 5512 pressi,
2398 5440 2688 5494 brutorum
2737 5435 2949 5491 animas
2992 5445 3214 5503 quoque
3266 5428 3423 5500 prius
3474 5426 3746 5481 exsistere

2164 5533 2442 5589 dicebant.
2477 5528 2636 5597 Quod
2680 5535 2863 5583 autem
2899 5523 3180 5595 inquiunt,
3223 5536 3335 5576 non
3379 5533 3502 5574 esse
3533 5515 3747 5586 suppli-

2163 5625 2309 5680 cium
2363 5623 2493 5678 linis
2535 5637 2732 5692 echrs
2773 5617 3031 5690 (tradunt
3079 5613 3228 5670 enim
3273 5624 3478 5667 nomen
3527 5608 3629 5664 mvi
3677 5605 3747 5660 de

2167 5727 2416 5787 tempore
2440 5714 2670 5769 deﬁnito
2697 5711 2872 5782 accipi
2901 5728 2914 5764 :
2946 5717 3001 5763 et
3022 5707 3241 5777 quoties
3279 5705 3565 5774 Scriptura
3600 5699 3745 5752 dicat

2165 5809 2496 5880 supplicium
2533 5806 2666 5861 illud
2695 5805 2762 5859 ad
2789 5819 2966 5859 aevum
3001 5801 3224 5864 durare,
3255 5813 3366 5853 non
3390 5793 3494 5849 nisi
3520 5794 3587 5848 de
3613 5800 3740 5845 tem-

2166 5918 2303 5976 pore
2337 5900 2565 5959 deﬁnito
2596 5914 2719 5956 eam
2748 5896 2980 5968 loqui),
3014 5892 3314 5963 sciendum
3350 5902 3477 5944 vere
3513 5881 3742 5956 quidem
