4120 6446
406 446 544 511 1267

1664 442 1975 503 LEONTII
2016 440 2424 501 BYZANTINI

3545 426 3683 495 1268

402 559 458 616 id
482 560 617 626 dici,
653 559 800 631 quod
820 559 920 615 εεινί
953 573 1154 613 nomen
1182 565 1290 612 tam
1315 555 1462 628 apud
1492 563 1786 611 extraneos
1838 554 1980 609 scri-

2094 553 2356 615 πολλάκις
2404 551 2497 606 ἐπὶ
2548 550 2859 624 ὡρισμένου
2903 548 3098 619 χρόνου
3135 544 3511 616 λαμϐάνεται⁹
3543 546 3687 615 πλὴν

402 660 590 723 plores
616 666 779 723 quam
808 651 982 707 sacris
1010 652 1065 705 in
1089 650 1315 705 Litteris
1346 664 1489 719 Stepe
1520 648 1587 703 de
1609 657 1855 718 tempore
1885 645 1986 701 de»

402 744 559 798 ﬁnito
584 744 909 814 accipiatur,
942 742 1039 799 sed
1065 743 1134 798 de
1169 743 1457 813 supplicio,
1479 757 1591 795 non
1642 744 1723 795 sic
1755 738 1985 809 intelligi

401 850 583 905 posse.
652 835 791 891 Nam
838 834 1094 891 Christus
1149 836 1266 906 ipse
1306 835 1443 890 dixit
1472 834 1515 865 ³⁷
1570 834 1709 888 alios
1754 832 1983 903 quidem

400 927 655 984 abituros
703 928 760 983 in
791 928 962 983 vitam
1011 928 1078 983 ad
1122 944 1301 983 arvum
1336 927 1687 989 duraturam,
1738 924 1877 979 alios
1915 922 1984 978 ad

399 1020 733 1091 supplicium
756 1021 811 1075 in
843 1036 1020 1075 aevum
1041 1019 1390 1075 duraturum.
1423 1020 1531 1073 Aut
1556 1018 1725 1088 igitur
1743 1016 1984 1087 spatium

399 1114 526 1170 vita:
561 1112 852 1168 deﬁnitum
892 1113 1228 1182 accepimus,
1262 1112 1408 1181 quod
1445 1109 1752 1165 absurdum
1782 1107 1981 1164 fuerit:

397 1209 493 1257 aut
537 1209 775 1271 utraque
810 1200 879 1257 de
906 1208 1155 1271 tempore
1196 1200 1322 1256 ﬁnis
1359 1208 1605 1271 experte.

378 1318 381 1321 ·
471 1294 539 1349 Ει
569 1295 688 1349 hac
725 1293 950 1365 quidem
992 1294 1060 1349 ad
1098 1292 1630 1349 demonstrationem
1662 1291 1985 1363 dogmatum

397 1388 544 1443 reris
570 1388 864 1443 sententiis
898 1387 1235 1450 innixorum,
1274 1395 1441 1456 atque
1475 1394 1748 1440 sectarum
1785 1398 1985 1454 pravas

397 1480 691 1550 opiniones
719 1479 1171 1550 amplectentium
1197 1476 1612 1538 refutationem,
1646 1475 1699 1529 in
1725 1474 1841 1544 ipsa
1872 1473 1985 1529 oris

397 1573 683 1642 apertione
728 1572 979 1627 Christus
1031 1572 1197 1637 Deus,
1246 1569 1473 1639 largitor
1529 1568 1623 1623 ille
1672 1567 1981 1632 bonorum,

398 1666 560 1720 nobis
591 1666 993 1737 suppeditavit:
1037 1666 1126 1721 cui
1160 1664 1356 1735 gloria,
1397 1672 1452 1719 et
1483 1662 1807 1733 imperium,
1855 1677 1981 1716 cum

398 1760 558 1816 Patre
588 1776 652 1816 ac
681 1760 892 1832 Spiritu
932 1769 1151 1825 sancto,
1174 1772 1321 1815 nunc
1352 1768 1407 1814 et
1448 1758 1504 1812 in
1540 1771 1740 1812 avum.
1783 1756 1979 1809 Amen.

471 1919 514 1952 ³⁷
548 1918 744 1976 Matth.
776 1937 901 1985 xxv,
936 1920 1026 1975 46.

402 2144 1032 2162 -Μῆ

506 2146 960 2161 m

2094 649 2186 702 ὲπὶ
2210 649 2311 719 τῆς
2340 647 2620 709 κολάσεως
2672 642 2849 707 οὔτως
2890 643 2952 695 οὐ
2982 641 3212 696 δύναται
3238 639 3540 711 ληφθῆναι.
3572 639 3683 693 Αὐ-

2093 741 2186 804 τὸς
2200 741 2310 811 γάρ
2340 742 2367 793 ὁ
2395 738 2629 812 Χριστὸς
2656 734 2924 803 εἷπεν,ὅτι
2953 752 2973 788 ι
2996 733 3420 788 ’Λπελεύσονται
3459 733 3509 786 οε
3559 731 3682 801 μὲν,

2095 836 2176 897 εἰς
2206 832 2354 902 ζωὴν
2384 834 2622 886 αἰώνιονο
2661 831 2712 885 οἱ
2739 831 2817 895 δὲ,
2851 832 2931 893 εἰς
2955 829 3175 882 κόλασιν
3218 826 3460 882 αἰώνιον,
3494 844 3513 877 ι
3570 823 3685 877 Καὶ

2093 926 2127 998 ἦ
2162 926 2223 980 τὸ
2250 926 2350 995 τῆς
2378 925 2523 996 ζωῆς
2547 922 2856 997 ὡρισμένον
2884 921 3259 993 λαμϐάνομεν,
3286 920 3425 990 ὅπερ
3456 919 3679 974 άτοπονο

2093 1020 2127 1091 ἢ
2154 1020 2442 1089 ἀμφότερα
2470 1018 2562 1072 ἐπὶ
2598 1016 2693 1071 τοῦ
2724 1017 2829 1071 ἀπε
2840 1016 3056 1087 ράντου.

2166 1294 2351 1349 Ταῦτα
2400 1294 2537 1366 πρὸς
2580 1291 2857 1357 ἀπόδειξιν
2885 1291 2994 1346 τῶν
3041 1289 3339 1361 ὀρθοδόξων
3370 1288 3677 1359 δογμάτων,

2095 1390 2188 1445 καὶ
2214 1390 2436 1460 ἔλεγχον
2468 1388 2577 1441 τῶν
2602 1386 2911 1453 κακοδόξων
2950 1385 3234 1455 αἱρέσεων,
3264 1384 3293 1435 ὁ
3323 1382 3433 1435 τῶν
3459 1380 3682 1449 ἀγαθῶν

2092 1481 2327 1554 χορηγὸς
2380 1482 2437 1535 ὲν
2492 1478 2694 1543 ἀνοίξει
2741 1476 2835 1531 τοῦ
2886 1477 3155 1547 στόματος
3192 1477 3324 1546 ήμῖν
3370 1475 3679 1545 ἐχορήγησε

2093 1574 2329 1647 Χριστὸς
2367 1575 2395 1627 ὁ
2435 1573 2586 1637 Θεόςο
2619 1568 2663 1642 ᾧ
2700 1574 2734 1644 ή
2772 1570 2920 1637 δόξα,
2975 1570 3070 1625 κοιλ⁵
3108 1569 3171 1622 τὸ
3200 1568 3430 1639 κράτος,
3470 1567 3567 1620 σὺν
3598 1563 3680 1635 τῷ

2093 1668 2272 1737 Πατρὶ
2300 1669 2393 1720 καὶ
2417 1666 2495 1736 τῷ
2523 1667 2663 1739 ἁγίῳ
2691 1666 2997 1736 Πνεύματι,
3031 1662 3127 1718 νῦν
3163 1663 3259 1716 καὶ
3284 1663 3365 1726 εἱς
3392 1659 3520 1723 τοὺς
3547 1656 3680 1712 αῐῶ-

2092 1777 2208 1822 νας.
2233 1759 2306 1811 -Ἅ
2320 1759 2445 1829 μήν.

1040 2119 3639 2156 MM

1156 2292 2023 2435 ΛΕΟΝΤΙΟΥ
2101 2280 2953 2427 ΜΟΝΑΧΟΥ

1696 2543 2195 2666 ΛΟΓΟΙ
2272 2520 2386 2655 Γ’

826 2776 1127 2869 ΚΑΤΑ
1195 2771 1968 2869 ΝΕΣΤΟΡΙΑΝΩΝ
2042 2770 2238 2862 ΚΑΙ
2310 2759 3242 2862 ΕΥΤΥΧΙΑΝΙΣΤΩΝ.

1307 3148 1962 3280 LEONTII
2058 3119 2784 3273 MONACHI

1445 3543 1453 3553 ι
1666 3405 2002 3509 LIBRI
2098 3401 2424 3508 TBES

744 3631 1219 3729 CONTRA
1312 3627 2159 3723 NESTOBIANOS
2240 3628 2391 3718 ET
2463 3616 3359 3746 EUTYCHIANOS,

397 3846 506 3904 QUI
552 3847 878 3894 HACTENUS
919 3847 1145 3894 LATINE
1190 3847 1449 3893 TANTUM
1468 3846 1858 3902 EXSTABANT,
1900 3844 2000 3888 PR.
2046 3844 2369 3892 TURRIANO
2402 3842 2820 3895 INTERPRETE,
2859 3840 3022 3884 APUD
3058 3838 3125 3882 Η.
3172 3832 3468 3881 CANISIUM
3495 3833 3672 3881 LECT.

477 3952 688 4009 ANTIO.
716 3953 783 4000 IN
811 3954 1109 4002 EDITIONE
1136 3954 1427 3999 BASNAGII
1458 3955 1517 3998 τ.
1551 3955 1595 4011 ι,
1624 3954 1683 3998 p.
1730 3935 1844 3997 535
1896 3954 1971 3997 ET
2012 3952 2190 4007 seco.
2224 3953 2239 4011 ;
2285 3951 2456 3998 NUNC
2492 3952 2706 3997 AUTEM
2733 3947 2950 3995 ωηερε
2972 3945 3195 3993 nanum
3222 3941 3561 3990 nonnum
3587 3940 3674 3985 ex

474 4059 755 4117 ANTIQUO
799 4062 1103 4119 RAROQUE
1142 4062 1363 4108 CODICE
1407 4058 1838 4106 ΒΙΒΙᾸΟΊἮΕΟᾹΞ
1884 4058 2232 4104 ῩΛΤΙΟΑΝᾹΞ.

1430 4215 1591 4287 (Ang.
1627 4213 1750 4281 MAI,
1780 4210 2030 4287 Spicileg.
2065 4210 2368 4270 Roman.-t.
2398 4208 2465 4276 Χ,
2501 4223 2557 4280 p.
2592 4207 2669 4279 1.)

998 4533 1383 4593 PROLOGUS.

466 4628 608 4688 Cum
640 4629 746 4685 viri
772 4629 886 4687 Deo
918 4629 1074 4685 chari
1099 4640 1156 4685 et
1180 4628 1495 4684 divinorum
1523 4626 1841 4697 dogmatum
1871 4633 1987 4679 stu-

400 4720 565 4790 diosi,
598 4721 1009 4793 disputationes
1037 4736 1174 4791 quas
1201 4720 1518 4791 frequenter
1540 4719 1761 4789 publice
1784 4716 1985 4772 habui—

400 4830 523 4871 mus
539 4814 960 4886 approbassem,
983 4814 1186 4870 hortati
1211 4824 1341 4869 sunt
1356 4830 1476 4878 nos,
1496 4823 1557 4867 ut
1577 4812 1987 4868 dubitationum

398 4916 457 4963 et
485 4908 850 4973 solutionum,
885 4907 940 4961 in
965 4908 1035 4962 iis
1070 4906 1140 4963 de
1176 4908 1381 4977 quibus
1429 4922 1571 4976 smpe
1600 4904 1985 4969 disseruimus,

399 5000 816 5073 designationes
879 5000 1144 5072 quasdam
1187 5000 1394 5069 scripto
1442 4999 1575 5070 ipsis
1620 4997 1985 5063 traderemus,

401 5103 463 5149 ut
490 5108 614 5151 esse
653 5094 736 5151 eis
765 5102 1013 5166 possent,
1050 5094 1193 5150 sicut
1220 5092 1446 5165 quidam
1483 5092 1644 5157 dixit,
1680 5090 1989 5145 remedium

398 5183 703 5241 oblivionis
725 5226 740 5251 ,
786 5185 1051 5241 excitatio
1083 5185 1365 5241 memoriae
1390 5226 1405 5249 ,
1438 5190 1496 5238 et
1535 5181 1801 5253 temporis
1841 5179 1991 5251 quod

399 5278 588 5333 omnia
607 5279 913 5343 oblitterat,
942 5278 1239 5349 reparatio.
1266 5277 1378 5331 Nos
1407 5291 1538 5330 vero
1564 5290 1707 5344 smpe
1732 5273 1991 5344 interpel-

402 5371 497 5426 lati
524 5372 871 5437 distulimus,
910 5387 1036 5426 cum
1066 5380 1292 5441 propter
1324 5369 1429 5423 alia
1471 5368 1664 5431 multa,
1699 5376 1815 5421 tum
1863 5380 1992 5435 pro-

400 5474 525 5535 pter
575 5465 688 5520 duo
738 5458 1129 5535 potissimum,
1187 5478 1425 5534 quorum
1478 5461 1710 5515 alterum
1765 5458 1990 5530 quidem

400 5566 539 5623 erat,
570 5573 683 5612 non
715 5572 839 5613 esse
873 5572 976 5611 nos
1013 5571 1177 5626 pares
1210 5555 1277 5609 ad
1311 5553 1691 5633 scribendum,
1729 5551 1991 5622 quoniam

402 5665 506 5705 nec
528 5658 815 5705 externam
844 5648 1195 5719 disciplinam
1228 5646 1614 5717 percepimus;
1644 5654 1701 5699 et
1726 5644 1992 5714 spiritua-

402 5743 511 5796 lcm
528 5741 840 5796 doctrinam
862 5756 1027 5811 quam
1047 5740 1235 5795 divina
1250 5739 1422 5809 gratia
1443 5738 1762 5808 suppeditat
1781 5735 1991 5790 mundo

403 5833 572 5889 corde
600 5834 873 5905 prwditis,
898 5834 1144 5889 nondum
1172 5832 1409 5887 assecuti
1434 5847 1660 5897 sumus;
1696 5846 1807 5884 non
1839 5829 1988 5883 enim

407 5927 580 5996 pudet
607 5942 696 5983 me
727 5927 1010 5981 conscium
1043 5925 1179 5981 mihi
1208 5940 1327 5980 csse
1362 5924 1645 5980 tenuitatis
1673 5939 1827 5990 mea‘,
1858 5937 1983 5978 cum

2683 4520 3091 4577 ΠΡΟΘΕΩΡΙΛ.

2168 4623 2396 4694 ’Ἄνδρες
2440 4620 2540 4691 μὲν
2583 4615 2879 4686 θεοφιλεῖς,
2922 4612 3019 4666 καὶ
3064 4608 3173 4664 τῶν
3199 4606 3361 4661 θείων
3385 4603 3678 4673 δογμάτων

2092 4712 2507 4787 ἐπιθυμητικῶς
2539 4710 2781 4783 ἔχοντες,
2811 4706 2910 4769 τὰς
2949 4705 3029 4767 εἰς
3077 4701 3137 4755 τὸ
3181 4698 3360 4754 κοινὸν
3390 4695 3674 4787 διαλέξεις,

2090 4810 2157 4875 ἃς
2189 4786 2403 4880 συχνῶς
2456 4800 2806 4875 πεποιήμεθα
2854 4794 3293 4865 ἀποδεξάμενοι,
3328 4786 3679 4862 προῦτρεψαν

2092 4902 2241 4973 ἡμᾶς
2267 4896 2561 4970 ἐγγράφως
2598 4893 2709 4948 τῶν
2750 4890 3013 4952 πολλάκις
3057 4885 3367 4958 εἰρημένων
3391 4880 3680 4973 ἐπαπορήο

2093 4971 2233 5048 σεων
2277 4993 2372 5046 καὶ⁵
2408 4989 2619 5043 λύσεων
2646 4980 3028 5044 ὑποτυπώσεις
3070 4978 3223 5040 τινὰς
3263 4975 3448 5045 σφισιν
3495 4971 3680 5036 αὐτοῖς

2092 5086 2453 5157 παραδοῦναι·
2486 5082 2560 5145 ὥς
2592 5079 2696 5131 πού
2724 5095 2809 5141 τις
2847 5074 2976 5145 ἔφη,
3014 5071 3188 5143 λήθης
3233 5069 3547 5141 φάρμακον,
3584 5066 3682 5118 καὶ

2097 5182 2317 5251 μνήμης
2346 5176 2700 5247 ὲμπύρευμα,
2727 5171 2919 5242 χρόνου
2944 5184 3002 5221 τε
3035 5159 3080 5235 ᾧ
3104 5166 3175 5220 τὰ
3201 5165 3379 5219 πάντα
3403 5159 3681 5214 καλύπτε-

2092 5290 2224 5337 ται,
2280 5266 2637 5342 ψυχαγωγίαν
2701 5264 2884 5325 αὐτοῖς
2932 5258 3211 5330 εἰσφέρειν
3281 5252 3678 5324 δυνησομένας.

2105 5364 2299 5432 Ἡμεῖς
2331 5360 2388 5414 δὲ
2410 5357 2677 5420 πολλάκις
2708 5352 3094 5425 ἐνοχληθέντες
3130 5343 3564 5417 άνεδαλλόμεθα,
3585 5343 3682 5396 καὶ

2092 5454 2158 5507 δι’
2192 5453 2355 5524 ἔτερα
2405 5451 2504 5520 μὲν
2552 5448 2803 5513 πλεῖστα,
2850 5445 2942 5499 διὰ
2986 5442 3081 5496 δύο
3121 5441 3180 5496 δὲ
3218 5440 3475 5512 μάλιστα,
3519 5437 3588 5491 δι’
3621 5433 3682 5488 ἓν

2097 5546 2199 5617 μὲν
2218 5546 2278 5597 τὸ
2312 5542 2387 5615 μὴ
2420 5541 2622 5603 ἱκανῶς
2654 5539 2801 5610 ἔχειν
2842 5536 2981 5608 πρὸς
3013 5532 3405 5605 συγγραφικήν
3434 5529 3572 5595 ἕξιν,
3599 5529 3683 5581 ὃτι

2095 5641 2230 5713 μηδὲ
2262 5642 2360 5711 τῆς
2384 5638 2489 5703 ἔξω
2515 5635 2763 5698 παιδείας
2798 5631 3240 5705 μετεσχήκαμεν,
3270 5625 3365 5679 καὶ
3395 5624 3495 5692 τὴν
3518 5636 3687 5674 πνευ-

2097 5733 2333 5808 ματικὴν
2362 5732 2419 5785 δὲ
2441 5728 2809 5791 διδασκαλίαν,
2844 5726 2911 5798 ἣν
2950 5726 2983 5795 ἡ
3024 5723 3143 5776 θεία
3169 5720 3330 5793 χάρις
3360 5715 3687 5808 ὲπιχορηγεῖ

2094 5805 2207 5892 τοῖς
2238 5826 2501 5896 καθαροῖς
2532 5823 2633 5892 τὴν
2655 5820 2906 5894 καρδίαν,
2935 5816 3089 5871 οὔπω
3116 5809 3457 5883 κεκτήμεθα·
3480 5807 3542 5859 οὐ
3571 5805 3683 5876 γάρ

2096 5918 2494 5991 ἐπαισχύνομαι
2552 5914 2746 5988 μικρόν
2786 5929 2839 5965 τι
2889 5905 3128 5982 ἐμαυτοῦ
3160 5902 3382 5968 συνιεὶς,
3426 5898 3529 5953 ’ῶν
3563 5898 3683 5950 νυνὶ
