  <div class='ocr_page' id='page_1' title='image "/cluster/home/n/w/nwhite01/storage/ocr_20150623/86:pt.1/coo.31924054869874/642.png"; bbox 0 0 4120 6448; ppageno 0'>
   <div class='ocr_carea' id='block_1_1' title="bbox 427 437 567 505">
    <p class='ocr_par' dir='ltr' id='par_1_1' title="bbox 427 437 567 505">
     <span class='ocr_line' id='line_1_1' title="bbox 427 437 567 505; baseline 0.007 -1"><span class='ocrx_word' id='word_1_1' title='bbox 427 437 567 505; x_wconf 70' lang='lat'><strong>1269</strong></span> 
     </span>
    </p>
   </div>
   <div class='ocr_carea' id='block_1_2' title="bbox 1483 431 2648 495">
    <p class='ocr_par' dir='ltr' id='par_1_2' title="bbox 1483 431 2648 495">
     <span class='ocr_line' id='line_1_2' title="bbox 1483 431 2648 495; baseline -0.004 0"><span class='ocrx_word' id='word_1_2' title='bbox 1483 433 1785 495; x_wconf 74' lang='lat' dir='ltr'><strong>CONTRA</strong></span> <span class='ocrx_word' id='word_1_3' title='bbox 1825 431 2146 495; x_wconf 85' lang='lat' dir='ltr'><strong>NESTOR.</strong></span> <span class='ocrx_word' id='word_1_4' title='bbox 2190 433 2284 492; x_wconf 90' lang='lat' dir='ltr'><strong>ET</strong></span> <span class='ocrx_word' id='word_1_5' title='bbox 2326 431 2648 492; x_wconf 85' lang='lat' dir='ltr'><strong>EUTYCH.</strong></span> 
     </span>
    </p>
   </div>
   <div class='ocr_carea' id='block_1_3' title="bbox 3555 423 3692 489">
    <p class='ocr_par' dir='ltr' id='par_1_3' title="bbox 3555 423 3692 489">
     <span class='ocr_line' id='line_1_3' title="bbox 3555 423 3692 489; baseline 0.044 -5"><span class='ocrx_word' id='word_1_6' title='bbox 3555 423 3692 489; x_wconf 69' lang='lat'><strong>1270</strong></span> 
     </span>
    </p>
   </div>
   <div class='ocr_carea' id='block_1_4' title="bbox 415 534 2028 624">
    <p class='ocr_par' dir='ltr' id='par_1_4' title="bbox 415 534 2001 624">
     <span class='ocr_line' id='line_1_4' title="bbox 415 534 2001 624; baseline -0.005 -16"><span class='ocrx_word' id='word_1_7' title='bbox 415 555 599 624; x_wconf 71' lang='grc' dir='ltr'>σοφῶν</span> <span class='ocrx_word' id='word_1_8' title='bbox 631 537 812 620; x_wconf 80' lang='grc' dir='ltr'>πάντη</span> <span class='ocrx_word' id='word_1_9' title='bbox 847 534 1076 610; x_wconf 74' lang='grc' dir='ltr'>ἑαυτοὺς</span> <span class='ocrx_word' id='word_1_10' title='bbox 1107 545 1372 609; x_wconf 80' lang='grc' dir='ltr'>παλαιοὺς</span> <span class='ocrx_word' id='word_1_11' title='bbox 1397 545 1506 601; x_wconf 89' lang='grc' dir='ltr'><strong>τῶν</strong></span> <span class='ocrx_word' id='word_1_12' title='bbox 1533 545 1705 614; x_wconf 89' lang='grc' dir='ltr'>ἁγίων</span> <span class='ocrx_word' id='word_1_13' title='bbox 1737 546 2001 617; x_wconf 86' lang='grc' dir='ltr'>Πατέρων</span> 
     </span>
    </p>
   </div>
   <div class='ocr_carea' id='block_1_5' title="bbox 2131 534 3692 624">
    <p class='ocr_par' dir='ltr' id='par_1_5' title="bbox 2131 540 3692 616">
     <span class='ocr_line' id='line_1_5' title="bbox 2131 540 3692 616; baseline -0.003 -16"><span class='ocrx_word' id='word_1_14' title='bbox 2131 545 2269 616; x_wconf 90' lang='lat' dir='ltr'><strong>iqui</strong></span> <span class='ocrx_word' id='word_1_15' title='bbox 2323 560 2472 600; x_wconf 92' lang='lat' dir='ltr'><strong>nunc</strong></span> <span class='ocrx_word' id='word_1_16' title='bbox 2510 549 2641 599; x_wconf 89' lang='lat' dir='ltr'><strong>sunt</strong></span> <span class='ocrx_word' id='word_1_17' title='bbox 2686 540 2989 612; x_wconf 82' lang='lat' dir='ltr'><strong>sapientes,</strong></span> <span class='ocrx_word' id='word_1_18' title='bbox 3029 557 3088 596; x_wconf 90' lang='lat' dir='ltr'><strong>se</strong></span> <span class='ocrx_word' id='word_1_19' title='bbox 3137 542 3362 612; x_wconf 77' lang='lat' dir='ltr'><strong>penitus</strong></span> <span class='ocrx_word' id='word_1_20' title='bbox 3392 541 3692 612; x_wconf 86' lang='lat' dir='ltr'><strong>ignorent:</strong></span> 
     </span>
    </p>
   </div>
   <div class='ocr_carea' id='block_1_6' title="bbox 415 637 2006 712">
    <p class='ocr_par' dir='ltr' id='par_1_6' title="bbox 415 637 2006 712">
     <span class='ocr_line' id='line_1_6' title="bbox 415 637 2006 712; baseline -0.006 -12"><span class='ocrx_word' id='word_1_21' title='bbox 415 647 616 706; x_wconf 80' lang='grc' dir='ltr'><strong>πόνους</strong></span> <span class='ocrx_word' id='word_1_22' title='bbox 664 639 1070 712; x_wconf 69' lang='grc' dir='ltr'>ἀγνωμοσύνη,</span> <span class='ocrx_word' id='word_1_23' title='bbox 1109 638 1278 692; x_wconf 79' lang='grc' dir='ltr'>πολὺν</span> <span class='ocrx_word' id='word_1_24' title='bbox 1312 637 1470 692; x_wconf 78' lang='grc' dir='ltr'>ὄκνον</span> <span class='ocrx_word' id='word_1_25' title='bbox 1497 637 1733 692; x_wconf 79' lang='grc' dir='ltr'><strong>ἐνεποίει</strong></span> <span class='ocrx_word' id='word_1_26' title='bbox 1773 640 1840 709; x_wconf 82' lang='grc' dir='ltr'>τῇ</span> <span class='ocrx_word' id='word_1_27' title='bbox 1891 638 2006 691; x_wconf 91' lang='grc' dir='ltr'>δια-</span> 
     </span>
    </p>
   </div>
   <div class='ocr_carea' id='block_1_7' title="bbox 414 729 2008 810">
    <p class='ocr_par' dir='ltr' id='par_1_7' title="bbox 414 729 2008 810">
     <span class='ocr_line' id='line_1_7' title="bbox 414 729 2008 810; baseline -0.008 -16"><span class='ocrx_word' id='word_1_28' title='bbox 414 739 538 810; x_wconf 77' lang='grc' dir='ltr'>νοίᾳ</span> <span class='ocrx_word' id='word_1_29' title='bbox 567 752 668 808; x_wconf 88' lang='grc' dir='ltr'><strong>μου</strong></span> <span class='ocrx_word' id='word_1_30' title='bbox 700 733 840 804; x_wconf 80' lang='grc' dir='ltr'>πρὸς</span> <span class='ocrx_word' id='word_1_31' title='bbox 884 734 946 786; x_wconf 76' lang='grc' dir='ltr'><strong>τὸ</strong></span> <span class='ocrx_word' id='word_1_32' title='bbox 997 731 1371 802; x_wconf 86' lang='grc' dir='ltr'>πειθαρχῆσαι</span> <span class='ocrx_word' id='word_1_33' title='bbox 1420 729 1498 800; x_wconf 78' lang='grc' dir='ltr'>τῷ</span> <span class='ocrx_word' id='word_1_34' title='bbox 1527 730 1869 801; x_wconf 85' lang='grc' dir='ltr'>ἐπιτάγματι</span> <span class='ocrx_word' id='word_1_35' title='bbox 1904 729 2008 800; x_wconf 84' lang='grc' dir='ltr'>τῆς</span> 
     </span>
    </p>
   </div>
   <div class='ocr_carea' id='block_1_8' title="bbox 415 821 2010 898">
    <p class='ocr_par' dir='ltr' id='par_1_8' title="bbox 415 821 2010 898">
     <span class='ocr_line' id='line_1_8' title="bbox 415 821 2010 898; baseline -0.006 -13"><span class='ocrx_word' id='word_1_36' title='bbox 415 828 664 898; x_wconf 82' lang='grc' dir='ltr'><strong>ἀγάπης.</strong></span> <span class='ocrx_word' id='word_1_37' title='bbox 692 824 800 889; x_wconf 74' lang='grc' dir='ltr'>Οὓς</span> <span class='ocrx_word' id='word_1_38' title='bbox 843 825 954 895; x_wconf 79' lang='grc' dir='ltr'><strong>γὰρ</strong></span> <span class='ocrx_word' id='word_1_39' title='bbox 1008 823 1084 895; x_wconf 87' lang='grc' dir='ltr'><strong>μὴ</strong></span> <span class='ocrx_word' id='word_1_40' title='bbox 1131 823 1396 877; x_wconf 84' lang='grc' dir='ltr'><strong>πέπεικεν</strong></span> <span class='ocrx_word' id='word_1_41' title='bbox 1431 823 1506 877; x_wconf 80' lang='grc' dir='ltr'>τά·</span> <span class='ocrx_word' id='word_1_42' title='bbox 1546 823 1684 893; x_wconf 82' lang='grc' dir='ltr'>μετὰ</span> <span class='ocrx_word' id='word_1_43' title='bbox 1735 821 2010 894; x_wconf 78' lang='grc' dir='ltr'><strong>τοσαύτης</strong></span> 
     </span>
    </p>
   </div>
   <div class='ocr_carea' id='block_1_9' title="bbox 415 915 2010 992">
    <p class='ocr_par' dir='ltr' id='par_1_9' title="bbox 415 915 2010 992">
     <span class='ocr_line' id='line_1_9' title="bbox 415 915 2010 992; baseline -0.005 -17"><span class='ocrx_word' id='word_1_44' title='bbox 415 921 643 992; x_wconf 86' lang='grc' dir='ltr'>χάριτος</span> <span class='ocrx_word' id='word_1_45' title='bbox 672 920 768 973; x_wconf 79' lang='grc' dir='ltr'><strong>καὶ</strong></span> <span class='ocrx_word' id='word_1_46' title='bbox 801 918 992 986; x_wconf 75' lang='grc' dir='ltr'>σοφίας</span> <span class='ocrx_word' id='word_1_47' title='bbox 1025 915 1185 980; x_wconf 84' lang='grc' dir='ltr'>Θεοῦ,</span> <span class='ocrx_word' id='word_1_48' title='bbox 1235 916 1316 970; x_wconf 76' lang='grc' dir='ltr'>ἔτι</span> <span class='ocrx_word' id='word_1_49' title='bbox 1345 917 1401 969; x_wconf 79' lang='grc' dir='ltr'>δὲ</span> <span class='ocrx_word' id='word_1_50' title='bbox 1445 917 1540 969; x_wconf 72' lang='grc' dir='ltr'>καὶ</span> <span class='ocrx_word' id='word_1_51' title='bbox 1588 916 1686 984; x_wconf 85' lang='grc' dir='ltr'>τῆς</span> <span class='ocrx_word' id='word_1_52' title='bbox 1732 915 1873 969; x_wconf 74' lang='grc' dir='ltr'>κατὰ</span> <span class='ocrx_word' id='word_1_53' title='bbox 1913 915 2010 986; x_wconf 82' lang='grc' dir='ltr'>τὴν</span> 
     </span>
    </p>
   </div>
   <div class='ocr_carea' id='block_1_10' title="bbox 418 1008 2012 1082">
    <p class='ocr_par' dir='ltr' id='par_1_10' title="bbox 418 1008 2012 1082">
     <span class='ocr_line' id='line_1_10' title="bbox 418 1008 2012 1082; baseline -0.005 -14"><span class='ocrx_word' id='word_1_54' title='bbox 418 1013 526 1081; x_wconf 73' lang='grc' dir='ltr'>ἔξω</span> <span class='ocrx_word' id='word_1_55' title='bbox 561 1011 890 1082; x_wconf 71' lang='grc' dir='ltr'><strong>φιλοσοφίαν</strong></span> <span class='ocrx_word' id='word_1_56' title='bbox 921 1010 1249 1082; x_wconf 79' lang='grc' dir='ltr'>ἀκρότητος,</span> <span class='ocrx_word' id='word_1_57' title='bbox 1294 1010 1388 1064; x_wconf 83' lang='grc' dir='ltr'><strong>καὶ</strong></span> <span class='ocrx_word' id='word_1_58' title='bbox 1425 1009 1524 1080; x_wconf 84' lang='grc' dir='ltr'><strong>τῆς</strong></span> <span class='ocrx_word' id='word_1_59' title='bbox 1559 1009 1726 1080; x_wconf 81' lang='grc' dir='ltr'>ἄλλης</span> <span class='ocrx_word' id='word_1_60' title='bbox 1762 1008 2012 1072; x_wconf 79' lang='grc' dir='ltr'>παιδείας</span> 
     </span>
    </p>
   </div>
   <div class='ocr_carea' id='block_1_11' title="bbox 417 1095 2014 1174">
    <p class='ocr_par' dir='ltr' id='par_1_11' title="bbox 417 1095 2014 1174">
     <span class='ocr_line' id='line_1_11' title="bbox 417 1095 2014 1174; baseline -0.003 -15"><span class='ocrx_word' id='word_1_61' title='bbox 417 1105 714 1160; x_wconf 77' lang='grc' dir='ltr'><strong>ἐκτεθέντα</strong></span> <span class='ocrx_word' id='word_1_62' title='bbox 748 1104 1128 1173; x_wconf 89' lang='grc' dir='ltr'>συντάγματα,</span> <span class='ocrx_word' id='word_1_63' title='bbox 1159 1101 1277 1167; x_wconf 91' lang='grc' dir='ltr'><strong>πῶς</strong></span> <span class='ocrx_word' id='word_1_64' title='bbox 1312 1101 1379 1156; x_wconf 84' lang='grc' dir='ltr'>ἂν</span> <span class='ocrx_word' id='word_1_65' title='bbox 1405 1103 1435 1156; x_wconf 92' lang='lat'><strong>6</strong></span> <span class='ocrx_word' id='word_1_66' title='bbox 1477 1101 1685 1174; x_wconf 77' lang='grc' dir='ltr'>βραχὺς</span> <span class='ocrx_word' id='word_1_67' title='bbox 1708 1095 1886 1168; x_wconf 76' lang='grc' dir='ltr'>οὗτος,</span> <span class='ocrx_word' id='word_1_68' title='bbox 1919 1103 2014 1155; x_wconf 72' lang='grc' dir='ltr'><strong>καὶ</strong></span> 
     </span>
    </p>
   </div>
   <div class='ocr_carea' id='block_1_12' title="bbox 417 1191 2013 1267">
    <p class='ocr_par' dir='ltr' id='par_1_12' title="bbox 417 1191 2013 1267">
     <span class='ocr_line' id='line_1_12' title="bbox 417 1191 2013 1267; baseline 0.004 -27"><span class='ocrx_word' id='word_1_69' title='bbox 417 1195 528 1251; x_wconf 76' lang='grc' dir='ltr'>ἀπὸ</span> <span class='ocrx_word' id='word_1_70' title='bbox 561 1197 765 1267; x_wconf 57' lang='lat' dir='ltr'><strong>pupa;</strong></span> <span class='ocrx_word' id='word_1_71' title='bbox 827 1193 1239 1266; x_wconf 77' lang='grc' dir='ltr'><strong>προφερόμενος</strong></span> <span class='ocrx_word' id='word_1_72' title='bbox 1297 1193 1539 1257; x_wconf 79' lang='grc' dir='ltr'>διανοίας</span> <span class='ocrx_word' id='word_1_73' title='bbox 1613 1193 1722 1259; x_wconf 65' lang='grc' dir='ltr'><strong>καὶἸ</strong></span> <span class='ocrx_word' id='word_1_74' title='bbox 1763 1191 2013 1263; x_wconf 77' lang='grc' dir='ltr'><strong>γλώττης</strong></span> 
     </span>
    </p>
   </div>
   <div class='ocr_carea' id='block_1_13' title="bbox 419 1286 1120 1355">
    <p class='ocr_par' dir='ltr' id='par_1_13' title="bbox 419 1286 1120 1355">
     <span class='ocr_line' id='line_1_13' title="bbox 419 1286 1120 1355; baseline -0.003 -13"><span class='ocrx_word' id='word_1_75' title='bbox 419 1287 670 1342; x_wconf 81' lang='grc' dir='ltr'>πείσειεν</span> <span class='ocrx_word' id='word_1_76' title='bbox 698 1286 892 1355; x_wconf 79' lang='grc' dir='ltr'>λόγοςς</span> <span class='ocrx_word' id='word_1_77' title='bbox 1117 1302 1120 1304; x_wconf 90' lang='grc'>·</span> 
     </span>
    </p>
   </div>
   <div class='ocr_carea' id='block_1_14' title="bbox 491 1470 2016 1544">
    <p class='ocr_par' dir='ltr' id='par_1_14' title="bbox 491 1470 2016 1544">
     <span class='ocr_line' id='line_1_14' title="bbox 491 1470 2016 1544; baseline 0 -19"><span class='ocrx_word' id='word_1_78' title='bbox 491 1471 687 1542; x_wconf 85' lang='grc' dir='ltr'><strong>Ὅμως</strong></span> <span class='ocrx_word' id='word_1_79' title='bbox 715 1471 799 1544; x_wconf 88' lang='grc' dir='ltr'><strong>(οὐ</strong></span> <span class='ocrx_word' id='word_1_80' title='bbox 831 1470 942 1543; x_wconf 84' lang='grc' dir='ltr'>γὰρ</span> <span class='ocrx_word' id='word_1_81' title='bbox 968 1474 1084 1536; x_wconf 80' lang='grc' dir='ltr'>τοῖς</span> <span class='ocrx_word' id='word_1_82' title='bbox 1117 1473 1556 1544; x_wconf 80' lang='grc' dir='ltr'>κεκρατημένοις</span> <span class='ocrx_word' id='word_1_83' title='bbox 1591 1473 1886 1544; x_wconf 87' lang='grc' dir='ltr'>ἐγχειρεῖν,</span> <span class='ocrx_word' id='word_1_84' title='bbox 1917 1471 2016 1542; x_wconf 84' lang='grc' dir='ltr'><strong>τῆς</strong></span> 
     </span>
    </p>
   </div>
   <div class='ocr_carea' id='block_1_15' title="bbox 416 1563 2018 1636">
    <p class='ocr_par' dir='ltr' id='par_1_15' title="bbox 416 1563 2018 1636">
     <span class='ocr_line' id='line_1_15' title="bbox 416 1563 2018 1636; baseline -0.001 -19"><span class='ocrx_word' id='word_1_85' title='bbox 416 1563 476 1618; x_wconf 86' lang='grc' dir='ltr'><strong>δέ</strong></span> <span class='ocrx_word' id='word_1_86' title='bbox 500 1563 611 1618; x_wconf 91' lang='grc' dir='ltr'><strong>τῶν</strong></span> <span class='ocrx_word' id='word_1_87' title='bbox 640 1563 1003 1633; x_wconf 80' lang='grc' dir='ltr'>ὑγιαινόντων</span> <span class='ocrx_word' id='word_1_88' title='bbox 1034 1565 1343 1635; x_wconf 84' lang='grc' dir='ltr'>ἀσφαλείας</span> <span class='ocrx_word' id='word_1_89' title='bbox 1384 1563 1717 1636; x_wconf 80' lang='grc' dir='ltr'>ποιήσασθαι</span> <span class='ocrx_word' id='word_1_90' title='bbox 1759 1563 2018 1635; x_wconf 62' lang='grc' dir='ltr'>πρόνοιαν</span> 
     </span>
    </p>
   </div>
   <div class='ocr_carea' id='block_1_16' title="bbox 419 1655 2020 1728">
    <p class='ocr_par' dir='ltr' id='par_1_16' title="bbox 419 1655 2020 1728">
     <span class='ocr_line' id='line_1_16' title="bbox 419 1655 2020 1728; baseline 0.001 -20"><span class='ocrx_word' id='word_1_91' title='bbox 419 1655 806 1726; x_wconf 76' lang='grc' dir='ltr'>ἐπιτετάχασι)</span> <span class='ocrx_word' id='word_1_92' title='bbox 843 1657 1176 1728; x_wconf 87' lang='grc' dir='ltr'>πειθαρχεῖν</span> <span class='ocrx_word' id='word_1_93' title='bbox 1204 1657 1260 1710; x_wconf 88' lang='grc' dir='ltr'><strong>δέ</strong></span> <span class='ocrx_word' id='word_1_94' title='bbox 1291 1657 1453 1728; x_wconf 80' lang='grc' dir='ltr'>φιλίῳ</span> <span class='ocrx_word' id='word_1_95' title='bbox 1484 1658 1889 1728; x_wconf 81' lang='grc' dir='ltr'>προστάγματι,</span> <span class='ocrx_word' id='word_1_96' title='bbox 1924 1655 2020 1710; x_wconf 88' lang='grc' dir='ltr'><strong>νῦν</strong></span> 
     </span>
    </p>
   </div>
   <div class='ocr_carea' id='block_1_17' title="bbox 417 1747 2022 1820">
    <p class='ocr_par' dir='ltr' id='par_1_17' title="bbox 417 1747 2022 1820">
     <span class='ocr_line' id='line_1_17' title="bbox 417 1747 2022 1820; baseline 0.002 -22"><span class='ocrx_word' id='word_1_97' title='bbox 417 1748 470 1798; x_wconf 76' lang='grc' dir='ltr'><strong>εί</strong></span> <span class='ocrx_word' id='word_1_98' title='bbox 502 1751 597 1800; x_wconf 80' lang='grc' dir='ltr'><strong>καὶ</strong></span> <span class='ocrx_word' id='word_1_99' title='bbox 625 1747 702 1818; x_wconf 85' lang='grc' dir='ltr'>μὴ</span> <span class='ocrx_word' id='word_1_100' title='bbox 728 1747 999 1820; x_wconf 88' lang='grc' dir='ltr'>πρότερον</span> <span class='ocrx_word' id='word_1_101' title='bbox 1033 1747 1304 1819; x_wconf 75' lang='grc' dir='ltr'>ἔγνωμεν.</span> <span class='ocrx_word' id='word_1_102' title='bbox 1335 1749 1447 1802; x_wconf 74' lang='grc' dir='ltr'><strong>Καὶ</strong></span> <span class='ocrx_word' id='word_1_103' title='bbox 1478 1751 1629 1818; x_wconf 83' lang='grc' dir='ltr'>τρεῖς</span> <span class='ocrx_word' id='word_1_104' title='bbox 1653 1749 1781 1812; x_wconf 85' lang='grc' dir='ltr'>τοὺς</span> <span class='ocrx_word' id='word_1_105' title='bbox 1815 1749 2022 1813; x_wconf 83' lang='grc' dir='ltr'>πάντας</span> 
     </span>
    </p>
   </div>
   <div class='ocr_carea' id='block_1_18' title="bbox 410 1834 2020 1914">
    <p class='ocr_par' dir='ltr' id='par_1_18' title="bbox 410 1834 2020 1914">
     <span class='ocr_line' id='line_1_18' title="bbox 410 1834 2020 1914; baseline 0.002 -21"><span class='ocrx_word' id='word_1_106' title='bbox 410 1839 610 1910; x_wconf 74' lang='grc' dir='ltr'>’λόγους</span> <span class='ocrx_word' id='word_1_107' title='bbox 632 1841 1030 1914; x_wconf 75' lang='grc' dir='ltr'>συνετάξαμενο</span> <span class='ocrx_word' id='word_1_108' title='bbox 1059 1834 1134 1897; x_wconf 85' lang='grc' dir='ltr'>ὧν</span> <span class='ocrx_word' id='word_1_109' title='bbox 1178 1843 1206 1895; x_wconf 87' lang='lat'><strong>6</strong></span> <span class='ocrx_word' id='word_1_110' title='bbox 1235 1845 1335 1914; x_wconf 81' lang='grc' dir='ltr'><strong>μὲν</strong></span> <span class='ocrx_word' id='word_1_111' title='bbox 1361 1844 1599 1914; x_wconf 83' lang='grc' dir='ltr'>πρῶτος,</span> <span class='ocrx_word' id='word_1_112' title='bbox 1619 1843 1720 1913; x_wconf 82' lang='grc' dir='ltr'><strong>τῆς</strong></span> <span class='ocrx_word' id='word_1_113' title='bbox 1741 1843 2020 1897; x_wconf 85' lang='grc' dir='ltr'>ἁντιθέτου</span> 
     </span>
    </p>
   </div>
   <div class='ocr_carea' id='block_1_19' title="bbox 2108 634 3694 708">
    <p class='ocr_par' dir='ltr' id='par_1_19' title="bbox 2108 634 3694 708">
     <span class='ocr_line' id='line_1_19' title="bbox 2108 634 3694 708; baseline -0.004 -14"><span class='ocrx_word' id='word_1_114' title='bbox 2108 640 2344 694; x_wconf 88' lang='lat' dir='ltr'><strong>alterum</strong></span> <span class='ocrx_word' id='word_1_115' title='bbox 2364 652 2515 703; x_wconf 83' lang='lat' dir='ltr'><strong>vero,</strong></span> <span class='ocrx_word' id='word_1_116' title='bbox 2529 635 2675 708; x_wconf 89' lang='lat' dir='ltr'><strong>quod</strong></span> <span class='ocrx_word' id='word_1_117' title='bbox 2690 637 2923 690; x_wconf 86' lang='lat' dir='ltr'><strong>istorum</strong></span> <span class='ocrx_word' id='word_1_118' title='bbox 2936 635 3148 704; x_wconf 85' lang='lat' dir='ltr'><strong>ingrata</strong></span> <span class='ocrx_word' id='word_1_119' title='bbox 3161 634 3428 689; x_wconf 83' lang='lat' dir='ltr'><strong>memoria</strong></span> <span class='ocrx_word' id='word_1_120' title='bbox 3444 643 3694 690; x_wconf 89' lang='lat' dir='ltr'><strong>veterum</strong></span> 
     </span>
    </p>
   </div>
   <div class='ocr_carea' id='block_1_20' title="bbox 2110 727 3696 801">
    <p class='ocr_par' dir='ltr' id='par_1_20' title="bbox 2110 727 3696 801">
     <span class='ocr_line' id='line_1_20' title="bbox 2110 727 3696 801; baseline -0.004 -14"><span class='ocrx_word' id='word_1_121' title='bbox 2110 733 2362 787; x_wconf 90' lang='lat' dir='ltr'><strong>laborum</strong></span> <span class='ocrx_word' id='word_1_122' title='bbox 2389 745 2530 801; x_wconf 92' lang='lat' dir='ltr'><strong>quos</strong></span> <span class='ocrx_word' id='word_1_123' title='bbox 2560 729 2734 785; x_wconf 90' lang='lat' dir='ltr'><strong>sancti</strong></span> <span class='ocrx_word' id='word_1_124' title='bbox 2766 727 2955 782; x_wconf 85' lang='lat' dir='ltr'><strong>Patres</strong></span> <span class='ocrx_word' id='word_1_125' title='bbox 2997 735 3406 797; x_wconf 87' lang='lat' dir='ltr'><strong>susceperunt,</strong></span> <span class='ocrx_word' id='word_1_126' title='bbox 3463 729 3696 782; x_wconf 89' lang='lat' dir='ltr'><strong>multam</strong></span> 
     </span>
    </p>
   </div>
   <div class='ocr_carea' id='block_1_21' title="bbox 2113 820 3696 894">
    <p class='ocr_par' dir='ltr' id='par_1_21' title="bbox 2113 820 3696 894">
     <span class='ocr_line' id='line_1_21' title="bbox 2113 820 3696 894; baseline -0.003 -17"><span class='ocrx_word' id='word_1_127' title='bbox 2113 823 2390 894; x_wconf 83' lang='lat' dir='ltr'><strong>pigritiam</strong></span> <span class='ocrx_word' id='word_1_128' title='bbox 2417 822 2602 877; x_wconf 89' lang='lat' dir='ltr'><strong>animo</strong></span> <span class='ocrx_word' id='word_1_129' title='bbox 2642 836 2767 876; x_wconf 91' lang='lat' dir='ltr'><strong>meo</strong></span> <span class='ocrx_word' id='word_1_130' title='bbox 2810 821 2878 875; x_wconf 90' lang='lat' dir='ltr'><strong>ad</strong></span> <span class='ocrx_word' id='word_1_131' title='bbox 2914 820 3286 875; x_wconf 88' lang='lat' dir='ltr'><strong>obediendum</strong></span> <span class='ocrx_word' id='word_1_132' title='bbox 3312 821 3483 891; x_wconf 87' lang='lat' dir='ltr'><strong>jussis</strong></span> <span class='ocrx_word' id='word_1_133' title='bbox 3510 821 3696 875; x_wconf 89' lang='lat' dir='ltr'><strong>chari-</strong></span> 
     </span>
    </p>
   </div>
   <div class='ocr_carea' id='block_1_22' title="bbox 2113 914 3698 981">
    <p class='ocr_par' dir='ltr' id='par_1_22' title="bbox 2113 914 3698 981">
     <span class='ocr_line' id='line_1_22' title="bbox 2113 914 3698 981; baseline -0.003 -9"><span class='ocrx_word' id='word_1_134' title='bbox 2113 917 2245 973; x_wconf 91' lang='lat' dir='ltr'><strong>tatis</strong></span> <span class='ocrx_word' id='word_1_135' title='bbox 2297 916 2585 972; x_wconf 76' lang='lat' dir='ltr'><strong>aﬁ‘erebat.</strong></span> <span class='ocrx_word' id='word_1_136' title='bbox 2621 915 2836 981; x_wconf 84' lang='lat' dir='ltr'><strong>Quibus</strong></span> <span class='ocrx_word' id='word_1_137' title='bbox 2862 915 3012 970; x_wconf 90' lang='lat' dir='ltr'><strong>enim</strong></span> <span class='ocrx_word' id='word_1_138' title='bbox 3063 929 3174 968; x_wconf 90' lang='lat' dir='ltr'><strong>non</strong></span> <span class='ocrx_word' id='word_1_139' title='bbox 3224 922 3521 970; x_wconf 84' lang='lat' dir='ltr'><strong>suaserunt</strong></span> <span class='ocrx_word' id='word_1_140' title='bbox 3571 914 3698 968; x_wconf 86' lang='lat' dir='ltr'><strong>libri</strong></span> 
     </span>
    </p>
   </div>
   <div class='ocr_carea' id='block_1_23' title="bbox 2115 1006 3703 1080">
    <p class='ocr_par' dir='ltr' id='par_1_23' title="bbox 2115 1006 3703 1080">
     <span class='ocr_line' id='line_1_23' title="bbox 2115 1006 3703 1080; baseline -0.003 -16"><span class='ocrx_word' id='word_1_141' title='bbox 2115 1017 2268 1064; x_wconf 84' lang='lat' dir='ltr'><strong>tanta</strong></span> <span class='ocrx_word' id='word_1_142' title='bbox 2297 1009 2394 1064; x_wconf 87' lang='lat' dir='ltr'><strong>Dei</strong></span> <span class='ocrx_word' id='word_1_143' title='bbox 2431 1009 2606 1080; x_wconf 83' lang='lat' dir='ltr'><strong>gratia</strong></span> <span class='ocrx_word' id='word_1_144' title='bbox 2629 1017 2685 1062; x_wconf 89' lang='lat' dir='ltr'><strong>et</strong></span> <span class='ocrx_word' id='word_1_145' title='bbox 2717 1007 3010 1076; x_wconf 84' lang='lat' dir='ltr'><strong>sapientia,</strong></span> <span class='ocrx_word' id='word_1_146' title='bbox 3039 1022 3101 1062; x_wconf 89' lang='lat' dir='ltr'><strong>ac</strong></span> <span class='ocrx_word' id='word_1_147' title='bbox 3129 1023 3346 1064; x_wconf 89' lang='lat' dir='ltr'><strong>summo</strong></span> <span class='ocrx_word' id='word_1_148' title='bbox 3374 1009 3542 1062; x_wconf 88' lang='lat' dir='ltr'><strong>etiam</strong></span> <span class='ocrx_word' id='word_1_149' title='bbox 3574 1006 3703 1077; x_wconf 81' lang='lat' dir='ltr'><strong>phi-</strong></span> 
     </span>
    </p>
   </div>
   <div class='ocr_carea' id='block_1_24' title="bbox 2115 1099 3698 1170">
    <p class='ocr_par' dir='ltr' id='par_1_24' title="bbox 2115 1099 3698 1170">
     <span class='ocr_line' id='line_1_24' title="bbox 2115 1099 3698 1170; baseline 0 -15"><span class='ocrx_word' id='word_1_150' title='bbox 2115 1101 2384 1170; x_wconf 85' lang='lat' dir='ltr'><strong>losophia:</strong></span> <span class='ocrx_word' id='word_1_151' title='bbox 2428 1109 2485 1155; x_wconf 91' lang='lat' dir='ltr'><strong>et</strong></span> <span class='ocrx_word' id='word_1_152' title='bbox 2530 1099 2763 1154; x_wconf 89' lang='lat' dir='ltr'><strong>aliarum</strong></span> <span class='ocrx_word' id='word_1_153' title='bbox 2801 1099 3226 1170; x_wconf 89' lang='lat' dir='ltr'><strong>disciplinarum</strong></span> <span class='ocrx_word' id='word_1_154' title='bbox 3281 1101 3469 1156; x_wconf 90' lang='lat' dir='ltr'><strong>studio</strong></span> <span class='ocrx_word' id='word_1_155' title='bbox 3501 1103 3698 1170; x_wconf 82' lang='lat' dir='ltr'><strong>scripti</strong></span> 
     </span>
    </p>
   </div>
   <div class='ocr_carea' id='block_1_25' title="bbox 2116 1192 3705 1262">
    <p class='ocr_par' dir='ltr' id='par_1_25' title="bbox 2116 1192 3705 1262">
     <span class='ocr_line' id='line_1_25' title="bbox 2116 1192 3705 1262; baseline -0.001 -13"><span class='ocrx_word' id='word_1_156' title='bbox 2116 1203 2172 1249; x_wconf 91' lang='lat' dir='ltr'><strong>et</strong></span> <span class='ocrx_word' id='word_1_157' title='bbox 2210 1193 2370 1259; x_wconf 88' lang='lat' dir='ltr'><strong>editi,</strong></span> <span class='ocrx_word' id='word_1_158' title='bbox 2411 1193 2691 1262; x_wconf 90' lang='lat' dir='ltr'><strong>quomodo</strong></span> <span class='ocrx_word' id='word_1_159' title='bbox 2723 1192 2814 1248; x_wconf 91' lang='lat' dir='ltr'><strong>hic</strong></span> <span class='ocrx_word' id='word_1_160' title='bbox 2843 1208 2999 1247; x_wconf 90' lang='lat' dir='ltr'><strong>meus</strong></span> <span class='ocrx_word' id='word_1_161' title='bbox 3022 1193 3182 1249; x_wconf 82' lang='lat' dir='ltr'><strong>exilis</strong></span> <span class='ocrx_word' id='word_1_162' title='bbox 3207 1210 3393 1250; x_wconf 85' lang='lat' dir='ltr'><strong>sermo</strong></span> <span class='ocrx_word' id='word_1_163' title='bbox 3426 1211 3494 1250; x_wconf 81' lang='lat' dir='ltr'><strong>ex</strong></span> <span class='ocrx_word' id='word_1_164' title='bbox 3523 1195 3705 1249; x_wconf 82' lang='lat' dir='ltr'><strong>tenui-</strong></span> 
     </span>
    </p>
   </div>
   <div class='ocr_carea' id='block_1_26' title="bbox 2117 1286 3704 1357">
    <p class='ocr_par' dir='ltr' id='par_1_26' title="bbox 2117 1286 3704 1357">
     <span class='ocr_line' id='line_1_26' title="bbox 2117 1286 3704 1357; baseline 0.001 -17"><span class='ocrx_word' id='word_1_165' title='bbox 2117 1294 2229 1342; x_wconf 89' lang='lat' dir='ltr'><strong>tate</strong></span> <span class='ocrx_word' id='word_1_166' title='bbox 2266 1295 2379 1340; x_wconf 89' lang='lat' dir='ltr'><strong>tum</strong></span> <span class='ocrx_word' id='word_1_167' title='bbox 2413 1286 2648 1352; x_wconf 89' lang='lat' dir='ltr'><strong>mentis,</strong></span> <span class='ocrx_word' id='word_1_168' title='bbox 2703 1295 2817 1340; x_wconf 90' lang='lat' dir='ltr'><strong>tum</strong></span> <span class='ocrx_word' id='word_1_169' title='bbox 2875 1286 3075 1356; x_wconf 81' lang='lat' dir='ltr'><strong>lingua:</strong></span> <span class='ocrx_word' id='word_1_170' title='bbox 3128 1287 3411 1357; x_wconf 80' lang='lat' dir='ltr'><strong>profectus</strong></span> <span class='ocrx_word' id='word_1_171' title='bbox 3468 1288 3704 1343; x_wconf 82' lang='lat' dir='ltr'><strong>suadere</strong></span> 
     </span>
    </p>
   </div>
   <div class='ocr_carea' id='block_1_27' title="bbox 2117 1375 2363 1447">
    <p class='ocr_par' dir='ltr' id='par_1_27' title="bbox 2117 1375 2363 1447">
     <span class='ocr_line' id='line_1_27' title="bbox 2117 1375 2363 1447; baseline -0.008 -16"><span class='ocrx_word' id='word_1_172' title='bbox 2117 1375 2363 1447; x_wconf 88' lang='lat' dir='ltr'><strong>poterit?</strong></span> 
     </span>
    </p>
   </div>
   <div class='ocr_carea' id='block_1_28' title="bbox 2188 1469 3710 1541">
    <p class='ocr_par' dir='ltr' id='par_1_28' title="bbox 2188 1469 3710 1541">
     <span class='ocr_line' id='line_1_28' title="bbox 2188 1469 3710 1541; baseline 0.001 -16"><span class='ocrx_word' id='word_1_173' title='bbox 2188 1469 2367 1526; x_wconf 78' lang='lat' dir='ltr'><strong>Jussis</strong></span> <span class='ocrx_word' id='word_1_174' title='bbox 2420 1479 2603 1524; x_wconf 89' lang='lat' dir='ltr'><strong>tamen</strong></span> <span class='ocrx_word' id='word_1_175' title='bbox 2641 1470 2928 1526; x_wconf 90' lang='lat' dir='ltr'><strong>benevolis</strong></span> <span class='ocrx_word' id='word_1_176' title='bbox 2954 1511 2970 1537; x_wconf 92' lang='lat'><strong>,</strong></span> <span class='ocrx_word' id='word_1_177' title='bbox 3005 1471 3110 1527; x_wconf 91' lang='lat' dir='ltr'><strong>etsi</strong></span> <span class='ocrx_word' id='word_1_178' title='bbox 3145 1487 3254 1526; x_wconf 89' lang='lat' dir='ltr'><strong>non</strong></span> <span class='ocrx_word' id='word_1_179' title='bbox 3310 1471 3470 1541; x_wconf 88' lang='lat' dir='ltr'><strong>prius</strong></span> <span class='ocrx_word' id='word_1_180' title='bbox 3497 1511 3511 1535; x_wconf 95' lang='lat'><strong>,</strong></span> <span class='ocrx_word' id='word_1_181' title='bbox 3558 1487 3710 1528; x_wconf 90' lang='lat' dir='ltr'><strong>nunc</strong></span> 
     </span>
    </p>
   </div>
   <div class='ocr_carea' id='block_1_29' title="bbox 2121 1563 3712 1636">
    <p class='ocr_par' dir='ltr' id='par_1_29' title="bbox 2121 1563 3712 1636">
     <span class='ocr_line' id='line_1_29' title="bbox 2121 1563 3712 1636; baseline 0.001 -18"><span class='ocrx_word' id='word_1_182' title='bbox 2121 1563 2344 1619; x_wconf 87' lang='lat' dir='ltr'><strong>tandem</strong></span> <span class='ocrx_word' id='word_1_183' title='bbox 2372 1578 2568 1634; x_wconf 90' lang='lat' dir='ltr'><strong>parere</strong></span> <span class='ocrx_word' id='word_1_184' title='bbox 2597 1563 2984 1630; x_wconf 89' lang='lat' dir='ltr'><strong>decrevimus;</strong></span> <span class='ocrx_word' id='word_1_185' title='bbox 3009 1580 3119 1619; x_wconf 89' lang='lat' dir='ltr'><strong>non</strong></span> <span class='ocrx_word' id='word_1_186' title='bbox 3141 1565 3290 1619; x_wconf 91' lang='lat' dir='ltr'><strong>enim</strong></span> <span class='ocrx_word' id='word_1_187' title='bbox 3318 1565 3607 1636; x_wconf 86' lang='lat' dir='ltr'><strong>jusserunt</strong></span> <span class='ocrx_word' id='word_1_188' title='bbox 3649 1571 3712 1620; x_wconf 87' lang='lat' dir='ltr'><strong>ut</strong></span> 
     </span>
    </p>
   </div>
   <div class='ocr_carea' id='block_1_30' title="bbox 2122 1657 3708 1727">
    <p class='ocr_par' dir='ltr' id='par_1_30' title="bbox 2122 1657 3708 1727">
     <span class='ocr_line' id='line_1_30' title="bbox 2122 1657 3708 1727; baseline 0 -15"><span class='ocrx_word' id='word_1_189' title='bbox 2122 1673 2314 1712; x_wconf 90' lang='lat' dir='ltr'><strong>eorum</strong></span> <span class='ocrx_word' id='word_1_190' title='bbox 2343 1657 2438 1727; x_wconf 88' lang='lat' dir='ltr'><strong>qui</strong></span> <span class='ocrx_word' id='word_1_191' title='bbox 2469 1657 2683 1712; x_wconf 88' lang='lat' dir='ltr'><strong>robusti</strong></span> <span class='ocrx_word' id='word_1_192' title='bbox 2720 1665 2850 1712; x_wconf 92' lang='lat' dir='ltr'><strong>sunt</strong></span> <span class='ocrx_word' id='word_1_193' title='bbox 2879 1665 2935 1712; x_wconf 92' lang='lat' dir='ltr'><strong>et</strong></span> <span class='ocrx_word' id='word_1_194' title='bbox 2958 1669 3110 1712; x_wconf 85' lang='lat' dir='ltr'><strong>recte</strong></span> <span class='ocrx_word' id='word_1_195' title='bbox 3135 1658 3338 1722; x_wconf 87' lang='lat' dir='ltr'><strong>valent,</strong></span> <span class='ocrx_word' id='word_1_196' title='bbox 3379 1672 3570 1712; x_wconf 91' lang='lat' dir='ltr'><strong>curam</strong></span> <span class='ocrx_word' id='word_1_197' title='bbox 3606 1657 3708 1712; x_wconf 90' lang='lat' dir='ltr'><strong>ha-</strong></span> 
     </span>
    </p>
   </div>
   <div class='ocr_carea' id='block_1_31' title="bbox 2125 1748 3711 1820">
    <p class='ocr_par' dir='ltr' id='par_1_31' title="bbox 2125 1748 3711 1820">
     <span class='ocr_line' id='line_1_31' title="bbox 2125 1748 3711 1820; baseline -0.001 -17"><span class='ocrx_word' id='word_1_198' title='bbox 2125 1749 2407 1804; x_wconf 88' lang='lat' dir='ltr'><strong>beremus.</strong></span> <span class='ocrx_word' id='word_1_199' title='bbox 2444 1748 2580 1804; x_wconf 88' lang='lat' dir='ltr'><strong>Tres</strong></span> <span class='ocrx_word' id='word_1_200' title='bbox 2615 1749 2802 1818; x_wconf 87' lang='lat' dir='ltr'><strong>itaque</strong></span> <span class='ocrx_word' id='word_1_201' title='bbox 2836 1749 3012 1803; x_wconf 80' lang='lat' dir='ltr'><strong>libros</strong></span> <span class='ocrx_word' id='word_1_202' title='bbox 3045 1749 3372 1819; x_wconf 89' lang='lat' dir='ltr'><strong>scripsimus</strong></span> <span class='ocrx_word' id='word_1_203' title='bbox 3399 1788 3414 1811; x_wconf 92' lang='lat'><strong>,</strong></span> <span class='ocrx_word' id='word_1_204' title='bbox 3466 1763 3711 1820; x_wconf 75' lang='lat' dir='ltr'><strong>qqorum</strong></span> 
     </span>
    </p>
   </div>
   <div class='ocr_carea' id='block_1_32' title="bbox 2126 1840 3717 1912">
    <p class='ocr_par' dir='ltr' id='par_1_32' title="bbox 2126 1840 3717 1912">
     <span class='ocr_line' id='line_1_32' title="bbox 2126 1840 3717 1912; baseline 0.001 -18"><span class='ocrx_word' id='word_1_205' title='bbox 2126 1842 2340 1912; x_wconf 88' lang='lat' dir='ltr'><strong>prinms</strong></span> <span class='ocrx_word' id='word_1_206' title='bbox 2370 1842 2662 1897; x_wconf 78' lang='lat' dir='ltr'><strong>contraria:</strong></span> <span class='ocrx_word' id='word_1_207' title='bbox 2685 1841 2878 1896; x_wconf 81' lang='lat' dir='ltr'><strong>etfalsi</strong></span> <span class='ocrx_word' id='word_1_208' title='bbox 2897 1841 3137 1896; x_wconf 91' lang='lat' dir='ltr'><strong>nominis</strong></span> <span class='ocrx_word' id='word_1_209' title='bbox 3165 1841 3436 1906; x_wconf 67' lang='lat' dir='ltr'><strong>scientim,</strong></span> <span class='ocrx_word' id='word_1_210' title='bbox 3472 1840 3717 1897; x_wconf 85' lang='lat' dir='ltr'><strong>Nestorii</strong></span> 
     </span>
    </p>
   </div>
   <div class='ocr_carea' id='block_1_33' title="bbox 424 1922 2028 2005">
    <p class='ocr_par' dir='ltr' id='par_1_33' title="bbox 424 1931 2024 2005">
     <span class='ocr_line' id='line_1_33' title="bbox 424 1931 2024 2005; baseline 0.002 -19"><span class='ocrx_word' id='word_1_211' title='bbox 424 1932 522 1986; x_wconf 66' lang='grc' dir='ltr'><strong>καλ⁸</strong></span> <span class='ocrx_word' id='word_1_212' title='bbox 552 1931 913 2005; x_wconf 83' lang='grc' dir='ltr'>ψευδωνύμου</span> <span class='ocrx_word' id='word_1_213' title='bbox 966 1933 1227 2004; x_wconf 79' lang='grc' dir='ltr'>γνώσεως</span> <span class='ocrx_word' id='word_1_214' title='bbox 1269 1935 1568 2004; x_wconf 86' lang='grc' dir='ltr'>Νεστορίου</span> <span class='ocrx_word' id='word_1_215' title='bbox 1614 1951 1674 1989; x_wconf 89' lang='grc' dir='ltr'><strong>τε</strong></span> <span class='ocrx_word' id='word_1_216' title='bbox 1713 1935 1809 1990; x_wconf 56' lang='grc' dir='ltr'><strong>καὶ¹</strong></span> <span class='ocrx_word' id='word_1_217' title='bbox 1848 1937 2024 1989; x_wconf 75' lang='grc' dir='ltr'>Εὐτυ-</span> 
     </span>
    </p>
   </div>
   <div class='ocr_carea' id='block_1_34' title="bbox 2131 1922 3712 2005">
    <p class='ocr_par' dir='ltr' id='par_1_34' title="bbox 2131 1931 3712 2005">
     <span class='ocr_line' id='line_1_34' title="bbox 2131 1931 3712 2005; baseline 0 -17"><span class='ocrx_word' id='word_1_218' title='bbox 2131 1933 2467 2005; x_wconf 83' lang='lat' dir='ltr'><strong>etEutychis</strong></span> <span class='ocrx_word' id='word_1_219' title='bbox 2496 1934 2714 2005; x_wconf 85' lang='lat' dir='ltr'><strong>objecta</strong></span> <span class='ocrx_word' id='word_1_220' title='bbox 2744 1942 2799 1988; x_wconf 92' lang='lat' dir='ltr'><strong>et</strong></span> <span class='ocrx_word' id='word_1_221' title='bbox 2828 1933 3083 2004; x_wconf 88' lang='lat' dir='ltr'><strong>opposita</strong></span> <span class='ocrx_word' id='word_1_222' title='bbox 3104 1932 3422 1987; x_wconf 88' lang='lat' dir='ltr'><strong>summatim</strong></span> <span class='ocrx_word' id='word_1_223' title='bbox 3441 1931 3712 1997; x_wconf 86' lang='lat' dir='ltr'><strong>continet,</strong></span> 
     </span>
    </p>
   </div>
   <div class='ocr_carea' id='block_1_35' title="bbox 415 2025 2025 2101">
    <p class='ocr_par' dir='ltr' id='par_1_35' title="bbox 415 2025 2025 2101">
     <span class='ocr_line' id='line_1_35' title="bbox 415 2025 2025 2101; baseline 0.003 -24"><span class='ocrx_word' id='word_1_224' title='bbox 415 2042 551 2094; x_wconf 90' lang='grc' dir='ltr'>χους</span> <span class='ocrx_word' id='word_1_225' title='bbox 585 2025 644 2078; x_wconf 88' lang='grc' dir='ltr'>ἐν</span> <span class='ocrx_word' id='word_1_226' title='bbox 669 2025 857 2098; x_wconf 74' lang='grc' dir='ltr'>ταύτῷ</span> <span class='ocrx_word' id='word_1_227' title='bbox 888 2027 988 2092; x_wconf 85' lang='grc' dir='ltr'>τὰς</span> <span class='ocrx_word' id='word_1_228' title='bbox 1023 2027 1415 2100; x_wconf 77' lang='grc' dir='ltr'>ἀνθυποφορὰς</span> <span class='ocrx_word' id='word_1_229' title='bbox 1442 2031 1535 2083; x_wconf 71' lang='grc' dir='ltr'><strong>καὶ</strong></span> <span class='ocrx_word' id='word_1_230' title='bbox 1563 2028 1664 2093; x_wconf 82' lang='grc' dir='ltr'>τὰς</span> <span class='ocrx_word' id='word_1_231' title='bbox 1699 2029 2025 2101; x_wconf 77' lang='grc' dir='ltr'>ὑπαπαντή-</span> 
     </span>
    </p>
   </div>
   <div class='ocr_carea' id='block_1_36' title="bbox 419 2116 2025 2192">
    <p class='ocr_par' dir='ltr' id='par_1_36' title="bbox 419 2116 2025 2192">
     <span class='ocr_line' id='line_1_36' title="bbox 419 2116 2025 2192; baseline 0.006 -25"><span class='ocrx_word' id='word_1_232' title='bbox 419 2130 539 2178; x_wconf 86' lang='grc' dir='ltr'>σεις</span> <span class='ocrx_word' id='word_1_233' title='bbox 568 2116 969 2187; x_wconf 81' lang='grc' dir='ltr'>κεφαλαιωδῶς</span> <span class='ocrx_word' id='word_1_234' title='bbox 1005 2119 1278 2191; x_wconf 82' lang='grc' dir='ltr'>περιέχει,</span> <span class='ocrx_word' id='word_1_235' title='bbox 1317 2121 1503 2190; x_wconf 89' lang='grc' dir='ltr'>σχεδόν</span> <span class='ocrx_word' id='word_1_236' title='bbox 1531 2138 1584 2174; x_wconf 89' lang='grc' dir='ltr'><strong>τι</strong></span> <span class='ocrx_word' id='word_1_237' title='bbox 1617 2122 1676 2174; x_wconf 88' lang='grc' dir='ltr'><strong>ἐν</strong></span> <span class='ocrx_word' id='word_1_238' title='bbox 1699 2121 1905 2192; x_wconf 84' lang='grc' dir='ltr'>ὀλίγοις</span> <span class='ocrx_word' id='word_1_239' title='bbox 1925 2123 2025 2186; x_wconf 78' lang='grc' dir='ltr'><strong>τὰς</strong></span> 
     </span>
    </p>
   </div>
   <div class='ocr_carea' id='block_1_37' title="bbox 418 2206 2023 2287">
    <p class='ocr_par' dir='ltr' id='par_1_37' title="bbox 418 2206 2023 2287">
     <span class='ocr_line' id='line_1_37' title="bbox 418 2206 2023 2287; baseline 0.005 -25"><span class='ocrx_word' id='word_1_240' title='bbox 418 2206 607 2274; x_wconf 87' lang='grc' dir='ltr'>πάσας</span> <span class='ocrx_word' id='word_1_241' title='bbox 654 2210 839 2265; x_wconf 82' lang='grc' dir='ltr'>αὐτῶν</span> <span class='ocrx_word' id='word_1_242' title='bbox 886 2212 1216 2284; x_wconf 89' lang='grc' dir='ltr'>περικλείων</span> <span class='ocrx_word' id='word_1_243' title='bbox 1260 2214 1666 2287; x_wconf 78' lang='grc' dir='ltr'>ἐπαπορήσεις’</span> <span class='ocrx_word' id='word_1_244' title='bbox 1707 2216 1802 2269; x_wconf 71' lang='grc' dir='ltr'><strong>ἐπὶ</strong></span> <span class='ocrx_word' id='word_1_245' title='bbox 1848 2232 2023 2286; x_wconf 86' lang='grc' dir='ltr'>κεφα-</span> 
     </span>
    </p>
   </div>
   <div class='ocr_carea' id='block_1_38' title="bbox 418 2300 2028 2379">
    <p class='ocr_par' dir='ltr' id='par_1_38' title="bbox 418 2300 2028 2379">
     <span class='ocr_line' id='line_1_38' title="bbox 418 2300 2028 2379; baseline 0.006 -26"><span class='ocrx_word' id='word_1_246' title='bbox 418 2300 591 2356; x_wconf 92' lang='grc' dir='ltr'>λαίων</span> <span class='ocrx_word' id='word_1_247' title='bbox 643 2302 701 2356; x_wconf 85' lang='grc' dir='ltr'><strong>δέ</strong></span> <span class='ocrx_word' id='word_1_248' title='bbox 735 2303 828 2358; x_wconf 77' lang='grc' dir='ltr'><strong>τὸι⁸</strong></span> <span class='ocrx_word' id='word_1_249' title='bbox 859 2304 1024 2358; x_wconf 82' lang='grc' dir='ltr'>αὐτὸν</span> <span class='ocrx_word' id='word_1_250' title='bbox 1058 2306 1412 2376; x_wconf 84' lang='grc' dir='ltr'>πεποιήμεθα</span> <span class='ocrx_word' id='word_1_251' title='bbox 1457 2307 1638 2376; x_wconf 88' lang='grc' dir='ltr'>λόγον,</span> <span class='ocrx_word' id='word_1_252' title='bbox 1666 2309 1903 2362; x_wconf 80' lang='grc' dir='ltr'>ἑκάστου</span> <span class='ocrx_word' id='word_1_253' title='bbox 1933 2309 2028 2379; x_wconf 85' lang='grc' dir='ltr'>δη-</span> 
     </span>
    </p>
   </div>
   <div class='ocr_carea' id='block_1_39' title="bbox 417 2391 2020 2470">
    <p class='ocr_par' dir='ltr' id='par_1_39' title="bbox 417 2391 2020 2470">
     <span class='ocr_line' id='line_1_39' title="bbox 417 2391 2020 2470; baseline 0.005 -25"><span class='ocrx_word' id='word_1_254' title='bbox 417 2391 556 2463; x_wconf 81' lang='grc' dir='ltr'>λαδὴ</span> <span class='ocrx_word' id='word_1_255' title='bbox 579 2395 905 2465; x_wconf 72' lang='grc' dir='ltr'>κεφαλαίου,</span> <span class='ocrx_word' id='word_1_256' title='bbox 945 2397 1015 2450; x_wconf 85' lang='grc' dir='ltr'><strong>τά</strong></span> <span class='ocrx_word' id='word_1_257' title='bbox 1046 2397 1136 2450; x_wconf 78' lang='grc' dir='ltr'>ὑπ’</span> <span class='ocrx_word' id='word_1_258' title='bbox 1167 2397 1303 2451; x_wconf 78' lang='grc' dir='ltr'>αὐτὸ</span> <span class='ocrx_word' id='word_1_259' title='bbox 1338 2395 1713 2470; x_wconf 77' lang='grc' dir='ltr'>ἀναφέρεσθαι</span> <span class='ocrx_word' id='word_1_260' title='bbox 1743 2399 2020 2470; x_wconf 87' lang='grc' dir='ltr'>δυνάμενα</span> 
     </span>
    </p>
   </div>
   <div class='ocr_carea' id='block_1_40' title="bbox 422 2483 2016 2562">
    <p class='ocr_par' dir='ltr' id='par_1_40' title="bbox 422 2483 2016 2562">
     <span class='ocr_line' id='line_1_40' title="bbox 422 2483 2016 2562; baseline 0.005 -26"><span class='ocrx_word' id='word_1_261' title='bbox 422 2483 794 2556; x_wconf 83' lang='grc' dir='ltr'>περιέχοντος.</span> <span class='ocrx_word' id='word_1_262' title='bbox 836 2486 901 2541; x_wconf 86' lang='lat' dir='ltr'><strong>&#39;H</strong></span> <span class='ocrx_word' id='word_1_263' title='bbox 933 2486 990 2540; x_wconf 85' lang='grc' dir='ltr'><strong>δέ</strong></span> <span class='ocrx_word' id='word_1_264' title='bbox 1020 2487 1307 2561; x_wconf 80' lang='grc' dir='ltr'>ἐπιγραφὴ</span> <span class='ocrx_word' id='word_1_265' title='bbox 1362 2489 1500 2559; x_wconf 83' lang='grc' dir='ltr'>πρὸς</span> <span class='ocrx_word' id='word_1_266' title='bbox 1526 2489 1618 2545; x_wconf 87' lang='grc' dir='ltr'><strong>τδν</strong></span> <span class='ocrx_word' id='word_1_267' title='bbox 1650 2489 2016 2562; x_wconf 75' lang='grc' dir='ltr'>ὑποκείμενον</span> 
     </span>
    </p>
   </div>
   <div class='ocr_carea' id='block_1_41' title="bbox 405 2575 2014 2655">
    <p class='ocr_par' dir='ltr' id='par_1_41' title="bbox 405 2575 2014 2655">
     <span class='ocr_line' id='line_1_41' title="bbox 405 2575 2014 2655; baseline 0.006 -27"><span class='ocrx_word' id='word_1_268' title='bbox 405 2575 627 2631; x_wconf 81' lang='grc' dir='ltr'>σκοπὸν</span> <span class='ocrx_word' id='word_1_269' title='bbox 657 2577 891 2650; x_wconf 89' lang='grc' dir='ltr'>καιρίως</span> <span class='ocrx_word' id='word_1_270' title='bbox 915 2578 1182 2644; x_wconf 82' lang='grc' dir='ltr'>τέθειται,</span> <span class='ocrx_word' id='word_1_271' title='bbox 1214 2579 1318 2651; x_wconf 82' lang='grc' dir='ltr'>τῆς</span> <span class='ocrx_word' id='word_1_272' title='bbox 1351 2581 1492 2636; x_wconf 76' lang='grc' dir='ltr'>κατὰ</span> <span class='ocrx_word' id='word_1_273' title='bbox 1519 2581 1618 2654; x_wconf 78' lang='grc' dir='ltr'>τὴν</span> <span class='ocrx_word' id='word_1_274' title='bbox 1648 2580 1884 2655; x_wconf 88' lang='grc' dir='ltr'>θεότητα</span> <span class='ocrx_word' id='word_1_275' title='bbox 1918 2581 2014 2637; x_wconf 91' lang='grc' dir='ltr'><strong>τοῦ</strong></span> 
     </span>
    </p>
   </div>
   <div class='ocr_carea' id='block_1_42' title="bbox 420 2666 2019 2744">
    <p class='ocr_par' dir='ltr' id='par_1_42' title="bbox 420 2666 2019 2744">
     <span class='ocr_line' id='line_1_42' title="bbox 420 2666 2019 2744; baseline 0.006 -25"><span class='ocrx_word' id='word_1_276' title='bbox 420 2666 665 2737; x_wconf 82' lang='grc' dir='ltr'>Χριστοῦ</span> <span class='ocrx_word' id='word_1_277' title='bbox 692 2670 788 2722; x_wconf 74' lang='grc' dir='ltr'><strong>καὶ</strong></span> <span class='ocrx_word' id='word_1_278' title='bbox 814 2668 1214 2742; x_wconf 87' lang='grc' dir='ltr'>άνθρωπότητα</span> <span class='ocrx_word' id='word_1_279' title='bbox 1236 2671 1490 2735; x_wconf 82' lang='grc' dir='ltr'>ἐναντίας</span> <span class='ocrx_word' id='word_1_280' title='bbox 1515 2671 1795 2744; x_wconf 86' lang='grc' dir='ltr'>δοκήσεως</span> <span class='ocrx_word' id='word_1_281' title='bbox 1817 2674 2019 2728; x_wconf 89' lang='grc' dir='ltr'>Νεστο-</span> 
     </span>
    </p>
   </div>
   <div class='ocr_carea' id='block_1_43' title="bbox 423 2759 2018 2839">
    <p class='ocr_par' dir='ltr' id='par_1_43' title="bbox 423 2759 2018 2839">
     <span class='ocr_line' id='line_1_43' title="bbox 423 2759 2018 2839; baseline 0.006 -29"><span class='ocrx_word' id='word_1_282' title='bbox 423 2759 544 2829; x_wconf 81' lang='grc' dir='ltr'>ρίου</span> <span class='ocrx_word' id='word_1_283' title='bbox 571 2775 632 2812; x_wconf 88' lang='grc' dir='ltr'><strong>τε</strong></span> <span class='ocrx_word' id='word_1_284' title='bbox 661 2761 758 2814; x_wconf 83' lang='grc' dir='ltr'><strong>καὶ</strong></span> <span class='ocrx_word' id='word_1_285' title='bbox 783 2761 1084 2833; x_wconf 89' lang='grc' dir='ltr'>Εύτυχοῦς,</span> <span class='ocrx_word' id='word_1_286' title='bbox 1112 2761 1336 2834; x_wconf 79' lang='grc' dir='ltr'>ἐλεγχος</span> <span class='ocrx_word' id='word_1_287' title='bbox 1366 2764 1463 2818; x_wconf 69' lang='grc' dir='ltr'><strong>καὶ</strong></span> <span class='ocrx_word' id='word_1_288' title='bbox 1489 2765 1795 2838; x_wconf 83' lang='grc' dir='ltr'>άνατροπή·</span> <span class='ocrx_word' id='word_1_289' title='bbox 1830 2764 2018 2839; x_wconf 81' lang='grc' dir='ltr'>ἐπειδὴ</span> 
     </span>
    </p>
   </div>
   <div class='ocr_carea' id='block_1_44' title="bbox 2125 2023 3718 2095">
    <p class='ocr_par' dir='ltr' id='par_1_44' title="bbox 2125 2023 3718 2095">
     <span class='ocr_line' id='line_1_44' title="bbox 2125 2023 3718 2095; baseline -0.002 -15"><span class='ocrx_word' id='word_1_290' title='bbox 2125 2024 2318 2095; x_wconf 81' lang='lat' dir='ltr'><strong>paucis</strong></span> <span class='ocrx_word' id='word_1_291' title='bbox 2352 2040 2546 2080; x_wconf 88' lang='lat' dir='ltr'><strong>omnes</strong></span> <span class='ocrx_word' id='word_1_292' title='bbox 2583 2024 2702 2080; x_wconf 81' lang='lat' dir='ltr'><strong>fere</strong></span> <span class='ocrx_word' id='word_1_293' title='bbox 2731 2041 2923 2081; x_wconf 90' lang='lat' dir='ltr'><strong>eorum</strong></span> <span class='ocrx_word' id='word_1_294' title='bbox 2970 2023 3307 2094; x_wconf 77' lang='lat' dir='ltr'><strong>quaestiones</strong></span> <span class='ocrx_word' id='word_1_295' title='bbox 3348 2023 3718 2094; x_wconf 86' lang='lat' dir='ltr'><strong>comprehen-</strong></span> 
     </span>
    </p>
   </div>
   <div class='ocr_carea' id='block_1_45' title="bbox 2123 2115 3718 2190">
    <p class='ocr_par' dir='ltr' id='par_1_45' title="bbox 2123 2115 3718 2190">
     <span class='ocr_line' id='line_1_45' title="bbox 2123 2115 3718 2190; baseline -0.004 -15"><span class='ocrx_word' id='word_1_296' title='bbox 2123 2121 2284 2176; x_wconf 89' lang='lat' dir='ltr'><strong>dens.</strong></span> <span class='ocrx_word' id='word_1_297' title='bbox 2322 2119 2724 2190; x_wconf 87' lang='lat' dir='ltr'><strong>Distinguimus</strong></span> <span class='ocrx_word' id='word_1_298' title='bbox 2773 2127 2959 2174; x_wconf 90' lang='lat' dir='ltr'><strong>autem</strong></span> <span class='ocrx_word' id='word_1_299' title='bbox 2998 2117 3204 2172; x_wconf 91' lang='lat' dir='ltr'><strong>librum</strong></span> <span class='ocrx_word' id='word_1_300' title='bbox 3230 2117 3284 2170; x_wconf 92' lang='lat' dir='ltr'><strong>in</strong></span> <span class='ocrx_word' id='word_1_301' title='bbox 3309 2115 3510 2186; x_wconf 83' lang='lat' dir='ltr'><strong>capita,</strong></span> <span class='ocrx_word' id='word_1_302' title='bbox 3549 2115 3624 2169; x_wconf 89' lang='lat' dir='ltr'><strong>ita</strong></span> <span class='ocrx_word' id='word_1_303' title='bbox 3657 2121 3718 2168; x_wconf 92' lang='lat' dir='ltr'><strong>ut</strong></span> 
     </span>
    </p>
   </div>
   <div class='ocr_carea' id='block_1_46' title="bbox 2126 2209 3714 2284">
    <p class='ocr_par' dir='ltr' id='par_1_46' title="bbox 2126 2209 3714 2284">
     <span class='ocr_line' id='line_1_46' title="bbox 2126 2209 3714 2284; baseline -0.006 -15"><span class='ocrx_word' id='word_1_304' title='bbox 2126 2212 2562 2284; x_wconf 83' lang='lat' dir='ltr'><strong>unumquodque</strong></span> <span class='ocrx_word' id='word_1_305' title='bbox 2593 2220 2760 2282; x_wconf 89' lang='lat' dir='ltr'><strong>caput</strong></span> <span class='ocrx_word' id='word_1_306' title='bbox 2785 2227 2847 2266; x_wconf 91' lang='lat' dir='ltr'><strong>ea</strong></span> <span class='ocrx_word' id='word_1_307' title='bbox 2903 2210 3214 2265; x_wconf 83' lang='lat' dir='ltr'><strong>contineret</strong></span> <span class='ocrx_word' id='word_1_308' title='bbox 3262 2225 3385 2280; x_wconf 83' lang='lat' dir='ltr'><strong>qua:</strong></span> <span class='ocrx_word' id='word_1_309' title='bbox 3427 2209 3497 2263; x_wconf 90' lang='lat' dir='ltr'><strong>ad</strong></span> <span class='ocrx_word' id='word_1_310' title='bbox 3535 2209 3714 2278; x_wconf 89' lang='lat' dir='ltr'><strong>ipsum</strong></span> 
     </span>
    </p>
   </div>
   <div class='ocr_carea' id='block_1_47' title="bbox 2125 2301 3716 2375">
    <p class='ocr_par' dir='ltr' id='par_1_47' title="bbox 2125 2301 3716 2375">
     <span class='ocr_line' id='line_1_47' title="bbox 2125 2301 3716 2375; baseline -0.003 -17"><span class='ocrx_word' id='word_1_311' title='bbox 2125 2305 2324 2360; x_wconf 80' lang='lat' dir='ltr'><strong>referri</strong></span> <span class='ocrx_word' id='word_1_312' title='bbox 2351 2313 2628 2375; x_wconf 84' lang='lat' dir='ltr'><strong>poterant.</strong></span> <span class='ocrx_word' id='word_1_313' title='bbox 2666 2303 2962 2372; x_wconf 89' lang='lat' dir='ltr'><strong>Inscriptio</strong></span> <span class='ocrx_word' id='word_1_314' title='bbox 2991 2312 3177 2357; x_wconf 88' lang='lat' dir='ltr'><strong>autem</strong></span> <span class='ocrx_word' id='word_1_315' title='bbox 3212 2303 3380 2373; x_wconf 88' lang='lat' dir='ltr'><strong>hujus</strong></span> <span class='ocrx_word' id='word_1_316' title='bbox 3436 2301 3568 2355; x_wconf 90' lang='lat' dir='ltr'><strong>libri</strong></span> <span class='ocrx_word' id='word_1_317' title='bbox 3621 2317 3716 2354; x_wconf 85' lang='lat' dir='ltr'><strong>ac-</strong></span> 
     </span>
    </p>
   </div>
   <div class='ocr_carea' id='block_1_48' title="bbox 2131 2391 3718 2466">
    <p class='ocr_par' dir='ltr' id='par_1_48' title="bbox 2131 2391 3718 2466">
     <span class='ocr_line' id='line_1_48' title="bbox 2131 2391 3718 2466; baseline -0.004 -13"><span class='ocrx_word' id='word_1_318' title='bbox 2131 2397 2477 2454; x_wconf 88' lang='lat' dir='ltr'><strong>commodata</strong></span> <span class='ocrx_word' id='word_1_319' title='bbox 2503 2396 2570 2451; x_wconf 90' lang='lat' dir='ltr'><strong>ad</strong></span> <span class='ocrx_word' id='word_1_320' title='bbox 2610 2397 2948 2466; x_wconf 82' lang='lat' dir='ltr'><strong>propositam</strong></span> <span class='ocrx_word' id='word_1_321' title='bbox 2987 2411 3102 2449; x_wconf 87' lang='lat' dir='ltr'><strong>rem</strong></span> <span class='ocrx_word' id='word_1_322' title='bbox 3134 2396 3438 2465; x_wconf 89' lang='lat' dir='ltr'><strong>subjectam</strong></span> <span class='ocrx_word' id='word_1_323' title='bbox 3466 2391 3718 2447; x_wconf 90' lang='lat' dir='ltr'><strong>adhibita</strong></span> 
     </span>
    </p>
   </div>
   <div class='ocr_carea' id='block_1_49' title="bbox 2125 2481 3721 2558">
    <p class='ocr_par' dir='ltr' id='par_1_49' title="bbox 2125 2481 3721 2558">
     <span class='ocr_line' id='line_1_49' title="bbox 2125 2481 3721 2558; baseline -0.006 -12"><span class='ocrx_word' id='word_1_324' title='bbox 2125 2501 2231 2558; x_wconf 89' lang='lat' dir='ltr'><strong>est,</strong></span> <span class='ocrx_word' id='word_1_325' title='bbox 2269 2490 2563 2545; x_wconf 78' lang='lat' dir='ltr'><strong>contraria:</strong></span> <span class='ocrx_word' id='word_1_326' title='bbox 2585 2487 2731 2543; x_wconf 90' lang='lat' dir='ltr'><strong>inter</strong></span> <span class='ocrx_word' id='word_1_327' title='bbox 2759 2504 2816 2542; x_wconf 91' lang='lat' dir='ltr'><strong>se</strong></span> <span class='ocrx_word' id='word_1_328' title='bbox 2844 2487 3083 2542; x_wconf 92' lang='lat' dir='ltr'><strong>ﬁctionis</strong></span> <span class='ocrx_word' id='word_1_329' title='bbox 3113 2487 3353 2542; x_wconf 85' lang='lat' dir='ltr'><strong>Nestorii</strong></span> <span class='ocrx_word' id='word_1_330' title='bbox 3378 2493 3434 2540; x_wconf 94' lang='lat' dir='ltr'><strong>et</strong></span> <span class='ocrx_word' id='word_1_331' title='bbox 3453 2481 3721 2556; x_wconf 84' lang='lat' dir='ltr'><strong>Eutychis</strong></span> 
     </span>
    </p>
   </div>
   <div class='ocr_carea' id='block_1_50' title="bbox 2125 2573 3719 2637">
    <p class='ocr_par' dir='ltr' id='par_1_50' title="bbox 2125 2573 3719 2637">
     <span class='ocr_line' id='line_1_50' title="bbox 2125 2573 3719 2637; baseline -0.006 -2"><span class='ocrx_word' id='word_1_332' title='bbox 2125 2580 2272 2636; x_wconf 90' lang='lat' dir='ltr'><strong>circa</strong></span> <span class='ocrx_word' id='word_1_333' title='bbox 2287 2578 2632 2635; x_wconf 88' lang='lat' dir='ltr'><strong>divinitatem</strong></span> <span class='ocrx_word' id='word_1_334' title='bbox 2651 2593 2715 2632; x_wconf 89' lang='lat' dir='ltr'><strong>ac</strong></span> <span class='ocrx_word' id='word_1_335' title='bbox 2740 2577 3140 2631; x_wconf 87' lang='lat' dir='ltr'><strong>humanitatem</strong></span> <span class='ocrx_word' id='word_1_336' title='bbox 3168 2576 3373 2632; x_wconf 88' lang='lat' dir='ltr'><strong>Christi</strong></span> <span class='ocrx_word' id='word_1_337' title='bbox 3389 2573 3719 2637; x_wconf 79' lang='lat' dir='ltr'><strong>eonfutatio,</strong></span> 
     </span>
    </p>
   </div>
   <div class='ocr_carea' id='block_1_51' title="bbox 2127 2664 3724 2742">
    <p class='ocr_par' dir='ltr' id='par_1_51' title="bbox 2127 2664 3724 2742">
     <span class='ocr_line' id='line_1_51' title="bbox 2127 2664 3724 2742; baseline -0.006 -16"><span class='ocrx_word' id='word_1_338' title='bbox 2127 2673 2256 2742; x_wconf 86' lang='lat' dir='ltr'><strong>quia</strong></span> <span class='ocrx_word' id='word_1_339' title='bbox 2291 2672 2432 2728; x_wconf 89' lang='lat' dir='ltr'><strong>alter</strong></span> <span class='ocrx_word' id='word_1_340' title='bbox 2479 2670 2849 2734; x_wconf 85' lang='lat' dir='ltr'><strong>divinitatem,</strong></span> <span class='ocrx_word' id='word_1_341' title='bbox 2871 2669 3012 2723; x_wconf 90' lang='lat' dir='ltr'><strong>alter</strong></span> <span class='ocrx_word' id='word_1_342' title='bbox 3033 2669 3434 2723; x_wconf 85' lang='lat' dir='ltr'><strong>humanitatem</strong></span> <span class='ocrx_word' id='word_1_343' title='bbox 3455 2664 3724 2736; x_wconf 81' lang='lat' dir='ltr'><strong>speciosis</strong></span> 
     </span>
    </p>
   </div>
   <div class='ocr_carea' id='block_1_52' title="bbox 2129 2757 3720 2833">
    <p class='ocr_par' dir='ltr' id='par_1_52' title="bbox 2129 2757 3720 2833">
     <span class='ocr_line' id='line_1_52' title="bbox 2129 2757 3720 2833; baseline -0.007 -14"><span class='ocrx_word' id='word_1_344' title='bbox 2129 2765 2450 2820; x_wconf 89' lang='lat' dir='ltr'><strong>nominibus</strong></span> <span class='ocrx_word' id='word_1_345' title='bbox 2467 2763 2574 2829; x_wconf 90' lang='lat' dir='ltr'><strong>usi,</strong></span> <span class='ocrx_word' id='word_1_346' title='bbox 2593 2769 2654 2817; x_wconf 91' lang='lat' dir='ltr'><strong>ut</strong></span> <span class='ocrx_word' id='word_1_347' title='bbox 2678 2763 2901 2833; x_wconf 89' lang='lat' dir='ltr'><strong>utrique</strong></span> <span class='ocrx_word' id='word_1_348' title='bbox 2921 2761 3100 2817; x_wconf 77' lang='lat' dir='ltr'><strong>visum</strong></span> <span class='ocrx_word' id='word_1_349' title='bbox 3130 2769 3235 2826; x_wconf 90' lang='lat' dir='ltr'><strong>est,</strong></span> <span class='ocrx_word' id='word_1_350' title='bbox 3262 2761 3446 2816; x_wconf 89' lang='lat' dir='ltr'><strong>ﬁctam</strong></span> <span class='ocrx_word' id='word_1_351' title='bbox 3470 2757 3720 2814; x_wconf 89' lang='lat' dir='ltr'><strong>tradunt.</strong></span> 
     </span>
    </p>
   </div>
   <div class='ocr_carea' id='block_1_53' title="bbox 421 2848 3724 2930">
    <p class='ocr_par' dir='ltr' id='par_1_53' title="bbox 421 2848 3724 2930">
     <span class='ocr_line' id='line_1_53' title="bbox 421 2848 3724 2930; baseline 0 -28"><span class='ocrx_word' id='word_1_352' title='bbox 421 2850 452 2902; x_wconf 97' lang='lat'><strong>6</strong></span> <span class='ocrx_word' id='word_1_353' title='bbox 478 2848 578 2918; x_wconf 83' lang='grc' dir='ltr'>μὲν</span> <span class='ocrx_word' id='word_1_354' title='bbox 605 2851 707 2922; x_wconf 84' lang='grc' dir='ltr'>τὴν</span> <span class='ocrx_word' id='word_1_355' title='bbox 737 2851 971 2925; x_wconf 85' lang='grc' dir='ltr'>θεότητα</span> <span class='ocrx_word' id='word_1_356' title='bbox 1009 2852 1254 2926; x_wconf 82' lang='grc' dir='ltr'>δοκήσει,</span> <span class='ocrx_word' id='word_1_357' title='bbox 1285 2857 1313 2910; x_wconf 91' lang='lat'><strong>6</strong></span> <span class='ocrx_word' id='word_1_358' title='bbox 1338 2855 1396 2910; x_wconf 78' lang='grc' dir='ltr'>δὲ</span> <span class='ocrx_word' id='word_1_359' title='bbox 1442 2857 1544 2928; x_wconf 81' lang='grc' dir='ltr'>τὴν</span> <span class='ocrx_word' id='word_1_360' title='bbox 1584 2857 2007 2930; x_wconf 87' lang='grc' dir='ltr'>άνθρωπότητα,</span> <span class='ocrx_word' id='word_1_361' title='bbox 2050 2861 2193 2912; x_wconf 69' lang='grc' dir='ltr'>κατὰ</span> <span class='ocrx_word' id='word_1_362' title='bbox 2217 2856 2278 2910; x_wconf 83' lang='grc' dir='ltr'><strong>τὸ</strong></span> <span class='ocrx_word' id='word_1_363' title='bbox 2307 2857 2490 2921; x_wconf 77' lang='grc' dir='ltr'>αὐτοῖς</span> <span class='ocrx_word' id='word_1_364' title='bbox 2515 2855 2730 2923; x_wconf 82' lang='grc' dir='ltr'>δοκοῦν,</span> <span class='ocrx_word' id='word_1_365' title='bbox 2763 2856 2880 2928; x_wconf 86' lang='grc' dir='ltr'>μετ’</span> <span class='ocrx_word' id='word_1_366' title='bbox 2911 2854 3207 2926; x_wconf 83' lang='grc' dir='ltr'>εὐπρεπῶν</span> <span class='ocrx_word' id='word_1_367' title='bbox 3265 2853 3376 2907; x_wconf 89' lang='grc' dir='ltr'><strong>τῶν</strong></span> <span class='ocrx_word' id='word_1_368' title='bbox 3439 2852 3724 2907; x_wconf 74' lang='grc' dir='ltr'>ὀνομάτων</span> 
     </span>
    </p>
   </div>
   <div class='ocr_carea' id='block_1_54' title="bbox 423 2944 862 3015">
    <p class='ocr_par' dir='ltr' id='par_1_54' title="bbox 423 2944 862 3015">
     <span class='ocr_line' id='line_1_54' title="bbox 423 2944 862 3015; baseline 0.009 -17"><span class='ocrx_word' id='word_1_369' title='bbox 423 2944 862 3015; x_wconf 80' lang='grc' dir='ltr'>δογματίζουσιν.</span> 
     </span>
    </p>
   </div>
   <div class='ocr_carea' id='block_1_55' title="bbox 513 3033 2020 3114">
    <p class='ocr_par' dir='ltr' id='par_1_55' title="bbox 513 3033 2020 3114">
     <span class='ocr_line' id='line_1_55' title="bbox 513 3033 2020 3114; baseline 0.006 -26"><span class='ocrx_word' id='word_1_370' title='bbox 513 3035 570 3088; x_wconf 91' lang='lat'><strong>&#39;0</strong></span> <span class='ocrx_word' id='word_1_371' title='bbox 600 3033 657 3088; x_wconf 84' lang='grc' dir='ltr'>δὲ</span> <span class='ocrx_word' id='word_1_372' title='bbox 685 3034 940 3108; x_wconf 88' lang='grc' dir='ltr'>δεύτερος</span> <span class='ocrx_word' id='word_1_373' title='bbox 973 3037 1111 3109; x_wconf 79' lang='grc' dir='ltr'>πρὸς</span> <span class='ocrx_word' id='word_1_374' title='bbox 1130 3039 1258 3103; x_wconf 80' lang='grc' dir='ltr'>τοὺς</span> <span class='ocrx_word' id='word_1_375' title='bbox 1283 3039 1348 3094; x_wconf 82' lang='grc' dir='ltr'><strong>ἐκ</strong></span> <span class='ocrx_word' id='word_1_376' title='bbox 1377 3037 1488 3094; x_wconf 87' lang='grc' dir='ltr'><strong>τῶν</strong></span> <span class='ocrx_word' id='word_1_377' title='bbox 1517 3041 1806 3112; x_wconf 78' lang='grc' dir='ltr'>ἡμετέρων</span> <span class='ocrx_word' id='word_1_378' title='bbox 1845 3059 2020 3114; x_wconf 89' lang='grc' dir='ltr'>προσ-</span> 
     </span>
    </p>
   </div>
   <div class='ocr_carea' id='block_1_56' title="bbox 426 3128 2026 3206">
    <p class='ocr_par' dir='ltr' id='par_1_56' title="bbox 426 3128 2026 3206">
     <span class='ocr_line' id='line_1_56' title="bbox 426 3128 2026 3206; baseline 0.003 -23"><span class='ocrx_word' id='word_1_379' title='bbox 426 3128 692 3202; x_wconf 83' lang='grc' dir='ltr'>θεμένους</span> <span class='ocrx_word' id='word_1_380' title='bbox 719 3132 789 3201; x_wconf 81' lang='grc' dir='ltr'>τῇ</span> <span class='ocrx_word' id='word_1_381' title='bbox 824 3131 1258 3206; x_wconf 79' lang='grc' dir='ltr'>κατεφθαρμένῃ</span> <span class='ocrx_word' id='word_1_382' title='bbox 1291 3131 1473 3203; x_wconf 78' lang='grc' dir='ltr'>ἐννοίᾳ</span> <span class='ocrx_word' id='word_1_383' title='bbox 1511 3132 1619 3188; x_wconf 81' lang='grc' dir='ltr'><strong>τῶν</strong></span> <span class='ocrx_word' id='word_1_384' title='bbox 1662 3134 2026 3206; x_wconf 87' lang='grc' dir='ltr'>Ἀφθαρτοδο-</span> 
     </span>
    </p>
   </div>
   <div class='ocr_carea' id='block_1_57' title="bbox 431 3225 2026 3302">
    <p class='ocr_par' dir='ltr' id='par_1_57' title="bbox 431 3225 2026 3302">
     <span class='ocr_line' id='line_1_57' title="bbox 431 3225 2026 3302; baseline 0.004 -23"><span class='ocrx_word' id='word_1_385' title='bbox 431 3225 616 3298; x_wconf 85' lang='grc' dir='ltr'>κητῶν</span> <span class='ocrx_word' id='word_1_386' title='bbox 631 3226 1242 3293; x_wconf 75' lang='grc' dir='ltr'>ἀποτείνεταιοτούτους</span> <span class='ocrx_word' id='word_1_387' title='bbox 1270 3229 1378 3301; x_wconf 83' lang='grc' dir='ltr'>γὰρ</span> <span class='ocrx_word' id='word_1_388' title='bbox 1405 3230 1500 3285; x_wconf 74' lang='grc' dir='ltr'><strong>καὶ</strong></span> <span class='ocrx_word' id='word_1_389' title='bbox 1531 3231 1769 3302; x_wconf 89' lang='grc' dir='ltr'>μάλιστα</span> <span class='ocrx_word' id='word_1_390' title='bbox 1801 3231 2026 3297; x_wconf 85' lang='grc' dir='ltr'>δικαίως</span> 
     </span>
    </p>
   </div>
   <div class='ocr_carea' id='block_1_58' title="bbox 2201 3034 3724 3105">
    <p class='ocr_par' dir='ltr' id='par_1_58' title="bbox 2201 3034 3724 3105">
     <span class='ocr_line' id='line_1_58' title="bbox 2201 3034 3724 3105; baseline -0.001 -12"><span class='ocrx_word' id='word_1_391' title='bbox 2201 3036 2492 3094; x_wconf 87' lang='lat' dir='ltr'><strong>Secundus</strong></span> <span class='ocrx_word' id='word_1_392' title='bbox 2527 3035 2670 3091; x_wconf 91' lang='lat' dir='ltr'><strong>liber</strong></span> <span class='ocrx_word' id='word_1_393' title='bbox 2693 3043 2780 3091; x_wconf 91' lang='lat' dir='ltr'><strong>est</strong></span> <span class='ocrx_word' id='word_1_394' title='bbox 2827 3034 2882 3090; x_wconf 92' lang='lat' dir='ltr'><strong>in</strong></span> <span class='ocrx_word' id='word_1_395' title='bbox 2913 3050 3009 3090; x_wconf 89' lang='lat' dir='ltr'><strong>eos</strong></span> <span class='ocrx_word' id='word_1_396' title='bbox 3066 3050 3163 3105; x_wconf 84' lang='lat' dir='ltr'><strong>qut</strong></span> <span class='ocrx_word' id='word_1_397' title='bbox 3197 3050 3264 3090; x_wconf 83' lang='lat' dir='ltr'><strong>ex</strong></span> <span class='ocrx_word' id='word_1_398' title='bbox 3295 3035 3498 3090; x_wconf 90' lang='lat' dir='ltr'><strong>nostris</strong></span> <span class='ocrx_word' id='word_1_399' title='bbox 3533 3051 3724 3092; x_wconf 89' lang='lat' dir='ltr'><strong>acces-</strong></span> 
     </span>
    </p>
   </div>
   <div class='ocr_carea' id='block_1_59' title="bbox 2133 3125 3726 3196">
    <p class='ocr_par' dir='ltr' id='par_1_59' title="bbox 2133 3125 3726 3196">
     <span class='ocr_line' id='line_1_59' title="bbox 2133 3125 3726 3196; baseline -0.001 -14"><span class='ocrx_word' id='word_1_400' title='bbox 2133 3136 2326 3184; x_wconf 89' lang='lat' dir='ltr'><strong>serunt</strong></span> <span class='ocrx_word' id='word_1_401' title='bbox 2353 3126 2422 3181; x_wconf 88' lang='lat' dir='ltr'><strong>ad</strong></span> <span class='ocrx_word' id='word_1_402' title='bbox 2450 3134 2766 3195; x_wconf 84' lang='lat' dir='ltr'><strong>corruptam</strong></span> <span class='ocrx_word' id='word_1_403' title='bbox 2798 3125 3132 3180; x_wconf 89' lang='lat' dir='ltr'><strong>sententiam</strong></span> <span class='ocrx_word' id='word_1_404' title='bbox 3155 3139 3349 3180; x_wconf 91' lang='lat' dir='ltr'><strong>eorum</strong></span> <span class='ocrx_word' id='word_1_405' title='bbox 3398 3125 3494 3194; x_wconf 92' lang='lat' dir='ltr'><strong>qui</strong></span> <span class='ocrx_word' id='word_1_406' title='bbox 3520 3140 3726 3196; x_wconf 90' lang='lat' dir='ltr'><strong>corpus</strong></span> 
     </span>
    </p>
   </div>
   <div class='ocr_carea' id='block_1_60' title="bbox 2133 3219 3727 3292">
    <p class='ocr_par' dir='ltr' id='par_1_60' title="bbox 2133 3219 3727 3292">
     <span class='ocr_line' id='line_1_60' title="bbox 2133 3219 3727 3292; baseline -0.003 -13"><span class='ocrx_word' id='word_1_407' title='bbox 2133 3223 2340 3279; x_wconf 90' lang='lat' dir='ltr'><strong>Christi</strong></span> <span class='ocrx_word' id='word_1_408' title='bbox 2383 3221 2809 3292; x_wconf 88' lang='lat' dir='ltr'><strong>incorruptibile</strong></span> <span class='ocrx_word' id='word_1_409' title='bbox 2849 3229 2978 3274; x_wconf 89' lang='lat' dir='ltr'><strong>ante</strong></span> <span class='ocrx_word' id='word_1_410' title='bbox 3026 3220 3489 3274; x_wconf 88' lang='lat' dir='ltr'><strong>resurrectionem</strong></span> <span class='ocrx_word' id='word_1_411' title='bbox 3543 3219 3727 3275; x_wconf 85' lang='lat' dir='ltr'><strong>trade-</strong></span> 
     </span>
    </p>
   </div>
   <div class='ocr_carea' id='block_1_61' title="bbox 429 3307 2028 3393">
    <p class='ocr_par' dir='ltr' id='par_1_61' title="bbox 429 3317 2026 3393">
     <span class='ocr_line' id='line_1_61' title="bbox 429 3317 2026 3393; baseline 0.003 -19"><span class='ocrx_word' id='word_1_412' title='bbox 429 3317 498 3374; x_wconf 81' lang='grc' dir='ltr'><strong>ἄν</strong></span> <span class='ocrx_word' id='word_1_413' title='bbox 525 3336 612 3383; x_wconf 89' lang='grc' dir='ltr'><strong>τις</strong></span> <span class='ocrx_word' id='word_1_414' title='bbox 645 3318 943 3388; x_wconf 77' lang='grc' dir='ltr'>ἐλέγξειεν,</span> <span class='ocrx_word' id='word_1_415' title='bbox 992 3319 1260 3393; x_wconf 71' lang='grc' dir='ltr'>διαφορὰν</span> <span class='ocrx_word' id='word_1_416' title='bbox 1309 3322 1717 3392; x_wconf 82' lang='grc' dir='ltr'>ἐπισταμένους</span> <span class='ocrx_word' id='word_1_417' title='bbox 1755 3323 1852 3378; x_wconf 77' lang='grc' dir='ltr'>καὶ</span> <span class='ocrx_word' id='word_1_418' title='bbox 1899 3324 2026 3378; x_wconf 79' lang='grc' dir='ltr'>ίδιόο</span> 
     </span>
    </p>
   </div>
   <div class='ocr_carea' id='block_1_62' title="bbox 2131 3307 3728 3393">
    <p class='ocr_par' dir='ltr' id='par_1_62' title="bbox 2131 3311 3728 3386">
     <span class='ocr_line' id='line_1_62' title="bbox 2131 3311 3728 3386; baseline -0.003 -15"><span class='ocrx_word' id='word_1_419' title='bbox 2131 3315 2282 3381; x_wconf 84' lang='lat' dir='ltr'><strong>bant,</strong></span> <span class='ocrx_word' id='word_1_420' title='bbox 2311 3315 2406 3386; x_wconf 89' lang='lat' dir='ltr'><strong>qui</strong></span> <span class='ocrx_word' id='word_1_421' title='bbox 2433 3331 2502 3369; x_wconf 81' lang='lat' dir='ltr'><strong>ex</strong></span> <span class='ocrx_word' id='word_1_422' title='bbox 2521 3331 2588 3369; x_wconf 93' lang='lat' dir='ltr'><strong>co</strong></span> <span class='ocrx_word' id='word_1_423' title='bbox 2615 3312 2796 3368; x_wconf 85' lang='lat' dir='ltr'><strong>vocati</strong></span> <span class='ocrx_word' id='word_1_424' title='bbox 2827 3321 2955 3367; x_wconf 91' lang='lat' dir='ltr'><strong>sunt</strong></span> <span class='ocrx_word' id='word_1_425' title='bbox 2977 3311 3508 3382; x_wconf 81' lang='grc' dir='ltr'>Ἀφθαρτοδοκῆται.</span> <span class='ocrx_word' id='word_1_426' title='bbox 3528 3311 3728 3367; x_wconf 82' lang='lat' dir='ltr'><strong>Justis-</strong></span> 
     </span>
    </p>
   </div>
   <div class='ocr_carea' id='block_1_63' title="bbox 432 3411 2030 3486">
    <p class='ocr_par' dir='ltr' id='par_1_63' title="bbox 432 3411 2030 3486">
     <span class='ocr_line' id='line_1_63' title="bbox 432 3411 2030 3486; baseline 0.004 -23"><span class='ocrx_word' id='word_1_427' title='bbox 432 3427 607 3483; x_wconf 84' lang='grc' dir='ltr'>τητας</span> <span class='ocrx_word' id='word_1_428' title='bbox 635 3411 733 3466; x_wconf 76' lang='grc' dir='ltr'>καὶ</span> <span class='ocrx_word' id='word_1_429' title='bbox 764 3412 1050 3484; x_wconf 87' lang='grc' dir='ltr'>ἐνεργείας</span> <span class='ocrx_word' id='word_1_430' title='bbox 1080 3413 1178 3467; x_wconf 90' lang='grc' dir='ltr'><strong>τοῦ</strong></span> <span class='ocrx_word' id='word_1_431' title='bbox 1213 3414 1332 3478; x_wconf 85' lang='grc' dir='ltr'>ἐνὸς</span> <span class='ocrx_word' id='word_1_432' title='bbox 1367 3415 1462 3468; x_wconf 81' lang='grc' dir='ltr'>καὶ</span> <span class='ocrx_word' id='word_1_433' title='bbox 1504 3414 1670 3484; x_wconf 87' lang='grc' dir='ltr'>μόνου</span> <span class='ocrx_word' id='word_1_434' title='bbox 1699 3415 1911 3486; x_wconf 79' lang='grc' dir='ltr'>Κυρίου</span> <span class='ocrx_word' id='word_1_435' title='bbox 1935 3417 2030 3470; x_wconf 74' lang='grc' dir='ltr'><strong>καὶ</strong></span> 
     </span>
    </p>
   </div>
   <div class='ocr_carea' id='block_1_64' title="bbox 432 3501 2030 3578">
    <p class='ocr_par' dir='ltr' id='par_1_64' title="bbox 432 3501 2030 3578">
     <span class='ocr_line' id='line_1_64' title="bbox 432 3501 2030 3578; baseline 0.003 -21"><span class='ocrx_word' id='word_1_436' title='bbox 432 3501 570 3557; x_wconf 84' lang='grc' dir='ltr'>Θεοῦ</span> <span class='ocrx_word' id='word_1_437' title='bbox 601 3504 696 3558; x_wconf 73' lang='grc' dir='ltr'>καὶ</span> <span class='ocrx_word' id='word_1_438' title='bbox 737 3504 994 3576; x_wconf 80' lang='grc' dir='ltr'>Σωτῆρος</span> <span class='ocrx_word' id='word_1_439' title='bbox 1030 3505 1190 3575; x_wconf 80' lang='grc' dir='ltr'>ἡμῶν</span> <span class='ocrx_word' id='word_1_440' title='bbox 1229 3505 1406 3575; x_wconf 86' lang='grc' dir='ltr'>Ἰησοῦ</span> <span class='ocrx_word' id='word_1_441' title='bbox 1447 3506 1710 3577; x_wconf 87' lang='grc' dir='ltr'>Χριστοῦ.</span> <span class='ocrx_word' id='word_1_442' title='bbox 1745 3507 1886 3573; x_wconf 82' lang='grc' dir='ltr'>Τοὺς</span> <span class='ocrx_word' id='word_1_443' title='bbox 1921 3507 2030 3578; x_wconf 81' lang='grc' dir='ltr'><strong>γὰρ</strong></span> 
     </span>
    </p>
   </div>
   <div class='ocr_carea' id='block_1_65' title="bbox 434 3600 2031 3677">
    <p class='ocr_par' dir='ltr' id='par_1_65' title="bbox 434 3600 2031 3677">
     <span class='ocr_line' id='line_1_65' title="bbox 434 3600 2031 3677; baseline 0.003 -24"><span class='ocrx_word' id='word_1_444' title='bbox 434 3600 575 3671; x_wconf 76' lang='grc' dir='ltr'>πρὸς</span> <span class='ocrx_word' id='word_1_445' title='bbox 604 3601 702 3666; x_wconf 81' lang='grc' dir='ltr'>τὰς</span> <span class='ocrx_word' id='word_1_446' title='bbox 745 3601 950 3670; x_wconf 87' lang='grc' dir='ltr'>φύσεις</span> <span class='ocrx_word' id='word_1_447' title='bbox 986 3604 1468 3669; x_wconf 88' lang='grc' dir='ltr'>άντιστατοῦντας,</span> <span class='ocrx_word' id='word_1_448' title='bbox 1520 3606 1614 3659; x_wconf 75' lang='grc' dir='ltr'><strong>καὶ</strong></span> <span class='ocrx_word' id='word_1_449' title='bbox 1663 3605 1725 3659; x_wconf 79' lang='grc' dir='ltr'>τὸ</span> <span class='ocrx_word' id='word_1_450' title='bbox 1768 3604 2031 3677; x_wconf 88' lang='grc' dir='ltr'>διάφορον</span> 
     </span>
    </p>
   </div>
   <div class='ocr_carea' id='block_1_66' title="bbox 433 3691 2030 3769">
    <p class='ocr_par' dir='ltr' id='par_1_66' title="bbox 433 3691 2030 3769">
     <span class='ocr_line' id='line_1_66' title="bbox 433 3691 2030 3769; baseline 0.004 -24"><span class='ocrx_word' id='word_1_451' title='bbox 433 3691 615 3746; x_wconf 82' lang='grc' dir='ltr'>αὐτῶν</span> <span class='ocrx_word' id='word_1_452' title='bbox 637 3694 1014 3766; x_wconf 85' lang='grc' dir='ltr'>ἀρνουμένους</span> <span class='ocrx_word' id='word_1_453' title='bbox 1059 3695 1199 3767; x_wconf 82' lang='grc' dir='ltr'>μετὰ</span> <span class='ocrx_word' id='word_1_454' title='bbox 1240 3697 1340 3767; x_wconf 79' lang='grc' dir='ltr'>τὴν</span> <span class='ocrx_word' id='word_1_455' title='bbox 1383 3697 1600 3763; x_wconf 73' lang='grc' dir='ltr'>ἕνωσιν,</span> <span class='ocrx_word' id='word_1_456' title='bbox 1649 3697 1922 3769; x_wconf 78' lang='grc' dir='ltr'>ἰδιότητάς</span> <span class='ocrx_word' id='word_1_457' title='bbox 1969 3715 2030 3752; x_wconf 90' lang='grc' dir='ltr'><strong>τε</strong></span> 
     </span>
    </p>
   </div>
   <div class='ocr_carea' id='block_1_67' title="bbox 435 3784 2028 3862">
    <p class='ocr_par' dir='ltr' id='par_1_67' title="bbox 435 3784 2028 3862">
     <span class='ocr_line' id='line_1_67' title="bbox 435 3784 2028 3862; baseline 0.004 -23"><span class='ocrx_word' id='word_1_458' title='bbox 435 3784 533 3840; x_wconf 69' lang='grc' dir='ltr'>καὶ</span> <span class='ocrx_word' id='word_1_459' title='bbox 573 3786 858 3858; x_wconf 85' lang='grc' dir='ltr'>ἐνεργείας</span> <span class='ocrx_word' id='word_1_460' title='bbox 889 3788 992 3853; x_wconf 86' lang='grc' dir='ltr'>τὰς</span> <span class='ocrx_word' id='word_1_461' title='bbox 1042 3789 1102 3843; x_wconf 92' lang='grc' dir='ltr'><strong>ἐν</strong></span> <span class='ocrx_word' id='word_1_462' title='bbox 1136 3789 1331 3854; x_wconf 77' lang='grc' dir='ltr'>αὐταῖς</span> <span class='ocrx_word' id='word_1_463' title='bbox 1376 3791 1635 3861; x_wconf 86' lang='grc' dir='ltr'>άθέσμως</span> <span class='ocrx_word' id='word_1_464' title='bbox 1675 3791 2028 3862; x_wconf 86' lang='grc' dir='ltr'>συγχεόντας,</span> 
     </span>
    </p>
   </div>
   <div class='ocr_carea' id='block_1_68' title="bbox 433 3877 2033 3956">
    <p class='ocr_par' dir='ltr' id='par_1_68' title="bbox 433 3877 2033 3956">
     <span class='ocr_line' id='line_1_68' title="bbox 433 3877 2033 3956; baseline 0.004 -25"><span class='ocrx_word' id='word_1_465' title='bbox 433 3877 498 3931; x_wconf 86' lang='grc' dir='ltr'>οὐ</span> <span class='ocrx_word' id='word_1_466' title='bbox 536 3878 740 3950; x_wconf 83' lang='grc' dir='ltr'>μᾶλλον</span> <span class='ocrx_word' id='word_1_467' title='bbox 783 3881 1034 3952; x_wconf 88' lang='grc' dir='ltr'>γελῶμεν</span> <span class='ocrx_word' id='word_1_468' title='bbox 1069 3883 1166 3953; x_wconf 82' lang='grc' dir='ltr'><strong>τῆς</strong></span> <span class='ocrx_word' id='word_1_469' title='bbox 1196 3883 1578 3948; x_wconf 80' lang='grc' dir='ltr'>ἀπαιδευσίας,</span> <span class='ocrx_word' id='word_1_470' title='bbox 1610 3883 1642 3954; x_wconf 84' lang='grc' dir='ltr'>ἦ</span> <span class='ocrx_word' id='word_1_471' title='bbox 1687 3885 2033 3956; x_wconf 79' lang='grc' dir='ltr'>οἰκτείρομεν</span> 
     </span>
    </p>
   </div>
   <div class='ocr_carea' id='block_1_69' title="bbox 434 3969 2033 4048">
    <p class='ocr_par' dir='ltr' id='par_1_69' title="bbox 434 3969 2033 4048">
     <span class='ocr_line' id='line_1_69' title="bbox 434 3969 2033 4048; baseline 0.006 -25"><span class='ocrx_word' id='word_1_472' title='bbox 434 3969 537 4041; x_wconf 86' lang='grc' dir='ltr'>τῆς</span> <span class='ocrx_word' id='word_1_473' title='bbox 565 3971 845 4040; x_wconf 76' lang='grc' dir='ltr'>ἀσεϐείας,</span> <span class='ocrx_word' id='word_1_474' title='bbox 903 3975 1032 4045; x_wconf 71' lang='grc' dir='ltr'>περὶ</span> <span class='ocrx_word' id='word_1_475' title='bbox 1072 3975 1166 4029; x_wconf 86' lang='grc' dir='ltr'><strong>τοῦ</strong></span> <span class='ocrx_word' id='word_1_476' title='bbox 1218 3976 1425 4045; x_wconf 87' lang='grc' dir='ltr'>τρόπου</span> <span class='ocrx_word' id='word_1_477' title='bbox 1475 3977 1872 4048; x_wconf 82' lang='grc' dir='ltr'>διαποροῦντας</span> <span class='ocrx_word' id='word_1_478' title='bbox 1921 3978 2033 4032; x_wconf 89' lang='grc' dir='ltr'><strong>τῶν</strong></span> 
     </span>
    </p>
   </div>
   <div class='ocr_carea' id='block_1_70' title="bbox 441 4061 2034 4140">
    <p class='ocr_par' dir='ltr' id='par_1_70' title="bbox 441 4061 2034 4140">
     <span class='ocr_line' id='line_1_70' title="bbox 441 4061 2034 4140; baseline 0.006 -25"><span class='ocrx_word' id='word_1_479' title='bbox 441 4061 579 4137; x_wconf 81' lang='grc' dir='ltr'><strong>μηδέ</strong></span> <span class='ocrx_word' id='word_1_480' title='bbox 625 4064 1080 4137; x_wconf 71' lang='grc' dir='ltr'>ὁμολογουμένων</span> <span class='ocrx_word' id='word_1_481' title='bbox 1128 4067 1333 4136; x_wconf 78' lang='grc' dir='ltr'>αὐτοῖς,</span> <span class='ocrx_word' id='word_1_482' title='bbox 1363 4069 1501 4140; x_wconf 85' lang='grc' dir='ltr'>μηδὲ</span> <span class='ocrx_word' id='word_1_483' title='bbox 1534 4071 1655 4122; x_wconf 80' lang='grc' dir='ltr'>κατ’</span> <span class='ocrx_word' id='word_1_484' title='bbox 1685 4070 1870 4133; x_wconf 76' lang='grc' dir='ltr'>αὐτοῖς</span> <span class='ocrx_word' id='word_1_485' title='bbox 1897 4070 2034 4124; x_wconf 78' lang='grc' dir='ltr'><strong>ὑπο-</strong></span> 
     </span>
    </p>
   </div>
   <div class='ocr_carea' id='block_1_71' title="bbox 439 4153 2034 4230">
    <p class='ocr_par' dir='ltr' id='par_1_71' title="bbox 439 4153 2034 4230">
     <span class='ocr_line' id='line_1_71' title="bbox 439 4153 2034 4230; baseline 0.004 -24"><span class='ocrx_word' id='word_1_486' title='bbox 439 4153 712 4226; x_wconf 82' lang='grc' dir='ltr'>κειμένων</span> <span class='ocrx_word' id='word_1_487' title='bbox 743 4155 987 4225; x_wconf 86' lang='grc' dir='ltr'>φύσεων.</span> <span class='ocrx_word' id='word_1_488' title='bbox 1031 4155 1362 4211; x_wconf 87' lang='grc' dir='ltr'>Ὑποθέσθαι</span> <span class='ocrx_word' id='word_1_489' title='bbox 1396 4157 1504 4230; x_wconf 83' lang='grc' dir='ltr'>γὰρ</span> <span class='ocrx_word' id='word_1_490' title='bbox 1539 4157 1647 4211; x_wconf 79' lang='grc' dir='ltr'>ἔδει</span> <span class='ocrx_word' id='word_1_491' title='bbox 1697 4159 1911 4230; x_wconf 89' lang='grc' dir='ltr'>πρῶτον</span> <span class='ocrx_word' id='word_1_492' title='bbox 1937 4160 2034 4214; x_wconf 80' lang='grc' dir='ltr'>αύ-</span> 
     </span>
    </p>
   </div>
   <div class='ocr_carea' id='block_1_72' title="bbox 437 4246 2035 4322">
    <p class='ocr_par' dir='ltr' id='par_1_72' title="bbox 437 4246 2035 4322">
     <span class='ocr_line' id='line_1_72' title="bbox 437 4246 2035 4322; baseline 0.005 -25"><span class='ocrx_word' id='word_1_493' title='bbox 437 4247 553 4310; x_wconf 75' lang='grc' dir='ltr'>τοῖς</span> <span class='ocrx_word' id='word_1_494' title='bbox 602 4247 703 4319; x_wconf 76' lang='grc' dir='ltr'>τὴν</span> <span class='ocrx_word' id='word_1_495' title='bbox 734 4246 899 4317; x_wconf 88' lang='grc' dir='ltr'>φύσιν</span> <span class='ocrx_word' id='word_1_496' title='bbox 947 4247 1052 4318; x_wconf 79' lang='grc' dir='ltr'>τῆς</span> <span class='ocrx_word' id='word_1_497' title='bbox 1094 4247 1352 4316; x_wconf 78' lang='grc' dir='ltr'>θεότητος</span> <span class='ocrx_word' id='word_1_498' title='bbox 1381 4248 1475 4303; x_wconf 87' lang='grc' dir='ltr'><strong>τοῦ</strong></span> <span class='ocrx_word' id='word_1_499' title='bbox 1505 4251 1769 4322; x_wconf 84' lang='grc' dir='ltr'>Χριστοῦ,</span> <span class='ocrx_word' id='word_1_500' title='bbox 1811 4253 1907 4305; x_wconf 67' lang='grc' dir='ltr'><strong>καὶ</strong></span> <span class='ocrx_word' id='word_1_501' title='bbox 1936 4254 2035 4320; x_wconf 70' lang='grc' dir='ltr'>τὴν</span> 
     </span>
    </p>
   </div>
   <div class='ocr_carea' id='block_1_73' title="bbox 440 4337 2035 4414">
    <p class='ocr_par' dir='ltr' id='par_1_73' title="bbox 440 4337 2035 4414">
     <span class='ocr_line' id='line_1_73' title="bbox 440 4337 2035 4414; baseline 0.005 -22"><span class='ocrx_word' id='word_1_502' title='bbox 440 4337 608 4406; x_wconf 76' lang='grc' dir='ltr'>φύσιν</span> <span class='ocrx_word' id='word_1_503' title='bbox 657 4340 759 4411; x_wconf 84' lang='grc' dir='ltr'>τῆς</span> <span class='ocrx_word' id='word_1_504' title='bbox 801 4340 926 4395; x_wconf 86' lang='grc' dir='ltr'>κατ’</span> <span class='ocrx_word' id='word_1_505' title='bbox 959 4341 1123 4396; x_wconf 81' lang='grc' dir='ltr'>αὐτὸν</span> <span class='ocrx_word' id='word_1_506' title='bbox 1161 4341 1586 4414; x_wconf 84' lang='grc' dir='ltr'>άνθρωπότητος</span> <span class='ocrx_word' id='word_1_507' title='bbox 1639 4339 1778 4398; x_wconf 83' lang='grc' dir='ltr'>εἷναί</span> <span class='ocrx_word' id='word_1_508' title='bbox 1826 4363 1884 4400; x_wconf 90' lang='grc' dir='ltr'><strong>τε</strong></span> <span class='ocrx_word' id='word_1_509' title='bbox 1939 4347 2035 4400; x_wconf 71' lang='grc' dir='ltr'><strong>καὶ</strong></span> 
     </span>
    </p>
   </div>
   <div class='ocr_carea' id='block_1_74' title="bbox 442 4431 2034 4511">
    <p class='ocr_par' dir='ltr' id='par_1_74' title="bbox 442 4431 2034 4511">
     <span class='ocr_line' id='line_1_74' title="bbox 442 4431 2034 4511; baseline 0.007 -28"><span class='ocrx_word' id='word_1_510' title='bbox 442 4431 812 4498; x_wconf 81' lang='grc' dir='ltr'>φυλάττεσθαι</span> <span class='ocrx_word' id='word_1_511' title='bbox 872 4433 1011 4505; x_wconf 79' lang='grc' dir='ltr'>μετὰ</span> <span class='ocrx_word' id='word_1_512' title='bbox 1055 4433 1155 4506; x_wconf 84' lang='grc' dir='ltr'><strong>τὴν</strong></span> <span class='ocrx_word' id='word_1_513' title='bbox 1187 4435 1403 4504; x_wconf 75' lang='grc' dir='ltr'>ἕνωσιν,</span> <span class='ocrx_word' id='word_1_514' title='bbox 1437 4439 1530 4493; x_wconf 72' lang='grc' dir='ltr'><strong>καὶ</strong></span> <span class='ocrx_word' id='word_1_515' title='bbox 1575 4439 1747 4504; x_wconf 71' lang='grc' dir='ltr'>οὕτως</span> <span class='ocrx_word' id='word_1_516' title='bbox 1775 4440 1905 4511; x_wconf 77' lang='grc' dir='ltr'>περὶ</span> <span class='ocrx_word' id='word_1_517' title='bbox 1934 4440 2034 4508; x_wconf 84' lang='grc' dir='ltr'>τῆς</span> 
     </span>
    </p>
   </div>
   <div class='ocr_carea' id='block_1_75' title="bbox 442 4525 2036 4605">
    <p class='ocr_par' dir='ltr' id='par_1_75' title="bbox 442 4525 2036 4605">
     <span class='ocr_line' id='line_1_75' title="bbox 442 4525 2036 4605; baseline 0.006 -28"><span class='ocrx_word' id='word_1_518' title='bbox 442 4525 794 4598; x_wconf 79' lang='grc' dir='ltr'>προυάλληλα</span> <span class='ocrx_word' id='word_1_519' title='bbox 826 4527 1035 4581; x_wconf 88' lang='grc' dir='ltr'>τούτων</span> <span class='ocrx_word' id='word_1_520' title='bbox 1084 4529 1355 4599; x_wconf 84' lang='grc' dir='ltr'>σχέσεως,</span> <span class='ocrx_word' id='word_1_521' title='bbox 1399 4531 1496 4585; x_wconf 80' lang='grc' dir='ltr'><strong>καὶ</strong></span> <span class='ocrx_word' id='word_1_522' title='bbox 1547 4533 1644 4587; x_wconf 89' lang='grc' dir='ltr'><strong>τοῦ</strong></span> <span class='ocrx_word' id='word_1_523' title='bbox 1688 4533 1896 4604; x_wconf 84' lang='grc' dir='ltr'>τρόπου</span> <span class='ocrx_word' id='word_1_524' title='bbox 1936 4535 2036 4605; x_wconf 77' lang='grc' dir='ltr'><strong>τῆς</strong></span> 
     </span>
    </p>
   </div>
   <div class='ocr_carea' id='block_1_76' title="bbox 443 4616 2036 4698">
    <p class='ocr_par' dir='ltr' id='par_1_76' title="bbox 443 4616 2036 4698">
     <span class='ocr_line' id='line_1_76' title="bbox 443 4616 2036 4698; baseline 0.006 -29"><span class='ocrx_word' id='word_1_525' title='bbox 443 4616 734 4688; x_wconf 76' lang='grc' dir='ltr'>ὑπάρξεως</span> <span class='ocrx_word' id='word_1_526' title='bbox 765 4619 1271 4692; x_wconf 79' lang='grc' dir='ltr'>πολυπραγμονεῖν·</span> <span class='ocrx_word' id='word_1_527' title='bbox 1309 4622 1604 4695; x_wconf 82' lang='grc' dir='ltr'>διαλογικῷ</span> <span class='ocrx_word' id='word_1_528' title='bbox 1633 4625 1690 4679; x_wconf 81' lang='grc' dir='ltr'><strong>δὲ</strong></span> <span class='ocrx_word' id='word_1_529' title='bbox 1721 4629 2036 4698; x_wconf 81' lang='grc' dir='ltr'>χαρακτῆρι</span> 
     </span>
    </p>
   </div>
   <div class='ocr_carea' id='block_1_77' title="bbox 441 4708 2035 4786">
    <p class='ocr_par' dir='ltr' id='par_1_77' title="bbox 441 4708 2035 4786">
     <span class='ocr_line' id='line_1_77' title="bbox 441 4708 2035 4786; baseline 0.006 -24"><span class='ocrx_word' id='word_1_530' title='bbox 441 4708 897 4782; x_wconf 84' lang='grc' dir='ltr'>διεσχημάτισται</span> <span class='ocrx_word' id='word_1_531' title='bbox 935 4708 1091 4779; x_wconf 78' lang='grc' dir='ltr'>οὗτος</span> <span class='ocrx_word' id='word_1_532' title='bbox 1119 4717 1150 4770; x_wconf 91' lang='lat'><strong>6</strong></span> <span class='ocrx_word' id='word_1_533' title='bbox 1179 4715 1359 4785; x_wconf 86' lang='grc' dir='ltr'>λόγος,</span> <span class='ocrx_word' id='word_1_534' title='bbox 1389 4717 1566 4784; x_wconf 74' lang='grc' dir='ltr'>οὐδὲν,</span> <span class='ocrx_word' id='word_1_535' title='bbox 1604 4716 1682 4780; x_wconf 82' lang='grc' dir='ltr'>ὡς</span> <span class='ocrx_word' id='word_1_536' title='bbox 1712 4713 1893 4786; x_wconf 72' lang='grc' dir='ltr'>οἶμαι,</span> <span class='ocrx_word' id='word_1_537' title='bbox 1923 4718 2035 4771; x_wconf 89' lang='grc' dir='ltr'><strong>τῶν</strong></span> 
     </span>
    </p>
   </div>
   <div class='ocr_carea' id='block_1_78' title="bbox 443 4797 2037 4879">
    <p class='ocr_par' dir='ltr' id='par_1_78' title="bbox 443 4797 2037 4879">
     <span class='ocr_line' id='line_1_78' title="bbox 443 4797 2037 4879; baseline 0.006 -29"><span class='ocrx_word' id='word_1_538' title='bbox 443 4797 870 4856; x_wconf 82' lang='grc' dir='ltr'>λυσιτελούντων</span> <span class='ocrx_word' id='word_1_539' title='bbox 905 4820 967 4857; x_wconf 89' lang='grc' dir='ltr'><strong>τε</strong></span> <span class='ocrx_word' id='word_1_540' title='bbox 1019 4805 1115 4858; x_wconf 80' lang='grc' dir='ltr'><strong>καὶ</strong></span> <span class='ocrx_word' id='word_1_541' title='bbox 1151 4805 1405 4876; x_wconf 84' lang='grc' dir='ltr'>ὁρώντων</span> <span class='ocrx_word' id='word_1_542' title='bbox 1437 4807 1518 4870; x_wconf 84' lang='grc' dir='ltr'><strong>είς</strong></span> <span class='ocrx_word' id='word_1_543' title='bbox 1547 4805 1646 4877; x_wconf 75' lang='grc' dir='ltr'>τὴν</span> <span class='ocrx_word' id='word_1_544' title='bbox 1678 4807 1773 4861; x_wconf 92' lang='grc' dir='ltr'><strong>τοῦ</strong></span> <span class='ocrx_word' id='word_1_545' title='bbox 1809 4824 2037 4879; x_wconf 90' lang='grc' dir='ltr'>προκει-</span> 
     </span>
    </p>
   </div>
   <div class='ocr_carea' id='block_1_79' title="bbox 451 4893 2037 4973">
    <p class='ocr_par' dir='ltr' id='par_1_79' title="bbox 451 4893 2037 4973">
     <span class='ocr_line' id='line_1_79' title="bbox 451 4893 2037 4973; baseline 0.006 -27"><span class='ocrx_word' id='word_1_546' title='bbox 451 4893 615 4964; x_wconf 86' lang='grc' dir='ltr'>μένου</span> <span class='ocrx_word' id='word_1_547' title='bbox 647 4893 880 4968; x_wconf 80' lang='grc' dir='ltr'>ζήτησιν</span> <span class='ocrx_word' id='word_1_548' title='bbox 918 4897 1264 4954; x_wconf 86' lang='grc' dir='ltr'>καταλιπών.</span> <span class='ocrx_word' id='word_1_549' title='bbox 1305 4899 1397 4964; x_wconf 86' lang='grc' dir='ltr'>Ὠς</span> <span class='ocrx_word' id='word_1_550' title='bbox 1427 4899 1496 4955; x_wconf 83' lang='grc' dir='ltr'>ἂν</span> <span class='ocrx_word' id='word_1_551' title='bbox 1537 4900 1593 4956; x_wconf 77' lang='grc' dir='ltr'>δὲ</span> <span class='ocrx_word' id='word_1_552' title='bbox 1635 4900 1710 4973; x_wconf 82' lang='grc' dir='ltr'>μὴ</span> <span class='ocrx_word' id='word_1_553' title='bbox 1742 4901 2037 4973; x_wconf 83' lang='grc' dir='ltr'>συγχεθείη</span> 
     </span>
    </p>
   </div>
   <div class='ocr_carea' id='block_1_80' title="bbox 449 4983 2039 5069">
    <p class='ocr_par' dir='ltr' id='par_1_80' title="bbox 449 4983 2039 5069">
     <span class='ocr_line' id='line_1_80' title="bbox 449 4983 2039 5069; baseline 0.009 -33"><span class='ocrx_word' id='word_1_554' title='bbox 449 4983 515 5037; x_wconf 71' lang='grc' dir='ltr'><strong>τά</strong></span> <span class='ocrx_word' id='word_1_555' title='bbox 559 4985 852 5056; x_wconf 87' lang='grc' dir='ltr'>πρόσωπα,</span> <span class='ocrx_word' id='word_1_556' title='bbox 902 4987 966 5042; x_wconf 85' lang='grc' dir='ltr'><strong>τδ</strong></span> <span class='ocrx_word' id='word_1_557' title='bbox 1019 4989 1121 5060; x_wconf 79' lang='grc' dir='ltr'>μὲν</span> <span class='ocrx_word' id='word_1_558' title='bbox 1168 4991 1265 5046; x_wconf 90' lang='grc' dir='ltr'><strong>τοῦ</strong></span> <span class='ocrx_word' id='word_1_559' title='bbox 1302 4991 1693 5064; x_wconf 86' lang='grc' dir='ltr'>διαποροῦντος</span> <span class='ocrx_word' id='word_1_560' title='bbox 1743 4997 2039 5069; x_wconf 87' lang='grc' dir='ltr'>πρόσωπον</span> 
     </span>
    </p>
   </div>
   <div class='ocr_carea' id='block_1_81' title="bbox 450 5075 2038 5158">
    <p class='ocr_par' dir='ltr' id='par_1_81' title="bbox 450 5075 2038 5158">
     <span class='ocr_line' id='line_1_81' title="bbox 450 5075 2038 5158; baseline 0.007 -26"><span class='ocrx_word' id='word_1_561' title='bbox 450 5075 782 5150; x_wconf 77' lang='grc' dir='ltr'>ἀστερίσκῳ,</span> <span class='ocrx_word' id='word_1_562' title='bbox 807 5079 868 5133; x_wconf 84' lang='grc' dir='ltr'>τὺ</span> <span class='ocrx_word' id='word_1_563' title='bbox 892 5081 950 5134; x_wconf 89' lang='grc' dir='ltr'><strong>δέ</strong></span> <span class='ocrx_word' id='word_1_564' title='bbox 975 5082 1070 5136; x_wconf 86' lang='grc' dir='ltr'><strong>τοῦ</strong></span> <span class='ocrx_word' id='word_1_565' title='bbox 1099 5082 1199 5147; x_wconf 73' lang='grc' dir='ltr'>τὰς</span> <span class='ocrx_word' id='word_1_566' title='bbox 1225 5083 1408 5150; x_wconf 86' lang='grc' dir='ltr'>λύσεις</span> <span class='ocrx_word' id='word_1_567' title='bbox 1439 5085 1739 5154; x_wconf 86' lang='grc' dir='ltr'>ἐπάγοντος</span> <span class='ocrx_word' id='word_1_568' title='bbox 1765 5086 1843 5158; x_wconf 86' lang='grc' dir='ltr'>τῷ</span> <span class='ocrx_word' id='word_1_569' title='bbox 1874 5105 2038 5142; x_wconf 89' lang='grc' dir='ltr'>σταυ-</span> 
     </span>
    </p>
   </div>
   <div class='ocr_carea' id='block_1_82' title="bbox 452 5168 2042 5247">
    <p class='ocr_par' dir='ltr' id='par_1_82' title="bbox 452 5168 2042 5247">
     <span class='ocr_line' id='line_1_82' title="bbox 452 5168 2042 5247; baseline 0.009 -27"><span class='ocrx_word' id='word_1_570' title='bbox 452 5168 650 5240; x_wconf 83' lang='grc' dir='ltr'>ροειδεῖ</span> <span class='ocrx_word' id='word_1_571' title='bbox 675 5175 1187 5245; x_wconf 87' lang='grc' dir='ltr'>κατεσημηνάμεθα</span> <span class='ocrx_word' id='word_1_572' title='bbox 1233 5175 1412 5247; x_wconf 83' lang='grc' dir='ltr'>τύπῳ.</span> <span class='ocrx_word' id='word_1_573' title='bbox 1465 5178 1578 5231; x_wconf 75' lang='grc' dir='ltr'>Καὶ</span> <span class='ocrx_word' id='word_1_574' title='bbox 1616 5177 1775 5232; x_wconf 87' lang='grc' dir='ltr'>τοῦτο</span> <span class='ocrx_word' id='word_1_575' title='bbox 1834 5180 1892 5233; x_wconf 89' lang='grc' dir='ltr'><strong>δέ</strong></span> <span class='ocrx_word' id='word_1_576' title='bbox 1939 5180 2042 5235; x_wconf 87' lang='grc' dir='ltr'>οὐκ</span> 
     </span>
    </p>
   </div>
   <div class='ocr_carea' id='block_1_83' title="bbox 450 5259 2042 5342">
    <p class='ocr_par' dir='ltr' id='par_1_83' title="bbox 450 5259 2042 5342">
     <span class='ocr_line' id='line_1_83' title="bbox 450 5259 2042 5342; baseline 0.009 -30"><span class='ocrx_word' id='word_1_577' title='bbox 450 5259 666 5330; x_wconf 79' lang='grc' dir='ltr'>ἀλόγως</span> <span class='ocrx_word' id='word_1_578' title='bbox 685 5265 1078 5336; x_wconf 77' lang='grc' dir='ltr'>πεπράχαμεν,</span> <span class='ocrx_word' id='word_1_579' title='bbox 1123 5267 1240 5321; x_wconf 78' lang='grc' dir='ltr'>ἀλλ’</span> <span class='ocrx_word' id='word_1_580' title='bbox 1280 5269 1470 5341; x_wconf 83' lang='grc' dir='ltr'>ἀστέρι</span> <span class='ocrx_word' id='word_1_581' title='bbox 1523 5270 1623 5340; x_wconf 83' lang='grc' dir='ltr'>μὲν</span> <span class='ocrx_word' id='word_1_582' title='bbox 1661 5271 1760 5342; x_wconf 75' lang='grc' dir='ltr'>τὴν</span> <span class='ocrx_word' id='word_1_583' title='bbox 1789 5273 2042 5342; x_wconf 66' lang='grc' dir='ltr'>ἀμυδρὰν</span> 
     </span>
    </p>
   </div>
   <div class='ocr_carea' id='block_1_84' title="bbox 451 5353 2042 5435">
    <p class='ocr_par' dir='ltr' id='par_1_84' title="bbox 451 5353 2042 5435">
     <span class='ocr_line' id='line_1_84' title="bbox 451 5353 2042 5435; baseline 0.008 -27"><span class='ocrx_word' id='word_1_584' title='bbox 451 5353 550 5408; x_wconf 74' lang='grc' dir='ltr'>καὶ</span> <span class='ocrx_word' id='word_1_585' title='bbox 574 5353 897 5424; x_wconf 77' lang='grc' dir='ltr'>ἅτράνωτον</span> <span class='ocrx_word' id='word_1_586' title='bbox 919 5358 1131 5412; x_wconf 85' lang='grc' dir='ltr'>ἐκείνου</span> <span class='ocrx_word' id='word_1_587' title='bbox 1171 5362 1372 5429; x_wconf 84' lang='grc' dir='ltr'>γνῶσιν</span> <span class='ocrx_word' id='word_1_588' title='bbox 1406 5363 1820 5435; x_wconf 80' lang='grc' dir='ltr'>ὑπῃνιξάμεθα·</span> <span class='ocrx_word' id='word_1_589' title='bbox 1868 5366 1960 5420; x_wconf 82' lang='grc' dir='ltr'>τὸν</span> <span class='ocrx_word' id='word_1_590' title='bbox 1985 5367 2042 5420; x_wconf 78' lang='grc' dir='ltr'>δὲ</span> 
     </span>
    </p>
   </div>
   <div class='ocr_carea' id='block_1_85' title="bbox 450 5444 2042 5528">
    <p class='ocr_par' dir='ltr' id='par_1_85' title="bbox 450 5444 2042 5528">
     <span class='ocr_line' id='line_1_85' title="bbox 450 5444 2042 5528; baseline 0.008 -30"><span class='ocrx_word' id='word_1_591' title='bbox 450 5444 554 5514; x_wconf 85' lang='grc' dir='ltr'><strong>τῆς</strong></span> <span class='ocrx_word' id='word_1_592' title='bbox 577 5445 842 5517; x_wconf 80' lang='grc' dir='ltr'>ἀληθείας</span> <span class='ocrx_word' id='word_1_593' title='bbox 879 5448 1249 5522; x_wconf 77' lang='grc' dir='ltr'>ὑπασπιστὴν,</span> <span class='ocrx_word' id='word_1_594' title='bbox 1282 5451 1360 5522; x_wconf 81' lang='grc' dir='ltr'>τῷ</span> <span class='ocrx_word' id='word_1_595' title='bbox 1393 5454 1642 5525; x_wconf 84' lang='grc' dir='ltr'>τροπαίῳ</span> <span class='ocrx_word' id='word_1_596' title='bbox 1679 5453 1771 5508; x_wconf 83' lang='grc' dir='ltr'><strong>τοῦ</strong></span> <span class='ocrx_word' id='word_1_597' title='bbox 1805 5457 2042 5528; x_wconf 90' lang='grc' dir='ltr'>σταυροῦ</span> 
     </span>
    </p>
   </div>
   <div class='ocr_carea' id='block_1_86' title="bbox 453 5535 2041 5618">
    <p class='ocr_par' dir='ltr' id='par_1_86' title="bbox 453 5535 2041 5618">
     <span class='ocr_line' id='line_1_86' title="bbox 453 5535 2041 5618; baseline 0.008 -28"><span class='ocrx_word' id='word_1_598' title='bbox 453 5535 906 5610; x_wconf 87' lang='grc' dir='ltr'>καθωπλίσαμεν.</span> <span class='ocrx_word' id='word_1_599' title='bbox 945 5541 1387 5614; x_wconf 86' lang='grc' dir='ltr'>Ἐπιγέγραπται</span> <span class='ocrx_word' id='word_1_600' title='bbox 1403 5539 1496 5600; x_wconf 81' lang='grc' dir='ltr'>οὖν</span> <span class='ocrx_word' id='word_1_601' title='bbox 1519 5546 1615 5601; x_wconf 75' lang='grc' dir='ltr'><strong>καὶ</strong></span> <span class='ocrx_word' id='word_1_602' title='bbox 1631 5540 1784 5612; x_wconf 75' lang='grc' dir='ltr'>οὗτος</span> <span class='ocrx_word' id='word_1_603' title='bbox 1805 5549 1833 5601; x_wconf 90' lang='lat'><strong>6</strong></span> <span class='ocrx_word' id='word_1_604' title='bbox 1859 5549 2041 5618; x_wconf 88' lang='grc' dir='ltr'>λόγος,</span> 
     </span>
    </p>
   </div>
   <div class='ocr_carea' id='block_1_87' title="bbox 452 5627 2076 5710">
    <p class='ocr_par' dir='ltr' id='par_1_87' title="bbox 452 5627 2076 5710">
     <span class='ocr_line' id='line_1_87' title="bbox 452 5627 2076 5710; baseline 0.008 -27"><span class='ocrx_word' id='word_1_605' title='bbox 452 5627 605 5698; x_wconf 65' lang='grc' dir='ltr'><strong>Πρὸς⁵</strong></span> <span class='ocrx_word' id='word_1_606' title='bbox 649 5631 792 5699; x_wconf 74' lang='grc' dir='ltr'>τοὺς</span> <span class='ocrx_word' id='word_1_607' title='bbox 820 5633 890 5698; x_wconf 84' lang='grc' dir='ltr'>ἐξ</span> <span class='ocrx_word' id='word_1_608' title='bbox 931 5633 1100 5702; x_wconf 76' lang='grc' dir='ltr'>ἡμῶν</span> <span class='ocrx_word' id='word_1_609' title='bbox 1128 5636 1578 5705; x_wconf 77' lang='grc' dir='ltr'>προσθεμένους</span> <span class='ocrx_word' id='word_1_610' title='bbox 1605 5638 1679 5708; x_wconf 79' lang='grc' dir='ltr'>τῇ</span> <span class='ocrx_word' id='word_1_611' title='bbox 1719 5644 2076 5710; x_wconf 64' lang='grc' dir='ltr'>κατεφθαρ-¹</span> 
     </span>
    </p>
   </div>
   <div class='ocr_carea' id='block_1_88' title="bbox 452 5716 1933 5798">
    <p class='ocr_par' dir='ltr' id='par_1_88' title="bbox 452 5716 1933 5798">
     <span class='ocr_line' id='line_1_88' title="bbox 452 5716 1933 5798; baseline 0.005 -24"><span class='ocrx_word' id='word_1_612' title='bbox 452 5716 607 5796; x_wconf 76' lang='grc' dir='ltr'>μένῃ</span> <span class='ocrx_word' id='word_1_613' title='bbox 649 5718 850 5793; x_wconf 73' lang='grc' dir='ltr'>γνώμῃ</span> <span class='ocrx_word' id='word_1_614' title='bbox 881 5722 1002 5778; x_wconf 82' lang='grc' dir='ltr'>τῶν</span> <span class='ocrx_word' id='word_1_615' title='bbox 1037 5723 1605 5795; x_wconf 68' lang='grc' dir='ltr'>’Λςοθαρτοδοκητῶν</span> <span class='ocrx_word' id='word_1_616' title='bbox 1631 5725 1933 5798; x_wconf 67' lang='grc' dir='ltr'>διάλογος.</span> 
     </span>
    </p>
   </div>
   <div class='ocr_carea' id='block_1_89' title="bbox 2134 3400 3726 3470">
    <p class='ocr_par' dir='ltr' id='par_1_89' title="bbox 2134 3400 3726 3470">
     <span class='ocr_line' id='line_1_89' title="bbox 2134 3400 3726 3470; baseline -0.003 -11"><span class='ocrx_word' id='word_1_617' title='bbox 2134 3404 2270 3459; x_wconf 90' lang='lat' dir='ltr'><strong>sime</strong></span> <span class='ocrx_word' id='word_1_618' title='bbox 2310 3412 2494 3458; x_wconf 89' lang='lat' dir='ltr'><strong>autem</strong></span> <span class='ocrx_word' id='word_1_619' title='bbox 2537 3411 2668 3457; x_wconf 90' lang='lat' dir='ltr'><strong>sunt</strong></span> <span class='ocrx_word' id='word_1_620' title='bbox 2700 3401 2755 3456; x_wconf 92' lang='lat' dir='ltr'><strong>hi</strong></span> <span class='ocrx_word' id='word_1_621' title='bbox 2792 3401 3129 3463; x_wconf 88' lang='lat' dir='ltr'><strong>accusandi,</strong></span> <span class='ocrx_word' id='word_1_622' title='bbox 3177 3400 3274 3470; x_wconf 91' lang='lat' dir='ltr'><strong>qui</strong></span> <span class='ocrx_word' id='word_1_623' title='bbox 3307 3400 3476 3455; x_wconf 85' lang='lat' dir='ltr'><strong>unius</strong></span> <span class='ocrx_word' id='word_1_624' title='bbox 3505 3401 3726 3455; x_wconf 89' lang='lat' dir='ltr'><strong>Domini</strong></span> 
     </span>
    </p>
   </div>
   <div class='ocr_carea' id='block_1_90' title="bbox 2132 3492 3724 3558">
    <p class='ocr_par' dir='ltr' id='par_1_90' title="bbox 2132 3492 3724 3558">
     <span class='ocr_line' id='line_1_90' title="bbox 2132 3492 3724 3558; baseline -0.004 -6"><span class='ocrx_word' id='word_1_625' title='bbox 2132 3506 2189 3552; x_wconf 89' lang='lat' dir='ltr'><strong>et</strong></span> <span class='ocrx_word' id='word_1_626' title='bbox 2210 3497 2305 3552; x_wconf 90' lang='lat' dir='ltr'><strong>Dei</strong></span> <span class='ocrx_word' id='word_1_627' title='bbox 2329 3512 2392 3551; x_wconf 94' lang='lat' dir='ltr'><strong>ac</strong></span> <span class='ocrx_word' id='word_1_628' title='bbox 2410 3495 2712 3551; x_wconf 87' lang='lat' dir='ltr'><strong>Salvatoris</strong></span> <span class='ocrx_word' id='word_1_629' title='bbox 2741 3495 2921 3549; x_wconf 90' lang='lat' dir='ltr'><strong>nostri</strong></span> <span class='ocrx_word' id='word_1_630' title='bbox 2943 3493 3073 3550; x_wconf 81' lang='lat' dir='ltr'><strong>Jesu</strong></span> <span class='ocrx_word' id='word_1_631' title='bbox 3091 3493 3296 3548; x_wconf 87' lang='lat' dir='ltr'><strong>Christi</strong></span> <span class='ocrx_word' id='word_1_632' title='bbox 3327 3492 3724 3558; x_wconf 70' lang='lat' dir='ltr'><strong>differentiam,</strong></span> 
     </span>
    </p>
   </div>
   <div class='ocr_carea' id='block_1_91' title="bbox 2131 3584 3728 3658">
    <p class='ocr_par' dir='ltr' id='par_1_91' title="bbox 2131 3584 3728 3658">
     <span class='ocr_line' id='line_1_91' title="bbox 2131 3584 3728 3658; baseline -0.002 -16"><span class='ocrx_word' id='word_1_633' title='bbox 2131 3593 2189 3643; x_wconf 89' lang='lat' dir='ltr'><strong>et</strong></span> <span class='ocrx_word' id='word_1_634' title='bbox 2235 3586 2638 3658; x_wconf 88' lang='lat' dir='ltr'><strong>proprietates,</strong></span> <span class='ocrx_word' id='word_1_635' title='bbox 2683 3595 2741 3641; x_wconf 91' lang='lat' dir='ltr'><strong>et</strong></span> <span class='ocrx_word' id='word_1_636' title='bbox 2779 3584 3135 3656; x_wconf 88' lang='lat' dir='ltr'><strong>operationes</strong></span> <span class='ocrx_word' id='word_1_637' title='bbox 3165 3584 3368 3640; x_wconf 86' lang='lat' dir='ltr'><strong>sciunt.</strong></span> <span class='ocrx_word' id='word_1_638' title='bbox 3422 3585 3531 3640; x_wconf 87' lang='lat' dir='ltr'><strong>Eos</strong></span> <span class='ocrx_word' id='word_1_639' title='bbox 3574 3585 3728 3640; x_wconf 83' lang='lat' dir='ltr'><strong>enim</strong></span> 
     </span>
    </p>
   </div>
   <div class='ocr_carea' id='block_1_92' title="bbox 2134 3675 3730 3750">
    <p class='ocr_par' dir='ltr' id='par_1_92' title="bbox 2134 3675 3730 3750">
     <span class='ocr_line' id='line_1_92' title="bbox 2134 3675 3730 3750; baseline -0.001 -16"><span class='ocrx_word' id='word_1_640' title='bbox 2134 3679 2228 3750; x_wconf 92' lang='lat' dir='ltr'><strong>qui</strong></span> <span class='ocrx_word' id='word_1_641' title='bbox 2260 3679 2477 3734; x_wconf 89' lang='lat' dir='ltr'><strong>naturis</strong></span> <span class='ocrx_word' id='word_1_642' title='bbox 2507 3680 2898 3742; x_wconf 86' lang='lat' dir='ltr'><strong>adversantur,</strong></span> <span class='ocrx_word' id='word_1_643' title='bbox 2931 3687 2986 3733; x_wconf 89' lang='lat' dir='ltr'><strong>et</strong></span> <span class='ocrx_word' id='word_1_644' title='bbox 3014 3692 3206 3734; x_wconf 89' lang='lat' dir='ltr'><strong>earum</strong></span> <span class='ocrx_word' id='word_1_645' title='bbox 3236 3675 3606 3732; x_wconf 78' lang='lat' dir='ltr'><strong>diﬁ‘erentiam</strong></span> <span class='ocrx_word' id='word_1_646' title='bbox 3631 3693 3730 3733; x_wconf 86' lang='lat' dir='ltr'><strong>nc-</strong></span> 
     </span>
    </p>
   </div>
   <div class='ocr_carea' id='block_1_93' title="bbox 2136 3769 3727 3842">
    <p class='ocr_par' dir='ltr' id='par_1_93' title="bbox 2136 3769 3727 3842">
     <span class='ocr_line' id='line_1_93' title="bbox 2136 3769 3727 3842; baseline 0 -18"><span class='ocrx_word' id='word_1_647' title='bbox 2136 3781 2268 3842; x_wconf 83' lang='lat' dir='ltr'><strong>gant</strong></span> <span class='ocrx_word' id='word_1_648' title='bbox 2311 3779 2434 3841; x_wconf 89' lang='lat' dir='ltr'><strong>post</strong></span> <span class='ocrx_word' id='word_1_649' title='bbox 2470 3771 2753 3835; x_wconf 83' lang='lat' dir='ltr'><strong>unionem,</strong></span> <span class='ocrx_word' id='word_1_650' title='bbox 2792 3785 2855 3825; x_wconf 93' lang='lat' dir='ltr'><strong>ac</strong></span> <span class='ocrx_word' id='word_1_651' title='bbox 2885 3770 3254 3840; x_wconf 88' lang='lat' dir='ltr'><strong>proprietates</strong></span> <span class='ocrx_word' id='word_1_652' title='bbox 3292 3779 3349 3825; x_wconf 90' lang='lat' dir='ltr'><strong>et</strong></span> <span class='ocrx_word' id='word_1_653' title='bbox 3388 3770 3635 3825; x_wconf 86' lang='lat' dir='ltr'><strong>actiones</strong></span> <span class='ocrx_word' id='word_1_654' title='bbox 3670 3769 3727 3824; x_wconf 90' lang='lat' dir='ltr'><strong>in</strong></span> 
     </span>
    </p>
   </div>
   <div class='ocr_carea' id='block_1_94' title="bbox 2137 3861 3728 3933">
    <p class='ocr_par' dir='ltr' id='par_1_94' title="bbox 2137 3861 3728 3933">
     <span class='ocr_line' id='line_1_94' title="bbox 2137 3861 3728 3933; baseline -0.002 -14"><span class='ocrx_word' id='word_1_655' title='bbox 2137 3865 2221 3919; x_wconf 89' lang='lat' dir='ltr'><strong>eis</strong></span> <span class='ocrx_word' id='word_1_656' title='bbox 2247 3863 2514 3919; x_wconf 89' lang='lat' dir='ltr'><strong>scelerate</strong></span> <span class='ocrx_word' id='word_1_657' title='bbox 2561 3862 2930 3928; x_wconf 84' lang='lat' dir='ltr'><strong>confundunt,</strong></span> <span class='ocrx_word' id='word_1_658' title='bbox 2963 3878 3076 3918; x_wconf 91' lang='lat' dir='ltr'><strong>non</strong></span> <span class='ocrx_word' id='word_1_659' title='bbox 3109 3862 3281 3933; x_wconf 89' lang='lat' dir='ltr'><strong>magis</strong></span> <span class='ocrx_word' id='word_1_660' title='bbox 3311 3861 3560 3917; x_wconf 89' lang='lat' dir='ltr'><strong>ridemus</strong></span> <span class='ocrx_word' id='word_1_661' title='bbox 3596 3877 3728 3931; x_wconf 87' lang='lat' dir='ltr'><strong>pro-</strong></span> 
     </span>
    </p>
   </div>
   <div class='ocr_carea' id='block_1_95' title="bbox 2137 3957 3731 4027">
    <p class='ocr_par' dir='ltr' id='par_1_95' title="bbox 2137 3957 3731 4027">
     <span class='ocr_line' id='line_1_95' title="bbox 2137 3957 3731 4027; baseline -0.002 -15"><span class='ocrx_word' id='word_1_662' title='bbox 2137 3965 2260 4027; x_wconf 89' lang='lat' dir='ltr'><strong>pter</strong></span> <span class='ocrx_word' id='word_1_663' title='bbox 2280 3957 2578 4019; x_wconf 88' lang='lat' dir='ltr'><strong>inscitiam,</strong></span> <span class='ocrx_word' id='word_1_664' title='bbox 2599 3972 2763 4027; x_wconf 88' lang='lat' dir='ltr'><strong>quam</strong></span> <span class='ocrx_word' id='word_1_665' title='bbox 2787 3957 3042 4012; x_wconf 90' lang='lat' dir='ltr'><strong>dolemus</strong></span> <span class='ocrx_word' id='word_1_666' title='bbox 3068 3964 3125 4012; x_wconf 91' lang='lat' dir='ltr'><strong>et</strong></span> <span class='ocrx_word' id='word_1_667' title='bbox 3151 3957 3482 4012; x_wconf 90' lang='lat' dir='ltr'><strong>miseramur</strong></span> <span class='ocrx_word' id='word_1_668' title='bbox 3502 3965 3731 4027; x_wconf 89' lang='lat' dir='ltr'><strong>propter</strong></span> 
     </span>
    </p>
   </div>
   <div class='ocr_carea' id='block_1_96' title="bbox 2137 4046 3731 4120">
    <p class='ocr_par' dir='ltr' id='par_1_96' title="bbox 2137 4046 3731 4120">
     <span class='ocr_line' id='line_1_96' title="bbox 2137 4046 3731 4120; baseline -0.003 -16"><span class='ocrx_word' id='word_1_669' title='bbox 2137 4049 2497 4120; x_wconf 87' lang='lat' dir='ltr'><strong>impietatem,</strong></span> <span class='ocrx_word' id='word_1_670' title='bbox 2541 4051 2638 4120; x_wconf 90' lang='lat' dir='ltr'><strong>qui</strong></span> <span class='ocrx_word' id='word_1_671' title='bbox 2661 4051 2729 4105; x_wconf 88' lang='lat' dir='ltr'><strong>de</strong></span> <span class='ocrx_word' id='word_1_672' title='bbox 2762 4049 2928 4104; x_wconf 87' lang='lat' dir='ltr'><strong>modo</strong></span> <span class='ocrx_word' id='word_1_673' title='bbox 2968 4049 3192 4104; x_wconf 87' lang='lat' dir='ltr'><strong>unionis</strong></span> <span class='ocrx_word' id='word_1_674' title='bbox 3214 4057 3541 4102; x_wconf 89' lang='lat' dir='ltr'><strong>naturarum</strong></span> <span class='ocrx_word' id='word_1_675' title='bbox 3566 4046 3731 4102; x_wconf 89' lang='lat' dir='ltr'><strong>dubi-</strong></span> 
     </span>
    </p>
   </div>
   <div class='ocr_carea' id='block_1_97' title="bbox 2138 4143 3726 4222">
    <p class='ocr_par' dir='ltr' id='par_1_97' title="bbox 2138 4143 3726 4222">
     <span class='ocr_line' id='line_1_97' title="bbox 2138 4143 3726 4222; baseline -0.002 -26"><span class='ocrx_word' id='word_1_676' title='bbox 2138 4149 2290 4207; x_wconf 91' lang='lat' dir='ltr'><strong>tant,</strong></span> <span class='ocrx_word' id='word_1_677' title='bbox 2340 4159 2478 4213; x_wconf 89' lang='lat' dir='ltr'><strong>quas</strong></span> <span class='ocrx_word' id='word_1_678' title='bbox 2509 4159 2691 4222; x_wconf 80' lang='lat' dir='ltr'><strong>neque</strong></span> <span class='ocrx_word' id='word_1_679' title='bbox 2727 4143 3082 4208; x_wconf 87' lang='lat' dir='ltr'><strong>concedunt,</strong></span> <span class='ocrx_word' id='word_1_680' title='bbox 3130 4158 3311 4211; x_wconf 87' lang='lat' dir='ltr'><strong>neque</strong></span> <span class='ocrx_word' id='word_1_681' title='bbox 3343 4148 3557 4211; x_wconf 88' lang='lat' dir='ltr'><strong>ponunt</strong></span> <span class='ocrx_word' id='word_1_682' title='bbox 3582 4155 3726 4195; x_wconf 86' lang='lat' dir='ltr'><strong>esse.</strong></span> 
     </span>
    </p>
   </div>
   <div class='ocr_carea' id='block_1_98' title="bbox 2135 4232 3732 4306">
    <p class='ocr_par' dir='ltr' id='par_1_98' title="bbox 2135 4232 3732 4306">
     <span class='ocr_line' id='line_1_98' title="bbox 2135 4232 3732 4306; baseline -0.003 -16"><span class='ocrx_word' id='word_1_683' title='bbox 2135 4235 2438 4305; x_wconf 89' lang='lat' dir='ltr'><strong>Oportebat</strong></span> <span class='ocrx_word' id='word_1_684' title='bbox 2467 4237 2614 4292; x_wconf 91' lang='lat' dir='ltr'><strong>enim</strong></span> <span class='ocrx_word' id='word_1_685' title='bbox 2641 4236 2882 4306; x_wconf 90' lang='lat' dir='ltr'><strong>primum</strong></span> <span class='ocrx_word' id='word_1_686' title='bbox 2922 4236 3163 4306; x_wconf 90' lang='lat' dir='ltr'><strong>positum</strong></span> <span class='ocrx_word' id='word_1_687' title='bbox 3201 4249 3325 4289; x_wconf 91' lang='lat' dir='ltr'><strong>esse</strong></span> <span class='ocrx_word' id='word_1_688' title='bbox 3354 4243 3410 4288; x_wconf 90' lang='lat' dir='ltr'><strong>et</strong></span> <span class='ocrx_word' id='word_1_689' title='bbox 3449 4233 3616 4287; x_wconf 76' lang='lat' dir='ltr'><strong>ﬁxum</strong></span> <span class='ocrx_word' id='word_1_690' title='bbox 3649 4232 3732 4302; x_wconf 92' lang='lat' dir='ltr'><strong>ip-</strong></span> 
     </span>
    </p>
   </div>
   <div class='ocr_carea' id='block_1_99' title="bbox 2138 4324 3732 4398">
    <p class='ocr_par' dir='ltr' id='par_1_99' title="bbox 2138 4324 3732 4398">
     <span class='ocr_line' id='line_1_99' title="bbox 2138 4324 3732 4398; baseline -0.003 -16"><span class='ocrx_word' id='word_1_691' title='bbox 2138 4328 2236 4390; x_wconf 89' lang='lat' dir='ltr'><strong>sis,</strong></span> <span class='ocrx_word' id='word_1_692' title='bbox 2276 4344 2406 4382; x_wconf 25' lang='lat' dir='ltr'><strong>esser</strong></span> <span class='ocrx_word' id='word_1_693' title='bbox 2446 4338 2502 4382; x_wconf 90' lang='lat' dir='ltr'><strong>et</strong></span> <span class='ocrx_word' id='word_1_694' title='bbox 2545 4327 2753 4384; x_wconf 85' lang='lat' dir='ltr'><strong>servari</strong></span> <span class='ocrx_word' id='word_1_695' title='bbox 2783 4338 2906 4398; x_wconf 87' lang='lat' dir='ltr'><strong>post</strong></span> <span class='ocrx_word' id='word_1_696' title='bbox 2936 4327 3202 4382; x_wconf 89' lang='lat' dir='ltr'><strong>unionem</strong></span> <span class='ocrx_word' id='word_1_697' title='bbox 3231 4334 3487 4380; x_wconf 88' lang='lat' dir='ltr'><strong>naturam</strong></span> <span class='ocrx_word' id='word_1_698' title='bbox 3528 4324 3732 4380; x_wconf 82' lang='lat' dir='ltr'><strong>divini-</strong></span> 
     </span>
    </p>
   </div>
   <div class='ocr_carea' id='block_1_100' title="bbox 2141 4419 3732 4489">
    <p class='ocr_par' dir='ltr' id='par_1_100' title="bbox 2141 4419 3732 4489">
     <span class='ocr_line' id='line_1_100' title="bbox 2141 4419 3732 4489; baseline -0.003 -13"><span class='ocrx_word' id='word_1_699' title='bbox 2141 4421 2268 4476; x_wconf 90' lang='lat' dir='ltr'><strong>tatis</strong></span> <span class='ocrx_word' id='word_1_700' title='bbox 2296 4421 2523 4487; x_wconf 85' lang='lat' dir='ltr'><strong>Christi,</strong></span> <span class='ocrx_word' id='word_1_701' title='bbox 2558 4431 2614 4477; x_wconf 88' lang='lat' dir='ltr'><strong>et</strong></span> <span class='ocrx_word' id='word_1_702' title='bbox 2638 4430 2897 4476; x_wconf 87' lang='lat' dir='ltr'><strong>naturam</strong></span> <span class='ocrx_word' id='word_1_703' title='bbox 2943 4419 3306 4475; x_wconf 88' lang='lat' dir='ltr'><strong>humanitatis</strong></span> <span class='ocrx_word' id='word_1_704' title='bbox 3352 4420 3513 4489; x_wconf 89' lang='lat' dir='ltr'><strong>ejus;</strong></span> <span class='ocrx_word' id='word_1_705' title='bbox 3565 4425 3732 4488; x_wconf 90' lang='lat' dir='ltr'><strong>atquc</strong></span> 
     </span>
    </p>
   </div>
   <div class='ocr_carea' id='block_1_101' title="bbox 2139 4509 3728 4582">
    <p class='ocr_par' dir='ltr' id='par_1_101' title="bbox 2139 4509 3728 4582">
     <span class='ocr_line' id='line_1_101' title="bbox 2139 4509 3728 4582; baseline -0.001 -17"><span class='ocrx_word' id='word_1_706' title='bbox 2139 4511 2215 4566; x_wconf 88' lang='lat' dir='ltr'><strong>ita</strong></span> <span class='ocrx_word' id='word_1_707' title='bbox 2267 4511 2548 4582; x_wconf 87' lang='lat' dir='ltr'><strong>inquirere</strong></span> <span class='ocrx_word' id='word_1_708' title='bbox 2579 4520 2768 4582; x_wconf 87' lang='lat' dir='ltr'><strong>postea</strong></span> <span class='ocrx_word' id='word_1_709' title='bbox 2799 4511 3080 4582; x_wconf 93' lang='lat' dir='ltr'><strong>quomodo</strong></span> <span class='ocrx_word' id='word_1_710' title='bbox 3110 4527 3169 4566; x_wconf 91' lang='lat' dir='ltr'><strong>se</strong></span> <span class='ocrx_word' id='word_1_711' title='bbox 3204 4509 3615 4565; x_wconf 85' lang='lat' dir='ltr'><strong>habeantinter</strong></span> <span class='ocrx_word' id='word_1_712' title='bbox 3648 4523 3728 4572; x_wconf 83' lang='lat' dir='ltr'><strong>se,</strong></span> 
     </span>
    </p>
   </div>
   <div class='ocr_carea' id='block_1_102' title="bbox 2139 4599 3734 4672">
    <p class='ocr_par' dir='ltr' id='par_1_102' title="bbox 2139 4599 3734 4672">
     <span class='ocr_line' id='line_1_102' title="bbox 2139 4599 3734 4672; baseline -0.003 -16"><span class='ocrx_word' id='word_1_713' title='bbox 2139 4609 2196 4656; x_wconf 90' lang='lat' dir='ltr'><strong>et</strong></span> <span class='ocrx_word' id='word_1_714' title='bbox 2227 4603 2508 4670; x_wconf 84' lang='lat' dir='ltr'><strong>quomodo</strong></span> <span class='ocrx_word' id='word_1_715' title='bbox 2564 4603 2694 4658; x_wconf 91' lang='lat' dir='ltr'><strong>sint.</strong></span> <span class='ocrx_word' id='word_1_716' title='bbox 2751 4603 2928 4672; x_wconf 88' lang='lat' dir='ltr'><strong>llujus</strong></span> <span class='ocrx_word' id='word_1_717' title='bbox 2974 4601 3107 4656; x_wconf 88' lang='lat' dir='ltr'><strong>libri</strong></span> <span class='ocrx_word' id='word_1_718' title='bbox 3141 4602 3318 4672; x_wconf 82' lang='lat' dir='ltr'><strong>stylus</strong></span> <span class='ocrx_word' id='word_1_719' title='bbox 3353 4599 3734 4655; x_wconf 84' lang='lat' dir='ltr'><strong>conformatus</strong></span> 
     </span>
    </p>
   </div>
   <div class='ocr_carea' id='block_1_103' title="bbox 2138 4693 3730 4766">
    <p class='ocr_par' dir='ltr' id='par_1_103' title="bbox 2138 4693 3730 4766">
     <span class='ocr_line' id='line_1_103' title="bbox 2138 4693 3730 4766; baseline -0.002 -18"><span class='ocrx_word' id='word_1_720' title='bbox 2138 4701 2222 4748; x_wconf 89' lang='lat' dir='ltr'><strong>est</strong></span> <span class='ocrx_word' id='word_1_721' title='bbox 2253 4693 2698 4765; x_wconf 89' lang='lat' dir='ltr'><strong>indisputatione</strong></span> <span class='ocrx_word' id='word_1_722' title='bbox 2718 4704 2775 4750; x_wconf 88' lang='lat' dir='ltr'><strong>et</strong></span> <span class='ocrx_word' id='word_1_723' title='bbox 2798 4695 3038 4766; x_wconf 83' lang='lat' dir='ltr'><strong>dialogo,</strong></span> <span class='ocrx_word' id='word_1_724' title='bbox 3071 4695 3346 4764; x_wconf 89' lang='lat' dir='ltr'><strong>nihilque,</strong></span> <span class='ocrx_word' id='word_1_725' title='bbox 3382 4701 3442 4748; x_wconf 89' lang='lat' dir='ltr'><strong>ut</strong></span> <span class='ocrx_word' id='word_1_726' title='bbox 3463 4693 3730 4757; x_wconf 90' lang='lat' dir='ltr'><strong>arbitror,</strong></span> 
     </span>
    </p>
   </div>
   <div class='ocr_carea' id='block_1_104' title="bbox 2139 4785 3732 4858">
    <p class='ocr_par' dir='ltr' id='par_1_104' title="bbox 2139 4785 3732 4858">
     <span class='ocr_line' id='line_1_104' title="bbox 2139 4785 3732 4858; baseline -0.001 -18"><span class='ocrx_word' id='word_1_727' title='bbox 2139 4785 2394 4840; x_wconf 89' lang='lat' dir='ltr'><strong>relictum</strong></span> <span class='ocrx_word' id='word_1_728' title='bbox 2416 4795 2500 4841; x_wconf 90' lang='lat' dir='ltr'><strong>est</strong></span> <span class='ocrx_word' id='word_1_729' title='bbox 2518 4802 2713 4841; x_wconf 91' lang='lat' dir='ltr'><strong>eorum</strong></span> <span class='ocrx_word' id='word_1_730' title='bbox 2762 4804 2887 4858; x_wconf 83' lang='lat' dir='ltr'><strong>qua:</strong></span> <span class='ocrx_word' id='word_1_731' title='bbox 2910 4787 2978 4842; x_wconf 91' lang='lat' dir='ltr'><strong>ad</strong></span> <span class='ocrx_word' id='word_1_732' title='bbox 3007 4789 3346 4858; x_wconf 89' lang='lat' dir='ltr'><strong>propositam</strong></span> <span class='ocrx_word' id='word_1_733' title='bbox 3370 4785 3732 4857; x_wconf 71' lang='lat' dir='ltr'><strong>quaestionem</strong></span> 
     </span>
    </p>
   </div>
   <div class='ocr_carea' id='block_1_105' title="bbox 2139 4877 3735 4947">
    <p class='ocr_par' dir='ltr' id='par_1_105' title="bbox 2139 4877 3735 4947">
     <span class='ocr_line' id='line_1_105' title="bbox 2139 4877 3735 4947; baseline -0.001 -16"><span class='ocrx_word' id='word_1_734' title='bbox 2139 4877 2468 4947; x_wconf 86' lang='lat' dir='ltr'><strong>spectabant</strong></span> <span class='ocrx_word' id='word_1_735' title='bbox 2514 4887 2572 4934; x_wconf 91' lang='lat' dir='ltr'><strong>et</strong></span> <span class='ocrx_word' id='word_1_736' title='bbox 2616 4880 2907 4935; x_wconf 89' lang='lat' dir='ltr'><strong>commoda</strong></span> <span class='ocrx_word' id='word_1_737' title='bbox 2937 4887 3118 4936; x_wconf 92' lang='lat' dir='ltr'><strong>erant.</strong></span> <span class='ocrx_word' id='word_1_738' title='bbox 3152 4879 3232 4934; x_wconf 86' lang='lat' dir='ltr'><strong>Ne</strong></span> <span class='ocrx_word' id='word_1_739' title='bbox 3271 4887 3456 4934; x_wconf 89' lang='lat' dir='ltr'><strong>autem</strong></span> <span class='ocrx_word' id='word_1_740' title='bbox 3485 4891 3735 4947; x_wconf 79' lang='lat' dir='ltr'><strong>persona:</strong></span> 
     </span>
    </p>
   </div>
   <div class='ocr_carea' id='block_1_106' title="bbox 2140 4969 3732 5042">
    <p class='ocr_par' dir='ltr' id='par_1_106' title="bbox 2140 4969 3732 5042">
     <span class='ocr_line' id='line_1_106' title="bbox 2140 4969 3732 5042; baseline -0.002 -17"><span class='ocrx_word' id='word_1_741' title='bbox 2140 4969 2655 5038; x_wconf 85' lang='lat' dir='ltr'><strong>conﬁtnderentur;</strong></span> <span class='ocrx_word' id='word_1_742' title='bbox 2691 4988 2928 5042; x_wconf 89' lang='lat' dir='ltr'><strong>persona</strong></span> <span class='ocrx_word' id='word_1_743' title='bbox 2963 4973 3275 5028; x_wconf 89' lang='lat' dir='ltr'><strong>dubitantis</strong></span> <span class='ocrx_word' id='word_1_744' title='bbox 3309 4971 3478 5026; x_wconf 86' lang='lat' dir='ltr'><strong>habet</strong></span> <span class='ocrx_word' id='word_1_745' title='bbox 3518 4969 3732 5024; x_wconf 88' lang='lat' dir='ltr'><strong>stellam</strong></span> 
     </span>
    </p>
   </div>
   <div class='ocr_carea' id='block_1_107' title="bbox 2143 5061 3733 5135">
    <p class='ocr_par' dir='ltr' id='par_1_107' title="bbox 2143 5061 3733 5135">
     <span class='ocr_line' id='line_1_107' title="bbox 2143 5061 3733 5135; baseline -0.001 -20"><span class='ocrx_word' id='word_1_746' title='bbox 2143 5061 2461 5134; x_wconf 84' lang='lat' dir='ltr'><strong>insignitam</strong></span> <span class='ocrx_word' id='word_1_747' title='bbox 2487 5081 2501 5118; x_wconf 89' lang='lat'><strong>:</strong></span> <span class='ocrx_word' id='word_1_748' title='bbox 2528 5081 2763 5135; x_wconf 84' lang='lat' dir='ltr'><strong>persona</strong></span> <span class='ocrx_word' id='word_1_749' title='bbox 2798 5066 3066 5122; x_wconf 89' lang='lat' dir='ltr'><strong>solventis</strong></span> <span class='ocrx_word' id='word_1_750' title='bbox 3102 5064 3480 5126; x_wconf 87' lang='lat' dir='ltr'><strong>dubitationes</strong></span> <span class='ocrx_word' id='word_1_751' title='bbox 3505 5061 3733 5132; x_wconf 82' lang='lat' dir='ltr'><strong>ﬁguram</strong></span> 
     </span>
    </p>
   </div>
   <div class='ocr_carea' id='block_1_108' title="bbox 2142 5153 3731 5229">
    <p class='ocr_par' dir='ltr' id='par_1_108' title="bbox 2142 5153 3731 5229">
     <span class='ocr_line' id='line_1_108' title="bbox 2142 5153 3731 5229; baseline -0.003 -19"><span class='ocrx_word' id='word_1_752' title='bbox 2142 5157 2344 5212; x_wconf 91' lang='lat' dir='ltr'><strong>crucis.</strong></span> <span class='ocrx_word' id='word_1_753' title='bbox 2366 5158 2478 5213; x_wconf 87' lang='lat' dir='ltr'><strong>Nec</strong></span> <span class='ocrx_word' id='word_1_754' title='bbox 2497 5159 2549 5212; x_wconf 91' lang='lat' dir='ltr'><strong>id</strong></span> <span class='ocrx_word' id='word_1_755' title='bbox 2574 5159 2796 5229; x_wconf 91' lang='lat' dir='ltr'><strong>quidem</strong></span> <span class='ocrx_word' id='word_1_756' title='bbox 2821 5159 3026 5214; x_wconf 82' lang='lat' dir='ltr'><strong>factum</strong></span> <span class='ocrx_word' id='word_1_757' title='bbox 3053 5168 3139 5213; x_wconf 90' lang='lat' dir='ltr'><strong>est</strong></span> <span class='ocrx_word' id='word_1_758' title='bbox 3162 5167 3390 5212; x_wconf 86' lang='lat' dir='ltr'><strong>temere.</strong></span> <span class='ocrx_word' id='word_1_759' title='bbox 3425 5153 3560 5208; x_wconf 81' lang='lat' dir='ltr'><strong>Nota</strong></span> <span class='ocrx_word' id='word_1_760' title='bbox 3584 5153 3731 5209; x_wconf 90' lang='lat' dir='ltr'><strong>enim</strong></span> 
     </span>
    </p>
   </div>
   <div class='ocr_carea' id='block_1_109' title="bbox 2143 5246 3735 5321">
    <p class='ocr_par' dir='ltr' id='par_1_109' title="bbox 2143 5246 3735 5321">
     <span class='ocr_line' id='line_1_109' title="bbox 2143 5246 3735 5321; baseline -0.004 -18"><span class='ocrx_word' id='word_1_761' title='bbox 2143 5249 2315 5304; x_wconf 82' lang='lat' dir='ltr'><strong>stella:</strong></span> <span class='ocrx_word' id='word_1_762' title='bbox 2345 5250 2720 5321; x_wconf 89' lang='lat' dir='ltr'><strong>signiﬁcamus</strong></span> <span class='ocrx_word' id='word_1_763' title='bbox 2761 5259 3007 5315; x_wconf 89' lang='lat' dir='ltr'><strong>tenuem,</strong></span> <span class='ocrx_word' id='word_1_764' title='bbox 3038 5259 3232 5306; x_wconf 86' lang='lat' dir='ltr'><strong>etnon</strong></span> <span class='ocrx_word' id='word_1_765' title='bbox 3271 5246 3598 5317; x_wconf 78' lang='lat' dir='ltr'><strong>explicatam</strong></span> <span class='ocrx_word' id='word_1_766' title='bbox 3641 5261 3735 5299; x_wconf 77' lang='lat' dir='ltr'><strong>co—</strong></span> 
     </span>
    </p>
   </div>
   <div class='ocr_carea' id='block_1_110' title="bbox 2144 5338 3731 5411">
    <p class='ocr_par' dir='ltr' id='par_1_110' title="bbox 2144 5338 3731 5411">
     <span class='ocr_line' id='line_1_110' title="bbox 2144 5338 3731 5411; baseline -0.003 -18"><span class='ocrx_word' id='word_1_767' title='bbox 2144 5341 2448 5410; x_wconf 79' lang='lat' dir='ltr'><strong>gnitionem</strong></span> <span class='ocrx_word' id='word_1_768' title='bbox 2480 5357 2730 5411; x_wconf 81' lang='lat' dir='ltr'><strong>persona:</strong></span> <span class='ocrx_word' id='word_1_769' title='bbox 2776 5341 3118 5407; x_wconf 89' lang='lat' dir='ltr'><strong>dubitantis;</strong></span> <span class='ocrx_word' id='word_1_770' title='bbox 3153 5338 3499 5394; x_wconf 67' lang='lat' dir='ltr'><strong>defensorem</strong></span> <span class='ocrx_word' id='word_1_771' title='bbox 3547 5343 3731 5390; x_wconf 87' lang='lat' dir='ltr'><strong>autem</strong></span> 
     </span>
    </p>
   </div>
   <div class='ocr_carea' id='block_1_111' title="bbox 2146 5430 3734 5502">
    <p class='ocr_par' dir='ltr' id='par_1_111' title="bbox 2146 5430 3734 5502">
     <span class='ocr_line' id='line_1_111' title="bbox 2146 5430 3734 5502; baseline -0.001 -17"><span class='ocrx_word' id='word_1_772' title='bbox 2146 5431 2397 5487; x_wconf 88' lang='lat' dir='ltr'><strong>veritatis</strong></span> <span class='ocrx_word' id='word_1_773' title='bbox 2439 5441 2644 5502; x_wconf 70' lang='lat' dir='ltr'><strong>tropaeo</strong></span> <span class='ocrx_word' id='word_1_774' title='bbox 2689 5433 2874 5488; x_wconf 90' lang='lat' dir='ltr'><strong>crucis</strong></span> <span class='ocrx_word' id='word_1_775' title='bbox 2907 5431 3265 5486; x_wconf 83' lang='lat' dir='ltr'><strong>armavimus.</strong></span> <span class='ocrx_word' id='word_1_776' title='bbox 3316 5431 3412 5488; x_wconf 84' lang='lat' dir='ltr'><strong>Est</strong></span> <span class='ocrx_word' id='word_1_777' title='bbox 3433 5440 3619 5487; x_wconf 86' lang='lat' dir='ltr'><strong>autem</strong></span> <span class='ocrx_word' id='word_1_778' title='bbox 3652 5430 3734 5484; x_wconf 89' lang='lat' dir='ltr'><strong>in-</strong></span> 
     </span>
    </p>
   </div>
   <div class='ocr_carea' id='block_1_112' title="bbox 2147 5524 3736 5596">
    <p class='ocr_par' dir='ltr' id='par_1_112' title="bbox 2147 5524 3736 5596">
     <span class='ocr_line' id='line_1_112' title="bbox 2147 5524 3736 5596; baseline -0.003 -16"><span class='ocrx_word' id='word_1_779' title='bbox 2147 5524 2388 5595; x_wconf 86' lang='lat' dir='ltr'><strong>scriptus</strong></span> <span class='ocrx_word' id='word_1_780' title='bbox 2436 5525 2526 5580; x_wconf 91' lang='lat' dir='ltr'><strong>hic</strong></span> <span class='ocrx_word' id='word_1_781' title='bbox 2564 5525 2739 5591; x_wconf 88' lang='lat' dir='ltr'><strong>liber,</strong></span> <span class='ocrx_word' id='word_1_782' title='bbox 2777 5525 3039 5580; x_wconf 78' lang='lat' dir='ltr'><strong>Adversus</strong></span> <span class='ocrx_word' id='word_1_783' title='bbox 3078 5542 3163 5580; x_wconf 75' lang='lat' dir='ltr'><strong>eos</strong></span> <span class='ocrx_word' id='word_1_784' title='bbox 3200 5525 3290 5596; x_wconf 84' lang='lat' dir='ltr'><strong>qui</strong></span> <span class='ocrx_word' id='word_1_785' title='bbox 3337 5540 3402 5578; x_wconf 77' lang='lat' dir='ltr'><strong>ea:</strong></span> <span class='ocrx_word' id='word_1_786' title='bbox 3444 5526 3637 5579; x_wconf 67' lang='lat' dir='ltr'><strong>nostris</strong></span> <span class='ocrx_word' id='word_1_787' title='bbox 3681 5540 3736 5576; x_wconf 78' lang='lat' dir='ltr'><strong>se</strong></span> 
     </span>
    </p>
   </div>
   <div class='ocr_carea' id='block_1_113' title="bbox 2148 5615 3736 5689">
    <p class='ocr_par' dir='ltr' id='par_1_113' title="bbox 2148 5615 3736 5689">
     <span class='ocr_line' id='line_1_113' title="bbox 2148 5615 3736 5689; baseline -0.004 -16"><span class='ocrx_word' id='word_1_788' title='bbox 2148 5617 2511 5685; x_wconf 74' lang='lat' dir='ltr'><strong>adjunxcrunt</strong></span> <span class='ocrx_word' id='word_1_789' title='bbox 2539 5618 2608 5672; x_wconf 87' lang='lat' dir='ltr'><strong>ad</strong></span> <span class='ocrx_word' id='word_1_790' title='bbox 2645 5627 2952 5689; x_wconf 81' lang='lat' dir='ltr'><strong>corruptam</strong></span> <span class='ocrx_word' id='word_1_791' title='bbox 2979 5619 3297 5672; x_wconf 72' lang='lat' dir='ltr'><strong>sententia»:</strong></span> <span class='ocrx_word' id='word_1_792' title='bbox 3342 5615 3736 5688; x_wconf 74' lang='lat' dir='ltr'><strong>Apht.‘mrtodo-</strong></span> 
     </span>
    </p>
   </div>
   <div class='ocr_carea' id='block_1_114' title="bbox 2148 5707 3734 5780">
    <p class='ocr_par' dir='ltr' id='par_1_114' title="bbox 2148 5707 3734 5780">
     <span class='ocr_line' id='line_1_114' title="bbox 2148 5707 3734 5780; baseline -0.002 -18"><span class='ocrx_word' id='word_1_793' title='bbox 2148 5716 2404 5772; x_wconf 81' lang='lat' dir='ltr'><strong>cetarum,</strong></span> <span class='ocrx_word' id='word_1_794' title='bbox 2446 5708 2498 5764; x_wconf 92' lang='lat' dir='ltr'><strong>id</strong></span> <span class='ocrx_word' id='word_1_795' title='bbox 2533 5718 2619 5765; x_wconf 89' lang='lat' dir='ltr'><strong>est</strong></span> <span class='ocrx_word' id='word_1_796' title='bbox 2651 5725 2842 5765; x_wconf 90' lang='lat' dir='ltr'><strong>eorum</strong></span> <span class='ocrx_word' id='word_1_797' title='bbox 2889 5711 2984 5780; x_wconf 89' lang='lat' dir='ltr'><strong>qui</strong></span> <span class='ocrx_word' id='word_1_798' title='bbox 3012 5724 3214 5780; x_wconf 88' lang='lat' dir='ltr'><strong>corpus</strong></span> <span class='ocrx_word' id='word_1_799' title='bbox 3243 5707 3452 5764; x_wconf 89' lang='lat' dir='ltr'><strong>Christi</strong></span> <span class='ocrx_word' id='word_1_800' title='bbox 3486 5715 3614 5762; x_wconf 89' lang='lat' dir='ltr'><strong>ante</strong></span> <span class='ocrx_word' id='word_1_801' title='bbox 3645 5721 3734 5760; x_wconf 91' lang='lat' dir='ltr'><strong>rc-</strong></span> 
     </span>
    </p>
   </div>
   <div class='ocr_carea' id='block_1_115' title="bbox 2147 5797 3736 5875">
    <p class='ocr_par' dir='ltr' id='par_1_115' title="bbox 2147 5797 3736 5875">
     <span class='ocr_line' id='line_1_115' title="bbox 2147 5797 3736 5875; baseline -0.001 -20"><span class='ocrx_word' id='word_1_802' title='bbox 2147 5802 2547 5858; x_wconf 87' lang='lat' dir='ltr'><strong>surrectioncm</strong></span> <span class='ocrx_word' id='word_1_803' title='bbox 2583 5803 3008 5875; x_wconf 88' lang='lat' dir='ltr'><strong>incorruptibilc</strong></span> <span class='ocrx_word' id='word_1_804' title='bbox 3042 5801 3211 5857; x_wconf 82' lang='lat' dir='ltr'><strong>fuisse</strong></span> <span class='ocrx_word' id='word_1_805' title='bbox 3257 5808 3549 5857; x_wconf 79' lang='lat' dir='ltr'><strong>senserunt</strong></span> <span class='ocrx_word' id='word_1_806' title='bbox 3574 5839 3588 5867; x_wconf 93' lang='lat'><strong>,</strong></span> <span class='ocrx_word' id='word_1_807' title='bbox 3615 5797 3736 5853; x_wconf 86' lang='lat' dir='ltr'><strong>dia-</strong></span> 
     </span>
    </p>
   </div>
   <div class='ocr_carea' id='block_1_116' title="bbox 2147 5895 2322 5964">
    <p class='ocr_par' dir='ltr' id='par_1_116' title="bbox 2147 5895 2322 5964">
     <span class='ocr_line' id='line_1_116' title="bbox 2147 5895 2322 5964; baseline -0.006 -13"><span class='ocrx_word' id='word_1_808' title='bbox 2147 5895 2322 5964; x_wconf 79' lang='lat' dir='ltr'><strong>IOgus.</strong></span> 
     </span>
    </p>
   </div>
  </div>
