4120 6452
453 427 586 495 1271

517 536 744 592 Tertius
777 535 920 591 liber
943 535 1192 590 continet
1217 534 1652 590 conl'utationem
1686 549 1879 589 eorum
1939 532 2031 602 qui
2063 538 2112 596 Α

444 631 709 688 simulant
743 643 802 683 se
839 635 1028 683 tenere
1060 641 1312 696 magnam
1348 636 1404 681 et
1433 626 1835 681 meumenicam
1897 641 2026 697 syn-

441 718 1161 780 odumChalcedonensem,
1200 725 1256 772 et
1281 714 1757 770 sunthstoriani.
1789 715 1851 768 l-li
1881 714 2026 768 sicut

438 822 494 869 et
532 811 734 878 reliqui
759 809 1053 866 haeresium
1104 818 1449 872 sectatores,
1497 807 1756 862 videntur
1809 807 2025 861 divinas

437 903 754 973 Scripturas
779 913 835 957 et
863 901 1180 970 superiores
1206 899 1444 970 synodos
1465 899 1736 968 recipere,
1759 912 1871 952 non
1897 898 2024 968 qui-

436 994 560 1050 dem
592 993 740 1065 quod
770 992 1077 1048 secundum
1103 1007 1198 1046 eas
1230 992 1495 1054 sentiant,
1529 990 1624 1045 sed
1672 999 1732 1045 ut
1765 990 2023 1059 impieta-

435 1099 544 1140 tem
571 1101 727 1141 suam
756 1084 825 1140 ad
849 1082 1211 1153 decipiendos
1255 1082 1626 1151 simpliciores
1661 1080 1764 1135 hac
1794 1080 2022 1134 simula—

433 1179 584 1234 tione
611 1185 818 1249 tegant,
852 1177 996 1232 sicut
1020 1175 1398 1246 Apollinarius
1427 1185 1481 1228 et
1500 1173 1856 1228 Macedonius
1893 1188 2023 1244 syn-

431 1270 603 1325 odum
631 1271 932 1330 Nicmnam,
960 1279 1014 1322 et
1035 1267 1536 1336 Nestoriusprzeter
1555 1265 1827 1320 Nicaenam
1856 1264 2022 1320 etiam

429 1363 1102 1433 (lonstantinopolitanam
1125 1379 1138 1414 :
1164 1361 1444 1432 Eutyches
1465 1367 1667 1428 praeter
1683 1357 1839 1422 alias,
1857 1358 2023 1413 etiam

430 1455 707 1531 synodum
739 1455 1100 1525 Ephesinam.
1160 1453 1251 1508 Sic
1284 1452 1449 1508 etiam
1485 1451 1543 1505 lii
1581 1449 1848 1505 simulant
1895 1462 2023 1502 san-

368 1562 377 1633 ;
432 1565 578 1608 ctam
607 1549 878 1622 synodum
909 1548 1440 1611 Clialcedonensem,
1484 1554 1602 1600 tum
1645 1554 1705 1599 ut
1735 1543 1888 1614 gravi
1921 1558 2022 1598 au-

432 1645 692 1700 ctoritate
722 1657 1082 1714 personarum
1113 1641 1234 1711 ejus
1264 1640 1605 1710 impietatem
1635 1653 1789 1693 suam
1819 1637 2020 1700 celent,

432 1748 550 1793 tum
583 1744 644 1790 ut
671 1735 813 1789 viam
837 1735 944 1790 sibi
975 1734 1226 1788 muniant
1254 1731 1323 1787 ad
1355 1730 1782 1802 oppugnandam
1813 1730 2023 1784 verita-

428 1838 562 1884 tem.
598 1828 843 1896 Quorum
869 1827 1171 1883 versutiam
1209 1842 1335 1883 cum
1369 1826 1652 1896 impietate
1685 1823 2021 1894 implicatam

427 1934 554 1973 cum
582 1919 842 1989 detegere
877 1933 939 1973 ac
963 1916 1202 1987 prodere
1232 1917 1526 1981 vellemus,
1579 1914 1646 1971 ad
1681 1913 1894 1984 primos
1918 1913 2020 1968 Pa-

429 2020 540 2067 tres
595 2012 716 2083 ejus
769 2010 1072 2081 impietatis
1120 2008 1556 2065 confutationem
1607 2004 2014 2066 revocavimus,

423 2102 776 2173 proferentes
811 2103 866 2157 in
893 2110 1148 2173 apertum
1190 2117 1385 2158 eorum
1441 2101 1686 2173 origines
1727 2108 1784 2154 et
1836 2099 2019 2153 fontes

425 2195 754 2266 impietatis,
790 2202 852 2249 ut
877 2195 958 2250 sic
977 2209 1076 2250 eos
1108 2195 1281 2250 semel
1305 2192 1541 2264 simplici
1577 2191 1810 2246 veritate
1865 2191 2016 2244 clau-

425 2286 582 2352 dere,
605 2293 876 2342 eteorum
899 2286 1200 2342 ﬂuxionem
1225 2286 1449 2355 impiam
1467 2284 1873 2363 interrumpere
1899 2291 2017 2336 stu-

424 2380 704 2435 deremus.
738 2379 854 2436 Hoc
890 2381 1042 2436 enim
1065 2379 1228 2435 modo
1264 2379 1516 2450 reliquus
1552 2376 1733 2431 ﬂuxus
1763 2374 2014 2443 impieta-

426 2472 498 2528 tis
521 2471 821 2527 delebitur.
853 2470 1140 2542 Siquidem
1166 2481 1364 2528 natura
1390 2478 1768 2541 comparatum
1813 2478 1899 2523 est
1932 2475 2013 2531 ut,

425 2564 603 2620 initiis
631 2563 902 2620 malorum
925 2564 1237 2629 exstinctis,
1257 2579 1379 2633 quae
1403 2578 1469 2618 ex
1493 2563 1576 2618 eis
1601 2559 1844 2632 profecta
1863 2569 2015 2624 sunt,

427 2653 593 2708 simul
610 2652 1060 2724 exstinguantur.
1083 2651 1315 2708 Librum
1352 2661 1537 2707 autem
1574 2649 2014 2705 confutationum

428 2745 485 2799 in
514 2746 694 2816 capita
725 2743 1082 2800 distinximus
1107 2783 1122 2811 ,
1172 2744 1416 2814 ascripto
1466 2759 1700 2801 numero
1747 2742 1802 2796 in
1838 2738 2017 2796 fronte

427 2838 697 2908 cujusque
722 2837 940 2908 capitis.
972 2838 1069 2893 Est
1118 2847 1304 2892 autem
1360 2837 1663 2905 inscriptus
1714 2833 1858 2888 liber
1895 2832 2015 2886 sic:

427 2929 505 2984 De
535 2931 699 2984 tacita
740 2930 1080 2985 simulatione
1107 2938 1157 2982 et
1194 2929 1397 2999 origine
1426 2928 1718 2998 impietatis
1743 2924 2020 2980 Nestoriu—

427 3038 647 3088 norum,
697 3031 747 3077 et
796 3024 859 3076 de
883 3039 1066 3078 eorum
1119 3023 1371 3077 Patrisz
1401 3021 1691 3091 patefactio
1731 3029 1778 3072 et
1831 3020 2016 3072 trium-

426 3117 581 3186 gilius.

500 3490 608 3545 Eos
638 3503 775 3543 vero
794 3487 890 3557 qui
923 3486 1072 3542 hunc
1101 3486 1303 3542 librum
1339 3485 1537 3542 lecturi
1567 3494 1718 3548 sunt,
1763 3499 2018 3553 rogamus
2047 3489 2087 3542 C

434 3578 732 3635 utveniam
761 3578 918 3642 dent,
960 3577 1140 3634 sicubi
1174 3577 1511 3633 adversariis
1562 3577 1772 3647 plagam
1826 3579 2020 3634 morti-

433 3676 604 3728 feram
631 3688 742 3728 non
772 3672 1092 3737 inﬂiximus,
1130 3682 1185 3726 et
1222 3673 1510 3726 veritatem
1547 3671 1823 3727 inﬁrmius
1853 3688 2016 3741 quam

432 3780 534 3836 par
553 3771 695 3830 erat,
732 3763 1048 3821 defendisse
1082 3764 1418 3831 videbimur.
1450 3764 1495 3820 A
1529 3763 1854 3821 disserendo
1894 3765 2018 3835 qui-

432 3855 558 3910 dem
586 3870 686 3925 pro
706 3855 974 3927 dignitate
1007 3871 1197 3912 rerum
1225 3872 1420 3912 omnes
1435 3856 1690 3912 similiter
1715 3858 1981 3913 absumus
2005 3877 2016 3911 :

435 3945 621 4001 studio
647 3963 781 4002 vero
810 3957 865 4002 ct
904 3963 1092 4004 amore
1147 3948 1368 4019 pietatis
1420 3948 1562 4004 alius
1617 3947 1727 4003 alio
1772 3958 2016 4019 praestat.

434 4039 825 4110 Unusquisque
862 4049 923 4095 ut
951 4042 1058 4097 erit
1103 4051 1464 4112 prwparatus,
1505 4043 1580 4096 ita
1629 4057 1760 4096 sane
1798 4055 2019 4096 mensu-

435 4147 549 4186 ram
583 4133 774 4203 gratim
819 4133 1076 4202 accipiet.
1119 4134 1236 4189 lloc
1291 4137 1458 4189 etiam
1495 4134 1758 4190 lectorem
1802 4142 2020 4189 oratum

432 4223 624 4290 velim,
654 4233 714 4279 ut
743 4224 789 4280 si
830 4225 963 4296 quid
1013 4225 1117 4296 ipsi
1153 4240 1264 4281 non
1306 4225 1439 4281 satis
1474 4225 1746 4295 explicate
1792 4243 1821 4282 a
1856 4225 2022 4282 nobis

433 4315 645 4370 dictum
709 4331 832 4372 esse
910 4316 1216 4383 videbitur,
1264 4326 1360 4372 aut
1423 4326 1654 4387 propter
1709 4317 2018 4374 abstrusam

434 4408 820 4479 quaestionem,
874 4419 970 4465 aut
1015 4418 1247 4481 PrOpter
1281 4410 1647 4481 quarumdam
1681 4427 1879 4468 vocum
1922 4427 2019 4466 va-

433 4501 634 4555 riatam
691 4501 1154 4574 signiﬁcationem
1204 4519 1268 4559 ac
1317 4504 1746 4574 proprietatem,
1795 4522 1864 4561 ne
1915 4505 2021 4561 hoc

434 4605 562 4646 cum
590 4592 831 4663 primum
879 4593 1108 4665 legerit,
1146 4595 1439 4666 improbet.
1470 4596 1608 4653 Cum
1643 4599 1790 4652 enim
1820 4599 2021 4654 iterum

433 4692 491 4739 et
535 4683 736 4754 saepius
789 4700 913 4756 quae
964 4685 1112 4741 dicta
1166 4697 1295 4744 sunt
1359 4689 1848 4756 animadverterit,
1890 4705 2021 4745 sen-

437 4775 670 4828 tentiam
711 4791 905 4832 eorum
965 4793 1088 4847 qua:
1146 4779 1412 4835 dicuntur
1460 4781 1810 4851 explanatam
1856 4797 2018 4852 repe-

437 4869 562 4924 riet.
600 4868 848 4925 Perfecta
891 4886 1025 4927 vero
1066 4887 1164 4943 per
1193 4889 1252 4929 se
1306 4889 1520 4931 merces
1568 4875 1775 4931 laboris
1798 4875 1852 4930 in
1875 4891 2022 4946 quae-

437 4963 608 5019 rendo
657 4963 847 5034 positi,
883 4966 996 5022 erit
1041 4967 1296 5024 veritatis
1326 4969 1596 5024 inventio.
1651 4969 2025 5024 Auctoritates

435 5058 602 5114 etiam
625 5075 751 5115 cum
790 5060 857 5116 iis
887 5077 1010 5132 quae
1043 5077 1073 5117 a
1105 5063 1265 5120 nobis
1287 5064 1532 5134 exposita
1560 5074 1710 5130 sunt,
1736 5064 2022 5129 facientes,

437 5153 667 5226 singulis
713 5153 872 5210 libris
899 5155 1256 5228 subjecimus,
1297 5166 1358 5211 ut
1385 5157 1674 5214 veritatem
1707 5158 2024 5214 testimonio

437 5246 795 5319 antiquorum
834 5249 1312 5309 eonﬁrmaremus.
1826 5239 1829 5242 ’

1702 425 2016 484 LEONTII
2060 425 2464 488 BYZANTINI

3584 411 3726 476 127?.

2222 539 2280 592 Ὀ
2324 540 2379 594 δὲ
2413 541 2597 610 τρίτος
2650 538 2744 591 καὶ
2796 533 3107 596 τελευταῖος
3140 531 3238 602 τὴν
3267 527 3584 598 ἀνατροπὴν
3611 526 3725 598 ἔχει

2129 633 2272 685 κατὰ
2302 631 2414 685 τῶν
2449 628 2902 700 ὑποκριναμένων
2930 626 3032 696 τὴν
3071 621 3321 695 μεγάλην
3343 619 3441 673 καὶ
3469 618 3726 688 οίκουμε-

2128 726 2284 796 νικὴν
2317 723 2539 778 σύνοδον
2583 722 2683 794 τὴν
2713 722 2772 774 ἐν
2810 716 3141 790 Χαλκηδόνι,
3188 713 3286 768 καλ¹
3322 712 3390 766 τά
3419 710 3720 783 Νεστορίου

2129 817 2566 890 πρεσϐευόντων.
2607 809 2770 868 Οὗτοι
2797 812 2926 883 γάρ,
2953 812 3142 878 ὥσπερ
3184 806 3380 878 ἀμέλει
3407 805 3500 858 καὶ
3524 803 3574 856 οί
3605 802 3721 855 λοι-

2128 911 2220 965 πολ¹
2249 911 2359 963 τῶν
2390 909 2656 981 αἱρέσεων
2683 907 2910 977 μύσται,
2932 901 3033 966 τάς
3061 919 3120 955 τε
3149 899 3302 964 θείας
3329 897 3580 971 Γραφάς,
3625 895 3725 949 καὶ

2125 1005 2224 1068 τὰς
2256 1002 2726 1075 προηγησαμένας
2774 998 2936 1068 ἁγίας
2965 994 3219 1056 συνόδους
3266 989 3593 1062 προσίεσθαι
3635 988 3724 1042 δο-

2127 1094 2316 1149 κοῦσιν
2345 1111 2357 1125 ·
2391 1094 2452 1147 ού
2486 1093 2815 1165 φρονοῦντες
2848 1091 2948 1160 μὲν
2974 1087 3095 1142 κατ’
3119 1085 3313 1151 αύτάς,
3347 1081 3724 1156 προκάλυμμα

2125 1185 2184 1240 δὲ
2218 1185 2316 1254 τῆς
2349 1183 2528 1238 αὐτῶν
2570 1182 2828 1246 ἀσεϐείας
2868 1179 3078 1241 ταύτας
3108 1175 3445 1246 ποιούμενοι,
3479 1171 3616 1242 πρὸς
3646 1171 3724 1236 ἐξ·

2126 1279 2343 1348 απάτην
2364 1276 2474 1330 τῶν
2507 1274 2914 1344 ἁπλουστέρων·
2943 1265 3056 1325 οἷον
3085 1268 3461 1338 Ἀπολινάριος
3499 1265 3598 1336 μὲν
3627 1266 3722 1318 καὶ

2126 1367 2484 1430 Μακεδόνιος,
2508 1365 2606 1437 τὴν
2639 1366 2698 1419 ἐν
2728 1364 2951 1434 Νικαίᾳο
2995 1360 3294 1430 Νεστόριος
3325 1358 3382 1411 δὲ
3414 1357 3551 1428 πρὸς
3583 1355 3720 1410 ταύ-

2125 1478 2216 1532 τῃ,
2242 1459 2336 1513 καλ⁵
2366 1458 2466 1528 τὴν
2497 1459 2554 1511 ἐν
2592 1452 3190 1511 Κωνσταντινουπόλειο
3218 1451 3469 1521 Εύτυχῆς
3492 1449 3550 1503 δὲ
3582 1449 3721 1518 πρὸς

2124 1555 2247 1615 ταῖς
2277 1551 2487 1616 ἄλλαις,
2522 1551 2620 1604 καὶ
2662 1550 2762 1619 τὴν
2809 1551 2866 1602 ἐν
2899 1548 3134 1618 Ἐφέσῳ.
3162 1544 3323 1600 Οὕτω
3350 1545 3409 1600 δὲ
3448 1545 3544 1600 καὶ
3573 1538 3721 1599 οῦτοι

2124 1645 2222 1715 τὴν
2269 1646 2325 1697 ἐν
2366 1643 2678 1713 Χαλκηδόνι
2707 1642 2874 1710 ἁγίαν
2912 1641 3304 1713 ὑποκρίνονται
3332 1639 3570 1704 σύνοδον,
3603 1637 3721 1709 ἃμα

2128 1736 2230 1806 μὲν
2263 1736 2364 1806 τὴν
2392 1735 2606 1790 ἑαυτῶν
2662 1735 2921 1791 ἀσέϐειαν
2955 1733 3440 1803 συγκαλύπτοντες
3468 1735 3536 1804 τῇ
3572 1730 3716 1797 ἀξιο-

2128 1829 2322 1900 πιστία
2383 1829 2494 1882 τῶν
2563 1828 2916 1899 προσώπων,
2975 1829 3093 1899 ἅμα
3141 1827 3201 1880 δὲ
3277 1825 3462 1895 σφίσιν
3530 1824 3718 1888 αὐτοῖς

2126 1920 2608 1992 προοδοποιοῦντες
2671 1921 2769 1992 τὴν
2828 1919 2974 1974 κατά
3037 1919 3136 1991 τῆς
3207 1917 3468 1989 ἀληθείας
3535 1915 3721 1986 ἐγχεί-

2127 2033 2306 2087 ρησιν.
2369 2008 2468 2067 Ὧν
2532 2016 2634 2082 τὴν
2697 2013 3038 2084 πανουργίαν
3072 2053 3087 2078 ,
3127 2010 3266 2082 μετά
3321 2010 3422 2081 τῆς
3504 2023 3719 2079 συμπε-

2123 2108 2438 2179 πλεγμένης
2507 2106 2798 2171 ἀσεϐείας,
2831 2104 3182 2175 ἀνακαλύψαι
3240 2102 3592 2174 βουλόμενοι,
3626 2100 3722 2153 ἐπὶ

2121 2202 2250 2263 τοὺς
2309 2200 2560 2266 πρώτους
2619 2197 2801 2251 αὐτῶν
2849 2197 2951 2264 τῆς
3014 2195 3272 2259 ἀσεϐείας
3322 2192 3576 2265 Πατέρας
3625 2191 3720 2246 τὸν

2123 2292 2345 2362 ἔλεγχον
2377 2289 2788 2362 μετηγάγομεν,
2813 2289 2915 2354 τὰς
2951 2287 3129 2359 ἀρχὰς
3155 2285 3340 2343 αὐτῶν
3372 2285 3467 2339 καὶ
3492 2284 3589 2347 τάς
3617 2299 3722 2353 πη-

2123 2383 2226 2452 γὰς
2251 2382 2354 2452 τῆς
2381 2382 2674 2453 ἀθεότητος
2705 2382 2783 2444 είς
2824 2380 2887 2434 τὸ
2916 2379 3160 2451 ἐμφανὲς
3188 2377 3449 2447 ἄγοντες·
3482 2374 3626 2430 οὕτω
3655 2389 3716 2426 τε

2124 2472 2382 2538 καθάπαξ
2425 2473 2596 2537 αὐτὰς
2625 2473 3027 2544 ἀποφράττειν,
3067 2473 3162 2527 καὶ
3199 2472 3301 2542 τῆς
3349 2469 3511 2525 ἀθέου
3542 2467 3716 2538 φορᾶς

2125 2566 2455 2621 ἀνακόπτειν
2488 2563 2904 2631 σπουδάζοντες,
2933 2563 3010 2635 τῷ
3037 2561 3195 2633 ἀπλῷ
3215 2561 3425 2632 ἐλέγχῳ
3457 2560 3556 2630 τῆς
3584 2558 3717 2628 ἀλη-

2124 2657 2299 2722 θείας.
2327 2657 2514 2731 Ταύτῃ
2545 2657 2656 2728 γὰρ
2684 2657 2780 2713 καὶ
2802 2657 2864 2712 τὺ
2892 2657 3082 2710 λοιπὸν
3117 2653 3300 2728 ῥεῦμα
3322 2654 3422 2725 τῆς
3454 2650 3716 2715 ἀσεϐείας

2123 2751 2578 2822 ἀφανισθήσεται,
2603 2749 2794 2821 ἐπειδὴ
2826 2747 3336 2819 συνδιαφθείρεσθαι
3357 2745 3570 2815 πέφυκε
3593 2744 3716 2806 ταῖς

2122 2841 2322 2911 ἀρχαῖς
2346 2842 2456 2895 τῶν
2487 2842 2692 2906 κακῶν,
2719 2841 2816 2895 καὶ
2839 2841 2908 2896 τὰ
2938 2843 3002 2894 ἐκ
3033 2839 3245 2894 τούτων
3271 2837 3712 2908 ἀποτελέσματα.

2128 2932 2234 2985 Τὸν
2262 2932 2320 2986 δὲ
2356 2932 2518 3000 λόγον
2550 2934 2643 2986 τὸν
2675 2934 2768 2986 ἐπὶ
2803 2933 2913 2987 τῶν
2943 2933 3182 3003 ἐλέγχων
3212 2933 3293 2994 είς
3317 2929 3589 2999 κεφάλαια
3615 2945 3714 2981 κα-

2125 3024 2499 3095 ταδιείλαμεν,
2536 3024 2772 3095 ἀριθμὸν
2795 3025 2982 3089 αὐτοῖς
3011 3025 3106 3077 ἐπὶ
3133 3023 3229 3077 τοῦ
3254 3023 3506 3094 μετώπου
3534 3037 3715 3091 παρα-

2126 3116 2464 3187 γράψαντες,
2505 3117 2594 3172 διά
2623 3117 2686 3170 τὸ
2729 3117 3190 3189 εὐμνημόνευτον*
3221 3115 3626 3188 ἐπιγέγραπται
3654 3112 3715 3166 δὲ

2123 3211 2152 3261 ὁ
2183 3209 2340 3278 λόγος
2371 3210 2578 3274 οὕτως,
2623 3210 2740 3279 Τῆς
2772 3210 3119 3280 ἀπορῤήτου
3161 3209 3261 3268 καὶ
3299 3206 3715 3279 ἀρχοειδεστέ-

2117 3318 2231 3369 ρας
2259 3300 2381 3354 τῶν
2405 3299 2827 3369 Νεστοριανῶν
2852 3300 3135 3366 ἀσεϐείας
3155 3337 3170 3364 ,
3203 3299 3303 3353 καὶ
3349 3295 3468 3351 τῶν
3489 3297 3715 3362 ταύτης

2124 3391 2421 3461 Πατέρων,
2465 3391 2633 3462 φώρα
2659 3391 2757 3446 καί
2799 3391 3105 3461 θρίαμϐος.

2213 3486 2656 3556 Παρακαλοῦμεν
2702 3485 2759 3539 δέ
2810 3485 2938 3549 τοὺς
2989 3481 3410 3553 ἐντευξομένους
3452 3479 3589 3550 τῷδε
3635 3477 3715 3549 τῷ

2125 3579 2333 3650 μετρίῳ
2370 3577 2714 3649 συντάγματι
2760 3575 3094 3647 συγγνώμην
3123 3576 3257 3646 ἡμῖν
3296 3573 3506 3644 νέμειν,
3543 3574 3601 3626 ἐν
3631 3565 3716 3635 οἷς

2121 3689 2182 3724 τε
2217 3671 2293 3742 μὴ
2324 3673 2557 3742 καιρίως
2585 3671 2714 3735 τοὺς
2752 3669 3029 3732 ἐναντίους
3061 3667 3426 3740 βεϐλήκαμεν,
3453 3667 3550 3720 καὶ
3576 3665 3630 3717 εί
3658 3682 3714 3718 τι

2122 3762 2215 3816 τοῦ
2250 3762 2464 3825 δεόντος
2493 3760 2885 3830 ἀσθενέστερον
2918 3755 3393 3828 προηγωνισμένοι
3437 3755 3538 3823 τῆς
3581 3751 3717 3821 ἀλη-

2124 3856 2276 3918 θείας
2310 3855 2635 3928 φανείημεν.
2676 3855 2789 3926 Τῆς
2830 3852 2929 3922 μὲν
2959 3849 3071 3920 γὰρ
3105 3847 3263 3914 ἀξίας
3301 3847 3409 3900 τῶν
3447 3844 3716 3918 πραγμάφ

2122 3968 2252 4016 των,
2287 3949 2493 4021 ὁμοίως
2524 3948 2726 4012 πάντες
2752 3942 3203 4016 ἀπολειπόμεθα’
3237 3939 3316 4011 τῷ
3345 3939 3403 3994 δὲ
3439 3939 3586 4011 ζήλῳ
3614 3937 3716 4007 τῆς

2123 4043 2427 4106 εὐσεϐείας,
2459 4040 2618 4104 ἄλλος
2649 4040 2810 4094 ἀλλου
2855 4037 3272 4109 διενηνόχαμεν.
3321 4033 3480 4089 Κατὰ
3523 4031 3578 4084 δὲ
3614 4030 3716 4100 τὴν

2123 4139 2330 4190 οἰκεῖαν
2389 4132 2861 4207 προπαρασκευὴν
2916 4131 3150 4195 ἕκαστος
3201 4128 3443 4201 δηλονότι
3504 4125 3600 4179 καὶ
3654 4123 3717 4176 τὺ

2125 4226 2326 4296 μέτρον
2354 4224 2465 4291 ἕξει
2495 4224 2593 4294 τῆς
2641 4223 2887 4294 χάριτος.
2939 4221 3052 4274 Καὶ
3104 4219 3265 4273 τοῦτο
3317 4218 3374 4272 δὲ
3421 4219 3479 4270 ἐν
3521 4216 3714 4285 ἀγάπῃ

2125 4315 2512 4388 προτρέπομεν
2558 4314 2650 4368 τὸν
2682 4313 3092 4385 ἐντευξόμενον,
3124 4313 3190 4366 ἵν’
3215 4311 3269 4365 εί
3299 4329 3352 4364 τι
3403 4309 3478 4381 μὴ
3523 4307 3716 4375 σαφῶς

2123 4409 2270 4482 αὐτῷ
2305 4409 2412 4464 τῶν
2439 4410 2570 4480 παρ’
2599 4410 2757 4481 ἡμῶν
2789 4409 3045 4481 εἰρῆσθαι
3075 4406 3299 4476 δόξειεν,
3325 4405 3358 4476 ἦ
3383 4403 3474 4458 διὰ
3492 4404 3593 4474 τὴν
3618 4400 3715 4454 τοῦ

2123 4503 2482 4576 θεωρήματος
2511 4502 2811 4574 βαθύτητα,
2835 4503 2869 4573 ἢ
2901 4501 2990 4554 διὰ
3020 4500 3119 4572 τὴν
3157 4500 3315 4554 ἐνίων
3343 4496 3542 4565 λέξεων
3571 4511 3718 4566 παρ-

2123 4595 2474 4668 ηλλαγμένην
2516 4594 2794 4667 σημασίαν
2848 4611 2904 4648 τε
2954 4596 3049 4648 καὶ
3101 4593 3364 4664 ἰδιότητα,
3407 4589 3584 4660 τούτῳ
3639 4588 3716 4659 μὴ

2124 4691 2268 4746 κατά
2286 4691 2386 4762 τὴν
2419 4689 2644 4763 πρώτην
2670 4688 2912 4754 ἔντευξιν
2936 4688 3204 4752 κακίζειν.
3246 4686 3581 4758 Ἐπιστήσας
3606 4683 3717 4753 γὰρ

2124 4784 2207 4848 δὶς
2237 4783 2269 4854 ἦ
2304 4783 2400 4837 καὶ
2428 4783 2694 4848 πολλάκις
2735 4786 2850 4847 τοῖς
2900 4782 3215 4854 εἰρημένοις
3245 4781 3337 4834 τὸν
3386 4779 3534 4846 νοῦν,
3580 4794 3716 4849 τρα-

2129 4878 2398 4949 νουμένην
2422 4877 2581 4947 ,αύτῷ
2607 4877 2831 4950 εὑρήσει
2854 4876 2962 4931 τῶν
2987 4875 3297 4947 λεγομένων
3322 4873 3422 4947 τὴν
3454 4873 3712 4928 διάνοιαν.

2127 4972 2438 5043 Δύτοτελὴς
2486 4972 2543 5026 δὲ
2578 4971 2774 5044 μισθὸς
2817 4972 2913 5026 τοῦ
2947 4971 3092 5027 κατά
3129 4970 3229 5042 τὴν
3262 4971 3492 5041 ζήτησιν
3526 4968 3716 5033 πόνου,

2127 5063 2230 5134 τῆς
2273 5063 2534 5134 ἀληθείας
2582 5065 2615 5135 ἡ
2669 5063 2906 5132 ε’ύρεσις.
2944 5063 3183 5134 Χρήσεις
3213 5078 3275 5130 γε
3326 5060 3433 5132 μὴν
3458 5059 3564 5112 τῶν
3599 5075 3710 5112 συντ

2126 5157 2428 5227 ταγμάτων
2485 5157 2704 5228 ἑκάστῳ
2749 5159 2863 5220 τοῖς
2925 5157 3055 5226 παρ’
3101 5153 3262 5226 ἡμῶν
3313 5150 3714 5221 ὲκτεθειμένοις

2131 5249 2539 5321 συνηγορούσας
2569 5248 3012 5321 ύποτετάχαμεν,
3039 5247 3138 5319 τὴν
3171 5245 3434 5318 ἀλήθειαν
3487 5243 3598 5299 τῶν
3635 5242 3713 5296 εί-

2132 5347 2385 5420 ρημένων
2424 5345 2520 5401 καὶ
2571 5348 2636 5400 ἐκ
2695 5345 2796 5416 τῆς
2825 5344 2934 5399 τῶν
2993 5341 3240 5404 παλαιῶν
3283 5339 3596 5415 μαρτυρίας
3620 5355 3712 5393 πι-

2134 5438 2260 5493 στού
2269 5453 2442 5508 μενοι.
