4120 6464
382 434 521 498 1273

1442 430 1738 492 CONTRA
1779 428 2101 491 NESTOR.
2138 428 2232 487 ET
2274 428 2595 487 EUTYCII.

3522 428 3657 493 1274

1740 784 2108 873 ΛΟΓΟΣ
2182 776 2291 867 Α’.

381 975 518 1028 ΤΗΣ
552 973 745 1033 ΚΑΤΑ
776 972 921 1027 ΤΗΝ
952 956 1275 1026 ΘΕΟΤΗΤΑ
1306 969 1445 1022 ΤΟΥ
1486 967 1753 1023 ΚΥΡΙΟΥ
1790 967 1912 1019 ΚΑΙ
1944 963 2461 1018 ΑΝΘΡΩΠΟΤΗΤΑ
2489 960 2841 1016 ΕΝΑΝΤΙᾹΣ
2870 958 3232 1016 ΔΟΚΗΣΕΩΣ
3266 960 3662 1017 ΝΕΣΤΟΡΙΟΥ

1282 1065 1403 1123 ΚΑΙ
1428 1063 1821 1130 ΕΥΤΥΧΟΥΣ,
1855 1063 2172 1118 ΕΛΕΓΧΟΣ
2207 1060 2329 1116 ΚΑΙ
2360 1058 2767 1115 ΑΝΑΤΡΟΠΗ,

1578 1374 1943 1466 LIBER
2021 1373 2479 1466 PRIMUS

388 1579 871 1646 CONFUTATIO
909 1579 1360 1651 UTRIUSQUE
1399 1577 1781 1639 FICTIONIS
1810 1576 2052 1637 INTER
2084 1575 2172 1636 SE
2209 1551 2692 1649 CONTRARIAE,
2718 1573 3086 1636 NESTORII
3128 1573 3224 1634 ET
3261 1570 3661 1644 EUTYCHIS,

1090 1670 1319 1732 CIRCA
1358 1668 1869 1733 DlVINlTATEM
1907 1668 2221 1729 CHRISTI
2261 1669 2355 1728 ET
2396 1666 2990 1729 HUMANITATEM.

458 1959 563 2013 Τὸν
606 1956 739 2030 περὶ
787 1955 1139 2020 ὑποστάσεως
1185 1956 1281 2010 καὶ
1336 1956 1527 2020 οὐσίας
1565 1956 1759 2026 λόγον,
1801 1959 1971 2030 ἤγουν

2149 1957 2501 2030 Propositum
2535 1955 2674 2011 mihi
2714 1962 2801 2012 est
2828 1968 3128 2025 exponere,
3159 1960 3215 2008 et
3246 1952 3544 2022 explanare
3576 1967 3666 2005 ra-

389 2050 687 2123 προσώπου
726 2048 825 2103 καῖ⁹
871 2046 1091 2117 φύσεως
1136 2046 1219 2119 (οὐ
1270 2046 1351 2119 (a)
1387 2047 1585 2102 ταύτὸν
1615 2047 1724 2120 γὰρ
1756 2048 1974 2120 ἄμφω),

378 2134 487 2201 ¹’καὶ
522 2143 656 2214 περὶ
692 2140 891 2196 ταύτὸν
932 2139 1174 2211 ἑκάτερα
1215 2141 1626 2211 συγκεχυμένον
1676 2141 1770 2195 καὶ
1810 2142 1979 2213 ἀτρά-

389 2251 560 2291 νωτον
595 2234 747 2305 παρά
783 2234 899 2297 τοῖς
939 2231 1035 2287 νῦν
1063 2232 1193 2288 ὄντα
1239 2234 1446 2303 σοφοῖς,
1475 2233 1753 2304 τρανῶσαί
1784 2250 1844 2288 τε
1885 2236 1982 2289 καὶ

391 2325 729 2395 διασαφῆσαι
761 2324 1104 2396 προύθέμην,
1144 2324 1282 2380 ἄλλα
1316 2325 1380 2378 τέ
1409 2342 1533 2379 τινα
1576 2326 1851 2396 κεφάλαια
1882 2326 1981 2396 τῆς

391 2417 716 2481 ἀκολουθίας
766 2417 1003 2488 ἐχόμενα
1044 2418 1145 2489 τῆς
1198 2417 1424 2489 πρώτης
1471 2418 1756 2490 ζητήσεως
1791 2418 1982 2472 ἐπιλύ-

393 2506 611 2573 σασθαι,
645 2507 782 2561 Θεοῦ
826 2508 1307 2577 συνεφαπτομένου
1337 2510 1491 2579 ἡμῖν,
1520 2511 1615 2563 καὶ
1652 2509 1715 2563 τὸ
1756 2509 1983 2572 ἀσθενὲς

390 2596 503 2651 τῶν
566 2597 846 2667 λογισμῶν
915 2597 1297 2669 ὑπερείδοντος
1370 2597 1460 2651 διά
1529 2597 1639 2652 τῶν
1701 2599 1984 2670 ὑμετέρων

386 2687 591 2758 εὐχῶν,
639 2682 728 2753 αἷς
770 2689 865 2743 καὶ
898 2688 1138 2761 θαρρῶν,
1193 2689 1273 2751 είς
1326 2688 1428 2760 τὴν
1473 2688 1629 2743 τοῦδε
1676 2689 1772 2744 τοῦ
1822 2690 1983 2760 λόγου

392 2779 614 2852 καθῆκα
646 2780 884 2850 ἐμαυτὸν
922 2780 1189 2845 ἐξέτασιν.
1232 2782 1347 2834 Οὐκ
1384 2782 1693 2853 ἀγνοοῦμεν
1722 2782 1780 2836 δὲ
1812 2782 1888 2847 ὡς
1934 2784 1984 2837 οἱ

394 2870 490 2923 νῦν
524 2873 659 2943 ἡμῖν
701 2873 1130 2938 ἐπαναστάντες,
1173 2874 1269 2926 καὶ
1314 2874 1444 2944 μίαν
1476 2874 1690 2944 ἔχοντες
1722 2874 1822 2945 τὴν
1850 2875 1986 2945 πρός

392 2981 452 3017 τε
477 2965 540 3018 τὸ
569 2965 754 3032 καλὸν,
791 2970 888 3019 καὶ
917 2970 1043 3029 τοὺς
1069 2966 1371 3036 θεηγόρους
1408 2966 1606 3038 ἄνδρας
1645 2968 1983 3033 ἐναντίωσιν,

394 3056 585 3129 ὥσπερ
616 3058 881 3124 ἐκείνους,
914 3057 1055 3112 οὕτω
1082 3059 1146 3128 δὴ
1176 3060 1274 3113 καὶ
1300 3062 1452 3131 ἡμᾶς
1478 3061 1603 3123 τοὺς
1628 3059 1726 3131 τὴν
1751 3060 1987 3131 μάθησιν

394 3150 576 3204 αὐτῶν
619 3149 966 3222 ἐζηλωκότας
1012 3153 1109 3204 καὶ
1160 3151 1593 3223 προϊσχομένους
1639 3152 1985 3217 διαπτύουσι,

395 3243 492 3300 καὶ
518 3243 791 3315 τιμῶντες
817 3246 969 3315 ἡμᾶς
1001 3245 1177 3318 ταύτῃ
1202 3245 1461 3314 λελήθασι
1494 3246 1563 3315 τῇ
1598 3243 1857 3315 κοινωνίᾳ
1884 3242 1988 3313 τῆς

2082 2054 2286 2108 tionem
2312 2049 2644 2122 hypostasis,
2687 2056 2744 2105 et
2790 2047 3133 2109 substantiae,
3169 2045 3221 2100 id
3252 2052 3356 2107 est,
3393 2058 3663 2113 personae,

2078 2154 2135 2201 et
2158 2151 2366 2198 naturae
2393 2142 2574 2212 (idem
2613 2140 2765 2195 enim
2798 2148 3033 2209 utraque
3067 2147 3219 2199 sunt,
3252 2145 3309 2190 et
3336 2136 3483 2191 circa
3517 2134 3665 2187 idem

2079 2236 2392 2299 versantur)
2421 2230 2734 2313 confusam,
2760 2237 2816 2284 et
2845 2244 2958 2283 non
3018 2227 3362 2298 explanatam
3397 2224 3541 2294 apud
3573 2239 3669 2279 eos

2080 2325 2174 2393 qui
2211 2324 2317 2379 hoc
2348 2332 2595 2393 tempore
2628 2321 2907 2392 sapientes
2933 2326 3332 2381 numerantur;
3368 2327 3532 2386 atque
3563 2315 3669 2370 alia

2081 2425 2349 2487 praeterea
2368 2416 2546 2487 capita
2573 2415 2870 2485 explicare,
2890 2428 3014 2483 quae
3034 2427 3162 2467 cum
3176 2411 3354 2481 prima
3366 2408 3671 2480 quaestione

2081 2509 2382 2573 cohaerent,
2417 2507 2585 2578 idque
2608 2509 2723 2563 Deo
2750 2508 3003 2577 juvante,
3026 2514 3081 2560 et
3104 2502 3478 2559 inﬁrmitatem
3516 2499 3671 2570 cogi-

2084 2602 2356 2655 tationum
2380 2610 2696 2655 nostrarum
2717 2600 2917 2655 merito
2940 2597 3330 2670 precationum
3356 2604 3673 2650 vestrarum

2082 2697 2385 2763 fulciente;
2428 2695 2631 2766 quibus
2683 2694 2929 2748 confisus
2974 2692 3043 2747 ad
3093 2690 3477 2746 tractationem
3507 2688 3676 2758 hujus

2084 2788 2409 2859 quaestionis
2462 2802 2552 2842 me
2580 2786 2812 2842 contuli.
2846 2785 2967 2839 Non
3006 2784 3325 2855 ignoramus
3371 2781 3520 2852 quod
3546 2804 3551 2807 -
3578 2780 3675 2849 qui

2084 2882 2248 2937 nobis
2281 2882 2668 2945 adversantur,
2703 2888 2761 2935 et
2816 2878 3031 2949 quibus
3067 2892 3240 2931 unum
3288 2890 3413 2930 cum
3471 2874 3676 2929 sanctis

2086 2974 2344 3030 Patribus
2377 2981 2661 3029 certamen
2685 2979 2791 3034 est,
2818 2970 2963 3025 sicut
2991 2970 3134 3034 illos,
3160 2968 3241 3023 sic
3264 2966 3429 3021 etiam
3456 2980 3558 3019 nos
3580 2964 3675 3033 qui

2087 3067 2309 3121 illorum
2337 3064 2686 3133 disciplinam
2712 3072 2993 3118 sectamur
3022 3070 3078 3117 et
3100 3059 3475 3121 defendimus,
3509 3056 3676 3110 inbo-

2088 3166 2327 3214 norant:
2356 3156 2451 3226 qui
2485 3172 2588 3211 nos
2621 3157 2806 3226 potius
2831 3156 3147 3210 nescientes
3173 3153 3492 3214 honorant,
3542 3149 3677 3203 dum

2090 3250 2293 3321 probra
2318 3264 2441 3319 quae
2465 3248 2575 3303 illis
2596 3247 2889 3319 objiciunt,
2917 3246 3209 3301 nobiscum
3241 3241 3676 3299 communicant.

394 3334 641 3405 ἀτιμίας.
665 3336 728 3389 Ol
751 3335 862 3406 γὰρ
895 3336 1048 3391 αὐτοὶ
1075 3336 1142 3391 τά
1164 3353 1225 3388 τε
1266 3335 1385 3390 θεῖα
1419 3337 1701 3401 παίζουσι,
1734 3334 1827 3389 καὶ
1857 3334 1985 3400 τούς

2090 3344 2152 3400 lli
2183 3345 2331 3400 enim
2364 3353 2421 3399 et
2449 3344 2642 3398 divina
2670 3342 2909 3407 ludunt,
2966 3349 3023 3396 et
3065 3340 3357 3408 theologos
3409 3335 3680 3391 conviciis

289 3436 299 3443 '
396 3426 685 3496 θεολόγους
715 3426 1002 3499 ὑϐρίζουσι
1024 3445 1037 3458 ·
1066 3428 1160 3481 καὶ
1186 3428 1238 3482 τί
1272 3428 1438 3498 μέγα,
1468 3429 1518 3481 εί
1548 3429 1644 3482 καὶ
1675 3429 1827 3500 ἡμᾶς
1857 3427 1986 3491 τούς

400 3518 569 3589 μηδὲν
613 3519 775 3580 ὄντας
830 3519 1237 3585 ὲξουθενοῦσινς
1292 3512 1369 3574 ὧν
1417 3517 1577 3589 τοῦτο
1626 3521 1787 3591 μόνον
1834 3519 1985 3583 ἄξιόν

396 3614 516 3665 ἐστι
547 3612 871 3683 θαυμάζειν,
903 3613 986 3666 ὅτι
1013 3612 1195 3682 πάσης
1225 3612 1324 3682 μὲν
1355 3612 1560 3682 ἀρετῆς
1585 3612 1685 3681 τῆς
1718 3613 1775 3664 ἐν
1805 3612 1988 3682 ἔργοις

398 3701 706 3763 σπουδαίως
730 3700 1050 3772 ἀμελοῦσιν,
1072 3698 1360 3754 κελεύουσι
1381 3700 1435 3753 δὲ
1463 3702 1605 3769 σφᾶς
1630 3699 1828 3763 αὐτοὺς
1849 3695 1987 3753 εἶναι

397 3794 630 3863 σοφούςο
669 3796 764 3848 καὶ
802 3794 911 3846 εἰσὶ
942 3789 1056 3847 οἷον
1095 3792 1154 3857 ἐξ
1186 3792 1563 3861 ἐπιτάγματος
1604 3792 1855 3858 συνετοὶ,
1892 3791 1989 3846 καὶ

394 3887 459 3941 τὸ
489 3887 665 3942 θέλειν
703 3887 904 3951 αὐτοὺς
945 3887 1106 3958 μόνον
1138 3884 1527 3949 εὐπαιδεύτους
1564 3885 1870 3959 ἀπέφῃνεν,
1913 3885 1988 3948 ὡς

409 3981 961 4051 Ἆκροςοιλοσόφους
995 3980 1191 4045 αὐτούς
1228 3998 1313 4043 τις
1343 3978 1453 4032 τῶν
1487 3978 1853 4051 ἁστειοτέρων
1892 3997 1990 4050 χα-

398 4075 629 4144 ριέντως
680 4073 988 4143 ὠνόμακεν.
1039 4072 1182 4126 Ἀλλ’
1229 4072 1289 4124 οὐ
1329 4070 1437 4142 χρὴ
1478 4069 1567 4124 διὰ
1614 4070 1713 4140 τὴν
1764 4071 1991 4123 ἐκείνων

399 4163 684 4235 μοχθηρὰν
724 4164 1067 4233 προαίρεσιν,
1101 4163 1247 4232 ἡμᾶς
1275 4162 1341 4230 γέ
1368 4178 1423 4214 τι
1464 4160 1794 4230 καθυφεῖναι
1827 4161 1858 4232 ἢ
1891 4162 1989 4230 τῆς

397 4255 715 4327 παρρησίας
747 4255 781 4326 ἦ
810 4254 920 4309 τῶν
942 4254 1172 4324 ἀγώνων
1193 4271 1206 4284 ·
1244 4253 1556 4309 τούναντίον
1586 4253 1686 4324 μὲν
1727 4250 1841 4316 οὐν,
1879 4255 1991 4318 τοῖς

396 4348 507 4403 τῶν
546 4348 837 4419 μακαρίων
867 4347 1079 4419 ἀνδρῶν
1114 4346 1396 4417 ἀθλήμασι
1439 4345 1579 4416 πρὸς
1624 4345 1880 4418 ἀνδρείαν
1916 4345 1993 4410 ὡς

396 4440 467 4494 τὰ
508 4439 747 4510 μάλιστα
778 4437 1225 4510 παραθήγεσθαι,
1264 4437 1362 4490 καὶ
1405 4436 1604 4491 ταύτὸν
1645 4436 1879 4507 πάσχειν
1913 4435 1992 4505 τῷ

398 4532 721 4604 θερμοτάτῳ
773 4531 1014 4603 σιδήρῳο
1054 4530 1267 4594 ἐκεῖνός
1306 4546 1367 4583 τε
1412 4528 1522 4600 γὰρ
1578 4527 1874 4599 στομοῦται
1917 4527 1993 4599 τῷ

2087 3444 2515 3494 consectantur:
2552 3434 2769 3505 etquid
2805 3434 3007 3488 mirum
3064 3432 3111 3487 si
3172 3446 3274 3486 nos
3297 3471 3311 3495 ,
3343 3429 3439 3499 qui
3487 3443 3682 3482 sumus

2087 3528 2270 3593 nihili,
2300 3526 2708 3582 contemnunt?
2734 3526 2798 3579 in
2828 3525 3035 3595 quibus
3064 3524 3172 3579 hoc
3209 3530 3420 3576 tantum
3450 3520 3680 3590 dignum

2087 3626 2172 3672 est
2218 3617 2607 3682 admiratione,
2656 3616 2804 3687 quod
2855 3630 3077 3670 omnem
3128 3614 3395 3668 virtutem
3443 3626 3565 3681 quae
3622 3610 3680 3664 in

2088 3709 2306 3763 actione
2323 3714 2428 3773 est,
2461 3708 2711 3763 studiose
2734 3707 3057 3778 negligunt;
3089 3720 3258 3776 seque
3282 3704 3433 3774 ipsos
3462 3702 3683 3772 sapien—

2090 3809 2172 3854 tes
2194 3815 2316 3854 esse
2344 3799 2564 3870 jubent,
2592 3806 2649 3854 et
2680 3806 2812 3854 sunt
2845 3808 3106 3867 tanquam
3142 3812 3212 3850 ex
3239 3795 3491 3867 iussione
3524 3793 3601 3864 (l)
3626 3801 3684 3848 et

2089 3893 2273 3947 edicto
2296 3892 2593 3962 prudentia
2624 3892 2882 3962 przediti;
2919 3905 3060 3961 quos
3094 3888 3349 3945 eruditos
3379 3903 3503 3943 esse
3528 3887 3681 3951 fecit,

2088 3984 2228 4040 velle
2259 3992 2469 4038 tantum
2500 4000 2513 4038 :
2548 3983 2692 4039 sicut
2733 3999 2829 4039 eos
2874 3983 3101 4053 quidam
3135 3999 3204 4038 ex
3235 3981 3559 4036 hominibus
3590 3995 3687 4033 ur-

2091 4077 2270 4143 banis,
2302 4076 2484 4147 lepide
2519 4084 2575 4132 et
2607 4086 2841 4132 venuste
2868 4118 2883 4142 ,
2919 4075 3392 4147 ἁκροφιλοσόφους
3415 4115 3430 4140 ,
3469 4072 3524 4127 id
3575 4080 3683 4136 est,

2092 4184 2339 4224 summos
2365 4168 2724 4239 phi1030plios
2753 4171 2830 4239 (2)
2866 4169 3105 4223 vocavit.
3164 4167 3272 4223 Sed
3318 4182 3430 4221 non
3465 4171 3688 4236 oportet

2091 4277 2193 4316 nos
2247 4272 2475 4332 propter
2523 4262 2745 4315 illorum
2797 4261 3155 4332 depravatam
3198 4261 3565 4324 voluntatem,
3597 4257 3685 4311 vel

2093 4354 2371 4419 ﬁduciam,
2408 4354 2496 4409 vel
2526 4362 2809 4409 certamen
2865 4353 3192 4419 remittere;
3226 4351 3479 4422 quinimo
3552 4365 3689 4406 con-

2097 4456 2179 4502 tra
2205 4489 2218 4514 ,
2253 4446 2657 4503 certaminibus
2685 4445 2936 4500 virorum
2976 4445 3269 4500 beatorum
3301 4444 3369 4499 ad
3407 4440 3693 4497 fortitudi-

2094 4555 2220 4595 nem
2254 4539 2527 4595 stimulari
2580 4547 2635 4594 et
2683 4539 2902 4610 urgeri,
2940 4546 3001 4592 ut
3064 4537 3211 4592 idem
3259 4537 3482 4593 eveniat
3528 4534 3693 4590 nobis

396 4626 593 4698 ψυχρῷ
628 4625 1042 4697 προσομιλήσας
1079 4624 1256 4679 ὕδατι.
1302 4625 1413 4679 Καὶ⁹
1438 4626 1601 4695 ἡμεῖς
1632 4626 1747 4688 τοῖς
1785 4624 1986 4678 τούτων

2096 4632 2243 4703 quod
2278 4633 2427 4689 ferro
2461 4631 2821 4697 calidissimo,
2850 4631 2999 4702 quod
3033 4631 3259 4702 quidem
3289 4645 3447 4700 aquae
3477 4628 3695 4700 frigida:

399 4721 576 4790 ἀγῶσι
633 4721 771 4792 πρὸς
798 4720 926 4782 τοὺς
947 4719 1143 4783 ἄθλους
1174 4718 1516 4791 ρωννύμεθα.
1548 4715 1674 4772 Εἶεν
1698 4718 1755 4772 δὲ
1780 4713 1875 4774 οὖν
1908 4717 1986 4790 τῷ

2096 4727 2417 4782 immersum
2454 4735 2510 4783 et
2548 4726 2794 4781 infusum
2834 4724 3102 4780 durescit.
3131 4725 3200 4779 Et
3229 4738 3331 4779 nos
3390 4723 3523 4777 dum
3565 4737 3693 4777 cum

398 4813 703 4885 τομωτάτῳ
731 4813 896 4884 λόγῳ,
938 4813 1128 4885 ὥσπερ
1162 4814 1409 4886 μαχαίρᾳ
1446 4814 1686 4885 διστόμῳ
1706 4854 1722 4881 ,
1768 4814 1866 4885 τὴν
1900 4815 1987 4884 ἐφ’

400 4904 639 4976 ἑκάτερα
684 4905 868 4960 αὐτῶν
902 4906 1047 4960 κατά
1081 4906 1184 4978 τῆς
1219 4906 1478 4978 ἀληθείας
1504 4905 1757 4961 ἔνστασιν
1784 4924 1844 4960 τε
1896 4908 1990 4961 καὶ

398 4997 829 5069 ἀντιπαράταξιν
862 4999 1236 5071 διατεμόντες,
1279 4999 1678 5070 ἀνατρέψωμεν
1714 4999 1814 5069 τῆς
1852 5001 1988 5054 ὐπο-

401 5090 606 5155 θέσεως
644 5090 897 5145 ἐντεῦθεν
929 5091 1244 5162 ἀρχόμενοι.

470 5268 534 5322 Οἱ
572 5270 670 5340 τῆς
726 5267 1030 5338 Νεστορίου
1074 5268 1618 5340 ἀνθρωπολατρείας,
1663 5266 1758 5321 καὶ
1800 5268 1850 5319 οξ
1888 5267 1987 5337 τῆς

399 5361 678 5432 Εὐτυχοῦς
731 5361 1075 5430 φαντασίας,
1136 5361 1339 5433 μᾶλλον
1372 5362 1429 5417 δέ
1480 5362 1530 5416 οἱ
1567 5361 1670 5432 τῆς
1718 5359 1988 5431 ἑκατέρας

400 5458 710 5529 φαντασίας
738 5458 1001 5531 μαθηταὶ,
1043 5459 1225 5524 καλῶς
1260 5458 1371 5532 γὰρ
1401 5459 1601 5522 αὐτοὺς
1628 5456 1865 5528 εὐλαϐὴς
1899 5457 1995 5511 καὶ

2094 4818 2182 4874 bis
2212 4827 2512 4885 certamus,
2541 4819 2611 4873 ad
2646 4819 2936 4889 prmmium
2984 4815 3311 4872 certaminis
3340 4816 3692 4870 roboramur.

2104 4906 2217 4980 Age
2236 4925 2368 4981 ergo
2401 4910 2575 4965 verbo
2617 4908 2971 4980 penetranti,
3011 4918 3273 4978 tanquam
3309 4906 3492 4976 gladio
3537 4904 3692 4959 anci-

2096 5001 2219 5072 piti,
2250 5002 2424 5057 aciem
2446 5018 2641 5057 eorum
2672 5001 2942 5057 adversus
2972 5000 3263 5055 veritatem
3299 4997 3629 5053 instinctam
3661 5011 3694 5049 a

2092 5092 2302 5148 dextris
2330 5102 2387 5148 ct
2423 5109 2454 5148 a
2498 5093 2747 5148 sinistris
2788 5097 3235 5164 perrumpentes,
3272 5097 3693 5159 prosternamus

2093 5200 2210 5249 eos,
2247 5185 2379 5241 hinc
2408 5186 2618 5240 exorsi.

2146 5276 2411 5347 Discipuli
2426 5275 2665 5330 Ncstorii
2683 5275 2737 5329 in
2758 5272 3075 5329 idololatria
3087 5268 3449 5325 humanitatis
3461 5266 3691 5329 Christi,

2096 5374 2152 5422 et
2167 5366 2421 5436 discipuli
2444 5366 2710 5437 Eutyehis
2730 5366 2786 5420 in
2806 5365 3048 5427 ﬁctione,
3066 5363 3177 5417 imo
3195 5360 3451 5430 discipuli
3478 5358 3694 5413 utrius-

2101 5473 2209 5528 quc
2239 5457 2478 5546 ﬁctionis
2507 5475 2521 5512 :
2550 5458 2694 5513 belle
2721 5457 2870 5511 enim
2901 5465 3168 5525 utrosque
3201 5451 3495 5524 religiosus
3523 5457 3579 5506 et
3606 5448 3694 5504 di-

472 5616 550 5688 (a)
579 5619 858 5675 Particula
883 5620 966 5685 οὐ,
997 5636 1122 5684 non,
1152 5618 1377 5675 additur
1427 5618 1605 5674 codici
1658 5638 1688 5677 a
1736 5620 1981 5680 secunda
2022 5634 2210 5675 manu.
2240 5618 2373 5672 Eam
2434 5632 2630 5687 reapse
2664 5632 2775 5671 non
2826 5614 3045 5686 legebat
3109 5612 3438 5675 Turrianus,
3482 5609 3578 5680 qui
3608 5607 3693 5663 id?

402 5687 550 5743 circo
573 5704 798 5745 sensum
821 5690 927 5745 loci
960 5691 1120 5745 aliter
1149 5690 1469 5761 explicavit.

476 5806 552 5875 (Ι)
598 5805 662 5861 Et
684 5815 807 5860 sunt
833 5815 1090 5877 tanquam
1116 5822 1179 5859 ea:
1199 5808 1462 5877 jussiouc.
1516 5801 1640 5861 Οἷον
1672 5808 1728 5874 ἐξ
1759 5807 1989 5877 ἐπιτάγ-

406 5892 574 5947 ματος
603 5876 838 5933 συνετοί.
865 5876 1199 5948 Τυκκιωιιε,

2175 5806 2253 5876 (2)
2285 5806 2458 5930 iiklilcr
2516 5812 2693 5876 putres
2745 5800 3218 5873 philosophos.Gr.
3281 5793 3685 5868 Σαπροῳιλοσθ-

2175 5895 2255 5930 υς.
2318 5894 2369 5930 υ.

2103 5894 2369 5947 φουςςιρ-
