4120 6498
432 460 571 531 1275

1705 462 2013 524 LEONTII
2054 463 2467 526 BYZANTINI

3585 461 3723 528 1276

429 578 593 631 vinus
613 573 697 631 vir
726 573 1193 645 ἐναντιοδοκήτας,
1224 572 1278 629 id
1309 579 1415 641 est,
1448 573 1745 634 contrariae
1774 574 2017 630 ﬁetionis

2135 577 2264 639 leto;
2286 575 2427 646 ἀνὴρ
2448 572 2592 628 οὑτω
2618 571 2889 646 κέκληκεν
2908 575 3009 647 (b),
3026 575 3565 645 Ἑναντιοδοκήτας
3593 580 3725 631 ἐκα-

428 679 684 726 auctores
705 667 1014 724 contrarios
1047 666 1341 738 appellavit
1365 683 1380 733 ;
1408 666 1485 721 illi
1509 666 1731 737 quidem
1756 666 2018 721 divinita-

432 772 543 820 tem
584 764 637 817 in
670 761 957 817 Salvato're
986 760 1110 814 ficte
1134 760 1329 814 dicunt
1356 758 1455 830 (5),
1494 759 1550 813 hi
1588 774 1722 813 vero
1759 758 2017 813 humani-

431 865 623 911 tatem.
670 853 961 910 Nestorius
1018 852 1426 923 beneplaeitum
1458 861 1515 907 et
1558 852 1881 922 dignitatem
1916 866 2018 921 pro

430 949 655 1003 ﬁctione
685 947 994 1003 divinitatis
1018 945 1306 1009 defendit;
1340 946 1619 1016 Eutyches
1668 960 1890 1000 carnem
1929 945 2021 998 ἰυ-

428 1040 728 1106 efl'abilem,
752 1055 854 1110 pro
878 1038 1120 1094 naturali
1159 1047 1216 1094 et
1246 1048 1455 1093 nostra.
1508 1038 1599 1093 Sic
1632 1038 1883 1092 honestis
1916 1052 2017 1092 no-

430 1130 680 1186 minibus
699 1140 755 1185 et
780 1130 966 1185 verbis
991 1128 1231 1193 decoris,
1258 1138 1516 1199 tanquam
1550 1128 1691 1182 lictis
1715 1127 2016 1192 coloribus,

432 1219 743 1276 fmditatem
772 1220 1072 1275 contrariae
1094 1219 1319 1289 quidem
1355 1218 1679 1289 impietatis,
1710 1218 1807 1273 sed
1834 1228 2019 1273 tamen

430 1311 684 1382 aqualis,
717 1313 1018 1367 honestare
1046 1312 1325 1366 nituntur.
1361 1311 1529 1377 Quasi
1576 1310 1825 1365 studium
1856 1310 2020 1366 nobis

432 1403 506 1457 sit
525 1404 803 1475 elegantia
828 1405 1114 1459 nominum
1137 1403 1351 1467 utendi,
1385 1411 1442 1457 et
1472 1418 1582 1457 non
1605 1402 1791 1472 potius
1821 1401 2019 1456 faciem

433 1494 689 1549 veritatis
724 1511 854 1550 vere
883 1510 1114 1549 auream
1166 1492 1515 1564 aspiciendi,
1571 1510 1681 1564 qua
1732 1493 1874 1547 nihil
1934 1499 2022 1546 est

435 1588 753 1655 amabilius,
785 1588 1039 1659 quamvis
1086 1586 1227 1642 nihil
1274 1588 1500 1659 elegans
1556 1596 1613 1643 et
1667 1586 2019 1659 splendidum

436 1682 685 1736 accedat.
725 1682 840 1737 Nec
864 1683 1013 1736 enim
1042 1682 1389 1736 ornamentis
1421 1681 1668 1752 indiget,
1701 1696 1824 1751 quae
1860 1688 2024 1735 natu-

436 1776 539 1831 rali
599 1777 1023 1847 pulchritudine
1093 1774 1471 1846 splendescit;
1536 1792 1641 1831 nec
1691 1775 2019 1839 verborum,

438 1869 601 1937 quasi
643 1870 1054 1939 pigmentorum
1118 1871 1299 1927 fucata
1362 1882 1420 1928 et
1469 1871 1650 1927 fallaci
1694 1868 1899 1941 specie.
1955 1868 2019 1922 lli

437 1960 608 2031 igitur
631 1977 819 2018 secum
861 1974 917 2019 et
956 1981 1085 2020 cum
1116 1968 1352 2021 veritate
1384 1973 1716 2036 pugnantes,
1740 1962 1948 2016 bellum
1971 1960 2026 2013 in

432 2069 554 2108 eam
584 2070 685 2124 per
716 2058 999 2113 contraria
1030 2059 1220 2129 partiti
1251 2067 1401 2123 sunt,
1448 2057 1657 2111 eisdem
1691 2053 2029 2124 propositio-

432 2146 602 2201 nibus
634 2145 703 2201 ad
735 2164 897 2203 suum
955 2158 1193 2221 uterque
1238 2152 1406 2205 tinem
1458 2149 1789 2212 abutentes,
1860 2146 1936 2200 ita
1966 2152 2028 2199 ut

432 2242 730 2297 consensio
758 2243 1060 2314 impietatis
1106 2246 1385 2302 contrarie
1417 2243 1869 2301 dissentientium
1911 2258 2024 2296 uno

432 2346 763 2404 argumento
789 2339 1041 2394 veritatis
1067 2356 1099 2394 a
1137 2339 1433 2411 discipulis
1471 2338 1725 2409 ejusdem
1769 2335 2026 2391 veritatis

432 2425 817 2493 convellatur,
851 2436 909 2483 et
952 2429 1253 2485 concordia
1292 2430 1586 2501 pravitatis
1612 2428 1899 2499 copiosam
1940 2425 2029 2480 vi-

432 2516 667 2571 ctoriam
693 2518 875 2587 pariat
906 2536 921 2573 :
950 2520 1157 2590 quibus
1200 2522 1349 2577 enim
1397 2520 1746 2593 argumentis
1790 2518 2029 2576 alterum

436 2607 673 2663 istorum
705 2610 800 2679 qui
847 2611 1137 2681 impietate
1185 2612 1424 2668 connexi
1475 2620 1645 2676 sunt,
1697 2609 2026 2673 refellimus,

432 2700 644 2773 eisdem
671 2702 840 2757 etiam
867 2704 1104 2759 alterum
1137 2704 1301 2760 simul
1334 2703 1719 2759 refutavimus.

2120 666 2313 736 τέρους
2344 663 2615 727 καλέσας·
2644 665 2693 716 oi.
2736 663 2836 734 μὲν
2876 665 2984 736 γάρ
3014 669 3113 736 τὴν
3148 666 3399 735 θεότητα,
3442 668 3491 721 oi
3526 668 3583 721 δέ
3624 668 3726 739 τὴν

2120 758 2523 828 ἀνθρωπότητα
2564 756 2784 827 δοκήσει
2817 756 3075 828 λέγουσιν
3108 754 3247 814 εἶναι
3280 762 3336 812 ἐν
3364 759 3443 830 τῷ
3477 760 3723 830 Σωτῆρι,

2122 846 2261 918 πλὴν
2302 847 2425 901 ὅσον
2474 847 2759 919 ἑκάτερος,
2804 851 2833 903 6
2886 849 2986 919 μὲν
3034 851 3134 922 τὴν
3192 851 3447 905 εὐδοκίαν
3488 851 3584 904 καὶ
3622 852 3723 922 τὴν

2120 939 2307 1005 ἀξίαν,
2344 940 2466 994 ἀντὶ
2504 941 2605 1011 τῆς
2632 940 2775 995 κατά
2812 942 2912 1013 τὴν
2954 942 3188 1015 θεότητα
3224 945 3530 1014 φαντασίας
3559 964 3570 975 ο
3610 947 3637 999 6
3667 944 3726 998 δέ

2120 1030 2221 1101 τὴν
2261 1030 2501 1101 ἄρρητον
2542 1032 2743 1101 σάρκα,
2790 1032 2914 1086 ἀντὶ
2954 1034 3054 1104 τῆς
3105 1036 3267 1103 φύσει
3308 1035 3403 1088 καὶ
3443 1034 3726 1105 ἡμετέρας

2122 1121 2547 1193 προσίσχονται,
2588 1124 2927 1197 εὐπρεπέσιν
2996 1126 3231 1197 ὀνόμασι
3286 1129 3383 1181 καὶ
3455 1128 3729 1199 εὐφήμοις

2125 1218 2404 1290 ῥήμασιν,
2459 1217 2648 1290 ὥσπερ
2704 1218 2994 1290 χρώμασιν
3050 1220 3449 1284 ἐπιπλάστοις,
3504 1223 3565 1274 τὸ
3626 1220 3728 1289 τῆς

2123 1308 2373 1372 ἐναντίας
2409 1310 2529 1381 μέν,
2565 1310 2689 1381 ἴσης
2724 1311 2782 1364 δέ
2826 1312 3084 1376 ἀσεϐείας
3126 1312 3367 1377 δυσειδὲς
3412 1314 3730 1384 ἀποσεμνύ-

2122 1418 2237 1456 νειν
2283 1401 2710 1474 ἐπιχειροῦντες.
2762 1404 2977 1459 Ὠσανεὶ
3034 1404 3230 1458 τούτου
3277 1405 3729 1476 ἐσπουδασμένου

2123 1495 2257 1565 ἡμῖν
2285 1494 2482 1557 κάλλος
2516 1495 2709 1548 ἀσκεῖν
2743 1495 3049 1565 ὀνομάτων,
3102 1497 3220 1551 ἀλλ’
3255 1498 3317 1551 οὐ
3354 1496 3413 1550 τὸ
3451 1498 3551 1566 τῆς
3592 1499 3729 1568 ἀλη-

2124 1587 2276 1650 θείας
2300 1585 2536 1657 χρυσοῦν
2564 1586 2735 1650 ὅντως
2766 1587 3065 1659 πρόσωπον
3098 1588 3447 1655 ἐποπτεύειν,
3478 1585 3545 1659 ἧς
3575 1590 3731 1642 οὐδὲν

2124 1679 2561 1752 ἐρασμιώτερον,
2624 1679 2725 1733 κᾶν
2772 1682 2832 1732 τὸ
2882 1680 2981 1751 τῆς
3043 1680 3244 1746 λέξεως
3306 1683 3585 1753 εὐπρεπὲς
3635 1681 3733 1734 καὶ

2125 1771 2353 1842 φαιδρὸν
2386 1770 2461 1842 μὴ
2510 1774 2708 1842 προσῇ.
2752 1772 2903 1843 Μηδέ
2959 1772 3068 1845 γὰρ
3126 1773 3502 1843 κομμωτικῶν
3557 1773 3733 1845 αὐτὴν

2133 1863 2485 1935 προσδεῖσθαι
2513 1864 3013 1936 καλλωπισμάτων,
3048 1866 3266 1936 φυσικῷ
3307 1866 3496 1919 κάλλει
3528 1865 3735 1936 λελαμ-

2134 1957 2480 2028 πρυσμένην,
2518 1958 2613 2010 καὶ
2647 1956 2814 2029 μηδὲν
2852 1958 3117 2029 δεομένην
3145 1959 3246 2027 τῆς
3281 1959 3347 2013 ἐκ
3386 1958 3498 2012 τῶν
3540 1959 3733 2031 ῥημά-

2133 2064 2241 2100 των
2258 2045 2447 2119 ὦσπερ
2468 2049 2942 2119 προστριμμάτων
2960 2050 3245 2121 ἀπατηλῆς
3265 2051 3359 2104 ἐπι
3368 2050 3733 2122 μορφώσεως.

2134 2134 2292 2191 Οὗτοι
2324 2138 2389 2208 δὴ
2439 2134 2531 2193 οὖν
2564 2141 2780 2202 ἑαυτοῖς
2828 2158 2889 2193 τε
2940 2143 3034 2195 καὶ
3080 2145 3145 2214 τῇ
3182 2141 3412 2215 ἀληθείᾳ
3441 2144 3735 2213 ἀπομαχό-

2134 2250 2311 2304 μενοι,
2344 2232 2432 2285 διὰ
2478 2234 2587 2286 τῶν
2616 2233 2876 2287 ἐναντίων
2915 2236 3006 2287 τὸν
3038 2237 3161 2288 κατ’
3188 2235 3363 2304 αὐτῆς
3400 2235 3736 2307 ἐμερίσαντο

2133 2326 2391 2398 πόλεμον,
2440 2329 2563 2389 ταῖς
2604 2327 2798 2392 αὑταῖς
2856 2328 3191 2401 προτάσσειν
3234 2330 3496 2401 ἑκάτερος
3546 2329 3735 2385 αὐτῶν

2134 2415 2271 2488 πρὸς
2294 2416 2385 2469 τὸν
2416 2416 2548 2470 ἴδιον
2595 2416 2982 2489 ἀποχρώμενοι
3016 2418 3218 2472 σκοπόν
3241 2435 3255 2449 ο
3304 2418 3448 2472 ὥστε
3494 2418 3596 2486 τὴν
3641 2416 3736 2471 διὰ

2134 2509 2245 2562 τῶν
2266 2508 2528 2563 ἐναντίων
2551 2509 2897 2579 συμφωνίαν,
2920 2511 3000 2564 ἐνὶ
3021 2510 3100 2583 τῷ
3117 2511 3214 2582 τῆς
3236 2510 3499 2582 ἀληθείας
3520 2511 3734 2581 ἐλέγχῳ

2138 2601 2274 2673 πρὸς
2300 2601 2410 2654 τῶν
2445 2601 2743 2672 γνωρίμων
2792 2602 2966 2673 αὑτῆς
3011 2603 3438 2674 ἀνατρέπεσθαι,
3495 2602 3592 2657 καὶ
3640 2605 3735 2671 γί-

2137 2696 2325 2750 νεσθαι
2357 2695 2679 2767 περιουσίαν
2720 2695 2901 2765 νίκης,
2928 2696 3028 2766 τῆς
3063 2697 3330 2768 πονηρίας
3364 2696 3465 2767 τὴν
3501 2712 3737 2766 συμφω-

433 2794 577 2850 νίαν.
629 2791 723 2858 Οἷς
770 2795 878 2867 γάρ
918 2797 985 2850 ἂν
1032 2796 1261 2869 θάτερον
1305 2797 1414 2852 τῶν
1467 2797 1609 2851 κατά
1645 2798 1744 2867 τὴν
1809 2793 2063 2848 ἀσέϐειαν
2105 2790 2618 2862 συμπεπλεγμένων
2680 2789 3124 2861 ἀνατρέψαιμεν,
3172 2791 3387 2856 τούτοις
3431 2791 3734 2845 συνανατέ-

433 2900 676 2955 τραπται
704 2884 799 2938 καὶ
830 2885 857 2938 ὁ
885 2884 1095 2956 ἔτερος.

507 2974 605 3029 Est
640 2982 827 3028 autem
856 2974 1259 3030 advertendum
1297 2974 1443 3030 idem
1470 2974 1725 3031 evenisse
1753 2974 1899 3029 circa
1943 2972 2030 3029 in-

2220 2964 2418 3020 ’ἰστέον
2444 2965 2575 3038 γὰρ,
2609 2966 2686 3032 ὡς
2724 2968 2921 3023 ταύτὸν
2953 2967 3191 3024 πέπονθε
3236 2971 3367 3042 περὶ
3392 2974 3495 3044 τὴν
3518 2976 3735 3032 οἰκονο-

435 3066 819 3122 carnationem
858 3065 1094 3137 Eutyehi
1155 3068 1231 3137 (4)
1267 3084 1393 3122 cum
1428 3067 1716 3133 Nestorio,
1767 3066 1915 3137 quod
1968 3067 2025 3121 in

2136 3058 2267 3129 μίαν
2303 3059 2553 3129 Εὑτυχῆς
2579 3058 2718 3128 πρὸς
2743 3060 3063 3133 Νεστόριον,
3098 3062 3127 3115 ὃ
3160 3064 3290 3135 περί
3325 3065 3424 3137 τὴν
3449 3065 3736 3138 θεολογίαν

438 3157 715 3212 Trinitate
747 3157 989 3212 Sabellio
1018 3174 1145 3212 enm
1172 3157 1339 3225 Δεῖος
1370 3160 1449 3213 illi
1483 3160 1633 3214 enim
1678 3175 1776 3229 per
1806 3168 2028 3214 contra-

441 3253 522 3307 ria
563 3252 619 3306 in
649 3253 857 3307 malum
877 3253 1091 3323 aequale
1108 3254 1461 3308 ceciderunt.
1498 3253 1776 3310 Sabellius
1799 3253 2025 3323 quidem

440 3352 673 3415 propter
704 3345 1098 3411 substantiam,
1139 3345 1197 3401 in
1231 3361 1399 3401 unam
1432 3346 1758 3417 hypostasin
1790 3346 2028 3402 confun-

442 3437 526 3494 dit
554 3437 879 3508 hypostases
903 3455 917 3504 ;
952 3438 1121 3493 Arius
1144 3454 1279 3494 vero
1308 3449 1536 3509 propter
1565 3439 1889 3511 hypostases
1916 3479 1932 3505 ,
1959 3440 2032 3495 si-

446 3527 561 3580 mul
589 3542 717 3582 cum
748 3527 830 3583 eis
852 3528 1221 3585 substantiam
1241 3530 1453 3585 divisit.
1484 3530 1551 3585 lli
1568 3546 1703 3586 vero
1725 3546 1994 3587 converse
2016 3550 2028 3586 :

444 3618 739 3675 Nestorius
778 3620 1007 3691 quidem
1042 3621 1244 3677 dividit
1293 3631 1522 3677 naturas
1569 3623 1621 3677 in
1665 3624 2030 3695 hypostases;

446 3711 725 3782 Eutyches
750 3729 883 3768 vero
907 3715 1233 3770 commiscet
1268 3722 1495 3770 naturas
1520 3716 1572 3768 in
1601 3724 1880 3769 naturam.
1910 3714 2035 3781 Qui-

448 3804 553 3858 bus
576 3804 725 3858 enim
754 3804 1232 3875 disputationibus
1270 3816 1328 3863 et
1350 3807 1696 3877 argumentis
1724 3824 1755 3862 a
1781 3808 2036 3877 superio-

448 3916 572 3955 rum
602 3912 916 3973 temporum
948 3904 1271 3961 hominibus
1303 3905 1549 3960 Trinitas
1576 3906 1753 3961 divisa
1792 3914 1897 3971 est,
1921 3906 2035 3961 eis-

446 3992 574 4047 dem
607 4008 639 4049 a
675 3995 1078 4065 posterioribus
1099 3996 1489 4063 (economiam,
1539 3997 1591 4051 id
1628 4004 1733 4063 est,
1777 3997 2036 4052 incarna-

448 4086 657 4143 tionem
702 4088 990 4145 confusam
1033 4105 1155 4146 esse
1207 4090 1535 4161 reperimus.
1590 4090 1803 4157 Quibus
1850 4100 2035 4147 autem

446 4193 597 4234 nunc
638 4182 1003 4236 meonomiam
1053 4182 1346 4247 dividunt,
1412 4182 1502 4237 his
1558 4182 1636 4236 illi
1686 4182 2037 4239 divinitatem

447 4268 817 4327 confundunt.
875 4272 988 4344 Age
1019 4289 1174 4344 ergo,
1206 4273 1555 4343 proferamus
1584 4274 1639 4328 in
1662 4274 1906 4330 medium
1935 4291 2035 4331 eo-

448 4377 570 4417 rum
603 4364 937 4435 sophisticas
963 4366 1415 4437 propositiones,
1470 4378 1525 4423 et
1560 4377 1824 4438 tanquam
1860 4370 1915 4424 in
1952 4371 2039 4440 ju-
2075 4406 2119 4460 Β

447 4452 617 4521 dicio,
658 4455 856 4512 demus
885 4458 1069 4513 locum
1104 4457 1561 4514 accusationibus
1591 4474 1823 4527 eorum;
1869 4468 2039 4530 atque

449 4546 525 4600 ita
550 4562 675 4617 quae
698 4547 905 4604 frustra
950 4560 1144 4606 contra
1185 4552 1479 4608 veritatem
1507 4566 1648 4606 vane
1690 4553 2044 4624 excogitave-

450 4650 601 4702 runt,
632 4640 848 4698 diluere
879 4644 1227 4698 conabimur.

524 4812 878 4869 Aiuntenim:
896 4813 953 4869 Si
971 4814 1111 4870 duas
1127 4823 1354 4870 naturas
1372 4815 1552 4871 inuno
1566 4814 1790 4871 Christo
1810 4830 1933 4871 esse
1959 4814 2045 4870 di-

450 4906 601 4972 citis,
629 4914 828 4961 natura
849 4914 1167 4963 autem‘non
1196 4916 1281 4963 est
1301 4908 1422 4965 sine
1441 4908 1744 4980 bypostasi,
1761 4909 1884 4963 dua:
1909 4924 2043 4980 ergo

451 5008 621 5055 erunt
653 4999 1000 5072 hypostases.
1030 5000 1211 5056 Unum
1236 5009 1422 5057 autem
1450 5009 1535 5057 est
1562 5002 1876 5072 utriusque,
1906 5000 2042 5065 dixi,

452 5100 760 5160 certamen,
788 5093 1044 5163 quamvis
1077 5093 1202 5149 ﬁnis
1235 5094 1308 5149 sit
1344 5093 1629 5149 differens.
1663 5092 1748 5147 llli
1780 5092 1952 5157 enim,
1987 5091 2042 5145 id

459 5190 565 5250 est,
589 5184 932 5251 Nestoriani,
956 5193 1017 5239 ut
1037 5200 1162 5241 eum
1182 5186 1393 5240 naturis
1416 5184 1742 5257 hypostases
1768 5182 2041 5249 inferant;

459 5275 553 5333 alii
586 5278 812 5344 vero,id
835 5287 943 5345 est,
979 5279 1333 5351 Eutychiani,
1368 5286 1427 5333 ut
1461 5293 1561 5348 per
1591 5277 1917 5348 hypostases
1950 5292 2047 5330 na-

462 5380 613 5427 turas
635 5371 800 5427 etiam
837 5373 1121 5435 tollerent,
1161 5374 1356 5427 eodem
1392 5362 1718 5442 argumento
1767 5369 1852 5425 usi
1895 5379 2043 5425 sunt.

455 5459 565 5517 Sed
594 5462 843 5528 audiant,
875 5463 971 5533 qui
1001 5464 1270 5535 Eutychis
1292 5472 1480 5534 partes
1506 5469 1839 5530 sequuntur.
1872 5459 2047 5516 Nobis

456 5552 607 5608 enim
644 5569 817 5608 unum
855 5569 1151 5611 commune
1207 5564 1487 5611 certamen
1535 5560 1730 5607 contra
1777 5560 2045 5621 utrosque

546 5732 625 5805 (ὁ)
658 5731 848 5791 Schol.
910 5733 965 5790 in
995 5750 1169 5807 marg.
1236 5735 1369 5806 περὶ
1424 5734 1520 5789 τοῦ
1558 5734 1704 5789 assa
1736 5732 1942 5789 Νόννου
1971 5731 2126 5803 φησί.

540 5887 618 5955 (3)
660 5888 846 5961 Aliter:
887 5888 1206 5959 depingitur
1247 5887 1519 5961 lionnus
1550 5890 1652 5961 istc
1687 5904 1717 5944 a
1765 5889 1966 5961 Cyrillo
2010 5890 2063 5945 in

472 5954 794 6014 Vttasancti
814 5954 975 6016 διιὺαὶ
996 5954 1261 6015 ρΓείιιιςιί
1285 5958 1547 6027 Quiriaci.
1580 5954 1904 6016 Tt'nnt.\.‘~"t‘s.

2132 3152 2422 3216 Σαϐέλλιος
2456 3153 2595 3224 πρὸς
2618 3153 2709 3208 τὸν
2732 3155 2951 3224 Ἀρειον
2973 3172 2985 3184 ·
3025 3156 3227 3208 ἐκεῖνοί
3260 3174 3320 3210 τε
3354 3158 3463 3230 γὰρ
3495 3160 3583 3215 διὰ
3622 3164 3736 3216 τῶν

2132 3244 2417 3311 ἐναντίων,
2448 3246 2529 3309 εἰς
2574 3246 2637 3299 τὸ
2668 3241 2786 3301 ἴσον
2836 3248 3007 3301 κακὸν
3065 3251 3587 3319 ἐμπεπτώκασινοὸ
3635 3258 3738 3327 μὲν

2131 3336 2218 3390 διὰ
2256 3337 2353 3404 τὴν
2400 3337 2589 3393 οὐσίαν
2641 3341 2721 3403 εἰς
2782 3340 2911 3410 μίαν
2966 3342 3269 3397 ὑπόστασιν
3329 3345 3577 3416 συγχέων
3634 3349 3738 3413 τὰς

2133 3430 2483 3496 ὑποστάσεις,
2509 3434 2536 3484 ό
2563 3431 2619 3485 δὲ
2644 3432 2731 3485 διὰ
2762 3432 2862 3496 τὰς
2883 3433 3213 3497 ὑποστάσεις
3242 3435 3567 3509 συνδιαιρῶν
3597 3440 3736 3493 ταύ-

2134 3539 2257 3585 ταις
2300 3522 2397 3575 καὶ
2439 3523 2537 3594 τὴν
2571 3523 2781 3579 οὑσίαν.
2825 3525 2937 3578 Καὶ
2988 3519 3134 3581 οὑτοι
3170 3526 3227 3579 δὲ
3262 3526 3323 3580 τὸ
3363 3528 3663 3597 ἀνάπαλιν,
3707 3530 3738 3583 6

2084 3698 2087 3699 ν
2139 3614 2240 3685 μὲν
2268 3614 2453 3681 τέμνει
2494 3615 2593 3680 τὰς
2630 3616 2823 3685 φύσεις
2869 3618 2948 3680 είς
2997 3617 3353 3683 ὑποστάσεις,
3395 3622 3423 3675 6
3464 3620 3520 3674 δὲ
3572 3622 3738 3694 φύρει

2138 3706 2239 3771 τὰς
2271 3706 2463 3776 φύσεις
2492 3708 2573 3771 εἰς
2609 3708 2792 3778 φύσιν.
2814 3710 2965 3762 Καὶό
3002 3710 3102 3780 μὲν
3132 3708 3400 3784 ποιεῖτὴν
3432 3712 3739 3767 ὑπόστασιν

2139 3798 2489 3866 ὑποστάσεις,
2523 3800 2551 3853 6
2579 3800 2636 3853 δὲ
2676 3801 2775 3865 τάς
2813 3801 3007 3872 φύσεις
3036 3804 3117 3866 είς
3146 3802 3309 3873 φύσιν
3355 3804 3601 3875 ἁναχέει.
3640 3799 3739 3869 Οἷς

2139 3891 2248 3963 γὰρ
2290 3892 2641 3963 προϐλήμασι
2686 3892 3079 3964 διαιρουμένην
3129 3895 3235 3948 ὑπὸ
3291 3896 3401 3949 τῶν
3451 3897 3739 3969 προτέρων

2140 3982 2286 4037 ἐστιν
2333 3985 2459 4038 ἰδεῖν
2510 3986 2608 4057 τὴν
2659 3985 2887 4055 Τριάδα,
2928 3986 3144 4053 τούτοις
3205 3990 3582 4061 συγχεομένην
3633 3988 3742 4043 ὑπὸ

2140 4075 2250 4130 τῶν
2303 4076 2548 4146 ὑστέρων
2608 4077 2946 4148 εὑρίσκομεν
3006 4081 3105 4151 τὴν
3155 4082 3501 4152 οἰκονομίανο
3549 4076 3629 4145 οἷς
3681 4083 3742 4137 δέ

2140 4166 2409 4239 διαιροῦσι
2459 4166 2558 4239 τὴν
2615 4169 2935 4239 οίκονομίαν
2978 4170 3029 4223 οἱ
3079 4170 3210 4237 νῦν,
3263 4172 3479 4237 τούτοις
3538 4175 3741 4227 ἐκεῖνοι

2144 4259 2435 4328 συγχέουσι
2462 4260 2561 4329 τὴν
2593 4259 2845 4332 θεότητα.
2874 4261 3010 4332 Φέρε
3054 4262 3118 4331 δὴ
3170 4259 3264 4317 οὗν
3304 4264 3405 4329 τὰς
3442 4264 3741 4337 προτάσεις

2142 4352 2322 4405 αὐτῶν
2343 4354 2442 4416 τάς
2476 4352 2800 4420 σοφιστικὰς
2839 4354 2921 4418 εἰς
2968 4355 3129 4424 μέσον
3164 4355 3241 4426 τῷ
3286 4357 3431 4426 λόγῳ
3480 4358 3743 4429 παραγά-

2146 4462 2371 4515 γωμεν,
2426 4445 2521 4499 καὶ
2568 4445 2760 4516 ὥσπερ
2794 4447 2852 4499 ἐν
2884 4446 3261 4520 δικαστηρίῳ,
3319 4450 3506 4522 χώραν
3556 4451 3744 4513 αὑτοῖς

2145 4534 2254 4591 τῶν
2280 4536 2401 4590 καθ’
2434 4536 2593 4607 ἡμῶν
2623 4538 2993 4609 ἐγκλημάτων
3017 4540 3283 4605 ἐνδόντες,
3312 4542 3457 4596 οὕτω
3485 4541 3742 4595 διαλῦσαι

2146 4631 2249 4694 τάς
2300 4632 2536 4702 ματαίας
2592 4632 2774 4686 αὐτῶν
2828 4633 2971 4687 κατά
3028 4635 3126 4707 τῆς
3184 4636 3443 4708 ἀληθείας
3495 4638 3745 4703 ἐπινοίας

2148 4724 2550 4796 πειρασόμεθα.

2214 4815 2355 4870 Φασὶ
2387 4816 2615 4889 γάρ·Εί
2667 4815 2760 4870 δύο
2796 4816 2988 4886 φύσεις
3044 4818 3139 4873 ἐπὶ
3184 4820 3279 4874 τοῦ
3331 4821 3452 4886 ἐνὸς
3500 4823 3743 4894 Χριστοῦ

2147 4926 2305 4979 φατε,
2349 4908 2452 4963 οὑκ
2484 4907 2598 4963 ἐστι
2641 4908 2699 4962 δὲ
2736 4908 2899 4978 φύσις
2937 4912 3313 4977 ἀνυπόστατος
3336 4954 3352 4980 ,
3402 4915 3497 4969 δύο
3540 4916 3647 4987 ἄρα
3676 4916 3745 4971 ἂν

2147 4997 2255 5055 εἷεν
2283 5001 2379 5055 καὶ
2412 5002 2470 5053 αἱ
2501 4999 2835 5063 ὑποστάσεις
2860 5015 2874 5029 ·
2909 4996 2990 5065 εἷς
3012 5002 3070 5055 δὲ
3100 5002 3246 5058 ἐστιν
3273 5004 3629 5076 ἀμφοτέροις,
3669 5006 3746 5069 ὡς

2152 5089 2311 5162 ἔφην,
2364 5088 2535 5160 ἀγὼν,
2582 5088 2685 5143 κᾶν
2715 5090 2744 5142 6
2789 5087 3048 5164 σκοπδςῇ
3084 5091 3364 5165 διάφορος.
3398 5096 3460 5148 Οἱ
3504 5096 3603 5166 μὲν
3633 5097 3747 5167 γὰρ

2152 5180 2240 5235 ἵνα
2269 5183 2386 5245 ταῖς
2417 5178 2617 5249 φύσεσι
2642 5182 3089 5250 συνεισαγάγωσι
3130 5183 3231 5247 τὰς
3271 5185 3603 5249 ὑποστάσεις
3630 5226 3644 5247 ,
3695 5187 3747 5241 οἱ

2152 5277 2208 5330 δὲ
2248 5277 2333 5330 ἵνα
2363 5277 2453 5331 διά
2479 5276 2587 5332 τῶν
2619 5278 2975 5333 ὑποστάσεων
3005 5279 3098 5333 καὶ
3126 5279 3225 5344 τὰς
3263 5279 3457 5348 φύσεις
3486 5281 3744 5348 ἀνέλωσι,

2152 5368 2231 5438 τῷ
2270 5368 2417 5441 αὐτῷ
2470 5369 2774 5441 κέχρηνται
2800 5369 3174 5443 προϐλήματι.
3218 5371 3360 5424 Ἀλλ’
3396 5371 3751 5426 άκουέτωσαν

2156 5462 2249 5515 καὶ
2280 5460 2416 5532 πρὸς
2462 5460 2620 5532 ἡμῶν
2660 5462 2709 5515 oi
2739 5463 2836 5533 τῆς
2864 5462 3139 5534 Εὐτυχοῦς
3176 5462 3371 5534 μοίρας
3407 5480 3421 5494 ο
3444 5464 3472 5516 6
3510 5463 3608 5533 μὲν
3641 5464 3752 5536 γάρ

2154 5568 2237 5616 τις
2271 5551 2448 5617 κοινὸς
2485 5553 2618 5625 ἡμῖν
2645 5553 2781 5627 πρὸς
2816 5552 3139 5624 ἑκατέρους,
3170 5555 3198 5606 6
3219 5555 3277 5609 δὲ
3311 5553 3441 5619 ἴδιός
3466 5556 3583 5629 ἐστι
3613 5554 3752 5627 πρὸς

2179 5856 2562 6017 ὠδυῧίῗὲἓοηι
2609 5891 2775 5948 habet
2833 5891 2884 5947 in
2919 5890 3062 5949 libro
3092 5890 3169 5948 De
3208 5890 3379 5958 sectis,
3404 5898 3509 5946 act.
3550 5888 3599 5955 i,
3629 5901 3753 5960 pag.
