4120 6506
411 497 548 566 1277

1475 493 1774 557 CONTRA
1815 491 2137 555 NESTOR.
2175 490 2269 550 ET
2308 487 2637 550 EUTYCII.

3553 477 3694 544 1278

405 608 635 671 τούτους
659 603 830 674 ἀγών.
873 602 940 658 Τί
962 602 1019 658 δὲ
1046 603 1204 675 ὑμεῖς
1235 620 1402 673 φατε;
1433 601 1580 658 Μίαν
1603 601 1790 664 ἁπλῶς
1815 600 1980 671 λέγετη

2108 603 2226 661 est;
2255 595 2543 665 proprium
2577 607 2711 648 vero
2737 598 2933 647 contra
2966 590 3087 646 hos.
3119 588 3264 658 Quid
3288 604 3388 646 vos
3404 605 3536 644 vero
3552 590 3692 645 diei-

406 699 609 772 φύσιν;
644 695 743 765 Οὑ,
791 696 980 766 φασὶν,
1011 694 1146 749 ἀλλά
1190 696 1318 766 μίαν
1349 692 1800 766 σεσαρκωμένην.
1827 693 1996 746 Οὐδὲν

403 789 463 846 δὲ
503 786 704 842 κωλύει
740 787 836 841 καὶ
891 785 1245 858 χαριέστερον
1287 787 1416 854 ὑμῖν
1457 783 1865 855 συμπλακῆναι,
1898 783 1996 852 τὴν

406 879 602 952 μὲνδὴ
659 879 790 951 μίαν
833 879 902 950 ἥν
959 895 1098 948 φατε
1153 877 1250 931 τοῦ
1304 877 1477 946 Λόγου
1534 875 1700 946 φύσιν
1739 875 1996 939 λαϐόντες

405 969 605 1044 ἔχομεν
643 971 778 1044 παρ’
802 969 976 1042 ὑμῶν.
1007 971 1145 1042 Περὶ
1171 969 1229 1024 δὲ
1263 970 1364 1040 τῆς
1402 969 1599 1041 ἐτέρας
1627 967 1780 1040 ἔστω,
1807 969 1839 1038 ή
1882 967 1997 1019 δια-

406 1063 593 1137 μάχηο
635 1063 704 1134 ἢν
743 1061 908 1132 φύσιν
944 1061 1046 1132 μὲν
1098 1061 1296 1133 ἑτέραν
1336 1061 1490 1131 παρά
1543 1059 1643 1131 τὴν
1684 1059 1780 1112 τοῦ
1815 1057 1994 1126 Λόγου

401 1155 585 1228 φαμὲν
615 1155 814 1228 ήμεῖς,
850 1151 990 1226 σὰρξ
1026 1153 1084 1208 δὲ
1131 1153 1269 1226 πρὸς
1312 1152 1467 1224 ὑμῶν
1495 1151 1779 1208 καλεῖσθαι
1826 1151 1992 1222 φιλεῖ.

401 1248 470 1303 Τί
501 1263 641 1318 φατε
667 1247 797 1320 περὶ
821 1247 921 1317 τῆς
945 1246 1155 1318 σαρκὸς
1195 1246 1437 1318 ταύτης;
1470 1245 1582 1317 ἔχει
1614 1245 1798 1315 φύσιν,
1831 1244 1864 1314 ἢ
1900 1244 1993 1297 οὑ-

403 1340 611 1412 σίαν,ἥ
649 1340 820 1412 μέρος
848 1355 914 1409 γε
960 1339 1217 1409 φύσεως;
1260 1338 1356 1392 τοῦ
1401 1339 1458 1393 δὲ
1497 1338 1687 1405 πόσου,
1730 1338 1889 1407 ὑμεῖς
1927 1336 1993 1390 ἂν

398 1435 548 1506 εἴητε
587 1432 789 1505 κύριοι,
845 1432 957 1486 εἴτε
1003 1433 1201 1503 ἥμισυ,
1228 1431 1340 1484 εἴτε
1380 1431 1585 1501 τρίτον,
1623 1429 1736 1484 εἴτε
1779 1447 1832 1483 τι
1864 1428 1993 1483 ἄλλο

399 1525 778 1598 ποστημόριον
807 1525 995 1580 καλεῖν
1023 1523 1229 1577 θέλετε.
1273 1523 1384 1576 Καὶ
1414 1522 1503 1577 ἵνα
1539 1521 1618 1593 τῷ
1661 1520 1811 1592 αὑτῷ
1861 1521 1992 1589 ὑμῖν

390 1617 694 1689 χρήσωμαι
728 1618 992 1687 σχήματι,
1041 1615 1156 1668 ἔστι
1196 1614 1334 1686 σὰρξ
1385 1613 1653 1677 ἀνούσιος.
1695 1612 1728 1684 ἦ
1775 1612 1992 1681 φύσεως

397 1707 666 1779 ἄμοιροςς
716 1709 829 1762 Καὶ
874 1708 992 1774 πῶς
1038 1709 1104 1763 ἂν
1156 1706 1541 1778 ἀποφεύξησθε
1585 1706 1683 1778 τὴν
1718 1707 1990 1776 ὑμετέραν

393 1799 664 1872 ἀπορίανς
692 1801 756 1856 Εἰ
787 1801 887 1872 μὲν
920 1801 1030 1872 γάρ
1063 1802 1183 1854 ἐστι
1212 1798 1350 1870 σὰρξ
1396 1800 1667 1865 ἀνούσιος,
1699 1798 1731 1869 ἢ
1774 1798 1990 1868 φύσεως

392 1891 584 1960 ἐκτὸς,
637 1891 851 1958 δείξατε
897 1893 984 1957 τίς
1013 1892 1170 1958 οῦσα,
1204 1893 1298 1947 καὶ
1337 1892 1454 1956 πῶς
1484 1891 1684 1964 ἔχουσα
1729 1891 1986 1962 τυγχάνει

2101 691 2172 746 tis
2199 705 2365 744 unam
2401 696 2655 742 naturam
2703 686 2874 741 esse?
2898 685 3043 748 Non,
3079 684 3360 754 inquiunt,
3395 683 3491 738 sed
3521 699 3688 737 unam

2099 781 2630 839 incarnatam.Nihil
2663 788 2846 834 autem
2899 777 3160 849 prohibet
3214 777 3348 846 quin
3399 775 3689 830 vobiscum

2097 878 2520 948 conjungamur.
2552 875 2728 931 Unam
2762 873 2950 943 itaque
2983 880 3235 926 naturam
3263 869 3467 933 Verbi,
3519 883 3686 939 quam

2097 970 2304 1034 dicitis,
2338 985 2368 1024 a
2399 968 2559 1024 vobis
2614 967 2796 1022 datam
2832 975 2889 1021 et
2936 978 3255 1019 concessam
3301 971 3574 1016 tenemus.
3610 961 3686 1015 De

2097 1066 2272 1120 altera
2303 1072 2489 1120 autem
2524 1072 2722 1119 natura
2749 1061 3170 1124 contendamus,
3207 1075 3374 1129 quam
3428 1068 3683 1112 naturam

2095 1159 2260 1212 aliam
2291 1173 2413 1213 esse
2447 1157 2686 1212 dicimus
2731 1162 2931 1226 praeter
2963 1161 3216 1207 naturam
3251 1150 3452 1215 Verbi,
3504 1165 3626 1219 qua:
3653 1164 3683 1203 a

2095 1251 2253 1305 vobis
2287 1250 2396 1305 diei
2428 1250 2590 1304 solet.
2613 1247 2756 1315 Quid
2793 1247 2861 1302 de
2896 1246 3000 1300 hac
3029 1259 3195 1300 carne
3228 1242 3416 1297 dicitis
3436 1242 3461 1294 Τ
3489 1240 3686 1300 habet-

2095 1358 2165 1398 ne
2189 1353 2470 1406 naturam,
2499 1341 2585 1396 vel
2623 1339 3008 1402 substantiam,
3070 1343 3166 1391 aut
3213 1345 3423 1406 partem
3456 1333 3682 1404 quidem

2094 1435 2346 1489 natum?
2367 1442 2636 1503 quantum
2663 1440 2844 1487 autem
2870 1431 3094 1494 habeat,
3121 1429 3176 1482 in
3203 1434 3384 1483 vestra
3409 1433 3681 1496 potestate

2093 1533 2195 1588 est,
2231 1523 2346 1579 sive
2377 1523 2684 1587 dimidiam,
2709 1524 2823 1577 sive
2857 1517 3075 1576 tertiam
3110 1528 3347 1590 partem,
3367 1518 3483 1571 sive
3514 1517 3680 1570 aliam

2071 1616 2377 1670 minimam
2411 1625 2621 1686 partem
2652 1631 2851 1669 vocare
2889 1613 3046 1667 libet.
3082 1612 3149 1665 Et
3185 1620 3244 1664 ut
3277 1609 3470 1666 eadem
3507 1607 3682 1660 forma

2092 1708 2514 1779 argumentandi
2547 1707 2833 1762 vobiscum
2866 1715 3012 1772 utar,
3042 1713 3203 1760 estne
3247 1717 3377 1758 caro
3406 1700 3679 1762 ἀνούσιος,

2094 1800 2150 1855 id
2175 1810 2281 1867 est,
2319 1817 2516 1871 expers
2545 1800 2889 1865 substantiae,
2917 1799 3002 1853 vel
3029 1812 3228 1868 expers
3262 1794 3511 1850 naturae?
3534 1792 3682 1858 Quo-

2092 1893 2256 1949 modo
2279 1904 2526 1950 nostram
2554 1894 2916 1965 quaestionem
2948 1890 3261 1962 eﬂugietis?
3283 1889 3500 1946 Etenim
3525 1887 3570 1941 si
3596 1891 3679 1939 est

389 1981 554 2055 αῦτη,
585 1985 684 2039 καὶ
713 1986 874 2056 ἡμεῖς
905 1984 1222 2055 στέρξομεν.
1258 1985 1319 2037 ΕΞ
1348 1984 1404 2036 δὲ
1435 1987 1532 2054 τῆς
1567 1983 1804 2054 ἐσχάτης
1827 1982 1976 2037 ἐστὶν

2080 2001 2210 2043 caro
2258 2003 2457 2059 expers
2505 1988 2849 2050 substantiae,
2902 1985 2988 2040 vel
3038 1992 3197 2039 extra
3227 1991 3520 2044 naturam,
3582 1979 3680 2033 de-

389 2073 653 2146 ἅμαθίας,
698 2076 880 2147 σάρκα
910 2075 1286 2139 ὑποτίθεσθαι,
1319 2075 1418 2128 οὑκ
1448 2073 1615 2128 οὖσαν
1658 2072 1806 2127 τοῦθ’
1848 2075 1986 2144 ὅπερ

389 2166 487 2219 καὶ
531 2165 777 2234 λέγεται,
820 2166 853 2238 ἦ
885 2166 947 2221 οὑ
977 2167 1280 2237 λεγομένην
1313 2167 1450 2237 ὅπερ
1483 2167 1652 2234 ἐστὶν,
1702 2165 1820 2230 πῶς
1850 2167 1985 2221 ἀπο-

388 2256 654 2327 φεύξεσθε
685 2259 753 2329 ἦν
801 2259 935 2330 ήμῖν
965 2258 1123 2312 αὐτοὶ
1172 2259 1542 2330 προεϐάλεσθε
1577 2257 1882 2330 πρότασιν;
1919 2259 1984 2313 Ei

388 2349 500 2422 γὰρ
555 2349 660 2404 οὑκ
708 2348 828 2404 ἔστι
859 2349 997 2422 σάρξ
1051 2350 1335 2417 ἀνούσιος,
1392 2351 1639 2405 τουτέστι
1675 2351 1839 2422 φύσιν
1883 2351 1984 2405 οὑκ

386 2441 588 2512 ἔχουσα
614 2483 629 2508 ,
665 2442 767 2496 οὑκ
819 2441 938 2496 ἔστι
981 2442 1041 2497 δὲ
1081 2442 1244 2512 φύσις
1281 2443 1657 2507 ἀνυπόστατος
1680 2483 1695 2508 ,
1738 2445 1839 2498 οὑκ
1875 2443 1984 2516 ἄρα

386 2532 541 2588 ἔσται
577 2532 715 2605 σάρξ
743 2533 1149 2597 ἀνυπόστατος’
1184 2533 1305 2606 ὥρα
1337 2533 1399 2607 δὴ
1428 2532 1522 2590 οῦν
1557 2536 1701 2608 ὑμᾶς
1732 2535 1764 2609 ἣ
1799 2537 1984 2593 τέλεον

383 2623 875 2678 ἀποσκευάσασθαι
900 2625 1104 2696 σαρκὸς
1132 2626 1234 2698 τὴν
1259 2625 1445 2697 φύσιν,
1473 2627 1507 2699 ἢ
1537 2627 1631 2680 δύο
1655 2629 1984 2695 ὑποστάσεις

376 2717 586 2774 διδόναι
614 2717 694 2790 τῷ
745 2718 971 2791 Κυρίῳ,
1021 2720 1164 2774 κατὰ
1197 2720 1296 2793 τὴν
1345 2721 1621 2794 ὑμετέραν
1659 2723 1982 2792 νομοθεσίαν

378 2810 481 2882 τὴν
505 2811 845 2881 φάσκουσαν,
871 2810 987 2867 Οὑκ
1015 2813 1132 2865 ἔστι
1169 2813 1332 2890 φύσις
1353 2814 1742 2880 ἀνυπόστατος.
1779 2817 1842 2869 Εἰ
1874 2816 1983 2888 γὰρ

378 2903 483 2957 οῦκ
523 2903 642 2958 ἔστι
694 2904 858 2976 φύσις
905 2905 1319 2974 ἀνυπόστατος,
1367 2906 1533 2977 φύσιν
1569 2908 1627 2962 δὲ
1676 2909 1772 2962 τοῦ
1804 2910 1981 2979 Λόγου

377 2995 587 3066 λέγετε,
635 2999 732 3053 καὶ
785 2998 1086 3053 ὑπόστασιν
1133 2999 1243 3078 ἄρα
1298 2998 1376 3070 τῷ
1421 2999 1579 3070 Λόγῳ
1615 2999 1837 3056 δώσετε.
1872 3002 1982 3055 Καὶ

377 3088 499 3143 ἐστι
549 3089 741 3145 λοιπὸν
774 3093 904 3162 περὶ
944 3092 1044 3163 τῆς
1079 3091 1282 3164 σαρκὸς
1317 3091 1379 3144 τὸ
1414 3093 1770 3164 ζητούμενον,
1817 3094 1868 3147 εί
1901 3093 1978 3164 μὴ

377 3182 474 3236 καὶ
507 3181 649 3254 αὕτη
678 3183 779 3254 τὴν
811 3182 974 3252 φύσιν
999 3183 1202 3254 ἔχουσα
1231 3183 1331 3253 τὴν
1364 3183 1523 3249 ἰδίαν,
1580 3182 1830 3247 ἀξιοῦται
1881 3182 1979 3236 καὶ

375 3275 484 3346 τῆς
517 3275 774 3347 κλήσεως
802 3292 817 3308 ο
842 3275 937 3330 καὶ
961 3275 1172 3347 ταύτης
1209 3293 1275 3346 γε
1297 3275 1560 3346 τυχοῦσα,
1588 3274 1701 3347 ἔχοι
1734 3275 1829 3329 καὶ
1877 3273 1976 3347 τὴν

377 3369 715 3424 ὑπόστασιν·
767 3369 801 3442 ἢ
853 3369 928 3444 μή
988 3369 1337 3440 ἐχουσα,τήν
1380 3370 1679 3424 ὑπόστασιν
1735 3369 1831 3424 καὶ
1875 3368 1974 3440 τὴν

376 3461 543 3532 φύσιν
608 3463 1038 3534 προσαπολέσει.
1103 3463 1260 3518 Οῦτω
1323 3462 1422 3534 μὲν
1484 3458 1578 3516 οῦν
1633 3463 1794 3532 ὑμεῖς
1853 3463 1976 3524 ταῖς

375 3554 610 3620 οἰκείαις
640 3555 901 3627 ἀπορίαις
929 3555 1203 3627 ἐνέχεσθε,
1231 3556 1326 3610 καὶ
1351 3556 1504 3609 οὐδὲν
1539 3554 1693 3626 παρά
1722 3554 1883 3608 τοῦτο
1915 3553 1975 3609 τὸ

375 3645 688 3718 πανοῦργον
736 3649 884 3718 ὑμᾶς
937 3648 1042 3714 ἔξω
1090 3648 1201 3702 τῶν
1246 3648 1490 3702 εὐθυνῶν
1542 3648 1863 3718 πεποίηκεν,
1899 3638 1975 3701 ὧν

375 3741 524 3812 ἡμᾶς
548 3741 886 3812 ὲγράψασθε.
917 3743 1013 3796 Ἕν
1051 3741 1130 3796 ἔτι
1172 3742 1282 3796 τῶν
1317 3741 1543 3811 ἀπόρων
1590 3739 1972 3807 ἐπιλύσαντες,

374 3831 574 3887 πολλοῦ
601 3850 745 3896 τινος
772 3833 914 3898 ἄξιοι
972 3834 1264 3904 φανεῖσθε·
1298 3834 1346 3886 εί
1379 3833 1479 3886 οὑκ
1517 3831 1632 3886 ἔστι
1669 3832 1833 3904 φύσις
1877 3833 1973 3886 ἀν⁴

374 3925 699 3991 υπόστατος,
732 3926 797 3978 ἐκ
829 3924 922 3980 δύο
953 3925 1010 3979 δὲ
1044 3925 1260 3994 φύσεων
1289 3924 1603 3995 ὁμολογεῖτε
1629 3924 1720 3976 τὸν
1746 3923 1971 3994 Κύριον,

374 4017 440 4072 ὲκ
470 4017 566 4072 δύο
586 4019 698 4090 ἄρα
727 4019 882 4072 ἔσται
905 4020 1000 4072 καὶ
1029 4019 1385 4073 ύποστάσεων
1407 4034 1423 4050 ’
1455 4020 1548 4073 καὶ¹
1579 4019 1665 4082 τίς
1698 4017 1884 4071 λοιπὸν
1907 4019 1971 4088 τῇ

373 4110 675 4184 Νεπορίου
702 4111 969 4185 διαιρέσει
1001 4113 1302 4176 ὑπεύθυνος
1345 4111 1663 4184 γεγένηται,
1707 4113 1836 4183 ὑμῖν
1865 4129 1973 4164 πα-

376 4203 738 4278 ραχωροῦμεν
793 4209 1039 4260 σκοπεῖν.
1083 4206 1240 4260 Οῦτω
1289 4210 1389 4278 μὲν
1422 4203 1516 4261 οὖν
1559 4207 1727 4278 ὑμᾶς,
1756 4207 1852 4260 καὶ
1885 4205 1974 4259 διὰ

374 4297 580 4352 τούτων
615 4298 1070 4370 ἀπεπεμψάμεθα
1092 4317 1108 4332 ·
1158 4302 1270 4365 τοῖς
1308 4301 1366 4356 δὲ
1413 4302 1478 4355 ὲκ
1514 4299 1809 4371 διαμέτρου
1841 4300 1972 4370 ὑμῖν

373 4391 742 4462 ἀποσφαλεϊσι
774 4393 876 4463 τῆς
901 4391 1186 4464 ἀληθείας,
1223 4392 1367 4449 οὑτω
1394 4394 1754 4466 διαλεξόμεθα
1777 4411 1792 4426 ο

445 4573 522 4627 Οὐ
559 4573 779 4640 ταύτὸν,
808 4566 854 4628 ὧ
896 4568 1066 4640 οῦτοι,
1103 4575 1408 4642 ὑπόστασις
1447 4577 1542 4632 καὶ
1585 4578 1967 4644 ὲνυπόστατον,

373 4664 568 4738 ὥσπερ
586 4666 774 4739 ἕτερον
799 4668 960 4723 οὑσία
981 4667 1079 4723 καὶ
1108 4668 1352 4724 ἐνούσιον
1371 4686 1386 4700 ο
1418 4671 1452 4741 ή
1481 4669 1579 4741 μὲν
1599 4670 1708 4744 γὰρ
1737 4671 1971 4724 ὑπόστα-
2003 4667 2044 4721 D

374 4773 461 4821 σις
488 4758 581 4812 τὸν
608 4759 733 4812 τινὰ
781 4759 953 4832 δηλοῖ,
989 4759 1051 4814 τὸ
1077 4759 1138 4814 δὲ
1165 4759 1538 4815 ὲνυπόστατον
1592 4760 1690 4832 τὴν
1739 4761 1929 4816 ούσίαν
1948 4777 1964 4793 ’

371 4849 471 4904 καὶ
498 4850 533 4921 ή
586 4850 687 4922 μὲν
725 4850 1049 4919 ὑπόστασις,
1093 4853 1390 4924 πρόσωπον
1418 4851 1672 4922 ἀφορίζει
1723 4854 1837 4916 τοῖς
1867 4871 1968 4923 χα-

374 4946 828 5014 ρακτηριστικοῖς
859 4941 1145 5016 ίδιὼμασιο
1179 4944 1242 4998 τὸ
1273 4943 1330 4998 δὲ
1367 4945 1752 5011 ὲνυπόστατον,
1800 4945 1861 4999 τὸ
1893 4947 1968 5017 μὴ

371 5028 512 5089 εῖναι
551 5035 681 5089 αὑτὸ
715 5036 1065 5107 συμϐεϐηκὸς
1120 5036 1295 5107 δηλοῖ,
1339 5035 1367 5091 ὂ
1410 5038 1470 5090 ὲν
1524 5037 1698 5109 ἑτέρῳ
1744 5037 1859 5110 ἔχει
1908 5039 1970 5092 τὸ

370 5123 556 5195 εἶναι,
612 5129 709 5183 καὶ
756 5130 854 5183 οὑκ
885 5131 943 5182 ἐν
999 5129 1182 5201 ἐαυτῷ
1235 5129 1544 5202 θεωρεῖται.
1601 5131 1866 5186 Τοιαῦται
1911 5132 1968 5186 δὲ

371 5221 544 5275 πᾶσαι
569 5221 622 5274 αί
661 5220 972 5290 ποιότητες,
995 5220 1058 5273 αῖ
1087 5237 1148 5274 τε
1178 5218 1462 5283 οὑσιώδεις
1491 5220 1584 5274 καὶ
1615 5220 1969 5284 ὲπουσιώδεις

369 5313 749 5384 καλούμεναι,
807 5307 884 5368 ὧν
935 5312 1199 5385 οὐδετέρα
1270 5313 1422 5367 ἐστὶν
1480 5313 1665 5379 οὐσία,
1719 5317 1966 5369 τουτέστι

370 5407 609 5478 πρᾶγμα
649 5403 922 5477 ὑφεστὼς,
970 5405 1088 5460 ἀλλ’
1117 5405 1146 5459 ὃ
1184 5404 1273 5460 ἀεὶ
1301 5405 1428 5477 περὶ
1470 5404 1570 5477 τὴν
1614 5405 1804 5460 οὐσίαν
1833 5406 1964 5461 θεων

372 5500 575 5569 ρεῖται,
613 5496 689 5560 ὡς
719 5495 918 5569 χρῶμα
959 5497 1017 5549 ὲν
1049 5494 1285 5568 σώματι,
1338 5497 1433 5550 καὶ
1464 5495 1540 5561 ὡς
1587 5498 1870 5570 ἐπιστήμη
1909 5499 1966 5550 ἐν

367 5588 538 5661 ψυχῇ.
565 5589 626 5643 '0
650 5589 831 5644 τοίνυν
849 5589 1048 5658 λέγων,
1077 5589 1191 5642 Οὐκ
1213 5589 1361 5644 ἐστιν
1384 5590 1546 5660 φύσις
1568 5591 1963 5654 ἀνυπόστατος,

372 5681 568 5754 ἀληθὲς
597 5685 696 5754 μὲν
717 5683 869 5752 λέγει
893 5699 909 5714 °
938 5683 1000 5737 οὑ
1038 5683 1144 5755 μὴν
1170 5682 1344 5753 ὀρθῶς
1378 5684 1763 5757 συμπεραίνει,
1800 5685 1860 5738 τὸ
1889 5685 1964 5756 μὴ

370 5777 747 5834 ἀνυπόστατον
770 5779 1020 5847 συνάγων
1054 5781 1134 5842 είς
1158 5779 1219 5833 τὸ
1245 5779 1543 5835 ὑπόστασιν
1571 5775 1712 5834 εἶναι
1737 5797 1748 5809 ·
1775 5780 1965 5852 ὥσπερ

373 5868 441 5924 ἂν
467 5871 621 5936 είτις
656 5871 732 5944 μὴ
770 5867 913 5926 εῖναι
937 5871 1086 5940 λέγοι
1120 5872 1280 5943 σῶμα
1305 5873 1736 5945 ἀσχημάτιστον,
1767 5874 1966 5944 ἀληθὲς

369 5960 584 6036 λέγων·
618 5963 810 6020 ἔπειτα
861 5964 1088 6035 συνάγοι
1122 5965 1222 6020 οὑκ
1261 5965 1437 6039 ὀρθῶς
1475 5967 1536 6021 τὸ
1589 5967 1775 6040 σχῆμα
1809 5968 1964 6039 σῶμα

2090 2087 2416 2144 monstrate,
2445 2095 2567 2150 quae
2601 2089 2705 2142 est,
2738 2085 2796 2132 et
2819 2076 3102 2147 quomodo
3138 2075 3257 2129 haec
3279 2073 3465 2137 habet,
3498 2079 3553 2126 et
3577 2085 3679 2123 nos

2086 2171 2527 2241 acquiescemus.
2550 2170 2646 2228 Sin
2679 2181 2863 2225 autem
2888 2167 3398 2225 extremteinscilire
3425 2175 3530 2228 est,
3565 2179 3677 2233 quo

2087 2264 2252 2318 modo
2303 2264 2584 2335 eﬂ‘ugietis
2611 2305 2626 2330 ,
2686 2279 2851 2335 quam
2893 2263 2995 2332 ipsi
3030 2261 3194 2316 nobis
3238 2258 3674 2330 propositionem

2085 2356 2368 2427 objicitis?
2411 2357 2468 2413 Si
2494 2357 2643 2412 enim
2678 2373 2790 2412 non
2829 2365 2914 2411 est
2943 2371 3073 2411 caro
3103 2368 3303 2424 expers
3323 2350 3673 2417 substantiae,

2086 2449 2142 2504 id
2177 2457 2282 2515 est,
2326 2465 2440 2506 non
2485 2450 2698 2506 habens
2730 2458 2985 2506 naturam
3013 2490 3028 2515 ,
3082 2463 3196 2502 non
3229 2455 3313 2502 est
3346 2456 3530 2501 autem
3578 2460 3677 2499 na-

2085 2551 2208 2596 tura
2243 2541 2364 2598 sine
2407 2542 2686 2614 hypostasi
2713 2583 2727 2609 ,
2784 2557 2894 2596 non
2929 2548 3014 2596 est
3051 2541 3221 2612 igitur
3259 2554 3390 2594 caro
3421 2539 3540 2592 sine
3572 2537 3674 2606 hy-

2083 2635 2313 2705 postasi.
2340 2633 2573 2705 Oportet
2603 2650 2733 2705 ergo
2781 2650 2918 2699 vos,
2973 2641 3068 2687 aut
3120 2641 3374 2686 naturam
3423 2647 3455 2686 a
3507 2645 3675 2684 carne

2084 2724 2306 2795 penitus
2335 2741 2646 2791 removere,
2674 2736 2771 2782 aut
2796 2725 2934 2780 duas
2961 2724 3286 2796 hypostases
3307 2719 3544 2776 Domino
3579 2719 3677 2773 tri-

2083 2817 2255 2874 buere
2286 2818 2588 2874 secundum
2622 2818 2797 2889 legem
2826 2823 3087 2881 vestram,
3117 2831 3240 2884 qua:
3259 2813 3522 2867 dicitnon
3552 2823 3674 2864 esse

2082 2921 2338 2966 naturam
2389 2911 2509 2967 sine
2538 2909 2842 2982 hypostasi.
2872 2906 3091 2963 Etenim
3126 2906 3171 2961 si
3210 2921 3322 2960 non
3353 2911 3440 2958 est
3472 2910 3674 2956 natura

2083 3005 2200 3062 sine
2232 3005 2536 3077 hypostasi,
2569 3013 2826 3059 naturam
2856 3012 3042 3058 autem
3071 3000 3238 3056 Verbi
3270 2999 3476 3064 dicitis,
3501 2997 3674 3066 hypo-

2082 3099 2273 3153 stasim
2324 3113 2457 3168 ergo
2483 3097 2665 3152 Verbo
2711 3094 2938 3150 dabitis.
2984 3095 3053 3148 Et
3082 3091 3416 3162 relinquitur
3439 3088 3672 3159 quazstio

2081 3191 2150 3247 de
2177 3205 2365 3246 carne.
2403 3191 2600 3247 Utrum
2650 3191 2695 3245 si
2728 3206 2838 3244 non
2872 3188 3040 3243 habet
3073 3186 3355 3257 propriam
3386 3191 3668 3247 naturam,

2081 3293 2312 3340 vocetur
2343 3298 2492 3348 caro,
2517 3291 2574 3337 et
2596 3294 2811 3346 vocata,
2845 3281 3046 3336 haheat
3075 3280 3239 3334 etiam
3288 3275 3666 3348 hypostasim;

2079 3386 2174 3432 aut
2195 3392 2304 3431 non
2327 3377 2538 3431 habens
2566 3375 2927 3448 hypostasim,
2948 3374 3113 3428 etiam
3147 3379 3397 3425 naturam
3428 3368 3665 3423 amittat.

2080 3468 2170 3524 Sic
2199 3469 2369 3540 igitur
2405 3483 2506 3522 vos
2527 3467 2731 3523 vestris
2767 3464 3212 3520 dubitationibus
3238 3461 3476 3518 convicti
3509 3459 3663 3514 estis.

2078 3567 2147 3621 Et
2177 3565 2327 3620 nulla
2354 3563 2595 3620 versutia
2625 3578 2724 3618 vos
2746 3571 2901 3618 extra
2935 3575 3126 3631 poenas
3147 3573 3341 3614 eorum
3369 3556 3665 3612 criminum

2077 3657 2144 3711 de
2171 3656 2375 3726 quibus
2407 3670 2508 3710 nos
2559 3654 2894 3717 accusastis,
2941 3668 3062 3707 esse
3105 3652 3288 3706 faciet.
3324 3650 3392 3704 Et
3426 3647 3470 3703 si
3500 3662 3666 3702 unam

2077 3749 2442 3820 quaestionem
2473 3748 2768 3813 solveritis,
2797 3762 2997 3817 magno
3028 3745 3238 3800 honore
3262 3742 3413 3814 digni
3439 3755 3669 3811 appare-

2078 3841 2231 3896 bitis.
2265 3840 2321 3896 Si
2361 3856 2470 3894 non
2501 3847 2587 3895 est
2616 3848 2813 3894 natura
2851 3839 2970 3892 sine
2996 3835 3278 3909 hypostasi
3303 3878 3319 3902 ,
3352 3851 3422 3890 ex
3451 3833 3668 3888 duabus

2075 3944 2258 3990 autem
2297 3933 2510 3988 naturis
2532 3948 2654 3987 esse
2685 3931 2981 3986 Dominum
3017 3927 3359 3992 conceditis,
3387 3935 3471 3981 est
3500 3924 3669 3995 igitur

2075 4045 2144 4085 ex
2175 4029 2392 4084 duabus
2422 4027 2834 4099 hypostasibus.
2859 4023 2995 4091 Quis
3020 4023 3188 4093 igitur
3217 4027 3447 4092 propter
3469 4019 3667 4072 Nesto-

2075 4120 2143 4176 rii
2177 4120 2506 4175 divisionem
2550 4119 2921 4191 hypostaseon
2951 4131 3078 4171 reus
3112 4113 3302 4178 fuerit,
3353 4110 3514 4166 vobis
3544 4124 3668 4179 per-

2076 4211 2665 4283 mittimusjudieium.
2695 4210 2786 4265 Sic
2811 4224 2944 4279 ergo
2966 4222 3066 4262 vos
3090 4207 3178 4261 his
3213 4202 3553 4276 argumentis
3578 4215 3664 4254 re-

2073 4308 2262 4364 viclos
2291 4307 2641 4362 dimittimus.
2697 4303 2834 4360 Cum
2897 4303 2965 4358 iis
3014 4311 3197 4356 autem
3240 4299 3335 4370 qui
3385 4295 3663 4352 contrario

2075 4401 2240 4456 modo
2273 4409 2440 4470 atque
2491 4414 2592 4455 nos
2643 4413 2674 4454 a
2725 4396 2958 4454 veritate
2987 4395 3273 4460 aberrant,
3297 4389 3378 4446 sic
3411 4389 3660 4458 disputa-

2075 4493 2279 4549 bimus.

2146 4586 2266 4640 Non
2292 4593 2377 4639 est
2408 4584 2551 4639 idem
2589 4583 2924 4656 hypostasis,
2954 4588 3011 4636 et
3043 4585 3429 4653 enypostaton,
3464 4575 3519 4630 id
3556 4583 3661 4642 est,

2073 4680 2223 4754 quod
2247 4688 2332 4735 est
2360 4680 2415 4735 in
2446 4679 2819 4743 subsistente;
2857 4677 3002 4732 sicut
3034 4674 3183 4730 aliud
3210 4683 3296 4729 est
3327 4671 3662 4736 substantia,

2071 4776 2129 4825 et
2166 4767 2316 4824 aliud
2361 4782 2483 4823 esse
2528 4767 2584 4820 in
2619 4765 2958 4828 substantia,
2994 4763 3036 4818 si
3077 4762 3306 4833 quidem
3348 4757 3662 4832 hypostasis

2073 4858 2314 4928 aliquem
2374 4871 2545 4911 unum
2591 4855 2870 4920 declarat;
2907 4869 3029 4909 esse
3077 4861 3261 4907 autem
3293 4859 3660 4922 enypostaton

2073 4948 2321 5004 declarat
2371 4947 2759 5012 substantiam,
2793 4945 2890 5001 sed
2921 4961 3031 5000 non
3073 4944 3316 5014 aliquem
3348 4957 3562 4996 unum:
3603 4949 3660 4994 et

2073 5043 2383 5114 hypostasis
2415 5041 2639 5112 quidem
2676 5055 2968 5111 personam
3003 5035 3197 5092 deﬁnit
3227 5032 3658 5107 proprietatibus

2060 5135 2488 5208 .designantibus
2511 5153 2524 5190 :
2554 5140 2917 5206 enypostaton
2946 5146 3080 5187 vero
3105 5127 3380 5200 signiﬁcat
3401 5141 3510 5179 non
3537 5138 3658 5179 esse

2070 5231 2348 5295 accidens,
2395 5229 2542 5299 quod
2584 5227 2640 5282 in
2674 5227 2784 5282 alio
2836 5226 3001 5280 habet
3048 5231 3108 5277 ut
3141 5223 3235 5287 sit,
3271 5228 3327 5275 et
3364 5234 3472 5272 non
3505 5217 3559 5271 in
3599 5231 3658 5270 se

2071 5321 2338 5377 cernitur.
2373 5318 2695 5391 Cuiusmodi
2727 5327 2858 5374 sunt
2884 5331 3076 5371 omnes
3101 5313 3417 5384 qualitates,
3445 5319 3501 5363 et
3535 5323 3660 5378 quae

2070 5416 2462 5473 substantiales
2499 5418 2665 5469 etiam
2707 5413 2995 5477 dicuntur,
3043 5427 3109 5465 ex
3153 5408 3358 5479 quibus
3391 5405 3542 5460 nulla
3573 5413 3659 5459 est

2069 5508 2399 5571 substantia,
2437 5507 2489 5561 id
2532 5514 2639 5571 est,
2684 5520 2774 5560 res
2817 5520 2914 5574 per
2959 5517 3019 5557 se
3065 5501 3357 5567 exsistens,
3393 5498 3490 5553 sed
3533 5511 3658 5567 quae

2068 5615 2288 5669 semper
2335 5599 2485 5655 circa
2539 5597 2905 5652 'substantiam
2955 5594 3236 5658 cernitur,
3289 5601 3349 5647 ut
3395 5590 3554 5669 color
3599 5587 3656 5643 in

2069 5707 2321 5762 corpore,
2366 5697 2423 5746 et
2468 5689 2700 5745 scientia
2753 5687 2811 5742 in
2860 5687 3062 5742 anima.
3114 5684 3220 5752 Qui
3269 5683 3438 5755 igitur
3477 5667 3651 5736 dicit:

2067 5785 2189 5840 Non
2225 5791 2310 5840 est
2347 5792 2546 5838 natura
2579 5783 2699 5838 sine
2746 5780 3061 5854 bypostasi,
3098 5795 3294 5835 verum
3339 5774 3504 5844 dicit;
3540 5791 3654 5832 non

2071 5887 2255 5933 tamen
2293 5884 2441 5933 recte
2484 5875 2788 5941 concludit,
2833 5891 2958 5931 cum
3004 5872 3292 5930 concludit
3354 5869 3505 5942 quod
3540 5884 3652 5926 non

2067 5977 2152 6028 est
2184 5969 2301 6028 sine
2334 5967 2610 6043 hypostasi
2643 5967 2980 6042 hypostasim
3006 5981 3158 6024 csse:
3191 5974 3250 6022 ut
3279 5963 3324 6021 si
3359 5962 3485 6035 quis
3505 5961 3652 6019 dicat
