4120 6498
469 471 605 539 1979

1732 457 2045 523 LEONTII
2084 453 2492 521 BYZANTINI

3602 445 3742 508 1280

465 603 578 645 non
613 601 802 641 carere
831 599 1036 654 corpus
1063 585 1256 654 ﬁgura,
1290 581 1438 652 quod
1473 595 1665 636 verum
1686 591 1808 644 est;
1841 576 2042 634 deinde

2158 564 2305 633 εἶναι,
2332 566 2452 620 ἀλλ’
2479 566 2578 618 οὐκ
2607 565 2662 617 ὲν
2796 562 3007 634 σώματι
3033 558 3377 634 θεωρεῖσθαι.
3404 556 3742 611 Ἀνυπόστα-

473 695 580 734 non
616 687 764 732 recte
797 676 1088 732 concludat
1123 675 1352 744 ﬁguram
1393 689 1526 745 ergo
1570 690 1695 728 esse
1731 689 1954 742 corpus,
1991 681 2047 726 et

468 788 580 826 non
613 770 795 841 potius
823 769 976 824 cerni
1010 768 1064 822 in
1101 783 1356 838 corpore.
1392 768 1593 822 Natura
1632 766 1820 836 igitur,
1850 766 1904 819 id
1939 775 2045 829 est,

469 863 776 918 substantia
843 877 1125 931 nunquam
1177 861 1295 915 sine
1325 859 1602 931 hypostasi
1639 875 1761 913 esse
1813 859 2044 928 poterit;

468 970 578 1008 non
598 962 779 1008 tamen
798 962 995 1008 natura
1011 964 1095 1008 est
1114 953 1445 1024 hypostasis,
1460 954 1587 1022 quia
1610 967 1790 1021 neque
1814 959 2045 1005 remeat.

469 1045 789 1117 llypostasis
809 1046 957 1099 enim
988 1054 1073 1099 est
1105 1054 1326 1107 natura,
1360 1053 1555 1098 natura
1590 1052 1774 1097 autem
1804 1059 1913 1096 non
1940 1043 2049 1113 iam

467 1142 552 1188 est
612 1133 941 1204 hypostasis.
999 1133 1207 1187 Natura
1259 1132 1408 1187 enim
1469 1132 1738 1192 rationem
1797 1131 2052 1185 essentia:

469 1225 668 1296 recipit
705 1223 805 1296 (5).
842 1223 1162 1294 Hypostasis
1223 1237 1355 1277 vero
1402 1223 1673 1277 rationem
1727 1237 1827 1291 per
1870 1237 1928 1277 se
1961 1237 2053 1276 cs-

468 1319 661 1374 sentia:
696 1317 810 1390 (6),
848 1326 1045 1372 natura
1076 1317 1346 1370 rationem
1379 1316 1582 1385 speciei
1627 1315 1905 1378 continet;
1953 1315 2053 1386 hy-

469 1406 709 1476 postasis
765 1405 1009 1460 declarat
1055 1405 1296 1472 aliquem
1349 1419 1520 1457 unum
1553 1403 1628 1473 (7)
1667 1444 1682 1468 ,
1726 1413 1923 1458 natura
1973 1403 2054 1459 rei

471 1497 802 1552 universalis
840 1496 1217 1554 characterem
1249 1495 1327 1565 (id
1355 1503 1439 1549 est
1469 1494 1725 1566 formam)
1773 1494 2052 1563 declarat;

473 1589 788 1662 hypostasis
817 1590 1105 1660 proprium
1137 1607 1169 1645 a
1195 1589 1475 1644 communi
1501 1589 1762 1643 secernit.
1806 1588 1874 1643 Et
1913 1599 1971 1643 ut
1998 1587 2055 1643 in

473 1698 687 1736 summa
718 1683 919 1743 dicam,
949 1681 1114 1736 unius
1148 1689 1360 1736 naturae
1393 1682 1614 1751 proprie
1641 1679 1903 1734 dicuntur
1925 1696 2058 1737 con-

473 1774 876 1837 substantialia,
919 1784 976 1829 et
1019 1789 1256 1844 quorum
1291 1783 1373 1828 est
1427 1773 1568 1827 ratio
1599 1772 1855 1828 essentia:
1903 1789 2057 1828 eom-

473 1867 678 1920 munis.
717 1865 976 1921 Deﬁnitio
1005 1882 1138 1920 vero
1165 1865 1476 1938 hynostasis
1502 1873 1587 1919 est
1617 1863 1718 1936 (8),
1741 1865 1828 1920 vel
1858 1875 2057 1921 natura

471 1957 696 2026 quidem
735 1958 954 2020 eadem,
1008 1974 1241 2013 numero
1285 1975 1418 2014 vero
1454 1959 1803 2026 differentia;
1857 1959 1942 2014 vel
1988 1975 2055 2012 ex

471 2047 864 2104 diﬁerentibus
883 2050 1099 2104 naturis
1121 2051 1446 2121 composita,
1466 2051 1911 2106 communionem
1927 2067 2058 2106 vero

470 2139 727 2194 essentia:
760 2140 836 2211 (9)
869 2141 1034 2196 simul
1079 2142 1248 2196 etiam
1300 2141 1444 2196 inter
1487 2159 1546 2198 se
1599 2142 1710 2215 (10)
1760 2143 2054 2207 habentia,

469 2246 582 2284 non
640 2241 903 2302 tanquam
954 2234 1289 2304 complentia
1343 2235 1712 2290 substantiam
1763 2235 1910 2290 inter
1975 2250 2053 2290 se.

468 2319 627 2388 Quod
655 2322 880 2392 quidem
909 2324 969 2378 ﬁt
1002 2326 1058 2379 in
1087 2325 1436 2392 substantiis,
1467 2335 1524 2380 et
1554 2326 1622 2381 iis
1655 2342 1777 2397 qua:
1803 2326 2059 2382 substan-

471 2413 679 2468 tialiter
712 2414 781 2469 de
814 2416 949 2486 ipsis
986 2417 1379 2487 praedicantur,
1425 2435 1548 2488 qua:
1581 2419 1845 2473 dicuntur
1876 2419 2057 2489 quali—

472 2513 635 2572 tates,
656 2507 751 2562 sed
780 2515 1042 2578 tanquam
1082 2511 1411 2566 alterutrius
1431 2520 1647 2576 natura,
1672 2520 1729 2566 et
1749 2511 2057 2565 substantia

473 2610 585 2648 non
637 2606 900 2652 cernatur
953 2615 1054 2668 per
1102 2615 1199 2664 se,
1253 2600 1350 2655 sed
1414 2616 1538 2655 cum
1598 2601 1937 2669 composita,
2001 2608 2059 2656 et

473 2687 709 2743 coinsita
737 2687 871 2761 (il).
902 2688 1060 2755 Quod
1092 2691 1316 2760 quidem
1348 2701 1404 2746 et
1439 2691 1493 2746 in
1524 2692 1648 2747 aliis
1691 2695 1859 2747 rebus
1903 2709 2060 2764 repe-

471 2781 616 2834 ritur
640 2822 655 2846 ,
695 2789 753 2836 et
781 2799 891 2837 non
925 2784 1108 2838 minus
1138 2785 1191 2838 in
1231 2784 1411 2838 anima
1448 2798 1502 2840 et
1543 2801 1794 2856 corpore,
1822 2802 2059 2856 quorum

472 2873 784 2928 communis
816 2875 1044 2944 quidem
1075 2877 1408 2947 hypostasis,
1437 2879 1662 2948 propria
1691 2893 1825 2934 vero
1858 2887 2058 2935 natura

471 2977 528 3020 et
557 2965 698 3019 ratio
725 2966 1009 3022 diﬂ'erens.

453 3134 460 3144 ι
540 3057 629 3126 Αι,
674 3057 957 3129 inquiunt,
1002 3059 1169 3115 homo
1205 3061 1308 3116 etsi
1345 3077 1411 3116 ex
1449 3061 1836 3119 differentibus
1875 3063 2057 3134 specie

470 3149 814 3219 compositus
843 3159 948 3215 est,
980 3161 1240 3206 neutrum
1281 3161 1466 3208 tamen
1499 3170 1692 3210 eorum
1719 3155 1841 3211 sine
1881 3157 2058 3212 altero

2147 679 2239 725 τος
2299 659 2398 732 μὲν
2428 657 2521 713 οὖν
2573 659 2764 728 φύσις,
2819 659 3099 712 τουτέστιν
3145 657 3341 720 οὐσία,
3399 655 3502 709 οὐκ
3548 653 3616 707 ἂν
3651 654 3742 724 εἴη

2150 753 2302 808 ποτέ.
2333 753 2406 804 Οὐ
2440 750 2544 822 μὴν
2563 753 2596 820 ἡ
2625 749 2784 818 φύσις
2816 750 3112 813 ὑπόστασις
3134 793 3148 810 ,
3171 749 3254 802 ὅτι
3295 747 3432 818 μηδὲ
3455 747 3744 816 ἀντιστρέ-

2151 845 2323 912 per?)
2358 844 2453 914 μὲν
2484 841 2592 913 γὰρ
2625 841 2922 903 ὑπόστασις
2948 843 3040 894 καὶ
3070 840 3303 912 φύσις,ἡ
3330 839 3385 892 δὲ
3418 839 3580 909 φύσις
3611 840 3745 891 οὐκ-

2153 935 2246 1005 ἐτιξ
2269 936 2366 989 καὶ
2399 935 2733 997 ὑπόστασιςο
2773 935 2806 1002 ἡ
2837 933 2937 1003 μὲν
2993 934 3102 1003 γὰρ
3129 933 3314 1002 φύσις,
3352 932 3443 985 τὸν
3471 931 3569 984 τοῦ
3602 927 3746 985 εἶναι

2151 1029 2308 1096 λόγον
2331 1023 2640 1098 ἐπιδέχεται
2661 1042 2675 1056 ·
2708 1027 2741 1097 ἡ
2784 1025 2841 1078 δὲ
2877 1026 3199 1091 ὑπόστασις,
3229 1025 3323 1078 καὶ
3357 1025 3448 1078 τὸν
3483 1024 3581 1077 τοῦ
3621 1025 3745 1077 καθ’

2154 1121 2345 1173 ἑαυτὸν
2373 1118 2511 1174 εἶναι
2535 1137 2548 1150 ·
2573 1119 2724 1193 καὶὴ
2755 1119 2852 1190 μὲν
2883 1119 3054 1180 εἴδους
3085 1118 3242 1185 λόγον
3275 1117 3484 1186 ἐπέχει,
3503 1119 3536 1184 ἡ
3561 1117 3619 1170 δὲ
3648 1116 3747 1169 τοῦ

2153 1212 2300 1275 τινός
2338 1214 2487 1266 ἐστιν
2510 1211 2810 1283 δηλωτική.
2867 1212 2976 1265 Καὶ
3011 1213 3044 1280 ἠ
3079 1209 3176 1278 μὲν
3218 1208 3511 1262 καθολικοῦ
3561 1209 3747 1280 πράγ-

2158 1321 2328 1377 ματος
2380 1303 2710 1376 χαρακτῆρα
2758 1302 2929 1374 δηλοῖ,
2983 1304 3016 1372 ἡ
3048 1301 3102 1354 δὲ
3136 1300 3228 1355 τοῦ
3280 1300 3459 1354 κοινοῦ
3511 1300 3574 1353 τὸ
3615 1301 3751 1355 ἴδιον

2156 1397 2658 1450 ἀποδιαστέλλεται.
2691 1397 2802 1449 Καὶ
2836 1394 3116 1464 συντόμως
3146 1395 3342 1456 εἰπεῖν,
3391 1393 3612 1462 φύσεως
3647 1395 3752 1464 μὲν

2167 1489 2299 1558 μιᾶς
2335 1489 2544 1560 κυρίως
2569 1487 2792 1555 λέγεται
2839 1485 2908 1539 τὰ
2948 1485 3234 1556 ὀμοούσια,
3278 1484 3373 1536 καὶ
3406 1475 3482 1536 ῶν
3511 1483 3540 1536 6
3587 1481 3752 1551 λόγος

2158 1579 2254 1634 τοῦ
2307 1575 2449 1634 εἶναι
2499 1579 2704 1643 κοινός·
2738 1578 3089 1640 ὑποστάσεως
3129 1578 3186 1630 δὲ
3223 1577 3349 1646 ὄρος
3377 1592 3390 1604 ·
3426 1575 3460 1645 ἦ
3499 1573 3570 1628 τὰ
3604 1573 3754 1628 κατὰ

2156 1673 2255 1743 τὴν
2295 1671 2455 1741 φύσιν
2500 1672 2601 1742 μὲν
2631 1670 2825 1734 ταύτὰ,
2857 1669 3077 1740 ἀριθμῷ
3126 1669 3181 1721 δὲ
3210 1668 3570 1737 διαφέρονταο
3607 1667 3640 1736 ἢ
3681 1669 3754 1720 τὰ

2159 1765 2224 1817 ἐκ
2259 1763 2534 1834 διαφόρων
2573 1761 2787 1832 φύσεων
2839 1760 3184 1824 συνεστῶτα,
3236 1757 3337 1829 τὴν
3377 1758 3434 1812 δὲ
3481 1757 3574 1812 τοῦ
3608 1753 3753 1811 εἶναι

2161 1856 2446 1911 κοινωνίαν
2478 1855 2596 1925 ἅμα
2625 1871 2686 1907 τε
2717 1854 2810 1906 καὶ
2836 1855 2892 1906 ὲν
2923 1851 3177 1921 ἀλλήλοις
3218 1849 3535 1920 κεκτημένα
3560 1868 3574 1882 σ
3604 1847 3755 1903 οὕτω

2113 1925 2129 1972 δ
2161 1945 2223 2014 γέ
2248 1945 2331 1999 τοί
2372 1961 2516 2014 φημι
2541 1941 2902 1997 κοινωνοῦντα
2947 1940 3041 1995 τοῦ
3085 1936 3245 2005 εἶναι,
3272 1941 3373 2011 οὐχ
3394 1940 3470 2003 ὡς
3507 1941 3757 2011 συμπλη-

2161 2038 2370 2109 ρωτικὰ
2404 2040 2502 2108 τῆς
2533 2036 2781 2108 ἀλλήλων
2835 2035 3042 2098 οὐσίας,
3098 2035 3235 2107 ὅπερ
3268 2033 3417 2087 ἔστιν
3476 2034 3606 2087 ἰδεῖν
3655 2034 3758 2088 ἐπὶ

2157 2129 2268 2184 τῶν
2306 2127 2507 2183 οὐσιῶν
2540 2127 2638 2182 καὶ
2681 2127 2790 2180 τῶν
2819 2125 3094 2190 οὑσιωδῶς
3132 2126 3253 2178 κατ’
3285 2124 3466 2178 αὐτῶν
3514 2142 3756 2196 κατηγο-

2162 2222 2462 2294 ρουμένων,
2497 2223 2784 2292 ποιότητες
2801 2219 2859 2272 δὲ
2882 2212 3046 2273 αὗται
3078 2217 3392 2284 καλοῦνται,
3412 2216 3528 2271 ἀλλ’
3551 2218 3630 2283 ὡς
3651 2219 3756 2290 τῆς

2159 2317 2393 2389 θατέρου
2421 2314 2638 2384 φύσεως
2666 2314 2758 2369 καὶ
2786 2313 2994 2380 οὐσίας,
3038 2311 3113 2384 μὴ
3139 2311 3262 2367 καθ’
3284 2311 3489 2385 ἑαυτὴν
3512 2311 3757 2385 θεωρου-

2162 2410 2352 2481 μένης,
2389 2409 2526 2463 ἀλλὰ
2567 2407 2707 2480 μετὰ
2745 2408 2845 2479 τῆς
2893 2407 3263 2479 συγκειμένης
3306 2407 3401 2462 καὶ
3453 2423 3752 2478 συμπεφυ-

2159 2503 2341 2566 κυίας.
2374 2503 2551 2573 Ὅπερ
2582 2501 2647 2554 ἄν
2667 2518 2751 2564 τις
2779 2499 2930 2572 εὕροι
2956 2501 3052 2554 καὶ
3074 2500 3160 2570 ἐφ’
3190 2499 3399 2571 ἐτέρων
3436 2500 3537 2570 μὲν
3565 2516 3755 2571 πραγ-

2162 2593 2369 2663 μάτων,
2406 2593 2503 2662 οὐχ
2534 2592 2738 2662 ἥκιστα
2791 2593 2848 2646 δὲ
2899 2594 2992 2646 ἐπὶ
3025 2592 3203 2663 ψυχῆς
3234 2593 3332 2646 καὶ
3374 2591 3648 2663 σώματος,
3674 2584 3756 2648 ὧν

2159 2685 2314 2757 κοινὴ
2351 2685 2450 2756 μὲν
2479 2688 2512 2757 ή
2548 2685 2868 2752 ὑπόστασις,
2907 2685 3013 2740 ἰδία
3049 2686 3108 2740 δὲ
3135 2687 3168 2758 ἡ
3200 2685 3387 2757 φύσις,
3420 2686 3516 2742 καὶ
3537 2688 3565 2741 6
3590 2686 3755 2754 λόγος

2157 2779 2431 2850 διάφορος.

2243 3062 2384 3118 Ἀλλ’
2428 3065 2456 3118 ὁ
2498 3063 2824 3134 ἄνθρωπος,
2867 3064 3049 3133 φασὶν,
3087 3066 3138 3120 εί
3185 3066 3280 3120 καὶ
3325 3065 3387 3133 ἐξ
3431 3066 3757 3138 ἐτεροειδῶν

2161 3158 2516 3228 συνέστηκεν,
2553 3155 2668 3210 ἀλλ’
2692 3153 2786 3211 οὖν
2807 3157 2921 3210 οὐδ’
2949 3157 3214 3229 ὁπότερον
3235 3159 3416 3214 αὐτῶν
3443 3159 3566 3230 δίχα
3590 3160 3756 3214 Θατέ-

454 3240 640 3327 ‘habet
681 3244 1004 3299 essentiam.
1071 3244 1318 3300 Verbum
1369 3254 1555 3304 autem
1622 3257 1750 3303 ante
1795 3249 2054 3304 humani-

2163 3266 2255 3321 ρου
2275 3248 2336 3300 τὸ
2360 3242 2502 3302 εἶναι
2537 3247 2796 3319 ἔσχηκεν.
2849 3248 2909 3301 '0
2935 3248 2993 3302 δὲ
3024 3247 3196 3317 Λόγος
3222 3248 3338 3303 ἔστι
3377 3251 3472 3304 καὶ
3511 3249 3619 3322 πρὸ
3651 3251 3757 3321 τῆς

453 3343 640 3416 ιιιιιοιῐι
673 3345 778 3402 est,
807 3346 864 3393 et
885 3337 1055 3394 homo
1089 3339 1316 3409 quidem
1344 3355 1410 3394 ex
1440 3341 1780 3411 imperfectis
1805 3343 2056 3412 partibus

455 3419 721 3484 constat:
758 3428 1018 3485 Christus
1044 3446 1178 3486 vero
1209 3431 1484 3501 perfectas
1529 3432 1696 3488 habet
1735 3442 1956 3503 partes;
2001 3444 2058 3490 et

469 3520 576 3575 hac
611 3521 827 3576 ratione
860 3538 930 3576 ne
977 3531 1168 3592 partes
1193 3523 1417 3593 quidem
1457 3525 1656 3579 merito
1690 3525 1876 3581 vocari
1924 3543 2056 3596 pos-

451 3594 622 3704 :sunt.
699 3613 993 3680 Quomodo
1068 3614 1238 3685 igitur
1295 3616 1757 3686 compositionem
1813 3594 2057 3675 hominis

472 3715 733 3775 tanquam
767 3707 1002 3761 similem
1037 3707 1089 3760 in
1125 3707 1310 3762 Verbo
1351 3715 1409 3762 ct
1441 3707 1823 3764 incarnatione
1849 3712 2055 3780 accipis

453 3785 609 3852 nihil
664 3798 841 3852 simile
885 3797 1216 3852 habentem?
1253 3795 1379 3853 Haec
1427 3798 1656 3867 quidem
1706 3799 2053 3867 Nestoriani,

452 3871 686 3947 'scilicet
723 3891 1015 3946 sententia:
1053 3891 1368 3954 contrariae,
1401 3899 1459 3946 et
1501 3890 1791 3946 divisionis
1838 3894 2055 3962 patroni

453 3967 762 4055 Vobjiciunt.
809 3984 945 4039 Aliis
985 3984 1157 4050 enim,
1187 3982 1569 4055 Eutychianis,
1592 3984 1838 4054 inquam,
1878 3986 2058 4055 placet

469 4080 778 4148 exemplum
804 4093 915 4133 non
954 4086 1238 4147 sumptum
1269 4084 1394 4145 apte
1423 4085 1480 4131 et
1510 4076 1926 4145 convenienter,
1958 4078 2055 4136 sed

467 4171 628 4228 valde
667 4171 885 4237 inscite,
915 4181 970 4228 et
1022 4179 1085 4225 ut
1130 4169 1384 4225 confusio
1427 4170 1703 4242 prototypi
1755 4172 1954 4241 poscit,
2000 4181 2058 4228 et

471 4278 734 4337 tanquam
787 4281 1048 4336 expressa
1090 4265 1270 4336 imago
1314 4263 1484 4319 illius.
1515 4262 1672 4330 Quod
1717 4271 1902 4319 autem
1944 4281 2055 4320 non

466 4371 554 4417 est
597 4368 849 4415 nostrum
899 4359 1186 4412 inventum
1233 4356 1360 4423 hoc,
1411 4355 1505 4411 sed
1555 4373 1584 4410 a
1635 4357 1956 4428 majoribus,
1995 4367 2056 4414 ut

462 4456 519 4511 in
564 4450 864 4522 proverbio
908 4458 1022 4514 est,
1078 4449 1223 4502 ﬁlius
1277 4463 1306 4502 a
1358 4457 1536 4517 patre,
1583 4449 1918 4518 accepimus,
1971 4459 2054 4505 te-

465 4551 682 4598 stantur
706 4542 910 4611 scripta
936 4540 1340 4604 theologorum,
1366 4537 1423 4592 in
1443 4538 1649 4609 quibus
1674 4537 1780 4594 hoc
1801 4542 2055 4612 exemplo

2159 3340 2579 3413 ἀνθρωπότητος
2609 3358 2624 3374 ο
2672 3342 2766 3396 καὶ
2821 3344 2849 3397 6
2914 3342 3012 3414 μὲν
3064 3342 3126 3408 ἐξ
3190 3343 3399 3397 ἀτελῶν
3452 3344 3758 3415 συνέστηκε

2161 3436 2366 3507 μερῶν,
2398 3437 2426 3488 6
2455 3435 2510 3488 δὲ
2533 3436 2768 3507 Χριστὸς
2786 3435 2967 3490 τέλεια
3003 3435 3117 3507 ἔχει
3150 3436 3220 3490 τὰ
3239 3436 3390 3509 ’μέρη
3413 3456 3426 3470 ’
3454 3439 3550 3492 καὶ
3575 3440 3758 3512 ταύτῃ

2158 3528 2281 3581 οὐδὲ
2308 3528 2449 3598 μέρη
2475 3526 2542 3581 ἂν
2580 3529 2807 3592 εἰκότως
2868 3527 3139 3583 καλοῖντο.
3194 3529 3316 3594 Πῶς
3345 3531 3524 3584 τοίνυν
3565 3532 3627 3585 τὸ
3657 3534 3758 3588 τοῦ

2157 3619 2447 3694 ἀνθρώπου
2491 3623 2684 3692 κρᾶμα
2731 3620 2824 3674 ἐπί
2865 3639 2924 3674 τε
2969 3620 3064 3674 τοῦ
3110 3621 3285 3690 Λόγου
3334 3623 3429 3675 καὶ
3475 3624 3575 3692 τῆς
3620 3641 3760 3694 σαρ-

2158 3711 2384 3777 κώσεως
2426 3713 2723 3784 λαμϐάνεις
2773 3713 2938 3784 μηδὲν
2969 3714 3212 3777 temo-:1;
3253 3713 3440 3769 Ταῦτά
3476 3732 3655 3780 τινες,
3703 3717 3760 3769 οι

2158 3805 2254 3859 τοῦ
2301 3806 2547 3859 ἐναντίου
2582 3805 2742 3876 λόγου
2776 3807 2872 3859 καὶ
2921 3806 3021 3876 τῆς
3056 3805 3380 3876 διαιρέσεως
3437 3809 3757 3878 συνήγοροι.

2159 3899 2287 3963 Τοῖς
2322 3900 2432 3970 γὰρ
2475 3899 2686 3971 ἑτέροις
2719 3898 2873 3968 φίλον
2906 3899 2968 3953 τὸ
3007 3900 3363 3970 παράδειγμα
3403 3900 3504 3952 οὐκ
3535 3901 3759 3964 οἰκείως

2157 3991 2592 4061 λαμϐανόμενον,
2621 3991 2756 4045 ἀλλὰ
2790 3991 2884 4045 xa‘t
2919 3989 3041 4045 λίαν
3071 3990 3323 4060 ἀμαθῶς,
3357 3991 3577 4061 καὶτῆς
3603 4009 3760 4062 apto-.-

2157 4083 2392 4137 τοτύπου
2441 4082 2760 4154 συγχύσεως
2816 4083 3093 4148 ἐπαξίως,
3141 4083 3218 4148 ῶς
3254 4085 3487 4156 ἐναργὲς
3541 4085 3761 4156 ἐκείνης

2159 4175 2552 4246 ἀπεικόνισμα.
2581 4175 2702 4229 Ὀτι
2737 4175 2835 4245 μὲν
2860 4172 2954 4229 οὖν
2979 4176 3076 4247 οὐχ
3102 4176 3375 4249 ἡμέτερον
3404 4178 3562 4231 τοῦτο
3587 4176 3760 4248 εὓρη-

2160 4284 2254 4339 μα,
2283 4267 2396 4321 ἀλλ’
2423 4266 2629 4321 ἄνωθεν
2664 4269 2815 4334 παῖς,
2847 4261 3058 4342 ᾖφασι,
3091 4269 3244 4340 παρὰ
3268 4269 3476 4340 πατρὸς
3510 4270 3758 4335 διεδεξάη

2161 4357 2334 4429 μεθα,
2378 4359 2650 4430 μαρτυρεῖ
2688 4357 2760 4411 τὰ
2795 4358 2908 4412 τῶν
2958 4358 3239 4430 θεοσόφων
3275 4361 3658 4431 συντάγματα,
3697 4363 3762 4417 ὲν

2156 4449 2238 4515 οἷς
2284 4453 2377 4506 ἐπὶ
2425 4451 2525 4522 τῆς
2555 4451 2803 4516 ένώσεως
2848 4451 2927 4521 τῷ
2973 4454 3114 4507 κατὰ
3152 4455 3244 4507 τὸν
3268 4453 3556 4526 ἄνθρωπον
3590 4456 3763 4527 ὲχρή-

2161 4561 2320 4598 σαντο
2382 4544 2810 4616 παραδείγματι.
2847 4542 2922 4597 Οὐ
2957 4543 3063 4615 μὴν
3091 4544 3153 4598 τὸ
3183 4545 3536 4618 παράδειγμα
3559 4545 3745 4610 καλῶς

466 4634 712 4688 hominis
732 4649 800 4688 ex
833 4633 1016 4687 anima
1046 4644 1103 4688 et
1133 4648 1369 4701 corpore
1402 4630 1719 4701 compositi,
1750 4631 1806 4684 in
1842 4634 2049 4690 unione

2158 4654 2222 4707 γε
2254 4635 2524 4699 ποιοῦσιν,
2555 4636 2905 4701 ὲκὸιάζοντες
2942 4636 3115 4700 οὕτως
3142 4636 3288 4708 ἔχειν
3313 4637 3388 4701 ὡς
3418 4637 3479 4691 τὸ
3519 4639 3738 4708 πρωτό-

466 4727 553 4783 usi
576 4737 728 4783 sunt.
748 4728 868 4783 Non
889 4736 1072 4784 tamen
1097 4736 1248 4783 recte
1268 4728 1477 4782 faciunt
1507 4725 1601 4795 qui
1626 4725 1737 4778 vim
1765 4724 2056 4795 adhibent,

467 4830 529 4875 ut
575 4821 656 4876 sic
696 4837 755 4876 se
785 4821 989 4876 habeat
1020 4821 1355 4891 exemplum,
1407 4829 1468 4876 ut
1511 4830 1890 4892 prototypum.
1933 4817 2054 4874 Non

466 4914 614 4970 enim
657 4922 805 4970 esset
848 4915 959 4986 jam
1005 4915 1355 4985 exemplum,
1407 4913 1517 4968 nisi
1565 4913 1801 4968 haberet
1845 4913 2052 4982 aliquid

465 5009 756 5064 dissimile.
815 5007 927 5063 Nos
993 5008 1138 5062 enim
1201 5023 1311 5062 non
1379 5006 1714 5076 sumpsimus
1775 5004 2056 5060 hominem

463 5101 907 5172 exemplicausa,
934 5099 1065 5171 quia
1089 5099 1246 5176 prius
1278 5109 1464 5155 essent
1495 5109 1891 5170 partes,neque
1923 5099 2054 5169 quia

463 5198 652 5264 simul,
683 5212 866 5268 neque
907 5195 1039 5268 quia
1089 5195 1451 5266 imperfecta;
1489 5192 1860 5251 Coneedimus
1903 5193 2052 5248 enim

465 5448 508 5502 Τ
537 5377 614 5449 (ις)
636 5377 918 5433 Rationem
937 5376 1179 5431 essentia:
1206 5376 1410 5446 recipit,
1445 5374 1550 5427 Τὸν
1580 5372 1675 5426 τοῦ
1707 5368 1851 5426 εἶναι
1879 5371 2058 5439 λόγον.

516 5465 603 5502 vn.

516 5465 603 5502 CR.

485 5574 489 5576 _
529 5520 616 5601 (6)
642 5518 950 5601 tmpestas“
976 5533 1098 5601 gero
1128 5517 1398 5601 rationem
1445 5532 1538 5587 per
1584 5530 1639 5569 se
1674 5513 1933 5568 assentire.
1956 5511 2062 5565 Τὸν

463 5585 556 5643 τοῦ
589 5585 735 5643 καθ”’
746 5588 938 5642 ἑαυτὸν
952 5585 1090 5643 εἶναι
1100 5629 1113 5642 .
1128 5587 1203 5642 lo.

538 5661 614 5732 (ἵ)
631 5659 878 5732 Deciarat
900 5659 1132 5732 aliquem
1157 5675 1346 5732 unum.
1371 5657 1624 5732 ’Τῷ-τινὸς
1644 5655 1958 5732 δηλωτικήἈ
1971 5653 2048 5708 In.

537 5723 614 5794 (8)
649 5729 893 5798 Deﬁnitio
931 5723 1054 5784 vero
1078 5729 1393 5798 hypostasis.
1428 5723 1750 5796 liypostasis
1783 5723 2052 5798 signiﬁcat

467 5795 833 5854 substantiam
888 5795 1279 5870 particularem
1340 5812 1450 5870 non
1482 5795 1817 5870 quocunque
1864 5795 2048 5858 modo,

468 5871 561 5925 διιιὶ
593 5880 867 5937 quatenus
891 5868 1058 5925 estin
1096 5883 1196 5922 suo
1245 5868 1672 5936 complementa,
1710 5868 1761 5921 id
1813 5877 1928 5937 est,
1952 5881 2050 5924 Der

468 5954 524 6003 ac
552 5935 844 6008 separatim
871 5950 925 5995 et
949 5935 1550 5996 ineommunicahiliter
1581 5937 1872 5994 exsistens.
1900 5935 2054 6004 Qua-

2151 4744 2345 4783 τυπον.
2379 4728 2451 4782 Οὐ
2479 4725 2590 4798 γὰρ
2620 4726 2701 4780 ἔτι
2725 4726 2792 4781 ἂν
2817 4727 2901 4798 εἴη
2931 4728 3311 4799 παράδειγμα,
3353 4729 3403 4782 εί
3443 4727 3518 4800 μὴ
3554 4731 3648 4781 καὶ
3683 4730 3744 4782 τὸ

2158 4820 2420 4884 ἀπεοικὸς
2454 4819 2587 4890 ἔχοι.
2619 4817 2811 4889 Ἡμεῖς
2839 4818 2950 4890 γὰρ
2976 4819 3066 4874 τὸν
3097 4819 3385 4890 ἄνθρωπον
3425 4821 3550 4874 οὔτε
3576 4821 3662 4874 διὰ
3693 4822 3756 4873 τὸ

2162 4911 2598 4984 προϋπάρχεινῆ
2633 4912 3024 4984 συνυπάρχειν,
3063 4910 3188 4966 οὔτε
3221 4911 3309 4966 διὰ
3338 4912 3398 4966 τὸ
3428 4912 3620 4975 ἀτελὲς
3646 4912 3756 4964 τῶν

2168 5023 2232 5075 με
2242 5003 2384 5075 ρῶνο
2415 5003 2876 5076 συγκεχωρείσοω
2905 5003 3015 5075 γὰρ
3039 5007 3152 5068 τοῖς
3189 5005 3545 5074 κακοσχόλοις
3590 5003 3756 5073 ἀτελῆ

2162 5099 2362 5167 λέγειν,
2387 5096 2587 5168 καίπερ
2632 5097 2732 5152 οὐκ
2787 5097 2917 5151 ὄντα
2953 5097 3095 5150 κατὰ
3121 5097 3212 5150 τὸν
3252 5097 3347 5151 τοῦ
3377 5093 3519 5151 εἶναι
3571 5097 3754 5165 λόγον,

2163 5193 2238 5257 ὡς
2273 5191 2501 5264 ὕστερον
2533 5190 2782 5262 δείξομεν
2802 5209 2816 5223 ·
2846 5188 2985 5244 ἀλλὰ
3016 5187 3152 5260 πρὸς
3185 5189 3418 5260 δήλωσιν
3450 5190 3758 5260 εἰλήφαμεν

2173 5380 2336 5426 tenus
2372 5385 2503 5424 vero
2541 5369 2596 5423 in
2641 5367 2902 5427 unionem
2960 5367 3197 5438 alicujus
3234 5367 3409 5438 magis
3466 5368 3753 5437 complcti,

2169 5457 2280 5495 non
2314 5440 2522 5494 dicitur
2551 5439 2884 5510 hypostasis.
2908 5438 3104 5510 Anima
3136 5446 3431 5510 etcorpus,
3464 5454 3530 5493 cx
3552 5439 3757 5508 quibus

2170 5511 2337 5566 homo
2371 5508 2721 5579 componitur
2755 5519 2809 5563 et
2833 5509 3143 5578 completur
3186 5508 3243 5562 in
3273 5510 3458 5578 specie
3503 5524 3601 5563 seu
3656 5525 3758 5562 na-

2173 5591 2293 5636 tura
2348 5581 2610 5644 humana,
2637 5589 2768 5635 sunt
2793 5579 3153 5633 ὲνυπόστατα.
3185 5579 3459 5635 Convenit
3494 5595 3617 5633 cum
3667 5579 3756 5634 his

2168 5651 2419 5707 deﬁnitio
2440 5652 2762 5706 Damasccni
2796 5650 2852 5704 in
2887 5649 3112 5720 Logica,
3141 5651 3390 5721 cap._4._i».
3423 5650 3499 5721 in.

2235 5721 2311 5789 (9)
2340 5722 2776 5776 Comm-unionem
2809 5736 2929 5774 vero
2961 5716 3223 5775 essentia:
3257 5719 3366 5773 τοῦ
3393 5716 3558 5774 εἶναι.
3588 5718 3660 5774 lo.

2230 5793 2342 5861 (10)
2373 5791 2876 5864 Simuietiaminter
2901 5806 2976 5846 se.
3004 5790 3158 5864 "_Ap.:z
3189 5792 3282 5847 καὶ
3301 5794 3358 5845 ὲν
3387 5788 3751 5864 ἀλλήλαιςλυρ

2233 5860 2342 5936 (ll!
2377 5863 2632 5920 Coinsita.
2667 5860 3121 5936 Συμπεφυκυίας.
