4120 6484
340 421 479 494 1⁸281

1411 427 1710 495 CONTRA
1751 434 2072 500 NESTOR.
2114 437 2208 499 ET
2249 440 2574 504 EUTYCH.

3473 442 3609 509 1282

333 545 711 616 παράδειγμα,
745 541 840 596 τοῦ
889 541 1026 612 αὐτῇ
1059 543 1124 612 τῇ
1157 541 1314 614 οὐσίᾳ
1357 542 1447 595 τὸν
1474 545 1646 612 Λόγον
1679 545 1893 617 ἡνῶσθα

2026 549 2144 604 istis
2194 551 2336 607 male
2387 551 2631 620 feriatis,
2687 564 2747 608 ut
2793 553 3144 624 imperfectas
3193 538 3427 624 vocent,
3481 577 3609 618 cum

331 637 411 708 τῷ
461 637 521 702 ἐξ
553 635 713 706 ἡμῶν
753 633 967 706 σώματι
999 634 1094 688 καὶ
1135 635 1259 705 μηδ’
1287 635 1353 689 ἄν
1391 652 1527 688 ποτε
1556 637 1725 707 χωρὶς
1755 639 1924 691 αὑτοῦ

330 727 732 798 τεθεωρῆσθαι,
771 728 820 780 εἰ
849 729 943 781 καὶ
975 726 1140 791 σώζοι
1182 727 1287 782 κάν
1313 730 1378 799 τῇ
1408 725 1600 781 ἑνώσει
1634 729 1696 782 τὸ
1738 729 1926 799 διάφο-

334 840 447 893 ρον,
475 821 665 891 ὧσπερ
700 820 894 892 ἀμέλει
927 822 1022 874 καὶ
1050 821 1078 874 ὁ
1108 819 1289 884 κοινὸς
1315 819 1624 892 ἄνθρωπος.
1663 821 1753 875 Ἐν
1781 823 1925 876 οὐδε-

333 920 555 988 ποτέρῳ
585 916 696 989 γὰρ
729 915 1070 987 συγχυθέντα
1094 915 1344 984 φαίνεται
1371 914 1441 969 τά
1473 915 1756 986 ἰδιώματα.
1784 915 1922 970 Οὔτε

332 1009 441 1079 γάρ
472 1006 534 1073 ἐξ
577 1007 810 1079 ἀοράτου
862 1006 895 1078 ἢ
947 1005 1240 1072 ἀθανάτου,
1283 1007 1457 1077 ὁρατὴ
1488 1007 1581 1059 καὶ
1628 1007 1796 1078 θνητὴ
1829 1008 1922 1076 γέ-

332 1113 492 1165 γονεν
522 1097 555 1165 ἡ
600 1097 846 1166 ἡμετέρα
884 1096 1052 1167 ψυχὴ,
1084 1095 1207 1149 οὔτε
1248 1098 1354 1168 μὴν
1383 1100 1410 1150 ὁ
1438 1098 1613 1165 Λόγος
1657 1098 1852 1168 ὁρατὸς
1883 1098 1916 1169 ἢ

331 1187 548 1259 θνητὸς,
582 1187 784 1259 καίπερ
818 1189 876 1241 ἐν
900 1187 1083 1260 ὁρατῷ
1127 1189 1223 1242 καὶ
1269 1187 1449 1260 θνητῷ
1481 1189 1693 1260 σώματι
1725 1191 1825 1260 τῆς
1858 1208 1918 1244 τε

329 1281 607 1350 ἡμετέρας
637 1279 817 1350 ψυχῆς
850 1281 943 1333 καὶ
973 1279 1065 1332 τοῦ
1096 1280 1270 1349 Λόγου
1309 1281 1716 1351 γεγενημένων.
1747 1283 1917 1346 Σώζει

327 1373 438 1442 γὰρ
463 1373 798 1437 ἁνελλειπῶς
820 1373 928 1424 τῶν
952 1373 1258 1443 εἰρημένων
1293 1375 1572 1444 ἑκάτερον,
1607 1374 1636 1426 ὅ
1662 1392 1717 1426 τε
1739 1375 1917 1439 κοινὸς

327 1465 616 1538 ἄνθρωπος
639 1467 668 1518 ὁ
715 1467 779 1518 ἐκ
817 1466 997 1536 ψυχῆς
1028 1467 1124 1519 καὶ
1165 1466 1438 1538 σώματος,
1475 1468 1503 1519 ὅ
1535 1485 1594 1520 τε
1629 1467 1822 1538 Σωτὴρ
1854 1469 1917 1520 ἐκ

328 1559 584 1630 θεότητος
605 1559 700 1614 καὶ
723 1560 1147 1631 άνθρωπότητος
1180 1560 1440 1625 ὑποστάς.
1472 1562 1535 1614 Οί
1561 1561 1617 1614 δὲ
1650 1562 1710 1614 ού
1745 1561 1866 1615 καθ’
1888 1561 1916 1614 ὃ

326 1651 527 1716 ἔοικεν,
566 1651 703 1706 ἀλλά
749 1651 872 1706 καθ’
901 1650 929 1704 ὅ
977 1652 1206 1705 ἀπέοικε
1244 1651 1584 1722 λαμϐάνουσι
1628 1652 1690 1706 τὸ
1729 1653 1913 1723 παρά-

325 1743 546 1813 δειγμα,
578 1746 680 1796 καὶ·
703 1743 1094 1816 κακοσχολοῦσι
1131 1746 1261 1816 περὶ
1299 1747 1397 1809 τὰς
1436 1747 1696 1810 πεύσεις·
1725 1745 1912 1817 ὥσπερ

323 1835 390 1886 ἂν
410 1835 462 1887 εἰ
495 1835 590 1888 καὶ
617 1835 676 1888 τὸ
697 1835 923 1904 ἡλιακὸν
955 1838 1304 1908 ἀπαύγασμα
1349 1837 1507 1907 ἡμῶν
1536 1837 1912 1908 παραλαμϐα-

2026 640 2230 711 alioqui
2267 658 2376 696 non
2413 642 2544 707 sint,
2576 643 2884 698 secundum
2933 645 3204 700 rationem
3241 650 3514 716 essentiae,
3549 660 3612 706 ut

2024 741 2214 803 postea
2236 734 2778 802 demonstrabimus;
2811 735 2905 790 sed
2935 737 3271 807 sumpsimus
3297 741 3607 810 exemplum

2023 825 2089 880 ad
2137 826 2530 881 declarandum
2563 843 2687 882 esse
2714 827 2957 882 Verbum
3000 829 3104 898 ipsi
3137 830 3462 886 substantiae
3487 832 3611 887 uni-

2027 925 2140 971 tum
2169 957 2184 978 ,
2231 918 2447 987 corpori
2499 919 2712 974 scilicet
2751 935 2818 974 ex
2863 919 3025 974 nobis
3056 931 3314 991 sumpto,
3359 929 3418 976 et
3459 939 3608 978 nun-

2021 1025 2183 1079 quam
2251 1010 2370 1065 sine
2437 1027 2504 1066 eo
2558 1012 2747 1077 cerni,
2799 1013 3056 1082 quamvis
3106 1025 3290 1068 servet
3332 1015 3498 1070 etiam
3549 1017 3605 1070 in

2021 1104 2229 1156 unione
2289 1101 2703 1168 differentiam;
2759 1103 2906 1157 sicut
2969 1103 3138 1157 etiam
3205 1113 3392 1159 servat
3450 1122 3606 1160 com-

2021 1195 2204 1247 munis
2239 1193 2423 1247 homo.
2474 1193 2533 1247 In
2577 1201 2776 1248 neutro
2820 1193 2972 1248 enim
3021 1202 3328 1248 cernuntur
3376 1195 3605 1250 confuse

2018 1286 2409 1354 proprietates.
2445 1286 2558 1339 Nec
2596 1285 2746 1339 enim
2793 1300 2863 1339 ex
2906 1285 3175 1339 invisibili
3217 1294 3272 1340 et
3305 1287 3604 1340 immortali

2017 1375 2161 1431 facta
2205 1383 2291 1430 est
2344 1377 2528 1431 anima
2603 1376 3149 1432 nostra'invisibilis
3209 1385 3265 1431 et
3327 1376 3600 1430 mortalis.

2015 1467 2205 1538 Neque
2257 1468 2498 1522 Verbum
2547 1467 2753 1523 factum
2797 1476 2884 1523 est
2928 1469 3151 1523 visibile
3209 1476 3266 1523 et
3341 1469 3598 1531 mortale,

2017 1562 2267 1632 quamvis
2297 1561 2352 1614 in
2397 1577 2630 1631 corpore
2664 1562 2868 1617 visibili
2916 1570 2973 1616 et
3015 1562 3254 1617 mortali.
3295 1561 3604 1633 Utrumque

2014 1653 2163 1708 enim
2195 1652 2469 1707 dictorum
2511 1661 2693 1708 servat
2733 1654 2944 1724 integre
2986 1669 3142 1708 suam
3184 1654 3600 1722 proprietatem,

2015 1743 2162 1798 sicut
2217 1743 2507 1812 utriusque
2555 1743 2779 1814 :natura
2836 1745 3104 1814 postulat;
3170 1743 3338 1797 homo
3388 1742 3602 1797 scilicet

2013 1836 2326 1890 communis
2368 1851 2434 1889 ex
2472 1835 2654 1889 anima
2697 1843 2753 1889 et
2789 1850 3024 1905 corpore
3070 1843 3353 1898 constans,
3387 1841 3443 1888 et
3488 1832 3600 1888 Sal-

321 1928 523 1980 νόντων
563 1927 656 1980 ἐπὶ
699 1927 793 1980 τοῦ
827 1928 1002 1994 Λόγου
1033 1930 1127 1982 καὶ
1170 1928 1269 1982 τοῦ
1317 1929 1555 1998 Πατρὸς,
1587 1928 1676 1982 διὰ
1699 1933 1761 1982 τὸ
1796 1946 1892 1981 συν

2015 1935 2174 1981 vator
2214 1927 2270 1980 in
2316 1926 2605 1980 divinitate
2639 1935 2695 1980 et
2741 1925 3086 1980 humanitate
3133 1925 3461 1980 subsistens.
3502 1922 3596 1978 Isti

323 2022 460 2086 αφές
514 2037 574 2072 τε
629 2021 723 2074 καὶ
762 2021 1051 2087 ωναῖδιον,
1101 2022 1502 2093 ἐπηρεάζουσιν
1544 2024 1678 2094 ἡμῖν
1708 2023 1785 2086 ὡς
1841 2021 1904 2074 τὸ

321 2111 696 2166 ἀνυπόστατον
734 2114 909 2184 ταύτῃ
938 2115 1465 2179 κατασκευάζουσιν.

2011 2033 2143 2074 vero
2191 2018 2505 2087 exemplum
2554 2017 2875 2086 accipiunt,
2927 2034 3040 2072 non
3089 2026 3366 2087 quatenus
3414 2015 3596 2069 simile

2011 2119 2117 2173 est,
2158 2109 2254 2164 sed
2295 2119 2572 2180 quatenus
2611 2107 2898 2165 dissimile.
2943 2110 3010 2164 Et
3049 2111 3192 2164 male
3231 2109 3498 2163 feriantur
3538 2107 3594 2162 in

319 2206 435 2258 suis
484 2205 1036 2274 percontationibus,
1081 2214 1140 2259 ut
1185 2221 1312 2261 cum
1364 2221 1464 2261 nos
1515 2205 1868 2276 splendorem
1929 2203 2060 2259 solis
2108 2202 2350 2271 exempli
2397 2216 2562 2256 causa
2610 2201 2664 2255 in
2731 2201 2913 2256 Verbo
2947 2212 3005 2256 et
3049 2202 3206 2256 Patre
3263 2202 3596 2256 assumimus

315 2306 546 2367 propter
583 2300 1033 2369 conjunctionem
1083 2309 1240 2353 ortus
1277 2299 1590 2368 splendoris
1637 2315 1766 2354 cum
1839 2299 1976 2361 sole,
2017 2312 2121 2351 nos
2158 2304 2381 2359 vexant,
2429 2295 2587 2364 quasi
2641 2295 2745 2351 hac
2791 2296 3005 2350 ratione
3037 2296 3304 2350 faciamus
3349 2295 3593 2350 Verbum

313 2405 427 2444 non
455 2390 758 2446 subsistere
794 2406 895 2462 per
927 2407 1008 2448 se.

384 2483 510 2536 Ὅτι
540 2483 598 2536 δὲ
645 2483 753 2537 οὐδ’
789 2485 818 2537 ὁ
863 2484 1150 2556 ἄνθρωπος
1188 2484 1249 2550 ἐξ
1282 2484 1490 2538 ἀτελῶν
1529 2487 1646 2539 ἐστι
1693 2485 1896 2556 μερῶν,

312 2575 455 2628 κατὰ
477 2592 540 2642 γε
572 2575 666 2628 τὸν
698 2575 789 2629 τοῦ
819 2575 937 2641 πῶς
975 2570 1115 2629 εἶναι
1153 2576 1383 2649 θατέρου
1410 2577 1589 2646 λόγον,
1622 2579 1670 2630 εἰ
1701 2579 1796 2632 καὶ
1823 2577 1900 2640 ὡς

308 2666 449 2737 προς
481 2669 607 2738 ὅρον
642 2667 736 2720 τοῦ
757 2668 880 2722 ὅλου
915 2668 1230 2740 ἀνθρώπου,
1265 2669 1354 2723 τὸν
1374 2669 1470 2723 τοῦ
1497 2668 1620 2723 ὅλου
1656 2669 1724 2722 τὰ
1755 2671 1898 2740 μέρη

308 2759 487 2828 λόγον,
515 2759 592 2822 ὡς
620 2761 745 2814 ὅλου
787 2762 888 2814 οὐκ
920 2761 1252 2832 ἐπιδέχεται,
1301 2755 1404 2814 ὦδε
1457 2762 1524 2815 ἂν
1577 2763 1793 2831 μάθοις.
1831 2761 1873 2814 Τ
1883 2762 1899 2816 ί

306 2852 416 2923 γὰρ
439 2851 616 2906 λείποι
635 2854 700 2923 τῇ
724 2852 892 2923 ψυχῇ,
916 2853 1190 2924 χωριστὴν
1217 2852 1416 2925 ἐχούσῃ
1445 2855 1538 2908 καὶ
1565 2855 1701 2908 ἰδίαν
1729 2854 1897 2924 ζωὴν,

307 2944 444 3014 πρὸς
474 2940 710 2998 τδ-εἷναι
741 2935 931 2998 οὐσίαν
972 2945 1265 3016 ἀσώματον
1306 2944 1693 3018 αὑτοκίνητον;
1738 2947 1899 2999 τοῦτο

303 3036 413 3106 γὰρ
437 3035 611 3104 αὐτῆς
640 3035 792 3106 δηλοῖ
818 3037 910 3090 καὶ
936 3036 998 3088 τὸ
1030 3036 1299 3090 ἀθάνατον
1338 3037 1434 3090 καὶ
1472 3035 1533 3089 τὸ
1567 3035 1894 3108 ἀνώλεθρον.

303 3128 370 3180 Τί
407 3129 464 3181 δὲ
510 3128 589 3199 τῷ
641 3127 858 3199 σώματι
897 3129 1038 3200 πρὸς
1074 3129 1134 3181 τὸ
1158 3126 1298 3181 εἶναι
1349 3128 1544 3198 σῶμα;
1601 3123 1662 3182 οὗ
1695 3128 1759 3198 δὴ
1799 3129 1896 3180 καὶ

2076 2477 2232 2545 Quod
2277 2486 2462 2531 autem
2511 2493 2692 2548 neque
2753 2478 2918 2531 homo
2965 2495 3032 2533 ex
3082 2477 3422 2548 imperfectis
3469 2497 3598 2550 par—

2009 2571 2155 2625 tibus
2183 2569 2524 2638 compositus
2547 2580 2629 2625 est
2659 2571 2963 2625 secundum
2998 2572 3269 2626 rationem
3305 2573 3592 2644 cujusdam

2005 2661 2259 2717 essentizu
2293 2662 2618 2716 alterutrius
2663 2663 2860 2732 partis,
2911 2665 3166 2732 quamvis
3222 2665 3400 2734 quoad
3459 2665 3597 2720 defi-

2007 2756 2272 2810 nitionem
2317 2756 2488 2812 totius
2537 2755 2780 2810 hominis
2813 2772 2919 2810 non
2966 2756 3243 2826 recipiunt
3294 2767 3478 2827 partes
3509 2775 3595 2813 ra-

2009 2847 2214 2903 tionem
2253 2850 2420 2904 totius
2452 2858 2710 2918 tanquam
2751 2849 2940 2913 totius,
2992 2848 3072 2903 sic
3118 2849 3413 2920 intelliges.
3447 2849 3591 2917 Quid

1999 2942 2145 2995 enim
2180 2943 2335 2996 deest
2366 2943 2564 2997 anima:
2597 2942 2822 2996 habenti
2871 2952 3178 3010 separatam
3223 2951 3277 2997 et
3305 2944 3588 3014 propriam

1998 3033 2190 3097 vitam,
2225 3034 2293 3088 ad
2329 3035 2454 3098 hoc,
2487 3044 2544 3088 ut
2569 3035 2636 3088 sit
2667 3035 2974 3089 substantia
2997 3037 3342 3106 incorporea,
3369 3053 3590 3108 semper

1998 3125 2263 3179 mobilis?
2298 3125 2412 3181 Hoc
2442 3127 2591 3180 enim
2623 3126 2868 3181 declarat
2894 3127 3261 3183 inmortalem
3295 3145 3417 3184 esse
3439 3147 3584 3198 eam,

301 3222 650 3285 ἀποδιδόντες
699 3222 791 3276 τὸν
836 3223 961 3293 ὅρον
1019 3223 1172 3290 φασὶ,
1226 3221 1386 3290 σῶμα
1424 3215 1565 3276 εἶναι
1611 3221 1673 3274 τὸ
1728 3223 1889 3292 τριχῇ

1997 3224 2052 3271 et
2092 3217 2321 3272 interire
2355 3234 2464 3271 non
2509 3234 2692 3287 posse.
2733 3218 2873 3284 Quid
2910 3236 3102 3275 rursus
3146 3220 3298 3276 deest
3341 3226 3583 3293 corpori,

298 3315 608 3383 διαστατὸν,
648 3314 683 3387 ἢ
712 3313 872 3386 σῶμα
898 3316 1128 3384 φυσικὸν
1151 3313 1444 3387 ὀργανικὸν
1474 3313 1705 3384 δυνάμει
1743 3313 1890 3386 ζωὴν

299 3401 459 3474 ἔχον·
508 3405 761 3474 ἑκάτεροι
811 3403 921 3474 γὰρ
966 3403 1075 3457 τῶν
1121 3405 1264 3473 ὅρων
1313 3404 1409 3458 ἐπὶ
1465 3402 1558 3456 τοῦ
1615 3404 1886 3475 ἡμετέρου

299 3494 556 3565 σώματος
609 3495 830 3559 οἰκείως
889 3495 1228 3564 ἁρμόσουσιν
1265 3512 1279 3526 ·
1337 3496 1439 3549 οὐκ
1493 3495 1657 3569 ἀτελῆ
1710 3496 1889 3550 τοίνυν

294 3585 472 3642 ταῦτα
504 3588 627 3641 καθ’
658 3588 828 3642 ἑαυτά
861 3587 1275 3660 λαμϐανόμενα,
1311 3591 1358 3642 εἰ
1392 3589 1486 3642 καὶ
1517 3588 1685 3659 ἀτελῆ
1729 3589 1891 3643 πάλιν

293 3681 584 3750 λέγονται,
629 3681 707 3746 ὡς
759 3682 899 3754 πρὸς
942 3681 1042 3754 τὴν
1093 3681 1189 3735 τοῦ
1244 3684 1369 3737 ὅλου
1428 3684 1487 3736 ἐν
1525 3677 1568 3751 ᾧ
1621 3683 1691 3737 τὰ
1744 3683 1886 3753 μέρη

295 3777 625 3832 ὀπόστασιν·
659 3776 834 3848 τούτῳ
872 3776 982 3848 γὰρ
1008 3777 1087 3850 τῷ
1115 3777 1280 3848 λόγῳ,
1306 3778 1407 3831 οὐκ
1428 3778 1494 3830 ἂν
1516 3778 1753 3848 ἁμάρτοι
1780 3795 1886 3839 τις,

294 3868 390 3921 καὶ
419 3869 477 3919 τὸ
509 3867 652 3921 κατὰ
675 3867 912 3938 Χριστὸν
942 3869 1290 3938 ἑρμηνεύσας
1322 3869 1644 3940 μυστήριον.
1672 3868 1887 3932 ’Λτελὲς

292 3959 428 4032 γὰρ,
457 3961 564 4014 κᾶν
594 3961 670 4023 ὡς
699 3959 834 4024 Θεὸς
898 3961 1125 4030 γυμνὸς,
1156 3963 1188 4032 ἢ
1238 3961 1528 4032 ἄνθρωπος
1556 3961 1715 4031 ψιλὸς
1744 3962 1885 4032 λαμ-

292 4051 530 4123 ϐάνηται
553 4067 566 4081 ·
591 4051 666 4115 di;
699 4051 950 4106 ἐντεῦθεν
973 4052 1150 4106 διττὸν
1184 4049 1327 4106 εἶναι
1356 4052 1447 4106 τὸν
1479 4052 1580 4123 τῆς
1608 4053 1884 4124 τελειότη-

291 4158 385 4205 τος
415 4142 561 4212 ὅρον,
608 4141 704 4196 καὶ
754 4143 846 4196 τὸν
896 4143 996 4213 μὲν
1045 4143 1237 4206 ἁπλῶς
1276 4143 1556 4212 λέγεσθαι,
1595 4145 1688 4198 τὸν
1719 4144 1776 4198 δὲ
1825 4145 1884 4198 ἐν

292 4235 478 4306 σχέσει
508 4233 858 4306 θεωρεῖσθαι,
895 4237 1036 4290 κατὰ
1077 4237 1168 4289 τὸν
1201 4236 1375 4306 μέγαν
1413 4237 1738 4309 Γρηγόριον.
1782 4238 1885 4292 Τέ-

289 4327 430 4392 λειος
477 4329 577 4396 μὲν
607 4329 717 4400 γάρ
749 4330 896 4384 ἐστιν
927 4329 956 4381 ὁ
981 4329 1159 4398 λόγος,
1199 4331 1292 4384 καὶ
1333 4331 1577 4403 πλήρης,
1611 4332 1703 4385 καὶ
1739 4350 1882 4404 παρ-

289 4421 512 4484 εκτικὸς
549 4421 892 4492 τελειότητος
918 4438 932 4453 ·
974 4422 1159 4475 τελεία
1183 4422 1238 4475 δὲ
1266 4423 1359 4475 καὶ
1395 4425 1428 4492 ἡ
1457 4423 1551 4476 τοῦ
1590 4423 1905 4495 ἀνθρώπου,

285 4511 458 4584 ψυχὴ,
489 4514 566 4577 ὡς
599 4514 859 4583 πρὸς,τδν
892 4515 1018 4586 ὅρον
1049 4514 1148 4586 τῆς
1177 4514 1484 4586 ὑπάρξεως.
1521 4516 1662 4569 Ἀλλ’
1707 4519 1827 4571 οὐδὲ
1853 4521 1881 4572 ὅ

287 4605 462 4674 Λόγος
516 4605 724 4670 τέλειος
761 4607 1020 4677 Χριστὸς,
1071 4607 1177 4661 κᾶν
1226 4607 1429 4671 τέλειος
1477 4608 1563 4679 εἴη
1594 4609 1747 4674 Θεὸς,
1802 4611 1877 4680 μὴ

287 4696 391 4767 τῆς
441 4696 863 4770 ἀνθρωπότητος
928 4697 1078 4770 αὐτῷ
1131 4701 1608 4771 συντεταγμένηςο
1661 4699 1784 4755 οὔτε
1844 4705 1876 4772 ἡ

285 4787 436 4860 ψυχὴ
463 4788 668 4855 τέλειος
694 4790 1003 4863 ἄνθρωπος,
1035 4792 1139 4846 κᾶν
1169 4791 1382 4846 τελείαν
1417 4792 1530 4864 ἔχει
1559 4794 1768 4860 οὐσίαν,
1802 4797 1877 4867 μὴ

284 4878 380 4933 τοῦ
414 4880 667 4953 σώματος
709 4884 846 4956 αὐτῇ
897 4885 1411 4956 συνεπινοουμένου.
1471 4887 1584 4943 Καὶ
1632 4888 1788 4942 τοῦτο
1818 4889 1877 4942 δὲ

285 4977 788 5047 παρασημήνασθαι
816 4977 942 5050 χρὴ,
973 4979 1057 5034 ὅτι
1083 4981 1198 5043 τοῖς
1219 4980 1329 5034 τῶν
1361 4981 1702 5052 πραγμάτων
1728 4983 1876 5053 ὅροις

281 5069 332 5122 οί
363 5072 546 5140 χρόνοι
596 5070 658 5124 ού
701 5073 1373 5146 συμπαραλαμϐάνονται,
1410 5073 1600 5145 ὥσπερ
1647 5075 1768 5128 οὐδὲ
1822 5075 1872 5128 οἱ

283 5165 458 5220 τόποι.
493 5165 616 5219 Τῶν
645 5167 756 5236 γάρ
785 5159 857 5217 ὧν
881 5166 982 5220 οὐκ
1029 5165 1159 5220 ἄνευ
1205 5167 1300 5220 καὶ
1345 5165 1506 5236 μόνον
1553 5165 1714 5234 λόγον
1775 5167 1874 5217 ἐπ-

282 5260 525 5328 έχουσιν.
563 5257 687 5312 Ἐτι
737 5262 844 5326 πᾶς
893 5261 1018 5333 ὅρος
1069 5259 1165 5313 τοῦ
1216 5258 1312 5314 νῦν
1356 5258 1681 5332 πράγματός
1727 5258 1876 5310 ἐστιν

351 5419 464 5490 (12)
502 5418 776 5490 Duplicem
798 5434 926 5474 esse.
952 5418 1178 5490 Duple;
1193 5417 1446 5474 definitio
1507 5416 1865 5490 perfectionis

281 5488 336 5544 in
375 5488 622 5548 Christo.
651 5491 828 5544 altera
860 5490 1094 5558 simplex
1128 5488 1312 5553 dicta;
1351 5490 1524 5544 altera
1562 5488 1616 5542 in
1643 5488 1866 5542 habitu-

279 5560 410 5615 dine
440 5560 675 5630 simplex
711 5560 779 5615 ad
845 5559 1193 5616 divinitatem
1249 5558 1414 5616 Verbi
1467 5568 1716 5630 spectat:
1775 5559 1867 5612 illa

277 5645 402 5700 quae
429 5631 483 5685 in
521 5628 846 5686 habitudine
899 5631 1177 5696 consistit,
1209 5631 1456 5700 pertinet
1490 5628 1558 5684 ad
1604 5629 1870 5684 unionem

280 5701 445 5757 Verbi
469 5717 598 5756 cum
619 5701 986 5756 humanitate.
1023 5701 1158 5755 Tun.

353 5772 464 5838 (15)
493 5771 605 5826 Hoc
633 5780 812 5826 autem
871 5772 1237 5825 adnotandum
1293 5777 1388 5824 est.
1430 5770 1669 5824 Advertc
1723 5769 1871 5840 quod

279 5841 633 5898 deﬁnitiones
666 5841 1048 5897 noninferunt
1091 5841 1256 5896 simul
1292 5856 1418 5896 cum
1474 5840 1722 5896 definitis
1747 5843 1866 5895 loca

278 5921 336 5966 et
369 5921 654 5983 tempora;
686 5928 790 5968 nec
844 5913 993 5968 enim
1024 5927 1148 5983 quae
1193 5910 1560 5979 definiuntur,
1605 5919 1864 5966 constant

1996 3315 2054 3362 ut
2094 3308 2168 3362 sit
2220 3309 2456 3378 corpus?
2507 3309 2655 3378 quod
2710 3309 2935 3378 quidem
2984 3311 3079 3379 qui
3109 3310 3401 3376 deﬁniunt,
3428 3315 3585 3370 aiunt

1992 3415 2116 3454 esse
2178 3416 2382 3470 corpus
2433 3400 2636 3471 triplici
2675 3401 3064 3467 dimensione;
3111 3413 3207 3459 aut
3248 3421 3452 3476 corpus
3482 3424 3583 3462 na-

1992 3495 2170 3550 turale
2224 3496 2544 3566 organicum
2593 3504 2864 3566 potestate
2903 3497 3073 3552 vitam
3126 3499 3369 3566 habens;
3425 3509 3583 3558 utra-

1989 3603 2099 3657 que
2150 3587 2299 3642 enim
2359 3587 2613 3644 definitio
2674 3599 2800 3659 apte
2863 3591 3157 3646 conveniet
3205 3595 3424 3663 corpori
3487 3611 3584 3651 no-

1990 3689 2131 3745 stro;
2180 3697 2292 3735 non
2337 3692 2470 3736 sunt
2508 3681 2679 3752 igitur
2721 3682 3043 3753 imperfecta
3077 3693 3296 3755 sumpta
3347 3703 3448 3756 per
3494 3703 3578 3753 se,

1993 3774 2210 3828 tametsi
2271 3774 2596 3844 imperfecta
2653 3775 2955 3843 dicuntur,
3007 3778 3187 3847 quoad
3243 3779 3580 3851 hypostasim

1991 3866 2182 3927 totius,
2240 3866 2294 3919 in
2353 3881 2464 3935 quo
2512 3876 2642 3920 sunt
2674 3877 2907 3936 partes;
2968 3869 3073 3923 hac
3131 3871 3281 3924 enim
3343 3872 3577 3936 ratione,

1989 3973 2099 4011 non
2131 3959 2430 4024 aberrabit,
2462 3961 2556 4030 qui
2593 3961 2758 4016 etiam
2802 3963 3127 4032 mysterium
3160 3963 3368 4021 Christi
3405 3965 3582 4022 inter-

1988 4048 2328 4118 pretabitur.
2382 4050 2777 4119 imperfectum
2814 4051 2962 4107 enim
3011 4061 3132 4117 est,
3191 4054 3235 4108 si
3285 4055 3371 4109 vel
3434 4055 3580 4110 Deus

1986 4140 2174 4195 nudus
2228 4142 2350 4197 sine
2401 4142 2782 4209 humanitate,
2847 4144 2932 4200 vel
2986 4145 3152 4200 homo
3215 4146 3344 4201 item
3393 4148 3578 4204 nudus

1987 4234 2107 4290 sine
2135 4234 2424 4291 divinitate
2449 4245 2724 4302 sumatur,
2760 4246 2822 4292 ut
2851 4238 2981 4293 hinc
3011 4247 3277 4308 appareat
3298 4239 3576 4310 duplicem

1985 4342 2108 4382 esse
2164 4327 2274 4399 (12)
2329 4327 2692 4398 perfectionis
2751 4329 3132 4386 definitionem
3189 4332 3244 4386 in
3307 4331 3571 4394 Christo;

1985 4433 2178 4484 unam,
2217 4433 2341 4489 qua:
2370 4418 2699 4489 simpliciter
2739 4419 2988 4488 dicitur;
3041 4422 3293 4487 alteram,
3336 4439 3459 4492 quae
3513 4424 3572 4477 in

1985 4510 2314 4566 habitudine
2336 4513 2606 4577 cernitur,
2621 4509 2923 4568 secundum
2949 4529 3203 4584 magnum
3226 4507 3572 4586 Gregorium.

1987 4603 2304 4661 Perfectum
2342 4619 2583 4675 namque
2628 4615 2712 4661 est
2757 4605 3037 4673 Verbum,
3085 4615 3141 4663 et
3202 4608 3463 4677 plenum,
3519 4619 3577 4664 et

1986 4698 2240 4768 praebens
2270 4699 2702 4769 perfectionem:
2756 4700 3002 4770 perfecta
3049 4709 3234 4755 autem
3271 4710 3356 4756 est
3385 4702 3573 4757 anima

1987 4793 2251 4860 hominis,
2289 4804 2556 4865 quantum
2590 4795 2657 4849 ad
2707 4793 3087 4849 definitionem
3133 4795 3392 4851 essentia;
3436 4811 3570 4852 suae.

1985 4886 2092 4942 Sed
2133 4896 2317 4944 tamen
2347 4901 2530 4958 neque
2557 4887 2802 4943 Verbum
2841 4897 2928 4943 est
2965 4887 3247 4958 perfect-us
3292 4889 3570 4953 Christus,

1981 4996 2093 5034 non
2148 4980 2301 5035 unita
2349 4979 2724 5046 humanitate,
2787 4981 3043 5050 quamvis
3088 4979 3370 5051 perfectus
3425 4981 3574 5036 Deus

1981 5072 2078 5135 sit;
2115 5088 2217 5128 nec
2246 5073 2430 5128 anima
2460 5073 2740 5144 perfectus
2767 5073 2936 5128 homo
2963 5081 3069 5138 est,
3095 5073 3226 5128 licet
3260 5072 3569 5142 perfectam

1983 5165 2353 5220 substantiam
2407 5165 2629 5232 habeat,
2673 5181 2904 5235 corpore
2956 5181 3066 5220 non
3112 5164 3276 5219 simul
3333 5178 3456 5219 cum
3504 5179 3569 5217 ea

1983 5259 2242 5330 cogitato.
2292 5256 2409 5314 Hoc
2456 5267 2641 5314 autem
2693 5257 3068 5313 adnotandum
3103 5263 3189 5311 est
3236 5254 3368 5326 (15),
3419 5255 3569 5323 quod

1971 5432 2038 5473 ex
2076 5418 2186 5483 his,
2217 5418 2471 5488 quamvis
2507 5418 2560 5472 in
2588 5418 2707 5473 his:
2729 5413 3008 5488 hominem
3035 5413 3182 5468 enim
3208 5411 3560 5488 definientes.

1975 5482 2179 5543 animal
2213 5482 2483 5564 rationale
2517 5488 2772 5564 mortale
2799 5485 3070 5564 dicimus;
3109 5482 3334 5564 quando
3374 5489 3566 5536 autem

1975 5567 2166 5632 natum
2221 5558 2328 5632 sit,_
2351 5566 2447 5612 aut
2477 5559 2572 5632 ubi
2613 5558 2872 5632 exsistat,
2921 5553 3566 5632 nonhsubjicimusges-

1979 5630 2214 5704 sentiam
2243 5629 2390 5704 enim
2423 5629 2676 5704 animalis
2703 5627 2884 5683 solum
2935 5621 3331 5704 significamus,
3357 5621 3567 5704 relictis

1983 5697 2094 5753 illis
2117 5714 2238 5768 qua:
2263 5697 2318 5752 in
2349 5699 2498 5753 omni
2522 5715 2581 5754 re
2616 5707 2804 5753 creata
2836 5692 3130 5767 coniuncte
3154 5692 3565 5768 intelliguntur;

1981 5759 2254 5845 quassum
2284 5777 2500 5838 tempus
2525 5777 2581 5823 et
2631 5770 2825 5845 locus:
2865 5759 2987 5824 sine
3029 5777 3291 5845 tempore
3338 5759 3397 5817 Et
3440 5759 3565 5845 loco

1976 5835 2116 5893 nihil
2144 5856 2328 5963 ἴθι-ιω]
2349 5835 2660 5896 creatarum
2681 5840 2869 5896 dicere
2898 5845 2994 5896 aut
3027 5835 3338 5906 intelligere
3362 5844 3566 5905 possu-

1976 5925 2115 5963 mus.
2171 5927 2218 5963 Ι).
2283 5933 2288 5937 ’

1973 5925 2115 5963 mus.
2147 5925 2218 5964 ID.
2283 5933 2288 5937 '
