4120 6452
533 382 670 450 1283

1786 381 2097 442 LEONTII
2134 381 2551 446 BYZANTINI

3678 390 3819 459 1284

527 516 651 555 cum
673 496 1090 553 deﬁnitionibus
1119 510 1302 549 rerum
1331 509 1439 548 non
1465 504 2081 565 assumunturtempora

2211 497 2357 566 ὅρος,
2385 500 2443 550 οὐ
2468 497 2563 549 τοῦ
2590 496 2817 569 ὕστερον
2844 496 2903 564 ἐξ
2925 500 3091 554 αὐτοῦ
3115 502 3557 575 ἀποϐησομένου.
3580 506 3649 559 Ἦ
3671 506 3820 563 οὕτω

526 595 670 647 sicut
713 607 891 661 neque
942 591 1070 644 loci.
1114 589 1404 643 Rationem
1449 589 1597 643 enim
1651 604 1844 644 eorum
1897 598 2109 644 tantum

525 688 831 748 continent,
879 686 999 739 sine
1047 684 1250 753 quibus
1290 700 1398 737 non
1446 683 1778 738 consistunt.
1836 684 2108 739 Praeterea

522 781 704 834 omnis
733 779 985 832 deﬁnitio
1016 777 1095 831 rei
1129 787 1233 841 est,
1267 792 1389 845 qme
1419 792 1569 830 nunc
1600 785 1720 841 est;
1773 791 1884 829 non
1919 783 2103 829 autem

521 874 662 944 ejus,
694 888 816 941 qua:
849 887 912 924 ex
949 886 1012 924 ea
1049 878 1242 939 postea
1270 870 1513 923 eveniet.
1547 870 1768 939 Alioqui
1816 870 1955 923 nihil
2004 885 2106 924 eo-

521 981 642 1018 rum
685 980 805 1033 quzc
855 972 1037 1015 ortum
1089 963 1356 1031 capiunt,
1412 962 1795 1016 deﬁnitionem
1848 962 2105 1018 essentia

518 1072 681 1125 quam
706 1055 891 1117 habet,
915 1055 1163 1122 recipere
1186 1050 1414 1122 poterit,
1443 1051 1571 1120 quia
1593 1051 1728 1105 nihil
1752 1065 2097 1120 perseverat;

518 1147 612 1201 sed
643 1146 828 1200 omnia
862 1154 1149 1198 mutantur
1184 1144 1238 1197 in
1271 1144 1610 1213 omnia,qu:e
1628 1152 1811 1196 ortum
1844 1150 1900 1197 et
1928 1142 2104 1197 inter-

518 1238 656 1291 itum
703 1237 982 1300 subeunt;
1014 1236 1126 1289 imo
1152 1250 1346 1289 omnes
1368 1235 1692 1289 substantia:
1721 1234 1934 1289 ratione
1966 1251 2105 1304 prae-

516 1332 665 1393 ditze,
698 1346 824 1385 cum
854 1330 980 1398 plus
1006 1337 1057 1382 et
1089 1329 1276 1382 minus
1314 1327 1620 1381 secundum
1657 1326 1921 1382 virtutem
1959 1329 2102 1382 reci-

2216 588 2269 657 γ’
2299 589 2365 642 ἂν
2393 589 2547 643 οὐδὲν
2570 590 2681 644 τῶν
2706 592 2765 644 ὲν
2804 591 3020 659 γενέσει
3053 594 3255 661 δέξαιτ’
3285 595 3352 650 ἂν
3382 596 3509 668 ὅρον
3548 596 3645 653 τοῦ
3670 594 3816 653 εἶναι

2214 682 2354 753 ὅπερ
2382 682 2557 744 ἐστὶν,
2579 684 2702 737 ἐπεὶ
2736 685 2873 754 μηδὲ
2899 685 3083 753 μένεν
3106 686 3241 740 ἀλλά
3268 688 3600 759 μεταϐάλλει
3633 691 3818 747 πάντα

2211 776 2293 837 είς
2316 773 2497 829 πάντα
2528 775 2597 830 τά
2628 777 2686 829 ὲν
2709 776 2922 844 γενέσει
2953 779 3047 831 καὶ
3093 779 3301 851 φθορᾷ⁸
3342 780 3480 836 άλλὰ
3512 782 3609 836 καὶ
3635 783 3693 837 al
3720 784 3815 837 λο-

2209 869 2368 936 γικαὶ
2405 869 2581 921 πᾶσαι
2609 868 2813 934 οὐσίαι,
2852 870 2914 924 τὸ
2952 872 3157 941 μᾶλλον
3191 875 3289 928 καὶ
3332 868 3500 947 ἦττον
3538 876 3660 930 κατ’
3682 876 3815 946 ἀρε-

2208 959 2307 1030 τὴν
2361 961 2765 1033 ἐπιδεχόμεναι,
2820 964 2915 1017 καὶ
2961 964 3022 1018 τὸ
3080 966 3174 1020 νῦν
3228 967 3327 1038 μὲν
3360 967 3576 1034 οὕτως,
3628 967 3724 1022 νῦν
3751 969 3812 1022 δὲ

2211 1052 2438 1117 ἐκείνως
2489 1054 2655 1124 ἔχειν,
2697 1057 2756 1109 ὲν
2788 1058 3006 1128 κινήσει
3047 1058 3385 1130 θεωροῦνται
3409 1078 3425 1093 ο
3457 1062 3519 1115 τὸ
3564 1062 3676 1134 γὰρ
3713 1062 3811 1116 ἐπὶ

2210 1143 2320 1196 τῶν
2351 1145 2531 1199 αὐτῶν
2568 1147 2843 1213 ἵστασθαι,
2892 1150 2954 1202 οὐ
2983 1150 3084 1221 τῆς
3128 1153 3359 1223 κτιστῆς
3387 1153 3606 1223 φύσεως
3643 1155 3803 1207 ἴδιον·

2211 1236 2370 1308 εἴπερ
2412 1238 2506 1290 ἐπὶ
2541 1238 2677 1292 Θεοῦ
2739 1240 2834 1293 καὶ
2873 1240 3040 1309 μόνου
3092 1245 3174 1307 τὸ,
3213 1245 3297 1298 Σὺ
3342 1244 3412 1298 δὲ
3444 1248 3479 1300 ὁ
3512 1245 3697 1313 αὐτὸς
3727 1242 3807 1310 εἴ,

2211 1331 2667 1400 κυριολεκτεῖται.

516 1425 691 1496 piant,
728 1433 785 1479 et
833 1439 979 1477 nunc
1016 1422 1240 1492 quidem
1281 1422 1383 1486 sic,
1428 1438 1579 1476 nunc
1645 1438 1780 1477 vero
1822 1423 1917 1477 illo
1966 1424 2131 1479 modo
2170 1442 2228 1481 se
2273 1427 2550 1493 habeant,
2602 1428 2658 1483 in
2694 1438 2851 1484 motu
2924 1442 3261 1500 cernuntur;
3301 1434 3357 1488 in
3401 1434 3613 1489 eisdem
3654 1434 3805 1489 enim

516 1526 766 1585 perstare
802 1530 911 1569 non
950 1525 1035 1569 est
1077 1515 1365 1584 propriqu
1408 1522 1621 1568 natura:
1654 1526 1855 1569 creata:
1880 1555 1895 1579 ,
1935 1514 2207 1585 siquidem
2236 1517 2305 1572 de
2380 1518 2500 1573 solo
2566 1520 2682 1575 Deo
2711 1521 2937 1591 proprie
2992 1521 3199 1577 dicitur
3242 1541 3256 1577 :

515 1614 628 1684 ipse
662 1630 714 1666 es
746 1614 784 1667 ’.

586 1702 673 1766 At,
701 1701 962 1771 inquiunt
998 1700 1322 1756 defensores
1352 1700 1678 1756 divisionis:
1725 1717 1960 1772 corpore
1994 1700 2103 1757 cir-
2133 1710 2176 1766 Β

512 1794 905 1848 cumscribitur
938 1793 1143 1855 anima,
1179 1800 1236 1847 et
1266 1793 1557 1863 passiones
1592 1794 1814 1863 recipit,
1850 1802 1906 1847 et
1940 1794 2099 1848 dolo-

512 1901 603 1939 res
650 1884 924 1950 sustinet;
980 1900 1154 1953 quare
1207 1883 1253 1938 si
1308 1884 1390 1937 sic
1442 1883 1687 1938 Verbum
1744 1883 1960 1938 unitum
2014 1892 2100 1940 est

510 1978 727 2041 animre,
761 1977 893 2031 licet
923 1976 1023 2030 tibi
1053 1977 1233 2046 ipsum
1262 1977 1427 2029 etiam
1464 1975 1673 2030 eisdem
1713 1976 2011 2045 subjicere,
2043 1985 2099 2030 et

509 2068 693 2124 facere
723 2069 966 2124 Verbum
1002 2069 1231 2139 patibile
1292 2077 1348 2122 ct
1377 2067 1884 2137 circumscriptum.
1920 2067 2099 2133 Quid?

509 2175 696 2214 nonne
733 2174 834 2214 vos
860 2160 1048 2229 potius
1075 2160 1191 2213 hare
1218 2159 1437 2213 facitis?
1489 2159 1749 2231 objiciam
1784 2159 1932 2214 enim
1974 2175 2096 2228 qua:

507 2252 671 2305 nobis
720 2250 776 2305 in
835 2251 1070 2305 crimine
1127 2251 1354 2320 ponitis.
1414 2250 1699 2321 Siquidem
1756 2251 2095 2306 formidastis

507 2344 667 2398 unire
696 2343 939 2399 Verbum
972 2344 1147 2407 carni,
1174 2353 1231 2397 et
1273 2343 1369 2397 toti
1410 2342 1645 2409 homini,
1678 2343 1835 2412 quasi
1866 2358 2094 2398 necesse

510 2444 681 2501 esset,
717 2435 796 2490 sic
824 2436 1229 2501 circumscribi,
1262 2445 1319 2491 et
1364 2437 1499 2506 pati.
1537 2436 1595 2491 Si
1640 2436 1812 2506 igitur
1849 2435 2093 2491 Verbum

508 2539 706 2582 natura
741 2528 854 2598 pati
888 2536 1091 2598 potest,
1129 2538 1224 2582 aut
1247 2528 1828 2598 circumscriptionem
1860 2528 1967 2583 loci
2004 2544 2094 2583 re-

505 2621 662 2691 cipit,
700 2629 865 2675 erunt
919 2621 1036 2675 haec
1085 2621 1140 2674 in
1196 2622 1316 2691 ipso
1359 2631 1588 2692 propter
1627 2622 1828 2691 ipsum,
1875 2630 1932 2676 et
1981 2636 2094 2677 non

506 2720 732 2782 propter
767 2712 1028 2768 unionem
1068 2728 1194 2767 cum
1240 2729 1472 2783 corpore
1515 2712 1732 2783 patibili
1771 2722 1827 2767 et
1857 2712 2095 2768 cireum-

505 2803 749 2873 scripto;
783 2812 951 2874 atque
974 2806 1081 2859 erit
1110 2806 1184 2858 ita
1215 2805 1444 2875 patibile
1468 2814 1522 2860 et
1549 2806 2091 2877 circumscriptibile,

503 2897 756 2965 quamvis
788 2913 897 2951 non
927 2913 1147 2967 passum
1190 2898 1296 2963 sit,
1340 2914 1522 2968 neque
1566 2900 2087 2970 circumscriptum:

500 2987 646 3055 quod
669 2989 713 3042 si
735 2998 930 3042 natura
945 2998 1031 3043 est
1048 2989 1418 3057 immutabile,
1444 3002 1499 3046 et
1522 2992 2087 3064 incircumscriptum,

3308 1523 3382 1578 Tu
3450 1534 3627 1579 autem
3665 1526 3805 1580 idem

2288 1701 2495 1773 Ἀλλ’ή
2543 1702 2713 1774 ψυχὴ,
2753 1704 2923 1772 φασὶν
2974 1704 3024 1757 οἱ
3060 1705 3161 1775 τῆς
3205 1706 3530 1777 διαιρέσεως
3580 1712 3806 1785 πρόμα-

2200 1811 2307 1865 χοι,
2336 1794 2786 1866 περιγέγραπται
2812 1798 2871 1848 ὲν
2894 1796 2972 1866 τῷ
3004 1797 3244 1868 σώματι,
3273 1800 3366 1853 καὶ
3389 1802 3536 1874 πάθη
3559 1804 3802 1874 δέχεται,

2199 1887 2295 1940 καὶ
2342 1886 2644 1956 ἀλγηδόνας
2681 1888 2983 1958 ῦπομένει’
3036 1891 3132 1943 καὶ
3186 1893 3235 1943 εί
3287 1891 3462 1956 οὕτως
3518 1896 3732 1966 ἥνωται
3772 1901 3804 1952 ὁ

2200 1979 2396 2048 Λόγος,
2430 1978 2549 2049 ὥρα
2573 1996 2656 2033 σοι
2680 1980 2775 2034 καὶ
2807 1980 2971 2034 αὐτὸν
2999 1985 3114 2046 τοῖς
3144 1985 3285 2047 ἴσοις
3314 1984 3668 2055 ὑποόάλλειν,
3706 1991 3801 2044 καὶ

2198 2074 2375 2125 ποιεῖν
2405 2071 2567 2125 αὑτὸν
2594 2072 2840 2142 παθητὸν
2868 2074 2964 2128 καὶ
2997 2077 3404 2147 περιγραπτόν.
3456 2080 3523 2133 Τί
3551 2080 3646 2148 δὲ;
3677 2083 3803 2153 οὐχὶ

2200 2164 2404 2237 μᾶλλον
2454 2165 2615 2235 ὑμεῖς
2673 2166 2856 2221 ταῦτα
2926 2169 3419 2241 κατασκευάζετε;
3474 2173 3686 2246 εἴποιμ’
3705 2175 3796 2242 ἂν,

2197 2260 2341 2330 ἅπερ
2367 2262 2501 2331 ἡμῖν
2542 2261 2851 2328 ἐγκαλεῖτε.
2899 2261 3191 2316 Δεδοίκατε
3268 2264 3378 2335 γάρ
3408 2265 3574 2322 αὑτὸν
3628 2268 3799 2340 σαρκὶ

2200 2350 2496 2404 συνάπτειν
2530 2352 2629 2406 καὶ
2675 2352 2783 2424 ὅλῳ
2818 2353 3119 2425 ἀνθρώπῳ,
3150 2354 3227 2418 ὡς
3260 2355 3321 2422 ἐξ
3352 2358 3600 2432 ἀνάγκης
3638 2377 3798 2432 περι-

2197 2444 2621 2515 γραφησόμενον
2679 2446 2777 2500 καὶ
2826 2447 3175 2519 πεισόμενον.
3230 2452 3294 2504 Et
3345 2452 3447 2523 μὲν
3484 2449 3581 2509 οῦν
3629 2454 3793 2525 φύσει

2197 2534 2441 2607 παθητὸς
2470 2538 2499 2590 ὁ
2533 2536 2728 2606 Λόγος,
2774 2538 2806 2611 ἢ
2853 2540 2956 2611 τὴν
2996 2542 3058 2595 ὲν
3088 2542 3240 2613 τόπῳ
3268 2543 3489 2615 δέχεται
3520 2564 3796 2621 περιγρα-

2196 2626 2325 2697 φὴν,
2362 2627 2516 2681 ἔσται
2546 2628 2724 2683 ταῦτα
2754 2630 2812 2683 ὲν
2840 2632 2991 2704 αὐτῷ
3019 2634 3087 2687 δι’
3108 2636 3294 2702 αὐτὸν,
3325 2637 3443 2692 ἀλλ’
3466 2638 3528 2693 οὐ
3566 2638 3658 2693 διὰ
3688 2640 3793 2713 τὴν

2195 2719 2334 2790 πρὸς
2366 2720 2429 2775 τὸ
2453 2724 2838 2794 περιγραπτδν
2889 2726 2987 2779 καὶ
3030 2728 3280 2801 παθητὸν
3333 2732 3493 2803 σῶμα
3546 2732 3745 2789 ἕνωσιν
3770 2749 3788 2767 '

2195 2812 2292 2866 καὶ
2321 2812 2475 2867 ἔσται
2516 2814 2694 2879 οὕτως
2729 2817 2975 2889 παθητὸς
3003 2822 3413 2893 περιγραπτδς,
3437 2824 3543 2879 κᾶν
3570 2825 3647 2898 μὴ
3686 2827 3792 2881 πέ-

2194 2905 2362 2960 πονθε
2399 2907 2538 2978 μηδὲ
2590 2910 3061 2983 περιγέγραπται’
3103 2917 3153 2969 εἰ
3204 2916 3263 2970 δὲ
3310 2917 3474 2987 φύσει
3515 2919 3793 2991 ἄτρεπτός

2196 3001 2313 3053 ἐστι
2338 3001 2433 3053 καὶ
2458 3001 2878 3073 άπερίγραπτος
2915 3008 3011 3061 καὶ
3046 3008 3289 3079 ἀπαθὴς,
3328 3012 3431 3066 κᾶν
3472 3013 3532 3065 ὲν
3568 3013 3793 3083 σώματι

499 3088 557 3133 οι
583 3079 912 3149 impatibile,
940 3082 1070 3137 licet
1093 3087 1165 3137 sit
1188 3083 1241 3137 in
1270 3099 1523 3155 corpore,
1556 3087 1802 3141 servabit
1830 3060 2087 3158 proprie-

2192 3088 2451 3159 γένηται,ι
2480 3060 2731 3155 adit-orbi
2759 3060 3015 3151 τδνὶδέρν

501 3177 671 3225 tatem
700 3172 1180 3241 impassibilitatis,
1214 3184 1270 3230 et
1292 3176 1562 3232 rationem
1592 3176 2097 3234 immulabilitatis.‘

501 3258 784 3331 Siquidem
822 3279 1001 3334 neque
1033 3280 1160 3320 cum
1197 3267 1467 3321 mundum
1497 3276 1733 3331 crearet,
1769 3277 1826 3324 et
1859 3270 1911 3324 in
1944 3273 2088 3326 hanc

500 3352 733 3409 formam
767 3370 895 3410 eum
932 3357 1255 3423 adduceret,
1288 3375 1414 3415 cum
1454 3361 1613 3430 prius
1660 3377 1772 3415 non
1817 3372 1987 3429 esset,
2019 3380 2087 3419 ex

504 3460 673 3514 supra
710 3447 1017 3511 mundano,
1055 3456 1112 3503 et
1142 3466 1209 3503 ex
1250 3466 1417 3521 supra
1455 3466 1621 3521 quam
1677 3451 1988 3508 substantia
2030 3455 2084 3509 in

501 3535 620 3591 haec
650 3554 771 3607 quae
798 3540 852 3593 in
879 3540 1087 3595 mundo
1120 3550 1217 3596 aut
1241 3544 1391 3597 circa
1422 3543 1698 3598 mundum
1753 3552 1903 3611 sunt,
1936 3546 2089 3601 dela-

498 3646 658 3699 psum
696 3634 1091 3702 cernitur;ch
1125 3650 1190 3689 ex
1226 3635 1707 3708 incircumscriplo
1731 3654 1798 3694 eo
1832 3640 2005 3703 venit,
2028 3649 2086 3695 ut

497 3720 981 3792 circumscriptum
1032 3732 1228 3779 esset:
1292 3741 1464 3795 quare
1514 3742 1695 3796 neque
1754 3728 1910 3796 prius
1957 3744 2082 3782 cum

497 3812 796 3879 mundum,
835 3824 891 3869 et
934 3830 997 3869 ea
1030 3830 1153 3884 qua:
1185 3816 1239 3869 in
1291 3831 1358 3869 eo
1406 3826 1556 3880 sunt,
1608 3818 1851 3883 creavit;
1903 3834 2085 3888 neque

496 3912 687 3971 postea
722 3905 944 3973 quando
980 3922 1238 3975 magnum
1271 3906 1564 3971 mundum,
1601 3908 1653 3960 in
1686 3923 1878 3977 parvo,
1906 3907 2086 3962 homi-

495 4010 623 4048 nem
661 3996 717 4049 in
748 4012 806 4050 se
855 3997 973 4066 ipso
1009 3998 1184 4052 Filius
1222 3998 1318 4051 Dci
1351 3999 1671 4068 complexus
1703 4008 1807 4063 est,
1844 4000 2085 4055 circuat—

493 4087 736 4156 scriptus
769 4098 872 4142 est.
906 4090 973 4143 Et
1006 4089 1139 4159 quid
1189 4090 1437 4144 mirum?
1484 4090 1760 4161 siquidem
1789 4100 1845 4147 et
1900 4093 2082 4148 anima

492 4176 735 4234 hominis
771 4197 879 4234 non
929 4181 1256 4252 simpliciter
1288 4183 1415 4252 quia
1448 4183 1564 4252 ipsa
1612 4193 1699 4239 cst
1728 4184 1781 4238 in
1822 4200 2079 4255 corpore,

491 4270 607 4324 lure
640 4272 884 4341 patitur;
920 4274 1017 4328 sed
1060 4274 1191 4344 quia
1225 4284 1421 4328 natura
1454 4276 1504 4329 ei
1534 4276 1701 4341 inest,
1736 4285 1799 4331 ut
1831 4276 1950 4332 haec
1979 4294 2080 4348 pa-

2190 3181 2321 3251 ψίας
2368 3182 2551 3251 λόγον.
2586 3186 2698 3239 Καὶ
2731 3186 2842 3257 γὰρ
2874 3188 2997 3241 οὐδὲ
3030 3190 3238 3261 κόσμον
3293 3192 3516 3259 κτίζων,
3567 3196 3661 3249 καὶ
3706 3198 3794 3260 είς

2189 3274 2309 3329 τόδε
2360 3276 2420 3329 τὸ
2466 3278 2657 3348 σχῆμα
2698 3278 2847 3350 ἄγων
2884 3280 3047 3336 αὑτὸν
3088 3284 3190 3337 οὐκ
3218 3284 3350 3340 ὄντα
3396 3286 3689 3360 πρότερον,
3722 3288 3792 3343 ὲκ

2186 3365 2284 3419 τοῦ
2313 3367 2712 3441 ὑπερκοσιμίου,
2750 3372 2831 3435 είς
2862 3372 2922 3426 τὸ
2959 3375 3328 3445 περικόσμιον
3364 3377 3526 3432 τοῦτο
3556 3378 3590 3451 ἢ
3623 3380 3789 3449 ἐγκόο

2191 3477 2355 3529 σμιον
2381 3461 2757 3528 ὲκπεπτωκὼς
2779 3465 3055 3544 φαίνεται,
3083 3468 3116 3540 ἢ
3140 3470 3204 3522 ἐκ
3230 3470 3325 3525 τοῦ
3351 3471 3555 3525 οἰκείου
3589 3473 3791 3545 ἀπερι-

2188 3552 2404 3623 γράφου
2438 3556 2519 3617 είς
2560 3556 2622 3609 τὸ
2658 3560 3106 3630 περιγεγράφθω
3150 3564 3243 3615 ὑπ’
3274 3564 3439 3618 αὑτοῦ
3483 3565 3785 3636 ὲληλυθὼςο

2187 3645 2250 3697 οὐ
2290 3646 2475 3700 τοίνυν
2515 3647 2642 3703 οὔτε
2699 3652 2970 3723 πρότερον
3002 3654 3165 3725 ἡνίκα
3217 3656 3307 3711 τὸν
3343 3658 3552 3728 κόσμον
3594 3661 3691 3715 καὶ
3718 3660 3789 3716 τὰ

2186 3734 2245 3787 ὲν
2276 3735 2428 3806 αὐτῷ
2477 3738 2660 3791 πάντα
2710 3744 3071 3812 παρήγαγεν,
3108 3745 3235 3799 οὗτε
3291 3747 3520 3820 ὕστερον
3555 3749 3646 3804 ὅτε
3691 3750 3787 3805 τὸν

2189 3826 2367 3898 μέγαν
2400 3829 2458 3882 ἐν
2495 3831 2679 3903 μικρῷ
2717 3834 2928 3903 κόσμον
2968 3837 3061 3890 τὸν
3092 3838 3384 3911 ἄνθρωπον
3417 3843 3603 3915 ἐαυτῷ
3627 3861 3787 3917 περι-

2185 3920 2388 3991 έπηξεν
2419 3926 2794 3998 περιεγράφη.
2836 3929 2948 3981 Καὶ
2980 3930 3034 3983 τί
3066 3930 3289 4002 θαῦμα;
3330 3934 3465 3988 ὅπου
3514 3953 3579 4005 γε
3622 3938 3718 3992 καὶ
3749 3940 3784 4010 ὴ

2185 4010 2281 4064 τοῦ
2318 4014 2610 4086 ἀνθρώπου
2643 4017 2813 4089 ψυχὴ,
2850 4022 2946 4090 οῦγ
2990 4023 3182 4088 ἁπλῶς
3215 4025 3304 4079 διὰ
3342 4026 3403 4080 τὸ
3451 4030 3510 4082 ὲν
3564 4028 3786 4101 σώματι

2184 4106 2359 4176 αὐτὴν
2410 4105 2553 4162 εἶναι
2606 4113 2810 4187 πάσχει
2841 4115 3036 4178 ταῦτα,
3071 4119 3210 4173 ἀλλὰ
3254 4122 3343 4177 διά
3378 4122 3438 4176 τὸ
3467 4126 3784 4194 πεφυκέναι

2183 4197 2415 4269 πάσχειν
2445 4201 2541 4254 καὶ
2576 4204 2752 4273 χωρὶς
2797 4206 3070 4277 σώματος·
3100 4211 3130 4281 ἢ
3161 4211 3305 4265 οὕτω
3336 4231 3397 4281 γε
3438 4216 3536 4269 καὶ
3573 4218 3783 4291 ὀραθή-

2185 4305 2358 4355 σεται,
2380 4292 2476 4345 καὶ
2497 4293 2564 4347 τά
2590 4293 2719 4364 ἑξῆς
2749 4298 2911 4351 πάθοι
2936 4300 3024 4362 ἂν,
3052 4303 3153 4357 ὅσα
3176 4303 3270 4357 τοῦ
3299 4308 3578 4377 σώματος.
3612 4309 3783 4366 Ἀλλά

493 4362 679 4428 tiatur,
709 4364 876 4419 etiam
909 4374 967 4420 ut
991 4383 1022 4421 a
1051 4382 1282 4437 corpore
1314 4375 1565 4438 separata
1590 4378 1674 4423 est
1698 4385 1710 4423 :
1739 4369 1949 4439 alioqui
1973 4370 2078 4425 sub

2192 4381 2357 4434 ταῦτα
2400 4384 2498 4453 μὲν
2531 4387 2591 4438 οὐ
2626 4387 2919 4457 πέπονθεν,
2951 4395 3140 4466 ἐπειδὴ
3172 4398 3449 4463 οὐσιωδὼς
3489 4402 3631 4456 αὺτά
3662 4402 3781 4474 ἔχει

490 4464 775 4524 aspectum
805 4457 987 4521 cadet,
1019 4467 1075 4513 et
1104 4459 1393 4524 morietur,
1427 4468 1483 4514 ct
1512 4460 1619 4515 alia
1647 4461 1921 4531 ejusmodi
1949 4478 2073 4532 qua:

490 4547 738 4615 corporis
766 4557 915 4614 sunt,
949 4550 1212 4619 patietur.
1242 4552 1410 4622 Atqui
1444 4552 1564 4607 haec
1608 4568 1718 4607 non
1757 4562 1843 4610 est
1889 4570 2071 4625 passa,

487 4635 619 4703 quia
647 4637 762 4692 haec
792 4639 961 4694 habet
984 4643 1292 4697 secundum
1324 4644 1715 4709 substantiam,
1742 4646 2074 4702 naturaliter

487 4742 518 4780 a
568 4728 679 4781 Deo
714 4740 937 4800 accepta
980 4732 1116 4802 (14).
1168 4735 1381 4789 Patitur
1433 4746 1641 4801 autem,
1693 4739 1900 4808 quippe
1951 4756 2073 4810 quae.

487 4817 651 4871 habet
706 4822 987 4888 potentias
1046 4824 1294 4893 passivas
1359 4842 1484 4880 cum
1533 4828 1737 4899 quibus
1789 4831 1989 4903 migrat
2039 4848 2070 4887 a

484 4924 739 4979 corpore,
776 4911 830 4965 id
857 4913 1005 4982 quod
1035 4916 1234 4971 animae
1263 4933 1385 4988 qua:
1416 4920 1560 4989 apud
1597 4920 1805 4978 inferos
1834 4932 1984 4991 sunt,
2014 4934 2072 4981 et

483 5018 674 5056 earum
701 5002 921 5058 vincula
951 5005 1255 5073 declarant,
1286 5021 1510 5081 propter
1535 5029 1656 5083 quae
1681 5014 1793 5070 illic
1815 5017 2071 5073 Christus

483 5094 693 5151 adfuit:
730 5095 853 5163 Qui,
890 5099 1033 5155 sicut
1067 5101 1262 5157 Petrus
1299 5104 1397 5170 ait,
1428 5107 1701 5175 spiritibus
1731 5112 1821 5180 qui
1858 5112 1914 5166 in
1943 5129 2068 5168 car-

2182 4473 2245 4525 ὲκ
2280 4474 2418 4527 Θεοῦ
2470 4476 2735 4567 λαϐοῦσα.
2786 4484 2995 4555 Πάσχει
3049 4487 3107 4540 δὲ
3160 4490 3474 4562 παθητικὰς
3510 4473 3779 4567 δυνάμεις

2181 4563 2402 4635 ἔχουσα,
2435 4564 2523 4633 αἷς
2548 4571 2642 4623 καὶ
2667 4575 3074 4648 συναπέρχεται
3110 4580 3431 4653 ὲκδημοῦσα
3462 4585 3557 4639 τοῦ
3585 4563 3777 4658 adipa-

2179 4674 2272 4720 τος
2293 4674 2306 4689 ο
2333 4660 2428 4713 καὶ
2457 4661 2713 4733 δηλοῦσιν
2745 4668 2799 4719 αἱ
2842 4670 2900 4723 ὲν
2948 4670 3076 4742 ᾅδου
3117 4672 3308 4745 ψυχαὶ,
3340 4678 3435 4731 καὶ
3464 4679 3533 4733 τά
3566 4681 3774 4736 τούτων

2179 4747 2379 4819 δεσμὰ,
2396 4752 2464 4805 δι’
2479 4752 2514 4807 δι
2531 4755 2626 4808 καὶ
2647 4758 2680 4828 ἡ
2701 4758 2886 4812 ἐκεῖσε
2902 4762 3095 4830 γέγονε
3112 4764 3206 4819 τοῦ
3229 4768 3469 4840 Χριστοῦ
3498 4774 3773 4844 παρουσία

2173 4843 2576 4912 κηρύξαντος,
2611 4850 2755 4904 κατά
2794 4851 2887 4905 τὸν
2920 4855 3153 4927 Πέτρον,
3201 4859 3274 4914 ἐν
3310 4863 3560 4933 φυλακῇ
3583 4843 3773 4922 ἀπνεύ-

2172 4948 2371 5028 μασικ
2400 4935 2628 5003 ἄφεσιν’
2660 4940 2797 5011 πρὸς
2826 4941 2883 4995 δὲ
2915 4947 3011 5001 καὶ
3061 4948 3111 5000 oi
3160 4950 3465 5024 ἀκάθαρτοι
3512 4954 3772 5028 δαίμονες

2179 5024 2536 5097 κολαζόμενοί
2572 5048 2633 5085 τε
2665 5035 2761 5087 καὶ
2796 5036 3283 5111 κολασθησόμενοι,
3321 5045 3528 5120 καίπερ
3576 5024 3770 5121 σωμά-

2175 5136 2287 5172 των
2316 5122 2681 5193 ἀνθρωπίνων
2717 5128 3158 5202 ἀπηλλαγμένοι.

481 5206 598 5307 cere
648 5200 845 5259 erant,
900 5198 1209 5265 praedicavit
1257 5200 1643 5257 remissionem
1672 5206 1712 5259 ’.
1775 5206 2070 5265 Declarant
2144 5218 2410 5284 praeterea
2451 5220 2720 5279 immundi
2766 5198 3066 5295 daemones,
3118 5233 3213 5304 qui
3282 5251 3476 5307 pmnas
3525 5238 3659 5296 dam
3711 5250 3769 5297 ει

481 5286 714 5349 dabunt,
756 5291 1008 5359 quamvis
1052 5309 1081 5347 a
1134 5297 1468 5364 corporibus
1511 5299 1771 5357 humanis
1814 5302 1975 5359 liberi
2019 5318 2077 5363 et
2111 5312 2300 5367 soluti.

551 5380 657 5432 Sed
689 5383 895 5450 patitur
921 5385 1146 5455 quidem
1178 5388 1506 5459 simpliciter
1541 5392 1746 5460 anima,
1781 5397 1912 5466 quia
1945 5413 2071 5469 pas-

479 5470 626 5525 sivas
660 5476 934 5542 potentias
956 5478 1023 5532 ad
1054 5480 1347 5537 utilitatem
1389 5498 1548 5539 suam
1576 5496 1787 5556 aptatas
1815 5493 2062 5562 accepit;

479 5562 684 5629 patitur
706 5573 889 5621 autem
916 5569 1205 5638 passiones
1228 5587 1522 5643 corporeas
1549 5587 1777 5649 propter
1799 5581 2060 5637 unionem

557 5715 570 5738 ‘
615 5716 758 5772 Psal.
787 5736 858 5785 (ιι,
888 5720 979 5775 28.
1054 5725 1118 5779 ’l
1150 5726 1297 5780 Petr.
1329 5744 1405 5792 ιιι,
1438 5731 1516 5784 Ιί).

2260 5405 2425 5503 Ἀλλά
2458 5411 2659 5482 πάσχει
2691 5414 2790 5486 μὲν
2817 5415 3007 5482 ἁπλῶς
3030 5419 3062 5491 ἡ
3090 5419 3258 5494 ψυχὴ,
3293 5425 3607 5498 παθητικὰς
3627 5430 3766 5503 πρὸς

2173 5493 2424 5591 τὸῌαύτῇ
2491 5503 2771 5576 συμφέρον
2820 5493 3294 5581 συναρμοσθεὶσας
3348 5493 3608 5591 δυνάμεις
3668 5493 3764 5575 λαζ

2172 5585 2364 5642 ϐοῦσαο
2402 5593 2601 5665 πάσχει
2631 5597 2688 5651 δὲ
2717 5601 2809 5654 καὶ
2837 5606 3130 5675 σωματικά
3152 5608 3325 5683 πάθη,
3358 5613 3509 5685 παρά
3534 5613 3635 5686 τὴν
3665 5615 3760 5671 τοῦ

550 5828 663 5902 (14)
690 5833 1042 5895 Νιειμνηίὶωεκ
1092 5844 1478 5917 Οὖσεωδῶςμι.
1524 5851 1579 5906 d.
1640 5854 2033 5911 essentialiter.
2078 5856 2215 5913 Tun.
