4120 6442
327 391 468 458 1235

1396 386 1693 449 CONTRA
1732 385 2051 448 NESTOR.
2093 386 2187 447 ET
2227 387 2547 448 EUTYCII.

3454 399 3593 467 1286

323 510 579 583 σώματος
628 505 829 577 κρᾶσιν
879 494 925 569 ᾧ
965 500 1295 565 συνδέδεται,
1339 500 1437 553 καὶ
1474 499 1585 554 τῶν
1618 499 1800 553 τόπων
1830 494 1899 561 οἷς

2015 512 2138 553 cum
2163 515 2394 570 corpore
2428 500 2540 571 (15)
2574 512 2698 556 cum
2723 516 2833 573 quo
2866 504 3122 577 colligata
3148 518 3256 577 est,
3284 521 3342 568 et
3364 522 3593 588 propter

320 604 387 659 ἂν
446 598 764 670 ἐνδιαιτῷτο
810 596 909 666 τὴν
974 595 1245 667 ίδιότητα’
1296 593 1528 665 πάσχειν
1578 592 1689 664 γὰρ
1722 592 1910 657 ἁπλῶς

320 695 625 764 πεφυκυῖα,
658 691 753 745 καὶ
786 692 879 743 τοῦ
905 688 1112 741 τοιοῦδε
1136 686 1345 750 πάθους
1376 686 1494 739 ἐστί
1518 685 1764 755 δεκτική.
1799 686 1910 739 Καὶ

320 784 776 856 περιγέγραπται
836 780 935 850 μὲν
975 778 1054 850 τῷ
1083 777 1229 848 λόγῳ
1271 778 1374 847 τῆς
1400 775 1713 849 ὑπάρξεως.
1746 778 1906 847 Περι⁹

318 875 632 949 γράφεσθαι
663 874 722 926 δὲ
752 873 977 940 λέγεται
1005 871 1299 940 δευτέρως,
1323 870 1426 940 τὴν
1453 869 1512 921 έν
1544 867 1909 939 περιγραπτῷ

330 967 547 1043 σώματι
596 964 796 1036 ἔχουσα
837 964 1138 1033 διαγωγήν.
1178 962 1389 1031 Πάσχει
1431 961 1477 1014 δ’
1519 960 1587 1014 ἂν
1632 962 1728 1013 καὶ
1767 958 1909 1019 κατά

318 1059 453 1113 Θεδν
492 1057 564 1129 τά
598 1057 743 1122 θεῖα,
790 1055 992 1126 ἥκιστα
1039 1054 1138 1124 μὲν
1168 1053 1256 1107 διά
1288 1052 1349 1106 τὸ
1383 1052 1563 1123 σῶμα.
1597 1051 1725 1115 Πῶς
1762 1051 1907 1122 γάρ;

318 1152 347 1205 δ
377 1167 441 1220 γε
488 1150 583 1203 καὶ
633 1145 932 1202 ἀντιτείνει
991 1144 1276 1207 πολλάκις
1314 1142 1455 1197 ἀλλά
1508 1143 1575 1196 δι’
1606 1142 1776 1212 αὑτὴν
1812 1141 1909 1194 καὶ

314 1243 416 1314 τὴν
448 1241 623 1311 αὐτῆς
670 1238 856 1309 φύσιν,
888 1236 985 1290 τοῦ
1036 1236 1137 1307 μὲν
1178 1234 1578 1306 ἐπιθυμητικοῦ
1627 1236 1908 1306 ἐρωτικῶς

317 1335 456 1406 πρὸς
507 1333 601 1385 τὸν
641 1331 775 1384 Θεὸν
822 1329 1267 1399 ἀνατεταμένου·
1326 1326 1422 1380 τοῦ
1473 1328 1529 1380 δὲ
1586 1327 1907 1397 θυμοειδοῦς

314 1425 657 1500 ἁῤῥενωπῶς
697 1421 1097 1492 τετονωμένου,
1126 1423 1224 1473 καὶ
1260 1417 1501 1482 ἀκλινῶς
1528 1418 1603 1489 τῷ
1634 1420 1908 1491 ἐπιθυμη-

312 1518 454 1589 τικῷ
490 1516 919 1586 συντεταμένου·
954 1515 1047 1567 τοῦ
1106 1513 1164 1566 δὲ
1207 1508 1521 1579 λογιστικοῦ
1558 1510 1655 1573 τὰς
1706 1509 1905 1575 άΰλους

314 1612 586 1683 ἐμφάσεις
619 1608 831 1671 ἀσκίως
871 1604 1193 1677 δεχομένου,
1230 1604 1325 1655 καὶ
1355 1601 1601 1664 ένοειδῶς
1630 1601 1904 1672 ὲλλαμπο-

317 1706 507 1775 μένου.
540 1702 652 1757 Καὶ
686 1702 870 1765 καλῶς
907 1697 1128 1771 εἴρηταί
1154 1714 1263 1750 τινι
1289 1694 1400 1749 τῶν
1428 1694 1536 1768 πρὸ
1562 1696 1721 1766 ἡμῶν
1748 1695 1906 1768 ἀνδρὶ

312 1796 562 1867 θεοσόφῳ
596 1795 696 1865 (c)'
740 1788 835 1856 Εἷς
888 1790 1054 1853 πόθος
1091 1788 1299 1855 ἀγαθὸς
1352 1788 1448 1842 καὶ
1480 1786 1699 1852 αἰώνιος
1738 1790 1766 1842 ό
1803 1789 1906 1859 τῆς

311 1888 549 1960 ἀληθοῦς
578 1886 837 1957 γνώσεως
875 1885 1185 1954 ἐφιέμενος.
1232 1881 1459 1945 Ταύτας
1508 1881 1619 1952 γὰρ
1661 1881 1757 1935 καὶ
1804 1883 1900 1952 ῥυ-

310 1981 475 2034 πῶσα
498 1978 597 2041 τὰς
626 1976 910 2047 δυνάμεις,
940 1975 999 2026 έν
1025 1972 1196 2044 κακίᾳ
1239 1973 1335 2025 καὶ
1374 1972 1431 2023 ὲν
1467 1970 1719 2041 ἀγνωσία
1756 1971 1905 2039 γίνε-

307 2092 422 2136 ται,
452 2074 547 2127 καὶ
569 2071 671 2126 οὑκ
713 2073 777 2125 ὲκ
804 2068 903 2121 τοῦ
956 2066 1210 2137 σώματος
1249 2063 1349 2129 τὰς
1401 2064 1601 2128 κακίας
1634 2062 1765 2134 ἔχει,
1799 2065 1902 2119 κᾶν

309 2183 456 2227 τινες
494 2163 677 2218 αὑτῶν
715 2161 805 2215 διὰ
831 2159 927 2213 τοῦ
962 2157 1218 2229 σώματος
1246 2156 1614 2210 ἐκτελοῦνται·
1645 2151 1717 2211 ὧν
1749 2156 1902 2211 οὐδὲν

306 2260 336 2312 ὁ
366 2256 460 2310 τοῦ
493 2254 631 2308 Θεοῦ
686 2253 860 2321 Λόγος
902 2250 1107 2317 δέξαιτ’
1135 2249 1201 2303 ἄν
1236 2266 1391 2310 ποτε,
1432 2248 1703 2320 ἄτρεπτος
1731 2247 1807 2301 ὢν
1833 2252 1900 2321 τῇ

309 2348 472 2419 φύσει
507 2348 603 2401 καὶ
633 2344 1016 2406 ἀναλλοίωτος.
1056 2343 1129 2395 υὺ
1166 2342 1267 2412 μὲν
1311 2340 1399 2394 διά
1441 2340 1503 2393 τὸ
1550 2339 1761 2404 ἀπαθὲς
1801 2341 1901 2412 τῆς

309 2438 565 2509 φύσεως,
623 2435 918 2505 ἀνθρώπου
975 2432 1135 2503 φύσει
1197 2430 1569 2485 συνάπτεσθαι
1623 2430 1901 2494 οὑσιωδῶς

308 2531 738 2602 παραιτήσεται*
782 2528 870 2579 ἴνα
910 2526 987 2597 μὴ
1026 2524 1212 2595 μέλλοι
1246 2521 1419 2586 πάθος
1463 2522 1663 2593 ἀληθὲς
1703 2518 1899 2594 εἶναιῆ

305 2623 684 2695 παραίτησις,
727 2619 822 2674 καὶ
870 2616 950 2689 τῷ
1006 2615 1308 2669 δεδοικέναι
1349 2616 1407 2668 ὲν
1454 2615 1692 2678 ἐκείνοις
1742 2615 1899 2683 γενέ-

309 2716 459 2782 σθαι,
494 2718 553 2769 έν
584 2708 665 2777 οἷς
695 2713 753 2766 αἱ
786 2710 896 2764 τῶν
925 2708 1234 2762 σπουδαίων
1265 2706 1438 2778 ψυχαὶ
1483 2708 1650 2762 αὑτὸν
1679 2707 1901 2779 ἔχουσαι

308 2807 506 2881 βοηθὸν
534 2807 630 2860 καὶ
665 2802 1037 2873 συλλήπτορα,
1061 2800 1214 2853 οὐδὲν
1246 2799 1313 2851 ὲκ
1341 2798 1436 2852 τοῦ
1459 2797 1713 2869 σώματος
1749 2798 1901 2871 εἰλή-

306 2918 441 2969 φασι
468 2897 693 2970 βλάϐος,
736 2894 878 2950 ἀλλά
916 2892 1012 2946 καὶ
1050 2891 1253 2963 μᾶλλον
1295 2890 1417 2961 Θεῷ
1461 2890 1899 2963 πεπλουτήκασι,

303 2989 386 3060 τῷ
413 2988 629 3059 σώματι
660 2988 910 3056 συνεργῷ
936 2982 1075 3054 πρὸς
1107 2979 1307 3052 ἀρετὴν
1334 2980 1435 3033 οὐκ
1464 2980 1746 3048 ἀντιπάλῳ
1767 2998 1903 3052 χρη-

308 3098 567 3154 σαμεναι.

384 3277 404 3313 ι
439 3258 501 3311 ΕΞ
534 3255 740 3322 τελεία,
772 3252 1007 3325 φασὶν,ἡ
1030 3249 1124 3305 τοῦ
1156 3249 1333 3319 Λόγου
1366 3249 1691 3315 ὑπόστασις,
1714 3249 1897 3303 τελεία

306 3352 363 3405 δὲ
394 3352 555 3422 καὶὴ
601 3348 697 3403 τοῦ
754 3343 1049 3419 ἀνθρώπου
1099 3345 1159 3399 ὃν
1204 3344 1487 3408 ἀνέλαϐεν,
1520 3342 1791 3414 ἄτρεπτος
1841 3342 1898 3395 δὲ

305 3455 403 3502 καὶ
431 3449 458 3501 ό
484 3446 655 3516 Λόγος
691 3444 1006 3516 μεμένηκεν
1032 3480 1047 3504 ,
1073 3438 1451 3502 ἀναλλοιώτως
1482 3437 1539 3491 δὲ
1574 3438 1670 3491 καὶ
1698 3439 1729 3506 ἡ
1762 3436 1901 3508 σὰρξ

305 3536 691 3601 διασέσωσται,
719 3534 835 3596 πῶς
870 3533 930 3585 οὑ
959 3532 1052 3585 δύο
1075 3530 1255 3599 λέγειν
1289 3529 1622 3590 ὑποστάσεις
1651 3527 1897 3594 εὐσεϐὲς,

311 3628 437 3699 μηδ’
505 3626 774 3696 ὁποτέρας
806 3622 1228 3694 συγκεχυμένης
1259 3638 1275 3688 ;
1311 3641 1328 3673 ι
1378 3621 1621 3674 Ἐοίκασι
1675 3620 1735 3673 δέ
1806 3637 1899 3689 μοι

310 3719 729 3787 κακουργότατα
754 3714 811 3786 ἢ
840 3713 1199 3784 ἀμαθέστατα
1234 3711 1569 3783 προσφέρειν
1624 3711 1722 3773 τάς
1762 3710 1899 3763 πεύ-

312 3830 446 3872 σεις.
477 3813 584 3862 Καὶ
607 3810 716 3880 γὰρ
741 3808 816 3869 ὼς
846 3807 913 3860 ἂν
948 3808 996 3859 εί
1030 3805 1106 3876 μὴ
1135 3804 1710 3876 προδιαστειλαμένων
1740 3803 1898 3873 ἡμῶν

307 3905 378 3957 τὰ
410 3905 542 3973 περὶ
571 3902 664 3955 τοῦ
688 3898 923 3962 τελείου,
949 3898 1067 3962 πῶς
1089 3899 1155 3951 ἂν
1177 3897 1391 3966 λέγοιτο
1420 3896 1513 3950 καὶ
1538 3895 1565 3949 ὃ
1588 3912 1640 3948 τι
1669 3894 1861 3958 διττῶς
1878 3910 1895 3927 ο

308 3997 537 4070 προσέτι
569 3997 624 4050 δὲ
660 3995 751 4048 καὶ
784 3992 916 4065 περὶ
946 3991 1040 4044 τοῦ
1086 3990 1297 4062 κυρίως
1350 3988 1758 4059 σημαινομένου
1799 3988 1899 4060 τῆς

306 4090 702 4152 ὑποστάσεως,
777 4084 1203 4157 μεταϐαίνουσιν
1254 4082 1363 4137 ἀπὸ
1417 4080 1520 4152 τῆς
1578 4080 1669 4134 τοῦ
1719 4082 1895 4149 Λόγου

309 4184 549 4253 φύσεως,
581 4181 679 4252 τῆς
712 4179 809 4233 καὶ
836 4178 900 4231 τὸ
921 4176 1103 4231 κοινὸν
1134 4173 1513 4246 σημαινούσης
1536 4176 1635 4243 τῆς
1660 4171 1895 4241 φύσεως,

310 4275 457 4349 μετά
477 4273 572 4328 τοῦ
607 4273 740 4327 ἰδίου
771 4272 872 4343 τῆς
904 4270 1261 4331 ὑποστάσεως
1283 4284 1296 4298 °
1339 4267 1516 4337 Λόγου
1543 4269 1652 4337 γὰρ
1686 4267 1897 4338 ἔφαμεν

307 4365 472 4437 φύσιν
493 4405 507 4430 ,
531 4364 631 4434 οὑχ
677 4361 863 4425 ἁπλῶς
896 4360 1079 4429 φύσιν,
1111 4360 1207 4413 ἐπὶ
1239 4360 1300 4413 τὸ
1337 4359 1467 4413 ἴδιον
1496 4358 1662 4412 αὑτοῦ
1700 4375 1898 4430 σημαι-

304 4459 535 4530 νόμενον
565 4458 663 4526 τῆς
690 4455 1063 4518 ὑποστάσεως.
1090 4452 1202 4506 Καί
1229 4468 1362 4522 φασι
1392 4450 1608 4505 τελείαν
1638 4447 1777 4505 εἶναι
1800 4450 1894 4504 τοῦ

2013 594 2410 663 proprietatem
2443 594 2693 649 locorum
2723 596 2781 650 in
2808 597 3013 668 quibus
3041 601 3192 673 degit
3214 612 3271 659 et
3299 620 3592 678 versatur;

2014 684 2144 753 quia
2182 685 2332 739 enim
2377 686 2706 757 simpliciter
2740 687 2991 745 innatum
3030 703 3110 748 est
3152 695 3205 749 ei
3243 697 3388 765 pati,
3430 699 3597 772 hujus

2010 777 2284 845 passionis
2307 792 2478 848 capax
2496 786 2600 833 est.
2626 779 3062 853 Circumscripta
3087 786 3253 841 etiam
3270 798 3356 843 est
3379 791 3595 849 ratione

2010 866 2347 922 exsistentia:
2375 867 2515 938 (l6).
2543 868 2759 923 Dicitur
2783 870 2983 927 deinde
3020 876 3266 930 secundo
3300 879 3466 935 modo
3488 882 3597 936 cir-

2011 957 2348 1029 cumscripta
2383 974 2529 1025 esse,
2561 970 2836 1029 quatenus
2864 962 3003 1017 vivit
3028 964 3083 1017 in
3104 980 3338 1036 corpore
3358 969 3598 1026 circum-

2009 1048 2238 1119 scripto.
2284 1051 2537 1106 Allicitur
2589 1053 2757 1107 etiam
2808 1055 3113 1110 secundum
3169 1058 3341 1113 Deum
3387 1061 3595 1120 divinis

2009 1138 2199 1203 rebus,
2221 1156 2572 1211 nequaquam
2634 1159 2765 1199 vero
2795 1155 3024 1215 pr0pter
3059 1162 3282 1218 corpus.
3306 1151 3593 1219 Quomodo

2007 1230 2154 1285 enim
2198 1240 2427 1303 propter
2454 1249 2677 1305 corpus,
2720 1237 2867 1306 quod
2904 1253 3289 1308 saepenumero
3341 1247 3593 1303 resistit?

2008 1323 2142 1393 quin
2174 1325 2360 1394 potius
2392 1334 2621 1397 propter
2652 1344 2709 1383 se
2738 1338 2794 1384 et
2824 1339 3085 1386 naturam
3121 1349 3298 1401 suam,
3326 1354 3451 1393 cum
3490 1356 3593 1396 cu-

2009 1415 2215 1485 piditas
2275 1417 2501 1489 quidem
2556 1435 2744 1476 amore
2795 1437 2924 1493 erga
2974 1424 3147 1478 Deum
3198 1429 3589 1499 protenditur;

2008 1507 2085 1561 ita
2132 1524 2267 1563 vero
2310 1509 2549 1566 viriliter
2589 1513 2870 1579 roborata,
2916 1525 2973 1569 et
3020 1532 3130 1571 non
3179 1518 3412 1587 inﬂexa,
3463 1538 3592 1578 cum

2007 1600 2311 1670 cupiditate
2343 1604 2645 1673 conspirat.
2680 1606 2840 1659 Ratio
2870 1617 3054 1663 autem
3087 1626 3281 1665 eorum
3321 1630 3444 1683 quae
3479 1632 3591 1672 non

2008 1692 2287 1759 videntur,
2317 1698 2818 1767 contemplationes
2859 1702 2972 1771 (l7)
3020 1701 3138 1756 sine
3177 1703 3591 1765 inumbratione

2006 1792 2062 1839 et
2083 1785 2423 1843 obscuritate
2448 1789 2668 1858 recipit,
2691 1800 2747 1845 et
2776 1791 2936 1847 unice
2962 1793 3328 1852 illuminatur.
3355 1800 3591 1858 Pulchre

2006 1886 2133 1932 ante
2182 1894 2285 1934 nos
2329 1896 2362 1935 a
2408 1881 2647 1951 quodam
2688 1885 2935 1953 sapiente
2990 1887 3199 1943 dictum
3248 1902 3373 1947 est:
3416 1909 3588 1951 unum

2004 1969 2343 2026 desiderium
2372 1972 2601 2038 bonum,
2627 1982 2683 2029 et
2721 1985 2990 2032 aeternum
3019 1995 3129 2049 quo
3174 1998 3303 2037 vera
3347 1986 3590 2055 cognitio

2006 2059 2438 2128 concupiscitur.
2469 2061 2579 2116 llas
2613 2065 2889 2131 potentias
2925 2067 3141 2121 animus
3182 2071 3276 2139 qui
3315 2074 3586 2139 sordidat,

2004 2151 2061 2204 in
2090 2151 2229 2206 vitio
2272 2162 2328 2207 et
2378 2153 2687 2223 ignorantia
2740 2166 3033 2225 versatur,
3085 2168 3142 2215 et
3184 2177 3295 2216 non
3344 2179 3411 2218 ex
3461 2179 3623 2219 cor»

2002 2258 2137 2312 pore
2171 2244 2306 2299 vitia
2352 2244 2525 2311 ducit,
2582 2248 2837 2317 quamvis
2868 2251 3119 2320 quaedam
3166 2269 3235 2308 ex
3300 2255 3433 2324 ipsis
3490 2273 3592 2327 per

2004 2347 2208 2404 corpus
2254 2344 2587 2405 patrantur;
2637 2353 2705 2392 ex
2751 2340 2956 2409 quibus
2997 2342 3135 2397 nihil
3170 2360 3412 2414 unquam
3454 2346 3592 2402 Ver-

2002 2423 2133 2479 bum
2185 2426 2282 2481 Dei
2336 2427 2584 2498 recipere
2638 2438 2842 2499 potest,
2904 2448 3030 2487 cum
3086 2434 3159 2489 sit
3226 2444 3424 2491 natura
3482 2438 3590 2492 im-

2004 2517 2290 2583 mutabile,
2360 2527 2418 2574 et
2490 2520 2841 2579 invariabile.
2908 2525 3032 2580 Non
3113 2535 3296 2583 tamen
3363 2543 3593 2601 propter

2004 2607 2507 2678 impassibilitatem
2557 2620 2771 2668 naturae
2814 2616 3097 2672 recusabit
3144 2618 3409 2674 unionem
3452 2622 3590 2677 sub-

2002 2701 2315 2755 stantialem
2338 2718 2462 2757 cum
2495 2712 2693 2759 natura
2720 2705 2983 2772 humana,
3007 2723 3075 2762 ne
3102 2711 3376 2765 recusatio
3407 2713 3590 2781 passio

2002 2806 2133 2847 vera
2158 2792 2278 2849 fore
2308 2794 2586 2861 videatur,
2613 2806 2669 2851 et
2698 2797 2881 2852 vereri
2913 2798 2968 2853 in
2995 2799 3104 2854 illis
3136 2816 3259 2857 esse
3306 2803 3361 2856 in
3386 2805 3591 2873 quibus

2002 2885 2199 2940 anima:
2233 2886 2612 2942 studiosorum
2642 2889 2762 2958 ipso
2796 2889 3048 2960 adjutore
3079 2891 3214 2946 nihil
3254 2892 3588 2951 incommodi

2000 2994 2068 3034 ex
2142 2995 2374 3050 corpore
2438 2989 2748 3051 ceperunt,
2817 2983 2927 3038 imo
3013 2985 3187 3055 magis
3262 2986 3375 3042 Deo
3438 2986 3590 3059 pleni

2000 3072 2228 3126 fuerunt
2276 3081 2498 3128 utentes
2527 3089 2759 3143 corpore
2814 3092 2926 3130 non
2978 3076 3321 3147 adversario,
3356 3080 3455 3136 sed
3488 3080 3590 3136 ad-

1923 3195 1965 3253 ϐ
1993 3165 2203 3235 jutorc.

2079 3276 2096 3307 ι
2131 3256 2187 3311 Si
2241 3255 2519 3326 perfecta,
2560 3257 2840 3328 inquiunt,
2887 3268 2973 3315 est
3028 3260 3341 3332 bypostasis
3382 3263 3586 3330 Verbi,

2000 3355 2057 3401 et
2100 3348 2344 3417 perfecta
2393 3349 2525 3403 item
2571 3350 2812 3407 hominis
2840 3368 3005 3422 quem
3044 3354 3328 3423 suscepit,
3384 3355 3589 3413 mansit

2000 3448 2182 3494 autem
2238 3441 2481 3495 Verbum
2535 3443 2918 3511 immutabile,
2972 3460 3103 3500 caro
3143 3447 3311 3501 etiam
3365 3458 3587 3504 servata

1998 3541 2083 3586 est
2147 3532 2526 3600 invariabilis;
2582 3535 2861 3605 quomodo
2914 3552 3027 3591 non
3069 3548 3155 3594 est
3203 3540 3356 3608 pium
3398 3539 3586 3595 dicere

2000 3623 2138 3679 duas
2176 3625 2521 3697 hypostases,
2554 3635 2757 3682 neutra
2795 3627 3067 3699 confusa?
3119 3630 3387 3685 Videntur
3446 3630 3584 3707 mihi

2000 3715 2157 3769 valde
2206 3716 2480 3770 malitiose
2531 3724 2587 3771 et
2641 3716 2864 3772 indocte
2917 3722 3255 3788 percontari.
3298 3722 3584 3791 Siquidem

1999 3806 2156 3876 quasi
2208 3824 2312 3861 nos
2362 3825 2473 3862 non
2536 3809 2693 3877 prius
2753 3812 3172 3867 distinxerimus
3234 3815 3583 3885 perfectum,

1998 3899 2278 3969 quomodo
2328 3900 2547 3956 dicatur
2608 3911 2664 3958 et
2707 3905 2854 3974 quod
2905 3904 3248 3974 dupliciter;
3316 3916 3584 3976 praeterea

1998 3992 2189 4058 etiam,
2229 3993 2361 4063 quid
2405 3995 2627 4065 proprie
2660 3995 2933 4067 signiﬁcet
2962 3996 3294 4067 hypostasis,
3344 3998 3585 4055 transfe-

1998 4092 2133 4138 runt
2184 4100 2242 4140 se
2282 4101 2313 4139 a
2362 4097 2560 4141 natura
2614 4088 2819 4153 Verbi,
2874 4105 2995 4158 quae
3065 4104 3360 4145 commune
3411 4091 3580 4145 etiam

1996 4185 2211 4231 naturas
2273 4194 2397 4232 cum
2480 4179 2820 4248 proprietate
2878 4180 3193 4251 hypostasis
3260 4178 3582 4250 signiﬁcat:

1996 4266 2165 4321 Verbi
2210 4267 2360 4321 enim
2414 4277 2673 4322 naturam
2713 4268 2956 4325 diximus
2988 4285 3096 4324 non
3125 4268 3453 4339 simpliciter
3484 4286 3586 4326 na-

1997 4365 2211 4425 turam;
2241 4359 2603 4427 transferunt,
2629 4361 2875 4430 inquam,
2906 4377 2965 4417 se
2997 4362 3063 4416 ad
3101 4362 3385 4431 proprium
3412 4362 3587 4434 signi-

1998 4450 2220 4505 ficatum
2264 4450 2596 4523 hypostasis,
2620 4460 2679 4507 et
2720 4452 2878 4507 aiunt
2920 4453 3220 4523 perfectam
3257 4469 3378 4508 esse
3410 4453 3587 4525 hypo-

306 4550 484 4620 Λόγου
560 4550 659 4619 τὴν
716 4548 1052 4610 ὑπόστασιν,
1083 4545 1227 4599 οὑτω
1291 4543 1585 4607 καλοῦντες
1642 4542 1742 4616 τὴν
1797 4544 1891 4597 τοῦ

2002 4542 2186 4598 stasim
2231 4542 2431 4597 Verbi:
2468 4544 2549 4599 sic
2567 4552 2833 4601 vocantes
2853 4554 3109 4600 naturam
3142 4545 3263 4599 Filii
3294 4545 3583 4616 αὐτοτελῆ,

306 4643 519 4714 Κυρίου
544 4639 843 4705 αὐτοτελῆ
872 4637 1058 4707 φύσιν,
1091 4638 1190 4708 τὴν
1223 4636 1323 4690 οὑκ
1346 4635 1515 4707 ἀλλην
1541 4636 1709 4689 οὖσαν
1739 4636 1892 4706 παρά

304 4733 406 4806 τὴν
436 4733 531 4788 τοῦ
560 4733 778 4805 Πατρός
800 4748 813 4761 ο
846 4748 925 4802 τῳ
948 4726 1443 4801 χαρακτηριστικῷ
1472 4728 1530 4780 δὲ
1564 4728 1661 4799 τῆς
1692 4728 1892 4800 ἰδιότη-

303 4843 398 4888 τος
440 4826 541 4897 τῆς
586 4824 727 4879 κατά
771 4824 871 4895 τὴν
906 4822 1165 4892 γέννησιν
1217 4820 1378 4890 μόνον
1415 4817 1802 4889 διαφέρουσαν,
1832 4820 1891 4872 τὸ

306 4920 505 4990 ἰδίωμα
530 4916 970 4989 κατηγοροῦντες
997 4914 1120 4966 ἀντὶ
1149 4910 1244 4966 τοῦ
1270 4914 1327 4965 ὲν
1355 4905 1399 4979 ᾧ
1424 4910 1486 4964 τὸ
1530 4910 1728 4982 ἰδίωμα
1750 4926 1763 4941 ·
1798 4912 1893 4965 καὶ

302 5009 406 5077 τὴν
437 5009 623 5079 σχέσιν
648 5007 747 5077 τὴν
776 5004 913 5075 πρὸς
936 5002 1165 5073 ἄλληλα,
1208 5001 1331 5054 ἀντὶ
1369 4999 1481 5055 τῶν
1533 5000 1593 5053 ὲν
1629 4996 1711 5064 οἷς
1755 5001 1893 5073 αὑτὴ

303 5102 716 5173 κατηγορεῖται.
752 5097 874 5150 Τῶν
909 5096 1019 5165 γὰρ
1050 5095 1337 5164 ὀνομάτων
1358 5132 1372 5158 ,
1406 5094 1477 5146 τὰ
1512 5092 1611 5163 μὲν
1646 5091 1748 5162 τῆς
1790 5094 1892 5162 φύ-

304 5189 473 5258 σεως
496 5193 606 5247 τῶν
646 5190 1032 5259 ὑποκειμένων
1084 5187 1205 5240 ὲστὶ
1258 5185 1559 5256 δηλωτικὰ,
1590 5184 1662 5238 τὰ
1694 5185 1752 5238 δὲ
1788 5186 1890 5257 τῆς

304 5288 549 5357 σχέσεως
584 5285 693 5338 τῶν
735 5286 1081 5354 πραγμάτων
1132 5284 1249 5335 ἐστι
1289 5277 1651 5349 γνωριστικά.
1678 5278 1799 5331 Τῶν
1838 5280 1894 5333 δὲ

305 5379 627 5453 έτεροειδῶν
668 5379 805 5450 πρὸς
858 5378 925 5431 τὰ
981 5373 1205 5446 ὁμοειδῆ
1249 5370 1691 5425 ὲπαλλάττουσαν
1744 5370 1893 5424 ἔστιν

376 5524 447 5596 (c)
473 5524 661 5580 Schol.
696 5524 834 5593 Περὶ
863 5520 1161 5592 Εὑαγρίου.

379 5640 497 5717 ςιόὶ
520 5637 746 5710 Propter
764 5639 1016 5717 unio_nem
1045 5652 1164 5717 cum
1191 5650 1429 5717 corpore.
1466 5634 1565 5687 Διά
1588 5632 1686 5705 τὴν
1702 5635 1902 5705 κρᾶσιν

308 5712 406 5764 τοῦ
436 5708 710 5807 σώματος,
747 5725 802 5780 q.
869 5708 926 5763 d.
959 5716 1187 5779 propter
1230 5708 1552 5761 mistionem
1604 5719 1730 5759 cum
1772 5719 1896 5759 coro

310 5795 465 5852 pore.
505 5795 641 5834 Iun.

383 5850 496 5918 (16)
538 5848 757 5904 Ratione
785 5851 1119 5903 exsistentia'.
1162 5845 1487 5916 ’Υπάρξεως
1510 5844 1673 5915 λόγῳ.
1712 5844 1789 5900 ID.
1874 5902 1877 5905 ἤ

1995 4634 2049 4689 id
2081 4644 2186 4700 est,
2223 4651 2323 4705 per
2354 4651 2412 4691 se
2444 4635 2768 4706 perfectam,
2796 4654 2919 4707 qua:
2971 4653 3083 4692 non
3130 4646 3215 4693 est
3244 4639 3348 4693 alia
3384 4649 3588 4708 praeter

1993 4736 2249 4782 naturam
2270 4727 2870 4799 Patris,designatione
2896 4730 3254 4800 proprietatis
3274 4730 3587 4787 secundum

1992 4819 2403 4890 generationem
2455 4820 2636 4875 solum
2692 4820 2977 4889 differens,
3038 4823 3408 4893 praedicantes
3454 4839 3588 4894 pro-

2001 4913 2291 4982 prietatem
2319 4929 2420 4983 pro
2448 4929 2515 4969 eo
2569 4913 2624 4968 in
2655 4930 2765 4984 quo
2800 4922 2885 4970 est
2910 4916 3250 4985 proprietas;
3286 4924 3341 4969 et
3364 4914 3589 4970 habitu-

2001 5004 2189 5062 dinem
2228 5016 2553 5062 naturarum
2609 5007 2758 5064 inter
2809 5024 2868 5065 se
2910 5024 3016 5079 pro
3047 5008 3114 5063 iis
3144 5009 3198 5062 in
3237 5007 3440 5078 quibus
3471 5008 3589 5063 haec

2002 5098 2274 5153 habitudo
2326 5099 2682 5169 praedicatur.
2710 5100 2946 5155 Nomina
2985 5100 3135 5154 enim
3168 5100 3273 5153 alia
3305 5098 3588 5152 declarant

1998 5199 2252 5245 naturam
2302 5192 2719 5262 subjectorum,
2778 5192 2886 5247 alia
2956 5191 3339 5246 habitudinem
3400 5202 3583 5243 rerum

2000 5283 2324 5339 ostendunt.
2359 5283 2566 5339 Eorum
2597 5292 2780 5338 autem
2813 5298 2936 5353 quae
2976 5282 3159 5353 specie
3196 5281 3481 5341 dill‘erunt.
3514 5278 3585 5334 ad

1999 5378 2085 5431 ea
2111 5392 2233 5446 quae
2277 5375 2527 5446 ejusdem
2567 5376 2773 5445 speciei
2805 5384 2954 5442 sunt,
2981 5374 3198 5429 diversa
3227 5380 3518 5427 estcomm
3568 5395 3588 5412 -

2084 5630 2711 5703 (l7)Contemplationes.
2754 5629 2984 5703 ’ᾼὺλους
3002 5625 3269 5703 ἐμφάσεις
3297 5630 3457 5703 vocat
3480 5622 3578 5690 τὰς

2000 5694 2238 5776 θεωρίας
2281 5701 2391 5776 τῶν
2434 5694 2891 5776 ’ἀοράτωςιμῆτοι
2918 5694 3045 5776 τῶν
3082 5694 3159 5768 μὴ
3207 5694 3580 5776 βλεπομένων,

2000 5769 2856 5827 εοηὲίόρναιίοηοεἱὴτίείιιίιίιιηι
2889 5769 2977 5825 vel
3015 5783 3126 5823 non
3174 5769 3581 5837 apparentinm,

2004 5853 2063 5897 ut
2083 5851 2307 5898 sanctus
2333 5843 2536 5898 Paulus
2558 5842 2655 5897 ait.
2685 5843 2758 5898 In.
