4120 6448
505 395 633 462 ἰὲίὶτ

1733 388 2044 451 LEONTII
2083 391 2494 454 BYZANTINI

3640 403 3777 469 1283

493 512 698 569 nicatio
731 504 1118 563 habitudinum
1153 514 1318 554 :nam
1361 514 1483 569 quae
1523 498 1730 553 habent
1774 499 2089 554 communia

2196 502 2378 572 εὑρεῖν
2407 504 2505 574 τὴν
2539 507 2830 560 κοινωνίαν
2857 508 2968 562 τῶν
3011 512 3254 582 σχέσεων
3285 531 3298 545 ο
3331 509 3413 578 οἷς
3437 515 3548 587 γὰρ
3571 517 3638 572 ἂν
3667 538 3784 574 κοι-

492 603 720 678 speciei,
768 600 980 656 scilicet
1025 595 1382 667 hypostases,
1436 591 1525 646 his
1577 590 1967 647 communibus
2022 607 2086 647 ea

491 711 615 767 qua:
647 699 778 748 sunt
799 688 1048 762 ejusdem
1087 683 1318 755 speciei,
1353 697 1551 753 nempe
1580 683 1816 747 naturis,
1856 682 1945 738 his
1989 698 2088 738 co-

491 784 756 854 pulantur
797 779 945 833 inter
976 792 1036 832 se
1078 783 1179 830 tet
1211 774 1418 844 quibus
1470 772 1800 829 dividuntur
1856 789 1919 830 ea
1964 790 2087 846 qua:

491 886 620 931 sunt
661 873 894 929 diversae
947 868 1177 940 speciei,
1235 881 1437 938 nempe
1485 867 1725 933 naturis,
1779 867 1866 923 his
1917 883 2090 939 copu-

491 969 674 1022 lantur
703 967 851 1020 inter
879 977 938 1019 se
969 977 1092 1033 quae
1115 970 1247 1017 sunt
1279 959 1530 1031 ejusdem
1573 959 1782 1031 speciei
1809 978 1823 1014 :
1849 975 2087 1016 numero

490 1061 639 1115 enim
684 1059 925 1114 discreta
965 1057 1115 1110 inter
1139 1069 1219 1118 se,
1250 1067 1377 1107 cum
1407 1053 1473 1106 iis
1499 1066 1621 1122 quae
1656 1061 1790 1107 sunt
1836 1050 2085 1122 ejusdem

2194 594 2424 648 νωνοῦσι
2465 597 2580 660 τοῖς
2621 598 2948 669 ἑτεροειδέσι
3004 604 3071 656 τὰ
3115 605 3360 675 ὁμοειδῆ,
3387 607 3600 675 τούτοις
3640 610 3780 666 διαι-

2189 686 2410 757 ροῦνται
2461 690 2598 760 πρὸς
2646 691 2817 745 ἑαυτά
2841 708 2854 722 ·
2886 695 2980 748 καὶ
3021 693 3104 760 οἷς
3149 696 3490 770 διαιροῦνται
3531 703 3671 774 πρὸς
3711 705 3782 759 τὰ

2187 779 2485 850 ἐτεροειδῆ,
2518 783 2732 848 τούτοις
2785 787 3117 842 συνάπτεται
3149 790 3287 861 πρὸς
3316 793 3509 847 ἑαυτά.
3542 794 3634 866 Τῷ
3681 797 3780 867 μὲν

2189 870 2302 942 γὰρ
2351 871 2570 944 ἀριθμῷ
2612 875 2748 946 πρὸς
2789 877 2960 932 ἑαυτὰ
3003 880 3416 953 διακρινόμενα,
3449 885 3529 956 τῷ
3574 886 3633 939 δὲ
3667 887 3780 959 ὅρῳ

2193 963 2330 1034 πρὸς
2385 965 2554 1019 ἑαυτὰ
2599 969 3008 1042 συναπτόμενα,
3067 974 3176 1028 τῶν
3223 975 3543 1043 ἐτεροειδῶν
3596 979 3781 1034 διακέο

2191 1072 2400 1126 κριται.

492 1153 698 1224 speciei
742 1151 1098 1221 copulantur,
1137 1146 1194 1200 in
1243 1153 1445 1200 natura
1485 1144 1719 1199 scilicet.
1753 1142 2086 1199 Deﬁnitione
2124 1155 2311 1201 autem
2362 1151 2616 1221 copulata
2675 1153 2821 1210 inter
2867 1171 2946 1224 se,
3007 1158 3076 1214 ab
3111 1157 3179 1213 iis
3235 1175 3358 1230 qua:
3390 1171 3519 1216 sunt
3547 1160 3780 1218 diversaa

492 1262 703 1307 naturae
757 1250 1020 1306 distincta
1051 1255 1202 1301 sunt.

560 1373 698 1428 Cum
725 1384 857 1439 ergo
890 1367 1013 1422 dure
1038 1364 1398 1420 habitudines
1423 1363 1730 1419 secundum
1775 1361 1922 1418 idem
1950 1363 2087 1418 Ver-

488 1467 621 1521 bum
665 1469 990 1526 cernantur,
1023 1474 1132 1514 una
1160 1457 1413 1528 quidem,
1455 1455 1764 1511 secundum
1801 1471 1969 1526 quam
2002 1455 2090 1510 Fi-

489 1561 600 1615 lius
647 1566 732 1613 est
779 1555 925 1610 idem
963 1569 1089 1609 cum
1126 1553 1290 1606 Patre
1319 1568 1333 1617 ;
1363 1550 1558 1614 altera,
1585 1548 1892 1603 secundum
1923 1562 2088 1618 quam

490 1652 668 1708 Filius
702 1657 788 1704 est
817 1648 884 1702 ab
912 1662 979 1701 eo
1016 1631 1336 1708 distinctus,
1364 1650 1420 1696 et
1445 1657 1555 1696 una
1582 1641 1808 1714 quidem
1834 1641 2087 1695 declare-

490 1753 583 1800 tur
624 1740 998 1812 appellatione
1029 1747 1279 1803 naturze;
1325 1735 1500 1789 altera
1543 1750 1681 1789 vero
1719 1733 2090 1804 appellatione

491 1833 849 1907 hypostasis:
888 1837 1299 1886 commutantes
1355 1827 1446 1882 isti
1508 1825 1896 1892 habitudines,
1926 1825 2088 1880 habi-

490 1929 742 1984 tudinem
797 1926 1232 1996 distinguentem
1281 1938 1311 1977 a
1355 1921 1522 1976 Patre
1562 1921 1717 1976 carni
1748 1919 1902 1982 dant,
1936 1918 2092 1989 igno-

491 2031 680 2076 rantes
725 2029 984 2074 naturam
1047 2014 1273 2087 quidem
1322 2022 1495 2068 totam
1548 2027 1668 2068 esse
1699 2012 1820 2074 Dei,
1857 2019 2092 2080 quaeest

490 2112 807 2170 substantia
854 2109 1045 2174 Verbi,
1079 2107 1312 2180 perfecti
1361 2105 1642 2178 perfecta;
1691 2104 2089 2176 proprietatem

487 2224 624 2264 vero
649 2203 1027 2278 generationis
1056 2200 1275 2266 fecisse,
1313 2208 1375 2255 ut
1407 2207 1707 2255 vocaretur
1754 2197 2088 2271 hypostasis,

490 2309 548 2356 ει
586 2299 804 2365 Filius;
840 2295 1006 2352 sicuti
1038 2308 1234 2349 rursus
1281 2291 1336 2346 in
1376 2291 1538 2346 Patre
1587 2289 1904 2361 proprietas
1932 2289 2092 2343 inna-

490 2391 828 2457 seibilitatis,
860 2400 917 2445 et
946 2404 1128 2444 causae
1183 2387 1548 2459 hypostasim,
1577 2396 1633 2442 et
1653 2387 1871 2442 Patrem
1897 2395 2090 2442 osten-

492 2489 595 2542 dit.
620 2485 773 2540 ldem
812 2481 1234 2553 intelligendum
1261 2489 1347 2536 est
1382 2480 1440 2534 in
1474 2479 1690 2550 Spiritu
1716 2487 1908 2534 sancto
1939 2497 1952 2532 :
1978 2494 2091 2533 non

492 2578 642 2634 enim
671 2585 868 2632 natura
901 2574 1103 2638 Patris,
1126 2582 1184 2628 et
1224 2571 1372 2637 Filii,
1403 2581 1460 2627 et
1490 2571 1734 2641 Spiritus
1766 2571 1942 2626 sancti
1977 2571 2089 2625 vim

495 2669 663 2723 habet
691 2662 1030 2734 complendi,
1060 2672 1321 2734 tanquam
1363 2661 1551 2717 minus
1577 2661 1648 2716 sit
1687 2661 1742 2715 in
1773 2676 1885 2715 una
1923 2675 2088 2730 quam

495 2763 552 2817 in
575 2760 774 2815 tribus.
803 2758 872 2812 Et
898 2757 1004 2812 hoc
1024 2765 1110 2810 est
1133 2764 1334 2810 natura
1355 2754 1622 2818 Trinitas,
1646 2753 1796 2822 quod
1814 2761 1898 2808 est
1917 2748 2090 2807 unum

493 2850 630 2923 quid
664 2865 859 2906 eorum
924 2849 1021 2920 qui
1069 2855 1379 2902 eernuntur
1415 2846 1470 2900 in
1503 2845 1797 2913 Trinitatc,
1827 2844 2090 2916 quoniam

494 2961 606 3000 non
637 2952 724 2999 est
751 2942 1026 2998 extribus
1052 2937 1393 3011 imperfectis
1433 2954 1606 2994 unum
1640 2936 2088 3009 perfectum,sed

491 3053 561 3092 ex
593 3035 773 3090 tribus
804 3032 1066 3105 perfectis
1104 3047 1278 3086 unum
1308 3029 1788 3101 supraperfeetum
1842 3036 1900 3084 et
1937 3035 2084 3083 ante-

2264 1367 2368 1420 Δύο
2394 1363 2488 1421 οῦν
2518 1368 2756 1439 σχέσεων
2785 1371 2925 1424 κατᾶ
2954 1369 3047 1425 τὸν
3074 1371 3235 1426 αὑτὸν
3263 1373 3437 1442 Λόγον
3470 1375 3784 1447 θεωρουμέ-

2193 1474 2318 1522 νων,
2356 1458 2484 1527 μιᾶς
2542 1459 2641 1529 μὲν
2679 1459 2802 1513 καθ’
2835 1459 2904 1528 ῆν
2933 1461 3034 1531 τὴν
3085 1463 3393 1534 ταυτότητα
3444 1464 3558 1536 ἔχει
3594 1468 3622 1519 ό
3655 1467 3780 1531 Υἱὸς

2192 1549 2328 1619 πρὸς
2351 1549 2440 1602 τὸν
2463 1549 2702 1622 Πατέρα,
2724 1552 2917 1622 ἐτέρας
2937 1553 2992 1605 δὲ
3021 1552 3145 1607 καθ’
3174 1555 3241 1626 ἢν
3273 1558 3300 1609 ό
3330 1555 3458 1620 Υἱὸς
3485 1559 3585 1612 ἀπ’
3612 1559 3778 1612 αὑτοῦ

2192 1642 2534 1715 διακέκριται
2558 1659 2572 1673 ⁸
2597 1645 2694 1697 καὶ
2726 1646 2824 1716 τῆς
2859 1646 2957 1714 μὲν
2978 1649 3044 1718 τῇ
3073 1647 3171 1718 τῆς
3198 1648 3416 1717 φύσεως
3437 1653 3782 1724 προσηγορίᾳ

2194 1734 2556 1807 δηλουμένης,
2591 1737 2692 1808 τῆς
2751 1736 2809 1790 δέ
2868 1741 2935 1810 τῇ
3001 1740 3105 1810 τῆς
3165 1741 3521 1806 ὑποστάσεως
3588 1744 3781 1816 κλήσει

2193 1828 2629 1900 γνωριζομένης,
2657 1830 2759 1894 τὰς
2795 1832 3011 1903 σχέσεις
3039 1833 3271 1899 ἐναλλὰξ
3299 1837 3648 1906 ποιήσαντες,
3681 1837 3781 1910 τὴν

2192 1921 2298 1974 ἀπὸ
2320 1922 2414 1975 τοῦ
2445 1923 2660 1995 [ἰατρὸς
2682 1923 3068 1992 διακρίνουσαν
3099 1927 3286 1993 σχέσιν
3317 1928 3453 1998 πρὸς
3472 1930 3570 2002 τὴν
3602 1931 3782 2003 σάρκα

2193 2014 2452 2081 διδόασιν,
2487 2016 2812 2084 ἀγνοοῦντες
2853 2017 2950 2090 τὴν
2975 2019 3065 2088 ζὼς
3114 2021 3446 2088 ὑπόστασιν,
3472 2023 3553 2076 ὅτι
3617 2023 3782 2094 φύσις

2195 2107 2293 2178 μὲν
2330 2107 2423 2178 ὃλη
2458 2108 2594 2161 Θεοῦ
2622 2111 2654 2180 ἠ
2680 2109 2842 2164 οὐσία
2873 2110 2967 2164 τοῦ
3006 2111 3204 2181 Λόγου,
3228 2112 3433 2166 τελείου
3466 2114 3649 2168 τελεία
3673 2131 3687 2144 ·
3719 2113 3781 2168 τὸ

2192 2198 2248 2252 δὲ
2306 2199 2505 2269 ίδίωμα
2552 2202 2651 2272 τῆς
2695 2204 3030 2274 γεννήσεως,
3079 2203 3379 2259 ὑπόστασίν
3408 2224 3465 2260 τε
3513 2209 3607 2261 καὶ
3651 2208 3782 2261 Υίδν

2196 2291 2497 2362 κεκλῆσθαι
2531 2294 2834 2366 πεποίηκεν
2861 2312 2875 2326 ·
2907 2296 3097 2369 ῶσπερ
3123 2294 3188 2352 αὖ
3220 2299 3314 2354 ἐπὶ
3343 2299 3438 2354 τοῦ
3464 2301 3696 2373 Πατρὸς,
3721 2301 3783 2356 τδ

2197 2382 2392 2452 ἰδίωμα
2421 2383 2520 2455 τῆς
2546 2387 2874 2456 ἁγεννησίας
2896 2389 2990 2442 καὶ
3018 2390 3116 2444 τοῦ
3155 2392 3354 2457 αἰτίου,
3389 2393 3690 2447 ὑπόστασίν
3719 2411 3780 2448 τε

2193 2476 2286 2529 καὶ
2317 2476 2536 2548 Πατέρα
2563 2477 2832 2550 ἀπέφηνε.
2853 2481 2925 2534 Τὸ
2955 2481 3000 2534 δ’
3030 2482 3162 2536 αὐτὸ
3202 2485 3296 2538 καὶ
3331 2487 3460 2557 περὶ
3491 2485 3582 2539 τοῦ
3618 2486 3776 2553 ἁγίου

2195 2567 2521 2639 Πνεύματος
2569 2571 2773 2624 ἐννοεῖν
2828 2575 2976 2646 χρή·
3017 2575 3079 2628 ού
3123 2576 3234 2648 γὰρ
3279 2577 3777 2650 συμπληρωτικὴή

2192 2659 2287 2714 τοῦ
2327 2661 2544 2731 Πατρδς
2594 2663 2688 2715 καὶ
2735 2663 2865 2716 Υίοῦ
2909 2665 3007 2720 καὶ
3053 2667 3212 2736 ἁγίου
3245 2669 3566 2740 Πνεύματος
3593 2670 3779 2739 φύσις,

2193 2751 2270 2813 ὡς
2299 2746 2393 2805 οὖν
2432 2751 2634 2823 μᾶλλον
2670 2757 2727 2809 ἐν
2758 2755 2835 2826 τῷ
2864 2757 2946 2811 ἐνὶ
2976 2756 3009 2828 ἢ
3039 2760 3098 2812 ἐν
3133 2762 3246 2824 τοῖς
3274 2762 3440 2830 τρισί.
3470 2762 3580 2816 Καὶ
3619 2760 3781 2816 τοῦτο

2192 2845 2258 2915 τῇ
2291 2841 2504 2916 φύσειή
2536 2846 2728 2917 Τριὰς,
2762 2848 2902 2920 ὅπερ
2933 2849 3000 2904 ἂν
3025 2849 3084 2904 ἓν
3107 2867 3157 2904 τι
3191 2852 3300 2905 τῶν
3331 2853 3388 2905 ὲν
3411 2850 3604 2924 Τριάδι
3639 2852 3778 2907 θεω-

2196 2935 2476 3006 ρουμένων
2502 2936 2794 3009 τυγχάνοι·
2826 2939 2909 2993 ὅτι
2943 2939 3018 3011 μὴ
3049 2940 3109 3006 ἐξ
3136 2942 3343 2995 ἀτελῶν
3382 2943 3550 3014 τριῶν
3584 2943 3643 2996 ἓν
3683 2941 3778 2996 τέ·-

2194 3028 2355 3096 λειον,
2385 3030 2499 3083 ἀλλ’
2533 3031 2596 3083 ἐκ
2625 3030 2792 3103 τριῶν
2815 3032 3038 3086 τελείων
3071 3032 3130 3087 ἓν
3161 3034 3459 3104 ὕπερτελὲς
3505 3034 3601 3090 καὶ
3638 3051 3776 3106 προ-

493 3127 927 3201 perfectum,'!_ut
955 3124 1159 3181 alicubi
1182 3123 1320 3179 dicit
1349 3139 1582 3195 magnus
1602 3123 1919 3196 Dionysius.
1947 3122 2087 3178 Cum

2196 3119 2423 3185 τέλειον,
2463 3119 2538 3184 ὥς
2560 3137 2662 3173 mu
2691 3123 2718 3174 6
2749 3122 2924 3192 μέγας
2973 3122 3080 3194 ἔφη
3123 3122 3420 3188 Διονύσιος.
3454 3123 3552 3190 Ἓξ
3591 3125 3778 3178 τοίνυν

494 3220 663 3293 igitur
683 3235 777 3274 sex
805 3216 1161 3274 habitudines
1183 3215 1612 3287 contempletur,
1638 3215 1778 3272 duas
1809 3216 1989 3272 Patris
2015 3216 2083 3272 ad

491 3311 759 3376 Verbum,
781 3320 836 3366 et
863 3309 1032 3366 Verbi
1065 3308 1134 3364 ad
1167 3309 1385 3364 Patrem
1426 3325 1439 3361 :
1473 3307 1615 3364 duas
1658 3308 1860 3364 deinde
1913 3309 2084 3366 Verbi

493 3404 565 3460 ad
600 3419 847 3468 carnem,
875 3411 932 3458 et
981 3400 1168 3457 carnis
1210 3399 1278 3454 ad
1323 3399 1566 3456 Verbum
1605 3418 1618 3455 :
1650 3400 1789 3458 duas
1818 3410 2086 3471 praeterea

491 3495 704 3555 Christi
755 3495 824 3549 ad
883 3508 1008 3560 nos,
1065 3501 1122 3548 et
1163 3501 1386 3548 nostras
1434 3491 1503 3548 ad
1545 3493 1761 3564 ipsum;
1797 3502 1912 3549 tres
1947 3493 2088 3549 fiunt

495 3586 780 3660 generales
837 3583 1276 3656 coniugationes.
1320 3582 1399 3639 Ac
1443 3584 1624 3654 prima
1672 3585 1895 3656 quidem
1931 3585 2090 3641 habi-

495 3677 632 3735 tudo
660 3675 1111 3748 coniugationum
1146 3675 1228 3730 sic
1270 3674 1460 3740 habet,
1492 3675 1638 3730 sicut
1665 3674 1829 3730 tertia
1861 3673 2086 3745 quidem

495 3783 528 3824 ιι
560 3767 777 3839 prima:
809 3764 1053 3822 secunda
1095 3779 1229 3819 vero
1279 3780 1310 3818 a
1338 3762 1540 3829 media,
1578 3764 1668 3818 illa
1706 3764 1859 3819 enim
1881 3763 2087 3835 quibus

493 3867 743 3916 extrema
794 3858 940 3912 inter
983 3872 1041 3912 se
1083 3857 1460 3922 conveniunt,
1502 3856 1783 3911 contrario
1821 3855 1986 3911 modo
2028 3870 2088 3912 se

496 3951 728 4013 habent,
769 3957 939 4019 atque
972 3947 1028 4002 in
1057 3947 1276 4014 media;
1311 3947 1456 4003 sicut
1484 3958 1703 4014 contra,
1730 3948 2090 4017 media.Qui-

497 4044 605 4098 bus
622 4043 770 4097 enim
801 4040 1083 4096 contrarie
1101 4039 1267 4095 habet
1296 4040 1365 4094 ad
1391 4055 1450 4095 se
1477 4041 1673 4110 ipsam,
1692 4044 2090 4100 convenienter

499 4135 670 4189 habet
713 4131 784 4188 ad
826 4139 1189 4207 extrema,evt
1230 4131 1438 4202 quibus
1489 4147 1685 4188 rursus
1750 4134 2091 4190 convenien-

502 4236 585 4282 ter
640 4225 807 4280 habet
855 4222 925 4279 ad
975 4239 1037 4280 se
1081 4225 1294 4296 ipsam,
1337 4225 1616 4280 contrarie
1669 4226 1838 4283 habet
1895 4226 1964 4283 ad
1992 4243 2090 4283 ex-

502 4328 585 4374 ῐΓΟ
594 4334 702 4372 ma.

569 4409 666 4464 llis
691 4407 936 4464 breviter
959 4407 1125 4464 dictis
1145 4449 1159 4474 ,
1183 4409 1430 4464 conabor
1467 4407 1763 4481 explanare
1812 4411 2087 4481 exemplo.

2198 3213 2434 3282 σχέσεων
2486 3213 2620 3282 ἡμῖν
2660 3213 3074 3286 θεωρουμένων,
3105 3214 3251 3269 δυεῖν
3281 3215 3383 3287 μὲν
3421 3216 3516 3270 τοῦ
3560 3215 3776 3288 Πατρδς

2196 3302 2333 3374 πρὸς
2376 3301 2466 3357 τὸν
2487 3303 2678 3373 Λόγον,
2709 3307 2803 3359 καὶ
2847 3305 2942 3360 τοῦ
2983 3307 3158 3376 Λόγου
3197 3307 3336 3382 πρὸς
3372 3308 3463 3363 τὸν
3511 3310 3736 3380 Πατέρα
3759 3326 3774 3344 ο

2193 3394 2338 3448 δυεῖν
2365 3395 2422 3448 δὲ
2451 3395 2545 3449 τοῦ
2583 3395 2757 3467 Λόγου
2789 3398 2927 3470 πρὸς
2955 3399 3055 3471 τὴν
3085 3401 3286 3470 σάρκα,
3315 3402 3530 3474 καὶτῆς
3576 3403 3780 3474 σαρκὸς

2197 3489 2334 3562 πρὸς
2375 3489 2467 3544 τὸν
2508 3491 2681 3560 Λόγον
2708 3533 2723 3560 ,
2753 3491 2898 3547 δυεῖν
2935 3493 2992 3547 δὲ
3029 3491 3124 3547 τοῦ
3169 3493 3408 3568 Χριστοῦ
3441 3495 3578 3567 πρὸς
3605 3497 3776 3567 ἡμᾶς’

2195 3582 2290 3634 καὶ
2323 3581 2480 3652 ἡμῶν
2512 3581 2647 3653 πρὸς
2665 3581 2850 3648 αὐτὸν,
2882 3584 3032 3652 τρεῖς
3074 3583 3317 3650 γίνονται
3356 3583 3648 3639 καθολικαὶ
3687 3602 3783 3638 συ-

2197 3672 2404 3743 ζυγίαι.
2437 3673 2625 3745 Καὶή
2679 3674 2780 3746 μὲν
2836 3672 3030 3746 πρώτη
3086 3674 3197 3728 τῶν
3265 3675 3540 3744 συζυγιῶν
3594 3676 3781 3748 σχέσις

2195 3765 2370 3830 οὕτως
2396 3765 2620 3837 ἒχει,ὡς
2653 3767 2686 3837 ή
2714 3767 2872 3839 τρίτη
2904 3767 3002 3838 μὲν
3029 3766 3136 3820 ἀπὸ
3152 3768 3251 3839 τῆς
3282 3767 3528 3841 πρώτης,
3552 3768 3781 3839 δευτέρα

2195 3858 2252 3912 δὲ
2283 3858 2392 3912 ἀπὸ
2424 3858 2524 3928 τῆς
2557 3859 2728 3930 μέσης
2750 3875 2763 3888 ·
2802 3855 2883 3922 οἷς
2912 3858 3019 3930 γὰρ
3048 3859 3352 3930 ᾠκείωνται
3389 3861 3447 3915 αἱ
3475 3861 3781 3934 ἀκρότητες

2197 3954 2333 4021 πρὸς
2363 3952 2584 4018 ἑαυτὰς,
2615 3953 2875 4016 ἐναντίως
2908 3952 3129 4023 ἔχουσαι
3161 3952 3299 4025 πρὸς
3326 3953 3424 4025 τὴν
3459 3954 3634 4025 μέσην
3660 3971 3674 3986 ο
3706 3954 3780 4018 ὡς

2196 4045 2490 4116 ἕμπαλινή
2521 4044 2684 4116 μέση.
2722 4043 2818 4108 Οἷς
2850 4044 2960 4115 γάρ
3003 4045 3265 4108 ἐναντίως
3307 4045 3422 4117 ἔχει
3472 4045 3610 4115 πρὸς
3656 4047 3782 4100 ἐαυ-

2196 4135 2316 4208 τὴν,
2346 4134 2564 4200 οἰκείως
2611 4133 2726 4205 ἔχει
2767 4134 2907 4206 πρὸς
2955 4134 3052 4198 τὰς
3089 4135 3431 4208 ἀκρότηταςο
3468 4137 3564 4190 καὶ
3619 4137 3781 4191 πάλιν

2197 4222 2278 4292 οἷς
2310 4229 2530 4293 οἰκείως
2570 4227 2688 4298 ἔχει
2721 4228 2860 4300 πρὸς
2907 4227 3132 4299 ἑαυτὴν,
3181 4227 3448 4294 ἐναντίως
3480 4228 3593 4302 ἔχει
3642 4230 3782 4299 πρὶς

2198 4323 2296 4384 τὰς
2321 4320 2646 4392 ἀκρότητας.

2272 4411 2493 4467 Τούτων
2534 4414 2821 4484 συντόμως
2852 4411 3166 4484 εἰρημένων
3195 4413 3494 4484 σαφηνίσαι
3522 4414 3661 4468 αὕτα
3690 4415 3784 4468 ἐπὶ

502 4500 626 4555 Sint
677 4500 870 4570 posita).
919 4509 1032 4555 tres
1081 4516 1211 4568 res,
1261 4501 1443 4556 anima
1487 4502 1836 4573 simpliciter,
1887 4519 2089 4574 corpus

2202 4505 2647 4576 παραδείγματος
2689 4505 3045 4576 πειράσομαι.
3078 4504 3298 4558 Κείσθω
3345 4506 3400 4559 δὲ
3443 4506 3575 4578 τρία
3605 4507 3783 4579 πράγ-

502 4592 851 4662 simpliciter,
888 4593 1055 4647 homo
1081 4608 1146 4647 ex
1172 4593 1355 4648 anima
1376 4602 1432 4648 ει
1459 4610 1690 4665 corpore
1727 4599 2089 4668 compositus,

502 4693 559 4738 et
600 4685 799 4739 horum
834 4685 978 4739 inter
1017 4700 1075 4741 sc
1100 4685 1479 4751 habitudines,
1527 4695 1589 4740 ut
1629 4689 1828 4742 animm
1866 4690 1935 4745 ad
1975 4691 2096 4746 ani-

505 4792 671 4840 "nun,
697 4777 894 4832 animm
946 4777 1015 4832 ad
1055 4793 1262 4848 corpus
1299 4795 1491 4847 suum;
1524 4780 1766 4837 hominis
1795 4783 1862 4838 ad
1892 4799 2095 4856 corpus

503 4867 857 4937 simpliciter,
885 4879 942 4923 et
973 4868 1040 4922 ad
1077 4869 1317 4923 animam
1356 4869 1702 4941 simpliciter.
1737 4874 1936 4930 Anima
1965 4876 2095 4946 qui-

505 4959 629 5014 dem
665 4957 733 5013 ad
759 4959 998 5013 animam
1031 4961 1111 5016 sic
1141 4976 1199 5015 se
1230 4960 1418 5025 habet,
1447 4970 1510 5016 ut
1531 4963 1855 5022 diversitate
1878 4977 2091 5024 naturae

505 5052 743 5107 discreta
789 5051 889 5117 sit;
943 5053 1097 5106 unita
1135 5068 1271 5108 vero
1318 5053 1537 5110 ratione
1566 5055 1900 5128 hypostasis,
1923 5075 2089 5130 quam

505 5143 613 5198 vita
649 5133 998 5213 άλληλοῦχος,
1027 5143 1078 5196 id
1119 5152 1224 5209 est,
1258 5155 1451 5201 mutuo
1492 5157 1739 5219 accepta,
1778 5160 1834 5206 et
1877 5151 2091 5206 reddita

506 5234 742 5305 perfecit
788 5250 802 5287 :
847 5234 954 5288 hoc
986 5234 1228 5289 secunda
1270 5235 1577 5308 eademque
1612 5239 1791 5294 media
1827 5241 2092 5297 habitudo

507 5334 690 5379 servat
727 5340 741 5378 :
780 5323 948 5378 homo
979 5339 1116 5380 vero
1152 5325 1219 5380 ad
1266 5341 1471 5398 corpus
1519 5328 1870 5400 simpliciter,
1922 5342 1979 5388 ει
2028 5333 2096 5389 ad

508 5414 747 5468 animam
787 5413 1114 5485 simpliciter
1148 5417 1375 5484 relatus,
1406 5427 1668 5490 tanquam
1693 5429 1843 5476 totus
1866 5424 2096 5478 omnino

510 5504 580 5558 ab
610 5504 732 5560 istis
765 5504 1062 5573 discretus,
1099 5517 1329 5578 propter
1373 5509 1759 5565 habitudinem
1796 5512 1862 5566 ad
1911 5524 2098 5583 partes

509 5611 678 5661 snas,
735 5597 1034 5652 secundam
1087 5601 1535 5656 communionem
1583 5617 1708 5657 eum
1762 5604 1896 5675 ipsis
1944 5606 2094 5662 facit.

511 5687 691 5754 Quare
740 5688 994 5746 Christus
1038 5690 1104 5743 ad
1152 5707 1253 5746 nos
1277 5700 1334 5747 et
1357 5692 1426 5747 ad
1464 5693 1684 5749 Patrem
1722 5697 1950 5763 relatus,
1977 5709 2102 5752 tan-

2199 4614 2367 4662 ματα,
2423 4595 2570 4667 ψυχὴ
2631 4595 2839 4660 ἁπλῶς,
2893 4595 3052 4666 σῶμα
3097 4595 3306 4661 ἁπλῶς,
3368 4594 3658 4668 ἄνθρωπος
3719 4600 3782 4653 ἐκ

2195 4687 2379 4758 ψυχῆς
2405 4689 2500 4741 καὶ
2530 4685 2782 4759 σώματος
2815 4685 3089 4751 συνεστώς
3113 4703 3128 4720 ’
3161 4690 3256 4742 καὶ
3302 4687 3508 4742 τούτων
3543 4691 3599 4743 αἱ
3645 4691 3782 4760 πρὸς

2197 4779 2456 4849 ἀλλήλαις
2507 4781 2742 4850 σχέσεις,
2771 4774 2882 4835 οἷον
2929 4781 3111 4852 ψυχῆς
3172 4781 3308 4854 πρὸς
3367 4783 3784 4856 ψυχήν,ψυχῆς

2201 4872 2336 4944 πρὸς
2386 4872 2446 4925 τὸ
2487 4872 2689 4944 ἑαυτῆς
2737 4875 2915 4947 σῶμα,
2955 4875 3244 4946 ἀνθρώπου
3304 4877 3440 4948 πρὸς
3483 4876 3544 4931 τὸ
3595 4878 3783 4943 ἁπλῶς

2198 4965 2398 5037 ψυχήν.
2427 4965 2587 5036 Ψυχὴ
2651 4965 2752 5036 μὲν
2813 4966 2922 5038 γὰρ
2965 4966 3103 5036 πρὸς
3140 4965 3318 5038 ψυχὴν
3351 4967 3429 5040 τῷ
3475 4969 3654 5042 ταυτῷ
3687 4971 3785 5040 τῆς

2200 5058 2388 5121 οὐσίας
2423 5057 2702 5129 ἡνωμένη,
2743 5057 2819 5127 τῷ
2859 5059 3102 5130 διαφόρῳ
3141 5059 3239 5129 τῆς
3282 5061 3634 5126 ὑποστάσεως
3668 5062 3786 5115 δια-

2203 5151 2456 5222 κέκριται
2483 5167 2495 5180 °
2527 5149 2688 5203 τοῦτο
2723 5151 2754 5219 ή
2787 5150 2982 5222 πρώτη
3038 5152 3150 5204 καῖ
3181 5151 3214 5216 ἡ
3257 5150 3544 5204 τελευταία
3601 5153 3785 5222 σχέσις

2202 5239 2313 5293 τῶν
2380 5241 2651 5309 συζυγιῶν
2679 5258 2692 5272 ο
2737 5241 2884 5312 ψυχὴ
2919 5241 2975 5294 δὲ
3016 5242 3152 5311 πρὸς
3190 5241 3249 5294 τὸ
3281 5241 3452 5313 αὐτῆς
3496 5243 3678 5313 σῶμα,
3703 5261 3785 5314 τῳ

2209 5331 2309 5398 μὲν
2367 5329 2594 5402 ἑτεροίῳ
2655 5331 2755 5403 τῆς
2833 5333 3052 5402 φύσεως
3125 5331 3508 5406 διακέκριται,
3577 5335 3785 5406 ἥνωται

2203 5424 2259 5477 δὲ
2317 5425 2395 5494 τῷ
2453 5425 2597 5496 λόγῳ
2661 5426 2761 5497 τῆς
2822 5425 3195 5490 ὑποστάσεως,
3251 5427 3320 5498 ἢν
3377 5429 3411 5498 ή
3450 5427 3784 5498 ἀλληλοῦχος

2205 5516 2320 5585 ζωὴ
2381 5517 2715 5571 ἀπετέλεσε’
2777 5518 2938 5572 τοῦτο
3001 5521 3034 5590 ή
3090 5518 3324 5591 δευτέρα
3385 5523 3480 5575 καὶ
3534 5524 3568 5592 ή
3633 5521 3775 5591 μέση

2205 5606 2462 5672 διασώζει
2525 5611 2750 5681 σχέσις*
2815 5611 3107 5684 ἄνθρωπος
3160 5613 3217 5666 δὲ
3271 5616 3409 5686 πρὸς
3467 5617 3530 5670 τὸ
3595 5613 3786 5675 ἁπλῶς

2212 5701 2392 5768 σῶμα,
2444 5703 2541 5754 καὶ
2575 5703 2674 5772 τὴν
2714 5704 2903 5768 ἀπὶ-ὦς
2942 5703 3155 5777 ψυχὴν,
3187 5705 3307 5772 ὅλος
3354 5708 3530 5781 πάντη
3578 5707 3786 5761 τούτων

581 5867 694 5923 tl8i
753 5868 941 5925 Causea
1000 5871 1332 5943 hypostasin.
1365 5872 1553 5930 Utitur
1600 5878 1870 5935 vocabulo
1903 5897 2080 5937 mum
2118 5898 2218 5953 pro
2248 5883 2541 5956 principio,
2569 5901 2721 5943 more
2747 5886 3083 5945 Graecorum.
3117 5889 3254 5945 Tun.
