4120 6474
405 393 543 470 1289

1471 390 1778 470 CONTRA
1818 392 2138 469 NESTOR.
2176 408 2270 468 ΕΤ
2312 401 2634 468 EUTYCII.

3546 407 3679 474 1290

400 519 819 592 διακεκριμένος
839 561 852 584 ,
887 517 974 574 διὰ
1005 504 1103 593 τὴν
1134 520 1271 592 πρὸς
1306 520 1374 574 τὰ
1407 522 1604 576 ἑαυτοῦ
1641 523 1782 593 μέρη
1836 520 1987 592 πρὼ-

2090 534 2255 590 quam
2280 529 2429 575 totus
2459 535 2523 575 ex
2561 519 2830 590 partibus,
2859 526 3087 592 propter
3109 534 3296 594 partes
3317 539 3444 581 suas
3466 526 3682 582 medius

400 628 501 683 την
529 611 735 682 σχέσιν,
767 613 1029 686 δευτέραν
1061 616 1297 668 ποιεῖται
1326 615 1464 688 πρὸς
1495 615 1635 670 αὑτὰ
1673 613 1985 670 κοινωνίαν.

405 706 570 759 Ὥστε
599 705 696 759 κα)⁵
729 707 758 759 ὁ
787 707 1022 778 Χριστὸς
1054 707 1200 778 πρὸς
1224 709 1374 778 ἡμᾶς
1396 709 1490 762 καὶ
1518 709 1657 778 πρὸς
1684 706 1773 760 τὸν
1809 706 1986 759 Πατέ-

404 805 497 868 ρα,
526 798 605 860 ὡς
633 797 754 861 ὅλος
776 797 852 852 ὢν
874 799 939 851 ὲκ
967 798 1172 871 μερῶν,
1209 798 1296 852 διὰ
1321 800 1390 854 τὰ
1415 798 1610 853 ἑαυτοῦ
1654 798 1794 869 μέρη
1829 814 1985 868 μεσι-

403 887 552 942 τεύει
601 891 717 952 τοῖς
763 889 976 960 ἄκροις,
1011 890 1152 954 ὅλως
1204 890 1303 961 μὲν
1357 891 1663 952 ὑπόστασις
1712 889 1790 942 ὢν
1850 888 1988 958 πρὸς

403 985 574 1053 ἡμᾶς,
620 981 760 1054 μετά
809 983 908 1051 τῆς
971 982 1231 1054 θεότητος
1279 984 1367 1038 διὰ
1406 984 1506 1055 τὴν
1559 982 1984 1055 ἀνθρωπότητα,

400 1075 895 1146 ὲπαλλαττομὲνων
939 1075 1050 1128 τῶν
1103 1075 1248 1129 κατὰ
1303 1075 1405 1147 τὴν
1459 1074 1735 1147 διάκρισίν
1780 1090 1841 1127 τε
1893 1072 1989 1127 καὶ

399 1169 594 1222 ἕνωσιν
634 1169 894 1239 σχέσεων,
927 1162 1004 1222 ὧν
1031 1185 1091 1222 τε
1127 1169 1265 1238 πρὸς
1311 1169 1507 1223 ἑαυτὸν
1553 1168 1642 1223 διὰ
1673 1170 1743 1221 τὰ
1789 1165 1986 1247 ἑαυτοῦ

403 1259 546 1332 μέρη
579 1259 718 1331 ἔχων
748 1259 1112 1331 γνωρίζεται,
1150 1263 1243 1313 καὶ
1273 1253 1349 1314 ὧν
1378 1260 1516 1331 πρός
1544 1277 1605 1312 τε
1642 1258 1733 1311 τὸν
1768 1257 1988 1328 Πατέρα

401 1353 496 1407 καὶ
525 1352 694 1423 ἡμᾶς,
722 1350 814 1405 διά
839 1351 936 1423 τὴν
964 1351 1075 1405 τῶν
1105 1351 1288 1424 μερῶν
1321 1351 1458 1422 πρὸς
1491 1350 1558 1405 τὰ
1597 1351 1742 1422 ἄκρα
1793 1351 1988 1404 οἰκειό-

398 1461 540 1516 τητα
559 1445 845 1517 κέκτηται.
867 1444 1241 1516 Εὑγνωμόνως
1256 1445 1313 1497 δὲ
1329 1445 1438 1498 τῶν
1465 1444 1649 1516 μερῶν
1664 1445 1984 1498 ἀκουστέον·

399 1537 464 1590 οὑ
498 1534 606 1606 γὰρ
639 1537 715 1599 ὡς
753 1537 820 1606 τῇ
863 1536 1024 1605 φύσει
1051 1535 1230 1606 ἀτελῆ
1263 1535 1415 1600 ὄντα,
1449 1537 1590 1608 μέρη
1619 1534 1796 1591 ταῦτά
1820 1553 1986 1608 φημι,

400 1627 520 1682 ἀλλ’
553 1629 627 1692 ὡς
683 1627 1140 1700 συμπληρωτικὰ
1197 1629 1292 1682 τοῦ
1343 1627 1638 1699 προσώπου
1694 1630 1794 1699 τῆς
1849 1632 1990 1683 κατὰ

400 1722 635 1794 Χριστὸν
686 1721 1062 1785 ὑποστάσεως.
1099 1722 1258 1776 Οὕτω
1309 1721 1420 1792 γὰρ
1473 1722 1761 1792 Γρηγορίῳ
1803 1740 1862 1775 τε
1896 1724 1990 1776 καὶ

399 1814 673 1884 nuptm),
709 1814 804 1867 καὶ
855 1813 915 1867 τὸ
962 1813 1084 1867 ὅλον
1122 1814 1183 1868 οὑ
1223 1813 1324 1884 μία
1351 1812 1534 1881 φύσις,
1561 1815 1654 1868 καὶ
1677 1813 1864 1876 ἁπλῶς
1892 1814 1987 1867 καὶ

392 1905 536 1976 πρός
564 1921 635 1970 τι,
661 1903 722 1957 τό
744 1920 802 1956 τε
827 1904 1016 1968 ἀτελὲς
1046 1902 1221 1958 καὶτὸ
1253 1903 1460 1957 τέλειον
1485 1904 1720 1974 εἴρηται.

474 2012 493 2045 ι
523 1995 589 2047 Τί
615 1989 710 2047 οὗν
735 2011 898 2064 φασιν
921 2012 935 2061 ;
961 1993 1035 2047 Οὐ
1064 1993 1297 2065 λέγομεν
1327 1995 1455 2065 μίαν
1481 1995 1644 2064 φύσιν
1671 1995 1984 2068 ἀνθρώπου,

399 2083 606 2155 καίπερ
642 2084 874 2155 διάφορα
911 2086 978 2138 τὰ
1028 2085 1354 2139 συνελθόντα
1401 2086 1800 2156 γινώσκοντες;
1834 2089 1898 2142 Τί
1925 2090 1988 2162 δὴ

398 2171 494 2232 οὖν
522 2177 705 2246 λυπεῖ,
734 2176 926 2249 ὥσπερ
961 2171 1062 2232 ὧδε
1089 2177 1190 2231 οὐκ
1224 2179 1311 2232 ἐπ’
1347 2181 1630 2250 ἀναιρέσει
1659 2180 1758 2251 τῆς
1796 2181 1989 2254 ἰδιότη-

397 2287 492 2334 τος
527 2269 636 2323 τῶν
671 2270 876 2342 μερῶν,
916 2271 1078 2340 φύσιν
1105 2270 1382 2342 καλοῦμεν
1426 2272 1527 2336 τὰς
1558 2273 1770 2343 φύσεις,
1803 2277 1852 2328 εἰ
1893 2277 1989 2329 καὶ

399 2363 492 2418 ἐπὶ
521 2363 757 2434 Χριστοῦ
801 2363 862 2417 τὺ
901 2365 1088 2435 ὅμοιον
1119 2364 1404 2428 ποιοῦντες
1431 2366 1738 2436 φαινόμεθα
1765 2383 1780 2431 ;
1825 2367 1986 2421 Ἀλλὰ

397 2452 723 2525 λοιδορεῖσθε
766 2456 897 2525 ἡμῖν
952 2456 1046 2508 καὶ
1078 2454 1392 2528 διασύρετε,
1424 2457 1500 2518 ὡς
1550 2458 1817 2528 σύγχυσιν
1865 2459 1988 2513 ἐπιο

397 2547 610 2600 νοοῦσιν
659 2549 753 2600 ἐπὶ
807 2548 1071 2618 Χριστοῦ,
1104 2549 1296 2621 ἐπειδὴ
1338 2549 1415 2603 ’τὰ
1451 2552 1593 2622 μέρη
1637 2553 1703 2622 τῇ
1736 2550 1831 2607 τοῦ
1862 2551 1984 2604 ὅλου

400 2637 743 2710 σημαίνομεν
769 2639 1056 2710 ὀνομασίᾳ.
1097 2659 1115 2692 ι
1147 2639 1211 2693 Et
1241 2640 1340 2710 μὲν
1371 2639 1439 2694 τὰ
1463 2641 1692 2714 μέρητῇ
1723 2642 1821 2696 τοῦ
1863 2643 1986 2696 ὅλου

398 2729 584 2781 καλεῖν
611 2728 899 2784 ἐϐούλεσθε
932 2731 1299 2804 προσηγορίᾳ,
1329 2731 1438 2786 ἔδει
1467 2735 1687 2798 πάντως
1716 2736 1861 2806 ὑμᾶς
1890 2737 1986 2789 καὶ

395 2819 458 2874 τὸ
481 2821 600 2875 ὅλον
631 2824 696 2895 τῇ
729 2822 838 2876 τῶν
862 2821 1044 2894 μερῶν
1065 2824 1354 2896 γνωρίζειν
1383 2826 1670 2898 ὀνομασίᾳ,
1701 2828 1988 2894 mlo-31w;

397 2913 574 2977 οὐδεὶς
638 2916 704 2967 ἂν
769 2910 838 2987 ἦν
883 2915 1076 2984 φθόνος
1135 2919 1289 2989 ἡμῖν.
1344 2919 1533 2990 Σάρκα
1583 2920 1713 2990 δὲῆ
1776 2920 1988 2990 ἅνθρω-

397 3023 502 3059 πον
523 3005 818 3069 καλοῦντες
850 3006 1052 3077 μᾶλλον
1080 3009 1171 3060 τὸν
1199 3009 1425 3079 Κύριον,
1457 3010 1517 3064 τὸ
1547 3009 1666 3063 ὅλον
1693 3012 1758 3064 ἐκ
1790 3012 1990 3083 μέρους

397 3097 732 3168 ἐσημαίνετέ
765 3097 850 3163 ἂν,
886 3095 1002 3150 ἀλλ’
1039 3097 1101 3150 οὑ
1151 3097 1315 3167 φύσιν
1377 3098 1505 3167 μίαν
1555 3098 1653 3162 τὰς
1687 3099 1781 3151 δύο
1823 3115 1992 3170 προσ-

403 3190 793 3262 αγορεύοντες.
822 3190 1090 3256 Πολλάκις
1124 3191 1234 3263 γὰρ
1263 3192 1323 3245 τὸ
1356 3193 1430 3265 μὴ
1470 3193 1866 3263 κυριολεκτεῐν,
1895 3197 1988 3247 καὶ

398 3283 671 3354 δόγματος
691 3282 989 3355 ἐργάζεται
1017 3284 1314 3353 διαφωνίαν
1333 3301 1346 3316 ο
1376 3285 1500 3338 ὅθεν
1532 3287 1694 3355 ἡμεῖς
1723 3285 1865 3339 κατά
1888 3286 1986 3348 τὰς

403 3375 556 3440 θείας
595 3375 845 3447 Γραφὰς,
885 3377 977 3428 καὶ
1025 3377 1123 3439 τὰς
1165 3377 1681 3446 πατροπαραδότους
1731 3376 1986 3450 θεωρίας,

402 3466 664 3530 πολλάκις
713 3469 774 3520 τὸ
812 3467 932 3520 ὅλον
965 3468 1030 3520 ἐκ
1077 3468 1299 3538 μέρους,
1337 3468 1432 3521 καὶ
1480 3467 1548 3520 τά
1589 3469 1730 3540 μέρη
1776 3473 1842 3541 τῇ
1892 3467 1986 3522 τοῦ

401 3561 522 3614 ὅλου
572 3561 769 3632 κλήσει
827 3559 1335 3632 προσαγορεύομεν,
1373 3559 1499 3613 Υἱὸν
1553 3560 1842 3631 ἀνθρώπου
1898 3560 1988 3614 τὸν

401 3654 574 3724 Λύγον
602 3655 982 3726 ὀνομάζοντες,
1011 3655 1107 3707 καὶ
1138 3652 1350 3724 Κύριον
1379 3652 1482 3723 τῆς
1518 3652 1681 3723 δόξης
1707 3652 1988 3722 ἐσταυρῶ-

403 3743 1196 3818 σθαιὸμολογοῦντες.Ἀλλὀύ
1227 3736 1388 3814 παρά
1409 3742 1567 3796 τοῦτο
1615 3746 1680 3814 τῇ
1723 3743 1988 3798 ἀντιδόσει

401 3839 512 3893 τῶν
540 3835 1224 3909 ἁδιωμάτων,ἀναιροῦμεν
1242 3835 1336 3889 τὸν
1369 3835 1498 3888 ἴδιον
1528 3835 1684 3903 λόγον
1703 3836 1801 3904 τῆς
1833 3834 1989 3886 θατέ-

405 3947 501 4002 ρου
529 3932 587 3984 ὲν
619 3929 803 4001 ταυτῷ
833 3931 1116 3999 ἰδιότητος.
1137 3928 1278 3997 Πρὸς
1300 3927 1356 3980 δὲ
1395 3926 1488 3980 καὶ
1519 3926 1607 3979 διά
1630 3927 1833 3997 κυρίων
1855 3928 1989 3997 ἡμῖν

399 4025 576 4079 ταῦτα
606 4025 717 4078 τῶν
746 4023 1031 4095 ὀνομάτων
1063 4022 1428 4091 γνωρίζεται,
1452 4021 1552 4090 τὴν
1581 4022 1680 4088 μὲν
1719 4020 1988 4074 ἀντίδοσιν

401 4115 512 4170 τῶν
545 4115 854 4184 ἰδιωμάτων
879 4117 936 4166 ἐν
978 4115 1046 4186 τῇ
1094 4112 1192 4186 μιᾷ
1237 4112 1537 4165 ὑποστάσει
1572 4110 1859 4182 θεωροῦσι,
1886 4113 1989 4180 τὴν

399 4208 458 4264 te
491 4209 732 4279 ἰδιότητα
765 4208 862 4279 τὴν
897 4209 955 4260 ἐν
991 4209 1058 4276 τῇ
1106 4204 1378 4276 κοινότητι
1417 4205 1476 4257 έν
1507 4207 1572 4276 τῇ
1617 4204 1849 4275 διαφορᾷ
1879 4205 1989 4258 τῶν

401 4303 618 4374 φύσεων
653 4300 1132 4372 ἐπιγινώσκουσιν.
1169 4299 1360 4368 Ὑμεῖς
1389 4298 1446 4352 δὲ
1470 4299 1548 4369 τῷ
1578 4297 1986 4368 παραδείγματι

401 4395 736 4465 κεχρημένοι
787 4392 880 4445 τοῦ
907 4389 1222 4462 ἀνθρώπου,
1255 4389 1350 4441 καὶ
1384 4387 1536 4458 αὐτῷ
1569 4388 1647 4457 τῷ
1700 4388 1986 4459 πρωτοτύ-

401 4499 489 4556 πῳ
542 4482 991 4554 συνδιαφθείρετε
1039 4482 1101 4534 τὸ
1141 4481 1518 4552 παράδειγμα.
1547 4482 1696 4535 Μίαν
1740 4481 1840 4549 μὲν
1877 4482 1987 4553 γὰρ

2087 623 2173 667 est
2208 612 2356 667 inter
2389 623 2674 679 extrema;
2711 631 2778 672 ex
2832 625 2950 670 toto
2996 617 3333 688 hypostasis,
3374 619 3582 675 relatus
3611 621 3679 673 ad

2090 706 2332 773 Patrem,
2377 717 2608 779 propter
2651 709 3005 765 divinitatem
3051 726 3178 765 cum
3223 711 3599 780 humanitate;
3626 725 3682 768 et

2089 813 2156 852 ex
2188 806 2302 854 toto
2364 799 2677 871 hypostasis
2707 802 2915 858 relatus
2948 802 3018 856 ad
3048 819 3171 869 nos,
3203 812 3433 875 propter
3482 806 3680 860 hum-as

2091 890 2322 944 nitatem
2355 907 2481 946 cum
2523 892 2836 958 divinitate,
2874 895 3205 965 permutatis
3254 897 3683 954 habitudinihus

2091 981 2395 1036 secundum
2445 984 2860 1040 distinctionem
2894 995 2952 1040 et
2989 986 3254 1041 unionem
3307 1003 3445 1057 quas
3493 1002 3681 1044 secum

2090 1084 2322 1144 pr0pter
2365 1083 2554 1146 partes
2591 1092 2720 1131 suas
2778 1077 2976 1143 habet;
3001 1089 3057 1133 et
3099 1095 3237 1149 quas
3277 1095 3402 1135 cum
3428 1081 3588 1156 Patre
3625 1090 3682 1136 et

2091 1166 2378 1222 nobiscum
2436 1168 2623 1231 habet,
2677 1170 2905 1240 propter
2967 1171 3412 1228 convenientiam
3439 1173 3679 1244 partium

2090 1271 2217 1309 cum
2264 1258 2550 1314 extremis.
2579 1259 2718 1314 Cum
2762 1271 2946 1316 autem
2982 1269 3167 1332 partes
3197 1263 3454 1328 dicimus,
3487 1263 3683 1318 audire

2089 1356 2308 1417 oportet
2337 1351 2641 1420 prudenter
2670 1368 2818 1407 :non
2848 1353 2997 1408 enim
3029 1364 3214 1424 partes
3251 1355 3507 1422 dicimus,
3556 1364 3680 1410 tan-

2090 1453 2254 1507 quam
2288 1439 2640 1510 imperfectas
2671 1453 2891 1508 natura,
2923 1445 3019 1499 sed
3052 1453 3312 1515 tanquam
3341 1447 3683 1516 complentes

2093 1545 2382 1598 personam
2435 1533 2746 1604 hypostasis
2786 1533 3016 1590 Christi.
3060 1536 3151 1591 Sic
3179 1537 3329 1591 enim
3355 1553 3385 1590 a
3415 1536 3683 1607 Gregorio

2090 1631 2146 1674 et
2167 1621 2372 1694 Cyrillo
2407 1624 2616 1680 dictum
2648 1635 2733 1682 est
2752 1636 2930 1682 totum
2959 1645 3069 1684 non
3097 1646 3205 1684 una
3231 1638 3450 1698 natura,
3478 1639 3534 1685 et
3551 1632 3685 1685 sim-

2093 1715 2326 1784 pliciter,
2356 1727 2410 1772 et.
2440 1719 2505 1772 ad
2560 1720 2790 1789 aliquid,
2825 1729 2883 1775 et
2923 1722 3337 1792 imperfectum,
3394 1732 3452 1777 et
3507 1724 3685 1794 perfe-

2092 1815 2260 1862 ctum.

2166 1987 2184 2016 ι
2214 1965 2357 2034 Quid
2387 1968 2554 2038 igitur
2587 1969 2780 2024 aiunt?
2813 1970 3008 2026 Nonne
3039 1971 3281 2026 dicimus
3313 1988 3477 2026 unam
3524 1981 3682 2026 natu-

2094 2075 2211 2115 ram
2264 2061 2527 2130 hominis,
2582 2065 2835 2135 quamvis
2883 2081 3283 2136 cognoscamus
3366 2065 3682 2120 differentia

2091 2169 2234 2220 esse,
2267 2171 2389 2226 quae
2418 2165 2624 2212 coeunt
2653 2157 2708 2211 in
2741 2159 2951 2213 unum?
2983 2158 3126 2225 Quid
3151 2174 3284 2229 ergo
3319 2157 3522 2222 obstat,
3545 2158 3682 2229 quin

2090 2245 2235 2300 sicut
2271 2246 2365 2301 hic
2403 2263 2514 2302 non
2548 2247 2616 2303 ad
2665 2250 2968 2304 tollendum
3003 2249 3404 2320 proprietatem
3435 2250 3680 2319 partium

2090 2347 2317 2394 naturas
2340 2355 2602 2396 vocamus
2621 2349 2894 2406 naturam,
2922 2341 3131 2412 aliquid
3161 2341 3342 2396 simile
3374 2341 3430 2395 in
3457 2340 3681 2396 Christo

2090 2429 2270 2486 facere
2312 2431 2636 2488 videamur?
2695 2433 2838 2500 Quin
2889 2435 3074 2504 potius
3110 2433 3362 2489 convicia
3390 2433 3593 2500 facitis,
3626 2443 3683 2487 et

2087 2518 2325 2576 illuditis
2359 2523 2516 2590 quasi
2545 2522 2928 2578 confusionem
2959 2523 3013 2577 in
3036 2523 3257 2579 Christo
3283 2525 3680 2595 excogitemus,

2027 2645 2041 2658 ι
2090 2611 2219 2680 quia
2266 2623 2450 2683 partes
2493 2616 2864 2686 appellatione
2923 2617 3092 2672 totius
3134 2616 3532 2688 signiﬁcamus.
3563 2637 3582 2668 ι
3623 2618 3680 2672 Si

2091 2703 2362 2759 volebatis
2408 2720 2606 2760 vocare
2660 2716 2844 2777 partes
2895 2708 3120 2763 nomine
3162 2707 3354 2771 totius,
3388 2709 3684 2779 oportebat

2091 2797 2361 2865 profecto,
2377 2808 2437 2853 ut
2457 2807 2633 2873 totum
2645 2800 2812 2854 etiam
2831 2799 3213 2856 nominatione
3227 2801 3470 2871 partium
3493 2802 3682 2856 decla-

2094 2890 2313 2954 raretis,
2348 2898 2514 2959 atque
2546 2891 2618 2946 ita
2652 2891 2801 2945 nulla
2827 2891 2987 2946 vobis
3007 2891 3212 2947 invidia
3244 2901 3410 2946 esset.
3443 2892 3678 2947 Carnem

2091 2990 2298 3045 autem,
2341 2983 2426 3035 vel
2473 2982 2755 3038 hominem
2815 2991 3074 3038 vocantes
3125 2984 3310 3052 potius
3361 2984 3677 3045 Dominum,

2093 3083 2269 3129 totum
2314 3091 2381 3130 ex
2421 3083 2574 3144 parte
2613 3075 3023 3146 signiﬁcaretis,
3058 3085 3113 3130 et
3139 3091 3249 3129 non
3284 3075 3422 3130 duas
3455 3085 3683 3131 naturas

2092 3175 2351 3221 vocantes
2391 3183 2578 3222 unam.
2611 3166 2766 3238 Saepe
2797 3168 2945 3223 enim
2985 3184 3094 3223 non
3121 3171 3346 3240 proprie
3380 3169 3532 3239 loqui
3563 3170 3679 3227 dis-

2015 3245 2057 3300 C
2090 3258 2432 3327 crepantiam
2483 3259 2758 3330 dogmatis
2801 3258 2988 3314 efficit.
3029 3260 3184 3317 Unde
3221 3277 3326 3316 nos
3373 3263 3677 3317 secundum

2091 3349 2425 3419 Scripturas,
2445 3359 2501 3406 et
2517 3353 2926 3422 spcculationes
2947 3368 2976 3407 a
2994 3353 3252 3409 Patribus
3270 3355 3520 3414 traditas.
3537 3371 3682 3427 saepe

2093 3450 2268 3496 totum
2298 3458 2366 3496 ex
2393 3452 2572 3512 parte,
2609 3452 2665 3498 ct
2689 3455 2902 3514 partem
2932 3446 3157 3500 nomine
3185 3446 3354 3501 totius
3389 3445 3679 3510 allicimus,

2091 3550 2219 3588 cum
2271 3535 2512 3590 Verbum
2547 3535 2745 3591 Filium
2784 3537 3027 3592 hominis
3053 3539 3434 3605 nominamus;
3462 3550 3518 3594 et
3568 3542 3682 3595 Do-

2093 3627 2304 3680 minum
2366 3628 2556 3697 gloriae
2603 3629 2931 3684 cruciﬁxum
2995 3631 3345 3686 conﬁtemur.
3402 3633 3510 3689 Sed
3569 3651 3682 3691 non

2090 3728 2387 3790 propterea
2413 3723 2917 3779 communicatione
2946 3723 3267 3779 idiomatum
3289 3725 3534 3781 tollimus
3558 3744 3684 3798 pro-

2093 3812 2269 3881 priam
2306 3815 2575 3868 rationem
2621 3817 2976 3886 proprietatis
3019 3818 3342 3872 alterutrius
3375 3819 3429 3873 in
3458 3821 3678 3876 eodem.

2093 3905 2323 3972 Deinde,
2368 3907 2484 3962 haec
2513 3908 2681 3962 etiam
2717 3909 2878 3963 nobis
2910 3925 3008 3980 per
3055 3911 3278 3981 propria
3320 3911 3546 3968 nomina
3580 3913 3680 3969 dei

2091 3998 2392 4062 elarantnr,
2426 4014 2549 4053 cum
2586 4001 3146 4056 comnmnicationem
3177 4001 3401 4072 quidem
3443 4003 3680 4060 idioma-

2093 4100 2214 4146 tum
2240 4092 2296 4145 in
2325 4108 2432 4146 una
2457 4093 2736 4163 hypostasi
2769 4095 3242 4164 contemplamur;
3282 4097 3681 4166 proprietatem

2093 4198 2226 4237 vero
2257 4199 2381 4254 quae
2407 4193 2494 4240 est
2540 4184 2594 4238 in
2637 4185 3057 4250 communitate,
3087 4187 3140 4240 in
3168 4186 3486 4243 differentia
3518 4200 3682 4244 natu-

2092 4293 2278 4332 rarum
2326 4279 2698 4350 agnoscimus.
2742 4281 2852 4334 Vos
2903 4289 3110 4344 autem,
3144 4291 3364 4336 utentes
3424 4283 3679 4352 exemplo

2092 4371 2355 4435 hominis,
2389 4387 2514 4426 cum
2543 4372 2661 4442 ipso
2686 4381 2983 4443 prototypo
3011 4372 3324 4441 exemplum
3355 4373 3519 4428 simul
3557 4389 3682 4430 cor-

2092 4464 2369 4534 rumpitis.
2419 4465 2593 4521 Unam
2622 4465 2770 4520 enim
2810 4475 3067 4520 naturam
3115 4465 3358 4520 hominis
3401 4465 3675 4534 dicimus;

401 4574 694 4648 ἀνθρώπου
731 4574 894 4644 φύσιν
922 4574 1155 4642 λέγομεν
1176 4610 1192 4634 ,
1217 4573 1314 4642 οὐχ
1349 4571 1426 4634 ὡς
1461 4570 1529 4625 ἂν
1560 4573 1719 4640 ὑμεῖς
1748 4572 1945 4642 φαίητε
1969 4612 1984 4637 ,

2095 4573 2202 4610 non
2242 4564 2300 4609 ut
2331 4571 2428 4613 vos
2457 4557 2662 4621 dicitis,
2706 4557 2798 4628 qui
2831 4567 3086 4612 naturam
3115 4555 3298 4612 carnis
3335 4558 3390 4612 in
3425 4558 3684 4614 substan-

400 4669 481 4730 είς
513 4668 713 4722 ταυτὸν
743 4667 971 4735 ἄγοντες
1005 4666 1103 4737 τὴν
1135 4665 1299 4735 φύσιν
1331 4664 1435 4736 τῆς
1485 4663 1691 4734 σαρκὸς
1723 4667 1788 4734 τῇ
1821 4664 1982 4736 οὑσία

399 4762 499 4832 τῆς
529 4760 728 4832 ψυχῆς,
759 4759 792 4830 ἤ
825 4759 887 4813 τὸ
919 4757 1194 4818 ἀνάπαλιν
1219 4775 1231 4787 ·
1265 4756 1390 4811 οὔτε
1437 4759 1546 4828 μὴν
1589 4757 1647 4822 ἐξ
1700 4757 1987 4828 ἑκατέρων

400 4855 509 4908 οὐδ’
535 4855 808 4925 ὁποτέραν
826 4853 1254 4908 ἀποτετελέσθαι
1283 4852 1486 4923 φαμέν.

470 4947 637 5001 Φύσιν
678 4947 734 5002 δὲ
771 4946 978 5017 ταύτην
1019 4946 1322 5016 καλοῦμεν,
1351 4945 1413 4998 οὑ
1443 4943 1580 5014 πρὸς
1611 4943 1712 5014 τὴν
1745 4942 1853 4995 τῶν
1887 4958 1986 5013 με-

403 5041 514 5113 ρῶν
555 5041 742 5112 σχέσιν
770 5040 1184 5102 ἀποδλέποντες
1214 5038 1410 5108 (οὐδεὶς
1445 5037 1554 5108 γάρ
1607 5037 1725 5089 ἐστι
1771 5036 1930 5104 λόγος
1961 5038 1990 5088 ὁ

399 5135 463 5189 τὸ
509 5132 806 5205 έτεροφυὲς
848 5132 1027 5187 αὐτῶν
1052 5134 1155 5186 κάν
1199 5133 1267 5202 τῇ
1299 5131 1492 5183 ένὼσει
1533 5129 1985 5200 λυμαινόμενος),

401 5227 540 5282 ἀλλὰ
584 5227 686 5296 τὴν
726 5225 828 5280 τοῦ
868 5224 1104 5280 καθόλου
1141 5225 1235 5278 καὶ
1275 5223 1450 5286 εἴδους
1487 5220 1767 5292 σημασίαν
1791 5260 1806 5284 ,
1846 5221 1990 5273 κατὰ

401 5319 497 5375 τοῦ
527 5316 759 5390 μερικοῦ
795 5317 891 5372 καὶ
939 5317 1071 5372 ίδίου
1117 5313 1563 5388 κατηγοροῦμεν.
1607 5310 1827 5383 Ἐπειδὴ
1855 5311 1988 5382 γὰρ,

404 5412 587 5476 καθὼς
623 5412 674 5464 οἱ
700 5410 768 5465 τὰ
793 5408 993 5479 λογικά
1016 5411 1315 5479 σκέμματα
1344 5405 1720 5475 διακρίνοντες
1752 5403 1990 5474 παραδι-

403 5502 578 5566 δόασι,
609 5502 678 5555 τά
707 5501 809 5572 μὲν
832 5500 925 5553 ἐπὶ
957 5499 1160 5571 μέρους
1182 5498 1435 5552 κοινωνεῖ
1462 5497 1576 5559 τοῖς
1603 5493 1886 5558 καθ’ὅλου,
1923 5492 1992 5545 τά

405 5595 464 5648 δὲ
493 5594 615 5648 καθ’
650 5594 772 5647 ὅλου
801 5595 1192 5662 κατηγορεῖται
1218 5589 1360 5643 κατά
1379 5587 1490 5642 τῶν
1513 5587 1609 5640 ἐπὶ
1634 5585 1834 5656 μέρους
1859 5599 1872 5614 ⁸
1898 5585 1993 5638 καὶ

404 5687 513 5741 τῶν
544 5686 641 5754 μὲν
668 5684 909 5754 ἀτόμων,
944 5683 1201 5735 κοινωνία
1231 5681 1350 5734 ἐστὶ
1394 5681 1531 5756 προς
1574 5678 1633 5732 τὸ
1664 5673 1805 5740 εἶδος
1850 5675 1994 5730 κατά

479 5798 590 5874 (19)
625 5797 1044 5874 Comntttnicatio
1061 5795 1266 5874 quidem
1289 5793 1721 5874 individuorum:
1735 5787 1994 5874 Commu-

408 5860 614 5927 nieati'o
632 5868 1045 5922 individuorum
1064 5860 1130 5920 ad
1154 5864 1395 5934 speciem
1419 5871 1503 5917 est
1517 5860 1820 5916 secundum
1834 5866 1992 5912 natu-

811 5961 1080 6022 PATBOL.
1126 5961 1242 6021 Gn.
1289 5957 1391 6017 LX
1407 5956 1573 6017 XXV
1593 5957 1639 6020 Ι.

2092 4652 2222 4706 tiam
2273 4653 2471 4708 animae
2520 4653 2760 4717 trahitis,
2797 4663 2858 4708 ut
2909 4653 3044 4706 [iant
3110 4651 3290 4717 idem;
3340 4660 3436 4706 aut
3487 4669 3682 4709 rursus

2091 4751 2342 4798 naturam
2363 4745 2559 4800 anima:
2587 4745 2640 4799 in
2671 4744 3036 4800 substantiam
3060 4744 3264 4808 carnis,
3296 4759 3398 4798 nec
3433 4759 3500 4798 ex
3517 4744 3682 4800 alter-

2093 4843 2214 4889 utra
2249 4844 2656 4904 utramcunque
2695 4833 2818 4890 ﬁeri
2843 4833 3104 4889 dicimus.

2163 4928 2425 4982 Naturam
2457 4936 2642 4982 autem
2678 4941 2940 4983 vocamus
2975 4926 3140 4991 hanc,
3175 4941 3286 4981 non
3315 4925 3596 4980 intuentes
3623 4923 3678 4977 in

2091 5023 2475 5080 habitudinem
2532 5024 2772 5094 partium
2819 5041 2834 5077 :
2875 5021 3023 5078 nulla
3061 5023 3211 5078 enim
3241 5028 3327 5076 est
3362 5021 3524 5084 ratio,
3556 5035 3678 5088 qua:

2092 5118 2471 5174 diversitatem
2493 5125 2704 5172 naturae
2725 5115 2964 5187 partium
2993 5114 3160 5169 etiam
3187 5112 3240 5167 in
3268 5112 3474 5166 unione
3495 5110 3675 5164 laedat.

2093 5207 2202 5262 Sed
2260 5207 2444 5276 potius
2505 5203 2962 5276 signiﬁcationem
3003 5201 3334 5257 universalis
3377 5207 3435 5254 et
3470 5198 3677 5268 speciei

2093 5300 2163 5356 de
2213 5298 2532 5370 particulari
2563 5308 2620 5352 et
2652 5298 2879 5367 proprio
2908 5294 3272 5367 praedicamus
3304 5309 3320 5345 :
3356 5291 3488 5361 quia
3532 5291 3677 5357 sicut

2095 5393 2322 5448 tradunt
2348 5391 2444 5462 qui
2477 5391 2697 5461 regulas
2717 5387 3026 5444 disserendi
3058 5385 3403 5447 discernunt,
3431 5382 3678 5454 particu-

2093 5487 2230 5541 laria
2273 5485 2498 5554 quidem
2531 5482 2942 5538 communicant
2973 5477 3412 5540 universalibus;
3453 5476 3676 5530 univer-

2095 5578 2230 5633 salia
2249 5592 2380 5632 vero
2398 5573 2767 5645 praedicantur
2783 5572 2852 5627 de
2872 5569 3332 5642 particularibus;
3351 5574 3408 5622 et
3423 5582 3676 5621 commu-

2095 5669 2301 5725 nicatio
2313 5667 2538 5726 quidem
2566 5664 2980 5720 individuorum
2999 5663 3111 5734 (t9)
3133 5660 3200 5716 ad
3217 5659 3457 5730 speciem
3480 5659 3674 5722 relata,

2096 5800 2234 5846 ram,
2265 5791 2320 5837 et
2363 5796 2472 5835 non
2509 5778 2814 5855 secundum
2868 5777 3329 5855 appellationem;
3365 5772 3494 5843 quia
3531 5770 3673 5825 indi.

2099 5855 2326 5910 viduum
2362 5851 2688 5906 naturaliter
2748 5849 3041 5920 participat
3097 5849 3334 5912 speciem
3355 5883 3369 5909 ,
3394 5857 3518 5914 quze
3550 5855 3676 5895 eum

3207 5935 3275 6000 Η
