4120 6486
430 427 584 495 -1291

1676 419 1984 480 LEONTII
2027 422 2429 484 BYZANTINI

3574 407 3708 473 1292
3769 385 3821 438 -’

455 549 540 593 est
577 537 881 593 secundum
931 543 1212 600 naturam;
1258 531 1653 586 universalium
1701 545 1835 583 vero
1879 544 2033 584 com-

2158 533 2235 604 ςὴν
2265 531 2456 602 φύσιν·
2490 529 2598 582 τῶν
2625 529 2684 582 δὲ
2713 529 2967 590 καθόλου,
3001 525 3259 580 κοινωνία
3292 523 3428 596 πρὸς
3459 521 3531 577 τὰ
3571 525 3715 595 μέρη

457 629 758 685 municatio
806 629 871 684 ad
907 625 1281 698 particularia,
1317 633 1402 677 est
1436 622 1741 676 secundum
1792 619 2034 690 appella-

2134 622 2276 676 κατὰ
2303 622 2401 694 τὴν
2430 621 2623 692 κλῆσιν
2649 637 2664 651 ο
2698 623 2764 692 τῇ
2795 618 2893 674 τοῦ
2919 618 3041 672 ὅλου
3071 615 3421 689 προσηγορίᾳ
3453 615 3513 668 τὸ
3547 615 3715 686 μέρος

462 722 666 776 tionem
733 720 868 790 (sive
902 717 1369 788 pnedicationem)
1397 734 1409 768 :
1437 715 1645 769 idcirco
1667 730 1774 767 non
1809 729 2034 768 recusa-

2158 715 2342 780 ιαλεῖν,
2380 716 2454 779 ὠς
2487 714 2648 786 ἔφην,
2675 714 2737 768 ού
2784 709 3229 783 παρῃτησάμεθα
3258 725 3272 742 ⁸
3305 709 3406 778 τῆς
3453 707 3563 778 γὰρ
3614 704 3718 776 φύ-

460 829 605 877 tnus,
642 823 701 866 ut
728 811 860 875 dixi,
888 809 1247 880 appellatione
1279 808 1448 862 totius
1491 806 1767 876 appellare
1800 814 2031 876 partem,

460 908 587 978 quia
617 924 721 962 una
751 917 944 961 natura
982 914 1156 959 totum
1204 904 1406 974 speciei
1445 903 1698 956 humana:
1738 915 2038 971 repraesen-

461 1005 566 1062 tat;
598 996 725 1065 quia
746 995 885 1049 nihil
916 1010 1108 1049 eorum
1138 1010 1259 1063 quae
1287 993 1389 1048 sub
1420 991 1611 1047 eadem
1642 991 1824 1061 specie
1846 1007 2040 1046 nume-

460 1097 672 1151 rantur,
704 1095 788 1141 est
819 1085 1050 1141 diversae
1087 1085 1446 1140 substantiae:
1473 1085 1617 1140 unde
1646 1085 2040 1140 convenienter

458 1190 515 1236 et
563 1187 690 1250 apte
737 1179 962 1234 nomine
1000 1179 1311 1232 communis
1337 1179 1671 1248 partieulare
1698 1178 2036 1232 nominatur.

439 1273 578 1328 Non
606 1272 753 1326 enim
790 1271 1021 1341 reperiri
1053 1279 1234 1341 potest
1264 1270 1465 1340 aliquis
1491 1271 1676 1333 homo,
1707 1270 1799 1340 qui
1850 1269 1922 1323 sit
1953 1269 2040 1322 di-

460 1378 620 1419 versa
686 1363 870 1432 specie
933 1362 1004 1416 ab
1055 1360 1280 1416 homine
1337 1361 1684 1415 universali:
1736 1362 1791 1414 in
1820 1360 2042 1414 Christo

461 1465 645 1510 autem
684 1454 1002 1525 hujusmodi
1046 1453 1183 1508 ordo
1232 1453 1578 1507 habitudinis
1604 1469 1713 1506 non
1741 1452 2039 1522 reperitur,

461 1560 588 1599 cum
622 1559 734 1598 non
766 1544 841 1598 sit
884 1545 1097 1615 species
1127 1544 1494 1607 Christorum,
1528 1545 1672 1598 sicut
1710 1553 1794 1598 est
1826 1545 2043 1613 species

462 1638 772 1701 hominum,
802 1645 862 1690 ut
887 1653 953 1692 ex
982 1637 1068 1692 his
1091 1636 1331 1692 Christis
1362 1651 1505 1690 unus
1538 1644 1797 1705 tanquam
1821 1635 2043 1704 proprie

439 1727 872 1798 quodammodo
926 1737 1153 1798 propter
1186 1727 1554 1792 universalem
1598 1736 1654 1783 et
1697 1734 2043 1782 Communem

463 1821 747 1876 Christum
773 1821 1029 1877 Christus
1074 1821 1192 1890 ipse
1237 1822 1575 1886 nominatus,
1602 1836 1710 1875 una
1740 1829 1935 1875 natura
1964 1821 2048 1876 di-

2140 824 2280 871 σεως
2323 808 2426 877 τῆς
2477 809 2609 875 μιᾶς
2656 807 2717 860 τὺ
2778 801 2899 878 ὅλον
2939 802 3066 856 ο-τοῦ
3138 800 3484 873 ἀνθρωπείου
3547 798 3722 861 εἴδους

2137 899 2516 972 παριστώσης,
2548 893 2741 972 ἐπειδὴ¹
2791 900 2902 953 τῶν
2951 898 3057 952 ὑπὸ
3098 898 3159 950 τὸ
3197 897 3329 950 αὐτὸ
3372 892 3510 958 εἶδος
3559 893 3720 964 ἀριθ-

2141 993 2434 1064 μουμένων
2475 992 2631 1046 οὐδέν
2678 994 2795 1044 ἐστι
2845 988 3189 1061 ἐτεροούσιον
3214 1029 3229 1052 ,
3262 988 3488 1048 εἰκότως
3524 987 3590 1055 τῇ
3623 981 3721 1036 τοῦ

2139 1086 2322 1140 κοινοῦ
2371 1083 2718 1157 προσηγορίᾳ
2762 1084 2824 1136 τὸ
2881 1079 3112 1159 μερικὺν
3174 1076 3601 1148 ἐπονομάζεται.
3645 1075 3721 1128 Οὐ

2140 1181 2249 1250 γὰρ
2293 1179 2441 1233 ἐστιν
2490 1179 2672 1248 εὑρεῖν
2698 1177 2793 1230 τόν
2839 1193 2960 1229 τινα
3015 1173 3330 1245 ἄνθρωπον,
3404 1167 3724 1240 ἑτεροειδῶς
3773 1161 3786 1171 λ’

2143 1272 2336 1343 ἔχοντα
2365 1271 2502 1342 πρὸς
2538 1271 2631 1325 τὸν
2663 1269 2897 1324 καθόλου
2922 1266 3214 1340 ἄνθρωπον
3237 1280 3254 1296 ο
3280 1264 3373 1319 ἐπὶ
3403 1263 3460 1317 δὲ
3485 1259 3725 1333 Χριστοῦ

2143 1366 2362 1436 τοιαύτη
2391 1383 2478 1429 τις
2506 1363 2662 1428 τάξις
2709 1352 2949 1434 σχέσεως
2980 1360 3079 1431 οὐχ
3114 1357 3431 1428 εὑρίσκεται
3457 1372 3471 1386 ⁸
3505 1355 3565 1408 οὐ
3617 1353 3727 1425 γὰρ

2143 1461 2208 1530 δὴ
2245 1459 2417 1521 είδοῦς
2438 1458 2590 1519 ὄντος
2621 1454 2895 1526 Χριστῶν,
2929 1445 3121 1523 ὥσπερ
3153 1451 3247 1504 καὶ
3273 1447 3602 1517 ἀνθρώπων,
3636 1446 3731 1500 ἵνα

2147 1557 2211 1609 ἐκ
2237 1553 2442 1606 τούτων
2470 1553 2497 1605 ὁ
2530 1549 2611 1614 εἷς
2637 1549 2713 1612 ὡς
2749 1537 2893 1612 ἰδίως
2917 1537 3051 1610 πως
3072 1547 3225 1617 παρά
3251 1543 3342 1598 τδν
3368 1543 3604 1597 καθόλου
3633 1540 3730 1594 καὶ
3787 1568 3790 1569 ν

2145 1645 2326 1701 κοινὸν
2377 1643 2637 1714 Χριστὸν,
2665 1641 2914 1714 Χριστὸς
2961 1640 3126 1704 αὐτὸς
3185 1637 3567 1709 χρηματίζων,
3627 1634 3730 1705 μία

2147 1737 2310 1809 φύσις
2347 1737 2573 1806 λέγηται
2621 1735 2758 1805 προς
2788 1734 3035 1796 ἐκείνους
3092 1749 3151 1785 τε
3205 1733 3300 1784 καὶ
3355 1725 3726 1788 ἀπ’ὲκείνων,

2147 1831 2235 1886 ἵνα
2268 1829 2364 1884 καὶ
2403 1828 2533 1898 μίαν
2563 1828 2725 1881 αὐτὸν
2752 1827 2848 1880 καὶ
2874 1826 2969 1880 δύο
3011 1825 3203 1894 φύσεις
3231 1821 3509 1893 καλῶμεν,
3539 1820 3601 1873 τὸ
3631 1819 3733 1889 μὲν

465 1922 622 1970 catur
651 1913 720 1968 ad
753 1913 898 1978 illos,
930 1921 988 1968 et
1013 1913 1084 1967 ab
1116 1913 1254 1980 illis;
1289 1923 1349 1967 ut
1376 1914 1555 1982 ipsum
1580 1920 1636 1968 et
1669 1928 1836 1967 unam
1879 1920 2044 1967 natu-

2158 1923 2344 1993 έχοντα
2395 1891 2484 1975 διὰ
2526 1921 2589 1974 τὸ
2639 1920 2840 1981 κοινὸν,
2870 1919 2931 1971 τὸ
2972 1891 3032 1971 δέ
3080 1917 3166 1971 διὰ
3208 1917 3279 1970 τὰ
3313 1891 3510 1968 ἑαυτοῦ
3547 1912 3729 1983 μέρηο

468 2021 605 2070 ram,
655 2013 713 2059 et
760 2004 899 2060 duas
949 2020 1244 2071 vocemus;
1274 2021 1438 2059 unam
1469 2005 1692 2075 quidem
1728 2004 2044 2070 habentem,

467 2105 695 2167 propter
718 2097 1171 2153 communitatem
1198 2105 1442 2163 naturae;
1466 2097 1605 2152 duas
1633 2111 1788 2161 vero,
1819 2105 2049 2166 propter

469 2199 656 2258 partes
712 2192 852 2260 ejus,
881 2190 1041 2245 sicut
1087 2189 1144 2243 in
1197 2188 1358 2244 nobis
1397 2189 1667 2244 cernitur.
1713 2188 1852 2244 Cum
1898 2187 2048 2243 enim

470 2299 635 2338 causa
669 2299 791 2352 qua:
834 2283 889 2338 in
920 2283 1080 2338 nobis
1099 2291 1206 2348 est,
1224 2297 1336 2336 non
1362 2283 1671 2354 reperiatur
1696 2282 1765 2336 ab
1790 2283 1883 2336 illo
1903 2281 2049 2351 quod

470 2376 528 2429 in
568 2374 732 2429 nobis
763 2375 985 2444 proprie
1013 2383 1068 2429 et
1096 2381 1221 2444 apte
1256 2373 1480 2436 dicitur,
1515 2371 1582 2427 ad
1616 2373 1771 2427 illum
1803 2389 1912 2426 non
1951 2387 2051 2441 po-

471 2475 581 2522 test
626 2466 934 2522 transferri.
967 2465 1316 2521 Manifestum
1353 2475 1538 2520 autem
1587 2476 1670 2520 est
1719 2466 1830 2530 hic,
1879 2481 2053 2536 quare

471 2559 641 2612 homo
673 2557 877 2612 dicitur
915 2573 1044 2620 una,
1079 2566 1133 2612 et
1169 2556 1289 2612 dua:
1316 2565 1550 2612 naturze.
1585 2557 1760 2613 Unam
1798 2566 2051 2611 naturam

448 2650 646 2706 habet
710 2658 938 2720 propter
1000 2649 1557 2705 communicationem
1617 2650 1858 2720 speciei;
1916 2649 2054 2704 duas

451 2758 610 2798 ~“vero
637 2752 865 2812 propter
893 2751 1235 2812 partes,quae
1252 2756 1362 2794 non
1393 2748 1522 2795 sunt
1551 2740 1725 2796 altera
1747 2742 1802 2794 in
1826 2741 2054 2796 alteram

475 2835 800 2891 mutathn
826 2833 1046 2889 Christo
1079 2842 1263 2888 autem
1287 2849 1412 2887 cum
1440 2848 1550 2887 non
1575 2832 1648 2888 sit
1671 2833 2059 2903 species,quo—

473 2926 641 2981 tnodo
693 2925 813 2980 duae
869 2932 1080 2978 naturae
1122 2922 1232 2976 dici
1271 2929 1506 2991 possunt
1539 2920 1682 2976 una?
1749 2929 1859 2974 tres
1905 2917 2055 2974 enim

477 3025 691 3074 tantum
725 3015 916 3071 modos
956 3014 1287 3084 reperimus,
1314 3013 1518 3084 quibus
1559 3011 1768 3081 aliquid
1803 3026 1912 3066 una
1953 3025 2056 3064 na-

475 3120 601 3164 tura
633 3107 840 3163 dicitur
873 3123 886 3159 :
923 3115 1018 3160 aut
1046 3105 1174 3175 quia
1207 3115 1292 3160 est
1316 3105 1560 3176 species;
1590 3112 1687 3157 aut
1715 3102 1847 3173 quia
1881 3102 2056 3172 parti-

2149 2011 2615 2085 ῶσπερὲφ’ήμῶν
2647 2011 2968 2082 θεωρεῖται.
2982 2009 3099 2079 Τῆς
3129 2009 3237 2079 γὰρ
3268 2007 3448 2070 αἰτίας
3480 2005 3554 2076 μὴ
3581 2005 3734 2075 εὑρι-

2151 2107 2444 2178 σκομένης,
2477 2105 2574 2158 καὶ
2627 2103 2725 2157 ἀπ’
2757 2101 2969 2156 ἐκείνου
3027 2101 3131 2171 τῆς
3188 2101 3273 2168 ἐφ’
3304 2099 3487 2170 ἡμῶν,
3536 2096 3601 2150 τὸ
3645 2096 3732 2165 ἐφ’

2147 2199 2310 2272 ήμῶν
2348 2198 2509 2268 μόνον
2539 2195 2758 2258 οἰκείως
2788 2178 3214 2272 λεγόμενον,ὲπ’
3233 2190 3396 2246 αὐτὸν
3431 2190 3735 2260 ἀναφέρειν

2150 2270 2250 2359 οὐχ
2296 2283 2407 2342 οἷόν
2435 2304 2520 2343 τε.
2565 2287 2735 2358 Δῆλον
2766 2287 2825 2341 δέ
2855 2270 3012 2340 ’ἐστιν
3040 2284 3294 2351 ἐνταῦθα,
3357 2283 3502 2337 κατά
3539 2283 3593 2335 τί
3635 2281 3736 2352 μία

2153 2382 2249 2435 καὶ
2299 2379 2395 2434 δύο
2445 2379 2645 2449 φύσεις
2689 2380 2717 2433 ὁ
2764 2361 3354 2453 ἄνθρωπος-λέγεται·
3386 2375 3450 2428 τὸ
3492 2374 3592 2444 μὲν
3625 2372 3738 2444 γὰρ

2154 2470 2265 2539 ἔχει
2307 2467 2399 2522 διὰ
2441 2467 2542 2538 τὴν
2584 2465 2678 2520 τοῦ
2720 2465 2896 2530 εἴδους
2921 2465 3234 2530 κοινωνίαν,
3270 2464 3332 2518 τὸ
3366 2464 3424 2517 δὲ
3470 2463 3738 2535 κέκτηται

2155 2562 2244 2614 διὰ
2279 2561 2378 2633 τὴν
2408 2560 2516 2614 τῶν
2549 2559 2732 2630 μερῶν
2761 2557 3050 2630 ἀτρεψίαν.
3087 2557 3214 2612 Ἐπί¹
3253 2557 3495 2629 Χριστοῦ
3541 2557 3598 2610 δὲ
3635 2556 3740 2610 οὐκ

2154 2655 2306 2718 ὄντος
2331 2653 2504 2716 εἴδους
2523 2692 2538 2717 ,
2574 2651 2692 2714 πῶς
2720 2651 2786 2706 ἂν
2821 2652 2921 2723 μία
2963 2652 3021 2704 αἱ
3046 2651 3143 2706 δύο
3169 2649 3418 2719 λέγοιτο;
3447 2650 3597 2720 τρεῖς
3627 2648 3739 2719 γὰρ

2156 2745 2488 2817 εὑρίσκομεν
2519 2741 2621 2797 καὶ
2651 2743 2847 2812 μόνους
2877 2743 3135 2812 τρόπους,
3165 2740 3287 2796 καθ’
3318 2739 3413 2804 οὒς
3447 2740 3545 2810 μία
3574 2739 3743 2808 φύσις

2157 2837 2376 2906 λέγεται
2406 2878 2420 2897 ,
2445 2836 2506 2888 τὸ
2556 2836 2854 2904 λεγόμενον
2873 2851 2888 2866 ο
2923 2835 2956 2904 ἢ
2991 2834 3102 2906 γὰρ
3149 2835 3208 2887 τὸ
3244 2829 3386 2897 εἶδος
3417 2826 3556 2886 εἶναι
3576 2871 3591 2896 ,
3617 2831 3650 2902 ἢ
3680 2830 3744 2883 τδ

2157 2923 2253 2978 τοῦ
2289 2923 2457 2976 αὐτοῦ
2495 2924 2671 2986 εἴδους
2713 2923 2988 2992 μετέχειν,
3026 2924 3060 2994 ἢ
3091 2923 3154 2976 τὸ
3195 2922 3340 2975 κατά
3384 2922 3646 2992 σύγχυσιν
3684 2919 3745 2989 ὲξ

2159 3014 2476 3085 ἐτεροειδῶν
2528 3015 2828 3086 ἑτεροειδὲς
2875 3014 3343 3079 ἀποτετέλεσται,
3389 3014 3417 3066 ὃ
3476 3005 3766 3084 ἐκατέρου

2163 3105 2411 3175 μετέχον,
2441 3105 2548 3159 οὐδ’
2583 3105 2847 3176 ὁπότερον
2877 3097 3138 3177 καθαρῶς
3165 3108 3340 3171 ἐστιν,
3376 3108 3443 3177 ἥν
3471 3104 3566 3158 καὶ
3589 3103 3746 3158 νόθον

475 3202 626 3272 cipat
680 3199 954 3270 speciem;
994 3207 1089 3253 aut
1138 3197 1287 3268 quod
1343 3197 1668 3252 confusione
1721 3210 1790 3250 ex
1823 3193 2060 3249 diversis

2167 3197 2428 3251 καλοῦσιν
2459 3199 2509 3252 οἱ
2540 3199 2670 3271 περὶ
2695 3197 2894 3253 ταῦτα.
2984 3213 2987 3216 ’

477 3292 770 3364 speciebus
797 3292 1014 3347 diversa
1041 3290 1224 3360 Specie
1245 3290 1504 3344 effectum
1535 3298 1638 3354 est,
1672 3287 1821 3358 quod
1849 3288 2136 3357 utriusque
2179 3292 2477 3363 particeps,
2543 3309 2646 3347 nec
2710 3293 3034 3349 alterutrum
3065 3309 3202 3366 pure
3261 3302 3366 3350 est.
3429 3293 3603 3361 Quam
3649 3305 3746 3347 na-

463 3395 660 3439 ‘turam
687 3383 1054 3439 adulterinam
1092 3391 1309 3445 vocant,
1342 3381 1436 3452 qui
1469 3380 1586 3435 haec
1620 3387 1876 3434 tractant.

540 3542 844 3606 Praeterea,
881 3553 950 3592 ne
1001 3536 1124 3592 duae
1173 3546 1384 3592 naturae
1417 3535 1471 3590 in
1508 3533 1731 3590 Christo
1786 3533 2063 3597 dicantur,

485 3631 802 3706 huiusmodi
859 3629 1235 3684 dubitationes
1280 3627 1744 3698 opponitisznon
1809 3626 1957 3681 enim
2008 3633 2068 3678 ut

483 3727 643 3788 duas,
673 3732 730 3780 et
783 3736 946 3776 unam
979 3720 1123 3776 sicut
1169 3721 1222 3773 in
1253 3717 1415 3773 nobis
1444 3717 1661 3785 dicatis,
1689 3717 1783 3774 sed
1820 3726 1881 3772 ut
1903 3731 2068 3772 unam

483 3817 655 3871 solam
689 3832 702 3867 :
741 3812 872 3868 hinc
904 3812 1050 3866 enim
1082 3810 1240 3865 vobis
1266 3809 1432 3865 etiam
1457 3823 1567 3863 non
1593 3808 1911 3862 volentibus
1946 3821 2066 3876 pas-

485 3910 569 3964 sio
598 3903 939 3961 confusionis
972 3903 1198 3973 insuper
1226 3901 1472 3967 advenil,
1503 3908 1560 3954 et
1588 3914 1691 3954 nec
1718 3899 1903 3970 passio
1930 3897 2072 3954 divi-

486 4001 661 4056 sionis
710 3996 937 4052 recedit.
976 3995 1098 4050 Non
1139 3994 1288 4048 enim
1336 4007 1563 4048 necesse
1597 4000 1684 4047 est
1742 3997 1804 4043 ut
1833 4006 1940 4044 una
1968 4005 2069 4043 na-

489 4103 611 4149 tura
642 4103 815 4144 .unum
861 4102 1093 4142 numero
1136 4086 1229 4151 sit,
1260 4085 1509 4155 quinimo
1538 4091 1648 4137 tam
1677 4083 1870 4147 multa,
1901 4091 1958 4137 et
1993 4089 2072 4136 tot

489 4194 744 4244 numero,
773 4187 910 4248 quot
963 4184 1094 4232 sunt
1139 4176 1464 4247 hypostases
1505 4171 1845 4242 complentes
1896 4169 2069 4234 ipsam

490 4281 768 4329 naturam.
793 4266 1219 4323 Consideremus
1245 4264 1410 4320 etiam
1436 4263 1517 4318 sic
1547 4279 1559 4315 :
1585 4276 1706 4331 quae
1733 4268 1862 4315 sunt
1891 4259 2072 4314 eidem

488 4361 745 4435 aequalia,
772 4358 919 4413 inter
959 4374 1017 4414 se
1047 4366 1177 4415 sunt
1217 4356 1471 4426 aequalia.
1513 4352 1869 4409 Describatur
1898 4352 2070 4407 trian-

492 4457 655 4525 gulus
680 4443 1039 4521 mquilaterus
1074 4447 1466 4519 rectangulus:
1501 4455 1563 4502 ut
1612 4446 1760 4500 enim
1809 4459 1868 4497 se
1907 4443 2074 4497 habet

469 4551 730 4619 primum
767 4550 911 4604 latus
941 4546 1008 4600 ad
1052 4541 1380 4598 secundum.
1415 4549 1470 4592 et
1519 4536 1825 4592 secundum
1863 4535 1930 4590 ad
1962 4543 2074 4590 ter-

496 4643 659 4705 tium,
695 4641 772 4694 ita
811 4655 868 4694 se
920 4637 1086 4690 habet
1115 4633 1352 4703 primum
1390 4631 1458 4684 ad
1499 4638 1830 4684 extremum.
1880 4626 2074 4682 Scribe

2239 3533 2350 3587 Καὶ
2397 3531 2573 3596 ἄλλως
2634 3533 2722 3586 ἐπ’
2754 3534 3036 3607 ἀναιρέσει
3093 3535 3186 3590 τοῦ
3247 3537 3342 3590 δύο
3393 3537 3614 3607 λέγειν,
3647 3542 3748 3606 τὰς

2169 3623 2424 3687 τοιαύτας
2453 3625 2833 3696 ἐπαπορήσεις
2867 3627 3198 3698 προΐσχεσθε
3228 3644 3241 3653 ⁸
3272 3631 3330 3682 ού
3373 3630 3480 3702 γὰρ
3525 3631 3614 3686 ἵνα
3652 3635 3750 3688 καὶ
3801 3651 3804 3654 '

2169 3714 2262 3768 δύο
2288 3715 2382 3768 καὶ
2414 3715 2566 3786 μίαν,
2598 3716 2788 3788 ῶσπερ
2813 3717 3072 3782 ἐνταῦθα,
3108 3720 3325 3790 εἴπητε,
3357 3721 3472 3776 ἀλλ’
3501 3721 3589 3778 ἵνα
3617 3725 3752 3795 μίαν

2175 3807 2371 3878 μόνην·
2398 3807 2650 3861 ἐντεῦθεν
2673 3809 2781 3881 γὰρ
2813 3811 2911 3864 καὶ
2940 3811 3017 3883 μὴ
3051 3811 3398 3884 βουλομένοις
3425 3815 3633 3886 ύμίνεὸ
3651 3819 3753 3888 τῆς

2173 3899 2492 3970 συγχύσεως
2523 3900 2747 3955 ἐπιπλεῖ
2779 3901 2974 3967 πάθος.
3003 3905 3122 3957 Καὶ
3163 3904 3288 3958 οὗτε
3320 3907 3379 3959 τὸ
3413 3906 3514 3976 τῆς
3542 3908 3752 3980 διαιρέ-

2174 4008 2312 4055 eam;
2355 3992 2634 4064 ὑποχωρεῖ
2656 4010 2668 4024 ·
2699 3992 2762 4046 ού
2813 3993 2921 4066 γάρ
2951 3995 3166 4067 ἀνάγκη
3211 3997 3311 4068 τὴν
3340 3997 3469 4068 μίαν
3504 3999 3664 4068 φύσιν
3694 3999 3753 4054 ἓν

2173 4080 2314 4136 εἶναι
2370 4083 2449 4154 τῷ
2501 4084 2762 4156 ἀριθμῷ-
2793 4087 2843 4140 εί
2895 4087 2971 4159 μὴ
3015 4090 3112 4142 καὶ
3165 4089 3400 4158 μάλιστα
3441 4091 3612 4147 πολλά
3658 4094 3755 4148 καὶ

2173 4170 2414 4252 τοσαῦτα
2435 4172 2513 4242 τῷ
2551 4174 2772 4246 ἀριθμῷ
2802 4175 2911 4246 εἴη,
2934 4177 3056 4233 ὅσαι
3088 4179 3183 4230 καὶ
3223 4179 3278 4232 αί
3332 4181 3754 4255 συμπληροῦσαι

2175 4264 2344 4334 αὐτὴν
2362 4265 2500 4320 εἰσιν
2524 4265 2873 4332 ὑποστάσειςο
2890 4269 3186 4340 σκοπῶμεν
3211 4270 3268 4324 δὲ
3298 4271 3393 4325 καὶ
3422 4271 3750 4345 οὖτως(22)·

2176 4354 2255 4406 Τὰ
2315 4353 2394 4425 τῷ
2438 4354 2589 4426 αὐτῷ
2636 4355 2747 4422 ἶσα,
2780 4359 2875 4411 καὶ
2919 4358 3196 4429 ἀλλήλοις,
3237 4363 3423 4430 φασὶν,
3455 4362 3605 4418 ἐστιν
3641 4365 3753 4423 ίσα.

2176 4444 2396 4500 Κείσθω
2436 4446 2499 4518 δὴ
2536 4448 2594 4500 ὲν
2636 4448 3018 4520 διαγράμματι
3070 4451 3406 4524 ίσόπλευρον,
3431 4455 3758 4527 ὀρθογώνιον

2174 4539 2475 4608 τρίγωνον*
2513 4541 2590 4605 ὡς
2624 4541 2731 4614 γὰρ
2773 4543 2888 4613 ἔχει
2924 4545 2957 4614 ἡ
2999 4546 3194 4616 πρώτη
3235 4547 3447 4620 πλευρὰ
3485 4551 3625 4622 πρὸς
3653 4551 3758 4623 τὴν

2176 4631 2458 4701 δευτέραν,
2493 4634 2588 4686 καὶ
2641 4635 2672 4704 ἡ
2720 4634 2956 4706 δευτέρα
3011 4639 3151 4710 πρὸς
3202 4640 3301 4712 τὴν
3340 4642 3552 4715 τρίτην,
3583 4643 3759 4707 οὕτως

497 4731 666 4800 igitur
709 4729 808 4783 tria
861 4729 1032 4782 latera
1059 4724 1191 4794 (21),
1224 4730 1283 4776 et
1313 4720 1380 4774 da
1425 4729 1536 4774 tres
1568 4733 1833 4787 personas
1854 4717 1906 4770 in
1937 4733 2060 4772 uno.

2179 4722 2294 4792 ἔχει
2347 4724 2443 4776 καὶ
2496 4726 2530 4794 ἡ
2579 4724 2771 4796 πρώτη
2825 4729 2963 4797 πρὸς
3013 4729 3112 4800 τὴν
3167 4731 3508 4788 τελευταίαν.
3538 4733 3759 4804 Γράψον

495 4793 719 4894 (ιῖιοίιιιο
776 4820 982 4883 latere;
1036 4824 1113 4870 et-
1143 4813 1406 4882 reperies,
1435 4810 1582 4880 quod
1624 4810 1771 4863 sicut
1809 4824 1868 4863 se
1906 4809 2060 4863 habet

2178 4813 2272 4868 οὖν
2313 4816 2410 4879 τὰς
2448 4793 2600 4886 τρεῖς
2627 4793 2913 4888 πλευρὰς,
2938 4821 3032 4875 καὶ
3068 4793 3171 4887 ’δὺς
3220 4824 3349 4895 τρία
3377 4793 3762 4896 πρόσωπα,’ἓν

471 4914 738 4985 ,primum
779 4911 846 4966 ad
888 4907 1156 4969 medium,
1179 4913 1236 4961 et
1269 4903 1513 4958 medium
1535 4900 1604 4956 ad
1630 4909 1962 4966 extremum,
1996 4901 2070 4956 ita

499 5021 556 5062 se
579 5003 808 5059 habebit
831 5001 1070 5072 primum
1101 4997 1168 5054 ad
1206 5005 1535 5052 extremum.
1572 4993 1753 5060 Quare
1775 4993 1891 5048 haec
1922 4995 2081 5050 dico?

497 5097 636 5162 Quia
677 5095 720 5151 si
767 5093 910 5149 datis
965 5091 1070 5146 dici
1109 5105 1272 5144 unam
1305 5086 1466 5141 Verbi
1491 5097 1546 5141 et
1569 5084 1751 5139 carnis
1800 5094 2076 5150 naturam,

503 5345 1099 5418 ipsoicommunicatur
1127 5341 1429 5418 secundum
1473 5352 1775 5418 naturam;
1807 5340 1904 5396 sed
1961 5356 2074 5418 non

483 5411 834 5478 praedicatur
891 5415 1239 5471 individuum
1298 5412 1368 5466 de
1430 5420 1645 5478 natura,
1703 5413 1913 5466 directa
1979 5411 2086 5465 sci-

487 5440 496 5448 “
540 5435 834 5472 mulcatur
891 5435 1239 5471 ιιιαινιαιιυηι
1298 5435 1368 5466 ue
1430 5435 1645 5478 natura,
1703 5435 1913 5466 urrcua
1979 5435 2086 5465 SCI-

487 5435 634 5544 ’ἤτοι
692 5496 748 5542 et
801 5485 1002 5541 usitata
1066 5483 1492 5552 praedicatione;
1555 5498 1664 5536 non
1731 5483 1880 5552 enim
1946 5480 2086 5534 dici-

502 5572 627 5614 mus
671 5573 685 5611 :
728 5557 904 5610 Homo
938 5564 1024 5608 est
1054 5550 1272 5609 Petrus.
1321 5551 1524 5607 Contra
1564 5567 1696 5606 vero
1747 5550 1806 5604 fit
1843 5551 1898 5604 in
1930 5565 2085 5616 com-

503 5625 881 5682 municatione
966 5624 1359 5678 universalium
1410 5621 1477 5676 ad
1553 5621 1934 5692 particularia.
1989 5619 2088 5692 Est

483 5697 656 5752 enim
719 5695 836 5751 haec
891 5694 1319 5749 communicatio
1379 5690 1686 5748 secundum
1761 5690 2086 5760 appellatio—

489 5780 634 5820 .mem
659 5780 754 5832 seu
790 5763 1266 5834 praedicationem,
1281 5778 1420 5834 cum
1469 5761 1802 5834 universalia
1847 5761 1916 5815 de
1963 5775 2087 5834 par—

466 5829 833 5902 ,neularibu's
872 5835 1084 5890 directa
1106 5832 1512 5904 prmdicalione
1561 5830 1965 5903 praediceutur;
1995 5829 2078 5884 di-

2183 4908 2270 4974 ὲφ’
2298 4907 2505 4980 ἑκάστῃ
2560 4909 2793 4981 πλευρᾷ,
2825 4913 2918 4964 καὶ
2978 4915 3235 4984 εὑρήσεις
3287 4918 3369 4970 ὅτι
3431 4918 3506 4982 ὡς
3547 4918 3662 4988 ἔχει
3699 4920 3763 4974 τὺ

2185 4996 2404 5068 πρῶτον
2430 4999 2565 5068 πρὸς
2589 4999 2649 5051 τὸ
2684 5000 2870 5070 μέσον,
2901 5003 2997 5056 καὶ
3027 5005 3084 5057 τὸ
3115 5006 3282 5075 μέσον
3309 5009 3445 5076 πρὸς
3485 5009 3546 5062 τὸ
3571 5011 3764 5064 τελευ-

2184 5089 2354 5154 ταῖον,
2388 5088 2562 5152 οὕτως
2602 5091 2716 5154 ἔξει
2766 5093 2861 5146 καὶ
2914 5093 2976 5145 τὸ
3023 5095 3240 5165 πρῶτον
3289 5097 3426 5169 πρὸς
3455 5099 3518 5152 τὸ
3572 5100 3761 5154 τελευ-

2183 5342 2358 5397 cimus
2423 5342 2571 5396 enim
2613 5361 2626 5397 :
2679 5344 2876 5401 Petrus
2937 5347 3208 5402 esthomo.
3249 5349 3384 5403 Tua.

3394 5441 3634 5497 Verbum

2260 5504 2370 5576 (2i)
2404 5504 2582 5561 Scribe
2623 5509 2786 5579 igitur
2832 5511 2938 5565 tria
3008 5511 3202 5565 latera.
3262 5513 3580 5568 Pater...A..
3611 5529 3774 5596 carmx

2516 5616 2646 5655 caro
2980 5604 3146 5658 Pater

2257 5668 2823 5728 Yerbum..A..Pater.
2860 5687 2990 5727 caro
3043 5677 3080 5725 Δ
3125 5675 3388 5730 Verbum.
3419 5675 3492 5730 in.

2261 5762 2369 5832 (2‘2)
2399 5763 2584 5820 Schol.
2629 5764 3138 5836 Ἀριστοτέλους,ώς
3164 5767 3270 5822 ἀπὸ
3303 5766 3583 5823 Εύκλίδου.
