4120 6476
396 391 534 457 1%3

1455 397 1756 459 CONTRA
1784 399 2102 462 NESTOR.
2142 402 2237 464 ET
2277 407 2595 468 EUTYCH.

3515 413 3653 478 1294

394 509 564 562 τατον.
606 507 704 559 Διά
751 505 803 560 τί
836 505 900 579 δὴ
940 505 1114 562 ταῦτά
1150 525 1340 578 φημις
1378 509 1502 563 ’Ὁτι
1545 511 1594 564 εί
1625 510 1815 574 δώσεις
1844 511 1969 581 μίαν

2076 516 2416 573 confitemini
2450 527 2578 574 ante
2615 535 2778 574 unam
2812 535 2932 576 esse
2960 531 3214 577 naturam
3257 525 3419 580 Verbi
3460 535 3517 580 et
3551 527 3650 580 Pa—

393 595 650 665 λέγεσθαι
705 596 798 650 τοῦ
827 598 1003 667 Λόγου
1038 600 1133 652 καὶ
1186 599 1289 670 τῆς
1320 600 1521 670 σαρκὸς
1552 602 1715 671 φύσιν
1736 645 1750 668 ,
1780 604 1972 672 ὁμολο-

393 692 541 759 γεῖτε
565 689 622 743 δὲ
654 689 751 760 μία
776 689 939 758 φύσις
967 684 1107 744 εἶναι
1140 690 1234 744 τοῦ
1266 691 1443 760 Λόγου
1475 693 1569 747 καὶ
1595 691 1690 759 τοῦ
1733 693 1968 763 Πατρὸςο

391 779 595 836 δώσετε
624 781 739 853 ἄρα,
770 781 898 852 μίαν
942 781 1106 852 φύσιν
1139 777 1280 838 εῖναι
1335 783 1438 853 τῆς
1489 785 1693 854 σαρκὸς
1723 787 1822 838 καὶ
1872 786 1967 839 τοῦ

388 874 630 948 Πατρός.

471 1009 490 1043 ι
537 989 684 1043 Ἀλλ’
725 989 790 1042 οὐ
819 989 1050 1061 λέγομεν
1071 1029 1087 1054 ,
1119 991 1252 1060 φασὶ
1277 1029 1293 1055 ,
1324 991 1402 1059 τῷ
1434 991 1581 1062 αύτῷ
1620 993 1810 1064 τρόπῳ
1839 995 1970 1065 μίαν

391 1083 673 1154 ἑκατέρων
729 1077 869 1135 εἶναι
934 1081 1118 1153 φύσιν,
1163 1082 1276 1136 ἀλλ’
1315 1084 1410 1136 ἐπὶ
1469 1083 1567 1154 μὲν
1619 1086 1834 1156 nam;
1878 1087 1973 1140 καὶ

392 1175 524 1230 Υίοῦ
550 1217 565 1240 ,
595 1175 674 1246 τῷ
702 1174 884 1245 ταυτῷ
913 1175 1013 1245 τῆς
1047 1175 1264 1246 φύσεως
1284 1216 1300 1242 ,
1336 1177 1569 1230 ἐνταῦθα
1599 1178 1662 1231 δὲ
1710 1178 1788 1248 τῷ
1825 1180 1970 1254 λόγῳ

388 1271 490 1340 τῆς
517 1267 768 1330 ὲνὼσεως
789 1285 807 1305 ο
841 1267 1038 1322 ούκοῦν
1063 1269 1122 1321 ού
1150 1270 1347 1324 ταυτὸν
1385 1269 1449 1321 τὸ
1489 1273 1553 1340 τῇ
1583 1270 1775 1325 ἐνώσει
1804 1271 1860 1325 ἓν
1885 1273 1974 1326 λε-

387 1361 644 1430 γόμενονη
673 1360 768 1412 καὶ
796 1357 858 1411 τὸ
880 1360 943 1429 τῇ
977 1358 1139 1428 φύσει
1165 1360 1244 1413 ἓν,
1283 1377 1303 1412 ι
1340 1358 1407 1413 Εἰ
1429 1359 1487 1414 δὲ
1511 1361 1570 1414 ού
1599 1361 1818 1426 ταυτὸν,
1849 1366 1970 1418 κατ’

387 1453 518 1507 ἄλλο
543 1451 644 1522 μὲν
677 1454 886 1516 ἐκεῖνο,
920 1453 1042 1505 καθ’
1069 1452 1260 1523 ἕτερον
1303 1451 1360 1506 δὲ
1384 1452 1546 1507 τοῦτο
1566 1468 1582 1485 ·
1607 1455 1763 1509 ἔσται
1794 1456 1972 1512 τοίνυν

387 1544 450 1597 τὸ
495 1543 628 1597 αὐτὸ
652 1543 720 1597 ἓν
752 1545 846 1597 καὶ
875 1544 970 1597 δύο
998 1583 1013 1608 ,
1049 1543 1107 1597 ὲν
1140 1543 1242 1614 μὲν
1280 1547 1346 1616 τῇ
1380 1543 1604 1610 ἐνὼσει,
1634 1546 1727 1600 δύο
1754 1547 1812 1602 δὲ
1852 1551 1972 1612 ταῖς

387 1635 636 1706 φύσεσιν.
663 1636 725 1688 Εἰ
745 1635 801 1689 δὲ
828 1636 904 1705 μὴ
931 1634 1113 1698 τοῦτο,
1137 1636 1291 1688 ἔσται
1317 1637 1377 1689 τὸ
1408 1638 1542 1690 αὐτὸ
1585 1640 1732 1694 κατά
1753 1640 1814 1694 τὺ
1839 1641 1975 1696 αὐτὸ

385 1729 483 1784 καὶ
502 1728 812 1799 ὁμοούσιον,
828 1728 923 1781 καὶ
945 1728 1165 1800 ἑτεροού
1175 1746 1308 1794 σιον,
1340 1730 1436 1784 καὶ
1467 1731 1575 1801 μία
1594 1731 1776 1801 φύσις,
1795 1735 1888 1787 καὶ
1908 1734 1971 1787 ού

385 1821 488 1892 μία
507 1819 688 1891 φύσις·
710 1815 772 1875 οῦ
798 1821 850 1875 τί
868 1820 933 1874 ἂν
956 1821 1167 1889 γένοιτο
1183 1823 1531 1894 ἀτοπώτερον
1550 1843 1564 1890 ;
1583 1824 1771 1889 Οὕτως
1791 1826 1916 1896 ὑμῖν
1934 1828 1968 1898 ἡ

2074 608 2174 663 tris
2215 626 2228 661 :
2265 609 2469 666 dabitis
2511 611 2678 683 igitur
2701 628 2872 668 unam
2908 629 3037 670 esse
3076 625 3343 677 naturam
3379 616 3565 671 carnis
3594 626 3657 672 et

2068 701 2268 756 Patris.

2148 985 2166 1017 ι
2206 966 2294 1030 At,
2325 968 2608 1036 inquiunt,
2647 985 2755 1024 non
2787 972 3027 1029 dicimus
3055 975 3258 1030 eodem
3287 975 3458 1032 modo
3485 995 3652 1035 unam

2070 1071 2189 1111 esse
2243 1059 2535 1130 utriusque
2581 1070 2867 1130 naturam;
2897 1065 2994 1120 sed
3029 1067 3082 1120 in
3125 1069 3287 1124 Patre
3319 1078 3371 1125 et
3401 1069 3541 1126 Filio
3562 1086 3655 1126 ea-

2070 1144 2196 1202 dem
2223 1150 2437 1205 ratione
2465 1159 2710 1219 naturae;
2745 1153 2838 1210 hic
2888 1162 3072 1212 autem
3109 1157 3164 1212 in
3186 1158 3409 1214 Christo
3437 1161 3652 1216 ratione

2072 1239 2322 1308 unionis;
2354 1257 2484 1313 ergo
2516 1258 2626 1298 non
2661 1253 2745 1300 est
2780 1246 2927 1301 idem
2964 1248 3110 1318 quod
3138 1249 3341 1306 unione
3365 1268 3537 1306 unum
3565 1251 3652 1306 di-

2071 1331 2239 1398 citur,
2265 1340 2321 1387 et
2377 1334 2524 1404 quod
2569 1345 2770 1392 natura
2824 1356 3018 1394 unum.
3062 1360 3080 1393 ι
3113 1341 3168 1397 Si
3205 1351 3388 1398 autem
3426 1360 3536 1398 non
3569 1352 3654 1399 est

2071 1422 2239 1488 idem,
2293 1427 2597 1481 secundum
2641 1429 2790 1485 aliud
2843 1432 3068 1501 quidem
3123 1434 3295 1501 illud;
3346 1437 3652 1492 secundum
3707 1441 3719 1452 '

2069 1531 2200 1570 vero
2255 1515 2404 1570 aliud
2434 1517 2540 1573 hoc
2573 1538 2587 1572 :
2620 1536 2790 1590 quare
2842 1522 2950 1578 erit
2998 1524 3146 1579 idem
3198 1541 3390 1590 unum,
3424 1537 3480 1582 et
3507 1527 3650 1594 duo;

2072 1623 2244 1662 unum
2278 1609 2502 1678 quidem
2545 1612 2784 1680 unione;
2823 1613 2934 1670 duo
2963 1632 3096 1671 vero
3126 1619 3343 1690 naturis
3381 1635 3392 1671 :
3427 1619 3572 1689 quod
3605 1620 3654 1674 si

2071 1715 2182 1755 non
2223 1701 2356 1767 hoc,
2389 1705 2496 1758 erit
2527 1705 2672 1760 idem
2713 1709 3018 1763 secundum
3059 1710 3206 1765 idem
3231 1721 3288 1766 et
3312 1714 3486 1767 unius
3518 1714 3655 1768 sub-

2070 1794 2311 1860 stantia),
2332 1803 2386 1849 et
2406 1795 2639 1854 diversae
2661 1800 3011 1869 substantiae;
3033 1820 3143 1874 quo
3160 1805 3294 1875 quid
3319 1822 3444 1862 esse
3473 1815 3654 1876 potest

387 1884 488 1983 μία
509 1884 671 1982 φύσις
698 1884 989 1982 λεγομένης
1011 1915 1107 1967 καὶ
1136 1913 1234 1984 τὴν
1265 1884 1532 1986 διαίρεσιν
1553 1884 1656 1969 ὀὐκ
1685 1884 1968 1987 ἐξεφύγεν;

2072 1884 2249 1954 magis
2289 1885 2626 1942 absurdum?
2660 1890 2749 1946 Sic
2787 1893 2946 1947 vobis
2973 1911 3082 1949 una
3105 1893 3329 1963 natura,
3361 1912 3528 1966 quam
3563 1898 3651 1952 di-

385 2007 452 2076 ἢν
471 2005 586 2076 ἔχει
607 2007 641 2077 ἡ
672 2004 837 2074 φύσις
858 2007 914 2058 ἐν
945 2005 1022 2076 τῷ
1044 2006 1237 2077 πλήθει
1263 2006 1370 2062 τῶν
1404 2009 1804 2064 κοινωνούντων
1827 2011 1966 2082 αὐτῇ

386 2097 699 2167 προσώπων
719 2096 862 2168 (25),
897 2098 991 2151 καὶ
1015 2099 1114 2168 τὴν
1147 2098 1411 2169 σύγχυσιν
1444 2102 1859 2172 παρεισήγαγεν
1909 2105 1967 2156 ἐν

386 2190 465 2260 τῷ
505 2190 690 2261 ταυτῷ
738 2191 839 2258 τῆς
869 2189 1135 2244 συνθέτου
1168 2191 1387 2260 φύσεως
1415 2234 1430 2259 ,
1467 2193 1527 2246 τὸ
1550 2194 1661 2247 οὐδ’
1705 2196 1967 2266 ὁπότερον

385 2283 494 2335 τῶν
521 2283 820 2354 ᾐνωμένων
844 2287 983 2356 μετὰ
1009 2288 1110 2356 τὴν
1141 2287 1336 2340 ἕνωσιν
1362 2289 1768 2358 παραστήσασα
1791 2306 1806 2320 ·
1835 2290 1968 2360 ἡμῖν

383 2377 442 2430 δὲ
457 2378 719 2448 ἑκάτερα,
755 2379 851 2432 σὺν
877 2377 997 2449 Θεῷ
1027 2381 1217 2447 φᾶναι,
1243 2379 1428 2443 καλῶς
1463 2379 1830 2450 πεφύλακται,
1868 2382 1969 2435 καὶ

381 2469 448 2522 τὸ
474 2469 737 2540 διάφορον
768 2469 878 2524 τῶν
904 2470 1225 2542 ἡνωμένων,
1256 2471 1359 2527 κάν
1384 2475 1451 2544 τῇ
1478 2473 1674 2527 ἐνώσει
1699 2473 1776 2544 τῷ
1806 2473 1969 2545 διττῷ

381 2562 486 2632 τῆς
534 2561 750 2631 φύσεως
805 2562 1315 2633 καταγγελλόμενον
1341 2603 1355 2629 ,
1382 2565 1478 2619 καὶ
1529 2566 1593 2619 τὸ
1640 2567 1838 2620 ταυτὸν
1875 2567 1968 2620 τοῦ

386 2651 688 2722 προσώπου
707 2694 722 2720 ,
754 2652 843 2707 διὰ
869 2653 969 2723 τῆς
998 2671 1108 2707 των
1133 2656 1436 2726 ἡνωμὲνων
1471 2657 1688 2726 φύσεων
1725 2660 1806 2725 είς
1839 2659 1970 2730 μίαν

385 2744 685 2801 ὑπόστασιν
711 2745 1025 2816 συνδρομῆς
1053 2747 1655 2820 ἀνακεφαλαιούμενον.

458 2947 480 2979 ε
518 2924 717 2989 Καθὼς
735 2941 830 2979 ’σοι
857 2924 1005 2990 εδοξε
1035 2926 1419 2997 προδιεστείλω
1444 2930 1540 2984 ἐπὶ
1563 2907 1658 2984 τοῦ
1685 2931 1812 2986 καθ’
1838 2933 1969 2988 ἕκα-

387 3036 514 3073 στον
541 3017 857 3090 ἀνθρώπου,
880 3017 974 3072 δύο
1004 3018 1261 3087 λέγεσθαι
1291 3019 1483 3090 φύσεις
1506 3023 1600 3076 καὶ
1625 3023 1756 3093 μίαν
1777 3041 1790 3056 °
1821 3025 1882 3090 ἐξ
1909 3019 1968 3080 οῦ

385 3112 439 3166 τί
461 3113 784 3178 ἀκολουθετ;
817 3111 891 3165 Τὸ
923 3112 1014 3165 ἐπὶ
1047 3113 1287 3182 Χριστοῦ
1328 3114 1402 3184 μὴ
1430 3114 1524 3168 δύο
1575 3116 1741 3186 μόνον
1779 3117 1970 3187 φύσεις

384 3208 710 3278 ὁμολογεῖν,
745 3206 886 3262 ἀλλά
931 3209 1028 3261 καὶ
1054 3211 1226 3279 τρεῖς.
1288 3209 1410 3273 Πῶς
1455 3211 1634 3266 τοίνυν
1675 3212 1736 3266 τὸ
1779 3213 1968 3285 ἕτερον
1994 3244 2036 3299 C

381 3300 784 3372 ὁμολογοῦντες
805 3339 822 3366 ,
891 3299 1146 3372 θάτερον·
1181 3300 1586 3369 ἀπαναίνεσθε;

386 3395 605 3464 ἀνάγκη
636 3394 731 3448 τοῦ
761 3394 944 3463 λόγου,
976 3393 1136 3447 τοῦτό
1163 3412 1222 3448 σε
1251 3394 1435 3464 λέγειν
1470 3397 1564 3450 καὶ
1593 3396 1667 3468 μὴ
1704 3397 1966 3469 βουλόμε-

384 3505 479 3540 νον
517 3487 864 3552 ὲξεόιάσατο.
905 3507 924 3540 ι
956 3487 1022 3539 Τί
1051 3483 1144 3540 οῦν
1178 3489 1340 3558 ἡμεῖς
1386 3489 1524 3558 πρὸς
1557 3488 1770 3556 ταῦτα;
1809 3491 1874 3542 Τί
1903 3508 1968 3559 γε

384 3582 596 3654 ἓτερον,
637 3582 670 3652 ἢ
696 3582 834 3651 ὅπερ
862 3581 954 3633 καὶ
987 3579 1224 3650 ἁρμόζον
1260 3579 1414 3633 ἐστὶν
1440 3581 1641 3648 αὐτοῖς,
1672 3584 1754 3636 ὅτι
1781 3584 1969 3653 Σοφία

379 3669 587 3741 ¹μωροῦ
613 3671 805 3732 ἐστιν,
831 3668 976 3723 κατά
1006 3670 1105 3741 τὴν
1131 3668 1382 3740 Γραφὴν,
1417 3670 1833 3736 ἀδιεξέταστὸι
1862 3676 1968 3730 λόξ-

387 3781 481 3834 rat
499 3755 524 3829 ;~
542 3764 680 3826 Τοὺς
703 3763 812 3832 γὰρ
832 3762 992 3826 ἰδίους
1013 3761 1202 3831 ὥσπερ
1226 3763 1286 3816 ού
1309 3761 1743 3834 διαμασώμενοι,
1768 3766 1863 3820 καὶ
1882 3767 1969 3820 διὰ

386 3853 547 3906 τοῦτο
571 3852 694 3906 οὐδὲ
732 3852 1032 3914 πέπτοντες
1061 3849 1274 3919 λόγους,
1303 3851 1366 3902 ἐκ
1395 3849 1578 3904 κακῶν
1607 3852 1704 3922 τῆς
1727 3851 1968 3922 ἀμαθίας

388 3946 605 4000 σιτείων
653 3944 859 4015 ὲρυγάς
911 3943 1043 4015 ἡμῖν
1087 3942 1182 3996 καὶ
1215 3942 1444 4011 ἀτμοὺς,
1492 3941 1606 4006 πῶς
1646 3942 1710 3995 ἂν
1746 3944 1970 4007 ἀλύπως

389 4038 640 4106 εἴποιμι,
673 4036 771 4089 καὶ
814 4034 920 4089 οὐκ
960 4033 1182 4096 εὒώδεις
1228 4034 1740 4103 ἀναπεμπάζουσιν.
1780 4036 1969 4104 Πάσης

385 4131 499 4202 γὰρ
536 4130 821 4201 ζητήσεως
853 4127 914 4180 τὸ
955 4125 1336 4197 ἀπορούμενον
1377 4124 1783 4197 διασκοπούσης
1807 4166 1821 4189 ,
1859 4127 1969 4179 κάκ

383 4218 498 4271 τῶν
549 4215 1001 4287 ὁμολογουμένων
1059 4212 1212 4283 αὐτῷ
1260 4212 1767 4283 συμπεραινούσης,
1807 4215 1855 4266 οἱ
1910 4213 1968 4266 δὲ

387 4308 537 4378 (οὐδὲ
583 4307 692 4381 γάρ
751 4308 858 4360 εἰσι
890 4307 1048 4376 σοφοὶ
1072 4346 1086 4371 ,
1120 4304 1195 4376 μὴ
1217 4304 1304 4358 ὅτι
1350 4304 1450 4374 τὴν
1482 4304 1861 4372 ἀπαιδευσίαν)
1892 4305 1967 4368 ὡς

383 4397 693 4470 ἀμφίϐολον
711 4397 773 4452 τὺ
801 4395 1235 4467 ὁμολογούμενον
1259 4397 1339 4460 εἰς
1373 4394 1656 4465 διάσκεψιν
1675 4395 1968 4468 προτιθέα-

385 4509 478 4547 σιν
503 4533 519 4558 ,
555 4492 650 4546 καὶ
677 4491 738 4545 τὸ
773 4489 1011 4561 φανερὸν
1044 4489 1118 4555 ὡς
1151 4489 1359 4558 ἀφανὲς
1393 4488 1826 4557 συλλογίζονται.
1856 4489 1968 4559 Τῆς

384 4585 496 4656 γὰρ
533 4582 826 4656 ἀνθρώπου
855 4583 1092 4652 φύσεως,
1125 4581 1267 4635 κατά
1299 4581 1397 4645 τὰς
1422 4581 1608 4644 κοινὰς
1637 4581 1854 4636 πάντων
1883 4581 1969 4634 ὲν-

383 4675 557 4739 νοίας,
591 4673 690 4745 τὴν
709 4672 888 4743 ψυχὴν
914 4672 1011 4724 καὶ
1043 4671 1104 4724 τὸ
1131 4671 1289 4741 σῶμα
1312 4669 1604 4741 δηλούσης,
1637 4670 1732 4723 καὶ
1765 4685 1964 4741 συσση-

391 4765 711 4836 μαινούσης,
743 4764 819 4826 ὡς
853 4763 1113 4826 πολλάκις
1145 4764 1302 4834 ἔφην,
1337 4762 1414 4833 τῷ
1450 4763 1555 4832 ὅλῳ
1591 4761 1660 4816 τὰ
1701 4763 1841 4833 μέρη
1863 4779 1877 4792 ·
1914 4763 1966 4816 oi.

383 4859 446 4913 δὲ
474 4859 536 4912 τὸ
563 4858 732 4912 πᾶσιν
758 4855 1234 4927 παρακεχωρηκδς
1263 4855 1361 4923 τῆς
1387 4855 1621 4921 ἐννοίας,
1645 4854 1720 4918 ὡς
1759 4855 1965 4928 ἄπορον

386 4947 760 5019 λαμϐάνουσιν
792 4963 807 4978 ο
836 4947 911 5009 ὡς
938 4945 1003 5000 ἀν
1045 4945 1096 4999 εἴ
1118 4963 1260 5009 τινος
1295 4946 1450 5016 ἡμῶν
1482 4946 1918 5017 ἀποφαινομένου
1947 4990 1962 5016 ,

385 5041 470 5094 ὅτι
503 5039 727 5093 διπλοῦν
746 5057 799 5092 τι
830 5039 1022 5109 χρῆμά
1046 5039 1194 5092 ἐστιν
1223 5040 1250 5092 ὁ
1274 5038 1584 5109 ἄνθρωπος,
1617 5041 1651 5110 ἢ
1682 5040 1843 5111 σῶμα
1868 5042 1967 5112 μό-

388 5148 482 5185 νον
508 5173 523 5196 ,
555 5129 590 5198 ἦ
619 5130 768 5202 ψυχὴ
813 5131 974 5200 μόνον
1000 5148 1014 5160 ·
1048 5130 1142 5183 καὶ
1173 5129 1263 5183 διὰ
1304 5129 1463 5182 τοῦτο
1495 5129 1707 5194 ἀξιοῦσι
1747 5133 1844 5185 καὶ
1872 5133 1966 5186 ἐπὶ

387 5220 630 5293 Χριστοῦ
679 5223 829 5293 τρεῖς
857 5220 1037 5288 λέγειν
1076 5219 1291 5290 φύσεις,
1326 5219 1402 5284 ὡς
1432 5222 1531 5290 οὐχ
1561 5221 1754 5294 ἱκανῆς
1797 5221 1966 5295 οὔσης

389 5311 490 5378 τῆς
519 5311 810 5386 ἀνθρώπου
837 5310 1053 5380 φύσεως
1079 5310 1482 5379 συνεπάγεσθαι
1508 5311 1675 5382 ἑαυτῇ
1702 5311 1772 5366 τά
1799 5313 1960 5386 μέρη.

389 5400 498 5454 Δύο
540 5400 647 5473 γὰρ
691 5407 882 5469 φύσεις
919 5397 1150 5468 λέγομεν
1183 5397 1241 5451 ού
1266 5396 1404 5450 Θεοῦ
1435 5396 1530 5449 καὶ
1574 5398 1775 5466 σαρκὸς
1796 5439 1808 5462 ,
1839 5397 1963 5452 οὒτε

1671 3303 1872 3376 καίπερ
1931 3307 1966 3377 ἡ

468 5615 487 5646 ⁸
519 5615 689 5672 Eccli.
718 5631 828 5682 ut,
861 5615 951 5670 21.

465 5782 585 5858 βε)
607 5781 667 5837 In
697 5796 870 5853 marg.
895 5782 1173 5839 τουτέστιν
1197 5780 1306 5838 τῶν
1330 5781 1467 5836 ὅλων
1499 5779 1821 5853 ἀνθρώπων.

2069 1977 2214 2045 citis,
2239 1995 2352 2034 non
2375 1980 2568 2054 eﬂ‘ugit
2587 1982 2917 2040 divisionem
2950 2003 3113 2057 quam
3141 1988 3309 2044 habet
3339 2000 3540 2045 natura
3594 1991 3653 2045 in

2070 2065 2423 2128 multitudine
2475 2090 2836 2143 personarum
2861 2080 3389 2136 communicantium
3427 2082 3556 2152 ipsi,
3595 2093 3653 2137 et

2070 2159 2453 2217 confusionem
2477 2163 2794 2221 introduxit
2820 2165 2875 2221 in
2909 2166 3198 2224 identitate
3246 2178 3459 2226 natura:
3502 2187 3654 2228 com-

2069 2251 2306 2316 positae,
2361 2269 2462 2308 nec
2508 2255 2842 2313 alterutrum
2889 2259 3167 2314 unitorum
3217 2271 3342 2330 post
3391 2263 3652 2318 unionem

2069 2339 2388 2396 exhibens:
2451 2344 2612 2399 nobis
2666 2355 2850 2401 autem
2899 2358 3235 2419 utrumque,
3289 2350 3385 2404 Dei
3452 2353 3649 2422 gratia.

2069 2432 2302 2500 pulchre
2362 2445 2642 2492 servatum
2707 2448 2792 2494 est
2844 2449 2901 2495 et
2944 2441 3263 2498 diﬂ'erentia
3319 2443 3600 2498 unitorum
3633 2487 3650 2510 ,

2070 2540 2235 2594 quam
2273 2528 2638 2596 praedicamus
2697 2531 2862 2587 etiam
2907 2533 2964 2587 in
3018 2535 3225 2591 unione
3286 2535 3524 2606 duplicis
3555 2554 3654 2592 na-

2072 2623 2230 2680 turae,
2251 2625 2309 2672 et
2342 2634 2448 2673 una
2482 2630 2647 2690 atque
2670 2623 2863 2678 eadem
2892 2639 3128 2694 persona
3161 2636 3395 2696 propter
3421 2642 3655 2684 concur-

2070 2721 2194 2760 sum
2218 2705 2453 2763 duarum
2492 2717 2818 2768 naturarum
2859 2713 3144 2770 unitarum
3188 2716 3245 2772 in
3283 2732 3451 2774 unam
3479 2719 3654 2791 hyp0~

2070 2797 2282 2853 stasim.

2151 2935 2168 2966 ι
2205 2915 2361 2971 Sicut
2391 2915 2492 2971 tibi
2537 2917 2716 2972 visum
2747 2927 2851 2984 est,
2893 2920 3202 2990 explicasti,
3230 2922 3286 2977 in
3316 2938 3654 2994 unoquoque

2067 3006 2297 3062 homine
2335 3007 2471 3062 duas
2504 3016 2752 3072 naturas,
2789 3018 2846 3064 et
2877 3025 3043 3065 unam
3072 3011 3214 3077 dici;
3240 3027 3306 3067 ex
3337 3029 3448 3084 quo
3492 3015 3655 3083 quid-

2073 3113 2200 3152 nam
2226 3098 2501 3168 sequitur,
2542 3099 2650 3154 nisi
2690 3100 2746 3154 in
2773 3100 2997 3156 Christo
3023 3119 3132 3158 non
3157 3104 3294 3159 duas
3318 3115 3529 3160 tantum
3547 3110 3652 3162 'na-

2074 3199 2226 3245 turas
2272 3190 2550 3256 conﬁteri,
2582 3191 2679 3247 sed
2733 3192 2898 3248 etiam
2959 3196 3108 3250 tres?
3140 3188 3428 3261 Quomodo
3480 3199 3652 3270 igitur

2072 3284 2308 3338 alterum
2332 3284 2683 3353 conﬁtentes,
2701 3287 2939 3342 alterum
2969 3291 3271 3344 recusatis?
3291 3307 3414 3346 cum
3444 3293 3654 3367 alioqui

2071 3377 2209 3432 ratio
2232 3380 2541 3435 necessaria
2562 3380 2668 3436 hoc
2689 3380 2850 3436 fateri
2867 3382 3120 3451 quamvis
3135 3387 3416 3441 nolentem
3434 3397 3612 3458 cogat.
3627 3409 3648 3443 ι

2070 3470 2212 3537 Quid
2250 3488 2350 3526 nos
2405 3472 2472 3527 ad
2524 3473 2839 3540 haec?Quid
2875 3475 3047 3539 aliud,
3075 3492 3239 3546 quam
3290 3481 3437 3548 quod
3468 3481 3523 3535 in
3555 3497 3653 3538 eos

2071 3563 2361 3617 convenit?
2397 3563 2675 3634 Sapientia
2715 3566 2849 3634 fatui
2872 3575 2968 3631 est,
3006 3578 3068 3623 ut
3099 3570 3179 3623 ait
3206 3568 3512 3638 Scriptura,
3541 3590 3654 3626 ser-

2072 3671 2248 3708 mones
2299 3673 2402 3708 non
2445 3659 2659 3727 expensi
2717 3675 2884 3729 neque
2930 3661 3306 3716 considerati”.
3336 3663 3470 3719 Cum
3502 3666 3650 3720 enim

2072 3762 2356 3802 sermones
2378 3763 2508 3804 suos
2533 3765 2643 3804 non
2673 3751 2967 3818 mandunt,
2991 3761 3046 3808 et
3075 3753 3282 3810 idcirco
3309 3771 3488 3826 neque
3515 3773 3652 3813 con-

2071 3847 2352 3908 coquunt;
2407 3856 2473 3894 ex
2527 3842 2686 3897 malis
2742 3843 2884 3899 cibis
2937 3844 3271 3915 insipientiae
3312 3848 3653 3917 ructationes

2071 3929 2230 3984 nobis
2280 3938 2335 3984 et
2383 3931 2588 3986 halitus
2628 3934 2926 4002 (quomodo
2961 3935 3109 3992 enim
3157 3937 3277 3992 sine
3330 3955 3538 3996 nausea
3595 3951 3653 3996 et

2068 4022 2292 4076 fastidio
2323 4023 2540 4077 dicam?
2569 4023 2584 4090 )
2617 4040 2729 4078 non
2765 4024 2909 4081 bene
2936 4027 3150 4083 olentes
3188 4030 3470 4086 emittunt.
3512 4032 3650 4088 Cum

2069 4132 2177 4168 non
2209 4115 2389 4170 omnis
2411 4117 2642 4186 quaestio
2682 4117 2830 4188 quod
2858 4119 2914 4174 in
2939 4119 3169 4177 dubium
3194 4123 3365 4186 venit,
3401 4125 3655 4180 conside-

2071 4212 2176 4271 ret,
2203 4212 2260 4259 et
2283 4221 2349 4260 ex
2379 4207 2660 4261 concessis
2697 4208 2970 4263 rationem
3002 4209 3335 4276 concludat;
3379 4213 3469 4268 isti
3515 4215 3650 4285 (non

2068 4296 2218 4351 enim
2264 4306 2396 4351 sunt
2446 4297 2724 4367 sapientes
2760 4300 2865 4354 nisi
2910 4301 2967 4354 in
3027 4301 3307 4370 inscitia),
3363 4305 3509 4374 quod
3566 4315 3652 4361 est

2067 4390 2138 4443 ab
2168 4389 2428 4444 omnibus
2467 4405 2814 4456 concessum,
2851 4400 3113 4462 tanquam
3151 4395 3381 4450 dubium
3409 4396 3462 4450 in
3499 4413 3648 4467 quae.

2071 4481 2249 4536 stione
2275 4491 2522 4551 ponunt;
2554 4490 2609 4538 et
2648 4483 2794 4552 quod
2835 4485 3210 4551 manifestum,
3248 4497 3511 4558 tanquam
3546 4491 3651 4546 ob-

2071 4588 2295 4628 scurum
2320 4573 2609 4630 inducunt.
2636 4575 2918 4646 Siquidem
2945 4587 3143 4634 natura
3161 4579 3423 4648 hominis,
3451 4597 3653 4639 secun-

1999 4645 2045 4701 Ῑ)
2075 4665 2203 4720 dum
2239 4681 2561 4722 communes
2593 4669 2841 4723 omnium
2872 4671 3148 4737 notiones,
3182 4674 3418 4730 animam
3433 4684 3491 4730 et
3522 4691 3651 4731 cor-

2074 4773 2180 4827 pus
2223 4757 2529 4829 signiﬁcat;
2558 4769 2614 4814 et
2646 4760 3050 4831 consigniﬁcat,
3084 4771 3146 4816 ut
3177 4779 3321 4835 saepe
3357 4764 3493 4831 dixi,
3520 4781 3649 4821 cum

2075 4860 2189 4905 toto
2221 4859 2426 4921 partes.
2467 4852 2560 4907 Isti
2591 4868 2725 4908 vero
2757 4853 2902 4923 quod
2936 4869 2966 4909 a
3001 4855 3336 4928 cogitatione
3399 4857 3649 4915 omnium

2074 4944 2321 5005 recessit.
2379 4951 2638 5013 tanquam
2691 4945 2922 5000 dubium
2970 4950 3413 5019 sumunt;quasi
3447 4951 3647 5020 aliquis

2070 5039 2321 5086 nostrum
2365 5031 2617 5098 aﬂirmet,
2650 5034 2798 5103 quod
2837 5035 3004 5089 homo
3045 5037 3370 5106 estaliquid
3420 5037 3643 5109 duplex,

2068 5122 2154 5177 vel
2183 5137 2386 5193 corpus
2434 5123 2635 5187 solum,
2667 5124 2754 5178 vel
2811 5126 2994 5180 anima
3025 5127 3168 5191 sola;
3200 5135 3256 5181 et
3285 5126 3411 5183 ideo
3452 5129 3643 5185 volunt

2068 5217 2253 5274 dicere
2287 5218 2344 5272 in
2367 5217 2586 5273 Christo
2611 5225 2722 5272 tres
2763 5225 3009 5285 naturas,
3041 5217 3197 5290 quasi
3232 5230 3433 5275 natura
3457 5221 3638 5277 homi-

2065 5313 2152 5366 nis
2178 5328 2287 5368 non
2320 5311 2454 5367 satis
2480 5312 2552 5366 sit
2580 5311 2648 5366 ad
2679 5310 3026 5367 inferendum
3051 5328 3238 5368 secum
3264 5323 3467 5384 partes.
3493 5314 3638 5372 Duas

2064 5403 2213 5458 enim
2261 5411 2488 5459 naturas
2531 5402 2790 5469 dicimus,
2820 5417 2932 5459 non
2962 5403 3059 5460 Dei
3107 5413 3164 5460 et
3211 5406 3413 5473 carnis,
3459 5418 3638 5476 nequ!
