  <div class='ocr_page' id='page_1' title='image "/cluster/home/n/w/nwhite01/storage/ocr_20150623/86:pt.1/coo.31924054869874/655.png"; bbox 0 0 4120 6490; ppageno 0'>
   <div class='ocr_carea' id='block_1_1' title="bbox 491 410 624 476">
    <p class='ocr_par' dir='ltr' id='par_1_1' title="bbox 491 410 624 476">
     <span class='ocr_line' id='line_1_1' title="bbox 491 410 624 476; baseline 0 -1"><span class='ocrx_word' id='word_1_1' title='bbox 491 410 624 476; x_wconf 72' lang='grc'><strong>1295</strong></span> 
     </span>
    </p>
   </div>
   <div class='ocr_carea' id='block_1_2' title="bbox 1756 400 2508 465">
    <p class='ocr_par' dir='ltr' id='par_1_2' title="bbox 1756 400 2508 465">
     <span class='ocr_line' id='line_1_2' title="bbox 1756 400 2508 465; baseline -0.008 0"><span class='ocrx_word' id='word_1_2' title='bbox 1756 404 2063 465; x_wconf 81' lang='lat' dir='ltr'><strong>LEONTII</strong></span> <span class='ocrx_word' id='word_1_3' title='bbox 2104 400 2419 462; x_wconf 77' lang='lat' dir='ltr'><strong>BYZANTI</strong></span> <span class='ocrx_word' id='word_1_4' title='bbox 2426 400 2508 461; x_wconf 85' lang='lat' dir='ltr'><strong>NI</strong></span> 
     </span>
    </p>
   </div>
   <div class='ocr_carea' id='block_1_3' title="bbox 3612 386 3750 450">
    <p class='ocr_par' dir='ltr' id='par_1_3' title="bbox 3612 386 3750 450">
     <span class='ocr_line' id='line_1_3' title="bbox 3612 386 3750 450; baseline -0.022 0"><span class='ocrx_word' id='word_1_5' title='bbox 3612 386 3750 450; x_wconf 68' lang='lat'><strong>1296</strong></span> 
     </span>
    </p>
   </div>
   <div class='ocr_carea' id='block_1_4' title="bbox 490 497 2064 584">
    <p class='ocr_par' dir='ltr' id='par_1_4' title="bbox 490 513 2064 584">
     <span class='ocr_line' id='line_1_4' title="bbox 490 513 2064 584; baseline -0.008 -7"><span class='ocrx_word' id='word_1_6' title='bbox 490 524 588 577; x_wconf 73' lang='lat' dir='ltr'><strong>Dei</strong></span> <span class='ocrx_word' id='word_1_7' title='bbox 616 521 901 583; x_wconf 77' lang='lat' dir='ltr'><strong>etanimze,</strong></span> <span class='ocrx_word' id='word_1_8' title='bbox 933 517 1030 573; x_wconf 88' lang='lat' dir='ltr'><strong>sed</strong></span> <span class='ocrx_word' id='word_1_9' title='bbox 1058 517 1153 572; x_wconf 87' lang='lat' dir='ltr'><strong>Dei</strong></span> <span class='ocrx_word' id='word_1_10' title='bbox 1184 528 1239 571; x_wconf 90' lang='lat' dir='ltr'><strong>et</strong></span> <span class='ocrx_word' id='word_1_11' title='bbox 1263 516 1522 572; x_wconf 83' lang='lat' dir='ltr'><strong>hominis.</strong></span> <span class='ocrx_word' id='word_1_12' title='bbox 1548 516 1658 571; x_wconf 83' lang='lat' dir='ltr'><strong>Nec</strong></span> <span class='ocrx_word' id='word_1_13' title='bbox 1678 516 1822 570; x_wconf 88' lang='lat' dir='ltr'><strong>enim</strong></span> <span class='ocrx_word' id='word_1_14' title='bbox 1847 513 2064 584; x_wconf 85' lang='lat' dir='ltr'><strong>proprie</strong></span> 
     </span>
    </p>
   </div>
   <div class='ocr_carea' id='block_1_5' title="bbox 2170 497 3753 584">
    <p class='ocr_par' dir='ltr' id='par_1_5' title="bbox 2171 497 3753 580">
     <span class='ocr_line' id='line_1_5' title="bbox 2171 497 3753 580; baseline -0.009 -18"><span class='ocrx_word' id='word_1_15' title='bbox 2171 511 2275 580; x_wconf 87' lang='grc' dir='ltr'><strong>μὴν</strong></span> <span class='ocrx_word' id='word_1_16' title='bbox 2309 506 2444 562; x_wconf 91' lang='grc' dir='ltr'>Θεοῦ</span> <span class='ocrx_word' id='word_1_17' title='bbox 2466 507 2561 561; x_wconf 75' lang='grc' dir='ltr'><strong>καὶ</strong></span> <span class='ocrx_word' id='word_1_18' title='bbox 2588 506 2789 576; x_wconf 77' lang='grc' dir='ltr'>ψυχῆς,</span> <span class='ocrx_word' id='word_1_19' title='bbox 2830 502 2966 558; x_wconf 85' lang='grc' dir='ltr'><strong>ἀλλά</strong></span> <span class='ocrx_word' id='word_1_20' title='bbox 2997 500 3134 554; x_wconf 87' lang='grc' dir='ltr'>Θεοῦ</span> <span class='ocrx_word' id='word_1_21' title='bbox 3172 498 3268 553; x_wconf 68' lang='grc' dir='ltr'>καὶ</span> <span class='ocrx_word' id='word_1_22' title='bbox 3298 497 3612 569; x_wconf 80' lang='grc' dir='ltr'>ἀνθρώπου.</span> <span class='ocrx_word' id='word_1_23' title='bbox 3644 498 3753 549; x_wconf 72' lang='grc' dir='ltr'><strong>Οὑ-</strong></span> 
     </span>
    </p>
   </div>
   <div class='ocr_carea' id='block_1_6' title="bbox 487 599 2061 674">
    <p class='ocr_par' dir='ltr' id='par_1_6' title="bbox 487 599 2061 674">
     <span class='ocr_line' id='line_1_6' title="bbox 487 599 2061 674; baseline -0.01 -7"><span class='ocrx_word' id='word_1_24' title='bbox 487 620 571 667; x_wconf 83' lang='lat' dir='ltr'><strong>est</strong></span> <span class='ocrx_word' id='word_1_25' title='bbox 608 622 802 665; x_wconf 89' lang='lat' dir='ltr'><strong>natura</strong></span> <span class='ocrx_word' id='word_1_26' title='bbox 843 607 1100 671; x_wconf 86' lang='lat' dir='ltr'><strong>hominis,</strong></span> <span class='ocrx_word' id='word_1_27' title='bbox 1136 616 1335 660; x_wconf 86' lang='lat' dir='ltr'><strong>natura</strong></span> <span class='ocrx_word' id='word_1_28' title='bbox 1376 605 1567 674; x_wconf 90' lang='lat' dir='ltr'><strong>partis.</strong></span> <span class='ocrx_word' id='word_1_29' title='bbox 1589 604 1767 669; x_wconf 83' lang='lat' dir='ltr'><strong>Quare</strong></span> <span class='ocrx_word' id='word_1_30' title='bbox 1797 602 1890 671; x_wconf 86' lang='lat' dir='ltr'><strong>qui</strong></span> <span class='ocrx_word' id='word_1_31' title='bbox 1921 599 2061 653; x_wconf 76' lang='lat' dir='ltr'><strong>dixit</strong></span> 
     </span>
    </p>
   </div>
   <div class='ocr_carea' id='block_1_7' title="bbox 490 692 2064 760">
    <p class='ocr_par' dir='ltr' id='par_1_7' title="bbox 490 692 2064 760">
     <span class='ocr_line' id='line_1_7' title="bbox 490 692 2064 760; baseline -0.009 -2"><span class='ocrx_word' id='word_1_32' title='bbox 490 703 767 757; x_wconf 90' lang='lat' dir='ltr'><strong>hominem</strong></span> <span class='ocrx_word' id='word_1_33' title='bbox 820 701 904 754; x_wconf 97' lang='lat' dir='ltr'><strong>vel</strong></span> <span class='ocrx_word' id='word_1_34' title='bbox 954 707 1206 752; x_wconf 85' lang='lat' dir='ltr'><strong>naturam</strong></span> <span class='ocrx_word' id='word_1_35' title='bbox 1266 696 1527 760; x_wconf 87' lang='lat' dir='ltr'><strong>hominis,</strong></span> <span class='ocrx_word' id='word_1_36' title='bbox 1565 704 1792 749; x_wconf 86' lang='lat' dir='ltr'><strong>naturas</strong></span> <span class='ocrx_word' id='word_1_37' title='bbox 1822 692 2064 746; x_wconf 89' lang='lat' dir='ltr'><strong>declara-</strong></span> 
     </span>
    </p>
   </div>
   <div class='ocr_carea' id='block_1_8' title="bbox 489 786 2063 865">
    <p class='ocr_par' dir='ltr' id='par_1_8' title="bbox 489 786 2063 865">
     <span class='ocr_line' id='line_1_8' title="bbox 489 786 2063 865; baseline -0.008 -15"><span class='ocrx_word' id='word_1_38' title='bbox 489 798 603 862; x_wconf 91' lang='lat' dir='ltr'><strong>vit;</strong></span> <span class='ocrx_word' id='word_1_39' title='bbox 644 795 736 865; x_wconf 91' lang='lat' dir='ltr'><strong>qui</strong></span> <span class='ocrx_word' id='word_1_40' title='bbox 793 803 977 847; x_wconf 85' lang='lat' dir='ltr'><strong>autem</strong></span> <span class='ocrx_word' id='word_1_41' title='bbox 1032 790 1317 847; x_wconf 81' lang='lat' dir='ltr'><strong>Christum</strong></span> <span class='ocrx_word' id='word_1_42' title='bbox 1374 786 1702 850; x_wconf 74' lang='lat' dir='ltr'><strong>nominavit,</strong></span> <span class='ocrx_word' id='word_1_43' title='bbox 1752 800 1932 854; x_wconf 90' lang='lat' dir='ltr'><strong>neque</strong></span> <span class='ocrx_word' id='word_1_44' title='bbox 1962 798 2063 838; x_wconf 87' lang='lat' dir='ltr'><strong>no-</strong></span> 
     </span>
    </p>
   </div>
   <div class='ocr_carea' id='block_1_9' title="bbox 490 877 2064 948">
    <p class='ocr_par' dir='ltr' id='par_1_9' title="bbox 490 877 2064 948">
     <span class='ocr_line' id='line_1_9' title="bbox 490 877 2064 948; baseline -0.008 -6"><span class='ocrx_word' id='word_1_45' title='bbox 490 905 611 941; x_wconf 88' lang='lat' dir='ltr'><strong>men</strong></span> <span class='ocrx_word' id='word_1_46' title='bbox 652 897 864 941; x_wconf 87' lang='lat' dir='ltr'><strong>certum</strong></span> <span class='ocrx_word' id='word_1_47' title='bbox 914 894 970 938; x_wconf 89' lang='lat' dir='ltr'><strong>et</strong></span> <span class='ocrx_word' id='word_1_48' title='bbox 1015 884 1221 937; x_wconf 77' lang='lat' dir='ltr'><strong>nostris</strong></span> <span class='ocrx_word' id='word_1_49' title='bbox 1258 880 1577 935; x_wconf 90' lang='lat' dir='ltr'><strong>notionihus</strong></span> <span class='ocrx_word' id='word_1_50' title='bbox 1619 877 1930 948; x_wconf 76' lang='lat' dir='ltr'><strong>subjectum</strong></span> <span class='ocrx_word' id='word_1_51' title='bbox 1966 890 2064 930; x_wconf 92' lang='lat' dir='ltr'><strong>no-</strong></span> 
     </span>
    </p>
   </div>
   <div class='ocr_carea' id='block_1_10' title="bbox 489 972 1443 1046">
    <p class='ocr_par' dir='ltr' id='par_1_10' title="bbox 489 972 1443 1046">
     <span class='ocr_line' id='line_1_10' title="bbox 489 972 1443 1046; baseline -0.007 -13"><span class='ocrx_word' id='word_1_52' title='bbox 489 979 738 1043; x_wconf 82' lang='lat' dir='ltr'><strong>minavit,</strong></span> <span class='ocrx_word' id='word_1_53' title='bbox 762 993 938 1046; x_wconf 88' lang='lat' dir='ltr'><strong>neque</strong></span> <span class='ocrx_word' id='word_1_54' title='bbox 972 991 1084 1031; x_wconf 87' lang='lat' dir='ltr'><strong>rem</strong></span> <span class='ocrx_word' id='word_1_55' title='bbox 1117 972 1443 1030; x_wconf 83' lang='lat' dir='ltr'><strong>declaravit.</strong></span> 
     </span>
    </p>
   </div>
   <div class='ocr_carea' id='block_1_11' title="bbox 554 1187 2063 1255">
    <p class='ocr_par' dir='ltr' id='par_1_11' title="bbox 554 1187 2063 1255">
     <span class='ocr_line' id='line_1_11' title="bbox 554 1187 2063 1255; baseline -0.01 -4"><span class='ocrx_word' id='word_1_56' title='bbox 554 1195 844 1251; x_wconf 89' lang='lat' dir='ltr'><strong>Declarant</strong></span> <span class='ocrx_word' id='word_1_57' title='bbox 855 1194 959 1247; x_wconf 92' lang='lat' dir='ltr'><strong>hoc</strong></span> <span class='ocrx_word' id='word_1_58' title='bbox 982 1191 1166 1244; x_wconf 69' lang='lat' dir='ltr'><strong>multa:</strong></span> <span class='ocrx_word' id='word_1_59' title='bbox 1189 1198 1245 1244; x_wconf 90' lang='lat' dir='ltr'><strong>et</strong></span> <span class='ocrx_word' id='word_1_60' title='bbox 1269 1188 1436 1242; x_wconf 86' lang='lat' dir='ltr'><strong>variae</strong></span> <span class='ocrx_word' id='word_1_61' title='bbox 1455 1195 1511 1242; x_wconf 89' lang='lat' dir='ltr'><strong>et</strong></span> <span class='ocrx_word' id='word_1_62' title='bbox 1525 1187 1738 1240; x_wconf 90' lang='lat' dir='ltr'><strong>interse</strong></span> <span class='ocrx_word' id='word_1_63' title='bbox 1757 1190 2063 1255; x_wconf 80' lang='lat' dir='ltr'><strong>pugnantes</strong></span> 
     </span>
    </p>
   </div>
   <div class='ocr_carea' id='block_1_12' title="bbox 486 1273 2066 1356">
    <p class='ocr_par' dir='ltr' id='par_1_12' title="bbox 486 1273 2066 1356">
     <span class='ocr_line' id='line_1_12' title="bbox 486 1273 2066 1356; baseline -0.009 -13"><span class='ocrx_word' id='word_1_64' title='bbox 486 1289 553 1343; x_wconf 91' lang='lat' dir='ltr'><strong>de</strong></span> <span class='ocrx_word' id='word_1_65' title='bbox 581 1303 649 1341; x_wconf 78' lang='lat' dir='ltr'><strong>eo</strong></span> <span class='ocrx_word' id='word_1_66' title='bbox 687 1285 831 1356; x_wconf 87' lang='lat' dir='ltr'><strong>apud</strong></span> <span class='ocrx_word' id='word_1_67' title='bbox 860 1283 1205 1339; x_wconf 86' lang='lat' dir='ltr'><strong>Christianos</strong></span> <span class='ocrx_word' id='word_1_68' title='bbox 1252 1280 1564 1350; x_wconf 88' lang='lat' dir='ltr'><strong>opiniones,</strong></span> <span class='ocrx_word' id='word_1_69' title='bbox 1597 1292 1719 1348; x_wconf 78' lang='lat' dir='ltr'><strong>quae</strong></span> <span class='ocrx_word' id='word_1_70' title='bbox 1742 1291 1855 1331; x_wconf 90' lang='lat' dir='ltr'><strong>non</strong></span> <span class='ocrx_word' id='word_1_71' title='bbox 1897 1273 2066 1330; x_wconf 78' lang='lat' dir='ltr'><strong>exsti-</strong></span> 
     </span>
    </p>
   </div>
   <div class='ocr_carea' id='block_1_13' title="bbox 486 1368 2063 1446">
    <p class='ocr_par' dir='ltr' id='par_1_13' title="bbox 486 1368 2063 1446">
     <span class='ocr_line' id='line_1_13' title="bbox 486 1368 2063 1446; baseline -0.008 -10"><span class='ocrx_word' id='word_1_72' title='bbox 486 1382 700 1446; x_wconf 87' lang='lat' dir='ltr'><strong>tissent,</strong></span> <span class='ocrx_word' id='word_1_73' title='bbox 732 1380 779 1434; x_wconf 87' lang='lat' dir='ltr'><strong>si</strong></span> <span class='ocrx_word' id='word_1_74' title='bbox 810 1380 993 1433; x_wconf 83' lang='lat' dir='ltr'><strong>statim</strong></span> <span class='ocrx_word' id='word_1_75' title='bbox 1017 1392 1219 1431; x_wconf 89' lang='lat' dir='ltr'><strong>nomen</strong></span> <span class='ocrx_word' id='word_1_76' title='bbox 1250 1374 1459 1428; x_wconf 82' lang='lat' dir='ltr'><strong>Christi</strong></span> <span class='ocrx_word' id='word_1_77' title='bbox 1496 1372 1790 1427; x_wconf 84' lang='lat' dir='ltr'><strong>veritatem</strong></span> <span class='ocrx_word' id='word_1_78' title='bbox 1814 1370 1893 1425; x_wconf 92' lang='lat' dir='ltr'><strong>rei</strong></span> <span class='ocrx_word' id='word_1_79' title='bbox 1926 1368 2063 1424; x_wconf 86' lang='lat' dir='ltr'><strong>sub-</strong></span> 
     </span>
    </p>
   </div>
   <div class='ocr_carea' id='block_1_14' title="bbox 484 1462 2064 1547">
    <p class='ocr_par' dir='ltr' id='par_1_14' title="bbox 484 1462 2064 1547">
     <span class='ocr_line' id='line_1_14' title="bbox 484 1462 2064 1547; baseline -0.009 -16"><span class='ocrx_word' id='word_1_80' title='bbox 484 1478 641 1547; x_wconf 71' lang='lat' dir='ltr'><strong>jecta:</strong></span> <span class='ocrx_word' id='word_1_81' title='bbox 695 1471 1052 1542; x_wconf 84' lang='lat' dir='ltr'><strong>signiﬁcaret.</strong></span> <span class='ocrx_word' id='word_1_82' title='bbox 1078 1469 1146 1524; x_wconf 83' lang='lat' dir='ltr'><strong>At</strong></span> <span class='ocrx_word' id='word_1_83' title='bbox 1173 1466 1471 1538; x_wconf 85' lang='lat' dir='ltr'><strong>appellatio</strong></span> <span class='ocrx_word' id='word_1_84' title='bbox 1490 1464 1735 1520; x_wconf 88' lang='lat' dir='ltr'><strong>hominis</strong></span> <span class='ocrx_word' id='word_1_85' title='bbox 1754 1462 2064 1518; x_wconf 87' lang='lat' dir='ltr'><strong>communis</strong></span> 
     </span>
    </p>
   </div>
   <div class='ocr_carea' id='block_1_15' title="bbox 483 1554 2058 1633">
    <p class='ocr_par' dir='ltr' id='par_1_15' title="bbox 483 1554 2058 1633">
     <span class='ocr_line' id='line_1_15' title="bbox 483 1554 2058 1633; baseline -0.01 -9"><span class='ocrx_word' id='word_1_86' title='bbox 483 1577 589 1633; x_wconf 87' lang='lat' dir='ltr'><strong>est,</strong></span> <span class='ocrx_word' id='word_1_87' title='bbox 622 1575 680 1622; x_wconf 90' lang='lat' dir='ltr'><strong>et</strong></span> <span class='ocrx_word' id='word_1_88' title='bbox 726 1563 985 1621; x_wconf 84' lang='lat' dir='ltr'><strong>omnibus</strong></span> <span class='ocrx_word' id='word_1_89' title='bbox 1023 1562 1263 1632; x_wconf 87' lang='lat' dir='ltr'><strong>vulgata,</strong></span> <span class='ocrx_word' id='word_1_90' title='bbox 1307 1569 1366 1615; x_wconf 89' lang='lat' dir='ltr'><strong>et</strong></span> <span class='ocrx_word' id='word_1_91' title='bbox 1418 1559 1655 1613; x_wconf 81' lang='lat' dir='ltr'><strong>maxime</strong></span> <span class='ocrx_word' id='word_1_92' title='bbox 1710 1554 2058 1612; x_wconf 83' lang='lat' dir='ltr'><strong>Christianis.</strong></span> 
     </span>
    </p>
   </div>
   <div class='ocr_carea' id='block_1_16' title="bbox 484 1648 2065 1713">
    <p class='ocr_par' dir='ltr' id='par_1_16' title="bbox 484 1648 2065 1713">
     <span class='ocr_line' id='line_1_16' title="bbox 484 1648 2065 1713; baseline -0.008 0"><span class='ocrx_word' id='word_1_93' title='bbox 484 1660 695 1713; x_wconf 86' lang='lat' dir='ltr'><strong>Nomen</strong></span> <span class='ocrx_word' id='word_1_94' title='bbox 752 1670 884 1711; x_wconf 87' lang='lat' dir='ltr'><strong>vero</strong></span> <span class='ocrx_word' id='word_1_95' title='bbox 936 1653 1143 1709; x_wconf 86' lang='lat' dir='ltr'><strong>Christi</strong></span> <span class='ocrx_word' id='word_1_96' title='bbox 1194 1652 1371 1706; x_wconf 86' lang='lat' dir='ltr'><strong>simile</strong></span> <span class='ocrx_word' id='word_1_97' title='bbox 1432 1659 1519 1705; x_wconf 91' lang='lat' dir='ltr'><strong>est</strong></span> <span class='ocrx_word' id='word_1_98' title='bbox 1565 1649 1776 1704; x_wconf 88' lang='lat' dir='ltr'><strong>nomini</strong></span> <span class='ocrx_word' id='word_1_99' title='bbox 1832 1648 1970 1702; x_wconf 89' lang='lat' dir='ltr'><strong>artis</strong></span> <span class='ocrx_word' id='word_1_100' title='bbox 2009 1656 2065 1701; x_wconf 89' lang='lat' dir='ltr'><strong>et</strong></span> 
     </span>
    </p>
   </div>
   <div class='ocr_carea' id='block_1_17' title="bbox 484 1737 2064 1803">
    <p class='ocr_par' dir='ltr' id='par_1_17' title="bbox 484 1737 2064 1803">
     <span class='ocr_line' id='line_1_17' title="bbox 484 1737 2064 1803; baseline -0.007 0"><span class='ocrx_word' id='word_1_101' title='bbox 484 1746 748 1803; x_wconf 65' lang='lat' dir='ltr'><strong>scientiaa.</strong></span> <span class='ocrx_word' id='word_1_102' title='bbox 782 1744 855 1799; x_wconf 89' lang='lat' dir='ltr'><strong>Ut</strong></span> <span class='ocrx_word' id='word_1_103' title='bbox 906 1744 1053 1797; x_wconf 89' lang='lat' dir='ltr'><strong>enim</strong></span> <span class='ocrx_word' id='word_1_104' title='bbox 1096 1743 1187 1796; x_wconf 88' lang='lat' dir='ltr'><strong>illa</strong></span> <span class='ocrx_word' id='word_1_105' title='bbox 1243 1738 1469 1794; x_wconf 90' lang='lat' dir='ltr'><strong>nomina</strong></span> <span class='ocrx_word' id='word_1_106' title='bbox 1515 1739 1654 1793; x_wconf 90' lang='lat' dir='ltr'><strong>artis</strong></span> <span class='ocrx_word' id='word_1_107' title='bbox 1702 1747 1759 1792; x_wconf 90' lang='lat' dir='ltr'><strong>et</strong></span> <span class='ocrx_word' id='word_1_108' title='bbox 1814 1737 2064 1792; x_wconf 68' lang='lat' dir='ltr'><strong>scientiae</strong></span> 
     </span>
    </p>
   </div>
   <div class='ocr_carea' id='block_1_18' title="bbox 484 1832 2063 1904">
    <p class='ocr_par' dir='ltr' id='par_1_18' title="bbox 484 1832 2063 1904">
     <span class='ocr_line' id='line_1_18' title="bbox 484 1832 2063 1904; baseline -0.006 -9"><span class='ocrx_word' id='word_1_109' title='bbox 484 1840 565 1895; x_wconf 83' lang='lat' dir='ltr'><strong>illi</strong></span> <span class='ocrx_word' id='word_1_110' title='bbox 597 1848 811 1895; x_wconf 89' lang='lat' dir='ltr'><strong>tantum</strong></span> <span class='ocrx_word' id='word_1_111' title='bbox 837 1838 1040 1899; x_wconf 88' lang='lat' dir='ltr'><strong>sciunt,</strong></span> <span class='ocrx_word' id='word_1_112' title='bbox 1086 1836 1180 1904; x_wconf 91' lang='lat' dir='ltr'><strong>qui</strong></span> <span class='ocrx_word' id='word_1_113' title='bbox 1227 1835 1374 1889; x_wconf 90' lang='lat' dir='ltr'><strong>illam</strong></span> <span class='ocrx_word' id='word_1_114' title='bbox 1409 1832 1763 1903; x_wconf 91' lang='lat' dir='ltr'><strong>disciplinam</strong></span> <span class='ocrx_word' id='word_1_115' title='bbox 1796 1847 2063 1902; x_wconf 79' lang='lat' dir='ltr'><strong>percepe-</strong></span> 
     </span>
    </p>
   </div>
   <div class='ocr_carea' id='block_1_19' title="bbox 2169 590 3749 672">
    <p class='ocr_par' dir='ltr' id='par_1_19' title="bbox 2169 590 3749 672">
     <span class='ocr_line' id='line_1_19' title="bbox 2169 590 3749 672; baseline -0.008 -18"><span class='ocrx_word' id='word_1_116' title='bbox 2169 601 2225 654; x_wconf 78' lang='grc' dir='ltr'>δὲ</span> <span class='ocrx_word' id='word_1_117' title='bbox 2259 601 2370 672; x_wconf 87' lang='grc' dir='ltr'><strong>γάρ</strong></span> <span class='ocrx_word' id='word_1_118' title='bbox 2420 601 2569 653; x_wconf 75' lang='grc' dir='ltr'>ἐστιν</span> <span class='ocrx_word' id='word_1_119' title='bbox 2621 597 2827 669; x_wconf 78' lang='grc' dir='ltr'><strong>κυρίως</strong></span> <span class='ocrx_word' id='word_1_120' title='bbox 2862 592 3154 667; x_wconf 82' lang='grc' dir='ltr'>ἀνθρώπου</span> <span class='ocrx_word' id='word_1_121' title='bbox 3196 592 3394 662; x_wconf 80' lang='grc' dir='ltr'><strong>φύσις,</strong></span> <span class='ocrx_word' id='word_1_122' title='bbox 3438 594 3473 662; x_wconf 79' lang='grc' dir='ltr'>ἡ</span> <span class='ocrx_word' id='word_1_123' title='bbox 3520 590 3615 643; x_wconf 90' lang='grc' dir='ltr'><strong>τοῦ</strong></span> <span class='ocrx_word' id='word_1_124' title='bbox 3655 591 3749 659; x_wconf 83' lang='grc' dir='ltr'>μέ-</span> 
     </span>
    </p>
   </div>
   <div class='ocr_carea' id='block_1_20' title="bbox 2169 681 3753 764">
    <p class='ocr_par' dir='ltr' id='par_1_20' title="bbox 2169 681 3753 764">
     <span class='ocr_line' id='line_1_20' title="bbox 2169 681 3753 764; baseline -0.008 -18"><span class='ocrx_word' id='word_1_125' title='bbox 2169 711 2294 764; x_wconf 88' lang='grc' dir='ltr'>ρους</span> <span class='ocrx_word' id='word_1_126' title='bbox 2352 692 2535 761; x_wconf 83' lang='grc' dir='ltr'><strong>φύσις.</strong></span> <span class='ocrx_word' id='word_1_127' title='bbox 2592 691 2755 743; x_wconf 78' lang='grc' dir='ltr'>’Ὥστε</span> <span class='ocrx_word' id='word_1_128' title='bbox 2833 691 2861 741; x_wconf 92' lang='grc' dir='ltr'><strong>ὁ</strong></span> <span class='ocrx_word' id='word_1_129' title='bbox 2916 690 3087 742; x_wconf 77' lang='grc' dir='ltr'>εἰπὼν</span> <span class='ocrx_word' id='word_1_130' title='bbox 3154 686 3441 757; x_wconf 81' lang='grc' dir='ltr'>ἄνθρωπον</span> <span class='ocrx_word' id='word_1_131' title='bbox 3495 684 3529 755; x_wconf 80' lang='grc' dir='ltr'>ἢ</span> <span class='ocrx_word' id='word_1_132' title='bbox 3586 681 3753 750; x_wconf 79' lang='grc' dir='ltr'>φύσιν</span> 
     </span>
    </p>
   </div>
   <div class='ocr_carea' id='block_1_21' title="bbox 2164 777 3754 857">
    <p class='ocr_par' dir='ltr' id='par_1_21' title="bbox 2164 777 3754 857">
     <span class='ocr_line' id='line_1_21' title="bbox 2164 777 3754 857; baseline -0.008 -17"><span class='ocrx_word' id='word_1_133' title='bbox 2164 785 2483 857; x_wconf 85' lang='grc' dir='ltr'>ἀνθρώπου,</span> <span class='ocrx_word' id='word_1_134' title='bbox 2527 783 2627 847; x_wconf 79' lang='grc' dir='ltr'>τὰς</span> <span class='ocrx_word' id='word_1_135' title='bbox 2658 782 2853 851; x_wconf 85' lang='grc' dir='ltr'>φύσεις</span> <span class='ocrx_word' id='word_1_136' title='bbox 2888 781 3158 851; x_wconf 78' lang='grc' dir='ltr'>ἐδήλωσεν</span> <span class='ocrx_word' id='word_1_137' title='bbox 3177 788 3192 809; x_wconf 87' lang='grc'><strong>⁸</strong></span> <span class='ocrx_word' id='word_1_138' title='bbox 3224 781 3253 833; x_wconf 92' lang='grc' dir='ltr'><strong>ὁ</strong></span> <span class='ocrx_word' id='word_1_139' title='bbox 3280 780 3337 832; x_wconf 84' lang='grc' dir='ltr'>δὲ</span> <span class='ocrx_word' id='word_1_140' title='bbox 3370 778 3607 849; x_wconf 76' lang='grc' dir='ltr'>Χριστὸν</span> <span class='ocrx_word' id='word_1_141' title='bbox 3635 777 3754 829; x_wconf 77' lang='grc' dir='ltr'>ὁνο·</span> 
     </span>
    </p>
   </div>
   <div class='ocr_carea' id='block_1_22' title="bbox 2169 869 3753 947">
    <p class='ocr_par' dir='ltr' id='par_1_22' title="bbox 2169 869 3753 947">
     <span class='ocr_line' id='line_1_22' title="bbox 2169 869 3753 947; baseline -0.007 -15"><span class='ocrx_word' id='word_1_142' title='bbox 2169 880 2351 947; x_wconf 83' lang='grc' dir='ltr'>μάσας</span> <span class='ocrx_word' id='word_1_143' title='bbox 2376 920 2390 943; x_wconf 84' lang='grc'><strong>,</strong></span> <span class='ocrx_word' id='word_1_144' title='bbox 2435 877 2534 946; x_wconf 80' lang='grc' dir='ltr'><strong>ούχ</strong></span> <span class='ocrx_word' id='word_1_145' title='bbox 2561 875 3003 946; x_wconf 78' lang='grc' dir='ltr'><strong>ὁμολογουμένην</strong></span> <span class='ocrx_word' id='word_1_146' title='bbox 3033 876 3127 928; x_wconf 71' lang='grc' dir='ltr'>καὶ</span> <span class='ocrx_word' id='word_1_147' title='bbox 3156 877 3276 937; x_wconf 90' lang='grc' dir='ltr'>ταῖς</span> <span class='ocrx_word' id='word_1_148' title='bbox 3307 872 3544 935; x_wconf 78' lang='grc' dir='ltr'><strong>ἐννοίαις</strong></span> <span class='ocrx_word' id='word_1_149' title='bbox 3592 869 3753 942; x_wconf 74' lang='grc' dir='ltr'>ἡμῶν</span> 
     </span>
    </p>
   </div>
   <div class='ocr_carea' id='block_1_23' title="bbox 2166 964 3756 1039">
    <p class='ocr_par' dir='ltr' id='par_1_23' title="bbox 2166 964 3756 1039">
     <span class='ocr_line' id='line_1_23' title="bbox 2166 964 3756 1039; baseline -0.004 -17"><span class='ocrx_word' id='word_1_150' title='bbox 2166 969 2600 1034; x_wconf 83' lang='grc' dir='ltr'>ύποπίπτουσαν,</span> <span class='ocrx_word' id='word_1_151' title='bbox 2632 966 2756 1021; x_wconf 73' lang='grc' dir='ltr'>οὕτε</span> <span class='ocrx_word' id='word_1_152' title='bbox 2773 967 2966 1039; x_wconf 77' lang='grc' dir='ltr'><strong>κλῆσιν</strong></span> <span class='ocrx_word' id='word_1_153' title='bbox 2991 967 3305 1038; x_wconf 82' lang='grc' dir='ltr'><strong>ὠνόμασεν,</strong></span> <span class='ocrx_word' id='word_1_154' title='bbox 3339 964 3465 1018; x_wconf 74' lang='grc' dir='ltr'>οὔτε</span> <span class='ocrx_word' id='word_1_155' title='bbox 3514 965 3756 1035; x_wconf 82' lang='grc' dir='ltr'>πρᾶγμα</span> 
     </span>
    </p>
   </div>
   <div class='ocr_carea' id='block_1_24' title="bbox 2164 1061 2490 1131">
    <p class='ocr_par' dir='ltr' id='par_1_24' title="bbox 2164 1061 2490 1131">
     <span class='ocr_line' id='line_1_24' title="bbox 2164 1061 2490 1131; baseline 0 -16"><span class='ocrx_word' id='word_1_156' title='bbox 2164 1061 2490 1131; x_wconf 87' lang='grc' dir='ltr'>δελήλωκεν.</span> 
     </span>
    </p>
   </div>
   <div class='ocr_carea' id='block_1_25' title="bbox 2234 1183 3754 1257">
    <p class='ocr_par' dir='ltr' id='par_1_25' title="bbox 2234 1183 3754 1257">
     <span class='ocr_line' id='line_1_25' title="bbox 2234 1183 3754 1257; baseline -0.001 -18"><span class='ocrx_word' id='word_1_157' title='bbox 2234 1187 2347 1239; x_wconf 73' lang='grc' dir='ltr'>Καὶ</span> <span class='ocrx_word' id='word_1_158' title='bbox 2387 1186 2643 1256; x_wconf 83' lang='grc' dir='ltr'>δηλοῦσιν</span> <span class='ocrx_word' id='word_1_159' title='bbox 2681 1185 2739 1239; x_wconf 82' lang='lat' dir='ltr'><strong>al</strong></span> <span class='ocrx_word' id='word_1_160' title='bbox 2767 1185 3019 1257; x_wconf 81' lang='grc' dir='ltr'>διάφοροι</span> <span class='ocrx_word' id='word_1_161' title='bbox 3062 1185 3190 1256; x_wconf 74' lang='grc' dir='ltr'>περὶ</span> <span class='ocrx_word' id='word_1_162' title='bbox 3231 1184 3398 1238; x_wconf 78' lang='grc' dir='ltr'>αὐτοῦ</span> <span class='ocrx_word' id='word_1_163' title='bbox 3425 1183 3581 1255; x_wconf 85' lang='grc' dir='ltr'>παρὰ</span> <span class='ocrx_word' id='word_1_164' title='bbox 3614 1184 3754 1257; x_wconf 86' lang='grc' dir='ltr'>Χρι-</span> 
     </span>
    </p>
   </div>
   <div class='ocr_carea' id='block_1_26' title="bbox 2166 1276 3749 1347">
    <p class='ocr_par' dir='ltr' id='par_1_26' title="bbox 2166 1276 3749 1347">
     <span class='ocr_line' id='line_1_26' title="bbox 2166 1276 3749 1347; baseline -0.003 -14"><span class='ocrx_word' id='word_1_165' title='bbox 2166 1280 2403 1341; x_wconf 88' lang='grc' dir='ltr'>στιανοῖς</span> <span class='ocrx_word' id='word_1_166' title='bbox 2423 1278 2597 1345; x_wconf 82' lang='grc' dir='ltr'>δόξαι,</span> <span class='ocrx_word' id='word_1_167' title='bbox 2634 1277 2828 1331; x_wconf 87' lang='grc' dir='ltr'>πολλαί</span> <span class='ocrx_word' id='word_1_168' title='bbox 2854 1295 2915 1331; x_wconf 90' lang='grc' dir='ltr'><strong>τε</strong></span> <span class='ocrx_word' id='word_1_169' title='bbox 2950 1276 3046 1331; x_wconf 61' lang='grc' dir='ltr'><strong>καὶ⁷</strong></span> <span class='ocrx_word' id='word_1_170' title='bbox 3075 1276 3315 1331; x_wconf 80' lang='grc' dir='ltr'><strong>ποικίλαι</strong></span> <span class='ocrx_word' id='word_1_171' title='bbox 3343 1277 3712 1347; x_wconf 63' lang='grc' dir='ltr'>τυγχάνουσαι</span> <span class='ocrx_word' id='word_1_172' title='bbox 3735 1317 3749 1336; x_wconf 87' lang='grc'><strong>.</strong></span> 
     </span>
    </p>
   </div>
   <div class='ocr_carea' id='block_1_27' title="bbox 2165 1372 3750 1445">
    <p class='ocr_par' dir='ltr' id='par_1_27' title="bbox 2165 1372 3750 1445">
     <span class='ocr_line' id='line_1_27' title="bbox 2165 1372 3750 1445; baseline -0.003 -17"><span class='ocrx_word' id='word_1_173' title='bbox 2165 1374 2260 1428; x_wconf 80' lang='grc' dir='ltr'>καὶ</span> <span class='ocrx_word' id='word_1_174' title='bbox 2308 1372 2569 1444; x_wconf 85' lang='grc' dir='ltr'><strong>ἀλλήλαις</strong></span> <span class='ocrx_word' id='word_1_175' title='bbox 2602 1373 3181 1445; x_wconf 39' lang='grc' dir='ltr'>διαμαχόμεναιοηούκ</span> <span class='ocrx_word' id='word_1_176' title='bbox 3234 1373 3302 1426; x_wconf 83' lang='grc' dir='ltr'><strong>ἀν</strong></span> <span class='ocrx_word' id='word_1_177' title='bbox 3347 1373 3666 1442; x_wconf 79' lang='grc' dir='ltr'>γενόμεναι,</span> <span class='ocrx_word' id='word_1_178' title='bbox 3702 1375 3750 1424; x_wconf 83' lang='grc' dir='ltr'>εί</span> 
     </span>
    </p>
   </div>
   <div class='ocr_carea' id='block_1_28' title="bbox 2165 1464 3749 1538">
    <p class='ocr_par' dir='ltr' id='par_1_28' title="bbox 2165 1464 3749 1538">
     <span class='ocr_line' id='line_1_28' title="bbox 2165 1464 3749 1538; baseline -0.003 -18"><span class='ocrx_word' id='word_1_179' title='bbox 2165 1466 2371 1530; x_wconf 85' lang='grc' dir='ltr'>εὐθέως</span> <span class='ocrx_word' id='word_1_180' title='bbox 2396 1467 2428 1537; x_wconf 83' lang='grc' dir='ltr'>ἡ</span> <span class='ocrx_word' id='word_1_181' title='bbox 2478 1466 2574 1521; x_wconf 92' lang='grc' dir='ltr'><strong>τοῦ</strong></span> <span class='ocrx_word' id='word_1_182' title='bbox 2604 1466 2847 1537; x_wconf 80' lang='grc' dir='ltr'>Χριστοῦ</span> <span class='ocrx_word' id='word_1_183' title='bbox 2895 1465 3241 1538; x_wconf 83' lang='grc' dir='ltr'>προσηγορία</span> <span class='ocrx_word' id='word_1_184' title='bbox 3270 1464 3372 1535; x_wconf 86' lang='grc' dir='ltr'><strong>τὴν</strong></span> <span class='ocrx_word' id='word_1_185' title='bbox 3402 1464 3496 1518; x_wconf 91' lang='grc' dir='ltr'><strong>τοῦ</strong></span> <span class='ocrx_word' id='word_1_186' title='bbox 3527 1464 3749 1517; x_wconf 84' lang='grc' dir='ltr'>ὑποκει-</span> 
     </span>
    </p>
   </div>
   <div class='ocr_carea' id='block_1_29' title="bbox 2168 1556 3751 1630">
    <p class='ocr_par' dir='ltr' id='par_1_29' title="bbox 2168 1556 3751 1630">
     <span class='ocr_line' id='line_1_29' title="bbox 2168 1556 3751 1630; baseline -0.001 -18"><span class='ocrx_word' id='word_1_187' title='bbox 2168 1560 2330 1629; x_wconf 84' lang='grc' dir='ltr'>μένου</span> <span class='ocrx_word' id='word_1_188' title='bbox 2379 1560 2706 1630; x_wconf 85' lang='grc' dir='ltr'>πράγματος</span> <span class='ocrx_word' id='word_1_189' title='bbox 2760 1557 3021 1629; x_wconf 76' lang='grc' dir='ltr'>ἀλήθειαν</span> <span class='ocrx_word' id='word_1_190' title='bbox 3060 1556 3353 1628; x_wconf 77' lang='grc' dir='ltr'>ἐσήμανεν.</span> <span class='ocrx_word' id='word_1_191' title='bbox 3411 1556 3551 1611; x_wconf 83' lang='grc' dir='ltr'><strong>Ἀλλ’</strong></span> <span class='ocrx_word' id='word_1_192' title='bbox 3581 1560 3615 1629; x_wconf 78' lang='grc' dir='ltr'>ἡ</span> <span class='ocrx_word' id='word_1_193' title='bbox 3651 1558 3751 1627; x_wconf 85' lang='grc' dir='ltr'><strong>μὲν</strong></span> 
     </span>
    </p>
   </div>
   <div class='ocr_carea' id='block_1_30' title="bbox 2165 1648 3750 1724">
    <p class='ocr_par' dir='ltr' id='par_1_30' title="bbox 2165 1648 3750 1724">
     <span class='ocr_line' id='line_1_30' title="bbox 2165 1648 3750 1724; baseline -0.004 -18"><span class='ocrx_word' id='word_1_194' title='bbox 2165 1652 2457 1724; x_wconf 78' lang='grc' dir='ltr'>ἀνθρώπου</span> <span class='ocrx_word' id='word_1_195' title='bbox 2491 1651 2852 1723; x_wconf 80' lang='grc' dir='ltr'>προσηγορία,</span> <span class='ocrx_word' id='word_1_196' title='bbox 2882 1651 3037 1721; x_wconf 87' lang='grc' dir='ltr'>κοινή</span> <span class='ocrx_word' id='word_1_197' title='bbox 3064 1648 3147 1713; x_wconf 87' lang='grc' dir='ltr'>τίς</span> <span class='ocrx_word' id='word_1_198' title='bbox 3172 1652 3286 1703; x_wconf 79' lang='grc' dir='ltr'>ἐστι</span> <span class='ocrx_word' id='word_1_199' title='bbox 3321 1650 3414 1702; x_wconf 68' lang='grc' dir='ltr'><strong>καὶ</strong></span> <span class='ocrx_word' id='word_1_200' title='bbox 3440 1650 3574 1703; x_wconf 79' lang='grc' dir='ltr'>πᾶσι</span> <span class='ocrx_word' id='word_1_201' title='bbox 3595 1648 3750 1718; x_wconf 83' lang='grc' dir='ltr'>δεδη-</span> 
     </span>
    </p>
   </div>
   <div class='ocr_carea' id='block_1_31' title="bbox 2169 1739 3750 1816">
    <p class='ocr_par' dir='ltr' id='par_1_31' title="bbox 2169 1739 3750 1816">
     <span class='ocr_line' id='line_1_31' title="bbox 2169 1739 3750 1816; baseline -0.004 -18"><span class='ocrx_word' id='word_1_202' title='bbox 2169 1745 2506 1816; x_wconf 77' lang='grc' dir='ltr'>μοσιευμένη</span> <span class='ocrx_word' id='word_1_203' title='bbox 2528 1786 2542 1810; x_wconf 93' lang='grc'><strong>,</strong></span> <span class='ocrx_word' id='word_1_204' title='bbox 2574 1745 2672 1814; x_wconf 85' lang='grc' dir='ltr'><strong>οὐχ</strong></span> <span class='ocrx_word' id='word_1_205' title='bbox 2704 1744 2906 1814; x_wconf 72' lang='grc' dir='ltr'>ἣκιστα</span> <span class='ocrx_word' id='word_1_206' title='bbox 2943 1744 3001 1797; x_wconf 81' lang='grc' dir='ltr'>δὲ</span> <span class='ocrx_word' id='word_1_207' title='bbox 3040 1740 3412 1813; x_wconf 87' lang='grc' dir='ltr'>Χριστιανοῖς.</span> <span class='ocrx_word' id='word_1_208' title='bbox 3474 1742 3539 1795; x_wconf 82' lang='grc' dir='ltr'>Ἡ</span> <span class='ocrx_word' id='word_1_209' title='bbox 3567 1741 3621 1794; x_wconf 81' lang='grc' dir='ltr'>δὲ</span> <span class='ocrx_word' id='word_1_210' title='bbox 3655 1739 3750 1793; x_wconf 80' lang='grc' dir='ltr'><strong>τοῦ</strong></span> 
     </span>
    </p>
   </div>
   <div class='ocr_carea' id='block_1_32' title="bbox 2165 1833 3753 1907">
    <p class='ocr_par' dir='ltr' id='par_1_32' title="bbox 2165 1833 3753 1907">
     <span class='ocr_line' id='line_1_32' title="bbox 2165 1833 3753 1907; baseline -0.003 -17"><span class='ocrx_word' id='word_1_211' title='bbox 2165 1835 2403 1907; x_wconf 75' lang='grc' dir='ltr'>Χριστοῦ</span> <span class='ocrx_word' id='word_1_212' title='bbox 2436 1835 2673 1905; x_wconf 82' lang='grc' dir='ltr'>τεχνικῷ</span> <span class='ocrx_word' id='word_1_213' title='bbox 2700 1838 2795 1889; x_wconf 77' lang='grc' dir='ltr'>καὶ</span> <span class='ocrx_word' id='word_1_214' title='bbox 2829 1834 3241 1906; x_wconf 85' lang='grc' dir='ltr'>ὲπιστημονικῷ</span> <span class='ocrx_word' id='word_1_215' title='bbox 3280 1836 3605 1905; x_wconf 80' lang='grc' dir='ltr'>προσέοικεν</span> <span class='ocrx_word' id='word_1_216' title='bbox 3635 1833 3753 1887; x_wconf 78' lang='grc' dir='ltr'>ὁνόο</span> 
     </span>
    </p>
   </div>
   <div class='ocr_carea' id='block_1_33' title="bbox 474 1924 2064 2002">
    <p class='ocr_par' dir='ltr' id='par_1_33' title="bbox 474 1924 2061 1998">
     <span class='ocr_line' id='line_1_33' title="bbox 474 1924 2061 1998; baseline -0.006 -11"><span class='ocrx_word' id='word_1_217' title='bbox 474 1942 651 1998; x_wconf 85' lang='lat' dir='ltr'><strong>&#39;runt;</strong></span> <span class='ocrx_word' id='word_1_218' title='bbox 699 1932 782 1987; x_wconf 91' lang='lat' dir='ltr'><strong>sic</strong></span> <span class='ocrx_word' id='word_1_219' title='bbox 812 1930 882 1984; x_wconf 89' lang='lat' dir='ltr'><strong>iis</strong></span> <span class='ocrx_word' id='word_1_220' title='bbox 930 1936 1143 1983; x_wconf 88' lang='lat' dir='ltr'><strong>tantum</strong></span> <span class='ocrx_word' id='word_1_221' title='bbox 1176 1927 1268 1997; x_wconf 90' lang='lat' dir='ltr'><strong>qui</strong></span> <span class='ocrx_word' id='word_1_222' title='bbox 1303 1927 1360 1980; x_wconf 91' lang='lat' dir='ltr'><strong>in</strong></span> <span class='ocrx_word' id='word_1_223' title='bbox 1407 1925 1613 1981; x_wconf 85' lang='lat' dir='ltr'><strong>divinis</strong></span> <span class='ocrx_word' id='word_1_224' title='bbox 1653 1924 1859 1979; x_wconf 87' lang='lat' dir='ltr'><strong>eruditi</strong></span> <span class='ocrx_word' id='word_1_225' title='bbox 1910 1934 2061 1991; x_wconf 89' lang='lat' dir='ltr'><strong>sunt,</strong></span> 
     </span>
    </p>
   </div>
   <div class='ocr_carea' id='block_1_34' title="bbox 2170 1924 3753 2002">
    <p class='ocr_par' dir='ltr' id='par_1_34' title="bbox 2171 1928 3753 2002">
     <span class='ocr_line' id='line_1_34' title="bbox 2171 1928 3753 2002; baseline -0.003 -18"><span class='ocrx_word' id='word_1_226' title='bbox 2171 1948 2324 2002; x_wconf 89' lang='grc' dir='ltr'>ματι.</span> <span class='ocrx_word' id='word_1_227' title='bbox 2368 1932 2457 1994; x_wconf 84' lang='grc' dir='ltr'><strong>Ὠς</strong></span> <span class='ocrx_word' id='word_1_228' title='bbox 2481 1930 2592 2000; x_wconf 78' lang='grc' dir='ltr'>γὰρ</span> <span class='ocrx_word' id='word_1_229' title='bbox 2618 1932 2804 1983; x_wconf 77' lang='grc' dir='ltr'>ἐκεῖνα</span> <span class='ocrx_word' id='word_1_230' title='bbox 2826 1930 2977 2001; x_wconf 81' lang='grc' dir='ltr'>μόνοι</span> <span class='ocrx_word' id='word_1_231' title='bbox 2997 1930 3181 1983; x_wconf 78' lang='grc' dir='ltr'>ἴσασιν</span> <span class='ocrx_word' id='word_1_232' title='bbox 3211 1930 3260 1982; x_wconf 81' lang='grc' dir='ltr'>οἱ</span> <span class='ocrx_word' id='word_1_233' title='bbox 3294 1928 3393 1999; x_wconf 81' lang='grc' dir='ltr'>τῆς</span> <span class='ocrx_word' id='word_1_234' title='bbox 3413 1929 3581 1997; x_wconf 77' lang='grc' dir='ltr'>αὐτῆς</span> <span class='ocrx_word' id='word_1_235' title='bbox 3619 1944 3753 1998; x_wconf 64' lang='grc' dir='ltr'>μετα</span> 
     </span>
    </p>
   </div>
   <div class='ocr_carea' id='block_1_35' title="bbox 472 2016 2060 2089">
    <p class='ocr_par' dir='ltr' id='par_1_35' title="bbox 472 2016 2060 2089">
     <span class='ocr_line' id='line_1_35' title="bbox 472 2016 2060 2089; baseline -0.004 -11"><span class='ocrx_word' id='word_1_236' title='bbox 472 2027 686 2081; x_wconf 79' lang='lat' dir='ltr'><strong>veritas</strong></span> <span class='ocrx_word' id='word_1_237' title='bbox 739 2025 796 2078; x_wconf 92' lang='lat' dir='ltr'><strong>in</strong></span> <span class='ocrx_word' id='word_1_238' title='bbox 832 2023 937 2079; x_wconf 92' lang='lat' dir='ltr'><strong>hoc</strong></span> <span class='ocrx_word' id='word_1_239' title='bbox 970 2022 1194 2077; x_wconf 86' lang='lat' dir='ltr'><strong>nomine</strong></span> <span class='ocrx_word' id='word_1_240' title='bbox 1238 2018 1447 2085; x_wconf 89' lang='lat' dir='ltr'><strong>abdita,</strong></span> <span class='ocrx_word' id='word_1_241' title='bbox 1479 2018 1771 2089; x_wconf 81' lang='lat' dir='ltr'><strong>explanata</strong></span> <span class='ocrx_word' id='word_1_242' title='bbox 1814 2028 1921 2073; x_wconf 89' lang='lat' dir='ltr'><strong>est.</strong></span> <span class='ocrx_word' id='word_1_243' title='bbox 1954 2016 2060 2071; x_wconf 80' lang='lat' dir='ltr'><strong>Tc-</strong></span> 
     </span>
    </p>
   </div>
   <div class='ocr_carea' id='block_1_36' title="bbox 474 2111 2063 2188">
    <p class='ocr_par' dir='ltr' id='par_1_36' title="bbox 474 2111 2063 2188">
     <span class='ocr_line' id='line_1_36' title="bbox 474 2111 2063 2188; baseline -0.008 -13"><span class='ocrx_word' id='word_1_244' title='bbox 474 2116 700 2175; x_wconf 79' lang='lat' dir='ltr'><strong>stan’tur</strong></span> <span class='ocrx_word' id='word_1_245' title='bbox 755 2117 858 2188; x_wconf 89' lang='lat' dir='ltr'><strong>ipsi</strong></span> <span class='ocrx_word' id='word_1_246' title='bbox 900 2130 1091 2171; x_wconf 86' lang='lat' dir='ltr'><strong>verum</strong></span> <span class='ocrx_word' id='word_1_247' title='bbox 1135 2127 1256 2167; x_wconf 88' lang='lat' dir='ltr'><strong>esse</strong></span> <span class='ocrx_word' id='word_1_248' title='bbox 1302 2111 1452 2183; x_wconf 89' lang='lat' dir='ltr'><strong>quod</strong></span> <span class='ocrx_word' id='word_1_249' title='bbox 1515 2111 1661 2176; x_wconf 89' lang='lat' dir='ltr'><strong>dico,</strong></span> <span class='ocrx_word' id='word_1_250' title='bbox 1706 2112 1801 2181; x_wconf 89' lang='lat' dir='ltr'><strong>qui</strong></span> <span class='ocrx_word' id='word_1_251' title='bbox 1843 2124 2063 2180; x_wconf 83' lang='lat' dir='ltr'><strong>semper</strong></span> 
     </span>
    </p>
   </div>
   <div class='ocr_carea' id='block_1_37' title="bbox 480 2202 2064 2268">
    <p class='ocr_par' dir='ltr' id='par_1_37' title="bbox 480 2202 2064 2268">
     <span class='ocr_line' id='line_1_37' title="bbox 480 2202 2064 2268; baseline -0.008 0"><span class='ocrx_word' id='word_1_252' title='bbox 480 2212 761 2268; x_wconf 83' lang='lat' dir='ltr'><strong>afﬁrmant</strong></span> <span class='ocrx_word' id='word_1_253' title='bbox 793 2226 860 2265; x_wconf 81' lang='lat' dir='ltr'><strong>ex</strong></span> <span class='ocrx_word' id='word_1_254' title='bbox 902 2208 1116 2263; x_wconf 89' lang='lat' dir='ltr'><strong>duabus</strong></span> <span class='ocrx_word' id='word_1_255' title='bbox 1140 2206 1355 2260; x_wconf 90' lang='lat' dir='ltr'><strong>naturis</strong></span> <span class='ocrx_word' id='word_1_256' title='bbox 1382 2214 1637 2260; x_wconf 87' lang='lat' dir='ltr'><strong>constare</strong></span> <span class='ocrx_word' id='word_1_257' title='bbox 1665 2202 1970 2267; x_wconf 89' lang='lat' dir='ltr'><strong>Christum,</strong></span> <span class='ocrx_word' id='word_1_258' title='bbox 2006 2211 2064 2256; x_wconf 91' lang='lat' dir='ltr'><strong>et</strong></span> 
     </span>
    </p>
   </div>
   <div class='ocr_carea' id='block_1_38' title="bbox 482 2294 2065 2374">
    <p class='ocr_par' dir='ltr' id='par_1_38' title="bbox 482 2294 2065 2374">
     <span class='ocr_line' id='line_1_38' title="bbox 482 2294 2065 2374; baseline -0.008 -15"><span class='ocrx_word' id='word_1_259' title='bbox 482 2316 764 2374; x_wconf 88' lang='lat' dir='ltr'><strong>nunquam</strong></span> <span class='ocrx_word' id='word_1_260' title='bbox 817 2316 884 2355; x_wconf 83' lang='lat' dir='ltr'><strong>ex</strong></span> <span class='ocrx_word' id='word_1_261' title='bbox 932 2299 1109 2353; x_wconf 89' lang='lat' dir='ltr'><strong>tribus</strong></span> <span class='ocrx_word' id='word_1_262' title='bbox 1163 2297 1401 2361; x_wconf 87' lang='lat' dir='ltr'><strong>naturis,</strong></span> <span class='ocrx_word' id='word_1_263' title='bbox 1436 2295 1688 2365; x_wconf 88' lang='lat' dir='ltr'><strong>quamvis</strong></span> <span class='ocrx_word' id='word_1_264' title='bbox 1713 2294 1951 2347; x_wconf 90' lang='lat' dir='ltr'><strong>animam</strong></span> <span class='ocrx_word' id='word_1_265' title='bbox 1976 2308 2065 2346; x_wconf 86' lang='lat' dir='ltr'><strong>ra-</strong></span> 
     </span>
    </p>
   </div>
   <div class='ocr_carea' id='block_1_39' title="bbox 484 2386 2061 2464">
    <p class='ocr_par' dir='ltr' id='par_1_39' title="bbox 484 2386 2061 2464">
     <span class='ocr_line' id='line_1_39' title="bbox 484 2386 2061 2464; baseline -0.006 -15"><span class='ocrx_word' id='word_1_266' title='bbox 484 2394 651 2449; x_wconf 88' lang='lat' dir='ltr'><strong>tionis</strong></span> <span class='ocrx_word' id='word_1_267' title='bbox 680 2392 1009 2464; x_wconf 86' lang='lat' dir='ltr'><strong>participem</strong></span> <span class='ocrx_word' id='word_1_268' title='bbox 1031 2390 1181 2444; x_wconf 84' lang='lat' dir='ltr'><strong>carni</strong></span> <span class='ocrx_word' id='word_1_269' title='bbox 1208 2389 1413 2444; x_wconf 87' lang='lat' dir='ltr'><strong>Christi</strong></span> <span class='ocrx_word' id='word_1_270' title='bbox 1441 2389 1708 2443; x_wconf 90' lang='lat' dir='ltr'><strong>tribuunt.</strong></span> <span class='ocrx_word' id='word_1_271' title='bbox 1732 2386 1854 2442; x_wconf 88' lang='lat' dir='ltr'><strong>Sint</strong></span> <span class='ocrx_word' id='word_1_272' title='bbox 1876 2386 2061 2456; x_wconf 87' lang='lat' dir='ltr'><strong>itaque</strong></span> 
     </span>
    </p>
   </div>
   <div class='ocr_carea' id='block_1_40' title="bbox 482 2478 2063 2557">
    <p class='ocr_par' dir='ltr' id='par_1_40' title="bbox 482 2478 2063 2557">
     <span class='ocr_line' id='line_1_40' title="bbox 482 2478 2063 2557; baseline -0.006 -16"><span class='ocrx_word' id='word_1_273' title='bbox 482 2487 573 2543; x_wconf 91' lang='lat' dir='ltr'><strong>isti</strong></span> <span class='ocrx_word' id='word_1_274' title='bbox 614 2484 777 2557; x_wconf 89' lang='lat' dir='ltr'><strong>primi</strong></span> <span class='ocrx_word' id='word_1_275' title='bbox 806 2492 1059 2537; x_wconf 89' lang='lat' dir='ltr'><strong>auctores</strong></span> <span class='ocrx_word' id='word_1_276' title='bbox 1093 2492 1149 2535; x_wconf 90' lang='lat' dir='ltr'><strong>et</strong></span> <span class='ocrx_word' id='word_1_277' title='bbox 1180 2481 1349 2534; x_wconf 91' lang='lat' dir='ltr'><strong>duces</strong></span> <span class='ocrx_word' id='word_1_278' title='bbox 1383 2480 1545 2549; x_wconf 86' lang='lat' dir='ltr'><strong>hujus</strong></span> <span class='ocrx_word' id='word_1_279' title='bbox 1568 2478 1819 2542; x_wconf 63' lang='lat' dir='ltr'><strong>inscitiae,</strong></span> <span class='ocrx_word' id='word_1_280' title='bbox 1846 2486 1902 2531; x_wconf 89' lang='lat' dir='ltr'><strong>et</strong></span> <span class='ocrx_word' id='word_1_281' title='bbox 1932 2492 2063 2531; x_wconf 89' lang='lat' dir='ltr'><strong>con-</strong></span> 
     </span>
    </p>
   </div>
   <div class='ocr_carea' id='block_1_41' title="bbox 484 2569 2062 2636">
    <p class='ocr_par' dir='ltr' id='par_1_41' title="bbox 484 2569 2062 2636">
     <span class='ocr_line' id='line_1_41' title="bbox 484 2569 2062 2636; baseline -0.008 -1"><span class='ocrx_word' id='word_1_282' title='bbox 484 2578 788 2636; x_wconf 79' lang='lat' dir='ltr'><strong>ﬁtehuntur</strong></span> <span class='ocrx_word' id='word_1_283' title='bbox 846 2590 915 2629; x_wconf 83' lang='lat' dir='ltr'><strong>ex</strong></span> <span class='ocrx_word' id='word_1_284' title='bbox 959 2572 1135 2627; x_wconf 89' lang='lat' dir='ltr'><strong>tribus</strong></span> <span class='ocrx_word' id='word_1_285' title='bbox 1168 2587 1293 2626; x_wconf 89' lang='lat' dir='ltr'><strong>eum</strong></span> <span class='ocrx_word' id='word_1_286' title='bbox 1346 2570 1561 2624; x_wconf 90' lang='lat' dir='ltr'><strong>naturis</strong></span> <span class='ocrx_word' id='word_1_287' title='bbox 1586 2584 1709 2623; x_wconf 89' lang='lat' dir='ltr'><strong>esse</strong></span> <span class='ocrx_word' id='word_1_288' title='bbox 1738 2586 1750 2621; x_wconf 91' lang='lat'><strong>:</strong></span> <span class='ocrx_word' id='word_1_289' title='bbox 1782 2577 1839 2623; x_wconf 89' lang='lat' dir='ltr'><strong>ct</strong></span> <span class='ocrx_word' id='word_1_290' title='bbox 1875 2584 1975 2623; x_wconf 90' lang='lat' dir='ltr'><strong>nos</strong></span> <span class='ocrx_word' id='word_1_291' title='bbox 2008 2569 2062 2622; x_wconf 94' lang='lat' dir='ltr'><strong>in</strong></span> 
     </span>
    </p>
   </div>
   <div class='ocr_carea' id='block_1_42' title="bbox 468 2659 2063 2738">
    <p class='ocr_par' dir='ltr' id='par_1_42' title="bbox 468 2659 2063 2738">
     <span class='ocr_line' id='line_1_42' title="bbox 468 2659 2063 2738; baseline -0.007 -13"><span class='ocrx_word' id='word_1_292' title='bbox 468 2685 551 2725; x_wconf 79' lang='lat' dir='ltr'><strong>eo</strong></span> <span class='ocrx_word' id='word_1_293' title='bbox 596 2669 1031 2738; x_wconf 84' lang='lat' dir='ltr'><strong>acquiescemus,</strong></span> <span class='ocrx_word' id='word_1_294' title='bbox 1067 2662 1212 2734; x_wconf 89' lang='lat' dir='ltr'><strong>quod</strong></span> <span class='ocrx_word' id='word_1_295' title='bbox 1266 2661 1596 2718; x_wconf 72' lang='lat' dir='ltr'><strong>confitemur</strong></span> <span class='ocrx_word' id='word_1_296' title='bbox 1642 2675 1704 2715; x_wconf 91' lang='lat' dir='ltr'><strong>ea</strong></span> <span class='ocrx_word' id='word_1_297' title='bbox 1754 2675 1821 2714; x_wconf 85' lang='lat' dir='ltr'><strong>ex</strong></span> <span class='ocrx_word' id='word_1_298' title='bbox 1861 2659 2063 2729; x_wconf 89' lang='lat' dir='ltr'><strong>quibus</strong></span> 
     </span>
    </p>
   </div>
   <div class='ocr_carea' id='block_1_43' title="bbox 458 2753 2057 2824">
    <p class='ocr_par' dir='ltr' id='par_1_43' title="bbox 458 2753 2057 2824">
     <span class='ocr_line' id='line_1_43' title="bbox 458 2753 2057 2824; baseline -0.008 -7"><span class='ocrx_word' id='word_1_299' title='bbox 458 2765 663 2817; x_wconf 82' lang='lat' dir='ltr'><strong>‘factus</strong></span> <span class='ocrx_word' id='word_1_300' title='bbox 716 2768 820 2824; x_wconf 89' lang='lat' dir='ltr'><strong>est,</strong></span> <span class='ocrx_word' id='word_1_301' title='bbox 869 2757 1180 2821; x_wconf 88' lang='lat' dir='ltr'><strong>servari,in</strong></span> <span class='ocrx_word' id='word_1_302' title='bbox 1238 2769 1348 2824; x_wconf 87' lang='lat' dir='ltr'><strong>quo</strong></span> <span class='ocrx_word' id='word_1_303' title='bbox 1384 2753 1500 2808; x_wconf 64' lang='lat' dir='ltr'><strong>haec</strong></span> <span class='ocrx_word' id='word_1_304' title='bbox 1548 2761 1857 2807; x_wconf 88' lang='lat' dir='ltr'><strong>noscuntur</strong></span> <span class='ocrx_word' id='word_1_305' title='bbox 1887 2767 2009 2806; x_wconf 90' lang='lat' dir='ltr'><strong>esse</strong></span> <span class='ocrx_word' id='word_1_306' title='bbox 2040 2769 2057 2804; x_wconf 60' lang='grc' dir='ltr'>ηε</span> 
     </span>
    </p>
   </div>
   <div class='ocr_carea' id='block_1_44' title="bbox 484 2843 2060 2925">
    <p class='ocr_par' dir='ltr' id='par_1_44' title="bbox 484 2843 2060 2925">
     <span class='ocr_line' id='line_1_44' title="bbox 484 2843 2060 2925; baseline -0.008 -15"><span class='ocrx_word' id='word_1_307' title='bbox 484 2854 759 2925; x_wconf 87' lang='lat' dir='ltr'><strong>siquidem</strong></span> <span class='ocrx_word' id='word_1_308' title='bbox 786 2866 893 2906; x_wconf 92' lang='lat' dir='ltr'><strong>non</strong></span> <span class='ocrx_word' id='word_1_309' title='bbox 917 2866 983 2904; x_wconf 81' lang='lat' dir='ltr'><strong>ex</strong></span> <span class='ocrx_word' id='word_1_310' title='bbox 1022 2848 1199 2902; x_wconf 88' lang='lat' dir='ltr'><strong>tribus</strong></span> <span class='ocrx_word' id='word_1_311' title='bbox 1224 2848 1423 2914; x_wconf 91' lang='lat' dir='ltr'><strong>solum,</strong></span> <span class='ocrx_word' id='word_1_312' title='bbox 1446 2845 1540 2900; x_wconf 90' lang='lat' dir='ltr'><strong>sed</strong></span> <span class='ocrx_word' id='word_1_313' title='bbox 1562 2861 1625 2899; x_wconf 78' lang='lat' dir='ltr'><strong>ex</strong></span> <span class='ocrx_word' id='word_1_314' title='bbox 1658 2843 1909 2914; x_wconf 89' lang='lat' dir='ltr'><strong>pluribus</strong></span> <span class='ocrx_word' id='word_1_315' title='bbox 1934 2859 2060 2898; x_wconf 90' lang='lat' dir='ltr'><strong>eum</strong></span> 
     </span>
    </p>
   </div>
   <div class='ocr_carea' id='block_1_45' title="bbox 483 2936 2061 3013">
    <p class='ocr_par' dir='ltr' id='par_1_45' title="bbox 483 2936 2061 3013">
     <span class='ocr_line' id='line_1_45' title="bbox 483 2936 2061 3013; baseline -0.007 -11"><span class='ocrx_word' id='word_1_316' title='bbox 483 2962 609 3002; x_wconf 86' lang='lat' dir='ltr'><strong>esse</strong></span> <span class='ocrx_word' id='word_1_317' title='bbox 656 2946 844 3001; x_wconf 91' lang='lat' dir='ltr'><strong>dicere</strong></span> <span class='ocrx_word' id='word_1_318' title='bbox 893 2949 1180 3013; x_wconf 87' lang='lat' dir='ltr'><strong>cogentur,</strong></span> <span class='ocrx_word' id='word_1_319' title='bbox 1236 2949 1298 2994; x_wconf 85' lang='lat' dir='ltr'><strong>ut</strong></span> <span class='ocrx_word' id='word_1_320' title='bbox 1341 2937 1880 3002; x_wconf 88' lang='lat' dir='ltr'><strong>demonstrabimus;</strong></span> <span class='ocrx_word' id='word_1_321' title='bbox 1932 2936 2061 3008; x_wconf 90' lang='lat' dir='ltr'><strong>quia</strong></span> 
     </span>
    </p>
   </div>
   <div class='ocr_carea' id='block_1_46' title="bbox 483 3028 2063 3103">
    <p class='ocr_par' dir='ltr' id='par_1_46' title="bbox 483 3028 2063 3103">
     <span class='ocr_line' id='line_1_46' title="bbox 483 3028 2063 3103; baseline -0.008 -9"><span class='ocrx_word' id='word_1_322' title='bbox 483 3040 663 3094; x_wconf 79' lang='lat' dir='ltr'><strong>adhuc</strong></span> <span class='ocrx_word' id='word_1_323' title='bbox 723 3051 908 3091; x_wconf 88' lang='lat' dir='ltr'><strong>rerum</strong></span> <span class='ocrx_word' id='word_1_324' title='bbox 959 3034 1194 3103; x_wconf 76' lang='lat' dir='ltr'><strong>simplex</strong></span> <span class='ocrx_word' id='word_1_325' title='bbox 1223 3041 1280 3086; x_wconf 89' lang='lat' dir='ltr'><strong>et</strong></span> <span class='ocrx_word' id='word_1_326' title='bbox 1308 3031 1580 3102; x_wconf 79' lang='lat' dir='ltr'><strong>generalis</strong></span> <span class='ocrx_word' id='word_1_327' title='bbox 1630 3029 1785 3084; x_wconf 88' lang='lat' dir='ltr'><strong>notio</strong></span> <span class='ocrx_word' id='word_1_328' title='bbox 1818 3028 1967 3095; x_wconf 81' lang='lat' dir='ltr'><strong>facit,</strong></span> <span class='ocrx_word' id='word_1_329' title='bbox 2001 3037 2063 3083; x_wconf 91' lang='lat' dir='ltr'><strong>ut</strong></span> 
     </span>
    </p>
   </div>
   <div class='ocr_carea' id='block_1_47' title="bbox 483 3121 2061 3202">
    <p class='ocr_par' dir='ltr' id='par_1_47' title="bbox 483 3121 2061 3202">
     <span class='ocr_line' id='line_1_47' title="bbox 483 3121 2061 3202; baseline -0.008 -15"><span class='ocrx_word' id='word_1_330' title='bbox 483 3130 852 3202; x_wconf 79' lang='lat' dir='ltr'><strong>cognitionem</strong></span> <span class='ocrx_word' id='word_1_331' title='bbox 883 3126 1185 3182; x_wconf 88' lang='lat' dir='ltr'><strong>habeamus</strong></span> <span class='ocrx_word' id='word_1_332' title='bbox 1231 3124 1571 3187; x_wconf 88' lang='lat' dir='ltr'><strong>universam,</strong></span> <span class='ocrx_word' id='word_1_333' title='bbox 1598 3131 1653 3176; x_wconf 87' lang='lat' dir='ltr'><strong>et</strong></span> <span class='ocrx_word' id='word_1_334' title='bbox 1719 3137 1828 3176; x_wconf 92' lang='lat' dir='ltr'><strong>non</strong></span> <span class='ocrx_word' id='word_1_335' title='bbox 1884 3121 2061 3191; x_wconf 80' lang='lat' dir='ltr'><strong>expli-</strong></span> 
     </span>
    </p>
   </div>
   <div class='ocr_carea' id='block_1_48' title="bbox 482 3217 2057 3288">
    <p class='ocr_par' dir='ltr' id='par_1_48' title="bbox 482 3217 2057 3288">
     <span class='ocr_line' id='line_1_48' title="bbox 482 3217 2057 3288; baseline -0.006 -9"><span class='ocrx_word' id='word_1_336' title='bbox 482 3230 661 3280; x_wconf 83' lang='lat' dir='ltr'><strong>catam</strong></span> <span class='ocrx_word' id='word_1_337' title='bbox 712 3242 724 3276; x_wconf 91' lang='lat'>:</span> <span class='ocrx_word' id='word_1_338' title='bbox 766 3223 963 3278; x_wconf 89' lang='lat' dir='ltr'><strong>horum</strong></span> <span class='ocrx_word' id='word_1_339' title='bbox 991 3229 1174 3274; x_wconf 87' lang='lat' dir='ltr'><strong>autem</strong></span> <span class='ocrx_word' id='word_1_340' title='bbox 1217 3219 1417 3274; x_wconf 89' lang='lat' dir='ltr'><strong>divisio</strong></span> <span class='ocrx_word' id='word_1_341' title='bbox 1446 3218 1805 3288; x_wconf 82' lang='lat' dir='ltr'><strong>cogitatione,</strong></span> <span class='ocrx_word' id='word_1_342' title='bbox 1842 3217 1908 3271; x_wconf 89' lang='lat' dir='ltr'><strong>ad</strong></span> <span class='ocrx_word' id='word_1_343' title='bbox 1932 3233 2057 3287; x_wconf 86' lang='lat' dir='ltr'><strong>per-</strong></span> 
     </span>
    </p>
   </div>
   <div class='ocr_carea' id='block_1_49' title="bbox 2172 2020 3755 2097">
    <p class='ocr_par' dir='ltr' id='par_1_49' title="bbox 2172 2020 3755 2097">
     <span class='ocr_line' id='line_1_49' title="bbox 2172 2020 3755 2097; baseline -0.004 -18"><span class='ocrx_word' id='word_1_344' title='bbox 2172 2026 2457 2097; x_wconf 79' lang='grc' dir='ltr'>ειληχὸτες</span> <span class='ocrx_word' id='word_1_345' title='bbox 2495 2024 2747 2087; x_wconf 86' lang='grc' dir='ltr'>παιδείας</span> <span class='ocrx_word' id='word_1_346' title='bbox 2774 2066 2787 2089; x_wconf 90' lang='grc'><strong>,</strong></span> <span class='ocrx_word' id='word_1_347' title='bbox 2815 2024 2957 2077; x_wconf 75' lang='grc' dir='ltr'>οὕτω</span> <span class='ocrx_word' id='word_1_348' title='bbox 3024 2024 3209 2094; x_wconf 87' lang='grc' dir='ltr'>μόνοις</span> <span class='ocrx_word' id='word_1_349' title='bbox 3254 2023 3367 2085; x_wconf 87' lang='grc' dir='ltr'>τοῖς</span> <span class='ocrx_word' id='word_1_350' title='bbox 3419 2021 3489 2074; x_wconf 80' lang='grc' dir='ltr'>τὰ</span> <span class='ocrx_word' id='word_1_351' title='bbox 3518 2020 3639 2074; x_wconf 84' lang='grc' dir='ltr'>θεῖα</span> <span class='ocrx_word' id='word_1_352' title='bbox 3670 2036 3755 2072; x_wconf 84' lang='grc' dir='ltr'>σο-</span> 
     </span>
    </p>
   </div>
   <div class='ocr_carea' id='block_1_50' title="bbox 2171 2111 3755 2190">
    <p class='ocr_par' dir='ltr' id='par_1_50' title="bbox 2171 2111 3755 2190">
     <span class='ocr_line' id='line_1_50' title="bbox 2171 2111 3755 2190; baseline -0.006 -17"><span class='ocrx_word' id='word_1_353' title='bbox 2171 2122 2312 2189; x_wconf 82' lang='grc' dir='ltr'>φοῖς,</span> <span class='ocrx_word' id='word_1_354' title='bbox 2343 2117 2679 2190; x_wconf 84' lang='grc' dir='ltr'>τετράνωται</span> <span class='ocrx_word' id='word_1_355' title='bbox 2706 2118 2739 2188; x_wconf 79' lang='grc' dir='ltr'><strong>ἡ</strong></span> <span class='ocrx_word' id='word_1_356' title='bbox 2774 2118 2832 2170; x_wconf 85' lang='grc' dir='ltr'>ὲν</span> <span class='ocrx_word' id='word_1_357' title='bbox 2864 2115 2942 2186; x_wconf 80' lang='grc' dir='ltr'><strong>τῷ</strong></span> <span class='ocrx_word' id='word_1_358' title='bbox 2969 2116 3192 2186; x_wconf 83' lang='grc' dir='ltr'>ὀνόματι</span> <span class='ocrx_word' id='word_1_359' title='bbox 3227 2112 3588 2185; x_wconf 86' lang='grc' dir='ltr'>κεκρυμμένη</span> <span class='ocrx_word' id='word_1_360' title='bbox 3626 2111 3755 2181; x_wconf 79' lang='grc' dir='ltr'><strong>ἁλή-</strong></span> 
     </span>
    </p>
   </div>
   <div class='ocr_carea' id='block_1_51' title="bbox 2172 2204 3753 2281">
    <p class='ocr_par' dir='ltr' id='par_1_51' title="bbox 2172 2204 3753 2281">
     <span class='ocr_line' id='line_1_51' title="bbox 2172 2204 3753 2281; baseline -0.005 -16"><span class='ocrx_word' id='word_1_361' title='bbox 2172 2212 2313 2266; x_wconf 86' lang='grc' dir='ltr'>Θεια.</span> <span class='ocrx_word' id='word_1_362' title='bbox 2359 2208 2715 2281; x_wconf 82' lang='grc' dir='ltr'>Μαρτυροῦσι</span> <span class='ocrx_word' id='word_1_363' title='bbox 2746 2208 2803 2261; x_wconf 84' lang='grc' dir='ltr'>δὲ</span> <span class='ocrx_word' id='word_1_364' title='bbox 2839 2208 2935 2261; x_wconf 72' lang='grc' dir='ltr'><strong>καὶ</strong></span> <span class='ocrx_word' id='word_1_365' title='bbox 2968 2207 3123 2261; x_wconf 58' lang='grc' dir='ltr'>αὐτοὶ</span> <span class='ocrx_word' id='word_1_366' title='bbox 3166 2209 3231 2277; x_wconf 82' lang='grc' dir='ltr'>τῇ</span> <span class='ocrx_word' id='word_1_367' title='bbox 3263 2205 3492 2276; x_wconf 73' lang='grc' dir='ltr'>ἀληθείᾳ</span> <span class='ocrx_word' id='word_1_368' title='bbox 3529 2204 3624 2258; x_wconf 85' lang='grc' dir='ltr'><strong>τοῦ</strong></span> <span class='ocrx_word' id='word_1_369' title='bbox 3664 2205 3753 2257; x_wconf 86' lang='grc' dir='ltr'>λὸ-</span> 
     </span>
    </p>
   </div>
   <div class='ocr_carea' id='block_1_52' title="bbox 2169 2295 3757 2375">
    <p class='ocr_par' dir='ltr' id='par_1_52' title="bbox 2169 2295 3757 2375">
     <span class='ocr_line' id='line_1_52' title="bbox 2169 2295 3757 2375; baseline -0.008 -16"><span class='ocrx_word' id='word_1_370' title='bbox 2169 2324 2290 2375; x_wconf 88' lang='grc' dir='ltr'>γου,</span> <span class='ocrx_word' id='word_1_371' title='bbox 2344 2306 2409 2358; x_wconf 84' lang='grc' dir='ltr'>ὲκ</span> <span class='ocrx_word' id='word_1_372' title='bbox 2464 2304 2558 2356; x_wconf 87' lang='grc' dir='ltr'><strong>δύο</strong></span> <span class='ocrx_word' id='word_1_373' title='bbox 2623 2302 2721 2373; x_wconf 82' lang='grc' dir='ltr'>μὲν</span> <span class='ocrx_word' id='word_1_374' title='bbox 2773 2300 2989 2369; x_wconf 82' lang='grc' dir='ltr'>φύσεων</span> <span class='ocrx_word' id='word_1_375' title='bbox 3025 2299 3112 2352; x_wconf 77' lang='grc' dir='ltr'>ἀεὶ</span> <span class='ocrx_word' id='word_1_376' title='bbox 3145 2296 3619 2366; x_wconf 75' lang='grc' dir='ltr'>διαῆεὸαιουμένοι</span> <span class='ocrx_word' id='word_1_377' title='bbox 3662 2295 3757 2349; x_wconf 69' lang='grc' dir='ltr'>τὶν</span> 
     </span>
    </p>
   </div>
   <div class='ocr_carea' id='block_1_53' title="bbox 2170 2390 3754 2468">
    <p class='ocr_par' dir='ltr' id='par_1_53' title="bbox 2170 2390 3754 2468">
     <span class='ocr_line' id='line_1_53' title="bbox 2170 2390 3754 2468; baseline -0.006 -17"><span class='ocrx_word' id='word_1_378' title='bbox 2170 2396 2406 2468; x_wconf 84' lang='grc' dir='ltr'>Χριστὸν</span> <span class='ocrx_word' id='word_1_379' title='bbox 2431 2437 2445 2461; x_wconf 92' lang='grc'><strong>,</strong></span> <span class='ocrx_word' id='word_1_380' title='bbox 2483 2394 2607 2448; x_wconf 85' lang='grc' dir='ltr'>οὐδέ</span> <span class='ocrx_word' id='word_1_381' title='bbox 2640 2411 2770 2449; x_wconf 88' lang='grc' dir='ltr'>ποτε</span> <span class='ocrx_word' id='word_1_382' title='bbox 2800 2394 2857 2448; x_wconf 84' lang='grc' dir='ltr'>δὲ</span> <span class='ocrx_word' id='word_1_383' title='bbox 2897 2392 3059 2446; x_wconf 82' lang='grc' dir='ltr'>αὐτὸν</span> <span class='ocrx_word' id='word_1_384' title='bbox 3095 2392 3160 2445; x_wconf 79' lang='grc' dir='ltr'>ἐκ</span> <span class='ocrx_word' id='word_1_385' title='bbox 3189 2390 3358 2462; x_wconf 82' lang='grc' dir='ltr'>τριῶν</span> <span class='ocrx_word' id='word_1_386' title='bbox 3394 2390 3610 2457; x_wconf 82' lang='grc' dir='ltr'>φύσεων</span> <span class='ocrx_word' id='word_1_387' title='bbox 3650 2406 3754 2442; x_wconf 89' lang='grc' dir='ltr'>κα-</span> 
     </span>
    </p>
   </div>
   <div class='ocr_carea' id='block_1_54' title="bbox 2168 2477 3753 2555">
    <p class='ocr_par' dir='ltr' id='par_1_54' title="bbox 2168 2477 3753 2555">
     <span class='ocr_line' id='line_1_54' title="bbox 2168 2477 3753 2555; baseline -0.005 -17"><span class='ocrx_word' id='word_1_388' title='bbox 2168 2488 2427 2549; x_wconf 76' lang='grc' dir='ltr'>λέσαντες</span> <span class='ocrx_word' id='word_1_389' title='bbox 2454 2500 2468 2514; x_wconf 83' lang='lat'><strong><em>°</em></strong></span> <span class='ocrx_word' id='word_1_390' title='bbox 2502 2486 2709 2555; x_wconf 87' lang='grc' dir='ltr'>καίπερ</span> <span class='ocrx_word' id='word_1_391' title='bbox 2737 2484 2831 2537; x_wconf 68' lang='grc' dir='ltr'>καὶ</span> <span class='ocrx_word' id='word_1_392' title='bbox 2852 2481 3031 2553; x_wconf 77' lang='grc' dir='ltr'>ψυχὴν</span> <span class='ocrx_word' id='word_1_393' title='bbox 3059 2481 3284 2552; x_wconf 82' lang='grc' dir='ltr'>λογικὴν</span> <span class='ocrx_word' id='word_1_394' title='bbox 3305 2520 3321 2544; x_wconf 84' lang='grc'><strong>,</strong></span> <span class='ocrx_word' id='word_1_395' title='bbox 3354 2483 3423 2551; x_wconf 79' lang='grc' dir='ltr'>τῇ</span> <span class='ocrx_word' id='word_1_396' title='bbox 3463 2482 3629 2550; x_wconf 80' lang='grc' dir='ltr'>σαρκὶ</span> <span class='ocrx_word' id='word_1_397' title='bbox 3657 2477 3753 2531; x_wconf 84' lang='grc' dir='ltr'><strong>τοῦ</strong></span> 
     </span>
    </p>
   </div>
   <div class='ocr_carea' id='block_1_55' title="bbox 2170 2570 3756 2649">
    <p class='ocr_par' dir='ltr' id='par_1_55' title="bbox 2170 2570 3756 2649">
     <span class='ocr_line' id='line_1_55' title="bbox 2170 2570 3756 2649; baseline -0.007 -17"><span class='ocrx_word' id='word_1_398' title='bbox 2170 2577 2409 2649; x_wconf 81' lang='grc' dir='ltr'>Χριστοῦ</span> <span class='ocrx_word' id='word_1_399' title='bbox 2452 2576 2829 2646; x_wconf 80' lang='grc' dir='ltr'>παρέχουσιν·</span> <span class='ocrx_word' id='word_1_400' title='bbox 2892 2574 3017 2626; x_wconf 76' lang='grc' dir='ltr'>ἐπεὶ</span> <span class='ocrx_word' id='word_1_401' title='bbox 3071 2571 3546 2642; x_wconf 79' lang='grc' dir='ltr'>καταρξάσθωσαν</span> <span class='ocrx_word' id='word_1_402' title='bbox 3597 2570 3756 2622; x_wconf 80' lang='grc' dir='ltr'>αὐτοὶ</span> 
     </span>
    </p>
   </div>
   <div class='ocr_carea' id='block_1_56' title="bbox 2166 2664 3755 2741">
    <p class='ocr_par' dir='ltr' id='par_1_56' title="bbox 2166 2664 3755 2741">
     <span class='ocr_line' id='line_1_56' title="bbox 2166 2664 3755 2741; baseline -0.008 -16"><span class='ocrx_word' id='word_1_403' title='bbox 2166 2672 2269 2741; x_wconf 82' lang='grc' dir='ltr'>τῆς</span> <span class='ocrx_word' id='word_1_404' title='bbox 2304 2668 2682 2732; x_wconf 86' lang='grc' dir='ltr'>ἀπαιδευσίας,</span> <span class='ocrx_word' id='word_1_405' title='bbox 2718 2668 2814 2722; x_wconf 78' lang='grc' dir='ltr'><strong>καὶ</strong></span> <span class='ocrx_word' id='word_1_406' title='bbox 2848 2669 2913 2720; x_wconf 82' lang='grc' dir='ltr'>ἐκ</span> <span class='ocrx_word' id='word_1_407' title='bbox 2964 2667 3133 2738; x_wconf 84' lang='grc' dir='ltr'>τριῶν</span> <span class='ocrx_word' id='word_1_408' title='bbox 3163 2665 3327 2718; x_wconf 80' lang='grc' dir='ltr'>αὐτὸν</span> <span class='ocrx_word' id='word_1_409' title='bbox 3356 2664 3755 2734; x_wconf 77' lang='grc' dir='ltr'>ὁμολογήσουσι</span> 
     </span>
    </p>
   </div>
   <div class='ocr_carea' id='block_1_57' title="bbox 2170 2752 3754 2833">
    <p class='ocr_par' dir='ltr' id='par_1_57' title="bbox 2170 2752 3754 2833">
     <span class='ocr_line' id='line_1_57' title="bbox 2170 2752 3754 2833; baseline -0.006 -16"><span class='ocrx_word' id='word_1_410' title='bbox 2170 2766 2407 2833; x_wconf 82' lang='grc' dir='ltr'>φύσεων,</span> <span class='ocrx_word' id='word_1_411' title='bbox 2438 2764 2532 2815; x_wconf 72' lang='grc' dir='ltr'><strong>καὶ</strong></span> <span class='ocrx_word' id='word_1_412' title='bbox 2558 2763 2722 2833; x_wconf 77' lang='grc' dir='ltr'>ἡμεῖς</span> <span class='ocrx_word' id='word_1_413' title='bbox 2755 2778 2819 2829; x_wconf 90' lang='grc' dir='ltr'><strong>γε</strong></span> <span class='ocrx_word' id='word_1_414' title='bbox 2857 2760 3157 2832; x_wconf 81' lang='grc' dir='ltr'>στέρξομεν</span> <span class='ocrx_word' id='word_1_415' title='bbox 3184 2774 3197 2787; x_wconf 91' lang='grc'><strong>·</strong></span> <span class='ocrx_word' id='word_1_416' title='bbox 3221 2759 3288 2812; x_wconf 82' lang='grc' dir='ltr'>τὰ</span> <span class='ocrx_word' id='word_1_417' title='bbox 3321 2757 3379 2825; x_wconf 79' lang='grc' dir='ltr'>ὲξ</span> <span class='ocrx_word' id='word_1_418' title='bbox 3417 2752 3493 2813; x_wconf 80' lang='grc' dir='ltr'>ὧν</span> <span class='ocrx_word' id='word_1_419' title='bbox 3525 2756 3754 2825; x_wconf 87' lang='grc' dir='ltr'>γέγονεν</span> 
     </span>
    </p>
   </div>
   <div class='ocr_carea' id='block_1_58' title="bbox 2167 2845 3754 2926">
    <p class='ocr_par' dir='ltr' id='par_1_58' title="bbox 2167 2845 3754 2926">
     <span class='ocr_line' id='line_1_58' title="bbox 2167 2845 3754 2926; baseline -0.006 -17"><span class='ocrx_word' id='word_1_420' title='bbox 2167 2855 2556 2926; x_wconf 85' lang='grc' dir='ltr'>ὁμολογοῦντες</span> <span class='ocrx_word' id='word_1_421' title='bbox 2599 2853 2986 2923; x_wconf 85' lang='grc' dir='ltr'>φυλάττεσθαι,</span> <span class='ocrx_word' id='word_1_422' title='bbox 3020 2856 3075 2906; x_wconf 83' lang='grc' dir='ltr'>ὲν</span> <span class='ocrx_word' id='word_1_423' title='bbox 3103 2852 3178 2923; x_wconf 81' lang='grc' dir='ltr'>τῷ</span> <span class='ocrx_word' id='word_1_424' title='bbox 3204 2854 3259 2904; x_wconf 84' lang='grc' dir='ltr'>ὲν</span> <span class='ocrx_word' id='word_1_425' title='bbox 3290 2845 3335 2919; x_wconf 80' lang='grc' dir='ltr'>ᾧ</span> <span class='ocrx_word' id='word_1_426' title='bbox 3359 2850 3532 2905; x_wconf 89' lang='grc' dir='ltr'>ταῦτα</span> <span class='ocrx_word' id='word_1_427' title='bbox 3551 2849 3754 2920; x_wconf 87' lang='grc' dir='ltr'>γνωρί-</span> 
     </span>
    </p>
   </div>
   <div class='ocr_carea' id='block_1_59' title="bbox 2170 2942 3753 3017">
    <p class='ocr_par' dir='ltr' id='par_1_59' title="bbox 2170 2942 3753 3017">
     <span class='ocr_line' id='line_1_59' title="bbox 2170 2942 3753 3017; baseline -0.005 -16"><span class='ocrx_word' id='word_1_428' title='bbox 2170 2948 2343 3013; x_wconf 83' lang='grc' dir='ltr'>ζεται,</span> <span class='ocrx_word' id='word_1_429' title='bbox 2372 2947 2533 3001; x_wconf 82' lang='grc' dir='ltr'>ὁπότε</span> <span class='ocrx_word' id='word_1_430' title='bbox 2558 2948 2658 3000; x_wconf 84' lang='grc' dir='ltr'><strong>οὐκ</strong></span> <span class='ocrx_word' id='word_1_431' title='bbox 2688 2948 2753 3000; x_wconf 81' lang='grc' dir='ltr'>ἐκ</span> <span class='ocrx_word' id='word_1_432' title='bbox 2780 2946 2949 3016; x_wconf 81' lang='grc' dir='ltr'>τριῶν</span> <span class='ocrx_word' id='word_1_433' title='bbox 2982 2946 3161 3017; x_wconf 83' lang='grc' dir='ltr'>μόνον,</span> <span class='ocrx_word' id='word_1_434' title='bbox 3191 2944 3325 2998; x_wconf 84' lang='grc' dir='ltr'><strong>ἀλλά</strong></span> <span class='ocrx_word' id='word_1_435' title='bbox 3354 2945 3446 2997; x_wconf 68' lang='grc' dir='ltr'><strong>καὶ</strong></span> <span class='ocrx_word' id='word_1_436' title='bbox 3472 2946 3537 2996; x_wconf 77' lang='grc' dir='ltr'>ἐκ</span> <span class='ocrx_word' id='word_1_437' title='bbox 3571 2942 3753 2995; x_wconf 77' lang='grc' dir='ltr'>πλειό-</span> 
     </span>
    </p>
   </div>
   <div class='ocr_carea' id='block_1_60' title="bbox 2168 3029 3754 3107">
    <p class='ocr_par' dir='ltr' id='par_1_60' title="bbox 2168 3029 3754 3107">
     <span class='ocr_line' id='line_1_60' title="bbox 2168 3029 3754 3107; baseline -0.006 -14"><span class='ocrx_word' id='word_1_438' title='bbox 2168 3056 2275 3093; x_wconf 90' lang='grc' dir='ltr'>νων</span> <span class='ocrx_word' id='word_1_439' title='bbox 2308 3039 2471 3093; x_wconf 82' lang='grc' dir='ltr'>αύτὸν</span> <span class='ocrx_word' id='word_1_440' title='bbox 2508 3039 2690 3107; x_wconf 89' lang='grc' dir='ltr'>λέγειν</span> <span class='ocrx_word' id='word_1_441' title='bbox 2743 3036 3205 3102; x_wconf 75' lang='grc' dir='ltr'>ἐκϐιασθήσονται</span> <span class='ocrx_word' id='word_1_442' title='bbox 3232 3078 3247 3098; x_wconf 83' lang='grc'><strong>,</strong></span> <span class='ocrx_word' id='word_1_443' title='bbox 3275 3035 3350 3098; x_wconf 85' lang='grc' dir='ltr'><strong>ὼς</strong></span> <span class='ocrx_word' id='word_1_444' title='bbox 3384 3029 3542 3097; x_wconf 80' lang='grc' dir='ltr'>αὖθις</span> <span class='ocrx_word' id='word_1_445' title='bbox 3580 3031 3754 3096; x_wconf 80' lang='grc' dir='ltr'>δείξο-</span> 
     </span>
    </p>
   </div>
   <div class='ocr_carea' id='block_1_61' title="bbox 2173 3124 3757 3203">
    <p class='ocr_par' dir='ltr' id='par_1_61' title="bbox 2173 3124 3757 3203">
     <span class='ocr_line' id='line_1_61' title="bbox 2173 3124 3757 3203; baseline -0.006 -17"><span class='ocrx_word' id='word_1_446' title='bbox 2173 3149 2271 3203; x_wconf 87' lang='grc' dir='ltr'><strong>μεν</strong></span> <span class='ocrx_word' id='word_1_447' title='bbox 2301 3148 2315 3163; x_wconf 89' lang='grc'><strong>·</strong></span> <span class='ocrx_word' id='word_1_448' title='bbox 2342 3133 2424 3185; x_wconf 86' lang='grc' dir='ltr'>ὅτι</span> <span class='ocrx_word' id='word_1_449' title='bbox 2452 3131 2560 3184; x_wconf 87' lang='grc' dir='ltr'><strong>τῶν</strong></span> <span class='ocrx_word' id='word_1_450' title='bbox 2590 3128 2934 3202; x_wconf 79' lang='grc' dir='ltr'>πραγμάτων</span> <span class='ocrx_word' id='word_1_451' title='bbox 2964 3130 2997 3199; x_wconf 81' lang='grc' dir='ltr'>ἡ</span> <span class='ocrx_word' id='word_1_452' title='bbox 3027 3127 3175 3198; x_wconf 83' lang='grc' dir='ltr'>ἁπλῆ</span> <span class='ocrx_word' id='word_1_453' title='bbox 3210 3127 3302 3180; x_wconf 69' lang='grc' dir='ltr'><strong>καὶ</strong></span> <span class='ocrx_word' id='word_1_454' title='bbox 3337 3126 3461 3180; x_wconf 81' lang='grc' dir='ltr'>καθ’</span> <span class='ocrx_word' id='word_1_455' title='bbox 3490 3124 3611 3179; x_wconf 83' lang='grc' dir='ltr'>ὅλου</span> <span class='ocrx_word' id='word_1_456' title='bbox 3632 3126 3757 3176; x_wconf 69' lang='grc' dir='ltr'>ἐπε.-</span> 
     </span>
    </p>
   </div>
   <div class='ocr_carea' id='block_1_62' title="bbox 2171 3218 3753 3295">
    <p class='ocr_par' dir='ltr' id='par_1_62' title="bbox 2171 3218 3753 3295">
     <span class='ocr_line' id='line_1_62' title="bbox 2171 3218 3753 3295; baseline -0.006 -18"><span class='ocrx_word' id='word_1_457' title='bbox 2171 3224 2322 3295; x_wconf 80' lang='grc' dir='ltr'>6ολὴ,</span> <span class='ocrx_word' id='word_1_458' title='bbox 2348 3222 2556 3277; x_wconf 76' lang='grc' dir='ltr'>ἔννοιαν</span> <span class='ocrx_word' id='word_1_459' title='bbox 2592 3223 2728 3294; x_wconf 75' lang='grc' dir='ltr'>ἡμῖν</span> <span class='ocrx_word' id='word_1_460' title='bbox 2758 3220 3021 3291; x_wconf 87' lang='grc' dir='ltr'>ὁλοσχερῆ</span> <span class='ocrx_word' id='word_1_461' title='bbox 3046 3220 3141 3273; x_wconf 76' lang='grc' dir='ltr'>καὶ</span> <span class='ocrx_word' id='word_1_462' title='bbox 3167 3220 3231 3271; x_wconf 87' lang='grc' dir='ltr'><strong>ἀτ</strong></span> <span class='ocrx_word' id='word_1_463' title='bbox 3242 3219 3480 3291; x_wconf 86' lang='grc' dir='ltr'>ράνωτον</span> <span class='ocrx_word' id='word_1_464' title='bbox 3510 3218 3753 3289; x_wconf 79' lang='grc' dir='ltr'>ἐμποιεῖ.</span> 
     </span>
    </p>
   </div>
   <div class='ocr_carea' id='block_1_63' title="bbox 478 3304 2064 3384">
    <p class='ocr_par' dir='ltr' id='par_1_63' title="bbox 478 3308 2064 3384">
     <span class='ocr_line' id='line_1_63' title="bbox 478 3308 2064 3384; baseline -0.004 -15"><span class='ocrx_word' id='word_1_465' title='bbox 478 3316 681 3371; x_wconf 83' lang='lat' dir='ltr'><strong>fectam</strong></span> <span class='ocrx_word' id='word_1_466' title='bbox 712 3313 1082 3384; x_wconf 80' lang='lat' dir='ltr'><strong>cognitionem</strong></span> <span class='ocrx_word' id='word_1_467' title='bbox 1117 3325 1217 3365; x_wconf 88' lang='lat' dir='ltr'><strong>nos</strong></span> <span class='ocrx_word' id='word_1_468' title='bbox 1246 3309 1471 3364; x_wconf 87' lang='lat' dir='ltr'><strong>adducit</strong></span> <span class='ocrx_word' id='word_1_469' title='bbox 1516 3324 1710 3363; x_wconf 89' lang='lat' dir='ltr'><strong>eorum</strong></span> <span class='ocrx_word' id='word_1_470' title='bbox 1759 3324 1826 3362; x_wconf 80' lang='lat' dir='ltr'><strong>ex</strong></span> <span class='ocrx_word' id='word_1_471' title='bbox 1862 3308 2064 3376; x_wconf 90' lang='lat' dir='ltr'><strong>quibus</strong></span> 
     </span>
    </p>
   </div>
   <div class='ocr_carea' id='block_1_64' title="bbox 2170 3304 3753 3384">
    <p class='ocr_par' dir='ltr' id='par_1_64' title="bbox 2181 3310 3753 3384">
     <span class='ocr_line' id='line_1_64' title="bbox 2181 3310 3753 3384; baseline -0.004 -15"><span class='ocrx_word' id='word_1_472' title='bbox 2181 3317 2247 3369; x_wconf 78' lang='grc' dir='ltr'><strong>Ἠ</strong></span> <span class='ocrx_word' id='word_1_473' title='bbox 2291 3315 2349 3370; x_wconf 81' lang='grc' dir='ltr'>δὲ</span> <span class='ocrx_word' id='word_1_474' title='bbox 2389 3314 2595 3367; x_wconf 86' lang='grc' dir='ltr'>τούτων</span> <span class='ocrx_word' id='word_1_475' title='bbox 2629 3315 2750 3367; x_wconf 86' lang='grc' dir='ltr'>κατ’</span> <span class='ocrx_word' id='word_1_476' title='bbox 2783 3314 3029 3367; x_wconf 80' lang='grc' dir='ltr'>ἐπίνοιαν</span> <span class='ocrx_word' id='word_1_477' title='bbox 3074 3312 3343 3384; x_wconf 88' lang='grc' dir='ltr'>διαίρεσις</span> <span class='ocrx_word' id='word_1_478' title='bbox 3372 3354 3386 3375; x_wconf 83' lang='grc'><strong>,</strong></span> <span class='ocrx_word' id='word_1_479' title='bbox 3422 3314 3502 3375; x_wconf 87' lang='grc' dir='ltr'>είς</span> <span class='ocrx_word' id='word_1_480' title='bbox 3546 3310 3753 3381; x_wconf 76' lang='grc' dir='ltr'>ἀκριϐῆ</span> 
     </span>
    </p>
   </div>
   <div class='ocr_carea' id='block_1_65' title="bbox 483 3400 2061 3464">
    <p class='ocr_par' dir='ltr' id='par_1_65' title="bbox 483 3400 2061 3464">
     <span class='ocr_line' id='line_1_65' title="bbox 483 3400 2061 3464; baseline -0.008 0"><span class='ocrx_word' id='word_1_481' title='bbox 483 3415 758 3464; x_wconf 85' lang='lat' dir='ltr'><strong>constant.</strong></span> <span class='ocrx_word' id='word_1_482' title='bbox 814 3404 897 3462; x_wconf 92' lang='lat' dir='ltr'><strong>0b</strong></span> <span class='ocrx_word' id='word_1_483' title='bbox 944 3405 1087 3458; x_wconf 89' lang='lat' dir='ltr'><strong>hanc</strong></span> <span class='ocrx_word' id='word_1_484' title='bbox 1129 3417 1352 3457; x_wconf 87' lang='lat' dir='ltr'><strong>causam</strong></span> <span class='ocrx_word' id='word_1_485' title='bbox 1401 3401 1732 3455; x_wconf 85' lang='lat' dir='ltr'><strong>divisionem</strong></span> <span class='ocrx_word' id='word_1_486' title='bbox 1791 3400 1963 3453; x_wconf 89' lang='lat' dir='ltr'><strong>totius</strong></span> <span class='ocrx_word' id='word_1_487' title='bbox 2009 3400 2061 3454; x_wconf 91' lang='lat' dir='ltr'><strong>in</strong></span> 
     </span>
    </p>
   </div>
   <div class='ocr_carea' id='block_1_66' title="bbox 466 3490 2064 3566">
    <p class='ocr_par' dir='ltr' id='par_1_66' title="bbox 466 3490 2064 3566">
     <span class='ocr_line' id='line_1_66' title="bbox 466 3490 2064 3566; baseline -0.004 -17"><span class='ocrx_word' id='word_1_488' title='bbox 466 3505 672 3566; x_wconf 58' lang='lat' dir='ltr'><strong>manes</strong></span> <span class='ocrx_word' id='word_1_489' title='bbox 719 3493 987 3559; x_wconf 84' lang='lat' dir='ltr'><strong>facimus;</strong></span> <span class='ocrx_word' id='word_1_490' title='bbox 1027 3491 1277 3546; x_wconf 88' lang='lat' dir='ltr'><strong>dividere</strong></span> <span class='ocrx_word' id='word_1_491' title='bbox 1309 3500 1493 3545; x_wconf 90' lang='lat' dir='ltr'><strong>autem</strong></span> <span class='ocrx_word' id='word_1_492' title='bbox 1529 3490 1582 3543; x_wconf 92' lang='lat' dir='ltr'><strong>in</strong></span> <span class='ocrx_word' id='word_1_493' title='bbox 1614 3498 1800 3559; x_wconf 89' lang='lat' dir='ltr'><strong>partes</strong></span> <span class='ocrx_word' id='word_1_494' title='bbox 1823 3490 2064 3559; x_wconf 90' lang='lat' dir='ltr'><strong>partium</strong></span> 
     </span>
    </p>
   </div>
   <div class='ocr_carea' id='block_1_67' title="bbox 472 3578 2065 3654">
    <p class='ocr_par' dir='ltr' id='par_1_67' title="bbox 472 3578 2065 3654">
     <span class='ocr_line' id='line_1_67' title="bbox 472 3578 2065 3654; baseline -0.003 -15"><span class='ocrx_word' id='word_1_495' title='bbox 472 3595 610 3654; x_wconf 59' lang='lat' dir='ltr'><strong>.post</strong></span> <span class='ocrx_word' id='word_1_496' title='bbox 678 3584 910 3653; x_wconf 86' lang='lat' dir='ltr'><strong>primam</strong></span> <span class='ocrx_word' id='word_1_497' title='bbox 997 3581 1365 3644; x_wconf 88' lang='lat' dir='ltr'><strong>divisionem,</strong></span> <span class='ocrx_word' id='word_1_498' title='bbox 1416 3578 1713 3634; x_wconf 90' lang='lat' dir='ltr'><strong>ridiculum</strong></span> <span class='ocrx_word' id='word_1_499' title='bbox 1775 3588 1877 3633; x_wconf 90' lang='lat' dir='ltr'><strong>est.</strong></span> <span class='ocrx_word' id='word_1_500' title='bbox 1944 3580 2065 3634; x_wconf 86' lang='lat' dir='ltr'><strong>Non</strong></span> 
     </span>
    </p>
   </div>
   <div class='ocr_carea' id='block_1_68' title="bbox 484 3670 2065 3742">
    <p class='ocr_par' dir='ltr' id='par_1_68' title="bbox 484 3670 2065 3742">
     <span class='ocr_line' id='line_1_68' title="bbox 484 3670 2065 3742; baseline -0.003 -14"><span class='ocrx_word' id='word_1_501' title='bbox 484 3677 633 3729; x_wconf 77' lang='lat' dir='ltr'><strong>enim</strong></span> <span class='ocrx_word' id='word_1_502' title='bbox 680 3674 788 3728; x_wconf 89' lang='lat' dir='ltr'><strong>huc</strong></span> <span class='ocrx_word' id='word_1_503' title='bbox 834 3688 1007 3742; x_wconf 90' lang='lat' dir='ltr'><strong>usque</strong></span> <span class='ocrx_word' id='word_1_504' title='bbox 1038 3673 1259 3739; x_wconf 88' lang='lat' dir='ltr'><strong>evadit,</strong></span> <span class='ocrx_word' id='word_1_505' title='bbox 1291 3680 1346 3727; x_wconf 88' lang='lat' dir='ltr'><strong>et</strong></span> <span class='ocrx_word' id='word_1_506' title='bbox 1378 3672 1469 3726; x_wconf 88' lang='lat' dir='ltr'><strong>hic</strong></span> <span class='ocrx_word' id='word_1_507' title='bbox 1497 3672 1683 3737; x_wconf 90' lang='lat' dir='ltr'><strong>sistit,</strong></span> <span class='ocrx_word' id='word_1_508' title='bbox 1721 3670 1817 3726; x_wconf 89' lang='lat' dir='ltr'><strong>sed</strong></span> <span class='ocrx_word' id='word_1_509' title='bbox 1858 3670 1914 3724; x_wconf 91' lang='lat' dir='ltr'><strong>in</strong></span> <span class='ocrx_word' id='word_1_510' title='bbox 1944 3671 2065 3724; x_wconf 83' lang='lat' dir='ltr'><strong>infi-</strong></span> 
     </span>
    </p>
   </div>
   <div class='ocr_carea' id='block_1_69' title="bbox 486 3765 1066 3837">
    <p class='ocr_par' dir='ltr' id='par_1_69' title="bbox 486 3765 1066 3837">
     <span class='ocr_line' id='line_1_69' title="bbox 486 3765 1066 3837; baseline -0.005 -15"><span class='ocrx_word' id='word_1_511' title='bbox 486 3767 664 3822; x_wconf 86' lang='lat' dir='ltr'><strong>nitum</strong></span> <span class='ocrx_word' id='word_1_512' title='bbox 696 3765 1066 3837; x_wconf 89' lang='lat' dir='ltr'><strong>progreditur.</strong></span> 
     </span>
    </p>
   </div>
   <div class='ocr_carea' id='block_1_70' title="bbox 557 3982 2067 4055">
    <p class='ocr_par' dir='ltr' id='par_1_70' title="bbox 557 3982 2067 4055">
     <span class='ocr_line' id='line_1_70' title="bbox 557 3982 2067 4055; baseline -0.001 -13"><span class='ocrx_word' id='word_1_513' title='bbox 557 3985 722 4042; x_wconf 81' lang='lat' dir='ltr'><strong>Verbi</strong></span> <span class='ocrx_word' id='word_1_514' title='bbox 765 3985 961 4055; x_wconf 89' lang='lat' dir='ltr'><strong>gratia,</strong></span> <span class='ocrx_word' id='word_1_515' title='bbox 1003 3997 1063 4037; x_wconf 87' lang='lat' dir='ltr'><strong>ut</strong></span> <span class='ocrx_word' id='word_1_516' title='bbox 1106 3982 1255 4054; x_wconf 90' lang='lat' dir='ltr'><strong>quod</strong></span> <span class='ocrx_word' id='word_1_517' title='bbox 1304 3983 1429 4037; x_wconf 88' lang='lat' dir='ltr'><strong>dico</strong></span> <span class='ocrx_word' id='word_1_518' title='bbox 1480 3982 1837 4055; x_wconf 85' lang='lat' dir='ltr'><strong>intelligatur,</strong></span> <span class='ocrx_word' id='word_1_519' title='bbox 1882 3992 2067 4053; x_wconf 88' lang='lat' dir='ltr'><strong>partes</strong></span> 
     </span>
    </p>
   </div>
   <div class='ocr_carea' id='block_1_71' title="bbox 486 4071 2066 4144">
    <p class='ocr_par' dir='ltr' id='par_1_71' title="bbox 486 4071 2066 4144">
     <span class='ocr_line' id='line_1_71' title="bbox 486 4071 2066 4144; baseline -0.004 -14"><span class='ocrx_word' id='word_1_520' title='bbox 486 4075 726 4130; x_wconf 86' lang='lat' dir='ltr'><strong>hominis</strong></span> <span class='ocrx_word' id='word_1_521' title='bbox 752 4084 881 4129; x_wconf 93' lang='lat' dir='ltr'><strong>sunt</strong></span> <span class='ocrx_word' id='word_1_522' title='bbox 905 4087 1106 4144; x_wconf 91' lang='lat' dir='ltr'><strong>corpus</strong></span> <span class='ocrx_word' id='word_1_523' title='bbox 1133 4080 1189 4128; x_wconf 89' lang='lat' dir='ltr'><strong>et</strong></span> <span class='ocrx_word' id='word_1_524' title='bbox 1222 4071 1438 4138; x_wconf 89' lang='lat' dir='ltr'><strong>anima;</strong></span> <span class='ocrx_word' id='word_1_525' title='bbox 1465 4080 1647 4142; x_wconf 88' lang='lat' dir='ltr'><strong>partes</strong></span> <span class='ocrx_word' id='word_1_526' title='bbox 1678 4088 1810 4127; x_wconf 88' lang='lat' dir='ltr'><strong>vero</strong></span> <span class='ocrx_word' id='word_1_527' title='bbox 1827 4071 2066 4142; x_wconf 87' lang='lat' dir='ltr'><strong>partium</strong></span> 
     </span>
    </p>
   </div>
   <div class='ocr_carea' id='block_1_72' title="bbox 487 4162 2064 4239">
    <p class='ocr_par' dir='ltr' id='par_1_72' title="bbox 487 4162 2064 4239">
     <span class='ocr_line' id='line_1_72' title="bbox 487 4162 2064 4239; baseline -0.002 -18"><span class='ocrx_word' id='word_1_528' title='bbox 487 4169 626 4239; x_wconf 84' lang='lat' dir='ltr'><strong>ejus,</strong></span> <span class='ocrx_word' id='word_1_529' title='bbox 644 4166 698 4221; x_wconf 92' lang='lat' dir='ltr'><strong>in</strong></span> <span class='ocrx_word' id='word_1_530' title='bbox 726 4167 905 4221; x_wconf 89' lang='lat' dir='ltr'><strong>anima</strong></span> <span class='ocrx_word' id='word_1_531' title='bbox 934 4164 1157 4236; x_wconf 90' lang='lat' dir='ltr'><strong>quidem</strong></span> <span class='ocrx_word' id='word_1_532' title='bbox 1187 4164 1495 4220; x_wconf 88' lang='lat' dir='ltr'><strong>substantia</strong></span> <span class='ocrx_word' id='word_1_533' title='bbox 1522 4164 1751 4219; x_wconf 90' lang='lat' dir='ltr'><strong>rationis</strong></span> <span class='ocrx_word' id='word_1_534' title='bbox 1770 4162 2064 4233; x_wconf 89' lang='lat' dir='ltr'><strong>particeps,</strong></span> 
     </span>
    </p>
   </div>
   <div class='ocr_carea' id='block_1_73' title="bbox 480 4258 2065 4331">
    <p class='ocr_par' dir='ltr' id='par_1_73' title="bbox 480 4258 2065 4331">
     <span class='ocr_line' id='line_1_73' title="bbox 480 4258 2065 4331; baseline -0.003 -16"><span class='ocrx_word' id='word_1_535' title='bbox 480 4268 544 4315; x_wconf 87' lang='lat' dir='ltr'><strong>et</strong></span> <span class='ocrx_word' id='word_1_536' title='bbox 587 4260 822 4331; x_wconf 88' lang='lat' dir='ltr'><strong>qualitas</strong></span> <span class='ocrx_word' id='word_1_537' title='bbox 858 4260 1183 4329; x_wconf 89' lang='lat' dir='ltr'><strong>incorporea</strong></span> <span class='ocrx_word' id='word_1_538' title='bbox 1214 4275 1229 4325; x_wconf 91' lang='lat'><strong>;</strong></span> <span class='ocrx_word' id='word_1_539' title='bbox 1267 4268 1321 4314; x_wconf 91' lang='lat' dir='ltr'><strong>et</strong></span> <span class='ocrx_word' id='word_1_540' title='bbox 1354 4258 1469 4312; x_wconf 64' lang='lat' dir='ltr'><strong>haec</strong></span> <span class='ocrx_word' id='word_1_541' title='bbox 1517 4259 1716 4328; x_wconf 91' lang='lat' dir='ltr'><strong>partim</strong></span> <span class='ocrx_word' id='word_1_542' title='bbox 1746 4266 1830 4313; x_wconf 89' lang='lat' dir='ltr'><strong>est</strong></span> <span class='ocrx_word' id='word_1_543' title='bbox 1864 4259 1950 4311; x_wconf 86' lang='lat' dir='ltr'><strong>vis</strong></span> <span class='ocrx_word' id='word_1_544' title='bbox 1976 4272 2065 4311; x_wconf 85' lang='lat' dir='ltr'><strong>ra-</strong></span> 
     </span>
    </p>
   </div>
   <div class='ocr_carea' id='block_1_74' title="bbox 487 4336 2068 4421">
    <p class='ocr_par' dir='ltr' id='par_1_74' title="bbox 487 4336 2068 4421">
     <span class='ocr_line' id='line_1_74' title="bbox 487 4336 2068 4421; baseline -0.003 -17"><span class='ocrx_word' id='word_1_545' title='bbox 487 4350 790 4406; x_wconf 90' lang='lat' dir='ltr'><strong>tiocinandi</strong></span> <span class='ocrx_word' id='word_1_546' title='bbox 821 4366 941 4421; x_wconf 67' lang='lat' dir='ltr'><strong>quae</strong></span> <span class='ocrx_word' id='word_1_547' title='bbox 970 4358 1055 4405; x_wconf 89' lang='lat' dir='ltr'><strong>est</strong></span> <span class='ocrx_word' id='word_1_548' title='bbox 1080 4349 1357 4420; x_wconf 87' lang='lat' dir='ltr'><strong>princeps,</strong></span> <span class='ocrx_word' id='word_1_549' title='bbox 1397 4349 1597 4419; x_wconf 90' lang='lat' dir='ltr'><strong>partim</strong></span> <span class='ocrx_word' id='word_1_550' title='bbox 1628 4347 1921 4415; x_wconf 84' lang='lat' dir='ltr'><strong>irascendi,</strong></span> <span class='ocrx_word' id='word_1_551' title='bbox 1943 4336 2068 4417; x_wconf 77' lang='lat' dir='ltr'><strong>par-</strong></span> 
     </span>
    </p>
   </div>
   <div class='ocr_carea' id='block_1_75' title="bbox 488 4440 2065 4513">
    <p class='ocr_par' dir='ltr' id='par_1_75' title="bbox 488 4440 2065 4513">
     <span class='ocr_line' id='line_1_75' title="bbox 488 4440 2065 4513; baseline -0.003 -16"><span class='ocrx_word' id='word_1_552' title='bbox 488 4444 585 4497; x_wconf 89' lang='lat' dir='ltr'><strong>tim</strong></span> <span class='ocrx_word' id='word_1_553' title='bbox 615 4442 1066 4513; x_wconf 89' lang='lat' dir='ltr'><strong>concupiscendi,</strong></span> <span class='ocrx_word' id='word_1_554' title='bbox 1087 4451 1143 4497; x_wconf 89' lang='lat' dir='ltr'><strong>et</strong></span> <span class='ocrx_word' id='word_1_555' title='bbox 1170 4442 1365 4497; x_wconf 88' lang='lat' dir='ltr'><strong>harum</strong></span> <span class='ocrx_word' id='word_1_556' title='bbox 1399 4443 1638 4512; x_wconf 88' lang='lat' dir='ltr'><strong>partium</strong></span> <span class='ocrx_word' id='word_1_557' title='bbox 1672 4441 1766 4495; x_wconf 91' lang='lat' dir='ltr'><strong>illa</strong></span> <span class='ocrx_word' id='word_1_558' title='bbox 1808 4440 2065 4511; x_wconf 88' lang='lat' dir='ltr'><strong>princeps</strong></span> 
     </span>
    </p>
   </div>
   <div class='ocr_carea' id='block_1_76' title="bbox 485 4534 2064 4606">
    <p class='ocr_par' dir='ltr' id='par_1_76' title="bbox 485 4534 2064 4606">
     <span class='ocr_line' id='line_1_76' title="bbox 485 4534 2064 4606; baseline 0 -19"><span class='ocrx_word' id='word_1_559' title='bbox 485 4534 741 4590; x_wconf 82' lang='lat' dir='ltr'><strong>notiones</strong></span> <span class='ocrx_word' id='word_1_560' title='bbox 767 4535 1004 4602; x_wconf 84' lang='lat' dir='ltr'><strong>format;</strong></span> <span class='ocrx_word' id='word_1_561' title='bbox 1055 4543 1111 4590; x_wconf 89' lang='lat' dir='ltr'><strong>et</strong></span> <span class='ocrx_word' id='word_1_562' title='bbox 1152 4536 1383 4606; x_wconf 81' lang='lat' dir='ltr'><strong>cogitat,</strong></span> <span class='ocrx_word' id='word_1_563' title='bbox 1420 4545 1476 4590; x_wconf 92' lang='lat' dir='ltr'><strong>et</strong></span> <span class='ocrx_word' id='word_1_564' title='bbox 1502 4536 1793 4603; x_wconf 91' lang='lat' dir='ltr'><strong>meminit,</strong></span> <span class='ocrx_word' id='word_1_565' title='bbox 1845 4544 1901 4589; x_wconf 90' lang='lat' dir='ltr'><strong>et</strong></span> <span class='ocrx_word' id='word_1_566' title='bbox 1933 4550 2064 4589; x_wconf 90' lang='lat' dir='ltr'><strong>con-</strong></span> 
     </span>
    </p>
   </div>
   <div class='ocr_carea' id='block_1_77' title="bbox 2166 3397 3757 3477">
    <p class='ocr_par' dir='ltr' id='par_1_77' title="bbox 2166 3397 3757 3477">
     <span class='ocr_line' id='line_1_77' title="bbox 2166 3397 3757 3477; baseline -0.004 -16"><span class='ocrx_word' id='word_1_567' title='bbox 2166 3406 2370 3477; x_wconf 84' lang='grc' dir='ltr'>γνῶσιν</span> <span class='ocrx_word' id='word_1_568' title='bbox 2419 3408 2571 3476; x_wconf 77' lang='grc' dir='ltr'>ἡμᾶς</span> <span class='ocrx_word' id='word_1_569' title='bbox 2622 3406 2745 3475; x_wconf 79' lang='grc' dir='ltr'>ἄγει</span> <span class='ocrx_word' id='word_1_570' title='bbox 2802 3405 2911 3459; x_wconf 86' lang='grc' dir='ltr'><strong>τῶν</strong></span> <span class='ocrx_word' id='word_1_571' title='bbox 2953 3404 3011 3472; x_wconf 79' lang='grc' dir='ltr'>ἐξ</span> <span class='ocrx_word' id='word_1_572' title='bbox 3054 3397 3130 3459; x_wconf 81' lang='grc' dir='ltr'>ὧν</span> <span class='ocrx_word' id='word_1_573' title='bbox 3178 3406 3597 3476; x_wconf 85' lang='grc' dir='ltr'>συνεστήκασιν.</span> <span class='ocrx_word' id='word_1_574' title='bbox 3645 3404 3757 3455; x_wconf 69' lang='lat' dir='ltr'><strong>Kal.</strong></span> 
     </span>
    </p>
   </div>
   <div class='ocr_carea' id='block_1_78' title="bbox 2165 3496 3754 3569">
    <p class='ocr_par' dir='ltr' id='par_1_78' title="bbox 2165 3496 3754 3569">
     <span class='ocr_line' id='line_1_78' title="bbox 2165 3496 3754 3569; baseline -0.004 -16"><span class='ocrx_word' id='word_1_575' title='bbox 2165 3499 2372 3569; x_wconf 82' lang='grc' dir='ltr'>ταύτης</span> <span class='ocrx_word' id='word_1_576' title='bbox 2430 3499 2617 3552; x_wconf 73' lang='grc' dir='ltr'>ἕνεκεν</span> <span class='ocrx_word' id='word_1_577' title='bbox 2659 3497 2758 3568; x_wconf 83' lang='grc' dir='ltr'>τὴν</span> <span class='ocrx_word' id='word_1_578' title='bbox 2797 3497 2894 3551; x_wconf 90' lang='grc' dir='ltr'><strong>τοῦ</strong></span> <span class='ocrx_word' id='word_1_579' title='bbox 2926 3497 3049 3551; x_wconf 85' lang='grc' dir='ltr'>ὅλου</span> <span class='ocrx_word' id='word_1_580' title='bbox 3086 3498 3165 3561; x_wconf 80' lang='grc' dir='ltr'>εἰς</span> <span class='ocrx_word' id='word_1_581' title='bbox 3197 3497 3264 3550; x_wconf 90' lang='grc' dir='ltr'><strong>τά</strong></span> <span class='ocrx_word' id='word_1_582' title='bbox 3307 3498 3446 3567; x_wconf 84' lang='grc' dir='ltr'>μέρη</span> <span class='ocrx_word' id='word_1_583' title='bbox 3477 3496 3754 3564; x_wconf 82' lang='grc' dir='ltr'>διάκρισιν</span> 
     </span>
    </p>
   </div>
   <div class='ocr_carea' id='block_1_79' title="bbox 2168 3587 3755 3660">
    <p class='ocr_par' dir='ltr' id='par_1_79' title="bbox 2168 3587 3755 3660">
     <span class='ocr_line' id='line_1_79' title="bbox 2168 3587 3755 3660; baseline -0.005 -16"><span class='ocrx_word' id='word_1_584' title='bbox 2168 3590 2471 3660; x_wconf 85' lang='grc' dir='ltr'>ποιούμεθα</span> <span class='ocrx_word' id='word_1_585' title='bbox 2499 3605 2513 3621; x_wconf 88' lang='grc'><strong>·</strong></span> <span class='ocrx_word' id='word_1_586' title='bbox 2548 3590 2608 3643; x_wconf 78' lang='grc' dir='ltr'>τὸ</span> <span class='ocrx_word' id='word_1_587' title='bbox 2642 3590 2700 3643; x_wconf 79' lang='grc' dir='ltr'>δὲ</span> <span class='ocrx_word' id='word_1_588' title='bbox 2728 3590 2810 3652; x_wconf 83' lang='grc' dir='ltr'><strong>είς</strong></span> <span class='ocrx_word' id='word_1_589' title='bbox 2849 3591 2917 3643; x_wconf 76' lang='grc' dir='ltr'>τὰ</span> <span class='ocrx_word' id='word_1_590' title='bbox 2947 3589 3088 3659; x_wconf 86' lang='grc' dir='ltr'>μέρη</span> <span class='ocrx_word' id='word_1_591' title='bbox 3118 3589 3227 3642; x_wconf 88' lang='grc' dir='ltr'><strong>τῶν</strong></span> <span class='ocrx_word' id='word_1_592' title='bbox 3273 3589 3454 3659; x_wconf 82' lang='grc' dir='ltr'>μερῶν</span> <span class='ocrx_word' id='word_1_593' title='bbox 3488 3587 3623 3657; x_wconf 85' lang='grc' dir='ltr'><strong>μετά</strong></span> <span class='ocrx_word' id='word_1_594' title='bbox 3654 3590 3755 3657; x_wconf 80' lang='grc' dir='ltr'><strong>τὴν</strong></span> 
     </span>
    </p>
   </div>
   <div class='ocr_carea' id='block_1_80' title="bbox 2167 3680 3750 3755">
    <p class='ocr_par' dir='ltr' id='par_1_80' title="bbox 2167 3680 3750 3755">
     <span class='ocr_line' id='line_1_80' title="bbox 2167 3680 3750 3755; baseline -0.001 -20"><span class='ocrx_word' id='word_1_595' title='bbox 2167 3682 2395 3755; x_wconf 82' lang='grc' dir='ltr'>πρώτην</span> <span class='ocrx_word' id='word_1_596' title='bbox 2420 3682 2686 3751; x_wconf 87' lang='grc' dir='ltr'>διαίρεσιν</span> <span class='ocrx_word' id='word_1_597' title='bbox 2716 3680 3012 3749; x_wconf 79' lang='grc' dir='ltr'>πειρᾶσθαι</span> <span class='ocrx_word' id='word_1_598' title='bbox 3037 3680 3283 3751; x_wconf 81' lang='grc' dir='ltr'>τέμνειν,</span> <span class='ocrx_word' id='word_1_599' title='bbox 3318 3680 3750 3745; x_wconf 83' lang='grc' dir='ltr'>καταγέλαστον.</span> 
     </span>
    </p>
   </div>
   <div class='ocr_carea' id='block_1_81' title="bbox 2167 3772 3752 3846">
    <p class='ocr_par' dir='ltr' id='par_1_81' title="bbox 2167 3772 3752 3846">
     <span class='ocr_line' id='line_1_81' title="bbox 2167 3772 3752 3846; baseline -0.004 -18"><span class='ocrx_word' id='word_1_600' title='bbox 2167 3774 2242 3829; x_wconf 84' lang='grc' dir='ltr'><strong>Οὐ</strong></span> <span class='ocrx_word' id='word_1_601' title='bbox 2268 3774 2376 3846; x_wconf 88' lang='grc' dir='ltr'>γὰρ</span> <span class='ocrx_word' id='word_1_602' title='bbox 2402 3774 2565 3846; x_wconf 89' lang='grc' dir='ltr'>μέχρι</span> <span class='ocrx_word' id='word_1_603' title='bbox 2590 3772 2779 3826; x_wconf 74' lang='grc' dir='ltr'>τούτου</span> <span class='ocrx_word' id='word_1_604' title='bbox 2805 3773 3039 3843; x_wconf 80' lang='grc' dir='ltr'>ἵστησιν,</span> <span class='ocrx_word' id='word_1_605' title='bbox 3066 3772 3179 3826; x_wconf 88' lang='grc' dir='ltr'>ἀλλ’</span> <span class='ocrx_word' id='word_1_606' title='bbox 3203 3775 3289 3826; x_wconf 77' lang='grc' dir='ltr'><strong>ἐπ’</strong></span> <span class='ocrx_word' id='word_1_607' title='bbox 3318 3774 3545 3840; x_wconf 83' lang='grc' dir='ltr'>ἄπειρον</span> <span class='ocrx_word' id='word_1_608' title='bbox 3574 3772 3752 3824; x_wconf 81' lang='grc' dir='ltr'>ἐκτεί-</span> 
     </span>
    </p>
   </div>
   <div class='ocr_carea' id='block_1_82' title="bbox 2167 3866 2675 3938">
    <p class='ocr_par' dir='ltr' id='par_1_82' title="bbox 2167 3866 2675 3938">
     <span class='ocr_line' id='line_1_82' title="bbox 2167 3866 2675 3938; baseline -0.002 -17"><span class='ocrx_word' id='word_1_609' title='bbox 2167 3885 2248 3921; x_wconf 87' lang='grc' dir='ltr'><strong>νει</strong></span> <span class='ocrx_word' id='word_1_610' title='bbox 2284 3867 2380 3938; x_wconf 85' lang='grc' dir='ltr'><strong>τὴν</strong></span> <span class='ocrx_word' id='word_1_611' title='bbox 2418 3866 2675 3937; x_wconf 85' lang='grc' dir='ltr'>θεωρίαν.</span> 
     </span>
    </p>
   </div>
   <div class='ocr_carea' id='block_1_83' title="bbox 2246 4000 3757 4075">
    <p class='ocr_par' dir='ltr' id='par_1_83' title="bbox 2246 4000 3757 4075">
     <span class='ocr_line' id='line_1_83' title="bbox 2246 4000 3757 4075; baseline 0.001 -19"><span class='ocrx_word' id='word_1_612' title='bbox 2246 4007 2311 4056; x_wconf 85' lang='grc' dir='ltr'>Ὃ</span> <span class='ocrx_word' id='word_1_613' title='bbox 2333 4004 2391 4057; x_wconf 87' lang='grc' dir='ltr'>δὲ</span> <span class='ocrx_word' id='word_1_614' title='bbox 2416 4004 2561 4073; x_wconf 85' lang='grc' dir='ltr'>λέγω</span> <span class='ocrx_word' id='word_1_615' title='bbox 2592 4003 2832 4057; x_wconf 86' lang='grc' dir='ltr'>τοιοῦτόν</span> <span class='ocrx_word' id='word_1_616' title='bbox 2861 4006 3011 4056; x_wconf 74' lang='grc' dir='ltr'>ἐστιν</span> <span class='ocrx_word' id='word_1_617' title='bbox 3043 4020 3059 4035; x_wconf 92' lang='grc'><strong>·</strong></span> <span class='ocrx_word' id='word_1_618' title='bbox 3093 4003 3251 4073; x_wconf 84' lang='grc' dir='ltr'>Μέρη</span> <span class='ocrx_word' id='word_1_619' title='bbox 3285 4002 3577 4074; x_wconf 82' lang='grc' dir='ltr'>ἀνθρώπου</span> <span class='ocrx_word' id='word_1_620' title='bbox 3606 4000 3757 4075; x_wconf 63' lang='grc' dir='ltr'>ψυχη</span> 
     </span>
    </p>
   </div>
   <div class='ocr_carea' id='block_1_84' title="bbox 2169 4092 3748 4165">
    <p class='ocr_par' dir='ltr' id='par_1_84' title="bbox 2169 4092 3748 4165">
     <span class='ocr_line' id='line_1_84' title="bbox 2169 4092 3748 4165; baseline 0 -17"><span class='ocrx_word' id='word_1_621' title='bbox 2169 4095 2263 4148; x_wconf 72' lang='grc' dir='ltr'><strong>καὶ</strong></span> <span class='ocrx_word' id='word_1_622' title='bbox 2288 4093 2469 4163; x_wconf 85' lang='grc' dir='ltr'>σῶμα,</span> <span class='ocrx_word' id='word_1_623' title='bbox 2506 4094 2646 4165; x_wconf 81' lang='grc' dir='ltr'>μέρη</span> <span class='ocrx_word' id='word_1_624' title='bbox 2668 4094 2724 4146; x_wconf 73' lang='grc' dir='ltr'>δὲ</span> <span class='ocrx_word' id='word_1_625' title='bbox 2752 4094 2863 4145; x_wconf 90' lang='grc' dir='ltr'><strong>τῶν</strong></span> <span class='ocrx_word' id='word_1_626' title='bbox 2888 4092 3072 4163; x_wconf 88' lang='grc' dir='ltr'>μερῶν</span> <span class='ocrx_word' id='word_1_627' title='bbox 3099 4093 3265 4147; x_wconf 83' lang='grc' dir='ltr'>αὐτοῦ</span> <span class='ocrx_word' id='word_1_628' title='bbox 3292 4093 3388 4147; x_wconf 72' lang='grc' dir='ltr'>ἐπὶ</span> <span class='ocrx_word' id='word_1_629' title='bbox 3418 4095 3519 4164; x_wconf 78' lang='grc' dir='ltr'><strong>μὲν</strong></span> <span class='ocrx_word' id='word_1_630' title='bbox 3545 4094 3748 4165; x_wconf 73' lang='grc' dir='ltr'>ψυχῆς,</span> 
     </span>
    </p>
   </div>
   <div class='ocr_carea' id='block_1_85' title="bbox 2170 4176 3757 4255">
    <p class='ocr_par' dir='ltr' id='par_1_85' title="bbox 2170 4176 3757 4255">
     <span class='ocr_line' id='line_1_85' title="bbox 2170 4176 3757 4255; baseline -0.001 -16"><span class='ocrx_word' id='word_1_631' title='bbox 2170 4187 2329 4239; x_wconf 88' lang='grc' dir='ltr'>ούσία</span> <span class='ocrx_word' id='word_1_632' title='bbox 2361 4184 2556 4255; x_wconf 85' lang='grc' dir='ltr'>λογικὴ</span> <span class='ocrx_word' id='word_1_633' title='bbox 2582 4185 2673 4238; x_wconf 73' lang='grc' dir='ltr'><strong>καὶ</strong></span> <span class='ocrx_word' id='word_1_634' title='bbox 2709 4186 2931 4254; x_wconf 76' lang='grc' dir='ltr'>ποιότης</span> <span class='ocrx_word' id='word_1_635' title='bbox 2950 4184 3276 4253; x_wconf 77' lang='grc' dir='ltr'>ἀσώματοςο</span> <span class='ocrx_word' id='word_1_636' title='bbox 3311 4176 3386 4237; x_wconf 86' lang='grc' dir='ltr'>ὧν</span> <span class='ocrx_word' id='word_1_637' title='bbox 3414 4184 3473 4237; x_wconf 84' lang='grc' dir='ltr'><strong>τὸ</strong></span> <span class='ocrx_word' id='word_1_638' title='bbox 3505 4187 3602 4255; x_wconf 68' lang='grc' dir='ltr'>μὲν</span> <span class='ocrx_word' id='word_1_639' title='bbox 3634 4186 3757 4255; x_wconf 80' lang='grc' dir='ltr'>ἡγε-</span> 
     </span>
    </p>
   </div>
   <div class='ocr_carea' id='block_1_86' title="bbox 2174 4276 3754 4349">
    <p class='ocr_par' dir='ltr' id='par_1_86' title="bbox 2174 4276 3754 4349">
     <span class='ocr_line' id='line_1_86' title="bbox 2174 4276 3754 4349; baseline -0.001 -18"><span class='ocrx_word' id='word_1_640' title='bbox 2174 4277 2417 4349; x_wconf 74' lang='grc' dir='ltr'>μονικὸν,</span> <span class='ocrx_word' id='word_1_641' title='bbox 2470 4281 2531 4331; x_wconf 88' lang='grc' dir='ltr'><strong>τὸ</strong></span> <span class='ocrx_word' id='word_1_642' title='bbox 2567 4277 2623 4331; x_wconf 86' lang='grc' dir='ltr'>δὲ</span> <span class='ocrx_word' id='word_1_643' title='bbox 2667 4276 2918 4348; x_wconf 86' lang='grc' dir='ltr'>θυμικὸν,</span> <span class='ocrx_word' id='word_1_644' title='bbox 2970 4277 3031 4329; x_wconf 82' lang='grc' dir='ltr'><strong>τὸ</strong></span> <span class='ocrx_word' id='word_1_645' title='bbox 3075 4277 3131 4329; x_wconf 84' lang='grc' dir='ltr'>δὲ</span> <span class='ocrx_word' id='word_1_646' title='bbox 3170 4276 3566 4347; x_wconf 76' lang='grc' dir='ltr'>ἐπιθυμητικόν</span> <span class='ocrx_word' id='word_1_647' title='bbox 3600 4295 3612 4309; x_wconf 86' lang='grc'><strong>·</strong></span> <span class='ocrx_word' id='word_1_648' title='bbox 3661 4282 3754 4333; x_wconf 74' lang='grc' dir='ltr'><strong>καὶ</strong></span> 
     </span>
    </p>
   </div>
   <div class='ocr_carea' id='block_1_87' title="bbox 2169 4372 3751 4444">
    <p class='ocr_par' dir='ltr' id='par_1_87' title="bbox 2169 4372 3751 4444">
     <span class='ocr_line' id='line_1_87' title="bbox 2169 4372 3751 4444; baseline -0.001 -17"><span class='ocrx_word' id='word_1_649' title='bbox 2169 4374 2376 4427; x_wconf 88' lang='grc' dir='ltr'>τούτων</span> <span class='ocrx_word' id='word_1_650' title='bbox 2412 4372 2475 4426; x_wconf 82' lang='grc' dir='ltr'><strong>τὸ</strong></span> <span class='ocrx_word' id='word_1_651' title='bbox 2532 4373 2630 4444; x_wconf 82' lang='grc' dir='ltr'>μὲν</span> <span class='ocrx_word' id='word_1_652' title='bbox 2674 4372 3068 4443; x_wconf 79' lang='grc' dir='ltr'>ὲννοηματικὸν</span> <span class='ocrx_word' id='word_1_653' title='bbox 3121 4372 3215 4426; x_wconf 83' lang='grc' dir='ltr'>καὶ</span> <span class='ocrx_word' id='word_1_654' title='bbox 3284 4375 3709 4444; x_wconf 79' lang='grc' dir='ltr'>διανοηματικὺν</span> <span class='ocrx_word' id='word_1_655' title='bbox 3737 4416 3751 4439; x_wconf 89' lang='grc'><strong>,</strong></span> 
     </span>
    </p>
   </div>
   <div class='ocr_carea' id='block_1_88' title="bbox 2176 4465 3750 4540">
    <p class='ocr_par' dir='ltr' id='par_1_88' title="bbox 2176 4465 3750 4540">
     <span class='ocr_line' id='line_1_88' title="bbox 2176 4465 3750 4540; baseline -0.003 -18"><span class='ocrx_word' id='word_1_656' title='bbox 2176 4466 2607 4540; x_wconf 87' lang='grc' dir='ltr'>μνημονευτικὸν</span> <span class='ocrx_word' id='word_1_657' title='bbox 2638 4483 2697 4518; x_wconf 85' lang='grc' dir='ltr'><strong>τε</strong></span> <span class='ocrx_word' id='word_1_658' title='bbox 2728 4466 2822 4518; x_wconf 78' lang='grc' dir='ltr'><strong>καὶ</strong></span> <span class='ocrx_word' id='word_1_659' title='bbox 2859 4465 3205 4536; x_wconf 84' lang='grc' dir='ltr'>βουλευτικὸν</span> <span class='ocrx_word' id='word_1_660' title='bbox 3251 4466 3346 4519; x_wconf 73' lang='grc' dir='ltr'><strong>καὶ</strong></span> <span class='ocrx_word' id='word_1_661' title='bbox 3395 4466 3709 4530; x_wconf 77' lang='grc' dir='ltr'>δοξαστικὸν</span> <span class='ocrx_word' id='word_1_662' title='bbox 3736 4510 3750 4529; x_wconf 86' lang='grc'><strong>,</strong></span> 
     </span>
    </p>
   </div>
   <div class='ocr_carea' id='block_1_89' title="bbox 2171 4556 3753 4629">
    <p class='ocr_par' dir='ltr' id='par_1_89' title="bbox 2171 4556 3753 4629">
     <span class='ocr_line' id='line_1_89' title="bbox 2171 4556 3753 4629; baseline -0.001 -17"><span class='ocrx_word' id='word_1_663' title='bbox 2171 4558 2232 4612; x_wconf 85' lang='grc' dir='ltr'><strong>τὸ</strong></span> <span class='ocrx_word' id='word_1_664' title='bbox 2272 4558 2329 4612; x_wconf 82' lang='grc' dir='ltr'>δὲ</span> <span class='ocrx_word' id='word_1_665' title='bbox 2361 4557 2645 4629; x_wconf 83' lang='grc' dir='ltr'>ὀρεκτικόν</span> <span class='ocrx_word' id='word_1_666' title='bbox 2682 4575 2739 4612; x_wconf 89' lang='grc' dir='ltr'><strong>τε</strong></span> <span class='ocrx_word' id='word_1_667' title='bbox 2766 4558 2861 4611; x_wconf 78' lang='grc' dir='ltr'>καὶ</span> <span class='ocrx_word' id='word_1_668' title='bbox 2891 4556 3217 4626; x_wconf 85' lang='grc' dir='ltr'>ὲκκλητικὸν</span> <span class='ocrx_word' id='word_1_669' title='bbox 3239 4598 3254 4622; x_wconf 89' lang='grc'><strong>,</strong></span> <span class='ocrx_word' id='word_1_670' title='bbox 3280 4558 3340 4610; x_wconf 81' lang='grc' dir='ltr'>τὸ</span> <span class='ocrx_word' id='word_1_671' title='bbox 3365 4558 3420 4611; x_wconf 86' lang='grc' dir='ltr'>δὲ</span> <span class='ocrx_word' id='word_1_672' title='bbox 3448 4559 3753 4627; x_wconf 86' lang='grc' dir='ltr'>ἀμυντικόν</span> 
     </span>
    </p>
   </div>
   <div class='ocr_carea' id='block_1_90' title="bbox 486 4626 2064 4721">
    <p class='ocr_par' dir='ltr' id='par_1_90' title="bbox 486 4626 2064 4698">
     <span class='ocr_line' id='line_1_90' title="bbox 486 4626 2064 4698; baseline -0.001 -17"><span class='ocrx_word' id='word_1_673' title='bbox 486 4628 673 4691; x_wconf 80' lang='lat' dir='ltr'><strong>sultat,</strong></span> <span class='ocrx_word' id='word_1_674' title='bbox 699 4637 756 4682; x_wconf 88' lang='lat' dir='ltr'><strong>et</strong></span> <span class='ocrx_word' id='word_1_675' title='bbox 787 4627 1065 4698; x_wconf 86' lang='lat' dir='ltr'><strong>opinatur.</strong></span> <span class='ocrx_word' id='word_1_676' title='bbox 1091 4628 1226 4683; x_wconf 87' lang='lat' dir='ltr'><strong>Pars</strong></span> <span class='ocrx_word' id='word_1_677' title='bbox 1250 4627 1521 4683; x_wconf 89' lang='lat' dir='ltr'><strong>irascendi</strong></span> <span class='ocrx_word' id='word_1_678' title='bbox 1553 4628 1786 4698; x_wconf 88' lang='lat' dir='ltr'><strong>appetit,</strong></span> <span class='ocrx_word' id='word_1_679' title='bbox 1814 4636 1869 4683; x_wconf 89' lang='lat' dir='ltr'><strong>et</strong></span> <span class='ocrx_word' id='word_1_680' title='bbox 1898 4626 2064 4681; x_wconf 86' lang='lat' dir='ltr'><strong>decli-</strong></span> 
     </span>
    </p>
   </div>
   <div class='ocr_carea' id='block_1_91' title="bbox 2170 4626 3753 4721">
    <p class='ocr_par' dir='ltr' id='par_1_91' title="bbox 2171 4626 3753 4721">
     <span class='ocr_line' id='line_1_91' title="bbox 2171 4626 3753 4721; baseline 0 -18"><span class='ocrx_word' id='word_1_681' title='bbox 2171 4667 2230 4703; x_wconf 90' lang='grc' dir='ltr'><strong>τε</strong></span> <span class='ocrx_word' id='word_1_682' title='bbox 2263 4651 2358 4703; x_wconf 81' lang='grc' dir='ltr'><strong>καὶ</strong></span> <span class='ocrx_word' id='word_1_683' title='bbox 2389 4626 2680 4721; x_wconf 80' lang='grc' dir='ltr'>δραστικὸν</span> <span class='ocrx_word' id='word_1_684' title='bbox 2702 4692 2716 4715; x_wconf 89' lang='grc'><strong>,</strong></span> <span class='ocrx_word' id='word_1_685' title='bbox 2750 4651 2844 4705; x_wconf 74' lang='grc' dir='ltr'>καὶ</span> <span class='ocrx_word' id='word_1_686' title='bbox 2875 4650 3047 4703; x_wconf 85' lang='grc' dir='ltr'>πολλὰ</span> <span class='ocrx_word' id='word_1_687' title='bbox 3076 4650 3239 4717; x_wconf 70' lang='grc' dir='ltr'>ἕτερα</span> <span class='ocrx_word' id='word_1_688' title='bbox 3269 4626 3753 4713; x_wconf 13' lang='grc' dir='ltr'>τούτοιςίύποδιαι-</span> 
     </span>
    </p>
   </div>
   <div class='ocr_carea' id='block_1_92' title="bbox 478 4719 2063 4791">
    <p class='ocr_par' dir='ltr' id='par_1_92' title="bbox 478 4719 2063 4791">
     <span class='ocr_line' id='line_1_92' title="bbox 478 4719 2063 4791; baseline 0.001 -18"><span class='ocrx_word' id='word_1_689' title='bbox 478 4727 618 4785; x_wconf 57' lang='lat' dir='ltr'><strong>«nat;</strong></span> <span class='ocrx_word' id='word_1_690' title='bbox 650 4734 780 4789; x_wconf 88' lang='lat' dir='ltr'><strong>pars</strong></span> <span class='ocrx_word' id='word_1_691' title='bbox 812 4719 1238 4789; x_wconf 89' lang='lat' dir='ltr'><strong>concupiscendi</strong></span> <span class='ocrx_word' id='word_1_692' title='bbox 1274 4720 1440 4775; x_wconf 89' lang='lat' dir='ltr'><strong>habet</strong></span> <span class='ocrx_word' id='word_1_693' title='bbox 1478 4720 1794 4780; x_wconf 83' lang='lat' dir='ltr'><strong>facultatem</strong></span> <span class='ocrx_word' id='word_1_694' title='bbox 1836 4721 2063 4791; x_wconf 90' lang='lat' dir='ltr'><strong>propul-</strong></span> 
     </span>
    </p>
   </div>
   <div class='ocr_carea' id='block_1_93' title="bbox 480 4809 2059 4876">
    <p class='ocr_par' dir='ltr' id='par_1_93' title="bbox 480 4809 2059 4876">
     <span class='ocr_line' id='line_1_93' title="bbox 480 4809 2059 4876; baseline 0.003 -11"><span class='ocrx_word' id='word_1_695' title='bbox 480 4810 667 4874; x_wconf 83' lang='lat' dir='ltr'><strong>sandi,</strong></span> <span class='ocrx_word' id='word_1_696' title='bbox 702 4819 757 4864; x_wconf 89' lang='lat' dir='ltr'><strong>et</strong></span> <span class='ocrx_word' id='word_1_697' title='bbox 784 4809 1076 4876; x_wconf 86' lang='lat' dir='ltr'><strong>eiliciendi,</strong></span> <span class='ocrx_word' id='word_1_698' title='bbox 1102 4819 1158 4864; x_wconf 90' lang='lat' dir='ltr'><strong>et</strong></span> <span class='ocrx_word' id='word_1_699' title='bbox 1191 4813 1361 4867; x_wconf 87' lang='lat' dir='ltr'><strong>multa</strong></span> <span class='ocrx_word' id='word_1_700' title='bbox 1410 4813 1513 4867; x_wconf 89' lang='lat' dir='ltr'><strong>alia</strong></span> <span class='ocrx_word' id='word_1_701' title='bbox 1542 4814 1734 4870; x_wconf 87' lang='lat' dir='ltr'><strong>subter</strong></span> <span class='ocrx_word' id='word_1_702' title='bbox 1775 4814 1877 4870; x_wconf 89' lang='lat' dir='ltr'><strong>ista</strong></span> <span class='ocrx_word' id='word_1_703' title='bbox 1920 4815 2059 4870; x_wconf 92' lang='lat' dir='ltr'><strong>divi-</strong></span> 
     </span>
    </p>
   </div>
   <div class='ocr_carea' id='block_1_94' title="bbox 488 4898 2067 4973">
    <p class='ocr_par' dir='ltr' id='par_1_94' title="bbox 488 4898 2067 4973">
     <span class='ocr_line' id='line_1_94' title="bbox 488 4898 2067 4973; baseline 0.004 -20"><span class='ocrx_word' id='word_1_704' title='bbox 488 4900 715 4954; x_wconf 90' lang='lat' dir='ltr'><strong>duntur.</strong></span> <span class='ocrx_word' id='word_1_705' title='bbox 750 4898 1048 4955; x_wconf 85' lang='lat' dir='ltr'><strong>Omittatur</strong></span> <span class='ocrx_word' id='word_1_706' title='bbox 1075 4916 1223 4956; x_wconf 91' lang='lat' dir='ltr'><strong>nunc</strong></span> <span class='ocrx_word' id='word_1_707' title='bbox 1274 4902 1365 4957; x_wconf 87' lang='lat' dir='ltr'><strong>illa</strong></span> <span class='ocrx_word' id='word_1_708' title='bbox 1417 4904 1667 4973; x_wconf 81' lang='lat' dir='ltr'><strong>quaestio,</strong></span> <span class='ocrx_word' id='word_1_709' title='bbox 1731 4913 1913 4958; x_wconf 92' lang='lat' dir='ltr'><strong>utrum</strong></span> <span class='ocrx_word' id='word_1_710' title='bbox 1957 4905 2067 4960; x_wconf 89' lang='lat' dir='ltr'><strong>sint</strong></span> 
     </span>
    </p>
   </div>
   <div class='ocr_carea' id='block_1_95' title="bbox 489 4994 2069 5072">
    <p class='ocr_par' dir='ltr' id='par_1_95' title="bbox 489 4994 2069 5072">
     <span class='ocr_line' id='line_1_95' title="bbox 489 4994 2069 5072; baseline 0.006 -25"><span class='ocrx_word' id='word_1_711' title='bbox 489 4994 605 5049; x_wconf 59' lang='lat' dir='ltr'><strong>hate</strong></span> <span class='ocrx_word' id='word_1_712' title='bbox 648 5003 906 5064; x_wconf 87' lang='lat' dir='ltr'><strong>tanquam</strong></span> <span class='ocrx_word' id='word_1_713' title='bbox 936 5004 1119 5065; x_wconf 90' lang='lat' dir='ltr'><strong>partes</strong></span> <span class='ocrx_word' id='word_1_714' title='bbox 1148 4996 1203 5049; x_wconf 93' lang='lat' dir='ltr'><strong>in</strong></span> <span class='ocrx_word' id='word_1_715' title='bbox 1237 4997 1439 5065; x_wconf 89' lang='lat' dir='ltr'><strong>anima,</strong></span> <span class='ocrx_word' id='word_1_716' title='bbox 1481 5014 1549 5052; x_wconf 91' lang='lat' dir='ltr'><strong>an</strong></span> <span class='ocrx_word' id='word_1_717' title='bbox 1576 5007 1831 5070; x_wconf 90' lang='lat' dir='ltr'><strong>tanquam</strong></span> <span class='ocrx_word' id='word_1_718' title='bbox 1872 5012 2069 5072; x_wconf 84' lang='lat' dir='ltr'><strong>poten-</strong></span> 
     </span>
    </p>
   </div>
   <div class='ocr_carea' id='block_1_96' title="bbox 492 5086 2068 5162">
    <p class='ocr_par' dir='ltr' id='par_1_96' title="bbox 492 5086 2068 5162">
     <span class='ocr_line' id='line_1_96' title="bbox 492 5086 2068 5162; baseline 0.005 -23"><span class='ocrx_word' id='word_1_719' title='bbox 492 5086 598 5152; x_wconf 78' lang='lat' dir='ltr'><strong>tiae,</strong></span> <span class='ocrx_word' id='word_1_720' title='bbox 635 5086 750 5141; x_wconf 89' lang='lat' dir='ltr'><strong>sive</strong></span> <span class='ocrx_word' id='word_1_721' title='bbox 781 5086 1104 5142; x_wconf 89' lang='lat' dir='ltr'><strong>facultates:</strong></span> <span class='ocrx_word' id='word_1_722' title='bbox 1146 5097 1202 5143; x_wconf 89' lang='lat' dir='ltr'><strong>et</strong></span> <span class='ocrx_word' id='word_1_723' title='bbox 1247 5104 1369 5159; x_wconf 70' lang='lat' dir='ltr'><strong>qua:</strong></span> <span class='ocrx_word' id='word_1_724' title='bbox 1427 5090 1545 5156; x_wconf 91' lang='lat' dir='ltr'><strong>sic,</strong></span> <span class='ocrx_word' id='word_1_725' title='bbox 1604 5101 1660 5147; x_wconf 91' lang='lat' dir='ltr'><strong>et</strong></span> <span class='ocrx_word' id='word_1_726' title='bbox 1710 5108 1832 5162; x_wconf 68' lang='lat' dir='ltr'><strong>quae</strong></span> <span class='ocrx_word' id='word_1_727' title='bbox 1889 5109 2068 5150; x_wconf 87' lang='lat' dir='ltr'><strong>secus.</strong></span> 
     </span>
    </p>
   </div>
   <div class='ocr_carea' id='block_1_97' title="bbox 486 5178 2072 5253">
    <p class='ocr_par' dir='ltr' id='par_1_97' title="bbox 486 5178 2072 5253">
     <span class='ocr_line' id='line_1_97' title="bbox 486 5178 2072 5253; baseline 0.006 -19"><span class='ocrx_word' id='word_1_728' title='bbox 486 5178 607 5234; x_wconf 85' lang='lat' dir='ltr'><strong>Non</strong></span> <span class='ocrx_word' id='word_1_729' title='bbox 654 5180 802 5234; x_wconf 87' lang='lat' dir='ltr'><strong>enim</strong></span> <span class='ocrx_word' id='word_1_730' title='bbox 854 5179 972 5235; x_wconf 69' lang='lat' dir='ltr'><strong>haec</strong></span> <span class='ocrx_word' id='word_1_731' title='bbox 1004 5182 1216 5253; x_wconf 89' lang='lat' dir='ltr'><strong>agimus</strong></span> <span class='ocrx_word' id='word_1_732' title='bbox 1264 5199 1432 5239; x_wconf 91' lang='lat' dir='ltr'><strong>nunc.</strong></span> <span class='ocrx_word' id='word_1_733' title='bbox 1471 5185 1681 5241; x_wconf 84' lang='lat' dir='ltr'><strong>Rursus</strong></span> <span class='ocrx_word' id='word_1_734' title='bbox 1714 5187 1913 5243; x_wconf 85' lang='lat' dir='ltr'><strong>divisio</strong></span> <span class='ocrx_word' id='word_1_735' title='bbox 1947 5204 2072 5243; x_wconf 92' lang='lat' dir='ltr'><strong>cor-</strong></span> 
     </span>
    </p>
   </div>
   <div class='ocr_carea' id='block_1_98' title="bbox 490 5270 2075 5346">
    <p class='ocr_par' dir='ltr' id='par_1_98' title="bbox 490 5270 2075 5346">
     <span class='ocr_line' id='line_1_98' title="bbox 490 5270 2075 5346; baseline 0.008 -23"><span class='ocrx_word' id='word_1_736' title='bbox 490 5271 643 5341; x_wconf 87' lang='lat' dir='ltr'><strong>poris</strong></span> <span class='ocrx_word' id='word_1_737' title='bbox 660 5270 721 5325; x_wconf 85' lang='lat' dir='ltr'><strong>ﬁt</strong></span> <span class='ocrx_word' id='word_1_738' title='bbox 748 5272 802 5326; x_wconf 91' lang='lat' dir='ltr'><strong>in</strong></span> <span class='ocrx_word' id='word_1_739' title='bbox 823 5282 1007 5342; x_wconf 90' lang='lat' dir='ltr'><strong>partes</strong></span> <span class='ocrx_word' id='word_1_740' title='bbox 1037 5276 1264 5343; x_wconf 90' lang='lat' dir='ltr'><strong>similes,</strong></span> <span class='ocrx_word' id='word_1_741' title='bbox 1299 5286 1353 5331; x_wconf 88' lang='lat' dir='ltr'><strong>et</strong></span> <span class='ocrx_word' id='word_1_742' title='bbox 1385 5278 1710 5346; x_wconf 90' lang='lat' dir='ltr'><strong>dissimiles;</strong></span> <span class='ocrx_word' id='word_1_743' title='bbox 1744 5289 1799 5336; x_wconf 85' lang='lat' dir='ltr'><strong>et</strong></span> <span class='ocrx_word' id='word_1_744' title='bbox 1833 5282 2075 5337; x_wconf 87' lang='lat' dir='ltr'><strong>dissimi-</strong></span> 
     </span>
    </p>
   </div>
   <div class='ocr_carea' id='block_1_99' title="bbox 489 5363 2070 5440">
    <p class='ocr_par' dir='ltr' id='par_1_99' title="bbox 489 5363 2070 5440">
     <span class='ocr_line' id='line_1_99' title="bbox 489 5363 2070 5440; baseline 0.007 -24"><span class='ocrx_word' id='word_1_745' title='bbox 489 5363 648 5429; x_wconf 88' lang='lat' dir='ltr'><strong>lium,</strong></span> <span class='ocrx_word' id='word_1_746' title='bbox 677 5365 733 5419; x_wconf 93' lang='lat' dir='ltr'><strong>in</strong></span> <span class='ocrx_word' id='word_1_747' title='bbox 764 5375 947 5434; x_wconf 86' lang='lat' dir='ltr'><strong>caput,</strong></span> <span class='ocrx_word' id='word_1_748' title='bbox 984 5375 1039 5421; x_wconf 89' lang='lat' dir='ltr'><strong>et</strong></span> <span class='ocrx_word' id='word_1_749' title='bbox 1064 5382 1278 5433; x_wconf 90' lang='lat' dir='ltr'><strong>manus,</strong></span> <span class='ocrx_word' id='word_1_750' title='bbox 1308 5377 1363 5422; x_wconf 88' lang='lat' dir='ltr'><strong>et</strong></span> <span class='ocrx_word' id='word_1_751' title='bbox 1382 5370 1581 5440; x_wconf 90' lang='lat' dir='ltr'><strong>pedes;</strong></span> <span class='ocrx_word' id='word_1_752' title='bbox 1613 5379 1667 5425; x_wconf 92' lang='lat' dir='ltr'><strong>et</strong></span> <span class='ocrx_word' id='word_1_753' title='bbox 1698 5371 1812 5428; x_wconf 62' lang='lat' dir='ltr'><strong>hate</strong></span> <span class='ocrx_word' id='word_1_754' title='bbox 1846 5373 1899 5427; x_wconf 91' lang='lat' dir='ltr'><strong>in</strong></span> <span class='ocrx_word' id='word_1_755' title='bbox 1925 5389 2070 5437; x_wconf 88' lang='lat' dir='ltr'><strong>ossa,</strong></span> 
     </span>
    </p>
   </div>
   <div class='ocr_carea' id='block_1_100' title="bbox 491 5460 2073 5535">
    <p class='ocr_par' dir='ltr' id='par_1_100' title="bbox 491 5460 2073 5535">
     <span class='ocr_line' id='line_1_100' title="bbox 491 5460 2073 5535; baseline 0.007 -27"><span class='ocrx_word' id='word_1_756' title='bbox 491 5462 544 5509; x_wconf 82' lang='lat' dir='ltr'><strong>et</strong></span> <span class='ocrx_word' id='word_1_757' title='bbox 576 5471 791 5520; x_wconf 87' lang='lat' dir='ltr'><strong>carnes,</strong></span> <span class='ocrx_word' id='word_1_758' title='bbox 827 5466 881 5510; x_wconf 88' lang='lat' dir='ltr'><strong>et</strong></span> <span class='ocrx_word' id='word_1_759' title='bbox 918 5474 1151 5524; x_wconf 88' lang='lat' dir='ltr'><strong>nervos;</strong></span> <span class='ocrx_word' id='word_1_760' title='bbox 1202 5469 1258 5514; x_wconf 91' lang='lat' dir='ltr'><strong>et</strong></span> <span class='ocrx_word' id='word_1_761' title='bbox 1304 5460 1421 5517; x_wconf 63' lang='lat' dir='ltr'><strong>hazc</strong></span> <span class='ocrx_word' id='word_1_762' title='bbox 1474 5478 1668 5518; x_wconf 90' lang='lat' dir='ltr'><strong>rursus</strong></span> <span class='ocrx_word' id='word_1_763' title='bbox 1726 5465 1779 5518; x_wconf 92' lang='lat' dir='ltr'><strong>in</strong></span> <span class='ocrx_word' id='word_1_764' title='bbox 1835 5475 2073 5535; x_wconf 86' lang='lat' dir='ltr'><strong>quatuor</strong></span> 
     </span>
    </p>
   </div>
   <div class='ocr_carea' id='block_1_101' title="bbox 492 5544 2072 5608">
    <p class='ocr_par' dir='ltr' id='par_1_101' title="bbox 492 5544 2072 5608">
     <span class='ocr_line' id='line_1_101' title="bbox 492 5544 2072 5608; baseline 0.006 -11"><span class='ocrx_word' id='word_1_765' title='bbox 492 5544 793 5608; x_wconf 85' lang='lat' dir='ltr'><strong>elementa;</strong></span> <span class='ocrx_word' id='word_1_766' title='bbox 843 5555 897 5600; x_wconf 88' lang='lat' dir='ltr'><strong>et</strong></span> <span class='ocrx_word' id='word_1_767' title='bbox 939 5546 1055 5601; x_wconf 78' lang='lat' dir='ltr'><strong>ha:c</strong></span> <span class='ocrx_word' id='word_1_768' title='bbox 1090 5546 1143 5601; x_wconf 91' lang='lat' dir='ltr'><strong>in</strong></span> <span class='ocrx_word' id='word_1_769' title='bbox 1186 5549 1470 5603; x_wconf 90' lang='lat' dir='ltr'><strong>materiam</strong></span> <span class='ocrx_word' id='word_1_770' title='bbox 1520 5558 1573 5604; x_wconf 89' lang='lat' dir='ltr'><strong>et</strong></span> <span class='ocrx_word' id='word_1_771' title='bbox 1610 5551 1861 5605; x_wconf 83' lang='lat' dir='ltr'><strong>formam.</strong></span> <span class='ocrx_word' id='word_1_772' title='bbox 1905 5552 2072 5606; x_wconf 86' lang='lat' dir='ltr'><strong>Multa</strong></span> 
     </span>
    </p>
   </div>
   <div class='ocr_carea' id='block_1_102' title="bbox 493 5636 2074 5711">
    <p class='ocr_par' dir='ltr' id='par_1_102' title="bbox 493 5636 2074 5711">
     <span class='ocr_line' id='line_1_102' title="bbox 493 5636 2074 5711; baseline 0.007 -22"><span class='ocrx_word' id='word_1_773' title='bbox 493 5636 657 5690; x_wconf 88' lang='lat' dir='ltr'><strong>etiam</strong></span> <span class='ocrx_word' id='word_1_774' title='bbox 714 5639 820 5692; x_wconf 90' lang='lat' dir='ltr'><strong>alia</strong></span> <span class='ocrx_word' id='word_1_775' title='bbox 879 5640 1076 5695; x_wconf 90' lang='lat' dir='ltr'><strong>medici</strong></span> <span class='ocrx_word' id='word_1_776' title='bbox 1122 5641 1580 5711; x_wconf 89' lang='lat' dir='ltr'><strong>philosophantur</strong></span> <span class='ocrx_word' id='word_1_777' title='bbox 1614 5643 1681 5697; x_wconf 89' lang='lat' dir='ltr'><strong>de</strong></span> <span class='ocrx_word' id='word_1_778' title='bbox 1720 5643 2074 5700; x_wconf 84' lang='lat' dir='ltr'><strong>facultatibus</strong></span> 
     </span>
    </p>
   </div>
   <div class='ocr_carea' id='block_1_103' title="bbox 494 5730 2071 5803">
    <p class='ocr_par' dir='ltr' id='par_1_103' title="bbox 494 5730 2071 5803">
     <span class='ocr_line' id='line_1_103' title="bbox 494 5730 2071 5803; baseline 0.006 -22"><span class='ocrx_word' id='word_1_779' title='bbox 494 5730 858 5796; x_wconf 87' lang='lat' dir='ltr'><strong>naturalibus,</strong></span> <span class='ocrx_word' id='word_1_780' title='bbox 910 5748 977 5786; x_wconf 82' lang='lat' dir='ltr'><strong>ex</strong></span> <span class='ocrx_word' id='word_1_781' title='bbox 1025 5733 1229 5803; x_wconf 88' lang='lat' dir='ltr'><strong>quibus</strong></span> <span class='ocrx_word' id='word_1_782' title='bbox 1283 5735 1443 5789; x_wconf 89' lang='lat' dir='ltr'><strong>aliam</strong></span> <span class='ocrx_word' id='word_1_783' title='bbox 1498 5744 1697 5789; x_wconf 85' lang='lat' dir='ltr'><strong>vocant</strong></span> <span class='ocrx_word' id='word_1_784' title='bbox 1758 5738 2071 5793; x_wconf 84' lang='lat' dir='ltr'><strong>attrahendi</strong></span> 
     </span>
    </p>
   </div>
   <div class='ocr_carea' id='block_1_104' title="bbox 495 5813 2067 5898">
    <p class='ocr_par' dir='ltr' id='par_1_104' title="bbox 495 5813 2067 5898">
     <span class='ocr_line' id='line_1_104' title="bbox 495 5813 2067 5898; baseline 0.01 -29"><span class='ocrx_word' id='word_1_785' title='bbox 495 5813 830 5885; x_wconf 73' lang='lat' dir='ltr'><strong>facultatem,</strong></span> <span class='ocrx_word' id='word_1_786' title='bbox 888 5828 1050 5877; x_wconf 76' lang='lat' dir='ltr'><strong>aliam</strong></span> <span class='ocrx_word' id='word_1_787' title='bbox 1117 5825 1427 5893; x_wconf 90' lang='lat' dir='ltr'><strong>retinendi,</strong></span> <span class='ocrx_word' id='word_1_788' title='bbox 1490 5827 1651 5882; x_wconf 85' lang='lat' dir='ltr'><strong>aliam</strong></span> <span class='ocrx_word' id='word_1_789' title='bbox 1719 5828 2067 5898; x_wconf 90' lang='lat' dir='ltr'><strong>immutandi,</strong></span> 
     </span>
    </p>
   </div>
   <div class='ocr_carea' id='block_1_105' title="bbox 2177 4740 3752 4814">
    <p class='ocr_par' dir='ltr' id='par_1_105' title="bbox 2177 4740 3752 4814">
     <span class='ocr_line' id='line_1_105' title="bbox 2177 4740 3752 4814; baseline -0.001 -19"><span class='ocrx_word' id='word_1_790' title='bbox 2177 4742 2413 4814; x_wconf 89' lang='grc' dir='ltr'>ροῦνται.</span> <span class='ocrx_word' id='word_1_791' title='bbox 2433 4740 2701 4811; x_wconf 80' lang='grc' dir='ltr'>Ἀφείσθω</span> <span class='ocrx_word' id='word_1_792' title='bbox 2723 4742 2781 4796; x_wconf 82' lang='grc' dir='ltr'>δὲ</span> <span class='ocrx_word' id='word_1_793' title='bbox 2810 4742 2880 4795; x_wconf 75' lang='grc' dir='ltr'>τὰ</span> <span class='ocrx_word' id='word_1_794' title='bbox 2899 4742 2992 4795; x_wconf 89' lang='grc' dir='ltr'><strong>νῦν</strong></span> <span class='ocrx_word' id='word_1_795' title='bbox 3020 4742 3225 4813; x_wconf 81' lang='grc' dir='ltr'>ζητεῖν,</span> <span class='ocrx_word' id='word_1_796' title='bbox 3254 4742 3483 4814; x_wconf 78' lang='grc' dir='ltr'>πότερον</span> <span class='ocrx_word' id='word_1_797' title='bbox 3508 4743 3583 4806; x_wconf 84' lang='grc' dir='ltr'><strong>ὡς</strong></span> <span class='ocrx_word' id='word_1_798' title='bbox 3607 4743 3752 4812; x_wconf 79' lang='grc' dir='ltr'>μέρη</span> 
     </span>
    </p>
   </div>
   <div class='ocr_carea' id='block_1_106' title="bbox 2175 4834 3754 4906">
    <p class='ocr_par' dir='ltr' id='par_1_106' title="bbox 2175 4834 3754 4906">
     <span class='ocr_line' id='line_1_106' title="bbox 2175 4834 3754 4906; baseline 0 -19"><span class='ocrx_word' id='word_1_799' title='bbox 2175 4834 2345 4887; x_wconf 87' lang='grc' dir='ltr'>ταῦτά</span> <span class='ocrx_word' id='word_1_800' title='bbox 2394 4835 2532 4886; x_wconf 73' lang='grc' dir='ltr'>εἰσιν</span> <span class='ocrx_word' id='word_1_801' title='bbox 2574 4836 2632 4887; x_wconf 83' lang='grc' dir='ltr'>ὲν</span> <span class='ocrx_word' id='word_1_802' title='bbox 2674 4837 2738 4905; x_wconf 76' lang='grc' dir='ltr'>τῇ</span> <span class='ocrx_word' id='word_1_803' title='bbox 2776 4834 2924 4906; x_wconf 74' lang='grc' dir='ltr'>ψυχῇ</span> <span class='ocrx_word' id='word_1_804' title='bbox 2951 4876 2965 4897; x_wconf 89' lang='grc'><strong>,</strong></span> <span class='ocrx_word' id='word_1_805' title='bbox 3003 4836 3035 4906; x_wconf 78' lang='grc' dir='ltr'>ἢ</span> <span class='ocrx_word' id='word_1_806' title='bbox 3068 4835 3143 4899; x_wconf 84' lang='grc' dir='ltr'><strong>ὡς</strong></span> <span class='ocrx_word' id='word_1_807' title='bbox 3169 4835 3462 4905; x_wconf 85' lang='grc' dir='ltr'>δυνάμεις⁶</span> <span class='ocrx_word' id='word_1_808' title='bbox 3500 4835 3595 4887; x_wconf 77' lang='grc' dir='ltr'>καὶ</span> <span class='ocrx_word' id='word_1_809' title='bbox 3635 4835 3754 4888; x_wconf 80' lang='grc' dir='ltr'>τίνα</span> 
     </span>
    </p>
   </div>
   <div class='ocr_carea' id='block_1_107' title="bbox 2180 4925 3754 4998">
    <p class='ocr_par' dir='ltr' id='par_1_107' title="bbox 2180 4925 3754 4998">
     <span class='ocr_line' id='line_1_107' title="bbox 2180 4925 3754 4998; baseline 0 -19"><span class='ocrx_word' id='word_1_810' title='bbox 2180 4927 2279 4998; x_wconf 82' lang='grc' dir='ltr'>μὲν</span> <span class='ocrx_word' id='word_1_811' title='bbox 2321 4926 2530 4993; x_wconf 71' lang='grc' dir='ltr'>οὕτως,</span> <span class='ocrx_word' id='word_1_812' title='bbox 2560 4925 2682 4980; x_wconf 89' lang='grc' dir='ltr'>τίνα</span> <span class='ocrx_word' id='word_1_813' title='bbox 2718 4926 2775 4980; x_wconf 80' lang='grc' dir='ltr'>δὲ</span> <span class='ocrx_word' id='word_1_814' title='bbox 2815 4927 3038 4997; x_wconf 79' lang='grc' dir='ltr'>ἑτέρως.</span> <span class='ocrx_word' id='word_1_815' title='bbox 3089 4928 3162 4979; x_wconf 76' lang='grc' dir='ltr'><strong>Οὐ</strong></span> <span class='ocrx_word' id='word_1_816' title='bbox 3194 4927 3300 4998; x_wconf 84' lang='grc' dir='ltr'><strong>γὰρ</strong></span> <span class='ocrx_word' id='word_1_817' title='bbox 3337 4927 3436 4997; x_wconf 84' lang='grc' dir='ltr'>τῆς</span> <span class='ocrx_word' id='word_1_818' title='bbox 3470 4926 3754 4996; x_wconf 83' lang='grc' dir='ltr'>παρούσης</span> 
     </span>
    </p>
   </div>
   <div class='ocr_carea' id='block_1_108' title="bbox 2175 5016 3754 5089">
    <p class='ocr_par' dir='ltr' id='par_1_108' title="bbox 2175 5016 3754 5089">
     <span class='ocr_line' id='line_1_108' title="bbox 2175 5016 3754 5089; baseline -0.001 -18"><span class='ocrx_word' id='word_1_819' title='bbox 2175 5019 2288 5072; x_wconf 70' lang='grc' dir='ltr'>ἐστὶ</span> <span class='ocrx_word' id='word_1_820' title='bbox 2313 5017 2584 5087; x_wconf 76' lang='grc' dir='ltr'>σκέψεως·</span> <span class='ocrx_word' id='word_1_821' title='bbox 2604 5018 2768 5072; x_wconf 85' lang='grc' dir='ltr'>πάλιν</span> <span class='ocrx_word' id='word_1_822' title='bbox 2790 5020 2822 5088; x_wconf 81' lang='grc' dir='ltr'><strong>ὴ</strong></span> <span class='ocrx_word' id='word_1_823' title='bbox 2844 5018 2938 5071; x_wconf 86' lang='grc' dir='ltr'><strong>τοῦ</strong></span> <span class='ocrx_word' id='word_1_824' title='bbox 2966 5016 3219 5088; x_wconf 80' lang='grc' dir='ltr'>σώματος</span> <span class='ocrx_word' id='word_1_825' title='bbox 3247 5017 3511 5089; x_wconf 85' lang='grc' dir='ltr'>διαίρεσις</span> <span class='ocrx_word' id='word_1_826' title='bbox 3542 5017 3754 5086; x_wconf 80' lang='grc' dir='ltr'>γίνεται</span> 
     </span>
    </p>
   </div>
   <div class='ocr_carea' id='block_1_109' title="bbox 2174 5106 3753 5180">
    <p class='ocr_par' dir='ltr' id='par_1_109' title="bbox 2174 5106 3753 5180">
     <span class='ocr_line' id='line_1_109' title="bbox 2174 5106 3753 5180; baseline -0.001 -17"><span class='ocrx_word' id='word_1_827' title='bbox 2174 5114 2256 5174; x_wconf 88' lang='grc' dir='ltr'><strong>είς</strong></span> <span class='ocrx_word' id='word_1_828' title='bbox 2276 5110 2579 5180; x_wconf 83' lang='grc' dir='ltr'>ὁμοιομερῆ</span> <span class='ocrx_word' id='word_1_829' title='bbox 2625 5127 2683 5162; x_wconf 90' lang='grc' dir='ltr'><strong>τε</strong></span> <span class='ocrx_word' id='word_1_830' title='bbox 2716 5112 2808 5162; x_wconf 72' lang='grc' dir='ltr'><strong>καὶ</strong></span> <span class='ocrx_word' id='word_1_831' title='bbox 2838 5106 3214 5179; x_wconf 82' lang='grc' dir='ltr'>ἀνομοιομερῆ</span> <span class='ocrx_word' id='word_1_832' title='bbox 3235 5125 3251 5140; x_wconf 88' lang='grc'><strong>·</strong></span> <span class='ocrx_word' id='word_1_833' title='bbox 3297 5110 3392 5163; x_wconf 79' lang='grc' dir='ltr'>καὶ</span> <span class='ocrx_word' id='word_1_834' title='bbox 3420 5110 3625 5162; x_wconf 89' lang='grc' dir='ltr'>τούτων</span> <span class='ocrx_word' id='word_1_835' title='bbox 3674 5109 3753 5161; x_wconf 79' lang='grc' dir='ltr'><strong>ἔτι</strong></span> 
     </span>
    </p>
   </div>
   <div class='ocr_carea' id='block_1_110' title="bbox 2175 5198 3755 5272">
    <p class='ocr_par' dir='ltr' id='par_1_110' title="bbox 2175 5198 3755 5272">
     <span class='ocr_line' id='line_1_110' title="bbox 2175 5198 3755 5272; baseline -0.003 -16"><span class='ocrx_word' id='word_1_836' title='bbox 2175 5202 2255 5265; x_wconf 81' lang='grc' dir='ltr'>είς</span> <span class='ocrx_word' id='word_1_837' title='bbox 2282 5219 2339 5255; x_wconf 89' lang='grc' dir='ltr'><strong>τε</strong></span> <span class='ocrx_word' id='word_1_838' title='bbox 2375 5201 2617 5272; x_wconf 79' lang='grc' dir='ltr'>κεφαλὴν</span> <span class='ocrx_word' id='word_1_839' title='bbox 2652 5202 2741 5255; x_wconf 77' lang='grc' dir='ltr'><strong>καὶ</strong></span> <span class='ocrx_word' id='word_1_840' title='bbox 2769 5204 2959 5272; x_wconf 83' lang='grc' dir='ltr'>χεῖρας</span> <span class='ocrx_word' id='word_1_841' title='bbox 2988 5202 3081 5255; x_wconf 75' lang='grc' dir='ltr'><strong>καὶ</strong></span> <span class='ocrx_word' id='word_1_842' title='bbox 3104 5199 3270 5264; x_wconf 86' lang='grc' dir='ltr'>πόδας</span> <span class='ocrx_word' id='word_1_843' title='bbox 3299 5217 3313 5231; x_wconf 74' lang='grc' dir='ltr'><strong><em>ο</em></strong></span> <span class='ocrx_word' id='word_1_844' title='bbox 3347 5202 3443 5254; x_wconf 80' lang='grc' dir='ltr'>καὶ</span> <span class='ocrx_word' id='word_1_845' title='bbox 3469 5198 3643 5253; x_wconf 85' lang='grc' dir='ltr'>ταῦτα</span> <span class='ocrx_word' id='word_1_846' title='bbox 3674 5202 3755 5263; x_wconf 85' lang='grc' dir='ltr'>είς</span> 
     </span>
    </p>
   </div>
   <div class='ocr_carea' id='block_1_111' title="bbox 2174 5288 3755 5364">
    <p class='ocr_par' dir='ltr' id='par_1_111' title="bbox 2174 5288 3755 5364">
     <span class='ocr_line' id='line_1_111' title="bbox 2174 5288 3755 5364; baseline -0.003 -19"><span class='ocrx_word' id='word_1_847' title='bbox 2174 5293 2328 5358; x_wconf 82' lang='grc' dir='ltr'>ὁστᾶ,</span> <span class='ocrx_word' id='word_1_848' title='bbox 2364 5292 2459 5347; x_wconf 76' lang='grc' dir='ltr'>καὶ</span> <span class='ocrx_word' id='word_1_849' title='bbox 2491 5292 2723 5364; x_wconf 83' lang='grc' dir='ltr'>σάρκας,</span> <span class='ocrx_word' id='word_1_850' title='bbox 2761 5295 2853 5345; x_wconf 71' lang='grc' dir='ltr'><strong>καὶ</strong></span> <span class='ocrx_word' id='word_1_851' title='bbox 2873 5292 3073 5361; x_wconf 84' lang='grc' dir='ltr'>νεῦρα·</span> <span class='ocrx_word' id='word_1_852' title='bbox 3104 5290 3198 5344; x_wconf 66' lang='grc' dir='ltr'><strong>καὶ</strong></span> <span class='ocrx_word' id='word_1_853' title='bbox 3224 5290 3394 5344; x_wconf 87' lang='grc' dir='ltr'>ταῦτα</span> <span class='ocrx_word' id='word_1_854' title='bbox 3425 5292 3504 5353; x_wconf 83' lang='grc' dir='ltr'><strong>είς</strong></span> <span class='ocrx_word' id='word_1_855' title='bbox 3530 5288 3599 5343; x_wconf 83' lang='grc' dir='ltr'>τὰ</span> <span class='ocrx_word' id='word_1_856' title='bbox 3629 5290 3755 5342; x_wconf 70' lang='grc' dir='ltr'>τέσι</span> 
     </span>
    </p>
   </div>
   <div class='ocr_carea' id='block_1_112' title="bbox 2177 5368 3758 5452">
    <p class='ocr_par' dir='ltr' id='par_1_112' title="bbox 2177 5368 3758 5452">
     <span class='ocr_line' id='line_1_112' title="bbox 2177 5368 3758 5452; baseline -0.002 -16"><span class='ocrx_word' id='word_1_857' title='bbox 2177 5398 2319 5452; x_wconf 87' lang='grc' dir='ltr'>σαρα</span> <span class='ocrx_word' id='word_1_858' title='bbox 2351 5383 2589 5452; x_wconf 78' lang='grc' dir='ltr'>στοιχεῖα</span> <span class='ocrx_word' id='word_1_859' title='bbox 2612 5399 2627 5413; x_wconf 78' lang='grc' dir='ltr'><strong>ο</strong></span> <span class='ocrx_word' id='word_1_860' title='bbox 2661 5383 2754 5435; x_wconf 79' lang='grc' dir='ltr'><strong>καὶ</strong></span> <span class='ocrx_word' id='word_1_861' title='bbox 2786 5368 2959 5435; x_wconf 82' lang='grc' dir='ltr'>ταῦτα</span> <span class='ocrx_word' id='word_1_862' title='bbox 2988 5384 3070 5445; x_wconf 87' lang='grc' dir='ltr'><strong>είς</strong></span> <span class='ocrx_word' id='word_1_863' title='bbox 3100 5380 3233 5451; x_wconf 82' lang='grc' dir='ltr'>ὓλην</span> <span class='ocrx_word' id='word_1_864' title='bbox 3267 5381 3362 5434; x_wconf 76' lang='grc' dir='ltr'><strong>καὶ</strong></span> <span class='ocrx_word' id='word_1_865' title='bbox 3391 5377 3552 5442; x_wconf 85' lang='grc' dir='ltr'>εἶδος.</span> <span class='ocrx_word' id='word_1_866' title='bbox 3582 5379 3758 5433; x_wconf 79' lang='grc' dir='ltr'>Πολλά</span> 
     </span>
    </p>
   </div>
   <div class='ocr_carea' id='block_1_113' title="bbox 2174 5470 3756 5543">
    <p class='ocr_par' dir='ltr' id='par_1_113' title="bbox 2174 5470 3756 5543">
     <span class='ocr_line' id='line_1_113' title="bbox 2174 5470 3756 5543; baseline -0.001 -20"><span class='ocrx_word' id='word_1_867' title='bbox 2174 5470 2231 5524; x_wconf 81' lang='grc' dir='ltr'><strong>δὲ</strong></span> <span class='ocrx_word' id='word_1_868' title='bbox 2258 5470 2352 5523; x_wconf 71' lang='grc' dir='ltr'><strong>καὶ</strong></span> <span class='ocrx_word' id='word_1_869' title='bbox 2384 5470 2548 5541; x_wconf 76' lang='grc' dir='ltr'>ἕτερα</span> <span class='ocrx_word' id='word_1_870' title='bbox 2576 5471 2957 5540; x_wconf 84' lang='grc' dir='ltr'>φιλοσοφοῦσιν</span> <span class='ocrx_word' id='word_1_871' title='bbox 2983 5471 3185 5543; x_wconf 76' lang='grc' dir='ltr'>ἰατρῶν</span> <span class='ocrx_word' id='word_1_872' title='bbox 3214 5470 3403 5534; x_wconf 86' lang='grc' dir='ltr'>παῖδες</span> <span class='ocrx_word' id='word_1_873' title='bbox 3431 5470 3562 5541; x_wconf 73' lang='grc' dir='ltr'>περὶ</span> <span class='ocrx_word' id='word_1_874' title='bbox 3594 5470 3756 5522; x_wconf 81' lang='grc' dir='ltr'>δυνά-</span> 
     </span>
    </p>
   </div>
   <div class='ocr_carea' id='block_1_114' title="bbox 2183 5558 3762 5635">
    <p class='ocr_par' dir='ltr' id='par_1_114' title="bbox 2183 5558 3762 5635">
     <span class='ocr_line' id='line_1_114' title="bbox 2183 5558 3762 5635; baseline -0.002 -20"><span class='ocrx_word' id='word_1_875' title='bbox 2183 5580 2327 5634; x_wconf 84' lang='grc' dir='ltr'>μεων</span> <span class='ocrx_word' id='word_1_876' title='bbox 2349 5564 2618 5631; x_wconf 81' lang='grc' dir='ltr'>φυσικῶν,</span> <span class='ocrx_word' id='word_1_877' title='bbox 2641 5558 2715 5618; x_wconf 84' lang='grc' dir='ltr'>ὧν</span> <span class='ocrx_word' id='word_1_878' title='bbox 2738 5565 2837 5635; x_wconf 79' lang='grc' dir='ltr'><strong>τὴν</strong></span> <span class='ocrx_word' id='word_1_879' title='bbox 2872 5566 2971 5634; x_wconf 80' lang='grc' dir='ltr'><strong>μὲν</strong></span> <span class='ocrx_word' id='word_1_880' title='bbox 2998 5564 3273 5634; x_wconf 81' lang='grc' dir='ltr'>ἑλκτικὴν,</span> <span class='ocrx_word' id='word_1_881' title='bbox 3303 5565 3401 5634; x_wconf 84' lang='grc' dir='ltr'>τὴν</span> <span class='ocrx_word' id='word_1_882' title='bbox 3416 5563 3473 5616; x_wconf 84' lang='grc' dir='ltr'><strong>δὲ</strong></span> <span class='ocrx_word' id='word_1_883' title='bbox 3502 5561 3762 5615; x_wconf 81' lang='grc' dir='ltr'>καθεκτι-</span> 
     </span>
    </p>
   </div>
   <div class='ocr_carea' id='block_1_115' title="bbox 2180 5652 3757 5727">
    <p class='ocr_par' dir='ltr' id='par_1_115' title="bbox 2180 5652 3757 5727">
     <span class='ocr_line' id='line_1_115' title="bbox 2180 5652 3757 5727; baseline -0.004 -19"><span class='ocrx_word' id='word_1_884' title='bbox 2180 5654 2315 5725; x_wconf 84' lang='grc' dir='ltr'>κὴν,</span> <span class='ocrx_word' id='word_1_885' title='bbox 2350 5655 2449 5727; x_wconf 85' lang='grc' dir='ltr'><strong>τὴν</strong></span> <span class='ocrx_word' id='word_1_886' title='bbox 2480 5658 2536 5709; x_wconf 86' lang='grc' dir='ltr'>δὲ</span> <span class='ocrx_word' id='word_1_887' title='bbox 2568 5656 2920 5723; x_wconf 81' lang='grc' dir='ltr'>ἀλλοιωτικὴν</span> <span class='ocrx_word' id='word_1_888' title='bbox 2942 5698 2957 5722; x_wconf 87' lang='grc'><strong>,</strong></span> <span class='ocrx_word' id='word_1_889' title='bbox 2993 5658 3091 5727; x_wconf 84' lang='grc' dir='ltr'><strong>τὴν</strong></span> <span class='ocrx_word' id='word_1_890' title='bbox 3122 5656 3179 5709; x_wconf 81' lang='grc' dir='ltr'><strong>δὲ</strong></span> <span class='ocrx_word' id='word_1_891' title='bbox 3218 5652 3585 5725; x_wconf 83' lang='grc' dir='ltr'>ἀποκριτικὴν</span> <span class='ocrx_word' id='word_1_892' title='bbox 3629 5652 3757 5703; x_wconf 88' lang='grc' dir='ltr'>ὁνο-</span> 
     </span>
    </p>
   </div>
   <div class='ocr_carea' id='block_1_116' title="bbox 2182 5738 3760 5819">
    <p class='ocr_par' dir='ltr' id='par_1_116' title="bbox 2182 5738 3760 5819">
     <span class='ocr_line' id='line_1_116' title="bbox 2182 5738 3760 5819; baseline -0.004 -20"><span class='ocrx_word' id='word_1_893' title='bbox 2182 5746 2434 5817; x_wconf 70' lang='grc' dir='ltr'>μάζουσι.</span> <span class='ocrx_word' id='word_1_894' title='bbox 2484 5738 2660 5802; x_wconf 73' lang='grc' dir='ltr'>Πολλὰ</span> <span class='ocrx_word' id='word_1_895' title='bbox 2688 5747 2742 5800; x_wconf 81' lang='grc' dir='ltr'>δὲ</span> <span class='ocrx_word' id='word_1_896' title='bbox 2791 5751 2887 5801; x_wconf 72' lang='grc' dir='ltr'>καὶ</span> <span class='ocrx_word' id='word_1_897' title='bbox 2917 5749 3046 5817; x_wconf 82' lang='grc' dir='ltr'>περὶ</span> <span class='ocrx_word' id='word_1_898' title='bbox 3090 5746 3400 5819; x_wconf 83' lang='grc' dir='ltr'>αἰσθήσεως</span> <span class='ocrx_word' id='word_1_899' title='bbox 3434 5744 3528 5797; x_wconf 71' lang='grc' dir='ltr'><strong>καὶ</strong></span> <span class='ocrx_word' id='word_1_900' title='bbox 3560 5759 3760 5810; x_wconf 73' lang='grc' dir='ltr'>φανται</span> 
     </span>
    </p>
   </div>
   <div class='ocr_carea' id='block_1_117' title="bbox 2181 5833 3761 5910">
    <p class='ocr_par' dir='ltr' id='par_1_117' title="bbox 2181 5833 3761 5910">
     <span class='ocr_line' id='line_1_117' title="bbox 2181 5833 3761 5910; baseline -0.005 -16"><span class='ocrx_word' id='word_1_901' title='bbox 2181 5842 2323 5908; x_wconf 87' lang='grc' dir='ltr'>σίας,</span> <span class='ocrx_word' id='word_1_902' title='bbox 2354 5844 2447 5895; x_wconf 72' lang='grc' dir='ltr'><strong>καὶ</strong></span> <span class='ocrx_word' id='word_1_903' title='bbox 2476 5842 2569 5895; x_wconf 87' lang='grc' dir='ltr'><strong>τοῦ</strong></span> <span class='ocrx_word' id='word_1_904' title='bbox 2601 5841 2916 5910; x_wconf 76' lang='grc' dir='ltr'>συνέχοντος</span> <span class='ocrx_word' id='word_1_905' title='bbox 2948 5841 3008 5895; x_wconf 77' lang='grc' dir='ltr'><strong>τὸ</strong></span> <span class='ocrx_word' id='word_1_906' title='bbox 3030 5833 3173 5907; x_wconf 72' lang='grc' dir='ltr'>ζῶον</span> <span class='ocrx_word' id='word_1_907' title='bbox 3201 5836 3436 5903; x_wconf 77' lang='grc' dir='ltr'>ζωτικοῦ</span> <span class='ocrx_word' id='word_1_908' title='bbox 3468 5836 3562 5891; x_wconf 70' lang='grc' dir='ltr'><strong>καὶ</strong></span> <span class='ocrx_word' id='word_1_909' title='bbox 3594 5834 3761 5905; x_wconf 85' lang='grc' dir='ltr'>ὀργα-</span> 
     </span>
    </p>
   </div>
  </div>
