4120 6438
324 440 458 501 1297

1383 436 1683 500 CONTRA
1718 441 2036 503 NESTOR.
2078 446 2172 505 ET
2209 446 2533 512 EUTYCII.

3460 465 3595 532 1298

314 556 467 608 νικοῦ
512 554 844 626 πνεύματος.
881 554 1091 625 ἑτέρου,
1120 550 1196 617 ῶς
1220 567 1375 627 φασι,
1415 553 1569 625 παρὰ
1598 554 1659 607 τὸ
1688 552 1909 623 λογικὸν

2030 557 2180 613 aliam
2219 566 2566 621 secernendi.
2626 568 2793 626 Multa
2839 587 2972 628 vero
3007 576 3172 632 etiam
3223 579 3291 636 de
3343 598 3509 639 sensu
3538 596 3594 641 et

316 649 678 720 ὑπάρχοντος.

387 919 600 989 Ὠσπερ
629 917 811 971 τοίνυν
837 918 1055 990 ἀπόχρη
1090 918 1228 988 πρὸς
1262 917 1322 970 τὸ
1350 918 1699 987 παραστῆσαι
1732 915 1902 968 ταῦτα

317 1012 494 1064 πάντα
526 1010 616 1064 διὰ
645 1009 738 1064 τοῦ
772 1010 950 1082 σάρκα
975 1012 1170 1075 εἰπεῖν,
1198 1010 1231 1082 ἦ
1271 1010 1431 1079 σῶμα
1459 1009 1773 1081 ἀνθρώπου,
1807 1009 1903 1061 καὶ

317 1101 540 1172 ἀπόχρη
608 1101 770 1155 πάλιν
819 1100 908 1154 διά
962 1102 1059 1170 τῆς
1107 1100 1334 1169 λογικῆς
1380 1099 1583 1170 ψυχῆς,
1626 1099 1696 1152 τὰ
1742 1098 1820 1162 εἰς
1868 1097 1905 1153 ἂ

317 1192 573 1263 διῄρηται
609 1192 751 1263 μέρη
781 1191 1023 1261 δηλῶσαι
1066 1190 1149 1262 (οὐ
1194 1190 1303 1262 γὰρ
1349 1190 1689 1260 τεχνολογεϊν
1721 1189 1899 1259 φίλον,

319 1287 441 1339 οὐδὲ
469 1284 701 1357 σύνηθες
727 1289 839 1349 τοῖς
870 1287 1103 1356 πιστοῖς)
1121 1304 1135 1318 ο
1168 1286 1342 1350 οὕτως
1374 1287 1592 1357 ἀπόχρη
1614 1286 1904 1357 ἄνθρωπον

320 1379 354 1450 ἢ
387 1379 549 1449 φύσιν
579 1378 871 1450 ἀνθρώπου
898 1380 1196 1450 εἰρηκότα,
1232 1380 1410 1434 πάντα
1441 1378 1794 1450 παραστῆσαι
1843 1396 1904 1433 τε

321 1472 420 1526 καὶ
451 1471 718 1541 δηλῶσαι,
743 1472 812 1527 τά
840 1472 898 1539 ἐξ
924 1465 998 1527 ὧν
1025 1474 1357 1543 συνέστηκεν
1389 1472 1448 1527 ὲν
1468 1468 1552 1538 οἷς
1575 1473 1670 1526 καὶ
1698 1473 1903 1543 γνωρίο

322 1566 499 1631 ζεται.
519 1566 583 1619 Oi
609 1565 666 1619 δὲ
694 1566 793 1636 οὐχ
825 1568 911 1621 ἵνα
934 1567 1026 1620 τὸν
1054 1567 1341 1639 ἄνθρωπον
1370 1568 1580 1621 τέλειον
1608 1566 1905 1637 ἀποφήνω-

325 1676 433 1723 σιν,
486 1657 601 1712 ἀλλ’
638 1659 724 1712 ἵνα
770 1659 863 1713 τὸν
907 1659 1098 1730 κύριον
1145 1660 1621 1731 συκοφαντήσωσι,
1670 1659 1766 1713 καὶ
1808 1660 1907 1729 τῆς

322 1749 602 1821 ἡμετέρας
646 1749 811 1802 αὑτὸν
843 1748 1252 1817 ἀλλοτριώσωσι
1304 1751 1523 1821 φύσεως
1550 1768 1564 1782 °
1613 1751 1709 1805 καὶ
1746 1750 1779 1822 ἢ
1833 1750 1908 1821 μὴ

324 1842 735 1913 προσειληφότα
773 1842 871 1914 τὴν
913 1844 1089 1915 ἀρχὴν
1130 1843 1193 1898 τὸ
1221 1842 1492 1916 ἡμέτερον
1520 1884 1535 1909 ,
1567 1842 1600 1913 ἢ
1650 1844 1726 1914 μὴ
1770 1843 1908 1897 σῶον

2014 650 2323 743 phantasia,
2350 665 2405 710 et
2426 656 2495 712 de
2528 658 2681 715 vitali
2707 672 2762 717 et
2782 665 3041 735 organico
3071 669 3306 739 spiritu;
3338 674 3430 743 qui
3458 691 3593 731 con-

2012 742 2151 798 tinet
2170 746 2393 815 animal,
2426 750 2522 821 qui
2546 752 2687 808 alius
2713 754 2940 825 Spiritus
2968 768 3075 823 est,
3104 742 3369 828 utaiunt,
3393 778 3594 835 prastcr

2012 836 2355 894 rationalem.

2084 929 2237 986 Sicut
2272 949 2402 1005 ergo
2436 936 2503 990 ad
2540 937 2898 1008 signiﬁcanda
2941 942 3058 999 haec
3091 948 3277 1003 omnia
3321 952 3456 1007 satis
3505 963 3593 1010 est

2012 1023 2197 1081 dicere
2232 1042 2474 1095 carnem,
2502 1032 2587 1085 vel
2618 1048 2820 1105 corpus
2844 1036 3119 1106 hominis;
3154 1050 3211 1096 et
3240 1058 3429 1099 rursus
3459 1047 3592 1101 satis

2013 1126 2098 1171 est
2121 1120 2456 1175 nominando
2488 1122 2728 1179 animam
2762 1127 3108 1195 rationalem,
3150 1131 3429 1190 declarare
3459 1152 3591 1207 par-

2016 1214 2099 1262 tes
2129 1208 2185 1262 in
2227 1225 2365 1279 quas
2394 1210 2571 1265 divisa
2594 1221 2717 1279 est;
2754 1230 2855 1269 nec
2876 1216 3024 1270 enim
3057 1217 3247 1274 ﬁdeles
3276 1220 3427 1291 loqui
3455 1224 3591 1278 arti-

2014 1298 2201 1354 ﬁciose
2240 1310 2675 1365 consueverunt,
2705 1319 2810 1358 nec
2837 1304 2943 1359 hoc
2971 1306 3052 1361 eis
3084 1308 3294 1377 placet;
3341 1310 3420 1365 sic
3459 1312 3613 1369 satis.

2011 1400 2093 1446 est
2122 1392 2439 1448 nominasse
2488 1393 2793 1460 hominem,
2827 1396 2914 1451 vel
2938 1405 3190 1453 naturam
3244 1400 3486 1459 hominis
3524 1402 3615 1459 ad:

2013 1487 2340 1543 declaranda
2370 1488 2557 1544 omnia
2605 1505 2673 1545 ex
2711 1490 2912 1561 quibus
2939 1492 3277 1562 compositus
3303 1502 3408 1557 est,
3449 1502 3507 1549 et
3536 1494 3617 1549 in

2013 1579 2215 1650 quibus
2247 1595 2368 1635 esse
2398 1582 2767 1651 cognoscitur.
2830 1582 2924 1637 Isti
2963 1592 3150 1637 autem
3194 1584 3324 1639 talia
3350 1585 3622 1655 captiose.

2014 1671 2338 1741 loquuntur,
2382 1688 2493 1727 non
2532 1682 2593 1728 ut
2629 1674 2907 1729 hominem
2944 1674 3247 1746 perfectum
3279 1678 3592 1743 ostendant,

2015 1764 2109 1820 sed
2133 1774 2189 1820 ut
2231 1766 2522 1821 Dominum
2575 1767 3001 1834 calumnientur,
3052 1778 3108 1824 et
3164 1785 3291 1824 eum
3341 1786 3370 1825 a
3417 1771 3594 1827 salute

2016 1864 2203 1910 nostra
2232 1856 2471 1912 alienent
2496 1875 2510 1923 ;
2541 1858 2697 1928 quasi
2724 1857 2810 1913 vel
2829 1874 2940 1913 non
2968 1860 3404 1929 assumpsisseta
3435 1860 3589 1931 prin-

325 1934 644 2005 φυλάξαντα
672 1935 700 1989 ὃ
723 1936 852 2006 παρ’
882 1936 1041 2007 ἡμῶν
1070 1936 1195 2007 ἔσχε
1222 1936 1324 2007 τῆς
1348 1936 1623 2006 σωτηρίας
1662 1936 1762 2007 τῆς
1797 1935 1904 1990 πά-

2030 1948 2156 2019 :ipio
2187 1950 2585 2007 humanitatem
2627 1960 2891 2016 nostram,
2950 1952 3035 2006 vel
3068 1968 3182 2007 non
3212 1962 3485 2009 servasset
3513 1954 3596 2008 in-

325 2045 428 2099 σης
461 2028 681 2098 φύσεως
709 2030 1048 2083 ἀδιάπτωτον
1085 2030 1374 2101 ἐνέχυρον,
1406 2029 1473 2084 τὰ
1504 2030 1728 2083 τοιαῦτα
1758 2030 1911 2099 σοφία

325 2120 531 2186 ζονται.
580 2121 742 2174 Ἀλλά
788 2121 1245 2193 μανθανέτωσαν,
1278 2123 1416 2191 ὅτιὴ
1459 2123 1559 2192 μὲν
1590 2122 1697 2175 τῶν
1726 2122 1911 2193 μερῶν

326 2211 609 2281 ὁμολογία,
641 2212 715 2276 ὠς
747 2210 904 2283 ἔφην,
936 2211 1227 2284 γνώρισμα
1254 2212 1636 2284 τυγχάνει’τῆς
1658 2212 1756 2266 τοῦ
1788 2214 1911 2267 ὅλου

328 2302 609 2374 σωτηρίας
631 2320 646 2335 ο
695 2305 728 2375 ἡ
758 2303 813 2356 δὲ
840 2304 949 2357 τῶν
982 2304 1168 2377 μερῶν
1210 2306 1293 2370 είς
1322 2306 1392 2359 τὰ
1431 2306 1572 2377 μέρη
1600 2307 1914 2379 ὑποδιαίρε-

332 2414 436 2459 σις,
462 2396 523 2449 οὐ
546 2396 884 2467 δογματικῆς
923 2398 1041 2451 ἐστι
1071 2396 1389 2468 συντομίας,
1423 2398 1545 2451 οὐδὲ
1576 2399 1674 2452 τοῦ
1725 2417 1914 2455 συντε-

329 2505 442 2559 τμη
454 2488 616 2557 μένου
652 2487 793 2541 κατά
820 2489 879 2541 τὸ
898 2488 1234 2557 Εὐαγγέλιον
1261 2488 1593 2557 λόγου,ἀλλά
1616 2492 1919 2562 σκεπτικῐκ

332 2582 590 2654 θεωρίας.
628 2584 721 2636 καὶ
753 2583 1019 2653 περιττῆς
1059 2586 1173 2646 τοῖς
1214 2582 1431 2647 πολλοῖς
1476 2586 1571 2638 καὶ
1611 2585 1918 2657 δυσλήπτου

332 2676 706 2746 τεχνολογίας.
766 2676 923 2746 Μέρη
988 2676 1088 2746 μὲν
1140 2678 1251 2744 γὰρ
1319 2676 1561 2748 Χριστοῦ
1609 2677 1919 2750 ἀσύγχυτα,

336 2767 531 2837 θεότης
594 2768 682 2821 καὶ
730 2767 1111 2839 ἀνθρωπότης.
1165 2768 1327 2839 Ψυχὴ
1377 2769 1433 2823 δὲ
1486 2770 1580 2823 καὶ
1633 2770 1812 2842 σῶμα,
1860 2771 1920 2825 οῦ

339 2861 483 2931 μέρη
511 2860 777 2930 Χριστοῦ,
806 2860 942 2913 ἀλλά
976 2861 1115 2932 μέρη
1146 2861 1242 2915 τοῦ
1283 2861 1485 2933 μέρους
1512 2882 1526 2895 ·
1555 2856 1630 2916 ὧν
1656 2863 1923 2933 δηλωθέν-

337 2970 445 3005 των
480 2951 570 3004 διά
615 2950 719 3021 τῆς
768 2950 983 3015 τελείας
1037 2951 1317 3022 σημασίας
1342 2954 1442 3022 τῆς
1484 2952 1628 3006 κατὰ
1659 2954 1761 3021 τὴν
1822 2953 1923 3022 φύ-

340 3062 425 3098 σιν
490 3047 592 3116 τῆς
650 3043 1076 3114 ἀνθρωπότητος
1120 3084 1137 3109 ,
1180 3043 1412 3114 περιττὴ
1476 3044 1510 3114 ή
1582 3044 1663 3107 είς
1731 3044 1923 3113 φύσεις

337 3136 447 3188 τῶν
498 3136 683 3209 μερῶν
735 3135 1144 3205 ὑποδιαίρεσιςο
1176 3136 1224 3189 εί
1274 3136 1349 3208 μὴ
1395 3134 1641 3206 μέλλοιεν
1690 3138 1786 3191 καὶ
1824 3138 1924 3208 τὴν

290 3288 291 3291 η
336 3226 538 3298 λοιπὴν
589 3229 818 3298 ἐπάγειν
862 3228 1131 3299 διαίρεσιν
1160 3230 1280 3293 ταῖς
1330 3229 1793 3300 ὑποδιαιρέσεσιν,
1834 3228 1923 3296 αἶς

339 3319 438 3371 καὶ
472 3320 564 3373 ἐπὶ
586 3319 681 3372 τοῦ
719 3320 902 3373 κοινοῦ
927 3318 1219 3391 ἀνθρώπου
1243 3320 1600 3390 ἐχρησάμεθα
1630 3321 1920 3393 πρότερον,

335 3412 416 3474 ὡς
444 3411 694 3465 ἐντεῦθεν
730 3411 804 3483 μὴ
840 3414 988 3480 τρεῖς
1026 3411 1150 3464 κατ’
1185 3410 1383 3475 αὐτοὺς
1420 3412 1587 3481 μόνας
1612 3454 1626 3478 ,
1661 3412 1797 3466 ἀλλά
1828 3415 1924 3467 καὶ

342 3503 564 3566 πλείους
594 3502 994 3571 καταγγέλλειν
1016 3502 1116 3567 τὰς
1140 3501 1379 3574 Χριστοῦ
1410 3502 1602 3573 φύσεις
1628 3544 1641 3569 ,
1668 3496 1742 3558 ὧν
1777 3505 1830 3559 τί
1858 3504 1925 3559 ἂν

341 3593 556 3662 γένοιτο
582 3593 925 3664 γελοιότερον
953 3612 966 3660 ;

421 3704 440 3736 ι
488 3684 708 3755 Ἐπειδὴ
763 3687 790 3738 ό
826 3686 933 3748 πᾶς
983 3686 1267 3755 κεκίνηται
1296 3686 1552 3755 πόλεμος,
1601 3684 1698 3738 τοῦ
1720 3686 1925 3757 τρόπου

344 3778 443 3846 τῆς
470 3775 717 3839 ένὼσεως
745 3777 897 3847 παρά
914 3778 1028 3839 τοῖς
1052 3776 1279 3839 πολλοῖς,
1302 3776 1695 3847 ἀγνοουμένου,
1718 3778 1814 3831 καὶ
1839 3778 1929 3832 διὰ

346 3868 503 3922 τοῦτο
544 3868 697 3940 παρὰ
727 3870 893 3922 πᾶσιν
920 3867 1400 3939 ἀμφιδαλλομένου
1420 3908 1433 3931 ,
1467 3868 1597 3939 περὶ
1627 3868 1831 3941 ταύτης
1867 3886 1929 3923 σε

348 3958 711 4029 φιλοσοφῆσαι
756 3960 884 4031 χρὴ,
933 3961 1020 4013 ἵνα
1058 3959 1261 4014 εἰδέναι
1307 3960 1527 4031 ἔχοιμεν
1569 3959 1801 4030 πότερον
1837 3962 1932 4017 καὶ

348 4052 470 4106 κατ’
490 4054 656 4105 αὑτὸν
682 4052 744 4123 δὴ
774 4054 961 4107 τοῦτον
991 4053 1386 4123 διαφωνοῦμεν,
1412 4054 1443 4124 ἢ
1472 4054 1662 4107 τούτου
1696 4072 1759 4123 γε
1791 4072 1932 4126 συμ-

348 4144 531 4215 φώνου
557 4147 690 4215 ἡμῖν
713 4146 866 4209 ὄντος
889 4146 1021 4217 περὶ
1046 4146 1139 4200 τοῦ
1164 4148 1611 4216 ἀποτελέσματος
1636 4146 1729 4200 τοῦ
1750 4150 1813 4201 ἐκ
1837 4149 1934 4219 τῆς

350 4234 603 4299 ὲνὼσεως
652 4234 800 4289 ἐστιν
847 4238 979 4306 ἡμῖν
1027 4238 1060 4306 ή
1112 4236 1377 4307 ζήτησις’
1408 4237 1502 4289 καὶ
1540 4237 1768 4305 πότερον
1806 4237 1935 4307 περὶ

349 4324 462 4378 τῶν
510 4328 859 4399 πραγμάτων
891 4328 1071 4381 αὐτῶν
1097 4366 1111 4391 ,
1146 4327 1178 4398 ἢ
1215 4328 1347 4399 περὶ
1395 4327 1504 4381 τῶν
1551 4328 1934 4400 σημαινουσῶν

350 4417 529 4473 ταῦτα
573 4419 788 4489 φωνῶν.
832 4419 991 4474 Οὕτω
1034 4421 1143 4491 γὰρ
1184 4420 1471 4492 εὐκρινοῦς
1508 4422 1607 4491 τῆς
1653 4422 1937 4493 ζητήσεως

354 4512 767 4582 γεγενημένης.
820 4515 916 4566 καὶ
966 4514 1067 4583 τῆς
1122 4512 1229 4567 τῶν
1271 4512 1614 4585 πραγμάτων
1677 4514 1937 4585 ἀληθείας

2013 2026 2249 2107 colume,
2281 2042 2428 2112 quod
2453 2059 2520 2098 ex
2540 2042 2703 2099 nobis
2734 2043 2930 2097 habuit
2961 2044 3155 2098 salutis
3196 2044 3363 2098 totius
3386 2053 3605 2099 naturae-

2014 2134 2232 2205 pignus,
2286 2134 2433 2204 quod
2472 2134 2728 2189 excidere
2785 2151 2894 2190 non
2950 2144 3189 2205 poterat.
3244 2135 3350 2189 Sed
3394 2136 3593 2201 sciant,

2017 2226 2165 2296 quod
2210 2226 2485 2282 confessio
2526 2227 2789 2297 partium,
2842 2235 2903 2281 ut
2936 2227 3071 2292 dixi,
3124 2226 3288 2280 index
3316 2234 3401 2281 est
3443 2214 3598 2281 inco—

2016 2318 2165 2372 lume
2191 2333 2312 2372 esse
2363 2326 2574 2382 totum;
2614 2318 2811 2372 iterata
2841 2332 2975 2371 vero
3024 2316 3261 2387 partium
3310 2314 3365 2367 in
3413 2323 3599 2385 partes
3634 2324 3639 2328 ‘

2018 2407 2217 2462 divisio
2260 2422 2367 2461 non
2402 2416 2486 2462 est
2530 2407 2851 2477 dogmaticae
2894 2406 3201 2471 brevitatis,
3255 2422 3433 2475 neque
3485 2421 3601 2460 sex-

2020 2498 2200 2553 monis
2228 2498 2529 2553 secundum
2574 2498 2930 2568 Evangelium
2962 2496 3192 2559 concisi,
3223 2497 3319 2551 sed
3347 2497 3600 2567 sceptiae

2021 2588 2416 2659 speculationis
2451 2598 2508 2644 et
2539 2588 2757 2643 artiﬁcii
2786 2587 3201 2658 supervacanei,
3232 2595 3289 2640 et
3324 2586 3603 2656 plerisque

2024 2680 2266 2736 difﬁcilis
2295 2682 2361 2737 ad
2393 2681 2832 2752 intelligendum.
2863 2681 3054 2736 Partes
3084 2681 3230 2736 enim
3262 2679 3469 2735 Christi
3492 2694 3602 2733 non

2023 2773 2285 2839 confusas,
2313 2783 2441 2827 sunt
2472 2774 2734 2829 divinitas
2769 2782 2825 2828 et
2865 2772 3208 2837 humanitas;
3256 2771 3437 2825 anima
3470 2783 3605 2825 vero

2023 2874 2081 2919 et
2118 2879 2321 2934 corpus
2350 2880 2461 2918 non
2496 2874 2624 2919 sunt
2654 2874 2839 2934 partes
2876 2864 3105 2929 Christi,
3137 2862 3231 2918 sed
3261 2870 3446 2932 partes
3476 2876 3604 2932 par-

2027 2955 2134 3021 tis;
2171 2955 2374 3025 quibus
2431 2954 2747 3020 declaratis,
2782 2970 2881 3025 per
2919 2954 3374 3024 signiﬁcationem
3421 2951 3604 3021 perfe-

2025 3055 2167 3100 clam
2200 3044 2559 3099 humanitatis
2597 3046 3242 3114 naturalis,supervacna
3287 3052 3373 3097 est
3412 3040 3603 3096 subdi-

2026 3138 2166 3192 visio
2218 3138 2270 3191 in
2308 3145 2536 3191 naturas
2567 3137 2827 3206 partium,
2882 3136 2986 3190 nisi
3022 3144 3146 3205 post
3202 3133 3608 3189 subdivisiones

2028 3232 2235 3300 quibus
2267 3230 2421 3300 prius
2451 3230 2506 3284 in
2538 3230 2760 3283 homine
2791 3227 3069 3283 communi
3103 3227 3186 3281 usi
3225 3240 3439 3289 sumus,
3474 3224 3603 3278 reli-

2026 3339 2190 3392 quam
2223 3322 2551 3377 divisionem
2579 3321 2752 3375 velint
2779 3320 3077 3385 inducere;
3110 3326 3171 3372 ut
3204 3318 3336 3372 hinc
3363 3332 3475 3371 non
3498 3323 3611 3370 tres

2028 3424 2264 3478 tantum,
2302 3414 2607 3469 secundum
2652 3428 2769 3477 eos,
2822 3412 2917 3467 sed
2967 3412 3132 3466 etiam
3164 3411 3351 3480 plures
3384 3416 3611 3462 naturas

2028 3505 2082 3559 in
2117 3504 2336 3560 Christo
2366 3503 2612 3574 proﬁteri
2638 3510 2889 3574 oporteat
2916 3520 2927 3555 :
2956 3517 3066 3572 quo
3093 3500 3224 3571 quid
3265 3514 3386 3554 esse
3430 3504 3612 3569 potest

2028 3596 2199 3668 magis
2220 3597 2465 3667 joculare
2486 3596 2509 3649 ?

2106 3706 2124 3739 ι
2162 3687 2621 3758 Quandoquidem
2671 3687 2992 3741 universum
3042 3686 3248 3741 bellum
3288 3694 3497 3740 motum
3530 3691 3617 3737 est

2031 3783 2100 3837 de
2128 3783 2291 3837 modo
2322 3782 2544 3837 unionis
2590 3798 2756 3852 quem
2806 3781 3057 3851 plerique
3092 3780 3369 3849 ignorant,
3420 3784 3476 3831 et
3528 3774 3614 3829 id-

2032 3874 2180 3929 circo
2223 3874 2483 3929 omnibus
2527 3873 2584 3927 in
2639 3872 2869 3927 dubium
2920 3871 3112 3935 venit;
3173 3869 3240 3923 de
3273 3868 3376 3923 hac
3412 3866 3616 3920 unione

2033 3966 2410 4037 philosophari
2440 3973 2676 4035 oportet,
2728 3972 2788 4017 ut
2829 3963 2972 4018 scire
3002 3961 3295 4033 possimus,
3338 3968 3524 4013 utrum
3547 3955 3617 4010 de

2034 4056 2141 4111 hoc
2174 4055 2294 4125 ipso
2326 4053 2748 4118 dissentiamus;
2786 4067 2855 4106 an
2888 4066 3023 4106 vero
3044 4049 3207 4103 nobis
3245 4046 3313 4100 de
3354 4045 3460 4100 hoc
3484 4057 3619 4097 con—

2036 4147 2408 4203 sentientibus
2463 4144 2696 4216 qumstio
2742 4144 2835 4209 sit,
2890 4142 3023 4213 quid
3076 4141 3278 4196 eﬁiciat
3324 4138 3496 4202 unio;
3562 4143 3619 4189 et

2037 4249 2223 4294 utrum
2255 4238 2323 4294 de
2364 4238 2533 4293 rebus
2568 4237 2703 4306 ipsis
2736 4236 2809 4291 sit
2841 4233 3240 4295 controversia,
3269 4246 3338 4285 an
3364 4230 3433 4284 de
3462 4228 3618 4283 voci-

2038 4333 2143 4387 bus
2177 4347 2267 4388 res
2300 4332 2447 4402 ipsas
2487 4329 2944 4401 signiﬁcantibus.
2984 4326 3076 4383 Sic
3114 4325 3261 4381 enim
3310 4321 3617 4392 qumstione

2040 4427 2303 4482 distincte
2334 4426 2543 4490 habita,
2601 4432 2652 4479 el
2702 4423 2937 4479 veritate
2988 4434 3175 4475 rerum
3221 4426 3466 4481 ostensa,
3519 4414 3617 4484 qui

2042 4518 2299 4588 imperite
2329 4524 2425 4571 aut
2462 4515 2627 4585 impie
2656 4512 3007 4575 contradicit,
3044 4509 3287 4581 pateﬁet,
3322 4507 3408 4561 vel
3443 4505 3619 4561 corri-

356 4604 751 4674 ἀναφανείσης.
780 4607 808 4659 ό
829 4605 1060 4675 ἀμαθῶς
1089 4604 1122 4677 ἢ
1153 4605 1367 4670 ἀσεϐῶς
1397 4606 1694 4675 ἀντιλέγων
1718 4607 1927 4677 δειχθή-

2042 4607 2275 4679 gelidus,
2308 4606 2415 4660 .vel
2473 4605 2528 4659 in
2572 4603 2783 4675 judicio
2818 4599 3240 4671 vituperandus.
3276 4617 3294 4650 ι
3350 4595 3623 4653 Unionem

358 4696 589 4768 σεται,ἢ
612 4697 1189 4770 διορθωθησόμεν.ος,ἢ
1220 4700 1276 4753 ὲν
1303 4698 1428 4769 δίκῃ
1456 4699 1937 4771 μεμφοησόμενος.

360 4791 475 4862 Τὴν
508 4791 702 4845 ἕνωσιν
745 4792 845 4858 τῆς
876 4791 1131 4863 θεότητος
1169 4791 1305 4862 πρὸς
1334 4791 1434 4863 τὴν
1468 4793 1864 4863 ἀνθρωπότητα
1892 4795 1942 4846 οἱ

365 4883 467 4955 μὲν
511 4886 631 4937 κατ’
662 4884 852 4939 οὐσίαν
880 4926 894 4949 ,
928 4886 978 4937 οἱ
1023 4884 1081 4937 δὲ
1114 4885 1233 4937 κατ’
1274 4884 1590 4956 ἐνέργειαν,
1628 4886 1677 4938 οἱ
1710 4885 1767 4939 δὲ
1801 4887 1944 4940 κατά

361 4973 594 5043 γνώμην
623 4972 958 5043 γεγενῆσθαι
982 4975 1354 5045 ἀπεφήναντο.
1398 4975 1520 5028 Εἰσὶ
1558 4976 1616 5028 δὲ
1655 4977 1704 5029 οἳ
1738 4977 1832 5031 καὶ
1857 4977 1946 5029 εὑ-

362 5066 590 5120 λάϐειαν
635 5067 949 5138 περιττὴνῆ
982 5066 1197 5136 ἔχοντες
1241 5067 1274 5139 ἦ
1307 5067 1749 5139 ὑποκρινόμενοι,
1820 5068 1948 5137 μηδι

365 5161 543 5233 ετέρῳ
574 5161 681 5213 τῶν
708 5162 1014 5231 εἰρημένων
1048 5160 1396 5233 προσέθεντο,
1430 5160 1671 5233 ἄρρητον
1695 5160 1751 5213 δὲ
1778 5161 1947 5231 αὐτὴν

368 5254 464 5307 καὶ
524 5251 970 5321 ἀκατονόμαστον
1031 5254 1360 5323 γεγενῆσθαι
1414 5254 1785 5323 ἀπεφήναντο,
1839 5254 1947 5306 εἴτε

369 5343 513 5398 οὕτω
537 5344 775 5414 ἔχοντες,
799 5346 908 5398 εἴτε
938 5344 1023 5409 οὒ,
1042 5345 1167 5408 τοὺς
1191 5345 1446 5415 ἐλέγχους
1470 5344 1815 5417 ὑφορώμενοι
1849 5350 1949 5418 τῆς

371 5437 652 5503 ἀσεϐείας.
670 5438 1030 5509 Ἑωράκαμεν
1048 5438 1156 5509 γὰρ
1185 5440 1280 5491 κα)⁸
1299 5438 1393 5490 νῦν
1415 5456 1589 5501 τινας,
1612 5439 1661 5492 οἳ
1683 5440 1825 5494 πάνυ
1858 5443 1953 5511 ρη-

372 5530 472 5599 τήν
501 5547 562 5582 τε
599 5531 694 5584 καὶ
722 5530 1121 5599 πεπατημένην
1150 5529 1248 5599 τὴν
1285 5530 1540 5601 περὶτῆς
1572 5529 1816 5595 ένὼσεως
1871 5532 1953 5585 ἔν-

374 5637 526 5674 νοιαν
557 5621 797 5690 ἔχοντες,
818 5620 1055 5691 ἄρρητον
1082 5621 1253 5690 αὐτὴν
1270 5619 1578 5688 έλεγον,ἱ’να
1605 5621 1681 5694 μὴ
1709 5623 1867 5692 μόνον
1879 5622 1955 5692 τῷ

377 5714 607 5785 ἐναντίῳ
634 5715 696 5769 τὸ
719 5714 961 5769 ἐναντίον
998 5712 1487 5768 κατασκευάσωσιν
1509 5752 1524 5776 ,
1552 5714 1833 5767 τουτέστιν
1878 5715 1956 5784 τῷ

377 5805 606 5877 ἀρρήτῳ
633 5807 694 5859 τὸ
726 5805 890 5877 ρητδν
911 5847 924 5869 ,
959 5804 1093 5859 ἀλλά
1122 5806 1219 5858 καὶ
1248 5805 1373 5868 τοὺς
1402 5804 1662 5876 ἐλέγχους
1691 5805 1956 5862 ἐκκλίνιιισ⁸

380 5913 485 5951 σιν.
513 5896 723 5967 Ὥσπερ
752 5895 942 5966 ἀμέλει
998 5896 1089 5948 καὶ
1134 5895 1332 5965 ἕτεροι,
1359 5893 1449 5947 ἐπὶ
1483 5895 1580 5965 τῆς
1628 5895 1828 5967 σαρκὸς
1864 5896 1956 5949 τοῦ

2044 4696 2351 4753 divinitatis
2371 4711 2496 4751 cum
2532 4694 2873 4749 humanitate
2907 4693 2999 4746 alii
3031 4689 3336 4746 secundum
3364 4688 3625 4744 substan-

2047 4792 2177 4845 tiam
2210 4790 2410 4844 factam
2445 4803 2565 4843 esse
2603 4786 2969 4849 ai‘ﬁrmarunt,
3008 4783 3098 4838 alii
3134 4780 3439 4838 secundum
3468 4793 3629 4834 ener-

2044 4883 2211 4958 giam,
2251 4882 2341 4937 alii
2367 4879 2671 4936 secundum
2711 4878 3075 4933 voluntatem.
3111 4875 3251 4929 Sunt
3298 4880 3482 4927 autem
3531 4871 3626 4941 qui

2047 4972 2273 5027 nimiam
2334 4969 2701 5025 reverentiam
2754 4967 2809 5021 in
2869 4965 3043 5021 Deum
3094 4964 3180 5017 vel
3228 4961 3493 5016 habentes
3539 4958 3627 5013 vel

2049 5064 2393 5127 simulantes,
2447 5061 2600 5116 nullo
2635 5075 2703 5115 ex
2748 5059 2838 5113 his
2893 5056 3059 5112 modo
3102 5054 3300 5110 factam
3348 5052 3627 5114 dixerunt,

2050 5158 2146 5213 sed
2184 5156 2520 5212 ineﬂ'abilem
2548 5170 2669 5209 esse
2695 5161 2753 5208 et
2779 5165 2966 5207 carere
2997 5147 3219 5203 nomine
3248 5143 3637 5208 aﬁirmarunt;

2052 5250 2167 5305 sive
2204 5249 2280 5303 ita
2331 5247 2622 5310 haberent,
2671 5244 2785 5300 sive
2836 5256 2968 5306 non,
3018 5238 3338 5293 metuebant
3384 5241 3532 5289 certe
3560 5248 3631 5287 ne

2054 5340 2356 5411 impietatis
2380 5344 2765 5408 arguerentur.
2814 5332 3065 5387 Vidimus
3108 5330 3256 5384 enim
3287 5326 3453 5381 etiam
3483 5339 3633 5379 nunc

2054 5431 2344 5503 quosdam,
2382 5429 2478 5499 qui
2505 5443 2630 5483 cum
2664 5427 2947 5479 notionem
2976 5420 3193 5476 unionis
3222 5417 3377 5471 valde
3411 5430 3635 5485 expres-

2055 5539 2172 5579 sam
2202 5533 2259 5577 et
2291 5522 2473 5576 tritam
2531 5519 2819 5580 haberent,
2859 5516 3120 5586 ἄρρητον,
3158 5510 3213 5565 id
3247 5516 3332 5565 est
3376 5506 3632 5561 ineffabi-

2056 5618 2185 5680 lem,
2225 5629 2345 5669 eam
2378 5611 2647 5665 vocabant
2674 5626 2685 5661 :
2716 5617 2775 5662 ut
2808 5622 2918 5661 non
2950 5606 3127 5661 solum
3173 5600 3452 5657 contrario
3501 5614 3636 5654 con-

2060 5708 2290 5765 trarium
2332 5703 2631 5767 eﬁicerent,
2698 5700 2753 5755 id
2792 5706 2897 5762 est,
2957 5695 3195 5752 dicendo
3227 5708 3347 5749 esse
3382 5688 3639 5747 ineffabi-

2060 5804 2187 5864 lem,
2234 5797 2511 5867 vulgatam
2542 5793 2807 5854 facerent,
2840 5788 2939 5844 sed
2989 5794 3051 5841 ut
3084 5791 3406 5850 argumenta
3439 5780 3642 5855 quibus

2063 5872 2546 5959 rddarguerenlnr,
2581 5883 2907 5953 eﬁ‘ngercnt.
2940 5878 3093 5935 Sicut
3123 5876 3215 5931 alii
3249 5889 3402 5937 sane,
3440 5882 3493 5927 ut
3523 5887 3645 5927 car—
