4120 6486
429 466 575 539 1299

1699 469 2017 532 LEONTII
2056 473 2465 535 BYZANTINI

3563 467 3705 535 1300

428 603 555 641 nem
582 582 793 640 Domini
823 582 995 653 magis
1020 581 1142 637 ﬁcte
1174 596 1459 653 apparere,
1493 598 1660 653 quam
1700 586 1756 640 in
1795 600 1861 639 ea
1884 601 2014 639 con-

2141 588 2329 658 {upiou
2363 590 2461 657 τὴν
2489 589 2795 659 φαντασίαν
2826 590 3156 663 κρατύνειν,
3209 590 3243 663 ἢ
3277 587 3378 662 τὴν
3432 587 3704 659 σύγχυσιν

432 679 700 734 fusionem
748 676 944 731 factam
991 690 1112 730 esse
1143 675 1437 732 defendere
1466 677 1779 741 studerent,
1833 678 2016 731 incar-

432 777 620 823 natum
674 782 794 822 esse
842 775 903 820 ut
947 766 1143 831 voluit,
1196 775 1250 821 et
1297 775 1356 820 ut
1398 767 1514 837 ipse
1547 767 1723 831 novit,
1766 766 2012 823 aiebant.

432 860 552 915 Non
586 860 731 914 enim
770 868 829 912 ut
857 860 974 913 haec
999 859 1253 929 probent,
1283 860 1350 913 ad
1393 862 1761 914 reverentiam
1818 876 2017 915 revera

436 965 467 1001 ιι
504 950 809 1002 reverentia
841 950 1072 1002 alienam
1106 966 1163 1003 se
1203 950 1512 1013 conferunt,
1566 951 1772 1020 alioqui
1814 954 2018 1007 veritas

437 1038 540 1091 hos
561 1036 627 1091 ad
662 1038 849 1092 lumen
881 1054 1043 1092 suum
1076 1039 1375 1094 adduceret
1400 1058 1413 1101 ;
1446 1040 1541 1094 sed
1571 1050 1632 1094 ut
1662 1041 1892 1096 licenter
1917 1042 2021 1095 im-

439 1130 643 1198 pietate
674 1129 995 1193 abutantur,
1032 1131 1098 1184 ad
1153 1131 1382 1186 honesta
1436 1133 1694 1198 nomina,
1756 1143 2018 1203 tanquam

440 1218 513 1272 ad
544 1220 1016 1290 propugnaculum
1069 1221 1340 1290 quoddam
1388 1222 1629 1276 validum
1682 1232 1737 1277 et
1792 1224 2022 1293 inexpu—

439 1310 657 1380 gnabile
681 1311 1023 1382 confugiunt.
1046 1312 1184 1367 Vere
1217 1315 1363 1368 enim
1392 1330 1569 1384 neque
1600 1314 1707 1370 dici
1740 1316 2021 1371 nccintel-

439 1401 534 1472 Iigi
563 1410 743 1471 potest
776 1403 906 1456 unio
939 1404 1240 1457 secundum
1272 1405 1658 1470 substantiam,
1692 1417 1747 1460 et
1769 1408 2025 1461 substan-

441 1495 610 1561 tialis,
657 1504 713 1549 et
754 1496 809 1549 in
858 1498 1157 1568 hypostasi.
1196 1497 1481 1564 Quomodo
1515 1500 1661 1554 enim
1692 1515 1811 1570 qua:
1847 1509 2027 1555 tanto»

442 1601 579 1657 pere
619 1588 926 1643 secundum
974 1600 1226 1645 naturam
1270 1590 1556 1656 differunt,
1596 1602 1651 1646 et
1702 1603 1809 1647 tam
1865 1594 2025 1663 longe

444 1677 671 1743 distant,
719 1680 864 1734 inter
894 1697 952 1735 se
981 1680 1253 1747 coierunt,
1308 1692 1363 1737 et
1390 1685 1543 1739 unita
1582 1673 1692 1739 non
1732 1696 1859 1740 sunt
1892 1701 2027 1740 eou-

446 1768 566 1823 fusa
615 1769 724 1839 (24)
752 1788 766 1836 ;
796 1771 893 1825 sed
922 1771 1107 1841 potius
1141 1788 1312 1827 unum
1349 1782 1454 1838 est,
1484 1784 1540 1829 et
1564 1774 1675 1830 duo
1703 1786 2030 1840 noscuntur,

445 1866 509 1912 et
553 1873 657 1913 nec
708 1860 920 1915 unitate
977 1877 1227 1930 persona:
1268 1865 1555 1918 commista
1624 1874 1792 1920 sunt:
1850 1882 2031 1935 neque

2124 680 2541 746 σπουδάζοντες,
2565 682 2873 754 ἐσαρκώθη,
2895 681 3172 753 φασὶν,ὠς
3192 682 3478 753 ἠθέλησεν,
3509 680 3604 735 καὶ
3628 680 3709 744 ὡς

2126 770 2287 839 μόνος
2308 767 2449 824 οἶδεν
2477 772 2663 836 αὑτός.
2690 774 2764 825 Οὑ
2792 776 2899 845 γὰρ
2930 775 3020 827 ἵνα
3050 774 3227 828 ταῦτα
3253 774 3706 845 παραστήσωσιν,

2124 861 2218 911 ἐπὶ
2265 860 2362 931 τὴν
2393 862 2562 926 ὅντως
2593 864 2865 936 ἀνευλαϐἧ
2898 864 3170 936 χωροῦσιν
3194 863 3503 919 εὐλάϐειαν·
3538 864 3705 935 ῆγάρ

2127 954 2193 1007 ἂν
2226 955 2363 1025 πρὸς
2397 957 2457 1009 τὸ
2487 958 2686 1027 ἑαυτῆς
2709 954 2815 1027 ἦγε
2850 960 2963 1029 φῶς
2990 960 3275 1030 τοὺτουςή
3306 956 3559 1028 ἀλήθεια,
3588 956 3711 1010 ἀλλ’

2127 1048 2213 1099 ἵνα
2237 1050 2359 1101 κατ’
2396 1049 2647 1115 ἐξουσίαν
2689 1051 3100 1122 ἀποκέχρηνται
3148 1052 3216 1123 τῇ
3258 1049 3487 1121 ἀσεϐείᾳ
3516 1049 3609 1102 ἐπὶ
3640 1050 3716 1102 τά

2130 1140 2305 1207 σεμνά
2360 1140 2470 1193 τῶν
2525 1140 2824 1210 ὀνομάτων,
2866 1144 2942 1204 ὼς
2993 1142 3071 1204 είς
3103 1158 3155 1193 τι
3199 1140 3467 1211 κρατερόν
3514 1156 3573 1191 τε
3615 1139 3713 1190 καὶ

2128 1232 2405 1285 ἀνάλωτον
2454 1233 2718 1305 φρούριον
2766 1234 3229 1303 καταφεύγουσιν.
3289 1234 3562 1305 ’Δῤῥητος
3600 1230 3713 1301 γὰρ

2130 1322 2300 1386 ὅντως
2333 1324 2481 1377 ἐστὶν
2548 1325 2646 1377 καὶ
2685 1324 3005 1396 ἀνεννόητος
3044 1325 3178 1396 μόνη
3208 1327 3242 1394 ἡ
3270 1326 3389 1377 κατ’
3416 1324 3606 1376 οὐσίαν
3649 1338 3715 1374 τε

2132 1417 2223 1468 καὶ
2256 1414 2520 1484 οὑσιὼδης
2564 1416 2657 1469 καὶ
2701 1417 3069 1477 ὲνυπόστατος
3103 1417 3318 1479 ἓνωσις.
3350 1415 3476 1477 Πῶς
3511 1415 3618 1483 γὰρ
3640 1413 3715 1466 τὰ

2133 1506 2385 1562 τοσοῦτον
2417 1508 2560 1561 κατά
2587 1508 2685 1579 τὴν
2709 1508 2870 1577 φύσιν
2896 1507 3362 1578 παρηλλαγμένα,
3385 1508 3484 1560 καὶ
3510 1505 3713 1578 μακρῷ

2132 1600 2468 1673 διῳκισμένα
2510 1601 2762 1671 ἀλλήλοις
2820 1618 2879 1653 τε
2913 1601 3136 1673 συνέϐη,
3184 1602 3280 1655 καὶ
3337 1598 3610 1671 κραθέντα
3647 1598 3717 1652 οὑ

2136 1691 2503 1760 συγκέχυται;
2546 1690 2681 1743 ἀλλά
2716 1692 2809 1744 καὶ
2836 1691 2980 1745 ἔστιν
3006 1693 3085 1756 ἒν,
3116 1694 3210 1747 καὶ
3234 1691 3567 1763 γνωρίζεται
3596 1690 3713 1758 δύο,

2139 1784 2229 1835 καὶ
2263 1781 2385 1835 οὔτε
2410 1782 2486 1853 τῷ
2515 1783 2789 1852 μοναδικῷ
2823 1783 2915 1836 τοῦ
2946 1784 3241 1856 προσώπου
3282 1784 3669 1854 συμπέφυρται
3695 1825 3715 1851 ,

2139 1870 2259 1923 οὔτε
2305 1869 2393 1922 διὰ
2426 1871 2524 1932 τὰς
2557 1870 2827 1942 ἰδιότητας
2864 1871 2972 1925 τῶν
3015 1874 3339 1941 φύσεων-είς
3386 1874 3718 1937 ὑποστάσεις

446 1960 671 2021 propter
703 1954 1066 2023 pr0prietates
1093 1963 1413 2011 naturarum
1468 1958 1523 2011 in
1574 1958 1896 2028 liypostases
1944 1959 2031 2013 di-

2141 1963 2438 2035 μερίζεται.
2461 1962 2647 2017 Ταῦτα
2674 1964 2853 2028 πίστις
2872 1970 3041 2036 χωρεῖ
3067 1969 3226 2038 μόνη,
3249 1969 3341 2021 καὶ
3366 1968 3521 2036 λόγος
3551 1967 3715 2032 θεῖος,

444 2042 562 2097 visa
600 2054 749 2098 sunt.
791 2043 916 2100 Haec
950 2046 1063 2100 sola
1095 2045 1229 2101 ﬁdes
1257 2047 1425 2116 capit,
1484 2056 1539 2102 et
1592 2048 1830 2102 Verbum
1887 2049 2030 2102 divi-

446 2146 603 2197 num,
650 2134 795 2203 quod
823 2150 929 2188 non
984 2136 1437 2205 pronuntiatione
1477 2138 1647 2201 vocis,
1689 2139 1785 2193 sed
1831 2140 2033 2193 illumi-

448 2226 671 2281 natione
730 2226 1108 2296 intelligentiae
1171 2230 1286 2283 haec
1326 2229 1615 2297 declarat;
1668 2239 1723 2286 et
1782 2248 1877 2286 eos
1938 2233 2031 2302 qui

447 2317 597 2386 digni
669 2327 837 2381 sunt,
902 2320 1154 2375 doctrina
1208 2336 1319 2375 non
1380 2331 1653 2387 sonante,
1714 2323 1808 2378 sed
1872 2324 2042 2379 tacita

447 2408 653 2463 erudit.

518 2499 595 2553 De
625 2500 706 2555 eis
741 2501 908 2572 igitur
949 2504 1044 2572 qui
1091 2519 1156 2558 ex
1200 2506 1508 2560 reverentia
1541 2515 1827 2577 regrolant,
1860 2507 2037 2562 donec

449 2589 581 2660 quid
607 2591 688 2645 eis
710 2594 1050 2661 propositum
1080 2595 1171 2659 sit,
1204 2610 1312 2649 non
1343 2607 1426 2650 est
1450 2596 1822 2662 manifestum,
1855 2614 2035 2668 neque

449 2681 682 2736 verbum
721 2681 1032 2737 faciendum
1053 2694 1136 2739 est
1162 2702 1176 2751 ;
1207 2686 1301 2755 qui
1327 2702 1459 2741 vero
1492 2704 1672 2757 neque
1694 2704 1761 2743 ex
1804 2690 2033 2754 lumine,

450 2771 501 2827 si
527 2772 581 2826 id
615 2774 762 2828 nacti
798 2784 946 2839 sunt,
986 2775 1242 2830 ﬁduciam
1274 2778 1519 2847 capiunt,
1572 2795 1677 2834 nec
1730 2781 1875 2850 quod
1919 2779 2037 2834 ani-

453 2876 571 2915 mas
608 2864 850 2918 tenebris
876 2865 1237 2921 circumfusas
1267 2867 1504 2922 habeant
1530 2908 1544 2931 ,
1577 2870 1803 2924 moleste
1830 2870 2036 2935 ferunt,

455 2962 713 3025 tanquam
764 2957 1099 3013 insanabiles
1143 2975 1173 3013 a
1226 2961 1386 3015 nobis
1409 2961 1729 3031 reﬁciantur
1762 2982 1773 3013 :
1813 2963 1879 3016 (le
1915 2963 2041 3018 aliis

452 3058 587 3098 vero
634 3044 713 3099 s'rc
759 3045 1113 3103 disseremus.
1152 3049 1257 3115 Qui
1305 3051 1565 3105 unionem
1595 3068 1703 3104 non
1735 3053 2037 3107 secundum

454 3138 841 3203 substantiam,
873 3140 968 3194 sed
995 3142 1299 3196 secundum
1334 3147 1711 3213 operationem
1747 3156 1841 3200 aut
1866 3146 2037 3201 bene—

455 3230 741 3300 placitum,
775 3240 870 3285 aut
898 3232 1058 3287 aliam
1096 3232 1390 3302 quamdam
1415 3234 1731 3305 huiusmodi
1762 3236 2039 3292 habitudi~

457 3338 582 3377 nem
631 3322 826 3379 factam
878 3340 1000 3379 esse
1054 3325 1323 3391 tradunt;
1363 3326 1432 3380 ad
1477 3328 1766 3383 veritatem
1815 3329 2041 3399 quidem

456 3416 612 3470 nullo
656 3415 820 3471 modo
865 3417 1110 3485 proxime
1145 3417 1452 3484 accedunt;
1500 3420 1848 3474 mendacium
1883 3437 2045 3487 vero,

458 3505 605 3574 quod
631 3507 919 3579 multiplex
946 3516 1051 3573 est,
1085 3509 1275 3577 partiti
1306 3518 1457 3575 sunt,
1486 3510 1614 3564 aliis
1642 3511 1805 3565 aliam
1830 3521 2043 3581 partem

458 3597 580 3667 ejus
609 3597 996 3661 avellentibus,
1026 3608 1082 3653 et
1123 3598 1177 3653 in
1207 3615 1370 3653 unam
1402 3600 1809 3656 aberrationem
1837 3617 1867 3655 a
1896 3604 2045 3656 veri-

458 3697 594 3755 tate,
638 3690 780 3744 inter
815 3705 873 3743 se
904 3689 1233 3744 conciliatis.
1268 3690 1458 3756 Qualis
1506 3691 1654 3747 enim
1697 3700 1878 3762 potest
1920 3708 2044 3747 esse

460 3781 580 3839 haec
610 3783 761 3846 unio,
794 3791 851 3836 et
873 3781 1152 3851 quomodo
1183 3782 1347 3853 digna
1379 3785 1606 3839 nomine
1648 3784 1875 3839 unionis
1894 3783 2045 3838 illius

461 3887 630 3941 supra
657 3882 934 3937 naturam,
973 3882 1026 3928 et
1055 3890 1176 3944 quae
1200 3875 1315 3929 sola
1344 3882 1427 3929 est
1472 3882 1597 3945 post
1639 3875 1809 3929 solam
1840 3885 1896 3930 et
1932 3875 2048 3944 pri-

460 3978 628 4028 mam,
654 3980 775 4033 quze
800 3981 909 4018 mm
935 3966 1157 4035 colligat
1188 3980 1297 4030 res,
1322 3974 1378 4019 et
1410 3966 1464 4019 in
1495 3965 1550 4019 id
1580 3966 1757 4035 ipsum
1784 3966 2050 4021 adducit?

458 4052 615 4109 Unde
636 4053 894 4109 admirari
928 4053 1077 4117 licet,
1102 4054 1273 4123 quod,
1292 4070 1415 4109 cum
1442 4055 1757 4124 bujusmodi
1782 4056 2043 4112 unionem

459 4144 550 4201 isti
586 4146 948 4215 proﬁteantur
983 4156 1038 4202 et
1083 4147 1387 4212 celebrent,
1442 4147 1577 4201 illud
1626 4162 1737 4201 non
1787 4148 2047 4204 confusas

458 4254 581 4294 esse
612 4250 860 4306 naturas,
895 4249 952 4295 et
980 4241 1114 4296 illud
1139 4242 1485 4297 immutabile
1506 4258 1698 4297 eorum
1723 4253 2043 4314 opponunt;

459 4348 623 4403 quam
666 4334 814 4389 enim
872 4335 1233 4389 mutationem
1265 4335 1532 4405 suspicari
1562 4336 1685 4407 iure
1725 4346 1953 4406 possunt
1988 4337 2044 4392 in

460 4424 731 4480 divisione
765 4441 973 4489 rerum,
1004 4428 1099 4497 qui
1130 4427 1429 4498 dignitates
1469 4427 1693 4497 quidem
1721 4429 1776 4482 in
1805 4430 2045 4499 dignita-

458 4525 570 4571 tem
604 4517 955 4573 confundunt
983 4520 1112 4590 (non
1145 4521 1293 4574 enim
1326 4521 1626 4592 dignitates
1670 4521 1909 4592 dignitas
1942 4539 2049 4576 un-

2134 2064 2162 2114 ὁ
2192 2062 2266 2131 μὴ
2297 2063 2354 2113 ὲν
2376 2063 2628 2131 προφορᾷ
2655 2061 2877 2125 λέξεως,
2910 2060 3024 2114 ἀλλ’
3054 2062 3111 2113 ὲν
3140 2062 3206 2131 τῇ
3241 2060 3363 2113 κατ’
3385 2060 3596 2114 ἔννοιαν
3624 2059 3719 2111 ἑλ-

2136 2153 2337 2223 λάμψει
2374 2152 2588 2223 τρανῶν
2615 2152 2807 2213 ταῦτα,
2839 2156 2933 2205 κα).
2964 2153 3294 2221 ἀφθέγκτοις
3338 2152 3722 2214 διδασκαλίαις

2140 2244 2519 2315 μυσταγωγῶν
2542 2246 2669 2308 τοὺς
2693 2244 2897 2310 ἀξίους.

2208 2493 2347 2555 Τοὺς
2398 2491 2495 2561 μὲν
2529 2484 2632 2544 οὖν
2660 2507 2724 2542 πε
2736 2490 2787 2558 pi.
2814 2489 3223 2557 τὴνεὺλάὸειαν
3252 2487 3544 2549 νοσοῦντας
3563 2526 3578 2551 ,
3614 2486 3728 2551 ἕως

2138 2585 2286 2637 ἔστιν
2326 2584 2355 2636 ὁ
2390 2582 2589 2643 σκοπὸς
2618 2582 2838 2650 ἄδηλος,
2865 2581 2987 2633 οὐδὲ
3014 2581 3173 2649 λόγου
3208 2580 3497 2644 ἀξιωτέον·
3534 2580 3585 2633 oi
3610 2578 3730 2650 γάρ

2142 2680 2280 2746 μήτε
2326 2674 2388 2728 τὸ
2440 2674 2557 2743 φῶς
2588 2673 3101 2745 παρρησιαζόμενοι
3130 2715 3144 2736 ,
3176 2672 3244 2727 ἂν
3274 2672 3467 2726 τούτου
3504 2672 3724 2741 τύχοιεν

2140 2768 2379 2839 ἔχοντες,
2408 2768 2545 2837 μήτε
2592 2766 2769 2837 σκότῳ
2795 2765 3255 2835 συγκαλυφθῆναι
3285 2764 3466 2818 αὑτῶν
3494 2764 3591 2825 τὰς
3613 2763 3731 2831 ψυι

2140 2860 2240 2931 χάς
2266 2857 2713 2929 δυσχεραίνοντες
2737 2897 2751 2920 ,
2780 2857 2855 2920 ὡς
2894 2857 3129 2919 ἀνιάτως
3155 2856 3373 2927 ἔχοντες
3396 2897 3409 2919 ,
3446 2854 3540 2908 καὶ
3584 2852 3725 2922 πρὸς

2138 2952 2299 3022 ἡμῶν
2352 2949 2800 3003 διαπτυέσοωσαν
2834 2965 2848 2976 ο
2904 2948 3035 3019 περὶ
3083 2948 3139 3001 δὲ
3184 2948 3295 3001 τῶν
3339 2946 3534 3009 ἄλλων,
3579 2944 3739 2998 οὑτω-

2139 3043 2535 3113 διαλεξὼμεθα.
2595 3044 2657 3095 Οί
2703 3042 2802 3112 τὴν
2843 3043 3037 3094 ἕνωσιν
3071 3039 3145 3110 μὴ
3186 3039 3309 3093 κατ’
3340 3038 3554 3101 οὐσίαν,
3585 3034 3727 3090 ἀλλὰ

2142 3138 2262 3189 κατ’
2314 3135 2617 3206 ἐνέργειαν,
2658 3133 2693 3204 ἢ
2734 3132 3017 3194 εὐδοκίαν,
3044 3132 3077 3201 ἦ
3107 3131 3272 3200 ἀλλην
3308 3131 3433 3183 τινὰ
3465 3128 3740 3197 τοιαύτηνι

2145 3229 2333 3299 σχέσιν
2354 3226 2804 3295 δογματίσαντες,
2826 3225 2946 3277 κατ’
2975 3224 3134 3277 οὐδὲν
3165 3224 3264 3293 μὲν
3286 3225 3353 3293 τῇ
3377 3221 3610 3293 ἀληθείᾳ
3632 3222 3727 3288 ὲγ-

2144 3321 2398 3392 γίζουσιο
2448 3318 2510 3372 τὸ
2552 3318 2609 3371 δὲ
2643 3318 2838 3388 ψεῦδος
2886 3316 3205 3388 πολυσχιδὲς
3248 3315 3315 3369 ἂν
3371 3314 3726 3386 ἐμερίσαντο,

2142 3415 2324 3477 ἄλλοις
2370 3412 2540 3481 ἄλλην
2582 3412 2707 3464 τινὰ
2759 3412 2955 3481 μοῖραν
2991 3407 3159 3462 αὑτοῦ
3200 3407 3725 3478 παρασπασάμενοι,

2144 3507 2237 3561 καὶ
2270 3508 2349 3569 είς
2376 3504 2436 3558 ἓν
2463 3504 2718 3574 ἀλλήλοις
2756 3502 3005 3565 ἐλθόντες
3039 3504 3106 3572 τῇ
3143 3499 3435 3567 ἀποτεύξει
3458 3503 3560 3571 τῆς
3585 3499 3729 3569 ἀλη-

2144 3580 2489 3662 θείαςζΠοία
2526 3596 2637 3667 γὰρ
2670 3595 2737 3649 ἂν
2766 3596 2853 3666 εἴη
2879 3593 3039 3662 αὕτη,
3072 3592 3168 3647 καὶ
3196 3591 3315 3655 πῶς
3347 3592 3442 3645 τοῦ
3472 3592 3572 3661 τῆς
3602 3590 3734 3644 ἑνώ-

2146 3708 2283 3755 σεως
2314 3689 2441 3754 ἀξία
2469 3689 2755 3758 ὀνόματος,
2792 3687 2890 3757 τῆς
2914 3684 3229 3755 ὑπερφυοῦς
3256 3685 3353 3737 καὶ
3382 3684 3552 3754 μόνης
3587 3683 3734 3753 μετὰ

2143 3783 2243 3853 τὴν
2266 3782 2436 3852 μόνην
2461 3779 2557 3834 καὶ
2582 3777 2828 3851 πρώτην,
2854 3778 2893 3848 ἢ
2912 3777 2987 3847 μὴ
3009 3777 3078 3830 τά
3104 3776 3409 3846 πράγματα
3434 3773 3742 3828 συνδέουσατ

2145 3876 2240 3929 καὶ
2269 3877 2349 3935 είς
2379 3871 2574 3925 ταὺτδν
2603 3871 2816 3940 ἄγουσα
2841 3888 2860 3937 ;
2886 3868 3056 3923 ’Ὀθεν
3085 3868 3183 3921 καὶ
3211 3866 3516 3939 θαυμάζειν
3546 3866 3741 3920 ἔπεισί

2148 3989 2239 4043 μοι
2286 4011 2300 4036 ,
2330 3968 2407 4022 ὅτ’
2440 3969 2506 4021 ἂν
2546 3968 2728 4021 αὑτῶν
2756 3966 2855 4037 τὴν
2882 3964 3141 4035 τοιαύτην
3174 3964 3369 4018 ’ένωσιν
3398 3961 3734 4034 πρεσϐευόν-

2146 4081 2274 4127 των,
2306 4062 2368 4115 re
2408 4060 2717 4132 ἀσύγχυτον
2745 4059 3147 4130 προσρίπτεται
3193 4057 3288 4111 καί
3316 4057 3377 4109 τὸ
3407 4058 3684 4127 ἄτρεπτον
3713 4070 3730 4084 ο

2147 4155 2307 4209 ποίαν
2355 4152 2463 4223 γὰρ
2492 4151 2802 4224 ὑφορᾶσθαι
2847 4149 3057 4222 τροπὴν
3095 4149 3292 4212 αὐτοὺς
3320 4148 3529 4201 δίκαιον
3571 4147 3630 4199 ὲν
3659 4148 3738 4217 τῇ

2146 4246 2409 4315 διαιρέσει
2460 4244 2570 4297 τῶν
2604 4241 2948 4315 πραγμάτων
2972 4282 2986 4307 ,
3021 4241 3121 4304 τάς
3155 4239 3255 4311 μὲν
3294 4239 3449 4305 ἀξίας
3486 4240 3566 4300 είς
3598 4237 3734 4308 μίαν

2146 4334 2303 4403 ἀξίαν
2330 4336 2663 4406 συγχέοντας
2699 4334 2782 4406 (οὑ
2812 4334 2921 4404 γὰρ
2943 4333 2999 4387 αἱ
3027 4332 3172 4397 ἀξίαι
3204 4330 3352 4396 ἀξίαι
3380 4332 3500 4383 ποτ’
3534 4330 3601 4383 ἂν
3633 4329 3733 4397 γέο

2148 4446 2321 4484 νοιντο
2347 4428 2698 4497 ἀσυγχύτως,
2731 4425 2924 4498 ὥσπερ
2951 4425 3072 4480 οὑδὲ
3103 4425 3160 4478 αἱ
3189 4423 3382 4494 φύσεις
3420 4424 3521 4493 μία
3564 4422 3735 4490 φύσις

2148 4518 2479 4593 ἀτρέπτως),
2507 4520 2606 4583 τὰς
2642 4518 2699 4572 δὲ
2744 4516 2933 4579 οὐσίας
2957 4515 3287 4587 χωρίζοντας
3313 4532 3326 4580 ;
3354 4516 3413 4567 οὐ
3438 4515 3547 4585 γὰρ
3584 4530 3734 4583 πρα-

459 4621 623 4676 quam
669 4608 790 4664 ﬁeri
831 4621 1063 4679 possunt
1116 4613 1233 4665 sine
1269 4614 1617 4678 confusione,
1676 4613 1829 4690 sicut
1864 4628 2038 4684 neque

2149 4612 2376 4684 γμάτων
2398 4611 2614 4675 ἓνωσις,
2647 4609 2683 4680 ἢ
2732 4607 2832 4677 τῆς
2859 4607 3021 4675 ἀξίας
3055 4606 3269 4670 ἓνωσις.
3297 4606 3365 4659 Ἤ
3407 4605 3552 4659 οὑτω
3581 4606 3633 4674 γ’
3666 4604 3739 4659 ἂν

460 4708 673 4755 natura:
720 4710 922 4756 natura
952 4704 1069 4758 sine
1118 4704 1470 4776 mutatione),
1531 4706 1870 4761 substantias
1911 4723 2053 4761 vero

462 4795 762 4863 separant?
795 4810 899 4850 nec
917 4796 1063 4849 enim
1091 4796 1221 4850 unio
1254 4812 1439 4851 rerum
1469 4808 1555 4853 est
1585 4798 1717 4852 unio
1741 4798 2049 4870 dignitatis.

462 4885 681 4959 Alioqui
731 4899 961 4945 cunctos
1012 4890 1107 4959 qui
1165 4890 1409 4944 divinam
1470 4890 1797 4961 dignitatem
1863 4892 2047 4947 sortiti

464 4995 612 5051 sunt,
638 4973 893 5040 iii'iinum
922 4998 1046 5038 cum
1073 4983 1263 5038 divina
1286 4983 1595 5039 substantia
1622 4986 2048 5057 coniungemus,

464 5086 521 5133 et
551 5076 689 5133 duas
742 5085 967 5131 naturas
1017 5090 1138 5132 esse
1198 5075 1255 5130 in
1307 5076 1539 5147 singulis
1573 5077 1782 5132 sanctis
1822 5076 2057 5133 docebi-

463 5184 590 5225 mus
618 5187 633 5223 :
668 5169 948 5241 quantitas
975 5168 1123 5225 enim
1166 5168 1450 5240 dignitatis
1484 5169 1713 5224 omnino
1745 5169 1945 5225 dividit
1984 5184 2054 5224 ea

466 5277 589 5332 quae
631 5261 936 5319 secundum
994 5262 1312 5332 dignitatem
1343 5261 1649 5327 differunt;
1698 5262 1794 5318 sed
1844 5269 2053 5333 quanta

466 5353 657 5418 fuerit,
708 5362 921 5410 tantum
956 5354 1254 5426 coniunget
1289 5364 1554 5409 naturas:
1587 5369 1691 5410 nec
1732 5354 1882 5410 enim
1926 5370 2051 5409 om-

469 5447 602 5501 nino
624 5429 718 5502 eas
741 5447 1041 5518 separabit,
1064 5462 1174 5503 non
1206 5457 1459 5518 separato
1480 5462 1547 5503 eo
1570 5446 1717 5518 quod
1741 5446 2052 5518 coniungit.

2150 4707 2242 4760 καὶ
2263 4705 2474 4766 πάντας
2489 4702 2616 4764 τοὺς
2635 4702 2734 4770 τῆς
2756 4701 2906 4763 θείας
2937 4699 3264 4769 λελογχότας
3292 4697 3469 4763 ἀξίας,
3495 4698 3575 4761 είς
3600 4714 3738 4753 ταυ-

2149 4792 2243 4848 τόν
2280 4792 2504 4861 ἀξωμεν
2532 4792 2598 4860 τῇ
2626 4787 2753 4859 θείᾳ.
2777 4787 2940 4858 οίισίιῖ⁸
2963 4827 2976 4849 ,
3012 4788 3104 4841 καὶ
3136 4786 3229 4839 δύο
3259 4785 3452 4855 φύσεις
3492 4784 3574 4853 ἐφ’
3611 4785 3735 4839 ἑκά·

2153 4904 2281 4941 στου
2314 4883 2425 4938 τῶν
2466 4881 2638 4950 ἀγίων
2688 4879 3111 4950 δογματίσωμεν
3138 4894 3150 4907 ’
3200 4877 3260 4929 τὸ
3289 4877 3399 4947 γὰρ
3441 4874 3609 4930 ποσὸν
3634 4876 3737 4945 τῆς

2151 4977 2331 5042 ἀξίας,
2355 4974 2415 5028 οὐ
2445 4972 2623 5042 πάντη
2650 4970 2875 5042 χωρίζει
2898 4969 2968 5022 τὰ
2997 4968 3138 5024 κατά
3167 4968 3267 5040 τὴν
3291 4968 3450 5033 ἀξίαν
3476 4965 3734 5036 διάφορα,

2154 5068 2271 5123 ἀλλ’
2309 5066 2487 5134 ὁπόση
2521 5062 2588 5117 ἂν
2622 5062 2709 5133 εἴη
2731 5102 2745 5127 ,
2777 5060 2921 5114 κατά
2961 5058 3220 5113 τοσοῦτον
3250 5056 3480 5127 συνάψει
3511 5055 3607 5109 καὶ
3633 5053 3737 5117 τὰς

2154 5161 2382 5232 φύσεις·
2408 5159 2470 5213 οὐ
2496 5157 2606 5227 γὰρ
2633 5155 2699 5226 δὴ
2730 5155 2909 5225 πάντη
2954 5152 3125 5215 αὑτάς
3184 5151 3413 5223 χωρίσει
3461 5147 3558 5203 τοῦ
3608 5164 3737 5202 συν·
3774 5200 3778 5203 .

2151 5256 2439 5315 άπτοντος,
2468 5250 2546 5321 μὴ
2576 5248 2753 5315 πάντη
2778 5244 3210 5316 κεχωρισμένον.
3228 5242 3455 5297 Ὀπόσον
3474 5238 3584 5311 γάρ
3604 5256 3737 5309 μετ-

2152 5344 2475 5420 έχουσι·τῆς
2526 5340 2681 5406 ἀξίας
2707 5383 2722 5409 ,
2759 5340 3007 5412 μετέχειν
3044 5338 3319 5407 ὀφείλουσι
3365 5332 3585 5404 καὶτῆς
3638 5330 3745 5385 τοῦ.

2152 5438 2311 5506 λόγου
2333 5433 2574 5504 φύσεως.

467 5544 746 5611 Quantum
773 5546 920 5600 enim
952 5544 1287 5615 participant
1311 5545 1657 5616 dignitatem,
1684 5552 1901 5599 tantum
1930 5538 2264 5614 participare
2294 5532 2499 5588 debent
2521 5529 2794 5586 rationem
2824 5536 3055 5582 natum.

540 5655 652 5723 (‘2‘)
689 5653 845 5708 Unita
891 5672 995 5708 non
1024 5662 1147 5709 sunt
1197 5655 1437 5724 confusa.
1469 5654 1715 5710 Utuntur
1743 5651 2037 5724 orthodoxi

471 5722 790 5796 scriptores
829 5726 1097 5796 vocabulo
1129 5722 1406 5796 κράσεωςτ,
1438 5742 1527 5796 q._
1548 5726 1603 5778 «Ι.
1639 5725 1897 5796 mistionis
1923 5764 1937 5786 ,
1984 5722 2045 5775 in

473 5792 736 5863 mysterio
778 5792 1181 5850 incarnationis
1238 5792 1603 5863 explicando;
1662 5795 1759 5849 sed
1810 5803 2045 5847 utuntur

476 5861 652 5933 sensu
676 5861 943 5933 bongiet
980 5864 1268 5919 commodo
1297 5861 1324 5927 ,“
1378 5872 1440 5918 ιιι
1501 5864 1729 5933 praecise
1785 5864 2058 5929 unionem,

480 5926 1021 5999 tzgniﬁcet.Photius
1066 5933 1131 5987 dc
1163 5926 1395 6003 Eulogio
1448 5926 1757 6002 patriarcha
1810 5926 2045 5986 Alexan;

2149 5649 2345 5705 dmino:
2378 5645 2658 5715 Κέχρηται
2690 5642 2749 5697 δὲ
2782 5643 2875 5717 καὶ
2904 5644 2970 5711 τῇ
2997 5640 3242 5717 λέξειτῆς
3277 5637 3555 5717 Κράσεως.
3575 5634 3735 5717 ,εὐσε-

2152 5720 2261 5780 ϐὡς
2290 5716 2408 5785 μέν.
2451 5706 2584 5772 Usus
2624 5724 2705 5769 est
2741 5721 2789 5767 et
2814 5706 3035 5768 Craséos
3066 5706 3360 5785 vocabulo}
3390 5706 3616 5785 _sed__pie
3661 5715 3733 5785 te.

2153 5776 2322 5843 διαξιιέ
2352 5803 2407 5841 se
2432 5788 2619 5858 iduon
2650 5800 2931 5858 usurpare
2952 5781 3339 5858 moreamentis
3368 5776 3732 5858 Apollinarii,

2158 5873 2324 5978 ηεσαῖ
2351 5856 2499 5927 impii
2524 5856 2768 5926 Eutyr/iis
2792 5894 2806 5919 ,
2842 5854 2931 5907 sed
2969 5860 3025 5907 ut
3050 5853 3260 5924 pietatis
3284 5853 3467 5923 regula
3490 5853 3743 5917 prtzscrk

2160 5930 2253 5978 bit.
2318 5927 2420 5978 'tfn.

2160 5930 2253 5981 bit.
2286 5930 2420 5982 thn.
