4120 6440
428 389 560 457 1301
648 406 649 409 ‘

1487 394 1784 456 CONTRA
1816 392 2134 454 NESTOR.
2176 394 2272 454 ET
2311 394 2630 458 EUTYCII.

3541 398 3680 468 1302

494 506 560 558 Εί
591 504 648 557 δέ
682 521 789 558 τινι
830 504 1001 576 ἐτέρῳ
1036 504 1143 559 τῶν
1178 505 1235 579 ἐν
1268 506 1332 576 τῇ
1372 505 1563 577 Τριάδι
1608 505 1843 575 συνάψαι
1878 504 1992 577 βοός

2180 503 2235 558 Si
2267 516 2449 560 autem
2482 523 2608 562 cum
2642 508 2812 563 altera
2865 524 3098 580 persona
3153 518 3355 565 sancta:
3400 510 3686 565 Trinitatis

425 600 629 660 λονται,
672 597 797 660 τοὺς
841 598 993 668 παρά
1022 599 1113 652 τὸν
1149 599 1384 669 Χριστὸν
1417 599 1639 663 λοιποὺς
1664 600 1874 668 ἁγίους,
1904 600 2002 670 τῆς

425 688 488 741 ἐν
507 688 735 759 ἀσεϐείᾳ
760 690 938 745 αὐτῶν
957 690 1101 744 ἔστω
1119 692 1369 758 ἐξουσίας
1399 709 1413 723 ·
1439 710 1611 763 κεχρη
1622 692 2004 763 ματίκοισιγὰρ

427 780 544 834 θεοί
571 798 630 834 τε
656 782 749 834 καὶ
779 783 884 836 υίοὶ
900 782 1037 837 Θεοῦ
1069 785 1166 838 καὶ
1199 784 1487 855 πνεύματα
1512 787 1664 854 am,
1683 784 1823 839 κατά
1838 786 1919 838 τό’
1942 786 2004 837 '0

426 870 811 941 κολλώμενος
832 872 912 940 τῷ
935 876 1145 943 Κυρίῳ,
1169 875 1240 928 ἓν
1263 877 1501 945 πνεῦμά
1532 877 1723 931 ἐστιν.
1750 876 1873 941 Πῶς
1894 876 2005 929 τοί-

425 980 543 1037 νυν,
565 965 744 1035 πάσης
765 965 866 1036 τῆς
884 964 1109 1037 λογικῆς
1124 968 1218 1021 καὶ
1234 968 1509 1039 μακαρίας
1532 969 1781 1032 κτίσεως,
1797 970 1897 1040 ὅση
1944 985 2007 1024 τε

424 1055 491 1109 ἐν
528 1057 782 1126 ἀγγέλοις
812 1058 907 1112 καί⁵
931 1060 1030 1130 ὅση
1061 1061 1117 1114 ἐν
1147 1059 1475 1132 ἀνθρώποις,
1498 1062 1597 1133 τῆς
1629 1062 1878 1116 θεοποιοῦ
1911 1064 2004 1117 καὶ

425 1149 673 1203 υἱοποιοῦ
691 1150 782 1204 τοῦ
811 1152 953 1206 Πνεύ
962 1170 1131 1224 ματος
1146 1155 1370 1226 χάριτος
1389 1155 1797 1225 πληρωθείσης,
1822 1155 2003 1226 μόνοις

424 1240 455 1293 ό
475 1240 540 1292 ἐκ
556 1240 838 1309 Παρθένου
867 1242 1127 1313 πεφηνὼς
1144 1242 1277 1307 Θεός
1299 1261 1357 1296 τε
1380 1243 1582 1315 ἐκλήθη
1598 1248 1691 1299 καὶ
1718 1246 1842 1309 Υἱὸς
1867 1245 2002 1299 Θεοῦ

424 1331 485 1384 ὲν
523 1332 603 1403 τῷ
649 1332 827 1405 λόγῳ,
863 1335 957 1388 καὶ
1004 1336 1149 1391 κατὰ
1172 1335 1259 1390 τὸν
1292 1334 1447 1404 λόγον
1469 1376 1483 1400 ,
1515 1338 1901 1408 προσκυνεῖταί
1943 1355 2002 1391 τε

425 1425 579 1493 παρά
599 1425 782 1497 πάσης
802 1426 1031 1497 λογικῆς
1055 1427 1272 1497 φύσεως
1296 1444 1311 1492 ;
1345 1428 1493 1483 Ἔδει
1519 1430 1627 1502 γὰρ
1653 1431 1782 1494 τοὺς
1811 1430 2003 1495 ἀθέους

422 1514 649 1583 εἰδέναι,
687 1517 769 1572 ὅτι
804 1519 851 1571 εί
886 1519 981 1573 καὶ
1010 1519 1069 1572 τὸ
1098 1518 1378 1591 ἐξαίρετον
1411 1520 1513 1591 τῆς
1547 1521 1799 1594 ποικίλης
1827 1523 2003 1578 διανο-

427 1606 540 1677 μῆς
562 1647 577 1671 ,
613 1608 876 1678 πρόσεστι
904 1612 1019 1672 τοῖς
1053 1610 1387 1685 ὑπερτέροιςμ
1425 1612 1577 1682 παρά
1603 1613 1729 1677 τοὺς
1771 1614 2001 1685 ὑφειμέ,

423 1716 571 1761 νους.
596 1699 733 1754 ἀλλὰ
750 1701 927 1754 κοινὸν
947 1701 1007 1755 τὸ
1033 1702 1277 1770 ἐφάπασι
1306 1704 1407 1774 τῆς
1428 1704 1711 1775 ἐνεργείας
1735 1706 2000 1777 χάρισμα,

422 1788 520 1842 καὶ
566 1790 663 1860 τῆς
704 1791 861 1857 ἀξίας
892 1791 1159 1863 δώρημα·
1206 1795 1365 1865 καὶῆ
1417 1796 1677 1861 κάκείνας
1714 1797 1856 1867 μετά
1900 1799 1998 1853 τοῦ

390 1950 391 1953 η
419 1878 558 1933 Θεοῦ
593 1880 791 1949 Λόγου,
823 1881 857 1951 ἢ
885 1877 946 1934 οὗ
977 1899 1040 1951 γε
1075 1882 1353 1953 βοῦλονται
1394 1885 1513 1949 ἐνὸς
1542 1886 1651 1940 τῶν
1681 1889 1739 1941 ἐν
1767 1890 1832 1959 τῇ
1868 1888 1999 1962 ἁγία

419 1968 611 2039 Τριάδι
670 1969 1083 2042 θεωρουμένων,
1130 1972 1163 2043 ἢ
1221 1974 1317 2027 καὶ
1362 1974 1490 2046 ὅλης
1537 1976 1637 2045 τῆς
1687 1977 1989 2050 σεϐασμίου

419 2060 654 2131 Τριάδος
681 2062 761 2124 εἰς
792 2062 889 2116 δύο
914 2062 1205 2117 συνάπτειν
1236 2063 1449 2135 φύσεις,
1480 2066 1575 2120 καὶ
1604 2066 1697 2119 δύο
1726 2068 1758 2139 ἢ
1792 2070 1997 2142 τρεῖςῆ

418 2152 703 2223 τέσσαρας
757 2155 1089 2219 ὑποστάσεις
1145 2155 1398 2228 διαιρεῖν.
1455 2160 1525 2212 Ἢ
1586 2159 1720 2231 μηδὲ
1792 2161 1997 2216 τούτων

423 2244 565 2313 μετὰ
605 2245 704 2315 τῆς
750 2245 969 2314 φύσεως
1018 2245 1116 2301 τοῦ
1149 2248 1285 2301 Θεοῦ
1326 2249 1501 2317 Λόγου
1554 2252 1868 2317 συνάπτειν,
1904 2252 1998 2306 καὶ

418 2336 501 2396 είς
528 2336 626 2390 ἕνα
652 2337 780 2391 Υίδν
811 2338 843 2409 ἢ
874 2339 1201 2403 συντιθέναι,
1232 2339 1262 2410 ἢ
1290 2340 1598 2412 ὁμωνύμως
1630 2342 1794 2397 αὑτὸν
1824 2346 1999 2397 ποιεῖν

420 2429 559 2499 πρὸς
602 2430 697 2483 τὸν
748 2432 1106 2503 πρωτότυπον
1160 2432 1308 2497 Υἱὸν,
1365 2435 1461 2487 καὶ
1510 2434 1588 2505 μὴ
1633 2436 1850 2507 φρονεῖν
1899 2438 1998 2506 μὲν

418 2520 579 2587 ἄλλα,
614 2520 951 2590 φθέγγεσθαι
974 2524 1031 2577 δὲ
1056 2524 1244 2596 ἕτερα.
1273 2526 1420 2589 Μιᾶς
1452 2526 1558 2600 γὰρ
1586 2526 1753 2598 οὔσης
1780 2527 1882 2597 τῆς
1907 2544 2001 2597 φυ-

421 2612 581 2682 σικῆς
631 2614 903 2683 υίότητος,
952 2613 1011 2681 ἐξ
1042 2612 1110 2689 ἦς
1142 2616 1285 2671 κατὰ
1319 2620 1559 2689 μετοχὴν
1600 2622 1752 2674 πᾶσα
1789 2620 1996 2691 υίότης,

419 2705 638 2777 ἀνάγκη
669 2707 760 2760 τὸν
783 2710 1292 2780 ἀποσχεδιασθέντα
1317 2712 1501 2776 αὐτοῖς
1529 2713 1814 2785 ἄνθρωπον
1843 2714 1876 2786 ἢ
1900 2715 1999 2785 τῆς

421 2803 657 2871 φυσικῆς
684 2802 935 2873 μετέχειν
966 2804 1233 2877 υίότητος,
1257 2805 1290 2876 ἢ
1317 2806 1415 2877 τῆς
1440 2807 1505 2858 ἐκ
1531 2806 1753 2879 χάριτος
1777 2807 1999 2879 γινομέο

419 2908 550 2963 νης·
585 2894 680 2947 καὶ
712 2894 745 2965 ἢ
778 2895 916 2967 πρὸς
937 2896 1029 2950 τὸν
1060 2897 1340 2968 Μονογενῆ
1372 2898 1667 2951 συνάπτειν
1702 2898 1887 2966 αὑτὸν,
1923 2899 1998 2964 ὡς

417 2985 515 3055 τῆς
556 2986 804 3050 ἐνὼσεως
825 2988 923 3059 τῆς
957 2989 1077 3042 κατ’
1102 2988 1291 3044 οὐσίαν
1312 2990 1691 3063 ἀντιδιδούσης
1710 2991 1779 3045 τὰ
1803 2994 1871 3063 τῇ
1905 2991 2000 3046 θα-

415 3076 554 3149 τέρᾳ
610 3078 771 3145 φύσει
819 3080 1095 3150 προσόντα
1145 3082 1210 3154 τῇ
1262 3082 1507 3154 θατέρᾳ·
1552 3081 1585 3153 ἢ
1635 3082 1879 3138 εὐσεϐεῖν
1922 3085 1996 3155 μὴ

2105 601 2365 670 copulare
2393 602 2855 672 voluntreliquos
2892 612 3110 658 sanctos
3149 611 3517 672 praeterquam
3555 619 3683 659 cum

2103 689 2347 757 Christo,
2378 692 2451 746 sit
2488 693 2591 747 hoc
2630 694 2937 763 potestatis,
2962 679 3144 763 'quam
3172 692 3380 748 habent
3409 695 3465 748 in
3490 693 3685 762 impie-

2107 793 2255 849 tate;
2282 785 2457 839 vocati
2480 802 2716 855 namque
2745 797 2872 839 sunt
2898 787 3014 849 Dei,
3046 786 3232 841 etiilii
3273 786 3393 849 Dei,
3426 797 3482 842 et
3504 784 3683 855 Spiri~

2106 884 2194 931 tus
2215 876 2428 942 sancti;
2467 877 2611 933 sicut
2635 877 2928 945 Apostolus
2954 876 3052 940 ait,
3119 874 3222 941 Qui
3278 877 3510 930 adfuere:
3549 874 3699 937 Deo...

2104 982 2240 1021 unus
2279 969 2498 1039 spiritus
2558 976 2633 1021 est
2668 968 2707 1020 ⁵.
2787 967 3072 1034 Quomodo
3120 983 3273 1037 ergo,
3331 982 3453 1019 cum
3502 965 3683 1019 omnis

2103 1068 2355 1114 creatura
2385 1060 2668 1115 rationalis
2702 1068 2757 1114 et
2778 1060 2961 1126 beata,
2995 1074 3337 1129 quaecunque
3366 1068 3450 1113 est
3494 1058 3547 1112 in
3580 1072 3681 1112 an-

2103 1142 2262 1221 gelis.
2286 1159 2339 1205 et
2378 1151 2718 1217 hominibus,
2748 1152 2907 1222 plena
2962 1152 3033 1206 sit
3066 1151 3239 1222 gratia
3286 1150 3596 1213 deilicante,
3628 1159 3685 1203 et

2104 1242 2396 1312 adoptante
2429 1243 2668 1313 Spiritus
2700 1245 2896 1307 sancti,
2946 1246 3097 1298 solus
3131 1252 3291 1297 natus
3320 1259 3384 1297 ex
3430 1243 3679 1313 Virgine,

2105 1334 2268 1395 Deus,
2307 1344 2362 1388 et
2390 1335 2561 1389 Filius
2590 1335 2828 1389 hominis
2865 1336 2917 1389 in
2973 1336 3251 1405 Scriptura
3296 1344 3525 1389 vocatus
3560 1342 3705 1397 est;

2102 1434 2159 1481 et
2180 1426 2481 1481 secundum
2509 1426 2846 1496 Scripturam
2871 1428 3132 1481 adoratur
3158 1427 3224 1481 ab
3245 1426 3392 1481 omni
3427 1426 3697 1480 rationali-

2103 1519 2344 1573 natura.?
2371 1517 2666 1589 Oportebat
2696 1535 2933 1589 namque
2966 1520 3165 1589 impios
3187 1520 3352 1583 scire,
3378 1517 3546 1589 quod,
3572 1517 3680 1571 etsi

2102 1610 2379 1680 praecipua
2407 1626 2532 1681 pars
2566 1611 2731 1665 variae
2755 1610 3162 1677 distributionis
3208 1612 3363 1665 inest
3397 1610 3453 1664 in
3487 1607 3685 1663 celsio—

2103 1703 2257 1757 ribus
2290 1704 2623 1774 comparatis
2656 1719 2780 1758 cmn
2829 1703 3224 1767 inferioribus;
3272 1716 3564 1757 commune
3596 1709 3682 1755 ta-

2105 1812 2229 1851 men
2289 1812 2409 1851 essc
2455 1812 2577 1851 cum
2621 1797 2881 1851 omnibus
2930 1797 3201 1851 charisma
3235 1792 3573 1865 operationis
3625 1800 3691 1845 et

2103 1887 2306 1942 donum
2343 1888 2665 1958 dignitatis;
2696 1898 2751 1943 et
2783 1889 2869 1943 vel
2895 1888 3015 1943 illas
3046 1903 3169 1941 cum
3219 1885 3400 1940 Verbo
3432 1884 3551 1947 Dei,
3592 1882 3681 1936 vel

2100 1996 2226 2036 cum
2274 1997 2381 2035 una
2412 1996 2577 2051 quam
2610 1980 2823 2044 volunt,
2857 1996 2923 2035 ex
2958 1979 3211 2050 personis
3253 1984 3455 2032 sanctae
3499 1967 3682 2029 Tiini-

2101 2074 2249 2139 tatis,
2282 2072 2366 2129 vel
2397 2088 2521 2128 eum
2552 2083 2664 2128 tota
2691 2073 3002 2128 veneranda
3039 2072 3309 2126 Trinitate
3343 2071 3679 2140 conjungere

2100 2162 2155 2216 in
2199 2163 2336 2218 duas
2372 2172 2630 2231 naturas;
2666 2174 2719 2219 et
2766 2164 2904 2219 duas
2948 2172 3041 2218 aut
3074 2170 3311 2233 quatuor
3356 2162 3681 2231 hypostases

2100 2253 2366 2309 dividere.
2419 2254 2526 2310 Aut
2576 2256 2622 2310 si
2653 2272 2763 2309 non
2794 2272 2919 2309 cum
2969 2254 3076 2321 his,
3123 2268 3246 2307 cum
3275 2260 3471 2306 natura
3512 2248 3694 2304 Verbi

2100 2344 2197 2399 Dei
2231 2346 2587 2416 conjungere,
2614 2353 2670 2401 et
2701 2345 2787 2400 vel
2816 2345 2869 2398 in
2899 2359 3068 2398 unum
3100 2343 3297 2397 Filium
3322 2354 3677 2409 componere,

2101 2438 2184 2492 vel
2209 2436 2388 2508 ipsum
2427 2454 2597 2493 unum
2632 2437 2809 2492 facere
2849 2436 3180 2506 homonyme
3220 2422 3416 2488 Filium
3456 2446 3680 2502 compa-

2101 2537 2280 2583 ratum
2314 2545 2438 2584 cum
2464 2528 2604 2584 Filio
2635 2527 3000 2599 primogenito
3030 2545 3043 2580 :
3077 2527 3214 2589 haec,
3248 2526 3492 2595 inquam,
3512 2534 3679 2593 opor-

2102 2620 2250 2674 tebat
2300 2620 2495 2690 impios
2543 2621 2677 2675 istos
2719 2620 2879 2685 scire,
2932 2627 2990 2673 et
3038 2634 3147 2672 non
3190 2616 3294 2671 alia
3332 2614 3503 2686 loqui.
3539 2614 3678 2669 Cum

2100 2710 2247 2765 enim
2288 2726 2395 2766 una
2426 2711 2496 2766 sit
2524 2712 2788 2766 naturalis
2820 2708 3088 2766 habitudo
3118 2709 3261 2775 Filii,
3302 2724 3368 2763 ex
3396 2709 3552 2778 cujus
3574 2706 3679 2760 ha-

2101 2799 2369 2856 bitudinis
2406 2802 2825 2872 participatione
2856 2802 3036 2857 omnis
3080 2800 3345 2856 habitudo
3402 2798 3497 2853 ﬁlii
3535 2798 3661 2853 exsi-

2101 2892 2231 2959 stit;
2256 2908 2481 2949 necesse
2528 2905 2613 2949 est
2655 2894 2931 2949 hominem
2960 2910 3122 2964 quem
3165 2894 3270 2964 ipsi
3312 2893 3539 2956 faciunt,
3582 2898 3678 2946 aut

2072 2985 2405 3040 'naturalem
2443 2985 2825 3041 habitudinem
2861 2986 2958 3040 ﬁlii
2988 2986 3338 3057 participare,
3385 2992 3481 3038 aut
3524 2983 3675 3037 illam

2099 3089 2220 3143 qum
2260 3090 2329 3128 ex
2376 3074 2548 3143 gratia
2596 3074 2692 3142 ﬁt;
2751 3083 2805 3129 et
2844 3075 2930 3129 vel
2970 3075 3163 3153 ipsum
3224 3089 3347 3129 cum
3384 3071 3676 3142 Unigenito

416 3169 782 3239 ἀνεχομένους
811 3212 825 3237 ,
879 3173 1190 3242 προφανῶς,
1211 3173 1535 3240 αὑτὸν,τοῖς
1558 3174 1768 3238 λοιποῖς
1800 3192 1991 3230 συντε-

2098 3164 2429 3235 conjungere
2463 3173 2721 3235 tanquam
2756 3165 2959 3219 unione
2982 3163 3284 3220 secundum
3310 3162 3672 3219 substantiam

413 3260 707 3330 ταγμένως
736 3263 1038 3333 ἀφορίζειν.
1065 3265 1126 3318 Οἱ
1157 3264 1216 3318 δὲ
1239 3265 1337 3337 τὴν
1361 3265 1459 3335 μὲν
1481 3265 1735 3319 ἀσέϐειαν
1759 3266 1818 3319 οὐ
1854 3268 1993 3337 παῤ-

418 3353 771 3423 ῥησιάζονται
800 3355 985 3426 (φύσει
1015 3357 1121 3430 γάρ
1146 3358 1294 3412 ἐστιν
1321 3358 1772 3431 ἀπαρρησίαστον
1804 3358 1866 3412 τὸ
1893 3376 1994 3412 κα-

416 3445 559 3515 κὸν),
583 3444 682 3520 τὴν
712 3449 769 3503 δέ
801 3449 1062 3521 ἀλήθειαν
1089 3452 1190 3505 οὐκ
1222 3450 1531 3519 ἀγαπῶσιν,
1552 3451 1674 3506 οὐδὲ
1703 3453 1801 3523 τῆς
1823 3451 1993 3507 δολιο-

416 3535 577 3594 λάλου
608 3539 861 3612 γλώσσης
890 3542 958 3596 τά
987 3542 1240 3615 ἐπίχειρα
1271 3543 1529 3600 δεδίασιν.

485 3804 629 3862 Ἀλλ’
662 3824 809 3861 ουτοι
842 3810 939 3879 μὲν
973 3807 1078 3874 ἔξω
1106 3808 1253 3864 θείου
1284 3808 1450 3881 χοροῦ
1484 3808 1985 3880 ἀπεληλάσθωσαν,

417 3899 557 3968 μετὰ
586 3898 695 3953 τῶν
725 3899 845 3969 τῆς
875 3901 1131 3966 ἀσεϐείας
1171 3901 1423 3973 πατέρων
1453 3900 1748 3974 Νεστορίου
1777 3917 1858 3965 τε,
1895 3899 1988 3953 καὶ

411 3987 526 4041 ὅσοι
576 3987 750 4059 τούτῳ
802 3991 1155 4060 μυσταγωγοί
1194 4007 1254 4044 τε
1301 3991 1395 4044 καὶ
1435 3988 1638 4060 μύσται
1671 3990 1982 4059 γεγόνασιν.

410 4076 527 4147 Τῆς
564 4078 621 4131 δέ
656 4081 776 4132 κατ’
816 4078 1006 4133 οὐσίαν
1043 4081 1307 4144 ἐνώσεωςν
1331 4079 1735 4152 μεγαλοφὼνως
1780 4098 1985 4151 κηρυτ-

407 4170 587 4225 τέσθω
620 4173 652 4242 ἡ
691 4172 952 4243 ἀλήθεια,
1014 4172 1108 4226 καὶ
1146 4175 1276 4244 περὶ
1314 4174 1519 4245 ταύτης
1554 4173 1943 4244 φιλοσοφητέον
1967 4211 1981 4236 ,

408 4263 592 4328 καθὼς
641 4268 777 4339 αὐτῇ
826 4266 994 4321 δοκεῖ.
1032 4268 1291 4331 Κίνδυνος
1316 4268 1424 4339 γάρ
1469 4268 1530 4321 οὐ
1579 4266 1771 4337 μικρὸς
1802 4283 1978 4335 παρα-

405 4358 717 4429 τραπέντας
748 4360 939 4432 αὐτῆς,
966 4361 1045 4424 είς
1068 4360 1128 4413 τὸ
1151 4361 1395 4415 ἐναντίον
1414 4361 1532 4431 μὲν,
1561 4360 1679 4414 ἴσον
1705 4358 1760 4412 δὲ
1790 4357 1978 4420 κακὸν,

402 4451 507 4523 τὴν
546 4451 812 4523 σύγχυσίν
853 4468 1075 4525 φαμεν,
1110 4453 1397 4524 ἐμπεσεῖν.
1433 4452 1551 4505 Ἵνα
1579 4450 1635 4504 δὲ
1665 4451 1796 4521 ἡμῖν
1839 4449 1979 4516 γνώ-

2101 3256 2362 3310 reddente
2394 3263 2586 3309 mutuo
2610 3256 2764 3311 alteri
2806 3263 3039 3321 naturae,
3091 3272 3212 3325 quae
3239 3253 3397 3309 alteri
3442 3253 3671 3307 insunt:

2098 3355 2192 3401 aut
2218 3348 2341 3417 pios
2371 3362 2491 3401 esse
2522 3362 2631 3402 non
2664 3349 2955 3418 patientes,
2989 3357 3177 3419 aperte
3221 3347 3400 3417 ipsum
3426 3346 3480 3399 in
3519 3360 3658 3399 eum-

2096 3441 2221 3495 dem
2256 3439 2506 3495 ordinem
2538 3455 2663 3495 cum
2706 3440 2829 3495 aliis
2867 3441 3137 3512 redigere.
3188 3440 3255 3495 At
3292 3439 3349 3493 hi
3390 3439 3443 3493 in
3482 3438 3673 3507 impie-

2096 3542 2207 3589 tate
2230 3533 2454 3604 quidem
2482 3548 2591 3588 non
2615 3534 2848 3590 fidenter
2869 3534 3107 3600 audent;
3149 3542 3344 3587 natura
3381 3531 3527 3587 enim
3559 3546 3669 3584 ma.

2093 3626 2207 3680 lum
2226 3624 2585 3680 ditiidentiam
2618 3633 2808 3680 creat:
2834 3626 3125 3681 veritatem
3159 3641 3289 3680 vero
3325 3640 3435 3679 non
3464 3630 3667 3685 amant,

2092 3732 2271 3787 neque
2298 3732 2489 3772 rursus
2509 3716 2732 3788 praemia
2762 3716 2963 3787 linguae
2992 3717 3194 3773 dolosas
3223 3725 3496 3773 metuunt.

2161 3811 2365 3865 Verum
2399 3809 2487 3864 isti
2533 3808 2756 3879 quidem
2802 3810 3169 3866 excludantur
3201 3826 3265 3864 ex
3296 3809 3482 3865 divino
3523 3823 3667 3867 coetu

2090 3918 2214 3959 cum
2243 3901 2565 3973 parentibus
2608 3901 2773 3974 hujus
2803 3902 3102 3974 impietatis
3142 3903 3396 3960 Nestorio
3427 3913 3481 3959 et
3522 3904 3664 3970 aliis,

2088 3994 2401 4064 quicunque
2438 3994 2585 4049 hunc
2624 3993 2955 4059 docuerunt,
3005 4001 3060 4049 et
3103 4011 3243 4065 quos
3294 3996 3409 4066 ipse
3456 3998 3662 4052 docuit.

2087 4085 2321 4141 Unionis
2352 4100 2485 4140 vero
2511 4084 2814 4139 secundum
2845 4086 3208 4141 substantiam
3247 4088 3449 4142 veritas
3471 4104 3666 4159 magna

2086 4192 2221 4233 voce
2268 4176 2636 4247 praedicetur;
2688 4185 2745 4231 et
2794 4176 2861 4231 de
2886 4177 2988 4231 hac
3018 4176 3517 4247 philosophandum
3556 4187 3661 4244 est,

2086 4278 2146 4325 ut
2184 4269 2287 4339 ipsi
2332 4268 2547 4324 veritati
2580 4268 2775 4338 placet.
2821 4269 2941 4323 Non
2970 4268 3115 4323 enim
3162 4268 3282 4323 leve
3333 4269 3661 4338 periculum,

2085 4360 2130 4415 si
2154 4359 2279 4429 quis
2316 4359 2384 4413 ab
2418 4360 2520 4414 hac
2551 4358 2815 4426 deﬂexus,
2851 4368 2908 4414 et
2933 4360 3182 4415 detortus
3223 4360 3279 4414 in
3324 4361 3660 4416 contrarium

2083 4448 2329 4520 quidem,
2386 4449 2608 4519 aequale
2647 4464 2778 4504 vero
2824 4450 3049 4514 malum,
3102 4449 3479 4505 confusionem
3514 4452 3662 4517 dico,

406 4561 570 4617 ριμος
595 4546 629 4616 ἡ
656 4544 897 4616 διαφορά,
914 4545 1162 4616 γένηται,
1190 4547 1292 4617 τῆς
1326 4545 1438 4623 τῶν
1462 4545 1582 4598 κατ’
1616 4544 1802 4598 οὐσίαν
1837 4544 1979 4613 ἡνω-

2093 4541 2310 4596 incidat.
2352 4541 2423 4597 Ut
2448 4552 2629 4597 autem
2658 4550 2785 4596 nota
2822 4542 2896 4596 sit
2942 4541 3253 4619 diﬂ'erentia
3306 4543 3529 4600 unionis
3575 4562 3663 4601 eo-

405 4630 607 4708 μένων,
643 4638 737 4690 καὶ
770 4636 847 4707 μὴ
874 4637 1228 4708 τρεπομένων
1262 4638 1393 4707 πρὸς
1419 4637 1487 4690 τὰ
1516 4637 1579 4689 ἐκ
1604 4636 1704 4705 τῆς
1738 4633 1982 4698 ἐνὼσεως

401 4729 700 4800 τρέπεσθαι
737 4730 1037 4805 πεφυκότα,
1070 4730 1165 4784 καὶ
1202 4730 1254 4784 τί
1290 4731 1390 4801 μὲν
1434 4710 1499 4783 τὸ
1551 4732 1649 4801 τῆς
1710 4728 1983 4801 προτέρας

402 4815 563 4885 εἶδος,
592 4819 734 4873 τίδὲ
761 4820 824 4873 τὸ
868 4820 967 4890 τῆς
1018 4819 1276 4891 δευτέρας
1317 4820 1688 4890 ἀποτέλεσμα,
1742 4820 1844 4891 ἤδη
1900 4838 1983 4886 γι-

310 4895 315 4898 .
400 4908 576 4963 νέσθω
629 4912 663 4981 ἡ
717 4910 1002 4982 διαίρεσις.
1067 4912 1248 4965 Πάντα
1294 4900 1371 4964 τὰ
1412 4909 1541 4964 ὅντα
1584 4912 1852 4982 συνῆπται
1884 4911 1980 4964 άλ-

396 5003 604 5074 λήλοις,
632 5005 753 5067 ταῖς
776 5003 897 5057 καθ’
931 5004 1054 5058 ὅλου
1080 5004 1382 5075 κοινότησι,
1418 5003 1512 5057 καὶ
1536 5004 1697 5057 πάλιν
1726 5003 1976 5076 διῄρηται

398 5094 495 5164 ἀπ’
554 5094 799 5166 ἀλλήλων
848 5096 968 5158 ταῖς
1004 5095 1307 5169 ,εἰδοποιοίς
1362 5093 1670 5165 διαφοραῖς,
1715 5096 1809 5149 καὶ
1855 5095 1975 5148 οὐδέ

396 5188 522 5251 ταῖς
552 5185 779 5240 ἐνὼσεσι
819 5186 882 5240 τὸ
922 5183 1202 5259 ἡνωμένον
1233 5185 1595 5257 χωρίζουσιν,
1633 5186 1750 5239 ἀλλ’
1788 5187 1836 5239 εί
1871 5186 1975 5257 χρὴ

398 5277 721 5348 παραδόξως
751 5279 926 5332 εἰπεῖν
958 5278 1054 5333 καὶ
1096 5278 1239 5333 κατά
1262 5278 1387 5342 τοὺς
1432 5277 1703 5351 Πατέρας,
1736 5278 1975 5349 ῆνωνται

395 5368 782 5441 διηρημένως,
841 5369 937 5424 καὶ
986 5370 1361 5443 διακέκρινται
1410 5370 1791 5445 συνημμένως.
1846 5370 1968 5424 Τῶν

394 5462 451 5517 δὲ
497 5461 744 5515 ἐνώσεων
782 5462 877 5515 καὶ
913 5461 1021 5514 τῶν
1059 5460 1387 5533 διακρίσεων
1422 5461 1598 5527 διττὸς
1635 5460 1856 5529 όλόγος.
1887 5459 1969 5513 Τά
2006 5507 2019 5519 ,

395 5555 496 5627 μὲν
534 5554 643 5625 γάρ
679 5554 883 5625 ἥνωται
918 5555 1031 5617 τοῖς
1070 5553 1256 5619 εἴδεσι,
1292 5554 1550 5625 διὴρηται
1583 5553 1641 5607 δὲ
1681 5553 1801 5615 ταῖς
1839 5552 1972 5605 ὐπο-

393 5646 674 5704 στάσεσιν.
730 5646 813 5700 Τά
857 5646 913 5700 δὲ
962 5646 1213 5718 διῄρηται
1252 5648 1365 5710 τοῖς
1410 5646 1627 5711 είδεσιν,
1672 5646 1874 5715 ἥνωται
1912 5643 1967 5697 δέ

464 5824 527 5879 ιι
558 5823 687 5882 Cor.
718 5840 790 5891 vr,
832 5828 912 5881 l7.

2081 4645 2201 4685 rum
2224 4645 2344 4700 quae
2374 4629 2676 4685 secundum
2710 4631 3073 4687 substantiam
3117 4632 3406 4699 uniuntur,
3455 4644 3514 4690 et
3548 4652 3659 4691 non

2079 4733 2362 4779 mutantur
2390 4725 2442 4779 in
2482 4739 2567 4789 ea,
2604 4740 2725 4795 qum
2762 4740 2828 4781 ex
2862 4725 3087 4791 unione,
3114 4735 3311 4781 natura
3334 4736 3656 4784 mutantur:

2077 4824 2132 4871 et
2163 4831 2285 4886 quae
2327 4815 2539 4885 species
2563 4816 2635 4871 sit
2661 4816 2863 4887 prioris
2899 4816 3139 4882 unionis,
3180 4826 3235 4872 et
3278 4818 3404 4888 quis
3430 4818 3662 4876 effectus

2076 4906 2353 4971 secunda},
2384 4906 2476 4962 fiat
2506 4909 2615 4979 jam
2647 4908 2865 4963 divisio.
2884 4909 3076 4964 Omnia
3105 4926 3226 4979 qua:
3262 4918 3391 4965 sunt
3425 4913 3657 4982 conjun-

2077 5010 2282 5071 guntur
2307 5002 2450 5056 inter
2495 5015 2554 5055 se
2587 5002 3077 5057 eommunitatibus
3118 5003 3557 5069 univcrsalibus;
3600 5013 3657 5059 et

2078 5110 2269 5149 rursus
2296 5094 2473 5149 divisa
2518 5105 2646 5150 sunt
2696 5095 2841 5151 inter
2871 5110 2930 5150 se
2976 5094 3307 5150 differentiis
3362 5096 3652 5166 speciiieis,

2074 5194 2257 5241 etnec
2286 5186 2588 5242 uniouibus
2615 5186 2963 5241 confundunt
2990 5186 3247 5253 divisum,
3294 5203 3471 5256 neque
3508 5187 3652 5243 divi-

2075 5277 2324 5334 sionibus
2350 5287 2609 5348 separant
2641 5278 2883 5333 unitum;
2930 5276 3071 5343 Quin
3103 5277 3287 5348 potius
3340 5278 3384 5331 si
3436 5287 3655 5347 oportet

2073 5369 2223 5441 loqui
2262 5380 2463 5440 praeter
2500 5368 2815 5439 opinionem
2847 5368 2992 5438 vulgi
3020 5376 3075 5425 et
3101 5368 3401 5424 secundum
3438 5369 3650 5435 Patres,

2077 5463 2230 5516 unita
2259 5468 2389 5516 sunt
2414 5460 2627 5525 divise;
2660 5468 2716 5513 et
2737 5459 2911 5514 divisa
2943 5459 3114 5513 unite.
3145 5458 3419 5515 Unionum
3444 5467 3648 5524 autem,

2074 5563 2129 5609 et
2185 5553 2516 5609 divisionum
2564 5550 2764 5621 duplex
2811 5557 2893 5605 est
2940 5551 3095 5604 ratio.
3142 5550 3259 5605 Alia
3304 5550 3450 5605 enim
3501 5552 3651 5606 unita

2076 5642 2297 5713 quidem
2329 5649 2457 5699 sunt
2490 5640 2817 5713 speciebus;
2860 5641 3033 5699 divisa
3081 5656 3211 5700 vero
3244 5639 3650 5712 hypostasihus.
