4120 6440
397 434 535 499 1305

1464 442 1761 501 CONTRA
1802 441 2119 507 NESTOR.
2160 445 2255 503 ET
2292 445 2613 507 EUTYCII.

3521 437 3660 503 1396

397 545 478 597 ἐνὶ
510 545 644 613 οἴκῳ
674 543 1069 611 συγκλείσειεν,
1106 538 1226 598 εἶτα
1255 545 1385 615 μίαν
1414 548 1477 599 ἐκ
1514 547 1705 599 πασῶν
1725 547 1972 600 ἀποσπά-

2079 546 2217 603 nihil
2245 550 2479 604 aliorum
2509 552 2780 606 luminum
2807 550 2911 607 sibi
2943 566 3249 615 assumens,
3283 564 3465 619 neque
3493 549 3660 619 quid-

397 652 495 695 σας
520 634 780 703 ἐξαγάγοι
805 635 899 688 τοῦ
932 635 1227 706 δωματίου,
1258 637 1555 705 συνεξοίσει
1581 638 1750 710 ταύτῃ
1788 640 1884 694 καὶ
1914 640 1975 693 τὸ

394 727 533 796 φῶς,
567 724 689 780 οὗτε
711 744 763 780 τι
792 727 888 781 τοῦ
950 727 1082 782 ἰδίου
1133 729 1298 783 πάλιν
1341 731 1525 795 αὐτοῖς
1574 732 1972 803 ἀπολιπούσης,

394 819 489 873 καὶ
523 818 646 872 καθ’
676 819 797 872 ὅλου
826 820 1012 890 φάναι,
1048 820 1199 874 οὐδὲν
1221 819 1327 874 τῶν
1360 822 1668 893 ἐνουμὲνων
1701 825 1911 895 τροπὴν
1939 825 1972 894 ἢ

395 910 659 979 σύγχυσιν
692 911 1007 980 ὑφίσταται,
1050 912 1125 983 μὴ
1153 913 1274 983 οὐχὶ
1306 913 1569 984 ἐκατέρου
1615 914 1723 969 τῶν
1752 916 1976 985 ἑνουμέ-

393 1018 498 1052 νων
531 998 842 1070 παθητικὰς
873 1001 1087 1071 ἔχοντος
1120 1003 1433 1074 ποιότητας.
1470 1002 1589 1055 Τῶν
1614 1004 1723 1074 γάρ
1757 1004 1831 1074 μὴ
1864 1020 1973 1057 τοι-

392 1090 587 1157 ούτων,
618 1092 649 1159 ἡ
686 1091 784 1160 μὲν
815 1091 1141 1163 δραστήριος
1165 1084 1394 1161 ποιήσαι
1442 1094 1529 1158 ἂν,
1562 1097 1657 1149 καὶ
1691 1096 1749 1147 οὐ
1784 1095 1967 1148 πάθον

397 1184 428 1251 ἡ
476 1182 537 1235 δὲ
582 1182 882 1253 παθητικὴ.
924 1184 1088 1238 πάθοι
1144 1186 1229 1249 ἂν,
1264 1186 1357 1239 καὶ
1386 1187 1444 1238 οὐ
1476 1188 1731 1257 δράσειεν
1758 1203 1772 1216 '
1809 1179 1883 1241 ὧν
1914 1188 1971 1240 δὲ

395 1272 573 1335 κοινὸς
604 1274 632 1325 ὁ
662 1272 821 1341 λόγος
849 1274 946 1343 τῆς
967 1275 1497 1345 ἀντιπεπονθήσεως,
1518 1274 1690 1329 ταῦτα
1707 1276 1847 1329 κατά
1874 1275 1972 1346 τὴν

393 1362 751 1432 ἐπικράτειαν
783 1363 937 1433 ἢτὴν
972 1363 1248 1432 ἰσονομίαν
1274 1362 1383 1415 τῶν
1410 1362 1723 1416 παθοποιῶν
1759 1362 1969 1424 αἰτιῶν,

391 1453 491 1524 τὴν
524 1455 580 1506 ἐν
615 1453 828 1524 θατέρῳ
860 1454 1055 1523 πάσχει
1091 1471 1150 1506 τε
1187 1454 1283 1508 καὶ
1326 1457 1491 1517 ποιεῖ,
1549 1455 1643 1507 ἐπὶ
1698 1454 1879 1507 πλεῖον
1936 1454 1968 1523 ἦ

392 1542 634 1597 ἔλαττον.
675 1544 891 1614 Ὥσπερ
924 1544 1036 1614 ἔχει
1072 1544 1164 1597 ἐπὶ
1199 1546 1418 1598 πάντων
1450 1546 1559 1598 τῶν
1596 1546 1832 1617 τηκτῶν,
1876 1546 1974 1599 καὶ

390 1637 501 1689 τῶν
543 1636 909 1704 μεταλλικῶν,
946 1637 1040 1689 καὶ
1068 1637 1168 1689 ὅσα
1205 1639 1317 1699 τοῖς
1344 1637 1601 1708 ἰατροῖςὴ
1635 1640 1747 1701 τοῖς
1773 1638 1973 1708 βαναύ-

390 1744 507 1790 σοις
555 1728 853 1801 κιρνᾶσθαι
914 1729 946 1799 ἢ
1010 1728 1375 1800 συντήκεσθαι
1428 1730 1569 1784 κατά
1617 1730 1716 1801 τὴν
1775 1731 1971 1801 τέχνην

392 1820 791 1891 μεμηχάνηται.

2082 656 2247 709 quam
2304 643 2511 712 proprii
2560 644 2787 699 luminis
2828 660 3021 700 rursus
3064 643 3171 699 illis
3220 642 3433 697 facibus
3488 641 3661 697 relin-

2088 747 2306 801 quens;
2357 743 2434 799 et,
2474 744 2535 789 ut
2576 735 2833 790 universe
2861 735 3060 799 dicam,
3116 733 3255 788 nihil
3300 748 3493 789 eorum
3536 747 3659 802 quae

2082 822 2373 887 uniuntur,
2402 824 2761 878 mulationem
2796 834 2892 896 aut
2923 822 3303 878 confusionem
3343 818 3513 882 subit,
3548 816 3655 871 nisi

2082 916 2237 983 prius
2263 924 2561 985 utrumque
2596 916 2878 971 unitorum
2905 916 3196 985 qualitates
3239 912 3439 967 habeat
3479 908 3658 980 passi-

2081 1002 2258 1058 biles:
2299 1006 2343 1059 si
2367 1006 2513 1059 enim
2545 1022 2655 1059 non
2688 1015 2817 1061 sunt
2850 1005 3140 1076 ejusmodi,
3175 1002 3409 1074 qualitas
3433 998 3657 1069 quidem

2082 1097 2356 1152 elliciendi
2386 1098 2703 1153 facultatem
2743 1099 2974 1162 habens,
3008 1097 3191 1159 faciet,
3228 1110 3338 1149 non
3377 1093 3653 1163 patietur;

2082 1190 2318 1258 qualitas
2339 1206 2472 1244 vero
2500 1190 2781 1261 passibilis
2804 1190 3065 1260 patietur,
3101 1204 3213 1243 non
3254 1185 3472 1241 eﬂiciet.
3512 1182 3661 1249 Quo.

2083 1298 2203 1335 rum
2234 1291 2418 1335 autem
2460 1282 2767 1336 communis
2820 1283 2960 1336 ratio
3020 1290 3103 1335 est
3152 1278 3458 1349 passionem
3506 1274 3657 1328 acci—

2080 1374 2267 1444 piendi
2288 1382 2344 1429 et
2366 1374 2654 1440 reddendi,
2678 1374 2796 1429 haec
2825 1373 3129 1429 secundum
3152 1371 3492 1426 dominatum
3522 1382 3656 1421 cau-

2079 1481 2263 1520 sarum
2285 1464 2637 1521 eﬂicientium
2660 1465 2963 1536 passiones,
2984 1480 3147 1534 quem
3173 1462 3379 1516 habent
3404 1460 3461 1514 in
3490 1458 3655 1512 alter-

2080 1567 2225 1622 utro,
2262 1568 2358 1612 aut
2410 1557 2800 1628 aequalitatem,
2842 1556 3127 1627 patiuntur
3160 1564 3215 1610 et
3258 1561 3447 1624 agunt.
3500 1550 3659 1605 Sicut

2080 1650 2265 1705 evenit
2299 1649 2355 1703 in
2394 1650 2674 1714 omnibus,
2728 1665 2851 1719 qua:
2887 1649 3208 1719 liquantur;
3268 1655 3323 1701 et
3360 1645 3415 1699 in
3462 1645 3656 1697 metal-

2079 1743 2167 1808 lis,
2200 1752 2255 1797 et
2294 1743 2348 1797 in
2379 1742 2446 1796 iis
2478 1743 2735 1797 omnibus
2757 1757 2878 1812 quae
2906 1741 3105 1796 medici
3134 1740 3220 1794 vel
3245 1736 3485 1793 artiﬁces
3532 1736 3657 1805 igne

2079 1844 2299 1890 utentes
2334 1835 2690 1889 commiscere
2722 1842 2778 1889 et
2804 1835 3015 1904 liquare
3046 1850 3108 1889 ex
3141 1841 3259 1886 arte
3287 1832 3484 1891 solent.

461 1912 678 1966 Τούτων
707 1913 888 1967 τοίνυν
916 1913 1425 1984 προδιεσταλμένων
1464 1916 1615 1983 ἡμῖν,
1642 1913 1842 1969 εἰδέναι
1864 1915 1970 1986 χρὴ

2142 1926 2239 1981 llis
2265 1942 2394 1997 ergo
2419 1927 2579 1996 prius
2599 1925 2900 1991 distinctis,
2927 1925 3211 1981 sciendum
3230 1930 3332 1987 est,
3364 1919 3509 1990 quod
3532 1933 3655 1988 quae

386 2005 468 2057 ὅτι
490 2004 556 2055 τὰ
583 2004 683 2074 μὲν
713 2004 1039 2060 ἀλλοιωτικά
1068 2004 1315 2076 ἀλλήλων
1343 2006 1434 2058 καὶ
1477 2006 1869 2076 μεταϐλητικά,
1906 2010 1970 2061 ἐκ

389 2095 688 2149 πολυειδῶν
731 2096 824 2148 καὶ
854 2098 1210 2167 ἐτεροουσίων
1238 2097 1568 2162 συνεστῶτα,
1603 2098 1755 2151 οὐδὲν
1777 2098 1884 2150 τῶν
1912 2102 1970 2152 ἐν

388 2188 453 2256 τῇ
492 2185 744 2238 συνθέσει
766 2185 1041 2248 ἀποσώζει
1074 2184 1375 2254 ἀκραιφνὲς
1415 2182 1552 2255 μετά
1573 2186 1671 2255 τὴν
1701 2185 1968 2251 σύνθεσιν,

387 2276 525 2343 ἀλλά
551 2277 648 2340 τάς
679 2278 899 2330 πάντων
940 2276 1207 2345 ἰδιότητας
1262 2274 1465 2345 μίξασα
1518 2277 1613 2328 καὶ
1664 2277 1970 2346 συγχέουσα

388 2368 453 2418 ἐκ
484 2367 703 2419 πάντων
736 2366 889 2437 παρά
936 2368 1133 2429 πάντα,
1185 2367 1423 2437 ἑτεροῖον
1461 2362 1598 2429 εἶδος
1651 2368 1970 2437 πάμμικτον

389 2459 708 2524 ἀπετέλεσε,
744 2462 838 2512 καὶ
870 2460 1058 2528 γέγονε
1093 2459 1304 2512 πολλῶν
1334 2460 1685 2513 ὑποστάσεων
1730 2463 1823 2513 καὶ
1866 2460 1970 2529 φύ-

391 2568 529 2603 σεων
562 2553 700 2604 κατά
726 2553 823 2622 τὴν
864 2552 1010 2621 μίξιν
1048 2552 1268 2622 φυρμὸς
1300 2553 1397 2605 καὶ⁸
1427 2554 1708 2623 σύγχυσις,
1742 2552 1867 2607 οὔτε
1910 2553 1973 2607 τὸ

394 2643 594 2708 ἰδιάζον
624 2646 720 2713 τῆς
754 2645 1128 2707 ὑποστάσεως,
1153 2643 1277 2697 οὔτε
1302 2646 1363 2697 τὸ
1392 2646 1569 2699 κοινὸν
1617 2645 1718 2715 τῆς
1757 2646 1971 2715 φύσεως

392 2734 697 2804 φυλάξασα,
733 2734 850 2787 ἀλλ’
897 2734 1084 2805 ἓτερον
1131 2736 1195 2789 ἐκ
1243 2735 1447 2791 τούτων
1504 2736 1605 2806 μὲν
1656 2738 1969 2809 γενόμενον,

389 2824 567 2881 οὐδενὶ
606 2825 662 2879 δὲ
690 2825 888 2878 ταυτὸν
932 2827 1027 2894 ἀφ’
1061 2818 1135 2879 ὧν
1191 2826 1413 2895 γέγονεν
1456 2827 1852 2883 ἀποτελέσασα.
1909 2829 1971 2881 Εἰ

389 2918 567 2970 τοίνυν
590 2918 782 2987 θεότης
815 2917 910 2972 καὶ
935 2918 1289 2989 ἀνθρωπότης
1314 2920 1433 2973 κατ’
1463 2920 1652 2972 οὐσίαν
1689 2920 1971 2974 ἐνωθεῖσαι

392 3012 468 3081 μὴ
499 3011 828 3080 φυλάττουσι
863 3012 966 3066 κάν
995 3014 1061 3083 τῇ
1086 3011 1276 3065 ἐνώσει
1320 3013 1420 3083 τὴν
1473 3012 1685 3067 ἑαυτῶν
1736 3014 1972 3085 φυσικὴν

392 3103 653 3174 ἰδιότητα,
675 3103 1060 3174 συγκέχυνται,
1102 3104 1194 3158 καὶ
1217 3102 1342 3158 οὔτε
1369 3104 1557 3174 θεότης
1580 3105 1815 3175 ἔμεινεν,
1848 3105 1971 3160 οὔτε

388 3194 768 3265 ἀνθρωπότης,
801 3196 917 3250 ἀλλ’
951 3196 1138 3266 ἕτερον
1160 3195 1348 3259 οὐσίας
1382 3190 1520 3260 εἶδος
1551 3199 1614 3249 ἐκ
1648 3197 1853 3251 τούτων
1875 3214 1971 3266 γε·-

389 3287 635 3355 νὸμενον,
677 3288 771 3341 καὶ
809 3289 931 3358 οὐχὶ
960 3288 1136 3342 ταῦτα
1173 3288 1418 3358 ὑπάρχον
1448 3290 1862 3345 ἀποτετέλεκεν.
1896 3285 1970 3345 Οὖ
1997 3262 2040 3320 C‘

387 3376 442 3428 τί
473 3376 537 3430 ἂν
560 3378 773 3445 γένοιτο
795 3378 1210 3449 ἀσεϐέστερονῆ
1238 3378 1657 3449 βδελυκτότερον
1682 3380 1785 3433 κᾶν
1818 3382 1970 3434 ἐννο-

389 3470 546 3540 ῆσαι,
614 3473 689 3541 μὴ
744 3472 827 3523 ὅτι
887 3470 1220 3540 φρονοῦντας
1272 3471 1649 3541 δογματίσαι;
1710 3474 1971 3527 Λείπεται

389 3563 569 3616 τοίνυν
594 3563 658 3615 ἐκ
686 3562 796 3631 τῆς
816 3562 1117 3627 ἐξετάσεως
1144 3562 1236 3615 τοῦ
1280 3562 1439 3631 λόγου
1471 3563 1569 3633 τῆς
1617 3564 1737 3617 κατ’
1783 3563 1972 3618 οὐσίαν

392 3654 659 3721 ἐνώσεως,
684 3655 788 3724 τῆς
822 3672 881 3707 τε
912 3656 1165 3725 θεότητος
1191 3655 1403 3725 καὶτῆς
1429 3655 1849 3725 ἀνθρωπότητος
1873 3658 1973 3730 τὴν

391 3745 698 3816 ἀσὺγχυτον
735 3746 995 3816 ἰδιότητα,
1026 3747 1167 3799 κατά
1207 3747 1274 3800 τά
1325 3747 1569 3817 πρότερα
1613 3746 1797 3801 λαϐεῖν
1844 3748 1975 3800 ὑπο-

322 3900 331 3907 _
390 3836 684 3906 δείγματα,
727 3840 976 3910 ἀμυδρὰν
1027 3839 1083 3891 δέ
1118 3857 1241 3893 τινα
1288 3839 1589 3907 φαντασίαν
1646 3842 1712 3892 ἐκ
1755 3839 1972 3893 πάντων

390 3931 489 4000 τῆς
521 3930 663 4000 ὑπὲρ
695 3933 875 3985 πάντα
907 3932 1166 4001 ἀληθείας
1200 3931 1639 4002 συλλεγομένοις,
1671 3932 1793 4002 ἥτις
1841 3933 1975 3985 ἀποο

389 4024 690 4089 δείκνυσιν,
716 4024 775 4076 ἐν
807 4025 907 4094 μέν
942 4041 993 4076 τι
1042 4024 1249 4079 τούτων
1304 4020 1446 4079 εἶναι
1494 4024 1553 4078 τὸ
1599 4024 1970 4095 ἀποτέλεσμα,

389 4116 417 4173 ὃ
450 4117 559 4168 εἴτε
587 4116 899 4187 πρόσωπον,
931 4118 1040 4171 εἴτε
1081 4117 1401 4182 ὑπόστασιν,
1438 4116 1550 4170 εἴτε
1585 4117 1807 4189 ἄτομον,
1861 4119 1972 4171 εἴτε

392 4205 774 4275 ὑποκείμενον,
816 4204 929 4258 εἴτε
977 4222 1031 4257 τι
1079 4206 1205 4259 ἄλλο
1259 4202 1411 4275 φίλον
1458 4206 1646 4259 καλεῖν
1705 4206 1861 4272 αὐτὸ,
1910 4208 1972 4260 οὐ

389 4297 739 4368 διαφέρομαι.
808 4297 947 4362 Τοὺς
994 4298 1103 4368 γὰρ
1161 4298 1290 4368 ἀξίᾳ
1348 4299 1382 4370 ἦ
1448 4297 1723 4370 αὑθεντίᾳ,
1775 4298 1809 4369 ἦ
1867 4316 1972 4353 τινι

390 4389 618 4462 τοιαύτῃ
650 4389 837 4461 σχέσει
868 4390 1171 4463 διαιρετικῇ
1197 4392 1287 4445 διά
1339 4390 1429 4445 τοῦ
1469 4391 1764 4445 συνάπτειν
1804 4392 1973 4463 χωρί-

391 4483 605 4545 ζοντας,
637 4487 829 4553 πρώην
863 4482 1252 4554 ἀπορραπίσας
1306 4484 1335 4536 ὁ
1378 4481 1535 4550 λόγος
1586 4482 1969 4552 ἀποδεδίωχεν.

2072 2018 2278 2072 habent
2310 2019 2421 2071 vim
2457 2017 2707 2072 mutandi
2742 2034 2799 2072 se
2840 2017 2985 2072 inter
3030 2032 3087 2071 se
3136 2014 3443 2070 constantia
3472 2026 3539 2066 ex
3569 2009 3655 2064 di-

2074 2111 2247 2163 versis
2270 2109 2582 2179 speciebus,
2611 2119 2667 2163 et
2689 2109 3013 2164 substantiis
3040 2108 3177 2161 nihil
3201 2108 3401 2177 purum
3425 2103 3479 2156 in
3502 2116 3656 2157 com-

2071 2202 2343 2271 positione
2371 2211 2593 2256 servant
2632 2210 2757 2272 post
2788 2200 3249 2271 compositionem
3280 2214 3294 2252 :
3327 2195 3423 2252 sed
3468 2195 3656 2264 potius

2073 2311 2161 2348 ars
2190 2295 2545 2363 proprietatis
2578 2295 2823 2348 omnium
2883 2295 3121 2349 miscens
3176 2299 3233 2347 et
3285 2286 3651 2350 confundens,

2072 2401 2137 2439 ex
2164 2385 2423 2439 omnibus
2456 2386 2617 2438 aliam
2654 2394 2854 2455 prarter
2896 2386 3079 2439 omnia
3125 2382 3363 2453 speciem
3418 2396 3486 2434 ex
3537 2385 3654 2433 toto

2073 2476 2415 2530 commistam
2451 2476 2695 2531 reddidit
2724 2494 2737 2529 :
2766 2477 2935 2547 fitque
2964 2477 3261 2530 multarum
3285 2474 3655 2544 hypostaseon

2072 2579 2129 2624 et
2154 2577 2477 2623 naturarum
2524 2568 2838 2625 commistio
2885 2577 2941 2623 et
2973 2565 3221 2622 confusio
3248 2605 3263 2630 ,
3302 2578 3425 2633 qua:
3474 2575 3655 2629 neque

2074 2662 2363 2731 proprium
2392 2662 2724 2733 hypostasis,
2761 2674 2939 2729 neque
2967 2671 3259 2713 commune
3293 2663 3505 2709 natura:
3524 2666 3658 2707 eon-

2074 2760 2294 2818 servat;
2328 2754 2423 2807 sed
2462 2753 2608 2808 aliud
2642 2769 2710 2807 ex
2742 2752 2830 2807 his
2882 2751 2940 2805 fit
2962 2792 2977 2816 ,
3032 2748 3181 2820 quod
3224 2762 3349 2802 cum
3382 2744 3534 2800 nullo
3561 2756 3659 2798 eo-

2077 2860 2198 2899 rum
2226 2859 2291 2898 ex
2320 2845 2524 2915 quibus
2575 2845 2779 2899 factum
2811 2851 2916 2908 est,
2968 2842 3113 2895 idem
3143 2839 3377 2894 exsistit.
3409 2837 3466 2893 Si
3489 2837 3660 2907 igitur

2075 2937 2337 2992 divinitas
2357 2945 2412 2993 et
2447 2938 2763 2991 humanitas
2803 2937 3108 2992 secundum
3134 2933 3495 2989 substantiam
3526 2930 3656 2985 uni-

2076 3035 2164 3091 tae,
2199 3042 2309 3081 non
2334 3034 2554 3081 servant
2582 3026 2636 3080 in
2662 3026 2867 3079 unione
2900 3040 3054 3079 suam
3082 3023 3384 3077 naturalem
3406 3020 3660 3090 proprie-

2075 3126 2276 3184 tatem,
2317 3118 2562 3173 confusae
2614 3125 2861 3183 sunt;et
2904 3132 3084 3186 neque
3130 3115 3391 3169 divinitas
3431 3112 3654 3176 mansit,

2075 3227 2253 3280 neque
2299 3211 2635 3274 humanitas,
2673 3210 2767 3264 scd
2821 3210 2924 3263 alia
2975 3208 3188 3278 species
3221 3207 3545 3262 substantiae
3587 3219 3661 3261 ex

2076 3303 2183 3369 his,
2210 3320 2332 3373 quae
2366 3320 2475 3358 non
2508 3312 2594 3358 est
2630 3303 2731 3357 ista
2755 3319 2875 3372 quae
2910 3302 3063 3356 unita
3089 3311 3239 3364 sunt,
3274 3300 3523 3355 confecta
3549 3306 3655 3352 est.

2074 3395 2193 3461 Quo
2238 3395 2371 3465 quid
2404 3411 2525 3451 esse
2552 3402 2735 3465 potest
2757 3394 2931 3465 magis
2963 3394 3214 3463 impium,
3243 3400 3334 3446 aut
3363 3390 3536 3460 magis
3562 3388 3659 3443 de-

2076 3488 2328 3544 testabile
2360 3488 2446 3543 vel
2468 3488 2707 3559 cogitare
2740 3495 2975 3551 tantum,
2995 3486 3200 3542 nedum
3226 3483 3431 3539 sentire
3469 3491 3525 3536 et
3553 3481 3657 3536 do-

2075 3582 2238 3637 cere?
2288 3580 2583 3649 Reliquum
2630 3578 2799 3649 igitur
2852 3587 2975 3642 est,
3024 3584 3085 3631 ut
3127 3592 3193 3631 ex
3233 3573 3659 3644 investigatione

2076 3671 2397 3744 quaestionis
2415 3671 2639 3724 unionis
2662 3669 2967 3724 secundum
2995 3668 3357 3724 substantiam
3379 3675 3434 3721 et
3458 3664 3659 3719 divini-

2077 3764 2205 3819 tatis
2252 3770 2308 3818 et
2343 3760 2704 3816 humanitatis
2734 3760 3125 3829 proprietatem
3166 3758 3286 3813 sine
3331 3755 3659 3812 confusione

2074 3856 2379 3913 secundum
2406 3854 2655 3922 exempla
2694 3852 2984 3921 superiora
3039 3852 3416 3921 intelligamus
3447 3890 3461 3914 ,
3503 3847 3659 3902 colli.

2074 3957 2267 4020 gentes
2290 3963 2354 4002 ex
2384 3946 2643 4000 omnibus
2668 3955 2887 4000 tenuem
2916 3944 3211 4015 quamdam
3241 3943 3536 4013 imaginem
3566 3954 3659 3997 ve-

2074 4039 2256 4095 ritatis
2288 4038 2473 4093 omnia
2504 4036 2823 4105 superantis
2848 4077 2863 4102 ,
2911 4050 3033 4105 qua:
3092 4034 3437 4089 demonstrat
3481 4045 3655 4085 unum

2074 4130 2346 4203 quoddam
2387 4144 2454 4183 ex
2510 4128 2596 4181 his
2646 4126 2823 4191 reddi,
2864 4125 2981 4180 sive
3028 4139 3342 4195 personam,
3389 4122 3505 4177 sive
3557 4120 3659 4191 hys

2074 4221 2360 4295 postasim,
2394 4220 2510 4274 sive
2543 4227 2810 4283 atomum,
2841 4218 2954 4271 sive
2986 4217 3316 4286 subjectum,
3353 4215 3468 4269 sive
3520 4213 3656 4283 quid

2073 4314 2220 4369 aliud
2250 4312 2526 4383 appellare
2564 4309 2721 4373 libet,
2753 4324 2863 4364 non
2899 4308 3196 4364 contendo.
3225 4308 3333 4362 Eos
3366 4306 3538 4369 enim,
3561 4304 3655 4374 qui

2074 4406 2345 4477 dignitate
2374 4444 2388 4468 ,
2428 4403 2513 4457 vel
2546 4402 2876 4456 auctoritate
2901 4443 2915 4467 ,
2974 4408 3070 4454 aut
3105 4400 3287 4469 aliqua
3342 4396 3657 4469 hujusmodi

2076 4496 2405 4552 habitudine
2440 4492 2726 4548 dividente
2774 4491 3086 4561 copulando
3136 4499 3437 4560 separant,
3493 4488 3658 4558 paulo

391 4573 728 4626 ὑποστάσεσι
781 4574 884 4637 τὰς
931 4574 1122 4643 φύσεις
1185 4574 1531 4645 διαιροῦντας
1585 4574 1830 4643 ἐλέγξας,
1879 4578 1971 4629 καὶ

2076 4597 2202 4643 ante
2226 4584 2531 4657 disputatio
2556 4593 2743 4639 nostra
2770 4583 3053 4648 refutavit,
3088 4589 3145 4637 ct
3169 4581 3409 4636 convicit
3431 4589 3661 4636 naturas

394 4664 667 4734 μηδεμίαν
707 4666 996 4719 κοινωνίαν
1043 4666 1076 4737 ἢ
1117 4668 1389 4721 ἀντίδοσιν
1447 4665 1677 4736 ἐχούσας
1734 4667 1767 4736 ἢ
1825 4668 1972 4720 ἀντι-

389 4755 529 4811 διδού
540 4772 657 4819 σας.

462 5028 679 5085 Τούτων
704 5030 1033 5101 εἰρημένων,
1090 5033 1230 5084 κατά
1279 5030 1340 5083 τὸ
1381 5030 1665 5100 δεδομένον
1725 5031 1858 5102 ἡμῖν
1905 5033 1967 5086 ἐκ

388 5122 527 5179 Θεοῦ
552 5125 652 5193 τῆς
683 5125 923 5193 νοήσεως
980 5124 1177 5194 μικρὸν
1242 5123 1457 5194 μέτρον,
1518 5124 1969 5195 παραπέμπομεν

388 5219 479 5272 τὸν
507 5220 905 5289 ἐντυγχάνοντα
939 5220 1021 5282 εἰς
1052 5219 1151 5282 τὰς
1204 5220 1314 5272 τῶν
1369 5220 1649 5290 θεηγόρων
1706 5222 1968 5293 Πατέρων

387 5310 761 5378 διδασκαλίας,
788 5311 880 5379 ἀφ’
907 5304 983 5365 ὧν
1011 5313 1106 5366 καὶ
1132 5314 1293 5383 ἡμεῖς
1324 5312 1496 5367 ταῦτα
1515 5313 1862 5383 ἱλντληκότες,
1892 5314 1968 5379 ὡς

390 5404 448 5454 ἐν
488 5402 671 5473 μικρῷ
710 5403 970 5474 κρατῆρι,
1000 5402 1079 5473 τῷ
1110 5404 1212 5473 τῆς
1249 5404 1508 5473 ταπεινῆς
1537 5405 1694 5475 ἡμῶν
1726 5405 1965 5468 διανοίας

388 5491 531 5565 λόγῳ
571 5496 787 5550 ποτίσαι
816 5495 1231 5566 ἐσπουδάσαμεν
1268 5497 1393 5558 τοὺς
1424 5495 1523 5564 τῆς
1549 5495 1806 5566 ἀληθείας
1841 5497 1968 5566 ἐρα-

392 5589 540 5651 στάς.
615 5589 807 5660 Ὑμεῖς
841 5590 899 5643 δὲ
951 5590 1343 5661 ἐπορεγόμενοι
1394 5589 1499 5643 ὑπὸ
1542 5591 1642 5660 τῆς
1684 5590 1967 5662 ἀληθείας,

386 5680 559 5735 ταῦτα
598 5682 696 5752 μὲν
728 5682 902 5753 ἔχοιτε
945 5681 1116 5752 λήθης
1169 5682 1476 5751 φάρμακον,
1529 5682 1623 5735 καὶ
1682 5681 1822 5752 μετά
1872 5682 1970 5754 τὴν

389 5773 702 5828 τελευταίαν
732 5773 1003 5843 ἐκδημίαν
1040 5773 1195 5844 ἡμῶν
1244 5771 1466 5843 ἀγάπης
1514 5772 1833 5844 ὑπόμνημα,
1890 5775 1965 5837 ὼς

392 5862 456 5921 ἀν
484 5867 555 5937 μὴ
591 5866 668 5936 τῷ
692 5866 868 5938 χρόνῳ
894 5866 955 5921 τὸ
992 5868 1089 5938 τῆς
1129 5865 1350 5937 ἀγάπης
1380 5864 1541 5921 καλὸν
1578 5866 1775 5940 ἐκρυέν
1816 5867 1965 5939 οἰχή-

2075 4680 2323 4735 dividere
2373 4676 2798 4750 hypostasibus,
2838 4675 3163 4744 nullamque
3210 4673 3656 4729 communionem

2074 4774 2159 4827 vel
2194 4772 2340 4828 inter
2370 4785 2429 4825 se
2464 4768 2774 4840 accipiendi
2809 4767 2895 4822 vel
2926 4765 3195 4822 reddendi
3225 4766 3451 4821 habere.
3480 4764 3556 4818 Ae
3590 4764 3660 4819 de

2072 4864 2158 4919 his
2190 4864 2458 4919 hactenus
2486 4860 2791 4918 secundum
2838 4874 3059 4930 parvam
3096 4873 3409 4913 mensuram
3449 4856 3657 4909 intelli-

2072 4956 2292 5027 gentire,
2322 4970 2444 5024 quae
2475 4969 2506 5007 a
2540 4953 2704 5008 nobis
2746 4952 2950 5007 tributa
2985 4958 3091 5006 est.

2143 5043 2412 5099 Mittimus
2436 5042 2699 5113 deinceps
2721 5042 2984 5096 lectorem
3007 5040 3076 5093 ad
3098 5040 3404 5094 doctrinam
3436 5045 3655 5092 sanctov

2074 5152 2197 5190 rum
2228 5136 2476 5197 Patrum,
2509 5149 2540 5188 a
2568 5133 2771 5203 quibus
2795 5148 2898 5187 nos
2927 5132 3043 5187 haec
3082 5140 3340 5200 tanquam
3384 5130 3438 5183 in
3488 5143 3661 5197 parva

2072 5241 2202 5280 vase
2243 5226 2459 5279 ratione
2504 5224 2706 5279 mentis
2747 5232 2949 5277 nostra:
2978 5220 3208 5276 humilis
3237 5220 3557 5283 hausimus,
3596 5226 3656 5275 et

2068 5334 2166 5372 eos
2198 5318 2292 5385 qui
2319 5316 2502 5371 studio
2528 5315 2782 5369 veritatis
2814 5322 3088 5375 tenentur,
3111 5322 3301 5380 potare
3317 5310 3652 5367 studuimus.

2071 5410 2179 5464 Vos
2205 5417 2388 5463 autem
2425 5406 2631 5476 quibus
2661 5407 2776 5459 ιιιεσ
2804 5405 3049 5474 porrexit
3093 5404 3318 5467 veritas,
3351 5402 3553 5456 habete
3583 5416 3651 5457 ea

2077 5512 2333 5569 tanquam
2374 5496 2677 5551 remedium
2706 5495 3021 5558 oblivionis,
3077 5504 3133 5549 et
3187 5503 3313 5563 post
3356 5507 3537 5547 meum
3581 5492 3653 5546 ab

2078 5592 2181 5647 hac
2206 5592 2319 5644 vita
2356 5604 2631 5644 recessum
2672 5598 2931 5657 tanquam
2965 5594 3385 5641 monumentum
3420 5583 3651 5649 amoris,

2076 5700 2145 5739 ne
2175 5683 2325 5751 lapsu
2356 5679 2619 5749 temporis
2644 5680 2872 5734 eﬂluens
2902 5679 3065 5734 abeat
3101 5698 3114 5732 :
3150 5677 3431 5732 retundite
3463 5684 3651 5730 autem

2077 5773 2421 5833 audaciores,
2454 5778 2511 5826 et
2544 5770 2911 5841 simpliciores
2948 5784 3111 5824 manu
3141 5769 3324 5824 ducite
3362 5767 3427 5821 ad
3477 5766 3650 5835 fulgo-

2075 5882 2191 5923 rem
2218 5862 2469 5921 veritatis
2512 5879 2709 5934 purum
2737 5870 2788 5918 et
2818 5860 3123 5932 liquidum,
3167 5876 3259 5933 qui
3311 5874 3411 5932 per
3449 5858 3562 5913 ham
3592 5857 3653 5925 in.
