  <div class='ocr_page' id='page_1' title='image "/cluster/home/n/w/nwhite01/storage/ocr_20150623/86:pt.1/coo.31924054869874/661.png"; bbox 0 0 4120 6444; ppageno 0'>
   <div class='ocr_carea' id='block_1_1' title="bbox 465 426 601 493">
    <p class='ocr_par' dir='ltr' id='par_1_1' title="bbox 465 426 601 493">
     <span class='ocr_line' id='line_1_1' title="bbox 465 426 601 493; baseline 0 0"><span class='ocrx_word' id='word_1_1' title='bbox 465 426 601 493; x_wconf 78' lang='grc'><strong>130¹1</strong></span> 
     </span>
    </p>
   </div>
   <div class='ocr_carea' id='block_1_2' title="bbox 1733 428 2490 493">
    <p class='ocr_par' dir='ltr' id='par_1_2' title="bbox 1733 428 2490 493">
     <span class='ocr_line' id='line_1_2' title="bbox 1733 428 2490 493; baseline -0.008 1"><span class='ocrx_word' id='word_1_2' title='bbox 1733 428 2042 493; x_wconf 74' lang='lat' dir='ltr'><strong>LEONTII</strong></span> <span class='ocrx_word' id='word_1_3' title='bbox 2080 428 2490 489; x_wconf 77' lang='lat' dir='ltr'><strong>BYZANTINI</strong></span> 
     </span>
    </p>
   </div>
   <div class='ocr_carea' id='block_1_3' title="bbox 3592 415 3727 483">
    <p class='ocr_par' dir='ltr' id='par_1_3' title="bbox 3592 415 3727 483">
     <span class='ocr_line' id='line_1_3' title="bbox 3592 415 3727 483; baseline 0.015 -2"><span class='ocrx_word' id='word_1_4' title='bbox 3592 415 3727 483; x_wconf 78' lang='lat'><strong>1308</strong></span> 
     </span>
    </p>
   </div>
   <div class='ocr_carea' id='block_1_4' title="bbox 463 530 2046 612">
    <p class='ocr_par' dir='ltr' id='par_1_4' title="bbox 463 538 2039 612">
     <span class='ocr_line' id='line_1_4' title="bbox 463 538 2039 612; baseline 0.001 -19"><span class='ocrx_word' id='word_1_5' title='bbox 463 538 669 593; x_wconf 77' lang='lat' dir='ltr'><strong>sanctis</strong></span> <span class='ocrx_word' id='word_1_6' title='bbox 692 539 947 594; x_wconf 85' lang='lat' dir='ltr'><strong>Patribus</strong></span> <span class='ocrx_word' id='word_1_7' title='bbox 987 540 1259 605; x_wconf 82' lang='lat' dir='ltr'><strong>cernitur,</strong></span> <span class='ocrx_word' id='word_1_8' title='bbox 1297 548 1353 596; x_wconf 87' lang='lat' dir='ltr'><strong>et</strong></span> <span class='ocrx_word' id='word_1_9' title='bbox 1375 548 1529 597; x_wconf 85' lang='lat' dir='ltr'><strong>orate</strong></span> <span class='ocrx_word' id='word_1_10' title='bbox 1564 556 1667 612; x_wconf 91' lang='lat' dir='ltr'><strong>pro</strong></span> <span class='ocrx_word' id='word_1_11' title='bbox 1712 542 1895 607; x_wconf 87' lang='lat' dir='ltr'><strong>nobis,</strong></span> <span class='ocrx_word' id='word_1_12' title='bbox 1948 543 2039 612; x_wconf 89' lang='lat' dir='ltr'><strong>qui</strong></span> 
     </span>
    </p>
   </div>
   <div class='ocr_carea' id='block_1_5' title="bbox 2149 530 3727 612">
    <p class='ocr_par' dir='ltr' id='par_1_5' title="bbox 2150 530 3727 606">
     <span class='ocr_line' id='line_1_5' title="bbox 2150 530 3727 606; baseline -0.006 -14"><span class='ocrx_word' id='word_1_13' title='bbox 2150 554 2322 592; x_wconf 89' lang='grc' dir='ltr'>σεται.</span> <span class='ocrx_word' id='word_1_14' title='bbox 2360 536 2796 606; x_wconf 75' lang='grc' dir='ltr'>Ἐπιστομίζοιτε</span> <span class='ocrx_word' id='word_1_15' title='bbox 2862 534 2919 587; x_wconf 80' lang='grc' dir='ltr'>δὲ</span> <span class='ocrx_word' id='word_1_16' title='bbox 2981 532 3107 597; x_wconf 82' lang='grc' dir='ltr'>τούς</span> <span class='ocrx_word' id='word_1_17' title='bbox 3169 531 3571 604; x_wconf 79' lang='grc' dir='ltr'><strong>θρασυτέρους,</strong></span> <span class='ocrx_word' id='word_1_18' title='bbox 3630 530 3727 583; x_wconf 77' lang='grc' dir='ltr'>καὶ</span> 
     </span>
    </p>
   </div>
   <div class='ocr_carea' id='block_1_6' title="bbox 466 629 2045 700">
    <p class='ocr_par' dir='ltr' id='par_1_6' title="bbox 466 629 2045 700">
     <span class='ocr_line' id='line_1_6' title="bbox 466 629 2045 700; baseline 0.005 -17"><span class='ocrx_word' id='word_1_19' title='bbox 466 629 581 685; x_wconf 66' lang='lat' dir='ltr'><strong>haec</strong></span> <span class='ocrx_word' id='word_1_20' title='bbox 603 640 828 700; x_wconf 90' lang='lat' dir='ltr'><strong>propter</strong></span> <span class='ocrx_word' id='word_1_21' title='bbox 849 630 1198 697; x_wconf 89' lang='lat' dir='ltr'><strong>charitatem,</strong></span> <span class='ocrx_word' id='word_1_22' title='bbox 1229 640 1288 686; x_wconf 93' lang='lat' dir='ltr'><strong>ut</strong></span> <span class='ocrx_word' id='word_1_23' title='bbox 1313 634 1651 689; x_wconf 77' lang='lat' dir='ltr'><strong>conscientia</strong></span> <span class='ocrx_word' id='word_1_24' title='bbox 1684 644 1952 700; x_wconf 92' lang='lat' dir='ltr'><strong>testatur,</strong></span> <span class='ocrx_word' id='word_1_25' title='bbox 1989 646 2045 691; x_wconf 86' lang='lat' dir='ltr'><strong>et</strong></span> 
     </span>
    </p>
   </div>
   <div class='ocr_carea' id='block_1_7' title="bbox 463 721 2045 789">
    <p class='ocr_par' dir='ltr' id='par_1_7' title="bbox 463 721 2045 789">
     <span class='ocr_line' id='line_1_7' title="bbox 463 721 2045 789; baseline 0.004 -16"><span class='ocrx_word' id='word_1_26' title='bbox 463 728 662 789; x_wconf 63' lang='lat' dir='ltr'><strong>praeter</strong></span> <span class='ocrx_word' id='word_1_27' title='bbox 697 721 1035 776; x_wconf 77' lang='lat' dir='ltr'><strong>voluntatem</strong></span> <span class='ocrx_word' id='word_1_28' title='bbox 1085 722 1437 778; x_wconf 80' lang='lat' dir='ltr'><strong>conscribere</strong></span> <span class='ocrx_word' id='word_1_29' title='bbox 1490 724 1879 779; x_wconf 82' lang='lat' dir='ltr'><strong>sustinuimus.</strong></span> <span class='ocrx_word' id='word_1_30' title='bbox 1934 726 2045 779; x_wconf 90' lang='lat' dir='ltr'><strong>Deo</strong></span> 
     </span>
    </p>
   </div>
   <div class='ocr_carea' id='block_1_8' title="bbox 465 813 2047 895">
    <p class='ocr_par' dir='ltr' id='par_1_8' title="bbox 465 813 2047 895">
     <span class='ocr_line' id='line_1_8' title="bbox 465 813 2047 895; baseline 0.004 -30"><span class='ocrx_word' id='word_1_31' title='bbox 465 822 647 867; x_wconf 84' lang='lat' dir='ltr'><strong>autem</strong></span> <span class='ocrx_word' id='word_1_32' title='bbox 685 813 887 882; x_wconf 79' lang='lat' dir='ltr'><strong>gratias</strong></span> <span class='ocrx_word' id='word_1_33' title='bbox 914 813 1129 884; x_wconf 85' lang='lat' dir='ltr'><strong>agimus</strong></span> <span class='ocrx_word' id='word_1_34' title='bbox 1154 830 1255 895; x_wconf 83' lang='lat' dir='ltr'><strong>pro</strong></span> <span class='ocrx_word' id='word_1_35' title='bbox 1278 816 1427 870; x_wconf 91' lang='lat' dir='ltr'><strong>omni</strong></span> <span class='ocrx_word' id='word_1_36' title='bbox 1463 816 1610 876; x_wconf 89' lang='lat' dir='ltr'><strong>dono</strong></span> <span class='ocrx_word' id='word_1_37' title='bbox 1637 818 1757 888; x_wconf 91' lang='lat' dir='ltr'><strong>ejus</strong></span> <span class='ocrx_word' id='word_1_38' title='bbox 1787 817 1843 871; x_wconf 91' lang='lat' dir='ltr'><strong>in</strong></span> <span class='ocrx_word' id='word_1_39' title='bbox 1868 818 2047 872; x_wconf 90' lang='lat' dir='ltr'><strong>omni-</strong></span> 
     </span>
    </p>
   </div>
   <div class='ocr_carea' id='block_1_9' title="bbox 464 902 1512 971">
    <p class='ocr_par' dir='ltr' id='par_1_9' title="bbox 464 902 1512 971">
     <span class='ocr_line' id='line_1_9' title="bbox 464 902 1512 971; baseline 0.005 -13"><span class='ocrx_word' id='word_1_40' title='bbox 464 902 589 971; x_wconf 82' lang='lat' dir='ltr'><strong>bus,</strong></span> <span class='ocrx_word' id='word_1_41' title='bbox 620 905 675 959; x_wconf 90' lang='lat' dir='ltr'><strong>in</strong></span> <span class='ocrx_word' id='word_1_42' title='bbox 705 906 904 962; x_wconf 60' lang='lat' dir='ltr'><strong>satcula</strong></span> <span class='ocrx_word' id='word_1_43' title='bbox 932 908 1279 963; x_wconf 72' lang='lat' dir='ltr'><strong>saeculorum.</strong></span> <span class='ocrx_word' id='word_1_44' title='bbox 1315 908 1512 964; x_wconf 83' lang='lat' dir='ltr'><strong>Amen.</strong></span> 
     </span>
    </p>
   </div>
   <div class='ocr_carea' id='block_1_10' title="bbox 2148 622 3728 702">
    <p class='ocr_par' dir='ltr' id='par_1_10' title="bbox 2148 622 3728 702">
     <span class='ocr_line' id='line_1_10' title="bbox 2148 622 3728 702; baseline -0.006 -18"><span class='ocrx_word' id='word_1_45' title='bbox 2148 631 2543 702; x_wconf 81' lang='grc' dir='ltr'>χειραγωγοῖτε</span> <span class='ocrx_word' id='word_1_46' title='bbox 2592 628 2719 691; x_wconf 84' lang='grc' dir='ltr'><strong>τούς</strong></span> <span class='ocrx_word' id='word_1_47' title='bbox 2774 624 3203 697; x_wconf 77' lang='grc' dir='ltr'><strong>ἁπλουστέρους,</strong></span> <span class='ocrx_word' id='word_1_48' title='bbox 3236 625 3329 677; x_wconf 72' lang='grc' dir='ltr'>ἐπὶ</span> <span class='ocrx_word' id='word_1_49' title='bbox 3361 623 3463 693; x_wconf 84' lang='grc' dir='ltr'>τὴν</span> <span class='ocrx_word' id='word_1_50' title='bbox 3494 623 3581 676; x_wconf 92' lang='grc' dir='ltr'><strong>διά</strong></span> <span class='ocrx_word' id='word_1_51' title='bbox 3605 622 3728 676; x_wconf 85' lang='grc' dir='ltr'>τού-</span> 
     </span>
    </p>
   </div>
   <div class='ocr_carea' id='block_1_11' title="bbox 2147 714 3726 792">
    <p class='ocr_par' dir='ltr' id='par_1_11' title="bbox 2147 714 3726 792">
     <span class='ocr_line' id='line_1_11' title="bbox 2147 714 3726 792; baseline -0.008 -14"><span class='ocrx_word' id='word_1_52' title='bbox 2147 742 2254 778; x_wconf 87' lang='grc' dir='ltr'><strong>των</strong></span> <span class='ocrx_word' id='word_1_53' title='bbox 2291 721 2732 792; x_wconf 84' lang='grc' dir='ltr'>ἀναφαινομένην</span> <span class='ocrx_word' id='word_1_54' title='bbox 2764 723 2820 773; x_wconf 87' lang='grc' dir='ltr'>ὲν</span> <span class='ocrx_word' id='word_1_55' title='bbox 2866 722 2979 783; x_wconf 83' lang='grc' dir='ltr'>τοῖς</span> <span class='ocrx_word' id='word_1_56' title='bbox 3028 718 3203 787; x_wconf 83' lang='grc' dir='ltr'>ἀγίοις</span> <span class='ocrx_word' id='word_1_57' title='bbox 3256 715 3536 787; x_wconf 87' lang='grc' dir='ltr'>Πατράσιν</span> <span class='ocrx_word' id='word_1_58' title='bbox 3592 714 3726 767; x_wconf 84' lang='grc' dir='ltr'>είλι-</span> 
     </span>
    </p>
   </div>
   <div class='ocr_carea' id='block_1_12' title="bbox 2147 807 3728 887">
    <p class='ocr_par' dir='ltr' id='par_1_12' title="bbox 2147 807 3728 887">
     <span class='ocr_line' id='line_1_12' title="bbox 2147 807 3728 887; baseline -0.007 -17"><span class='ocrx_word' id='word_1_59' title='bbox 2147 818 2305 887; x_wconf 87' lang='grc' dir='ltr'>κρινῆ</span> <span class='ocrx_word' id='word_1_60' title='bbox 2348 816 2441 868; x_wconf 75' lang='grc' dir='ltr'>καὶ</span> <span class='ocrx_word' id='word_1_61' title='bbox 2476 813 2723 885; x_wconf 77' lang='grc' dir='ltr'>καθαρὰν</span> <span class='ocrx_word' id='word_1_62' title='bbox 2756 813 2854 884; x_wconf 81' lang='grc' dir='ltr'>τῆς</span> <span class='ocrx_word' id='word_1_63' title='bbox 2894 811 3151 883; x_wconf 74' lang='grc' dir='ltr'><strong>ἀληθείας</strong></span> <span class='ocrx_word' id='word_1_64' title='bbox 3185 809 3381 879; x_wconf 82' lang='grc' dir='ltr'>αὐγὴν,</span> <span class='ocrx_word' id='word_1_65' title='bbox 3428 807 3524 861; x_wconf 77' lang='grc' dir='ltr'><strong>καὶ</strong></span> <span class='ocrx_word' id='word_1_66' title='bbox 3570 807 3728 878; x_wconf 74' lang='grc' dir='ltr'>ἡμῶν</span> 
     </span>
    </p>
   </div>
   <div class='ocr_carea' id='block_1_13' title="bbox 2146 901 3730 979">
    <p class='ocr_par' dir='ltr' id='par_1_13' title="bbox 2146 901 3730 979">
     <span class='ocr_line' id='line_1_13' title="bbox 2146 901 3730 979; baseline -0.006 -19"><span class='ocrx_word' id='word_1_67' title='bbox 2146 906 2538 979; x_wconf 85' lang='grc' dir='ltr'>ὐπερεύχεσθε,</span> <span class='ocrx_word' id='word_1_68' title='bbox 2564 906 2630 959; x_wconf 83' lang='grc' dir='ltr'><strong>δι’</strong></span> <span class='ocrx_word' id='word_1_69' title='bbox 2664 906 2903 975; x_wconf 82' lang='grc' dir='ltr'><strong>ἀγάπην,</strong></span> <span class='ocrx_word' id='word_1_70' title='bbox 2932 904 3004 967; x_wconf 87' lang='grc' dir='ltr'><strong>ὼς</strong></span> <span class='ocrx_word' id='word_1_71' title='bbox 3028 902 3089 956; x_wconf 77' lang='grc' dir='ltr'>τὸ</span> <span class='ocrx_word' id='word_1_72' title='bbox 3148 901 3383 966; x_wconf 74' lang='grc' dir='ltr'>συνειδὸς</span> <span class='ocrx_word' id='word_1_73' title='bbox 3436 901 3730 970; x_wconf 83' lang='grc' dir='ltr'>μαρτυρεῖ,</span> 
     </span>
    </p>
   </div>
   <div class='ocr_carea' id='block_1_14' title="bbox 2146 992 3728 1070">
    <p class='ocr_par' dir='ltr' id='par_1_14' title="bbox 2146 992 3728 1070">
     <span class='ocr_line' id='line_1_14' title="bbox 2146 992 3728 1070; baseline -0.008 -15"><span class='ocrx_word' id='word_1_74' title='bbox 2146 1000 2319 1055; x_wconf 82' lang='grc' dir='ltr'>ταῦτα</span> <span class='ocrx_word' id='word_1_75' title='bbox 2353 999 2652 1070; x_wconf 72' lang='grc' dir='ltr'>συγράψαι,</span> <span class='ocrx_word' id='word_1_76' title='bbox 2694 997 2792 1051; x_wconf 68' lang='grc' dir='ltr'>καὶ</span> <span class='ocrx_word' id='word_1_77' title='bbox 2828 996 2981 1068; x_wconf 87' lang='grc' dir='ltr'><strong>παρά</strong></span> <span class='ocrx_word' id='word_1_78' title='bbox 3041 994 3365 1066; x_wconf 86' lang='grc' dir='ltr'>προαίρεσιν</span> <span class='ocrx_word' id='word_1_79' title='bbox 3417 992 3728 1061; x_wconf 87' lang='grc' dir='ltr'>ἀνασχομέ-</span> 
     </span>
    </p>
   </div>
   <div class='ocr_carea' id='block_1_15' title="bbox 2148 1082 3731 1162">
    <p class='ocr_par' dir='ltr' id='par_1_15' title="bbox 2148 1082 3731 1162">
     <span class='ocr_line' id='line_1_15' title="bbox 2148 1082 3731 1162; baseline -0.008 -15"><span class='ocrx_word' id='word_1_80' title='bbox 2148 1110 2275 1147; x_wconf 85' lang='grc' dir='ltr'><strong>νων.</strong></span> <span class='ocrx_word' id='word_1_81' title='bbox 2314 1092 2405 1162; x_wconf 85' lang='grc' dir='ltr'>Τῷ</span> <span class='ocrx_word' id='word_1_82' title='bbox 2436 1092 2492 1144; x_wconf 83' lang='grc' dir='ltr'>δὲ</span> <span class='ocrx_word' id='word_1_83' title='bbox 2524 1091 2643 1160; x_wconf 87' lang='grc' dir='ltr'><strong>Θεῴ</strong></span> <span class='ocrx_word' id='word_1_84' title='bbox 2665 1087 2988 1159; x_wconf 74' lang='grc' dir='ltr'><strong>εὐχαριστία</strong></span> <span class='ocrx_word' id='word_1_85' title='bbox 3020 1085 3163 1157; x_wconf 84' lang='grc' dir='ltr'>ὑπὲρ</span> <span class='ocrx_word' id='word_1_86' title='bbox 3198 1086 3378 1154; x_wconf 82' lang='grc' dir='ltr'><strong>πάσης</strong></span> <span class='ocrx_word' id='word_1_87' title='bbox 3406 1082 3502 1151; x_wconf 83' lang='grc' dir='ltr'><strong>τῆς</strong></span> <span class='ocrx_word' id='word_1_88' title='bbox 3531 1084 3589 1135; x_wconf 82' lang='grc' dir='ltr'><strong>ὲν</strong></span> <span class='ocrx_word' id='word_1_89' title='bbox 3618 1082 3731 1135; x_wconf 79' lang='grc' dir='ltr'><strong>πᾶ-</strong></span> 
     </span>
    </p>
   </div>
   <div class='ocr_carea' id='block_1_16' title="bbox 2149 1175 3415 1254">
    <p class='ocr_par' dir='ltr' id='par_1_16' title="bbox 2149 1175 3415 1254">
     <span class='ocr_line' id='line_1_16' title="bbox 2149 1175 3415 1254; baseline -0.008 -17"><span class='ocrx_word' id='word_1_90' title='bbox 2149 1201 2235 1237; x_wconf 91' lang='grc' dir='ltr'>σιν</span> <span class='ocrx_word' id='word_1_91' title='bbox 2260 1182 2423 1237; x_wconf 83' lang='grc' dir='ltr'>αὐτοῦ</span> <span class='ocrx_word' id='word_1_92' title='bbox 2447 1184 2675 1254; x_wconf 82' lang='grc' dir='ltr'>δωρεάς,</span> <span class='ocrx_word' id='word_1_93' title='bbox 2698 1183 2777 1243; x_wconf 80' lang='grc' dir='ltr'>εἰς</span> <span class='ocrx_word' id='word_1_94' title='bbox 2801 1180 2925 1242; x_wconf 79' lang='grc' dir='ltr'>τοὺς</span> <span class='ocrx_word' id='word_1_95' title='bbox 2956 1176 3181 1239; x_wconf 78' lang='grc' dir='ltr'><strong>αἰῶνας.</strong></span> <span class='ocrx_word' id='word_1_96' title='bbox 3217 1175 3415 1245; x_wconf 79' lang='grc' dir='ltr'>Ἀμήν.</span> 
     </span>
    </p>
   </div>
   <div class='ocr_carea' id='block_1_17' title="bbox 1032 1307 3707 1371">
    <p class='ocr_par' dir='ltr' id='par_1_17' title="bbox 1032 1307 3707 1371">
     <span class='ocr_line' id='line_1_17' title="bbox 1032 1307 3707 1371; baseline -0 -7"><span class='ocrx_word' id='word_1_97' title='bbox 1032 1307 1454 1365; x_wconf 66' lang='grc' dir='ltr'><strong>ΡΒΟΟΕΜιυΜ.</strong></span> <span class='ocrx_word' id='word_1_98' title='bbox 2182 1316 2565 1371; x_wconf 82' lang='grc' dir='ltr'><strong>ΠΡΟΟΙΜΙΟΝ</strong></span> <span class='ocrx_word' id='word_1_99' title='bbox 2595 1312 2915 1369; x_wconf 82' lang='grc' dir='ltr'><strong>ΧΡΗΣΕΩΝ</strong></span> <span class='ocrx_word' id='word_1_100' title='bbox 2944 1312 3081 1364; x_wconf 85' lang='grc' dir='ltr'><strong>ΤΩΝ</strong></span> <span class='ocrx_word' id='word_1_101' title='bbox 3119 1310 3329 1364; x_wconf 82' lang='grc' dir='ltr'><strong>ΑΓΙΩΝ</strong></span> <span class='ocrx_word' id='word_1_102' title='bbox 3368 1308 3707 1363; x_wconf 81' lang='grc' dir='ltr'><strong>ΠΑΤΕΡΩΝ.</strong></span> 
     </span>
    </p>
   </div>
   <div class='ocr_carea' id='block_1_18' title="bbox 536 1443 2043 1501">
    <p class='ocr_par' dir='ltr' id='par_1_18' title="bbox 536 1443 2043 1501">
     <span class='ocr_line' id='line_1_18' title="bbox 536 1443 2043 1501; baseline 0 0"><span class='ocrx_word' id='word_1_103' title='bbox 536 1445 818 1501; x_wconf 81' lang='lat' dir='ltr'><strong>Allaturus</strong></span> <span class='ocrx_word' id='word_1_104' title='bbox 851 1443 907 1499; x_wconf 90' lang='lat' dir='ltr'><strong>in</strong></span> <span class='ocrx_word' id='word_1_105' title='bbox 948 1444 1188 1500; x_wconf 89' lang='lat' dir='ltr'><strong>medium</strong></span> <span class='ocrx_word' id='word_1_106' title='bbox 1216 1443 1575 1499; x_wconf 77' lang='lat' dir='ltr'><strong>auctoritates</strong></span> <span class='ocrx_word' id='word_1_107' title='bbox 1597 1451 1914 1499; x_wconf 88' lang='lat' dir='ltr'><strong>sanctorum</strong></span> <span class='ocrx_word' id='word_1_108' title='bbox 1940 1446 2043 1501; x_wconf 88' lang='lat' dir='ltr'><strong>Pa-</strong></span> 
     </span>
    </p>
   </div>
   <div class='ocr_carea' id='block_1_19' title="bbox 469 1536 2041 1607">
    <p class='ocr_par' dir='ltr' id='par_1_19' title="bbox 469 1536 2041 1607">
     <span class='ocr_line' id='line_1_19' title="bbox 469 1536 2041 1607; baseline 0 -15"><span class='ocrx_word' id='word_1_109' title='bbox 469 1547 640 1601; x_wconf 89' lang='lat' dir='ltr'><strong>trum.</strong></span> <span class='ocrx_word' id='word_1_110' title='bbox 672 1538 742 1593; x_wconf 86' lang='lat' dir='ltr'><strong>ad</strong></span> <span class='ocrx_word' id='word_1_111' title='bbox 776 1536 1249 1593; x_wconf 84' lang='lat' dir='ltr'><strong>conﬁrmationem</strong></span> <span class='ocrx_word' id='word_1_112' title='bbox 1294 1552 1487 1591; x_wconf 91' lang='lat' dir='ltr'><strong>eorum</strong></span> <span class='ocrx_word' id='word_1_113' title='bbox 1542 1552 1663 1606; x_wconf 68' lang='lat' dir='ltr'><strong>quae</strong></span> <span class='ocrx_word' id='word_1_114' title='bbox 1699 1538 2041 1607; x_wconf 87' lang='lat' dir='ltr'><strong>scripsimus,</strong></span> 
     </span>
    </p>
   </div>
   <div class='ocr_carea' id='block_1_20' title="bbox 2214 1442 3728 1519">
    <p class='ocr_par' dir='ltr' id='par_1_20' title="bbox 2214 1442 3728 1519">
     <span class='ocr_line' id='line_1_20' title="bbox 2214 1442 3728 1519; baseline -0.006 -15"><span class='ocrx_word' id='word_1_115' title='bbox 2214 1449 2437 1505; x_wconf 74' lang='grc' dir='ltr'>Μέλλων</span> <span class='ocrx_word' id='word_1_116' title='bbox 2488 1449 2587 1511; x_wconf 84' lang='grc' dir='ltr'><strong>τὰς</strong></span> <span class='ocrx_word' id='word_1_117' title='bbox 2643 1448 2867 1519; x_wconf 82' lang='grc' dir='ltr'><strong>χρήσεις</strong></span> <span class='ocrx_word' id='word_1_118' title='bbox 2924 1443 3325 1517; x_wconf 72' lang='grc' dir='ltr'>παρατίθεσθαι</span> <span class='ocrx_word' id='word_1_119' title='bbox 3386 1442 3494 1496; x_wconf 87' lang='grc' dir='ltr'><strong>τῶν</strong></span> <span class='ocrx_word' id='word_1_120' title='bbox 3552 1442 3728 1512; x_wconf 81' lang='grc' dir='ltr'>ἁγίων</span> 
     </span>
    </p>
   </div>
   <div class='ocr_carea' id='block_1_21' title="bbox 2147 1536 3727 1612">
    <p class='ocr_par' dir='ltr' id='par_1_21' title="bbox 2147 1536 3727 1612">
     <span class='ocr_line' id='line_1_21' title="bbox 2147 1536 3727 1612; baseline -0.004 -17"><span class='ocrx_word' id='word_1_121' title='bbox 2147 1542 2404 1612; x_wconf 80' lang='grc' dir='ltr'>Πατέρων</span> <span class='ocrx_word' id='word_1_122' title='bbox 2437 1541 2573 1612; x_wconf 81' lang='grc' dir='ltr'>πρὸς</span> <span class='ocrx_word' id='word_1_123' title='bbox 2596 1540 2891 1611; x_wconf 77' lang='grc' dir='ltr'>βεϐαίωσιν</span> <span class='ocrx_word' id='word_1_124' title='bbox 2916 1538 3026 1591; x_wconf 88' lang='grc' dir='ltr'><strong>τῶν</strong></span> <span class='ocrx_word' id='word_1_125' title='bbox 3052 1536 3339 1607; x_wconf 78' lang='grc' dir='ltr'><strong>ἡμετέρων</strong></span> <span class='ocrx_word' id='word_1_126' title='bbox 3372 1536 3568 1604; x_wconf 87' lang='grc' dir='ltr'>λόγων,</span> <span class='ocrx_word' id='word_1_127' title='bbox 3602 1536 3727 1589; x_wconf 74' lang='grc' dir='ltr'>ἐπι-</span> 
     </span>
    </p>
   </div>
   <div class='ocr_carea' id='block_1_22' title="bbox 468 1628 2046 1705">
    <p class='ocr_par' dir='ltr' id='par_1_22' title="bbox 468 1629 2041 1703">
     <span class='ocr_line' id='line_1_22' title="bbox 468 1629 2041 1703; baseline 0.001 -17"><span class='ocrx_word' id='word_1_128' title='bbox 468 1646 603 1703; x_wconf 81' lang='lat' dir='ltr'><strong>rogo</strong></span> <span class='ocrx_word' id='word_1_129' title='bbox 650 1631 911 1685; x_wconf 90' lang='lat' dir='ltr'><strong>lectorem</strong></span> <span class='ocrx_word' id='word_1_130' title='bbox 940 1670 955 1692; x_wconf 90' lang='lat'><strong>,</strong></span> <span class='ocrx_word' id='word_1_131' title='bbox 1012 1639 1072 1683; x_wconf 91' lang='lat' dir='ltr'><strong>ut</strong></span> <span class='ocrx_word' id='word_1_132' title='bbox 1106 1629 1357 1684; x_wconf 86' lang='lat' dir='ltr'><strong>advertat</strong></span> <span class='ocrx_word' id='word_1_133' title='bbox 1387 1629 1631 1684; x_wconf 89' lang='lat' dir='ltr'><strong>animum</strong></span> <span class='ocrx_word' id='word_1_134' title='bbox 1668 1649 1680 1683; x_wconf 89' lang='lat'>:</span> <span class='ocrx_word' id='word_1_135' title='bbox 1716 1632 2041 1701; x_wconf 86' lang='lat' dir='ltr'><strong>prudentem</strong></span> 
     </span>
    </p>
   </div>
   <div class='ocr_carea' id='block_1_23' title="bbox 2149 1628 3727 1705">
    <p class='ocr_par' dir='ltr' id='par_1_23' title="bbox 2149 1628 3727 1705">
     <span class='ocr_line' id='line_1_23' title="bbox 2149 1628 3727 1705; baseline -0.004 -17"><span class='ocrx_word' id='word_1_136' title='bbox 2149 1636 2342 1705; x_wconf 80' lang='grc' dir='ltr'>στῆσαι</span> <span class='ocrx_word' id='word_1_137' title='bbox 2370 1634 2461 1686; x_wconf 82' lang='grc' dir='ltr'>τὸν</span> <span class='ocrx_word' id='word_1_138' title='bbox 2493 1633 2617 1686; x_wconf 77' lang='grc' dir='ltr'>νοῦν</span> <span class='ocrx_word' id='word_1_139' title='bbox 2646 1632 2739 1686; x_wconf 85' lang='grc' dir='ltr'><strong>τὸν</strong></span> <span class='ocrx_word' id='word_1_140' title='bbox 2789 1630 3189 1701; x_wconf 75' lang='grc' dir='ltr'>ἐντυγχάνοντα</span> <span class='ocrx_word' id='word_1_141' title='bbox 3215 1628 3519 1700; x_wconf 80' lang='grc' dir='ltr'>παρακαλῶ</span> <span class='ocrx_word' id='word_1_142' title='bbox 3542 1644 3557 1659; x_wconf 78' lang='grc'><strong><em>⁸</em></strong></span> <span class='ocrx_word' id='word_1_143' title='bbox 3603 1645 3727 1682; x_wconf 87' lang='grc' dir='ltr'>συν-</span> 
     </span>
    </p>
   </div>
   <div class='ocr_carea' id='block_1_24' title="bbox 465 1717 2046 1795">
    <p class='ocr_par' dir='ltr' id='par_1_24' title="bbox 465 1720 2044 1794">
     <span class='ocr_line' id='line_1_24' title="bbox 465 1720 2044 1794; baseline 0.003 -19"><span class='ocrx_word' id='word_1_144' title='bbox 465 1725 613 1776; x_wconf 87' lang='lat' dir='ltr'><strong>enim</strong></span> <span class='ocrx_word' id='word_1_145' title='bbox 641 1721 949 1776; x_wconf 83' lang='lat' dir='ltr'><strong>auditorem</strong></span> <span class='ocrx_word' id='word_1_146' title='bbox 984 1720 1217 1790; x_wconf 87' lang='lat' dir='ltr'><strong>requirit</strong></span> <span class='ocrx_word' id='word_1_147' title='bbox 1253 1721 1507 1776; x_wconf 86' lang='lat' dir='ltr'><strong>doctrina</strong></span> <span class='ocrx_word' id='word_1_148' title='bbox 1547 1737 1761 1787; x_wconf 83' lang='lat' dir='ltr'><strong>eorum,</strong></span> <span class='ocrx_word' id='word_1_149' title='bbox 1798 1725 1894 1794; x_wconf 91' lang='lat' dir='ltr'><strong>qui</strong></span> <span class='ocrx_word' id='word_1_150' title='bbox 1923 1724 2044 1779; x_wconf 81' lang='lat' dir='ltr'><strong>fue-</strong></span> 
     </span>
    </p>
   </div>
   <div class='ocr_carea' id='block_1_25' title="bbox 2149 1717 3730 1795">
    <p class='ocr_par' dir='ltr' id='par_1_25' title="bbox 2149 1717 3730 1795">
     <span class='ocr_line' id='line_1_25' title="bbox 2149 1717 3730 1795; baseline -0.004 -17"><span class='ocrx_word' id='word_1_151' title='bbox 2149 1725 2267 1778; x_wconf 82' lang='grc' dir='ltr'>ετοῦ</span> <span class='ocrx_word' id='word_1_152' title='bbox 2292 1724 2401 1795; x_wconf 89' lang='grc' dir='ltr'><strong>γάρ</strong></span> <span class='ocrx_word' id='word_1_153' title='bbox 2416 1723 2586 1777; x_wconf 80' lang='grc' dir='ltr'>δεῖται</span> <span class='ocrx_word' id='word_1_154' title='bbox 2607 1720 2881 1793; x_wconf 82' lang='grc' dir='ltr'>ἀκροατοῦ</span> <span class='ocrx_word' id='word_1_155' title='bbox 2907 1723 2940 1791; x_wconf 82' lang='grc' dir='ltr'>ἡ</span> <span class='ocrx_word' id='word_1_156' title='bbox 2960 1720 3068 1774; x_wconf 89' lang='grc' dir='ltr'><strong>τῶν</strong></span> <span class='ocrx_word' id='word_1_157' title='bbox 3090 1718 3423 1789; x_wconf 77' lang='grc' dir='ltr'>θαυμαστῶν</span> <span class='ocrx_word' id='word_1_158' title='bbox 3442 1717 3536 1772; x_wconf 81' lang='grc' dir='ltr'>τοῦ</span> <span class='ocrx_word' id='word_1_159' title='bbox 3558 1718 3730 1771; x_wconf 84' lang='grc' dir='ltr'>Πνεύ-</span> 
     </span>
    </p>
   </div>
   <div class='ocr_carea' id='block_1_26' title="bbox 468 1810 2046 1893">
    <p class='ocr_par' dir='ltr' id='par_1_26' title="bbox 468 1812 2041 1883">
     <span class='ocr_line' id='line_1_26' title="bbox 468 1812 2041 1883; baseline 0.004 -18"><span class='ocrx_word' id='word_1_160' title='bbox 468 1821 594 1867; x_wconf 91' lang='lat' dir='ltr'><strong>runt</strong></span> <span class='ocrx_word' id='word_1_161' title='bbox 619 1812 976 1867; x_wconf 85' lang='lat' dir='ltr'><strong>admirabiles</strong></span> <span class='ocrx_word' id='word_1_162' title='bbox 1006 1814 1243 1883; x_wconf 85' lang='lat' dir='ltr'><strong>Spiritus</strong></span> <span class='ocrx_word' id='word_1_163' title='bbox 1288 1814 1461 1869; x_wconf 88' lang='lat' dir='ltr'><strong>sancti</strong></span> <span class='ocrx_word' id='word_1_164' title='bbox 1501 1815 1824 1870; x_wconf 89' lang='lat' dir='ltr'><strong>consiliarii.</strong></span> <span class='ocrx_word' id='word_1_165' title='bbox 1860 1817 2041 1872; x_wconf 89' lang='lat' dir='ltr'><strong>Labo-</strong></span> 
     </span>
    </p>
   </div>
   <div class='ocr_carea' id='block_1_27' title="bbox 2149 1810 3726 1893">
    <p class='ocr_par' dir='ltr' id='par_1_27' title="bbox 2149 1810 3726 1893">
     <span class='ocr_line' id='line_1_27' title="bbox 2149 1810 3726 1893; baseline -0.005 -21"><span class='ocrx_word' id='word_1_166' title='bbox 2149 1834 2316 1889; x_wconf 84' lang='grc' dir='ltr'>ματος</span> <span class='ocrx_word' id='word_1_167' title='bbox 2339 1815 2662 1887; x_wconf 72' lang='grc' dir='ltr'>συμϐούλων</span> <span class='ocrx_word' id='word_1_168' title='bbox 2689 1815 2993 1877; x_wconf 84' lang='grc' dir='ltr'><strong>παίδευσις.</strong></span> <span class='ocrx_word' id='word_1_169' title='bbox 3024 1814 3242 1884; x_wconf 79' lang='grc' dir='ltr'>Κάμνει</span> <span class='ocrx_word' id='word_1_170' title='bbox 3271 1812 3380 1882; x_wconf 86' lang='grc' dir='ltr'>γὰρ</span> <span class='ocrx_word' id='word_1_171' title='bbox 3406 1810 3562 1879; x_wconf 85' lang='grc' dir='ltr'>λόγος</span> <span class='ocrx_word' id='word_1_172' title='bbox 3593 1812 3726 1893; x_wconf 63' lang='grc' dir='ltr'>ἀκο-</span> 
     </span>
    </p>
   </div>
   <div class='ocr_carea' id='block_1_28' title="bbox 465 1887 2046 1980">
    <p class='ocr_par' dir='ltr' id='par_1_28' title="bbox 465 1902 2043 1973">
     <span class='ocr_line' id='line_1_28' title="bbox 465 1902 2043 1973; baseline 0.004 -18"><span class='ocrx_word' id='word_1_173' title='bbox 465 1909 550 1955; x_wconf 88' lang='lat' dir='ltr'><strong>rat</strong></span> <span class='ocrx_word' id='word_1_174' title='bbox 579 1902 725 1957; x_wconf 87' lang='lat' dir='ltr'><strong>enim</strong></span> <span class='ocrx_word' id='word_1_175' title='bbox 747 1917 950 1965; x_wconf 89' lang='lat' dir='ltr'><strong>sermo,</strong></span> <span class='ocrx_word' id='word_1_176' title='bbox 979 1904 1207 1957; x_wconf 85' lang='lat' dir='ltr'><strong>auribus</strong></span> <span class='ocrx_word' id='word_1_177' title='bbox 1233 1904 1523 1973; x_wconf 67' lang='lat' dir='ltr'><strong>impcritim</strong></span> <span class='ocrx_word' id='word_1_178' title='bbox 1551 1905 1809 1961; x_wconf 87' lang='lat' dir='ltr'><strong>sordibus</strong></span> <span class='ocrx_word' id='word_1_179' title='bbox 1828 1907 2043 1961; x_wconf 87' lang='lat' dir='ltr'><strong>onustis</strong></span> 
     </span>
    </p>
   </div>
   <div class='ocr_carea' id='block_1_29' title="bbox 2149 1887 3726 1980">
    <p class='ocr_par' dir='ltr' id='par_1_29' title="bbox 2149 1887 3726 1980">
     <span class='ocr_line' id='line_1_29' title="bbox 2149 1887 3726 1980; baseline -0.004 -17"><span class='ocrx_word' id='word_1_180' title='bbox 2149 1887 2233 1973; x_wconf 81' lang='grc' dir='ltr'><strong>αῖς</strong></span> <span class='ocrx_word' id='word_1_181' title='bbox 2257 1907 2465 1980; x_wconf 82' lang='grc' dir='ltr'>ὲνηχῶν</span> <span class='ocrx_word' id='word_1_182' title='bbox 2504 1906 2868 1969; x_wconf 84' lang='grc' dir='ltr'><strong>ἀπαιδευσίας</strong></span> <span class='ocrx_word' id='word_1_183' title='bbox 2900 1904 3057 1978; x_wconf 79' lang='grc' dir='ltr'><strong>ῥύπῳ</strong></span> <span class='ocrx_word' id='word_1_184' title='bbox 3105 1903 3527 1975; x_wconf 80' lang='grc' dir='ltr'>βεϐαρημέναις.</span> <span class='ocrx_word' id='word_1_185' title='bbox 3578 1887 3726 1956; x_wconf 70' lang='grc' dir='ltr'><strong>Ὧδ’-</strong></span> 
     </span>
    </p>
   </div>
   <div class='ocr_carea' id='block_1_30' title="bbox 463 1993 2046 2069">
    <p class='ocr_par' dir='ltr' id='par_1_30' title="bbox 463 1994 2045 2067">
     <span class='ocr_line' id='line_1_30' title="bbox 463 1994 2045 2067; baseline 0.003 -18"><span class='ocrx_word' id='word_1_186' title='bbox 463 2002 745 2063; x_wconf 76' lang='lat' dir='ltr'><strong>cxccptus.</strong></span> <span class='ocrx_word' id='word_1_187' title='bbox 778 1994 923 2050; x_wconf 83' lang='lat' dir='ltr'><strong>Sicut</strong></span> <span class='ocrx_word' id='word_1_188' title='bbox 963 1997 1156 2049; x_wconf 82' lang='lat' dir='ltr'><strong>monile</strong></span> <span class='ocrx_word' id='word_1_189' title='bbox 1183 2012 1425 2062; x_wconf 88' lang='lat' dir='ltr'><strong>aureum,</strong></span> <span class='ocrx_word' id='word_1_190' title='bbox 1470 1997 1547 2050; x_wconf 88' lang='lat' dir='ltr'><strong>ait</strong></span> <span class='ocrx_word' id='word_1_191' title='bbox 1581 1997 1803 2067; x_wconf 90' lang='lat' dir='ltr'><strong>sapiens</strong></span> <span class='ocrx_word' id='word_1_192' title='bbox 1833 1998 1887 2052; x_wconf 91' lang='lat' dir='ltr'><strong>in</strong></span> <span class='ocrx_word' id='word_1_193' title='bbox 1910 1999 2045 2053; x_wconf 86' lang='lat' dir='ltr'><strong>Pro-</strong></span> 
     </span>
    </p>
   </div>
   <div class='ocr_carea' id='block_1_31' title="bbox 2149 1993 3730 2069">
    <p class='ocr_par' dir='ltr' id='par_1_31' title="bbox 2149 1993 3730 2069">
     <span class='ocr_line' id='line_1_31' title="bbox 2149 1993 3730 2069; baseline -0.004 -16"><span class='ocrx_word' id='word_1_194' title='bbox 2149 2015 2263 2066; x_wconf 83' lang='grc' dir='ltr'><strong>περ</strong></span> <span class='ocrx_word' id='word_1_195' title='bbox 2302 1997 2412 2069; x_wconf 80' lang='grc' dir='ltr'>γὰρ</span> <span class='ocrx_word' id='word_1_196' title='bbox 2435 1996 2684 2052; x_wconf 80' lang='grc' dir='ltr'><strong>ἐνώτιον</strong></span> <span class='ocrx_word' id='word_1_197' title='bbox 2711 1995 3007 2064; x_wconf 80' lang='grc' dir='ltr'><strong>χρυσοῦν,</strong></span> <span class='ocrx_word' id='word_1_198' title='bbox 3038 1995 3137 2049; x_wconf 76' lang='grc' dir='ltr'>καὶ</span> <span class='ocrx_word' id='word_1_199' title='bbox 3178 1993 3434 2062; x_wconf 79' lang='grc' dir='ltr'><strong>σάρδιον</strong></span> <span class='ocrx_word' id='word_1_200' title='bbox 3476 1995 3730 2047; x_wconf 76' lang='grc' dir='ltr'>πολυτε-</span> 
     </span>
    </p>
   </div>
   <div class='ocr_carea' id='block_1_32' title="bbox 463 2087 2044 2159">
    <p class='ocr_par' dir='ltr' id='par_1_32' title="bbox 463 2087 2044 2159">
     <span class='ocr_line' id='line_1_32' title="bbox 463 2087 2044 2159; baseline 0.003 -19"><span class='ocrx_word' id='word_1_201' title='bbox 463 2087 691 2153; x_wconf 79' lang='lat' dir='ltr'><strong>verbiis,</strong></span> <span class='ocrx_word' id='word_1_202' title='bbox 710 2096 758 2141; x_wconf 87' lang='lat' dir='ltr'><strong>et</strong></span> <span class='ocrx_word' id='word_1_203' title='bbox 780 2088 1018 2141; x_wconf 73' lang='lat' dir='ltr'><strong>sardium</strong></span> <span class='ocrx_word' id='word_1_204' title='bbox 1048 2090 1230 2159; x_wconf 77' lang='lat' dir='ltr'><strong>magni</strong></span> <span class='ocrx_word' id='word_1_205' title='bbox 1258 2090 1412 2159; x_wconf 79' lang='lat' dir='ltr'><strong>pretii</strong></span> <span class='ocrx_word' id='word_1_206' title='bbox 1436 2087 1742 2159; x_wconf 85' lang='lat' dir='ltr'><strong>alligatum,</strong></span> <span class='ocrx_word' id='word_1_207' title='bbox 1768 2091 1843 2143; x_wconf 72' lang='lat' dir='ltr'><strong>sic</strong></span> <span class='ocrx_word' id='word_1_208' title='bbox 1873 2108 2044 2145; x_wconf 79' lang='lat' dir='ltr'><strong>sermo</strong></span> 
     </span>
    </p>
   </div>
   <div class='ocr_carea' id='block_1_33' title="bbox 460 2177 2049 2252">
    <p class='ocr_par' dir='ltr' id='par_1_33' title="bbox 460 2177 2049 2252">
     <span class='ocr_line' id='line_1_33' title="bbox 460 2177 2049 2252; baseline 0.003 -22"><span class='ocrx_word' id='word_1_209' title='bbox 460 2178 674 2247; x_wconf 69' lang='lat' dir='ltr'><strong>sapiens</strong></span> <span class='ocrx_word' id='word_1_210' title='bbox 703 2178 760 2231; x_wconf 88' lang='lat' dir='ltr'><strong>in</strong></span> <span class='ocrx_word' id='word_1_211' title='bbox 788 2177 1005 2231; x_wconf 78' lang='lat' dir='ltr'><strong>auribus</strong></span> <span class='ocrx_word' id='word_1_212' title='bbox 1035 2178 1161 2231; x_wconf 82' lang='lat' dir='ltr'><strong>bene</strong></span> <span class='ocrx_word' id='word_1_213' title='bbox 1195 2178 1527 2232; x_wconf 83' lang='lat' dir='ltr'><strong>audientium</strong></span> <span class='ocrx_word' id='word_1_214' title='bbox 1558 2179 1599 2232; x_wconf 82' lang='lat'><strong>&#39;.</strong></span> <span class='ocrx_word' id='word_1_215' title='bbox 1632 2179 1896 2234; x_wconf 81' lang='lat' dir='ltr'><strong>Auditum</strong></span> <span class='ocrx_word' id='word_1_216' title='bbox 1946 2180 2049 2252; x_wconf 89' lang='lat' dir='ltr'><strong>igi-</strong></span> 
     </span>
    </p>
   </div>
   <div class='ocr_carea' id='block_1_34' title="bbox 463 2266 2047 2343">
    <p class='ocr_par' dir='ltr' id='par_1_34' title="bbox 463 2266 2047 2343">
     <span class='ocr_line' id='line_1_34' title="bbox 463 2266 2047 2343; baseline 0.005 -25"><span class='ocrx_word' id='word_1_217' title='bbox 463 2274 556 2319; x_wconf 76' lang='lat' dir='ltr'><strong>tur</strong></span> <span class='ocrx_word' id='word_1_218' title='bbox 579 2274 829 2321; x_wconf 89' lang='lat' dir='ltr'><strong>nostrum</strong></span> <span class='ocrx_word' id='word_1_219' title='bbox 866 2266 1169 2323; x_wconf 90' lang='lat' dir='ltr'><strong>secundum</strong></span> <span class='ocrx_word' id='word_1_220' title='bbox 1214 2283 1435 2326; x_wconf 89' lang='lat' dir='ltr'><strong>sensum</strong></span> <span class='ocrx_word' id='word_1_221' title='bbox 1468 2268 1719 2323; x_wconf 84' lang='lat' dir='ltr'><strong>divinum</strong></span> <span class='ocrx_word' id='word_1_222' title='bbox 1746 2312 1760 2336; x_wconf 98' lang='lat'><strong>,</strong></span> <span class='ocrx_word' id='word_1_223' title='bbox 1787 2286 2047 2343; x_wconf 84' lang='lat' dir='ltr'><strong>repurge—</strong></span> 
     </span>
    </p>
   </div>
   <div class='ocr_carea' id='block_1_35' title="bbox 464 2357 2047 2429">
    <p class='ocr_par' dir='ltr' id='par_1_35' title="bbox 464 2357 2047 2429">
     <span class='ocr_line' id='line_1_35' title="bbox 464 2357 2047 2429; baseline 0.004 -19"><span class='ocrx_word' id='word_1_224' title='bbox 464 2372 589 2413; x_wconf 87' lang='lat' dir='ltr'><strong>mus</strong></span> <span class='ocrx_word' id='word_1_225' title='bbox 614 2357 683 2412; x_wconf 88' lang='lat' dir='ltr'><strong>ab</strong></span> <span class='ocrx_word' id='word_1_226' title='bbox 725 2358 875 2412; x_wconf 89' lang='lat' dir='ltr'><strong>omni</strong></span> <span class='ocrx_word' id='word_1_227' title='bbox 923 2373 1090 2413; x_wconf 90' lang='lat' dir='ltr'><strong>onere</strong></span> <span class='ocrx_word' id='word_1_228' title='bbox 1141 2375 1205 2414; x_wconf 81' lang='lat' dir='ltr'><strong>ex</strong></span> <span class='ocrx_word' id='word_1_229' title='bbox 1238 2360 1634 2429; x_wconf 90' lang='lat' dir='ltr'><strong>anticipatione</strong></span> <span class='ocrx_word' id='word_1_230' title='bbox 1665 2360 1903 2416; x_wconf 84' lang='lat' dir='ltr'><strong>conﬂato</strong></span> <span class='ocrx_word' id='word_1_231' title='bbox 1927 2403 1943 2427; x_wconf 94' lang='lat'><strong>,</strong></span> <span class='ocrx_word' id='word_1_232' title='bbox 1990 2371 2047 2417; x_wconf 87' lang='lat' dir='ltr'><strong>et</strong></span> 
     </span>
    </p>
   </div>
   <div class='ocr_carea' id='block_1_36' title="bbox 464 2449 2045 2519">
    <p class='ocr_par' dir='ltr' id='par_1_36' title="bbox 464 2449 2045 2519">
     <span class='ocr_line' id='line_1_36' title="bbox 464 2449 2045 2519; baseline 0.004 -18"><span class='ocrx_word' id='word_1_233' title='bbox 464 2456 706 2503; x_wconf 88' lang='lat' dir='ltr'><strong>mentem</strong></span> <span class='ocrx_word' id='word_1_234' title='bbox 721 2449 943 2503; x_wconf 86' lang='lat' dir='ltr'><strong>surdam</strong></span> <span class='ocrx_word' id='word_1_235' title='bbox 963 2449 1250 2503; x_wconf 84' lang='lat' dir='ltr'><strong>reddente.</strong></span> <span class='ocrx_word' id='word_1_236' title='bbox 1266 2450 1385 2505; x_wconf 87' lang='lat' dir='ltr'><strong>Jam</strong></span> <span class='ocrx_word' id='word_1_237' title='bbox 1403 2451 1549 2505; x_wconf 90' lang='lat' dir='ltr'><strong>enim</strong></span> <span class='ocrx_word' id='word_1_238' title='bbox 1571 2452 1773 2506; x_wconf 92' lang='lat' dir='ltr'><strong>nubem</strong></span> <span class='ocrx_word' id='word_1_239' title='bbox 1798 2454 2045 2519; x_wconf 87' lang='lat' dir='ltr'><strong>testium,</strong></span> 
     </span>
    </p>
   </div>
   <div class='ocr_carea' id='block_1_37' title="bbox 464 2540 2046 2611">
    <p class='ocr_par' dir='ltr' id='par_1_37' title="bbox 464 2540 2046 2611">
     <span class='ocr_line' id='line_1_37' title="bbox 464 2540 2046 2611; baseline 0.004 -17"><span class='ocrx_word' id='word_1_240' title='bbox 464 2540 609 2594; x_wconf 80' lang='lat' dir='ltr'><strong>sicut</strong></span> <span class='ocrx_word' id='word_1_241' title='bbox 640 2540 936 2609; x_wconf 83' lang='lat' dir='ltr'><strong>Apostolus</strong></span> <span class='ocrx_word' id='word_1_242' title='bbox 989 2542 1066 2594; x_wconf 88' lang='lat' dir='ltr'><strong>ait</strong></span> <span class='ocrx_word' id='word_1_243' title='bbox 1093 2542 1134 2605; x_wconf 79' lang='grc'>⁸,</span> <span class='ocrx_word' id='word_1_244' title='bbox 1174 2542 1564 2611; x_wconf 91' lang='lat' dir='ltr'><strong>producemus.</strong></span> <span class='ocrx_word' id='word_1_245' title='bbox 1610 2544 1666 2598; x_wconf 88' lang='lat' dir='ltr'><strong>Si</strong></span> <span class='ocrx_word' id='word_1_246' title='bbox 1708 2545 1847 2600; x_wconf 84' lang='lat' dir='ltr'><strong>forte</strong></span> <span class='ocrx_word' id='word_1_247' title='bbox 1879 2547 2046 2603; x_wconf 90' lang='lat' dir='ltr'><strong>tantis</strong></span> 
     </span>
    </p>
   </div>
   <div class='ocr_carea' id='block_1_38' title="bbox 465 2631 2049 2705">
    <p class='ocr_par' dir='ltr' id='par_1_38' title="bbox 465 2631 2049 2705">
     <span class='ocr_line' id='line_1_38' title="bbox 465 2631 2049 2705; baseline 0.004 -18"><span class='ocrx_word' id='word_1_248' title='bbox 465 2631 778 2701; x_wconf 90' lang='lat' dir='ltr'><strong>cedantqui</strong></span> <span class='ocrx_word' id='word_1_249' title='bbox 802 2642 1127 2703; x_wconf 80' lang='lat' dir='ltr'><strong>repugnant.</strong></span> <span class='ocrx_word' id='word_1_250' title='bbox 1163 2632 1450 2703; x_wconf 73' lang='lat' dir='ltr'><strong>Siquidem</strong></span> <span class='ocrx_word' id='word_1_251' title='bbox 1482 2645 1710 2705; x_wconf 89' lang='lat' dir='ltr'><strong>propter</strong></span> <span class='ocrx_word' id='word_1_252' title='bbox 1741 2639 2049 2693; x_wconf 82' lang='lat' dir='ltr'><strong>contentio-</strong></span> 
     </span>
    </p>
   </div>
   <div class='ocr_carea' id='block_1_39' title="bbox 464 2725 2048 2799">
    <p class='ocr_par' dir='ltr' id='par_1_39' title="bbox 464 2725 2048 2799">
     <span class='ocr_line' id='line_1_39' title="bbox 464 2725 2048 2799; baseline 0.006 -21"><span class='ocrx_word' id='word_1_253' title='bbox 464 2738 592 2779; x_wconf 92' lang='lat' dir='ltr'><strong>nem</strong></span> <span class='ocrx_word' id='word_1_254' title='bbox 624 2739 654 2777; x_wconf 90' lang='lat' dir='ltr'><strong>a</strong></span> <span class='ocrx_word' id='word_1_255' title='bbox 688 2725 993 2795; x_wconf 87' lang='lat' dir='ltr'><strong>majoribus</strong></span> <span class='ocrx_word' id='word_1_256' title='bbox 1029 2742 1218 2781; x_wconf 89' lang='lat' dir='ltr'><strong>eorum</strong></span> <span class='ocrx_word' id='word_1_257' title='bbox 1263 2726 1519 2782; x_wconf 89' lang='lat' dir='ltr'><strong>traditam</strong></span> <span class='ocrx_word' id='word_1_258' title='bbox 1556 2744 1663 2782; x_wconf 91' lang='lat' dir='ltr'><strong>non</strong></span> <span class='ocrx_word' id='word_1_259' title='bbox 1689 2730 2048 2799; x_wconf 78' lang='lat' dir='ltr'><strong>produximus</strong></span> 
     </span>
    </p>
   </div>
   <div class='ocr_carea' id='block_1_40' title="bbox 465 2818 2045 2893">
    <p class='ocr_par' dir='ltr' id='par_1_40' title="bbox 465 2818 2045 2893">
     <span class='ocr_line' id='line_1_40' title="bbox 465 2818 2045 2893; baseline 0.004 -22"><span class='ocrx_word' id='word_1_260' title='bbox 465 2818 848 2873; x_wconf 85' lang='lat' dir='ltr'><strong>auctoritatem</strong></span> <span class='ocrx_word' id='word_1_261' title='bbox 890 2819 1227 2890; x_wconf 88' lang='lat' dir='ltr'><strong>ambiguam,</strong></span> <span class='ocrx_word' id='word_1_262' title='bbox 1263 2829 1358 2875; x_wconf 92' lang='lat' dir='ltr'><strong>aut</strong></span> <span class='ocrx_word' id='word_1_263' title='bbox 1397 2835 1519 2890; x_wconf 62' lang='lat' dir='ltr'><strong>quae</strong></span> <span class='ocrx_word' id='word_1_264' title='bbox 1545 2820 1843 2893; x_wconf 88' lang='lat' dir='ltr'><strong>dupliciter</strong></span> <span class='ocrx_word' id='word_1_265' title='bbox 1871 2822 2045 2893; x_wconf 91' lang='lat' dir='ltr'><strong>accipi</strong></span> 
     </span>
    </p>
   </div>
   <div class='ocr_carea' id='block_1_41' title="bbox 464 2909 2047 2979">
    <p class='ocr_par' dir='ltr' id='par_1_41' title="bbox 464 2909 2047 2979">
     <span class='ocr_line' id='line_1_41' title="bbox 464 2909 2047 2979; baseline 0.006 -20"><span class='ocrx_word' id='word_1_266' title='bbox 464 2916 672 2975; x_wconf 90' lang='lat' dir='ltr'><strong>posset,</strong></span> <span class='ocrx_word' id='word_1_267' title='bbox 705 2923 808 2962; x_wconf 90' lang='lat' dir='ltr'><strong>nec</strong></span> <span class='ocrx_word' id='word_1_268' title='bbox 836 2909 1103 2979; x_wconf 78' lang='lat' dir='ltr'><strong>ignobiles</strong></span> <span class='ocrx_word' id='word_1_269' title='bbox 1140 2912 1331 2965; x_wconf 86' lang='lat' dir='ltr'><strong>Patres</strong></span> <span class='ocrx_word' id='word_1_270' title='bbox 1362 2919 1534 2966; x_wconf 84' lang='lat' dir='ltr'><strong>testes</strong></span> <span class='ocrx_word' id='word_1_271' title='bbox 1559 2913 1857 2967; x_wconf 86' lang='lat' dir='ltr'><strong>citavimus</strong></span> <span class='ocrx_word' id='word_1_272' title='bbox 1881 2954 1894 2978; x_wconf 97' lang='lat'><strong>,</strong></span> <span class='ocrx_word' id='word_1_273' title='bbox 1950 2915 2047 2969; x_wconf 89' lang='lat' dir='ltr'><strong>sed</strong></span> 
     </span>
    </p>
   </div>
   <div class='ocr_carea' id='block_1_42' title="bbox 464 2996 2047 3073">
    <p class='ocr_par' dir='ltr' id='par_1_42' title="bbox 464 2996 2047 3073">
     <span class='ocr_line' id='line_1_42' title="bbox 464 2996 2047 3073; baseline 0.008 -24"><span class='ocrx_word' id='word_1_274' title='bbox 464 2996 651 3066; x_wconf 90' lang='lat' dir='ltr'><strong>potius</strong></span> <span class='ocrx_word' id='word_1_275' title='bbox 686 2998 1046 3062; x_wconf 89' lang='lat' dir='ltr'><strong>clarissimos,</strong></span> <span class='ocrx_word' id='word_1_276' title='bbox 1091 3010 1144 3054; x_wconf 88' lang='lat' dir='ltr'><strong>et</strong></span> <span class='ocrx_word' id='word_1_277' title='bbox 1188 3000 1281 3071; x_wconf 92' lang='lat' dir='ltr'><strong>qui</strong></span> <span class='ocrx_word' id='word_1_278' title='bbox 1335 3000 1560 3057; x_wconf 84' lang='lat' dir='ltr'><strong>fuerunt</strong></span> <span class='ocrx_word' id='word_1_279' title='bbox 1603 3004 2047 3073; x_wconf 90' lang='lat' dir='ltr'><strong>splendidissima</strong></span> 
     </span>
    </p>
   </div>
   <div class='ocr_carea' id='block_1_43' title="bbox 463 3085 2045 3150">
    <p class='ocr_par' dir='ltr' id='par_1_43' title="bbox 463 3085 2045 3150">
     <span class='ocr_line' id='line_1_43' title="bbox 463 3085 2045 3150; baseline 0.006 -12"><span class='ocrx_word' id='word_1_280' title='bbox 463 3085 619 3141; x_wconf 90' lang='lat' dir='ltr'><strong>orbis</strong></span> <span class='ocrx_word' id='word_1_281' title='bbox 644 3087 852 3142; x_wconf 91' lang='lat' dir='ltr'><strong>lumina</strong></span> <span class='ocrx_word' id='word_1_282' title='bbox 877 3089 943 3143; x_wconf 89' lang='lat' dir='ltr'><strong>ad</strong></span> <span class='ocrx_word' id='word_1_283' title='bbox 971 3089 1268 3145; x_wconf 90' lang='lat' dir='ltr'><strong>dicendum</strong></span> <span class='ocrx_word' id='word_1_284' title='bbox 1300 3092 1676 3145; x_wconf 91' lang='lat' dir='ltr'><strong>testimonium</strong></span> <span class='ocrx_word' id='word_1_285' title='bbox 1708 3095 2045 3150; x_wconf 88' lang='lat' dir='ltr'><strong>vocavimus.</strong></span> 
     </span>
    </p>
   </div>
   <div class='ocr_carea' id='block_1_44' title="bbox 464 3174 2049 3246">
    <p class='ocr_par' dir='ltr' id='par_1_44' title="bbox 464 3174 2049 3246">
     <span class='ocr_line' id='line_1_44' title="bbox 464 3174 2049 3246; baseline 0.003 -15"><span class='ocrx_word' id='word_1_286' title='bbox 464 3174 942 3246; x_wconf 80' lang='lat' dir='ltr'><strong>Produximusque</strong></span> <span class='ocrx_word' id='word_1_287' title='bbox 973 3178 1291 3234; x_wconf 88' lang='lat' dir='ltr'><strong>testimonia</strong></span> <span class='ocrx_word' id='word_1_288' title='bbox 1324 3180 1769 3235; x_wconf 84' lang='lat' dir='ltr'><strong>manifestissima</strong></span> <span class='ocrx_word' id='word_1_289' title='bbox 1791 3223 1804 3246; x_wconf 97' lang='lat'><strong>,</strong></span> <span class='ocrx_word' id='word_1_290' title='bbox 1854 3192 1909 3237; x_wconf 92' lang='lat' dir='ltr'><strong>et</strong></span> <span class='ocrx_word' id='word_1_291' title='bbox 1946 3184 2049 3236; x_wconf 90' lang='lat' dir='ltr'><strong>mi-</strong></span> 
     </span>
    </p>
   </div>
   <div class='ocr_carea' id='block_1_45' title="bbox 463 3268 2044 3336">
    <p class='ocr_par' dir='ltr' id='par_1_45' title="bbox 463 3268 2044 3336">
     <span class='ocr_line' id='line_1_45' title="bbox 463 3268 2044 3336; baseline 0.005 -15"><span class='ocrx_word' id='word_1_292' title='bbox 463 3268 614 3323; x_wconf 90' lang='lat' dir='ltr'><strong>nime</strong></span> <span class='ocrx_word' id='word_1_293' title='bbox 642 3268 846 3336; x_wconf 87' lang='lat' dir='ltr'><strong>dubia;</strong></span> <span class='ocrx_word' id='word_1_294' title='bbox 874 3278 934 3325; x_wconf 89' lang='lat' dir='ltr'><strong>ut</strong></span> <span class='ocrx_word' id='word_1_295' title='bbox 982 3286 1199 3326; x_wconf 92' lang='lat' dir='ltr'><strong>omnem</strong></span> <span class='ocrx_word' id='word_1_296' title='bbox 1242 3288 1435 3327; x_wconf 91' lang='lat' dir='ltr'><strong>eorum</strong></span> <span class='ocrx_word' id='word_1_297' title='bbox 1471 3273 1734 3327; x_wconf 83' lang='lat' dir='ltr'><strong>adversus</strong></span> <span class='ocrx_word' id='word_1_298' title='bbox 1756 3274 2044 3330; x_wconf 83' lang='lat' dir='ltr'><strong>veritatem</strong></span> 
     </span>
    </p>
   </div>
   <div class='ocr_carea' id='block_1_46' title="bbox 462 3362 2047 3432">
    <p class='ocr_par' dir='ltr' id='par_1_46' title="bbox 462 3362 2047 3432">
     <span class='ocr_line' id='line_1_46' title="bbox 462 3362 2047 3432; baseline 0.005 -16"><span class='ocrx_word' id='word_1_299' title='bbox 462 3362 927 3432; x_wconf 81' lang='lat' dir='ltr'><strong>excogitationem</strong></span> <span class='ocrx_word' id='word_1_300' title='bbox 956 3366 1400 3420; x_wconf 81' lang='lat' dir='ltr'><strong>excludercmus.</strong></span> <span class='ocrx_word' id='word_1_301' title='bbox 1437 3366 1553 3419; x_wconf 88' lang='lat' dir='ltr'><strong>Non</strong></span> <span class='ocrx_word' id='word_1_302' title='bbox 1584 3366 1938 3422; x_wconf 83' lang='lat' dir='ltr'><strong>rccitavimus</strong></span> <span class='ocrx_word' id='word_1_303' title='bbox 1964 3378 2047 3423; x_wconf 82' lang='lat' dir='ltr'><strong>te-</strong></span> 
     </span>
    </p>
   </div>
   <div class='ocr_carea' id='block_1_47' title="bbox 463 3453 2049 3528">
    <p class='ocr_par' dir='ltr' id='par_1_47' title="bbox 463 3453 2049 3528">
     <span class='ocr_line' id='line_1_47' title="bbox 463 3453 2049 3528; baseline 0.003 -19"><span class='ocrx_word' id='word_1_304' title='bbox 463 3453 743 3519; x_wconf 86' lang='lat' dir='ltr'><strong>stimonia,</strong></span> <span class='ocrx_word' id='word_1_305' title='bbox 781 3455 834 3509; x_wconf 92' lang='lat' dir='ltr'><strong>in</strong></span> <span class='ocrx_word' id='word_1_306' title='bbox 859 3457 1059 3525; x_wconf 85' lang='lat' dir='ltr'><strong>quibus</strong></span> <span class='ocrx_word' id='word_1_307' title='bbox 1082 3466 1188 3523; x_wconf 86' lang='lat' dir='ltr'><strong>est,</strong></span> <span class='ocrx_word' id='word_1_308' title='bbox 1240 3474 1303 3513; x_wconf 82' lang='lat' dir='ltr'><strong>ex</strong></span> <span class='ocrx_word' id='word_1_309' title='bbox 1337 3457 1541 3526; x_wconf 85' lang='lat' dir='ltr'><strong>quibus</strong></span> <span class='ocrx_word' id='word_1_310' title='bbox 1584 3465 1639 3512; x_wconf 91' lang='lat' dir='ltr'><strong>et</strong></span> <span class='ocrx_word' id='word_1_311' title='bbox 1668 3474 1697 3511; x_wconf 90' lang='lat' dir='ltr'><strong>a</strong></span> <span class='ocrx_word' id='word_1_312' title='bbox 1736 3460 1959 3528; x_wconf 90' lang='lat' dir='ltr'><strong>quibus,</strong></span> <span class='ocrx_word' id='word_1_313' title='bbox 1990 3467 2049 3515; x_wconf 90' lang='lat' dir='ltr'><strong>et</strong></span> 
     </span>
    </p>
   </div>
   <div class='ocr_carea' id='block_1_48' title="bbox 463 3544 2049 3617">
    <p class='ocr_par' dir='ltr' id='par_1_48' title="bbox 463 3544 2049 3617">
     <span class='ocr_line' id='line_1_48' title="bbox 463 3544 2049 3617; baseline 0.004 -18"><span class='ocrx_word' id='word_1_314' title='bbox 463 3544 533 3599; x_wconf 90' lang='lat' dir='ltr'><strong>de</strong></span> <span class='ocrx_word' id='word_1_315' title='bbox 563 3546 769 3616; x_wconf 89' lang='lat' dir='ltr'><strong>quibus</strong></span> <span class='ocrx_word' id='word_1_316' title='bbox 810 3546 1053 3614; x_wconf 84' lang='lat' dir='ltr'><strong>(scilicet</strong></span> <span class='ocrx_word' id='word_1_317' title='bbox 1080 3548 1329 3617; x_wconf 87' lang='lat' dir='ltr'><strong>naturis)</strong></span> <span class='ocrx_word' id='word_1_318' title='bbox 1379 3557 1435 3602; x_wconf 88' lang='lat' dir='ltr'><strong>et</strong></span> <span class='ocrx_word' id='word_1_319' title='bbox 1480 3561 1608 3603; x_wconf 90' lang='lat' dir='ltr'><strong>ante</strong></span> <span class='ocrx_word' id='word_1_320' title='bbox 1644 3550 1944 3615; x_wconf 89' lang='lat' dir='ltr'><strong>unionem,</strong></span> <span class='ocrx_word' id='word_1_321' title='bbox 1986 3560 2049 3605; x_wconf 90' lang='lat' dir='ltr'><strong>ut</strong></span> 
     </span>
    </p>
   </div>
   <div class='ocr_carea' id='block_1_49' title="bbox 464 3636 2046 3708">
    <p class='ocr_par' dir='ltr' id='par_1_49' title="bbox 464 3636 2046 3708">
     <span class='ocr_line' id='line_1_49' title="bbox 464 3636 2046 3708; baseline 0.004 -18"><span class='ocrx_word' id='word_1_322' title='bbox 464 3636 601 3704; x_wconf 85' lang='lat' dir='ltr'><strong>ipsis</strong></span> <span class='ocrx_word' id='word_1_323' title='bbox 638 3638 817 3708; x_wconf 89' lang='lat' dir='ltr'><strong>placet</strong></span> <span class='ocrx_word' id='word_1_324' title='bbox 865 3655 1063 3695; x_wconf 83' lang='lat' dir='ltr'><strong>vocare</strong></span> <span class='ocrx_word' id='word_1_325' title='bbox 1090 3682 1103 3705; x_wconf 96' lang='lat'><strong>,</strong></span> <span class='ocrx_word' id='word_1_326' title='bbox 1159 3649 1254 3694; x_wconf 90' lang='lat' dir='ltr'><strong>aut</strong></span> <span class='ocrx_word' id='word_1_327' title='bbox 1293 3641 1347 3694; x_wconf 91' lang='lat' dir='ltr'><strong>in</strong></span> <span class='ocrx_word' id='word_1_328' title='bbox 1382 3640 1608 3706; x_wconf 89' lang='lat' dir='ltr'><strong>unione,</strong></span> <span class='ocrx_word' id='word_1_329' title='bbox 1655 3653 1711 3695; x_wconf 89' lang='lat' dir='ltr'><strong>et</strong></span> <span class='ocrx_word' id='word_1_330' title='bbox 1742 3643 2046 3697; x_wconf 91' lang='lat' dir='ltr'><strong>nonetiam</strong></span> 
     </span>
    </p>
   </div>
   <div class='ocr_carea' id='block_1_50' title="bbox 461 3729 2047 3801">
    <p class='ocr_par' dir='ltr' id='par_1_50' title="bbox 461 3729 2047 3801">
     <span class='ocr_line' id='line_1_50' title="bbox 461 3729 2047 3801; baseline 0.004 -20"><span class='ocrx_word' id='word_1_331' title='bbox 461 3737 588 3796; x_wconf 89' lang='lat' dir='ltr'><strong>post</strong></span> <span class='ocrx_word' id='word_1_332' title='bbox 616 3729 911 3795; x_wconf 88' lang='lat' dir='ltr'><strong>unionem;</strong></span> <span class='ocrx_word' id='word_1_333' title='bbox 946 3731 1219 3799; x_wconf 86' lang='lat' dir='ltr'><strong>siquidem</strong></span> <span class='ocrx_word' id='word_1_334' title='bbox 1255 3738 1340 3786; x_wconf 91' lang='lat' dir='ltr'><strong>est</strong></span> <span class='ocrx_word' id='word_1_335' title='bbox 1367 3731 1671 3787; x_wconf 90' lang='lat' dir='ltr'><strong>secundum</strong></span> <span class='ocrx_word' id='word_1_336' title='bbox 1720 3732 2047 3801; x_wconf 88' lang='lat' dir='ltr'><strong>sapientiam</strong></span> 
     </span>
    </p>
   </div>
   <div class='ocr_carea' id='block_1_51' title="bbox 462 3818 2049 3892">
    <p class='ocr_par' dir='ltr' id='par_1_51' title="bbox 462 3818 2049 3892">
     <span class='ocr_line' id='line_1_51' title="bbox 462 3818 2049 3892; baseline 0.004 -20"><span class='ocrx_word' id='word_1_337' title='bbox 462 3818 693 3873; x_wconf 87' lang='lat' dir='ltr'><strong>istorum</strong></span> <span class='ocrx_word' id='word_1_338' title='bbox 726 3820 849 3875; x_wconf 77' lang='lat' dir='ltr'><strong>[luis</strong></span> <span class='ocrx_word' id='word_1_339' title='bbox 891 3822 1054 3892; x_wconf 85' lang='lat' dir='ltr'><strong>hujus</strong></span> <span class='ocrx_word' id='word_1_340' title='bbox 1096 3825 1317 3879; x_wconf 86' lang='lat' dir='ltr'><strong>uniouis</strong></span> <span class='ocrx_word' id='word_1_341' title='bbox 1345 3843 1358 3877; x_wconf 89' lang='lat'><strong>:</strong></span> <span class='ocrx_word' id='word_1_342' title='bbox 1384 3823 1480 3878; x_wconf 91' lang='lat' dir='ltr'><strong>sed</strong></span> <span class='ocrx_word' id='word_1_343' title='bbox 1525 3824 1892 3881; x_wconf 88' lang='lat' dir='ltr'><strong>indicavimus</strong></span> <span class='ocrx_word' id='word_1_344' title='bbox 1922 3840 2049 3880; x_wconf 88' lang='lat' dir='ltr'><strong>san-</strong></span> 
     </span>
    </p>
   </div>
   <div class='ocr_carea' id='block_1_52' title="bbox 462 3909 2048 3983">
    <p class='ocr_par' dir='ltr' id='par_1_52' title="bbox 462 3909 2048 3983">
     <span class='ocr_line' id='line_1_52' title="bbox 462 3909 2048 3983; baseline 0.006 -22"><span class='ocrx_word' id='word_1_345' title='bbox 462 3914 603 3971; x_wconf 89' lang='lat' dir='ltr'><strong>ctos,</strong></span> <span class='ocrx_word' id='word_1_346' title='bbox 643 3909 737 3978; x_wconf 89' lang='lat' dir='ltr'><strong>qui</strong></span> <span class='ocrx_word' id='word_1_347' title='bbox 764 3909 817 3963; x_wconf 90' lang='lat' dir='ltr'><strong>in</strong></span> <span class='ocrx_word' id='word_1_348' title='bbox 859 3911 1190 3967; x_wconf 80' lang='lat' dir='ltr'><strong>testimoniis</strong></span> <span class='ocrx_word' id='word_1_349' title='bbox 1220 3913 1338 3968; x_wconf 90' lang='lat' dir='ltr'><strong>suis</strong></span> <span class='ocrx_word' id='word_1_350' title='bbox 1368 3913 1632 3968; x_wconf 82' lang='lat' dir='ltr'><strong>dixerunt</strong></span> <span class='ocrx_word' id='word_1_351' title='bbox 1663 3914 1715 3968; x_wconf 92' lang='lat' dir='ltr'><strong>in</strong></span> <span class='ocrx_word' id='word_1_352' title='bbox 1740 3916 1959 3983; x_wconf 87' lang='lat' dir='ltr'><strong>quibus,</strong></span> <span class='ocrx_word' id='word_1_353' title='bbox 1991 3926 2048 3971; x_wconf 93' lang='lat' dir='ltr'><strong>ct</strong></span> 
     </span>
    </p>
   </div>
   <div class='ocr_carea' id='block_1_53' title="bbox 461 4005 2048 4074">
    <p class='ocr_par' dir='ltr' id='par_1_53' title="bbox 461 4005 2048 4074">
     <span class='ocr_line' id='line_1_53' title="bbox 461 4005 2048 4074; baseline 0.006 -22"><span class='ocrx_word' id='word_1_354' title='bbox 461 4014 562 4069; x_wconf 89' lang='lat' dir='ltr'><strong>per</strong></span> <span class='ocrx_word' id='word_1_355' title='bbox 594 4016 750 4070; x_wconf 89' lang='lat' dir='ltr'><strong>quas,</strong></span> <span class='ocrx_word' id='word_1_356' title='bbox 776 4010 832 4055; x_wconf 89' lang='lat' dir='ltr'><strong>et</strong></span> <span class='ocrx_word' id='word_1_357' title='bbox 854 4012 1137 4073; x_wconf 87' lang='lat' dir='ltr'><strong>utrasque,</strong></span> <span class='ocrx_word' id='word_1_358' title='bbox 1171 4013 1226 4057; x_wconf 90' lang='lat' dir='ltr'><strong>et</strong></span> <span class='ocrx_word' id='word_1_359' title='bbox 1246 4021 1345 4074; x_wconf 90' lang='lat' dir='ltr'><strong>per</strong></span> <span class='ocrx_word' id='word_1_360' title='bbox 1376 4005 1587 4069; x_wconf 87' lang='lat' dir='ltr'><strong>ambas,</strong></span> <span class='ocrx_word' id='word_1_361' title='bbox 1622 4016 1677 4059; x_wconf 89' lang='lat' dir='ltr'><strong>et</strong></span> <span class='ocrx_word' id='word_1_362' title='bbox 1713 4007 1904 4061; x_wconf 86' lang='lat' dir='ltr'><strong>ambas</strong></span> <span class='ocrx_word' id='word_1_363' title='bbox 1951 4024 2048 4062; x_wconf 88' lang='lat' dir='ltr'><strong>ua—</strong></span> 
     </span>
    </p>
   </div>
   <div class='ocr_carea' id='block_1_54' title="bbox 464 4096 2045 4161">
    <p class='ocr_par' dir='ltr' id='par_1_54' title="bbox 464 4096 2045 4161">
     <span class='ocr_line' id='line_1_54' title="bbox 464 4096 2045 4161; baseline 0.006 -16"><span class='ocrx_word' id='word_1_364' title='bbox 464 4100 651 4158; x_wconf 85' lang='lat' dir='ltr'><strong>turas,</strong></span> <span class='ocrx_word' id='word_1_365' title='bbox 702 4103 758 4148; x_wconf 89' lang='lat' dir='ltr'><strong>et</strong></span> <span class='ocrx_word' id='word_1_366' title='bbox 791 4096 1129 4152; x_wconf 88' lang='lat' dir='ltr'><strong>substantias</strong></span> <span class='ocrx_word' id='word_1_367' title='bbox 1157 4100 1523 4161; x_wconf 68' lang='lat' dir='ltr'><strong>exsistentes,</strong></span> <span class='ocrx_word' id='word_1_368' title='bbox 1587 4109 1641 4153; x_wconf 94' lang='lat' dir='ltr'><strong>et</strong></span> <span class='ocrx_word' id='word_1_369' title='bbox 1687 4109 1936 4155; x_wconf 80' lang='lat' dir='ltr'><strong>servatas</strong></span> <span class='ocrx_word' id='word_1_370' title='bbox 1992 4101 2045 4155; x_wconf 94' lang='lat' dir='ltr'><strong>in</strong></span> 
     </span>
    </p>
   </div>
   <div class='ocr_carea' id='block_1_55' title="bbox 462 4182 2048 4259">
    <p class='ocr_par' dir='ltr' id='par_1_55' title="bbox 462 4182 2048 4259">
     <span class='ocr_line' id='line_1_55' title="bbox 462 4182 2048 4259; baseline 0.007 -25"><span class='ocrx_word' id='word_1_371' title='bbox 462 4182 687 4246; x_wconf 85' lang='lat' dir='ltr'><strong>unione,</strong></span> <span class='ocrx_word' id='word_1_372' title='bbox 707 4193 761 4239; x_wconf 89' lang='lat' dir='ltr'><strong>et</strong></span> <span class='ocrx_word' id='word_1_373' title='bbox 780 4185 834 4238; x_wconf 92' lang='lat' dir='ltr'><strong>in</strong></span> <span class='ocrx_word' id='word_1_374' title='bbox 858 4192 1074 4256; x_wconf 86' lang='lat' dir='ltr'><strong>tempus</strong></span> <span class='ocrx_word' id='word_1_375' title='bbox 1092 4187 1365 4241; x_wconf 77' lang='lat' dir='ltr'><strong>infinitum</strong></span> <span class='ocrx_word' id='word_1_376' title='bbox 1388 4189 1756 4243; x_wconf 82' lang='lat' dir='ltr'><strong>indivisibilcs</strong></span> <span class='ocrx_word' id='word_1_377' title='bbox 1772 4190 1826 4243; x_wconf 92' lang='lat' dir='ltr'><strong>iu</strong></span> <span class='ocrx_word' id='word_1_378' title='bbox 1846 4190 2048 4259; x_wconf 83' lang='lat' dir='ltr'><strong>unione</strong></span> 
     </span>
    </p>
   </div>
   <div class='ocr_carea' id='block_1_56' title="bbox 461 4274 1572 4350">
    <p class='ocr_par' dir='ltr' id='par_1_56' title="bbox 461 4274 1572 4350">
     <span class='ocr_line' id='line_1_56' title="bbox 461 4274 1572 4350; baseline 0.005 -23"><span class='ocrx_word' id='word_1_379' title='bbox 461 4274 768 4329; x_wconf 83' lang='lat' dir='ltr'><strong>secundum</strong></span> <span class='ocrx_word' id='word_1_380' title='bbox 804 4278 1167 4333; x_wconf 88' lang='lat' dir='ltr'><strong>substantiam</strong></span> <span class='ocrx_word' id='word_1_381' title='bbox 1204 4279 1572 4350; x_wconf 76' lang='lat' dir='ltr'><strong>bypostatica.</strong></span> 
     </span>
    </p>
   </div>
   <div class='ocr_carea' id='block_1_57' title="bbox 532 4372 2049 4460">
    <p class='ocr_par' dir='ltr' id='par_1_57' title="bbox 532 4372 2049 4460">
     <span class='ocr_line' id='line_1_57' title="bbox 532 4372 2049 4460; baseline 0.004 -16"><span class='ocrx_word' id='word_1_382' title='bbox 532 4389 588 4445; x_wconf 89' lang='lat' dir='ltr'><strong>Si</strong></span> <span class='ocrx_word' id='word_1_383' title='bbox 623 4390 749 4460; x_wconf 90' lang='lat' dir='ltr'><strong>quis</strong></span> <span class='ocrx_word' id='word_1_384' title='bbox 784 4399 967 4445; x_wconf 88' lang='lat' dir='ltr'><strong>autem</strong></span> <span class='ocrx_word' id='word_1_385' title='bbox 1001 4392 1197 4447; x_wconf 88' lang='lat' dir='ltr'><strong>horum</strong></span> <span class='ocrx_word' id='word_1_386' title='bbox 1233 4372 1646 4449; x_wconf 72' lang='lat' dir='ltr'><strong>multitudinem</strong></span> <span class='ocrx_word' id='word_1_387' title='bbox 1680 4395 1767 4449; x_wconf 89' lang='lat' dir='ltr'><strong>vel</strong></span> <span class='ocrx_word' id='word_1_388' title='bbox 1804 4396 2049 4450; x_wconf 87' lang='lat' dir='ltr'><strong>auctori-</strong></span> 
     </span>
    </p>
   </div>
   <div class='ocr_carea' id='block_1_58' title="bbox 464 4484 2051 4557">
    <p class='ocr_par' dir='ltr' id='par_1_58' title="bbox 464 4484 2051 4557">
     <span class='ocr_line' id='line_1_58' title="bbox 464 4484 2051 4557; baseline 0.003 -21"><span class='ocrx_word' id='word_1_389' title='bbox 464 4490 632 4536; x_wconf 83' lang='lat' dir='ltr'><strong>tatem</strong></span> <span class='ocrx_word' id='word_1_390' title='bbox 663 4497 1026 4550; x_wconf 82' lang='lat' dir='ltr'><strong>personarum</strong></span> <span class='ocrx_word' id='word_1_391' title='bbox 1054 4525 1067 4549; x_wconf 92' lang='lat'><strong>,</strong></span> <span class='ocrx_word' id='word_1_392' title='bbox 1108 4484 1252 4538; x_wconf 86' lang='lat' dir='ltr'><strong>sicut</strong></span> <span class='ocrx_word' id='word_1_393' title='bbox 1296 4485 1388 4539; x_wconf 83' lang='lat' dir='ltr'><strong>ille</strong></span> <span class='ocrx_word' id='word_1_394' title='bbox 1416 4486 1618 4557; x_wconf 87' lang='lat' dir='ltr'><strong>impius</strong></span> <span class='ocrx_word' id='word_1_395' title='bbox 1640 4528 1653 4551; x_wconf 93' lang='lat'><strong>,</strong></span> <span class='ocrx_word' id='word_1_396' title='bbox 1698 4501 1865 4557; x_wconf 89' lang='lat' dir='ltr'><strong>quem</strong></span> <span class='ocrx_word' id='word_1_397' title='bbox 1900 4486 2051 4541; x_wconf 87' lang='lat' dir='ltr'><strong>Scri-</strong></span> 
     </span>
    </p>
   </div>
   <div class='ocr_carea' id='block_1_59' title="bbox 2146 2080 3725 2157">
    <p class='ocr_par' dir='ltr' id='par_1_59' title="bbox 2146 2080 3725 2157">
     <span class='ocr_line' id='line_1_59' title="bbox 2146 2080 3725 2157; baseline -0.005 -13"><span class='ocrx_word' id='word_1_398' title='bbox 2146 2091 2251 2157; x_wconf 75' lang='grc' dir='ltr'><strong>λὲς</strong></span> <span class='ocrx_word' id='word_1_399' title='bbox 2268 2090 2590 2156; x_wconf 80' lang='grc' dir='ltr'><strong>ἐνδέδεται,</strong></span> <span class='ocrx_word' id='word_1_400' title='bbox 2607 2089 2761 2142; x_wconf 84' lang='grc' dir='ltr'>οὕτω</span> <span class='ocrx_word' id='word_1_401' title='bbox 2782 2089 2967 2155; x_wconf 71' lang='grc' dir='ltr'>λόγος</span> <span class='ocrx_word' id='word_1_402' title='bbox 2992 2086 3187 2156; x_wconf 67' lang='grc' dir='ltr'>σοφὸς</span> <span class='ocrx_word' id='word_1_403' title='bbox 3210 2089 3300 2152; x_wconf 84' lang='grc' dir='ltr'>εις</span> <span class='ocrx_word' id='word_1_404' title='bbox 3315 2080 3426 2152; x_wconf 83' lang='grc' dir='ltr'><strong>οὖς</strong></span> <span class='ocrx_word' id='word_1_405' title='bbox 3442 2084 3725 2150; x_wconf 81' lang='grc' dir='ltr'>εὐήκοον,</span> 
     </span>
    </p>
   </div>
   <div class='ocr_carea' id='block_1_60' title="bbox 2146 2174 3730 2251">
    <p class='ocr_par' dir='ltr' id='par_1_60' title="bbox 2146 2174 3730 2251">
     <span class='ocr_line' id='line_1_60' title="bbox 2146 2174 3730 2251; baseline -0.003 -18"><span class='ocrx_word' id='word_1_406' title='bbox 2146 2182 2179 2251; x_wconf 81' lang='grc' dir='ltr'><strong>ἡ</strong></span> <span class='ocrx_word' id='word_1_407' title='bbox 2208 2182 2346 2251; x_wconf 84' lang='grc' dir='ltr'>σοφὴ</span> <span class='ocrx_word' id='word_1_408' title='bbox 2380 2178 2762 2249; x_wconf 81' lang='grc' dir='ltr'>ἀπεφθέγξατο</span> <span class='ocrx_word' id='word_1_409' title='bbox 2807 2177 3105 2248; x_wconf 86' lang='grc' dir='ltr'>Παροιμία.</span> <span class='ocrx_word' id='word_1_410' title='bbox 3128 2176 3338 2230; x_wconf 85' lang='grc' dir='ltr'>Οὐκοῦν</span> <span class='ocrx_word' id='word_1_411' title='bbox 3371 2176 3433 2228; x_wconf 82' lang='grc' dir='ltr'><strong>τὸ</strong></span> <span class='ocrx_word' id='word_1_412' title='bbox 3456 2174 3598 2228; x_wconf 83' lang='grc' dir='ltr'>κατὰ</span> <span class='ocrx_word' id='word_1_413' title='bbox 3630 2176 3730 2245; x_wconf 77' lang='grc' dir='ltr'><strong>τὴν</strong></span> 
     </span>
    </p>
   </div>
   <div class='ocr_carea' id='block_1_61' title="bbox 2148 2264 3733 2339">
    <p class='ocr_par' dir='ltr' id='par_1_61' title="bbox 2148 2264 3733 2339">
     <span class='ocr_line' id='line_1_61' title="bbox 2148 2264 3733 2339; baseline -0.004 -15"><span class='ocrx_word' id='word_1_414' title='bbox 2148 2271 2298 2325; x_wconf 86' lang='grc' dir='ltr'>θείαν</span> <span class='ocrx_word' id='word_1_415' title='bbox 2329 2270 2583 2339; x_wconf 76' lang='grc' dir='ltr'>αἴσθησιν</span> <span class='ocrx_word' id='word_1_416' title='bbox 2610 2268 2934 2321; x_wconf 86' lang='grc' dir='ltr'>ἀκουστικὸν</span> <span class='ocrx_word' id='word_1_417' title='bbox 2960 2267 3137 2338; x_wconf 80' lang='grc' dir='ltr'>ἡμῶν,</span> <span class='ocrx_word' id='word_1_418' title='bbox 3166 2266 3370 2330; x_wconf 79' lang='grc' dir='ltr'>παντὸς</span> <span class='ocrx_word' id='word_1_419' title='bbox 3402 2264 3733 2337; x_wconf 80' lang='grc' dir='ltr'>ὲκκαθάρω-</span> 
     </span>
    </p>
   </div>
   <div class='ocr_carea' id='block_1_62' title="bbox 2151 2356 3731 2431">
    <p class='ocr_par' dir='ltr' id='par_1_62' title="bbox 2151 2356 3731 2431">
     <span class='ocr_line' id='line_1_62' title="bbox 2151 2356 3731 2431; baseline -0.003 -18"><span class='ocrx_word' id='word_1_420' title='bbox 2151 2378 2249 2431; x_wconf 90' lang='grc' dir='ltr'><strong>μεν</strong></span> <span class='ocrx_word' id='word_1_421' title='bbox 2280 2360 2477 2431; x_wconf 75' lang='grc' dir='ltr'>ἄχθους</span> <span class='ocrx_word' id='word_1_422' title='bbox 2533 2359 2627 2412; x_wconf 83' lang='grc' dir='ltr'>τοῦ</span> <span class='ocrx_word' id='word_1_423' title='bbox 2680 2362 2745 2411; x_wconf 83' lang='grc' dir='ltr'>ὲκ</span> <span class='ocrx_word' id='word_1_424' title='bbox 2787 2356 3110 2428; x_wconf 80' lang='grc' dir='ltr'>προλήψεως</span> <span class='ocrx_word' id='word_1_425' title='bbox 3160 2358 3574 2428; x_wconf 87' lang='grc' dir='ltr'>συνισταμένου,</span> <span class='ocrx_word' id='word_1_426' title='bbox 3633 2357 3731 2409; x_wconf 78' lang='grc' dir='ltr'><strong>καὶ</strong></span> 
     </span>
    </p>
   </div>
   <div class='ocr_carea' id='block_1_63' title="bbox 2148 2448 3733 2522">
    <p class='ocr_par' dir='ltr' id='par_1_63' title="bbox 2148 2448 3733 2522">
     <span class='ocr_line' id='line_1_63' title="bbox 2148 2448 3733 2522; baseline -0.002 -15"><span class='ocrx_word' id='word_1_427' title='bbox 2148 2452 2569 2519; x_wconf 60' lang='grc' dir='ltr'>ἀποχωροῦντος</span> <span class='ocrx_word' id='word_1_428' title='bbox 2596 2450 2686 2503; x_wconf 82' lang='grc' dir='ltr'><strong>τὸν</strong></span> <span class='ocrx_word' id='word_1_429' title='bbox 2714 2448 2844 2503; x_wconf 85' lang='grc' dir='ltr'><strong>νοῦν</strong></span> <span class='ocrx_word' id='word_1_430' title='bbox 2876 2465 2891 2481; x_wconf 88' lang='grc'><strong>·</strong></span> <span class='ocrx_word' id='word_1_431' title='bbox 2926 2450 3027 2521; x_wconf 78' lang='grc' dir='ltr'>ἥδη</span> <span class='ocrx_word' id='word_1_432' title='bbox 3062 2448 3118 2501; x_wconf 80' lang='grc' dir='ltr'>δὲ</span> <span class='ocrx_word' id='word_1_433' title='bbox 3164 2449 3226 2501; x_wconf 85' lang='grc' dir='ltr'><strong>τὸ</strong></span> <span class='ocrx_word' id='word_1_434' title='bbox 3274 2448 3386 2503; x_wconf 90' lang='grc' dir='ltr'><strong>τῶν</strong></span> <span class='ocrx_word' id='word_1_435' title='bbox 3435 2450 3733 2522; x_wconf 87' lang='grc' dir='ltr'>μαρτύρων</span> 
     </span>
    </p>
   </div>
   <div class='ocr_carea' id='block_1_64' title="bbox 2148 2537 3730 2615">
    <p class='ocr_par' dir='ltr' id='par_1_64' title="bbox 2148 2537 3730 2615">
     <span class='ocr_line' id='line_1_64' title="bbox 2148 2537 3730 2615; baseline 0.001 -22"><span class='ocrx_word' id='word_1_436' title='bbox 2148 2544 2326 2612; x_wconf 81' lang='grc' dir='ltr'>νέφος,</span> <span class='ocrx_word' id='word_1_437' title='bbox 2404 2559 2567 2611; x_wconf 89' lang='grc' dir='ltr'>φησιν</span> <span class='ocrx_word' id='word_1_438' title='bbox 2598 2542 2625 2594; x_wconf 87' lang='grc' dir='ltr'>ὁ</span> <span class='ocrx_word' id='word_1_439' title='bbox 2672 2540 3019 2603; x_wconf 82' lang='grc' dir='ltr'><strong>Ἀπόστολος,</strong></span> <span class='ocrx_word' id='word_1_440' title='bbox 3045 2540 3359 2610; x_wconf 78' lang='grc' dir='ltr'>ἐποίσομεν,</span> <span class='ocrx_word' id='word_1_441' title='bbox 3389 2540 3455 2596; x_wconf 81' lang='grc' dir='ltr'>ἂν</span> <span class='ocrx_word' id='word_1_442' title='bbox 3483 2541 3590 2612; x_wconf 78' lang='grc' dir='ltr'><strong>ἀρα</strong></span> <span class='ocrx_word' id='word_1_443' title='bbox 3627 2542 3730 2594; x_wconf 90' lang='grc' dir='ltr'>κάν</span> 
     </span>
    </p>
   </div>
   <div class='ocr_carea' id='block_1_65' title="bbox 2147 2630 3733 2705">
    <p class='ocr_par' dir='ltr' id='par_1_65' title="bbox 2147 2630 3733 2705">
     <span class='ocr_line' id='line_1_65' title="bbox 2147 2630 3733 2705; baseline -0.002 -18"><span class='ocrx_word' id='word_1_444' title='bbox 2147 2638 2258 2697; x_wconf 80' lang='grc' dir='ltr'>τοῖς</span> <span class='ocrx_word' id='word_1_445' title='bbox 2284 2632 2622 2704; x_wconf 81' lang='grc' dir='ltr'>τηλικούτοις</span> <span class='ocrx_word' id='word_1_446' title='bbox 2663 2632 2883 2699; x_wconf 82' lang='grc' dir='ltr'>εἴξωσιν</span> <span class='ocrx_word' id='word_1_447' title='bbox 2933 2634 2981 2684; x_wconf 89' lang='grc' dir='ltr'>οἱ</span> <span class='ocrx_word' id='word_1_448' title='bbox 3028 2630 3404 2695; x_wconf 80' lang='grc' dir='ltr'>ἀπειθοῦντες.</span> <span class='ocrx_word' id='word_1_449' title='bbox 3458 2634 3569 2686; x_wconf 80' lang='grc' dir='ltr'>Καὶ</span> <span class='ocrx_word' id='word_1_450' title='bbox 3621 2634 3733 2705; x_wconf 72' lang='grc' dir='ltr'>γὰρ</span> 
     </span>
    </p>
   </div>
   <div class='ocr_carea' id='block_1_66' title="bbox 2148 2723 3733 2796">
    <p class='ocr_par' dir='ltr' id='par_1_66' title="bbox 2148 2723 3733 2796">
     <span class='ocr_line' id='line_1_66' title="bbox 2148 2723 3733 2796; baseline -0.001 -18"><span class='ocrx_word' id='word_1_451' title='bbox 2148 2727 2246 2796; x_wconf 80' lang='grc' dir='ltr'>τῆς</span> <span class='ocrx_word' id='word_1_452' title='bbox 2279 2724 2455 2778; x_wconf 86' lang='grc' dir='ltr'>αὐτῶν</span> <span class='ocrx_word' id='word_1_453' title='bbox 2489 2724 2972 2796; x_wconf 80' lang='grc' dir='ltr'>πατροπαραδότου</span> <span class='ocrx_word' id='word_1_454' title='bbox 3002 2725 3336 2794; x_wconf 85' lang='grc' dir='ltr'>φιλονεικίας</span> <span class='ocrx_word' id='word_1_455' title='bbox 3364 2724 3572 2790; x_wconf 82' lang='grc' dir='ltr'>ἓνεκεν,</span> <span class='ocrx_word' id='word_1_456' title='bbox 3606 2723 3733 2777; x_wconf 79' lang='grc' dir='ltr'>οὐτε</span> 
     </span>
    </p>
   </div>
   <div class='ocr_carea' id='block_1_67' title="bbox 2148 2814 3731 2889">
    <p class='ocr_par' dir='ltr' id='par_1_67' title="bbox 2148 2814 3731 2889">
     <span class='ocr_line' id='line_1_67' title="bbox 2148 2814 3731 2889; baseline -0.002 -18"><span class='ocrx_word' id='word_1_457' title='bbox 2148 2818 2485 2889; x_wconf 83' lang='grc' dir='ltr'>διλήμματον</span> <span class='ocrx_word' id='word_1_458' title='bbox 2519 2818 2553 2888; x_wconf 83' lang='grc' dir='ltr'><strong>ή</strong></span> <span class='ocrx_word' id='word_1_459' title='bbox 2588 2816 2891 2886; x_wconf 79' lang='grc' dir='ltr'>ἀμφίϐολον</span> <span class='ocrx_word' id='word_1_460' title='bbox 2931 2817 3127 2888; x_wconf 81' lang='grc' dir='ltr'>χρῆσιν</span> <span class='ocrx_word' id='word_1_461' title='bbox 3154 2816 3573 2887; x_wconf 85' lang='grc' dir='ltr'>παρηγάγομεν,</span> <span class='ocrx_word' id='word_1_462' title='bbox 3606 2814 3731 2869; x_wconf 79' lang='grc' dir='ltr'>οὐτε</span> 
     </span>
    </p>
   </div>
   <div class='ocr_carea' id='block_1_68' title="bbox 2152 2909 3733 2983">
    <p class='ocr_par' dir='ltr' id='par_1_68' title="bbox 2152 2909 3733 2983">
     <span class='ocr_line' id='line_1_68' title="bbox 2152 2909 3733 2983; baseline 0 -20"><span class='ocrx_word' id='word_1_463' title='bbox 2152 2912 2259 2983; x_wconf 79' lang='grc' dir='ltr'><strong>μὴν</strong></span> <span class='ocrx_word' id='word_1_464' title='bbox 2290 2910 2662 2981; x_wconf 83' lang='grc' dir='ltr'>ἀσημοτέρους</span> <span class='ocrx_word' id='word_1_465' title='bbox 2694 2909 2942 2981; x_wconf 86' lang='grc' dir='ltr'>Πατέρας</span> <span class='ocrx_word' id='word_1_466' title='bbox 2969 2909 3493 2981; x_wconf 82' lang='grc' dir='ltr'>ὲπεμαρτυράμεθα.</span> <span class='ocrx_word' id='word_1_467' title='bbox 3524 2910 3733 2972; x_wconf 79' lang='grc' dir='ltr'>Αὐτοὺς</span> 
     </span>
    </p>
   </div>
   <div class='ocr_carea' id='block_1_69' title="bbox 2149 3001 3735 3073">
    <p class='ocr_par' dir='ltr' id='par_1_69' title="bbox 2149 3001 3735 3073">
     <span class='ocr_line' id='line_1_69' title="bbox 2149 3001 3735 3073; baseline -0.001 -17"><span class='ocrx_word' id='word_1_468' title='bbox 2149 3004 2203 3056; x_wconf 82' lang='grc' dir='ltr'>δὲ</span> <span class='ocrx_word' id='word_1_469' title='bbox 2228 3004 2355 3067; x_wconf 82' lang='grc' dir='ltr'>τούς</span> <span class='ocrx_word' id='word_1_470' title='bbox 2390 3002 2745 3071; x_wconf 87' lang='grc' dir='ltr'>φανοτάτους,</span> <span class='ocrx_word' id='word_1_471' title='bbox 2770 3001 2869 3055; x_wconf 76' lang='grc' dir='ltr'>καὶ</span> <span class='ocrx_word' id='word_1_472' title='bbox 2904 3001 3049 3072; x_wconf 87' lang='grc' dir='ltr'>μέγα</span> <span class='ocrx_word' id='word_1_473' title='bbox 3086 3003 3144 3054; x_wconf 72' lang='grc' dir='ltr'><strong>ἐν</strong></span> <span class='ocrx_word' id='word_1_474' title='bbox 3175 3004 3240 3072; x_wconf 80' lang='grc' dir='ltr'>τῇ</span> <span class='ocrx_word' id='word_1_475' title='bbox 3276 3001 3571 3073; x_wconf 75' lang='grc' dir='ltr'>οἰκουμένῃ</span> <span class='ocrx_word' id='word_1_476' title='bbox 3594 3002 3735 3072; x_wconf 89' lang='grc' dir='ltr'>λάμ-</span> 
     </span>
    </p>
   </div>
   <div class='ocr_carea' id='block_1_70' title="bbox 2148 3093 3734 3166">
    <p class='ocr_par' dir='ltr' id='par_1_70' title="bbox 2148 3093 3734 3166">
     <span class='ocr_line' id='line_1_70' title="bbox 2148 3093 3734 3166; baseline -0.002 -18"><span class='ocrx_word' id='word_1_477' title='bbox 2148 3098 2357 3166; x_wconf 64' lang='grc' dir='ltr'>ψαντας</span> <span class='ocrx_word' id='word_1_478' title='bbox 2390 3093 2835 3165; x_wconf 77' lang='grc' dir='ltr'>ὲπεϐοησάμεθα,</span> <span class='ocrx_word' id='word_1_479' title='bbox 2870 3094 2965 3147; x_wconf 74' lang='grc' dir='ltr'><strong>καὶ</strong></span> <span class='ocrx_word' id='word_1_480' title='bbox 2989 3095 3345 3165; x_wconf 86' lang='grc' dir='ltr'>τρανωτάτας</span> <span class='ocrx_word' id='word_1_481' title='bbox 3366 3093 3461 3148; x_wconf 79' lang='grc' dir='ltr'>καὶ</span> <span class='ocrx_word' id='word_1_482' title='bbox 3489 3094 3734 3163; x_wconf 88' lang='grc' dir='ltr'>ἀναμφι-</span> 
     </span>
    </p>
   </div>
   <div class='ocr_carea' id='block_1_71' title="bbox 2149 3184 3736 3259">
    <p class='ocr_par' dir='ltr' id='par_1_71' title="bbox 2149 3184 3736 3259">
     <span class='ocr_line' id='line_1_71' title="bbox 2149 3184 3736 3259; baseline -0.004 -18"><span class='ocrx_word' id='word_1_483' title='bbox 2149 3190 2376 3251; x_wconf 78' lang='grc' dir='ltr'>λέκτους</span> <span class='ocrx_word' id='word_1_484' title='bbox 2412 3188 2715 3259; x_wconf 87' lang='grc' dir='ltr'>μαρτυρίας</span> <span class='ocrx_word' id='word_1_485' title='bbox 2769 3186 3255 3257; x_wconf 84' lang='grc' dir='ltr'>είσκεκομίκαμεν,</span> <span class='ocrx_word' id='word_1_486' title='bbox 3312 3186 3494 3239; x_wconf 84' lang='grc' dir='ltr'>πᾶσαν</span> <span class='ocrx_word' id='word_1_487' title='bbox 3550 3184 3736 3246; x_wconf 86' lang='grc' dir='ltr'>αὐτοῖς</span> 
     </span>
    </p>
   </div>
   <div class='ocr_carea' id='block_1_72' title="bbox 2148 3275 3741 3350">
    <p class='ocr_par' dir='ltr' id='par_1_72' title="bbox 2148 3275 3741 3350">
     <span class='ocr_line' id='line_1_72' title="bbox 2148 3275 3741 3350; baseline -0.004 -16"><span class='ocrx_word' id='word_1_488' title='bbox 2148 3280 2535 3344; x_wconf 88' lang='grc' dir='ltr'>ἀποκλείοντες</span> <span class='ocrx_word' id='word_1_489' title='bbox 2568 3280 2711 3333; x_wconf 80' lang='grc' dir='ltr'>κατὰ</span> <span class='ocrx_word' id='word_1_490' title='bbox 2736 3279 2838 3349; x_wconf 81' lang='grc' dir='ltr'>τῆς</span> <span class='ocrx_word' id='word_1_491' title='bbox 2860 3278 3121 3350; x_wconf 84' lang='grc' dir='ltr'>ἀληθείας</span> <span class='ocrx_word' id='word_1_492' title='bbox 3146 3278 3410 3331; x_wconf 75' lang='grc' dir='ltr'>ἐπίνοιαν.</span> <span class='ocrx_word' id='word_1_493' title='bbox 3444 3276 3519 3331; x_wconf 90' lang='grc' dir='ltr'>Οὐ</span> <span class='ocrx_word' id='word_1_494' title='bbox 3553 3275 3653 3340; x_wconf 85' lang='grc' dir='ltr'>τὰς</span> <span class='ocrx_word' id='word_1_495' title='bbox 3676 3276 3741 3341; x_wconf 73' lang='grc' dir='ltr'><strong>ἐξ</strong></span> 
     </span>
    </p>
   </div>
   <div class='ocr_carea' id='block_1_73' title="bbox 2145 3366 3737 3446">
    <p class='ocr_par' dir='ltr' id='par_1_73' title="bbox 2145 3366 3737 3446">
     <span class='ocr_line' id='line_1_73' title="bbox 2145 3366 3737 3446; baseline -0.004 -19"><span class='ocrx_word' id='word_1_496' title='bbox 2145 3368 2219 3427; x_wconf 79' lang='grc' dir='ltr'><strong>ὧν</strong></span> <span class='ocrx_word' id='word_1_497' title='bbox 2252 3374 2285 3446; x_wconf 86' lang='grc' dir='ltr'>ἢ</span> <span class='ocrx_word' id='word_1_498' title='bbox 2321 3374 2413 3443; x_wconf 85' lang='grc' dir='ltr'>ἀφ’</span> <span class='ocrx_word' id='word_1_499' title='bbox 2444 3367 2518 3427; x_wconf 86' lang='grc' dir='ltr'><strong>ὧν</strong></span> <span class='ocrx_word' id='word_1_500' title='bbox 2551 3372 2583 3440; x_wconf 85' lang='grc' dir='ltr'>ἦ</span> <span class='ocrx_word' id='word_1_501' title='bbox 2622 3374 2751 3442; x_wconf 86' lang='grc' dir='ltr'>παρ’</span> <span class='ocrx_word' id='word_1_502' title='bbox 2796 3366 2893 3437; x_wconf 82' lang='grc' dir='ltr'><strong>ὧν,</strong></span> <span class='ocrx_word' id='word_1_503' title='bbox 2928 3371 3024 3426; x_wconf 76' lang='grc' dir='ltr'>καὶ</span> <span class='ocrx_word' id='word_1_504' title='bbox 3057 3370 3166 3441; x_wconf 76' lang='grc' dir='ltr'>πρὸ</span> <span class='ocrx_word' id='word_1_505' title='bbox 3201 3372 3298 3441; x_wconf 82' lang='grc' dir='ltr'><strong>τῆς</strong></span> <span class='ocrx_word' id='word_1_506' title='bbox 3348 3367 3614 3434; x_wconf 81' lang='grc' dir='ltr'>ὲνώσεως,</span> <span class='ocrx_word' id='word_1_507' title='bbox 3659 3370 3737 3431; x_wconf 84' lang='grc' dir='ltr'>ὡς</span> 
     </span>
    </p>
   </div>
   <div class='ocr_carea' id='block_1_74' title="bbox 2147 3458 3737 3533">
    <p class='ocr_par' dir='ltr' id='par_1_74' title="bbox 2147 3458 3737 3533">
     <span class='ocr_line' id='line_1_74' title="bbox 2147 3458 3737 3533; baseline -0.005 -13"><span class='ocrx_word' id='word_1_508' title='bbox 2147 3466 2330 3528; x_wconf 88' lang='grc' dir='ltr'>αὐτοῖς</span> <span class='ocrx_word' id='word_1_509' title='bbox 2367 3465 2517 3533; x_wconf 88' lang='grc' dir='ltr'>φίλον</span> <span class='ocrx_word' id='word_1_510' title='bbox 2552 3464 2756 3528; x_wconf 82' lang='grc' dir='ltr'>καλεῖν,</span> <span class='ocrx_word' id='word_1_511' title='bbox 2787 3463 2820 3533; x_wconf 86' lang='grc' dir='ltr'>ἢ</span> <span class='ocrx_word' id='word_1_512' title='bbox 2850 3464 2909 3515; x_wconf 78' lang='grc' dir='ltr'><strong>ὲν</strong></span> <span class='ocrx_word' id='word_1_513' title='bbox 2955 3464 3021 3532; x_wconf 80' lang='grc' dir='ltr'>τῇ</span> <span class='ocrx_word' id='word_1_514' title='bbox 3081 3460 3294 3527; x_wconf 81' lang='grc' dir='ltr'>ένώσει,</span> <span class='ocrx_word' id='word_1_515' title='bbox 3335 3460 3429 3513; x_wconf 72' lang='grc' dir='ltr'>καὶ</span> <span class='ocrx_word' id='word_1_516' title='bbox 3473 3458 3595 3529; x_wconf 79' lang='grc' dir='ltr'>οὐχὶ</span> <span class='ocrx_word' id='word_1_517' title='bbox 3640 3458 3737 3512; x_wconf 71' lang='grc' dir='ltr'>καὶ</span> 
     </span>
    </p>
   </div>
   <div class='ocr_carea' id='block_1_75' title="bbox 2151 3550 3737 3628">
    <p class='ocr_par' dir='ltr' id='par_1_75' title="bbox 2151 3550 3737 3628">
     <span class='ocr_line' id='line_1_75' title="bbox 2151 3550 3737 3628; baseline -0.004 -19"><span class='ocrx_word' id='word_1_518' title='bbox 2151 3555 2291 3627; x_wconf 88' lang='grc' dir='ltr'><strong>μετά</strong></span> <span class='ocrx_word' id='word_1_519' title='bbox 2316 3555 2413 3628; x_wconf 81' lang='grc' dir='ltr'>τὴν</span> <span class='ocrx_word' id='word_1_520' title='bbox 2436 3556 2633 3609; x_wconf 71' lang='grc' dir='ltr'>ἕνωσιν</span> <span class='ocrx_word' id='word_1_521' title='bbox 2668 3572 2681 3585; x_wconf 87' lang='grc'><strong>·</strong></span> <span class='ocrx_word' id='word_1_522' title='bbox 2718 3554 2877 3626; x_wconf 74' lang='grc' dir='ltr'>εἴπερ</span> <span class='ocrx_word' id='word_1_523' title='bbox 2936 3553 3058 3607; x_wconf 74' lang='grc' dir='ltr'>ἐστὶ</span> <span class='ocrx_word' id='word_1_524' title='bbox 3094 3552 3234 3606; x_wconf 86' lang='grc' dir='ltr'><strong>κατά</strong></span> <span class='ocrx_word' id='word_1_525' title='bbox 3271 3551 3370 3623; x_wconf 79' lang='grc' dir='ltr'>τὴν</span> <span class='ocrx_word' id='word_1_526' title='bbox 3416 3550 3597 3604; x_wconf 87' lang='grc' dir='ltr'>αὐτῶν</span> <span class='ocrx_word' id='word_1_527' title='bbox 3645 3566 3737 3602; x_wconf 87' lang='grc' dir='ltr'><strong>σο-</strong></span> 
     </span>
    </p>
   </div>
   <div class='ocr_carea' id='block_1_76' title="bbox 2148 3636 3737 3719">
    <p class='ocr_par' dir='ltr' id='par_1_76' title="bbox 2148 3636 3737 3719">
     <span class='ocr_line' id='line_1_76' title="bbox 2148 3636 3737 3719; baseline -0.003 -18"><span class='ocrx_word' id='word_1_528' title='bbox 2148 3650 2276 3719; x_wconf 91' lang='grc' dir='ltr'>φίαν</span> <span class='ocrx_word' id='word_1_529' title='bbox 2313 3648 2519 3719; x_wconf 86' lang='grc' dir='ltr'>ταύτης</span> <span class='ocrx_word' id='word_1_530' title='bbox 2558 3647 2733 3709; x_wconf 85' lang='grc' dir='ltr'>τέλος,</span> <span class='ocrx_word' id='word_1_531' title='bbox 2763 3645 2899 3700; x_wconf 88' lang='grc' dir='ltr'><strong>ἀλλά</strong></span> <span class='ocrx_word' id='word_1_532' title='bbox 2932 3646 3031 3708; x_wconf 90' lang='grc' dir='ltr'>τάς</span> <span class='ocrx_word' id='word_1_533' title='bbox 3058 3648 3117 3699; x_wconf 84' lang='grc' dir='ltr'>ὲν</span> <span class='ocrx_word' id='word_1_534' title='bbox 3147 3641 3248 3709; x_wconf 72' lang='grc' dir='ltr'>οἷς,</span> <span class='ocrx_word' id='word_1_535' title='bbox 3276 3645 3371 3699; x_wconf 79' lang='grc' dir='ltr'>καὶ</span> <span class='ocrx_word' id='word_1_536' title='bbox 3406 3643 3473 3696; x_wconf 83' lang='grc' dir='ltr'>δι’</span> <span class='ocrx_word' id='word_1_537' title='bbox 3510 3636 3608 3707; x_wconf 85' lang='grc' dir='ltr'><strong>ὧν,</strong></span> <span class='ocrx_word' id='word_1_538' title='bbox 3629 3643 3737 3713; x_wconf 86' lang='grc' dir='ltr'>ἀμ-</span> 
     </span>
    </p>
   </div>
   <div class='ocr_carea' id='block_1_77' title="bbox 2149 3733 3739 3812">
    <p class='ocr_par' dir='ltr' id='par_1_77' title="bbox 2149 3733 3739 3812">
     <span class='ocr_line' id='line_1_77' title="bbox 2149 3733 3739 3812; baseline -0.005 -18"><span class='ocrx_word' id='word_1_539' title='bbox 2149 3742 2383 3812; x_wconf 87' lang='grc' dir='ltr'>φοτέρας</span> <span class='ocrx_word' id='word_1_540' title='bbox 2416 3757 2475 3793; x_wconf 89' lang='grc' dir='ltr'><strong>τε</strong></span> <span class='ocrx_word' id='word_1_541' title='bbox 2502 3743 2598 3793; x_wconf 77' lang='grc' dir='ltr'>καὶ</span> <span class='ocrx_word' id='word_1_542' title='bbox 2624 3738 2690 3792; x_wconf 88' lang='grc' dir='ltr'><strong>δι’</strong></span> <span class='ocrx_word' id='word_1_543' title='bbox 2722 3739 2930 3809; x_wconf 84' lang='grc' dir='ltr'>ἀμφοῖν</span> <span class='ocrx_word' id='word_1_544' title='bbox 2961 3737 3059 3790; x_wconf 71' lang='grc' dir='ltr'>καὶ</span> <span class='ocrx_word' id='word_1_545' title='bbox 3085 3739 3274 3807; x_wconf 85' lang='grc' dir='ltr'>ἄμφω,</span> <span class='ocrx_word' id='word_1_546' title='bbox 3303 3735 3495 3805; x_wconf 83' lang='grc' dir='ltr'>φύσεις</span> <span class='ocrx_word' id='word_1_547' title='bbox 3532 3751 3592 3788; x_wconf 89' lang='grc' dir='ltr'><strong>τε</strong></span> <span class='ocrx_word' id='word_1_548' title='bbox 3642 3733 3739 3787; x_wconf 79' lang='grc' dir='ltr'><strong>καὶ</strong></span> 
     </span>
    </p>
   </div>
   <div class='ocr_carea' id='block_1_78' title="bbox 2147 3824 3737 3900">
    <p class='ocr_par' dir='ltr' id='par_1_78' title="bbox 2147 3824 3737 3900">
     <span class='ocr_line' id='line_1_78' title="bbox 2147 3824 3737 3900; baseline -0.006 -13"><span class='ocrx_word' id='word_1_549' title='bbox 2147 3833 2359 3898; x_wconf 81' lang='grc' dir='ltr'>οὐσίας,</span> <span class='ocrx_word' id='word_1_550' title='bbox 2381 3830 2549 3895; x_wconf 77' lang='grc' dir='ltr'>οὐσας</span> <span class='ocrx_word' id='word_1_551' title='bbox 2578 3847 2637 3885; x_wconf 90' lang='grc' dir='ltr'><strong>τε</strong></span> <span class='ocrx_word' id='word_1_552' title='bbox 2671 3832 2765 3884; x_wconf 74' lang='grc' dir='ltr'>καὶ</span> <span class='ocrx_word' id='word_1_553' title='bbox 2798 3829 3210 3900; x_wconf 82' lang='grc' dir='ltr'>φυλαττομένας</span> <span class='ocrx_word' id='word_1_554' title='bbox 3244 3828 3300 3881; x_wconf 78' lang='grc' dir='ltr'><strong>ἓν</strong></span> <span class='ocrx_word' id='word_1_555' title='bbox 3330 3844 3389 3880; x_wconf 88' lang='grc' dir='ltr'><strong>τε</strong></span> <span class='ocrx_word' id='word_1_556' title='bbox 3421 3829 3488 3897; x_wconf 81' lang='grc' dir='ltr'>τῇ</span> <span class='ocrx_word' id='word_1_557' title='bbox 3521 3824 3737 3889; x_wconf 80' lang='grc' dir='ltr'>ὲνώσει,</span> 
     </span>
    </p>
   </div>
   <div class='ocr_carea' id='block_1_79' title="bbox 2148 3917 3737 3994">
    <p class='ocr_par' dir='ltr' id='par_1_79' title="bbox 2148 3917 3737 3994">
     <span class='ocr_line' id='line_1_79' title="bbox 2148 3917 3737 3994; baseline -0.007 -15"><span class='ocrx_word' id='word_1_558' title='bbox 2148 3926 2243 3979; x_wconf 77' lang='grc' dir='ltr'><strong>καὶ</strong></span> <span class='ocrx_word' id='word_1_559' title='bbox 2291 3926 2370 3987; x_wconf 86' lang='grc' dir='ltr'><strong>είς</strong></span> <span class='ocrx_word' id='word_1_560' title='bbox 2418 3924 2646 3994; x_wconf 82' lang='grc' dir='ltr'>ἄπειρον</span> <span class='ocrx_word' id='word_1_561' title='bbox 2697 3922 3036 3993; x_wconf 87' lang='grc' dir='ltr'>ἁδιαιρέτους</span> <span class='ocrx_word' id='word_1_562' title='bbox 3074 3937 3089 3950; x_wconf 92' lang='grc'><strong>·</strong></span> <span class='ocrx_word' id='word_1_563' title='bbox 3147 3921 3206 3973; x_wconf 83' lang='grc' dir='ltr'><strong>ὲν</strong></span> <span class='ocrx_word' id='word_1_564' title='bbox 3260 3922 3325 3989; x_wconf 76' lang='grc' dir='ltr'>τῇ</span> <span class='ocrx_word' id='word_1_565' title='bbox 3378 3920 3497 3973; x_wconf 77' lang='grc' dir='ltr'>κατ’</span> <span class='ocrx_word' id='word_1_566' title='bbox 3544 3917 3737 3970; x_wconf 87' lang='grc' dir='ltr'>οὐσίαν</span> 
     </span>
    </p>
   </div>
   <div class='ocr_carea' id='block_1_80' title="bbox 2150 4008 3737 4085">
    <p class='ocr_par' dir='ltr' id='par_1_80' title="bbox 2150 4008 3737 4085">
     <span class='ocr_line' id='line_1_80' title="bbox 2150 4008 3737 4085; baseline -0.004 -16"><span class='ocrx_word' id='word_1_567' title='bbox 2150 4016 2493 4085; x_wconf 77' lang='grc' dir='ltr'>ὐποστατικῇ</span> <span class='ocrx_word' id='word_1_568' title='bbox 2536 4013 2753 4081; x_wconf 81' lang='grc' dir='ltr'>ὲνώσει,</span> <span class='ocrx_word' id='word_1_569' title='bbox 2816 4012 3175 4083; x_wconf 85' lang='grc' dir='ltr'>ὐπεφήναμεν</span> <span class='ocrx_word' id='word_1_570' title='bbox 3220 4011 3349 4073; x_wconf 82' lang='grc' dir='ltr'>τοὺς</span> <span class='ocrx_word' id='word_1_571' title='bbox 3400 4008 3589 4079; x_wconf 90' lang='grc' dir='ltr'>ἀγίους</span> <span class='ocrx_word' id='word_1_572' title='bbox 3631 4023 3737 4062; x_wconf 86' lang='grc' dir='ltr'>κα-</span> 
     </span>
    </p>
   </div>
   <div class='ocr_carea' id='block_1_81' title="bbox 2150 4107 2569 4178">
    <p class='ocr_par' dir='ltr' id='par_1_81' title="bbox 2150 4107 2569 4178">
     <span class='ocr_line' id='line_1_81' title="bbox 2150 4107 2569 4178; baseline -0.007 -15"><span class='ocrx_word' id='word_1_573' title='bbox 2150 4107 2569 4178; x_wconf 86' lang='grc' dir='ltr'>ταγγείλαντας.</span> 
     </span>
    </p>
   </div>
   <div class='ocr_carea' id='block_1_82' title="bbox 2222 4382 3739 4458">
    <p class='ocr_par' dir='ltr' id='par_1_82' title="bbox 2222 4382 3739 4458">
     <span class='ocr_line' id='line_1_82' title="bbox 2222 4382 3739 4458; baseline -0.009 -9"><span class='ocrx_word' id='word_1_574' title='bbox 2222 4395 2284 4449; x_wconf 78' lang='grc' dir='ltr'><strong>Εἰ</strong></span> <span class='ocrx_word' id='word_1_575' title='bbox 2337 4394 2395 4447; x_wconf 82' lang='grc' dir='ltr'><em>δέ</em></span> <span class='ocrx_word' id='word_1_576' title='bbox 2437 4410 2520 4457; x_wconf 88' lang='grc' dir='ltr'><strong>τις</strong></span> <span class='ocrx_word' id='word_1_577' title='bbox 2548 4392 2614 4444; x_wconf 84' lang='grc' dir='ltr'>τὸ</span> <span class='ocrx_word' id='word_1_578' title='bbox 2637 4390 2843 4443; x_wconf 82' lang='grc' dir='ltr'>τούτων</span> <span class='ocrx_word' id='word_1_579' title='bbox 2885 4386 3109 4453; x_wconf 83' lang='grc' dir='ltr'>πλῆθος,</span> <span class='ocrx_word' id='word_1_580' title='bbox 3135 4387 3168 4458; x_wconf 79' lang='grc' dir='ltr'><strong>ἢ</strong></span> <span class='ocrx_word' id='word_1_581' title='bbox 3194 4385 3300 4439; x_wconf 90' lang='grc' dir='ltr'><strong>τῶν</strong></span> <span class='ocrx_word' id='word_1_582' title='bbox 3334 4383 3642 4456; x_wconf 82' lang='grc' dir='ltr'>προσώπων</span> <span class='ocrx_word' id='word_1_583' title='bbox 3675 4382 3739 4436; x_wconf 76' lang='grc' dir='ltr'><strong>τὸ</strong></span> 
     </span>
    </p>
   </div>
   <div class='ocr_carea' id='block_1_83' title="bbox 2151 4477 3737 4553">
    <p class='ocr_par' dir='ltr' id='par_1_83' title="bbox 2151 4477 3737 4553">
     <span class='ocr_line' id='line_1_83' title="bbox 2151 4477 3737 4553; baseline -0.009 -10"><span class='ocrx_word' id='word_1_584' title='bbox 2151 4488 2485 4553; x_wconf 82' lang='grc' dir='ltr'>ἀξιόπιστον,</span> <span class='ocrx_word' id='word_1_585' title='bbox 2510 4483 2652 4540; x_wconf 90' lang='grc' dir='ltr'><strong>κατά</strong></span> <span class='ocrx_word' id='word_1_586' title='bbox 2669 4481 2760 4537; x_wconf 80' lang='grc' dir='ltr'><strong>τὸν</strong></span> <span class='ocrx_word' id='word_1_587' title='bbox 2775 4482 2832 4534; x_wconf 82' lang='grc' dir='ltr'><strong>ὲν</strong></span> <span class='ocrx_word' id='word_1_588' title='bbox 2853 4484 2920 4553; x_wconf 82' lang='grc' dir='ltr'>τῇ</span> <span class='ocrx_word' id='word_1_589' title='bbox 2950 4481 3140 4550; x_wconf 78' lang='grc' dir='ltr'>Γραφῇ</span> <span class='ocrx_word' id='word_1_590' title='bbox 3174 4477 3347 4549; x_wconf 79' lang='grc' dir='ltr'>ἀσεόῆ</span> <span class='ocrx_word' id='word_1_591' title='bbox 3368 4478 3470 4532; x_wconf 92' lang='grc' dir='ltr'><strong>οὐκ</strong></span> <span class='ocrx_word' id='word_1_592' title='bbox 3509 4477 3737 4531; x_wconf 76' lang='grc' dir='ltr'>αἰδεῖται</span> 
     </span>
    </p>
   </div>
   <div class='ocr_carea' id='block_1_84' title="bbox 462 4566 2046 4657">
    <p class='ocr_par' dir='ltr' id='par_1_84' title="bbox 462 4571 2034 4646">
     <span class='ocr_line' id='line_1_84' title="bbox 462 4571 2034 4646; baseline 0.006 -22"><span class='ocrx_word' id='word_1_593' title='bbox 462 4578 627 4639; x_wconf 87' lang='lat' dir='ltr'><strong>ptura</strong></span> <span class='ocrx_word' id='word_1_594' title='bbox 664 4571 799 4625; x_wconf 91' lang='lat' dir='ltr'><strong>dicit</strong></span> <span class='ocrx_word' id='word_1_595' title='bbox 823 4572 866 4636; x_wconf 82' lang='grc'>⁷,</span> <span class='ocrx_word' id='word_1_596' title='bbox 896 4588 1005 4626; x_wconf 91' lang='lat' dir='ltr'><strong>non</strong></span> <span class='ocrx_word' id='word_1_597' title='bbox 1038 4582 1361 4639; x_wconf 85' lang='lat' dir='ltr'><strong>reveretur;</strong></span> <span class='ocrx_word' id='word_1_598' title='bbox 1386 4575 1463 4629; x_wconf 89' lang='lat' dir='ltr'><strong>ait</strong></span> <span class='ocrx_word' id='word_1_599' title='bbox 1487 4578 1634 4630; x_wconf 86' lang='lat' dir='ltr'><strong>enim</strong></span> <span class='ocrx_word' id='word_1_600' title='bbox 1660 4594 1673 4629; x_wconf 91' lang='lat'><strong>:</strong></span> <span class='ocrx_word' id='word_1_601' title='bbox 1700 4576 1905 4646; x_wconf 88' lang='lat' dir='ltr'><strong>Impius</strong></span> <span class='ocrx_word' id='word_1_602' title='bbox 1931 4586 2034 4644; x_wconf 87' lang='lat' dir='ltr'><strong>est,</strong></span> 
     </span>
    </p>
   </div>
   <div class='ocr_carea' id='block_1_85' title="bbox 2149 4566 3735 4657">
    <p class='ocr_par' dir='ltr' id='par_1_85' title="bbox 2149 4566 3735 4657">
     <span class='ocr_line' id='line_1_85' title="bbox 2149 4566 3735 4657; baseline -0.008 -23"><span class='ocrx_word' id='word_1_603' title='bbox 2149 4578 2393 4657; x_wconf 77' lang='grc' dir='ltr'><strong>[Ἀσεὸὴς</strong></span> <span class='ocrx_word' id='word_1_604' title='bbox 2410 4577 2541 4649; x_wconf 87' lang='grc' dir='ltr'>γὰρ,</span> <span class='ocrx_word' id='word_1_605' title='bbox 2558 4573 2817 4647; x_wconf 79' lang='grc' dir='ltr'>φησὶν,ὃς</span> <span class='ocrx_word' id='word_1_606' title='bbox 2831 4573 2933 4627; x_wconf 86' lang='grc' dir='ltr'><strong>οὐκ</strong></span> <span class='ocrx_word' id='word_1_607' title='bbox 2948 4572 3145 4645; x_wconf 71' lang='grc' dir='ltr'>ᾐδέσθη</span> <span class='ocrx_word' id='word_1_608' title='bbox 3164 4570 3457 4642; x_wconf 85' lang='grc' dir='ltr'>πρόσωπον</span> <span class='ocrx_word' id='word_1_609' title='bbox 3473 4569 3583 4624; x_wconf 79' lang='grc' dir='ltr'>ἐντί</span> <span class='ocrx_word' id='word_1_610' title='bbox 3590 4566 3735 4639; x_wconf 88' lang='grc' dir='ltr'>μου),</span> 
     </span>
    </p>
   </div>
   <div class='ocr_carea' id='block_1_86' title="bbox 463 4661 2041 4739">
    <p class='ocr_par' dir='ltr' id='par_1_86' title="bbox 463 4661 2041 4739">
     <span class='ocr_line' id='line_1_86' title="bbox 463 4661 2041 4739; baseline 0.008 -26"><span class='ocrx_word' id='word_1_611' title='bbox 463 4661 559 4730; x_wconf 90' lang='lat' dir='ltr'><strong>qui</strong></span> <span class='ocrx_word' id='word_1_612' title='bbox 587 4676 696 4715; x_wconf 93' lang='lat' dir='ltr'><strong>non</strong></span> <span class='ocrx_word' id='word_1_613' title='bbox 731 4674 1017 4717; x_wconf 88' lang='lat' dir='ltr'><strong>reveretur</strong></span> <span class='ocrx_word' id='word_1_614' title='bbox 1045 4680 1338 4734; x_wconf 87' lang='lat' dir='ltr'><strong>personam</strong></span> <span class='ocrx_word' id='word_1_615' title='bbox 1368 4666 1625 4722; x_wconf 86' lang='lat' dir='ltr'><strong>honorati</strong></span> <span class='ocrx_word' id='word_1_616' title='bbox 1659 4687 1669 4721; x_wconf 94' lang='lat'>:</span> <span class='ocrx_word' id='word_1_617' title='bbox 1706 4669 1820 4739; x_wconf 93' lang='lat' dir='ltr'><strong>ipse</strong></span> <span class='ocrx_word' id='word_1_618' title='bbox 1856 4679 2041 4726; x_wconf 88' lang='lat' dir='ltr'><strong>autem</strong></span> 
     </span>
    </p>
   </div>
   <div class='ocr_carea' id='block_1_87' title="bbox 464 4750 2044 4835">
    <p class='ocr_par' dir='ltr' id='par_1_87' title="bbox 464 4750 2044 4835">
     <span class='ocr_line' id='line_1_87' title="bbox 464 4750 2044 4835; baseline 0.009 -32"><span class='ocrx_word' id='word_1_619' title='bbox 464 4750 680 4820; x_wconf 87' lang='lat' dir='ltr'><strong>ignotas</strong></span> <span class='ocrx_word' id='word_1_620' title='bbox 707 4753 1065 4808; x_wconf 89' lang='lat' dir='ltr'><strong>auctoritates</strong></span> <span class='ocrx_word' id='word_1_621' title='bbox 1091 4795 1105 4819; x_wconf 96' lang='lat'><strong>,</strong></span> <span class='ocrx_word' id='word_1_622' title='bbox 1151 4763 1205 4809; x_wconf 91' lang='lat' dir='ltr'><strong>et</strong></span> <span class='ocrx_word' id='word_1_623' title='bbox 1238 4772 1347 4810; x_wconf 89' lang='lat' dir='ltr'><strong>non</strong></span> <span class='ocrx_word' id='word_1_624' title='bbox 1401 4759 1487 4811; x_wconf 85' lang='lat' dir='ltr'><strong>vel</strong></span> <span class='ocrx_word' id='word_1_625' title='bbox 1534 4775 1598 4812; x_wconf 79' lang='lat' dir='ltr'><strong>ex</strong></span> <span class='ocrx_word' id='word_1_626' title='bbox 1634 4761 1768 4829; x_wconf 81' lang='lat' dir='ltr'><strong>ipsis</strong></span> <span class='ocrx_word' id='word_1_627' title='bbox 1794 4763 2044 4835; x_wconf 90' lang='lat' dir='ltr'><strong>cognitas</strong></span> 
     </span>
    </p>
   </div>
   <div class='ocr_carea' id='block_1_88' title="bbox 462 4842 2045 4921">
    <p class='ocr_par' dir='ltr' id='par_1_88' title="bbox 462 4842 2045 4921">
     <span class='ocr_line' id='line_1_88' title="bbox 462 4842 2045 4921; baseline 0.011 -25"><span class='ocrx_word' id='word_1_628' title='bbox 462 4842 549 4897; x_wconf 91' lang='lat' dir='ltr'><strong>vel</strong></span> <span class='ocrx_word' id='word_1_629' title='bbox 583 4858 649 4897; x_wconf 80' lang='lat' dir='ltr'><strong>ex</strong></span> <span class='ocrx_word' id='word_1_630' title='bbox 687 4845 831 4910; x_wconf 84' lang='lat' dir='ltr'><strong>aliis,</strong></span> <span class='ocrx_word' id='word_1_631' title='bbox 868 4846 955 4900; x_wconf 89' lang='lat' dir='ltr'><strong>bis</strong></span> <span class='ocrx_word' id='word_1_632' title='bbox 990 4848 1197 4903; x_wconf 89' lang='lat' dir='ltr'><strong>nostris</strong></span> <span class='ocrx_word' id='word_1_633' title='bbox 1244 4851 1554 4905; x_wconf 86' lang='lat' dir='ltr'><strong>contrarias</strong></span> <span class='ocrx_word' id='word_1_634' title='bbox 1610 4854 1889 4921; x_wconf 83' lang='lat' dir='ltr'><strong>producit,</strong></span> <span class='ocrx_word' id='word_1_635' title='bbox 1949 4857 2045 4913; x_wconf 83' lang='lat' dir='ltr'><strong>de-</strong></span> 
     </span>
    </p>
   </div>
   <div class='ocr_carea' id='block_1_89' title="bbox 463 4940 2047 5017">
    <p class='ocr_par' dir='ltr' id='par_1_89' title="bbox 463 4940 2047 5017">
     <span class='ocr_line' id='line_1_89' title="bbox 463 4940 2047 5017; baseline 0.011 -25"><span class='ocrx_word' id='word_1_636' title='bbox 463 4948 733 4995; x_wconf 89' lang='lat' dir='ltr'><strong>monstret</strong></span> <span class='ocrx_word' id='word_1_637' title='bbox 765 4940 920 5011; x_wconf 91' lang='lat' dir='ltr'><strong>prius</strong></span> <span class='ocrx_word' id='word_1_638' title='bbox 950 4958 1063 4997; x_wconf 92' lang='lat' dir='ltr'><strong>non</strong></span> <span class='ocrx_word' id='word_1_639' title='bbox 1097 4959 1218 5000; x_wconf 88' lang='lat' dir='ltr'><strong>esse</strong></span> <span class='ocrx_word' id='word_1_640' title='bbox 1261 4945 1483 5001; x_wconf 90' lang='lat' dir='ltr'><strong>illorum</strong></span> <span class='ocrx_word' id='word_1_641' title='bbox 1535 4948 1633 5003; x_wconf 86' lang='lat' dir='ltr'><strong>bas</strong></span> <span class='ocrx_word' id='word_1_642' title='bbox 1669 4960 1885 5006; x_wconf 84' lang='lat' dir='ltr'><strong>nostras</strong></span> <span class='ocrx_word' id='word_1_643' title='bbox 1912 4994 1927 5017; x_wconf 95' lang='lat'><strong>,</strong></span> <span class='ocrx_word' id='word_1_644' title='bbox 1990 4964 2047 5009; x_wconf 91' lang='lat' dir='ltr'><strong>et</strong></span> 
     </span>
    </p>
   </div>
   <div class='ocr_carea' id='block_1_90' title="bbox 461 5030 2046 5107">
    <p class='ocr_par' dir='ltr' id='par_1_90' title="bbox 461 5030 2046 5107">
     <span class='ocr_line' id='line_1_90' title="bbox 461 5030 2046 5107; baseline 0.007 -15"><span class='ocrx_word' id='word_1_645' title='bbox 461 5030 546 5092; x_wconf 78' lang='lat' dir='ltr'><strong>sic</strong></span> <span class='ocrx_word' id='word_1_646' title='bbox 580 5032 715 5089; x_wconf 90' lang='lat' dir='ltr'><strong>istas</strong></span> <span class='ocrx_word' id='word_1_647' title='bbox 762 5035 1116 5107; x_wconf 90' lang='lat' dir='ltr'><strong>recipiemus.</strong></span> <span class='ocrx_word' id='word_1_648' title='bbox 1154 5038 1407 5106; x_wconf 86' lang='lat' dir='ltr'><strong>Quandiu</strong></span> <span class='ocrx_word' id='word_1_649' title='bbox 1458 5044 1605 5097; x_wconf 90' lang='lat' dir='ltr'><strong>enim</strong></span> <span class='ocrx_word' id='word_1_650' title='bbox 1652 5044 1735 5099; x_wconf 82' lang='lat' dir='ltr'><strong>liae</strong></span> <span class='ocrx_word' id='word_1_651' title='bbox 1774 5048 1909 5102; x_wconf 89' lang='lat' dir='ltr'><strong>satis</strong></span> <span class='ocrx_word' id='word_1_652' title='bbox 1951 5047 2046 5102; x_wconf 81' lang='lat' dir='ltr'><strong>tir-</strong></span> 
     </span>
    </p>
   </div>
   <div class='ocr_carea' id='block_1_91' title="bbox 461 5122 2048 5201">
    <p class='ocr_par' dir='ltr' id='par_1_91' title="bbox 461 5122 2048 5201">
     <span class='ocr_line' id='line_1_91' title="bbox 461 5122 2048 5201; baseline 0.006 -20"><span class='ocrx_word' id='word_1_653' title='bbox 461 5122 669 5181; x_wconf 80' lang='lat' dir='ltr'><strong>mitatis&#39;</strong></span> <span class='ocrx_word' id='word_1_654' title='bbox 720 5122 964 5197; x_wconf 75' lang='lat' dir='ltr'><strong>habent,</strong></span> <span class='ocrx_word' id='word_1_655' title='bbox 1023 5138 1249 5199; x_wconf 88' lang='lat' dir='ltr'><strong>propter</strong></span> <span class='ocrx_word' id='word_1_656' title='bbox 1280 5131 1631 5201; x_wconf 88' lang='lat' dir='ltr'><strong>splendorem</strong></span> <span class='ocrx_word' id='word_1_657' title='bbox 1676 5134 1944 5190; x_wconf 91' lang='lat' dir='ltr'><strong>librorum</strong></span> <span class='ocrx_word' id='word_1_658' title='bbox 1991 5146 2048 5191; x_wconf 85' lang='lat' dir='ltr'><strong>et</strong></span> 
     </span>
    </p>
   </div>
   <div class='ocr_carea' id='block_1_92' title="bbox 461 5222 2044 5296">
    <p class='ocr_par' dir='ltr' id='par_1_92' title="bbox 461 5222 2044 5296">
     <span class='ocr_line' id='line_1_92' title="bbox 461 5222 2044 5296; baseline 0.005 -23"><span class='ocrx_word' id='word_1_659' title='bbox 461 5228 689 5290; x_wconf 85' lang='lat' dir='ltr'><strong>propter</strong></span> <span class='ocrx_word' id='word_1_660' title='bbox 720 5222 1340 5289; x_wconf 80' lang='lat' dir='ltr'><strong>nobilitatem-Patrum,</strong></span> <span class='ocrx_word' id='word_1_661' title='bbox 1392 5223 1515 5279; x_wconf 82' lang='lat' dir='ltr'><strong>illas</strong></span> <span class='ocrx_word' id='word_1_662' title='bbox 1540 5226 1626 5279; x_wconf 79' lang='lat' dir='ltr'><strong>vel</strong></span> <span class='ocrx_word' id='word_1_663' title='bbox 1660 5241 1771 5279; x_wconf 89' lang='lat' dir='ltr'><strong>non</strong></span> <span class='ocrx_word' id='word_1_664' title='bbox 1809 5228 2044 5296; x_wconf 87' lang='lat' dir='ltr'><strong>recipie-</strong></span> 
     </span>
    </p>
   </div>
   <div class='ocr_carea' id='block_1_93' title="bbox 465 5314 2047 5388">
    <p class='ocr_par' dir='ltr' id='par_1_93' title="bbox 465 5314 2047 5388">
     <span class='ocr_line' id='line_1_93' title="bbox 465 5314 2047 5388; baseline 0.004 -23"><span class='ocrx_word' id='word_1_665' title='bbox 465 5328 589 5368; x_wconf 91' lang='lat' dir='ltr'><strong>mus</strong></span> <span class='ocrx_word' id='word_1_666' title='bbox 611 5329 641 5368; x_wconf 89' lang='lat' dir='ltr'><strong>a</strong></span> <span class='ocrx_word' id='word_1_667' title='bbox 672 5314 968 5385; x_wconf 90' lang='lat' dir='ltr'><strong>principio,</strong></span> <span class='ocrx_word' id='word_1_668' title='bbox 996 5316 1233 5371; x_wconf 89' lang='lat' dir='ltr'><strong>cumbis</strong></span> <span class='ocrx_word' id='word_1_669' title='bbox 1254 5324 1568 5388; x_wconf 88' lang='lat' dir='ltr'><strong>pugnantes</strong></span> <span class='ocrx_word' id='word_1_670' title='bbox 1593 5318 1710 5371; x_wconf 88' lang='lat' dir='ltr'><strong>:vcl</strong></span> <span class='ocrx_word' id='word_1_671' title='bbox 1736 5318 1781 5373; x_wconf 89' lang='lat' dir='ltr'><strong>si</strong></span> <span class='ocrx_word' id='word_1_672' title='bbox 1814 5319 2047 5388; x_wconf 76' lang='lat' dir='ltr'><strong>recipia-</strong></span> 
     </span>
    </p>
   </div>
   <div class='ocr_carea' id='block_1_94' title="bbox 463 5408 2047 5478">
    <p class='ocr_par' dir='ltr' id='par_1_94' title="bbox 463 5408 2047 5478">
     <span class='ocr_line' id='line_1_94' title="bbox 463 5408 2047 5478; baseline 0.004 -21"><span class='ocrx_word' id='word_1_673' title='bbox 463 5420 635 5472; x_wconf 83' lang='lat' dir='ltr'><strong>mus,</strong></span> <span class='ocrx_word' id='word_1_674' title='bbox 677 5414 939 5478; x_wconf 87' lang='lat' dir='ltr'><strong>tanquam</strong></span> <span class='ocrx_word' id='word_1_675' title='bbox 995 5424 1122 5463; x_wconf 94' lang='lat' dir='ltr'><strong>cum</strong></span> <span class='ocrx_word' id='word_1_676' title='bbox 1174 5409 1261 5464; x_wconf 90' lang='lat' dir='ltr'><strong>his</strong></span> <span class='ocrx_word' id='word_1_677' title='bbox 1314 5408 1758 5474; x_wconf 86' lang='lat' dir='ltr'><strong>consentientes,</strong></span> <span class='ocrx_word' id='word_1_678' title='bbox 1807 5422 1864 5463; x_wconf 89' lang='lat' dir='ltr'><strong>ct</strong></span> <span class='ocrx_word' id='word_1_679' title='bbox 1897 5412 2047 5464; x_wconf 89' lang='lat' dir='ltr'><strong>nullo</strong></span> 
     </span>
    </p>
   </div>
   <div class='ocr_carea' id='block_1_95' title="bbox 464 5496 2048 5571">
    <p class='ocr_par' dir='ltr' id='par_1_95' title="bbox 464 5496 2048 5571">
     <span class='ocr_line' id='line_1_95' title="bbox 464 5496 2048 5571; baseline 0.004 -21"><span class='ocrx_word' id='word_1_680' title='bbox 464 5496 630 5552; x_wconf 92' lang='lat' dir='ltr'><strong>modo</strong></span> <span class='ocrx_word' id='word_1_681' title='bbox 671 5497 1047 5569; x_wconf 87' lang='lat' dir='ltr'><strong>discrepantes</strong></span> <span class='ocrx_word' id='word_1_682' title='bbox 1070 5499 1422 5571; x_wconf 87' lang='lat' dir='ltr'><strong>recipiemus.</strong></span> <span class='ocrx_word' id='word_1_683' title='bbox 1454 5500 1655 5557; x_wconf 90' lang='lat' dir='ltr'><strong>Conari</strong></span> <span class='ocrx_word' id='word_1_684' title='bbox 1697 5500 1845 5557; x_wconf 88' lang='lat' dir='ltr'><strong>enim</strong></span> <span class='ocrx_word' id='word_1_685' title='bbox 1894 5502 2048 5557; x_wconf 65' lang='lat' dir='ltr'><strong>tlieoo</strong></span> 
     </span>
    </p>
   </div>
   <div class='ocr_carea' id='block_1_96' title="bbox 466 5588 2047 5661">
    <p class='ocr_par' dir='ltr' id='par_1_96' title="bbox 466 5588 2047 5661">
     <span class='ocr_line' id='line_1_96' title="bbox 466 5588 2047 5661; baseline 0.004 -18"><span class='ocrx_word' id='word_1_686' title='bbox 466 5588 620 5661; x_wconf 87' lang='lat' dir='ltr'><strong>logos</strong></span> <span class='ocrx_word' id='word_1_687' title='bbox 661 5590 730 5644; x_wconf 89' lang='lat' dir='ltr'><strong>ad</strong></span> <span class='ocrx_word' id='word_1_688' title='bbox 763 5593 1259 5648; x_wconf 90' lang='lat' dir='ltr'><strong>contradictionem</strong></span> <span class='ocrx_word' id='word_1_689' title='bbox 1293 5593 1569 5649; x_wconf 89' lang='lat' dir='ltr'><strong>adducere</strong></span> <span class='ocrx_word' id='word_1_690' title='bbox 1594 5636 1609 5660; x_wconf 94' lang='lat'><strong>,</strong></span> <span class='ocrx_word' id='word_1_691' title='bbox 1643 5605 1699 5651; x_wconf 90' lang='lat' dir='ltr'><strong>et</strong></span> <span class='ocrx_word' id='word_1_692' title='bbox 1722 5595 1904 5649; x_wconf 81' lang='lat' dir='ltr'><strong>dicere</strong></span> <span class='ocrx_word' id='word_1_693' title='bbox 1929 5612 1956 5649; x_wconf 87' lang='lat' dir='ltr'><strong>a</strong></span> <span class='ocrx_word' id='word_1_694' title='bbox 1991 5613 2047 5650; x_wconf 87' lang='lat' dir='ltr'><strong>se</strong></span> 
     </span>
    </p>
   </div>
   <div class='ocr_carea' id='block_1_97' title="bbox 467 5679 2048 5755">
    <p class='ocr_par' dir='ltr' id='par_1_97' title="bbox 467 5679 2048 5755">
     <span class='ocr_line' id='line_1_97' title="bbox 467 5679 2048 5755; baseline 0.004 -20"><span class='ocrx_word' id='word_1_695' title='bbox 467 5679 604 5752; x_wconf 82' lang='lat' dir='ltr'><strong>ipsis</strong></span> <span class='ocrx_word' id='word_1_696' title='bbox 650 5681 966 5748; x_wconf 89' lang='lat' dir='ltr'><strong>dissentire,</strong></span> <span class='ocrx_word' id='word_1_697' title='bbox 1012 5684 1101 5739; x_wconf 92' lang='lat' dir='ltr'><strong>hic</strong></span> <span class='ocrx_word' id='word_1_698' title='bbox 1146 5694 1377 5739; x_wconf 87' lang='lat' dir='ltr'><strong>conatus</strong></span> <span class='ocrx_word' id='word_1_699' title='bbox 1414 5692 1705 5755; x_wconf 84' lang='lat' dir='ltr'><strong>susceptus</strong></span> <span class='ocrx_word' id='word_1_700' title='bbox 1732 5696 1787 5742; x_wconf 94' lang='lat' dir='ltr'><strong>ct</strong></span> <span class='ocrx_word' id='word_1_701' title='bbox 1819 5686 1921 5740; x_wconf 77' lang='lat' dir='ltr'><strong>hoc</strong></span> <span class='ocrx_word' id='word_1_702' title='bbox 1958 5702 2048 5741; x_wconf 88' lang='lat' dir='ltr'><strong>nc-</strong></span> 
     </span>
    </p>
   </div>
   <div class='ocr_carea' id='block_1_98' title="bbox 540 5880 1825 5953">
    <p class='ocr_par' dir='ltr' id='par_1_98' title="bbox 540 5880 1825 5953">
     <span class='ocr_line' id='line_1_98' title="bbox 540 5880 1825 5953; baseline 0.002 -16"><span class='ocrx_word' id='word_1_703' title='bbox 540 5880 755 5937; x_wconf 67' lang='lat' dir='ltr'><strong>‘Prov.</strong></span> <span class='ocrx_word' id='word_1_704' title='bbox 794 5898 915 5948; x_wconf 74' lang='lat' dir='ltr'><strong>xxv,</strong></span> <span class='ocrx_word' id='word_1_705' title='bbox 950 5884 1013 5938; x_wconf 70' lang='lat'><strong>1:!</strong></span> <span class='ocrx_word' id='word_1_706' title='bbox 1039 5899 1151 5939; x_wconf 86' lang='lat' dir='ltr'><strong>sec.</strong></span> <span class='ocrx_word' id='word_1_707' title='bbox 1182 5883 1344 5939; x_wconf 73' lang='lat' dir='ltr'><strong>LXX.</strong></span> <span class='ocrx_word' id='word_1_708' title='bbox 1390 5884 1408 5914; x_wconf 76' lang='grc'><strong>⁸⁵</strong></span> <span class='ocrx_word' id='word_1_709' title='bbox 1436 5883 1610 5939; x_wconf 84' lang='lat' dir='ltr'><strong>licbr.</strong></span> <span class='ocrx_word' id='word_1_710' title='bbox 1649 5900 1739 5953; x_wconf 75' lang='lat' dir='ltr'><strong>xu,</strong></span> <span class='ocrx_word' id='word_1_711' title='bbox 1775 5886 1825 5940; x_wconf 84' lang='grc'><strong>1.</strong></span> 
     </span>
    </p>
   </div>
   <div class='ocr_carea' id='block_1_99' title="bbox 2145 4662 3738 4746">
    <p class='ocr_par' dir='ltr' id='par_1_99' title="bbox 2145 4662 3738 4746">
     <span class='ocr_line' id='line_1_99' title="bbox 2145 4662 3738 4746; baseline -0.011 -16"><span class='ocrx_word' id='word_1_712' title='bbox 2145 4677 2395 4746; x_wconf 86' lang='grc' dir='ltr'>ἀσήμους</span> <span class='ocrx_word' id='word_1_713' title='bbox 2425 4671 2481 4724; x_wconf 85' lang='grc' dir='ltr'>δὲ</span> <span class='ocrx_word' id='word_1_714' title='bbox 2537 4670 2631 4723; x_wconf 74' lang='grc' dir='ltr'><strong>καὶ</strong></span> <span class='ocrx_word' id='word_1_715' title='bbox 2655 4668 2755 4720; x_wconf 89' lang='grc' dir='ltr'><strong>οὐκ</strong></span> <span class='ocrx_word' id='word_1_716' title='bbox 2776 4664 3151 4735; x_wconf 86' lang='grc' dir='ltr'>ὲγνωσμένας,</span> <span class='ocrx_word' id='word_1_717' title='bbox 3176 4662 3252 4727; x_wconf 86' lang='grc' dir='ltr'><strong>ὠς</strong></span> <span class='ocrx_word' id='word_1_718' title='bbox 3278 4662 3339 4726; x_wconf 75' lang='grc' dir='ltr'><strong>ἐξ</strong></span> <span class='ocrx_word' id='word_1_719' title='bbox 3359 4662 3538 4717; x_wconf 88' lang='grc' dir='ltr'>αὐτῶν</span> <span class='ocrx_word' id='word_1_720' title='bbox 3562 4663 3593 4731; x_wconf 76' lang='grc' dir='ltr'>ἡ</span> <span class='ocrx_word' id='word_1_721' title='bbox 3618 4662 3738 4714; x_wconf 57' lang='grc' dir='ltr'>ἑτέ-</span> 
     </span>
    </p>
   </div>
   <div class='ocr_carea' id='block_1_100' title="bbox 2148 4752 3771 4843">
    <p class='ocr_par' dir='ltr' id='par_1_100' title="bbox 2148 4752 3771 4843">
     <span class='ocr_line' id='line_1_100' title="bbox 2148 4752 3771 4843; baseline -0.01 -20"><span class='ocrx_word' id='word_1_722' title='bbox 2148 4786 2278 4843; x_wconf 90' lang='grc' dir='ltr'>ρων,</span> <span class='ocrx_word' id='word_1_723' title='bbox 2302 4765 2515 4824; x_wconf 80' lang='grc' dir='ltr'>τούτοις</span> <span class='ocrx_word' id='word_1_724' title='bbox 2546 4760 2798 4823; x_wconf 77' lang='grc' dir='ltr'>ἐναντίας</span> <span class='ocrx_word' id='word_1_725' title='bbox 2853 4758 3077 4829; x_wconf 85' lang='grc' dir='ltr'>χρήσεις</span> <span class='ocrx_word' id='word_1_726' title='bbox 3116 4753 3468 4827; x_wconf 79' lang='grc' dir='ltr'>προκομίζοι,</span> <span class='ocrx_word' id='word_1_727' title='bbox 3509 4752 3742 4820; x_wconf 80' lang='grc' dir='ltr'>δειξάτω</span> <span class='ocrx_word' id='word_1_728' title='bbox 3770 4834 3771 4841; x_wconf 10' lang='grc' dir='ltr'>γ</span> 
     </span>
    </p>
   </div>
   <div class='ocr_carea' id='block_1_101' title="bbox 2147 4844 3782 4930">
    <p class='ocr_par' dir='ltr' id='par_1_101' title="bbox 2147 4844 3782 4930">
     <span class='ocr_line' id='line_1_101' title="bbox 2147 4844 3782 4930; baseline -0.009 -15"><span class='ocrx_word' id='word_1_729' title='bbox 2147 4860 2387 4930; x_wconf 90' lang='grc' dir='ltr'>πρῶτον,</span> <span class='ocrx_word' id='word_1_730' title='bbox 2422 4858 2502 4910; x_wconf 82' lang='grc' dir='ltr'><strong>ὅτι</strong></span> <span class='ocrx_word' id='word_1_731' title='bbox 2540 4855 2614 4925; x_wconf 82' lang='grc' dir='ltr'>μὴ</span> <span class='ocrx_word' id='word_1_732' title='bbox 2645 4846 2807 4907; x_wconf 71' lang='grc' dir='ltr'>αὗται</span> <span class='ocrx_word' id='word_1_733' title='bbox 2831 4850 3058 4903; x_wconf 74' lang='grc' dir='ltr'>ἐκείνων</span> <span class='ocrx_word' id='word_1_734' title='bbox 3078 4844 3236 4901; x_wconf 80' lang='grc' dir='ltr'>οὖσαι</span> <span class='ocrx_word' id='word_1_735' title='bbox 3264 4847 3621 4919; x_wconf 83' lang='grc' dir='ltr'>τυγχάνουσι,</span> <span class='ocrx_word' id='word_1_736' title='bbox 3642 4845 3741 4900; x_wconf 75' lang='grc' dir='ltr'><strong>καὶ</strong></span> <span class='ocrx_word' id='word_1_737' title='bbox 3772 4848 3782 4901; x_wconf 68' lang='grc'><strong>’.</strong></span> 
     </span>
    </p>
   </div>
   <div class='ocr_carea' id='block_1_102' title="bbox 2147 4934 3739 5015">
    <p class='ocr_par' dir='ltr' id='par_1_102' title="bbox 2147 4934 3739 5015">
     <span class='ocr_line' id='line_1_102' title="bbox 2147 4934 3739 5015; baseline -0.011 -8"><span class='ocrx_word' id='word_1_738' title='bbox 2147 4951 2320 5015; x_wconf 77' lang='grc' dir='ltr'>οὕτως</span> <span class='ocrx_word' id='word_1_739' title='bbox 2345 4949 2559 5009; x_wconf 81' lang='grc' dir='ltr'>ὲκείνας</span> <span class='ocrx_word' id='word_1_740' title='bbox 2591 4942 2906 5014; x_wconf 79' lang='grc' dir='ltr'>δεξαίμεθα.</span> <span class='ocrx_word' id='word_1_741' title='bbox 2941 4942 3083 5004; x_wconf 86' lang='grc' dir='ltr'><strong>Ἕως</strong></span> <span class='ocrx_word' id='word_1_742' title='bbox 3119 4941 3165 4993; x_wconf 85' lang='grc' dir='ltr'>δ’</span> <span class='ocrx_word' id='word_1_743' title='bbox 3196 4940 3261 4993; x_wconf 78' lang='grc' dir='ltr'>ἂν</span> <span class='ocrx_word' id='word_1_744' title='bbox 3294 4934 3454 4994; x_wconf 78' lang='grc' dir='ltr'>αὐται</span> <span class='ocrx_word' id='word_1_745' title='bbox 3482 4937 3545 4993; x_wconf 78' lang='grc' dir='ltr'>τὸ</span> <span class='ocrx_word' id='word_1_746' title='bbox 3587 4940 3739 5009; x_wconf 78' lang='grc' dir='ltr'>ἰσχυ-</span> 
     </span>
    </p>
   </div>
   <div class='ocr_carea' id='block_1_103' title="bbox 2150 5031 3738 5118">
    <p class='ocr_par' dir='ltr' id='par_1_103' title="bbox 2150 5031 3738 5118">
     <span class='ocr_line' id='line_1_103' title="bbox 2150 5031 3738 5118; baseline -0.009 -20"><span class='ocrx_word' id='word_1_747' title='bbox 2150 5045 2243 5118; x_wconf 83' lang='grc' dir='ltr'><strong>ρὸν</strong></span> <span class='ocrx_word' id='word_1_748' title='bbox 2279 5041 2487 5113; x_wconf 73' lang='grc' dir='ltr'>ἔχουσι,</span> <span class='ocrx_word' id='word_1_749' title='bbox 2514 5040 2581 5110; x_wconf 83' lang='grc' dir='ltr'>τῇ</span> <span class='ocrx_word' id='word_1_750' title='bbox 2612 5054 2669 5091; x_wconf 86' lang='grc' dir='ltr'><strong>τε</strong></span> <span class='ocrx_word' id='word_1_751' title='bbox 2718 5038 2827 5089; x_wconf 89' lang='grc' dir='ltr'><strong>τῶν</strong></span> <span class='ocrx_word' id='word_1_752' title='bbox 2888 5034 3286 5105; x_wconf 86' lang='grc' dir='ltr'>συνταγμάτων</span> <span class='ocrx_word' id='word_1_753' title='bbox 3340 5031 3738 5103; x_wconf 82' lang='grc' dir='ltr'>λαμπρότητι,</span> 
     </span>
    </p>
   </div>
   <div class='ocr_carea' id='block_1_104' title="bbox 2149 5122 3739 5206">
    <p class='ocr_par' dir='ltr' id='par_1_104' title="bbox 2149 5122 3739 5206">
     <span class='ocr_line' id='line_1_104' title="bbox 2149 5122 3739 5206; baseline -0.009 -15"><span class='ocrx_word' id='word_1_754' title='bbox 2149 5136 2243 5191; x_wconf 72' lang='grc' dir='ltr'><strong>καὶ</strong></span> <span class='ocrx_word' id='word_1_755' title='bbox 2280 5130 2611 5206; x_wconf 71' lang='grc' dir='ltr'>περιφανείᾳ</span> <span class='ocrx_word' id='word_1_756' title='bbox 2636 5132 2701 5201; x_wconf 82' lang='grc' dir='ltr'>τῇ</span> <span class='ocrx_word' id='word_1_757' title='bbox 2728 5129 2835 5183; x_wconf 89' lang='grc' dir='ltr'><strong>τῶν</strong></span> <span class='ocrx_word' id='word_1_758' title='bbox 2860 5126 3142 5198; x_wconf 79' lang='grc' dir='ltr'>Πατέρων,</span> <span class='ocrx_word' id='word_1_759' title='bbox 3177 5125 3393 5189; x_wconf 82' lang='grc' dir='ltr'>ὲκείνας</span> <span class='ocrx_word' id='word_1_760' title='bbox 3439 5122 3473 5195; x_wconf 78' lang='grc' dir='ltr'>ἢ</span> <span class='ocrx_word' id='word_1_761' title='bbox 3517 5123 3581 5178; x_wconf 89' lang='grc' dir='ltr'>οὐ</span> <span class='ocrx_word' id='word_1_762' title='bbox 3635 5141 3739 5177; x_wconf 76' lang='grc' dir='ltr'>πα-</span> 
     </span>
    </p>
   </div>
   <div class='ocr_carea' id='block_1_105' title="bbox 2158 5213 3735 5299">
    <p class='ocr_par' dir='ltr' id='par_1_105' title="bbox 2158 5213 3735 5299">
     <span class='ocr_line' id='line_1_105' title="bbox 2158 5213 3735 5299; baseline -0.008 -19"><span class='ocrx_word' id='word_1_763' title='bbox 2158 5223 2522 5299; x_wconf 80' lang='grc' dir='ltr'>ραδεξαίμεοα</span> <span class='ocrx_word' id='word_1_764' title='bbox 2540 5222 2638 5294; x_wconf 79' lang='grc' dir='ltr'>τὴν</span> <span class='ocrx_word' id='word_1_765' title='bbox 2656 5219 2854 5293; x_wconf 81' lang='grc' dir='ltr'>ἀρχὴν,</span> <span class='ocrx_word' id='word_1_766' title='bbox 2879 5218 3023 5273; x_wconf 86' lang='grc' dir='ltr'><strong>κατά</strong></span> <span class='ocrx_word' id='word_1_767' title='bbox 3043 5217 3251 5271; x_wconf 90' lang='grc' dir='ltr'>τούτων</span> <span class='ocrx_word' id='word_1_768' title='bbox 3274 5213 3735 5285; x_wconf 84' lang='grc' dir='ltr'>στρατευομένας·</span> 
     </span>
    </p>
   </div>
   <div class='ocr_carea' id='block_1_106' title="bbox 2154 5306 3734 5389">
    <p class='ocr_par' dir='ltr' id='par_1_106' title="bbox 2154 5306 3734 5389">
     <span class='ocr_line' id='line_1_106' title="bbox 2154 5306 3734 5389; baseline -0.009 -18"><span class='ocrx_word' id='word_1_769' title='bbox 2154 5319 2185 5389; x_wconf 86' lang='grc' dir='ltr'><strong>ῆ</strong></span> <span class='ocrx_word' id='word_1_770' title='bbox 2216 5317 2523 5385; x_wconf 82' lang='grc' dir='ltr'>δεξάμενοι,</span> <span class='ocrx_word' id='word_1_771' title='bbox 2556 5314 2633 5378; x_wconf 85' lang='grc' dir='ltr'><strong>ὡς</strong></span> <span class='ocrx_word' id='word_1_772' title='bbox 2665 5313 2959 5383; x_wconf 86' lang='grc' dir='ltr'>σύμφωνον</span> <span class='ocrx_word' id='word_1_773' title='bbox 2979 5310 3189 5372; x_wconf 89' lang='grc' dir='ltr'>τούτοις</span> <span class='ocrx_word' id='word_1_774' title='bbox 3219 5306 3447 5377; x_wconf 70' lang='grc' dir='ltr'>ἐχούσας</span> <span class='ocrx_word' id='word_1_775' title='bbox 3476 5306 3734 5366; x_wconf 82' lang='grc' dir='ltr'>διάνοιαν,</span> 
     </span>
    </p>
   </div>
   <div class='ocr_carea' id='block_1_107' title="bbox 2157 5398 3737 5477">
    <p class='ocr_par' dir='ltr' id='par_1_107' title="bbox 2157 5398 3737 5477">
     <span class='ocr_line' id='line_1_107' title="bbox 2157 5398 3737 5477; baseline -0.008 -15"><span class='ocrx_word' id='word_1_776' title='bbox 2157 5414 2252 5463; x_wconf 69' lang='grc' dir='ltr'>καὶ</span> <span class='ocrx_word' id='word_1_777' title='bbox 2277 5408 2399 5462; x_wconf 81' lang='grc' dir='ltr'>κατ’</span> <span class='ocrx_word' id='word_1_778' title='bbox 2434 5407 2588 5462; x_wconf 82' lang='grc' dir='ltr'>οὐδὲν</span> <span class='ocrx_word' id='word_1_779' title='bbox 2623 5404 2937 5477; x_wconf 84' lang='grc' dir='ltr'>μαχομένας</span> <span class='ocrx_word' id='word_1_780' title='bbox 2969 5400 3337 5471; x_wconf 81' lang='grc' dir='ltr'>ὲκδεξώμεοα.</span> <span class='ocrx_word' id='word_1_781' title='bbox 3387 5398 3461 5451; x_wconf 72' lang='grc' dir='ltr'><strong>Τὸ</strong></span> <span class='ocrx_word' id='word_1_782' title='bbox 3500 5398 3611 5468; x_wconf 86' lang='grc' dir='ltr'>γὰρ</span> <span class='ocrx_word' id='word_1_783' title='bbox 3655 5399 3737 5460; x_wconf 83' lang='grc' dir='ltr'><strong>εἰς</strong></span> 
     </span>
    </p>
   </div>
   <div class='ocr_carea' id='block_1_108' title="bbox 2154 5492 3737 5572">
    <p class='ocr_par' dir='ltr' id='par_1_108' title="bbox 2154 5492 3737 5572">
     <span class='ocr_line' id='line_1_108' title="bbox 2154 5492 3737 5572; baseline -0.009 -16"><span class='ocrx_word' id='word_1_784' title='bbox 2154 5503 2442 5572; x_wconf 87' lang='grc' dir='ltr'>ἀντίφασιν</span> <span class='ocrx_word' id='word_1_785' title='bbox 2469 5500 2762 5571; x_wconf 78' lang='grc' dir='ltr'>πειρᾶσθαι</span> <span class='ocrx_word' id='word_1_786' title='bbox 2791 5498 2917 5561; x_wconf 76' lang='grc' dir='ltr'>τοὺς</span> <span class='ocrx_word' id='word_1_787' title='bbox 2953 5495 3234 5564; x_wconf 69' lang='grc' dir='ltr'>θεολόγους</span> <span class='ocrx_word' id='word_1_788' title='bbox 3258 5493 3431 5562; x_wconf 81' lang='grc' dir='ltr'>ἄγειν,</span> <span class='ocrx_word' id='word_1_789' title='bbox 3453 5492 3546 5546; x_wconf 80' lang='grc' dir='ltr'>καὶ</span> <span class='ocrx_word' id='word_1_790' title='bbox 3560 5492 3737 5559; x_wconf 80' lang='grc' dir='ltr'>ἀσυμ-</span> 
     </span>
    </p>
   </div>
   <div class='ocr_carea' id='block_1_109' title="bbox 2157 5580 3737 5662">
    <p class='ocr_par' dir='ltr' id='par_1_109' title="bbox 2157 5580 3737 5662">
     <span class='ocr_line' id='line_1_109' title="bbox 2157 5580 3737 5662; baseline -0.009 -15"><span class='ocrx_word' id='word_1_791' title='bbox 2157 5593 2367 5662; x_wconf 81' lang='grc' dir='ltr'>φώνους</span> <span class='ocrx_word' id='word_1_792' title='bbox 2402 5591 2586 5661; x_wconf 86' lang='grc' dir='ltr'>σφίσιν</span> <span class='ocrx_word' id='word_1_793' title='bbox 2617 5591 2817 5654; x_wconf 79' lang='grc' dir='ltr'>αὐτοὺς</span> <span class='ocrx_word' id='word_1_794' title='bbox 2864 5587 3193 5659; x_wconf 78' lang='grc' dir='ltr'>γεγενῆσθαι</span> <span class='ocrx_word' id='word_1_795' title='bbox 3236 5586 3418 5654; x_wconf 87' lang='grc' dir='ltr'>λέγειν</span> <span class='ocrx_word' id='word_1_796' title='bbox 3445 5601 3457 5613; x_wconf 89' lang='grc'><strong>·</strong></span> <span class='ocrx_word' id='word_1_797' title='bbox 3497 5582 3556 5636; x_wconf 92' lang='grc' dir='ltr'>οὐ</span> <span class='ocrx_word' id='word_1_798' title='bbox 3613 5580 3737 5634; x_wconf 83' lang='grc' dir='ltr'>καθ’</span> 
     </span>
    </p>
   </div>
   <div class='ocr_carea' id='block_1_110' title="bbox 2157 5671 3744 5756">
    <p class='ocr_par' dir='ltr' id='par_1_110' title="bbox 2157 5671 3744 5756">
     <span class='ocr_line' id='line_1_110' title="bbox 2157 5671 3744 5756; baseline -0.012 -15"><span class='ocrx_word' id='word_1_799' title='bbox 2157 5686 2312 5756; x_wconf 73' lang='grc' dir='ltr'>ἡμῶν</span> <span class='ocrx_word' id='word_1_800' title='bbox 2355 5687 2469 5738; x_wconf 87' lang='grc' dir='ltr'>ὲστι</span> <span class='ocrx_word' id='word_1_801' title='bbox 2515 5686 2575 5738; x_wconf 80' lang='grc' dir='ltr'><strong>τὸ</strong></span> <span class='ocrx_word' id='word_1_802' title='bbox 2624 5682 2929 5753; x_wconf 75' lang='grc' dir='ltr'>ἐγχείρημα</span> <span class='ocrx_word' id='word_1_803' title='bbox 2953 5696 2966 5709; x_wconf 72' lang='grc' dir='ltr'><strong>ο</strong></span> <span class='ocrx_word' id='word_1_804' title='bbox 3005 5679 3153 5736; x_wconf 71' lang='grc' dir='ltr'>κατὰ,</span> <span class='ocrx_word' id='word_1_805' title='bbox 3176 5676 3231 5731; x_wconf 77' lang='grc' dir='ltr'>δὲ</span> <span class='ocrx_word' id='word_1_806' title='bbox 3271 5677 3369 5747; x_wconf 80' lang='grc' dir='ltr'>τῆς</span> <span class='ocrx_word' id='word_1_807' title='bbox 3402 5672 3624 5730; x_wconf 79' lang='grc' dir='ltr'>ἐκείνων</span> <span class='ocrx_word' id='word_1_808' title='bbox 3648 5671 3744 5724; x_wconf 58' lang='grc' dir='ltr'>δός</span> 
     </span>
    </p>
   </div>
   <div class='ocr_carea' id='block_1_111' title="bbox 1890 5885 2333 5957">
    <p class='ocr_par' dir='ltr' id='par_1_111' title="bbox 1890 5885 2333 5957">
     <span class='ocr_line' id='line_1_111' title="bbox 1890 5885 2333 5957; baseline -0.005 -17"><span class='ocrx_word' id='word_1_809' title='bbox 1890 5887 1904 5914; x_wconf 80' lang='grc'><strong>⁷</strong></span> <span class='ocrx_word' id='word_1_810' title='bbox 1959 5885 2093 5957; x_wconf 79' lang='lat' dir='ltr'><strong>Sap.</strong></span> <span class='ocrx_word' id='word_1_811' title='bbox 2144 5903 2202 5952; x_wconf 82' lang='grc' dir='ltr'>ιι,</span> <span class='ocrx_word' id='word_1_812' title='bbox 2247 5888 2333 5940; x_wconf 69' lang='grc' dir='ltr'><strong>ω.</strong></span> 
     </span>
    </p>
   </div>
  </div>
