4120 6442
414 456 554 523 1309

1467 458 1768 519 CONTRA
1806 456 2126 518 NESTOR.
2169 459 2265 519 ET
2308 460 2630 524 EUTYCH.

3526 463 3665 529 1-310

408 565 528 637 ξης,
561 563 768 634 μᾶλλον
792 563 847 617 δὲ
880 563 979 634 τῆς
1015 564 1109 617 τοῦ
1146 562 1384 629 Παύλου,
1440 566 1535 617 καὶ
1579 563 1696 617 ἐστι
1743 563 1845 633 τῆς
1888 562 1985 616 τοῦ

2093 566 2296 636 gotium
2331 584 2440 624 non
2465 581 2549 649 est
2590 582 2783 629 contra
2810 590 2932 642 nos,
2966 575 3061 631 sed
3087 584 3279 632 contra
3304 575 3522 631 illorum
3546 580 3664 649 gloo

408 659 567 726 ἁγίου
598 659 918 727 Πνεύματος
951 656 1261 723 αύθεντίας,
1307 658 1403 711 καὶ
1441 658 1537 712 τοῦ
1595 659 1651 710 ὲν
1705 655 1853 727 αὐτῷ
1900 656 1993 709 λα-

406 742 629 808 λοῦντος
659 745 919 816 Χριστοῦ.
955 746 1109 799 Μετὰ
1170 747 1277 817 γὰρ
1335 748 1460 811 τοὺς
1516 745 1847 808 ἀποστόλους
1896 745 1991 798 καὶ

407 838 534 899 τοὺς
578 838 884 908 προφήτας,
937 838 994 889 έν
1024 841 1090 908 τῇ
1141 836 1437 909 Ἐκκλησία
1461 838 1584 900 τοὺς
1613 835 1988 899 διδασκάλους,

408 928 551 983 κατὰ
584 931 684 1001 τὴν
717 928 1119 1001 ἀνεξιχνίαστον
1148 931 1241 983 τοῦ
1297 930 1610 1000 Πνεύματος
1652 927 1987 997 οἰκονομίαν,

408 1019 651 1075 τέθεικεν
682 1022 711 1074 ὁ
738 1020 890 1087 Θεὸς,
922 1023 999 1084 εἰς
1028 1022 1187 1091 ἔργον
1229 1021 1553 1088 διακονοίας,
1584 1021 1664 1083 είς
1693 1018 1989 1090 οἰκοδομὴν

407 1112 501 1167 τοῦ
537 1114 787 1185 σώματος
832 1115 926 1169 τοῦ
957 1113 1214 1186 Χριστοῦ.
1250 1113 1457 1169 Οὐκοῦν
1502 1115 1531 1167 ὁ
1586 1112 1712 1176 τοὺς
1744 1112 1990 1182 Πατέρας

412 1206 488 1276 μὴ
521 1204 811 1274 δεχόμενος
842 1207 970 1269 τοὺς
994 1206 1270 1274 διαφανεῖς
1308 1222 1367 1257 τε
1412 1204 1509 1258 καὶ
1538 1203 1598 1256 ὲν
1636 1206 1702 1274 τῇ
1755 1202 1988 1273 Ἐκκλη-

412 1296 502 1367 σίᾳ
531 1296 626 1349 τοῦ
658 1296 793 1349 Θεοῦ
821 1297 1205 1369 περιϐοήτους,
1236 1296 1530 1369 προφανῶς
1550 1298 1619 1367 τῇ
1638 1295 1867 1365 διαταγῇ
1895 1293 1987 1347 τοῦ

410 1386 546 1441 Θεοῦ
576 1388 911 1459 ἀνθέστηκεν
923 1432 935 1444 .

486 1479 553 1532 Τί
610 1478 791 1533 τοίνυν
851 1479 1099 1550 διαφέρει
1164 1478 1323 1532 οὐσία
1390 1478 1764 1542 ὑποστάσεως,
1824 1476 1990 1549 ἤγουν

412 1571 577 1642 φύσις
602 1572 919 1643 προσώπου,
956 1573 1022 1625 ἐκ
1054 1572 1162 1624 τῶν
1212 1570 1465 1641 μεγάλων
1510 1571 1834 1641 φωστήρων,
1885 1567 1991 1623 Βα-

412 1663 613 1718 σιλείου
644 1682 704 1717 τε
741 1665 835 1718 καὶ
863 1664 1189 1736 Γρηγορίου,
1241 1663 1437 1734 μαθεῖν
1501 1662 1708 1728 ἔξεστιν
1741 1679 1755 1694 ο
1793 1661 1989 1724 οἵτινες

410 1755 514 1808 ὑπὸ
548 1756 750 1811 κανόνα
811 1758 905 1810 καὶ
950 1757 1074 1827 ὅρον
1115 1756 1184 1810 τά
1225 1755 1321 1809 νῦν
1365 1757 1497 1827 ἡμῖν
1541 1753 1847 1825 ζητούμενα
1890 1752 1987 1807 ἀν-

408 1847 639 1917 ήγαγον,
676 1848 864 1916 σαφῶς
890 1848 1222 1912 διδάξαντες,
1250 1848 1303 1901 τί
1334 1848 1432 1918 μὲν
1476 1846 1653 1907 ούσία,
1679 1846 1732 1899 τί
1768 1844 1825 1898 δὲ
1858 1845 1989 1898 ὑπό-

409 1958 622 2006 στασις,
661 1942 756 1995 καὶ
790 1941 864 2005 ὡς
904 1941 1068 2011 φύσις
1090 1942 1283 1995 ταυτόν
1314 1942 1430 1993 ἐστι
1455 1944 1522 2011 τῇ
1546 1940 1724 2011 οὐσίᾳ,
1749 1938 1987 1993 ὑπόστα-

409 2035 494 2097 σις
535 2051 595 2087 τε
654 2033 733 2105 τῷ
793 2034 1097 2105 προσώπῳ,
1155 2034 1251 2086 καὶ
1314 2033 1452 2099 πῶς,
1494 2033 1588 2085 καὶ
1638 2033 1777 2086 κατά
1829 2050 1988 2085 τινων

407 2125 582 2179 ταῦτα
642 2127 883 2197 λέγεται,
928 2126 1027 2189 τάς
1076 2144 1134 2180 τε
1161 2125 1505 2196 άντωνυμίας
1534 2124 1735 2187 αὐτῶν,
1772 2124 1865 2177 καὶ¹
1892 2124 1989 2193 τὴν

407 2216 788 2287 ἀντεμπλοκὴν
850 2216 1086 2287 ἔμπαλιν
1140 2214 1372 2286 ἐχούσης
1424 2215 1524 2283 τῆς
1580 2213 1856 2282 θεολογίας
1920 2215 1986 2283 τῇ

409 2308 713 2379 οἰκονομίᾳ,
752 2309 894 2362 κατὰ
918 2307 1016 2379 τὴν
1054 2307 1163 2361 τῶν
1193 2308 1474 2376 ὀνομάτων
1506 2304 1709 2359 τούτων
1768 2302 1989 2368 ὲπίζευ-

412 2400 492 2464 ξίν
534 2417 593 2453 τε
625 2400 723 2452 καὶ
771 2399 1112 2468 ὑπαλλαγὴν.
1159 2398 1314 2451 Μετὰ
1359 2396 1417 2450 δὲ
1477 2395 1575 2466 τὴν
1627 2394 1831 2448 τούτων
1886 2410 1991 2446 πα-

414 2490 656 2563 ράθεσιν,
698 2492 792 2545 καὶ
839 2491 967 2554 τοὺς
1018 2489 1209 2552 ἄλλους
1246 2489 1423 2560 ἱεροὺς
1454 2485 1805 2548 διδασκάλους
1851 2501 1992 2555 παρ-

411 2585 614 2653 άξομεν
679 2585 758 2647 εἰς
793 2584 955 2655 μέσον
989 2600 1003 2614 ’
1046 2584 1172 2652 μιᾶς
1218 2599 1319 2634 που
1360 2582 1393 2651 ἡ
1429 2579 1688 2649 δευτέρας
1722 2578 1991 2647 χρήσεως,

409 2678 508 2746 τὴν
542 2679 723 2731 πᾶσαν
752 2678 885 2745 ἡμῖν
910 2674 1017 2728 τῶν
1050 2673 1323 2742 θεοσόφων
1350 2671 1590 2725 διάνοιαν
1618 2666 1993 2739 παριστώσης.

424 2770 630 2823 Ὶκαναὶ
661 2768 769 2839 γὰρ
806 2768 900 2821 καὶ
931 2760 1090 2820 αὗται
1123 2764 1444 2820 καταιδέσαι
1468 2761 1595 2825 τοὺς
1620 2760 1989 2829 εὐγνώμονας.

412 2866 551 2927 Τοὺς
579 2862 687 2933 γάρ
738 2860 812 2931 μὴ
860 2858 1133 2921 τοιούτους
1182 2857 1290 2909 οὐδ’
1337 2856 1401 2909 ἂν
1430 2856 1586 2917 ὁπᾶς
1642 2852 1827 2906 πείσαι
1884 2851 1992 2903 τῶν

413 2956 585 3023 ἁγίων
625 2954 803 3026 χορὸς,
844 2954 938 3005 καὶ
979 2953 1027 3005 εἰ
1069 2951 1166 3014 τὰς
1194 2952 1372 3011 πάσας
1407 2947 1586 3001 αὐτῶν
1634 2947 1731 3001 καὶ
1781 2943 1992 3016 ἁθρόως

2019 1908 2062 1963 Β

2095 658 2253 723 riam,
2288 659 2399 714 imo
2435 644 2568 717 vei'o
2615 673 2806 719 contra
2839 665 3107 731 Paulum,
3142 676 3219 721 ett
3246 665 3429 721 adhuc
3476 644 3664 723 contra

2044 790 2049 793 -
2094 750 2331 820 Spiritus
2358 754 2531 809 sancti
2573 755 2956 811 auctoritatem
2984 799 2997 823 ,
3043 764 3095 811 et
3128 757 3403 812 Christum
3461 757 3557 829 qui
3609 757 3663 811 in

2093 840 2264 895 Paulo
2292 842 2623 912 loquebatur
2673 887 2685 900 .
2717 846 2846 900 Post
2868 848 3015 901 enim
3044 848 3319 917 apostolos
3348 857 3404 903 et
3427 848 3665 919 prophe-

2096 940 2177 986 tas
2203 971 2217 995 ,
2251 932 2507 990 doctores
2540 938 2724 1005 posuit
2778 938 2832 991 in
2872 922 3114 994 Ecclesia
3168 941 3313 995 Deus
3358 940 3663 1011 secundum

2092 1024 2494 1093 providentiam
2526 1027 2765 1097 Spiritus
2804 1030 2979 1084 sancti
3010 1030 3521 1101 incomprehensam
3546 1071 3561 1096 ,
3607 1031 3663 1086 in

2092 1130 2233 1184 opus
2265 1117 2580 1185 ministerii,
2611 1119 2678 1173 ad
2714 1120 3135 1177 aedificationem
3160 1123 3409 1194 corporis
3434 1122 3661 1178 Christi.

2091 1203 2271 1269 Quare
2294 1207 2388 1276 qui
2417 1208 2609 1265 Patres
2644 1210 2768 1265 illos
2814 1228 2925 1266 non
2958 1213 3154 1282 recipit
3185 1215 3280 1283 qui
3322 1215 3379 1268 in
3418 1214 3665 1269 Ecclesia

2093 1294 2226 1349 clari
2261 1306 2315 1350 et
2357 1299 2605 1354 celebres
2646 1310 2795 1367 sunt,
2823 1303 2985 1372 plane
3014 1303 3347 1359 ordinationi
3377 1312 3433 1360 et
3457 1305 3662 1360 consti-

2096 1387 2292 1442 tutioni
2319 1389 2413 1443 Dei
2440 1392 2667 1447 resistit.

2160 1477 2301 1544 Quid
2330 1496 2461 1551 ergo
2490 1482 2798 1539 substantia
2844 1486 2913 1540 ab
2951 1486 3243 1557 hypostase
3293 1486 3513 1541 dill‘erat
3538 1527 3553 1550 ,
3610 1486 3666 1542 id

2091 1580 2176 1625 est
2206 1581 2401 1627 natura
2450 1589 2479 1627 a
2508 1590 2760 1643 persona,
2800 1593 2868 1632 ex
2903 1579 3116 1649 magnis
3137 1578 3443 1633 luminibus
3466 1576 3665 1632 Basilio

2090 1670 2146 1716 et
2172 1662 2436 1733 Gregorio
2473 1664 2601 1719 licet
2622 1665 2872 1733 discere;
2904 1668 2998 1736 qui
3032 1668 3134 1723 sub
3178 1667 3420 1739 regulam
3449 1675 3505 1722 et
3525 1665 3663 1721 deti-

2091 1753 2381 1818 nitionem,
2407 1771 2529 1826 quae
2562 1773 2708 1813 nunc
2741 1759 3039 1829 quaerimus
3083 1758 3457 1831 reduxerunt,
3513 1758 3663 1813 clare

2090 1852 2147 1901 et
2178 1846 2438 1902 distincte
2463 1847 2745 1914 docentes,
2777 1849 2911 1919 quid
2946 1850 3277 1916 substantia,
3318 1859 3374 1904 et
3408 1848 3537 1918 quid
3571 1849 3663 1919 hy-

2090 1938 2346 2008 postasis,
2377 1949 2433 1994 et
2454 1940 2601 2010 quod
2636 1949 2833 1996 natura
2862 1942 3006 1997 idem
3035 1951 3118 1997 est
3156 1942 3303 2012 quod
3332 1941 3659 2005 substantia,

2092 2030 2238 2086 idem
2260 2032 2568 2103 hypostasis
2589 2042 2644 2087 et
2670 2049 2926 2103 persona,
2958 2042 3013 2088 et
3035 2034 3333 2103 quomodo,
3357 2041 3412 2086 et
3439 2033 3508 2087 de
3541 2033 3665 2102 qui-

2091 2121 2194 2177 bus
2227 2122 2345 2177 haac
2370 2122 2651 2177 dicuntur.
2710 2124 2778 2177 Et
2808 2123 2953 2193 quod
2987 2123 3230 2178 Trinitas
3276 2122 3424 2195 (26)
3470 2129 3661 2178 contra

2092 2224 2255 2284 atque
2288 2214 2597 2269 incarnatio
2636 2214 2805 2269 habet
2844 2214 3191 2285 pronomina,
3239 2224 3295 2268 et
3323 2213 3662 2284 complexio-

2093 2322 2217 2361 nem
2248 2306 2547 2361 secundum
2576 2306 2985 2377 adjunctionem
3017 2314 3071 2360 et
3094 2305 3454 2361 variatiouem
3484 2305 3663 2359 nomi-

2090 2415 2245 2453 num.
2276 2400 2404 2453 Post
2446 2399 2587 2453 haue.
2633 2397 3100 2468 comparationem
3129 2438 3144 2463 ,
3187 2395 3554 2466 producemus
3609 2393 3664 2447 in

2092 2490 2332 2544 medium
2359 2490 2495 2544 alios
2513 2504 2698 2544 sacros
2722 2488 3002 2552 doctores,
3023 2503 3130 2541 una
3155 2496 3250 2542 aut
3282 2488 3450 2541 altera
3478 2494 3667 2539 aucto-

2091 2583 2252 2636 ritate
2277 2582 2528 2645 recitata,
2554 2596 2677 2650 quae
2701 2589 2871 2633 totam
2888 2588 3144 2632 .mentem
3170 2588 3483 2633 sanctorum
3507 2573 3668 2629 nobis

2091 2675 2163 2729 ob
2191 2675 2379 2729 oculos
2409 2682 2599 2743 ponat.
2638 2672 2731 2727 Hae
2762 2672 2909 2727 enim
2946 2670 3226 2726 suﬂiciunt
3258 2667 3581 2724 reverentia
3613 2674 3669 2720 et

2100 2766 2297 2837 pudori
2329 2765 2708 2836 prudentium.
2736 2763 2870 2817 Nam
2894 2762 2987 2831 qui
3014 2777 3126 2816 non
3151 2760 3358 2815 fuerint
3383 2758 3536 2823 tales,
3568 2772 3669 2811 nec

2101 2856 2395 2909 universus
2416 2862 2592 2909 caelus
2608 2864 2922 2907 sanctorum
2940 2851 3019 2905 eis
3035 2848 3407 2921 persuadebit,
3421 2845 3672 2917 quamvis

2099 2964 2290 3004 omnes
2324 2962 2515 3003 eorum
2546 2945 2829 3003 doctrinas
2858 2943 3198 3010 bauriamus,
3242 2952 3299 2997 et
3333 2941 3388 2995 in
3425 2939 3559 2996 istos
3593 2938 3675 2993 ef-

2102 3040 2417 3094 fundamus.

2040 3097 2067 3117 ,η

417 3046 799 3112 ὲξαντλοῦντες
829 3043 1192 3117 καταχέοιμεν
1225 3042 1591 3104 διδασκαλίας.
2026 3097 2070 3154 ὓ

495 3253 565 3314 In
595 3251 868 3314 editione
942 3250 1158 3313 Latina
1186 3247 1423 3311 Leontii
1459 3250 1809 3327 sequuntur
1836 3244 2047 3306 multae
2076 3244 2331 3305 Patrum
2366 3240 3251 3304 auctoritates.Verumtamen
3283 3255 3426 3300 cum
3454 3236 3674 3313 legau-

418 3365 519 3420 tur
551 3356 678 3417 sive
707 3356 770 3417 in
793 3355 1092 3435 operibus
1124 3356 1372 3415 Patrum
1406 3369 1441 3413 a
1474 3351 1654 3413 nobis
1680 3350 1811 3430 jam
1857 3349 2059 3423 editis,
2110 3346 2240 3409 sive
2274 3345 2339 3407 in
2371 3344 2642 3408 concilio
2671 3341 3165 3407 Chalcedonensi
3195 3340 3295 3403 ed.
3327 3343 3508 3401 Rom.
3550 3344 3672 3399 act.

421 3476 508 3532 ιν,
546 3462 705 3537 part.
751 3473 845 3528 ιιι,
900 3455 1067 3535 quod
1108 3454 1174 3515 in
1209 3453 1629 3515 Conciliorum
1668 3450 1945 3513 editione
2001 3466 2215 3511 sumus
2268 3446 2515 3521 edituri,
2548 3444 2877 3508 minuendi
2922 3442 3259 3505 voluminis
3288 3438 3504 3520 gratia,
3535 3435 3675 3519 ple-

421 3574 645 3638 rasque
674 3556 809 3617 illas
837 3556 1239 3619 auctoritates
1269 3554 1369 3615 hic
1409 3553 1777 3627 omittimus,
1810 3551 2028 3631 paucis
2057 3546 2686 3612 admodum‘retentis
2722 3562 2879 3626 quas
2910 3543 3013 3606 hic
3053 3540 3438 3621 subjicimus.

423 3756 697 3825 Πρόκλου
746 3757 1087 3811 ἐπισκόπου
1152 3757 1850 3823 Κωνσταντινουστόλεως
1906 3756 1995 3821 εἰς

2098 3748 2319 3806 Proetus
2360 3738 3064 3825 Cormantinopolila'nus‘in
3103 3734 3281 3789 illud:
3315 3751 3333 3784 ι
3360 3731 3502 3786 Puer
3523 3738 3680 3784 natus

703 3828 793 3892 τὸ,
835 3846 852 3877 ι
895 3810 1463 3896 Παιδίονγέγεγῖνήθη
1689 3810 1757 3880 ζ’
1796 3810 1841 3823 γ’
1971 3810 1987 3821 ’

2699 3820 2772 3864 est
2806 3810 2949 3862 nobis
2976 3811 3017 3861 ’.
3056 3826 3073 3857 ι

2172 3953 2294 4021 Ipse
2320 3963 2450 4004 vere
2480 3947 2625 4001 Deus
2646 3986 2661 4009 ,
2708 3951 2765 3997 et
2813 3956 2941 3996 vere
2973 3939 3139 3993 homo
3160 3977 3174 4001 ,
3206 3934 3378 3999 Patri,
3407 3940 3683 4002 quatenus

424 4052 603 4123 Πατρὶ
653 4022 775 4105 καθ’
804 4052 832 4105 ὃ
879 4022 947 4123 ἦν
989 4022 1322 4124 ⁷ὁμοούσιος,
1358 4022 1453 4108 καὶ
1506 4022 1629 4125 ἐμοὶ
1687 4022 1810 4108 καθ’
1840 4022 1995 4121 δ’γέ-

2104 4051 2244 4107 erat,
2281 4036 2815 4100 consubstantialis;
2870 4042 2926 4087 et
2968 4029 3104 4085 mihi
3130 4069 3144 4095 ,
3204 4036 3475 4098 quatenus
3504 4022 3683 4079 factus

425 4117 582 4217 γονεν
610 4142 737 4197 ἄνευ
770 4117 1371 4217 ἁμαρτίας-ὁμόφυλος,
1402 4148 1434 4218 ἡ
1466 4117 1588 4201 θεία
1632 4144 1795 4215 φύσις
1847 4117 1995 4199 ἄκτι-

2105 4143 2189 4190 cst
2240 4134 2359 4189 sine
2414 4136 2662 4201 peccato,
2712 4124 2957 4197 ejusdem
2995 4130 3238 4186 natum;
3270 4117 3455 4173 divina
3486 4122 3682 4169 natura

426 4207 573 4302 στος,
606 4239 639 4306 ἠ
670 4235 728 4301 ἐξ
786 4207 920 4307 ὲυμού
985 4207 1398 4309 προσλητφθεῖσα
1424 4207 1747 4303 ’ἀνόθευτος,
1774 4207 1876 4290 καὶ
1929 4231 1995 4300 εἷς

2106 4232 2191 4279 est
2223 4225 2506 4286 increata;
2544 4235 2666 4290 qua:
2694 4234 2761 4273 ex
2802 4231 2888 4270 me
2917 4222 3129 4293 sumpta
3172 4218 3276 4277 est,
3316 4207 3583 4280 legitima,
3627 4214 3684 4261 et

427 4332 576 4383 ἐστιν
627 4329 775 4393 Υἱὸς,
832 4330 893 4383 ού
961 4331 1069 4384 τῶν
1136 4330 1353 4399 φύσεων
1414 4331 1493 4393 εἰς
1543 4329 1636 4383 δύο
1680 4329 1995 4392 ὑποστάσεις

2109 4332 2253 4371 unus
2286 4324 2371 4371 est
2396 4313 2590 4379 Filius,
2627 4327 2735 4366 non
2776 4308 2992 4363 duabus
3022 4304 3235 4359 naturis
3265 4303 3317 4357 in
3347 4300 3483 4355 duas
3512 4299 3686 4370 hypo»

427 4419 842 4491 διαιρουμένων,
880 4423 1025 4477 ἀλλὰ
1046 4393 1410 4496 τῆςνφρικτῆς
1442 4423 1761 4489 οἰκονομίας
1784 4420 1881 4487 τὰς
1916 4421 1995 4476 δύ(

2110 4418 2287 4463 stases
2329 4405 2561 4469 divisis;
2595 4401 2689 4457 sed
2722 4398 2990 4470 stupenda
3027 4393 3405 4450 incarnatione
3458 4396 3687 4445 naturas

430 4511 615 4581 φύσεις
639 4490 718 4574 εἰς
755 4511 881 4583 μίαν
911 4490 1515 4583 ὑπόστασιν-ένωσάσης
1555 4512 1692 4582 (25).

2110 4501 2248 4557 duas
2287 4500 2341 4554 in
2372 4513 2536 4552 unam
2572 4494 2915 4567 hypostasim
2955 4490 3201 4544 uniente.

505 3960 564 4013 '0
596 3960 759 4023 αὐτὸς
792 3959 1007 4031 άληθῶς
1039 3960 1172 4023 Θεὸς
1205 3962 1299 4016 καὶ
1324 3961 1570 4031 άψευδῶς
1590 3961 1895 4033 ἄνθρωπος,
1922 3959 1999 4030 τῷ

443 4646 555 4705 Τοῦ
579 4646 751 4717 ἁγίου
770 4648 1116 4716 Εἱρηναίου,
1149 4649 1491 4702 ἐπισκόπου
1518 4644 1875 4717 Λουγδώγου
1907 4642 1995 4700 καὶ

2218 4632 2403 4687 Sancti
2441 4630 2655 4693 Irenaei,
2689 4625 2915 4697 episcopi
2947 4620 3191 4692 Lugdim.
3226 4625 3275 4673 et
3307 4614 3582 4687 martyris.

1055 4718 1377 4789 μάρτυρος.

511 4827 720 4898 Ὥσπερ
759 4828 867 4899 γὰρ
898 4830 931 4900 ἡ
966 4827 1220 4893 κιϐωτὸς,
1245 4829 1648 4900 κεχρυσωμένη
1680 4828 1884 4881 ἔσωθεν
1913 4828 2009 4881 καλ⁹

434 4919 631 4985 ἔξωθεν
654 4919 860 4989 χρυσίῳ
895 4919 1124 4991 καθαρῷ
1150 4916 1238 4991 ἦν,
1276 4920 1421 4974 οὕτω
1453 4922 1545 4973 καὶ
1570 4920 1630 4973 τὸ
1657 4918 1748 4972 τοῦ
1770 4916 2009 4988 Χριστοῦ

438 5011 599 5080 σῶμα
628 5009 867 5081 καθαρὸν
889 5006 954 5081 ἦν
984 5012 1078 5064 καὶ
1106 5011 1326 5080 διαυγές
1346 5026 1358 5038 ·
1394 5008 1597 5063 ἔσωθεν
1644 5010 1742 5081 μὲν
1770 5010 1848 5080 τῷ
1872 5008 2015 5078 λόγῳ

2186 4827 2339 4883 Sicut
2371 4826 2517 4881 enim
2564 4839 2693 4879 arca
2738 4830 2933 4877 aurata
2963 4828 3085 4876 erat
3112 4818 3265 4873 intus
3293 4824 3349 4871 et
3374 4821 3529 4870 extra
3557 4826 3696 4866 auro

2116 4935 2258 4990 puro
2284 4960 2298 4984 ,
2360 4918 2441 4972 sic
2478 4932 2682 4987 corpus
2716 4914 2923 4971 Christi
2962 4926 3162 4983 purum
3195 4917 3313 4965 erat
3340 4916 3397 4961 et
3437 4904 3690 4974 fulgens;

2124 5008 2273 5063 intus
2299 5007 2522 5077 quidem
2548 5005 2730 5060 Verbo
2768 5003 3085 5058 decoratum
3103 5041 3119 5067 ,
3151 5006 3305 5055 extra
3333 5010 3462 5051 vero
3484 4990 3691 5063 Spiritu

508 5213 528 5243 '
567 5212 771 5283 Ephes.
804 5229 880 5278 Iv,
913 5213 999 5279 Η,
1033 5211 1119 5269 12.
1181 5222 1203 5253 θ
1232 5214 1332 5268 lsa.
1365 5230 1438 5277 Ix,
1491 5213 1543 5267 6.

546 5417 649 5487 25)
680 5420 841 5472 Deest
870 5418 976 5473 hoc
1006 5418 1147 5471 inter
1172 5418 1473 5489 fragmenta
1508 5419 1684 5474 Procli
1716 5434 1744 5472 a
1778 5416 2065 5473 Gallandio
2098 5418 2329 5473 collecta
2358 5416 2422 5472 Β.
2455 5416 2565 5471 PP.
2597 5424 2636 5468 t.
2665 5414 2755 5477 lx,
2786 5428 2840 5481 τι.
2869 5411 2990 5466 705.

513 5621 624 5694 (26)
644 5622 814 5694 rAdde
858 5641 872 5676 :
904 5621 1231 5691 pronomina
1257 5628 1427 5694 _sui_it,
1449 5637 1569 5694 qiue
1600 5629 1883 5694 ponuntur
1915 5635 2015 5691 pro
2122 5621 2317 5694 esthic
2354 5622 2513 5683 Deus,
2544 5628 2601 5674 et
2625 5618 2722 5694 ille
2742 5610 3054 5694 ho_ln_0._Se_d
3083 5611 3197 5694 ἰρβς
3220 5603 3701 5694 ἱάξίιξηθεξ-Ρεξξῗ

445 5680 765 5749 nominibus
817 5680 1175 5762 personarum
1203 5710 1215 5744 :
1254 5692 1308 5762 in
1338 5680 1615 5746 Tr'in'itate'
1655 5702 1739 5745 est
1774 5680 1932 5762 alius'
1959 5700 2015 5744 et
2121 5704 2177 5746 et
2203 5692 2408 5762 homo;
2440 5680 2548 5745 non
2594 5689 2683 5762 sic
2711 5688 2763 5741 in
2788 5684 3060 5762 _'I_‘riuitatc
3082 5680 3240 5762 (hic.
3268 5680 3430 5735 Pater
3475 5690 3583 5731 non
3610 5680 3702 5754 est

444 5765 610 5826 alius,
636 5762 732 5816 sed
762 5750 871 5815 non
907 5761 1055 5816 aliud
1075 5772 1130 5817 et
1153 5761 1323 5824 aliud,
1364 5770 1420 5814 et
1462 5768 1546 5816 est
1578 5762 1686 5823 hic,
1712 5771 1768 5816 et
1804 5760 1928 5823 iste,
1960 5771 2017 5813 et
2125 5762 2239 5832 ipse
2270 5750 2460 5822 Filius,
2500 5771 2643 5832 οιοά
2672 5758 2725 5832 ἥρ
2754 5755 2864 5810 alio
2898 5755 3019 5810 loco
3040 5759 3201 5807 vocat
3226 5750 3342 5805 haec
3374 5750 3702 5818 pronomina

449 5834 572 5887 ille:
601 5835 655 5887 in
688 5832 1063 5887 incarnatione
1106 5840 1317 5887 contra.
1346 5847 1453 5885 non
1498 5839 1583 5884 est
1631 5832 1745 5885 lucc
1778 5832 2017 5899 comple-
2126 5828 2288 5888 voces
2315 5830 2659 5886 iudicativas.
2684 5828 2819 5883 Tt'n.

450 5904 561 5963 sio.
588 5902 831 5959 estalius
879 5913 932 5958 et
972 5902 1133 5967 alius,
1170 5903 1263 5957 sed
1298 5911 1379 5957 est
1423 5901 1573 5957 aliud
1620 5910 1675 5957 ct
1698 5901 1868 5966 aliud,
1918 5916 2019 5956 nec
