4120 6440
449 439 579 506 1311

1699 437 2013 501 LEONTII
2051 441 2417 502 BYZANTlN
2428 443 2453 500 Ι

3565 454 3701 521 1312

447 552 872 622 splendescens;
911 559 970 606 ut
1000 568 1067 606 ex
1125 552 1376 621 utrisque
1419 549 1646 611 claritas
1692 561 2010 609 naturarum

2122 556 2532 626 κοσμούμενον,
2566 556 2767 623 ἔξωθεν
2797 559 2855 612 δὲ
2891 561 2968 631 τῷ
3011 563 3288 634 πνεύματι
3336 570 3701 643 φαιδρυνὸμε-

446 647 943 702 demonstraretur.

455 844 638 900 Sancti
662 844 933 914 Hippolyti
965 843 1190 914 episcopi
1221 851 1269 914 et
1314 844 1564 914 martyris
1600 857 1664 897 ea:
1709 839 2021 899 benedictio-

1033 915 1181 968 nibus
1219 912 1471 967 Balaam.

518 1029 586 1084 Ut
621 1028 1037 1083 demonstretur
1068 1033 1361 1096 utrumque
1389 1025 1611 1095 quidem
1639 1026 1694 1080 in
1721 1040 1780 1079 se
1816 1025 2019 1082 habere

445 1121 830 1184 substantiam,
864 1121 1075 1175 scilicet
1100 1120 1196 1175 Dei
1255 1129 1312 1175 et
1346 1118 1652 1183 hominum,
1690 1117 1832 1172 sicut
1869 1117 2016 1187 Apo-

445 1214 622 1268 stolus
647 1213 724 1266 ait
757 1231 772 1268 :
803 1211 1064 1268 Mediator
1097 1212 1319 1282 quidem
1340 1211 1434 1265 Dei
1457 1220 1504 1264 et
1535 1211 1828 1270 hominum,
1863 1210 2020 1263 homo

447 1306 686 1363 Christus
707 1307 860 1362 Iesus
889 1307 952 1359 ¹⁰.
981 1335 1053 1345 -
1077 1305 1338 1360 Ηεάίαιον
1380 1311 1557 1357 autem
1585 1304 1741 1356 unius
1777 1300 2018 1355 hominis

448 1417 551 1454 non
585 1410 661 1454 est
699 1402 762 1465 “,
806 1399 901 1454 sed
928 1397 1213 1454 hominum
1242 1396 1399 1467 (27).
1451 1395 1751 1466 Oportebat
1773 1408 1926 1464 ergo,
1958 1401 2019 1446 ut

447 1492 706 1549 Christus
728 1491 906 1546 factus
933 1491 1204 1545 mediator
1225 1491 1322 1544 Dei
1351 1499 1407 1544 et
1428 1488 1735 1554 hominum,
1762 1487 1831 1541 ab
1854 1488 2020 1540 utris-

362 1635 368 1644 ,
446 1598 555 1654 que
592 1583 960 1636 arrhabonem
995 1579 1287 1650 quamdam
1312 1577 1625 1648 acciperet,
1663 1583 1724 1630 ut
1759 1582 2020 1646 appareat

446 1675 718 1730 mediator
743 1673 973 1728 duarum
1005 1679 1348 1726 naturarum.

447 1788 630 1842 Sancti
682 1763 846 1849 Petri,
903 1787 1128 1856 episcopi
1170 1783 1596 1856 Aleajandritect
1632 1782 1904 1856 martyris,
1955 1795 2019 1834 ea:

679 1857 893 1912 homilia
931 1853 997 1909 tle
1021 1853 1246 1910 adventu
1274 1853 1568 1909 Saluatoris
1604 1854 1794 1906 nostri.

516 2042 583 2096 Et
612 2039 766 2096 Iuda:
798 2039 938 2094 dixit
967 2057 979 2093 :
1008 2037 1199 2094 Oscula
1241 2036 1433 2091 Filium
1467 2036 1689 2090 hominis
1729 2034 1894 2086 tradis
1935 2032 2018 2084 "?

448 2134 595 2198 llaec,
619 2141 680 2187 et
699 2133 786 2188 his
812 2131 1034 2197 similia,
1057 2141 1113 2186 et
1135 2131 1290 2201 signa
1310 2130 1493 2183 omnia
1515 2142 1636 2197 quae
1663 2125 1810 2189 fecit,
1834 2132 1888 2178 et
1907 2123 2020 2177 vir-

445 2236 592 2281 tutes
627 2225 1009 2280 demonstrant
1041 2238 1162 2280 esse
1193 2237 1318 2277 eum
1369 2222 1542 2277 Deum
1592 2219 1796 2273 factum
1831 2215 2015 2270 homi-

443 2333 592 2373 nem.
620 2317 865 2387 Utraque
896 2317 1082 2386 itaque
1109 2315 1594 2372 demonstrantur.
1627 2319 1684 2364 et
1707 2307 1854 2379 quod
1894 2316 2014 2362 erat

445 2411 591 2464 Deus
614 2418 834 2472 natura,
881 2416 938 2462 et
976 2407 1126 2477 quod
1170 2407 1277 2462 fuit
1317 2406 1484 2460 homo
1517 2413 1737 2457 natura.

441 2609 624 2665 Sancti
653 2607 887 2680 Cyrigci,
910 2608 1136 2680 episcopi
1161 2605 1408 2680 Papniet
1433 2603 1762 2680 confessoris.
1795 2601 1884 2680 qui
1915 2599 2012 2680 fuit

511 2697 643 2733 unus
679 2670 742 2733 εἶτ
775 2670 1020 2733 Patribus
1053 2670 1252 2747 synodi
1283 2674 1545 2737 Nicaznte,
1586 2688 1649 2726 ea:
1686 2670 1905 2725 homilia
1958 2671 2014 2722 in

512 2751 870 2820 Theopliania.

511 2865 616 2932 Qui
645 2881 764 2919 cum
787 2867 842 2918 in
864 2865 1057 2934 forma,
1095 2861 1297 2932 inquit,
1327 2859 1424 2914 Dei
1449 2868 1599 2924 esset,
1629 2875 1734 2913 non
1765 2858 2012 2928 rapinam

441 2961 736 3014 arbitratus
761 2968 836 3012 est
863 2975 917 3012 se
956 2973 1063 3011 esse
1094 2955 1354 3027 aequalem
1382 2953 1489 3008 Deo
1509 2993 1525 3020 ,
1552 2953 1643 3007 sed
1676 2953 2011 3020 semetipsum

441 3054 750 3116 ca‘inaniuit,
782 3054 1009 3122 formam
1046 3051 1182 3104 servi
1218 3049 1472 3118 accipiens
1501 3046 1564 3102 ¹³.
1609 3045 1664 3099 Si
1708 3045 1881 3099 forma
1915 3042 2011 3097 Dei

438 3147 665 3216 aequalis
701 3155 785 3200 est
817 3145 948 3207 Deo,
1001 3152 1056 3197 et
1079 3141 1358 3212 perfectus
1397 3140 1542 3194 Deus
1567 3146 1722 3202 erat;
1752 3144 1806 3192 et
1835 3135 2010 3189 forma

441 3239 584 3293 servi
621 3239 901 3307 perlectus
942 3237 1146 3301 homo;
1203 3233 1309 3289 hoc
1340 3232 1486 3289 enim
1536 3232 1697 3287 docet
1729 3229 2010 3299 Scriptura

441 3329 626 3383 divina
660 3346 673 3381 :
707 3327 990 3397 perfectus
1049 3341 1181 3396 ergo
1242 3325 1299 3379 in
1353 3323 1624 3379 ambabus
1686 3319 2011 3376 substantiis

439 3420 694 3476 Christus
721 3417 1202 3475 consubstantialis
1227 3417 1341 3472 Deo
1387 3415 1610 3471 etPatri
1635 3431 1650 3482 ;
1680 3423 1736 3468 et
1770 3411 2012 3468 consub-

441 3513 712 3570 stantialis
733 3511 943 3584 Virgini
989 3521 1047 3566 et
1083 3510 1241 3565 Matri
1275 3526 1287 3563 :
1327 3509 1445 3564 sine
1475 3515 1650 3563 matre
1689 3522 1854 3577 supra
1883 3545 1898 3572 ,
1942 3521 2011 3560 ex

441 3606 638 3671 Patre;
667 3605 784 3660 sine
809 3612 963 3673 patre
994 3602 1155 3667 inira,
1185 3618 1254 3657 ex
1282 3601 1478 3656 Matre.

443 3718 624 3773 Sancti
671 3717 952 3780 Ambrosii,
979 3715 1231 3787 episcopi
1262 3713 1671 3787 Mediolanensis
1721 3720 1770 3766 et
1807 3710 2014 3779 confes-

694 3789 849 3853 saris,
875 3803 938 3840 ea:
966 3783 1098 3840 libro
1127 3783 1326 3841 Contra
1361 3783 1777 3856 Apollinarium.

510 3991 663 4048 Unus
685 3991 834 4046 enim
876 4000 961 4054 est
996 3992 1050 4046 in
1079 4000 1334 4061 utroque,
1380 3989 1434 4045 id
1476 3995 1582 4055 est,
1625 3987 1682 4042 in
1720 3986 2006 4042 divinitate

438 4091 498 4138 et
533 4097 765 4152 corpore
797 4102 810 4138 :
839 4099 948 4138 non
981 4084 1127 4139 enim
1174 4083 1314 4138 alius
1355 4097 1422 4136 ex
1454 4083 1634 4146 Patre,
1671 4089 1728 4136 et
1769 4080 1910 4135 alius
1944 4096 2010 4133 ex

439 4170 683 4245 Virgine,
707 4174 802 4230 sed
826 4174 972 4229 idem
995 4174 1111 4246 ipse
1135 4193 1147 4228 :
1171 4173 1319 4229 aliud
1336 4172 1559 4242 quidem
1581 4187 1648 4226 ex
1663 4172 1845 4234 Patre,
1862 4171 2011 4226 aliud

436 4280 566 4320 vero
589 4283 655 4320 ex
679 4266 900 4338 Virgine
930 4284 944 4320 :
973 4275 1030 4321 et
1057 4266 1343 4339 generatio
1360 4264 1702 4338 generationi
1728 4280 1838 4320 non
1867 4279 2010 4335 prae-

430 4359 678 4433 judicat;
706 4376 883 4431 neque
915 4377 1044 4417 caro
1076 4360 1376 4417 divinitati.

2124 662 2212 698 νον
2252 647 2362 716 (28)
2391 664 2407 679 °
2439 648 2528 702 ἵνα
2567 651 2626 716 ἐξ
2674 652 3002 723 ἀμφοτέρων
3036 656 3097 708 τὸ
3124 662 3420 728 περιφανὲς
3453 663 3560 717 τῶν
3594 667 3700 734 φύ-

2125 755 2264 792 σεων
2293 740 2594 812 ἐπιδειχθῇ.
3619 735 3622 739 ’

2129 852 2240 906 Τοῦ
2265 851 2439 936 ἁγίου
2467 853 2850 936 ’ζππολ-ύτοιέ,
2881 859 3220 936 ἐπιςκρπου
3249 865 3347 936 καὶ
3371 865 3696 936 μάρτῳος,

2343 923 2414 976 ἐκ
2441 923 2560 979 τῶν
2582 927 2874 996 εὐλογιῶν
2903 930 3011 984 τοῦ
3049 933 3299 1003 Βαλαάμ
3333 923 3421 1006 (9:9
3427 923 3466 1003 1:

2194 1031 2314 1085 ἰνα
2362 1034 2551 1109 δειχθῇ
2581 1040 2642 1092 τὸ
2678 1043 3091 1114 συναμφότερον
3131 1045 3270 1117 ἔχων
3297 1048 3355 1101 ὲν
3385 1049 3564 1120 ἑαυτῷ
3597 1055 3700 1122 τήν

2118 1140 2178 1177 τε
2207 1123 2303 1178 τοῦ
2333 1125 2467 1181 Θεοῦ
2494 1131 2683 1186 οὐσίαν
2722 1136 2814 1186 καὶ
2846 1135 2948 1206 τὴν
2978 1135 3038 1201 ἐξ
3086 1138 3412 1208 ἀνθρώπων,
3436 1142 3510 1205 ὡς
3547 1147 3640 1198 καὶ
3669 1149 3700 1199 ὁ

2133 1214 2459 1282 Ἀπόστολος
2498 1219 2666 1288 λέγει’
2693 1225 2960 1293 Μεσίτης
3003 1227 3152 1283 Θεοῦ
3196 1231 3293 1284 καὶ
3346 1232 3700 1304 ἀνθρώπων,

2119 1310 2431 1380 ἄνθρωπος
2471 1318 2725 1385 Χριστὸς
2779 1321 3046 1388 Ἰησοῦς.¹
3085 1325 3138 1377 Ὀ
3164 1325 3232 1378 δὲ
3260 1330 3520 1396 μεσίτης
3563 1331 3701 1396 ἐνὸς

2117 1403 2433 1470 ἀνθρώπου
2454 1407 2526 1460 οὐ
2553 1408 2802 1476 γίνεται,
2828 1411 2989 1464 ἀλλὰ
3009 1411 3298 1467 δύο.Ἐδει
3329 1415 3421 1468 οὖν
3444 1414 3536 1469 τὸν
3557 1418 3602 1470 Χ
3610 1437 3701 1489 ρι-

2121 1491 2244 1544 στὸν
2270 1531 2285 1555 ,
2321 1491 2458 1546 Θεοῦ
2491 1497 2586 1551 καὶ
2623 1498 2928 1568 ἀνθρώπων
2961 1504 3190 1573 μεσίτην
3217 1505 3530 1576 γενόμενον,
3565 1509 3700 1578 παρ’

2119 1581 2443 1653 ἀμφοτέρων
2468 1585 2764 1658 ἀρραδῶνά
2811 1605 2933 1647 τινα
2963 1592 3266 1664 εἰληφέναι,
3303 1595 3390 1648 ἵνα
3424 1602 3567 1668 φανῇ
3603 1598 3701 1652 δύο

2119 1673 2425 1743 προσώπων
2460 1679 2705 1750 μεσίτης.

2127 1789 2235 1844 Τοῦ
2256 1790 2435 1868 ,ἁγίου
2461 1792 2707 1868 Πέτρου,
2729 1795 3073 1868 ἐπισκόπου
3108 1800 3566 1868 Ἀλεξανδρείας
3593 1804 3692 1857 καὶ

2186 1859 2505 1942 ιζιάρξυρος,
2548 1859 2756 1942 ἐρατοῦ
2779 1868 2911 1934 περὶ
2945 1867 3055 1936 τῆς
3084 1869 3192 1923 τοῦ
3223 1859 3496 1940 Σωτῆρος
3527 1859 3698 1942 ἡμῶν

2050 1933 2092 1989 Β
2190 1931 2504 2000 ἐπιδημίας
2543 1933 2680 2003 (30).~

2193 2047 2300 2100 Καὶ
2338 2047 2415 2120 τῷ
2458 2047 2623 2120 Ἰούδᾳ
2677 2050 2844 2122 φησί·
2882 2052 3174 2120 mamma
3235 2053 3343 2107 τὸν
3406 2056 3544 2110 rw:-
3585 2056 3698 2113 τοῦ

2118 2135 2432 2205 ἀνθρώπου
2455 2138 2795 2208 παραδίδως
2814 2158 2838 2206 ;_
2862 2142 2904 2193 Τ
2908 2141 3050 2197 αὕτα
3077 2144 3145 2199 τά
3175 2160 3234 2196 τε
3266 2145 3478 2209 τούτοις
3506 2147 3692 2216 ὅμοια,

2115 2226 2186 2282 τά
2217 2245 2277 2281 τε
2325 2230 2529 2298 σημεῖα
2571 2230 2748 2285 πάντα
2800 2230 2836 2286 ἃ
2880 2231 3154 2303 ἐποίησεν,
3191 2237 3285 2288 καὶ
3316 2237 3378 2293 αἱ»
3406 2236 3690 2306 δυνάμεις.

2115 2322 2450 2378 δεικνύουσιν
2480 2324 2641 2378 αὐτὸν
2667 2321 2806 2378 εἶναι
2847 2326 2978 2381 Θεὸν
3028 2329 3548 2400 ἐνανθρωπήσαντα.
3611 2334 3707 2394 Τὼ

2117 2419 2497 2489 συναμφότερα
2539 2419 2718 2474 τοίνυν
2758 2419 3053 2489 δείκνυται,
3079 2423 3162 2476 ὅτι
3211 2424 3344 2488 Θεὸς
3387 2420 3454 2495 ἦν
3509 2425 3700 2495 φύσει,

2115 2510 2211 2562 καὶ
2243 2510 2467 2576 γέγονεν
2501 2510 2788 2582 ἄνθρωπος
2823 2512 3006 2583 φύσει.

2120 2621 2231 2696 Τοῦ
2261 2622 2434 2688 ἁγίου
2464 2625 2800 2696 Κοριακοῦ,
2821 2625 3160 2696 ἐπισκόπου
3200 2628 3302 2693 τῆς
3347 2627 3500 2696 Πάρι
3520 2648 3558 2682 υ
3591 2631 3702 2685 καὶ

2185 2693 2578 2766 όμοᾼργητοῦ.
2608 2696 2674 2748 ἐκ
2714 2695 2817 2749 τοῦ
2868 2697 2957 2766 εις
2997 2695 3070 2748 τὰ
3124 2693 3451 2766 Θεοφάνεκὶ
3476 2702 3698 2766 λόγου·-

2184 2759 2270 2829 εἶς
2295 2763 2363 2816 δὲ
2383 2759 2491 2818 ’καὶ
2518 2767 2701 2832 αὑτός
2724 2766 2857 2820 ἐστι
2887 2764 3004 2820 τῶν
3036 2767 3106 2822 ἐν
3141 2759 3354 2835 Νιαὲαίςι
3380 2767 3514 2839 (51).

2189 2879 2295 2943 Ὃς
2317 2879 2387 2932 ἐν
2401 2877 2608 2949 μορφῇ
2632 2881 2801 2945 Θεοῦ,
2823 2881 3008 2952 φησὶν,
3031 2881 3338 2951 ὑπάρχων,
3355 2884 3470 2952 οὐχ
3503 2885 3698 2952 ἁρπα-

2116 2969 2268 3040 γμὸν
2286 2970 2557 3039 ἡγήσατο
2582 2967 2735 3025 εἷναι
2759 2972 2866 3028 ἴσα
2895 2974 3036 3038 Θεῷ,
3066 2974 3204 3028 ἀλλ’
3225 2974 3448 3028 ἑαυτὸν
3475 2975 3694 3029 ἐκένω-

2113 3079 2245 3127 σεν,
2277 3063 2522 3132 μορφὴν
2583 3063 2808 3119 δούλου
2858 3066 3076 3120 λαϐὼν.
3134 3067 3196 3119 Ei
3255 3069 3288 3138 ή
3361 3066 3548 3138 μορφὴ
3597 3067 3696 3128 τοῦ

2115 3154 2250 3208 Θεοῦ
2302 3156 2391 3227 ἴση
2421 3157 2536 3210 ἐστὶ
2569 3158 2663 3210 τοῦ
2695 3157 2852 3221 Θεοῦ,
2885 3161 2980 3211 καὶ
3003 3159 3208 3220 τέλειος
3236 3159 3503 3230 ἐτύγχανε
3535 3160 3702 3225 Θεὸς,

2039 3281 2081 3338 C
2116 3248 2211 3300 καὶ
2244 3250 2277 3317 ἡ
2328 3249 2510 3319 μορφὴ
2537 3247 2634 3302 τοῦ
2667 3249 2856 3303 δούλου
2894 3250 3098 3314 τέλειος
3143 3251 3240 3306 ἄνθ
3254 3269 3437 3324 ρωπος
3491 3252 3697 3323 (τοῦτο

2115 3342 2226 3411 γὰρ
2259 3341 2500 3397 διδάσκει
2527 3342 2558 3412 ἡ
2587 3341 2704 3395 θεία
2747 3342 2982 3414 Γραφή)
3024 3343 3230 3407 τέλειος
3273 3346 3330 3398 ὲν
3356 3344 3700 3416 ἀμφοτέραις

2115 3436 2235 3498 ταῖς
2279 3434 2491 3498 οὐσίαις
2522 3436 2550 3488 ὁ
2575 3434 2808 3506 Χριστός
2829 3451 2841 3464 ·
2885 3436 3167 3510 ὁμοούσιος
3195 3436 3271 3507 τῷ
3305 3437 3424 3508 Θεῴ
3461 3437 3551 3490 καὶ
3583 3438 3698 3490 Πα-

2115 3526 2229 3597 τρὶ,
2261 3529 2355 3581 καὶ
2387 3527 2670 3598 ὀμοοῦσιος
2699 3531 2764 3599 τῇ
2795 3528 3058 3600 Παρθένῳ
3079 3529 3173 3583 καὶ
3196 3530 3379 3600 Μητρί
3413 3545 3427 3560 ·
3456 3529 3709 3601 ἀμήτωρ,

2117 3617 2232 3672 ἄνω
2263 3619 2413 3690 παρὰ
2437 3621 2669 3691 Πατρὺς,
2699 3621 2931 3693 ἀπάτωρ
2954 3622 3103 3675 κάτω
3136 3621 3286 3693 παρὰ
3320 3623 3565 3694 Μητρός.

2126 3734 2237 3790 Τοῦ
2298 3734 2470 3802 ἁγίου
2513 3735 2890 3802 ’Λμόῖοοσίοψ
2930 3735 3268 3789 ἐπισκόπου
3315 3734 3698 3791 Μεδιολὰνου

2193 3805 2291 3858 καὶ
2339 3805 2744 3876 ὀμολογητοῦ,
2779 3806 2848 3859 ἐκ
2911 3806 3017 3860 τοῦ
3074 3806 3224 3860 κατὰ
3279 3807 3696 3873 Ἄπολιναρίου

2192 3881 2239 3930 θ’
2274 3879 2483 3944 λόγου.

2180 3987 2274 4055 Εἷς
2305 3991 2413 4063 γάρ
2443 3993 2588 4044 ἐστιν
2624 3991 2679 4043 ἐν
2716 3989 2986 4060 ἐκατέρῳ,
3027 3989 3300 4054 τουτέστι,
3351 3991 3418 4061 τῇ
3476 3989 3696 4061 θεότητι

2121 4079 2212 4132 καὶ
2238 4078 2315 4148 τῷ
2351 4077 2566 4147 σώματι
2589 4095 2604 4109 ·
2639 4078 2697 4129 οὐ
2725 4078 2835 4148 γὰρ
2863 4078 3051 4150 ἕτερος
3081 4080 3146 4131 ἐκ
3175 4079 3408 4150 Πατρὸς,
3443 4080 3536 4134 καὶ
3581 4080 3707 4134 ἔτει

2121 4189 2214 4242 ρος
2267 4173 2332 4223 ὲκ
2391 4169 2672 4240 Παρθένου
2708 4186 2722 4201 ·
2762 4171 2878 4224 ἀλλ’
2914 4173 2942 4225 6
2991 4170 3176 4236 αὐτὸς,
3227 4171 3418 4244 ἕτερον
3477 4171 3579 4243 μὲν
3631 4173 3698 4226 ὲκ

2121 4263 2357 4334 Πατρὸς,
2387 4262 2572 4333 ἕτερον
2595 4263 2654 4316 δὲ
2692 4265 2758 4316 ὲκ
2790 4264 3069 4334 Παρθένου
3093 4281 3109 4296 ο
3135 4265 3231 4319 καὶ
3270 4265 3526 4337 γεννήσει
3568 4263 3696 4334 γέν-

2119 4373 2274 4427 νησις
2303 4356 2364 4408 οὐ
2391 4354 2698 4428 προκρίνει,
2729 4356 2850 4409 οὐδὲ
2875 4358 2910 4428 ἡ
2948 4356 3087 4430 σὰρξ
3114 4359 3181 4428 τῇ
3207 4356 3423 4428 Θεότητι
3455 4356 3594 4426 (52),

547 4519 590 4550 '°
628 4518 648 4572 Ι
677 4515 818 4570 Tim.
857 4535 916 4585 ιι,
949 4517 1001 4573 5.
1046 4519 1087 4551 “
1119 4517 1296 4574 Galat.
1323 4535 1404 4585 ιιι,
1433 4516 1526 4573 20.
1558 4516 1601 4549 “
1653 4517 1789 4574 Luc.
1828 4518 2010 4581 “11,4

2135 4515 2178 4547 ¹³
2226 4515 2466 4585 Philipp.
2505 4530 2565 4583 ιι,
2600 4513 2655 4581 6,
2692 4513 2743 4568 7.

519 4671 630 4741 (27)
653 4671 774 4724 Non
825 4671 990 4743 unius
1035 4673 1300 4736 hominis,
1357 4670 1454 4743 sed
1501 4669 1826 4743 hominum;
1880 4669 2007 4740 quia
2039 4670 2391 4743 Dctionibus
2461 4686 2683 4743 quoque
2734 4670 2973 4727 Balaami
3024 4670 3269 4724 locutum
3339 4669 3694 4741 Hippolytum

438 4739 632 4798 natura
687 4742 998 4796 communis
1030 4758 1140 4796 non
1201 4751 1285 4797 est
1314 4741 1479 4796 unius
1538 4739 1832 4808 singularis
1884 4739 2005 4794 tan-

439 4822 557 4867 tum
587 4829 603 4878 ;
635 4810 780 4880 quod
806 4811 954 4882 enim
980 4812 1049 4867 de
1077 4813 1334 4882 phmnice
1379 4811 1584 4874 ferunt,
1613 4811 1883 4866 Maximus
1920 4809 2005 4882 l'a-

436 4884 620 4938 bulam
651 4895 773 4935 esse
819 4880 1160 4937 demonstrat
1180 4884 1251 4937 ob
1307 4882 1450 4937 hanc
1473 4896 1693 4936 causam
1724 4889 1781 4934 et
1833 4880 2002 4935 ratio-

437 4969 583 5009 nem.
609 4950 762 5008 Unus
783 4951 967 5022 itaque
997 4961 1080 5007 est
1103 4953 1267 5017 Deus,
1293 4953 1468 5016 idest,
1501 4968 1607 5005 una
1628 4959 1823 5006 natura
1858 4967 2006 5007 com-

438 5024 621 5078 munis
645 5022 810 5076 trium
847 5021 1226 5091 personarum,
1253 5033 1430 5077 etuna
1456 5032 1653 5076 natura
1692 5021 2002 5088 hominum,

436 5103 494 5154 et
525 5092 778 5150 Christus
805 5093 1076 5147 mediator
1106 5093 1342 5148 duarum
1369 5102 1713 5147 naturarum.
1758 5091 1894 5146 Tun.

511 5163 622 5230 (28)
648 5163 705 5218 ln
739 5163 982 5219 editione
1028 5164 1230 5219 Veneta
1260 5180 1350 5218 an.
1397 5163 1534 5217 1754
1578 5162 1632 5216 S.
1668 5162 1858 5216 [renati
1895 5169 1932 5216 t.
1959 5161 2000 5224 l,

480 5275 493 5289 .
519 5235 643 5297 342,
675 5235 915 5290 occurrit
943 5235 1048 5290 hoc
1075 5235 1462 5304 fragmentum,
1498 5232 1592 5288 sed
1625 5233 1702 5304 ibi
1758 5239 1844 5304 est
1868 5232 2000 5287 falsa

461 5307 605 5360 cctio
628 5304 1031 5374 φρουρούμενον
1052 5321 1150 5374 pro
1169 5303 1314 5358 recta
1335 5313 1519 5358 nostra
1541 5303 1984 5374 φαιδρυνάμενον.

513 5375 626 5443 (29)
650 5373 851 5444 Confer
875 5371 1070 5444 Scriptl
1095 5385 1198 5429 vet.
1228 5384 1267 5429 t.
1300 5375 1413 5434 Vll,
1450 5390 1503 5443 p.
1534 5373 1654 5444 154.
1679 5371 1996 5444 Basnagius,

442 5444 496 5512 lu
526 5441 653 5498 adn.
673 5445 739 5497 ad
755 5441 1043 5499 Leontium
1062 5445 1337 5506 Latinum,
1363 5441 1524 5512 negat
1540 5443 1645 5498 hoc
1668 5457 1806 5512 opus
1835 5441 2007 5497 fuisse

439 5511 738 5595 liippplyti,
784 5515 940 5595 quia_
972 5515 1356 5595 indaterculo
1397 5511 1648 5595 vatiqano
1694 5511 2004 5595 marmoreo

442 5582 810 5638 desideratur.
839 5583 942 5638 Sed
973 5583 1095 5652 quis
1119 5585 1294 5639 nescit
1345 5584 1724 5651 imperfectum
1758 5597 1899 5652 esse,
1929 5583 1998 5636 il-

442 5653 552 5724 lum
590 5653 893 5724 catalogum
909 5654 932 5706 ?
952 5651 1086 5724 Quis
1110 5655 1262 5717 item,
1301 5654 1561 5724 inspectis
1583 5653 1809 5724 catenis
1833 5651 2001 5724 bibli-

444 5722 546 5795 _tji_s,
579 5738 686 5795 non
710 5723 1347 5795 pervidetHippolytum
1401 5723 1700 5795 scripsisse
1740 5723 1905 5795 etiam
1933 5722 1999 5795 in

440 5789 614 5855 libros
634 5789 867 5858 Μάνείεῖ
890 5789 1119 5862 quibus'
1147 5789 1212 5848 in'
1226 5789 1638 5850 commentariis
1671 5793 1738 5850 de
1771 5792 1998 5851 benedi-

2111 4741 2379 4796 credibile
2404 4741 2507 4797 est.

2182 4810 2294 4883 (50)
2327 4812 2553 4868 Frustra
2602 4812 2768 4881 eripit
2814 4810 2964 4883 hunc
3012 4811 3216 4883 librum
3249 4811 3334 4865 vel
3378 4824 3690 4883 sermonem

2110 4879 3025 4951 Petro'AlexandrinoBasnagius,
3065 4881 3218 4951 quia,
3245 4888 3306 4934 ut
3356 4881 3452 4945 ait,
3492 4879 3549 4934 in
3569 4881 3697 4951 ejus

2109 4965 2335 5024 operum
2367 4953 2576 5024 syllabo
2598 4969 2708 5007 non
2735 4952 2977 5022 ponitur.
3014 4953 3192 5024 Atqui
3226 4951 3411 5024 nullus
3459 4960 3542 5004 est
3582 4966 3694 5024 ξιι-

2113 5020 2495 5092 ιιιοηιίοιιενοι
2525 5020 2750 5092 priscus
2767 5036 2998 5092 operum
3049 5021 3198 5076 Petri
3228 5021 3528 5091 catalogus.
3582 5020 3690 5075 Re-

2109 5091 2254 5163 ctius
2319 5108 2451 5163 ergo
2508 5091 2807 5163 Basnagius
2887 5091 3119 5163 dixisset
3188 5092 3690 5163 ponendum_esse

2112 5161 2259 5215 hunc
2304 5161 2613 5218 sermonem
2671 5161 2725 5217 in
2781 5162 3011 5232 syllabo,
3053 5161 3201 5217 teste’
3251 5161 3504 5232 Leontio.
3529 5161 3694 5216 Nunc-

2111 5247 2259 5305 vero_
2289 5232 2474 5305 (Era-ea
2527 5233 2704 5305 verba
2748 5231 3079 5305 adjiciantur
3131 5232 3326 5305 Latino
3380 5231 3695 5305 fragmento

2119 5252 2241 5284 vero
2289 5252 2474 5288 unm-ca
2527 5252 2693 5288 verna
2748 5252 2814 5287 aa
2845 5252 3079 5287 terantur
3134 5252 3326 5287 Lallllo

2119 5302 2262 5372 apud
2285 5302 2634 5358 Gallendium
2669 5303 2731 5357 Β.
2773 5252 2881 5358 Pi’.
2917 5312 2957 5357 t.
2997 5303 3085 5366 IV,
3120 5319 3174 5372 p.
3214 5303 3334 5356 109.

2186 5373 2296 5439 (51)
2323 5374 2493 5443 Negat
2523 5374 2822 5443 Basnagius
2849 5372 3140 5444 Cyriacum
3174 5373 3342 5444 fuisse
3375 5373 3428 5427 in
3453 5387 3688 5444 numero

2114 5441 2457 5497 Nicmnorui‘u
2507 5441 2769 5508 Patrum;
2813 5441 2908 5499 sed
2953 5453 3134 5499 tamen
3184 5443 3399 5498 Leontii
3446 5442 3683 5497 aliirma-

2114 5513 2246 5566 tiuni
2308 5516 2638 5583 sull'ragatur
2703 5515 3027 5582 Ephraamus
3094 5514 3473 5568 Antiochenus
3538 5513 3683 5582 apud

2112 5583 2363 5637 l’hotium
2392 5582 2641 5648 eod'2'29,
2667 5600 2720 5654 p.
2753 5584 2876 5639 828.
2907 5585 3095 5654 Neque
3119 5600 3252 5638 vero
3283 5584 3548 5655 catalogis
3585 5582 3683 5637 Ni-

2107 5668 2380 5707 ezenorum
2417 5656 2635 5708 Patrum
2666 5655 2973 5723 impressis,
3000 5662 3224 5725 propter
3273 5669 3468 5725 eorum
3498 5655 3680 5708 varie-

2110 5730 2296 5788 tatem,
2317 5734 2433 5778 tuto
2454 5741 2573 5778 esse
2589 5725 2862 5780 lidendnm
2883 5723 3212 5795 dixi'Scr'ipt.
3232 5736 3356 5788 vet.,
3375 5734 3413 5778 t.
3428 5724 3494 5790 Χ,
3513 5741 3565 5795 p.
3591 5725 3680 5795 '57.

2180 5795 2289 5865 (5:2)
2326 5797 2399 5850 De
2460 5796 2563 5854 hoc
2621 5804 2810 5850 contra
2839 5793 3233 5866 Apollinarem,
3276 5795 3377 5852 sub
3408 5793 3681 5854 Ambrosii
