4120 6434
377 396 515 465 131⁸]

999 590 1188 658 λόγου
1207 588 1317 660 (5⁸5)
1329 629 1341 643 .

441 700 658 756 Οὐκοῦν
694 701 755 754 ὲν
791 700 872 774 τῷ
926 701 1119 771 τελείῳ
1155 703 1252 772 τῆς
1285 701 1542 774 θεότητος
1571 703 1648 758 ὣν
1692 705 1965 760 ἐκένωσεν

367 795 587 860 ἑαυτὸν,
617 794 713 848 καὶ
751 793 917 848 ἔλαϐε
958 795 1018 848 τὸ
1060 794 1290 860 τέλειον,
1317 797 1418 864 τῆς
1468 797 1612 850 κατὰ
1672 798 1966 870 ἄνθρωπον

371 886 591 956 φύσεως
638 885 939 957 ὁλόκληρον
958 902 972 916 ’
1001 884 1078 948 ὡς
1107 885 1262 939 οὐδὲν
1305 883 1458 938 ἔλιπε
1502 885 1581 957 τῷ
1616 885 1762 958 Θεῷ,
1789 885 1966 952 οὕτως

370 979 494 1034 οὐδὲ
525 979 604 1050 τῷ
631 971 1010 1053 καταρτισμῷ
1031 978 1109 1049 τῷ
1136 977 1280 1033 κατὰ
1310 977 1622 1050 ἄνθρωπον,
1650 979 1736 1033 ἵνα
1759 980 1964 1046 τέλειος

370 1078 431 1132 ἑν
463 1076 706 1150 ἑκατέρᾳ
733 1077 897 1147 φύσει
927 1077 1196 1150 τυγχάνῃ.

378 1211 488 1266 Τοῦ
523 1211 699 1282 ἁγίου
739 1213 1066 1282 Γελασίου,
1100 1213 1444 1268 ἐπισκόπου
1465 1215 1844 1282 Καισαρείας,
1866 1215 1966 1270 καί

437 1281 629 1362 αὐτὸς
684 1281 826 1362 τῇς-
851 1284 1122 1362 συρερβου
1177 1282 1300 1338 τῶν
1329 1291 1447 1354 pr’,
1482 1285 1554 1339 ἐκ
1602 1284 1714 1354 τῆς
1756 1281 1965 1357 Ἑρμη-

441 1353 612 1419 νείας
633 1353 742 1410 τοῦ
779 1355 1127 1423 Συμϐόλου.

453 1549 596 1602 Ἀλλ’
622 1549 723 1603 οὐκ
758 1550 978 1620 ἴσχυσεν
1010 1551 1327 1624 ἀνθρωπίνη
1360 1554 1584 1622 γλῶστα
1636 1555 1775 1629 μόνη
1807 1557 1966 1612 τοῦτο

373 1643 604 1714 ποιῆσαι
624 1660 637 1675 ·
683 1644 920 1715 ἀσθενὴς
948 1647 1058 1717 γὰρ
1096 1641 1164 1717 ἦν
1191 1649 1224 1719 ἠ
1258 1649 1443 1717 φύσις.
1468 1644 1644 1702 Ἦλθε
1678 1650 1860 1706 τοίνυν
1888 1653 1969 1715 είς

371 1735 571 1790 ταυτὸν
597 1736 731 1801 Θεὸς
762 1738 880 1808 ἅμα
910 1740 1004 1792 καὶ
1047 1739 1355 1810 ἄνθρωπος,
1382 1741 1471 1796 ἵνα
1513 1741 1676 1812 σῶμα
1715 1743 1826 1814 -μέν
1859 1745 1964 1798 ὐπ-

369 1831 735 1902 ηρετήσηται,
767 1830 900 1893 Θεὸς
929 1832 987 1886 δὲ
1014 1833 1080 1887 δι’
1103 1833 1271 1886 αὐτοῦ
1322 1834 1423 1906 τὴν
1467 1835 1751 1906 ἐνέργειαν
1789 1837 1968 1911 παρά.

369 1937 594 1992 σχηται.
629 1922 808 1975 Διπλᾶ
837 1923 1046 1990 πάντα,
1081 1925 1177 1977 καὶ
1211 1904 1388 1996 ἀληθῆ
1418 1904 1618 1992 πάντα,
1657 1927 1752 1981 καὶ
1785 1904 1966 1984 τέλεια
2002 1904 2040 1957 Β

372 2014 552 2067 πάντα
579 2031 592 2044 ·
630 2015 724 2070 καὶ
773 2017 1066 2087 φιμούσθω
1113 2020 1222 2070 πᾶν
1268 2021 1545 2091 αἱρετικὸν
1590 2021 1768 2092 στόμα
1796 2038 1810 2052 ⁸
1844 2023 1964 2094 μεθ’

368 2107 530 2176 ἡμῶν
556 2108 586 2160 6
615 2107 775 2172 Θεὸς,
807 2108 929 2178 μεθ’
963 2109 1124 2181 ήμῶν
1151 2112 1180 2163 6
1217 2112 1356 2182 μετὰ
1384 2112 1620 2182 Πατρδς,
1655 2114 1776 2183 μεθ’
1809 2116 1966 2186 ἡμῶν

367 2200 400 2251 6
430 2198 490 2264 ἐξ
519 2199 681 2270 ἡμῶν
706 2216 720 2231 °
759 2200 906 2272 Σάρξ
961 2218 1088 2271 μου,
1125 2204 1327 2272 φησὶν,
1357 2201 1420 2268 ἐξ
1455 2203 1658 2260 αὐτῶν.
1701 2206 1866 2262 Ἀλλὰ
1903 2208 1966 2262 τὸ

375 2292 476 2361 μὲν
511 2293 620 2360 ἀεὶ,
650 2293 713 2347 τὺ
743 2293 800 2347 δὲ
828 2294 898 2348 δι’
929 2297 1101 2365 ἡμᾶς.
1139 2298 1250 2350 Καὶ
1278 2299 1312 2370 ἡ
1347 2299 1448 2369 μὲν
1480 2299 1677 2374 θεότης
1709 2302 1815 2372 ἀεὶ,
1845 2305 1879 2376 ἡ
1910 2305 1966 2359 δὲ

371 2383 734 2456 ἀνθρωπότης
777 2384 844 2437 δι’
889 2385 1039 2457 ἡμᾶς
1071 2386 1210 2456 (54).

665 2516 776 2572 Τοῦ
800 2516 992 2573 αὐτοῦ
1020 2518 1089 2572 ἐκ
1122 2519 1230 2574 τοῦ
1263 2519 1454 2576 αὐτοῦ
1477 2524 1691 2593 λόγου.

457 2632 652 2702 Ἡμεῖς
681 2631 737 2684 δὲ
772 2631 852 2702 τῷ
899 2631 1032 2704 θείῳ
1059 2633 1485 2706 δᾳδουχούμενοι
1523 2638 1704 2710 Λόγῳ,
1745 2641 1970 2711 ἁνύϐρι·

375 2741 501 2777 στον
522 2723 617 2777 τοῦ
647 2725 988 2792 Μονογενοῦς
1012 2725 1338 2798 φυλάξωμεν
1361 2733 1461 2800 τὴν
1487 2731 1792 2800 εὐγένειαν,
1828 2736 1966 2806 μήτε

372 2817 465 2870 διὰ
507 2816 569 2870 τὸ
611 2817 870 2870 ταπεινὸν
907 2821 1005 2889 τῆς
1042 2820 1245 2892 σαρκὸς
1284 2820 1608 2888 ἀθετοῦντες
1654 2825 1745 2878 τὸν
1765 2826 1967 2895 Λόγον,

379 2911 518 2979 μήτε
570 2909 660 2962 διὰ
711 2909 772 2962 τὸ
826 2908 961 2980 ὕψος
1018 2911 1116 2981 τῆς
1173 2911 1430 2983 θεότητος
1479 2915 1834 2987 παρορῶντες
1870 2920 1968 2992 τὴν

379 3005 560 3074 σάρκα
588 3020 601 3035 ο
636 3003 772 3057 ἀλλὰ
801 3003 894 3057 τὸν
943 3004 1044 3074 μὲν
1073 3006 1250 3074 Λόγον
1286 3006 1362 3071 ὡς
1388 3006 1542 3075 Θεὸν,
1572 3010 1672 3079 τὴν
1697 3010 1753 3064 δὲ
1785 3012 1969 3084 σάρκα

371 3093 451 3156 ὡς
487 3094 612 3146 ναὸν
640 3093 776 3146 Θεοῦ
807 3095 1154 3164 τιμήσωμεν.

382 3231 494 3283 Τοῦ
517 3228 790 3300 μεγάλου
819 3231 1093 3307 Ἐφραίμ,
1125 3232 1333 3307 dare}?
1355 3235 1444 3300 είς
1471 3234 1580 3289 τὸν
1593 3240 1969 3307 μαργαρίτην
1994 3241 2042 3306 C

977 3303 1165 3371 λόγου
1199 3303 1334 3374 (55).

367 3391 372 3395 ”
449 3411 572 3464 Τῶν
602 3413 696 3466 δύο
730 3413 948 3481 φύσεων
981 3413 1202 3484 μετέχει
1233 3417 1261 3467 6
1297 3417 1649 3488 μαργαρίτης
1682 3421 1710 3473 6
1748 3421 1968 3475 πολύτι-

381 3522 502 3577 μος,
533 3506 622 3560 ἴνα
692 3506 842 3579 δείξῃ
903 3508 1144 3578 Χριστόν
1171 3525 1186 3539 ·
1227 3509 1311 3562 ὅτι
1356 3508 1514 3578 λόγος
1557 3511 1633 3565 ὢν
1701 3513 1874 3578 Θεοῦ,
1905 3518 1968 3570 ἐκ

379 3597 598 3670 Μαρίας
637 3600 926 3670 ἄνθρωπος
952 3602 1279 3674 γεγέννηται
1307 3621 1320 3635 ·
1351 3605 1413 3657 οὐ
1450 3608 1683 3680 μερικὴν
1716 3609 1842 3680 ἔσχε
1870 3611 1968 3680 τὴν

379 3692 565 3761 φύσιν,
607 3693 730 3746 ἐπεὶ
769 3694 880 3747 οὐδ’
914 3695 1106 3766 ἕτερον
1138 3695 1204 3749 ἂν
1233 3695 1377 3760 ζῶον
1413 3699 1706 3769 ἐτύγχανε.
1741 3702 1968 3757 Τελείαν

379 3785 495 3856 ἔχει
516 3787 614 3857 τὴν
636 3786 832 3856 διπλῆν
863 3790 1046 3857 φύσιν,
1067 3789 1156 3840 ἵνα
1183 3789 1257 3860 μὴ
1275 3791 1516 3863 ἀπολέσῃ
1549 3793 1646 3856 τὰς
1673 3794 1789 3848 δύο.
1828 3795 1966 3849 Οὔτε

377 3875 605 3946 ἡμίθεος
633 3876 790 3950 ὤφθη
817 3881 910 3932 ἐπὶ
941 3880 1040 3950 τῆς
1061 3880 1187 3949 γῆς,
1211 3880 1334 3934 οὕτε
1366 3883 1768 3956 ἡμιάνθρωπος
1797 3888 1966 3960 ἀνέῦη

378 3967 459 4028 είς
489 3968 618 4032 τοὺς
658 3969 925 4040 οὐρανούς
951 3987 962 4000 ·
993 3973 1058 4024 ὲκ
1091 3971 1300 4026 τελείου
1326 3974 1551 4042 τέλειος,
1585 3976 1643 4042 ἐξ
1677 3979 1966 4050 ἀνθρώπου

378 4058 688 4132 ἄνθρωπος,
721 4065 785 4117 ἐκ
815 4063 954 4118 Θεοῦ
985 4065 1138 4131 Θεὸς,
1179 4067 1242 4120 ἐκ
1275 4067 1556 4138 Παρθένου
1582 4070 1838 4140 Χριστός.

383 4175 497 4251 Τοῦ
550 4177 727 4251 ἁγίου
755 4179 1121 4245 Φλαϐιανοῦ,
1173 4180 1518 4236 ἐπισκόπου
1571 4185 1962 4251 Ἀντιοχείας,

588 4248 694 4302 τοῦ
765 4253 853 4317 είς
905 4251 974 4304 τὸ
1037 4252 1190 4306 κατὰ
1262 4251 1554 4320 Ἰωάννην
1591 4247 1966 4326 Εὐαγγέλιοτλ

527 4335 654 4387 rev.

450 4434 696 4501 Ἐδειξεν
730 4436 836 4506 γὰρ
868 4437 1062 4490 ἑαυτὸν
1082 4437 1170 4492 διὰ
1196 4437 1292 4491 τοῦ
1326 4438 1645 4510 σωματικοῦ
1686 4441 1909 4510 νέφους,
1935 4442 1964 4494 6

375 4525 474 4593 τὴν
502 4525 785 4598 ἡμετέραν
818 4527 980 4598 φύσιν
1011 4527 1263 4584 ὑπελθὼν
1288 4571 1302 4593 ,
1327 4531 1416 4585 ἵνα
1450 4532 1769 4603 ἀμφοτέρας
1796 4533 1962 4586 αὐτοῦ

1440 399 1742 460 CONTRA
1783 401 2103 466 NESTOR.
2145 408 2242 470 ET
2275 405 2598 474 EUTYCH.

377 517 488 574 Τοῦ
539 515 730 571 αὐτοῦ
780 512 850 570 ἐκ
909 515 1017 570 τοῦ
1076 515 1227 586 πρὸς
1287 517 1547 571 Σαϐῖνον
1617 520 1964 576 ἐπίσκοπον
1995 533 2040 587 Α

3515 412 3654 477 1314

2231 528 2486 599 Ejusdem
2516 547 2579 584 ex
2609 531 2739 585 libro
2773 532 2844 586 ad
2866 530 3122 587 Sabinum
3165 532 3486 605 episcopum.

2144 706 2318 777 Igitur
2337 722 2462 761 cum
2491 717 2636 764 esset
2663 708 2718 763 in
2749 708 3038 765 divinitate
3062 710 3331 780 perfecta,
3361 712 3653 767 exinanivit

2072 799 2300 871 seipsum
2327 801 2392 867 ",
2449 811 2508 857 et
2531 803 2744 872 accepit
2772 802 3070 872 perfectam
3099 813 3156 860 et
3189 804 3459 877 integram
3488 815 3654 861 natu-
3751 833 3768 852 ι

2073 910 2188 948 ram
2224 894 2542 949 humanam.
2589 894 2744 950 Sicut
2797 895 2938 949 nihil
2985 894 3163 950 defuit
3194 897 3306 952 Deo
3331 939 3345 963 ,
3398 896 3478 952 sic
3513 897 3654 952 nihil

2072 987 2249 1042 defuit
2273 987 2603 1059 perfectioni
2631 988 3016 1056 humanitatis,
3049 999 3112 1044 ut
3141 997 3288 1045 esset
3325 991 3386 1046 in
3420 999 3654 1061 utraque

2071 1091 2270 1136 natura
2301 1081 2603 1152 perfectus.

2074 1218 2259 1273 Sancti
2295 1217 2518 1280 Gelasii,
2541 1218 2768 1288 episcopi
2791 1215 3049 1271 Crrsarea:
3082 1216 3412 1288 Palatinae,
3447 1226 3498 1270 et
3526 1234 3653 1270 con-

2146 1291 2378 1359 fessoris,
2406 1286 2657 1342 unius'ex
2686 1286 2937 1340 Patribns
2953 1288 3139 1358 synodi
3169 1287 3657 1359 Constantinopoli-

2145 1357 2286 1414 tano:
2348 1369 2560 1413 centum
2606 1357 3027 1429 quinquaginta,
3090 1374 3155 1411 ea:
3209 1357 3657 1429 Interpretatione

2111 1458 2114 1460 ν
2145 1429 2401 1502 Symboli.

2143 1544 2217 1601 At
2242 1562 2353 1600 non
2383 1543 2566 1616 potuit
2600 1543 2707 1599 hoc
2743 1539 2925 1598 facere
2961 1541 3203 1596 humana
3231 1541 3450 1613 lingua,
3499 1540 3656 1596 infir-

2076 1655 2163 1695 ma
2193 1639 2399 1709 quippe
2427 1646 2548 1693 erat
2585 1646 2807 1692 natura.
2840 1635 3008 1693 Venit
3063 1634 3234 1706 igitur
3287 1632 3341 1688 in
3398 1633 3657 1689 eumdem

2074 1735 2221 1788 Deus
2246 1741 2302 1787 et
2327 1732 2514 1796 homo,
2543 1739 2604 1784 ut
2631 1746 2832 1801 corpus
2857 1728 3080 1800 quidem
3103 1728 3484 1793 ministraret;
3511 1727 3659 1781 Deus

2075 1838 2260 1883 autem
2315 1843 2414 1899 per
2462 1840 2664 1896 corpus
2716 1824 2990 1879 actionem
3039 1821 3348 1877 exhiberet.
3404 1820 3656 1891 Duplicia

2069 1921 2255 1975 omnia
2281 1937 2295 1986 ;
2324 1929 2380 1976 et
2407 1934 2538 1975 vera
2562 1917 2770 1978 omnia.
2796 1923 2853 1970 et
2873 1914 3116 1985 perfecta
3146 1912 3350 1967 omnia.
3383 1911 3656 1968 Obstrua-

2069 2025 2162 2070 tur
2191 2029 2357 2071 onme
2413 2029 2476 2068 os
2525 2012 2872 2068 haereticum.
2906 2008 3209 2064 Nobiscum
3249 2009 3431 2069 Deus;
3469 2005 3659 2060 nobis-

2068 2122 2191 2161 cum
2214 2105 2309 2176 qui
2331 2113 2415 2161 est
2443 2119 2568 2159 cum
2588 2103 2778 2167 Patre;
2804 2099 3116 2162 nobiscum,
3145 2097 3240 2168 qui
3258 2106 3345 2152 est
3366 2113 3434 2150 ex
3456 2095 3652 2150 nobis:

2069 2196 2217 2252 Caro
2248 2211 2391 2259 mea,
2427 2193 2628 2264 inquit,
2651 2208 2720 2247 ex
2749 2190 2902 2260 ipsis.
2925 2188 3130 2243 Verum
3165 2188 3399 2242 alterum
3429 2184 3656 2256 quidem

2068 2304 2306 2358 semper,
2326 2288 2561 2342 alterum
2585 2299 2719 2340 vero
2743 2289 2971 2354 prOpter
3002 2296 3126 2335 nos.
3151 2279 3228 2334 Ae
3250 2278 3510 2333 divinitas
3536 2278 3660 2347 qui-

2069 2383 2193 2439 dem
2223 2397 2474 2452 semper;
2511 2378 2826 2436 humanitas
2871 2393 3004 2432 vero
3035 2385 3264 2448 propter
3289 2388 3410 2428 nos.

2498 2517 2751 2588 Ejusdem
2775 2533 2839 2570 ex
2865 2515 3047 2569 eodem
3081 2514 3236 2569 libro.

2139 2632 2252 2688 Nos
2277 2641 2485 2696 autem,
2518 2629 2706 2684 divino
2735 2627 2919 2684 Verbo
2969 2624 3249 2688 illustrati,
3281 2622 3662 2680 custodiamus

2072 2725 2194 2782 sine
2231 2722 2568 2779 contumelia
2598 2720 2948 2777 nobilitatem
2976 2719 3258 2790 Unigeniti
3285 2734 3299 2773 :
3323 2733 3506 2788 neque
3533 2733 3662 2789 pro-

2070 2825 2195 2886 pter
2225 2815 2597 2870 humilitatem
2630 2811 2815 2868 carnis
2848 2810 3088 2866 Verbum
3121 2809 3519 2880 repudiantes;
3557 2823 3660 2864 ne-

2071 2923 2179 2979 que
2199 2915 2428 2977 propter
2452 2905 2804 2960 altitudinem
2831 2903 3143 2958 divinitatis
3170 2917 3394 2957 carnem
3413 2909 3662 2957 contem-

2071 3007 2288 3054 nentes.
2320 2997 2464 3064 Quin
2493 2996 2681 3067 potius
2700 2995 2967 3061 Verbum,
2996 2995 3285 3062 utDeum;
3318 3009 3561 3060 carnem,
3600 3004 3659 3050 ut

2073 3079 2339 3162 templum
2370 3090 2467 3145 Dei
2499 3091 2860 3146 honoremus.

2218 3223 2404 3281 Sancti
2431 3223 2704 3295 Ephrwm,
2730 3239 2793 3278 ea:
2813 3223 3031 3279 homilia
3063 3225 3118 3279 in
3139 3224 3513 3296 margaritam.

2141 3402 2388 3458 Duarum
2409 3410 2735 3456 naturarum
2780 3409 2866 3458 est
2905 3403 3182 3474 particeps
3223 3403 3517 3476 margarita
3543 3420 3659 3460 ma-

2069 3510 2188 3567 gnae
2216 3495 2628 3560 aestimationis,
2651 3502 2712 3548 ut
2741 3495 2997 3550 ostendat
3016 3495 3320 3561 Christum,
3355 3497 3502 3567 quod
3529 3511 3655 3552 cum

2068 3596 2216 3643 esset
2245 3586 2489 3643 Verbum
2521 3587 2643 3654 Dei,
2670 3603 2739 3642 ex
2765 3587 2936 3642 Maria
2963 3596 3146 3642 ortum
3168 3597 3273 3644 est.
3309 3588 3429 3643 Non
3458 3589 3658 3645 habuit

2068 3686 2325 3734 naturam
2365 3695 2434 3735 ex
2472 3687 2671 3750 parte;
2711 3680 2840 3749 quia
2890 3695 2993 3736 nec
3044 3681 3194 3736 aliud
3251 3681 3456 3737 animal
3511 3693 3652 3738 erat.

2069 3773 2373 3829 Perfectam
2397 3774 2564 3829 habet
2583 3773 2857 3843 duplicem
2882 3781 3155 3835 naturam,
3173 3791 3242 3830 ne
3264 3775 3653 3831 amittatduas.

2065 3867 2258 3938 Neque
2305 3867 2583 3923 semideus
2638 3869 2792 3924 visus
2843 3876 2928 3922 est
2979 3867 3034 3922 in
3069 3876 3455 3938 terra;neque
3485 3871 3650 3924 semio

2068 3960 2236 4016 homo
2265 3961 2515 4017 ascendit
2535 3961 2604 4017 ad
2643 3962 2830 4017 caelos.
2852 3961 2931 4016 Ex
2962 3961 3208 4032 perfecto
3229 3961 3542 4031 perfectus;
3586 3978 3654 4017 ex

2068 4054 2292 4110 homine
2324 4057 2523 4123 homo;
2553 4071 2620 4111 ex
2653 4056 2767 4111 Deo
2799 4055 2943 4111 Deus
2969 4073 2984 4122 ;
3018 4071 3086 4111 ex
3119 4056 3340 4128 Virgine
3371 4055 3649 4112 Christus.

2083 4170 2268 4228 Sancti
2304 4169 2572 4238 Flaviani,
2599 4171 2826 4255 episcopi
2853 4172 3163 4255 Antiochiae,
3195 4173 3249 4226 in
3280 4170 3632 4242 Evangelium

2781 4259 2989 4298 οαηηιε.

2139 4445 2556 4502 Demonstravit
2609 4444 2853 4515 seipsum
2885 4460 2986 4515 per
3024 4443 3228 4499 nubem
3257 4444 3523 4514 corporis,
3552 4445 3648 4513 qui

2067 4546 2321 4592 naturam
2359 4544 2605 4592 nostram
2648 4533 2864 4598 induit,
2907 4543 2968 4590 ut
3024 4535 3216 4589 ambas
3258 4542 3486 4589 naturas
3530 4535 3653 4603 eius

372 4614 714 4691 διδαχθόψεν
741 4620 844 4683 τὰς
873 4621 1086 4691 φύσεις,
1111 4625 1206 4678 καὶ
1233 4624 1326 4678 τὸν
1354 4623 1637 4698 ὁρώμενον
1651 4625 1962 4696 ἄνθρωπον,

2069 4631 2368 4694 discamus,
2396 4638 2452 4684 et
2484 4629 2763 4684 hominem
2797 4628 2892 4698 qui
2924 4627 3275 4692 cernebatur,
3307 4637 3364 4682 et
3390 4627 3650 4682 divinita-

373 4709 470 4764 καὶ
520 4713 619 4784 τὴν
651 4713 740 4767 διὰ
771 4715 865 4768 τοῦ
900 4714 1151 4788 σώματος
1181 4717 1518 4790 ἐνεργοῦσαν
1554 4718 1786 4790 θεότητα
1824 4719 1960 4790 (56).

495 4901 542 4933 “
565 4898 803 4973 Philipp.
838 4917 903 4968 ιι,
925 4901 977 4958 6.

373 5054 799 5127 Mediolanensis
856 5056 1104 5122 nomine,
1136 5056 1358 5112 laudato
1394 5071 1560 5127 Opere
1609 5074 1638 5113 a
1682 5058 1944 5122 Leontio,

2073 4729 2206 4785 tem,
2236 4733 2359 4790 qua
2386 4733 2484 4790 per
2521 4731 2724 4787 corpus
2754 4717 3108 4786 operabatur.

2139 5057 2158 5126 (
2174 5059 2278 5128 54)
2309 5057 2518 5114 Prioris
2542 5054 2848 5128 hujus__loci
2873 5051 3150 5128 Gelasiani
3178 5061 3388 5128 partem
3416 5066 3513 5105 nos
3529 5052 3643 5128 jam

373 5126 578 5182 videsis
601 5121 1166 5181 Mau-rinosAmhrOsii
1183 5121 1499 5183 editores'in
1519 5127 1667 5183 calce
1684 5121 1964 5183 Prmfatio-
2071 5121 2350 5184 edidimus
2373 5130 2428 5183 in
2461 5121 2737 5182 Anastasii
2774 5125 3088 5194 presbyteri
3109 5121 3282 5194 opere
3308 5121 3640 5194 dogmalieo,

372 5198 462 5252 nis
492 5197 641 5270 _tomi
680 5197 944 5270 _secundi.
974 5197 1140 5270 Valde
1186 5208 1369 5270 tamen
1398 5198 1664 5270 Basnagio
1688 5200 1964 5254 assentior
2067 5197 2266 5270 Script.
2293 5207 2502 5270 uet.,gt.
2525 5196 2640 5259 Vll,
2664 5211 2719 5270 p_.
2750 5190 2840 5249 ΞΒ.
2878 5190 3052 5270 Porro
3104 5191 3309 5270 ibidem
3344 5206 3398 5260 p.
3447 5190 3532 5253 10,
3585 5191 3643 5246 in

373 5265 793 5339 intelligendum
820 5281 943 5322 esse
987 5269 1170 5339 potius
1196 5268 1547 5324 Ambrosium
1579 5265 1775 5331 'Alexq
1797 5270 1960 5339 cujus

373 5337 665 5392 tractatum
705 5337 976 5408 adversus
1013 5338 1381 5408 Apollinarem
1433 5349 1704 5394 memorat
1768 5337 1958 5395 Hiero-

374 5422 575 5480 nymus
598 5407 943 5480 inCatalogo
974 5407 1206 5480 ινὶνέίίί..
1230 5424 1350 5478 cap.
1376 5410 1492 5464 l26.

443 5478 566 5547 (33)
589 5478 778 5533 Sabini
793 5478 1038 5548 episcopi
1054 5478 1297 5533 Graecam
1324 5480 1697 5534 narrationem
1715 5479 1782 5534 de
1803 5480 1957 5534 obitu

370 5548 660 5621 ἐποίει-ηενρ
691 5549 774 5621 ὃ,
822 5549 1116 5621 Epiphanii
1145 5565 1269 5621 _nos
1298 5550 1576 5621 edidimus
1598 5548 1791 5621 Script.
1827 5560 1956 5615 vet,

371 5629 413 5674 t.
439 5619 555 5682 VII,
588 5633 641 5690 pg.
681 5618 941 5674 178-180.
968 5619 1158 5674 Sabini
1194 5620 1447 5674 monachi
1477 5621 1688 5690 (postea
1716 5618 1956 5676 fortasse

365 5688 638 5760 episcopi)
686 5690 900 5744 exstitit
926 5690 1168 5760 epitome
1220 5688 1581 5761 synodorum,
1629 5700 1768 5745 teste
1816 5693 1958 5746 anti-

369 5774 482 5831 quo
521 5762 885 5831 catalogoop.
908 5761 1004 5816 cit.
1044 5769 1081 5815 t.
1105 5761 1173 5826 x,
1199 5760 1356 5815 Praef.
1390 5777 1446 5831 p.
1489 5761 1665 5815 12.1n
1703 5761 1810 5816 hoc
1850 5761 1950 5816 Sa-

370 5827 503 5884 bino
522 5829 673 5903 haud
711 5827 934 5903 scio'an
964 5831 1348 5903 agnoscendus
1391 5827 1471 5886 “sit
1505 5839 1696 5903 auctor
1741 5847 1950 5903 anony-

370 5915 495 5971 mus
522 5899 785 5956 breviawe
810 5901 1057 5971 historiae
1079 5901 1421 5970 synodorum
1455 5901 1601 5971 apud
1625 5899 1942 5968 Justellum,

367 5968 439 6028 de
472 5986 581 6044 qua
606 5971 722 6028 dixi
744 5971 799 6027 in
829 5969 1012 6042 Spicil.
1037 5981 1077 6027 t.
1110 5968 1221 6040 VII,
1254 5973 1416 6028 Praef.
1460 5968 1515 6043 p_.
1546 5972 1660 6026 7—8.

2072 5261 2233 5324 titulo
2261 5261 2555 5326 Gelasiano
2579 5261 2798 5320 mallem
2826 5265 3074 5320 scribere
3109 5261 3437 5332 μαθήματος
3475 5275 3642 5332 quam

2070 5337 2481 5421 μαθηματικοῦ.
2505 5337 2725 5421 Etenim
2754 5335 2986 5417 μάθημα
3003 5329 3211 5388 dictum
3234 5329 3403 5386 fuisse
3451 5329 3520 5384 ab
3545 5345 3646 5385 an-

2063 5405 2237 5480 tiquis
2269 5425 2368 5480 pro
2391 5407 2660 5480 σύμρολον
2689 5405 2915 5480 scimus.

2139 5472 2347 5548 (55)Ex
2381 5472 2486 5533 hoc
2507 5476 2805 5548 Eplrrzemii
2855 5472 3259 5548 sermone__d'uo
3290 5472 3403 5548 jam
3441 5480 3642 5548 prot_u_-

2059 5541 2582 5621 leram'fragmenta',
2602 5545 2800 5621 script;
2846 5555 2948 5600 vet.
2986 5555 3024 5600 t.
3059 5541 3182 5621 νη,
3211 5541 3303 5614 pp.
3326 5541 3408 5621 _‘l8
3436 5551 3496 5621 et
3516 5542 3637 5597 151.

2061 5621 2311 5677 Tertium
2336 5613 2486 5675 nunc
2509 5613 2741 5672 accedit.
2759 5617 2856 5669 Est
2875 5627 3058 5671 autem
3090 5613 3298 5685 ubique
3326 5613 3640 5685 intelligen-

2060 5693 2163 5747 dus
2209 5691 2559 5760 Ephrazmius
2605 5688 2900 5758 episc0pus
2948 5683 3351 5748 Antiochenus,
3377 5699 3491 5737 non
3545 5683 3640 5737 ille

2059 5763 2232 5835 Syrus
2256 5761 2576 5835 monachus.

2125 5833 2236 5903 (56)
2259 5832 2589 5903 consonum
2602 5830 2765 5885 aiium
2786 5827 3030 5885 Flaviani
3053 5827 3236 5883 locum
3253 5824 3446 5882 recitat
3463 5822 3634 5877 Theo-

2054 5901 2285 5961 dorctus
2317 5902 2521 5973 dialog.
2551 5901 2616 5955 ll.
