4120 6436
516 405 651 475 1315

566 511 837 589 Antiochi,
869 517 1098 592 episcOpi
1138 515 1503 592 Ptolemnaidis.
1540 512 1713 585 Hujus
1741 509 2077 565 auctoritatis
2141 511 2190 567 Α

1052 584 1291 643 meminit
1320 584 1575 657 Cyrillus.

584 708 665 765 Ne
696 704 1004 762 confundas
1030 709 1279 765 naturas,
1300 708 1357 756 et
1378 714 1490 754 non
1522 696 1772 769 torpebis
1795 696 1944 752 circa
1966 708 2115 749 deco-

517 800 761 856 nomiam
781 840 796 864 ,
846 798 901 853 id
932 804 1017 852 est
1048 837 1062 861 ,
1119 793 1450 866 mysterium
1482 788 1906 845 incarnationis.
1964 785 2115 839 Tene

518 894 691 948 Deum
726 910 740 945 :
782 890 965 946 tribue
996 890 1131 951 Deo.
1162 903 1285 957 qua:
1330 901 1458 940 eum
1498 884 1724 938 decent.
1773 880 1979 949 Recipe
2013 878 2116 931 hu-

519 984 838 1040 manitatem
870 1001 883 1037 :
915 982 1074 1037 reddi
1103 979 1461 1043 humanitati,
1491 992 1619 1046 qua:
1654 990 1776 1030 eam
1819 972 2037 1028 decent.

1053 1095 1327 1152 Scholium
1358 1094 1582 1148 Leontii.

589 1216 649 1271 ln
684 1214 947 1270 omnibus
977 1210 1366 1282 superioribus
1408 1207 1750 1269 studuimus,
1795 1212 1857 1258 ut
1902 1204 1957 1256 in
1994 1214 2115 1255 me-

521 1310 675 1366 dium
708 1307 1040 1363 aﬂerremus
1083 1302 1446 1359 auctoritates
1480 1298 1722 1389 et.beati
1761 1295 1952 1367 Cyrilli
2000 1293 2115 1367 ('57)

521 1410 579 1457 et
607 1402 833 1457 Patrum
860 1399 1103 1469 quieum
1131 1401 1576 1459 antecesserunt,
1610 1407 1733 1462 qua:
1766 1398 1935 1445 totam
1965 1404 2119 1442 men-

524 1504 635 1551 tem
676 1496 796 1565 ejus
827 1501 879 1548 el
922 1490 1322 1547 conﬁrmarent
1365 1496 1422 1543 et
1456 1488 1963 1556 interpretarentur
2000 1498 2013 1533 :
2058 1490 2119 1535 ut

525 1591 703 1645 sciant
738 1600 953 1648 omnes,
984 1583 1130 1654 quod
1157 1597 1259 1636 nec
1288 1580 1430 1651 ipse,
1456 1594 1559 1634 nec
1587 1576 1729 1633 alius
1758 1591 1827 1631 ex
1861 1572 2119 1629 Patribus

526 1679 662 1736 illud
707 1695 775 1735 ex
829 1678 1049 1732 duobus
1104 1684 1200 1730 aut
1242 1690 1309 1729 ex
1368 1672 1639 1728 ambobus
1687 1668 1755 1724 ad
1805 1666 2117 1737 negandum

1782 394 2095 457 LEONTII
2135 391 2511 453 BYZANTIN
2519 392 2545 450 Ι

3660 380 3786 447 1316

2339 502 2644 570 Ἀντιόχου
2672 500 3014 555 ἐπισκόπου
3041 495 3449 570 Πτολεμαΐδος
3478 493 3610 570 (58),
3634 489 3706 565 ἧς

2362 568 2641 643 χρήσεως
2674 571 2948 640 ἐμνήσθη
2972 575 3005 625 ὀ
3019 569 3315 640 μακάριος
3340 568 3656 636 Κύριλλος.

2286 686 2382 756 Μὴ
2417 684 2662 758 συγχέῃς
2706 685 2807 749 τὰς
2853 685 3066 754 φύσεις,
3096 683 3191 737 καὶ
3224 684 3283 737 οὐ
3315 681 3616 755 ναρκήσεις
3669 682 3791 754 περὶ

2214 780 2315 852 τὴν
2352 778 2669 848 οἰκονομίαν
2689 793 2700 806 ·
2740 779 2931 849 κράτει
2962 778 3055 831 τὸν
3080 777 3234 842 Θεδν,
3254 776 3398 830 δίδου
3428 774 3499 829 τὰ
3523 774 3791 845 πρέποντα

2214 873 2294 944 τῷ
2343 870 2463 941 Θεῷ
2490 887 2503 903 ·
2543 871 2701 941 δέχου
2730 870 2792 923 τὸ
2822 869 3192 943 ἀνθρώπινον,
3224 868 3369 923 δίδου
3405 868 3475 923 τὰ
3525 867 3792 938 πρέποντα

2216 967 2282 1035 τῇ
2310 964 2409 1018 ἀνθ
2418 964 2717 1035 ρωπότητι.
3162 964 3187 993 ⁸

2690 1082 2737 1132 Σ
2738 1080 2954 1148 χόλιον
3024 1078 3335 1132 Λεοντίου.

2296 1191 2429 1273 ,Ἐπὶ
2472 1192 2608 1245 πᾶσι
2654 1189 2709 1243 δὲ
2759 1191 2875 1252 τοῖς
2903 1188 3413 1260 προηγησαμένοις,
3448 1180 3659 1239 καὶτοῦ
3695 1200 3792 1253 μα-

2219 1280 2415 1351 καρίου
2474 1279 2746 1351 Κυρίλλου
2809 1278 3178 1348 βεϐαιωτικάς
3227 1277 3340 1329 τῶν
3397 1292 3459 1329 τε
3506 1273 3612 1345 πρὸ
3638 1273 3791 1328 αὐτοῦ

2219 1372 2503 1443 Πατέρων,
2535 1371 2630 1423 καὶ
2654 1368 3065 1441 έρμηνευτικὰς
3089 1368 3189 1436 τῆς
3215 1366 3345 1438 ὅλης
3376 1364 3540 1419 αὑτοῦ
3567 1362 3793 1424 διανοίας

2222 1463 2567 1536 παραθέσθαι
2635 1462 3093 1531 ἐσπουδάσαμεν·
3127 1462 3214 1514 ἵνα
3269 1459 3477 1527 γνῶσιν
3541 1458 3621 1510 ὅτι
3677 1454 3794 1508 οὔτε

2220 1557 2403 1623 αὐτὸς,
2440 1555 2567 1610 οὔτε
2596 1574 2681 1618 τις
2706 1556 2895 1627 ἕτερος
2922 1555 3033 1608 τῶν
3065 1554 3349 1620 Πατέρων,
3378 1551 3463 1615 τὸ,
3492 1551 3556 1604 ὲκ
3577 1548 3666 1602 δύο
3689 1547 3720 1618 ἦ
3741 1548 3796 1598 τὸ

2221 1648 2278 1717 ἐξ
2335 1649 2577 1719 ἀμφοῖν,
2614 1648 2701 1700 ἐπ’
2752 1647 3037 1718 ἀναιρέσει
3085 1646 3201 1711 τοῦ,
3241 1646 3299 1697 έν
3345 1645 3459 1709 δύο,
3499 1643 3792 1713 εἰρήκασιν.

524 1789 652 1828 eum
689 1772 784 1843 qui
821 1779 940 1825 erat
966 1770 1021 1824 in
1054 1768 1294 1832 duobus,
1330 1766 1611 1821 dixerunt.
1646 1761 1831 1816 Multis
1872 1736 2020 1813 enim
2062 1756 2116 1809 in

2220 1740 2500 1811 Πολλαχοῦ
2542 1740 2650 1812 γὰρ
2700 1742 2844 1796 κατὰ
2891 1740 2994 1810 τῆς
3023 1740 3346 1812 διαιρέσεως
3375 1736 3671 1806 Νεστορίου
3699 1750 3795 1803 μαε-

531 1865 666 1920 locis
699 1862 1044 1920 contendens
1077 1860 1342 1915 adversus
1370 1857 1701 1913 divisionem
1743 1850 1982 1908 Nestorii
2016 1866 2114 1920 po-

2221 1838 2454 1907 χόμενος
2481 1875 2494 1899 ,
2523 1836 2584 1888 οὐ
2620 1837 2783 1903 μόνον
2834 1834 2904 1887 τά
2937 1834 3006 1899 ἐξ
3024 1828 3112 1888 ὧν
3148 1832 3422 1896 τέθεικεν,
3453 1829 3589 1883 ἀλλά
3616 1826 3704 1881 καὶ
3732 1825 3794 1893 τῇ

527 1959 637 2013 suit
664 1972 772 2011 non
808 1955 1009 2017 solum,
1038 1970 1105 2008 ex
1139 1953 1363 2023 quibus,
1394 1949 1491 2005 sed
1530 1949 1584 2003 in
1626 1943 2018 2017 praepositione
2057 1941 2113 1994 in

2220 1930 2289 2023 έν
2316 1927 2572 1998 προθέσει
2600 1927 2686 1980 ἐπ’
2720 1927 3056 1997 ἀμφοτέρων
3079 1926 3375 1996 ἐχρήσατο.
3399 1922 3475 1985 ὡς
3501 1918 3720 1974 αὐτόθεν
3742 1914 3797 1981 ἐξ

528 2051 821 2119 utriusque
868 2047 1086 2103 naturis
1137 2060 1272 2099 usus
1320 2052 1427 2104 est,
1477 2049 1535 2095 ut
1578 2056 1645 2094 ex
1689 2034 2115 2093 auctoritatibus

2222 2013 2299 2073 ὧν
2346 2018 2698 2088 ὑπετάξαμεν
2739 2016 2909 2070 αὐτοῦ
2954 2018 3230 2087 χρήσεων,
3274 2013 3404 2085 ῥᾷόν
3433 2014 3551 2065 ἐστι
3593 2005 3795 2079 μαθεῖν.

2235 2112 2412 2119 -_._
2622 2109 2661 2119 -.
2771 2108 2784 2119 .
2865 2108 2887 2119 -
2982 2111 3003 2119 -
3068 2107 3125 2119 ..
3328 2103 3354 2117 -
3512 2094 3795 2119 ..μλ-.-ι.-

531 2094 820 2119 .......υ.,.-ν
869 2094 1085 2103 -.η-,η
1142 2094 1269 2099 κη-
1328 2094 1427 2104 --Ἴ
1486 2094 1505 2095 κν

526 2142 648 2211 ejus
695 2156 821 2210 qum
872 2139 1280 2210 subjunximus,
1329 2133 1489 2188 facile
1534 2139 1618 2186 est
1663 2129 2001 2201 perspicere.
2056 2126 2114 2179 In

2235 2112 2351 2180 Ἐφ’
2389 2112 2563 2165 ἆπασι
2618 2109 2675 2162 δὲ
2725 2108 2890 2162 αὐτοῦ
2918 2111 3032 2171 τοῖς
3068 2107 3252 2175 λόγοις
3284 2103 3397 2157 τῶν
3424 2104 3676 2173 χρήσεων
3705 2094 3799 2158 τὰς

528 2233 790 2287 omnibus
825 2239 1009 2285 autem
1057 2226 1413 2284 sermonibus
1450 2225 1571 2295 ejus
1610 2238 1704 2278 eas
1763 2228 1980 2274 tantum
2015 2232 2115 2271 au-

2223 2202 2666 2274 ἀναμφιλέκτους
2698 2202 2888 2273 μόνας,
2928 2200 2995 2264 ἃς
3046 2199 3170 2253 οὐδὲ
3217 2197 3481 2269 μανέντες
3522 2205 3801 2263 παρερμη·

530 2324 841 2388 ctoritates,
865 2338 988 2392 quae
1024 2321 1164 2375 nihil
1208 2319 1360 2373 dubii
1400 2288 1631 2379 habent,
1663 2322 1717 2368 et
1745 2328 1885 2383 quas
1909 2325 2013 2365 nec
2038 2310 2121 2363 in-

2224 2296 2414 2351 νεῢσαι
2446 2295 2789 2366 δυνήσονται,
2823 2292 3169 2366 παραθέσθαι
3193 2288 3638 2358 ἐσπουδάσαμεν.

530 2415 651 2470 sani
709 2429 878 2486 prave
922 2410 1280 2482 interpretari
1334 2416 1638 2478 poterunt,
1702 2403 1903 2457 ail'erre
1954 2414 2115 2454 cura-

532 2520 734 2560 vrmus.

602 2620 796 2677 Allatis
827 2620 1027 2675 iterum
1059 2616 1310 2688 pluribus
1347 2612 1523 2669 sancti
1552 2608 1741 2682 Cyrilli
1767 2605 2101 2663 testimoniis
2127 2619 2269 2675 quae,
2304 2600 2431 2671 quia
2464 2602 2518 2656 in
2555 2609 2719 2657 editis
2759 2612 3031 2673 prostant,
3066 2602 3546 2673 praetermisimus,
3574 2599 3803 2672 primum

534 2717 684 2773 hunc
712 2714 917 2769 librum
962 2712 1043 2768 sic
1081 2708 1363 2767 concludit
1425 2704 1693 2761 Leontius
1726 2720 1737 2756 :
1783 2721 1800 2752 ‹
1829 2700 2107 2755 Hactenus
2151 2696 2476 2761 confutalio,
2519 2704 2577 2751 et
2613 2697 2829 2751 eversio
2864 2698 3139 2751 contraria
3177 2696 3417 2751 Nestorii
3464 2704 3524 2752 et
3556 2691 3806 2765 Eutychis

534 2806 775 2863 ﬁctionis
806 2813 863 2861 et
902 2803 1241 2877 opinationis
1285 2800 1432 2855 circa
1470 2795 1817 2851 divinitatem
1855 2791 2065 2848 Christi
2100 2800 2156 2847 et
2194 2788 2616 2845 humanitatem.
2650 2805 2668 2839 ι
2730 2835 2737 2840 ,

603 2966 718 3039 (37)
747 2965 918 3039 Erant
964 2963 1059 3034 qui
1083 2957 1767 3039 Cyrillum-“accusabant.
1794 2958 1849 3009 in
1889 2954 1995 3039 hoc
2020 2952 2117 3039 do—
2144 2956 2185 3014 C
2219 2953 2314 3039 qui
2340 2949 2951 3039 eos_confutavit_nonn
2982 2951 3295 3039 intelligetis
3323 2990 3337 3015 ,
3368 2956 3426 3004 et
3466 2963 3579 3003 non
3620 2944 3805 3017 paucis

533 3018 1167 3111 ςῐῆοιέξιιιῖᾇεῃὲοεεεέ
1199 3032 1305 3087 fuit
1347 3031 1425 3086 illi
1458 3043 1589 3085 suos
1624 3024 2113 3081 anathematismos
2220 3018 2491 3088 suaserat,
2521 3022 2663 3077 male
2681 3020 2889 3075 sentire
2912 3018 3199 3111 Cyrillum.
3224 3018 3356 3074 CAN.

1363 3102 1407 3111 --
1567 3098 1577 3110 .
1736 3097 1808 3111 ο.
1898 3110 1903 3111 ,
2299 3094 2404 3111 ...οι
2451 3092 2587 3111 .__-
2952 3106 3006 3111 ,_
3044 3092 3145 3111 ι--
3196 3090 3344 3111 .,,.ε,

766 3082 1311 3179 Eéiiiaiiééé'iz'oiigi
1347 3082 1679 3179 vliestorium
1707 3093 2110 3179 interpretari,
2296 3094 2418 3179 (58A
2450 3082 2615 3175 Lege,
2656 3092 2702 3145 si
2724 3092 2915 3179 lube’t','
2944 3082 3012 3147 de
3043 3092 3149 3179 hoc
3174 3090 3459 3179 .Antiocho
3509 3102 3629 3160 quae
3664 3082 3799 3141 dixi—

535 3160 843 3248 ἷιὶὶὸξᾘιάιε
870 3176 1097 3247 quidam
1125 3171 1535 3243 intelligebant,
1596 3176 1654 3222 ut
1707 3160 2110 3227 Theodoretus,
2221 3160 2345 3218 mUs
2380 3160 2576 3233 Script.
2604 3170 2729 3227 vet.,
2757 3170 2795 3215 t.
2828 3162 2939 3227 νη,
2979 3178 3032 3232 p.
3057 3164 3145 3226 87,
3174 3162 3227 3214 in
3250 3160 3378 3213 adn.

563 3367 3805 3418 ___________________..__.___—__—__._———-

1890 3624 1895 3631 .
1940 3537 2307 3624 ΛΟΓΟΣ
2381 3540 2457 3621 B'

822 3726 1002 3779 ΠΡΟΣ
1045 3724 1224 3778 ΤΟΥΣ
1265 3723 1359 3776 EK
1411 3719 1548 3775 ΤΩΝ
1602 3711 1984 3774 ΗΜΕΤΕΡΩΝ
2033 3711 2593 3769 ΠΡΟΣΘΕΜΕΝΟΥΣ
2644 3713 2739 3787 Ἰᾙ
2790 3709 3363 3785 ΚΔΤΕΦΘᾹΡΜΕΝῌ
3420 3712 3563 3766 ΤΩΝ

1840 3805 2513 3863 ΑΦΘΔΡΤΟΔΟΚΗΤΩΝ.

2132 3946 2206 3961 α*

1651 4096 2011 4185 LIBER
2081 4092 2697 4185 SECUNDUS

646 4300 950 4363 CONTRA
988 4296 1209 4361 ILLOS
1247 4298 1293 4359 E
1331 4293 1663 4358 NOSTRIS
1715 4293 1853 4365 QUI
1894 4288 3223 4444 Caggl‘l’EPgﬁENTINCORRUPTlCOLARUM
3263 4289 3714 4353 SENTENTI/E

1660 4536 1806 4607 (MAI,
1834 4533 2089 4607 Spicileg.
2126 4533 2278 4587 Rom.
2313 4541 2350 4585 t.
2386 4532 2452 4597 Χ,
2483 4546 2537 4602 ρ.
2569 4532 2683 4602 95.)

2119 4696 2191 4713 ἠ

612 4837 889 4895 Solvimus
912 4850 1014 4905 pro
1040 4832 1253 4888 viribus
1283 4832 1336 4887 in
1379 4829 1781 4902 superioribus,
1810 4830 1923 4884 Deo
1961 4828 2120 4899 adju-

2309 4830 2397 4885 Ἐν
2462 4829 2564 4901 μὲν
2617 4829 2732 4893 τοῖς
2783 4826 3097 4900 ἔμπροσθεν
3154 4830 3471 4901 εἰρημένοις
3537 4831 3687 4901 ήμϊν,
3722 4828 3813 4880 σὺν

541 4941 727 4997 vante,
755 4930 971 5000 objecta
1008 4934 1331 4998 argumenta
1359 4922 1489 4994 falsi
1520 4924 1749 4976 nominis
1787 4922 2022 4975 scientia:
2058 4922 2122 4984 ¹³,

2232 4921 2351 4993 Θεῷ
2405 4922 2460 4976 δὲ
2514 4920 2810 4993 φάναιτάς
2866 4922 3152 4986 ἐνστάσεις
3206 4924 3300 4977 καὶ
3362 4923 3668 4986 ἀντιθέσεις
3706 4920 3812 4987 τῆς

541 5026 746 5098 quibus
787 5023 1053 5079 adversus
1097 5036 1199 5076 nos
1256 5026 1477 5075 utentes
1508 5016 1603 5085 qui
1653 5023 1782 5069 sunt
1835 5013 2125 5068 contrarize

2232 5014 2629 5085 ψευδωνύμου
2677 5015 2974 5085 γνώσεως,
3008 5015 3089 5079 είς
3137 5015 3368 5089 δύναμιν
3418 5016 3813 5084 διαλελύκαμεν

543 5118 782 5175 ﬁctionis
824 5118 957 5185 (non
985 5114 1134 5169 enim
1176 5112 1281 5166 hoc
1328 5108 1552 5164 nomine
1584 5107 1861 5176 appellare
1889 5121 1987 5160 eos
2028 5106 2125 5160 de-

2234 5102 2323 5169 αἷς
2340 5106 2404 5176 δὴ
2424 5106 2701 5177 χρώμενοι
2735 5105 2858 5160 καθ’
2876 5106 3035 5178 ἡμῶν
3056 5107 3105 5159 οί
3130 5107 3229 5179 τῆς
3248 5108 3497 5172 ἐναντίας
3519 5107 3809 5178 δοκήσεως,

534 5214 808 5276 sinemus,
826 5209 955 5279 quia
982 5220 1219 5275 namque
1255 5204 1337 5257 fas
1368 5201 1498 5271 est),
1526 5198 1896 5270 simpliciores
1924 5213 1953 5252 a
1983 5197 2125 5252 veri-

2234 5200 2316 5271 (οὐ
2342 5199 2453 5271 γὰρ
2489 5199 2565 5270 μή
2594 5216 2726 5253 ποτε
2751 5197 2911 5253 τοῦτο
2927 5200 3113 5253 καλεῖν
3132 5202 3333 5266 αὐτοὺς
3359 5203 3702 5271 παυσαίμην,
3732 5199 3811 5251 ὅτι

542 5312 651 5359 tate
672 5303 948 5357 abducere
974 5316 1031 5357 se
1061 5304 1276 5370 putant.
1312 5293 1470 5349 Nunc
1508 5302 1691 5348 autem
1724 5291 1954 5346 alterius
1976 5307 2125 5361 qua:-

2234 5289 2371 5361 μηδὲ
2406 5289 2609 5361 θέμις),
2625 5290 2723 5357 τῆς
2753 5290 2969 5354 εὐθείας
2994 5291 3232 5359 ἀπάγειν
3253 5292 3383 5357 τοὺς
3406 5291 3813 5359 ἁπλουστέρους

542 5395 741 5449 stionis
755 5391 1167 5449 consideration
1184 5386 1533 5443 emevolvere
1555 5392 1611 5439 et
1636 5383 1911 5453 explicare
1934 5397 2125 5453 aggre-

2230 5380 2699 5451 ὑπολαμδὰνουσι.
2757 5382 2874 5436 Νῦν
2930 5381 2988 5436 δὲ
3049 5377 3209 5447 αὖθις
3272 5384 3459 5457 ἑτέρου
3502 5382 3811 5453 σκέμματος

536 5487 679 5541 diar.
712 5484 797 5540 Sit
824 5484 937 5538 dux
966 5477 1363 5551 disputationis
1393 5482 1597 5531 nostrae
1612 5474 1871 5531 Christus
1897 5473 2042 5527 Deus
2068 5481 2125 5528 et

2229 5476 2325 5528 καὶ
2372 5474 2760 5545 προϐλήματος
2817 5474 2917 5545 τὴν
2973 5474 3212 5545 θεωρίαν
3254 5474 3564 5539 ἀναπτύξαι
3614 5491 3669 5527 τε
3720 5469 3810 5524 καὶ

541 5576 803 5642 Verbum,
823 5587 880 5631 et
900 5575 1113 5640 lumen,
1140 5582 1195 5628 et
1218 5571 1353 5634 vita,
1372 5578 1429 5624 et
1450 5567 1656 5624 veritas
1686 5566 1935 5637 aspirans
1960 5564 2124 5621 nobis

2224 5563 2606 5635 διευκρινῆσαι
2656 5564 3019 5636 πειράσομαι.
3068 5565 3341 5633 ἸΙγείσθω
3396 5566 3451 5619 δὲ
3512 5566 3607 5618 τοὺ
3652 5563 3808 5629 λόγου

534 5661 983 5735 intelligentiam,
1034 5670 1095 5719 ut
1161 5660 1443 5732 possimus
1495 5665 1646 5713 recte
1704 5655 2015 5726 intelligere
2067 5664 2124 5711 et

2237 5656 2475 5727 Χριστὸς
2520 5657 2548 5709 ὁ
2597 5657 2733 5719 Θεὸς
2774 5658 2866 5711 καὶ
2901 5657 3108 5727 Λόγος,
3163 5659 3258 5712 καὶ
3302 5661 3414 5729 φῶς
3442 5697 3458 5724 ,
3511 5658 3605 5714 καὶ
3656 5653 3802 5724 {tot}.

610 5821 659 5854 “
687 5820 712 5877 ι
745 5823 994 5879 Timoth.
1030 5839 1107 5890 vr,
1142 5821 1232 5876 αθ.
