4120 6436
380 420 516 488 1317

1439 425 1736 487 CONTRA
1776 428 2098 493 NESTOR.
2140 434 2233 493 ET
2274 434 2594 495 EUTYCH.

3503 438 3640 503 1318

379 530 477 583 καὶ
509 526 759 598 ἀλήθεια,
806 527 1060 597 ἐμπνέων
1110 516 1243 599 ήμϊν
1286 528 1503 584 σύνεσιν
1564 534 1648 596 εἰς
1692 534 1755 586 τὸ
1818 536 1948 605 μετὰ

2062 553 2389 608 expromere
2419 557 2542 597 cum
2572 541 2745 612 gratia
2776 552 2832 597 et
2860 543 3130 614 sapientia
3157 546 3389 611 caelesti,
3417 564 3537 619 quae
3567 550 3635 604 ad

380 621 602 692 χάριτος
632 634 727 673 και
759 619 951 687 σοφίας
978 621 1075 690 τῆς
1100 619 1330 683 ἀνωθεν.
1373 622 1440 675 τὰ
1485 625 1843 680 συντελοῦντα
1878 629 1958 691 εἰς

376 711 477 781 τὴν
500 709 778 773 ὑπόθεσιν,
816 710 913 763 καὶ
948 712 1139 781 νοῆσαι
1180 710 1383 778 καλῶς,
1416 712 1513 766 καὶ
1556 714 1766 785 φράσαι
1801 715 1959 784 δυνη-

378 803 561 873 θῆναι.
616 826 619 827 ν

448 916 512 967 Εἰ
552 914 651 985 μὲν
691 913 787 967 οῦν
832 912 1017 984 ἐώρων
1051 913 1150 986 τὴν
1208 915 1304 969 νῦν
1353 917 1413 971 ἐν
1461 918 1577 980 τοῖς
1617 916 1959 982 ὑπεναντίοις

378 1005 767 1066 ἐπαναστᾶσαν
785 1004 908 1058 κατ’
933 1004 1179 1075 ἀλλήλων
1202 1006 1543 1079 ζυγομαχίαν
1566 1008 1760 1079 μέχρις
1776 1009 1958 1063 αὑτῶν

377 1097 607 1150 ἐκείνων
659 1096 946 1168 μείνασαν,
987 1095 1127 1151 ἀλλά
1175 1096 1249 1169 μὴ
1279 1101 1373 1153 καὶ
1411 1101 1492 1164 εἰς
1528 1100 1672 1170 ἡμᾶς
1702 1100 1955 1171 διαϐῆναι

378 1188 821 1257 φιλονεικοῦσαν,
855 1188 997 1259 τάχα
1033 1206 1136 1241 που
1190 1191 1285 1243 καὶ
1330 1192 1524 1261 κέρδος
1573 1192 1958 1263 ὑπελάμϐανον

374 1280 474 1353 τὴν
531 1280 642 1334 τῶν
698 1280 959 1334 ἐναντίων
1019 1280 1201 1351 μάχην
1249 1298 1309 1334 τε
1353 1284 1447 1337 καὶ
1481 1283 1913 1355 ἀντιπαράταξιν
1939 1302 1952 1315 ·

375 1374 530 1429 αὑτοί
552 1374 661 1445 γὰρ
700 1372 805 1427 ὑπὸ
831 1371 984 1442 σφῶν
1021 1371 1343 1444 βαλλόμενοι
1375 1375 1471 1430 καὶ
1494 1376 1953 1448 ἀνατρεπόμενοι,

374 1452 529 1521 οὐδὲν
560 1469 692 1538 ἡμῖν
717 1469 973 1537 πρᾶγμα,
1003 1466 1085 1519 ὅτι
1117 1464 1192 1537 μὴ
1223 1467 1459 1540 Θεωρίαν
1482 1468 1644 1540 ψιλήν
1671 1468 1763 1522 τοῦ
1797 1468 1957 1523 πολέ-

374 1578 503 1632 μου,
536 1560 891 1632 προὺξένουν.
938 1562 1050 1616 Ἑνὶ
1090 1563 1296 1618 τούτων
1347 1562 1507 1632 μόνον
1537 1562 1694 1633 ήμῶν
1732 1562 1957 1632 ἀλγυνο-

377 1652 590 1721 μένων,
645 1655 710 1722 τῇ
769 1652 1019 1724 ἀπωλείᾳ
1076 1653 1187 1707 τῶν
1237 1652 1505 1723 ἀθετῆσαι
1568 1653 1667 1722 μὲν
1731 1654 1812 1716 εἰς
1864 1652 1955 1706 τὸν

372 1739 523 1798 οἷκον
550 1743 736 1807 Δαϐὶδ,
790 1744 933 1797 κατά
971 1744 1029 1797 τὸ
1071 1744 1275 1812 λόγιον,
1316 1744 1726 1813 τολμησάντων,
1786 1743 1955 1814 ὑπερ-

373 1834 593 1888 ιδόντων
650 1834 707 1887 δὲ
746 1835 841 1888 καὶ
880 1836 978 1907 τὴν
1046 1836 1184 1907 πρὸς
1220 1834 1311 1890 τὸν
1344 1831 1493 1889 οἶκον
1528 1834 1811 1906 Ὶεροόοάμ
1834 1836 1955 1906 ὁμόα

369 1942 543 1993 νοιαν,
564 1927 661 1979 καὶ
697 1927 837 1998 μηδὲ
869 1926 1091 1998 ἐκείνην
1151 1927 1630 1997 συντηρησάντων,
1665 1926 1802 1979 ἀλλά
1833 1944 1951 1997 σχι-

372 2015 611 2072 σθέντων
633 2034 693 2071 τε
747 2019 844 2073 καὶ
896 2020 1280 2089 διαιρεθέντων
1339 2018 1434 2072 ἀπ’
1470 2018 1716 2089 ἀλλήλων
1765 2035 1823 2071 τε
1860 2020 1952 2072 καὶ

370 2108 511 2178 πρὸς
588 2107 856 2178 ἀλλήλους
905 2127 921 2142 ο
976 2110 1052 2173 ὡς
1122 2111 1325 2177 ἐξεῖναι
1387 2111 1502 2173 τοῖς
1564 2110 1950 2180 συνετωτέροις

369 2201 436 2253 ἐκ
481 2197 579 2252 τοῦ
612 2199 830 2270 καρποῦ
867 2198 931 2252 τὸ
974 2199 1193 2272 δένδρον
1235 2199 1640 2268 ἐπιγινώσκειν,
1668 2199 1811 2253 κατά
1857 2200 1949 2252 τὸν

368 2290 646 2361 Σωτήριον
679 2290 858 2359 λόγον,
885 2291 974 2345 διὰ
1012 2290 1122 2346 τῶν
1172 2291 1511 2361 πολυσχιδῶν
1572 2290 1817 2344 στάσεων
1849 2290 1948 2344 τοῦ

367 2382 429 2435 ἐν
476 2382 663 2445 αὐτοῖς
717 2380 1072 2453 ἐνεργοῦντος
1113 2381 1464 2454 ταραχώδους
1522 2382 1834 2454 πνεύματος
1881 2383 1950 2437 τὰ

370 2473 612 2545 μάλιστα
639 2475 1021 2546 δεικνυμένου.
1060 2475 1395 2545 Συμπέφυκε
1420 2475 1527 2548 γάρ
1559 2492 1676 2538 πως
1704 2478 1770 2547 τῇ
1817 2476 1949 2528 ἀσε-

367 2566 491 2639 ϐείᾳ
542 2567 604 2621 τὸ
649 2566 938 2640 φίλεχθρόν
979 2584 1039 2621 τε
1076 2567 1171 2622 καὶ
1228 2567 1622 2639 πολεμοχαρές.
1655 2566 1769 2621 Νῦν
1799 2566 1855 2621 δὲ
1884 2565 1949 2639 δὴ

365 2658 593 2726 γέγονεν
640 2662 775 2731 ἡμῖν
812 2659 951 2730 πρὸς
979 2659 1153 2714 κακοῦ
1184 2661 1217 2730 ή
1244 2659 1355 2713 τῶν
1380 2658 1590 2730 ἐχθρῶν
1615 2659 1752 2729 πρὸς
1781 2658 1949 2730 ἀλλή-

365 2751 493 2815 λους
532 2751 848 2823 δυσμένεια.
882 2754 947 2804 Ὢ
998 2753 1097 2822 τῆς
1159 2752 1521 2817 ἀπαιδευσίας
1551 2753 1563 2805 l
1594 2753 1686 2806 καὶ
1736 2751 1845 2806 τῶν
1892 2752 1949 2805 ἐν

366 2845 538 2916 κακίᾳ⁸
581 2843 713 2916 παρ’
735 2845 918 2907 αὐτοῖς
953 2845 1221 2916 δευτέρων
1247 2845 1555 2915 γεγόναμεν
1579 2843 1900 2914 ἀθλιώτεροι
1930 2860 1944 2875 ⁸

366 2937 506 3008 μηδὲ
538 2936 665 2990 ὅσον
692 2936 741 2989 oi
780 2934 969 3007 ἐχθροὶ
1001 2935 1071 2989 τὰ
1097 2937 1341 3007 ἡμέτερα
1386 2934 1723 2989 ἐποπτεῦσαί
1754 2952 1812 2988 τε
1852 2936 1947 2989 καὶ

365 3028 600 3097 φυλάξαι
630 3028 939 3098 δυνάμενοι.
974 3025 1148 3099 Εἴπερ
1171 3030 1199 3081 ὁ
1232 3028 1331 3097 μὲν
1360 3027 1589 3098 θατέρου
1617 3026 1816 3099 μέρους
1836 3027 1946 3081 τῶν

364 3120 685 3191 ηισμάτων
713 3119 895 3192 πατὴρ
922 3120 983 3173 τὸ
1005 3119 1124 3173 δέον
1161 3119 1321 3187 ἔγνω,
1341 3118 1435 3173 καὶ
1463 3118 1664 3190 ᾐδέσθη
1692 3118 1784 3172 τὸν
1805 3118 1946 3173 κατά

360 3213 465 3281 τῆς
507 3212 772 3284 ἀληθείας
824 3212 1071 3284 προφανῆ
1116 3211 1383 3280 πόλεμον,
1412 3212 1571 3282 ἡμεῖς
1602 3210 1657 3263 δὲ
1684 3210 1783 3279 τὴν
1805 3210 1948 3264 ἐκεί-

363 3324 472 3361 νων
524 3304 823 3373 ἐπίγνωσιν
849 3343 864 3368 ,
913 3303 1137 3372 ἀγνοίας
1197 3303 1407 3371 ἐφόδιον
1438 3302 1806 3373 πεποιήμεθα,
1848 3301 1944 3357 καί¹
1970 3322 2012 3381 c

363 3395 671 3465 γεγόναμεν
726 3393 955 3448 καὶτῶν
989 3390 1200 3463 ἐχθρῶν
1231 3390 1652 3463 ἀσυνετώτεροι.

434 3524 678 3593 Σευήρου
740 3521 850 3592 γὰρ
887 3522 983 3575 καὶ
1017 3521 1330 3586 Ἱουλιανοῦ,
1364 3520 1475 3575 τῶν
1519 3522 1615 3575 δύο
1665 3522 1763 3592 τῆς
1814 3524 1946 3595 μιᾶς

364 3613 623 3675 ἀσεϐείας
650 3612 835 3684 ἀρχῶν
854 3612 990 3684 πρὸς
1022 3611 1247 3673 ἑαυτοὺς
1272 3610 1675 3681 διενεχθέντων,
1702 3611 1945 3682 ἀνοήτως

367 3709 468 3779 μὲν
514 3707 589 3769 ὡς
644 3707 781 3779 πρὸς
826 3706 925 3770 τὰς
966 3704 1174 3766 οἰκείας
1218 3702 1418 3775 ἀρχὰς,
1454 3703 1742 3774 ἐμφρόνως
1769 3703 1825 3756 δὲ
1867 3702 1944 3766 ὡς

365 3799 505 3870 πρὸς
548 3796 719 3868 αὐτὴν
767 3796 868 3868 τὴν
926 3795 1211 3867 ἀλήθειαν,
1259 3795 1354 3847 καὶ
1393 3793 1524 3865 περὶ
1568 3791 1663 3847 τοῦ
1700 3792 1941 3866 φθαρτοῦ

362 3888 842 3961 ζυγομαχοῦντων,
878 3888 929 3941 οἰ
962 3887 1062 3957 μὲν
1100 3886 1199 3956 τῆς
1231 3886 1473 3957 Σευήρου
1513 3884 1747 3955 μερίδος,
1782 3885 1941 3955 φιλα-

362 3983 541 4054 λήθως
575 3982 771 4055 εἰπεῖν,
803 3981 901 4051 τῆς
931 3981 1041 4034 τῶν
1067 3978 1277 4050 ἐχθρῶν
1318 3977 1750 4049 παρεκέρδαινον
1775 3994 1945 4049 πονη-

364 4076 487 4147 ρίας
509 4090 524 4106 ·
554 4075 591 4130 ἃ
634 4075 741 4146 γὰρ
785 4075 887 4128 οὑκ
941 4073 1007 4128 ἄν
1056 4090 1140 4135 τις
1174 4071 1373 4136 αὑτοὺς
1399 4071 1508 4142 πρὸ
1541 4071 1733 4125 τούτου
1768 4073 1942 4126 εἰπεῖν

358 4168 545 4222 ἔπεισε
569 4212 583 4235 ,
618 4168 795 4222 ταῦτα
841 4168 875 4238 ἡ
917 4167 1011 4220 νῦν
1056 4165 1193 4235 πρὸς
1224 4166 1351 4227 τοὺς
1380 4162 1617 4228 οἰκείους
1644 4162 1943 4233 δυσμένεια

357 4261 700 4330 ὁμολογῆσαι
746 4259 1089 4331 ἠνάγκασεν·
1123 4258 1294 4329 ήνίκα
1326 4256 1384 4309 δὲ
1429 4254 1568 4327 πρὸς
1618 4254 1717 4317 τὰς
1768 4254 1942 4323 αὐγὰς

358 4353 459 4422 τῆς
523 4349 787 4421 ἀληθείας
860 4346 1142 4402 ἀνανεύειν
1201 4344 1436 4417 ἤρξαντο
1472 4384 1486 4408 ,
1557 4343 1656 4414 τὴν
1718 4342 1940 4395 ἐκείνων

358 4444 650 4499 ἀνάνευσιν
681 4438 945 4509 ἀϐλεψίας
970 4437 1226 4492 ὑπόθεσίν
1270 4453 1417 4499 τινες
1442 4435 1599 4505 ἔσχον
1648 4433 1759 4487 τῶν
1804 4435 1940 4505 ἡμε-

2064 635 2349 689 materiam
2380 637 2649 706 propositi
2681 638 2989 707 argumenti
3023 639 3319 708 pertinent.

2132 918 2188 973 Si
2214 918 2380 989 igitur
2400 935 2639 990 pugnam
2674 935 2821 975 nunc
2840 920 3285 976 adversariorum
3312 921 3459 976 inter
3485 922 3635 993 ipsos

2058 1010 2371 1075 excitatam,
2402 1011 2649 1066 viderem
2688 1011 2741 1065 in
2780 1011 2913 1080 ipsis
2953 1012 3062 1067 illis
3102 1013 3389 1078 mansisse,
3424 1023 3479 1068 ct
3522 1030 3633 1069 non

2058 1102 2126 1156 ad
2172 1118 2273 1156 nos
2327 1118 2501 1171 usque
2561 1102 2819 1172 progredi
2886 1103 3346 1167 contendentem.
3399 1103 3633 1160 fortasse

2061 1195 2271 1249 lucrum
2306 1194 2563 1249 ducerem
2598 1210 2833 1265 pugnam
2861 1204 2916 1249 et
2943 1196 3409 1251 concertationem
3441 1197 3636 1252 adver-

2058 1286 2365 1342 sariorum:
2420 1286 2523 1356 ipsi
2560 1286 2706 1342 enim
2742 1302 2772 1340 a
2825 1286 3019 1355 seipsis
3063 1287 3310 1357 percussi
3360 1296 3417 1341 et
3450 1289 3631 1343 eversi

2057 1379 2268 1433 nullum
2321 1378 2603 1448 negotium
2648 1379 2830 1441 nobis,
2872 1378 2979 1432 nisi
3030 1379 3207 1432 solum
3255 1380 3632 1448 spectaculum

2056 1471 2183 1527 belli
2212 1472 2559 1526 adhiberent.
2587 1471 2706 1527 Uno
2736 1478 2947 1525 tantum
2980 1468 3177 1525 borum
3210 1471 3437 1526 interitu
3475 1471 3630 1527 dole-

2057 1578 2275 1629 remus;
2313 1562 2405 1631 qui
2435 1561 2657 1615 domum
2704 1561 2927 1630 quidem
2960 1561 3155 1625 David,
3195 1562 3339 1617 sicut
3367 1563 3445 1616 ait
3484 1562 3633 1618 Scri-

2056 1665 2237 1725 ptura,
2288 1670 2546 1724 respuere
2583 1654 2698 1708 ausi
2732 1662 2880 1717 sunt,
2929 1653 3281 1708 concordiam
3328 1669 3460 1708 vero
3503 1669 3631 1709 cum

2056 1744 2221 1799 domo
2253 1744 2546 1799 Jcroboam
2580 1743 2963 1811 neglexerunt.
2991 1758 3095 1796 nec
3135 1742 3282 1796 illam
3314 1752 3627 1812 servarunt,

2056 1836 2151 1891 sed
2187 1820 2449 1906 disrupti,
2482 1844 2538 1889 et
2568 1836 2784 1890 discissi
2814 1851 2843 1889 a
2883 1851 2941 1889 se
2987 1845 3043 1888 et
3074 1835 3340 1890 adversus
3369 1852 3426 1891 se
3463 1846 3626 1904 sunt;

2056 1935 2119 1981 ut
2146 1927 2311 1982 liceat
2343 1927 2508 1997 paulo
2541 1925 2885 1980 acutioribus
2916 1942 2982 1979 ex
3015 1925 3194 1980 fructu
3246 1926 3497 1980 arborem
3531 1942 3628 1981 co-

2055 2033 2340 2089 gnoscere,
2391 2019 2535 2072 sicut
2585 2017 2835 2071 Salvator
2876 2017 3046 2080 dixit,
3096 2034 3221 2071 eum
3278 2019 3627 2073 turbulentus

2050 2108 2280 2178 spiritus
2329 2108 2422 2178 qui
2471 2108 2527 2161 in
2577 2109 2659 2161 eis
2710 2118 3000 2177 operatur,
3058 2126 3124 2165 ex
3174 2120 3281 2164 tam
3338 2111 3625 2181 multiplici

2048 2197 2313 2252 scissione
2339 2212 2529 2251 eorum
2560 2197 2793 2251 maxime
2818 2198 3251 2253 demonstretur.
3281 2200 3509 2255 lnsitum
3543 2210 3628 2255 est

2047 2287 2195 2343 enim
2228 2287 2496 2357 impietati
2532 2288 2779 2342 studium
2810 2287 3119 2358 inimicitiae
3167 2298 3223 2345 et
3265 2290 3417 2345 belli.
3468 2290 3628 2346 Nunc

2049 2388 2232 2433 autem
2249 2379 2599 2433 inimicorum
2616 2380 2761 2434 inter
2776 2394 2834 2433 se
2856 2378 3241 2435 malevolentia
3262 2388 3317 2435 et
3334 2380 3627 2436 dissidium

2049 2472 2211 2527 nobis
2246 2481 2428 2526 nocet.
2463 2470 2893 2542 Olmperitiaml
2946 2483 3002 2527 et
3036 2472 3165 2527 facti
3216 2489 3408 2529 sumus
3455 2475 3628 2531 mise-

2050 2563 2378 2626 rabiliores,
2439 2577 2603 2631 quam
2666 2562 2760 2631 qui
2816 2562 2961 2631 apud
3010 2578 3106 2618 eos
3154 2564 3210 2618 in
3264 2564 3472 2621 malitia
3537 2582 3629 2622 se-

2048 2655 2256 2709 cundas
2323 2662 2547 2718 tenent;
2615 2654 2709 2723 qui
2775 2669 2957 2723 neque
3029 2664 3296 2725 quantum
3370 2657 3625 2725 inimici,

2050 2754 2238 2799 nostra
2273 2744 2463 2807 videre
2501 2753 2557 2799 et
2603 2746 2883 2799 custodire
2928 2760 3241 2816 possumus.
3295 2746 3352 2802 Si
3401 2749 3625 2819 quidem

2048 2836 2279 2891 alterius
2320 2835 2494 2906 partis
2544 2836 2901 2891 schismatum
2954 2848 3109 2907 pater
3174 2840 3434 2910 cognovit
3492 2840 3625 2911 quid

2048 2944 2187 2997 Opus
2219 2936 2404 2994 esset;
2443 2936 2499 2982 et
2541 2928 2755 2984 veritus
2800 2938 2886 2984 est
2942 2929 3145 2984 bellum
3196 2942 3381 3000 aperte
3432 2941 3625 2991 contra

2049 3018 2338 3072 veritatem
2375 3017 2654 3083 suscipere
2681 3036 2696 3084 ;
2727 3033 2830 3074 nos
2849 3034 2980 3074 vero
3006 3021 3375 3092 cognitionem
3398 3022 3625 3085 illorum

2048 3106 2257 3161 aditum
2304 3107 2369 3161 ad
2426 3107 2791 3177 ignorantiam
2848 3107 3101 3175 fecimus,
3148 3110 3387 3182 factique
3431 3128 3626 3174 sumus

2048 3199 2517 3270 imprudentiorcs
2546 3214 2712 3269 quam
2745 3199 2977 3255 inimici.

2116 3526 2253 3583 Cum
2284 3527 2433 3583 enim
2473 3528 2710 3585 Severus
2739 3537 2796 3585 et
2823 3531 3093 3600 Julianus,
3122 3534 3233 3590 duo
3268 3538 3422 3596 initia
3458 3544 3622 3600 unius

2047 3617 2381 3687 impietatis,
2438 3617 2583 3671 inter
2628 3634 2686 3673 se
2735 3619 3100 3689 dissiderent,
3152 3627 3322 3682 stulte
3363 3630 3621 3703 quidem,

2044 3707 2224 3778 quoad
2256 3708 2476 3777 propria
2502 3708 2791 3778 principia,
2827 3712 3049 3768 cordate
3077 3730 3209 3770 vero
3233 3719 3413 3787 quoad
3446 3722 3623 3793 ipsam

2044 3799 2369 3864 veritatem,
2448 3809 2504 3855 et
2554 3800 2621 3855 de
2678 3804 3024 3873 corruptibili
3091 3814 3147 3862 et
3211 3808 3622 3885 incorruptibili

2043 3899 2465 3958 concertarent;
2506 3892 2601 3963 qui
2648 3903 2807 3949 erant
2854 3898 3025 3966 partis
3073 3899 3284 3967 Severi,
3329 3913 3388 3959 ut
3424 3923 3622 3969 verum

2043 3985 2243 4049 dicam,
2282 3982 2630 4038 inimicorum
2663 3986 2986 4055 pravitatem
3025 3990 3081 4044 in
3108 3992 3263 4048 lucro
3299 3999 3617 4065 ponebant:

2043 4093 2164 4146 qua:
2219 4078 2367 4132 enim
2421 4078 2607 4131 nullus
2647 4079 2728 4133 eis
2784 4091 2911 4135 ante
2974 4081 3122 4139 hunc
3172 4086 3358 4144 dicere
3402 4093 3617 4151 suasit.

2044 4169 2160 4223 haec
2211 4184 2361 4223 nunc
2396 4168 2781 4224 malevolentia
2816 4172 2871 4225 in
2921 4188 3069 4239 suos,
3116 4178 3366 4234 conﬁteri
3402 4184 3613 4255 coegit:

2042 4265 2333 4327 postquam
2378 4273 2514 4313 vero
2549 4257 2606 4312 in
2647 4260 2995 4329 splendorem
3048 4266 3298 4323 veritatis
3343 4273 3618 4343 conjicere

2041 4350 2232 4404 oculos
2264 4356 2574 4419 coeperunt,
2608 4352 2890 4422 conjectus
2924 4355 3144 4411 illorum
3176 4359 3281 4414 fuit
3315 4377 3481 4419 causa
3513 4382 3618 4423 cae-

2041 4441 2224 4496 citatis
2258 4441 2610 4511 quibusdam,
2640 4442 2733 4512 qui
2763 4460 2828 4498 ex
2864 4447 3087 4513 nostris,
3122 4450 3189 4503 ad
3221 4454 3462 4523 pejorem
3488 4472 3617 4527 par-

267 4566 281 4580 -
355 4536 554 4607 τέρων,
588 4536 654 4604 τῇ
701 4531 907 4604 χείρονι
959 4530 1127 4600 μοίρᾳ
1174 4527 1559 4597 προσθέμενοι,
1585 4526 1680 4580 καὶ
1726 4526 1793 4579 δι’
1823 4524 1940 4589 ἐνὸς

2049 4541 2151 4586 tem
2185 4548 2243 4586 se
2274 4532 2645 4602 adjunxerunt
2678 4542 2733 4587 et
2766 4550 2865 4604 per
2901 4553 3069 4592 unum
3097 4542 3326 4597 verbum
3354 4561 3421 4600 eo
3451 4524 3618 4607 deve-

359 4628 605 4697 ρήματος
658 4625 741 4688 είς
801 4622 1001 4677 ταυτὸν
1048 4616 1215 4691 ἦλθον
1249 4621 1361 4681 τοῖς
1392 4617 1658 4680 ἐναντίοις
1682 4632 1696 4646 ο
1732 4614 1827 4670 καὶ
1870 4614 1937 4668 δι’

2049 4627 2265 4682 nerunt,
2314 4628 2374 4672 ut
2426 4618 2571 4673 idem
2625 4629 2789 4690 atque
2839 4623 3139 4681 adversarii
3194 4634 3508 4702 sentirent,
3557 4648 3619 4696 et

357 4716 695 4785 εὐπρέπειαν
722 4713 1008 4783 ὀνόματος,
1040 4710 1222 4763 πᾶσαν
1251 4709 1350 4762 σὺν
1374 4707 1605 4770 ἐκείνοις
1624 4703 1937 4760 ἀπεσκευά-

2049 4719 2270 4779 propter
2300 4710 2555 4765 decorem
2594 4712 2837 4769 nominis
2865 4724 3039 4771 totum
3076 4718 3473 4784 incarnationis
3500 4746 3619 4804 my-

357 4826 525 4862 σαντο
551 4808 649 4877 τὴν
679 4804 1018 4875 οἰκονομίαν.

2049 4801 2273 4855 sterium
2304 4802 2670 4858 sustulerunt.

441 4918 701 4972 Ἐκείνων
765 4916 898 4986 γὰρ,
975 4915 1052 4978 ὡς
1116 4912 1288 4983 ἔφην,
1362 4911 1605 4982 ἀνοήτως
1683 4910 1783 4981 μὲν
1834 4908 1934 5006 ’ὡς

2113 4914 2251 4970 Cum
2302 4915 2485 4983 enim,
2525 4926 2587 4971 ut
2620 4918 2765 4985 dixi,
2825 4922 2991 4978 stulte
3048 4925 3127 4980 illi
3160 4930 3339 4997 quoad
3394 4938 3614 5006 propria

357 5011 496 5083 πρὸς
529 5009 631 5072 τὰς
674 5008 777 5079 τῆς
822 5004 1085 5077 ἀληθείας
1117 5003 1373 5075 ἀφορμὰς
1404 5002 1740 5073 ζητούντων,
1776 5000 1938 5054 πότε-

2049 5008 2351 5079 principia,
2399 5010 2704 5079 prudenter
2742 5028 2875 5068 vero
2904 5017 3084 5084 quoad
3124 5033 3319 5077 causas
3369 5000 3616 5085 veritatis

358 5120 455 5185 ροὶν
482 5102 567 5155 δεῖ
596 5100 837 5171 φθαρτὸν
865 5098 958 5151 καὶ
1002 5096 1245 5167 παθητὸν
1272 5095 1334 5149 τὸ
1368 5094 1527 5166 σῶμα
1560 5094 1761 5163 λέγειν,
1799 5094 1934 5162 ὅπερ

2049 5110 2373 5170 quaarerent,
2431 5113 2615 5158 utrum
2663 5107 3023 5175 corruptibile
3086 5126 3151 5164 an
3202 5111 3616 5185 incorruptibile

355 5176 437 5260 ἐξ.
462 5191 623 5264 ήμῶν
670 5188 810 5260 ὑπὲρ
843 5188 1000 5259 ἡμῶν
1045 5186 1334 5257 φορέσαςό
1362 5184 1565 5255 Κύριος
1593 5184 1752 5254 ἡμῶν
1804 5201 1934 5237 κατ-

357 5285 600 5350 εδέξατο,
634 5282 879 5353 Σευῆρος
923 5280 1019 5350 ὀψὲ
1057 5279 1178 5350 μὲν,
1204 5280 1354 5349 ὅμως
1384 5278 1428 5330 δ’
1453 5275 1546 5332 οῦν
1584 5276 1785 5348 ᾔσθετο
1814 5277 1938 5330 ἐαυ-

356 5377 477 5442 τοῦ,
518 5375 614 5429 καὶ
645 5374 742 5428 τοῦ
783 5372 928 5427 κατά
956 5370 1065 5425 τῶν
1103 5369 1324 5424 οἰκείων
1365 5368 1744 5441 παρεκέρδανε
1775 5368 1936 5421 πολέ-

360 5486 491 5539 μου,
526 5465 899 5537 ἀναγκασθεὶς
931 5462 1202 5535 διαφοράν
1229 5478 1289 5515 τε
1320 5461 1416 5515 καὶ
1444 5460 1718 5532 ἰδιότητας
1747 5460 1940 5530 ὁμολο-

359 5558 532 5629 γῆσαί
566 5574 626 5611 τε
656 5557 753 5611 καὶ
786 5556 1047 5628 κηρύξαι.
1090 5555 1205 5626 Τῆς
1234 5554 1400 5609 αὑτοῦ
1432 5553 1479 5608 δ’
1509 5554 1575 5608 ἂν
1608 5553 1692 5624 εἴη
1722 5553 1937 5624 σοφίας,

358 5651 457 5705 καὶ
487 5650 599 5705 τῶν
629 5649 986 5722 ἐζηλωκότων
1020 5649 1205 5715 αὑτὸν,
1237 5647 1503 5719 διαφορὰν
1544 5650 1638 5702 καὶ
1673 5646 1939 5718 ἰδιότητας

362 5746 715 5815 κατηγορεῖν,
754 5744 817 5797 οὐ
861 5742 984 5798 καθ’
1033 5740 1413 5813 ὑποκειμένων
1470 5741 1847 5812 πραγμάτων
1907 5740 1940 5811 ἢ

354 5835 459 5891 δύο
517 5835 954 5908 παραιτούμενον
1024 5835 1216 5906 φύσεις
1264 5833 1571 5905 ὁμολογεῖν,
1614 5832 1707 5887 δύο
1762 5831 1941 5901 λέγειν

2041 5194 2339 5249 dicendum
2372 5204 2523 5249 esset
2552 5211 2757 5267 corpus
2789 5199 3027 5265 Domini,
3056 5205 3201 5271 quod
3238 5222 3302 5260 ex
3332 5209 3493 5264 nobis
3516 5228 3616 5282 pro

2043 5285 2203 5341 nobis
2248 5285 2515 5341 Dominus
2562 5286 2740 5341 induit
2777 5297 2833 5342 et
2882 5293 3153 5361 suscepit;
3206 5294 3442 5353 Severus
3491 5316 3617 5358 sero

2046 5377 2292 5447 quidem,
2323 5385 2502 5431 tamen
2530 5378 2703 5433 sensit
2734 5378 2954 5434 demum
3018 5383 3291 5453 seipsum;
3325 5397 3382 5444 et
3410 5389 3615 5448 bellum

2048 5479 2236 5525 contra
2270 5484 2399 5523 suos
2434 5469 2679 5525 lucratus
2706 5480 2812 5533 est.
2842 5481 3066 5529 coactus
3099 5476 3351 5534 confiteri
3386 5491 3443 5536 et
3473 5499 3615 5553 pm-
3675 5516 3689 5560 ί

2048 5561 2235 5616 dicare
2268 5559 2634 5615 dill‘erentiam
2668 5568 2726 5615 et
2758 5563 3140 5631 proprietates.
3186 5567 3269 5622 Sit
3302 5579 3487 5627 autem
3526 5589 3617 5629 sa-
3670 5559 3718 5627 ὲ.

2049 5650 2270 5720 pientia:
2300 5649 2438 5720 ejus,
2462 5657 2518 5703 et
2546 5663 2738 5703 eorum
2768 5650 2861 5720 qui
2888 5652 3112 5708 student
3142 5656 3213 5721 ei,
3251 5657 3617 5722 differentiam
3722 5694 3726 5703 ·

2049 5749 2109 5797 et
2140 5740 2507 5811 proprietates
2534 5739 2839 5809 praedicare
2876 5756 2983 5797 non
3020 5744 3087 5799 de
3118 5746 3383 5818 subjectis
3414 5749 3616 5817 rebus;

2051 5832 2136 5887 vel
2173 5830 2309 5887 duas
2339 5840 2562 5890 naturas
2592 5831 2846 5890 conﬁteri
2892 5825 3258 5909 recusantem,
3290 5854 3399 5897 non
3443 5844 3619 5900 vereri
