4120 6436
544 423 683 489 1319

1807 395 2120 458 LEONTII
2159 390 2568 453 BYZANTINI

3674 382 3802 449 1320

543 547 692 588 nunc
721 529 909 583 dicere
943 524 1080 579 duas
1117 518 1487 591 proprietates
1532 507 1912 579 corruptibilis
1941 513 2000 562 et
2042 503 2130 558 in-

2246 501 2518 570 ἰδιότητας
2547 493 2792 570 φθαρτοῦ
2823 496 2917 549 καὶ
2945 493 3252 566 ἀφθάρτου,
3285 492 3380 548 καὶ
3425 492 3526 563 τὴν
3551 491 3800 565 διαίρεσιν

544 618 943 691 corruptibilis,
978 625 1034 669 et
1065 612 1386 667 divisionem
1423 604 1638 662 numeri
1670 603 1931 663 duorum,
1963 611 2128 667 quam

545 690 766 770 sursum
797 709 1058 764 deorsum
1088 717 1318 759 versans
1342 710 1400 755 et
1438 698 1621 753 omnia
1656 696 1894 749 miscens
1937 690 1990 744 in
2035 705 2130 743 su-

545 802 863 875 perioribus
891 797 1213 860 accusabat;
1243 802 1336 848 aut
1362 789 1640 862 quomodo
1666 803 1774 841 non
1793 785 2130 838 admiremur

544 873 918 950 eruditionem
945 890 1087 958 ejus,
1110 887 1204 955 qui
1235 881 1708 954 participationem
1733 875 1955 945 quidem
1985 873 2132 927 clara

545 993 680 1034 voce
717 956 1011 1045 praedicat;
1051 969 1106 1023 id
1146 978 1328 1022 autem
1366 981 1433 1018 ex
1465 978 1574 1032 quo
1614 961 1778 1014 ducta
1829 966 1914 1011 est
1955 956 2132 1026 parti-

547 1069 772 1140 cipatio,
831 1082 942 1120 non
997 1064 1177 1118 solum
1228 1076 1338 1115 non
1391 1065 1610 1120 servat,
1667 1052 1763 1108 sed
1814 1065 2131 1121 oppugnare

546 1159 784 1217 nititur?
817 1157 874 1213 Si
897 1156 1045 1213 enim
1075 1163 1277 1223 Corpus
1301 1150 1437 1205 dicit
1463 1145 1744 1220 passibile,
1770 1152 1824 1199 et
1850 1143 2134 1213 passiones

549 1253 833 1309 naturales
860 1250 912 1305 ei
949 1247 1164 1304 tribuit.
1201 1245 1365 1314 idque
1395 1248 1520 1312 post
1559 1239 1856 1302 unionem;
1906 1250 2135 1304 respon-

553 1343 683 1398 deat
727 1342 894 1412 igitur
949 1339 1112 1392 nobis
1155 1336 1258 1389 iste
1308 1333 1558 1403 sapiens,
1601 1345 1669 1383 an
1718 1344 1828 1382 non
1867 1342 1897 1380 a
1938 1333 2134 1380 natura

552 1433 827 1489 naturalia
862 1430 1309 1501 proﬁciscantur,
1342 1433 1403 1478 ut
1438 1423 1508 1477 ab
1540 1432 1660 1475 arte
1691 1417 2028 1473 artiﬁciosa?

622 1525 830 1580 Verum
869 1537 990 1591 qua:
1026 1521 1172 1575 illius
1205 1527 1354 1582 sunt,
1393 1527 1740 1569 reservemus
1790 1508 2135 1580 longioribus

553 1618 734 1682 libris,
763 1617 849 1671 vel
877 1616 945 1670 iis
967 1615 1063 1684 qui
1099 1613 1304 1683 majore
1335 1609 1470 1676 otio,
1504 1621 1669 1678 quam
1702 1619 1803 1658 nos
1829 1603 2131 1658 abundant.

555 1709 698 1776 Quid
731 1715 915 1762 autem
946 1707 1100 1762 dices
1144 1705 1211 1759 de
1254 1703 1342 1767 iis,
1375 1702 1470 1771 qui
1519 1701 1635 1753 haec
1664 1712 1882 1766 semper
1909 1695 2054 1749 clara
2080 1702 2137 1750 et

557 1801 813 1856 omnibus
845 1799 1134 1854 manifesta
1166 1811 1299 1852 voce
1330 1792 1751 1855 denuntiabant,
1782 1805 1847 1844 ac
1873 1797 2137 1858 prazterea

2230 594 2330 664 τῆς
2361 591 2577 656 δυάδος,
2613 590 2680 660 ἥν
2708 589 2820 642 ἀνω
2854 588 2949 641 καὶ
2967 587 3119 641 κάτω
3152 586 3424 658 στρέφων,
3457 587 3554 638 καὶ
3577 586 3641 638 τὰ
3670 586 3798 639 πάν-

2230 703 2299 739 τα
2333 683 2541 745 κυκῶν,
2578 684 2636 734 ὲν
2662 682 2776 743 τοῖς
2812 678 3151 752 προλαϐοῦσι
3187 677 3489 741 διέϐαλλεν,
3522 678 3716 747 ἥκιστά
3742 695 3798 746 γε

2230 777 2300 831 τὰ
2333 777 2428 828 νῦν
2463 775 2845 828 εὐλαϐεῖσθαιο
2880 773 2914 844 ἢ
2951 773 3066 836 πῶς
3097 787 3159 841 γε
3194 771 3270 841 μὴ
3311 771 3578 838 ἀγάσαιτὸ
3604 787 3681 830 τις
3710 769 3799 820 αύ-

2231 868 2324 922 τδν
2354 869 2453 940 τῆς
2485 867 2848 930 παιδεύσεως,
2877 865 2978 936 τὴν
3024 863 3261 933 μετοχὴν
3309 859 3406 932 μὲν
3443 860 3665 931 λαμπρᾷ
3704 878 3798 932 κη-

2236 958 2504 1031 ρύττοντα
2539 960 2604 1029 τῇ
2648 958 2825 1027 φωνῇ,
2858 954 2916 1020 ἐξ
2948 948 3008 1008 οὗ
3047 954 3101 1006 δὲ
3133 952 3272 1021 αὐτὴ
3299 951 3580 1021 παρῆκται
3612 950 3670 1001 ού
3704 966 3799 1017 φυ-

2233 1052 2561 1119 λαττόμενον
2619 1048 2806 1118 μόνον,
2855 1045 2994 1101 ἀλλὰ
3035 1045 3130 1097 καὶ
3175 1042 3434 1113 πολεμεῖν
3483 1040 3798 1104 σπεύδοντα;

2237 1143 2300 1197 El
2333 1144 2441 1212 γάρ
2496 1140 2656 1210 φύσει
2705 1141 2804 1212 μὲν
2841 1139 3085 1207 παθητὸν
3112 1136 3263 1205 λέγει
3296 1134 3357 1188 τδ
3389 1134 3564 1205 σῶμα,
3593 1134 3682 1186 καὶ
3712 1149 3803 1200 φυ-

2239 1236 2367 1290 σικά
2397 1234 2546 1304 πάθη
2583 1233 2800 1286 δίδωσιν
2835 1229 3007 1300 αὐτῷ,
3036 1230 3132 1282 καὶ
3168 1227 3345 1280 ταῦτα
3383 1226 3520 1296 μετά
3556 1226 3650 1296 τὴν
3679 1225 3802 1276 Evt»-

2236 1346 2346 1395 σιν,
2393 1324 2787 1395 ἀποκρινάσθω
2835 1325 2900 1394 δὴ
2947 1319 3040 1378 οὖν
3081 1324 3213 1393 ημῖν
3256 1323 3284 1375 ὁ
3334 1320 3522 1388 σοφὸς,
3553 1320 3600 1371 εί
3630 1317 3700 1388 μὴ
3744 1319 3802 1369 ὲκ

2237 1421 2454 1492 φύσεως
2481 1421 2549 1472 τά
2578 1418 2811 1487 φυσικὰ,
2842 1416 3034 1488 ὥσπερ
3066 1415 3130 1469 ὲκ
3158 1415 3358 1484 τέχνης
3388 1412 3456 1466 τὰ
3491 1411 3738 1482 τεχνητά.

2321 1510 2482 1564 Ἀλλὰ
2499 1512 2565 1564 τὰ
2587 1511 2686 1580 μὲν
2710 1511 2832 1563 κατ’
2850 1509 3012 1563 αὐτὸν
3037 1506 3396 1578 μακροτέροις
3413 1500 3803 1576 ταμιευσόμεθα

2236 1602 2492 1674 λόγοις,ἦ
2520 1605 2630 1665 τοῖς
2649 1599 2806 1673 ἡμῶν
2827 1601 3065 1670 μάλιστα
3102 1598 3299 1669 σχολὴν
3327 1599 3576 1667 ἄγουσιν.
3607 1595 3670 1649 Τί
3694 1593 3804 1647 δ’ἂν

2238 1698 2414 1758 εἴποις
2459 1694 2586 1764 περὶ
2628 1691 2739 1745 τῶν
2786 1690 2963 1746 ταῦτα
3004 1691 3235 1760 λαμπρᾷ
3295 1689 3680 1760 κηρυττόντων
3719 1683 3804 1736 καὶ

2239 1787 2548 1860 διαπρυσίῳ
2579 1786 2668 1838 del.
2694 1787 2760 1856 τῇ
2793 1786 2981 1853 φωνῇ;
3021 1781 3304 1852 ἐνέργειάν
3337 1797 3394 1832 τε
3427 1781 3566 1851 πρὸς
3589 1775 3805 1838 τούτοις,

557 1891 938 1960 operationem
970 1890 1133 1943 aliam
1172 1885 1393 1956 quidem
1428 1897 1550 1938 esse
1579 1880 1785 1946 carnis,
1821 1879 1984 1933 aliam
2005 1893 2138 1932 vero

2246 1858 2408 1953 ἄλλην
2459 1880 2560 1952 μὲν
2609 1877 2833 1949 σαρκὸς,
2876 1877 3068 1946 ἑτέραν
3125 1875 3184 1928 δὲ
3239 1873 3519 1942 θεότητος,
3561 1870 3724 1930 πάθος
3754 1883 3805 1917 τε

559 1982 905 2048 divinitatis;
951 1989 1007 2036 et
1033 1981 1344 2052 passionem
1373 1978 1520 2032 circa
1555 1989 1775 2043 corpus,
1802 1982 1858 2026 et
1889 1969 2143 2041 impassi-

561 2073 828 2128 bilitatem
858 2072 1006 2127 circa
1035 2072 1275 2128 Verbum
1307 2067 1752 2131 conﬁtebantur;
1788 2063 1833 2118 si
1858 2072 1914 2118 et
1948 2062 2141 2116 unioni

561 2182 749 2220 rerum
779 2164 1339 2220 communicationem
1375 2161 1571 2215 harum
1600 2157 1982 2228 operationum
2011 2171 2144 2210 con-

562 2264 894 2320 cesserunt,
951 2263 1007 2308 et
1059 2263 1120 2308 ut
1174 2254 1242 2308 de
1295 2254 1560 2306 alterutra
1612 2259 1809 2304 natura
1861 2249 2143 2317 reciproce

561 2356 789 2420 propter
805 2347 1198 2418 proprietatem
1218 2331 1545 2400 alterutrius
1559 2344 1614 2398 in
1629 2342 1823 2397 eodem
1840 2341 2143 2395 variantem

564 2441 1024 2510 praedicarentur;
1050 2455 1198 2494 nunc
1218 2446 1404 2493 autem
1431 2447 1692 2506 tanquam
1727 2451 1794 2489 ex
1816 2434 2145 2489 necessitate

566 2533 672 2586 sibi
729 2531 1139 2595 contradicunt,
1194 2537 1250 2584 et
1289 2527 1702 2597 incorruptibili
1744 2527 2144 2582 assentiuntur.

565 2624 643 2679 De
688 2625 892 2694 quibus
924 2622 1112 2677 nescio
1147 2621 1280 2690 quid
1315 2620 1501 2675 dicere
1531 2619 1758 2674 debeam
1779 2660 1795 2686 ,
1836 2619 2146 2673 admirerne

567 2714 882 2769 ﬁrmitatem
922 2727 1140 2776 eorum,
1176 2728 1247 2766 an
1293 2710 1514 2766 laudem
1555 2710 1869 2774 levitatem;
1908 2709 1999 2779 qui
2039 2723 2148 2763 uno

565 2807 738 2861 verbo
768 2806 971 2860 decoro
1005 2805 1185 2858 anima
1240 2803 1400 2857 avide
1436 2803 1684 2864 invitata,
1728 2801 1795 2856 ad
1843 2801 2148 2871 speciosam

566 2899 836 2955 fallaciam
871 2897 1098 2952 abducti
1149 2904 1207 2950 et
1269 2895 1474 2950 detorti
1527 2903 1676 2948 sunt.
1726 2891 1785 2947 ld
1826 2893 1973 2964 quod
2027 2893 2150 2947 aliis

567 2990 699 3046 olim
728 2998 784 3044 et
818 3003 965 3042 nunc
1003 2985 1271 3042 accidisse
1313 2985 1540 3039 scimus.
1569 2984 1686 3040 Jam
1720 2984 1869 3038 enim
1898 2981 2148 3037 nonnulli

567 3080 952 3154 superioribus
982 3077 1324 3148 temporibus
1345 3075 1412 3130 ad
1438 3075 1704 3130 fallaciam
1730 3076 2146 3130 Encratetarum

2243 1977 2372 2047 περὶ
2401 1976 2462 2028 τὸ
2513 1971 2695 2042 σῶμα,
2741 1971 2834 2023 καὶ
2865 1968 3134 2022 ἀπάθειαν
3170 1965 3300 2036 περὶ
3331 1966 3419 2017 τὸν
3453 1964 3611 2030 λόγον
3639 1959 3812 2031 ὁμολο-

2243 2069 2530 2140 γούντων,
2593 2063 3059 2133 ἀντιπεριχωρεῖν
3132 2059 3340 2122 ταύτας
3395 2057 3679 2117 δεδώκασι,
3726 2051 3812 2104 καὶ

2243 2157 2797 2230 ἀντικατηγορεῖσθαι
2824 2155 3082 2226 θατέρου,
3118 2153 3208 2207 διὰ
3236 2154 3337 2222 τὴν
3367 2153 3424 2204 ὲν
3459 2149 3672 2219 θατέρῳ
3693 2162 3814 2198 ταυ-

2242 2252 2340 2306 τοῦ
2399 2251 2851 2305 ἐπαλλάττουσαν
2886 2247 3156 2316 ἰδιότητα·
3187 2245 3257 2298 τά
3294 2243 3351 2296 δὲ
3390 2242 3490 2295 νῦν
3517 2241 3701 2308 ὥσπερ
3733 2234 3814 2298 ἐξ-

2246 2347 2502 2416 επίτηδες
2523 2347 2638 2406 τοῖς
2662 2340 2890 2403 οἰκείοις
2912 2337 3382 2410 περιπιπτόντων,
3399 2335 3498 2388 καὶ
3527 2331 3603 2401 τῷ
3620 2329 3817 2397 ἀφθάρ-

2245 2457 2323 2510 τῳ
2358 2415 2771 2508 προσθεμένων.
2805 2426 2907 2486 1Ὧν
2938 2430 3038 2484 οὐκ
3068 2424 3186 2482 οἴδα
3209 2427 3260 2480 τί
3290 2427 3386 2478 καὶ
3415 2424 3598 2493 λέγειν
3629 2415 3816 2510 χρεὼν,

2247 2507 2519 2596 θαυμάσω
2565 2525 2666 2592 τὴν
2714 2520 3074 2595 στερρότητα,
3112 2519 3143 2591 ἢ
3178 2515 3452 2572 ἐπαινέσω
3501 2515 3598 2583 τὴν
3632 2507 3818 2577 κουφό-

2246 2636 2406 2688 τητα,
2461 2617 2540 2669 ἑνὶ
2602 2617 2807 2686 ῥήματι
2867 2613 3138 2682 εὐπρεπεῖ
3173 2613 3237 2680 τῇ
3287 2607 3451 2676 λίχνῳ
3511 2605 3609 2675 τῆς
3651 2599 3818 2672 ψυχῆς

2249 2709 2608 2781 προσκλήσει,
2643 2706 2784 2776 πρὸς
2837 2706 2900 2760 τὸ
2937 2703 3162 2758 πιθανὸν
3196 2701 3294 2770 τῆς
3325 2697 3549 2768 ἀπάτης
3581 2708 3819 2763 παρασυ-

2253 2803 2478 2874 ρέντων.
2524 2802 2589 2853 "0
2623 2800 2688 2870 δὴ
2726 2799 2818 2852 καὶ
2868 2797 3090 2868 ἐτέρους
3146 2793 3314 2847 πάλαι
3369 2809 3428 2844 τε
3483 2790 3576 2844 καὶ
3601 2786 3691 2840 νῦν
3730 2799 3820 2836 πει

2250 2870 2516 2952 πονθότας
2557 2888 2918 2957 γινώσκομεν.
2966 2885 3104 2955 Ἤδη
3132 2882 3241 2952 γάρ
3270 2899 3415 2943 τινες
3467 2881 3525 2932 ὲν
3578 2878 3687 2938 τοῖς
3731 2870 3822 2943 έμ-

2252 2980 2491 3053 προσθεν
2535 2983 2600 3050 τῇ
2649 2979 2760 3032 τῶν
2799 2976 3193 3048 Ἑγκρατητῶν
3242 2975 3425 3043 ἀπάτῃ
3484 2967 3820 3042 προσέθεντο,

2249 3075 2328 3145 τῷ
2357 3073 2554 3143 κομψῷ
2583 3073 2682 3141 τῆς
2714 3072 2899 3141 φωνῆς
2930 3070 3009 3132 εἰς
3031 3069 3089 3120 τὸ
3120 3067 3215 3120 τοῦ
3249 3065 3529 3128 Μάνεντος
3560 3057 3821 3134 βάραθρον

568 3190 628 3228 se
657 3173 1046 3241 adiunxerunt,
1079 3169 1351 3238 elegantia
1391 3167 1544 3221 vocis
1586 3167 1640 3222 in
1671 3166 1992 3220 barathrum
2034 3165 2143 3219 Ma-

2252 3163 2678 3234 κατασυρέντες.
2725 3161 2911 3214 Ἀλλοι
2960 3159 3018 3212 δὲ
3071 3160 3140 3230 τῇ
3201 3158 3309 3211 τῶν
3372 3150 3650 3225 Καθαρῶν
3690 3145 3824 3200 οὕτω

569 3263 765 3318 niehaei
791 3257 1136 3331 praecipitati.
1159 3257 1262 3311 Alii
1288 3266 1473 3312 autem
1499 3257 1771 3326 inquinati
1801 3255 2148 3310 immunditie

569 3358 788 3416 eorum,
829 3351 1074 3415 Cathari,
1107 3350 1160 3405 id
1204 3359 1309 3415 est,
1343 3349 1535 3403 mundi
1587 3349 1949 3408 vocabantur,
2002 3347 2148 3401 nulla

569 3448 678 3503 alia
726 3461 783 3500 re
827 3444 934 3499 nisi
968 3442 1218 3514 specioso
1246 3441 1470 3495 nomine
1502 3440 1784 3509 depravati
1833 3448 1980 3493 sunt.
2029 3439 2151 3493 Plc-

559 3539 730 3607 rique
761 3535 927 3589 etiam
956 3533 1260 3588 recentium
1306 3539 1363 3585 et
1382 3541 1655 3594 veterum,
1685 3545 1918 3600 quorum
1958 3544 2152 3583 nume-

573 3644 693 3685 rare
725 3627 948 3680 nomina
977 3623 1198 3680 dilﬁcile
1221 3632 1390 3689 esset,
1423 3637 1523 3676 suo
1549 3630 1812 3690 corrupto
1844 3621 2150 3690 patrocinio

571 3718 1032 3792 impassibilitatis
1081 3716 1270 3782 Verbi,
1326 3716 1381 3769 in
1423 3713 1665 3769 Nestorii
1715 3713 1969 3767 haeresim
2015 3711 2151 3765 inci-

570 3811 795 3866 derunt.

643 3901 701 3956 ln
737 3915 981 3964 summa,
1018 3906 1163 3953 totas
1205 3897 1411 3953 classes
1457 3894 1766 3949 animarum
1814 3902 2072 3964 tanquam
2119 3911 2148 3950 a

571 3992 807 4065 quadam
839 3993 1040 4064 Scylla,
1075 4000 1170 4047 aut
1237 3990 1288 4043 ei
1341 3989 1558 4059 objecta
1605 3987 1893 4059 Charyhde
1941 3999 2149 4059 raptas,

570 4097 627 4141 et
659 4086 978 4146 submersas
1004 4098 1127 4139 esse
1165 4082 1372 4138 scimus
1419 4081 1614 4135 inscite
1669 4081 1908 4136 oll‘ensas
1965 4082 2151 4136 humi-

571 4181 718 4236 libus
763 4177 948 4232 verbis
989 4185 1047 4231 et
1097 4175 1266 4231 rebus
1312 4173 1517 4230 Christi
1567 4173 1663 4227 Dei
1697 4173 1890 4236 nostri,
1927 4184 2151 4244 propter

571 4273 693 4341 ejus
752 4285 880 4340 erga
931 4283 1034 4322 nos
1087 4267 1546 4322 condescensum.
1600 4265 1740 4331 Quid
1795 4266 1943 4319 enim
1999 4266 2150 4321 aliud

577 4359 816 4414 inﬁnitas
847 4359 1102 4412 nationes
1158 4357 1443 4427 gentium,
1502 4364 1595 4409 aut
1645 4355 1904 4410 Judaicas
1964 4356 2151 4426 copias

577 4454 631 4506 in
661 4467 762 4507 nos
788 4450 1040 4512 armavit,
1077 4458 1132 4503 et
1159 4449 1342 4502 furore
1390 4448 1664 4510 accendit,
1703 4448 1832 4510 nisi,
1863 4459 1921 4501 ut
1948 4449 2150 4503 Paulus

2252 3257 2608 3328 καλουμένων
2657 3253 3090 3326 ὲμμολυνθέντες
3139 3251 3483 3322 ἀκαθαρσίᾳ,
3543 3242 3715 3300 οὐδενί
3763 3253 3823 3305 γε

2252 3350 2427 3421 ἑτέρῳ
2461 3350 2493 3421 ἢ
2535 3347 2614 3418 τῷ
2669 3347 2924 3419 χαρίεντι
2975 3344 3149 3414 τούτῳ
3175 3344 3404 3414 ὀνόματι
3438 3335 3824 3421 προσεφθάρη·

2253 3458 2374 3494 σαν.
2421 3441 2613 3494 Πολλοί
2662 3457 2722 3492 τε
2763 3439 2874 3492 τῶν
2908 3454 2968 3490 τε
3003 3436 3138 3490 νέων
3171 3434 3266 3489 καὶ
3302 3433 3412 3487 τῶν
3465 3427 3731 3491 παλαιῶν,
3755 3415 3825 3476 ὧν

2251 3534 2346 3588 καὶ
2390 3533 2490 3595 τὰς
2540 3531 2920 3604 προσηγορίας
2977 3528 3237 3600 ἀριθμεῖν
3283 3525 3716 3598 ὲργωδέστατον,
3763 3516 3823 3585 τῇ

2253 3627 2373 3681 κατ’
2405 3628 2604 3690 αὐτοὺς
2652 3624 2893 3696 ὲμπαθεϊ
2937 3621 3240 3692 συνηγορία
3287 3621 3385 3691 τῆς
3428 3616 3697 3677 ἀπαθείας
3737 3607 3824 3662 τοῦ

2251 3720 2452 3787 Λόγου,
2482 3722 2561 3782 εἰς
2596 3720 2656 3772 τὸ
2686 3717 2986 3789 Νεστορίου
3024 3715 3297 3787 βάραθρον
3325 3709 3744 3782 ἐμπεπτώκασι.

2322 3896 2433 3949 Καὶ
2485 3893 2791 3963 συλλήϐδην
2867 3891 3063 3954 εἰπεῖν,
3117 3888 3273 3951 ὅλους
3344 3886 3568 3946 στόλους
3624 3878 3824 3950 ψυχῶν,

2252 3986 2442 4056 ὥσπερ
2474 3985 2582 4037 ὑπὸ
2631 3981 2876 4052 Σκύλλης
2911 3978 3136 4049 τινὸς,ἢ
3169 3978 3269 4046 τῆς
3303 3975 3592 4031 άντιθέτου
3646 3965 3824 4038 Χαρύ-

2252 4076 2421 4139 ϐδεως
2457 4073 2847 4145 ἡρπασμένους
2880 4087 2939 4122 τε
2982 4069 3077 4122 καὶ
3125 4067 3495 4137 ὑποϐρυχίους
3545 4060 3829 4134 γεγονότας

2252 4167 2524 4234 ἔγνωμεν,
2592 4165 2705 4226 τοῖς
2778 4160 3189 4230 ταπεινοτέροις
3243 4156 3484 4228 Χριστοῦ
3542 4154 3636 4208 τοῦ
3699 4145 3827 4202 Θεοῦ

2251 4258 2431 4331 ἡμῶν,
2463 4256 2550 4310 διὰ
2584 4256 2682 4325 τὴν
2715 4253 2854 4324 πρὸς
2886 4254 2944 4306 τὸ
2971 4253 3241 4323 ἡμέτερον
3277 4249 3445 4304 αὑτοῦ
3485 4243 3828 4315 συγκαταϐα-

2254 4369 2358 4416 σιν,
2417 4349 2624 4421 ῥήμασί
2666 4364 2728 4401 τε
2779 4348 2874 4400 καὶ
2929 4347 3251 4416 πράγμασιν
3283 4342 3629 4400 ἀπαιδεύτως
3659 4349 3826 4408 προσ»

2252 4439 2604 4500 πταίσαντας.
2656 4437 2721 4489 Τί
2775 4435 2888 4506 γάρ
2951 4435 3077 4488 ἄλλο
3132 4433 3202 4488 τὰ
3265 4431 3438 4504 μυρία
3523 4429 3668 4498 φῦλα
3723 4421 3828 4476 τῶν

572 4543 878 4601 nominavit
901 4543 964 4607 ’⁸,
996 4542 1227 4596 stultitia
1261 4539 1702 4610 praedicationis?
1735 4541 1936 4609 Ecquis
1973 4556 2143 4596 novo-

2253 4531 2444 4596 ἐθνῶν,
2478 4530 2512 4601 ἢ
2539 4528 2639 4592 τὰς
2681 4527 2978 4590 Ἰουδαϊκὰς
3007 4527 3140 4597 ἡμῖν
3160 4525 3450 4594 φάλαγγας
3476 4515 3746 4588 ἐξώπλισε
3772 4529 3829 4568 τε

574 4649 698 4689 rum
729 4633 1180 4702 dogmatistarum
1213 4631 1584 4686 eruditionem
1614 4647 1723 4684 non
1755 4631 2141 4698 admiraretur,

571 4728 622 4783 si
661 4725 965 4782 secundum
1010 4740 1203 4780 eorum
1250 4741 1420 4795 nugas
1455 4739 1648 4778 omnes
1695 4732 1959 4796 martyres
2002 4728 2146 4781 cele-

574 4819 701 4873 bres
723 4825 779 4872 et
807 4831 1000 4870 omnes
1029 4815 1393 4875 confessores,
1437 4814 1554 4868 sine
1595 4815 1882 4870 tormentis
1911 4831 2143 4871 coronas

571 4928 674 4984 pro
700 4911 903 4980 pietate
933 4924 1032 4980 per
1056 4909 1156 4963 has
1181 4907 1318 4962 duas
1341 4923 1505 4964 voces
1527 4906 1780 4962 obtinere
1811 4909 2141 4978 potuissent,

567 5001 618 5058 si
655 5015 748 5056 eas
775 4998 998 5069 quidem
1021 4997 1382 5053 didicissent?
1409 4996 1510 5063 Qui
1544 5005 1726 5052 autem
1754 4998 1912 5052 istius
1939 5013 2148 5069 magna:

570 5091 855 5164 sapientiae
891 5096 1144 5161 expertes
1194 5098 1401 5152 essent,
1453 5089 1811 5144 recessissent
1843 5106 1942 5160 per
1976 5090 2147 5160 negli-

567 5186 811 5258 gentiam
872 5183 1112 5254 decepti,
1148 5199 1257 5249 non
1292 5182 1418 5236 facti
1456 5183 1513 5236 in
1548 5185 1658 5238 vita
1688 5183 1958 5238 columnm
1988 5184 2147 5237 forti-

571 5277 807 5342 tudinis;
829 5276 1035 5341 nullus,
1067 5275 1286 5344 opinor,
1309 5290 1377 5329 ex
1408 5273 1808 5328 crudelissimis
1837 5282 1893 5328 et
1913 5273 2148 5327 maxime

570 5369 851 5426 malevolis
882 5369 1331 5440 persecutoribus
1376 5383 1566 5437 poenas
1595 5369 1664 5422 ab
1691 5367 1803 5421 ullo
1832 5366 2150 5422 Christiano

571 5462 884 5532 repetisset,
927 5461 975 5515 si
1027 5461 1084 5514 in
1135 5460 1399 5515 tribunali
1444 5467 1634 5513 natum
1689 5475 1757 5513 ex
1804 5458 2046 5528 Virgine,
2093 5465 2149 5511 et

570 5551 917 5616 cruciﬁxum,
947 5560 1002 5606 et
1027 5551 1329 5622 sepultum,
1378 5565 1443 5604 ac
1487 5551 1810 5605 suscitatum
1851 5566 1880 5604 a
1912 5549 2147 5604 mortuis

574 5644 848 5698 hominem
881 5653 1095 5698 tantum
1135 5644 1306 5699 fuisse
1343 5643 1580 5700 confessi
1607 5651 1810 5700 essent.
1839 5642 1970 5710 Quae
1995 5642 2143 5698 enim

648 5813 690 5846 "
721 5813 741 5866 l
773 5814 903 5870 Cor.
938 5830 984 5881 1,
1019 5815 1108 5880 18,
1137 5815 1229 5870 23.

2253 4628 2348 4679 καὶ
2375 4622 2663 4693 ἔξέμηνεν,
2695 4621 2812 4675 ἀλλ’
2845 4621 2899 4689 ἣ,
2926 4621 2998 4684 ὡς
3022 4621 3050 4673 ὁ
3079 4618 3292 4680 Παῦλος
3321 4617 3633 4686 ὠνόμακεν,
3662 4611 3695 4680 ἡ
3728 4627 3834 4680 μω·

2255 4720 2343 4791 ρία
2374 4714 2466 4770 τοῦ
2492 4714 2885 4786 κηρύγματος;
2922 4714 3032 4766 Καὶ
3058 4712 3142 4776 τίς
3175 4710 3240 4764 ἂν
3269 4709 3345 4779 μὴ
3375 4707 3708 4778 θαυμάσειεν
3735 4701 3830 4768 τῆς

2251 4811 2588 4872 παιδεύσεως
2619 4809 2748 4870 τοὺς
2787 4807 2942 4868 νέους
2988 4804 3377 4874 δογματιστάς,
3412 4802 3574 4869 εἴπερ
3617 4792 3727 4851 οἷόν
3772 4808 3828 4844 τε

2249 4902 2340 4979 ἦν,
2399 4902 2542 4960 κατὰ
2584 4903 2712 4965 τοὺς
2767 4900 2949 4953 αὐτῶν
3008 4899 3236 4967 λήρους,
3293 4897 3501 4956 πάντας
3553 4891 3652 4960 μὲν
3709 4886 3832 4947 τοὺς

2259 4997 2539 5069 ἀοιδίμους
2589 4997 2895 5067 μάρτυρας,
2948 4992 3159 5054 πάντας
3200 4990 3258 5043 δὲ
3310 4990 3437 5051 τοὺς
3473 4981 3829 5058 ὁμολογητάς,

2252 5091 2349 5144 καὶ
2391 5089 2644 5160 βασάνων
2677 5085 2834 5148 ἐκτὸς
2877 5085 3003 5147 τοὺς
3035 5081 3181 5154 ὑπὲρ
3214 5080 3502 5142 εὐσεϐείας
3533 5077 3832 5160 στεφάνους

2254 5149 2576 5249 ἀπολαϐεῖν,
2615 5181 2702 5235 διά
2738 5177 2832 5233 δύο
2870 5177 3103 5230 τουτωνὶ
3149 5149 3372 5239 λέξεων,
3408 5173 3555 5240 εἴγε
3593 5149 3834 5240 μεμαθη-

2260 5277 2416 5337 κότες
2443 5274 2615 5335 αὐτάς
2644 5271 2874 5340 ἔτυχονς
2897 5270 2961 5321 υἱ
2988 5267 3044 5322 δὲ
3070 5268 3171 5338 τῆς
3201 5267 3344 5320 οὕτω
3375 5263 3625 5336 μεγάλης
3655 5257 3833 5313 αὐτῶν

2258 5368 2450 5435 σοφίας
2473 5367 2730 5436 ἀμέτοχοι
2757 5360 3157 5433 διαμείναντες,
3179 5359 3424 5429 ἀπῆλθον
3449 5356 3669 5426 ἀπάτης
3696 5352 3832 5419 πάρ-

2249 5473 2432 5526 εργον,
2459 5457 2560 5509 οὐκ
2600 5455 2853 5526 ἀνδρείας
2889 5453 3081 5524 στῆλαι
3141 5451 3221 5521 τῷ
3253 5450 3354 5522 βίῳ
3388 5448 3704 5518 γενόμενοι·
3737 5441 3832 5494 ού-

2250 5549 2360 5610 δεὶς
2383 5548 2490 5621 γὰρ
2512 5547 2601 5611 ἂν,
2621 5549 2696 5613 ὡς
2712 5547 2890 5619 οἶμαι,
2916 5547 3023 5600 τῶν
3055 5561 3115 5599 τε
3139 5544 3488 5616 πικροτάτων
3514 5540 3608 5593 καὶ
3635 5539 3833 5604 δυσμε-

2251 5643 2358 5698 νῶν
2389 5641 2656 5708 διωκτῶν,
2687 5641 2845 5714 δίκην
2888 5640 3012 5695 τινὰ
3060 5637 3403 5712 Χριστιανῶν
3446 5629 3827 5704 εἰσεπράξατο.
