4120 6438
359 420 492 489 1321

1432 420 1734 485 CONTRA
1770 420 2093 486 NESTOR.
2136 424 2232 486 ET
2272 424 2593 489 EUTYCH.

3498 433 3636 501 1'32!

353 539 400 590 εἰ
453 536 550 591 ἐπὶ
596 532 691 588 τοῦ
739 530 993 606 βήματος
1035 530 1377 605 ὡμολόγουν,
1435 532 1728 604 ἄνθρωπον
1784 531 1945 585 «me»

2050 550 2148 590 eos
2187 535 2394 591 invidia
2427 540 2667 609 cepisset
2698 540 3109 601 resurrectione
3141 542 3385 602 hominis
3432 551 3637 619 pradi-

354 630 519 702 μόνον
553 624 698 683 εἶναι
728 628 818 682 τδν
846 626 1249 699 γεγεννημένον
1277 627 1343 679 ὲκ
1372 624 1473 696 τῆς
1503 623 1808 697 Παρθένου,
1844 624 1942 678 καὶ

350 718 796 794 ἐσταυρωμένον,
846 719 943 772 καὶ
987 716 1357 788 τεθαμμένον,
1385 716 1484 769 καὶ
1538 716 1939 787 ἐγηγερμένον.

352 816 515 877 Ποῖος
547 812 658 886 γὰρ
692 810 760 865 ἂν
800 810 999 881 φθόνος
1049 808 1250 871 αὑτοὺς
1290 806 1643 878 ὑπεισῆλθεν,
1682 808 1784 878 τῆς
1810 809 1945 861 ἀνα-

352 906 597 969 στάσεως
652 902 947 976 ἀνθρὼπου
1005 899 1567 971 καταγγελλομένης;
1602 899 1673 952 Οἵ
1718 916 1784 968 γε
1820 899 1943 953 οὑδὲ

353 1003 439 1054 ἐπ’
470 1000 617 1071 ἄλλῳ
643 999 754 1053 τινὶ
779 997 890 1051 τῶν
938 997 1052 1050 εἴτε
1089 996 1543 1068 μεμυθευμένων,
1580 996 1693 1049 εἴτε
1724 994 1945 1065 ἀληθῶς

350 1092 655 1148 ἀναϐιῶναι
703 1089 1126 1161 ἱστορουμένων,
1159 1089 1383 1159 ἥλωσαν
1418 1087 1695 1159 βασκανίᾳ
1728 1087 1945 1142 πολλῶν

351 1204 417 1256 γε
476 1186 680 1239 ὄντων·
744 1182 869 1237 οὔτε
920 1183 978 1236 δὲ
1024 1183 1073 1235 εί
1112 1182 1259 1236 κατὰ
1298 1182 1427 1247 τοὺς
1452 1181 1552 1253 τὴν
1591 1182 1720 1235 νέαν
1750 1180 1946 1250 σοφίαν

354 1278 733 1349 σοφισθέντας,
758 1276 861 1329 καὶ
884 1274 1020 1329 αὐτὸ
1051 1275 1112 1328 τὸ
1149 1275 1312 1345 σῶμα
1339 1274 1433 1329 τοῦ
1465 1274 1702 1346 Χριστοῦ
1735 1273 1947 1338 ἀπαθές

349 1388 411 1422 τε
436 1370 532 1423 καὶ
557 1368 851 1439 ἄτρεπτον,
875 1367 971 1419 καὶ
992 1364 1361 1419 ἀναλλοίωτον
1392 1365 1556 1435 τῆσδε
1587 1366 1758 1434 αὑτῆς
1792 1366 1947 1430 ἐξου-

354 1463 475 1525 σίας
523 1458 810 1532 ἠρτησθω,
862 1459 959 1510 καὶ
1013 1456 1248 1528 ἀόρατον
1279 1458 1412 1510 αὑτὸ
1445 1457 1813 1529 βλασφημεῖν,
1853 1457 1949 1509 καὶ

352 1555 581 1625 ἀναφὲς,
606 1553 705 1608 καὶ
749 1552 1129 1625 ἀψηλάφητον,
1161 1550 1353 1605 ἄποιόν
1376 1568 1437 1603 τε
1468 1551 1563 1605 καὶ
1593 1551 1817 1615 ἅποσον,
1849 1552 1948 1604 καὶ

356 1649 668 1722 συλλήϐδην
721 1646 1051 1718 ἀσώματον·
1083 1644 1227 1717 ἅπερ
1285 1644 1468 1699 πάντα
1512 1644 1591 1717 τῷ
1646 1644 1949 1716 θαυμαστῷ

352 1744 530 1816 τούτῳ
560 1743 661 1814 τῆς
692 1741 1007 1813 ἀφθαρσίας
1036 1739 1449 1796 συνεπινοοῦσιν
1483 1739 1732 1810 ὀνόματι.

425 1838 523 1901 Τίς
579 1839 689 1907 γὰρ
738 1839 772 1907 ἡ
825 1834 1239 1906 ἀποκλήρωσις,
1293 1834 1364 1887 τά
1426 1833 1525 1904 μὲν
1577 1832 1781 1887 διδόναι
1841 1832 1949 1888 τῶν

352 1926 679 1996 θεοπρεπῶν
734 1925 1021 1995 ὀνομάτων
1047 1923 1220 1995 αὑτῷ,
1253 1922 1322 1977 τὰ
1346 1923 1405 1977 δὲ
1439 1925 1807 1995 ἀποστερεῖνς
1851 1925 1949 1978 καὶ
1979 1906 2022 1961 Β

354 2020 493 2075 πολὺ
523 2038 576 2073 τι
613 2019 779 2091 μέρος
818 2019 919 2088 τῆς
948 2018 1109 2086 ἀξίας
1141 2035 1199 2072 τε
1233 2019 1328 2071 καὶ
1346 2018 1514 2089 τιμῆς
1543 2018 1948 2089 ὑποτέμνεσθαι

351 2114 471 2181 τοῦ,
504 2114 760 2185 καθάπερ
788 2113 944 2167 αὑτοὶ
974 2113 1192 2184 ἀτίμως
1248 2111 1586 2177 δοξάζουσιν,
1620 2112 1947 2183 ὑπερουσίου

353 2208 452 2261 καὶ
493 2205 811 2279 ὑπερφυοῦς
863 2206 957 2259 καὶ
1004 2205 1305 2275 ἀσωμάτου
1354 2204 1644 2277 σῶματος;
1687 2208 1731 2260 Τ
1738 2206 1785 2270 ίς
1808 2206 1853 2259 δ’
1882 2206 1948 2261 ἂν

354 2300 451 2355 καὶ
482 2299 805 2372 χαλεπαίνοι
839 2298 949 2352 τῶν
997 2298 1249 2353 ἀπίστων
1285 2299 1440 2369 ἡμῖν,
1474 2297 1530 2351 εί
1554 2315 1616 2367 γε
1660 2300 1735 2370 μὴ
1784 2298 1947 2369 φύσει

350 2397 414 2448 τὸ
468 2394 629 2465 σῶμα
672 2392 766 2447 τοῦ
821 2392 1030 2465 Κυρίου
1076 2392 1338 2464 λέγοιμεν
1370 2432 1386 2458 ,
1440 2392 1679 2464 ὀφθῆναί
1731 2410 1793 2445 τε
1850 2395 1948 2448 καὶ

354 2486 559 2559 βρῶσιν
587 2486 683 2540 καὶ
718 2485 882 2539 ποτὸν
907 2485 1409 2556 προσενέγκασθαι,
1442 2486 1537 2539 καί
1572 2502 1637 2555 γε
1672 2486 1945 2553 ὑπνῶσαι,

352 2579 387 2651 ἢ
422 2576 777 2638 πεπονθέναι,
810 2577 907 2629 καὶ
949 2577 1051 2630 ὅσα
1086 2576 1223 2648 πρὸς
1270 2574 1486 2640 τούτοις
1534 2578 1948 2649 ἀναμαρτήτως

351 2671 650 2740 ὑπομεῖναι
729 2670 829 2739 τὴν
922 2667 1274 2741 ἀνθρωπίνην
1356 2668 1456 2722 οὑκ
1529 2668 1949 2742 ἀπερυθρίασας

351 2762 683 2829 ἀσθένειαν;
723 2764 882 2816 Ἐστι
908 2762 1017 2831 γὰρ
1048 2761 1113 2834 δὴ
1151 2778 1253 2815 που
1284 2762 1401 2826 τοῖς
1431 2763 1568 2816 πᾶσι
1608 2763 1944 2834 καταφανὲς,

349 2856 435 2909 ὅτι
470 2854 645 2909 πολλά
688 2855 913 2909 rauim:
943 2854 1046 2926 ἤδη
1090 2854 1390 2926 γεγένηται
1436 2855 1589 2928 νόμῳ
1644 2856 1944 2928 θαύματος,

350 2944 467 2999 ἀλλ’
505 2946 569 2999 οὑ
602 2944 749 3016 λόγῳ
796 2943 1034 3015 φύσεως.
1061 2944 1136 2998 Οὑ
1178 2944 1290 3015 γὰρ
1334 2944 1402 2998 ἂν
1449 2946 1533 3009 είς
1557 2944 1718 2998 τοῦτο
1747 2946 1947 3016 μανίας

352 3035 708 3106 ἐξοίστρησεν
752 3036 780 3087 ὁ
824 3032 1257 3105 πολυάνθρωπος
1305 3033 1416 3087 τῶν
1453 3032 1724 3088 Ἰουδαίων
1748 3035 1943 3105 δῆμος.

346 3126 406 3178 εί
434 3143 516 3188 τις
556 3125 707 3195 αὑτῷ
748 3125 1069 3195 παρέστησε
1104 3123 1285 3194 λόγος,
1319 3123 1394 3196 μὴ
1427 3125 1614 3196 ὅμοιον
1642 3128 1777 3197 ἡμῖν
1803 3124 1943 3180 εἶναι

2043 630 2208 684 cata?
2240 628 2346 697 Qui
2391 631 2617 702 quidem
2667 632 2725 688 in
2768 634 2927 690 nullo
2975 636 3087 694 alio
3129 653 3347 707 eorum,
3382 641 3501 699 sive
3540 646 3634 714 qui

2045 726 2206 789 falso,
2249 728 2365 782 sive
2417 730 2513 799 qui
2559 744 2691 786 vere
2725 732 2793 787 ad
2831 732 3002 789 vitam
3054 736 3301 792 revocati
3333 753 3458 794 esse
3506 755 3638 795 nar-

2046 828 2259 884 rantur,
2298 819 2503 877 invidia
2550 825 2813 879 commoti
2845 837 2997 891 sunt,
3049 843 3177 883 cum
3218 830 3381 885 multi
3426 832 3663 902 alioqui

2045 911 2289 967 fuerint:
2328 930 2508 984 neque
2552 932 2686 971 vero
2727 918 2770 972 si
2811 919 3119 975 secundum
3162 937 3362 977 novam
3400 923 3633 979 istorum

2047 1006 2400 1076 sapientiam,
2458 1009 2639 1077 ipsum
2675 1026 2877 1081 corpus
2924 1011 3133 1067 Christi
3175 1015 3248 1068 sit
3290 1016 3633 1085 impassihile

2046 1108 2103 1154 et
2138 1100 2468 1166 immortale,
2521 1112 2577 1158 et
2612 1104 2972 1172 invariabile;
3013 1122 3081 1161 ex
3110 1107 3305 1163 eadem
3361 1118 3634 1179 potestate

2046 1193 2308 1263 pendeat,
2349 1196 2626 1251 invisibile
2658 1196 2839 1268 ipsum
2870 1198 3190 1268 blaspheme
3222 1200 3431 1264 dicere,
3465 1211 3521 1257 et
3550 1203 3637 1258 in-

2048 1289 2235 1345 tactile
2281 1298 2340 1345 et
2386 1305 2497 1345 non
2535 1291 2843 1356 tractabile,
2897 1291 3019 1347 sine
3049 1293 3357 1362 quantitate
3405 1302 3464 1349 et
3514 1295 3636 1351 sine

2048 1380 2334 1449 qualitate,
2359 1391 2416 1437 et
2455 1383 2510 1437 in
2540 1398 2775 1447 summa,
2805 1384 3227 1454 incorporeum:
3264 1401 3386 1456 quae
3410 1386 3635 1456 quidem

2048 1468 2234 1524 omnia
2262 1486 2371 1525 una
2410 1486 2535 1526 cum
2566 1472 2673 1527 hoc
2711 1472 3028 1529 admirabili
3068 1475 3296 1530 nomine
3326 1475 3635 1548 incorrupti

2049 1563 2315 1634 cogitant.

2119 1828 2253 1896 Quae
2299 1830 2447 1886 enim
2487 1832 2708 1889 sortitio
2748 1844 2869 1900 est,
2900 1837 3009 1892 alia
3045 1838 3271 1909 quidem
3317 1856 3384 1896 ex
3431 1841 3636 1897 divinis

2050 1921 2371 1977 nominibus
2401 1923 2649 1981 tribuere
2679 1926 2753 1991 ei,
2784 1937 2840 1983 et
2864 1928 2989 1985 aliis
3015 1931 3265 2001 privare;
3295 1941 3351 1987 et
3382 1949 3634 2006 magnam

2052 2022 2265 2083 partem
2305 2016 2593 2088 dignitatis
2630 2026 2686 2075 et
2718 2020 2947 2076 honoris
2993 2022 3337 2091 abscindere,
3391 2042 3422 2081 a
3468 2042 3633 2097 supra

2051 2107 2440 2173 substantiam,
2468 2119 2530 2165 ut
2568 2111 2673 2182 ipsi
2709 2112 3030 2183 opinantur.
3058 2124 3116 2170 et
3143 2132 3310 2187 supra
3351 2126 3632 2183 naturam.

2049 2209 2107 2256 et
2138 2201 2469 2273 incorporeo
2502 2206 2767 2275 corpore?
2793 2205 2929 2273 Quis
2977 2215 3162 2261 autem
3208 2224 3275 2261 ex
3314 2207 3636 2264 inﬁdelibus

2048 2308 2192 2365 aegre
2247 2293 2408 2361 ferat,
2459 2295 2506 2351 si
2560 2295 2811 2353 dicamus
2863 2313 3065 2368 corpus
3094 2297 3302 2354 Christi
3351 2315 3461 2356 non
3512 2317 3636 2356 esse

2048 2394 2246 2441 natura
2293 2387 2495 2453 visum,
2524 2396 2579 2443 et
2621 2389 2808 2444 cibum
2861 2398 2917 2445 et
2954 2390 3241 2461 potionem
3288 2392 3633 2456 adhibuisse.

2048 2488 2106 2534 et
2135 2480 2426 2549 dormisse,
2466 2497 2532 2537 ac
2574 2498 2797 2553 passum
2846 2499 2991 2549 esse,
3040 2492 3097 2540 et
3128 2500 3475 2555 quaecunque
3522 2485 3632 2540 alia

2049 2582 2249 2643 praeter
2286 2574 2404 2630 haec
2456 2575 2756 2631 humanam
2820 2576 3202 2634 inﬁrmitatem
3264 2579 3639 2635 sustinuisse?

2050 2666 2147 2721 Est
2198 2666 2349 2722 enim
2436 2668 2697 2723 omnibus
2786 2669 3184 2736 manifestum,
3271 2674 3446 2729 multa
3536 2674 3638 2731 hu-

2047 2759 2294 2829 jusmodi
2348 2759 2462 2830 jam
2530 2759 2674 2815 facta
2732 2775 2855 2816 esse
2897 2760 3021 2831 lege
3067 2761 3345 2829 miraculi,
3385 2779 3497 2820 non
3545 2782 3636 2821 ra-

2050 2851 2199 2907 tione
2243 2859 2477 2907 naturze.
2527 2852 2650 2908 Non
2707 2852 2856 2908 enim
2902 2868 2970 2908 eo
3021 2852 3315 2909 dementiae
3373 2868 3635 2925 provecta

2047 2952 2196 3000 esset
2224 2944 2528 3000 multitudo
2554 2945 2894 3010 Judazorum,
2925 2945 2971 3000 si
3002 2961 3126 3016 quae
3154 2946 3299 3001 ratio
3339 2946 3474 3018 ipsis
3502 2964 3634 3019 pro-

2049 3034 2254 3099 basset,
2278 3050 2390 3089 non
2417 3035 2587 3090 fuisse
2614 3034 2793 3089 simile
2821 3035 2984 3090 nobis
3010 3051 3111 3105 per
3138 3037 3341 3095 omnia.
3364 3046 3423 3093 et
3445 3054 3635 3095 revera

2047 3128 2305 3182 humanm
2339 3136 2554 3183 naturae
2583 3144 2807 3198 corpus,
2840 3128 2989 3199 quod
3024 3128 3095 3183 ab
3143 3128 3277 3200 ipsis
3307 3132 3633 3187 cruciﬁxum

353 3216 499 3271 κατὰ
531 3216 733 3276 πάντα.
782 3217 878 3270 καὶ
931 3215 1101 3279 ὅντως
1152 3216 1503 3287 ἀνθρωπίνην
1548 3215 1731 3284 φύσιν,
1755 3218 1814 3271 τὸ
1849 3218 1942 3271 ὑπ’

2052 3228 2109 3274 et
2137 3220 2392 3290 passione
2423 3220 2681 3275 aﬂ'ectum
2721 3230 2810 3276 est
2845 3230 2904 3277 et
2944 3237 2976 3276 a
3014 3220 3305 3293 discipulis
3333 3224 3632 3296 sepultum.

352 3306 540 3362 αὑτῶν
600 3306 921 3379 σταυρωθέν
966 3323 1025 3359 τε
1075 3307 1169 3361 καὶ
1219 3305 1395 3371 πάθος
1440 3306 1737 3376 δεξάμενον
1761 3308 1945 3380 σῶμα,

354 3400 454 3454 καὶ
506 3398 850 3469 τεθαμμένον
897 3398 1003 3451 ὑπὸ
1055 3398 1166 3452 τῶν
1216 3400 1534 3471 γνωρίμων.
1578 3400 1797 3455 Πολλῶν
1837 3402 1948 3474 γὰρ

353 3492 693 3562 θεοφανειῶν
760 3491 1267 3565 ἀναπεπλησμένης
1312 3493 1418 3563 τῆς
1484 3495 1637 3566 ἱερᾶς
1693 3495 1944 3567 Γραφῆς,

354 3585 592 3639 συνιδεῖν
618 3584 831 3649 ἔξεστιν
852 3584 940 3637 δτι
971 3600 1034 3652 γε
1065 3583 1129 3654 δὴ
1167 3583 1309 3638 κατά
1329 3586 1391 3637 τὸ
1416 3587 1531 3648 τοῖς
1556 3586 1948 3657 οἰκονομουμέ-

356 3696 470 3742 νοις
504 3677 805 3748 συμφέρον,
834 3676 914 3740 είς
940 3675 1261 3747 ἀνθρώπινα
1286 3676 1546 3748 σχήματά
1558 3693 1618 3731 τε
1644 3678 1741 3731 καὶ
1766 3678 1948 3749 πράτ-

359 3787 532 3841 ματα,
556 3769 839 3841 ἐνεργείας
872 3785 933 3821 τε
952 3768 1050 3823 καὶ
1071 3767 1263 3837 λόγους
1284 3768 1530 3839 καθῆκεν
1566 3769 1773 3841 ἑαυτὴν
1795 3771 1830 3841 ὴ
1849 3769 1943 3825 τοῦ

356 3860 498 3914 θεοῦ
534 3859 691 3931 ἡμῶν
724 3863 855 3930 περ)⁸
882 3860 1033 3931 ἡμᾶς
1074 3858 1256 3931 ἀγαθὴ
1306 3860 1537 3930 πρόνοια
1558 3876 1572 3891 ·
1608 3860 1705 3915 καὶ
1736 3860 1946 3915 τούτων

354 3956 511 4022 ὅμως
568 3952 722 4008 οὑδὲν
776 3952 976 4015 αὐτοὺς
1004 3953 1291 4023 προήγαγε
1328 3952 1391 4005 τὸ
1429 3952 1781 4025 ἀνθρωπίνας
1812 3955 1947 4009 ὑπο-

356 4047 551 4115 λήψεις
580 4046 713 4116 περὶ
750 4044 846 4098 τοῦ
891 4044 1051 4098 Θείου
1106 4044 1316 4111 λαϐεῖν,
1344 4047 1393 4097 εί
1437 4047 1535 4099 καὶ
1581 4046 1945 4119 ἀνθρωπίνως

356 4138 494 4211 παρ’
533 4137 699 4193 αὑτοῦ
747 4136 1091 4209 ᾠκονόμητο.
1143 4137 1330 4191 Πείθει
1385 4138 1444 4191 δὲ
1496 4139 1697 4205 αὑτοὺς
1744 4143 1841 4194 καὶ
1876 4143 1946 4195 τὰ

354 4232 710 4304 τολμήματα,
747 4232 830 4285 δτι
863 4230 1154 4301 ἄνθρωπός
1174 4232 1324 4285 ἐστιν
1353 4233 1521 4286 πᾶσιν
1550 4234 1893 4304 ὁμοιοπαθὴς
1916 4237 1946 4288 ὁ

356 4324 652 4396 Κύριος,εί
683 4323 779 4377 καὶ
804 4325 880 4395 μὴ
911 4323 1142 4376 πέπεικε
1175 4323 1243 4377 τὰ
1270 4323 1548 4394 θαύματα,
1579 4327 1661 4380 ὅτι
1686 4327 1782 4381 καὶ
1809 4327 1944 4393 Θεὸς

355 4418 445 4487 εἴη
473 4417 718 4488 ὑπεροχῇ
753 4416 969 4485 φύσεως
1000 4417 1218 4471 πάντων
1244 4418 1645 4488 ἀνῳκισμένος.

426 4508 617 4573 οὕτως
674 4509 709 4580 ἦ
763 4525 826 4562 τε
874 4508 972 4562 τοῦ
1029 4508 1359 4580 μονογενοῦς
1400 4510 1600 4579 Λόγου,
1652 4511 1799 4565 κατά
1844 4512 1943 4568 τοῦ

2052 3312 2337 3383 Siquidem
2381 3328 2507 3368 cum
2560 3314 2723 3383 plena
2769 3317 2843 3370 sit
2894 3314 3180 3386 Scriptum
3234 3332 3388 3373 sacra
3443 3319 3637 3373 multis

2049 3405 2146 3460 Dei
2193 3406 2654 3476 apparitionibus.
2698 3406 2890 3463 videre
2937 3416 3121 3464 tamen
3162 3408 3311 3474 licet,
3370 3410 3638 3481 quemad-

2046 3498 2274 3553 modum
2316 3498 2458 3553 bona
2508 3498 2605 3553 Dei
2632 3513 2762 3569 erga
2809 3514 2912 3555 nos
2955 3499 3335 3570 providentia.
3388 3512 3451 3557 ut
3492 3504 3635 3558 ratio

2048 3590 2304 3645 utilitatis
2335 3605 2527 3645 eorum
2560 3590 2763 3660 quibus
2796 3591 3144 3657 consulebat,
3193 3594 3529 3662 postulabat.
3563 3594 3631 3651 ad

2049 3681 2320 3737 humanas
2370 3680 2594 3752 ﬁguras,
2639 3690 2697 3736 et
2738 3697 2849 3747 res,
2892 3690 2953 3738 et
2989 3684 3360 3753 operationes,
3407 3702 3475 3743 ac
3513 3703 3635 3743 ser-

2047 3788 2241 3828 mones
2273 3788 2331 3828 se
2362 3772 2895 3839 accommodaverit;
2927 3775 3066 3831 nihil
3093 3784 3277 3832 tamen
3310 3776 3508 3832 horum
3537 3793 3635 3834 eos

2045 3864 2276 3919 adduxit
2311 3862 2379 3918 ad
2408 3863 2806 3934 suspicandum
2851 3864 2920 3920 de
2963 3866 3079 3921 Deo
3122 3866 3385 3933 humana,
3415 3871 3632 3926 tametsi

2046 3958 2287 4013 humane
2324 3956 2393 4011 ab
2444 3972 2512 4013 eo
2558 3958 2915 4029 gerebantur.
2974 3956 3225 4014 Suadent
3262 3957 3467 4016 Judaeis
3510 3977 3635 4033 qua:

2046 4050 2168 4106 ausi
2216 4057 2368 4117 sunt,
2408 4048 2584 4106 fuisse
2629 4049 2912 4105 hominem
2958 4049 3203 4107 similem
3247 4051 3411 4109 nobis
3455 4055 3636 4124 passi-

2046 4145 2215 4200 bilem
2248 4143 2569 4207 Dominum,
2622 4142 2878 4212 quamvis
2916 4156 3028 4197 non
3068 4152 3363 4198 suaserunt
3412 4144 3496 4201 eis
3533 4145 3634 4199 mi-

2047 4235 2267 4299 racula,
2320 4248 2443 4289 esse
2495 4232 2671 4287 Deum
2719 4231 3038 4303 praestantia
3090 4240 3303 4288 naturae
3354 4233 3632 4289 universis

2046 4328 2409 4400 superiorem.

2116 4507 2211 4564 Sic
2255 4505 2526 4579 unigeniti
2564 4506 2729 4562 Veron
2762 4515 2956 4562 contra
2996 4506 3283 4562 Christum
3316 4502 3634 4577 impassibi-

351 4599 620 4675 Χριστοῦ,
657 4600 767 4654 τῶν
804 4599 983 4655 ἀθέων
1035 4601 1299 4667 ἀπάθεια,
1366 4603 1461 4658 καὶ
1509 4606 1542 4675 ἠ
1585 4604 1688 4676 τῆς
1740 4606 1943 4678 σαρκὸς

2048 4601 2179 4658 litas
2222 4600 2542 4671 impiorum.
2577 4607 2635 4661 et
2666 4600 2853 4656 carnis
2886 4608 3080 4656 contra
3114 4612 3363 4657 nostram
3392 4600 3630 4657 salutem

350 4696 500 4747 κατὰ
536 4694 637 4763 τῆς
693 4692 977 4765 ἡμετέρας
1029 4697 1310 4766 σωτηρίας
1358 4695 1467 4749 τῶν
1518 4694 1616 4751 νῦν
1664 4698 1940 4770 σοφιστῶν

351 4787 661 4859 ἀφθαρσία,
684 4787 944 4858 ἐμπαθὴς
966 4787 1137 4851 ὅντως
1157 4788 1257 4841 καὶ
1268 4787 1486 4861 φθαρτὴ
1504 4786 1645 4845 οὖσα
1665 4790 1938 4859 γινώσκε-

352 4899 446 4933 ται
468 4895 483 4910 '
511 4881 545 4951 ἡ
575 4879 677 4949 μὲν
704 4880 766 4933 οὑ
802 4876 1034 4933 ποιοῦσα
1072 4878 1197 4949 ¹μεθ’
1229 4879 1387 4952 ἡμῶν
1414 4881 1506 4933 τὸν
1534 4881 1676 4954 ὑπὲρ
1701 4884 1872 4954 ἡμᾶς,
1905 4886 1939 4955 ἡ

350 4973 409 5027 δὲ
436 4972 537 5027 οὑκ
558 4970 702 5025 ὲῶσα
726 4970 909 5042 μένειν
929 4972 1019 5025 τὸν
1046 4972 1164 5043 μεθ’
1188 4972 1349 5044 ἡμῶν
1372 4972 1497 5028 καθ’
1518 4976 1691 5045 ἡμᾶς,
1712 4976 1819 5041 ἕως
1840 4980 1940 5047 τῆς

355 5063 603 5136 ἰατρείας
655 5064 882 5117 ἀπαιτεῖ
930 5064 1147 5135 χρόνος,
1187 5066 1285 5119 καὶ
1321 5066 1354 5137 ὴ
1386 5067 1447 5119 ἐν
1484 5065 1631 5138 λόγῳ
1656 5068 1753 5127 καὶ
1784 5068 1939 5133 τάξει

349 5155 623 5228 γινομένη
661 5155 755 5209 τοῦ
786 5157 1064 5229 ἡμετέρου
1086 5158 1228 5231 πρὸς
1258 5158 1318 5214 τὸ
1344 5158 1486 5230 ὑπὲρ
1525 5160 1695 5232 ἡμᾶς,
1727 5161 1938 5219 ἀνάδα-

350 5249 440 5314 σίς
484 5266 545 5305 τε
589 5248 685 5303 καὶ
733 5249 1053 5315 ἀνάστασις.
1105 5249 1226 5314 Πῶς
1254 5252 1363 5321 γάρ
1398 5251 1466 5322 δὴ
1499 5251 1559 5305 τὸ
1604 5252 1940 5325 θεομίμητον

348 5341 572 5413 ἕξομεν,
612 5339 690 5411 μὴ
719 5340 1107 5411 συμπαθόντες
1132 5342 1212 5413 τῷ
1246 5344 1576 5410 πεπονθότι;
1606 5345 1846 5401 πέπονθε
1882 5345 1939 5400 δὲ

350 5432 495 5497 πῶς,
522 5430 599 5503 μὴ
616 5431 737 5485 καθ⁸
756 5433 789 5502 ἡ
798 5433 905 5503 μᾶς
932 5433 1159 5500 παθὼνς
1197 5435 1314 5489 Οὑκ
1340 5437 1451 5509 ἄρα
1467 5436 1523 5490 δὲ
1548 5438 1789 5492 πέπονθε
1812 5438 1939 5493 καθ’

350 5527 522 5594 ἡμᾶς.
552 5526 600 5577 εί
629 5524 708 5595 μὴ
741 5524 1023 5598 μεμένηκε
1050 5527 1176 5582 καθ’
1204 5529 1373 5603 huic.
1398 5529 1728 5596 Δεδόξασται
1764 5530 1821 5585 δὲ
1850 5529 1941 5584 οὺ-

348 5616 565 5689 διμῶς,
597 5616 674 5689 μὴ
708 5616 831 5688 οὑχὶ
856 5616 1016 5672 τοῦτο
1042 5619 1229 5677 λαϐὼν
1266 5620 1409 5676 κατὰ
1442 5621 1650 5695 σάρκα,
1689 5624 1827 5696 ὅπερ
1853 5625 1941 5680 ἀεὶ

350 5711 493 5779 ἔχων
526 5703 598 5779 ἦν
633 5710 778 5765 κατὰ
820 5708 1064 5781 πνεῦμα.

685 5984 954 6047 Parnm.
988 5985 1104 6047 (in.
1140 5983 1487 6049 LXXXVI.

2047 4693 2550 4765 incorruptibilitas
2587 4707 2737 4748 nunc
2774 4693 3176 4763 sophistarum,
3208 4708 3341 4753 vere
3374 4693 3634 4766 passione

2046 4796 2103 4844 et
2147 4786 2509 4857 corruptione
2576 4784 2777 4843 aﬂ‘ecta
2845 4801 2971 4844 esse
3036 4788 3429 4858 cognoscitur;
3499 4786 3633 4851 dum

2046 4876 2139 4933 illa
2178 4877 2401 4949 quidem
2448 4892 2559 4933 non
2609 4876 2741 4933 facit
2784 4877 3078 4935 nobiscum
3106 4894 3228 4941 esse
3252 4895 3386 4936 eum
3428 4880 3524 4950 qui
3550 4889 3636 4937 est

2048 4988 2216 5044 supra
2249 4987 2385 5037 nos;
2421 4971 2540 5027 haec
2566 4987 2702 5028 vero
2734 4987 2845 5027 non
2878 4971 3011 5027 sinit
3039 4987 3167 5028 eum
3211 4972 3307 5043 qui
3338 4972 3630 5031 nobiscum

2048 5073 2152 5128 est.
2184 5079 2411 5122 manere
2438 5063 2585 5121 sicut
2628 5078 2749 5124 nos.
2794 5062 2973 5119 donec
3013 5063 3159 5119 adsit
3199 5070 3417 5133 tempus
3458 5063 3635 5123 medi-

2047 5156 2206 5222 cinae.
2245 5163 2303 5213 et
2333 5156 2649 5217 humanitas
2694 5165 2908 5220 nostra,
2957 5157 3174 5211 ratione
3212 5164 3272 5210 et
3317 5154 3513 5213 ordine
3562 5154 3631 5213 ad

2048 5248 2102 5305 id
2155 5248 2304 5319 quod
2360 5263 2525 5321 supra
2572 5263 2676 5305 nos
2724 5257 2848 5313 est,
2900 5248 3164 5305 ascendat
3212 5256 3270 5302 et
3334 5249 3665 5305 excitetur.‘

2046 5341 2335 5410 Quomodo
2367 5341 2516 5397 enim
2548 5342 2969 5398 similitudinem
3011 5343 3107 5398 Dei
3138 5343 3488 5411 habebimus,
3517 5362 3630 5403 non

2048 5435 2448 5508 compatientes
2487 5450 2613 5499 cum
2673 5450 2741 5489 eo
2797 5436 2891 5505 qui
2944 5451 3139 5508 passus
3169 5438 3293 5493 est?
3342 5435 3631 5505 Quomodo

2046 5544 2182 5582 vero
2210 5542 2406 5598 passus
2430 5536 2539 5587 est.
2574 5526 2621 5587 si
2655 5542 2767 5584 non
2796 5535 2888 5582 est
2925 5528 3069 5583 sicut
3106 5543 3207 5582 nos
3242 5530 3475 5597 passus?
3507 5530 3628 5585 Non

2046 5620 2217 5693 igitur
2250 5618 2395 5675 sicut
2440 5634 2541 5674 nos
2571 5634 2768 5690 passus
2804 5628 2910 5683 est.
2946 5619 2993 5676 si
3038 5636 3151 5675 non
3197 5622 3400 5677 mansit
3430 5623 3633 5678 similis

2049 5710 2230 5767 nobis.
2258 5708 2612 5765 Gloriﬁcatus
2672 5726 2806 5765 vero
2866 5726 3215 5783 nequaquam
3268 5721 3387 5775 est.
3424 5713 3469 5767 si
3518 5726 3631 5767 non

2054 5801 2273 5872 accepit
2328 5798 2640 5857 secundum
2707 5816 2956 5867 carnem,
2995 5801 3145 5875 quod
3177 5817 3399 5873 semper
3428 5818 3633 5863 secun—

2056 5895 2189 5951 dum
2224 5896 2487 5966 spiritum
2524 5896 2742 5957 habuit.
