4120 6442
537 420 561 486 1
573 420 677 484 323

606 534 805 589 Verum
831 524 1055 597 quidam
1094 538 1161 576 ex
1192 520 1257 574 iis
1294 519 1386 589 qui
1428 518 1485 572 in
1524 515 1611 572 his
1640 516 1921 587 sapientes
1950 521 2100 577 sunt,
2134 518 2177 575 Α

532 639 714 695 nuper
746 633 960 674 mecum
998 617 1340 683 colloquens,
1377 612 1512 665 satis
1540 624 1661 665 esse
1713 607 1916 672 aiebat,
1952 620 2105 659 sum.

535 718 710 788 psisse
750 711 1038 767 Dominum
1076 705 1474 760 humanitatem
1513 703 1579 757 ad
1615 700 1939 756 salvandum
1980 714 2101 752 nos.

607 807 669 859 0.
706 802 845 870 Quid
894 815 1050 863 vero,
1086 798 1309 868 inquam
1361 812 1482 867 ego,
1538 810 1645 849 non
1698 793 1813 848 sola
1852 793 2107 847 voluntas

534 896 700 951 saluti
748 890 1094 947 sumciebat?

609 987 673 1039 ll.
705 982 1040 1045 Stttlicicbat,
1080 978 1281 1049 inquit.
1894 1031 1899 1036 ,

607 1075 669 1130 0.
704 1071 992 1140 Quomodo
1042 1085 1196 1141 ergo,
1231 1069 1474 1137 inquam,
1509 1081 1618 1119 non
1657 1064 1771 1119 sola
1824 1063 2106 1117 voluntate

535 1166 765 1221 oalvavit
808 1164 951 1217 nos?

610 1256 674 1310 Η.
710 1254 845 1321 Quia
880 1270 989 1308 non
1023 1261 1313 1322 potestate.
1345 1249 1546 1319 inquit,
1578 1263 1709 1302 usus
1736 1256 1839 1309 est,
1873 1244 1969 1299 sed
2007 1259 2106 1313 po-

540 1348 649 1402 tius
683 1346 949 1401 charitate
981 1343 1265 1415 etjustitia
1296 1342 1505 1396 salvare
1541 1340 1767 1409 placuit.
1788 1336 1927 1391 Illud
1958 1336 2107 1390 enim

538 1438 887 1494 necessitatis
919 1436 1109 1490 herilis
1133 1443 1286 1498 erat;
1324 1433 1429 1485 hoc
1456 1430 1811 1499 providentixe
1844 1438 2106 1498 paternae.

539 1529 676 1585 lllud
699 1528 868 1582 solius
888 1525 1192 1587 violentiae;
1228 1524 1333 1575 hoc
1361 1519 1655 1573 voluntarii
1681 1518 2107 1573 condescensus.

539 1622 607 1676 Et
641 1620 774 1674 illud
806 1618 1024 1688 quidem
1058 1616 1229 1685 ipsius
1260 1614 1467 1675 solum;
1510 1612 1615 1666 hoc
1643 1625 1777 1665 vero
1810 1608 1975 1663 etiam
2008 1623 2111 1662 no-

538 1721 735 1767 strum.
779 1709 1062 1780 Siquidem
1101 1722 1209 1760 non
1245 1705 1385 1758 velle
1425 1702 1775 1772 simpliciter,
1815 1708 2110 1753 consenta-

1800 397 2110 463 LEONTII
2156 392 2557 455 BYZANTINI

2287 506 2428 560 Ἀλλ’
2472 499 2715 573 ἐντυχών
2750 498 2844 570 μοί
2889 514 2977 561 τις
3024 497 3255 566 ἔναγχος
3308 493 3418 547 τῶν
3457 490 3527 546 τὰ
3569 493 3797 547 τοιαῦτα

2213 598 2415 669 σοφῶν,
2448 597 2644 667 ἀρκεῖν
2692 593 2849 661 ἔλεγε
2897 591 2959 646 τὸ
3001 585 3428 660 ἑνανθρωπῆσαι
3452 585 3544 640 τὸν
3568 585 3797 661 Κύριον,

2211 693 2292 756 είς
2330 691 2393 743 τὸ
2432 688 2676 755 σωθῆναι
2701 686 2872 757 ἡμᾶς.

2284 784 2345 847 0.
2376 783 2441 853 (‘)
2495 780 2561 833 Τί
2611 779 2670 833 δὲ
2722 780 2819 832 καὶ
2872 775 2995 845 οὐχὶ
3047 776 3082 845 ἡ
3142 771 3426 843 βούλησις,
3468 771 3609 844 πρὸς
3635 768 3801 827 αὐτὸν

2205 875 2365 945 ἔφην,
2404 875 2540 945 μόνη
2573 872 2710 944 πρὸς
2745 871 3031 940 σωτηρίαν
3064 867 3427 938 ἀποχρῆναι,

2274 971 2339 1023 Δ.
2381 967 2619 1037 ’Λπόχρη
2652 964 2777 1033 ἔφη.

2279 1061 2341 1113 0.
2382 1058 2505 1123 Πῶς
2553 1054 2668 1121 οὖν,
2712 1055 2872 1127 ἔφην,
2924 1056 3001 1126 μὴ
3050 1054 3174 1124 οὐχὶ
3204 1054 3284 1125 τῷ
3320 1052 3613 1124 βούλεσθαι
3648 1050 3800 1120 μόνῳ

2212 1152 2308 1205 καὶ
2343 1150 2587 1204 σέσωκεν
2608 1166 2623 1216 ;

2281 1246 2346 1299 Δ.
2382 1244 2507 1296 ’Ότι
2570 1243 2644 1315 μὴ
2690 1246 2759 1313 τῇ
2813 1241 3035 1313 ἐξουσίᾳ
3077 1241 3215 1312 πρὸς
3261 1241 3382 1310 ἐμὲ,
3433 1240 3563 1309 ἔφη,
3593 1238 3800 1308 κεχρῆ-

2214 1334 2359 1401 σθαι,
2393 1338 2459 1406 τῇ
2489 1335 2546 1389 δὲ
2582 1334 2969 1406 φιλανθρωπίᾳ
3006 1333 3207 1405 μᾶλλον
3244 1333 3339 1385 καὶ
3372 1335 3437 1402 τῇ
3478 1331 3798 1402 δικαιοσύνῃ

2214 1428 2367 1499 φξλον
2389 1428 2555 1498 αὐτῷ.
2590 1428 2663 1481 Τὸ
2701 1428 2799 1499 μὲν
2828 1427 2938 1498 γάρ
2980 1427 3231 1494 ἀνάγκης
3264 1424 3615 1495 δεσποτικῆς,
3656 1424 3717 1477 τὸ
3742 1423 3800 1477 δὲ

2216 1521 2546 1593 κηδεμονίας
2596 1523 2863 1591 ἐτυγχανε
2939 1520 3237 1590 πατρικῆς,
3290 1519 3398 1572 Καὶ
3457 1518 3518 1570 τδ
3581 1517 3680 1588 μὲν
3731 1512 3802 1587 ἦν

2219 1616 2389 1685 μόνης
2428 1612 2528 1683 τῆς
2565 1613 2707 1683 βίας,
2742 1613 2803 1665 τὸ
2842 1612 2898 1665 δὲ
2948 1612 3039 1665 κα)⁵
3090 1610 3192 1680 τῆς
3232 1610 3487 1663 ἑκουσίου
3520 1625 3803 1676 συγκαταο

2215 1708 2427 1769 ϐάσεως
2451 1722 2465 1737 ·
2502 1705 2598 1758 καὶ
2646 1705 2706 1756 τὸ
2746 1706 2844 1775 μὲν
2878 1702 3045 1760 αὑτοῦ
3098 1703 3287 1774 μόνου,
3329 1702 3391 1755 τὸ
3437 1701 3495 1755 δὲ
3526 1702 3620 1755 καὶ
3658 1700 3803 1771 ἠμέ-

537 1820 700 1859 neum
732 1810 816 1856 est
848 1802 997 1865 Deo;
1036 1796 1131 1852 sed
1173 1797 1263 1851 illa
1294 1796 1460 1851 etiam
1492 1794 1695 1856 facere,
1730 1806 1851 1859 qua:
1876 1788 2112 1844 suadent

2217 1814 2391 1869 τερον.
2437 1797 2607 1867 Εἴπερ
2657 1796 2719 1850 οὐ
2767 1797 2828 1849 τὸ
2881 1794 3169 1865 βούλεσθαι
3222 1793 3410 1857 ἁπλῶς
3461 1793 3657 1847 ἕπεται
3707 1792 3803 1844 τὸν

536 1907 591 1951 et
629 1895 839 1968 pudore
874 1892 1105 1947 ﬂectunt
1136 1904 1276 1959 quos
1311 1888 1505 1943 salvat.

605 2076 671 2134 0.
703 2076 941 2147 Optime,
994 2073 1253 2141 inquam:
1294 2065 1585 2141 propterea
1638 2066 1817 2130 enim,
1867 2075 1929 2120 ut
1975 2064 2110 2119 mihi

538 2168 763 2240 quidem
808 2167 1050 2229 videtur,
1083 2181 1259 2219 novus
1300 2162 1553 2217 beneficii
1605 2175 1733 2230 erga
1782 2174 1883 2212 nos
1915 2157 2112 2211 modus

538 2260 800 2315 inductus
837 2266 922 2313 est
964 2264 1086 2327 post
1133 2257 1384 2311 crebram
1416 2264 1470 2308 ct
1513 2252 1873 2321 multiplicem
1922 2249 2113 2319 provi—

541 2352 783 2406 dentiam
837 2349 905 2403 ab
954 2348 1181 2403 exordio
1244 2362 1373 2416 erga
1430 2360 1604 2415 genus
1658 2343 1959 2395 humanum
2013 2338 2112 2393 dc-

540 2451 921 2506 monstratatn,
977 2448 1037 2493 ut
1070 2441 1183 2506 jam
1215 2439 1391 2493 solum
1420 2438 1523 2491 hoc
1567 2435 1760 2490 salutis
1805 2431 2109 2487 remedium

541 2533 814 2601 reliquum
858 2538 1024 2585 esset.
1072 2529 1292 2585 Nullum
1324 2528 1467 2581 enim
1502 2525 1808 2581 remedium
1839 2524 2114 2577 valentius

539 2625 608 2679 ad
639 2621 1070 2679 convertendum
1098 2620 1164 2673 ad
1195 2620 1392 2673 melius
1420 2619 1786 2689 reperiemus,
1808 2631 1970 2685 quam
2002 2629 2116 2685 my-

540 2718 770 2773 sterium
805 2715 1217 2770 incarnationis.
1248 2714 1360 2768 Hac
1392 2714 1478 2767 via
1511 2720 1567 2767 et
1596 2711 1807 2766 ratione
1841 2708 1935 2779 qui
1964 2708 2115 2762 solus

540 2806 760 2878 sapiens
787 2815 873 2861 est
904 2804 1149 2860 medicus
1176 2805 1504 2865 animarum,
1528 2801 1810 2872 passiones
1827 2800 2113 2855 hominum

542 2899 598 2954 in
636 2914 695 2953 se
734 2898 1026 2968 recipiens,
1082 2896 1327 2951 omnium
1386 2894 1759 2949 inﬁrmitatem
1798 2894 1856 2947 in
1896 2907 1955 2947 se
1996 2890 2115 2962 ipso

541 2989 775 3045 curavit.

611 3103 679 3158 Η.
731 3103 850 3157 Non
897 3102 1063 3173 igitur
1098 3102 1179 3157 fas
1221 3111 1304 3156 est
1346 3108 1495 3156 recte
1534 3098 1902 3154 sentientibus
1953 3095 2115 3150 aliter

538 3196 811 3258 conﬁteri,
862 3211 1026 3264 quam
1077 3194 1224 3264 quod
1273 3192 1341 3247 ad
1392 3192 1689 3263 perfectam
1736 3191 1970 3244 salutem
2143 3218 2189 3280 ο

541 3286 793 3341 mirabile
828 3285 1221 3340 incarnationis
1252 3291 1656 3345 sacramentum
1690 3283 1923 3336 maxime
1953 3278 2117 3335 nobis

540 3373 759 3429 suﬂicit.

610 3488 676 3543 0.
706 3488 818 3544 Nec
848 3488 986 3558 ipse,
1026 3488 1271 3557 inquam,
1304 3502 1414 3539 non
1461 3485 1577 3540 haec
1609 3484 1683 3539 ita
1734 3499 1880 3545 esse,
1929 3482 2116 3536 dicere

544 3597 784 3651 unquam
831 3581 1056 3651 possim.
1120 3579 1337 3633 Modum
1394 3593 1526 3632 vero
1578 3577 1975 3631 incarnationis
2020 3573 2117 3644 qui

542 3673 851 3728 curiositati
892 3673 1093 3727 mentis
1125 3672 1197 3726 ad
1238 3672 1504 3742 majorem
1544 3670 1986 3739 explanationem
2021 3667 2119 3723 ab-

543 3766 692 3821 ditus
716 3774 821 3829 est,
847 3763 1208 3818 libentissime
1247 3762 1607 3817 disceremus.

612 3876 679 3931 Η.
708 3875 1011 3932 Considera
1044 3874 1291 3939 unicum,
1325 3874 1529 3943 inquit,
1562 3874 1609 3927 si
1639 3873 1738 3927 tibi
1770 3874 1972 3942 placet.

614 3968 676 4023 Ο.
718 3968 858 4035 Quia
893 3968 1083 4038 igitur,
1109 3966 1246 4029 dixi,
1278 3965 1568 4035 oportebat
1597 3980 1709 4019 non
1737 3965 1913 4020 solum
1955 3964 2117 4030 velle,

541 4062 637 4117 sed
678 4060 874 4115 fecisse
913 4058 1085 4113 Deum
1118 4056 1325 4126 aliquid
1354 4072 1482 4127 erga
1513 4072 1635 4119 nos,
1666 4056 1979 4129 necessario
2016 4057 2120 4112 tale

541 4169 661 4207 esse
692 4150 981 4220 Oportebat
1016 4149 1163 4218 quod
1212 4148 1391 4210 ﬁeret,
1421 4155 1485 4200 ut
1532 4147 1734 4201 nullam
1783 4148 2118 4219 hyperbolen

543 4244 827 4314 sapientiae
858 4241 1090 4295 haberet
1118 4240 1251 4310 (52).

614 4338 678 4391 Η.
715 4337 906 4398 Recte,
938 4331 1140 4401 inquit.
1171 4329 1443 4395 Quoniam
1478 4344 1579 4384 nec
1611 4339 1759 4383 esset
1798 4328 1947 4382 aliud
1982 4345 2120 4383 con-

541 4428 858 4500 gruentius,
883 4440 1022 4494 Opus
1052 4431 1172 4476 erat
1195 4422 1289 4475 illo
1320 4421 1504 4485 modo,
1529 4430 1585 4475 et
1609 4436 1718 4474 non
1751 4421 1874 4484 hoc,
1900 4420 1967 4474 ad
1994 4438 2121 4490 per-

544 4518 841 4574 liciendum
890 4516 1133 4586 perfecte
1162 4515 1309 4584 quod
1358 4514 1633 4568 studebat.

2141 1879 2182 1935 Β
2212 1890 2367 1953 Θεὸν,
2412 1888 2549 1942 ἀλλὰ
2598 1890 2696 1942 καὶ
2750 1888 2812 1943 τὸ
2870 1888 3136 1959 πράττειν
3184 1888 3390 1953 ἐκεῖνα,
3441 1885 3586 1958 άπερ
3620 1885 3808 1940 πείθει

2213 1982 2311 2037 καὶ
2344 1982 2590 2036 καταιδεϊ
2622 1982 2714 2034 τὸν
2751 1981 3082 2051 σωζόμενον.

2285 2078 2347 2131 0.
2385 2070 2549 2142 Εὖγε,
2579 2064 2623 2126 ὦ
2660 2073 2956 2143 θαυμάσιε,
2986 2069 3052 2143 ἦν
3084 2071 3128 2124 δ’
3158 2070 3301 2139 ἐγώο
3332 2071 3421 2125 διὰ
3460 2071 3637 2123 ταῦτα
3668 2069 3802 2141 γὰρ,

2213 2167 2288 2227 ὥς
2314 2168 2377 2236 γέ
2422 2185 2513 2238 μοι
2556 2168 2831 2235 φαίνεται,
2878 2167 2906 2217 ό
2949 2166 3333 2236 καινοπρεπὴς
3362 2165 3463 2233 τῆς
3490 2164 3619 2234 περὶ
3648 2165 3801 2235 ἡμᾶς

2216 2259 2539 2331 εὐεργεσίας
2582 2257 2811 2327 εἰσήχθη
2858 2258 3081 2327 τρόπος,
3114 2257 3254 2326 μετὰ
3300 2257 3361 2308 τὸ
3392 2257 3584 2325 συχνόν
3609 2273 3667 2308 τε
3706 2256 3805 2308 καὶ

2217 2350 2517 2415 πολυειδὲς,
2550 2350 2650 2419 τῆς
2682 2349 2954 2402 ἀνέκαθεν
2996 2348 3127 2416 περὶ
3160 2347 3219 2401 τὸ
3266 2346 3613 2418 ἀνθρώπινον
3651 2347 3803 2401 ἑνδε-

2216 2442 2515 2511 δειγμένης
2572 2441 2854 2511 προνοίας.
2883 2441 2959 2505 ὼς
3002 2442 3165 2511 μόνον
3201 2439 3473 2510 σωτηρίας
3509 2439 3807 2492 ὑπολειπό-

2223 2551 2385 2603 μενον
2418 2537 2735 2603 φάρμακον.
2766 2534 2877 2603 Τῆς
2908 2534 3016 2605 γὰρ
3069 2533 3205 2603 μετὰ
3242 2532 3443 2603 σαρκὸς
3491 2530 3804 2601 οἰκονομίας

2217 2626 2370 2679 οὐδὲν
2404 2626 2470 2679 ἂν
2511 2625 2772 2697 εὕροιμεν
2817 2626 2916 2696 τῆς
2955 2626 3046 2679 ἐπὶ
3086 2626 3144 2678 τὸ
3176 2628 3429 2694 κρεῖττον
3463 2623 3807 2693 ἐπιστροφῆς

2217 2715 2674 2788 δραστικώτερον.
2705 2715 2893 2787 Ταύτῃ
2924 2717 3032 2786 γάρ
3066 2717 3147 2779 είς
3205 2717 3400 2769 ἑαυτὸν
3432 2716 3459 2767 ό
3495 2716 3655 2785 μόνος
3704 2731 3795 2768 σο-

2218 2806 2318 2876 φὸς
2372 2809 2481 2859 τῶν
2546 2807 2837 2878 ἡμετέρων
2905 2806 3094 2877 ψυχῶν
3134 2809 3340 2878 ἰατρὸς.
3381 2808 3451 2861 τὰ
3496 2808 3642 2870 πάθη
3692 2808 3807 2861 τῶν

2218 2899 2522 2970 ἀνθρώπων
2579 2900 2984 2972 ἀναδεξάμενος
3032 2903 3091 2954 ὲν
3149 2901 3352 2971 ἐαυτῷ,
3412 2902 3513 2973 τὴν
3576 2902 3803 2955 πάντων

2218 2991 2475 3057 ὲξιάσατο
2498 2991 2679 3046 νόσον.

2290 3102 2350 3154 Α.
2385 3102 2458 3155 Οὐ
2496 3101 2654 3172 θέμις
2697 3101 2901 3165 τοίνυν,
2954 3102 3082 3172 ἔφη,
3114 3105 3229 3167 τοῖς
3272 3104 3563 3173 φρονοῦσιν
3601 3104 3810 3175 ἑτέρως

2219 3194 2527 3263 ὁμολογεῖν,
2559 3193 2593 3262 ἢ
2620 3193 2702 3246 ὅτι
2734 3210 2797 3262 γε
2832 3193 2896 3264 δὴ
2928 3196 3065 3265 πρὸς
3097 3195 3338 3265 παντελῆ
3368 3194 3648 3267 σωτηρίαν
3673 3196 3811 3266 ἡμῖν

2217 3283 2280 3337 τὸ
2331 3282 2645 3354 θαυμαστὸν
2678 3286 2773 3337 καλ⁸
2806 3284 2949 3355 μέγα
3003 3288 3305 3356 μυστήριον
3341 3285 3441 3356 τῆς
3470 3284 3617 3349 θείας
3646 3286 3812 3340 ἐναν-

2218 3375 2561 3446 θρωπήσεως
2598 3376 3069 3447 αὐταρκέστατον.

2289 3492 2349 3544 υ.
2380 3488 2506 3542 Οὐδ’
2536 3487 2721 3553 αὐτὸς,
2769 3487 2930 3560 ἔφην,
2969 3488 3045 3560 μὴ
3073 3491 3195 3561 οὐχὶ
3229 3489 3408 3545 ταῦτα
3452 3490 3627 3555 οὕτως
3661 3490 3813 3563 ἔχειν

2220 3578 2425 3647 εἴποιμ’
2455 3576 2520 3631 ἄν
2541 3594 2557 3611 ·
2586 3578 2678 3632 τὸν
2704 3578 2760 3632 δὲ
2789 3578 2889 3648 τῆς
2912 3582 3243 3651 σαρκώσεως
3276 3582 3482 3653 τρόπον
3510 3582 3707 3654 ἣδιστα
3741 3583 3812 3637 ἂν

2221 3668 2665 3740 καταμάθοιμεν,
2698 3672 2765 3740 τῇ
2818 3670 3332 3745 πολυπραγμοσύνῃ
3365 3673 3461 3728 τοῦ
3517 3674 3611 3727 νοῦ
3660 3674 3812 3745 πρὸς

2222 3760 2286 3815 τὸ
2316 3760 2657 3833 σαφέστερον
2687 3762 3194 3833 ἐκκαλυπτόμενον.

2290 3873 2356 3925 Α.
2388 3873 2804 3938 Συνδιασκόπει,
2840 3874 2967 3945 ἔφη,
3000 3876 3054 3928 εῐ
3084 3893 3169 3930 σοι
3200 3876 3355 3944 φίλον
3380 3878 3555 3937 ἐστίν.

2290 3965 2355 4022 Ο.
2404 3967 2625 4039 Ἐπειδὴ
2676 3966 2877 4032 τοίνυν,
2924 3962 3098 4032 εἷπον,
3160 3970 3329 4041 ἐχρῆν
3376 3970 3439 4023 οὐ
3480 3969 3812 4041 βουληθῆναι

2224 4057 2405 4128 μόνον,
2438 4058 2576 4111 ἀλλὰ
2608 4058 2701 4111 καί
2728 4075 2780 4111 τι
2813 4058 3022 4129 πρᾶξαι
3052 4059 3144 4111 τὸν
3173 4059 3306 4112 Θεὸν
3336 4062 3418 4124 είς
3458 4063 3628 4131 ἡμᾶς,
3664 4064 3811 4117 πάν-

2220 4167 2329 4214 τως
2364 4167 2466 4203 που
2519 4150 2619 4203 καὶ
2675 4149 2922 4203 τοιοῦτον
2966 4150 3076 4204 ἔδει
3110 4152 3172 4205 τὸ
3228 4154 3609 4223 πραττόμενον
3640 4149 3811 4219 εἶναι,

2220 4241 2361 4295 ὥστε
2399 4242 2672 4312 μηδεμίαν
2700 4241 2847 4311 ἔχειν
2874 4242 3068 4310 σοφίας
3101 4243 3427 4316 ὑπερϐολήν.

2291 4338 2356 4387 Α.
2389 4334 2463 4387 Εὖ
2486 4334 2686 4402 λέγεις,
2712 4334 2838 4404 ἔφη,
2875 4336 3000 4388 ἐπεὶ
3039 4336 3179 4406 μηδὲ
3210 4331 3323 4389 εἶεν
3366 4337 3809 4409 ἁρμοδιώτερον·

2223 4428 2412 4497 ἐδέησε
2446 4426 2553 4494 γὰρ
2593 4428 2659 4480 ἂν
2687 4428 2920 4489 ἐκείνου,
2956 4429 3051 4481 καὶ
3084 4428 3208 4499 οὐχὶ
3235 4430 3425 4483 τούτου
3461 4430 3556 4484 τοῦ
3577 4433 3810 4502 τρόπου,

2225 4517 2361 4588 πρὸς
2394 4518 2609 4571 τελείαν
2637 4516 2733 4570 τοῦ
2771 4518 3219 4589 σπουδαζομένου
3249 4523 3613 4593 κατόρθωσιν.

614 4609 678 4663 0.
710 4581 1061 4670 Recte-haec,
1113 4581 1360 4675 inquam.
1392 4605 1553 4666 dicis,
1587 4604 1780 4659 amice.
1823 4606 1931 4660 Sed
1981 4605 2118 4660 illud

2269 4581 2359 4661 Ὀ.
2395 4605 2578 4660 Ταῦτα
2638 4608 2736 4678 μὲν
2770 4608 2968 4680 ὀρθῶς,
3002 4581 3161 4680 ἔφην,
3212 4581 3415 4679 λέγεις’,
3466 4606 3510 4665 ὧ
3539 4614 3767 4681 φίλτατε
3792 4632 3809 4647 ⁸

546 4710 631 4755 est
664 4700 834 4753 multa
882 4698 1324 4753 consideratione
1370 4696 1618 4765 dignum.
1667 4695 1720 4749 Si
1770 4698 1916 4751 enim
1950 4700 2121 4754 solam

548 4804 767 4844 carnem
833 4787 941 4841 sibi
989 4787 1254 4840 Dominus
1302 4786 1589 4852 univisset,
1648 4802 1832 4843 annon
1887 4793 2122 4847 maxima

549 4898 610 4934 re
653 4880 801 4933 salus
841 4877 1003 4932 nobis
1037 4876 1493 4946 periclitabatur?

622 4968 687 5025 ll.
722 4968 978 5033 Maxime,
1007 4966 1206 5037 inquit.

618 5083 683 5137 0.
720 5081 914 5137 Anima
945 5081 1117 5138 enim.
1151 5079 1371 5148 inquam
1406 5095 1528 5151 ego,
1552 5090 1612 5135 ut
1642 5084 1862 5154 opinor,
1889 5086 2125 5144 maxime

2226 4700 2343 4754 ἀλλ’
2377 4702 2555 4754 ἐκεῖνό
2583 4718 2644 4770 γε
2680 4702 2883 4771 πολλῆς
2932 4705 3083 4755 ὲστιν
3127 4703 3475 4774 διασκέψεως
3523 4707 3694 4771 ἄξιον.
3747 4710 3811 4762 Et

2228 4793 2337 4861 γὰρ
2369 4792 2552 4863 σάρκα
2582 4794 2751 4864 μόνην
2780 4797 2808 4847 ὁ
2839 4794 3044 4865 Κύριος
3086 4796 3296 4865 ἥνωσεν
3328 4798 3530 4868 ἑαυτῷ,
3568 4796 3657 4871 ἆρ’
3685 4802 3814 4873 οὐχ).

2230 4882 2306 4952 τῷ
2336 4884 2581 4954 μεγίστῳ
2611 4883 2918 4937 ἐκινδύνευε
2943 4885 3011 4938 τὰ
3045 4888 3143 4956 τῆς
3173 4887 3452 4957 σωτηρίας
3478 4890 3645 4959 ἡμῖνς

2306 4976 2371 5029 Δ.
2407 4974 2652 5038 Πάντως.

2304 5088 2367 5143 0.
2408 5088 2598 5158 Ψυχῆς
2623 5086 2753 5158 γὰρ,
2789 5087 2927 5159 ἔφην
2972 5087 3104 5157 ἐγὼ,
3154 5089 3224 5141 τὰ
3282 5091 3518 5160 μάλιστα
3552 5094 3816 5163 προσδεοο-

551 5175 880 5247 purgatione
915 5172 1225 5243 indigebat;
1258 5182 1313 5228 et
1341 5173 1412 5227 ob
1437 5189 1558 5227 eam
1594 5188 1814 5229 causam
1844 5190 2119 5250 assumpta

2237 5178 2407 5249 μένης
2447 5178 2794 5251 καθάρσεως,
2826 5178 2899 5241 ὠς
2923 5179 3186 5250 ἡγοῦμαι,
3216 5182 3312 5235 καὶ
3338 5181 3426 5235 διὰ
3455 5182 3615 5235 τοῦτο
3644 5203 3816 5255 προσ-

550 5278 655 5333 est,
681 5266 809 5336 quia
845 5266 1080 5336 primum
1120 5280 1300 5334 passa,
1328 5266 1506 5335 prima
1542 5264 1708 5320 etiam
1738 5266 1995 5323 damnata
2020 5281 2126 5325 est.

627 5467 740 5546 (δὲ)
780 5468 841 5546 Ut
866 5471 1072 5546 nullout
1103 5470 1441 5546 hyperbolen:
1478 5471 1642 5546 Ὥστε
1680 5474 1953 5546 μηδεμίαν
1976 5476 2122 5546 ἔχειν

557 5541 750 5607 σοφίας
785 5541 1113 5610 ὑπερϐολήν.
1158 5541 1464 5610 llyperbole
1495 5541 1780 5610 sapientia:
1823 5541 2037 5609 fuisset,
2073 5548 2119 5600 si

555 5623 757 5682 corpus
791 5618 1000 5682 natura
1031 5611 1382 5682 impossibile
1430 5626 1654 5680 passum
1715 5615 1932 5670 fuisset.
1986 5617 2121 5682 Quis

555 5681 703 5734 enim
723 5680 1008 5733 crederet?
1026 5681 1139 5734 Etsi
1159 5681 1305 5735 enim
1332 5682 1633 5746 credimus,
1654 5700 1777 5753 qua:
1798 5696 1928 5740 sunt
1951 5680 2120 5756 supra

628 5793 694 5861 (')
725 5792 1193 5859 Deincepslittera
1225 5794 1268 5847 0
1293 5794 1685 5859 orthodoxum,
1722 5798 1901 5852 littera
1926 5799 2116 5853 veroA

564 5862 1083 5930 Aphtartodocetam
1103 5877 1197 5917 seu
1218 5864 1703 5933 lncorrupticolam
1723 5868 1776 5924 in
1801 5868 1989 5922 Graeco
2021 5869 2119 5924 dc-

2236 5269 2611 5341 ειλημμένης,
2664 5269 2795 5324 διότι
2876 5272 3398 5345 πρωτοπαθήσασα,
3452 5275 3643 5348 πρώτη
3718 5279 3815 5331 καὶ

2236 5364 2618 5434 κατακέκριτο.

2228 5489 2480 5559 naturam
2532 5495 2696 5549 quam
2741 5481 3017 5543 videmus,
3050 5492 3107 5537 et
3141 5498 3309 5553 supra
3338 5485 3608 5539 rationem
3646 5502 3812 5555 quam

2228 5551 2577 5619 attingimus:
2607 5566 2715 5603 non
2750 5560 2932 5605 tamen
2964 5561 3093 5607 sunt
3114 5551 3307 5609 contra
3328 5564 3580 5610 naturam
3604 5551 3816 5612 efcon—

2230 5628 2313 5672 tra
2339 5621 2609 5676 rationem
2648 5622 2999 5692 simpliciter.
3032 5622 3169 5678 Tun.

2225 5799 2794 5924 fignaboloquentes;
2822 5802 2877 5883 in
2901 5803 3023 5885 hat.
3054 5807 3381 5886 verolittera
3422 5808 3467 5867 0
3488 5809 3809 5877 orthodox.,

2251 5882 2333 5924 ttt.
2358 5870 2401 5924 ll
2437 5872 2765 5924 Anhtartod.
2790 5873 3141 5924 smmﬂcabtt-

2251 5872 2333 5925 itt.
2358 5870 2401 5924 ll
2437 5872 2765 5942 Aphtartod.
2790 5872 3141 5945 signiﬁcabit.
