4120 6440
401 454 538 518 1325

467 569 530 619 Α,
568 564 764 630 Θείως,
789 567 914 639 ἔφη,
950 568 1152 638 λέγεις.

465 661 530 714 0.
563 657 727 713 Ὀλον
758 656 850 713 οὗν
875 660 1289 732 ἄνθρωπον,’τὸν
1319 668 1384 720 ὲκ
1418 666 1672 738 σώματος
1703 667 1847 737 λέγω
1881 669 1976 724 καὶ

394 751 575 822 ψυχῆς
603 751 828 823 λογικῆς
855 771 913 806 τε
947 756 1041 808 καὶ
1072 758 1266 828 νοερᾶς
1295 760 1678 830 συγκείμενον,
1703 761 1976 825 οὐσιωδῶς

397 844 742 915 προσλαϐὼν,
775 847 900 900 ὅλου
951 848 1245 920 ἀνθρώπου
1274 852 1373 922 τὴν
1411 855 1688 925 σωτηρίαν
1711 853 1980 924 εἰργάσα-

394 953 478 998 το,
505 935 583 1006 τῷ
610 937 781 1008 ὁμοίῳ
811 939 871 992 τὸ
897 941 1084 1008 ὅμοιον
1105 941 1514 1013 άνακαθαίρων.

463 1030 529 1083 Α.
569 1030 848 1086 Κάλλιστά
890 1050 976 1102 γε,
1026 1033 1153 1104 ἔφη,
1187 1035 1363 1089 ταῦτα
1399 1036 1581 1105 λέγεις
1631 1037 1727 1090 καὶ
1770 1036 1970 1091 τελεώ-

392 1138 558 1176 τατα.

465 1221 527 1272 0.
573 1218 714 1271 Ἀλλ’
741 1219 917 1290 ἔγωγε
969 1221 1108 1293 πρὸς
1157 1223 1340 1276 αὐτόν·
1380 1223 1590 1277 Οὐκοῦν
1637 1223 1827 1296 ὥσπερ
1881 1224 1974 1281 οὗν

394 1311 445 1362 εἰ
474 1310 655 1381 ψυχὴν
681 1311 884 1377 λαϐὼν,
915 1314 973 1366 οὑ
1007 1313 1106 1384 τὴν
1141 1313 1279 1385 ἐμὴν
1307 1315 1683 1386 προσειλήφει.
1717 1318 1777 1369 El
1805 1319 1974 1373 δὲκαὶ

396 1404 495 1474 τὴν
527 1405 687 1474 ἐμὴν,
715 1405 764 1456 εί
802 1406 877 1476 μὴ
909 1406 1051 1458 κατά
1079 1408 1177 1476 τὴν
1214 1407 1354 1478 ἐμὴν
1410 1407 1498 1460 διὰ
1535 1409 1748 1462 πάντων
1778 1412 1976 1465 οὺσιω-

394 1496 502 1560 δὼς
551 1497 924 1568 ὑπάρχουσαν,
966 1499 1094 1552 ἄλλο
1131 1517 1182 1552 τι
1243 1501 1393 1572 παρὰ
1414 1500 1514 1572 τὴν
1554 1503 1698 1572 ἐμὴν
1746 1507 1973 1570 πάντως

397 1590 614 1660 ὑπῆρχε
642 1589 819 1662 ψυχὴν
846 1591 908 1645 τὸ
942 1592 1275 1663 σωζόμενον.

465 1685 530 1735 Α.
558 1683 838 1752 Δηλονότι,
883 1684 988 1754 ἔφη
1011 1701 1025 1715 ·
1063 1686 1280 1754 ἐκείνης
1312 1685 1420 1755 γὰρ
1450 1686 1513 1757 δὴ
1550 1688 1767 1752 πάντως
1797 1688 1972 1759 ὕπῆρ·

395 1791 488 1842 χεν
515 1775 548 1843 ἡ
585 1775 848 1845 σωτηρία,
883 1776 1018 1847 πρὸς
1062 1777 1129 1848 ἢν
1178 1777 1273 1830 καὶ
1309 1778 1749 1850 ἀπαραλλάκτως
1774 1780 1972 1851 ἔχουσα

393 1881 701 1936 ευρισκετο.

1456 469 1753 530 CONTRA
1793 470 2089 530 NESTOR
2156 476 2249 536 ET
2288 480 2606 542 EUTYCH.

2003 583 2050 636 Δ
2151 582 2214 636 Π.
2250 586 2464 651 Divine,
2503 587 2702 656 inquit,
2731 588 2891 644 dicis.

3520 491 3654 554 1326

2148 674 2212 727 0.
2249 676 2387 730 Toto
2420 679 2584 747 igitur
2616 680 2860 746 homine,
2907 698 2971 736 ex
3018 699 3272 755 corpore,
3317 689 3564 760 inquam,
3598 705 3654 748 et

2077 768 2258 823 anima
2289 771 2517 826 rationis
2557 783 2810 842 compote
2849 784 2904 830 et
2945 776 3286 848 intelligente
3347 786 3653 853 composito

2077 863 2380 917 secundum
2407 865 2770 919 substantiam
2793 878 3095 938 assumpto,
3123 872 3292 926 totius
3309 874 3550 931 hominis
3567 894 3654 933 sa-

2078 954 2247 1008 lutem
2283 967 2542 1024 operatus
2573 967 2679 1021 est,
2719 959 2884 1012 simili
2917 961 3093 1017 simile
3126 979 3448 1035 repurgans.

2147 1045 2212 1098 H.
2246 1046 2572 1111 Bellissime,
2616 1049 2816 1119 inquit,
2861 1052 2975 1106 haec
3010 1055 3216 1116 omnia.
3266 1067 3320 1110 et
3361 1059 3661 1114 absolutis‘

2077 1136 2215 1192 sime
2262 1138 2418 1193 dicis.

2147 1231 2210 1285 0.
2262 1231 2328 1285 At
2393 1248 2493 1303 ego
2560 1234 2672 1287 illi:
2728 1234 2899 1304 Igitur
2948 1236 3089 1290 sicut
3141 1238 3185 1292 si
3237 1255 3358 1294 eum
3412 1241 3651 1300 animam

2077 1324 2336 1392 sumpsit,
2374 1340 2483 1378 non
2517 1341 2696 1379 meam
2729 1327 2966 1381 animam
3007 1330 3365 1399 sumpsisset;
3396 1332 3440 1385 si
3467 1344 3648 1389 autem

2075 1424 2124 1467 et
2155 1431 2352 1476 meam,
2380 1432 2490 1469 non
2518 1426 2698 1471 tamen
2731 1434 2828 1487 per
2853 1419 3037 1473 omnia
3063 1421 3366 1476 secundum
3399 1423 3653 1480 substan-

2078 1507 2229 1569 tiam,
2267 1508 2414 1561 sicut
2440 1524 2561 1562 mea
2592 1508 2818 1576 fuisset;
2856 1510 3007 1564 aliud
3040 1512 3203 1580 plane
3238 1522 3441 1582 praeter
3472 1531 3651 1570 meam

2074 1599 2310 1652 animam
2351 1608 2520 1665 esset,
2554 1601 2702 1670 quod
2736 1601 2940 1655 factum
2976 1610 3062 1657 est
3093 1604 3332 1659 salvum.

2145 1687 2212 1740 Η.
2243 1687 2409 1750 Sane,
2440 1689 2646 1758 inquit:
2671 1690 2818 1744 illius
2840 1691 2988 1744 enim
3017 1707 3245 1761 prorsus
3272 1695 3472 1752 animas
3500 1697 3652 1753 salus

2074 1776 2295 1842 fuisset,
2324 1795 2354 1832 a
2386 1796 2493 1850 qua
2527 1797 2636 1835 non
2669 1781 2896 1836 differre
2923 1792 3140 1852 reperta
3169 1792 3338 1842 esset.

464 1930 524 2009 ί).
560 1956 716 2010 Κατὰ
749 1956 843 2010 τὸν
882 1959 998 2010 ῐσον
1031 1956 1095 2029 δὴ
1128 1957 1353 2028 τρόπον,
1390 1959 1551 2033 ἔφην,
1587 1965 1636 2017 εί
1667 1963 1761 2018 καὶ
1793 1965 1965 2037 σάρκα

2146 1959 2206 2012 0.
2240 1959 2321 2012 Ad
2357 1961 2610 2014 eumdem
2642 1958 2887 2024 modum,
2918 1959 3142 2029 inquam
3177 1976 3301 2031 ego,
3343 1960 3389 2015 si
3425 1977 3647 2016 carnem

391 2044 574 2098 λαϐὼν
628 2047 703 2117 μὴ
752 2047 850 2117 τὴν
896 2049 1057 2119 ἐμήν.
1128 2049 1190 2103 El
1240 2049 1298 2104 δὲ
1359 2054 1453 2106 καὶ
1497 2054 1598 2126 τὴν
1643 2057 1804 2126 ἐμὴν,
1836 2057 1974 2110 άλλά

391 2147 538 2199 κατά
576 2164 628 2199 τι
671 2146 1164 2220 παρηλλαγμένην,
1205 2149 1320 2221 ἔχοι
1368 2152 1412 2203 δ’
1461 2152 1528 2205 ἂν
1569 2154 1628 2205 τδ
1678 2155 1969 2226 διάφορον·

389 2241 440 2291 εί
487 2237 563 2309 μὴ
612 2241 709 2292 καὶ
747 2239 1084 2310 ὁμοιοπαθὴς
1140 2241 1248 2311 εἴη,
1299 2244 1392 2296 καὶ
1438 2245 1582 2298 κατὰ
1635 2247 1810 2300 πάντα
1859 2251 1972 2311 τοῖς

389 2332 689 2401 ἡμετέροις
726 2332 1121 2402 συμϐαίνουσα,
1162 2336 1381 2400 πάντως
1412 2337 1478 2391 ἂν
1512 2341 1544 2408 ἡ
1586 2340 1832 2409 σωτηρία
1874 2345 1972 2414 τῆς

389 2423 596 2495 σαρκὸς
627 2423 842 2494 ἐκείνης
878 2423 1179 2494 ἐτύγχανεν
1229 2422 1389 2490 οὖσα,
1421 2429 1556 2499 πρὸς
1589 2430 1658 2500 ἢν
1687 2431 1971 2500 ἀφομοιῶο

389 2532 480 2567 σαι
509 2515 610 2585 τὴν
647 2517 826 2588 σάρκα
854 2516 952 2586 τὴν
975 2519 1270 2573 ἐνωθεῖσαν
1303 2521 1452 2591 αὑτῷ
1482 2522 1842 2592 κατηξίωσεν.

457 2607 501 2660 Α
562 2608 673 2661 Καὶ
698 2609 800 2673 τίς,
835 2609 961 2680 ἔφη,
997 2612 1132 2681 πρὸς
1163 2613 1418 2664 τοσοῦτον
1448 2613 1649 2683 μανίας
1682 2615 1967 2685 ἐλήλακεν,

385 2698 539 2762 ὅστις
571 2700 692 2770 οὐχὶ
740 2699 917 2754 ταῦτα
951 2702 1129 2772 ἀληθῆ
1161 2721 1219 2756 τε
1238 2700 1378 2757 εἶναι
1413 2704 1690 2774 ὁμολογεῖ,
1722 2707 1813 2759 καὶ
1843 2709 1970 2772 τοὺς

388 2791 465 2862 μὴ
513 2790 688 2854 οὕτως
740 2792 986 2863 ἔχοντας,
1037 2797 1151 2855 τοῖς
1207 2797 1563 2867 κατακρίτοις
1608 2797 1966 2868 συναριθμεῖς

456 2883 518 2936 0.
565 2883 796 2938 Ἐκεῖνοι
843 2885 1087 2951 πάντως,
1134 2880 1309 2952 εἶπον,
1341 2889 1390 2940 of
1443 2887 1654 2952 ἀπαθὲς
1704 2889 1968 2961 ὑπάρχειν

384 2973 515 3027 αὐτὸ
545 2976 638 3029 κα)⁵
669 2976 943 3047 ἄφθαρτον
965 2978 1292 3049 ὁριζόμενοι.

454 3070 518 3121 Α.
546 3069 620 3121 Οὐ
644 3069 784 3121 κατὰ
809 3068 968 3138 φύσιν
989 3070 1369 3140 ἀπαθὲς,”ἐφη,
1390 3072 1451 3125 τὸ
1470 3072 1625 3150 σῶμα
1647 3073 1740 3126 καὶ
1757 3074 1966 3143 ἀφθαρο

385 3180 476 3216 τον
501 3161 768 3232 λέγομεν,
821 3162 935 3216 ἀλλ’
975 3162 1170 3216 ἐνώσει
1209 3165 1275 3236 τῇ
1328 3165 1465 3235 πρὸς
1494 3165 1583 3218 τὸν
1616 3166 1748 3219 Θεὸν
1791 3167 1964 3236 Λόγον

383 3253 697 3324 γενόμενον.

456 3351 519 3398 U.
576 3346 741 3399 Οὐδὲν
797 3345 1040 3417 διαφέρει
1074 3385 1090 3412 ,
1123 3342 1189 3417 ἦν
1221 3346 1263 3399 δ’
1300 3345 1408 3416 ἐγὼ
1430 3387 1445 3411 ,
1473 3348 1566 3402 τοῦ
1611 3349 1876 3420 προτέρου
1904 3348 1964 3402 τὸ

382 3437 659 3508 δεύτερον,
684 3437 818 3491 ἀλλά
854 3437 954 3508 τὴν
987 3440 1108 3506 ἴσην
1136 3439 1270 3509 πρὸς
1294 3441 1354 3492 τὸ
1379 3440 1549 3494 κακὸν
1579 3440 1807 3511 δύναμιν
1829 3440 1960 3511 ἔχει,

385 3529 546 3602 εἴπερ
577 3547 640 3599 γε
674 3530 812 3592 ὅλως
837 3529 936 3600 τὴν
967 3529 1103 3601 πρὸς
1133 3531 1192 3584 τὸ
1213 3533 1539 3601 ὁμοιοπαθὲς
1571 3532 1664 3585 τοῦ
1694 3531 1963 3603 ἡμετέρου

387 3620 638 3693 σώματος
671 3622 1010 3690 συγγένειαν,
1047 3623 1412 3695 παρῄτηταιή
1445 3624 1537 3678 τοῦ
1570 3625 1773 3694 Κυρίου
1804 3624 1959 3696 σάρξ.

453 3714 518 3766 Δ.
554 3713 679 3776 Πῶς
711 3713 890 3777 τοῦτο,
922 3713 1049 3782 ἔφη,
1081 3712 1262 3782 λέγεις
1288 3731 1303 3780 ;

455 3808 516 3862 Ο.
563 3806 687 3860 ’Ότι
739 3805 814 3877 μὴ
843 3805 1026 3870 τοῦτο,
1074 3802 1248 3870 εἷπον,
1309 3805 1426 3860 ἐστι
1469 3807 1529 3859 τδ
1567 3807 1960 3877 σκοπούμενον,

383 3898 614 3969 πότερον
644 3896 836 3952 ἐνὼσει
868 3898 899 3968 ἢ
933 3902 1246 3970 κατασκευῇ
1283 3899 1497 3969 φύσεως
1535 3899 1812 3971 ἄφθαρτον
1867 3902 1961 3969 γέ·-

381 4008 542 4060 γονεν
567 4011 580 4022 ·
623 3993 738 4046 ἀλλ’
771 3994 818 4045 εί
845 3991 920 4062 μὴ
944 3992 1044 4062 τῆς
1075 3993 1352 4063 ἡμετέρας
1382 3992 1596 4061 φύσεως
1638 3992 1962 4062 ἀπαραλλά-

382 4099 528 4147 κτως
557 4081 625 4136 τά
651 4083 1032 4154 γνωρίσματα,
1067 4082 1207 4154 πλὴν
1244 4084 1343 4154 τῆς
1384 4085 1659 4156 ἁμαρτίας
1687 4085 1964 4154 διέσωζεν,

381 4175 510 4246 ἔφη.

456 4270 521 4322 Α.
557 4267 724 4323 ’Ὅσον
753 4286 818 4336 γε
844 4268 936 4321 ἐπὶ
960 4270 1026 4339 τῇ
1055 4268 1245 4342 πρώτῃ
1275 4269 1442 4338 αὐτῆς
1475 4269 1754 4330 συστάσει,
1787 4271 1878 4322 καὶ
1903 4269 1964 4323 τὸ

378 4361 480 4424 τὰς
505 4361 680 4432 ἀρχὰς
710 4359 854 4430 ἔχειν
885 4363 949 4414 ἐκ
986 4362 1090 4432 τῆς
1122 4363 1411 4426 Θεοτόκου,
1451 4362 1686 4431 ἀδελφῆς
1718 4377 1777 4412 τε
1806 4362 1962 4431 ἡμῶν

379 4453 549 4524 οὔσης
585 4451 728 4506 κατά
751 4452 848 4523 τὴν
873 4452 1037 4521 φύσιν
1070 4494 1083 4517 ,
1117 4455 1211 4507 καὶ
1242 4456 1422 4525 πάσης
1454 4454 1818 4522 κοινωνούσης
1865 4457 1962 4526 τῆς

385 4546 648 4615 ἰδιότητος
676 4544 770 4598 τοῦ
803 4545 1141 4616 ἀνθρωπείου
1175 4550 1571 4619 συγκρίματος.

2073 2051 2398 2120 sumpsisset
2426 2067 2535 2105 non
2561 2066 2772 2117 meam;
2817 2053 2864 2105 si
2903 2067 3036 2106 vero
3067 2068 3266 2118 meam,
3305 2063 3488 2110 tamen
3542 2057 3648 2110 alio

2071 2152 2279 2211 quanto
2329 2142 2699 2207 diff‘erentem,
2767 2151 3022 2213 essetque
3058 2143 3395 2209 differentia,
3438 2145 3484 2198 si
3537 2161 3649 2200 non

2072 2243 2217 2288 esset
2242 2234 2499 2288 similiter
2532 2233 2830 2303 passibilis,
2857 2244 2912 2288 et
2937 2249 3035 2296 per
3070 2235 3254 2289 omnia
3288 2251 3411 2289 eum
3440 2236 3509 2292 iis
3528 2252 3650 2306 qua:

2073 2327 2252 2381 carnis
2278 2336 2482 2382 nostrae
2535 2336 2683 2391 sunt,
2715 2327 3082 2392 conveniens;
3143 2327 3459 2381 necessario
3502 2327 3650 2383 illius

2074 2419 2256 2474 carnis
2287 2419 2434 2473 salus
2469 2429 2634 2484 esset,
2667 2418 2757 2472 cui
2781 2433 3005 2472 carnem
3042 2419 3146 2473 sibi
3186 2421 3397 2474 unitam
3429 2420 3649 2475 assimi-

2071 2510 2186 2564 lare
2217 2510 2498 2564 voluisset.

2143 2603 2209 2657 ﬂ.
2248 2603 2316 2656 Et
2363 2603 2506 2672 quis,
2559 2603 2757 2673 inquit,
2815 2619 2880 2658 eo
2921 2604 3148 2660 insaniae
3199 2608 3555 2676 processerit,
3587 2617 3652 2662 ut

2071 2711 2198 2749 vera
2217 2711 2337 2750 esse
2369 2696 2485 2751 haec
2520 2712 2630 2750 non
2655 2695 3017 2762 confiteatur;
3062 2703 3118 2751 et
3157 2713 3253 2752 eos
3280 2699 3374 2768 qui
3431 2715 3541 2754 non
3569 2701 3650 2754 sic

2071 2785 2336 2847 sentiunt,
2393 2785 2448 2839 in
2474 2783 2747 2838 damnatis
2781 2800 2892 2840 non
2920 2786 3218 2840 numeret?

2140 2875 2203 2931 0.
2238 2877 2343 2937 Illi.
2373 2877 2814 2945 inquam,certe,
2836 2878 2929 2945 qui
2953 2876 3226 2932 definiunt
3253 2894 3453 2949 corpus
3475 2879 3646 2937 fuisse

2069 2969 2402 3032 impassibile
2436 2976 2491 3022 et
2534 2969 2974 3037 incorruptibile.

2139 3059 2201 3113 Η.
2241 3060 2382 3124 Νοη,
2402 3059 2600 3128 inquit,
2627 3059 2962 3126 impassibile
2989 3069 3184 3114 natura
3214 3076 3416 3131 corpus
3439 3059 3642 3116 factum

2066 3168 2186 3206 esse
2215 3150 2471 3215 dicimus,
2500 3149 2597 3205 sed
2629 3151 2832 3206 unione
2863 3165 2988 3205 cum
3022 3151 3223 3206 Verbo.

2136 3343 2199 3399 0.
2255 3344 2369 3414 Ego
2416 3359 2547 3399 vero
2603 3342 2742 3398 nihil
2783 3343 3060 3414 posterius
3112 3359 3141 3398 a
3188 3344 3376 3414 priore
3417 3343 3641 3401 differre

2067 3441 2199 3505 dixi,
2242 3441 2337 3496 sed
2391 3439 2641 3495 eamdem
2689 3441 2798 3494 vim
2845 3439 2911 3493 ad
2969 3440 3284 3495 nocendum
3337 3440 3563 3506 habere,
3594 3441 3638 3495 si

2065 3549 2197 3589 caro
2215 3534 2434 3590 Domini
2467 3534 2691 3604 penitus
2722 3531 3043 3587 affinitatem
3092 3548 3216 3586 cum
3271 3533 3639 3603 passibilitate

2065 3623 2240 3680 nostri
2269 3623 2518 3694 corporis
2559 3630 2800 3678 recusat.

2139 3717 2202 3773 Η.
2237 3714 2549 3783 Quomodo,
2579 3712 2778 3784 inquit,
2811 3712 2917 3767 hoc
2945 3712 3066 3768 ais?

2133 3811 2198 3866 0.
2221 3810 2491 3878 Quoniam
2509 3824 2618 3864 non
2647 3817 2750 3871 est,
2771 3809 3014 3878 inquam,
3047 3808 3152 3864 hoc
3181 3807 3326 3879 quod
3351 3809 3638 3879 quaeritur,

2064 3913 2248 3959 utrum
2282 3903 2508 3968 unione,
2565 3917 2634 3956 an
2673 3910 2884 3956 natura:
2916 3900 3277 3956 fabricatione
3313 3901 3516 3957 factum
3555 3910 3641 3957 est

2064 3994 2519 4064 incorruptibile;
2577 3991 2674 4048 sed
2734 4006 2804 4046 an
2862 3998 3072 4046 naturae
3125 4000 3326 4046 nostra:
3385 4000 3543 4048 notas
3584 4001 3643 4047 et

2063 4089 2216 4159 signa
2273 4087 2392 4142 sine
2449 4086 2560 4140 ulla
2620 4083 3041 4147 immutatione,
3100 4091 3331 4152 excepto
3386 4092 3637 4156 peccato,

2064 4177 2337 4234 servabat.

2134 4269 2199 4324 Η.
2227 4265 2415 4334 Quoad
2462 4263 2720 4335 primam,
2752 4263 2952 4331 inquit,
3001 4261 3176 4332 ipsius
3199 4270 3410 4317 natura:
3435 4263 3640 4318 consti-

2063 4362 2330 4415 tutionem
2361 4368 2416 4414 et
2453 4356 2724 4428 principia
2753 4370 2820 4409 ex
2841 4355 3012 4409 Matre
3036 4354 3129 4408 Dei
3158 4365 3215 4408 et
3243 4370 3430 4410 sorore
3454 4363 3641 4410 nostra

2063 4454 2366 4508 secundum
2427 4459 2724 4512 naturam,
2791 4461 2912 4517 quae
2971 4463 3191 4503 omnem
3248 4446 3639 4518 proprietatem

2064 4545 2289 4601 humani
2325 4543 2573 4612 corporis
2601 4540 2969 4610 participavit.

453 4637 517 4691 0.
553 4635 900 4707 Σαφεστέρας
940 4636 1145 4690 δεῖσθαι
1174 4638 1272 4708 τὴν
1302 4639 1592 4710 ἀπόκρισιν
1629 4639 1960 4709 ἐξηγήσεως,

2136 4638 2200 4693 0.
2231 4637 2532 4692 Clariorem
2570 4633 2970 4703 expositionem
2993 4631 3281 4703 responsio
3305 4632 3640 4700 postulabat,

379 4732 510 4799 ἔφη,
559 4730 912 4801 παριστώσης
936 4769 940 4774 η
964 4731 1094 4801 ἡμῖν
1126 4730 1560 4802 τηλαυγέστερον
1596 4731 1655 4783 τὸ
1694 4731 1961 4800 ζητούμεο

382 4838 495 4875 νον.
527 4822 600 4875 Οὐ
629 4822 738 4892 γὰρ
769 4820 952 4884 ἁπλῶς
991 4821 1165 4884 οὕτως
1198 4821 1256 4888 ἐξ
1290 4815 1366 4875 ὧν
1391 4821 1639 4892 εἴρηκας,
1672 4820 1960 4890 γινώσκειν

381 4916 514 4985 ἔχω.

453 5006 519 5060 Δ.
549 5006 617 5058 Τί
648 5005 775 5076 μὴν,
806 5005 933 5074 ἔφη,
966 5005 1341 5077 ἀσαφέστερον
1369 5007 1603 5077 εἴρηκας

455 5101 518 5153 Ο.
549 5098 809 5169 Πότερον,
839 5098 994 5167 ἔφην,
1027 5095 1136 5167 ἆρα
1160 5098 1252 5150 τοῦ
1285 5097 1538 5167 σώματος
1558 5101 1658 5170 τῆς
1679 5101 1958 5172 Παρθένου

386 5188 991 5260 μεταστοιχειωθέντος,
1013 5189 1108 5240 καὶ
1128 5189 1226 5259 τῆς
1259 5189 1394 5252 ἰδίας
1413 5190 1704 5253 ἐκστάντος
1722 5192 1958 5259 φύσεως,

383 5283 490 5334 ὑπὸ
521 5281 623 5350 τῆς
665 5281 759 5333 τοῦ
793 5281 970 5348 Λόγου
1002 5281 1287 5350 δυνάμεως
1337 5279 1507 5344 οὕτως
1555 5280 1613 5345 ἐξ
1653 5283 1821 5352 αὐτῆς
1862 5285 1961 5353 τῆς

386 5373 622 5443 μήτρας,
670 5371 845 5434 ἄλλως
896 5371 1125 5440 ἔχουσαν
1166 5372 1264 5440 τὴν
1304 5373 1582 5443 ἡμετέραν
1621 5373 1770 5441 αὐτῷ
1799 5373 1962 5441 φύσιν

383 5462 626 5532 ἡνῶσθαι
657 5463 878 5530 λέγεις;
913 5461 945 5530 ἢ
991 5462 1089 5530 τῆς
1119 5461 1395 5533 Παρθένου
1433 5466 1530 5532 μέν
1567 5465 1622 5516 ἐν
1655 5465 1766 5527 τοῖς
1815 5463 1960 5517 ίδιιὶ»⁹

385 5569 521 5622 μασι
548 5553 649 5622 τῆς
695 5551 912 5619 φύσεως
946 5551 1229 5622 μεινάσης,
1277 5551 1444 5606 τῶνδε
1492 5553 1722 5624 πρώτων
1753 5556 1958 5625 ἀρχῶν,

380 5645 492 5698 τῶν
560 5644 908 5715 παρθενικῶν
967 5645 1217 5713 αἱμάτων
1271 5644 1435 5712 λέγω,
1465 5646 1959 5717 μεταποιηθέντων,

379 5736 658 5808 ἄφθαρτον
688 5736 1019 5806 γεγενῆσθαι
1048 5737 1148 5806 τὴν
1179 5740 1356 5807 σάρκα
1381 5754 1397 5804 ;

455 5830 520 5884 Α.
579 5829 741 5891 Τινὲς
804 5829 903 5899 μὲν
931 5868 946 5892 ,
978 5829 1117 5899 ἔφη,
1159 5827 1254 5881 καὶ
1280 5831 1347 5899 τῇ
1395 5830 1636 5901 προτέρα
1679 5831 1808 5902 δόξῃ
1853 5831 1960 5884 τῶν

383 5919 770 5988 ἁπλουστέρων
818 5915 970 5990 οἶμαι
1002 5917 1407 5989 προστίθενται,
1465 5917 1623 5973 πλέον
1656 5918 1688 5991 ἦ
1718 5920 1960 5989 προσῆκε

2069 4744 2190 4799 quae
2224 4726 2388 4782 nobis
2413 4723 2714 4779 dilucidius
2761 4721 3126 4792 quaastionem
3158 4720 3500 4792 explicaret;
3532 4736 3643 4776 non

2065 4817 2213 4870 enim
2252 4814 2331 4869 sic
2354 4811 2680 4882 simpliciter
2718 4825 2785 4864 ex
2824 4809 2893 4863 iis
2923 4823 3043 4878 quae
3090 4808 3302 4873 dixisti,
3334 4808 3646 4880 intelligere

2064 4920 2305 4975 possum.

2135 5004 2199 5058 Η.
2230 5002 2394 5070 Quid,
2421 5001 2624 5072 inquit,
2665 5000 2954 5056 obscurius
2988 4999 3144 5055 dixi?

2133 5095 2196 5152 Ο.
2223 5097 2442 5161 Utrum,
2475 5094 2719 5163 inquam,
2743 5107 2974 5162 corpore
2996 5091 3236 5163 Virginis
3269 5098 3501 5153 mutato,
3533 5097 3589 5143 et
3609 5105 3640 5143 a

2063 5189 2285 5262 propria
2326 5196 2523 5243 natura
2577 5185 2780 5239 virtute
2839 5183 3005 5238 Verbi
3067 5183 3329 5248 alienato,
3373 5191 3630 5239 naturam

2064 5289 2308 5335 nostram
2335 5279 2414 5333 sic
2439 5293 2504 5333 ex
2534 5278 2656 5347 ipso
2678 5283 2835 5330 utero
2860 5274 3023 5328 aliter
3069 5274 3364 5330 habentem
3427 5275 3638 5329 unitam

2063 5387 2183 5427 esse
2203 5372 2255 5426 ei
2291 5369 2463 5434 dicis;
2493 5383 2560 5422 an
2588 5382 2722 5421 vero
2755 5375 3012 5420 manente
3027 5367 3251 5437 Virgine
3293 5367 3350 5423 in
3382 5368 3637 5440 proprie-

2065 5463 2273 5518 tatibus
2300 5468 2530 5521 naturre,
2580 5458 2872 5529 principiis
2919 5473 3051 5512 vero
3100 5458 3317 5528 primis,
3353 5461 3639 5531 sanguinis

2065 5555 2279 5611 scilicet
2308 5550 2612 5622 virginalis,
2644 5549 3026 5605 transmutatis
3049 5565 3270 5604 carnem
3293 5550 3637 5622 incorrupti-

2063 5647 2228 5702 bilem
2267 5651 2582 5716 generatam
2615 5639 2780 5696 esse?

2135 5823 2496 5889 H.Nonnulli,
2513 5822 2712 5892 inquit,
2736 5821 2912 5892 priori
2937 5821 3185 5893 Opinioni
3217 5824 3639 5895 simpliciorum,

2066 5920 2280 5990 opinor,
2304 5919 2705 5981 adhaerescunt,
2741 5915 3032 5986 plusquam
3065 5917 3342 5984 convenit,
3365 5918 3644 5978 honoran-
