4120 6454
475 483 610 548 1327
1721 463 2034 527 LEONTII
2075 462 2482 524 BYZANTINI
3625 447 3761 514 1323

455 608 558 651 tes
580 591 883 663 Virginem,
919 596 976 644 ει
999 585 1302 642 absurdum
1362 585 1493 638 inde
1541 580 1900 653 proﬁciscens
1949 593 2060 632 non

2178 577 2263 648 τὴν
2313 575 2591 648 Παρθένον
2649 571 3143 646 ἀποσεμνύνοντες.
3199 568 3298 624 καὶ
3356 568 3456 642 τὴν
3509 566 3762 622 ἐντεῦθεν

475 661 853 758 providentes,
879 690 937 737 et
986 677 1135 751 quod
1179 679 1225 734 si
1259 677 1393 749 quid
1423 674 1755 748 huiusmodi
1769 671 2067 728 accidisset

2178 669 2556 742 ἅναφυομένην
2585 670 2819 724 ἀτοπίαν
2852 668 2912 722 οὐ
2949 663 3350 738 προορώμενοι,
3379 663 3476 717 καὶ
3498 662 3574 726 ὡς
3602 661 3762 734 εἴπερ

477 753 708 851 Virgini,
740 774 1027 830 habilitate
1054 769 1308 846 pariendi
1335 772 1547 842 privata
1594 768 1814 824 fuisset.

2178 781 2219 817 ιι
2243 761 2452 817 τοιοῦτο
2472 765 2540 835 τῇ
2572 763 2836 833 Παρθένῳ
2865 760 3226 831 συμϐεϐήκει,
3255 757 3350 812 καὶ
3372 756 3542 827 αὐτῆς
3574 753 3641 810 ἂν
3660 757 3766 825 τῆς

2171 855 2306 926 πρὸς
2331 854 2393 907 τὸ
2420 854 2624 908 τίκτειν
2651 853 3091 923 ἐπιτηδειότητος
3113 848 3477 920 ἀπεστέρητο.

542 955 608 1012 0.
659 954 980 1018 Verissima,
1039 953 1262 1024 inquam
1311 967 1446 1024 ego,
1498 951 1662 1009 dicis.
1714 949 1874 1017 Quod
1915 949 2067 1004 enim

2241 948 2304 999 Ο.
2346 944 2740 1015 Ἀληθέστατα,
2769 937 2840 1015 ἦν
2863 943 2907 997 δ’
2932 942 3068 1011 ἐγὼ,
3099 941 3302 1009 λέγεις.
3326 940 3400 992 Τὸ
3419 937 3528 1009 γὰρ
3553 936 3767 1008 ἄφθαρο

479 1046 909 1117 incorruptibile
933 1054 1041 1112 est,
1072 1061 1357 1117 nunquam
1393 1044 1460 1100 ad
1511 1042 1806 1100 ferendum
1847 1050 2068 1112 partum

2178 1056 2260 1092 ιον
2310 1036 2612 1100 καταστὰν,
2679 1037 2780 1090 οὐκ
2811 1036 2878 1091 ἄν
2929 1051 3059 1088 ποτε
3103 1033 3200 1086 τοῦ
3248 1032 3539 1103 κυοφορείν
3574 1046 3635 1081 τε
3668 1029 3770 1082 καὶ

475 1150 532 1197 ει
559 1141 892 1212 pariendum
921 1139 1184 1196 idoneum
1216 1141 1347 1194 erit.
1401 1137 1690 1194 Adventus
1722 1145 1907 1191 autem
1941 1133 2072 1204 Spi-

2178 1131 2452 1204 σαρκικῶς
2505 1132 2823 1186 ἀποτίκτειν
2877 1129 3090 1199 γένοιτο
3123 1127 3391 1181 δεκτικόν.
3445 1125 3508 1177 Ἡ
3560 1123 3618 1177 δέ
3664 1122 3767 1176 τοῦ

476 1233 621 1289 ritus
652 1234 828 1289 sancti
853 1248 964 1288 non
994 1232 1147 1298 fecit,
1174 1246 1358 1302 neque
1400 1230 1712 1302 prohibuit,
1749 1228 1883 1298 quin
1904 1227 2072 1296 Virgo

2178 1224 2490 1295 Πνεύματος
2525 1224 2757 1295 ἐνδημία
2801 1223 2923 1293 οὐχὶ
2943 1221 3040 1293 τὴν
3070 1218 3490 1290 ἐπιτηδειότητα
3514 1215 3608 1269 τοῦ
3639 1231 3768 1284 γεν-

475 1327 542 1382 ad
569 1324 949 1398 generandum
979 1335 1107 1396 apta
1133 1332 1300 1380 esset.
1324 1323 1536 1379 Contra
1596 1321 1784 1393 potius
1838 1319 1908 1376 ad
1939 1335 2074 1374 con-

2178 1319 2268 1389 νᾷν
2291 1317 2388 1388 τὴν
2423 1317 2700 1389 Παρθένον
2721 1315 2974 1386 ἀφείλετο
3008 1315 3043 1386 ἢ
3072 1313 3407 1367 κεκώλυκεν.
3439 1309 3769 1364 Τουναντίον

477 1428 700 1490 ceptum
728 1419 850 1474 sine
891 1418 1105 1473 semine
1127 1416 1416 1487 provisum
1451 1429 1620 1485 supra
1665 1421 1920 1468 naturam
1944 1425 2074 1482 pro-

2178 1411 2274 1481 μέν
2320 1405 2416 1465 οὖν
2452 1411 2548 1463 ἐπὶ
2573 1408 2673 1481 τὴν
2705 1409 2961 1481 άσπόρως
2987 1406 3440 1478 οίκονομηθεῖσαν
3477 1401 3766 1474 σύλληψιν,

478 1513 648 1568 vexit.
690 1511 832 1566 lllud
867 1525 1002 1565 vero
1026 1509 1158 1564 mihi
1194 1509 1250 1563 in
1285 1517 1529 1563 mentem
1554 1507 1728 1572 venit,
1748 1505 1897 1577 quod
1921 1505 1992 1571 si,
2011 1511 2074 1559 ut

2178 1504 2480 1575 ὑπερφυῶς
2511 1502 2680 1574 αὐτὴν
2709 1500 3118 1574 προσηγάγετο.
3147 1501 3383 1553 Κάκεῖνο
3419 1498 3476 1552 δέ
3507 1515 3598 1568 μοι
3640 1513 3771 1549 σκο-

481 1601 559 1654 illi
592 1600 912 1670 opinantur,
939 1599 1108 1670 Virgo
1143 1614 1244 1669 per
1279 1599 1580 1654 adventum
1626 1596 1870 1667 Spiritus
1895 1595 2073 1652 sancti

2178 1599 2300 1650 πεῖν
2320 1596 2554 1661 ἔπεισιν,
2582 1595 2658 1659 ὡς
2680 1597 2727 1648 εί
2753 1594 2874 1649 κατ’
2899 1595 3140 1657 ἐκείνους
3165 1595 3197 1664 ή
3229 1593 3526 1664 Παρθένος,
3555 1589 3770 1660 ᾶφθαρυ

479 1695 623 1749 facta
654 1701 738 1748 est
763 1689 1228 1763 incorruptibilis,
1290 1691 1384 1746 illa
1425 1690 1748 1747 necessario
1811 1688 1954 1744 facta
1987 1695 2074 1743 est

2178 1707 2266 1754 τος
2289 1692 2356 1763 τῇ
2411 1691 2759 1762 ἐπιφοιτήσει
2789 1689 2883 1743 τοῦ
2913 1689 3233 1760 Πνεύματος
3277 1689 3506 1757 γέγονεν
3529 1729 3545 1754 ,
3581 1687 3773 1759 ἐκείνη

479 1785 904 1840 immortalitatis
927 1784 1148 1856 generis
1171 1783 1349 1840 nostri
1374 1783 1553 1850 radix,
1590 1791 1646 1840 et
1665 1797 1780 1838 non
1812 1780 2074 1837 surculus

2178 1785 2395 1850 πάντως
2419 1783 2486 1838 ἂν
2519 1784 2614 1838 καὶ
2647 1781 2772 1856 ῥίζα
2801 1783 2902 1851 τῆς
2928 1781 3021 1836 τοῦ
3049 1783 3244 1851 γένους
3269 1780 3428 1854 ἡμῶν
3457 1780 3772 1852 ἀφθαρσίας

477 1877 703 1933 divinus
732 1893 800 1932 ex
826 1892 890 1932 ea
911 1875 1239 1948 productus.

549 2057 614 2114 ll.
646 2057 890 2130 Optime,
931 2057 1137 2128 inquit,
1184 2055 1362 2123 dicis;
1409 2071 1514 2112 nec
1561 2055 1710 2112 enim
1749 2052 1920 2111 semel
1946 2069 2075 2125 pro-

477 2155 654 2209 ditum
672 2161 778 2216 est,
812 2151 978 2206 vitam
1019 2149 1259 2221 Virginis
1308 2148 1579 2204 naturalis
1624 2147 1849 2203 habitus
1891 2155 2074 2201 muta-

480 2247 687 2301 tionem
721 2243 938 2313 cepisse
970 2257 986 2295 :
1026 2242 1330 2312 puritatem
1363 2240 1514 2296 enim
1540 2239 1740 2295 anima:
1767 2246 1824 2294 et
1863 2237 2075 2294 sancti-

483 2336 794 2392 iicationem
819 2334 975 2390 carni
1016 2334 1208 2389 attulit
1257 2332 1531 2390 adventus
1571 2332 1816 2404 Spiritus
1855 2331 2071 2398 sancti;

483 2447 590 2484 non
615 2438 800 2484 autem
830 2427 1153 2484 substantiae
1168 2435 1264 2482 aut
1297 2434 1510 2482 natura:
1535 2424 1984 2481 immutationem
2015 2423 2074 2478 in

480 2538 545 2576 ea
573 2520 782 2576 eﬂccit.

554 2701 619 2770 0.
648 2711 814 2780 Illud,
846 2713 1093 2784 inquam,
1116 2709 1260 2768 adde
1288 2710 1358 2766 ad
1388 2709 1702 2781 superiora,
1759 2705 1910 2778 quod
1949 2704 2076 2776 Spi-

485 2810 627 2865 ritus
649 2807 875 2879 quidem
901 2805 1186 2878 Virginem
1219 2803 1425 2860 virtute
1452 2802 1775 2876 gravidante
1803 2798 2072 2871 implevit,

485 2911 546 2957 ut
579 2912 774 2957 natura
835 2915 1001 2970 supra
1045 2908 1326 2963 naturam,
1372 2895 1585 2967 spicam
1644 2895 1765 2950 sine
1825 2893 2075 2949 aratione

485 2990 838 3062 produceret,
902 2997 959 3043 et
1011 3002 1198 3042 ramus
1237 3001 1306 3042 ex
1351 2985 1539 3041 radice
1583 2982 1843 3056 virginali
1907 2995 2074 3054 supra

484 3096 651 3152 quam
691 3079 1019 3135 naturaliter
1046 3077 1315 3134 oriretur.

557 3167 622 3224 Η.
661 3170 856 3235 Recte,
883 3168 1088 3239 inquit,
1109 3169 1256 3224 bone
1291 3167 1398 3223 vir.

556 3261 622 3318 Ο.
678 3260 836 3317 Nunc
867 3277 1000 3316 vero
1031 3269 1251 3331 tempus
1276 3270 1384 3326 est,
1418 3259 1618 3322 amice.
1648 3267 1704 3313 ul
1730 3268 1983 3314 amanter
2018 3267 2074 3314 et

488 3353 700 3424 placide
723 3352 869 3423 quod
894 3352 1161 3422 deinceps
1181 3352 1455 3422 sequi-tur,
1476 3349 1914 3408 considerem-us.
1935 3349 2074 3407 Cum

486 3445 634 3500 enim
685 3444 980 3499 conveniat
1033 3443 1181 3498 inter
1240 3457 1365 3509 nos,
1400 3441 1596 3498 eadem
1653 3450 1855 3497 natura
1901 3441 2077 3498 fuisse

487 3549 709 3606 semper
763 3535 1070 3607 Virginem,
1128 3549 1231 3590 nec
1273 3537 1333 3590 in
1354 3534 1525 3590 alium
1579 3541 1795 3591 naturae
1843 3543 2074 3601 statum,

489 3644 655 3699 quam
682 3642 793 3698 quo
843 3644 875 3682 a
919 3627 1197 3698 principio
1249 3639 1392 3692 erat,
1422 3627 1722 3694 transisse;
1757 3626 1963 3699 pignus
2010 3639 2079 3682 ex

490 3722 610 3790 ipsa
649 3726 850 3774 natura
885 3727 1098 3786 nostra,
1145 3733 1331 3773 annon
1382 3718 1474 3775 via
1503 3728 1562 3774 et
1583 3717 1786 3774 ordine
1836 3728 2054 3774 natura:

491 3822 738 3884 tempora
771 3821 966 3885 partus
991 3813 1304 3885 servabat‘l‘

563 4000 630 4061 Η.
655 4003 772 4060 lmo
799 4003 1059 4071 maxime,
1083 4003 1289 4073 inquit.

563 4097 628 4154 0.
683 4097 956 4152 Paulatim
1005 4096 1178 4162 enim,
1218 4095 1545 4166 i‘nquam,in
1598 4103 1760 4150 utero
1813 4095 2074 4166 virginali

491 4191 656 4248 fictus
697 4198 756 4246 et
819 4189 1114 4254 formatus,
1138 4187 1471 4258 proﬁciebat
1519 4187 1639 4259 lege
1691 4197 1906 4257 partus,
1952 4197 2077 4244 tan-

491 4301 657 4357 quam
705 4283 774 4339 ad
833 4282 1210 4338 maturitatem
1254 4279 1558 4353 perfectam
1609 4279 1859 4344 infantis,
1907 4289 1970 4335 ut
2009 4296 2078 4336 ex

492 4376 677 4433 verbis
705 4373 990 4445 Evangelii
1018 4373 1258 4444 perspici
1304 4379 1507 4443 potest,
1545 4387 1672 4428 cum
1729 4374 1840 4429 ait:
1879 4371 1948 4428 Et
1973 4375 2076 4429 im-

493 4471 622 4542 pleti
640 4477 765 4524 sunt
799 4467 930 4533 dies,
965 4476 1024 4521 ut
1052 4475 1265 4539 pareret
1289 4467 1330 4498 ιτ
1357 4468 1496 4538 ipsa.
1520 4465 1627 4523 Ubi
1650 4465 1800 4522 circa
1831 4474 2074 4537 partum,

493 4565 641 4618 sicut
689 4561 835 4616 circa
868 4567 1220 4642 conceptum,
1264 4558 1595 4615 miraculum
1651 4557 1980 4615 admirabile
2021 4568 2079 4614 et

2180 1875 2499 1948 ἐτύγχανεν,
2526 1877 2641 1932 ἀλλ’
2673 1877 2773 1948 ούχ
2795 1878 2824 1930 ό
2853 1875 2912 1944 ἐξ
2941 1875 3111 1947 αὐτῆς
3145 1874 3427 1948 προελθὼν
3469 1873 3613 1939 θεῖος
3641 1871 3774 1945 βλα-

2105 1937 2154 2002 B
2184 1937 2332 2029 στόςί

2253 2059 2318 2112 Α.
2351 2056 2652 2123 Κάλλιστα,
2680 2056 2784 2129 ἔφη
2807 2096 2823 2123 ,
2849 2055 3034 2125 λέγεις
3063 2071 3078 2086 °
3111 2055 3235 2112 ούδέ
3264 2056 3375 2128 γὰρ
3399 2058 3434 2127 ή
3475 2055 3638 2127 λοιπὴ
3671 2057 3775 2127 τῆς

2181 2150 2465 2222 Παρθένου
2520 2149 2636 2223 ζωὴ
2703 2148 3107 2224 παραδεδέχθαι
3180 2150 3440 2218 καθάπαξ
3493 2151 3774 2221 ἱστόρηται

2182 2242 2284 2313 τῆς
2313 2245 2550 2316 φυσικῆς
2581 2243 2751 2310 ἕξεως
2793 2241 3157 2314 μεταποίησιν
3189 2257 3205 2272 '
3257 2241 3632 2314 καθαρότητος
3672 2245 3776 2314 μέν

2183 2337 2294 2408 γὰρ
2334 2337 2584 2409 ὑπῆρχεν
2622 2338 2762 2409 αὐτῇ
2795 2338 2896 2408 τῆς
2922 2337 3066 2391 κατὰ
3093 2335 3276 2407 ψυχὴν
3305 2375 3321 2400 ,
3359 2336 3458 2390 καὶ
3492 2335 3775 2406 άγιασμοῧ

2181 2430 2279 2484 τοῦ
2318 2430 2461 2486 κατὰ
2485 2431 2585 2503 τὴν
2610 2431 2791 2503 σάρκα
2823 2431 3085 2504 πρόξενος
3117 2433 3150 2503 ή
3177 2429 3271 2484 τοῦ
3303 2429 3620 2500 Πνεύματος
3651 2431 3778 2483 ἐπι-

2185 2524 2432 2596 φοίτησις
2455 2566 2471 2593 ,
2501 2525 2565 2580 ού
2605 2525 2712 2597 μὴν
2753 2523 2943 2588 οὐσίας
2973 2524 3008 2598 ἢ
3037 2524 3255 2595 φύσεως
3291 2521 3518 2594 ἄμειψιν
3543 2522 3605 2576 ἐν
3634 2521 3775 2594 αὐτῇ

2183 2633 2582 2674 κατεσκεύασε.

2257 2710 2318 2763 0.
2350 2710 2606 2776 Κάκείνο,
2653 2709 2823 2780 ἔφην,
2851 2711 2964 2774 τοῖς
3001 2709 3318 2782 εἰρημένοις
3341 2706 3664 2781 προστίθει*
3689 2707 3774 2761 ὅτι

2184 2819 2249 2872 γε
2277 2802 2340 2872 δὴ
2372 2803 2432 2856 τὸ
2461 2802 2685 2873 Πνεῦμα
2708 2843 2724 2868 ,
2758 2805 2805 2857 εἰ
2832 2805 2894 2856 τὸ
2942 2802 3086 2874 ὑπὲρ
3111 2805 3212 2875 τὴν
3239 2803 3402 2872 φύσιν
3437 2801 3678 2874 ὑπάρξαι
3703 2802 3773 2871 τῇ

2186 2897 2352 2966 φύσει
2403 2898 2831 2969 καρποφορῆσαι
2867 2897 3070 2968 στάχυν
3113 2898 3401 2967 ἁνήροτον,
3436 2895 3533 2950 καὶ
3579 2892 3774 2949 κλάδον

2185 2989 2524 3062 παρθενικῆς
2558 2989 2716 3059 ῥίζης
2743 2987 3042 3060 ὑπερφυῶς
3069 2988 3438 3059 -ἐκφυόμενον.

2251 3171 2322 3223 Α.
2355 3166 2429 3223 Εὖ
2460 3184 2545 3237 γε,
2577 3167 2706 3238 ἔφη,
2731 3161 2776 3221 ὦ
2807 3167 3074 3238 βέλτιστε.

2257 3265 2317 3316 0.
2352 3262 2466 3317 Νῦν
2495 3263 2550 3316 δὲ
2579 3262 2644 3333 δὴ
2684 3262 2906 3333 καιρὸς,
2936 3255 2982 3315 ὧ
3009 3262 3257 3334 φιλότης,
3295 3262 3456 3333 ἔφην,
3497 3263 3779 3334 ἀγαπητι-

2125 3341 2146 3370 ³
2177 3355 2293 3420 κῶς
2328 3372 2389 3408 τε
2419 3355 2518 3409 καὶ
2566 3354 2788 3426 πραέως
2817 3359 2880 3407 τὸ
2918 3353 3047 3426 ἑξῆς
3091 3353 3608 3426 συνδιασκέψασθαι.
3659 3355 3778 3425 Τῆς

2177 3448 2288 3520 γὰρ
2319 3447 2600 3520 Παρθένου
2641 3447 3117 3519 συνομολογούσης
3146 3450 3284 3518 ἡμῖν
3331 3449 3598 3513 ὡσαύτως
3629 3449 3778 3519 ἔχειν

2177 3539 2324 3594 κατὰ
2352 3539 2455 3611 τὴν
2483 3539 2648 3608 φύσιν
2675 3539 2762 3593 ἀεὶ
2791 3579 2808 3604 ,
2835 3539 2933 3592 καὶ
2963 3539 3040 3611 μὴ
3083 3541 3221 3612 πρὸς
3258 3541 3455 3608 ἑτέραν
3483 3541 3638 3612 παρὰ
3673 3539 3778 3613 τὴν

2174 3633 2241 3700 ἐξ
2271 3633 2450 3705 ἀρχῆς
2482 3633 2845 3705 ὑπάρχουσαν
2873 3633 3038 3704 αὐτῇ,
3074 3633 3469 3704 μεταχωρῆσαι
3495 3632 3780 3687 κατάστα-

2181 3744 2290 3791 σιν,
2321 3727 2350 3779 ὁ
2382 3723 2440 3791 ἐξ
2472 3722 2644 3794 αὐτῆς,
2671 3721 2773 3794 τῆς
2801 3722 3080 3793 ἡμετέρας
3112 3723 3330 3792 φύσεως
3369 3719 3652 3796 ἀρραϐὼν,
3684 3719 3778 3796 ἄρ’

2173 3820 2302 3891 οὐχί⁵
2337 3817 2443 3888 ὁδῷ
2476 3817 2572 3871 καὶ
2605 3815 2761 3882 τάξει
2791 3816 3198 3886 φύσεως,’τοὺς
3241 3817 3468 3888 χρόνους
3509 3818 3778 3888 ἐγίνωσκε

2173 3911 2283 3982 τῆς
2311 3913 2566 3983 κυήσεως
2589 3927 2603 3974 ;

2250 4005 2316 4056 Α.
2347 4002 2496 4056 Πάνυ
2527 4002 2628 4073 μὲν
2665 4000 2783 4068 οὖν,
2817 4000 2953 4074 ἔφη.

2252 4099 2316 4150 0.
2366 4095 2530 4149 Κατὰ
2575 4094 2752 4166 βραχὺ
2800 4095 2911 4168 γὰρ
2970 4096 3029 4150 ἐν
3076 4097 3143 4165 τῇ
3193 4093 3504 4167 παρθενικῇ
3547 4095 3774 4168 μήτρᾳ,

2182 4189 2491 4260 προέκοπτε
2524 4189 2675 4260 νόμῳ
2712 4189 2988 4260 κυήσεως,
3019 4188 3095 4254 ὡς
3127 4187 3265 4260 πρὸς
3289 4189 3391 4260 τὴν
3419 4189 3775 4261 ἀπηρτισμέ-

2180 4297 2279 4352 νην
2310 4280 2405 4334 τοῦ
2432 4280 2669 4353 βρέφους
2697 4279 3008 4348 τελείωσιν,
3048 4281 3124 4345 ὡς
3149 4280 3242 4335 καὶ
3270 4280 3373 4351 τῆς
3401 4273 3772 4353 εὐαγγελικῆς

2181 4373 2329 4428 ἔστιν
2363 4373 2598 4429 ἀκούσαι
2624 4374 2843 4447 φωνῆς,
2883 4376 3353 4446 Ἐπλήσθησαν,
3392 4375 3686 4447 λεγούσης,
3715 4380 3777 4433 al

2179 4467 2395 4538 ἡμέραι
2456 4466 2564 4523 τοῦ
2610 4467 2812 4523 τεκεῖν
2851 4468 3066 4535 αὐτήν.
3103 4468 3274 4524 Ἔνθα
3304 4469 3435 4540 περὶ
3464 4469 3558 4523 τὸν
3589 4470 3774 4537 τόκον,

2181 4560 2374 4634 ὥσπερ
2403 4560 2469 4634 δὴ
2502 4561 2598 4617 καὶ
2639 4561 2771 4633 περὶ
2803 4561 2904 4633 τὴν
2930 4559 3160 4634 πρώτην
3191 4560 3459 4634 σύλληψιν
3480 4603 3497 4630 ,
3525 4578 3778 4617 καινοτο-

493 4670 697 4711 novum
727 4653 930 4709 faetum
957 4661 1060 4716 est,
1094 4651 1240 4722 quod
1283 4667 1463 4723 neque
1486 4661 1677 4723 partus
1697 4653 2073 4725 virginitatem

2184 4657 2368 4725 μεῖται
2394 4652 2583 4724 θαῦμα
2612 4653 2937 4724 παράδοξον,
2964 4651 3093 4708 οὔτε
3123 4653 3219 4708 τοῦ
3247 4655 3412 4709 τόκου
3439 4654 3542 4728 τὴν
3569 4654 3777 4727 παρθεο

493 4745 677 4815 solvit,
710 4761 891 4816 neque
913 4745 1204 4815 virginitas
1235 4753 1455 4816 partum
1493 4745 1799 4816 impedivit.

562 4927 629 4984 Il.
662 4927 880 4991 Divine,
918 4926 1118 4997 inquit,
1140 4926 1240 4980 ais.

560 5021 628 5076 0.
658 5019 787 5084 Sed,
817 5017 1040 5089 inquam
1073 5032 1195 5089 ego,
1221 5016 1683 5084 sicut‘conc'e‘p'tus
1719 5026 1886 5082 supra
1917 5021 2080 5067 natu-

491 5127 610 5168 ram
670 5116 920 5166 nostram
960 5107 1160 5175 factus,
1214 5121 1327 5161 non
1378 5106 1486 5160 fuit
1519 5119 1550 5160 a
1589 5113 1789 5159 natura
1825 5105 2074 5170 alienus;

488 5209 572 5264 sic
597 5205 823 5277 quidem
853 5201 1139 5275 generatio
1185 5217 1308 5273 qua:
1363 5199 1854 5254 admirabilitatem
1909 5199 2079 5254 habe-

2187 4743 2309 4798 νίαν
2335 4742 2620 4808 λύσαντος,
2649 4742 2775 4799 οὗτε
2802 4743 2904 4816 τῆς
2932 4741 3236 4816 παρθενίας
3260 4743 3517 4816 ἐμποδὼν
3547 4747 3616 4818 τῇ
3647 4761 3778 4800 κυο-

2187 4837 2356 4908 φορνίᾳ
2388 4835 2708 4908 γενομένης.

2255 4933 2324 4987 Δ.
2361 4931 2554 4998 Θείως,
2593 4930 2721 5002 ἔφη,
2748 4930 2954 5000 λέγεις.

2258 5025 2320 5078 0.
2358 5023 2496 5077 Ἀλλ’
2535 5022 2746 5095 ὥσπερ,
2769 5019 2837 5094 ἦν
2861 5024 2905 5076 δ’
2931 5022 3064 5093 ἐγὼ,
3095 5026 3131 5095 ἢ
3157 5023 3422 5096 σύλληψις
3451 5025 3596 5096 ὖπέρ
3622 5027 3775 5097 ἡμᾶς

2184 5113 2562 5186 γεγενημένη,
2613 5114 2676 5168 τὸ
2704 5113 2827 5168 καθ’
2859 5115 3009 5184 ἡμᾶς
3041 5115 3146 5167 ούκ
3173 5115 3444 5184 ἠγνόησεν
3469 5153 3483 5176 ,
3525 5114 3681 5168 sine)
3707 5115 3774 5187 δὴ

2178 5205 2275 5257 καὶ
2321 5206 2355 5275 ἠ
2389 5204 2644 5276 γέννησις
2669 5204 2732 5256 τὸ
2777 5203 3084 5274 παράδοξον
3115 5202 3312 5274 ἔχουσα
3337 5243 3354 5265 ,
3396 5202 3492 5256 τοῦ
3529 5203 3600 5258 δι’
3625 5205 3774 5275 ἡμᾶς

491 5298 608 5362 bat,
635 5311 748 5350 non
806 5295 1046 5351 mutavit
1089 5302 1344 5349 naturam
1400 5293 1521 5364 ejus
1547 5292 1646 5362 qui
1703 5300 1934 5362 propter
1977 5306 2074 5347 nos

2178 5295 2464 5366 τεχθέντος
2493 5299 2592 5368 τὴν
2633 5296 2796 5367 φύσιν
2822 5297 2926 5350 οὐκ
2949 5296 3212 5368 ήμειψεν,
3240 5296 3356 5349 ἀλλ’
3379 5295 3549 5365 ἐξέφυ
3573 5296 3774 5360 κλάδος

491 5387 654 5444 natus
679 5397 797 5444 est:
825 5387 961 5460 quin
989 5387 1101 5443 imo
1123 5395 1296 5456 Iortus
1325 5393 1412 5442 est
1445 5394 1646 5440 ramus
1676 5393 1732 5439 et
1757 5382 1972 5439 fructus
2006 5383 2081 5440 si-

490 5483 638 5538 milis
667 5490 826 5538 utero
860 5480 957 5552 qui
991 5479 1297 5552 generavit.

559 5571 628 5632 Η.
663 5573 777 5631 Nos
821 5573 1013 5646 igitur,
1067 5571 1251 5644 inquit
1285 5571 1401 5636 ille,
1439 5570 1520 5626 sic
1568 5569 1638 5624 de
1677 5583 1843 5625 carne
1866 5566 2076 5625 Christi

2177 5407 2236 5446 τε
2265 5388 2360 5443 καλ⁸
2386 5391 2626 5459 καρπὸς,
2652 5391 2719 5460 τῇ
2757 5388 2982 5462 φυσάσῃ
3013 5387 3216 5459 γαστρὶ
3245 5387 3662 5460 παραπλήσιος.

2244 5570 2310 5622 Δ.
2348 5567 2536 5637 Ἡμεῖς
2567 5567 2675 5640 μὲν
2711 5563 2827 5633 οὖν,
2871 5567 3216 5639 ἔφη,τοιάδε
3255 5567 3387 5638 περὶ
3424 5566 3527 5634 τῆς
3569 5565 3772 5638 σαρκὸς

487 5664 840 5730 conﬁtemur,
875 5663 1023 5734 quod
1063 5661 1366 5719 secundum
1389 5661 1724 5732 principium
1771 5668 2074 5732 conceptus

2178 5659 2414 5732 Χριστοῦ
2443 5659 2764 5731 δοξάζομεν,
2790 5662 2873 5716 ὄτι
2899 5661 3023 5715 κατ’
3047 5661 3221 5732 αὐτήν
3239 5676 3305 5730 γε
3326 5661 3428 5732 τῆς
3447 5658 3768 5730 συλλήψεως

489 5756 732 5812 simulet
757 5756 1047 5826 virginalia
1075 5760 1291 5811 viscera
1329 5755 1530 5826 attigit,
1559 5763 1615 5808 et
1657 5753 1806 5824 quod
1857 5771 2074 5811 assum-

565 5929 604 5960 "
633 5928 770 5984 Luc.
806 5945 864 5994 ιι,
895 5927 953 5983 θ.

2174 5754 2272 5827 τὴν
2296 5755 2490 5827 ἀργὴν,
2508 5757 2625 5826 ἅμα
2642 5755 2752 5810 τῶν
2772 5752 3391 5829 παρθενικῶνέφῆπται
3415 5751 3767 5822 σπλάγχνων,
