4120 6444
422 405 558 471 1329

1459 411 1762 473 CONTRA
1801 405 2119 469 NESTUR.
2154 403 2248 461 ET
2287 402 2610 463 EUTYCH.

3554 395 3690 460 1330

418 523 511 575 καὶ
565 523 627 576 τὸ
683 525 1035 596 προσληφθέν
1072 524 1152 588 είς
1181 522 1494 593 ἀφθαρσίαν
1539 516 2007 592 μετεσκευάζετοο

2114 525 2267 585 ptum
2311 522 2415 578 est,
2468 513 2523 567 in
2581 500 3172 581 incorruptibilitatem
3230 516 3505 566 mutatum
3563 516 3690 563 est:

418 614 536 678 πῶς
565 615 675 688 γὰρ
720 612 833 670 οἶόν
859 635 917 670 τε
946 613 1015 688 ἦν
1050 615 1222 687 αὐτῷ,
1268 616 1344 688 μὴ
1383 616 1483 686 τὴν
1534 614 1783 686 φθαρτὴν
1807 611 2002 665 ἀποτί-

417 707 609 760 θεσθαι
643 706 828 777 φύσιν,
857 708 937 779 τῷ
974 709 1239 781 ἀφθάρτῳ
1266 708 1411 780 λόγῳ
1435 705 1786 780 προσενωθέν
1811 723 1824 772 ;

486 883 550 936 Ο.
576 882 796 937 Μᾶλλον
842 884 1028 948 ἔοικάς
1058 903 1171 957 μοι,
1220 879 1263 938 ὦ
1300 884 1568 955 βέλτιστε,
1602 885 1713 937 τῶν
1760 883 2004 950 οίκείων,

416 972 578 1044 ἔφην,
608 974 785 1042 λόγων
812 978 1175 1047 ἀμνημονεῖν.
1205 977 1318 1048 Τὴν
1359 977 1470 1048 γὰρ
1498 976 1760 1029 Θεοτόκον
1787 974 2004 1045 Παρθέ·

415 1083 506 1120 νον
530 1069 589 1121 ὲν
612 1070 725 1131 τοῖς
747 1069 1014 1140 πρότερον
1041 1069 1310 1141 ἄτρεπτον
1325 1070 1604 1138 διαμεῖναι
1629 1068 2008 1140 συνωμολόγη-

415 1177 538 1226 σας,
576 1163 674 1215 καὶ⁵
711 1163 792 1216 ὃτι
829 1162 925 1216 τὸν
955 1163 1266 1235 ὡρισμένον
1293 1164 1394 1234 τῆς
1419 1162 1777 1235 ἀνθρωπίνης
1804 1162 2005 1235 συλλή-

412 1256 563 1325 ψεως
591 1257 805 1326 χρόνον,
838 1257 898 1311 ὲν
946 1260 1012 1330 τῇ
1048 1258 1352 1330 παρθενικῇ
1393 1259 1580 1329 μήτρᾳ
1629 1256 2006 1328 μορφούμενος

412 1349 442 1402 ό
467 1350 578 1404 τῶν
603 1350 818 1421 χρόνων
856 1352 1223 1424 Δημιουργὸς,
1266 1352 1491 1422 οἰκῆσαι
1524 1352 1628 1406 οὑκ
1660 1351 2004 1422 ἀπηνήνατο.

413 1442 541 1506 Πῶς
558 1444 742 1498 τοίνυν
765 1445 795 1498 ό
821 1444 1151 1516 σπλάγχνοις
1174 1446 1383 1517 μητρὸς
1410 1444 1696 1515 ἐνοικῆσαι
1711 1440 2008 1509 καταδεξά-

415 1553 598 1607 μενος,
635 1536 732 1591 καὶ
766 1538 897 1602 τοὺς
928 1538 1032 1608 τῆς
1057 1540 1309 1609 κυήσεως
1334 1538 1563 1610 χρόνους
1598 1539 2002 1609 ἐκτετελεκὼς,

413 1632 537 1682 κατ’
574 1630 730 1683 οὐδὲν
751 1634 855 1703 τῆς
880 1631 1162 1702 Παρθένου
1186 1631 1536 1703 προύχούσης
1565 1631 1748 1703 ἡμῶν,
1771 1633 1912 1706 πλήν
1940 1651 2005 1704 γε

415 1719 587 1789 μόνης
617 1720 717 1789 τῆς
752 1720 1045 1793 ἁγιότητος
1064 1760 1079 1786 ,
1108 1720 1298 1794 ὥσπερ
1331 1723 1396 1776 ὲκ
1427 1723 1791 1795 μεταμελείας
1816 1724 1963 1788 τινὸς
1987 1764 2003 1789 ,

2106 606 2387 677 quomodo
2419 606 2568 679 enim
2630 605 2749 659 ﬁeri
2779 612 3016 674 poterat,
3068 610 3129 658 ut
3189 610 3451 657 naturam
3497 615 3690 655 corru-

2106 700 2356 771 ptibilem
2400 715 2512 753 non
2572 696 2897 768 deponeret,
2947 695 3096 768 quod
3146 696 3331 753 Verbo
3391 690 3689 749 immortali

2108 794 2321 849 unitum
2346 793 2501 871 erat?

2177 888 2241 944 Ο.
2283 887 2429 956 Quin
2466 887 2599 953 imo,
2625 888 2873 958 inquam,
2906 885 3111 941 videris
3135 883 3271 938 mihi
3320 888 3542 937 tuorum
3559 895 3683 934 ver-

2106 983 2305 1038 borum
2358 983 2666 1038 immemor.
2730 981 2998 1051 Superius
3048 979 3200 1034 enim
3252 975 3538 1046 Virginem
3591 970 3690 1026 Dei

2105 1076 2334 1131 Matrem
2377 1074 2789 1130 immutabilem
2827 1074 3094 1127 mansisse
3150 1069 3439 1125 confessus
3483 1082 3581 1131 es;
3631 1072 3690 1118 et

2108 1168 2255 1238 quod
2283 1169 2492 1223 Auctor
2538 1177 2853 1237 temporum
2912 1180 3024 1220 non
3077 1161 3375 1226 recusavit,
3423 1174 3549 1214 cum
3577 1156 3691 1211 for-

2108 1267 2289 1315 matus
2321 1266 2425 1325 est,
2461 1258 2713 1315 habitare
2740 1257 2797 1311 in
2847 1264 3004 1311 utero
3030 1262 3246 1323 tempus
3298 1250 3525 1306 humani
3553 1263 3689 1303 con-

2108 1361 2323 1423 ceptus.
2346 1350 2637 1419 Quomodo
2673 1351 2841 1422 igitur
2878 1348 2975 1419 qui
3023 1346 3202 1402 voluit
3245 1343 3496 1399 habitare
3527 1341 3585 1395 in
3610 1339 3692 1394 vi-

2100 1443 2361 1499 sceribus
2398 1441 2618 1507 matris,
2678 1447 2737 1496 et
2783 1448 3031 1508 tempora
3082 1441 3275 1505 partus
3316 1429 3586 1502 explevit,
3635 1437 3693 1483 et

2108 1551 2235 1595 cum
2256 1551 2367 1590 non
2396 1542 2544 1591 esset
2567 1532 2917 1605 praestantior
2961 1545 3127 1601 quam
3159 1542 3263 1583 nos
3292 1525 3481 1596 Virgo,
3525 1537 3689 1578 exce-

2107 1638 2201 1701 pta
2240 1628 2555 1694 sanctitate,
2584 1636 2845 1697 tanquam
2862 1621 3190 1695 poenitentia
3219 1618 3458 1691 quadam
3488 1616 3690 1672 ductus

2108 1731 2363 1779 naturam
2391 1722 2642 1793 corporis
2674 1720 2761 1777 sui
2794 1718 3035 1789 respuit,
3079 1715 3246 1786 idque
3291 1717 3323 1769 a'
3356 1720 3533 1768 matre
3567 1722 3690 1781 qua:

410 1812 512 1883 τὴν
547 1812 644 1866 τοῦ
677 1814 882 1867 οίκείου
918 1813 1172 1885 σώματος
1209 1814 1377 1883 φύσιν
1422 1815 1668 1881 ἀπαξιοῖ,
1705 1816 2006 1871 καὶταῦτα

2112 1832 2246 1872 eum
2278 1816 2489 1889 genuit,
2517 1830 2618 1887 per
2650 1812 2835 1869 omnia
2874 1826 2984 1866 non
3011 1807 3302 1865 diﬂ‘erret?

409 1908 478 1979 τῇ
514 1907 898 1979 γεννησαμένη
921 1882 1014 1962 διά
1040 1882 1257 1963 πάντων
1287 1907 1726 1981 ἀπαραλλάκτως
1766 1909 2000 1982 συμϐαί-
2037 1882 2080 1939 Β

410 2016 596 2063 νοντος
628 2016 643 2066 ;

482 2093 549 2147 Α.
582 2092 812 2158 Τούτοις
844 2094 945 2163 μὲν
992 2089 1087 2147 οὖν
1112 2135 1126 2158 ,
1161 2094 1368 2159 ἐκεῖνος
1397 2093 1527 2166 ἔφη,
1564 2096 1768 2161 πάντες
1798 2097 1999 2163 κοινῶς

412 2186 791 2256 συνθήσονται.
821 2187 895 2238 Τὸ
927 2186 1008 2254 δὲ,
1036 2187 1119 2240 ὄτι
1149 2186 1388 2257 φθαρτὸν
1410 2189 1474 2240 ἐκ
1494 2187 1708 2259 μήτρας
1728 2187 1909 2243 λαϐὼν
1937 2188 1999 2243 τὸ

408 2277 474 2330 ὲκ
523 2278 622 2348 τῆς
650 2277 930 2349 Παρθένου
974 2278 1157 2350 σῶμα,
1210 2279 1415 2345 εὐθέως
1452 2280 1586 2334 αὐτὸ
1620 2281 1757 2351 πρὸς
1783 2282 1999 2354 ἀφθαρ-

409 2371 534 2425 σίαν
597 2372 1049 2445 μετεκεράσατο,
1117 2371 1227 2427 τῶν
1277 2373 1457 2444 ὀρθῶς
1508 2375 1641 2445 ἡμῖν
1693 2373 1998 2429 δοκούντων

406 2465 577 2517 ἐστίν.

477 2555 539 2610 Ο.
576 2554 687 2608 Καὶ
716 2553 820 2607 ποῦ
858 2553 886 2607 ό
910 2554 1010 2625 τῆς
1051 2554 1536 2626 συμπολιτεύσεως
1569 2556 1695 2629 ὄρος
1737 2559 1834 2612 καὶ
1862 2557 1995 2630 χρό-

404 2664 515 2711 νος,
556 2647 715 2718 έφην,
744 2640 806 2701 οὑ
841 2647 1082 2718 μάλιστα
1120 2648 1179 2700 ὲν
1211 2648 1374 2721 χρείᾳ
1401 2649 1903 2722 καθειστήκειμεν,
1938 2652 1998 2705 ἐν

404 2739 597 2810 ἀτόμῳ
619 2739 715 2794 καὶ
742 2742 874 2812 ῥιπῇ
903 2738 1209 2812 ὀφθαλμοῦ,
1226 2741 1323 2812 τὴν
1348 2741 1483 2813 πρὸς
1502 2743 1656 2814 ἡμᾶς
1677 2742 1995 2814 ὁμοιότητα,

403 2830 480 2895 ὡς
514 2833 622 2903 φὴς
645 2876 660 2899 ,
691 2832 1116 2905 ἐπιδειξαμένου
1140 2874 1155 2900 ,
1186 2835 1282 2887 καὶ
1324 2835 1519 2889 θᾶττον
1574 2835 1954 2907 μεταθεμένου
1978 2877 1996 2901 ,

404 2926 571 2980 ὁπότε
606 2925 667 2979 οὑ
692 2925 885 2980 τούτου
933 2926 1099 2998 μόνου
1136 2920 1546 2999 προσεδεόμεθα
1567 2971 1580 2994 ,
1614 2928 1752 2983 ἀλλά
1778 2929 1875 2983 καὶ
1902 2927 1997 2982 τοῦ

408 3019 931 3092 συναναστραφῆναι
973 3021 1109 3091 ἡμῖν
1140 3020 1491 3091 τδν“Κύριον,
1536 3022 1633 3074 καὶ
1659 3020 1748 3074 διά
1778 3024 1998 3075 πάντων

404 3110 628 3166 ὁδεῦσαι
654 3110 759 3176 ,δι’
790 3105 865 3166 ὧν
910 3113 943 3184 ἡ
984 3112 1302 3184 ἀνθρωπεία
1348 3112 1512 3181 φύσις
1550 3112 1855 3183 ἀρχομένη,
1903 3110 1998 3165 καὶ

405 3202 497 3258 διά
524 3203 633 3258 τῶν
655 3207 713 3259 ἐν
743 3205 894 3276 μέσῳ
922 3205 1229 3277 χωρήσασα
1252 3247 1267 3272 ,
1301 3205 1439 3277 πρὸς
1466 3204 1525 3259 τὸ
1547 3207 1745 3259 οἰκεῖον
1775 3203 1996 3277 ἔρχεται

404 3295 557 3360 τέλος
571 3314 585 3364 ;
1026 3356 1027 3359 η

480 3390 544 3442 Α.
578 3389 643 3441 Τί
670 3389 802 3459 γὰρ,
834 3388 963 3460 ἔφη,
982 3388 1044 3443 τδ
1072 3388 1282 3443 κωλῦον
1316 3384 1405 3461 ἦν,
1431 3389 1637 3462 καίπερ
1662 3388 1873 3456 ἀπαθὲς
1899 3392 2001 3462 τῆς

409 3478 658 3545 ένὼσεως
686 3483 998 3555 ποιησάσης
1026 3483 1087 3536 τὸ
1118 3483 1278 3554 σῶμα
1304 3500 1319 3548 ;

481 3578 543 3629 Ο.
564 3577 675 3630 Καὶ
701 3576 841 3641 πῶς,
864 3565 1042 3645 ἔγωγε
1059 3576 1196 3648 έφην
1222 3576 1362 3647 πρὸς
1390 3576 1628 3647 αὑτὸν,ἢ
1650 3578 1762 3641 τοῖς
1786 3575 2000 3647 ἀνθρὼ-

409 3685 536 3735 ποις
563 3670 919 3743 συνδιαιτῷτο
936 3671 1037 3743 τὴν
1062 3669 1265 3742 ἀρχὴν,
1287 3669 1322 3741 ἢ
1338 3669 1408 3725 τὰ
1435 3668 1576 3741 ὑπὲρ
1599 3669 1757 3741 ήμῶν
1778 3668 2003 3723 κατεδέ-

412 3763 543 3831 ξατο
572 3765 744 3835 πάθη,
780 3768 919 3838 ήρνη
929 3765 1087 3835 μένος
1115 3765 1181 3818 ὲκ
1208 3762 1433 3837 πρώτης
1461 3761 1708 3828 ἐνώσεως
1736 3761 1797 3816 τὺ
1820 3764 2004 3833 ὁμοιο-

412 3857 585 3922 παθὲς
612 3859 748 3927 ἡμῖν
786 3857 881 3912 καὶ
914 3856 1224 3927 ὲπίκηρον;

484 3951 550 4005 Δ.
595 3951 845 4021 Ἔπασχε
879 3948 980 4019 μὲν
1003 3990 1018 4014 ,
1052 3951 1266 4012 ἐκεῖνος
1292 3945 1662 4019 ἀπεκρίνατο,
1692 3944 1807 4000 ἀλλ’
1840 3945 1899 4000 οὑ
1935 3945 2000 4019 δή

410 4061 520 4099 που
547 4044 764 4115 ἀνάγκη
807 4043 1047 4111 φύσεως,
1083 4041 1223 4095 ἀλλά
1263 4039 1410 4112 λόγῳ
1442 4039 1757 4109 οἰκονομίας
1776 4037 1874 4092 τοῦ
1900 4037 2005 4092 Λό-

412 4152 514 4206 γου
545 4134 790 4204 ἐφιέντος
814 4132 876 4211 τδ
909 4134 1132 4188 παθεῖν.
1435 4141 1439 4144 ’

483 4233 547 4286 0.
574 4230 911 4301 Αίνίγματος
950 4228 1105 4282 οὐδὲν
1138 4226 1372 4299 ἀπᾴδειν
1402 4225 1542 4297 ἔφην
1584 4226 1697 4297 ἐγὼ
1720 4226 1782 4280 τὸ
1812 4223 2002 4299 ῥηθέν.

413 4324 540 4389 Πῶς
600 4326 711 4397 γὰρ
763 4324 856 4377 καὶ
904 4322 1067 4394 φύσιν
1117 4322 1273 4393 ἔσχεν
1324 4321 1605 4391 ἀνωτέραν
1652 4320 2007 4386 παθῶν,νκαὶ

415 4417 651 4488 πάσχειν
704 4414 868 4470 πάλιν
902 4415 972 4470 τά
1006 4415 1109 4486 τῆς
1144 4414 1361 4484 φύσεως
1393 4413 1596 4483 σαρκὸς
1628 4413 1822 4484 ήφίετο
1852 4412 2005 4484 παρὰ

411 4506 515 4577 τὴν
539 4505 701 4577 φύσιν
732 4522 747 4572 ;
777 4505 837 4558 Εἰ
864 4504 962 4576 μὲν
990 4504 1101 4577 γὰρ
1127 4506 1160 4575 ή
1188 4503 1384 4567 ἓνωσις
1409 4502 1505 4556 τοῦ
1538 4502 1716 4571 Λόγου
1736 4543 1751 4568 ,
1776 4502 1837 4556 τὸ
1862 4503 2007 4556 ἀπα-

2027 3253 2070 3311 C

2178 2125 2246 2181 Π.
2276 2126 2395 2188 llis,
2419 2123 2601 2195 inquit
2625 2122 2738 2189 ille,
2774 2135 2966 2177 omnes
2986 2115 3359 2174 communiter
3384 2110 3682 2167 assentien-

2107 2228 2227 2274 tur.
2263 2219 2466 2273 Verum
2517 2230 2719 2285 corpus
2745 2229 2812 2269 ex
2845 2221 3004 2267 utero
3030 2205 3391 2277 eorruptibile
3428 2201 3576 2274 quod
3620 2217 3691 2256 ex

2107 2310 2335 2381 Virgine
2364 2307 2621 2378 sumpsit,
2656 2304 2807 2376 quod
2839 2303 3039 2370 istatim
3094 2299 3164 2356 ad
3219 2294 3688 2352 immortalitatem

2108 2401 2416 2469 transtulit,
2470 2416 2664 2457 eorum
2707 2406 2792 2454 est
2844 2396 2940 2469 qui
2993 2394 3157 2449 nobis
3186 2400 3333 2447 recte
3369 2389 3577 2445 sentire
3604 2386 3689 2440 vi-

2105 2494 2329 2551 dentur.

2176 2582 2241 2639 0.
2272 2584 2342 2639 Et
2370 2581 2489 2647 ubi,
2522 2580 2749 2653 inquam
2769 2593 2895 2649 ego,
2924 2584 3008 2633 est.
3039 2575 3201 2638 ratio,
3234 2583 3293 2631 et
3330 2580 3545 2643 tempus
3566 2570 3691 2626 vitae

2106 2677 2419 2733 communis
2453 2692 2519 2732 ac
2569 2672 3029 2735 conversationis.
3064 2685 3188 2741 qua:
3247 2668 3485 2723 maxime
3530 2665 3693 2721 nobis

2109 2768 2260 2823 utilis
2307 2775 2365 2823 et
2401 2765 2714 2823 necessaria
2766 2764 2894 2829 fuit,
2949 2763 2995 2818 si
3049 2769 3257 2832 puncto
3304 2766 3363 2815 et
3409 2767 3692 2815 momento

2108 2859 2373 2930 temporis
2435 2857 2779 2922 similitudo,
2848 2864 2909 2910 ut
2969 2856 3082 2916 ais,
3146 2852 3439 2908 nobiscum
3496 2849 3564 2905 ab
3624 2864 3693 2903 eo

2106 2948 2501 3013 demonstrata,
2553 2947 2808 3003 celeriter
2858 2952 3072 2999 mutata
3124 2952 3247 3007 est;
3306 2940 3528 3012 quando
3578 2954 3691 2993 non

2106 3042 2216 3098 hoc
2246 3042 2426 3097 solum
2450 3039 2856 3111 indigebamus,
2906 3037 3005 3093 sed
3037 3046 3098 3091 ut
3128 3040 3557 3090 conversaretur
3585 3045 3690 3087 n0-

2107 3133 2322 3188 biscum
2346 3131 2648 3197 Dominus;
2689 3138 2746 3184 et
2776 3145 2873 3200 per
2921 3128 3107 3183 omnia
3140 3132 3399 3198 pergeret
3442 3138 3543 3193 per
3568 3138 3691 3191 qua:

2108 3235 2306 3281 natura
2338 3225 2579 3279 humana
2606 3222 2940 3294 principium
2964 3220 3213 3290 capiens,
3263 3224 3320 3272 et
3365 3231 3464 3287 per
3512 3213 3690 3270 media

2108 3314 2491 3387 progrediens,
2520 3313 2589 3368 ad
2620 3313 2783 3368 tinem
2812 3327 2975 3368 suum
3000 3309 3185 3366 evadit
3209 3308 3232 3362 ‘!

2178 3405 2245 3461 Η.
2279 3404 2422 3472 Quid
2452 3404 2624 3468 enim,
2656 3402 2857 3473 inquit,
2894 3402 2998 3456 ista
3034 3396 3387 3471 prohibebat,
3438 3391 3693 3465 quamvis

2109 3496 2243 3553 unio
2276 3511 2481 3567 corpus
2516 3494 2855 3566 impassibile
2881 3491 3146 3547 fecisset?

2180 3588 2245 3643 Ο.
2281 3588 2349 3642 Et
2374 3586 2674 3658 quomodo,
2738 3585 2985 3655 inquam,
3048 3581 3135 3637 vel
3186 3594 3311 3635 cum
3372 3574 3693 3632 hominibus

2109 3679 2385 3753 principio
2410 3678 2662 3745 vixisset,
2698 3678 2784 3732 vel
2819 3676 3109 3747 passiones
3154 3688 3254 3743 pro
3290 3671 3455 3727 nobis
3505 3683 3694 3723 susce-

2110 3773 2305 3844 pisset,
2333 3772 2378 3828 si
2407 3787 2476 3827 ex
2504 3770 2624 3841 ipso
2658 3768 2931 3841 principio
2962 3764 3185 3821 unionis
3218 3771 3480 3834 negatum
3526 3767 3692 3823 esset,

2111 3879 2235 3920 esse
2262 3861 2500 3918 similem
2525 3859 2689 3914 nobis
2719 3856 3059 3931 passibilem,
3101 3864 3159 3910 et
3190 3850 3521 3910 mortalem?

2183 3954 2250 4011 Η.
2280 3954 2480 4011 Passus
2515 3960 2622 4018 est,
2652 3949 2939 4021 respondit
2968 3948 3080 4011 ille,
3107 3948 3204 4003 sed
3229 3962 3337 4001 non
3368 3942 3697 3999 necessitate

2112 4056 2347 4110 naturae,
2404 4061 2600 4101 verum
2652 4044 2867 4100 ratione
2926 4040 3286 4108 oeconomiae,
3340 4036 3697 4109 permittente

2113 4139 2295 4198 Verbo
2321 4147 2381 4193 ut
2407 4146 2712 4209 pateretur.

2182 4231 2248 4288 Ο.
2298 4232 2465 4303 Ergo,
2523 4231 2769 4299 inquam,
2828 4225 2981 4298 quod
3016 4224 3230 4281 dictum
3284 4230 3391 4286 est,
3442 4218 3580 4275 nihil
3628 4215 3698 4284 ab

2115 4325 2404 4396 mnigmate
2441 4322 2648 4378 ditl‘ert.
2682 4320 2970 4388 Quomodo
2994 4320 3144 4375 enim
3172 4326 3427 4371 naturam
3460 4311 3696 4367 habebat

2114 4417 2641 4487 superioremqnam
2669 4421 2730 4469 ut
2755 4412 2869 4484 pati
2895 4419 3103 4483 posset,
3152 4418 3210 4464 et
3262 4420 3457 4461 rursus
3480 4402 3698 4457 sineba-

2116 4516 2230 4574 tur,
2263 4516 2461 4579 praater
2489 4515 2767 4572 naturam,
2787 4521 2909 4575 quae
2943 4504 3129 4559 carnis
3147 4509 3278 4557 sunt
3299 4497 3448 4571 pati?
3473 4496 3531 4551 Si
3552 4494 3699 4549 enim

415 4595 505 4659 θὲς
534 4598 600 4668 τῇ
632 4596 796 4666 σαρκὶ
820 4596 1135 4667 ἐδωρήσατο
1154 4636 1169 4660 ,
1202 4594 1303 4647 οὑκ
1327 4593 1391 4648 ἂν
1426 4593 1596 4665 αὑτὴν
1629 4593 2007 4665 ἀπεστέρησεν

2114 4599 2247 4655 unio
2292 4597 2458 4654 Verbi
2484 4597 2638 4652 carni
2680 4595 3183 4669 impassibilitatem
3242 4590 3509 4652 dedisset,
3556 4602 3701 4642 nun-

413 4687 510 4741 τοῦ
543 4705 605 4759 γε
630 4688 1016 4760 δεδιυρημὲνου
1045 4688 1141 4741 καὶ
1160 4686 1311 4751 ἅπαξ
1333 4685 1811 4759 προσνεμηθέντος
1841 4686 2006 4757 αὑτῇ.

416 4781 563 4852 Πρὸς
596 4780 653 4833 δέ
691 4796 757 4848 γε
805 4779 903 4832 καὶ
943 4781 991 4832 εί
1019 4781 1084 4832 ὲκ
1108 4779 1208 4850 τῆς
1233 4778 1485 4842 ένώσεως
1527 4777 1625 4830 τοῦ
1658 4778 1838 4845 Λόγου
1860 4818 1874 4841 ,
1908 4778 2013 4846 τῆς

416 4873 728 4945 ἀφθαρσίας
755 4871 1098 4945 μετειλήφει,
1126 4872 1244 4944 ὥρα
1269 4889 1350 4926 σοι
1379 4873 1473 4925 καὶ
1500 4870 1824 4944 ἀποσχίζειν
1884 4871 2013 4925 ἀθέ-

420 4984 574 5037 σμως
596 4966 921 5038 τολμᾷν-τὴν
951 4965 1212 5037 ὑπερφυᾶ
1236 4965 1327 5018 καὶ
1356 4964 1671 5036 θαυμασίαν
1698 4964 1914 5019 ἕνωσιν.
1935 4964 2010 5017 Οὑ

417 5061 531 5131 γὰρ
579 5052 692 5111 οἷόν
726 5075 786 5112 τε
825 5054 896 5129 ἦν
926 5058 1160 5128 πάσχειν
1189 5057 1251 5110 τὸ
1275 5058 1341 5110 ὲκ
1368 5057 1466 5128 τῆς
1513 5056 1760 5122 ἑνώσεως
1781 5056 2014 5123 ἀπαθὲς,

418 5153 500 5224 μὴ
554 5151 656 5221 τῆς
714 5149 961 5216 ὲνώσεως
1014 5150 1281 5222 πρότερον
1333 5149 1764 5222 ἀναιρεθείσης·
1816 5149 2009 5223 ὥσπερ

419 5245 542 5298 οὐδὲ
574 5243 766 5308 σκότος
802 5241 867 5298 ἂν
897 5242 1167 5313 ὑποσταίη
1202 5241 1321 5295 ποτ’
1354 5240 1441 5308 ἂν,
1478 5240 1555 5313 μὴ
1584 5239 1680 5294 τοῦ
1711 5240 1887 5295 αἰτίου
1917 5240 2015 5294 καὶ

422 5337 756 5406 φωτίζοντος
800 5334 1219 5406 ὑποχωροῦντος
1242 5350 1258 5365 ⁶
1309 5335 1405 5389 καὶ
1450 5333 1641 5398 ἁπλῶς
1670 5333 1782 5405 γὰρ
1813 5320 2013 5401 εἰπεῖν,

422 5432 578 5486 οὐδὲν
609 5430 722 5485 τῶν
763 5432 828 5484 ὲκ
852 5428 947 5484 τοῦ
996 5426 1320 5483 συνεκτικοῦ
1365 5426 1541 5482 αἰτίου
1587 5429 1701 5491 τοῖς
1747 5426 2017 5491 αἰτιατοῖς

424 5525 773 5599 παραμένειν
803 5524 1078 5595 πέφυκεν,
1113 5521 1191 5594 μὴ
1225 5521 1318 5576 τοῦ
1347 5520 1524 5575 αἰτίου
1558 5518 1849 5592 παρόντος.
1883 5518 2020 5572 Σκόσ

425 5637 521 5675 πει
552 5620 612 5674 δὲ
634 5618 701 5691 δὴ
730 5618 828 5673 καὶ
859 5616 1019 5672 τοῦτο
1048 5616 1174 5682 ·ὼς,
1200 5614 1255 5668 εί
1279 5630 1343 5683 γε
1371 5613 1637 5684 πάσχοντι
1663 5611 1811 5683 αὑτῷ
1844 5612 2021 5665 συνεῖ-

426 5728 517 5768 ναι
540 5710 858 5778 ὑπέμεινεν,
884 5706 1180 5777 ὑπομείναι
1198 5705 1262 5759 ἂν
1286 5705 1378 5759 καὶ
1400 5704 1629 5777 παθητῷ
1658 5722 1721 5773 γε
1743 5704 1857 5758 όντι
1877 5701 2019 5773 ήνῶ·

431 5802 558 5857 σθαι
587 5802 665 5873 τῷ
701 5800 935 5871 σώματι.

506 5898 570 5950 Δ.
619 5891 741 5966 'Ap‘
776 5889 904 5960 οὖν,
948 5890 1052 5963 ἔφη
1102 5888 1237 5962 πρὸς
1277 5889 1425 5961 ἡμᾶς
1456 5929 1470 5957 ,
1517 5887 1636 5959 οὐχὶ
1689 5886 2019 5958 βουλομένου

2119 4706 2287 4761 quam
2322 4704 2443 4745 eam
2496 4688 2643 4744 dono
2677 4686 2828 4758 quod
2862 4684 3034 4741 semel
3066 4682 3374 4745 tribuisset,
3404 4678 3698 4749 privasset.

2116 4782 2413 4845 Praiterea,
2446 4779 2491 4835 si
2527 4794 2594 4834 ex
2637 4778 2843 4833 unione
2866 4774 3032 4832 Verbi
3063 4772 3373 4843 accepisset
3402 4785 3513 4825 non
3539 4782 3701 4839 posse

2118 4874 2421 4943 corrumpi,
2455 4880 2672 4945 tempus
2700 4879 2786 4926 est
2831 4876 2891 4925 ut
2940 4867 3145 4924 audeas
3194 4864 3406 4921 nefarie
3461 4860 3702 4915 avellere

2116 4966 2523 5032 admirandam,
2545 4972 2603 5019 et
2632 4978 2801 5034 supra
2831 4968 3086 5017 naturam
3108 4959 3394 5013 unionem.
3414 4949 3700 5021 Siquidem

2117 5076 2230 5116 non
2251 5067 2470 5131 poterat
2501 5057 2636 5129 pati,
2682 5053 2833 5127 quod
2860 5068 2929 5109 ex
2963 5051 3169 5109 unione
3223 5055 3347 5103 erat
3388 5060 3418 5098 a
3446 5043 3703 5113 passione

2116 5151 2513 5217 liberum,nisi
2538 5149 2745 5204 unione
2766 5146 2944 5214 ’prius
3008 5142 3261 5207 sublata;
3306 5136 3469 5194 sicuti
3520 5148 3703 5202 neque

2121 5243 2367 5299 tenebrae
2392 5254 2634 5311 unquam
2667 5243 2852 5300 erunt,
2886 5233 2996 5290 nisi
3025 5246 3189 5288 causa
3219 5237 3275 5284 et
3305 5226 3514 5282 lumine
3550 5238 3705 5293 rece-

2119 5334 2323 5390 dente:
2377 5340 2436 5388 et
2474 5330 2532 5385 in
2564 5343 2803 5393 summa,
2849 5325 2992 5380 nihil
3043 5339 3110 5380 ex
3160 5336 3325 5377 causa
3376 5316 3705 5372 continente

2117 5425 2476 5499 proﬁciscens
2499 5430 2689 5493 aptum
2712 5427 2904 5475 natum
2931 5425 3039 5482 est,
3072 5422 3133 5470 ut
3157 5415 3215 5470 in
3248 5410 3462 5469 effectis
3484 5422 3704 5480 perma-

2118 5527 2273 5584 neat,
2320 5517 2432 5573 nisi
2481 5529 2651 5571 causa
2700 5511 2865 5569 adsit.
2920 5507 3225 5565 Considera
3264 5512 3451 5559 autem
3488 5508 3545 5557 et
3576 5500 3703 5564 hoc,

2120 5611 2272 5683 quod
2302 5609 2348 5665 si
2373 5606 2644 5665 sustinuit
2686 5603 2929 5662 Verbum
2964 5611 3023 5656 ut
3045 5614 3169 5655 cum
3200 5596 3445 5668 patiente
3472 5606 3705 5662 congre-

2119 5705 2370 5768 deretur,
2395 5700 2698 5758 sustineret
2743 5697 2935 5762 etiam,
2975 5703 3037 5751 ut
3056 5692 3275 5763 corpori
3310 5687 3558 5762 passibili
3584 5683 3707 5739 uni-

2121 5804 2294 5851 retur.
2401 5844 2404 5848 .
2873 5827 2891 5838 -,

2196 5889 2261 5944 H.
2292 5887 2435 5945 Num
2470 5884 2657 5949 igitur,
2714 5880 2913 5941 inquit.
2949 5896 3061 5938 non
3101 5874 3421 5935 patiebatur
3452 5885 3579 5927 caro
3606 5880 3705 5924 vo-
