4120 6430
512 355 638 418 i331
1754 354 2062 418 LEONTII
2107 354 2515 418 BYZANTINI
3631 355 3761 420 1332

512 473 657 527 laute
683 472 887 538 Verbo,
945 467 1041 527 sed
1092 478 1303 524 naturae
1363 467 1579 539 legibus
1618 466 1864 537 subjecta
1931 465 2088 521 erat?

2200 466 2283 520 τοῦ
2335 469 2511 537 Λόγου
2554 467 2794 539 ἔπασχεν
2837 471 2871 541 ἡ
2922 470 3079 542 σὰρξ,
3122 469 3258 525 ἀλλά
3283 470 3468 542 νόμοις
3518 471 3762 527 ὑπέκειτο

2193 581 2442 633 φυσεωςς

579 655 646 710 0.
682 654 908 723 Ecquis,
937 649 1201 720 respondi
1231 664 1352 720 ego.
1394 648 1502 703 hoc
1532 646 1778 710 diceret,
1812 642 1958 714 quod
1980 658 2090 697 non

2265 658 2328 709 0.
2364 657 2475 710 Καὶ
2508 657 2593 721 τίς
2635 658 2745 729 γὰρ
2776 658 2842 712 ἄν
2864 697 2877 722 ,
2922 657 3245 730 ἀποκριθεὶς
3275 654 3428 713 εἷπον
3456 660 3585 729 ἐγὼ,
3612 661 3766 715 τοῦτο

510 746 732 801 volente
766 745 971 808 Verbo,
1015 740 1319 812 quidquam
1351 754 1543 795 eorum
1594 752 1719 808 quae
1762 736 2093 791 naturaliter

2200 749 2420 817 φήσειεν
2445 789 2460 813 ,
2489 749 2571 801 ὅτι
2592 766 2656 817 γε
2690 750 2764 821 μὴ
2803 749 3134 821 βουλομένου
3163 750 3274 809 ,τοῦ
3305 751 3502 819 Λόγου,
3531 752 3638 805 τῶν
3665 771 3765 821 φυ-

511 838 788 903 accidunt,
815 836 967 894 carni
999 834 1277 900 eveniret;
1310 848 1374 888 ac
1420 848 1531 886 non
1571 830 1757 901 magis‘
1796 830 1915 899 ipso
1963 843 2091 899 per-

2200 841 2365 894 πικῶν
2409 860 2462 895 τι
2519 844 2942 913 συμπτωμάτων
2986 845 3271 897 συνέϐαινε
3314 846 3378 914 τῇ
3438 845 3634 914 σαρκὶ,
3672 847 3765 899 καὶ

512 931 788 993 mittente,
848 938 909 984 ut
946 945 1069 999 quae
1122 927 1399 983 naturalia
1456 932 1617 979 erant
1664 922 1785 977 sine
1839 928 2089 992 peccato,

2200 932 2313 1001 οὐχὶ
2368 932 2569 1001 μᾶλλον
2602 934 2849 1002 ἐφιέντος
2883 932 3049 987 αὐτοῦ
3073 975 3088 1000 ,
3114 937 3182 1005 τῇ
3224 933 3457 1005 πάσχειν
3492 938 3766 1007 πεφυκυίᾳ

508 1038 638 1078 caro
659 1029 962 1088 pateretur,
986 1032 1109 1091 qua:
1138 1019 1206 1073 ad
1240 1016 1561 1089 patiendum
1594 1023 1793 1069 natura
1816 1020 1941 1083 apta
1964 1020 2092 1066 nata

2200 1022 2261 1076 τὰ
2296 1024 2437 1078 κατά
2476 1025 2639 1093 φύσιν
2682 1026 3091 1097 ἀναμαρτήτως
3138 1026 3469 1095 ὑφίστασθαι
3494 1043 3511 1093 ;
3540 1028 3617 1081 Οὐ
3659 1028 3769 1098 γὰρ

509 1114 673 1170 erat?
708 1114 830 1169 Non
868 1114 1017 1168 enim
1056 1111 1102 1167 si
1138 1109 1445 1167 secundum
1478 1118 1734 1163 naturam
1774 1112 1895 1160 erat
1925 1118 2093 1173 supra

2200 1112 2443 1183 ἀνωτέρα
2482 1114 2623 1167 κατὰ
2656 1114 2820 1184 φύσιν
2854 1115 3043 1170 παθῶν
3104 1111 3265 1179 οὖσα,
3297 1117 3513 1188 παθητὴ
3544 1118 3630 1174 διὰ
3679 1116 3768 1170 τὸν

510 1220 676 1276 quam
713 1212 773 1259 ut
806 1204 917 1274 pati
942 1210 1155 1274 posset,
1194 1210 1319 1272 apta
1366 1201 1434 1254 ad
1463 1198 1784 1270 patiendum
1828 1212 1926 1266 per
1960 1195 2093 1249 Ver-

2200 1205 2369 1273 Λόγον
2415 1205 2649 1273 ἐγίνετο.
2708 1206 3038 1261 Τούναντίον
3090 1208 3191 1278 μὲν
3221 1203 3314 1261 οὖν
3360 1207 3507 1262 ἔστιν
3548 1209 3637 1262 ὅτε
3676 1209 3769 1262 καὶ

512 1299 643 1355 bum
674 1298 1010 1354 factaesset.
1041 1296 1246 1353 Contra
1294 1294 1502 1365 potius,
1539 1289 1841 1361 aliquando
1884 1288 2095 1358 passio-

2200 1297 2301 1351 τῶν
2330 1300 2471 1351 κατὰ
2517 1299 2680 1367 φύσιν
2711 1300 3001 1371 ὑπερεῖχεν
3037 1300 3251 1365 παθῶν,
3276 1300 3373 1355 τοῦ
3405 1302 3580 1370 Λόγου
3610 1302 3768 1372 αὐτῇ,

511 1408 613 1447 nes
641 1407 769 1446 caro
791 1390 1109 1460 superabat,
1146 1388 1425 1443 tribuente
1483 1385 1534 1441 ei
1584 1384 1790 1447 Verbo,
1826 1391 1888 1436 ut
1919 1378 2095 1450 pluri-

2200 1387 2269 1451 ὡς
2295 1388 2363 1441 τὰ
2390 1389 2581 1454 πολλὰ,
2608 1391 2708 1461 τὴν
2747 1392 2890 1444 κατὰ
2919 1393 3110 1447 παθῶν
3156 1396 3512 1466 ἐπικράτειαν
3550 1394 3768 1467 χαριζο-

512 1499 688 1545 mum,
718 1482 1061 1537 dominatum
1100 1482 1158 1534 in
1212 1478 1499 1549 passiones
1525 1517 1540 1534 .
1589 1482 1651 1529 ut
1682 1473 1947 1528 naturalis
2000 1486 2097 1525 co-

2200 1479 2361 1549 μένου
2375 1497 2389 1512 ·
2409 1480 2548 1534 ὥστε
2569 1482 2668 1553 τὴν
2686 1483 2822 1554 πρὸς
2841 1484 2941 1555 τὴν
2958 1485 3139 1557 σάρκα
3163 1486 3256 1540 τοῦ
3275 1489 3451 1557 Λόγου
3470 1489 3769 1559 συμφυΐαν,

508 1576 847 1646 agmentatio
871 1584 1081 1628 natura:
1126 1571 1293 1627 Verbi
1346 1584 1473 1625 cum
1508 1582 1673 1625 carne
1709 1562 2095 1635 inseparabilis

2200 1570 2497 1641 ἀχώριστον
2548 1568 2688 1626 εἶναι
2751 1576 2846 1628 καὶ
2898 1576 3065 1649 μέχρι
3116 1579 3319 1641 παντὸς
3362 1579 3767 1632 ἀδιάσπαστον·

510 1674 678 1732 esset,
710 1675 768 1722 et
789 1680 1005 1736 semper
1044 1662 1478 1726 indissolubilis;
1512 1658 1797 1729 passiones
1826 1670 1957 1709 vero
1981 1670 2093 1708 non

2200 1662 2291 1732 τὴν
2315 1663 2369 1717 δὲ
2395 1664 2502 1716 τῶν
2528 1666 2719 1718 παθῶν
2748 1666 3066 1737 άμεθεξίαν,
3091 1670 3151 1722 οὺ
3177 1669 3409 1723 πάντοτε
3435 1671 3771 1741 παραμένειν

513 1761 846 1831 participare
882 1776 992 1815 non
1020 1775 1240 1829 semper
1292 1756 1515 1827 corpori
1539 1754 1757 1810 liceret.
1801 1752 1922 1807 Non
1946 1750 2093 1805 enim

2200 1754 2272 1824 τῷ
2307 1755 2544 1825 σώματι.
2596 1758 2707 1810 Καὶ
2744 1758 2854 1829 γὰρ
2896 1759 2997 1811 οὐκ
3040 1761 3104 1813 ὲκ
3130 1762 3229 1831 τῆς
3278 1762 3530 1826 ἑνώσεως
3561 1762 3685 1832 ἔσχε
3713 1760 3772 1813 τὸ

511 1868 580 1908 ex
600 1853 807 1908 unione
838 1852 1034 1907 habuit
1065 1867 1175 1906 non
1200 1850 1337 1921 pati,
1392 1848 1491 1904 sed
1537 1865 1607 1906 ex
1638 1847 1925 1901 voluntate
1953 1842 2091 1897 uniti

2200 1813 2427 1911 ιιέταθὲξ,
2456 1845 2569 1901 ἀλλ’
2601 1849 2665 1925 ex
2697 1813 2796 1918 τῆς
2822 1813 3136 1920 bonum;
3170 1813 3263 1905 ἑᾷῡ
3295 1813 3772 1916 ἑνωθέντος,’κατά

513 1944 621 2000 hoc
658 1954 990 2015 opportune,
1023 1952 1079 1999 et
1128 1943 1193 1998 ad
1261 1942 1503 2011 aliquam
1549 1938 1841 1993 utilitatem
1892 1935 2092 2006 guber—

512 2036 695 2092 nantis
727 2052 791 2091 ac
822 2036 1193 2107 disponentis.
1226 2034 1343 2089 Nisi
1374 2032 1523 2088 enim
1559 2031 1667 2085 hoc
1704 2044 1897 2084 verum
1920 2035 2090 2091 esset,

512 2129 748 2184 alterum
788 2128 1026 2183 duorum
1077 2127 1331 2182 conﬁteri
1362 2137 1589 2179 necesse
1643 2130 1809 2183 esset,
1844 2126 1940 2173 aut
1980 2134 2091 2172 non

512 2238 729 2294 passam
762 2237 883 2277 esse
915 2220 1213 2292 quidquam
1257 2219 1502 2290 penitus,
1542 2231 1664 2287 qua:
1714 2223 1837 2267 erat
1868 2221 2094 2282 propter

512 2314 773 2369 unionem
804 2322 1000 2368 natura
1038 2311 1423 2382 impassibilis;
1473 2317 1567 2363 aut
1596 2308 1641 2361 si
1683 2320 1846 2377 passa
1879 2311 1984 2368 est,
2025 2303 2093 2357 ab

514 2408 717 2462 unione
748 2406 969 2475 penitus
992 2405 1264 2460 divulsam
1299 2418 1443 2458 esse.

586 2494 653 2550 Η.
681 2494 738 2549 Si
766 2493 953 2565 igitur,
981 2493 1059 2547 ait
1085 2493 1199 2559 ille,
1237 2500 1299 2545 ut
1324 2498 1381 2545 tu
1413 2489 1573 2554 dicis,
1607 2503 1738 2543 caro
1772 2502 1898 2543 curn
1929 2495 2095 2543 natu-

515 2602 632 2642 ram
680 2585 909 2641 haberet
938 2592 1120 2654 aptam
1176 2583 1245 2637 ad
1282 2581 1625 2653 patiendum.
1658 2587 1774 2633 tum
1802 2578 1909 2633 alia
1967 2594 2096 2648 pro-

516 2685 639 2746 pter
658 2692 737 2741 se,
779 2684 894 2730 tum
930 2682 1163 2728 mortem
1192 2671 1478 2735 sustinuit,
1502 2669 1831 2725 exciderunt
1860 2667 2021 2723 nobis
2040 2677 2096 2722 et

516 2768 803 2838 perierunt
840 2766 1216 2838 gloriationes,
1270 2763 1475 2833 quibus
1524 2761 1916 2832 gloriabamur,
1971 2770 2091 2816 tan~

517 2874 681 2929 quam
718 2859 833 2928 ipsa
865 2865 1095 2928 propter
1115 2871 1217 2911 nos
1241 2870 1400 2926 passa
1438 2853 1653 2908 fuisset.

587 2950 651 3007 Ο.
700 2952 932 3020 Propter
984 2964 1088 3004 nos
1146 2947 1255 3018 pati
1309 2962 1531 3001 carnem
1571 2942 1812 3008 Domini,
1872 2942 2095 3013 inquam

517 3057 641 3113 ego,
668 3040 813 3095 bone
843 3040 947 3105 vir,
983 3037 1280 3107 dupliciter
1303 3036 1530 3099 dicitur,
1562 3041 1619 3088 et
1656 3032 1805 3102 quod
1860 3032 2092 3103 permit-

2193 1938 2385 2009 καιρδν
2427 1938 2587 1993 τοῦτο
2618 1941 2712 1994 καὶ
2758 1941 2898 2012 πρός
2929 1959 2982 1993 τι
3028 1944 3302 2013 χρήσιμον
3336 1942 3768 2014 οῑκονομοῦντος.

2192 2029 2257 2083 El
2300 2029 2409 2102 γὰρ
2455 2031 2528 2103 μὴ
2571 2031 2730 2085 τοῦτο
2757 2028 2824 2103 ἦν
2855 2032 3053 2104 ἀληθὲς
3078 2076 3093 2100 ,
3120 2034 3266 2087 δυοῖν
3293 2035 3511 2105 ἀνάγκη
3548 2035 3770 2104 θάτερον

2193 2123 2497 2191 ὁμολογεῖν,
2546 2123 2577 2191 ἦ
2617 2123 2750 2193 μηδὲ
2784 2124 3111 2177 πεπονθέναι
3149 2143 3203 2177 τι
3238 2126 3542 2192 παντελῶς,
3586 2124 3771 2194 άπαθῆ

2193 2216 2258 2282 τῇ
2290 2212 2447 2280 φύσει
2473 2214 2844 2283 τυγχάνουσαν
2875 2215 2962 2268 διὰ
2996 2216 3098 2284 τὴν
3138 2216 3358 2283 ἕνωσιν,
3389 2217 3424 2288 ἢ
3458 2217 3772 2289 πάσχουσαν

2194 2304 2332 2369 ὅλως
2365 2308 2461 2373 τῆς
2485 2307 2732 2370 ὲνώσεως
2759 2307 3176 2379 ἀποσχίζεσθαι.

2266 2486 2329 2539 Α.
2357 2484 2421 2538 Ei
2448 2484 2633 2538 τοίνυν
2657 2529 2671 2553 ,
2713 2485 2921 2548 ἐκεῖνος
2950 2486 3079 2555 ἔφη,
3111 2487 3257 2540 κατά
3290 2503 3354 2555 γε
3382 2486 3516 2551 τοὺς
3542 2486 3669 2549 σοὺς
3691 2485 3772 2538 λό-

2195 2592 2345 2644 γους,
2384 2574 2545 2643 φύσιν
2581 2578 2614 2645 ἡ
2656 2574 2795 2647 σάρξ
2827 2576 3023 2645 ἔχουσα
3052 2576 3304 2647 παθητὴν
3355 2576 3424 2631 τά
3455 2593 3520 2630 τε
3547 2576 3679 2629 ἄλλα
3707 2572 3771 2626 δι’

2196 2665 2363 2736 αὐτὴν
2388 2705 2402 2726 ,
2443 2667 2539 2719 καὶ
2568 2667 2631 2737 δὴ
2662 2667 2759 2719 καὶ
2789 2667 2881 2720 τόν
2921 2668 3152 2722 θάνατον
3191 2669 3457 2738 ἐπέσχεν,
3496 2668 3771 2739 οἰχήσεται

2194 2760 2327 2828 ἡμῖν
2358 2759 2428 2812 τὰ
2460 2760 2754 2829 αὐχήματα
2785 2759 2880 2813 καὶ
2905 2760 3159 2813 διόλωλεν
3182 2805 3195 2827 ,
3228 2760 3371 2831 άπερ
3401 2758 3463 2826 ὲξ
3504 2760 3671 2829 αὐτῆς
3700 2757 3774 2820 ὡς

2196 2847 2262 2900 δι’
2292 2850 2442 2919 ἡμᾶς
2472 2848 2755 2919 παθούσης
2778 2850 3114 2920 ἐσχήκαμεν.

2269 2942 2332 2995 0.
2360 2940 2434 2994 Τὸ
2460 2941 2529 2995 δι’
2556 2942 2725 3012 ἡμᾶς,
2760 2942 2917 3011 ἔφην,
2952 2937 2997 2994 ὦ
3024 2942 3265 3012 βέλτιστε
3283 2983 3299 3003 ,
3327 2940 3529 2996 παθεῖν
3554 2942 3651 3013 τὴν
3682 2935 3773 2991 τοῦ

2198 3032 2406 3105 Κυρῖου
2440 3035 2617 3103 σάρκα
2650 3032 2841 3096 διττῶς
2872 3032 3109 3101 λέγεται.
3138 3035 3219 3087 ὅτι
3250 3051 3310 3086 τε
3366 3030 3776 3105 συγχωροῦντος

523 3143 671 3189 tente
699 3132 880 3189 Verbo
908 3131 1092 3202 passio
1116 3131 1263 3186 circa
1295 3130 1467 3200 ipsam
1519 3126 1740 3192 accidit,
1769 3126 1897 3195 quia
1940 3124 2094 3180 scili-

2200 3126 2293 3179 τοῦ
2317 3126 2490 3193 Λόγου
2514 3125 2575 3178 τὸ
2597 3126 2721 3197 περὶ
2746 3126 2917 3191 αὐτὴν
2944 3125 3114 3188 πάθος
3146 3125 3433 3179 συνέϐαινε
3463 3126 3776 3197 (δυνάμενος

521 3230 609 3279 cet
634 3238 758 3277 cum
778 3222 1075 3293 prohibere
1093 3230 1302 3291 posset,
1327 3236 1435 3274 non
1454 3219 1760 3290 prohibuit,
1785 3226 1847 3271 ut
1868 3232 2099 3287 magnus

523 3316 854 3371 Athanasius
892 3315 1003 3380 ait;
1056 3327 1112 3367 et
1169 3312 1319 3383 quod
1375 3310 1628 3380 superior
1672 3309 1821 3364 omni
1870 3317 2099 3377 peccato

521 3424 647 3464 cum
674 3416 842 3473 esset,
872 3422 984 3461 non
1007 3404 1244 3460 debebat
1273 3412 1500 3474 propter
1529 3418 1587 3457 se
1622 3410 1879 3464 mortem,
1924 3399 2099 3469 siqui-

521 3500 646 3556 dem
706 3499 978 3570 principio
1028 3513 1179 3552 mors
1242 3506 1470 3567 propter
1534 3502 1820 3564 peccatum
1876 3491 2099 3559 irrupit,

522 3601 579 3648 et
615 3592 669 3645 in
708 3599 876 3645 totam
904 3598 1158 3645 naturam
1212 3591 1509 3641 humanam
1558 3584 1820 3654 pervasit,
1878 3584 1933 3635 in
1974 3598 2097 3651 quo,

522 3684 702 3755 inquit
730 3682 953 3745 Paulus,
987 3697 1163 3735 omnes
1187 3687 1531 3752 peccaverunt
1570 3679 1645 3731 ηε
1686 3692 1794 3732 non
1814 3675 1959 3731 enim
1992 3681 2097 3739 est,

523 3787 620 3833 aut
654 3776 757 3831 fuit
780 3776 849 3831 ab
878 3774 1030 3831 omni
1058 3774 1260 3831 sacculo
1280 3773 1463 3829 anima
1497 3770 1741 3826 hominis
1778 3766 2096 3830 voluntarii,

522 3876 712 3924 etnon
737 3864 1036 3921 voluntarii
1087 3865 1303 3935 peccati
1339 3879 1498 3934 pura.
1526 3863 1641 3917 lmo
1689 3862 1856 3916 etiam
1885 3858 2101 3913 animas

527 3967 840 4016 sanctorum
880 3957 1106 4013 Patrum
1160 3955 1372 4026 aliquid
1398 3953 1645 4010 sordium
1683 3961 1740 4007 et
1779 3951 1922 4017 vitii,
1960 3959 2017 4005 et
2055 3949 2101 4005 si

526 4066 639 4107 non
670 4048 973 4105 secundum
1024 4056 1229 4113 actum,
1255 4047 1449 4102 saltem
1483 4043 1874 4115 cogitationem
1926 4041 2103 4097 admi-

2198 3218 2308 3290 γὰρ
2346 3216 2575 3270 κωλύειν
2606 3216 2707 3271 οὐκ
2742 3218 3004 3281 ἐκώλυσε,
3042 3218 3183 3271 κατᾶ
3213 3219 3304 3270 τὴν
3331 3218 3510 3287 μέγαν
3557 3213 3779 3270 Ἀθανάο

2200 3310 2358 3376 σιον),
2381 3308 2471 3361 καὶ
2489 3309 2571 3362 ὄτι
2607 3308 2789 3377 πάσης
2814 3308 3087 3379 ἁμαρτίας
3117 3308 3379 3380 κρείττων
3404 3312 3657 3377 φανεῖσα,
3683 3306 3779 3358 οὐκ

2200 3399 2497 3471 ἑχρεώστει
2529 3398 2595 3452 δι’
2630 3398 2827 3469 ἑαυτὴν
2864 3399 3095 3452 θάνατον
3115 3416 3128 3427 ⁸
3166 3399 3325 3470 εἴπερ
3357 3398 3454 3451 καὶ
3489 3399 3586 3469 τὴν
3611 3393 3779 3465 ἀρχὴν

2199 3494 2228 3546 ὁ
2254 3493 2483 3555 θάνατος
2521 3491 2610 3545 διὰ
2637 3491 2738 3565 τὴν
2769 3492 3047 3563 ἁμαρτίαν
3076 3490 3375 3562 εἰσέφρησε
3400 3533 3413 3556 ,
3447 3493 3542 3545 καὶ
3565 3491 3651 3544 διὰ
3681 3486 3780 3539 πά-

2201 3604 2303 3657 σης
2383 3587 2671 3657 κεχώρηκε
2722 3587 2824 3655 τῆς
2874 3584 3225 3657 ἀνθρωπίνης
3289 3588 3531 3656 φύσεως,
3579 3577 3777 3654 ἐρ’ᾧ.

2201 3677 2343 3731 κατὰ
2375 3677 2467 3730 τὸν
2508 3676 2741 3739 Παῦλον,
2792 3675 3017 3743 πάντες
3048 3677 3313 3745 ἥμαρτον
3337 3694 3351 3707 ⁸
3383 3678 3445 3730 οὐ
3475 3679 3586 3747 γὰρ
3636 3676 3780 3727 ἐστιν

2200 3772 2234 3843 ἦ
2292 3772 2512 3840 γέγονεν
2563 3772 2626 3825 ὲκ
2670 3772 2763 3825 τοῦ
2818 3772 3019 3835 παντὸς
3062 3773 3259 3836 αίῶνος
3284 3772 3573 3839 ἀνθρώπου
3615 3768 3777 3840 ψυχὴ.

2199 3864 2451 3919 ἑκουσίου
2474 3881 2532 3917 τε
2565 3864 2598 3936 ἢ
2626 3862 2883 3918 ἀκουσίου
2909 3864 3185 3935 ἁμαρτίας
3210 3863 3451 3934 καθαρά.
3501 3863 3665 3918 Ἀλλά
3691 3859 3782 3915 καὶ

2198 3956 2302 4020 τὰς
2334 3954 2442 4009 τῶν
2472 3954 2645 4025 ἁγίων
2670 3954 2851 4025 ψυχὰς
2894 3954 3111 4026 εἴποιμ’
3128 3956 3196 4010 ἂν
3230 3956 3424 4025 μικρὸν
3446 3997 3461 4020 ,
3498 3957 3548 4009 εί
3582 3954 3676 4008 καὶ
3707 3952 3780 4024 μὴ

2201 4049 2328 4103 κατ’
2345 4047 2631 4121 ἐνέργειαν
2652 4088 2668 4110 ,
2705 4047 2824 4101 ἀλλ’
2868 4043 2962 4100 οὖν
2991 4063 3059 4116 γε
3095 4046 3240 4104 κατὰ
3276 4047 3524 4101 διάνοιαν
3567 4047 3782 4106 πάντως

524 4142 663 4199 sisse
692 4141 991 4197 dicam.Et
1052 4139 1159 4194 hoc
1196 4146 1384 4208 aperte
1435 4136 1569 4191 licet
1597 4152 1665 4191 ex
1720 4135 1956 4190 Domino
2004 4133 2098 4189 do-

2204 4141 2381 4212 ρύπου
2440 4140 2640 4204 κακίας
2697 4138 3039 4206 εἰσδέξασθαι
3099 4156 3173 4193 τι.
3234 4140 3347 4193 Καὶ
3395 4140 3559 4195 τοῦτο
3601 4136 3781 4207 σαφῶς

526 4243 685 4292 cente
711 4234 925 4293 audire.
950 4247 1075 4287 cum
1100 4231 1213 4286 ait:
1247 4230 1397 4285 Venit
1422 4230 1663 4300 princeps
1698 4229 1857 4299 hujus
1894 4227 2098 4294 mundi,

2203 4233 2352 4286 ἐστιν
2382 4231 2612 4286 ἀκοῦσαι
2644 4232 2740 4285 τοῦ
2770 4230 2981 4302 Κυρίου
3010 4231 3374 4298 διδάσκοντος,
3396 4235 3456 4287 ἐν
3482 4229 3566 4297 οἷς
3595 4244 3778 4303 φησιν·

526 4334 575 4382 et
604 4329 664 4380 in
682 4343 764 4381 me
782 4324 917 4379 nihil
938 4324 1135 4379 invenit
1167 4324 1231 4376 ".
1260 4321 1399 4377 Cum
1443 4320 1581 4376 dixit
1615 4322 1669 4374 in
1696 4336 1779 4374 me
1814 4329 1871 4375 et
1925 4318 2063 4373 nihil
2084 4359 2098 4382 ,

2208 4326 2487 4392 Ἔρχεται
2510 4326 2543 4377 ό
2562 4323 2763 4392 ἅρχων
2783 4323 2889 4377 τοῦ
2912 4324 3148 4393 κόσμου
3172 4325 3408 4391 τούτου,
3438 4329 3536 4381 καὶ
3564 4326 3635 4379 ἐν
3657 4318 3783 4392 ἐμοὶ

525 4420 685 4492 plane
708 4416 1056 4489 signiﬁcavit,
1090 4431 1149 4471 se
1176 4415 1355 4470 solum
1379 4414 1449 4469 ab
1499 4413 1650 4468 omni
1682 4422 1910 4484 peccato
1930 4413 2098 4466 etiam

2204 4417 2474 4484 εὑρίσκει
2505 4413 2705 4469 οὐδέν.
2752 4414 2825 4467 Τὸ
2856 4414 2963 4487 γὰρ
3000 4416 3070 4471 ἐν
3104 4416 3231 4485 ἐμοὶ
3286 4418 3381 4471 καὶ
3410 4418 3472 4471 τὸ
3499 4416 3684 4472 οὐδὲν
3709 4413 3783 4465 εί-

527 4509 877 4583 cogitationis
902 4509 1137 4565 liberum
1169 4508 1359 4563 fuisse.
1401 4506 1771 4574 Quamobrem
1821 4503 2098 4560 damnatio

2210 4507 2328 4561 πὼν
2365 4507 2661 4578 διαρρήδην
2692 4506 2996 4573 ὑπέδειξεν,
3029 4509 3109 4562 ὅτι
3136 4525 3199 4577 γε
3232 4509 3391 4579 μόνος
3428 4509 3647 4575 ἁπάσης
3688 4519 3783 4575 με-

527 4605 740 4679 peccati
769 4621 894 4661 cum
930 4604 1144 4658 nullum
1178 4603 1360 4657 locum
1414 4601 1471 4654 in
1498 4616 1565 4655 eo
1621 4599 1940 4669 reperisset,
1973 4596 2106 4652 sub-

529 4697 689 4761 stitit,
744 4705 801 4753 et
857 4695 1276 4765 circumscripta
1326 4701 1431 4759 est,
1480 4702 1536 4748 et
1575 4706 1606 4747 a
1668 4691 1780 4747 reis
1842 4690 2103 4761 deinceps

530 4787 777 4843 recessit.
808 4785 1016 4844 Mortua
1045 4784 1193 4839 enim
1250 4799 1397 4838 mors
1429 4792 1532 4847 est,
1557 4782 1681 4837 cum
1707 4796 1928 4837 carnem
1982 4796 2104 4850 quae

531 4893 643 4932 non
699 4885 1055 4948 peccaverat,
1103 4876 1431 4947 degustavit.
1488 4873 1819 4929 Existimare
1878 4882 2102 4936 autem,

530 4969 681 5040 quod
706 4984 834 5025 caro
862 4976 1061 5023 natura
1100 4965 1371 5038 passionis
1403 4981 1620 5036 expers,
1655 4971 1711 5019 et
1755 4963 2103 5029 immortalis,

532 5060 683 5134 quod
736 5068 948 5115 natura:
998 5058 1122 5131 ejus
1189 5074 1302 5113 non
1359 5057 1540 5113 inerat
1587 5064 1784 5126 sponte
1843 5053 2103 5120 admisit,

2212 4600 2416 4671 μένηκε
2456 4599 2681 4669 καὶτῆς
2713 4598 2840 4653 κατ’
2881 4599 3126 4653 ἒπίνοιαν
3165 4600 3439 4671 ἁμαρτίας
3479 4597 3782 4667 ἐλεύθερος.

2209 4694 2301 4747 Διὸ
2332 4694 2427 4748 καὶ
2468 4693 2530 4747 τὸ
2572 4693 2674 4764 τῆς
2700 4694 2981 4765 ἁμαρτίας
3023 4695 3340 4766 κατάκριμα
3380 4694 3653 4766 μηδεμίαν
3699 4687 3784 4740 ἐπ’

2208 4786 2357 4857 αὑτῷ
2388 4787 2573 4858 χώραν
2613 4787 2808 4857 εὐρὺν,
2841 4786 2973 4857 ἔστη
3016 4789 3111 4840 καὶ
3145 4788 3496 4858 περιεγράφη
3518 4829 3532 4851 ,
3562 4786 3655 4839 καὶ
3682 4781 3785 4834 τῶν

2209 4879 2478 4934 ὑπαιτίων
2518 4880 2598 4944 είς
2626 4878 2689 4933 τὸ
2718 4879 2845 4948 ἑξῆς
2873 4879 3287 4951 ἀνακεχωρηκε.
3335 4880 3580 4948 Τέθνηκε
3620 4874 3727 4945 γὰρ
3757 4870 3786 4921 ό

2205 4968 2471 5035 θάνατος,
2518 4970 2904 5041 ἀναμαρτήτου
2959 4971 3160 5039 σαρκὸς
3203 4971 3674 5041 ἀπογευσάμενος.
3713 4960 3786 5016 Th

2202 5058 2261 5114 δέ
2300 5077 2363 5130 γε
2420 5059 2629 5114 οἴεσθαι
2672 5060 2749 5123 ὡς
2795 5059 3010 5129 ἀπαθὴς
3056 5063 3121 5129 τῇ
3162 5060 3323 5129 φύσει
3375 5060 3470 5113 καὶ
3520 5059 3785 5111 ἀθάνατος

428 5264 441 5280 ·
535 5243 675 5300 velle
718 5260 828 5298 non
872 5258 992 5299 esse
1037 5242 1221 5297 carnis
1272 5239 1580 5312 proprium,
1632 5236 1727 5292 sed
1788 5236 1985 5292 anima:
2016 5251 2105 5292 ra-

537 5153 773 5223 primum
823 5151 1037 5223 pridem
1087 5151 1197 5206 hoc
1242 5158 1329 5206 est
1362 5148 1635 5220 ignorare,
1690 5147 1834 5202 velle
1889 5155 1946 5202 et
1992 5162 2098 5202 non

2203 5148 2372 5217 οὖσα,
2411 5151 2471 5206 τδ
2506 5151 2580 5223 μὴ
2621 5154 2689 5223 τῇ
2728 5150 2890 5221 φύσει
2928 5152 3065 5224 πρὸς
3110 5151 3169 5204 ὃν
3230 5151 3552 5212 ἐθελουσίως
3615 5161 3782 5218 προσο

2206 5244 2401 5315 ήκατο,
2429 5243 2646 5315 πρῶτον
2686 5244 2786 5314 μὲν
2814 5244 2913 5298 οὐκ
2944 5245 3162 5298 εἰδότων
3199 5245 3363 5306 ἐστὶν,
3387 5245 3467 5297 ὅτι
3500 5242 3562 5295 τὸ
3601 5238 3783 5310 βούλε-

536 5333 779 5396 tionalis,
814 5335 868 5387 in
892 5349 999 5403 qua
1029 5342 1274 5403 potestas
1300 5330 1462 5386 liberi
1498 5329 1736 5395 arbitrii,
1766 5338 1823 5385 et
1854 5330 2098 5384 volunta-

2208 5337 2332 5390 σθαι
2360 5337 2453 5390 καὶ
2490 5338 2563 5407 μὴ
2599 5336 2909 5406 βούλεσθαι,
2945 5337 3045 5389 οὐκ
3083 5336 3196 5390 ἐστι
3233 5336 3435 5407 σαρκδς
3476 5336 3628 5396 ῖδιον,
3651 5327 3783 5383 ἀλλά

540 5423 611 5478 tis
652 5423 705 5477 in
760 5433 1054 5492 utramque
1102 5431 1314 5492 partem
1370 5418 1670 5491 propensio
1724 5430 1779 5475 et
1827 5421 2098 5475 inclinatic

2208 5425 2434 5494 λογικῆς
2470 5426 2650 5495 ψυχῆς
2676 5441 2688 5454 ⁸
2723 5426 2851 5496 περὶ
2881 5428 2947 5497 ἢν
2989 5428 3022 5497 ὴ
3060 5426 3475 5498 αὑτεξουσιότης
3516 5441 3576 5476 τε
3636 5419 3779 5486 καὶὴ

538 5514 806 5570 cernitur.
842 5513 1052 5570 Deinde
1104 5514 1315 5569 faciunt
1368 5528 1490 5567 eam
1534 5527 1710 5575 ream,
1756 5527 1879 5582 quae
1932 5511 2098 5566 volui!

2210 5516 2295 5587 ἐφ’
2321 5518 2559 5587 ἑκάτερα
2614 5516 2709 5570 τοῦ
2767 5516 2943 5570 θέλειν
2991 5518 3131 5590 ῥοπὴ
3184 5517 3489 5589 Θεωρεῖται.
3552 5514 3780 5583 Ἔπειτα

541 5605 685 5675 quod
728 5614 927 5675 praeter
953 5618 1205 5661 naturam
1259 5612 1408 5669 erat;
1458 5616 1513 5659 et
1554 5604 1606 5659 id
1645 5604 1830 5675 elegit,
1873 5604 1940 5660 ad
1969 5606 2098 5675 quor;

2210 5608 2305 5660 καὶ
2362 5607 2627 5671 ζὺπαέτιον
2688 5606 2855 5678 αὐτὴν
2908 5605 3046 5662 εἶναι
3121 5608 3659 5672 κατασκευάζουσιν,
3720 5599 3779 5654 τδ

624 5781 665 5816 ’⁸
710 5782 863 5836 Rom.
896 5800 947 5845 ν,
987 5784 1069 5836 η.
1148 5785 1186 5816 ¹⁹
1216 5784 1369 5837 Joan.
1405 5799 1525 5847 xxv,
1560 5785 1647 5837 30.
