4120 6460
384 416 523 486 1333

1430 422 1730 483 CONTRA
1768 424 2088 485 NESTOR.
2125 427 2217 485 ET
2261 429 2580 489 EUTYCII.

3510 422 3648 491 I334

381 532 533 602 παρά
561 530 661 602 τὴν
695 530 859 599 φύσιν
900 529 1181 598 θελούσης,
1209 529 1300 582 καὶ
1324 528 1353 581 6
1388 530 1464 600 μὴ
1504 530 1749 600 πέφυκεν
1776 532 1962 601 αἱρου-

2072 541 2191 587 nata
2232 549 2341 588 non
2385 544 2523 588 erat.
2555 534 2656 589 llic
2705 542 2891 589 autem
2933 534 3161 590 ultimus
3204 535 3416 605 peccati
3464 535 3643 593 limes.

384 628 575 697 μένης.
601 618 675 677 Οὐ
688 642 770 687 τος
799 624 855 677 δὲ
887 623 1161 694 ἁμαρτίας
1189 624 1316 693 ὅρος
1342 626 1370 675 6
1395 622 1641 693 ἔσχατος.
1674 625 1783 677 Καὶ
1808 623 1965 676 τοῦτο

379 719 438 771 δὲ
472 718 545 788 μὴ
570 716 993 786 καταλείψωμεν
1020 715 1523 785 ἀπαρασήμαντον,
1564 715 1646 768 ὅτι
1678 714 1850 785 τριῶν
1880 715 1967 767 ai-

379 812 512 865 τεῶν
541 810 964 881 θεωρουμένων,
1018 809 1077 874 ἐξ
1110 802 1187 861 ὧν
1230 810 1381 862 πᾶσα
1417 808 1766 862 ἀποτελεῖται
1807 808 1963 877 ἐνέρ-

381 920 525 974 γεια·
555 905 589 974 ἡ
626 904 725 974 μὲν
754 904 862 973 γάρ
890 905 1037 955 ἐστιν
1070 904 1133 956 ὲκ
1158 902 1397 972 φυσικῆς
1424 902 1729 971 δυνάμεως.
1760 903 1792 973 ἡ
1820 902 1876 954 δὲ
1900 903 1965 954 ἐκ

382 995 751 1068 παρατροπῆς
778 998 879 1065 τῆς
911 994 1052 1049 κατὰ
1082 994 1245 1063 φύσιν
1274 993 1462 1059 ἕξεως,
1486 996 1519 1065 ἡ
1547 994 1603 1047 δὲ
1636 993 1800 1065 ἑτέρα
1829 996 1965 1046 θεω-

384 1090 560 1158 ρεῖται
602 1088 743 1141 κατὰ
770 1086 873 1156 τὴν
922 1086 1059 1152 πρὸς
1090 1085 1152 1138 τὸ
1178 1088 1427 1155 κρεῖττον
1460 1084 1723 1137 ἀνάϐασίν
1757 1100 1817 1136 τε
1873 1084 1966 1136 καὶ

382 1179 643 1251 πρόοδονο
672 1177 931 1248 τούτωνὴ
970 1176 1072 1247 μὲν
1105 1175 1335 1247 φυσικὴ,
1362 1176 1395 1245 ἡ
1427 1174 1483 1227 δὲ
1521 1174 1672 1243 παρὰ
1706 1173 1891 1241 φύσιν,
1930 1174 1963 1243 ἡ

380 1273 437 1325 δὲ
469 1272 611 1342 ὑπὲρ
638 1270 800 1338 φύσιν
834 1270 949 1322 ἐστὶ
972 1269 1068 1323 καὶ
1092 1267 1445 1338 όνομάξεται.
1489 1266 1554 1319 Ἦ
1580 1266 1679 1336 μὲν
1696 1261 1786 1319 οὖν
1815 1264 1967 1335 παρά

382 1365 567 1435 φύσιν,
598 1363 718 1418 κατ’
748 1362 882 1416 αὐτό
920 1379 983 1431 γε
1017 1360 1079 1414 τὸ
1125 1361 1319 1430 ὄνομα,
1362 1359 1684 1419 ἀπόπτωσίς
1716 1375 1799 1421 τις
1832 1352 1966 1410 οὖσα

382 1460 491 1511 τῶν
519 1456 765 1526 φυσικῶν
792 1456 959 1520 ἕξεων
987 1456 1082 1508 καὶ
1120 1454 1426 1524 δυνάμεων,
1458 1453 1781 1523 λυμαίνεται
1810 1455 1875 1523 τῇ
1907 1468 1966 1504 τε

381 1551 539 1622 οὐσία
567 1551 729 1621 αὐτῇ,
758 1550 853 1602 καὶ
884 1551 1007 1610 ταῖς
1033 1548 1238 1618 ταύτης
1273 1548 1529 1613 φυσικαῖς
1560 1545 1967 1616 ὲνεργείαις.Ἡ

381 1646 438 1699 δὲ
489 1644 693 1713 φυσικὴ
736 1644 799 1696 ἐκ
826 1642 929 1712 τῆς
971 1640 1425 1711 ἀπαραποδίστου
1478 1639 1574 1691 καὶ
1630 1641 1771 1692 κατά
1805 1637 1969 1707 φύσιν

382 1737 786 1810 ὲρηρεισμένης
822 1734 1163 1789 ἀποτελεῖται
1203 1733 1403 1795 αἰτίας.
1457 1732 1521 1784 Ἦ
1552 1730 1610 1785 δὲ
1640 1731 1777 1802 ὑπὲρ
1809 1730 1969 1799 φύσιν

380 1832 576 1899 ἀνάγει
603 1848 664 1883 τε
697 1830 792 1884 καὶ
816 1829 962 1894 ὐψοῖ,
986 1828 1082 1881 καὶ
1106 1827 1244 1896 πρὸς
1268 1826 1337 1879 τά
1365 1825 1683 1897 τελειότερα
1716 1825 1965 1896 δυναμοῖ,

381 1924 479 1978 καὶ
511 1925 654 1995 ἅπερ
687 1923 787 1977 οὐκ
836 1922 903 1976 ἂν
936 1922 1158 1992 ἴσχυσεν
1187 1921 1431 1990 ἐνεργεῖν
1468 1921 1580 1982 τοῖς
1626 1919 1769 1972 κατὰ
1804 1918 1967 1988 φύσιν

380 2016 814 2088 ὲναπομείνασα.
872 2016 987 2069 Οὐκ
1034 2013 1183 2067 ἔστιν
1222 2009 1315 2066 οὖν
1352 2012 1423 2066 τὰ
1469 2010 1610 2084 ὑπὲρ
1658 2012 1818 2082 φύσιν
1858 2011 1966 2065 τῶν

382 2110 526 2165 κατὰ
557 2109 722 2180 φύσιν
750 2106 1095 2179 ἀναιρετικά,
1122 2106 1262 2160 ἀλλά
1287 2106 1594 2176 παράγωγα
1632 2105 1729 2158 καὶ
1761 2121 1969 2175 παρορ-

384 2202 612 2274 μητικὰ,
644 2201 724 2265 είς
762 2200 823 2253 τὸ
854 2199 1085 2254 κάκεῖνά
1115 2216 1176 2251 τε
1213 2197 1507 2267 δυνηθῆναι
1534 2235 1549 2259 .
1584 2196 1679 2252 καὶ
1705 2195 1805 2266 τὴν
1830 2194 1967 2267 πρὸς

380 2296 451 2351 τὰ
480 2294 622 2367 ὑπὲρ
645 2292 820 2347 ταῦτα
849 2291 1082 2363 δύναμιν
1112 2289 1468 2362 προσλαϐεῖν.

453 2564 516 2618 Α.
553 2562 970 2633 ῐῐαραδείγματι
1006 2557 1324 2631 οίκειοτέρῳ
1377 2556 1678 2628 σαφήνισον
1712 2554 1776 2607 τὸ
1805 2554 1967 2623 λεγό-

384 2676 547 2732 μενον
578 2676 593 2691 ο
624 2659 686 2711 οὐ
721 2658 830 2729 γάρ
865 2674 967 2727 μου
996 2656 1025 2707 6
1058 2654 1183 2717 νοῦς
1218 2670 1305 2706 πω
1339 2645 1484 2705 εἷλεν
1509 2650 1663 2705 αὐτό.

453 2754 516 2807 0.
554 2751 755 2805 Σκόπει
779 2750 857 2815 δὲ,
890 2748 1047 2819 ἔφην,
1077 2741 1121 2816 ᾧ
1154 2745 1243 2816 δὴ,
1273 2744 1527 2816 καθάπερ
1547 2744 1638 2796 ἐπὶ
1669 2743 1778 2795 τῶν
1793 2757 1972 2810 τεχνι-

380 2847 495 2910 κῶς
543 2843 1076 2912 κατεσκευασμένων
1120 2839 1267 2893 ἔστιν
1324 2839 1474 2903 ἰδεῖν,
1512 2832 1970 2906 μετακοσμοῦσαν

380 2940 482 3008 τὴν
533 2938 730 3007 τέχνην
779 2934 858 3005 τῷ
898 2931 1407 3002 κατασκευάσματι,
1450 2928 1542 2982 καὶ
1582 2927 1682 2998 τὴν
1733 2924 1970 2997 φυσικὴν

380 3031 481 3100 τῆς
506 3026 877 3098 ὑποκειμένης
913 3024 1045 3095 ὕλης
1076 3022 1355 3093 ἀμορφίαν
1385 3020 1479 3073 ἐπὶ
1506 3020 1568 3073 τὸ
1602 3017 1970 3089 εὐπρεπέστε-

387 3138 482 3193 ρον
533 3119 721 3191 σχῆμά
768 3135 828 3171 τε
882 3117 979 3171 καὶ
1029 3111 1170 3178 εἶδος
1222 3113 1583 3184 μετάγουσαν,
1616 3112 1710 3163 καὶ
1746 3108 1883 3180 πρὸς
1910 3106 1970 3161 τὸ

2067 623 2179 679 Nec
2204 624 2310 680 hoc
2365 636 2448 681 εει
2487 627 2605 681 sine
2655 627 3136 682 animadversione
3180 628 3645 698 praetereundum,

2069 717 2216 785 quod
2247 733 2373 772 cum
2416 728 2529 774 tres
2551 736 2731 775 causae
2784 730 3081 775 cernantur
3112 737 3181 775 ex
3224 721 3429 791 quibus
3466 723 3648 777 omnis

2066 818 2222 865 actus
2255 812 2646 881 proﬁciscitur,
2690 831 2833 868 unus
2892 815 3113 884 quidem
3156 824 3242 871 est
3290 830 3357 869 ex
3408 815 3645 870 naturali

2067 904 2345 971 polentia;
2374 906 2518 960 alius
2534 923 2669 961 vero
2696 922 2762 960 ex
2780 907 3176 976 depravatione
3200 906 3422 961 habitus
3451 922 3648 960 secun-

2066 994 2196 1048 dum
2215 1006 2501 1062 naturam;
2527 997 2724 1052 tertius
2741 997 3126 1052 consideratur
3140 997 3441 1051 secundum
3458 1013 3649 1053 ascen-

2066 1102 2187 1141 sum
2222 1096 2277 1142 et
2320 1104 2671 1159 progressum
2711 1090 2777 1144 ad
2828 1090 3052 1143 melius:
3089 1080 3153 1143 ex
3185 1088 3272 1143 his
3317 1090 3532 1157 primus
3563 1096 3648 1143 est

2067 1182 2372 1246 naturalis;
2407 1182 2686 1237 secundus
2716 1189 2917 1251 praeter
2942 1192 3232 1246 naturam;
3267 1181 3462 1235 tertius
3481 1195 3647 1249 supra

2066 1283 2320 1327 naturam
2372 1284 2476 1340 est,
2521 1285 2577 1330 et
2632 1273 2973 1329 nominatur.
3015 1273 3111 1327 Ille
3164 1288 3298 1343 ergo
3345 1280 3501 1327 actus
3550 1272 3645 1340 qui

2067 1376 2296 1419 vocatur
2329 1374 2530 1435 praeter
2566 1375 2843 1431 naturam,
2868 1366 2960 1435 qui
2984 1375 3068 1419 est
3089 1365 3367 1418 aberratio
3398 1363 3649 1433 quaedam

2068 1471 2098 1509 a
2133 1458 2478 1511 naturalibus
2528 1458 2813 1512 habilibus
2867 1468 2923 1512 et
2969 1458 3254 1528 potentiis,
3312 1458 3461 1511 laedit
3511 1457 3647 1510 sub-

2067 1549 2325 1602 stantiam
2393 1549 2568 1619 ipsam
2616 1558 2672 1604 et
2724 1549 3077 1620 operationes
3130 1551 3253 1620 ejus
3321 1550 3645 1603 naturales:

2069 1642 2339 1696 naturalis
2372 1653 2557 1699 autem
2589 1650 2747 1697 actus
2800 1658 2867 1697 ex
2902 1658 3065 1697 causa
3113 1658 3222 1696 non
3280 1642 3562 1711 impedita,
3594 1650 3651 1696 et

2069 1732 2372 1787 secundum
2406 1744 2658 1786 naturam
2689 1733 2853 1785 nixus
2872 1732 3278 1802 proﬁciscitur:
3328 1740 3484 1786 actus
3517 1746 3649 1785 vero

2071 1840 2237 1894 supra
2269 1834 2549 1891 naturam,
2580 1825 2787 1887 evehit,
2814 1834 2869 1880 et
2900 1826 3103 1889 elevat,
3136 1834 3194 1879 et
3218 1824 3283 1879 ad
3316 1825 3649 1895 perfectiora

2000 1887 2043 1947 Β
2071 1918 2318 1985 roborat,
2371 1927 2429 1973 et
2468 1918 2535 1973 ad
2580 1934 2644 1973 ea
2698 1934 2820 1989 quae
2850 1933 2961 1971 non
3010 1918 3283 1987 potuisset
3317 1887 3561 1977 efﬁcere,
3600 1917 3648 1971 si

2070 2010 2128 2064 in
2178 2009 2247 2065 iis
2304 2026 2427 2080 quae
2484 2018 2612 2065 sunt
2669 2010 2975 2066 secundum
3024 2019 3281 2064 naturain
3335 2010 3649 2065 mansisset.

2068 2102 2200 2170 Quae
2230 2102 2401 2173 igitur
2432 2119 2601 2173 supra
2656 2114 2911 2157 naturam
2963 2112 3115 2167 sunt,
3171 2118 3281 2155 non
3325 2100 3653 2156 interimunt

2068 2212 2191 2265 qua:
2221 2204 2352 2251 sunt
2383 2196 2687 2251 secundum
2717 2203 2989 2258 naturam,
3026 2194 3120 2248 sed
3162 2192 3348 2263 potius
3370 2192 3654 2247 deducunt

2070 2298 2126 2344 et
2146 2289 2456 2359 impellunt,
2494 2296 2555 2341 ut
2597 2303 2660 2342 ea
2683 2302 2807 2357 qua:
2837 2285 3142 2341 secundum
3189 2294 3443 2339 naturam
3496 2291 3650 2346 sunt,

2069 2381 2366 2452 possimus,
2410 2390 2468 2436 et
2497 2379 2762 2434 virtutem
2797 2376 2866 2433 ad
2897 2393 2962 2432 ea
2984 2392 3105 2447 qua:
3149 2391 3316 2445 supra
3347 2375 3463 2430 haec
3501 2382 3653 2440 sunt,

2070 2473 2429 2544 accipiamus.

2140 2566 2205 2623 ll.
2238 2567 2525 2638 Exemplo,
2550 2567 2749 2637 inquit,
2775 2564 3029 2621 familiari
3059 2564 3281 2621 declara
3308 2562 3454 2635 quod
3478 2560 3652 2627 dicis;

2069 2660 2317 2715 nondum
2352 2660 2501 2714 enim
2541 2676 2697 2715 mens
2724 2675 2844 2714 mea
2882 2658 3014 2714 illud
3044 2659 3302 2728 percipit.

2139 2751 2204 2808 0.
2238 2752 2564 2818 Considera,
2593 2754 2839 2822 inquam,
2869 2754 2950 2807 sic
2978 2770 2992 2807 :
3026 2753 3185 2807 Sicut
3212 2752 3265 2806 in
3294 2751 3361 2805 iis
3387 2766 3507 2821 quae
3536 2758 3655 2803 arte

2073 2844 2230 2909 ﬁunt,
2294 2845 2485 2901 videre
2539 2846 2690 2911 licet,
2752 2844 3219 2915 quemadmodum
3283 2860 3375 2898 ars
3421 2840 3657 2896 artiﬁcio

2071 2953 2250 3000 mutat
2298 2945 2353 2998 in
2410 2946 2572 2999 aliam
2617 2945 2889 3008 formam,
2943 2952 2998 2998 et
3044 2944 3349 2997 naturalem
3414 2939 3658 2994 materia:

2072 3034 2335 3104 subjecta:
2364 3033 2787 3089 deformitatem
2824 3034 2890 3088 ad
2918 3033 3291 3103 pulchriorem
3317 3030 3571 3085 habitum
3600 3039 3658 3086 et

2072 3125 2313 3195 speciem
2350 3124 2627 3190 transfert,
2682 3132 2738 3180 et
2768 3124 2941 3195 magis
2972 3124 3040 3178 ad
3094 3124 3392 3177 utilitatem
3418 3130 3654 3185 evocat;

384 3211 646 3285 χρειῶδες
702 3210 900 3281 μᾶλλον
947 3204 1395 3276 ὲκκαλουμένηιο
1451 3200 1741 3272 χαρίζεται
1784 3198 1893 3273 γὰρ
1932 3200 1967 3270 ἡ

2074 3217 2304 3287 largitur
2353 3217 2502 3272 enim
2539 3232 2648 3282 ars,
2692 3215 2841 3286 quod
2898 3224 3095 3272 natura
3157 3231 3266 3271 non
3312 3215 3547 3269 habuit:
3587 3213 3658 3267 ad

383 3307 549 3376 τέχνη
584 3306 720 3375 ὅπερ
752 3303 851 3357 οὐκ
877 3302 1035 3370 ἔσχεν
1063 3301 1095 3369 ἡ
1130 3297 1292 3366 φύσις
1312 3312 1325 3325 ·
1358 3294 1501 3349 οὕτω
1529 3295 1639 3366 γὰρ
1679 3293 1833 3347 αὐλοὶ
1877 3293 1970 3346 καὶ

384 3399 631 3468 κεθάραι,
660 3396 756 3450 καὶ
780 3394 847 3448 τὰ
878 3393 1088 3453 τούτοις
1114 3390 1223 3444 τῶν
1265 3389 1515 3459 ὀργάνων
1539 3390 1701 3457 ὃμοια
1734 3386 1971 3455 φθέγγε-

387 3491 515 3546 σθαι
548 3490 699 3561 παρὰ
725 3488 825 3558 τῆς
854 3488 1052 3557 τέχνης
1082 3483 1509 3552 ὲξεϐιάσθησαν’
1539 3479 1683 3534 οὕτω
1714 3482 1807 3533 καὶ
1830 3480 1970 3532 πλα-

390 3584 552 3655 στικὴ
588 3584 655 3637 τά
686 3599 745 3635 τε
786 3581 921 3635 ἄλλα
950 3580 1045 3632 καὶ
1077 3577 1166 3630 τὸν
1204 3575 1405 3646 χρυσον
1429 3572 1508 3636 είς
1534 3591 1593 3626 τε
1631 3571 1801 3642 μυρία
1836 3572 1973 3641 γένη

386 3679 499 3733 τῶν
551 3677 759 3744 ἀλόγων
815 3672 990 3738 ζώων,
1032 3669 1123 3724 καί
1170 3686 1234 3738 γε
1292 3668 1429 3739 πρὸς
1479 3666 1576 3729 τὰς
1620 3663 1975 3737 ἀνθρωπικὰς

392 3767 716 3841 μεταμείϐει
752 3764 998 3836 μορφάς·
1035 3761 1311 3833 μηχανική
1352 3777 1413 3811 τε
1455 3756 1524 3812 αὐ
1564 3756 1726 3811 πάλιν
1778 3757 1975 3826 ἀστρο-

387 3860 621 3931 νομικὰς
677 3857 913 3928 σφαίρας
968 3855 1062 3907 καὶ
1113 3850 1465 3925 ὡροσκόπια,
1497 3849 1593 3902 καὶ
1639 3848 1707 3900 τὰ.
1750 3847 1976 3900 τοιαῦτα

392 3949 746 4019 ὲπινενόηκεο
777 3943 986 4016 μακρὸν
1020 3943 1065 3996 δ’
1111 3942 1178 3995 ἂν
1215 3940 1305 4011 εῐη
1351 3939 1421 3993 τά
1473 3939 1595 3993 κατ’
1644 3935 1783 3999 εἶδος
1839 3954 1976 3991 κατ-

390 4041 644 4114 αριθμεῖν
662 4080 678 4105 ,
709 4033 789 4101 οἷς
827 4038 856 4090 6
881 4033 1127 4105 τεχνικὸς
1165 4032 1321 4102 λόγος
1351 4032 1443 4085 ἐπὶ
1469 4030 1575 4084 τῶν
1601 4029 1815 4083 οἰκείων
1836 4030 1977 4099 ὅρων

392 4134 563 4203 αὐτῆς
596 4129 860 4201 μεινάσης
890 4127 989 4197 τῆς
1024 4126 1239 4196 φύσεως
1260 4165 1276 4190 ,
1305 4124 1400 4178 καὶ
1427 4122 1579 4176 οὐδὲν
1618 4122 1754 4185 ὅλως
1797 4139 1977 4193 παρα-

392 4226 712 4298 ϐλαϐείσης,
742 4224 841 4293 τὴν
886 4220 995 4274 ἀπὸ
1047 4219 1149 4289 τῆς
1196 4216 1392 4287 τέχνης
1440 4214 1741 4285 εὐκοσμίαν
1784 4230 1846 4267 τε
1885 4215 1979 4269 καὶ

394 4318 728 4390 εὐχρηστίαν
759 4315 1123 4386 προστίθησι·
1158 4310 1250 4365 τὸν
1275 4309 1438 4364 αὐτόν
1464 4325 1527 4377 γε
1559 4307 1615 4361 δὲ
1644 4306 1866 4378 τρόπον,
1893 4307 1981 4361 ἵνα

392 4418 509 4479 τοῖς
550 4413 719 4476 θείοις
768 4427 827 4464 τε
894 4409 990 4463 καὶ
1038 4404 1368 4478 ὐπερτέροις
1413 4402 1482 4456 τὰ
1515 4399 1832 4472 χαμαίζηλοι
1886 4402 1980 4454 καὶ

396 4504 690 4559 πολλοστὸν
751 4500 853 4569 τῆς
913 4496 1174 4568 ἀληθείας
1229 4494 1504 4565 ἀπήχημα
1549 4491 1804 4560 φέροντα,
1840 4490 1979 4560 πρὸς

396 4596 751 4669 παράδειγμα
779 4591 1053 4660 λάϐωμεν,
1084 4588 1178 4642 καὶ
1203 4587 1301 4657 τὴν
1343 4584 1439 4638 τοῦ
1486 4583 1690 4653 Κυρίου
1725 4583 1836 4634 νόει
1888 4599 1980 4651 μοι

394 4691 577 4761 σάρκα
604 4688 715 4741 τῶν
740 4686 839 4756 τῆς
873 4684 1089 4752 φύσεως
1128 4680 1330 4748 νόμων,
1368 4678 1462 4731 καὶ
1495 4674 1635 4746 μετά
1667 4674 1764 4745 τὴν
1807 4675 1980 4745 ὑπερ-

397 4784 513 4851 φυᾶ
552 4780 649 4835 καὶ
689 4776 999 4840 θαυμασίαν
1040 4772 1256 4835 ἕνωσιν,
1291 4770 1588 4839 ἀλωϐήτων
1637 4769 1809 4836 αὐτῆς
1852 4783 1980 4819 συν-

394 4873 765 4944 τηρηθέντων,
784 4871 879 4922 καὶ
895 4869 961 4922 τὰ
982 4867 1125 4936 ὑπὲρ
1142 4865 1241 4935 τὴν
1266 4862 1426 4933 φύσιν
1457 4861 1727 4930 δεδέχθαι,
1751 4859 1827 4923 ὡς
1854 4860 1979 4929 μηδ’

394 4967 657 5037 ὁπότερον
696 4966 761 5017 ὲκ
808 4961 903 5016 τού
955 4959 1186 5030 θατέρου
1237 4953 1569 5027 χωρίζεσθαι
1601 4953 1635 5023 ἢ
1687 4952 1980 5023 ἐμποδίζε-

400 5062 549 5115 σθαι.
598 5059 735 5114 Οὐδὲ
762 5057 872 5127 γὰρ
896 5056 966 5109 τὰ
994 5054 1137 5125 ὑπὲρ
1166 5051 1330 5122 φύσιν
1368 5049 1482 5119 ἔχει
1521 5047 1741 5120 χώραν,
1774 5046 1851 5120 μὴ
1881 5049 1981 5120 τῆς

2074 3308 2223 3363 hunc
2272 3308 2497 3363 modum
2550 3307 2715 3369 tibim,
2766 3316 2823 3362 et
2863 3307 3107 3371 citharae,
3139 3314 3197 3361 et
3254 3306 3358 3360 alia
3386 3303 3659 3375 ejusmodi

2075 3401 2443 3455 instrumenta
2493 3398 2548 3453 vi
2594 3399 2731 3453 artis
2766 3414 2933 3453 sonos
2982 3398 3243 3453 emittunt
3276 3415 3287 3449 :
3331 3397 3410 3450 sic
3439 3412 3529 3449 ars
3558 3396 3660 3449 ﬁn-

2074 3493 2237 3565 gendi
2284 3507 2411 3547 cum
2464 3492 2609 3557 alia,
2660 3500 2774 3545 tum
2833 3507 3028 3544 aurum
3078 3490 3134 3544 in
3196 3488 3411 3543 inﬁnita
3458 3503 3660 3559 genera

2075 3583 2397 3639 animalium
2447 3584 2660 3637 ratione
2683 3582 3013 3643 carentium,
3040 3589 3095 3635 et
3134 3581 3187 3634 in
3228 3580 3430 3633 formas
3463 3579 3659 3631 Imma-

2077 3691 2175 3730 nas
2204 3684 2398 3730 mutat.
2420 3674 2498 3729 Ac
2535 3688 2725 3728 rursus
2746 3688 2835 3726 ars
2872 3672 3190 3727 mechanica
3221 3671 3463 3741 sphaeras
3487 3678 3664 3723 astro-

2078 3768 2344 3831 nomicas,
2366 3775 2424 3822 et
2456 3765 2765 3837 horologia,
2794 3774 2849 3819 et
2878 3765 2985 3819 alia
3020 3762 3337 3835 hujusmodi
3380 3763 3661 3831 excogita-

2078 3861 2177 3915 vit.
2206 3860 2456 3931 Longum
2483 3868 2651 3919 esset.
2684 3873 2983 3912 numerare
3030 3856 3237 3911 formas
3275 3855 3477 3926 quibus
3522 3855 3663 3908 ratio

2079 3951 2375 4007 artiﬁciosa
2398 3959 2656 4005 manente
2689 3959 2889 4005 natura
2914 3949 3057 4005 intra
3090 3948 3226 4003 ﬁnes
3266 3963 3416 4009 suos,
3442 3955 3497 4001 et
3524 3946 3663 4000 nihil

2078 4042 2226 4107 laesa,
2267 4042 2745 4113 pulchritudinem
2818 4049 2875 4095 et
2927 4040 3380 4096 commoditatem
3435 4055 3501 4092 εχ
3544 4048 3663 4091 arte

2078 4134 2326 4189 adhibet.
2391 4132 2473 4188 Ad
2516 4134 2773 4189 eumdem
2844 4131 3093 4198 modum,
3147 4139 3208 4184 ut
3264 4146 3385 4200 quae
3436 4130 3664 4183 hmnil'a

2080 4232 2233 4288 sunt,
2262 4231 2319 4278 ει
2339 4223 2763 4279 similitudinem
2800 4223 2961 4293 longe
3009 4237 3040 4274 a
3069 4221 3304 4275 veritate
3356 4220 3665 4274 remotissi-

2083 4332 2227 4370 mam
2258 4316 2464 4380 l‘erunt,
2492 4330 2617 4369 cum
2654 4314 2859 4369 divinis
2911 4312 3147 4381 exempli
3198 4327 3367 4366 causa
3417 4310 3667 4363 confera-

2082 4407 2558 4463 muszconsidera
2613 4406 2748 4459 mihi
2811 4420 3034 4458 carnem
3084 4402 3303 4457 Domini
3345 4401 3510 4455 salvis
3565 4417 3668 4454 na-

2084 4510 2221 4555 turte
2257 4499 2473 4570 legibus
2507 4508 2633 4568 post
2675 4496 2937 4550 unionem
3006 4511 3171 4564 supra
3198 4504 3454 4547 naturain
3487 4501 3541 4547 et
3573 4493 3669 4545 atl-

2009 4568 2427 4655 Dmirabilem;
2469 4589 2634 4642 etiam
2686 4604 2750 4642 ea
2814 4604 2936 4656 qua:
2988 4601 3155 4655 supra
3202 4594 3459 4637 naturam
3516 4592 3666 4646 sunt,

2086 4684 2267 4738 locum
2292 4682 2520 4746 habent,
2550 4697 2661 4737 non
2695 4680 2935 4734 habente
2966 4688 3160 4732 natura
3182 4676 3330 4746 quod
3362 4673 3667 4729 secundum

2088 4783 2344 4829 naturam
2374 4781 2479 4828 est.
2521 4773 2844 4842 Desinitquc
2887 4770 3218 4825 miraculum
3270 4783 3419 4831 esse,
3463 4780 3587 4819 cum
3614 4762 3669 4816 id

2088 4868 2237 4938 (ιυοά
2267 4876 2353 4922 est
2383 4883 2547 4937 supra
2592 4875 2869 4929 naturam,
2914 4873 3169 4918 naturam
3200 4869 3398 4920 mutat,
3444 4874 3515 4913 ae
3553 4872 3655 4909 ιηαο

2087 4959 2405 5030 guiﬁcentia
2458 4975 2581 5029 qua:
2653 4968 2867 5012 naturae
2915 4955 3235 5010 violentiam
3286 4950 3550 5013 adhibet,
3614 4947 3669 5002 in

2087 5052 2480 5107 contumeliam
2515 5050 2775 5105 vertitur.

398 5154 618 5224 φύσεως
667 5150 901 5223 ἐχούσης
949 5147 1091 5204 κατά
1131 5145 1316 5216 φύσιν.
1358 5140 1669 5215 Ἀφῄρηται
1707 5139 1764 5194 δὲ
1834 5141 2016 5197 καὶτὸ
2055 5141 2191 5205 εἶναι
2216 5144 2425 5217 θαῦμα,
2491 5144 2570 5215 τῷ
2604 5143 2743 5216 ὐπὲρ
2790 5141 2951 5212 φύσιν
2985 5141 3085 5203 τῆς
3127 5136 3352 5208 φύσεως
3395 5130 3669 5204 μεταστά-

400 5262 526 5317 σης,
551 5244 878 5314 καὶγίνεται
903 5239 1061 5313 ὕϐρις
1090 5242 1124 5311 ὴ
1154 5236 1434 5310 φιλοτιμία
1457 5236 1846 5307 τυραννήσασα
1873 5235 1973 5305 τὴν
2011 5236 2293 5311 ἀλήθειαν,

472 5338 537 5389 Α.
568 5333 757 5405 Κάμοὶ
784 5333 870 5403 δὴ,
907 5331 1036 5400 ἔφη,
1067 5327 1241 5383 ταῦτα
1266 5328 1436 5383 δοκεῖ.
1466 5323 1624 5380 Οὕτω
1655 5324 1754 5396 μέν
1786 5341 1868 5378 τοι
1914 5323 1991 5389 ὡς

402 5431 472 5483 τὰ
530 5428 627 5499 μὲν
670 5425 817 5495 πάθη
847 5423 1129 5492 θαύματος
1159 5420 1305 5489 λόγῳ
1337 5422 1404 5489 τῇ
1444 5418 1612 5489 σαρκὶ
1652 5414 1746 5470 τοῦ
1774 5416 1984 5488 Κυρίου

406 5517 730 5586 συμϐαίνειν
754 5533 770 5549 ο
815 5515 877 5567 τὸ
904 5514 962 5567 δέ
990 5530 1056 5581 γε
1082 5511 1294 5575 ἀπαθὲς
1330 5511 1467 5580 αὐτῇ
1510 5508 1605 5563 καὶ
1657 5507 1985 5581 ἀνώλεθρον,

407 5610 626 5682 φύσεως
655 5608 843 5679 νόμοις
877 5603 1246 5666 ἀδιαπτώτοις
1275 5603 1372 5674 ὲρη
1384 5603 1615 5673 ρετσθαι.

479 5706 543 5757 0.
576 5700 688 5755 Καὶ
736 5699 921 5761 πόθεν,
964 5692 1117 5751 εἷπον
1163 5696 1298 5764 ἐγὼ,
1325 5692 1483 5747 τοῦτο
1527 5692 1707 5748 λαϐὼν
1754 5687 1991 5765 ἔχεις,ὧ

410 5798 691 5871 βέλτιστε;
733 5794 830 5854 Τίς
869 5792 926 5847 δέ
975 5808 1058 5845 σοι
1106 5791 1400 5861 γεγένηται
1440 5789 1540 5859 τῆς
1585 5788 1743 5861 ξένης
1785 5788 1989 5859 ταύτης

410 5890 602 5959 σοφίας
638 5887 924 5958 ὑποφήτης
951 5902 966 5955 ;
1018 5886 1088 5939 Ἦ
1113 5883 1329 5953 ἀγνοεῖς
1353 5884 1434 5939 ὅτι
1470 5883 1637 5951 νόμος
1681 5882 1897 5950 φύσεως
1927 5882 1986 5963 οὐ

2167 5330 2232 5384 ll.
2261 5329 2328 5383 Et
2387 5327 2543 5393 mihi,
2581 5324 2779 5397 inquit,
2836 5323 2955 5380 haec
2993 5322 3256 5378 videntur
3288 5336 3301 5374 :
3342 5319 3422 5373 sic
3459 5324 3665 5377 tamen,

2097 5429 2156 5474 ut
2177 5419 2462 5490 passiones
2490 5418 2704 5473 ratione
2736 5414 2993 5471 miraculi
3015 5413 3167 5468 carni
3189 5409 3541 5471 acciderent;
3561 5420 3670 5459 non

2096 5527 2259 5585 posse
2286 5520 2471 5567 autem
2516 5508 2651 5579 pati,
2680 5520 2737 5563 et
2770 5504 3165 5561 immortalitas
3194 5503 3316 5573 ejus
3356 5499 3411 5554 in
3462 5505 3673 5553 natura)

2097 5605 2310 5675 legibus
2334 5600 2814 5658 indissolubilibus
2842 5598 3137 5653 niteretur.

2168 5692 2233 5749 Ο.
2264 5692 2333 5747 Ει
2384 5690 2551 5755 unde,
2605 5690 2827 5759 inquam
2879 5702 3002 5758 ego,
3065 5685 3171 5739 hoc
3205 5678 3489 5751 accepisti,
3527 5677 3673 5732 bone

2098 5783 2222 5838 vir?
2273 5781 2408 5850 Quis
2465 5780 2569 5834 fuit
2597 5780 2695 5834 tibi
2724 5778 2891 5850 hujus
2935 5791 3091 5831 novae
3136 5783 3192 5830 et
3224 5773 3529 5845 peregrinae
3580 5786 3674 5825 sa-

2100 5876 2315 5946 pientia:
2355 5871 2652 5941 magister?
2706 5869 2789 5926 An
2842 5868 3080 5942 ignoras,
3141 5866 3285 5940 quod
3350 5865 3434 5921 lex
3468 5871 3674 5918 natura:
