4120 6436
472 394 610 456 1335

1718 389 2029 451 LEONTII
2073 389 2478 449 ΒΥΖΑΝΤΙΝΙ

3607 375 3743 440 1336

471 513 585 555 non
614 508 722 566 est,
764 499 911 570 quod
938 515 1119 554 rarum
1155 510 1260 567 est,
1297 502 1394 557 sed
1428 501 1575 572 quod
1601 514 1841 570 semper,
1875 498 1961 554 vel
1996 508 2058 554 ut

2162 498 2221 552 τὸ
2253 500 2503 565 σπάνιον,
2536 497 2671 552 ἀλλά
2718 497 2779 552 τὸ
2824 498 2899 561 ὡς
2935 498 3100 568 ﬁeld,
3135 497 3278 550 κατά
3309 511 3373 563 γε
3402 494 3464 547 τὸ
3488 492 3741 546 πλεῖστον

472 592 773 663 plurimum
812 593 1065 648 cernitur
1121 603 1180 648 et
1215 594 1537 664 permanet?
1570 592 1838 648 Dominus
1890 590 2058 661 igitur

471 696 664 742 noster
703 688 833 742 totis
858 688 1087 758 triginta
1131 688 1313 744 tribus
1340 690 1503 744 annis
1526 687 1819 743 nobiscum
1861 700 2059 740 secun-

470 777 600 833 dum
634 795 854 834 carnem
877 789 1152 847 versatus,
1194 797 1304 836 non
1344 780 1700 836 abhorrendo
1725 779 1838 834 ullo
1890 777 2059 832 modo

470 885 501 923 a
533 880 722 926 nostra
766 856 1207 937 consuetudine,
1263 874 1667 927 humanitatem
1721 869 2056 933 honoravit,

471 966 597 1020 cibo
620 975 677 1021 et
705 975 832 1037 potu
881 974 938 1021 et
982 982 1180 1021 somno
1216 976 1402 1029 utens,
1436 974 1493 1019 et
1518 964 1625 1019 alia
1655 963 1842 1018 omnia
1898 970 2061 1016 natu-

471 1057 660 1112 raliter
719 1050 993 1114 adhibens
1038 1075 1162 1129 qua:
1218 1059 1511 1114 veritatem
1549 1057 1757 1127 sumpti
1808 1054 2059 1124 corporis

414 1134 445 1147 7’
473 1150 952 1219 demonstrabant,
995 1163 1053 1208 et
1105 1153 1371 1207 miracula
1431 1167 1540 1207 non
1595 1151 1913 1221 priusquam
1961 1147 2061 1201 tri-

474 1243 623 1313 ginta
667 1259 845 1299 annos
889 1253 1078 1309 natus,
1140 1244 1326 1299 facere
1354 1243 1546 1313 "erepit.
1593 1242 1672 1296 Ne
1717 1240 1865 1297 enim
1922 1237 2059 1293 mihi

476 1335 623 1389 ullus
671 1336 937 1412 miracula
969 1337 1189 1391 Domini
1239 1337 1476 1407 puerilia
1523 1352 1590 1390 ex
1650 1334 1850 1404 puerili
1891 1348 2059 1387 sensu

475 1430 755 1501 proferat;
810 1432 925 1487 haec
973 1443 1107 1488 mtas
1162 1432 1467 1503 perfectam
1496 1433 1717 1486 virtutis
1776 1430 2060 1501 periclitao

476 1522 709 1586 tionem,
774 1531 830 1577 et
876 1522 1145 1578 doctrinae
1194 1533 1474 1578 maturum
1526 1531 1745 1592 tempus
1797 1521 2056 1586 habebat,

475 1613 701 1681 quando
722 1630 850 1669 vera
869 1614 1165 1685 Evangelia
1191 1615 1352 1670 nobis
1363 1615 1719 1685 praedicavit;
1749 1623 1805 1669 et
1832 1615 1899 1669 ad
1922 1631 2058 1670 con-

476 1703 841 1759 ﬁrmationem
875 1705 1255 1761 doctrinarum
1280 1706 1594 1761 divinarum
1622 1706 2057 1763 admirabilitate

475 1797 871 1853 miraculorum
913 1815 979 1854 ea
1008 1815 1131 1869 quae
1167 1799 1522 1865 dicebantur,
1572 1799 1844 1855 munivit:
1877 1808 1934 1855 et
1960 1815 2056 1855 us-

2161 590 2607 661 ὲνθεωρούμενον
2666 590 2766 644 καὶ
2812 588 3179 661 παραμένον;
3221 589 3282 640 '0
3345 584 3478 653 γοῦν
3538 582 3746 653 Κύριος

2160 681 2321 754 ἡμῶν
2373 683 2674 753 τριάκοντα
2704 682 2798 736 καὶ
2829 681 3013 753 τρισὶν
3040 681 3185 745 ὅλοις
3218 679 3365 733 ἔτεσι
3385 720 3402 744 ,
3433 677 3555 749 μεθ’
3586 673 3746 744 ἡμῶν

2160 774 2303 829 κατὰ
2352 776 2531 845 σάρκα
2575 773 3080 843 πολιτευσάμενος,
3110 775 3176 843 τῇ
3211 771 3311 842 μὲν
3354 766 3749 839 ἀπαραλλαξία

2158 867 2271 921 τῶν
2302 868 2614 940 ἡμετέρων,
2647 868 2708 921 τὸ
2734 866 3080 938 ἀνθρώπινον
3108 864 3513 935 άπεσέμνυνεν,
3548 861 3748 914 ἐσθίων

2159 978 2222 1014 τε
2252 961 2346 1015 καὶ
2382 960 2552 1014 πίνων
2581 961 2677 1015 καὶ
2718 960 2927 1027 ὑπνῶν,
2956 960 3053 1013 καὶ
3082 958 3129 1014 τ’
3160 957 3299 1012 ἄλλα
3327 956 3394 1027 δὴ
3417 954 3616 1025 ιπάντα
3646 970 3750 1023 φυ-

2163 1053 2334 1117 σικῶς
2392 1053 2780 1125 προσιέμενος,
2807 1055 2953 1124 ἆπερ
2999 1053 3101 1125 τὴν
3151 1052 3414 1123 ἀλήθειαν
3461 1048 3750 1116 συνίστησι

2162 1148 2258 1203 τοῦ
2303 1147 2640 1219 εἰλημμένου
2692 1147 2954 1218 σώματος
2981 1164 2997 1179 ’
3046 1147 3143 1201 καὶ
3190 1143 3641 1213 θαυματουργεῑν
3689 1139 3749 1193 δὲ

2161 1241 2594 1311 τριακονταέτης
2660 1240 2923 1309 γεγονὼς,
2957 1240 3018 1294 οὐ
3076 1239 3345 1310 πρότερον
3394 1234 3617 1306 ἧρξατο.
3654 1233 3749 1300 Μὴ

2163 1334 2273 1404 γάρ
2325 1347 2416 1404 μοι
2463 1332 2536 1386 τὰ
2571 1333 2801 1386 παιδικά
2839 1348 2928 1396 τις
2966 1330 3063 1385 τοῦ
3112 1329 3344 1399 Κυρίου,
3373 1328 3439 1381 ὲκ
3484 1324 3750 1393 παιδικῆς

2164 1424 2358 1497 φρενὸς
2392 1425 2789 1497 προϐαλλέσθω
2813 1424 3387 1495 θαυματουργήματα,
3409 1417 3626 1472 τελείαν
3649 1414 3749 1486 βά-

2164 1534 2327 1572 σανον
2354 1518 2559 1589 ἀρετῆς
2578 1518 2673 1571 καὶ
2698 1516 3051 1580 διδασκαλίας
3077 1514 3270 1585 καιρὸν
3292 1511 3498 1582 ταύτης
3515 1508 3751 1579 ἐχούσης

2160 1612 2264 1683 τῆς
2321 1611 2566 1682 ἡλικίας,
2599 1611 2768 1680 ἡνίκα
2825 1611 2923 1663 καὶ
2968 1608 3038 1663 τὰ
3092 1608 3264 1671 ὅντως
3292 1608 3427 1676 ἡμῖν
3478 1600 3751 1673 ἐκήρυξεν

2161 1703 2501 1775 Εὑαγγέλια,
2527 1704 2623 1757 καὶ
2651 1704 2713 1756 τὸ
2742 1702 2935 1755 πιστὸν
2966 1702 3191 1769 ἐπάγων
3221 1699 3337 1760 τοῖς
3363 1693 3750 1753 θεοπνεύστοις

2161 1796 2491 1866 διδάγμασι.
2519 1794 2597 1865 τῷ
2626 1792 2923 1864 παραδόξῳ
2965 1791 3079 1845 τῶν
3121 1789 3423 1859 θαυμάτων
3463 1781 3752 1851 ὲπεσφρά-

472 1903 582 1958 que
611 1888 753 1945 adeo
797 1889 895 1946 hic
910 1892 1164 1947 cernitur
1195 1892 1567 1957 naturalibus,
1595 1901 1653 1947 et
1681 1892 1821 1947 citra
1868 1908 2060 1962 repre-

2167 1907 2291 1960 γισε
2323 1889 2393 1943 τά
2420 1888 2693 1959 λεγόμενα
2714 1904 2729 1918 ο
2763 1885 3024 1940 τοσοῦτον
3059 1884 3117 1937 δὲ
3148 1880 3436 1937 κάνταῦθα
3492 1878 3752 1948 φαίνεται

473 1982 799 2037 hensionem
817 1984 1073 2055 corporis
1094 1986 1597 2043 consuetudinibus
1616 2001 1771 2051 usus,
1792 1995 1852 2040 ut
1876 1985 2060 2041 existi-

473 2073 773 2129 mationem
803 2077 1021 2131 voracis
1041 2083 1098 2130 et
1117 2076 1230 2131 vini
1256 2077 1469 2147 poteris
1487 2077 1792 2133 sustineret
1806 2078 1871 2140 ὀ,
1899 2076 2055 2143 dum,

473 2164 730 2219 similiter
804 2173 863 2220 ut
917 2182 1041 2233 nos,
1089 2167 1317 2221 modum
1378 2167 1731 2223 necessitatis
1787 2168 2057 2239 espleret.

471 2252 614 2319 Quid
653 2265 920 2324 praeterea
942 2256 1116 2322 dices,
1155 2274 1266 2327 quo
1320 2268 1482 2328 pacto
1530 2273 1752 2328 semper
1779 2256 1836 2311 in
1865 2264 2059 2313 nostra

473 2345 649 2402 forma
680 2348 998 2414 videbatur,
1058 2360 1115 2406 et
1157 2365 1282 2406 eum
1313 2351 1673 2406 multitudine
1710 2365 1965 2416 versans,
2003 2358 2060 2405 et

475 2437 612 2491 nihil
648 2456 679 2493 a
704 2441 894 2495 multis
928 2440 1121 2495 habitu
1167 2441 1466 2497 differens?
1516 2442 1801 2512 Siquidem
1835 2456 2058 2512 preme-

473 2532 608 2589 bant
638 2551 765 2591 eum
789 2536 988 2602 turbae,
1010 2545 1071 2592 ut
1099 2537 1299 2592 Petrus
1320 2538 1397 2592 ait
1434 2540 1511 2603 τίς
1538 2546 1597 2593 et
1635 2538 1731 2608 qui
1767 2552 1895 2591 eum
1926 2551 2058 2606 pro-

474 2625 615 2681 didit
635 2626 787 2699 signa
819 2628 975 2683 dedit
1003 2644 1068 2683 ex
1099 2629 1304 2697 quibus
1346 2628 1579 2684 deieidae
1637 2644 1765 2683 eum
1794 2642 2061 2698 agnosce-

474 2727 620 2784 rent,
672 2728 903 2789 propter
928 2720 1376 2785 similitudinem,
1401 2729 1463 2775 ut
1490 2721 1716 2790 quidam
1760 2736 1829 2776 ex
1851 2721 2060 2777 nostris

473 2810 633 2875 dixit,
675 2811 898 2867 habitus
932 2811 1151 2867 Domini
1206 2827 1331 2867 cum
1388 2811 1583 2867 habitu
1632 2812 2056 2882 discipulorum.

475 2900 602 2956 llaec
630 2916 761 2955 vero
819 2901 888 2955 ab
924 2911 1053 2955 ortu
1093 2901 1217 2971 ejus
1286 2918 1463 2972 usque
1524 2902 1593 2957 ad
1649 2919 1942 2958 ascensum
2001 2905 2058 2959 in

472 3007 717 3057 crucem,
767 3001 824 3048 et
869 3009 1045 3063 usque
1080 2993 1148 3048 ad
1204 2995 1549 3064 sepulturam
1594 2994 1762 3050 tridui
1817 2996 2057 3066 quadam

472 3085 619 3139 serie
650 3093 707 3139 et
735 3084 932 3140 ordine
967 3086 1206 3140 naturali
1233 3093 1655 3155 processerunt:
1686 3086 1754 3141 ad
1785 3087 2061 3143 ostensio-

472 3192 601 3232 nem
627 3193 761 3233 vero
785 3177 1114 3243 divinitatis,
1145 3194 1269 3248 quae
1319 3177 1572 3256 nondum
1610 3178 1886 3235 declarata
1915 3190 2055 3244 erat,
2085 3219 2127 3278 ϐ

473 3285 607 3325 raro
622 3270 803 3340 quoad
826 3279 997 3326 totam
1021 3271 1148 3326 vita:
1174 3271 1374 3326 seriem
1393 3271 1656 3327 miracula
1682 3274 1831 3328 circa
1856 3288 2058 3344 cor-pus

472 3360 623 3423 fecit,
657 3361 725 3415 ad
758 3364 1158 3429 ostensionem,
1218 3371 1278 3418 ut
1309 3363 1446 3429 dixi,
1483 3363 1813 3431 divinitatis,
1841 3382 1953 3421 non
1989 3367 2058 3422 ad

475 3453 825 3523 negationem
860 3455 1113 3511 veritatis
1141 3455 1413 3526 corporis.
1448 3455 1661 3512 idcirco
1693 3472 1863 3527 super
1906 3474 2060 3515 mare

473 3542 763 3600 ambulans
786 3561 895 3601 non
925 3546 1293 3617 deprimitur;
1330 3556 1389 3603 et
1435 3548 1492 3603 in
1548 3558 1736 3603 monte
1767 3550 2062 3622 transfigu-

473 3648 658 3704 ratur‘;
715 3641 849 3695 totis
874 3640 1241 3712 quadraginta
1274 3641 1471 3697 diebus
1510 3642 1757 3712 jejunus,
1788 3643 2060 3699 naturalis

473 3729 822 3784 necessitatis
842 3729 1050 3784 oblitus
1074 3738 1193 3796 est;
1247 3746 1317 3785 ex
1346 3730 1658 3785 visceribus
1698 3731 2061 3802 virginalibus

471 3825 630 3871 ortus
650 3826 736 3871 est
758 3819 910 3873 salvo
930 3828 987 3873 et
1011 3818 1227 3890 integro
1270 3818 1404 3874 ﬂore
1431 3818 1802 3890 virginitatis:
1843 3821 1961 3876 haec
1991 3821 2059 3876 ad

472 3907 867 3963 declarandum
900 3909 1223 3964 thesaurum
1255 3910 1583 3977 divinitatis,
1616 3927 1727 3966 non
1760 3913 1829 3968 ad
1882 3915 2059 3969 inter—

472 3997 751 4053 imendam
774 4008 829 4054 et
881 4001 1199 4056 mutandam
1254 4013 1596 4072 assumptam
1652 4005 2061 4063 humanitatem

473 4091 806 4148 mirabiliter
857 4104 1119 4164 operatus
1162 4104 1268 4151 est.
1296 4097 1365 4152 Et
1399 4106 1460 4152 ut
1505 4097 1750 4153 breviter
1782 4098 2057 4168 dicamus,

472 4182 742 4238 miracula
773 4183 961 4239 divina
986 4193 1043 4239 et
1089 4200 1289 4240 arcana
1325 4202 1448 4256 quae
1498 4186 1737 4242 faciebat
1764 4228 1780 4252 ,
1833 4198 1980 4245 nota:
2004 4199 2061 4247 et

381 4317 384 4321 .
474 4273 681 4329 indicia
711 4274 1023 4330 divinitatis
1055 4285 1244 4340 erant;
1296 4276 1585 4347 passiones
1622 4293 1778 4342 vero,
1825 4285 1883 4333 et
1932 4287 2060 4333 ante

471 4379 567 4419 eas
624 4375 952 4436 conceptus,
1007 4377 1063 4420 et
1094 4375 1308 4437 partus,
1355 4375 1412 4421 et
1462 4366 1667 4433 fasciae,
1707 4376 1763 4423 et
1815 4369 2061 4425 aceretio

473 4456 671 4523 atatis,
704 4468 761 4513 et
787 4465 987 4514 caetera
1009 4459 1195 4513 omnia
1216 4474 1340 4530 quae
1365 4461 1486 4531 lege
1510 4469 1723 4516 natura:
1759 4461 1906 4517 circa
1932 4477 2060 4517 cor-

2161 1980 2279 2042 τοῐς
2307 1975 2403 2031 τοῦ
2432 1975 2689 2049 σώματος
2720 1978 2972 2046 φυσικοῖς
2993 1992 3056 2028 τε
3084 1973 3182 2028 καὶ
3210 1970 3563 2040 άδιαϐλήτοις
3581 1983 3753 2036 προσ-

2162 2070 2535 2144 χρησάμενος,
2566 2068 2711 2122 ῶστε
2769 2069 2947 2138 φάγου
2994 2084 3057 2121 τε
3105 2066 3200 2119 καὶ
3253 2063 3536 2117 οἰνοπότου
3591 2058 3751 2123 δόξαν

2161 2165 2461 2236 ἠνέγκατο,
2492 2161 2900 2233 παραπλησίως
2928 2162 3061 2232 ἡμῖν
3092 2159 3154 2212 τὸ
3181 2156 3284 2225 τῆς
3317 2156 3510 2226 χρείας
3548 2151 3753 2224 μέτρον

2161 2256 2520 2326 ἀποπληρῶν.
2554 2256 2619 2309 Τί
2648 2256 2693 2308 δ’
2716 2254 2783 2309 ἂν
2808 2254 2955 2325 ἔχοις
2978 2254 3176 2314 εἰπεῖν,
3209 2249 3342 2321 περὶ
3371 2247 3465 2302 τοῦ
3491 2246 3581 2300 διὰ
3614 2263 3753 2299 παν-

2159 2346 2253 2407 τὸς
2284 2347 2449 2400 αὐτὸν
2474 2348 2529 2399 έν
2549 2349 2616 2418 τῇ
2639 2344 2764 2399 καθ’
2790 2346 2938 2415 ἡμᾶς
2966 2343 3201 2416 δρᾶσθαι
3237 2343 3446 2413 μορφῇ,
3487 2337 3629 2407 μετά
3652 2335 3753 2389 τοῦ

2161 2439 2400 2511 πλήθους
2433 2456 2494 2491 τε
2542 2438 3045 2511 ἀναστρεφόμενον,
3080 2435 3175 2489 καὶ
3235 2433 3387 2487 οὐδὲν
3447 2431 3557 2485 τῶν
3620 2429 3754 2482 πολ-

2159 2529 2271 2582 λῶν
2325 2529 2405 2600 τῷ
2465 2530 2707 2600 σχήματι
2755 2528 3183 2589 διαλλάττοντας
3220 2526 3331 2578 Καὶ
3362 2524 3474 2593 γὰρ
3512 2522 3750 2576 ἀπέθλι-

2161 2621 2256 2676 ϐον
2287 2622 2449 2675 αὐτὸν
2482 2625 2532 2675 ei
2561 2622 2731 2692 ὄχλοι,
2766 2623 2843 2687 ὡς
2871 2623 2901 2675 ὁ
2937 2621 3145 2693 Πέτρος
3180 2620 3315 2691 φησί
3335 2638 3347 2648 ·
3384 2619 3481 2672 καὶ
3514 2620 3543 2671 ὁ
3572 2634 3753 2686 παραυ

2159 2713 2339 2776 διδοὺς
2389 2714 2555 2767 αὑτὸν
2604 2716 2807 2786 σημεῖα
2853 2713 3051 2780 ἐδίδου,
3085 2712 3154 2766 δι’
3181 2705 3255 2765 ὧν
3304 2707 3584 2779 γνωσθείη
3637 2712 3753 2767 τοῖς

2160 2806 2489 2869 θεοκτόνοις,
2528 2805 2618 2859 διὰ
2637 2807 2758 2878 τὴν,
2784 2806 2861 2871 ὡς
2887 2806 2993 2878 ἔφη
3022 2823 3107 2869 τις
3130 2804 3241 2859 τῶν
3271 2804 3582 2875 ἡμετέρων,
3611 2801 3753 2853 κατὰ

2158 2900 2220 2953 τὸ
2249 2902 2439 2970 σχῆμα
2470 2898 2567 2952 τοῦ
2593 2900 2807 2971 Κυρίου
2826 2899 2964 2969 πρὸς
2992 2898 3122 2961 τοὺς
3148 2895 3398 2969 μαθητὰς
3423 2894 3750 2965 ὁμοιότητα.

2159 2992 2349 3046 Ταῦτα
2389 2993 2446 3045 δὲ
2486 2992 2593 3045 ἀπὸ
2634 2992 2735 3059 τῆς
2763 2990 2990 3063 πρώτης
3022 2992 3335 3061 γεννήσεως
3363 2987 3528 3059 μέχρι
3559 2985 3663 3055 τῆς
3692 2986 3753 3037 ὲν

2158 3084 2238 3155 τῷ
2274 3083 2496 3156 σταυρῷ
2530 3084 2878 3149 ἀναϐάσεως,
2907 3084 3000 3137 καί
3043 3100 3107 3152 γε
3140 3085 3242 3154 τῆς
3270 3078 3751 3153 τριημερονύκτου

2160 3179 2362 3249 ταφῆς,
2400 3178 2582 3250 είρμῷ
2620 3196 2728 3233 τινι
2780 3178 2875 3233 καὶ
2921 3176 3075 3243 τάξει
3125 3179 3331 3247 φυσικῇ
3373 3174 3705 3247 προῦϐαινεν
3734 3188 3748 3203 ·

2161 3274 2243 3335 είς
2272 3272 2406 3340 φανέ
2416 3288 2583 3344 ρωσιν
2605 3272 2661 3326 δὲ
2681 3274 2783 3344 τῆς
2810 3270 2967 3325 οὔπω
2988 3274 3103 3334 τοῖς
3131 3269 3347 3332 πολλοῖς
3369 3267 3755 3339 δεδηλωμένης

2162 3363 2445 3434 θεότητος,
2472 3365 2773 3427 σπανιάκις
2819 3362 2895 3427 ὼς
2942 3363 3080 3436 πρός
3111 3379 3175 3432 γε
3215 3364 3314 3433 τὴν
3349 3362 3479 3432 ὅλην
3519 3360 3753 3415 ἀκολου-

2162 3456 2305 3521 θίαν,
2336 3456 2684 3528 ἐκαινοτόμει
2709 3456 2807 3518 τάς
2838 3456 2970 3529 περὶ
2998 3456 3058 3510 τὸ
3092 3455 3254 3526 σῶμα
3285 3456 3639 3525 θεοσημείας,
3673 3455 3753 3519 είς

2160 3546 2419 3618 δήλωσιν,
2443 3548 2521 3611 ὡς
2552 3547 2712 3620 ἔφην,
2736 3547 2837 3613 τῆς
2864 3548 3077 3613 οἰκείας
3102 3547 3377 3620 θεότητος,
3406 3548 3509 3603 οὐκ
3532 3546 3745 3618 ἀναίρε-

2164 3656 2250 3695 σιν
2280 3639 2382 3710 τῆς
2414 3639 2680 3712 ἀληθείας
2723 3640 2821 3695 τοῦ
2858 3638 3136 3712 σώματος.
3176 3640 3274 3694 Διά
3311 3640 3474 3693 τοῦτο
3514 3642 3607 3694 ἐπὶ
3651 3657 3746 3693 πε-

2160 3731 2365 3802 λάγους
2420 3732 2776 3803 κουφίζεται,
2830 3734 2927 3788 καὶ
2992 3733 3451 3805 μεταμορφοῠται
3510 3735 3607 3788 ἐπὶ
3657 3733 3752 3787 τοῦ

2161 3824 2346 3896 ὅρους,
2384 3825 2480 3878 καὶ
2515 3826 2625 3898 πρό
2647 3843 2711 3895 γε
2737 3826 2965 3891 τούτων,
2997 3826 3268 3895 ἄγευστος
3317 3828 3412 3880 ἐπὶ
3450 3826 3581 3890 ὅλας
3626 3845 3735 3880 τεσ-

2163 3915 2485 3987 σαράκοντα
2509 3917 2608 3981 τὰς
2636 3918 2823 3982 πάσας
2847 3918 3063 3988 ἡμέρας
3111 3917 3468 3989 μεμενηκὼς,
3498 3918 3598 3988 τῆς
3649 3937 3748 3987 φυο

2163 4008 2326 4078 σικῆς
2352 4008 2547 4079 χρείας
2585 4008 2890 4079 ἐκλέληστο
2912 4026 2926 4041 ο
2956 4009 3307 4081 παρθενικῶν
3335 4028 3394 4064 τε
3426 4011 3755 4082 σπλάγχνων

2160 4097 2420 4168 ἀνέθηλε,
2474 4099 2571 4152 τοῦ
2629 4100 2733 4171 τῆς
2787 4098 3093 4172 παρθενίας
3156 4102 3352 4166 ἄνθους
3420 4101 3754 4171 ἀδιαφθόρου

2164 4190 2620 4263 συντηρηθέντος,
2653 4195 2735 4258 εἰς
2763 4192 3001 4265 δήλωσιν
3041 4193 3140 4247 τοῦ
3170 4193 3617 4267 θησαυρίσματος
3654 4199 3753 4268 τῆς

2163 4281 2437 4353 θεότητος,
2472 4282 2589 4337 ἀλλ’
2618 4285 2720 4339 οὐκ
2780 4285 3068 4357 ἀναίρεσιν
3115 4286 3211 4341 καὶ
3263 4288 3755 4358 μεταστοιχείωσιν

2160 4375 2256 4428 τοῦ
2286 4376 2728 4450 προσλήμματος
2759 4378 3343 4450 τεθαυματούργηκεν.
3374 4380 3484 4435 Καὶ
3515 4380 3604 4435 ἵνα
3632 4397 3754 4434 συν-

2161 4466 2411 4533 ελθόντες
2443 4469 2711 4542 εἴπωμεν,
2739 4470 2841 4535 τάς
2875 4470 2977 4543 μὲν
2998 4471 3273 4542 ἀρρήτους
3305 4471 3620 4542 θεουργίας,
3651 4473 3754 4543 τῆς

474 4564 580 4619 pus
635 4550 756 4619 ejus
804 4550 947 4606 facta
1000 4559 1154 4617 sunt,
1205 4567 1403 4607 verum
1455 4553 1738 4609 hominem
1767 4562 1824 4609 et
1855 4564 2060 4611 nostrae

2167 4561 2579 4635 ὑπερκειμένης
2632 4564 2891 4637 θεότητος
2936 4563 3319 4636 προύϐάλλετο
3354 4567 3753 4638 γνωρίσματα·

474 4641 799 4696 substantiae
859 4657 982 4699 esse
1034 4643 1514 4701 demonstra-bant.
1565 4644 1673 4701 Sed
1728 4645 1877 4715 quod
1918 4662 2063 4717 pene

474 4744 731 4791 mentem
748 4736 1037 4808 ell‘ugerat,
1062 4739 1197 4794 illud
1226 4738 1445 4793 addam.

2170 4652 2240 4706 τὰ
2278 4654 2334 4707 δὲ
2374 4654 2544 4727 πάθη,
2574 4657 2671 4709 καὶ
2703 4658 2811 4727 πρὸ
2852 4655 3063 4712 τούτων
3096 4656 3199 4727 τὴν
3248 4656 3515 4729 σύλληψιν
3558 4658 3654 4714 καὶ
3685 4660 3755 4713 τά

2174 4746 2492 4816 σπάργανα,
2532 4749 2636 4821 τήν
2690 4767 2749 4803 τε
2808 4750 2910 4821 τῆς
2960 4748 3183 4821 ἡλικίας
3221 4747 3471 4819 αὔξησιν,
3506 4753 3599 4803 καὶ
3645 4750 3756 4804 τῶν

474 4828 651 4884 ἄλλων
680 4830 933 4897 ἕκαστον,
964 4833 1066 4886 ὅσα
1094 4832 1159 4905 δὴ
1189 4834 1341 4905 νόμῳ
1368 4834 1585 4904 φύσεως
1618 4837 1750 4906 περὶ
1778 4836 1841 4890 τὸ
1872 4839 2189 4908 σωματικὸν
2211 4842 2377 4896 αὐτοῦ
2401 4844 2634 4914 ἐγίνετο,
2677 4846 2854 4918 ἀληθῆ
2918 4846 3084 4900 αὐτὸν
3147 4846 3244 4900 καὶ
3307 4846 3440 4917 ἡμῖν
3469 4848 3767 4917 ὀμοοὺσιονν

473 4925 780 4995 ἀπέφαινεν
805 4925 1115 4997 ἄνθρωπον.
1160 4927 1302 4983 Ἀλλ’
1335 4928 1367 4982 ὃ
1398 4929 1497 5001 τὴν
1531 4930 1672 5001 ἐμὴν
1700 4932 1898 5004 μικροῦ
1932 4934 2142 5007 ἀπέδρα
2166 4936 2435 5003 διάνοιαν,
2476 4942 2701 4997 κάκεῖνο
2736 4943 3057 5016 προσθήσω.

544 5042 618 5098 Η.
645 5042 765 5109 Dic,
799 5044 999 5115 inquit,
1030 5044 1108 5101 id.

543 5154 599 5211 0.
631 5154 913 5227 Cogitavi,
940 5156 1164 5227 inquam
1204 5173 1327 5229 ego,
1368 5158 1504 5215 illud
1540 5169 1693 5217 recte
1728 5159 1959 5229 habere,
2004 5169 2065 5218 et

478 5250 915 5319 pium-omnibus
936 5250 1136 5315 videri,
1172 5252 1322 5322 quod
1355 5252 1505 5308 sicut
1559 5254 1831 5310 Dominus
1877 5254 2063 5311 omnia

475 5357 573 5395 sua
624 5356 750 5396 cum
800 5358 971 5399 carne
1004 5345 1423 5400 communieans
1448 5386 1462 5411 ,
1510 5361 1621 5401 non
1655 5346 1889 5402 recessit
1917 5362 1947 5401 a
1974 5362 2059 5414 se,

479 5439 773 5502 manetque
808 5432 949 5490 fixus
996 5450 1061 5489 ac
1090 5434 1307 5489 stabilis
1340 5435 1398 5490 in
1446 5445 1594 5491 statu
1644 5452 1745 5491 suo
1776 5438 2056 5504 naturali;

477 5523 558 5577 sic
586 5524 761 5579 etiam
791 5525 1109 5582 humanitas
1136 5527 1257 5597 ejus
1288 5542 1656 5597 perseverans
1713 5529 1769 5584 in
1818 5528 1886 5583 iis
1938 5545 2060 5599 qua:

476 5622 687 5670 naturae
718 5617 845 5687 ejus
865 5626 1023 5687 sunt,
1041 5625 1102 5674 et
1122 5618 1333 5677 habens
1362 5620 1647 5679 naturales
1670 5620 2066 5688 facultates,.et

542 5836 585 5867 “
614 5836 803 5893 .‘lattb.
828 5854 902 5906 κι,
934 5840 1016 5897 19.
1125 5843 1165 5875 ³⁸
1205 5841 1339 5899 Luc.
1369 5858 1485 5911 vni,
1510 5842 1599 5900 4‘5.

2235 5064 2303 5117 A.
2332 5060 2469 5116 Φάθι
2502 5078 2566 5131 γε
2588 5061 2727 5133 δῆτα
2754 5061 2910 5126 αὐτὸ,
2942 5058 3119 5118 εἶπεν.

2235 5179 2300 5232 Ο.
2344 5176 2696 5247 Ἐννενόηκα,
2742 5172 2812 5249 ἦν
2855 5177 2901 5230 δ’
2951 5176 3095 5246 ἐγὼ,
3127 5177 3305 5233 ἐκεῖνό
3345 5193 3411 5247 γε
3462 5176 3523 5231 τὸ
3570 5175 3757 5238 καλῶς

2168 5266 2314 5340 ἔχειν
2344 5267 2442 5323 καὶ
2468 5267 2713 5332 εὐσεϐῶς
2739 5269 2875 5322 πᾶσι
2897 5268 3109 5335 δοκοῦν,
3141 5271 3246 5337 ὅτι,
3280 5269 3473 5342 ὥσπερ
3491 5271 3520 5324 ὁ
3547 5269 3755 5340 Κύριος

2169 5361 2393 5416 πάντων
2417 5359 2528 5415 τῶν
2555 5361 2753 5415 ἑαυτοῦ
2788 5362 3105 5433 μεταδιδοὺς
3147 5366 3214 5435 τῇ
3258 5364 3447 5434 σαρκὶ,
3490 5361 3753 5430 ἀνεκφοίο

2164 5471 2329 5525 τητος
2349 5453 2666 5525 μεμένηκεν
2687 5453 2911 5522 ἑαυτοῦ,
2936 5455 3033 5509 καὶ
3053 5454 3153 5528 τὴν
3178 5455 3324 5510 κατὰ
3346 5454 3509 5525 φύσιν
3529 5453 3753 5525 ἑδραίαν

2167 5546 2285 5617 ἔχει
2327 5545 2518 5618 μονὴν,
2550 5546 2696 5601 οὕτω
2733 5545 2826 5601 καὶ
2859 5548 2893 5617 ἡ
2924 5549 3045 5602 κατ’
3081 5547 3249 5604 αὑτὸν
3283 5542 3663 5619 ἀνθρὼπότης,
3695 5545 3754 5597 ὲν

2168 5641 2283 5704 τοῖς
2308 5638 2451 5692 κατὰ
2467 5636 2633 5709 φύσιν
2658 5638 2891 5708 ἑστῶσα,
2912 5640 3005 5694 καὶ
3026 5639 3123 5705 τὰς
3148 5641 3241 5694 τοῦ
3266 5638 3524 5711 σώματος
3554 5637 3753 5709 ἔχουσα
