  <div class='ocr_page' id='page_1' title='image "/cluster/home/n/w/nwhite01/storage/ocr_20150623/86:pt.1/coo.31924054869874/676.png"; bbox 0 0 4120 6484; ppageno 0'>
   <div class='ocr_carea' id='block_1_1' title="bbox 456 413 3741 485">
    <p class='ocr_par' dir='ltr' id='par_1_1' title="bbox 456 413 3741 485">
     <span class='ocr_line' id='line_1_1' title="bbox 456 413 3741 485; baseline 0.001 -4"><span class='ocrx_word' id='word_1_1' title='bbox 456 413 592 481; x_wconf 76' lang='grc' dir='ltr'><strong>133ἷ</strong></span> <span class='ocrx_word' id='word_1_2' title='bbox 1517 414 1821 477; x_wconf 73' lang='lat' dir='ltr'><strong>CONTRA</strong></span> <span class='ocrx_word' id='word_1_3' title='bbox 1863 416 2183 478; x_wconf 80' lang='lat' dir='ltr'><strong>NESTOR.</strong></span> <span class='ocrx_word' id='word_1_4' title='bbox 2222 416 2318 477; x_wconf 85' lang='lat' dir='ltr'><strong>ET</strong></span> <span class='ocrx_word' id='word_1_5' title='bbox 2357 417 2681 480; x_wconf 84' lang='lat' dir='ltr'><strong>EUTYCH.</strong></span> <span class='ocrx_word' id='word_1_6' title='bbox 3606 420 3741 485; x_wconf 79' lang='lat'><strong>1338</strong></span> 
     </span>
    </p>
   </div>
   <div class='ocr_carea' id='block_1_2' title="bbox 451 521 2059 599">
    <p class='ocr_par' dir='ltr' id='par_1_2' title="bbox 451 521 2049 599">
     <span class='ocr_line' id='line_1_2' title="bbox 451 521 2049 599; baseline -0.003 -18"><span class='ocrx_word' id='word_1_7' title='bbox 451 526 691 599; x_wconf 74' lang='grc' dir='ltr'>φυσικὰς</span> <span class='ocrx_word' id='word_1_8' title='bbox 723 524 981 596; x_wconf 72' lang='grc' dir='ltr'>δυνάμεις</span> <span class='ocrx_word' id='word_1_9' title='bbox 1013 540 1072 578; x_wconf 78' lang='grc' dir='ltr'><strong>τε</strong></span> <span class='ocrx_word' id='word_1_10' title='bbox 1099 523 1195 578; x_wconf 68' lang='grc' dir='ltr'><strong>καὶ</strong></span> <span class='ocrx_word' id='word_1_11' title='bbox 1230 521 1539 593; x_wconf 70' lang='grc' dir='ltr'>ἐνεργείας,</span> <span class='ocrx_word' id='word_1_12' title='bbox 1568 543 1663 579; x_wconf 83' lang='grc' dir='ltr'><strong>και</strong></span> <span class='ocrx_word' id='word_1_13' title='bbox 1696 524 1767 578; x_wconf 78' lang='grc' dir='ltr'>τὰ</span> <span class='ocrx_word' id='word_1_14' title='bbox 1801 523 1950 595; x_wconf 70' lang='grc' dir='ltr'>πάθη</span> <span class='ocrx_word' id='word_1_15' title='bbox 1979 523 2049 578; x_wconf 82' lang='grc' dir='ltr'>τὰ</span> 
     </span>
    </p>
   </div>
   <div class='ocr_carea' id='block_1_3' title="bbox 2159 521 3738 599">
    <p class='ocr_par' dir='ltr' id='par_1_3' title="bbox 2159 526 3738 597">
     <span class='ocr_line' id='line_1_3' title="bbox 2159 526 3738 597; baseline 0.003 -19"><span class='ocrx_word' id='word_1_16' title='bbox 2159 526 2400 581; x_wconf 80' lang='lat' dir='ltr'><strong>actiones</strong></span> <span class='ocrx_word' id='word_1_17' title='bbox 2435 527 2722 597; x_wconf 89' lang='lat' dir='ltr'><strong>corporis,</strong></span> <span class='ocrx_word' id='word_1_18' title='bbox 2770 542 2833 581; x_wconf 91' lang='lat' dir='ltr'><strong>ac</strong></span> <span class='ocrx_word' id='word_1_19' title='bbox 2858 528 3143 597; x_wconf 76' lang='lat' dir='ltr'><strong>passiones</strong></span> <span class='ocrx_word' id='word_1_20' title='bbox 3183 543 3505 585; x_wconf 80' lang='lat' dir='ltr'><strong>communes</strong></span> <span class='ocrx_word' id='word_1_21' title='bbox 3528 570 3544 593; x_wconf 85' lang='lat'><strong>,</strong></span> <span class='ocrx_word' id='word_1_22' title='bbox 3594 540 3651 584; x_wconf 82' lang='lat' dir='ltr'><strong>et</strong></span> <span class='ocrx_word' id='word_1_23' title='bbox 3706 547 3738 583; x_wconf 91' lang='lat' dir='ltr'><strong>a</strong></span> 
     </span>
    </p>
   </div>
   <div class='ocr_carea' id='block_1_4' title="bbox 453 615 2059 691">
    <p class='ocr_par' dir='ltr' id='par_1_4' title="bbox 453 615 2046 688">
     <span class='ocr_line' id='line_1_4' title="bbox 453 615 2046 688; baseline -0.003 -13"><span class='ocrx_word' id='word_1_24' title='bbox 453 619 608 675; x_wconf 67' lang='grc' dir='ltr'>κοινὰ</span> <span class='ocrx_word' id='word_1_25' title='bbox 645 619 739 671; x_wconf 80' lang='grc' dir='ltr'><strong>καὶ</strong></span> <span class='ocrx_word' id='word_1_26' title='bbox 769 616 1072 687; x_wconf 72' lang='grc' dir='ltr'>ἀδιάϐλητα</span> <span class='ocrx_word' id='word_1_27' title='bbox 1108 615 1168 669; x_wconf 73' lang='grc' dir='ltr'><strong>οὗ</strong></span> <span class='ocrx_word' id='word_1_28' title='bbox 1214 633 1345 669; x_wconf 82' lang='grc' dir='ltr'>ποτε</span> <span class='ocrx_word' id='word_1_29' title='bbox 1374 615 1666 684; x_wconf 63' lang='grc' dir='ltr'>λείπουσαι,</span> <span class='ocrx_word' id='word_1_30' title='bbox 1697 617 1791 671; x_wconf 89' lang='grc' dir='ltr'>τόν</span> <span class='ocrx_word' id='word_1_31' title='bbox 1823 634 1885 670; x_wconf 85' lang='grc' dir='ltr'><strong>τε</strong></span> <span class='ocrx_word' id='word_1_32' title='bbox 1921 617 2046 688; x_wconf 79' lang='grc' dir='ltr'>ὅρον</span> 
     </span>
    </p>
   </div>
   <div class='ocr_carea' id='block_1_5' title="bbox 2159 615 3742 691">
    <p class='ocr_par' dir='ltr' id='par_1_5' title="bbox 2159 617 3742 691">
     <span class='ocr_line' id='line_1_5' title="bbox 2159 617 3742 691; baseline 0.004 -21"><span class='ocrx_word' id='word_1_33' title='bbox 2159 617 2393 673; x_wconf 77' lang='lat' dir='ltr'><strong>crimine</strong></span> <span class='ocrx_word' id='word_1_34' title='bbox 2418 618 2628 674; x_wconf 87' lang='lat' dir='ltr'><strong>alienas</strong></span> <span class='ocrx_word' id='word_1_35' title='bbox 2657 634 2723 673; x_wconf 89' lang='lat' dir='ltr'><strong>ac</strong></span> <span class='ocrx_word' id='word_1_36' title='bbox 2751 618 2955 675; x_wconf 87' lang='lat' dir='ltr'><strong>liberas</strong></span> <span class='ocrx_word' id='word_1_37' title='bbox 2998 636 3282 691; x_wconf 82' lang='lat' dir='ltr'><strong>nunquam</strong></span> <span class='ocrx_word' id='word_1_38' title='bbox 3326 621 3594 678; x_wconf 84' lang='lat' dir='ltr'><strong>deserens</strong></span> <span class='ocrx_word' id='word_1_39' title='bbox 3620 664 3633 685; x_wconf 89' lang='lat'><strong>,</strong></span> <span class='ocrx_word' id='word_1_40' title='bbox 3684 632 3742 676; x_wconf 85' lang='lat' dir='ltr'><strong>et</strong></span> 
     </span>
    </p>
   </div>
   <div class='ocr_carea' id='block_1_6' title="bbox 450 707 2046 782">
    <p class='ocr_par' dir='ltr' id='par_1_6' title="bbox 450 707 2046 782">
     <span class='ocr_line' id='line_1_6' title="bbox 450 707 2046 782; baseline -0.001 -18"><span class='ocrx_word' id='word_1_41' title='bbox 450 712 554 782; x_wconf 85' lang='grc' dir='ltr'>τῆς</span> <span class='ocrx_word' id='word_1_42' title='bbox 606 709 732 764; x_wconf 79' lang='grc' dir='ltr'>καθ’</span> <span class='ocrx_word' id='word_1_43' title='bbox 770 710 924 781; x_wconf 79' lang='grc' dir='ltr'>ἡμᾶς</span> <span class='ocrx_word' id='word_1_44' title='bbox 974 707 1320 778; x_wconf 83' lang='grc' dir='ltr'><strong>τελειότητος</strong></span> <span class='ocrx_word' id='word_1_45' title='bbox 1361 708 1647 773; x_wconf 76' lang='grc' dir='ltr'>οὺσιωδῶς</span> <span class='ocrx_word' id='word_1_46' title='bbox 1690 708 2046 780; x_wconf 81' lang='grc' dir='ltr'>κεκτημένη.</span> 
     </span>
    </p>
   </div>
   <div class='ocr_carea' id='block_1_7' title="bbox 453 799 2055 872">
    <p class='ocr_par' dir='ltr' id='par_1_7' title="bbox 453 799 2055 872">
     <span class='ocr_line' id='line_1_7' title="bbox 453 799 2055 872; baseline -0.004 -12"><span class='ocrx_word' id='word_1_47' title='bbox 453 805 679 861; x_wconf 82' lang='grc' dir='ltr'>πάντων</span> <span class='ocrx_word' id='word_1_48' title='bbox 736 800 1112 870; x_wconf 68' lang='grc' dir='ltr'><strong>κεκοινώνηκε</strong></span> <span class='ocrx_word' id='word_1_49' title='bbox 1188 799 1299 854; x_wconf 80' lang='grc' dir='ltr'><strong>τῶν</strong></span> <span class='ocrx_word' id='word_1_50' title='bbox 1347 802 1416 855; x_wconf 72' lang='grc' dir='ltr'>ἔκ</span> <span class='ocrx_word' id='word_1_51' title='bbox 1463 801 1560 856; x_wconf 82' lang='grc' dir='ltr'>τοῦ</span> <span class='ocrx_word' id='word_1_52' title='bbox 1610 803 1792 872; x_wconf 82' lang='grc' dir='ltr'><strong>Λόγου</strong></span> <span class='ocrx_word' id='word_1_53' title='bbox 1848 802 2055 867; x_wconf 84' lang='grc' dir='ltr'>καλῶν,</span> 
     </span>
    </p>
   </div>
   <div class='ocr_carea' id='block_1_8' title="bbox 458 893 2057 970">
    <p class='ocr_par' dir='ltr' id='par_1_8' title="bbox 458 893 2057 970">
     <span class='ocr_line' id='line_1_8' title="bbox 458 893 2057 970; baseline -0.003 -19"><span class='ocrx_word' id='word_1_54' title='bbox 458 898 661 970; x_wconf 68' lang='grc' dir='ltr'>μᾶλλον</span> <span class='ocrx_word' id='word_1_55' title='bbox 689 896 748 949; x_wconf 76' lang='grc' dir='ltr'>δὲ</span> <span class='ocrx_word' id='word_1_56' title='bbox 778 895 952 964; x_wconf 75' lang='grc' dir='ltr'>αὐτὴν</span> <span class='ocrx_word' id='word_1_57' title='bbox 986 893 1174 965; x_wconf 81' lang='grc' dir='ltr'>πηγὴν</span> <span class='ocrx_word' id='word_1_58' title='bbox 1208 893 1320 947; x_wconf 84' lang='grc' dir='ltr'><strong>τῶν</strong></span> <span class='ocrx_word' id='word_1_59' title='bbox 1354 895 1543 949; x_wconf 83' lang='grc' dir='ltr'>καλῶν</span> <span class='ocrx_word' id='word_1_60' title='bbox 1574 895 1666 949; x_wconf 77' lang='grc' dir='ltr'><strong>τὸν</strong></span> <span class='ocrx_word' id='word_1_61' title='bbox 1695 894 1872 964; x_wconf 81' lang='grc' dir='ltr'>Λόγον</span> <span class='ocrx_word' id='word_1_62' title='bbox 1897 893 2057 966; x_wconf 67' lang='grc' dir='ltr'>ἔχου-</span> 
     </span>
    </p>
   </div>
   <div class='ocr_carea' id='block_1_9' title="bbox 458 987 2056 1063">
    <p class='ocr_par' dir='ltr' id='par_1_9' title="bbox 458 987 2056 1063">
     <span class='ocr_line' id='line_1_9' title="bbox 458 987 2056 1063; baseline -0.003 -18"><span class='ocrx_word' id='word_1_63' title='bbox 458 1008 548 1051; x_wconf 89' lang='grc' dir='ltr'>σα.</span> <span class='ocrx_word' id='word_1_64' title='bbox 584 990 827 1063; x_wconf 58' lang='grc' dir='ltr'>ηγάζει</span> <span class='ocrx_word' id='word_1_65' title='bbox 864 988 924 1054; x_wconf 79' lang='grc' dir='ltr'>ἐξ</span> <span class='ocrx_word' id='word_1_66' title='bbox 956 988 1161 1056; x_wconf 78' lang='grc' dir='ltr'>ἑαυτῆς</span> <span class='ocrx_word' id='word_1_67' title='bbox 1190 987 1379 1042; x_wconf 82' lang='grc' dir='ltr'>πάντα</span> <span class='ocrx_word' id='word_1_68' title='bbox 1410 988 1479 1043; x_wconf 82' lang='grc' dir='ltr'>τὰ</span> <span class='ocrx_word' id='word_1_69' title='bbox 1504 989 1603 1042; x_wconf 82' lang='grc' dir='ltr'>τοῦ</span> <span class='ocrx_word' id='word_1_70' title='bbox 1631 987 1807 1057; x_wconf 80' lang='grc' dir='ltr'>Λόγου</span> <span class='ocrx_word' id='word_1_71' title='bbox 1841 987 1931 1041; x_wconf 76' lang='grc' dir='ltr'>διὰ</span> <span class='ocrx_word' id='word_1_72' title='bbox 1964 987 2056 1041; x_wconf 76' lang='grc' dir='ltr'>τὸν</span> 
     </span>
    </p>
   </div>
   <div class='ocr_carea' id='block_1_10' title="bbox 456 1078 2056 1153">
    <p class='ocr_par' dir='ltr' id='par_1_10' title="bbox 456 1078 2056 1153">
     <span class='ocr_line' id='line_1_10' title="bbox 456 1078 2056 1153; baseline -0.003 -17"><span class='ocrx_word' id='word_1_73' title='bbox 456 1080 765 1153; x_wconf 82' lang='grc' dir='ltr'><strong>Δόγον.Μὴ</strong></span> <span class='ocrx_word' id='word_1_74' title='bbox 792 1081 904 1151; x_wconf 82' lang='grc' dir='ltr'><strong>γὰρ</strong></span> <span class='ocrx_word' id='word_1_75' title='bbox 928 1079 993 1151; x_wconf 79' lang='grc' dir='ltr'>δὴ</span> <span class='ocrx_word' id='word_1_76' title='bbox 1019 1078 1269 1149; x_wconf 79' lang='grc' dir='ltr'>οἰώμεθα</span> <span class='ocrx_word' id='word_1_77' title='bbox 1304 1080 1450 1151; x_wconf 79' lang='grc' dir='ltr'>μέγα</span> <span class='ocrx_word' id='word_1_78' title='bbox 1482 1097 1536 1133; x_wconf 89' lang='grc' dir='ltr'><strong>τι</strong></span> <span class='ocrx_word' id='word_1_79' title='bbox 1571 1078 1759 1148; x_wconf 81' lang='grc' dir='ltr'>λέγειν</span> <span class='ocrx_word' id='word_1_80' title='bbox 1788 1078 1919 1149; x_wconf 84' lang='grc' dir='ltr'>περὶ</span> <span class='ocrx_word' id='word_1_81' title='bbox 1955 1078 2056 1147; x_wconf 76' lang='grc' dir='ltr'>τῆς</span> 
     </span>
    </p>
   </div>
   <div class='ocr_carea' id='block_1_11' title="bbox 461 1168 2057 1243">
    <p class='ocr_par' dir='ltr' id='par_1_11' title="bbox 461 1168 2057 1243">
     <span class='ocr_line' id='line_1_11' title="bbox 461 1168 2057 1243; baseline -0.004 -17"><span class='ocrx_word' id='word_1_82' title='bbox 461 1173 668 1243; x_wconf 83' lang='grc' dir='ltr'>σαρκὸς</span> <span class='ocrx_word' id='word_1_83' title='bbox 711 1171 805 1225; x_wconf 74' lang='grc' dir='ltr'>τοῦ</span> <span class='ocrx_word' id='word_1_84' title='bbox 851 1170 1315 1241; x_wconf 76' lang='grc' dir='ltr'>Κυρίου,-ὲκεϊνο</span> <span class='ocrx_word' id='word_1_85' title='bbox 1364 1171 1503 1242; x_wconf 80' lang='grc' dir='ltr'>αὐτῇ</span> <span class='ocrx_word' id='word_1_86' title='bbox 1552 1170 1792 1233; x_wconf 82' lang='grc' dir='ltr'>διδόντες</span> <span class='ocrx_word' id='word_1_87' title='bbox 1839 1169 1871 1222; x_wconf 81' lang='grc' dir='ltr'><strong>ὃ</strong></span> <span class='ocrx_word' id='word_1_88' title='bbox 1917 1168 2057 1240; x_wconf 81' lang='grc' dir='ltr'>μηδὲ</span> 
     </span>
    </p>
   </div>
   <div class='ocr_carea' id='block_1_12' title="bbox 458 1261 2053 1337">
    <p class='ocr_par' dir='ltr' id='par_1_12' title="bbox 458 1261 2053 1337">
     <span class='ocr_line' id='line_1_12' title="bbox 458 1261 2053 1337; baseline -0.004 -17"><span class='ocrx_word' id='word_1_89' title='bbox 458 1266 630 1337; x_wconf 79' lang='grc' dir='ltr'>αὐτὴν</span> <span class='ocrx_word' id='word_1_90' title='bbox 657 1264 962 1334; x_wconf 84' lang='grc' dir='ltr'>τετίμηκε,</span> <span class='ocrx_word' id='word_1_91' title='bbox 1016 1263 1111 1317; x_wconf 73' lang='grc' dir='ltr'><strong>καὶ</strong></span> <span class='ocrx_word' id='word_1_92' title='bbox 1149 1263 1253 1335; x_wconf 78' lang='grc' dir='ltr'>τὴν</span> <span class='ocrx_word' id='word_1_93' title='bbox 1299 1263 1457 1335; x_wconf 82' lang='grc' dir='ltr'>ἡμῶν</span> <span class='ocrx_word' id='word_1_94' title='bbox 1519 1261 1804 1335; x_wconf 76' lang='grc' dir='ltr'>ἀφῄρηται</span> <span class='ocrx_word' id='word_1_95' title='bbox 1853 1262 2053 1331; x_wconf 79' lang='grc' dir='ltr'>τιμήνο</span> 
     </span>
    </p>
   </div>
   <div class='ocr_carea' id='block_1_13' title="bbox 459 1349 2059 1426">
    <p class='ocr_par' dir='ltr' id='par_1_13' title="bbox 459 1349 2059 1426">
     <span class='ocr_line' id='line_1_13' title="bbox 459 1349 2059 1426; baseline -0.003 -18"><span class='ocrx_word' id='word_1_96' title='bbox 459 1355 581 1409; x_wconf 72' lang='grc' dir='ltr'>οὐδὲ</span> <span class='ocrx_word' id='word_1_97' title='bbox 614 1355 725 1426; x_wconf 77' lang='grc' dir='ltr'>γὰρ</span> <span class='ocrx_word' id='word_1_98' title='bbox 762 1352 858 1407; x_wconf 82' lang='grc' dir='ltr'>τοῦ</span> <span class='ocrx_word' id='word_1_99' title='bbox 887 1353 1068 1421; x_wconf 77' lang='grc' dir='ltr'>Λόγου</span> <span class='ocrx_word' id='word_1_100' title='bbox 1107 1349 1199 1426; x_wconf 78' lang='grc' dir='ltr'>ἦν,</span> <span class='ocrx_word' id='word_1_101' title='bbox 1243 1352 1356 1408; x_wconf 77' lang='grc' dir='ltr'>τῶν</span> <span class='ocrx_word' id='word_1_102' title='bbox 1404 1354 1695 1425; x_wconf 78' lang='grc' dir='ltr'><strong>ἡμετέρων</strong></span> <span class='ocrx_word' id='word_1_103' title='bbox 1725 1353 1898 1422; x_wconf 78' lang='grc' dir='ltr'>αὐτὴν</span> <span class='ocrx_word' id='word_1_104' title='bbox 1935 1368 2059 1405; x_wconf 82' lang='grc' dir='ltr'>στε-</span> 
     </span>
    </p>
   </div>
   <div class='ocr_carea' id='block_1_14' title="bbox 465 1443 2063 1519">
    <p class='ocr_par' dir='ltr' id='par_1_14' title="bbox 465 1443 2063 1519">
     <span class='ocr_line' id='line_1_14' title="bbox 465 1443 2063 1519; baseline -0.008 -11"><span class='ocrx_word' id='word_1_105' title='bbox 465 1447 655 1519; x_wconf 69' lang='grc' dir='ltr'>ρῆσιι.</span> <span class='ocrx_word' id='word_1_106' title='bbox 689 1445 961 1515; x_wconf 76' lang='grc' dir='ltr'>μένουσαν</span> <span class='ocrx_word' id='word_1_107' title='bbox 1005 1445 1129 1516; x_wconf 74' lang='grc' dir='ltr'>μεθ’</span> <span class='ocrx_word' id='word_1_108' title='bbox 1154 1446 1336 1516; x_wconf 80' lang='grc' dir='ltr'>ἡμῶν·</span> <span class='ocrx_word' id='word_1_109' title='bbox 1371 1444 1499 1499; x_wconf 77' lang='grc' dir='ltr'>οὔτε</span> <span class='ocrx_word' id='word_1_110' title='bbox 1545 1444 1650 1515; x_wconf 77' lang='grc' dir='ltr'>τῆς</span> <span class='ocrx_word' id='word_1_111' title='bbox 1697 1443 2063 1515; x_wconf 71' lang='grc' dir='ltr'>ἀνθρωπότηο</span> 
     </span>
    </p>
   </div>
   <div class='ocr_carea' id='block_1_15' title="bbox 460 1535 2061 1607">
    <p class='ocr_par' dir='ltr' id='par_1_15' title="bbox 460 1535 2061 1607">
     <span class='ocr_line' id='line_1_15' title="bbox 460 1535 2061 1607; baseline -0.004 -16"><span class='ocrx_word' id='word_1_112' title='bbox 460 1553 577 1603; x_wconf 83' lang='grc' dir='ltr'>τος,</span> <span class='ocrx_word' id='word_1_113' title='bbox 607 1535 706 1607; x_wconf 73' lang='grc' dir='ltr'>τὴν</span> <span class='ocrx_word' id='word_1_114' title='bbox 756 1536 819 1601; x_wconf 79' lang='grc' dir='ltr'><strong>ἐξ</strong></span> <span class='ocrx_word' id='word_1_115' title='bbox 847 1535 1007 1607; x_wconf 78' lang='grc' dir='ltr'>ἡμῶν</span> <span class='ocrx_word' id='word_1_116' title='bbox 1042 1537 1275 1607; x_wconf 70' lang='grc' dir='ltr'>ἑκούσης</span> <span class='ocrx_word' id='word_1_117' title='bbox 1308 1539 1653 1606; x_wconf 75' lang='grc' dir='ltr'>συγγένειαν,</span> <span class='ocrx_word' id='word_1_118' title='bbox 1695 1535 2061 1606; x_wconf 73' lang='grc' dir='ltr'>ὑπερηφανῆ-</span> 
     </span>
    </p>
   </div>
   <div class='ocr_carea' id='block_1_16' title="bbox 465 1626 2060 1701">
    <p class='ocr_par' dir='ltr' id='par_1_16' title="bbox 465 1626 2060 1701">
     <span class='ocr_line' id='line_1_16' title="bbox 465 1626 2060 1701; baseline -0.002 -18"><span class='ocrx_word' id='word_1_119' title='bbox 465 1647 553 1684; x_wconf 90' lang='grc' dir='ltr'><strong>σαι</strong></span> <span class='ocrx_word' id='word_1_120' title='bbox 583 1630 685 1699; x_wconf 85' lang='grc' dir='ltr'><strong>τὴν</strong></span> <span class='ocrx_word' id='word_1_121' title='bbox 713 1629 1132 1701; x_wconf 78' lang='grc' dir='ltr'><strong>ὁμοιοπάθειαν·</strong></span> <span class='ocrx_word' id='word_1_122' title='bbox 1168 1630 1222 1685; x_wconf 82' lang='grc' dir='ltr'>εἴ</span> <span class='ocrx_word' id='word_1_123' title='bbox 1250 1646 1316 1699; x_wconf 81' lang='grc' dir='ltr'>γε</span> <span class='ocrx_word' id='word_1_124' title='bbox 1351 1629 1427 1701; x_wconf 80' lang='grc' dir='ltr'>μὴ</span> <span class='ocrx_word' id='word_1_125' title='bbox 1467 1629 1760 1699; x_wconf 77' lang='grc' dir='ltr'>μέλλοιμεν</span> <span class='ocrx_word' id='word_1_126' title='bbox 1804 1628 1905 1698; x_wconf 79' lang='grc' dir='ltr'>τῆς</span> <span class='ocrx_word' id='word_1_127' title='bbox 1937 1626 2060 1680; x_wconf 85' lang='grc' dir='ltr'>θεο-</span> 
     </span>
    </p>
   </div>
   <div class='ocr_carea' id='block_1_17' title="bbox 466 1720 2060 1794">
    <p class='ocr_par' dir='ltr' id='par_1_17' title="bbox 466 1720 2060 1794">
     <span class='ocr_line' id='line_1_17' title="bbox 466 1720 2060 1794; baseline -0.001 -19"><span class='ocrx_word' id='word_1_128' title='bbox 466 1721 742 1794; x_wconf 86' lang='grc' dir='ltr'>μιμησίας</span> <span class='ocrx_word' id='word_1_129' title='bbox 769 1722 944 1793; x_wconf 83' lang='grc' dir='ltr'>αὐτῆς</span> <span class='ocrx_word' id='word_1_130' title='bbox 1003 1723 1365 1777; x_wconf 83' lang='grc' dir='ltr'>ἀποπίπτειν.</span> <span class='ocrx_word' id='word_1_131' title='bbox 1420 1722 1560 1777; x_wconf 79' lang='grc' dir='ltr'>Οὔτε</span> <span class='ocrx_word' id='word_1_132' title='bbox 1622 1722 1680 1775; x_wconf 81' lang='grc' dir='ltr'>δὲ</span> <span class='ocrx_word' id='word_1_133' title='bbox 1736 1721 1809 1775; x_wconf 80' lang='grc' dir='ltr'>τὰ</span> <span class='ocrx_word' id='word_1_134' title='bbox 1860 1720 2060 1783; x_wconf 79' lang='grc' dir='ltr'>κοινῶς</span> 
     </span>
    </p>
   </div>
   <div class='ocr_carea' id='block_1_18' title="bbox 463 1813 2059 1887">
    <p class='ocr_par' dir='ltr' id='par_1_18' title="bbox 463 1813 2059 1887">
     <span class='ocr_line' id='line_1_18' title="bbox 463 1813 2059 1887; baseline -0.002 -19"><span class='ocrx_word' id='word_1_135' title='bbox 463 1815 810 1887; x_wconf 78' lang='grc' dir='ltr'>ὑπάρξαντα,</span> <span class='ocrx_word' id='word_1_136' title='bbox 841 1816 1077 1880; x_wconf 73' lang='grc' dir='ltr'>δικαίοις</span> <span class='ocrx_word' id='word_1_137' title='bbox 1130 1833 1191 1870; x_wconf 87' lang='grc' dir='ltr'><strong>τε</strong></span> <span class='ocrx_word' id='word_1_138' title='bbox 1224 1817 1320 1871; x_wconf 77' lang='grc' dir='ltr'>καὶ</span> <span class='ocrx_word' id='word_1_139' title='bbox 1348 1817 1561 1879; x_wconf 79' lang='grc' dir='ltr'>ἀδίκοις</span> <span class='ocrx_word' id='word_1_140' title='bbox 1595 1814 1738 1885; x_wconf 86' lang='grc' dir='ltr'>μετὰ</span> <span class='ocrx_word' id='word_1_141' title='bbox 1785 1814 1886 1885; x_wconf 75' lang='grc' dir='ltr'><strong>τὴν</strong></span> <span class='ocrx_word' id='word_1_142' title='bbox 1925 1813 2059 1867; x_wconf 82' lang='grc' dir='ltr'><strong>ἀνά-</strong></span> 
     </span>
    </p>
   </div>
   <div class='ocr_carea' id='block_1_19' title="bbox 464 1906 2058 1980">
    <p class='ocr_par' dir='ltr' id='par_1_19' title="bbox 464 1906 2058 1980">
     <span class='ocr_line' id='line_1_19' title="bbox 464 1906 2058 1980; baseline -0.001 -19"><span class='ocrx_word' id='word_1_143' title='bbox 464 1926 684 1969; x_wconf 80' lang='grc' dir='ltr'>στασιν,</span> <span class='ocrx_word' id='word_1_144' title='bbox 710 1912 858 1978; x_wconf 72' lang='grc' dir='ltr'>φημὶ</span> <span class='ocrx_word' id='word_1_145' title='bbox 890 1910 955 1980; x_wconf 80' lang='grc' dir='ltr'><strong>δὴ</strong></span> <span class='ocrx_word' id='word_1_146' title='bbox 984 1910 1086 1978; x_wconf 76' lang='grc' dir='ltr'>τὴν</span> <span class='ocrx_word' id='word_1_147' title='bbox 1114 1908 1423 1963; x_wconf 74' lang='grc' dir='ltr'>ἀθανασίαν</span> <span class='ocrx_word' id='word_1_148' title='bbox 1462 1909 1559 1962; x_wconf 77' lang='grc' dir='ltr'>καὶ</span> <span class='ocrx_word' id='word_1_149' title='bbox 1587 1907 1925 1979; x_wconf 79' lang='grc' dir='ltr'><strong>ἀφθαρσίαν,</strong></span> <span class='ocrx_word' id='word_1_150' title='bbox 1959 1906 2058 1960; x_wconf 73' lang='grc' dir='ltr'><strong>καὶ</strong></span> 
     </span>
    </p>
   </div>
   <div class='ocr_carea' id='block_1_20' title="bbox 461 2000 2054 2073">
    <p class='ocr_par' dir='ltr' id='par_1_20' title="bbox 461 2000 2054 2073">
     <span class='ocr_line' id='line_1_20' title="bbox 461 2000 2054 2073; baseline -0.002 -19"><span class='ocrx_word' id='word_1_151' title='bbox 461 2002 569 2073; x_wconf 78' lang='grc' dir='ltr'><strong>πρὸ</strong></span> <span class='ocrx_word' id='word_1_152' title='bbox 596 2001 806 2056; x_wconf 84' lang='grc' dir='ltr'>τούτων</span> <span class='ocrx_word' id='word_1_153' title='bbox 839 2002 900 2055; x_wconf 86' lang='grc' dir='ltr'><strong>τὸ</strong></span> <span class='ocrx_word' id='word_1_154' title='bbox 932 2003 1008 2073; x_wconf 81' lang='grc' dir='ltr'>μὴ</span> <span class='ocrx_word' id='word_1_155' title='bbox 1051 2004 1259 2056; x_wconf 84' lang='grc' dir='ltr'>πεινεῖν</span> <span class='ocrx_word' id='word_1_156' title='bbox 1288 2003 1383 2056; x_wconf 73' lang='grc' dir='ltr'><strong>κςύ⁵</strong></span> <span class='ocrx_word' id='word_1_157' title='bbox 1412 2001 1587 2065; x_wconf 79' lang='grc' dir='ltr'>διψεῖν</span> <span class='ocrx_word' id='word_1_158' title='bbox 1614 2000 1712 2071; x_wconf 84' lang='lat' dir='ltr'><strong>[ita</strong></span> <span class='ocrx_word' id='word_1_159' title='bbox 1753 2000 1928 2072; x_wconf 89' lang='lat' dir='ltr'><strong>cod.],</strong></span> <span class='ocrx_word' id='word_1_160' title='bbox 1959 2000 2054 2053; x_wconf 71' lang='grc' dir='ltr'>καὶ</span> 
     </span>
    </p>
   </div>
   <div class='ocr_carea' id='block_1_21' title="bbox 462 2089 2055 2163">
    <p class='ocr_par' dir='ltr' id='par_1_21' title="bbox 462 2089 2055 2163">
     <span class='ocr_line' id='line_1_21' title="bbox 462 2089 2055 2163; baseline -0.001 -19"><span class='ocrx_word' id='word_1_161' title='bbox 462 2089 634 2145; x_wconf 80' lang='grc' dir='ltr'>ὕπνου</span> <span class='ocrx_word' id='word_1_162' title='bbox 663 2092 984 2162; x_wconf 75' lang='grc' dir='ltr'>ὀρέγεσθαι,</span> <span class='ocrx_word' id='word_1_163' title='bbox 1013 2092 1090 2156; x_wconf 82' lang='grc' dir='ltr'>ὡς</span> <span class='ocrx_word' id='word_1_164' title='bbox 1125 2092 1268 2162; x_wconf 81' lang='grc' dir='ltr'>μέγα</span> <span class='ocrx_word' id='word_1_165' title='bbox 1301 2110 1356 2145; x_wconf 83' lang='grc' dir='ltr'><strong>τι</strong></span> <span class='ocrx_word' id='word_1_166' title='bbox 1388 2093 1754 2163; x_wconf 77' lang='grc' dir='ltr'>προσρίπτειν</span> <span class='ocrx_word' id='word_1_167' title='bbox 1787 2094 1855 2163; x_wconf 84' lang='grc' dir='ltr'>τῇ</span> <span class='ocrx_word' id='word_1_168' title='bbox 1886 2090 2055 2160; x_wconf 78' lang='grc' dir='ltr'>σαρκὶ</span> 
     </span>
    </p>
   </div>
   <div class='ocr_carea' id='block_1_22' title="bbox 402 2178 2056 2256">
    <p class='ocr_par' dir='ltr' id='par_1_22' title="bbox 402 2178 2056 2256">
     <span class='ocr_line' id='line_1_22' title="bbox 402 2178 2056 2256; baseline -0.001 -19"><span class='ocrx_word' id='word_1_169' title='bbox 402 2194 405 2197; x_wconf 75' lang='lat'><strong>‘</strong></span> <span class='ocrx_word' id='word_1_170' title='bbox 459 2184 555 2238; x_wconf 75' lang='grc' dir='ltr'><strong>τοῦ</strong></span> <span class='ocrx_word' id='word_1_171' title='bbox 598 2185 829 2256; x_wconf 82' lang='grc' dir='ltr'>Κυρίου.</span> <span class='ocrx_word' id='word_1_172' title='bbox 860 2178 990 2237; x_wconf 82' lang='grc' dir='ltr'>’Ὧδε</span> <span class='ocrx_word' id='word_1_173' title='bbox 1038 2184 1151 2256; x_wconf 79' lang='grc' dir='ltr'><strong>γὰρ</strong></span> <span class='ocrx_word' id='word_1_174' title='bbox 1182 2184 1334 2238; x_wconf 77' lang='grc' dir='ltr'>ἐστιν</span> <span class='ocrx_word' id='word_1_175' title='bbox 1382 2184 1600 2254; x_wconf 80' lang='grc' dir='ltr'>ἀληθῶς</span> <span class='ocrx_word' id='word_1_176' title='bbox 1646 2186 1845 2249; x_wconf 85' lang='grc' dir='ltr'>εἰπεῖν,</span> <span class='ocrx_word' id='word_1_177' title='bbox 1889 2183 1973 2237; x_wconf 78' lang='grc' dir='ltr'>ὅτι</span> <span class='ocrx_word' id='word_1_178' title='bbox 2019 2183 2056 2253; x_wconf 78' lang='grc' dir='ltr'><strong>ἡ</strong></span> 
     </span>
    </p>
   </div>
   <div class='ocr_carea' id='block_1_23' title="bbox 458 2273 2056 2347">
    <p class='ocr_par' dir='ltr' id='par_1_23' title="bbox 458 2273 2056 2347">
     <span class='ocr_line' id='line_1_23' title="bbox 458 2273 2056 2347; baseline 0.001 -20"><span class='ocrx_word' id='word_1_179' title='bbox 458 2273 590 2338; x_wconf 76' lang='grc' dir='ltr'>δόξα</span> <span class='ocrx_word' id='word_1_180' title='bbox 622 2276 680 2328; x_wconf 82' lang='grc' dir='ltr'>ὲν</span> <span class='ocrx_word' id='word_1_181' title='bbox 710 2278 772 2346; x_wconf 78' lang='grc' dir='ltr'>τῇ</span> <span class='ocrx_word' id='word_1_182' title='bbox 810 2276 1045 2346; x_wconf 78' lang='grc' dir='ltr'>αἰσχύνῃ</span> <span class='ocrx_word' id='word_1_183' title='bbox 1080 2283 1190 2329; x_wconf 83' lang='grc' dir='ltr'>τῶν</span> <span class='ocrx_word' id='word_1_184' title='bbox 1223 2275 1317 2333; x_wconf 77' lang='grc' dir='ltr'>διὰ</span> <span class='ocrx_word' id='word_1_185' title='bbox 1348 2277 1515 2347; x_wconf 80' lang='grc' dir='ltr'>τιμῆς</span> <span class='ocrx_word' id='word_1_186' title='bbox 1548 2276 1929 2347; x_wconf 76' lang='grc' dir='ltr'>ἀτιμαςὸντων</span> <span class='ocrx_word' id='word_1_187' title='bbox 1959 2276 2056 2331; x_wconf 73' lang='grc' dir='ltr'><strong>καὶ</strong></span> 
     </span>
    </p>
   </div>
   <div class='ocr_carea' id='block_1_24' title="bbox 462 2369 2055 2443">
    <p class='ocr_par' dir='ltr' id='par_1_24' title="bbox 462 2369 2055 2443">
     <span class='ocr_line' id='line_1_24' title="bbox 462 2369 2055 2443; baseline 0.002 -21"><span class='ocrx_word' id='word_1_188' title='bbox 462 2370 614 2439; x_wconf 74' lang='grc' dir='ltr'>ἡμᾶς</span> <span class='ocrx_word' id='word_1_189' title='bbox 661 2369 756 2423; x_wconf 77' lang='grc' dir='ltr'><strong>καὶ</strong></span> <span class='ocrx_word' id='word_1_190' title='bbox 794 2370 895 2441; x_wconf 86' lang='grc' dir='ltr'>τὴν</span> <span class='ocrx_word' id='word_1_191' title='bbox 939 2370 1037 2423; x_wconf 81' lang='grc' dir='ltr'>τοῦ</span> <span class='ocrx_word' id='word_1_192' title='bbox 1072 2371 1285 2441; x_wconf 77' lang='grc' dir='ltr'>Κυρίου</span> <span class='ocrx_word' id='word_1_193' title='bbox 1323 2373 1528 2442; x_wconf 76' lang='grc' dir='ltr'>σάρκα,</span> <span class='ocrx_word' id='word_1_194' title='bbox 1556 2371 1658 2442; x_wconf 85' lang='grc' dir='ltr'>τὴν</span> <span class='ocrx_word' id='word_1_195' title='bbox 1690 2371 1793 2442; x_wconf 82' lang='grc' dir='ltr'><strong>μὲν</strong></span> <span class='ocrx_word' id='word_1_196' title='bbox 1824 2374 1892 2443; x_wconf 78' lang='grc' dir='ltr'>τῇ</span> <span class='ocrx_word' id='word_1_197' title='bbox 1929 2388 2055 2425; x_wconf 84' lang='grc' dir='ltr'>στε-</span> 
     </span>
    </p>
   </div>
   <div class='ocr_carea' id='block_1_25' title="bbox 465 2458 2055 2534">
    <p class='ocr_par' dir='ltr' id='par_1_25' title="bbox 465 2458 2055 2534">
     <span class='ocr_line' id='line_1_25' title="bbox 465 2458 2055 2534; baseline 0.004 -25"><span class='ocrx_word' id='word_1_198' title='bbox 465 2458 622 2528; x_wconf 76' lang='grc' dir='ltr'>ρήσει</span> <span class='ocrx_word' id='word_1_199' title='bbox 665 2458 773 2511; x_wconf 85' lang='grc' dir='ltr'>τῶν</span> <span class='ocrx_word' id='word_1_200' title='bbox 805 2459 1115 2531; x_wconf 80' lang='grc' dir='ltr'>ἡμετέρων,</span> <span class='ocrx_word' id='word_1_201' title='bbox 1150 2462 1300 2531; x_wconf 78' lang='grc' dir='ltr'>ἡμᾶς</span> <span class='ocrx_word' id='word_1_202' title='bbox 1346 2462 1404 2516; x_wconf 68' lang='grc' dir='ltr'>δὲ</span> <span class='ocrx_word' id='word_1_203' title='bbox 1452 2464 1518 2534; x_wconf 84' lang='grc' dir='ltr'>τῇ</span> <span class='ocrx_word' id='word_1_204' title='bbox 1570 2463 1894 2516; x_wconf 81' lang='grc' dir='ltr'>ἁποπτὼσει</span> <span class='ocrx_word' id='word_1_205' title='bbox 1942 2463 2055 2516; x_wconf 82' lang='grc' dir='ltr'>τῶν</span> 
     </span>
    </p>
   </div>
   <div class='ocr_carea' id='block_1_26' title="bbox 463 2551 2059 2635">
    <p class='ocr_par' dir='ltr' id='par_1_26' title="bbox 463 2551 2059 2635">
     <span class='ocr_line' id='line_1_26' title="bbox 463 2551 2059 2635; baseline 0.004 -31"><span class='ocrx_word' id='word_1_206' title='bbox 463 2551 559 2604; x_wconf 79' lang='grc' dir='ltr'><strong>ἀπ’</strong></span> <span class='ocrx_word' id='word_1_207' title='bbox 592 2552 829 2622; x_wconf 76' lang='grc' dir='ltr'>ἐκείνης’</span> <span class='ocrx_word' id='word_1_208' title='bbox 862 2553 926 2607; x_wconf 84' lang='grc' dir='ltr'><strong>οὐ</strong></span> <span class='ocrx_word' id='word_1_209' title='bbox 972 2556 1078 2625; x_wconf 84' lang='grc' dir='ltr'>γὰρ</span> <span class='ocrx_word' id='word_1_210' title='bbox 1112 2555 1334 2623; x_wconf 79' lang='grc' dir='ltr'>δοξάσει</span> <span class='ocrx_word' id='word_1_211' title='bbox 1364 2555 1443 2627; x_wconf 83' lang='grc' dir='ltr'>μὴ</span> <span class='ocrx_word' id='word_1_212' title='bbox 1475 2556 1867 2628; x_wconf 83' lang='grc' dir='ltr'>συμπαθοῦσα,</span> <span class='ocrx_word' id='word_1_213' title='bbox 1905 2556 2059 2635; x_wconf 54' lang='lat' dir='ltr'><strong>astat</strong></span> 
     </span>
    </p>
   </div>
   <div class='ocr_carea' id='block_1_27' title="bbox 461 2642 1150 2712">
    <p class='ocr_par' dir='ltr' id='par_1_27' title="bbox 461 2642 1150 2712">
     <span class='ocr_line' id='line_1_27' title="bbox 461 2642 1150 2712; baseline 0.004 -13"><span class='ocrx_word' id='word_1_214' title='bbox 461 2642 558 2699; x_wconf 76' lang='grc' dir='ltr'>τοῦ</span> <span class='ocrx_word' id='word_1_215' title='bbox 589 2644 783 2700; x_wconf 79' lang='grc' dir='ltr'>παθεῖν</span> <span class='ocrx_word' id='word_1_216' title='bbox 827 2645 989 2712; x_wconf 75' lang='grc' dir='ltr'>δοξάζ</span> <span class='ocrx_word' id='word_1_217' title='bbox 993 2664 1053 2700; x_wconf 91' lang='grc' dir='ltr'><strong>ου</strong></span> <span class='ocrx_word' id='word_1_218' title='bbox 1062 2663 1150 2702; x_wconf 91' lang='grc' dir='ltr'><strong>σα.</strong></span> 
     </span>
    </p>
   </div>
   <div class='ocr_carea' id='block_1_28' title="bbox 539 2956 2062 3031">
    <p class='ocr_par' dir='ltr' id='par_1_28' title="bbox 539 2956 2062 3031">
     <span class='ocr_line' id='line_1_28' title="bbox 539 2956 2062 3031; baseline 0.001 -19"><span class='ocrx_word' id='word_1_219' title='bbox 539 2962 601 3013; x_wconf 77' lang='grc' dir='ltr'>Α.</span> <span class='ocrx_word' id='word_1_220' title='bbox 651 2956 783 3012; x_wconf 76' lang='grc' dir='ltr'>Ἰδοὺ</span> <span class='ocrx_word' id='word_1_221' title='bbox 806 2959 871 3031; x_wconf 85' lang='grc' dir='ltr'>δὴ</span> <span class='ocrx_word' id='word_1_222' title='bbox 898 2956 1016 3023; x_wconf 76' lang='grc' dir='ltr'>νῦν,</span> <span class='ocrx_word' id='word_1_223' title='bbox 1054 2957 1163 3028; x_wconf 75' lang='grc' dir='ltr'><strong>ἔφη</strong></span> <span class='ocrx_word' id='word_1_224' title='bbox 1188 2999 1203 3025; x_wconf 94' lang='grc'><strong>,</strong></span> <span class='ocrx_word' id='word_1_225' title='bbox 1235 2958 1332 3012; x_wconf 74' lang='grc' dir='ltr'><strong>καὶ</strong></span> <span class='ocrx_word' id='word_1_226' title='bbox 1368 2958 1443 3030; x_wconf 82' lang='grc' dir='ltr'>μὴ</span> <span class='ocrx_word' id='word_1_227' title='bbox 1480 2957 1803 3031; x_wconf 80' lang='grc' dir='ltr'>βουλόμενος</span> <span class='ocrx_word' id='word_1_228' title='bbox 1823 2999 1837 3023; x_wconf 91' lang='grc'><strong>,</strong></span> <span class='ocrx_word' id='word_1_229' title='bbox 1871 2960 2062 3015; x_wconf 74' lang='grc' dir='ltr'>ἀπεδιο</span> 
     </span>
    </p>
   </div>
   <div class='ocr_carea' id='block_1_29' title="bbox 466 3050 2057 3126">
    <p class='ocr_par' dir='ltr' id='par_1_29' title="bbox 466 3050 2057 3126">
     <span class='ocr_line' id='line_1_29' title="bbox 466 3050 2057 3126; baseline 0.001 -20"><span class='ocrx_word' id='word_1_230' title='bbox 466 3052 692 3107; x_wconf 74' lang='grc' dir='ltr'>εστείλω</span> <span class='ocrx_word' id='word_1_231' title='bbox 711 3050 807 3105; x_wconf 80' lang='grc' dir='ltr'>τοῦ</span> <span class='ocrx_word' id='word_1_232' title='bbox 841 3051 1090 3124; x_wconf 79' lang='grc' dir='ltr'>παθητοῦ</span> <span class='ocrx_word' id='word_1_233' title='bbox 1134 3051 1195 3106; x_wconf 83' lang='grc' dir='ltr'><strong>τδ</strong></span> <span class='ocrx_word' id='word_1_234' title='bbox 1231 3051 1494 3124; x_wconf 78' lang='grc' dir='ltr'>φθαρτόνο</span> <span class='ocrx_word' id='word_1_235' title='bbox 1534 3054 1736 3123; x_wconf 81' lang='grc' dir='ltr'>πάσχει</span> <span class='ocrx_word' id='word_1_236' title='bbox 1765 3054 1876 3125; x_wconf 71' lang='grc' dir='ltr'><strong>γὰρ</strong></span> <span class='ocrx_word' id='word_1_237' title='bbox 1906 3055 1965 3107; x_wconf 83' lang='grc' dir='ltr'>ὲν</span> <span class='ocrx_word' id='word_1_238' title='bbox 1992 3057 2057 3126; x_wconf 79' lang='grc' dir='ltr'>τῇ</span> 
     </span>
    </p>
   </div>
   <div class='ocr_carea' id='block_1_30' title="bbox 468 3144 2058 3217">
    <p class='ocr_par' dir='ltr' id='par_1_30' title="bbox 468 3144 2058 3217">
     <span class='ocr_line' id='line_1_30' title="bbox 468 3144 2058 3217; baseline -0.001 -18"><span class='ocrx_word' id='word_1_239' title='bbox 468 3144 690 3199; x_wconf 73' lang='grc' dir='ltr'>κολάσει</span> <span class='ocrx_word' id='word_1_240' title='bbox 720 3144 789 3198; x_wconf 74' lang='grc' dir='ltr'>τὰ</span> <span class='ocrx_word' id='word_1_241' title='bbox 819 3144 1050 3217; x_wconf 83' lang='grc' dir='ltr'>σώματα</span> <span class='ocrx_word' id='word_1_242' title='bbox 1083 3145 1193 3199; x_wconf 86' lang='grc' dir='ltr'>τῶν</span> <span class='ocrx_word' id='word_1_243' title='bbox 1232 3144 1577 3217; x_wconf 83' lang='grc' dir='ltr'>ἁμαρτωλῶν</span> <span class='ocrx_word' id='word_1_244' title='bbox 1612 3145 1710 3198; x_wconf 74' lang='grc' dir='ltr'><strong>σὺν</strong></span> <span class='ocrx_word' id='word_1_245' title='bbox 1733 3145 1926 3209; x_wconf 80' lang='grc' dir='ltr'>αὐταῖς</span> <span class='ocrx_word' id='word_1_246' title='bbox 1951 3145 2058 3215; x_wconf 72' lang='grc' dir='ltr'><strong>ψυ-</strong></span> 
     </span>
    </p>
   </div>
   <div class='ocr_carea' id='block_1_31' title="bbox 467 3237 2062 3312">
    <p class='ocr_par' dir='ltr' id='par_1_31' title="bbox 467 3237 2062 3312">
     <span class='ocr_line' id='line_1_31' title="bbox 467 3237 2062 3312; baseline 0.001 -20"><span class='ocrx_word' id='word_1_247' title='bbox 467 3256 614 3311; x_wconf 82' lang='grc' dir='ltr'>χαις,</span> <span class='ocrx_word' id='word_1_248' title='bbox 646 3240 709 3293; x_wconf 84' lang='grc' dir='ltr'><strong>οὐ</strong></span> <span class='ocrx_word' id='word_1_249' title='bbox 740 3238 806 3312; x_wconf 83' lang='grc' dir='ltr'>δή</span> <span class='ocrx_word' id='word_1_250' title='bbox 849 3256 956 3293; x_wconf 87' lang='grc' dir='ltr'><strong>που</strong></span> <span class='ocrx_word' id='word_1_251' title='bbox 1001 3238 1060 3293; x_wconf 83' lang='grc' dir='ltr'>δὲ</span> <span class='ocrx_word' id='word_1_252' title='bbox 1096 3241 1191 3293; x_wconf 73' lang='grc' dir='ltr'><strong>καὶ</strong></span> <span class='ocrx_word' id='word_1_253' title='bbox 1235 3240 1520 3310; x_wconf 84' lang='grc' dir='ltr'>πάσχοντα</span> <span class='ocrx_word' id='word_1_254' title='bbox 1554 3237 1835 3311; x_wconf 81' lang='grc' dir='ltr'>θανάτῳῆ</span> <span class='ocrx_word' id='word_1_255' title='bbox 1880 3239 2062 3312; x_wconf 81' lang='grc' dir='ltr'>φθορᾷ</span> 
     </span>
    </p>
   </div>
   <div class='ocr_carea' id='block_1_32' title="bbox 2160 709 3740 781">
    <p class='ocr_par' dir='ltr' id='par_1_32' title="bbox 2160 709 3740 781">
     <span class='ocr_line' id='line_1_32' title="bbox 2160 709 3740 781; baseline 0.002 -16"><span class='ocrx_word' id='word_1_256' title='bbox 2160 709 2535 766; x_wconf 80' lang='lat' dir='ltr'><strong>definitionem</strong></span> <span class='ocrx_word' id='word_1_257' title='bbox 2555 711 2911 781; x_wconf 73' lang='lat' dir='ltr'><strong>perfectionis</strong></span> <span class='ocrx_word' id='word_1_258' title='bbox 2933 722 3131 766; x_wconf 74' lang='lat' dir='ltr'><strong>nostra:</strong></span> <span class='ocrx_word' id='word_1_259' title='bbox 3151 712 3455 767; x_wconf 89' lang='lat' dir='ltr'><strong>secundum</strong></span> <span class='ocrx_word' id='word_1_260' title='bbox 3479 714 3740 769; x_wconf 85' lang='lat' dir='ltr'><strong>substan-</strong></span> 
     </span>
    </p>
   </div>
   <div class='ocr_carea' id='block_1_33' title="bbox 2160 804 3738 877">
    <p class='ocr_par' dir='ltr' id='par_1_33' title="bbox 2160 804 3738 877">
     <span class='ocr_line' id='line_1_33' title="bbox 2160 804 3738 877; baseline 0.001 -19"><span class='ocrx_word' id='word_1_261' title='bbox 2160 806 2292 859; x_wconf 85' lang='lat' dir='ltr'><strong>tiam</strong></span> <span class='ocrx_word' id='word_1_262' title='bbox 2320 804 2611 874; x_wconf 85' lang='lat' dir='ltr'><strong>possidens</strong></span> <span class='ocrx_word' id='word_1_263' title='bbox 2631 844 2646 867; x_wconf 87' lang='lat'><strong>,</strong></span> <span class='ocrx_word' id='word_1_264' title='bbox 2677 804 2866 859; x_wconf 84' lang='lat' dir='ltr'><strong>omnia</strong></span> <span class='ocrx_word' id='word_1_265' title='bbox 2901 804 3043 859; x_wconf 86' lang='lat' dir='ltr'><strong>bona</strong></span> <span class='ocrx_word' id='word_1_266' title='bbox 3065 820 3131 859; x_wconf 80' lang='lat' dir='ltr'><strong>ex</strong></span> <span class='ocrx_word' id='word_1_267' title='bbox 3151 805 3331 860; x_wconf 89' lang='lat' dir='ltr'><strong>Verbo</strong></span> <span class='ocrx_word' id='word_1_268' title='bbox 3365 806 3738 877; x_wconf 83' lang='lat' dir='ltr'><strong>participavit,</strong></span> 
     </span>
    </p>
   </div>
   <div class='ocr_carea' id='block_1_34' title="bbox 2159 898 3741 969">
    <p class='ocr_par' dir='ltr' id='par_1_34' title="bbox 2159 898 3741 969">
     <span class='ocr_line' id='line_1_34' title="bbox 2159 898 3741 969; baseline 0.001 -17"><span class='ocrx_word' id='word_1_269' title='bbox 2159 899 2296 969; x_wconf 85' lang='lat' dir='ltr'><strong>quin</strong></span> <span class='ocrx_word' id='word_1_270' title='bbox 2330 898 2514 968; x_wconf 86' lang='lat' dir='ltr'><strong>potius</strong></span> <span class='ocrx_word' id='word_1_271' title='bbox 2548 898 2727 969; x_wconf 90' lang='lat' dir='ltr'><strong>ipsum</strong></span> <span class='ocrx_word' id='word_1_272' title='bbox 2762 898 2968 953; x_wconf 77' lang='lat' dir='ltr'><strong>fontem</strong></span> <span class='ocrx_word' id='word_1_273' title='bbox 3006 898 3279 953; x_wconf 89' lang='lat' dir='ltr'><strong>bonorum</strong></span> <span class='ocrx_word' id='word_1_274' title='bbox 3301 940 3315 963; x_wconf 93' lang='lat'><strong>,</strong></span> <span class='ocrx_word' id='word_1_275' title='bbox 3355 900 3593 953; x_wconf 88' lang='lat' dir='ltr'><strong>Verbum</strong></span> <span class='ocrx_word' id='word_1_276' title='bbox 3631 901 3741 954; x_wconf 87' lang='lat' dir='ltr'><strong>sci-</strong></span> 
     </span>
    </p>
   </div>
   <div class='ocr_carea' id='block_1_35' title="bbox 2156 988 3741 1059">
    <p class='ocr_par' dir='ltr' id='par_1_35' title="bbox 2156 988 3741 1059">
     <span class='ocr_line' id='line_1_35' title="bbox 2156 988 3741 1059; baseline -0.001 -14"><span class='ocrx_word' id='word_1_277' title='bbox 2156 990 2287 1045; x_wconf 88' lang='lat' dir='ltr'><strong>licet</strong></span> <span class='ocrx_word' id='word_1_278' title='bbox 2336 990 2568 1053; x_wconf 86' lang='lat' dir='ltr'><strong>babens,</strong></span> <span class='ocrx_word' id='word_1_279' title='bbox 2600 988 2806 1043; x_wconf 88' lang='lat' dir='ltr'><strong>emittit</strong></span> <span class='ocrx_word' id='word_1_280' title='bbox 2838 1005 2869 1043; x_wconf 88' lang='lat' dir='ltr'><strong>e</strong></span> <span class='ocrx_word' id='word_1_281' title='bbox 2897 1004 2955 1043; x_wconf 87' lang='lat' dir='ltr'><strong>se</strong></span> <span class='ocrx_word' id='word_1_282' title='bbox 2986 989 3175 1044; x_wconf 80' lang='lat' dir='ltr'><strong>omnia</strong></span> <span class='ocrx_word' id='word_1_283' title='bbox 3217 1006 3340 1059; x_wconf 72' lang='lat' dir='ltr'><strong>qua:</strong></span> <span class='ocrx_word' id='word_1_284' title='bbox 3374 991 3537 1045; x_wconf 81' lang='lat' dir='ltr'><strong>Verbi</strong></span> <span class='ocrx_word' id='word_1_285' title='bbox 3590 1000 3741 1052; x_wconf 88' lang='lat' dir='ltr'><strong>sunt,</strong></span> 
     </span>
    </p>
   </div>
   <div class='ocr_carea' id='block_1_36' title="bbox 2155 1082 3740 1154">
    <p class='ocr_par' dir='ltr' id='par_1_36' title="bbox 2155 1082 3740 1154">
     <span class='ocr_line' id='line_1_36' title="bbox 2155 1082 3740 1154; baseline -0.001 -16"><span class='ocrx_word' id='word_1_286' title='bbox 2155 1092 2385 1153; x_wconf 84' lang='lat' dir='ltr'><strong>propter</strong></span> <span class='ocrx_word' id='word_1_287' title='bbox 2417 1082 2685 1137; x_wconf 82' lang='lat' dir='ltr'><strong>Verbum.</strong></span> <span class='ocrx_word' id='word_1_288' title='bbox 2733 1082 2813 1136; x_wconf 84' lang='lat' dir='ltr'><strong>Ne</strong></span> <span class='ocrx_word' id='word_1_289' title='bbox 2842 1082 2992 1136; x_wconf 90' lang='lat' dir='ltr'><strong>enim</strong></span> <span class='ocrx_word' id='word_1_290' title='bbox 3038 1082 3421 1138; x_wconf 75' lang='lat' dir='ltr'><strong>existimemus</strong></span> <span class='ocrx_word' id='word_1_291' title='bbox 3441 1126 3456 1149; x_wconf 95' lang='lat'><strong>,</strong></span> <span class='ocrx_word' id='word_1_292' title='bbox 3481 1098 3740 1154; x_wconf 76' lang='lat' dir='ltr'><strong>ntagnum</strong></span> 
     </span>
    </p>
   </div>
   <div class='ocr_carea' id='block_1_37' title="bbox 2155 1174 3741 1247">
    <p class='ocr_par' dir='ltr' id='par_1_37' title="bbox 2155 1174 3741 1247">
     <span class='ocr_line' id='line_1_37' title="bbox 2155 1174 3741 1247; baseline -0.001 -14"><span class='ocrx_word' id='word_1_293' title='bbox 2155 1176 2368 1247; x_wconf 86' lang='lat' dir='ltr'><strong>aliquid</strong></span> <span class='ocrx_word' id='word_1_294' title='bbox 2402 1176 2472 1231; x_wconf 88' lang='lat' dir='ltr'><strong>de</strong></span> <span class='ocrx_word' id='word_1_295' title='bbox 2510 1191 2678 1231; x_wconf 87' lang='lat' dir='ltr'><strong>carne</strong></span> <span class='ocrx_word' id='word_1_296' title='bbox 2710 1174 2929 1229; x_wconf 89' lang='lat' dir='ltr'><strong>Domini</strong></span> <span class='ocrx_word' id='word_1_297' title='bbox 2962 1174 3185 1237; x_wconf 87' lang='lat' dir='ltr'><strong>dicere.</strong></span> <span class='ocrx_word' id='word_1_298' title='bbox 3235 1176 3280 1230; x_wconf 90' lang='lat' dir='ltr'><strong>si</strong></span> <span class='ocrx_word' id='word_1_299' title='bbox 3318 1176 3369 1229; x_wconf 89' lang='lat' dir='ltr'><strong>ei</strong></span> <span class='ocrx_word' id='word_1_300' title='bbox 3406 1177 3741 1240; x_wconf 81' lang='lat' dir='ltr'><strong>tribuamus,</strong></span> 
     </span>
    </p>
   </div>
   <div class='ocr_carea' id='block_1_38' title="bbox 2156 1267 3743 1341">
    <p class='ocr_par' dir='ltr' id='par_1_38' title="bbox 2156 1267 3743 1341">
     <span class='ocr_line' id='line_1_38' title="bbox 2156 1267 3743 1341; baseline -0.003 -17"><span class='ocrx_word' id='word_1_301' title='bbox 2156 1269 2305 1341; x_wconf 88' lang='lat' dir='ltr'><strong>quod</strong></span> <span class='ocrx_word' id='word_1_302' title='bbox 2336 1284 2441 1324; x_wconf 85' lang='lat' dir='ltr'><strong>nec</strong></span> <span class='ocrx_word' id='word_1_303' title='bbox 2473 1268 2647 1338; x_wconf 78' lang='lat' dir='ltr'><strong>ipsam</strong></span> <span class='ocrx_word' id='word_1_304' title='bbox 2680 1267 2974 1323; x_wconf 74' lang='lat' dir='ltr'><strong>honoravit</strong></span> <span class='ocrx_word' id='word_1_305' title='bbox 2994 1309 3009 1332; x_wconf 88' lang='lat'><strong>,</strong></span> <span class='ocrx_word' id='word_1_306' title='bbox 3050 1275 3108 1322; x_wconf 89' lang='lat' dir='ltr'><strong>et</strong></span> <span class='ocrx_word' id='word_1_307' title='bbox 3136 1267 3283 1337; x_wconf 89' lang='lat' dir='ltr'><strong>quod</strong></span> <span class='ocrx_word' id='word_1_308' title='bbox 3327 1268 3592 1322; x_wconf 86' lang='lat' dir='ltr'><strong>honorem</strong></span> <span class='ocrx_word' id='word_1_309' title='bbox 3640 1284 3743 1321; x_wconf 90' lang='lat' dir='ltr'><strong>no-</strong></span> 
     </span>
    </p>
   </div>
   <div class='ocr_carea' id='block_1_39' title="bbox 2156 1359 3745 1429">
    <p class='ocr_par' dir='ltr' id='par_1_39' title="bbox 2156 1359 3745 1429">
     <span class='ocr_line' id='line_1_39' title="bbox 2156 1359 3745 1429; baseline -0.004 -11"><span class='ocrx_word' id='word_1_310' title='bbox 2156 1372 2333 1418; x_wconf 86' lang='lat' dir='ltr'><strong>strum</strong></span> <span class='ocrx_word' id='word_1_311' title='bbox 2363 1359 2627 1425; x_wconf 81' lang='lat' dir='ltr'><strong>abstulit;</strong></span> <span class='ocrx_word' id='word_1_312' title='bbox 2660 1374 2763 1414; x_wconf 88' lang='lat' dir='ltr'><strong>nec</strong></span> <span class='ocrx_word' id='word_1_313' title='bbox 2799 1359 2945 1414; x_wconf 87' lang='lat' dir='ltr'><strong>enim</strong></span> <span class='ocrx_word' id='word_1_314' title='bbox 2976 1359 3144 1415; x_wconf 88' lang='lat' dir='ltr'><strong>Verbi</strong></span> <span class='ocrx_word' id='word_1_315' title='bbox 3173 1367 3315 1423; x_wconf 87' lang='lat' dir='ltr'><strong>erat,</strong></span> <span class='ocrx_word' id='word_1_316' title='bbox 3348 1360 3569 1429; x_wconf 81' lang='lat' dir='ltr'><strong>privare</strong></span> <span class='ocrx_word' id='word_1_317' title='bbox 3621 1374 3745 1413; x_wconf 78' lang='lat' dir='ltr'><strong>eam</strong></span> 
     </span>
    </p>
   </div>
   <div class='ocr_carea' id='block_1_40' title="bbox 2156 1446 3742 1524">
    <p class='ocr_par' dir='ltr' id='par_1_40' title="bbox 2156 1446 3742 1524">
     <span class='ocr_line' id='line_1_40' title="bbox 2156 1446 3742 1524; baseline -0.004 -13"><span class='ocrx_word' id='word_1_318' title='bbox 2156 1455 2365 1511; x_wconf 83' lang='lat' dir='ltr'><strong>nostris</strong></span> <span class='ocrx_word' id='word_1_319' title='bbox 2382 1453 2821 1524; x_wconf 87' lang='lat' dir='ltr'><strong>proprietatibus</strong></span> <span class='ocrx_word' id='word_1_320' title='bbox 2842 1460 3156 1507; x_wconf 88' lang='lat' dir='ltr'><strong>manentem</strong></span> <span class='ocrx_word' id='word_1_321' title='bbox 3186 1446 3394 1521; x_wconf 85' lang='lat' dir='ltr'><strong>alioqui</strong></span> <span class='ocrx_word' id='word_1_322' title='bbox 3416 1451 3705 1506; x_wconf 89' lang='lat' dir='ltr'><strong>nobiscum</strong></span> <span class='ocrx_word' id='word_1_323' title='bbox 3727 1468 3742 1504; x_wconf 90' lang='lat'><strong>:</strong></span> 
     </span>
    </p>
   </div>
   <div class='ocr_carea' id='block_1_41' title="bbox 2158 1543 3747 1609">
    <p class='ocr_par' dir='ltr' id='par_1_41' title="bbox 2158 1543 3747 1609">
     <span class='ocr_line' id='line_1_41' title="bbox 2158 1543 3747 1609; baseline -0.004 -5"><span class='ocrx_word' id='word_1_324' title='bbox 2158 1564 2263 1604; x_wconf 88' lang='lat' dir='ltr'><strong>nec</strong></span> <span class='ocrx_word' id='word_1_325' title='bbox 2289 1557 2410 1604; x_wconf 85' lang='lat' dir='ltr'><strong>erat</strong></span> <span class='ocrx_word' id='word_1_326' title='bbox 2439 1545 2823 1609; x_wconf 85' lang='lat' dir='ltr'><strong>humanitatis,</strong></span> <span class='ocrx_word' id='word_1_327' title='bbox 2858 1543 3179 1599; x_wconf 74' lang='lat' dir='ltr'><strong>afﬁnitatem</strong></span> <span class='ocrx_word' id='word_1_328' title='bbox 3206 1544 3498 1600; x_wconf 88' lang='lat' dir='ltr'><strong>nobiscum</strong></span> <span class='ocrx_word' id='word_1_329' title='bbox 3532 1544 3747 1598; x_wconf 84' lang='lat' dir='ltr'><strong>haben-</strong></span> 
     </span>
    </p>
   </div>
   <div class='ocr_carea' id='block_1_42' title="bbox 2161 1635 3748 1707">
    <p class='ocr_par' dir='ltr' id='par_1_42' title="bbox 2161 1635 3748 1707">
     <span class='ocr_line' id='line_1_42' title="bbox 2161 1635 3748 1707; baseline -0.004 -10"><span class='ocrx_word' id='word_1_330' title='bbox 2161 1642 2274 1707; x_wconf 89' lang='lat' dir='ltr'><strong>tis,</strong></span> <span class='ocrx_word' id='word_1_331' title='bbox 2326 1639 2513 1695; x_wconf 86' lang='lat' dir='ltr'><strong>delere</strong></span> <span class='ocrx_word' id='word_1_332' title='bbox 2563 1636 2988 1693; x_wconf 89' lang='lat' dir='ltr'><strong>similitudinem</strong></span> <span class='ocrx_word' id='word_1_333' title='bbox 3027 1635 3313 1706; x_wconf 88' lang='lat' dir='ltr'><strong>patiendi,</strong></span> <span class='ocrx_word' id='word_1_334' title='bbox 3367 1636 3474 1697; x_wconf 85' lang='lat' dir='ltr'><strong>nisi</strong></span> <span class='ocrx_word' id='word_1_335' title='bbox 3511 1637 3748 1690; x_wconf 84' lang='lat' dir='ltr'><strong>velimus</strong></span> 
     </span>
    </p>
   </div>
   <div class='ocr_carea' id='block_1_43' title="bbox 2158 1726 3748 1800">
    <p class='ocr_par' dir='ltr' id='par_1_43' title="bbox 2158 1726 3748 1800">
     <span class='ocr_line' id='line_1_43' title="bbox 2158 1726 3748 1800; baseline -0.004 -13"><span class='ocrx_word' id='word_1_336' title='bbox 2158 1731 2416 1788; x_wconf 79' lang='lat' dir='ltr'><strong>excidere</strong></span> <span class='ocrx_word' id='word_1_337' title='bbox 2461 1730 2531 1785; x_wconf 88' lang='lat' dir='ltr'><strong>ab</strong></span> <span class='ocrx_word' id='word_1_338' title='bbox 2572 1730 2695 1800; x_wconf 84' lang='lat' dir='ltr'><strong>ejus</strong></span> <span class='ocrx_word' id='word_1_339' title='bbox 2747 1727 3057 1783; x_wconf 85' lang='lat' dir='ltr'><strong>imitatione</strong></span> <span class='ocrx_word' id='word_1_340' title='bbox 3102 1736 3159 1783; x_wconf 92' lang='lat' dir='ltr'><strong>et</strong></span> <span class='ocrx_word' id='word_1_341' title='bbox 3208 1727 3595 1782; x_wconf 86' lang='lat' dir='ltr'><strong>similitudine.</strong></span> <span class='ocrx_word' id='word_1_342' title='bbox 3634 1726 3748 1781; x_wconf 78' lang='lat' dir='ltr'><strong>Nec</strong></span> 
     </span>
    </p>
   </div>
   <div class='ocr_carea' id='block_1_44' title="bbox 2161 1816 3747 1890">
    <p class='ocr_par' dir='ltr' id='par_1_44' title="bbox 2161 1816 3747 1890">
     <span class='ocr_line' id='line_1_44' title="bbox 2161 1816 3747 1890; baseline -0.004 -15"><span class='ocrx_word' id='word_1_343' title='bbox 2161 1838 2294 1876; x_wconf 82' lang='lat' dir='ltr'><strong>vero</strong></span> <span class='ocrx_word' id='word_1_344' title='bbox 2320 1837 2385 1876; x_wconf 88' lang='lat' dir='ltr'><strong>ea</strong></span> <span class='ocrx_word' id='word_1_345' title='bbox 2413 1836 2536 1890; x_wconf 69' lang='lat' dir='ltr'><strong>quas</strong></span> <span class='ocrx_word' id='word_1_346' title='bbox 2563 1816 2939 1875; x_wconf 88' lang='lat' dir='ltr'><strong>communiter</strong></span> <span class='ocrx_word' id='word_1_347' title='bbox 2959 1817 3094 1888; x_wconf 81' lang='lat' dir='ltr'><strong>justi</strong></span> <span class='ocrx_word' id='word_1_348' title='bbox 3123 1825 3181 1872; x_wconf 92' lang='lat' dir='ltr'><strong>et</strong></span> <span class='ocrx_word' id='word_1_349' title='bbox 3207 1816 3397 1887; x_wconf 85' lang='lat' dir='ltr'><strong>injusti</strong></span> <span class='ocrx_word' id='word_1_350' title='bbox 3418 1825 3543 1885; x_wconf 91' lang='lat' dir='ltr'><strong>post</strong></span> <span class='ocrx_word' id='word_1_351' title='bbox 3559 1831 3747 1871; x_wconf 90' lang='lat' dir='ltr'><strong>resur-</strong></span> 
     </span>
    </p>
   </div>
   <div class='ocr_carea' id='block_1_45' title="bbox 2161 1906 3747 1974">
    <p class='ocr_par' dir='ltr' id='par_1_45' title="bbox 2161 1906 3747 1974">
     <span class='ocr_line' id='line_1_45' title="bbox 2161 1906 3747 1974; baseline -0.007 -6"><span class='ocrx_word' id='word_1_352' title='bbox 2161 1914 2465 1970; x_wconf 89' lang='lat' dir='ltr'><strong>rectionem</strong></span> <span class='ocrx_word' id='word_1_353' title='bbox 2495 1910 2784 1965; x_wconf 85' lang='lat' dir='ltr'><strong>habebunt</strong></span> <span class='ocrx_word' id='word_1_354' title='bbox 2810 1949 2825 1974; x_wconf 93' lang='lat'><strong>,</strong></span> <span class='ocrx_word' id='word_1_355' title='bbox 2860 1907 3334 1963; x_wconf 86' lang='lat' dir='ltr'><strong>immortalitatem</strong></span> <span class='ocrx_word' id='word_1_356' title='bbox 3368 1906 3517 1970; x_wconf 86' lang='lat' dir='ltr'><strong>dico,</strong></span> <span class='ocrx_word' id='word_1_357' title='bbox 3548 1915 3604 1961; x_wconf 88' lang='lat' dir='ltr'><strong>et</strong></span> <span class='ocrx_word' id='word_1_358' title='bbox 3633 1920 3747 1959; x_wconf 89' lang='lat' dir='ltr'><strong>non</strong></span> 
     </span>
    </p>
   </div>
   <div class='ocr_carea' id='block_1_46' title="bbox 2087 1981 3747 2076">
    <p class='ocr_par' dir='ltr' id='par_1_46' title="bbox 2087 1981 3747 2076">
     <span class='ocr_line' id='line_1_46' title="bbox 2087 1981 3747 2076; baseline -0.006 -16"><span class='ocrx_word' id='word_1_359' title='bbox 2087 1981 2130 2040; x_wconf 70' lang='grc' dir='ltr'><strong>Β</strong></span> <span class='ocrx_word' id='word_1_360' title='bbox 2164 2019 2326 2076; x_wconf 85' lang='lat' dir='ltr'><strong>posse</strong></span> <span class='ocrx_word' id='word_1_361' title='bbox 2351 2003 2636 2060; x_wconf 88' lang='lat' dir='ltr'><strong>interitum</strong></span> <span class='ocrx_word' id='word_1_362' title='bbox 2681 2016 2914 2072; x_wconf 85' lang='lat' dir='ltr'><strong>capere,</strong></span> <span class='ocrx_word' id='word_1_363' title='bbox 2946 2009 3001 2056; x_wconf 93' lang='lat' dir='ltr'><strong>et</strong></span> <span class='ocrx_word' id='word_1_364' title='bbox 3041 1999 3099 2054; x_wconf 92' lang='lat' dir='ltr'><strong>in</strong></span> <span class='ocrx_word' id='word_1_365' title='bbox 3130 1999 3326 2070; x_wconf 89' lang='lat' dir='ltr'><strong>primis</strong></span> <span class='ocrx_word' id='word_1_366' title='bbox 3367 2015 3478 2053; x_wconf 90' lang='lat' dir='ltr'><strong>non</strong></span> <span class='ocrx_word' id='word_1_367' title='bbox 3508 1998 3747 2061; x_wconf 84' lang='lat' dir='ltr'><strong>esurire,</strong></span> 
     </span>
    </p>
   </div>
   <div class='ocr_carea' id='block_1_47' title="bbox 2159 2089 3748 2163">
    <p class='ocr_par' dir='ltr' id='par_1_47' title="bbox 2159 2089 3748 2163">
     <span class='ocr_line' id='line_1_47' title="bbox 2159 2089 3748 2163; baseline -0.006 -10"><span class='ocrx_word' id='word_1_368' title='bbox 2159 2113 2271 2153; x_wconf 92' lang='lat' dir='ltr'><strong>non</strong></span> <span class='ocrx_word' id='word_1_369' title='bbox 2299 2097 2477 2159; x_wconf 91' lang='lat' dir='ltr'><strong>sitire,</strong></span> <span class='ocrx_word' id='word_1_370' title='bbox 2505 2110 2619 2150; x_wconf 90' lang='lat' dir='ltr'><strong>non</strong></span> <span class='ocrx_word' id='word_1_371' title='bbox 2655 2102 2915 2163; x_wconf 81' lang='lat' dir='ltr'><strong>expetere</strong></span> <span class='ocrx_word' id='word_1_372' title='bbox 2936 2108 3216 2157; x_wconf 81' lang='lat' dir='ltr'><strong>somnum,</strong></span> <span class='ocrx_word' id='word_1_373' title='bbox 3240 2100 3499 2160; x_wconf 87' lang='lat' dir='ltr'><strong>tanquam</strong></span> <span class='ocrx_word' id='word_1_374' title='bbox 3536 2089 3748 2161; x_wconf 80' lang='lat' dir='ltr'><strong>grande</strong></span> 
     </span>
    </p>
   </div>
   <div class='ocr_carea' id='block_1_48' title="bbox 2156 2183 3746 2260">
    <p class='ocr_par' dir='ltr' id='par_1_48' title="bbox 2156 2183 3746 2260">
     <span class='ocr_line' id='line_1_48' title="bbox 2156 2183 3746 2260; baseline -0.006 -15"><span class='ocrx_word' id='word_1_375' title='bbox 2156 2189 2366 2260; x_wconf 87' lang='lat' dir='ltr'><strong>aliquid</strong></span> <span class='ocrx_word' id='word_1_376' title='bbox 2396 2187 2551 2243; x_wconf 89' lang='lat' dir='ltr'><strong>carni</strong></span> <span class='ocrx_word' id='word_1_377' title='bbox 2598 2185 2805 2241; x_wconf 89' lang='lat' dir='ltr'><strong>Christi</strong></span> <span class='ocrx_word' id='word_1_378' title='bbox 2858 2185 3235 2256; x_wconf 86' lang='lat' dir='ltr'><strong>projiciamus.</strong></span> <span class='ocrx_word' id='word_1_379' title='bbox 3275 2183 3373 2238; x_wconf 89' lang='lat' dir='ltr'><strong>Hic</strong></span> <span class='ocrx_word' id='word_1_380' title='bbox 3419 2184 3568 2237; x_wconf 90' lang='lat' dir='ltr'><strong>enim</strong></span> <span class='ocrx_word' id='word_1_381' title='bbox 3616 2197 3746 2237; x_wconf 84' lang='lat' dir='ltr'><strong>vere</strong></span> 
     </span>
    </p>
   </div>
   <div class='ocr_carea' id='block_1_49' title="bbox 2157 2275 3747 2352">
    <p class='ocr_par' dir='ltr' id='par_1_49' title="bbox 2157 2275 3747 2352">
     <span class='ocr_line' id='line_1_49' title="bbox 2157 2275 3747 2352; baseline -0.007 -15"><span class='ocrx_word' id='word_1_382' title='bbox 2157 2283 2264 2338; x_wconf 91' lang='lat' dir='ltr'><strong>dici</strong></span> <span class='ocrx_word' id='word_1_383' title='bbox 2299 2290 2502 2352; x_wconf 85' lang='lat' dir='ltr'><strong>potest,</strong></span> <span class='ocrx_word' id='word_1_384' title='bbox 2534 2278 2709 2351; x_wconf 80' lang='lat' dir='ltr'><strong>gloria</strong></span> <span class='ocrx_word' id='word_1_385' title='bbox 2762 2279 2816 2332; x_wconf 91' lang='lat' dir='ltr'><strong>in</strong></span> <span class='ocrx_word' id='word_1_386' title='bbox 2870 2277 3199 2333; x_wconf 79' lang='lat' dir='ltr'><strong>confusione</strong></span> <span class='ocrx_word' id='word_1_387' title='bbox 3225 2291 3419 2331; x_wconf 91' lang='lat' dir='ltr'><strong>eorum</strong></span> <span class='ocrx_word' id='word_1_388' title='bbox 3443 2316 3457 2339; x_wconf 90' lang='lat'><strong>,</strong></span> <span class='ocrx_word' id='word_1_389' title='bbox 3509 2275 3606 2344; x_wconf 90' lang='lat' dir='ltr'><strong>qui</strong></span> <span class='ocrx_word' id='word_1_390' title='bbox 3647 2289 3747 2343; x_wconf 92' lang='lat' dir='ltr'><strong>per</strong></span> 
     </span>
    </p>
   </div>
   <div class='ocr_carea' id='block_1_50' title="bbox 2159 2369 3742 2431">
    <p class='ocr_par' dir='ltr' id='par_1_50' title="bbox 2159 2369 3742 2431">
     <span class='ocr_line' id='line_1_50' title="bbox 2159 2369 3742 2431; baseline -0.008 0"><span class='ocrx_word' id='word_1_391' title='bbox 2159 2378 2431 2431; x_wconf 86' lang='lat' dir='ltr'><strong>honorem</strong></span> <span class='ocrx_word' id='word_1_392' title='bbox 2476 2383 2535 2429; x_wconf 91' lang='lat' dir='ltr'><strong>et</strong></span> <span class='ocrx_word' id='word_1_393' title='bbox 2588 2388 2688 2428; x_wconf 87' lang='lat' dir='ltr'><strong>nos</strong></span> <span class='ocrx_word' id='word_1_394' title='bbox 2748 2381 2805 2427; x_wconf 86' lang='lat' dir='ltr'><strong>et</strong></span> <span class='ocrx_word' id='word_1_395' title='bbox 2851 2388 3075 2427; x_wconf 89' lang='lat' dir='ltr'><strong>carnem</strong></span> <span class='ocrx_word' id='word_1_396' title='bbox 3109 2370 3331 2425; x_wconf 88' lang='lat' dir='ltr'><strong>Domini</strong></span> <span class='ocrx_word' id='word_1_397' title='bbox 3365 2369 3742 2424; x_wconf 85' lang='lat' dir='ltr'><strong>inhonorant:</strong></span> 
     </span>
    </p>
   </div>
   <div class='ocr_carea' id='block_1_51' title="bbox 2157 2461 3746 2537">
    <p class='ocr_par' dir='ltr' id='par_1_51' title="bbox 2157 2461 3746 2537">
     <span class='ocr_line' id='line_1_51' title="bbox 2157 2461 3746 2537; baseline -0.009 -12"><span class='ocrx_word' id='word_1_398' title='bbox 2157 2483 2384 2526; x_wconf 86' lang='lat' dir='ltr'><strong>carnem</strong></span> <span class='ocrx_word' id='word_1_399' title='bbox 2412 2466 2527 2537; x_wconf 77' lang='grc'><strong>(55)</strong></span> <span class='ocrx_word' id='word_1_400' title='bbox 2565 2464 2792 2535; x_wconf 89' lang='lat' dir='ltr'><strong>quidem</strong></span> <span class='ocrx_word' id='word_1_401' title='bbox 2816 2464 3056 2528; x_wconf 88' lang='lat' dir='ltr'><strong>Domini,</strong></span> <span class='ocrx_word' id='word_1_402' title='bbox 3082 2478 3207 2518; x_wconf 88' lang='lat' dir='ltr'><strong>cum</strong></span> <span class='ocrx_word' id='word_1_403' title='bbox 3245 2477 3367 2517; x_wconf 87' lang='lat' dir='ltr'><strong>eam</strong></span> <span class='ocrx_word' id='word_1_404' title='bbox 3406 2461 3475 2515; x_wconf 85' lang='lat' dir='ltr'><strong>lis</strong></span> <span class='ocrx_word' id='word_1_405' title='bbox 3500 2474 3620 2529; x_wconf 66' lang='lat' dir='ltr'><strong>qua:</strong></span> <span class='ocrx_word' id='word_1_406' title='bbox 3643 2474 3746 2512; x_wconf 75' lang='lat' dir='ltr'><strong>no-</strong></span> 
     </span>
    </p>
   </div>
   <div class='ocr_carea' id='block_1_52' title="bbox 2160 2551 3747 2628">
    <p class='ocr_par' dir='ltr' id='par_1_52' title="bbox 2160 2551 3747 2628">
     <span class='ocr_line' id='line_1_52' title="bbox 2160 2551 3747 2628; baseline -0.008 -12"><span class='ocrx_word' id='word_1_407' title='bbox 2160 2571 2275 2616; x_wconf 88' lang='lat' dir='ltr'><strong>stra</strong></span> <span class='ocrx_word' id='word_1_408' title='bbox 2311 2569 2462 2621; x_wconf 84' lang='lat' dir='ltr'><strong>sunt,</strong></span> <span class='ocrx_word' id='word_1_409' title='bbox 2497 2558 2755 2628; x_wconf 78' lang='lat' dir='ltr'><strong>privant:</strong></span> <span class='ocrx_word' id='word_1_410' title='bbox 2792 2572 2896 2611; x_wconf 80' lang='lat' dir='ltr'><strong>nos</strong></span> <span class='ocrx_word' id='word_1_411' title='bbox 2923 2571 3079 2621; x_wconf 88' lang='lat' dir='ltr'><strong>vero,</strong></span> <span class='ocrx_word' id='word_1_412' title='bbox 3132 2570 3259 2609; x_wconf 87' lang='lat' dir='ltr'><strong>cum</strong></span> <span class='ocrx_word' id='word_1_413' title='bbox 3307 2553 3537 2617; x_wconf 83' lang='lat' dir='ltr'><strong>faciunt,</strong></span> <span class='ocrx_word' id='word_1_414' title='bbox 3582 2559 3643 2606; x_wconf 89' lang='lat' dir='ltr'><strong>ut</strong></span> <span class='ocrx_word' id='word_1_415' title='bbox 3678 2551 3747 2605; x_wconf 87' lang='lat' dir='ltr'><strong>ab</strong></span> 
     </span>
    </p>
   </div>
   <div class='ocr_carea' id='block_1_53' title="bbox 2160 2642 3749 2723">
    <p class='ocr_par' dir='ltr' id='par_1_53' title="bbox 2160 2642 3749 2723">
     <span class='ocr_line' id='line_1_53' title="bbox 2160 2642 3749 2723; baseline -0.008 -14"><span class='ocrx_word' id='word_1_416' title='bbox 2160 2654 2226 2709; x_wconf 88' lang='lat' dir='ltr'><strong>iis</strong></span> <span class='ocrx_word' id='word_1_417' title='bbox 2260 2667 2382 2723; x_wconf 82' lang='lat' dir='ltr'><strong>quae</strong></span> <span class='ocrx_word' id='word_1_418' title='bbox 2410 2651 2595 2705; x_wconf 91' lang='lat' dir='ltr'><strong>carnis</strong></span> <span class='ocrx_word' id='word_1_419' title='bbox 2617 2648 2838 2704; x_wconf 90' lang='lat' dir='ltr'><strong>Domini</strong></span> <span class='ocrx_word' id='word_1_420' title='bbox 2873 2656 3024 2712; x_wconf 85' lang='lat' dir='ltr'><strong>sunt,</strong></span> <span class='ocrx_word' id='word_1_421' title='bbox 3049 2646 3373 2703; x_wconf 86' lang='lat' dir='ltr'><strong>excidamus</strong></span> <span class='ocrx_word' id='word_1_422' title='bbox 3400 2662 3413 2699; x_wconf 88' lang='lat'>:</span> <span class='ocrx_word' id='word_1_423' title='bbox 3444 2660 3557 2698; x_wconf 91' lang='lat' dir='ltr'><strong>non</strong></span> <span class='ocrx_word' id='word_1_424' title='bbox 3598 2642 3749 2698; x_wconf 90' lang='lat' dir='ltr'><strong>enim</strong></span> 
     </span>
    </p>
   </div>
   <div class='ocr_carea' id='block_1_54' title="bbox 2160 2740 3749 2820">
    <p class='ocr_par' dir='ltr' id='par_1_54' title="bbox 2160 2740 3749 2820">
     <span class='ocr_line' id='line_1_54' title="bbox 2160 2740 3749 2820; baseline -0.006 -18"><span class='ocrx_word' id='word_1_425' title='bbox 2160 2747 2493 2820; x_wconf 81' lang='lat' dir='ltr'><strong>gloriﬁcabit</strong></span> <span class='ocrx_word' id='word_1_426' title='bbox 2533 2762 2647 2801; x_wconf 91' lang='lat' dir='ltr'><strong>non</strong></span> <span class='ocrx_word' id='word_1_427' title='bbox 2692 2746 3038 2819; x_wconf 89' lang='lat' dir='ltr'><strong>compatiens</strong></span> <span class='ocrx_word' id='word_1_428' title='bbox 3062 2787 3077 2811; x_wconf 95' lang='lat'><strong>,</strong></span> <span class='ocrx_word' id='word_1_429' title='bbox 3113 2760 3236 2815; x_wconf 79' lang='lat' dir='ltr'><strong>quae</strong></span> <span class='ocrx_word' id='word_1_430' title='bbox 3292 2759 3390 2814; x_wconf 87' lang='lat' dir='ltr'><strong>per</strong></span> <span class='ocrx_word' id='word_1_431' title='bbox 3431 2740 3749 2812; x_wconf 83' lang='lat' dir='ltr'><strong>passionem</strong></span> 
     </span>
    </p>
   </div>
   <div class='ocr_carea' id='block_1_55' title="bbox 2161 2841 2454 2915">
    <p class='ocr_par' dir='ltr' id='par_1_55' title="bbox 2161 2841 2454 2915">
     <span class='ocr_line' id='line_1_55' title="bbox 2161 2841 2454 2915; baseline -0.003 -20"><span class='ocrx_word' id='word_1_432' title='bbox 2161 2841 2454 2915; x_wconf 77' lang='lat' dir='ltr'><strong>gloriﬁcat.</strong></span> 
     </span>
    </p>
   </div>
   <div class='ocr_carea' id='block_1_56' title="bbox 2232 2967 3751 3047">
    <p class='ocr_par' dir='ltr' id='par_1_56' title="bbox 2232 2967 3751 3047">
     <span class='ocr_line' id='line_1_56' title="bbox 2232 2967 3751 3047; baseline -0.008 -14"><span class='ocrx_word' id='word_1_433' title='bbox 2232 2978 2299 3035; x_wconf 84' lang='grc' dir='ltr'>Η.</span> <span class='ocrx_word' id='word_1_434' title='bbox 2334 2977 2413 3034; x_wconf 86' lang='lat' dir='ltr'><strong>En</strong></span> <span class='ocrx_word' id='word_1_435' title='bbox 2444 2993 2613 3042; x_wconf 91' lang='lat' dir='ltr'><strong>nunc,</strong></span> <span class='ocrx_word' id='word_1_436' title='bbox 2664 2976 2867 3047; x_wconf 89' lang='lat' dir='ltr'><strong>inquit,</strong></span> <span class='ocrx_word' id='word_1_437' title='bbox 2918 2975 3117 3030; x_wconf 88' lang='lat' dir='ltr'><strong>nolens</strong></span> <span class='ocrx_word' id='word_1_438' title='bbox 3141 2969 3444 3028; x_wconf 81' lang='lat' dir='ltr'><strong>distinxisti</strong></span> <span class='ocrx_word' id='word_1_439' title='bbox 3474 2967 3751 3039; x_wconf 81' lang='lat' dir='ltr'><strong>corrupti-</strong></span> 
     </span>
    </p>
   </div>
   <div class='ocr_carea' id='block_1_57' title="bbox 2163 3062 3754 3141">
    <p class='ocr_par' dir='ltr' id='par_1_57' title="bbox 2163 3062 3754 3141">
     <span class='ocr_line' id='line_1_57' title="bbox 2163 3062 3754 3141; baseline -0.008 -15"><span class='ocrx_word' id='word_1_440' title='bbox 2163 3069 2275 3127; x_wconf 89' lang='lat' dir='ltr'><strong>bile</strong></span> <span class='ocrx_word' id='word_1_441' title='bbox 2306 3087 2335 3126; x_wconf 89' lang='lat' dir='ltr'><strong>a</strong></span> <span class='ocrx_word' id='word_1_442' title='bbox 2361 3069 2611 3141; x_wconf 89' lang='lat' dir='ltr'><strong>passibili</strong></span> <span class='ocrx_word' id='word_1_443' title='bbox 2647 3087 2661 3123; x_wconf 87' lang='lat'><strong>:</strong></span> <span class='ocrx_word' id='word_1_444' title='bbox 2692 3068 2982 3139; x_wconf 87' lang='lat' dir='ltr'><strong>patiuntur</strong></span> <span class='ocrx_word' id='word_1_445' title='bbox 3010 3064 3158 3121; x_wconf 90' lang='lat' dir='ltr'><strong>enim</strong></span> <span class='ocrx_word' id='word_1_446' title='bbox 3184 3064 3240 3120; x_wconf 92' lang='lat' dir='ltr'><strong>in</strong></span> <span class='ocrx_word' id='word_1_447' title='bbox 3272 3062 3522 3120; x_wconf 90' lang='lat' dir='ltr'><strong>cruciatu</strong></span> <span class='ocrx_word' id='word_1_448' title='bbox 3552 3075 3754 3130; x_wconf 86' lang='lat' dir='ltr'><strong>corpo-</strong></span> 
     </span>
    </p>
   </div>
   <div class='ocr_carea' id='block_1_58' title="bbox 2163 3156 3750 3232">
    <p class='ocr_par' dir='ltr' id='par_1_58' title="bbox 2163 3156 3750 3232">
     <span class='ocr_line' id='line_1_58' title="bbox 2163 3156 3750 3232; baseline -0.008 -16"><span class='ocrx_word' id='word_1_449' title='bbox 2163 3180 2223 3217; x_wconf 90' lang='lat' dir='ltr'><strong>ra</strong></span> <span class='ocrx_word' id='word_1_450' title='bbox 2258 3170 2610 3232; x_wconf 89' lang='lat' dir='ltr'><strong>peccatorum</strong></span> <span class='ocrx_word' id='word_1_451' title='bbox 2654 3174 2780 3215; x_wconf 90' lang='lat' dir='ltr'><strong>cum</strong></span> <span class='ocrx_word' id='word_1_452' title='bbox 2810 3158 2947 3229; x_wconf 88' lang='lat' dir='ltr'><strong>ipsis</strong></span> <span class='ocrx_word' id='word_1_453' title='bbox 2981 3156 3216 3223; x_wconf 87' lang='lat' dir='ltr'><strong>animis;</strong></span> <span class='ocrx_word' id='word_1_454' title='bbox 3268 3170 3380 3209; x_wconf 90' lang='lat' dir='ltr'><strong>non</strong></span> <span class='ocrx_word' id='word_1_455' title='bbox 3423 3162 3606 3207; x_wconf 87' lang='lat' dir='ltr'><strong>tamen</strong></span> <span class='ocrx_word' id='word_1_456' title='bbox 3650 3164 3750 3219; x_wconf 77' lang='lat' dir='ltr'><strong>pa-</strong></span> 
     </span>
    </p>
   </div>
   <div class='ocr_carea' id='block_1_59' title="bbox 2164 3243 3757 3317">
    <p class='ocr_par' dir='ltr' id='par_1_59' title="bbox 2164 3243 3757 3317">
     <span class='ocr_line' id='line_1_59' title="bbox 2164 3243 3757 3317; baseline -0.007 -10"><span class='ocrx_word' id='word_1_457' title='bbox 2164 3252 2392 3316; x_wconf 89' lang='lat' dir='ltr'><strong>tiendo,</strong></span> <span class='ocrx_word' id='word_1_458' title='bbox 2442 3260 2676 3307; x_wconf 89' lang='lat' dir='ltr'><strong>mortem</strong></span> <span class='ocrx_word' id='word_1_459' title='bbox 2729 3249 2817 3304; x_wconf 87' lang='lat' dir='ltr'><strong>vel</strong></span> <span class='ocrx_word' id='word_1_460' title='bbox 2866 3248 3153 3303; x_wconf 89' lang='lat' dir='ltr'><strong>interitum</strong></span> <span class='ocrx_word' id='word_1_461' title='bbox 3217 3246 3485 3317; x_wconf 86' lang='lat' dir='ltr'><strong>capient:</strong></span> <span class='ocrx_word' id='word_1_462' title='bbox 3524 3250 3586 3298; x_wconf 89' lang='lat' dir='ltr'><strong>ut</strong></span> <span class='ocrx_word' id='word_1_463' title='bbox 3618 3243 3757 3297; x_wconf 84' lang='lat' dir='ltr'><strong>hinc</strong></span> 
     </span>
    </p>
   </div>
   <div class='ocr_carea' id='block_1_60' title="bbox 469 3327 2059 3417">
    <p class='ocr_par' dir='ltr' id='par_1_60' title="bbox 469 3327 2058 3403">
     <span class='ocr_line' id='line_1_60' title="bbox 469 3327 2058 3403; baseline -0.002 -17"><span class='ocrx_word' id='word_1_464' title='bbox 469 3334 866 3387; x_wconf 82' lang='grc' dir='ltr'>ὐποπεσεϊται·</span> <span class='ocrx_word' id='word_1_465' title='bbox 917 3333 995 3396; x_wconf 86' lang='grc' dir='ltr'>ὡς</span> <span class='ocrx_word' id='word_1_466' title='bbox 1043 3330 1297 3385; x_wconf 78' lang='grc' dir='ltr'>ἐντεῦθεν</span> <span class='ocrx_word' id='word_1_467' title='bbox 1345 3329 1622 3403; x_wconf 80' lang='grc' dir='ltr'>γνώριμον</span> <span class='ocrx_word' id='word_1_468' title='bbox 1657 3327 1823 3397; x_wconf 75' lang='grc' dir='ltr'>εἷναι,</span> <span class='ocrx_word' id='word_1_469' title='bbox 1871 3332 1955 3385; x_wconf 85' lang='grc' dir='ltr'>ὅτι</span> <span class='ocrx_word' id='word_1_470' title='bbox 1997 3331 2058 3383; x_wconf 81' lang='grc' dir='ltr'><strong>οὐ</strong></span> 
     </span>
    </p>
   </div>
   <div class='ocr_carea' id='block_1_61' title="bbox 2159 3327 3752 3417">
    <p class='ocr_par' dir='ltr' id='par_1_61' title="bbox 2164 3336 3752 3417">
     <span class='ocr_line' id='line_1_61' title="bbox 2164 3336 3752 3417; baseline -0.009 -16"><span class='ocrx_word' id='word_1_471' title='bbox 2164 3352 2368 3417; x_wconf 90' lang='lat' dir='ltr'><strong>pateat,</strong></span> <span class='ocrx_word' id='word_1_472' title='bbox 2400 3360 2512 3400; x_wconf 88' lang='lat' dir='ltr'><strong>non</strong></span> <span class='ocrx_word' id='word_1_473' title='bbox 2546 3360 2669 3400; x_wconf 88' lang='lat' dir='ltr'><strong>esse</strong></span> <span class='ocrx_word' id='word_1_474' title='bbox 2694 3344 2840 3399; x_wconf 88' lang='lat' dir='ltr'><strong>idem</strong></span> <span class='ocrx_word' id='word_1_475' title='bbox 2876 3340 3243 3412; x_wconf 90' lang='lat' dir='ltr'><strong>corruptibile</strong></span> <span class='ocrx_word' id='word_1_476' title='bbox 3273 3348 3438 3408; x_wconf 87' lang='lat' dir='ltr'><strong>atque</strong></span> <span class='ocrx_word' id='word_1_477' title='bbox 3458 3336 3752 3407; x_wconf 78' lang='lat' dir='ltr'><strong>passibilc;</strong></span> 
     </span>
    </p>
   </div>
   <div class='ocr_carea' id='block_1_62' title="bbox 469 3424 2060 3497">
    <p class='ocr_par' dir='ltr' id='par_1_62' title="bbox 469 3424 2060 3497">
     <span class='ocr_line' id='line_1_62' title="bbox 469 3424 2060 3497; baseline -0.001 -18"><span class='ocrx_word' id='word_1_478' title='bbox 469 3426 671 3480; x_wconf 81' lang='grc' dir='ltr'>ταυτὸν</span> <span class='ocrx_word' id='word_1_479' title='bbox 711 3425 932 3497; x_wconf 76' lang='grc' dir='ltr'>ἐστιτῷ</span> <span class='ocrx_word' id='word_1_480' title='bbox 971 3425 1201 3496; x_wconf 82' lang='grc' dir='ltr'>παθητῷ</span> <span class='ocrx_word' id='word_1_481' title='bbox 1243 3425 1305 3478; x_wconf 70' lang='grc' dir='ltr'>τὸ</span> <span class='ocrx_word' id='word_1_482' title='bbox 1339 3424 1605 3495; x_wconf 76' lang='grc' dir='ltr'>φθαρτὸν,</span> <span class='ocrx_word' id='word_1_483' title='bbox 1639 3426 1799 3496; x_wconf 79' lang='grc' dir='ltr'>εἴπερ</span> <span class='ocrx_word' id='word_1_484' title='bbox 1831 3425 2060 3479; x_wconf 82' lang='grc' dir='ltr'>κάκεῖνα</span> 
     </span>
    </p>
   </div>
   <div class='ocr_carea' id='block_1_63' title="bbox 468 3516 1346 3591">
    <p class='ocr_par' dir='ltr' id='par_1_63' title="bbox 468 3516 1346 3591">
     <span class='ocr_line' id='line_1_63' title="bbox 468 3516 1346 3591; baseline 0 -18"><span class='ocrx_word' id='word_1_485' title='bbox 468 3520 670 3590; x_wconf 79' lang='grc' dir='ltr'>πάσχει</span> <span class='ocrx_word' id='word_1_486' title='bbox 702 3520 823 3591; x_wconf 81' lang='grc' dir='ltr'>μὲν,</span> <span class='ocrx_word' id='word_1_487' title='bbox 857 3520 918 3572; x_wconf 69' lang='grc' dir='ltr'>οὔ</span> <span class='ocrx_word' id='word_1_488' title='bbox 950 3518 1237 3591; x_wconf 75' lang='grc' dir='ltr'>φθείρεται</span> <span class='ocrx_word' id='word_1_489' title='bbox 1267 3516 1346 3573; x_wconf 81' lang='grc' dir='ltr'>δέ.</span> 
     </span>
    </p>
   </div>
   <div class='ocr_carea' id='block_1_64' title="bbox 541 3639 2056 3726">
    <p class='ocr_par' dir='ltr' id='par_1_64' title="bbox 541 3639 2056 3726">
     <span class='ocr_line' id='line_1_64' title="bbox 541 3639 2056 3726; baseline -0.001 -19"><span class='ocrx_word' id='word_1_490' title='bbox 541 3657 603 3708; x_wconf 90' lang='grc' dir='ltr'>Ο.</span> <span class='ocrx_word' id='word_1_491' title='bbox 642 3652 808 3719; x_wconf 81' lang='grc' dir='ltr'>Ἀλλ’,</span> <span class='ocrx_word' id='word_1_492' title='bbox 843 3646 889 3707; x_wconf 78' lang='grc' dir='ltr'><strong>ὦ</strong></span> <span class='ocrx_word' id='word_1_493' title='bbox 930 3639 1201 3723; x_wconf 80' lang='grc' dir='ltr'>βέλτιστε,</span> <span class='ocrx_word' id='word_1_494' title='bbox 1233 3649 1305 3726; x_wconf 79' lang='grc' dir='ltr'>ἦν</span> <span class='ocrx_word' id='word_1_495' title='bbox 1351 3654 1397 3708; x_wconf 83' lang='grc' dir='ltr'>δ’</span> <span class='ocrx_word' id='word_1_496' title='bbox 1430 3653 1565 3723; x_wconf 75' lang='grc' dir='ltr'>ἐγὼ,</span> <span class='ocrx_word' id='word_1_497' title='bbox 1595 3656 1658 3708; x_wconf 81' lang='grc' dir='ltr'><strong>οὐ</strong></span> <span class='ocrx_word' id='word_1_498' title='bbox 1693 3653 1855 3709; x_wconf 84' lang='grc' dir='ltr'>τοῦτό</span> <span class='ocrx_word' id='word_1_499' title='bbox 1888 3671 2056 3724; x_wconf 80' lang='grc' dir='ltr'>φημι,</span> 
     </span>
    </p>
   </div>
   <div class='ocr_carea' id='block_1_65' title="bbox 468 3746 2060 3818">
    <p class='ocr_par' dir='ltr' id='par_1_65' title="bbox 468 3746 2060 3818">
     <span class='ocr_line' id='line_1_65' title="bbox 468 3746 2060 3818; baseline -0.003 -15"><span class='ocrx_word' id='word_1_500' title='bbox 468 3748 554 3803; x_wconf 80' lang='grc' dir='ltr'>ὅτι</span> <span class='ocrx_word' id='word_1_501' title='bbox 585 3746 719 3800; x_wconf 76' lang='grc' dir='ltr'>ποτὲ</span> <span class='ocrx_word' id='word_1_502' title='bbox 750 3746 923 3810; x_wconf 84' lang='grc' dir='ltr'>πάθος</span> <span class='ocrx_word' id='word_1_503' title='bbox 954 3746 1259 3818; x_wconf 79' lang='grc' dir='ltr'>φθαρτικόν</span> <span class='ocrx_word' id='word_1_504' title='bbox 1288 3749 1407 3801; x_wconf 79' lang='grc' dir='ltr'>ἐστι</span> <span class='ocrx_word' id='word_1_505' title='bbox 1432 3746 1531 3800; x_wconf 82' lang='grc' dir='ltr'>τοῦ</span> <span class='ocrx_word' id='word_1_506' title='bbox 1558 3747 1888 3818; x_wconf 80' lang='grc' dir='ltr'>πάσχοντος,</span> <span class='ocrx_word' id='word_1_507' title='bbox 1923 3746 2060 3800; x_wconf 80' lang='grc' dir='ltr'>ἀλλὰ</span> 
     </span>
    </p>
   </div>
   <div class='ocr_carea' id='block_1_66' title="bbox 468 3837 2060 3910">
    <p class='ocr_par' dir='ltr' id='par_1_66' title="bbox 468 3837 2060 3910">
     <span class='ocr_line' id='line_1_66' title="bbox 468 3837 2060 3910; baseline -0.001 -17"><span class='ocrx_word' id='word_1_508' title='bbox 468 3840 539 3893; x_wconf 71' lang='grc' dir='ltr'>τὰ</span> <span class='ocrx_word' id='word_1_509' title='bbox 583 3840 765 3895; x_wconf 83' lang='grc' dir='ltr'>τοιάδε</span> <span class='ocrx_word' id='word_1_510' title='bbox 816 3839 915 3893; x_wconf 78' lang='grc' dir='ltr'><strong>καὶ</strong></span> <span class='ocrx_word' id='word_1_511' title='bbox 959 3838 1056 3893; x_wconf 78' lang='grc' dir='ltr'>τοῦ</span> <span class='ocrx_word' id='word_1_512' title='bbox 1089 3837 1325 3894; x_wconf 76' lang='grc' dir='ltr'>τοιοῦδε.</span> <span class='ocrx_word' id='word_1_513' title='bbox 1354 3838 1477 3892; x_wconf 80' lang='grc' dir='ltr'><strong>Τῶν</strong></span> <span class='ocrx_word' id='word_1_514' title='bbox 1510 3840 1569 3893; x_wconf 69' lang='grc' dir='ltr'>ἐν</span> <span class='ocrx_word' id='word_1_515' title='bbox 1596 3839 1722 3910; x_wconf 66' lang='grc' dir='ltr'>ᾅδου</span> <span class='ocrx_word' id='word_1_516' title='bbox 1750 3839 1936 3893; x_wconf 82' lang='grc' dir='ltr'>τοίνυν</span> <span class='ocrx_word' id='word_1_517' title='bbox 1964 3855 2060 3892; x_wconf 85' lang='grc' dir='ltr'>κο·-</span> 
     </span>
    </p>
   </div>
   <div class='ocr_carea' id='block_1_67' title="bbox 469 3930 2065 4003">
    <p class='ocr_par' dir='ltr' id='par_1_67' title="bbox 469 3930 2065 4003">
     <span class='ocr_line' id='line_1_67' title="bbox 469 3930 2065 4003; baseline -0.001 -19"><span class='ocrx_word' id='word_1_518' title='bbox 469 3931 703 3995; x_wconf 79' lang='grc' dir='ltr'>λάσεων,</span> <span class='ocrx_word' id='word_1_519' title='bbox 754 3932 851 3986; x_wconf 70' lang='grc' dir='ltr'><strong>καὶ</strong></span> <span class='ocrx_word' id='word_1_520' title='bbox 881 3932 984 4001; x_wconf 81' lang='grc' dir='ltr'><strong>τῆς</strong></span> <span class='ocrx_word' id='word_1_521' title='bbox 1023 3930 1085 3996; x_wconf 76' lang='grc' dir='ltr'>ἐξ</span> <span class='ocrx_word' id='word_1_522' title='bbox 1135 3930 1318 3985; x_wconf 80' lang='grc' dir='ltr'>αὐτῶν</span> <span class='ocrx_word' id='word_1_523' title='bbox 1341 3931 1636 4003; x_wconf 80' lang='grc' dir='ltr'>γινομένης</span> <span class='ocrx_word' id='word_1_524' title='bbox 1684 3932 1892 4001; x_wconf 78' lang='grc' dir='ltr'>πικρᾶς</span> <span class='ocrx_word' id='word_1_525' title='bbox 1941 3947 2065 3984; x_wconf 88' lang='grc' dir='ltr'>συν-</span> 
     </span>
    </p>
   </div>
   <div class='ocr_carea' id='block_1_68' title="bbox 471 4022 2065 4095">
    <p class='ocr_par' dir='ltr' id='par_1_68' title="bbox 471 4022 2065 4095">
     <span class='ocr_line' id='line_1_68' title="bbox 471 4022 2065 4095; baseline -0.002 -16"><span class='ocrx_word' id='word_1_526' title='bbox 471 4023 783 4095; x_wconf 76' lang='grc' dir='ltr'>αισθήσεως</span> <span class='ocrx_word' id='word_1_527' title='bbox 808 4065 825 4089; x_wconf 90' lang='grc'><strong>,</strong></span> <span class='ocrx_word' id='word_1_528' title='bbox 858 4024 963 4077; x_wconf 82' lang='grc' dir='ltr'><strong>οὐκ</strong></span> <span class='ocrx_word' id='word_1_529' title='bbox 1013 4022 1081 4076; x_wconf 80' lang='grc' dir='ltr'><strong>ἂν</strong></span> <span class='ocrx_word' id='word_1_530' title='bbox 1127 4024 1383 4094; x_wconf 80' lang='grc' dir='ltr'>εἴποιμεν</span> <span class='ocrx_word' id='word_1_531' title='bbox 1433 4023 1566 4078; x_wconf 85' lang='grc' dir='ltr'>ι’διον</span> <span class='ocrx_word' id='word_1_532' title='bbox 1597 4022 1660 4077; x_wconf 80' lang='grc' dir='ltr'><strong>τὸ</strong></span> <span class='ocrx_word' id='word_1_533' title='bbox 1690 4022 1936 4093; x_wconf 84' lang='grc' dir='ltr'>φθείρειν</span> <span class='ocrx_word' id='word_1_534' title='bbox 1964 4022 2065 4094; x_wconf 79' lang='grc' dir='ltr'>τὴν</span> 
     </span>
    </p>
   </div>
   <div class='ocr_carea' id='block_1_69' title="bbox 473 4114 2063 4188">
    <p class='ocr_par' dir='ltr' id='par_1_69' title="bbox 473 4114 2063 4188">
     <span class='ocr_line' id='line_1_69' title="bbox 473 4114 2063 4188; baseline -0.002 -18"><span class='ocrx_word' id='word_1_535' title='bbox 473 4116 849 4188; x_wconf 79' lang='grc' dir='ltr'>ὑποκειμένην</span> <span class='ocrx_word' id='word_1_536' title='bbox 892 4115 1080 4185; x_wconf 86' lang='grc' dir='ltr'>φύσιν·</span> <span class='ocrx_word' id='word_1_537' title='bbox 1121 4117 1172 4169; x_wconf 84' lang='grc' dir='ltr'><strong>εί</strong></span> <span class='ocrx_word' id='word_1_538' title='bbox 1198 4114 1308 4186; x_wconf 82' lang='grc' dir='ltr'><strong>γὰρ</strong></span> <span class='ocrx_word' id='word_1_539' title='bbox 1339 4115 1457 4169; x_wconf 76' lang='grc' dir='ltr'>ἔστι</span> <span class='ocrx_word' id='word_1_540' title='bbox 1491 4114 1847 4187; x_wconf 83' lang='grc' dir='ltr'>τολμήσαντα</span> <span class='ocrx_word' id='word_1_541' title='bbox 1864 4116 2063 4180; x_wconf 79' lang='grc' dir='ltr'>εἰπεῖν,</span> 
     </span>
    </p>
   </div>
   <div class='ocr_carea' id='block_1_70' title="bbox 471 4207 2068 4281">
    <p class='ocr_par' dir='ltr' id='par_1_70' title="bbox 471 4207 2068 4281">
     <span class='ocr_line' id='line_1_70' title="bbox 471 4207 2068 4281; baseline -0.002 -16"><span class='ocrx_word' id='word_1_542' title='bbox 471 4211 569 4265; x_wconf 51' lang='grc' dir='ltr'><strong>κοιλ⁷</strong></span> <span class='ocrx_word' id='word_1_543' title='bbox 597 4210 847 4263; x_wconf 80' lang='grc' dir='ltr'>συντελεῖ</span> <span class='ocrx_word' id='word_1_544' title='bbox 869 4226 922 4262; x_wconf 87' lang='grc' dir='ltr'><strong>τι</strong></span> <span class='ocrx_word' id='word_1_545' title='bbox 951 4207 1090 4279; x_wconf 74' lang='grc' dir='ltr'>πρὸς</span> <span class='ocrx_word' id='word_1_546' title='bbox 1119 4208 1222 4281; x_wconf 79' lang='grc' dir='ltr'>τὴν</span> <span class='ocrx_word' id='word_1_547' title='bbox 1247 4208 1445 4280; x_wconf 84' lang='grc' dir='ltr'>διαρκῆ</span> <span class='ocrx_word' id='word_1_548' title='bbox 1468 4208 1742 4279; x_wconf 71' lang='grc' dir='ltr'>ἐπιμονὴν</span> <span class='ocrx_word' id='word_1_549' title='bbox 1770 4208 1883 4262; x_wconf 84' lang='grc' dir='ltr'><strong>τῶν</strong></span> <span class='ocrx_word' id='word_1_550' title='bbox 1906 4208 2068 4262; x_wconf 83' lang='grc' dir='ltr'>κολα-</span> 
     </span>
    </p>
   </div>
   <div class='ocr_carea' id='block_1_71' title="bbox 472 4299 2067 4374">
    <p class='ocr_par' dir='ltr' id='par_1_71' title="bbox 472 4299 2067 4374">
     <span class='ocr_line' id='line_1_71' title="bbox 472 4299 2067 4374; baseline -0.002 -18"><span class='ocrx_word' id='word_1_551' title='bbox 472 4302 755 4374; x_wconf 76' lang='grc' dir='ltr'>ζομένωνο</span> <span class='ocrx_word' id='word_1_552' title='bbox 791 4299 893 4354; x_wconf 70' lang='lat' dir='ltr'><strong>tam</strong></span> <span class='ocrx_word' id='word_1_553' title='bbox 925 4300 970 4355; x_wconf 83' lang='grc' dir='ltr'>δ’</span> <span class='ocrx_word' id='word_1_554' title='bbox 1003 4300 1069 4355; x_wconf 84' lang='grc' dir='ltr'>ἄν</span> <span class='ocrx_word' id='word_1_555' title='bbox 1119 4318 1203 4364; x_wconf 85' lang='grc' dir='ltr'><strong>τις</strong></span> <span class='ocrx_word' id='word_1_556' title='bbox 1241 4300 1378 4355; x_wconf 77' lang='grc' dir='ltr'>αὐτὸ</span> <span class='ocrx_word' id='word_1_557' title='bbox 1428 4300 1594 4355; x_wconf 80' lang='grc' dir='ltr'>τοῦτο</span> <span class='ocrx_word' id='word_1_558' title='bbox 1627 4301 1926 4372; x_wconf 80' lang='grc' dir='ltr'>συμὸαἰνον</span> <span class='ocrx_word' id='word_1_559' title='bbox 1970 4301 2067 4354; x_wconf 69' lang='grc' dir='ltr'><strong>καὶ</strong></span> 
     </span>
    </p>
   </div>
   <div class='ocr_carea' id='block_1_72' title="bbox 472 4394 2068 4470">
    <p class='ocr_par' dir='ltr' id='par_1_72' title="bbox 472 4394 2068 4470">
     <span class='ocr_line' id='line_1_72' title="bbox 472 4394 2068 4470; baseline -0.006 -15"><span class='ocrx_word' id='word_1_560' title='bbox 472 4401 533 4454; x_wconf 69' lang='grc' dir='ltr'>ἐν</span> <span class='ocrx_word' id='word_1_561' title='bbox 562 4401 679 4463; x_wconf 77' lang='grc' dir='ltr'>τοῖς</span> <span class='ocrx_word' id='word_1_562' title='bbox 710 4399 986 4470; x_wconf 67' lang='grc' dir='ltr'>ἰατρικοῖς</span> <span class='ocrx_word' id='word_1_563' title='bbox 1038 4396 1379 4468; x_wconf 60' lang='grc' dir='ltr'>φαρμάκοις</span> <span class='ocrx_word' id='word_1_564' title='bbox 1423 4395 1598 4467; x_wconf 80' lang='grc' dir='ltr'>ἀναζῇ</span> <span class='ocrx_word' id='word_1_565' title='bbox 1650 4411 1713 4447; x_wconf 87' lang='grc' dir='ltr'><strong>τε</strong></span> <span class='ocrx_word' id='word_1_566' title='bbox 1741 4394 1852 4462; x_wconf 82' lang='grc' dir='ltr'><strong>γὰρ</strong></span> <span class='ocrx_word' id='word_1_567' title='bbox 1881 4394 2068 4447; x_wconf 76' lang='grc' dir='ltr'>ἐκεῖνα</span> 
     </span>
    </p>
   </div>
   <div class='ocr_carea' id='block_1_73' title="bbox 474 4485 2068 4560">
    <p class='ocr_par' dir='ltr' id='par_1_73' title="bbox 474 4485 2068 4560">
     <span class='ocr_line' id='line_1_73' title="bbox 474 4485 2068 4560; baseline -0.005 -14"><span class='ocrx_word' id='word_1_568' title='bbox 474 4492 573 4547; x_wconf 80' lang='grc' dir='ltr'>καὶ</span> <span class='ocrx_word' id='word_1_569' title='bbox 600 4490 905 4545; x_wconf 83' lang='grc' dir='ltr'>ἁναθὰλπει</span> <span class='ocrx_word' id='word_1_570' title='bbox 928 4488 1029 4560; x_wconf 82' lang='grc' dir='ltr'><strong>τὴν</strong></span> <span class='ocrx_word' id='word_1_571' title='bbox 1060 4487 1249 4558; x_wconf 75' lang='grc' dir='ltr'>φύσιν,</span> <span class='ocrx_word' id='word_1_572' title='bbox 1269 4488 1331 4542; x_wconf 82' lang='grc' dir='ltr'><strong>τὸ</strong></span> <span class='ocrx_word' id='word_1_573' title='bbox 1359 4486 1527 4559; x_wconf 80' lang='grc' dir='ltr'>βάθος</span> <span class='ocrx_word' id='word_1_574' title='bbox 1557 4485 1938 4559; x_wconf 78' lang='grc' dir='ltr'>κεντρίζοντα,</span> <span class='ocrx_word' id='word_1_575' title='bbox 1971 4485 2068 4539; x_wconf 53' lang='grc' dir='ltr'><strong>καὶ⁵</strong></span> 
     </span>
    </p>
   </div>
   <div class='ocr_carea' id='block_1_74' title="bbox 472 4579 2066 4657">
    <p class='ocr_par' dir='ltr' id='par_1_74' title="bbox 472 4579 2066 4657">
     <span class='ocr_line' id='line_1_74' title="bbox 472 4579 2066 4657; baseline -0.005 -18"><span class='ocrx_word' id='word_1_576' title='bbox 472 4583 574 4641; x_wconf 82' lang='grc' dir='ltr'><strong>οὐκ</strong></span> <span class='ocrx_word' id='word_1_577' title='bbox 607 4586 672 4657; x_wconf 74' lang='grc' dir='ltr'><strong>ἑᾷ</strong></span> <span class='ocrx_word' id='word_1_578' title='bbox 700 4586 769 4655; x_wconf 79' lang='grc' dir='ltr'>τῇ</span> <span class='ocrx_word' id='word_1_579' title='bbox 799 4581 1136 4654; x_wconf 76' lang='grc' dir='ltr'>ἀναισθησίᾳ</span> <span class='ocrx_word' id='word_1_580' title='bbox 1174 4580 1560 4654; x_wconf 81' lang='grc' dir='ltr'>μαραίνεσθαι,</span> <span class='ocrx_word' id='word_1_581' title='bbox 1609 4579 1749 4636; x_wconf 82' lang='grc' dir='ltr'><strong>ἀλλά</strong></span> <span class='ocrx_word' id='word_1_582' title='bbox 1794 4582 1860 4650; x_wconf 85' lang='grc' dir='ltr'>τῇ</span> <span class='ocrx_word' id='word_1_583' title='bbox 1905 4579 2066 4651; x_wconf 78' lang='grc' dir='ltr'>ὀδύνῃ</span> 
     </span>
    </p>
   </div>
   <div class='ocr_carea' id='block_1_75' title="bbox 2167 3432 3676 3506">
    <p class='ocr_par' dir='ltr' id='par_1_75' title="bbox 2167 3432 3676 3506">
     <span class='ocr_line' id='line_1_75' title="bbox 2167 3432 3676 3506; baseline -0.006 -16"><span class='ocrx_word' id='word_1_584' title='bbox 2167 3435 2443 3506; x_wconf 85' lang='lat' dir='ltr'><strong>siquidem</strong></span> <span class='ocrx_word' id='word_1_585' title='bbox 2471 3436 2564 3490; x_wconf 88' lang='lat' dir='ltr'><strong>iila</strong></span> <span class='ocrx_word' id='word_1_586' title='bbox 2595 3436 2908 3506; x_wconf 88' lang='lat' dir='ltr'><strong>patiuntur,</strong></span> <span class='ocrx_word' id='word_1_587' title='bbox 2946 3432 3043 3488; x_wconf 91' lang='lat' dir='ltr'><strong>sed</strong></span> <span class='ocrx_word' id='word_1_588' title='bbox 3072 3446 3186 3487; x_wconf 88' lang='lat' dir='ltr'><strong>non</strong></span> <span class='ocrx_word' id='word_1_589' title='bbox 3218 3438 3676 3499; x_wconf 91' lang='lat' dir='ltr'><strong>corrumpuntur.</strong></span> 
     </span>
    </p>
   </div>
   <div class='ocr_carea' id='block_1_76' title="bbox 2237 3646 3758 3728">
    <p class='ocr_par' dir='ltr' id='par_1_76' title="bbox 2237 3646 3758 3728">
     <span class='ocr_line' id='line_1_76' title="bbox 2237 3646 3758 3728; baseline -0.009 -12"><span class='ocrx_word' id='word_1_590' title='bbox 2237 3661 2304 3717; x_wconf 89' lang='grc' dir='ltr'>Ο.</span> <span class='ocrx_word' id='word_1_591' title='bbox 2336 3662 2428 3720; x_wconf 83' lang='lat' dir='ltr'><strong>At.</strong></span> <span class='ocrx_word' id='word_1_592' title='bbox 2456 3658 2680 3727; x_wconf 88' lang='lat' dir='ltr'><strong>inquam</strong></span> <span class='ocrx_word' id='word_1_593' title='bbox 2705 3671 2829 3728; x_wconf 86' lang='lat' dir='ltr'><strong>ego,</strong></span> <span class='ocrx_word' id='word_1_594' title='bbox 2862 3655 3009 3711; x_wconf 90' lang='lat' dir='ltr'><strong>bone</strong></span> <span class='ocrx_word' id='word_1_595' title='bbox 3032 3653 3140 3718; x_wconf 86' lang='lat' dir='ltr'><strong>vir,</strong></span> <span class='ocrx_word' id='word_1_596' title='bbox 3172 3668 3282 3707; x_wconf 88' lang='lat' dir='ltr'><strong>nou</strong></span> <span class='ocrx_word' id='word_1_597' title='bbox 3306 3651 3412 3706; x_wconf 85' lang='lat' dir='ltr'><strong>hoc</strong></span> <span class='ocrx_word' id='word_1_598' title='bbox 3433 3649 3577 3713; x_wconf 92' lang='lat' dir='ltr'><strong>dico,</strong></span> <span class='ocrx_word' id='word_1_599' title='bbox 3606 3646 3758 3718; x_wconf 88' lang='lat' dir='ltr'><strong>quod</strong></span> 
     </span>
    </p>
   </div>
   <div class='ocr_carea' id='block_1_77' title="bbox 2165 3740 3760 3820">
    <p class='ocr_par' dir='ltr' id='par_1_77' title="bbox 2165 3740 3760 3820">
     <span class='ocr_line' id='line_1_77' title="bbox 2165 3740 3760 3820; baseline -0.007 -16"><span class='ocrx_word' id='word_1_600' title='bbox 2165 3747 2350 3805; x_wconf 87' lang='lat' dir='ltr'><strong>omnis</strong></span> <span class='ocrx_word' id='word_1_601' title='bbox 2393 3747 2578 3820; x_wconf 89' lang='lat' dir='ltr'><strong>passio</strong></span> <span class='ocrx_word' id='word_1_602' title='bbox 2627 3747 2860 3801; x_wconf 89' lang='lat' dir='ltr'><strong>interire</strong></span> <span class='ocrx_word' id='word_1_603' title='bbox 2908 3745 3037 3800; x_wconf 87' lang='lat' dir='ltr'><strong>facit</strong></span> <span class='ocrx_word' id='word_1_604' title='bbox 3077 3743 3421 3814; x_wconf 88' lang='lat' dir='ltr'><strong>patientem;</strong></span> <span class='ocrx_word' id='word_1_605' title='bbox 3469 3740 3565 3796; x_wconf 87' lang='lat' dir='ltr'><strong>sed</strong></span> <span class='ocrx_word' id='word_1_606' title='bbox 3618 3740 3760 3795; x_wconf 68' lang='lat' dir='ltr'><strong>tales</strong></span> 
     </span>
    </p>
   </div>
   <div class='ocr_carea' id='block_1_78' title="bbox 2166 3831 3755 3913">
    <p class='ocr_par' dir='ltr' id='par_1_78' title="bbox 2166 3831 3755 3913">
     <span class='ocr_line' id='line_1_78' title="bbox 2166 3831 3755 3913; baseline -0.008 -16"><span class='ocrx_word' id='word_1_607' title='bbox 2166 3843 2454 3913; x_wconf 88' lang='lat' dir='ltr'><strong>passiones</strong></span> <span class='ocrx_word' id='word_1_608' title='bbox 2498 3849 2555 3897; x_wconf 90' lang='lat' dir='ltr'><strong>et</strong></span> <span class='ocrx_word' id='word_1_609' title='bbox 2594 3841 2781 3895; x_wconf 88' lang='lat' dir='ltr'><strong>talem.</strong></span> <span class='ocrx_word' id='word_1_610' title='bbox 2835 3836 3246 3909; x_wconf 87' lang='lat' dir='ltr'><strong>Suppliciorum</strong></span> <span class='ocrx_word' id='word_1_611' title='bbox 3300 3834 3468 3907; x_wconf 85' lang='lat' dir='ltr'><strong>igitur</strong></span> <span class='ocrx_word' id='word_1_612' title='bbox 3523 3848 3644 3904; x_wconf 77' lang='lat' dir='ltr'><strong>qua:</strong></span> <span class='ocrx_word' id='word_1_613' title='bbox 3697 3831 3755 3885; x_wconf 91' lang='lat' dir='ltr'><strong>in</strong></span> 
     </span>
    </p>
   </div>
   <div class='ocr_carea' id='block_1_79' title="bbox 2168 3931 3756 3998">
    <p class='ocr_par' dir='ltr' id='par_1_79' title="bbox 2168 3931 3756 3998">
     <span class='ocr_line' id='line_1_79' title="bbox 2168 3931 3756 3998; baseline -0.008 -8"><span class='ocrx_word' id='word_1_614' title='bbox 2168 3934 2366 3991; x_wconf 84' lang='lat' dir='ltr'><strong>inferis</strong></span> <span class='ocrx_word' id='word_1_615' title='bbox 2398 3942 2547 3998; x_wconf 88' lang='lat' dir='ltr'><strong>sunt,</strong></span> <span class='ocrx_word' id='word_1_616' title='bbox 2573 3942 2629 3989; x_wconf 90' lang='lat' dir='ltr'><strong>et</strong></span> <span class='ocrx_word' id='word_1_617' title='bbox 2655 3931 2839 3988; x_wconf 89' lang='lat' dir='ltr'><strong>acerbi</strong></span> <span class='ocrx_word' id='word_1_618' title='bbox 2865 3946 3063 3987; x_wconf 89' lang='lat' dir='ltr'><strong>sensus</strong></span> <span class='ocrx_word' id='word_1_619' title='bbox 3094 3944 3289 3986; x_wconf 91' lang='lat' dir='ltr'><strong>eorum</strong></span> <span class='ocrx_word' id='word_1_620' title='bbox 3337 3942 3448 3983; x_wconf 93' lang='lat' dir='ltr'><strong>non</strong></span> <span class='ocrx_word' id='word_1_621' title='bbox 3492 3932 3579 3981; x_wconf 88' lang='lat' dir='ltr'><strong>est</strong></span> <span class='ocrx_word' id='word_1_622' title='bbox 3606 3939 3756 3995; x_wconf 87' lang='lat' dir='ltr'><strong>pro-</strong></span> 
     </span>
    </p>
   </div>
   <div class='ocr_carea' id='block_1_80' title="bbox 2166 4017 3763 4099">
    <p class='ocr_par' dir='ltr' id='par_1_80' title="bbox 2166 4017 3763 4099">
     <span class='ocr_line' id='line_1_80' title="bbox 2166 4017 3763 4099; baseline -0.007 -18"><span class='ocrx_word' id='word_1_623' title='bbox 2166 4027 2350 4099; x_wconf 90' lang='lat' dir='ltr'><strong>prium</strong></span> <span class='ocrx_word' id='word_1_624' title='bbox 2390 4036 2646 4081; x_wconf 86' lang='lat' dir='ltr'><strong>naturam</strong></span> <span class='ocrx_word' id='word_1_625' title='bbox 2703 4024 3014 4095; x_wconf 88' lang='lat' dir='ltr'><strong>subjectam</strong></span> <span class='ocrx_word' id='word_1_626' title='bbox 3063 4036 3468 4091; x_wconf 89' lang='lat' dir='ltr'><strong>corrumpere:</strong></span> <span class='ocrx_word' id='word_1_627' title='bbox 3503 4018 3549 4074; x_wconf 92' lang='lat' dir='ltr'><strong>si</strong></span> <span class='ocrx_word' id='word_1_628' title='bbox 3601 4017 3763 4072; x_wconf 79' lang='lat' dir='ltr'><strong>enim</strong></span> 
     </span>
    </p>
   </div>
   <div class='ocr_carea' id='block_1_81' title="bbox 2167 4110 3762 4181">
    <p class='ocr_par' dir='ltr' id='par_1_81' title="bbox 2167 4110 3762 4181">
     <span class='ocr_line' id='line_1_81' title="bbox 2167 4110 3762 4181; baseline -0.007 -7"><span class='ocrx_word' id='word_1_629' title='bbox 2167 4121 2431 4176; x_wconf 88' lang='lat' dir='ltr'><strong>audacter</strong></span> <span class='ocrx_word' id='word_1_630' title='bbox 2458 4118 2757 4174; x_wconf 90' lang='lat' dir='ltr'><strong>dicendum</strong></span> <span class='ocrx_word' id='word_1_631' title='bbox 2796 4125 2921 4181; x_wconf 91' lang='lat' dir='ltr'><strong>est,</strong></span> <span class='ocrx_word' id='word_1_632' title='bbox 2975 4115 3273 4171; x_wconf 85' lang='lat' dir='ltr'><strong>conferunt</strong></span> <span class='ocrx_word' id='word_1_633' title='bbox 3319 4113 3486 4168; x_wconf 88' lang='lat' dir='ltr'><strong>etiam</strong></span> <span class='ocrx_word' id='word_1_634' title='bbox 3545 4110 3762 4181; x_wconf 79' lang='lat' dir='ltr'><strong>aliquid</strong></span> 
     </span>
    </p>
   </div>
   <div class='ocr_carea' id='block_1_82' title="bbox 2171 4202 3755 4279">
    <p class='ocr_par' dir='ltr' id='par_1_82' title="bbox 2171 4202 3755 4279">
     <span class='ocr_line' id='line_1_82' title="bbox 2171 4202 3755 4279; baseline -0.008 -11"><span class='ocrx_word' id='word_1_635' title='bbox 2171 4214 2332 4268; x_wconf 90' lang='lat' dir='ltr'><strong>tortis</strong></span> <span class='ocrx_word' id='word_1_636' title='bbox 2359 4223 2416 4268; x_wconf 91' lang='lat' dir='ltr'><strong>et</strong></span> <span class='ocrx_word' id='word_1_637' title='bbox 2448 4210 2714 4267; x_wconf 87' lang='lat' dir='ltr'><strong>cruciatis</strong></span> <span class='ocrx_word' id='word_1_638' title='bbox 2747 4209 2815 4265; x_wconf 89' lang='lat' dir='ltr'><strong>ad</strong></span> <span class='ocrx_word' id='word_1_639' title='bbox 2846 4207 3287 4279; x_wconf 86' lang='lat' dir='ltr'><strong>permanendum</strong></span> <span class='ocrx_word' id='word_1_640' title='bbox 3335 4212 3393 4260; x_wconf 84' lang='lat' dir='ltr'><strong>et</strong></span> <span class='ocrx_word' id='word_1_641' title='bbox 3444 4202 3755 4275; x_wconf 87' lang='lat' dir='ltr'><strong>perdurau-</strong></span> 
     </span>
    </p>
   </div>
   <div class='ocr_carea' id='block_1_83' title="bbox 2169 4294 3758 4372">
    <p class='ocr_par' dir='ltr' id='par_1_83' title="bbox 2169 4294 3758 4372">
     <span class='ocr_line' id='line_1_83' title="bbox 2169 4294 3758 4372; baseline -0.008 -12"><span class='ocrx_word' id='word_1_642' title='bbox 2169 4306 2302 4361; x_wconf 93' lang='lat' dir='ltr'><strong>dum</strong></span> <span class='ocrx_word' id='word_1_643' title='bbox 2330 4321 2344 4359; x_wconf 91' lang='lat'><strong>:</strong></span> <span class='ocrx_word' id='word_1_644' title='bbox 2375 4303 2567 4359; x_wconf 86' lang='lat' dir='ltr'><strong>videre</strong></span> <span class='ocrx_word' id='word_1_645' title='bbox 2593 4303 2763 4358; x_wconf 88' lang='lat' dir='ltr'><strong>etiam</strong></span> <span class='ocrx_word' id='word_1_646' title='bbox 2785 4301 2918 4356; x_wconf 88' lang='lat' dir='ltr'><strong>licet</strong></span> <span class='ocrx_word' id='word_1_647' title='bbox 2943 4297 3412 4372; x_wconf 86' lang='lat' dir='ltr'><strong>quemadmodum</strong></span> <span class='ocrx_word' id='word_1_648' title='bbox 3437 4296 3544 4350; x_wconf 89' lang='lat' dir='ltr'><strong>hoc</strong></span> <span class='ocrx_word' id='word_1_649' title='bbox 3573 4294 3758 4364; x_wconf 83' lang='lat' dir='ltr'><strong>ipsum</strong></span> 
     </span>
    </p>
   </div>
   <div class='ocr_carea' id='block_1_84' title="bbox 2169 4384 3763 4453">
    <p class='ocr_par' dir='ltr' id='par_1_84' title="bbox 2169 4384 3763 4453">
     <span class='ocr_line' id='line_1_84' title="bbox 2169 4384 3763 4453; baseline -0.009 0"><span class='ocrx_word' id='word_1_650' title='bbox 2169 4396 2396 4453; x_wconf 88' lang='lat' dir='ltr'><strong>eveniat</strong></span> <span class='ocrx_word' id='word_1_651' title='bbox 2421 4396 2478 4451; x_wconf 90' lang='lat' dir='ltr'><strong>in</strong></span> <span class='ocrx_word' id='word_1_652' title='bbox 2512 4393 2937 4451; x_wconf 88' lang='lat' dir='ltr'><strong>medicamentis</strong></span> <span class='ocrx_word' id='word_1_653' title='bbox 2965 4409 2980 4447; x_wconf 89' lang='lat'><strong>:</strong></span> <span class='ocrx_word' id='word_1_654' title='bbox 3010 4390 3219 4446; x_wconf 84' lang='lat' dir='ltr'><strong>faciunt</strong></span> <span class='ocrx_word' id='word_1_655' title='bbox 3242 4389 3391 4444; x_wconf 90' lang='lat' dir='ltr'><strong>enim</strong></span> <span class='ocrx_word' id='word_1_656' title='bbox 3416 4387 3508 4441; x_wconf 89' lang='lat' dir='ltr'><strong>illa</strong></span> <span class='ocrx_word' id='word_1_657' title='bbox 3548 4384 3763 4440; x_wconf 64' lang='lat' dir='ltr'><strong>revivi-v</strong></span> 
     </span>
    </p>
   </div>
   <div class='ocr_carea' id='block_1_85' title="bbox 2171 4478 3768 4555">
    <p class='ocr_par' dir='ltr' id='par_1_85' title="bbox 2171 4478 3768 4555">
     <span class='ocr_line' id='line_1_85' title="bbox 2171 4478 3768 4555; baseline -0.008 -11"><span class='ocrx_word' id='word_1_658' title='bbox 2171 4505 2368 4555; x_wconf 88' lang='lat' dir='ltr'><strong>scere,</strong></span> <span class='ocrx_word' id='word_1_659' title='bbox 2426 4497 2489 4555; x_wconf 88' lang='lat' dir='ltr'><strong>et</strong></span> <span class='ocrx_word' id='word_1_660' title='bbox 2554 4494 2813 4541; x_wconf 86' lang='lat' dir='ltr'><strong>naturam</strong></span> <span class='ocrx_word' id='word_1_661' title='bbox 2856 4484 3238 4550; x_wconf 84' lang='lat' dir='ltr'><strong>fovent,cum</strong></span> <span class='ocrx_word' id='word_1_662' title='bbox 3292 4479 3461 4551; x_wconf 83' lang='lat' dir='ltr'><strong>aliqui</strong></span> <span class='ocrx_word' id='word_1_663' title='bbox 3514 4479 3622 4534; x_wconf 89' lang='lat' dir='ltr'><strong>alte</strong></span> <span class='ocrx_word' id='word_1_664' title='bbox 3658 4478 3768 4532; x_wconf 56' lang='lat' dir='ltr'><strong>stic</strong></span> 
     </span>
    </p>
   </div>
   <div class='ocr_carea' id='block_1_86' title="bbox 2170 4571 3767 4652">
    <p class='ocr_par' dir='ltr' id='par_1_86' title="bbox 2170 4571 3767 4652">
     <span class='ocr_line' id='line_1_86' title="bbox 2170 4571 3767 4652; baseline -0.008 -14"><span class='ocrx_word' id='word_1_665' title='bbox 2170 4583 2385 4638; x_wconf 80' lang='lat' dir='ltr'><strong>malent</strong></span> <span class='ocrx_word' id='word_1_666' title='bbox 2446 4590 2506 4637; x_wconf 93' lang='lat' dir='ltr'><strong>et</strong></span> <span class='ocrx_word' id='word_1_667' title='bbox 2556 4587 2846 4652; x_wconf 81' lang='lat' dir='ltr'><strong>pungant,</strong></span> <span class='ocrx_word' id='word_1_668' title='bbox 2902 4594 3007 4634; x_wconf 92' lang='lat' dir='ltr'><strong>nec</strong></span> <span class='ocrx_word' id='word_1_669' title='bbox 3066 4578 3254 4634; x_wconf 89' lang='lat' dir='ltr'><strong>sinant</strong></span> <span class='ocrx_word' id='word_1_670' title='bbox 3298 4591 3401 4630; x_wconf 90' lang='lat' dir='ltr'><strong>nos</strong></span> <span class='ocrx_word' id='word_1_671' title='bbox 3466 4571 3767 4628; x_wconf 83' lang='lat' dir='ltr'><strong>sentiendo</strong></span> 
     </span>
    </p>
   </div>
   <div class='ocr_carea' id='block_1_87' title="bbox 472 4663 2059 4751">
    <p class='ocr_par' dir='ltr' id='par_1_87' title="bbox 472 4669 2059 4749">
     <span class='ocr_line' id='line_1_87' title="bbox 472 4669 2059 4749; baseline -0.005 -17"><span class='ocrx_word' id='word_1_672' title='bbox 472 4679 756 4749; x_wconf 80' lang='grc' dir='ltr'>συντηρεϊ,</span> <span class='ocrx_word' id='word_1_673' title='bbox 786 4676 885 4731; x_wconf 71' lang='grc' dir='ltr'>καὶ</span> <span class='ocrx_word' id='word_1_674' title='bbox 910 4676 990 4744; x_wconf 81' lang='grc' dir='ltr'><strong>τῷ</strong></span> <span class='ocrx_word' id='word_1_675' title='bbox 1015 4675 1233 4728; x_wconf 85' lang='grc' dir='ltr'>διακαεῖ</span> <span class='ocrx_word' id='word_1_676' title='bbox 1263 4673 1547 4728; x_wconf 87' lang='grc' dir='ltr'>συντονίαν</span> <span class='ocrx_word' id='word_1_677' title='bbox 1575 4673 1700 4741; x_wconf 78' lang='grc' dir='ltr'>ἄγει</span> <span class='ocrx_word' id='word_1_678' title='bbox 1723 4673 1818 4727; x_wconf 74' lang='grc' dir='ltr'>καὶ</span> <span class='ocrx_word' id='word_1_679' title='bbox 1842 4669 2059 4725; x_wconf 81' lang='grc' dir='ltr'>πύκνω-</span> 
     </span>
    </p>
   </div>
   <div class='ocr_carea' id='block_1_88' title="bbox 2159 4663 3765 4751">
    <p class='ocr_par' dir='ltr' id='par_1_88' title="bbox 2171 4663 3765 4751">
     <span class='ocr_line' id='line_1_88' title="bbox 2171 4663 3765 4751; baseline -0.008 -21"><span class='ocrx_word' id='word_1_680' title='bbox 2171 4690 2539 4741; x_wconf 83' lang='lat' dir='ltr'><strong>marcescere,</strong></span> <span class='ocrx_word' id='word_1_681' title='bbox 2563 4673 2660 4730; x_wconf 88' lang='lat' dir='ltr'><strong>sed</strong></span> <span class='ocrx_word' id='word_1_682' title='bbox 2683 4672 2873 4744; x_wconf 89' lang='lat' dir='ltr'><strong>potius</strong></span> <span class='ocrx_word' id='word_1_683' title='bbox 2890 4671 3081 4751; x_wconf 90' lang='lat' dir='ltr'><strong>dolore</strong></span> <span class='ocrx_word' id='word_1_684' title='bbox 3103 4675 3457 4746; x_wconf 83' lang='lat' dir='ltr'><strong>conservent,</strong></span> <span class='ocrx_word' id='word_1_685' title='bbox 3475 4674 3531 4720; x_wconf 91' lang='lat' dir='ltr'><strong>et</strong></span> <span class='ocrx_word' id='word_1_686' title='bbox 3549 4663 3765 4719; x_wconf 77' lang='lat' dir='ltr'><strong>urendo</strong></span> 
     </span>
    </p>
   </div>
   <div class='ocr_carea' id='block_1_89' title="bbox 475 4764 2065 4840">
    <p class='ocr_par' dir='ltr' id='par_1_89' title="bbox 475 4764 2065 4840">
     <span class='ocr_line' id='line_1_89' title="bbox 475 4764 2065 4840; baseline -0.004 -16"><span class='ocrx_word' id='word_1_687' title='bbox 475 4787 583 4824; x_wconf 82' lang='grc' dir='ltr'>σιν.</span> <span class='ocrx_word' id='word_1_688' title='bbox 611 4771 694 4824; x_wconf 76' lang='grc' dir='ltr'><strong>Τὰ</strong></span> <span class='ocrx_word' id='word_1_689' title='bbox 728 4771 789 4823; x_wconf 77' lang='grc' dir='ltr'>δὲ</span> <span class='ocrx_word' id='word_1_690' title='bbox 819 4769 1142 4840; x_wconf 85' lang='grc' dir='ltr'>ἀνθρώπινα</span> <span class='ocrx_word' id='word_1_691' title='bbox 1165 4766 1314 4837; x_wconf 83' lang='grc' dir='ltr'>πάθη</span> <span class='ocrx_word' id='word_1_692' title='bbox 1342 4766 1437 4819; x_wconf 71' lang='grc' dir='ltr'><strong>καὶ</strong></span> <span class='ocrx_word' id='word_1_693' title='bbox 1468 4764 1679 4837; x_wconf 76' lang='grc' dir='ltr'>φυσικὰ</span> <span class='ocrx_word' id='word_1_694' title='bbox 1708 4765 1811 4834; x_wconf 81' lang='grc' dir='ltr'>τῆς</span> <span class='ocrx_word' id='word_1_695' title='bbox 1840 4765 2065 4835; x_wconf 82' lang='grc' dir='ltr'>σαρκὸς,</span> 
     </span>
    </p>
   </div>
   <div class='ocr_carea' id='block_1_90' title="bbox 2174 4748 3762 4825">
    <p class='ocr_par' dir='ltr' id='par_1_90' title="bbox 2174 4748 3762 4825">
     <span class='ocr_line' id='line_1_90' title="bbox 2174 4748 3762 4825; baseline -0.009 -1"><span class='ocrx_word' id='word_1_696' title='bbox 2174 4768 2545 4825; x_wconf 88' lang='lat' dir='ltr'><strong>corroborent</strong></span> <span class='ocrx_word' id='word_1_697' title='bbox 2597 4774 2656 4823; x_wconf 89' lang='lat' dir='ltr'><strong>et</strong></span> <span class='ocrx_word' id='word_1_698' title='bbox 2687 4748 2944 4822; x_wconf 74' lang='lat' dir='ltr'><strong>denseth</strong></span> <span class='ocrx_word' id='word_1_699' title='bbox 2984 4763 3253 4819; x_wconf 77' lang='lat' dir='ltr'><strong>llumanae</strong></span> <span class='ocrx_word' id='word_1_700' title='bbox 3280 4775 3413 4815; x_wconf 88' lang='lat' dir='ltr'><strong>vero</strong></span> <span class='ocrx_word' id='word_1_701' title='bbox 3446 4768 3503 4814; x_wconf 89' lang='lat' dir='ltr'><strong>et</strong></span> <span class='ocrx_word' id='word_1_702' title='bbox 3533 4766 3762 4813; x_wconf 84' lang='lat' dir='ltr'><strong>natura-</strong></span> 
     </span>
    </p>
   </div>
   <div class='ocr_carea' id='block_1_91' title="bbox 472 4848 2059 4935">
    <p class='ocr_par' dir='ltr' id='par_1_91' title="bbox 472 4853 2059 4935">
     <span class='ocr_line' id='line_1_91' title="bbox 472 4853 2059 4935; baseline -0.004 -16"><span class='ocrx_word' id='word_1_703' title='bbox 472 4865 623 4935; x_wconf 79' lang='grc' dir='ltr'>ᾰπερ</span> <span class='ocrx_word' id='word_1_704' title='bbox 656 4866 686 4919; x_wconf 84' lang='grc' dir='ltr'>ὁ</span> <span class='ocrx_word' id='word_1_705' title='bbox 723 4863 931 4935; x_wconf 76' lang='grc' dir='ltr'>Κύριος</span> <span class='ocrx_word' id='word_1_706' title='bbox 980 4859 1334 4928; x_wconf 76' lang='grc' dir='ltr'>κατεδέξατο,</span> <span class='ocrx_word' id='word_1_707' title='bbox 1394 4859 1606 4929; x_wconf 77' lang='grc' dir='ltr'>πέφυκέ</span> <span class='ocrx_word' id='word_1_708' title='bbox 1654 4876 1773 4922; x_wconf 88' lang='grc' dir='ltr'>πως</span> <span class='ocrx_word' id='word_1_709' title='bbox 1822 4853 1928 4913; x_wconf 63' lang='grc' dir='ltr'><strong>καῖ</strong></span> <span class='ocrx_word' id='word_1_710' title='bbox 1964 4858 2059 4928; x_wconf 84' lang='grc' dir='ltr'>τὴν</span> 
     </span>
    </p>
   </div>
   <div class='ocr_carea' id='block_1_92' title="bbox 2159 4848 3761 4935">
    <p class='ocr_par' dir='ltr' id='par_1_92' title="bbox 2173 4848 3761 4928">
     <span class='ocr_line' id='line_1_92' title="bbox 2173 4848 3761 4928; baseline -0.008 -16"><span class='ocrx_word' id='word_1_711' title='bbox 2173 4858 2255 4913; x_wconf 91' lang='lat' dir='ltr'><strong>les</strong></span> <span class='ocrx_word' id='word_1_712' title='bbox 2287 4856 2571 4928; x_wconf 88' lang='lat' dir='ltr'><strong>passiones</strong></span> <span class='ocrx_word' id='word_1_713' title='bbox 2618 4855 2806 4912; x_wconf 89' lang='lat' dir='ltr'><strong>carnis</strong></span> <span class='ocrx_word' id='word_1_714' title='bbox 2851 4870 2991 4925; x_wconf 88' lang='lat' dir='ltr'><strong>quas</strong></span> <span class='ocrx_word' id='word_1_715' title='bbox 3020 4852 3291 4908; x_wconf 90' lang='lat' dir='ltr'><strong>Dominus</strong></span> <span class='ocrx_word' id='word_1_716' title='bbox 3322 4848 3588 4918; x_wconf 89' lang='lat' dir='ltr'><strong>suscepit,</strong></span> <span class='ocrx_word' id='word_1_717' title='bbox 3619 4863 3761 4917; x_wconf 89' lang='lat' dir='ltr'><strong>quo-</strong></span> 
     </span>
    </p>
   </div>
   <div class='ocr_carea' id='block_1_93' title="bbox 475 4939 2059 5028">
    <p class='ocr_par' dir='ltr' id='par_1_93' title="bbox 475 4951 2059 5028">
     <span class='ocr_line' id='line_1_93' title="bbox 475 4951 2059 5028; baseline -0.003 -18"><span class='ocrx_word' id='word_1_718' title='bbox 475 4956 658 5028; x_wconf 78' lang='grc' dir='ltr'>σὰρκα</span> <span class='ocrx_word' id='word_1_719' title='bbox 704 4954 1148 5028; x_wconf 82' lang='grc' dir='ltr'>καταμαραίνειν</span> <span class='ocrx_word' id='word_1_720' title='bbox 1169 4993 1187 5019; x_wconf 91' lang='grc'><strong>,</strong></span> <span class='ocrx_word' id='word_1_721' title='bbox 1219 4951 1427 5008; x_wconf 78' lang='grc' dir='ltr'>κοποῦν</span> <span class='ocrx_word' id='word_1_722' title='bbox 1468 4970 1527 5006; x_wconf 82' lang='grc' dir='ltr'><strong>τε</strong></span> <span class='ocrx_word' id='word_1_723' title='bbox 1561 4951 1736 5024; x_wconf 81' lang='grc' dir='ltr'>αὐτὴν</span> <span class='ocrx_word' id='word_1_724' title='bbox 1765 4952 1858 5007; x_wconf 77' lang='grc' dir='ltr'><strong>καὶ</strong></span> <span class='ocrx_word' id='word_1_725' title='bbox 1884 4952 2059 5022; x_wconf 78' lang='grc' dir='ltr'>ἀνιᾷν,</span> 
     </span>
    </p>
   </div>
   <div class='ocr_carea' id='block_1_94' title="bbox 2159 4939 3767 5028">
    <p class='ocr_par' dir='ltr' id='par_1_94' title="bbox 2175 4939 3767 5016">
     <span class='ocr_line' id='line_1_94' title="bbox 2175 4939 3767 5016; baseline -0.012 -9"><span class='ocrx_word' id='word_1_726' title='bbox 2175 4949 2475 5007; x_wconf 88' lang='lat' dir='ltr'><strong>dammodo</strong></span> <span class='ocrx_word' id='word_1_727' title='bbox 2499 4958 2663 5006; x_wconf 89' lang='lat' dir='ltr'><strong>erant</strong></span> <span class='ocrx_word' id='word_1_728' title='bbox 2686 4956 2885 5004; x_wconf 85' lang='lat' dir='ltr'><strong>natura</strong></span> <span class='ocrx_word' id='word_1_729' title='bbox 2920 4955 3062 5016; x_wconf 66' lang='lat' dir='ltr'><strong>apta:</strong></span> <span class='ocrx_word' id='word_1_730' title='bbox 3104 4943 3175 4999; x_wconf 87' lang='lat' dir='ltr'><strong>ad</strong></span> <span class='ocrx_word' id='word_1_731' title='bbox 3205 4939 3609 4998; x_wconf 88' lang='lat' dir='ltr'><strong>dcbilitandum</strong></span> <span class='ocrx_word' id='word_1_732' title='bbox 3641 4951 3767 4991; x_wconf 84' lang='lat' dir='ltr'><strong>car-</strong></span> 
     </span>
    </p>
   </div>
   <div class='ocr_carea' id='block_1_95' title="bbox 471 5033 2059 5120">
    <p class='ocr_par' dir='ltr' id='par_1_95' title="bbox 471 5045 2059 5120">
     <span class='ocr_line' id='line_1_95' title="bbox 471 5045 2059 5120; baseline -0.004 -17"><span class='ocrx_word' id='word_1_733' title='bbox 471 5051 569 5104; x_wconf 78' lang='grc' dir='ltr'><strong>καὶ</strong></span> <span class='ocrx_word' id='word_1_734' title='bbox 602 5049 759 5112; x_wconf 71' lang='grc' dir='ltr'>τέλος</span> <span class='ocrx_word' id='word_1_735' title='bbox 795 5048 1057 5113; x_wconf 78' lang='grc' dir='ltr'>διαλύειν,</span> <span class='ocrx_word' id='word_1_736' title='bbox 1082 5048 1112 5102; x_wconf 80' lang='grc' dir='ltr'><strong><em>ὃ</em></strong></span> <span class='ocrx_word' id='word_1_737' title='bbox 1138 5048 1203 5120; x_wconf 83' lang='grc' dir='ltr'>δὴ</span> <span class='ocrx_word' id='word_1_738' title='bbox 1232 5045 1457 5116; x_wconf 75' lang='grc' dir='ltr'>γεγονὸς</span> <span class='ocrx_word' id='word_1_739' title='bbox 1492 5046 1588 5100; x_wconf 70' lang='grc' dir='ltr'><strong>καὶ</strong></span> <span class='ocrx_word' id='word_1_740' title='bbox 1623 5045 1765 5101; x_wconf 80' lang='grc' dir='ltr'>κατὰ</span> <span class='ocrx_word' id='word_1_741' title='bbox 1784 5045 1877 5099; x_wconf 81' lang='grc' dir='ltr'><strong>τὸν</strong></span> <span class='ocrx_word' id='word_1_742' title='bbox 1903 5062 2059 5098; x_wconf 90' lang='grc' dir='ltr'>σταυ-</span> 
     </span>
    </p>
   </div>
   <div class='ocr_carea' id='block_1_96' title="bbox 2159 5033 3763 5120">
    <p class='ocr_par' dir='ltr' id='par_1_96' title="bbox 2173 5033 3763 5114">
     <span class='ocr_line' id='line_1_96' title="bbox 2173 5033 3763 5114; baseline -0.011 -13"><span class='ocrx_word' id='word_1_743' title='bbox 2173 5061 2303 5100; x_wconf 90' lang='lat' dir='ltr'><strong>nem</strong></span> <span class='ocrx_word' id='word_1_744' title='bbox 2328 5085 2343 5110; x_wconf 91' lang='lat'><strong>,</strong></span> <span class='ocrx_word' id='word_1_745' title='bbox 2372 5053 2430 5100; x_wconf 88' lang='lat' dir='ltr'><strong>et</strong></span> <span class='ocrx_word' id='word_1_746' title='bbox 2458 5042 2869 5114; x_wconf 88' lang='lat' dir='ltr'><strong>defatigandum</strong></span> <span class='ocrx_word' id='word_1_747' title='bbox 2892 5081 2906 5107; x_wconf 93' lang='lat'><strong>,</strong></span> <span class='ocrx_word' id='word_1_748' title='bbox 2962 5055 3028 5095; x_wconf 91' lang='lat' dir='ltr'><strong>ac</strong></span> <span class='ocrx_word' id='word_1_749' title='bbox 3056 5039 3246 5095; x_wconf 90' lang='lat' dir='ltr'><strong>dolore</strong></span> <span class='ocrx_word' id='word_1_750' title='bbox 3272 5033 3652 5096; x_wconf 75' lang='lat' dir='ltr'><strong>afﬁciendum,</strong></span> <span class='ocrx_word' id='word_1_751' title='bbox 3702 5038 3763 5085; x_wconf 80' lang='lat' dir='ltr'><strong>et</strong></span> 
     </span>
    </p>
   </div>
   <div class='ocr_carea' id='block_1_97' title="bbox 475 5126 2059 5209">
    <p class='ocr_par' dir='ltr' id='par_1_97' title="bbox 475 5135 2059 5209">
     <span class='ocr_line' id='line_1_97' title="bbox 475 5135 2059 5209; baseline -0.002 -18"><span class='ocrx_word' id='word_1_752' title='bbox 475 5137 571 5209; x_wconf 74' lang='grc' dir='ltr'><strong>ρον</strong></span> <span class='ocrx_word' id='word_1_753' title='bbox 600 5138 870 5207; x_wconf 68' lang='grc' dir='ltr'>ἔγνωμεν.</span> <span class='ocrx_word' id='word_1_754' title='bbox 895 5139 975 5209; x_wconf 77' lang='grc' dir='ltr'>Τῇ</span> <span class='ocrx_word' id='word_1_755' title='bbox 1003 5137 1062 5192; x_wconf 75' lang='grc' dir='ltr'>δὲ</span> <span class='ocrx_word' id='word_1_756' title='bbox 1105 5137 1351 5192; x_wconf 82' lang='grc' dir='ltr'>διαλύσει</span> <span class='ocrx_word' id='word_1_757' title='bbox 1385 5137 1510 5191; x_wconf 83' lang='grc' dir='ltr'>ὅσον</span> <span class='ocrx_word' id='word_1_758' title='bbox 1548 5154 1614 5205; x_wconf 85' lang='grc' dir='ltr'>γε</span> <span class='ocrx_word' id='word_1_759' title='bbox 1654 5136 1747 5189; x_wconf 79' lang='grc' dir='ltr'><strong>ἐπὶ</strong></span> <span class='ocrx_word' id='word_1_760' title='bbox 1778 5138 1846 5208; x_wconf 74' lang='grc' dir='ltr'>τῇ</span> <span class='ocrx_word' id='word_1_761' title='bbox 1882 5135 2059 5204; x_wconf 78' lang='grc' dir='ltr'>φύσει,</span> 
     </span>
    </p>
   </div>
   <div class='ocr_carea' id='block_1_98' title="bbox 2159 5126 3760 5209">
    <p class='ocr_par' dir='ltr' id='par_1_98' title="bbox 2177 5126 3760 5207">
     <span class='ocr_line' id='line_1_98' title="bbox 2177 5126 3760 5207; baseline -0.009 -15"><span class='ocrx_word' id='word_1_762' title='bbox 2177 5135 2418 5207; x_wconf 81' lang='lat' dir='ltr'><strong>denique</strong></span> <span class='ocrx_word' id='word_1_763' title='bbox 2449 5134 2517 5191; x_wconf 90' lang='lat' dir='ltr'><strong>ad</strong></span> <span class='ocrx_word' id='word_1_764' title='bbox 2551 5134 3003 5199; x_wconf 83' lang='lat' dir='ltr'><strong>dissolvendum;</strong></span> <span class='ocrx_word' id='word_1_765' title='bbox 3060 5130 3209 5201; x_wconf 89' lang='lat' dir='ltr'><strong>quod</strong></span> <span class='ocrx_word' id='word_1_766' title='bbox 3242 5128 3467 5199; x_wconf 91' lang='lat' dir='ltr'><strong>quidem</strong></span> <span class='ocrx_word' id='word_1_767' title='bbox 3502 5126 3556 5180; x_wconf 91' lang='lat' dir='ltr'><strong>in</strong></span> <span class='ocrx_word' id='word_1_768' title='bbox 3593 5140 3760 5180; x_wconf 90' lang='lat' dir='ltr'><strong>cruce</strong></span> 
     </span>
    </p>
   </div>
   <div class='ocr_carea' id='block_1_99' title="bbox 474 5223 2059 5300">
    <p class='ocr_par' dir='ltr' id='par_1_99' title="bbox 474 5225 2059 5300">
     <span class='ocr_line' id='line_1_99' title="bbox 474 5225 2059 5300; baseline -0.001 -17"><span class='ocrx_word' id='word_1_769' title='bbox 474 5229 569 5283; x_wconf 72' lang='grc' dir='ltr'>καὶ</span> <span class='ocrx_word' id='word_1_770' title='bbox 592 5230 655 5283; x_wconf 75' lang='grc' dir='ltr'>τὸ</span> <span class='ocrx_word' id='word_1_771' title='bbox 689 5228 969 5300; x_wconf 71' lang='grc' dir='ltr'>φθαρῆναι</span> <span class='ocrx_word' id='word_1_772' title='bbox 998 5229 1215 5284; x_wconf 65' lang='grc' dir='ltr'>ἕπεται.</span> <span class='ocrx_word' id='word_1_773' title='bbox 1243 5227 1326 5283; x_wconf 79' lang='grc' dir='ltr'><strong>Τὰ</strong></span> <span class='ocrx_word' id='word_1_774' title='bbox 1354 5228 1537 5283; x_wconf 90' lang='grc' dir='ltr'>τοίνυν</span> <span class='ocrx_word' id='word_1_775' title='bbox 1562 5225 1887 5299; x_wconf 80' lang='grc' dir='ltr'>ἀνθρώπινα</span> <span class='ocrx_word' id='word_1_776' title='bbox 1914 5226 2059 5299; x_wconf 84' lang='grc' dir='ltr'>πάθη</span> 
     </span>
    </p>
   </div>
   <div class='ocr_carea' id='block_1_100' title="bbox 2159 5223 3764 5300">
    <p class='ocr_par' dir='ltr' id='par_1_100' title="bbox 2170 5223 3764 5298">
     <span class='ocr_line' id='line_1_100' title="bbox 2170 5223 3764 5298; baseline -0.009 -14"><span class='ocrx_word' id='word_1_777' title='bbox 2170 5228 2379 5284; x_wconf 87' lang='lat' dir='ltr'><strong>factum</strong></span> <span class='ocrx_word' id='word_1_778' title='bbox 2401 5243 2524 5285; x_wconf 83' lang='lat' dir='ltr'><strong>esse</strong></span> <span class='ocrx_word' id='word_1_779' title='bbox 2545 5227 2928 5298; x_wconf 82' lang='lat' dir='ltr'><strong>cognovimus.</strong></span> <span class='ocrx_word' id='word_1_780' title='bbox 2953 5223 3383 5279; x_wconf 87' lang='lat' dir='ltr'><strong>Dissolutiouem</strong></span> <span class='ocrx_word' id='word_1_781' title='bbox 3412 5233 3545 5273; x_wconf 88' lang='lat' dir='ltr'><strong>vero</strong></span> <span class='ocrx_word' id='word_1_782' title='bbox 3578 5231 3764 5288; x_wconf 83' lang='lat' dir='ltr'><strong>quan-</strong></span> 
     </span>
    </p>
   </div>
   <div class='ocr_carea' id='block_1_101' title="bbox 472 5305 2059 5392">
    <p class='ocr_par' dir='ltr' id='par_1_101' title="bbox 472 5315 2059 5392">
     <span class='ocr_line' id='line_1_101' title="bbox 472 5315 2059 5392; baseline -0.003 -19"><span class='ocrx_word' id='word_1_783' title='bbox 472 5320 664 5373; x_wconf 82' lang='grc' dir='ltr'>λυπεῖν</span> <span class='ocrx_word' id='word_1_784' title='bbox 709 5315 854 5374; x_wconf 84' lang='grc' dir='ltr'>οἶδεν</span> <span class='ocrx_word' id='word_1_785' title='bbox 884 5320 986 5390; x_wconf 80' lang='grc' dir='ltr'>τὴν</span> <span class='ocrx_word' id='word_1_786' title='bbox 1016 5319 1207 5390; x_wconf 83' lang='grc' dir='ltr'>φύσιν,</span> <span class='ocrx_word' id='word_1_787' title='bbox 1261 5320 1358 5374; x_wconf 70' lang='grc' dir='ltr'><strong>καὶ</strong></span> <span class='ocrx_word' id='word_1_788' title='bbox 1388 5322 1457 5392; x_wconf 76' lang='grc' dir='ltr'>τῇ</span> <span class='ocrx_word' id='word_1_789' title='bbox 1512 5317 1767 5373; x_wconf 75' lang='grc' dir='ltr'>συνθέσει</span> <span class='ocrx_word' id='word_1_790' title='bbox 1792 5317 2059 5389; x_wconf 81' lang='grc' dir='ltr'>λυμαίνε-</span> 
     </span>
    </p>
   </div>
   <div class='ocr_carea' id='block_1_102' title="bbox 2159 5305 3761 5392">
    <p class='ocr_par' dir='ltr' id='par_1_102' title="bbox 2177 5305 3761 5383">
     <span class='ocr_line' id='line_1_102' title="bbox 2177 5305 3761 5383; baseline -0.009 -9"><span class='ocrx_word' id='word_1_791' title='bbox 2177 5327 2292 5374; x_wconf 89' lang='lat' dir='ltr'><strong>tum</strong></span> <span class='ocrx_word' id='word_1_792' title='bbox 2362 5317 2419 5373; x_wconf 90' lang='lat' dir='ltr'><strong>in</strong></span> <span class='ocrx_word' id='word_1_793' title='bbox 2468 5326 2665 5373; x_wconf 88' lang='lat' dir='ltr'><strong>natura</strong></span> <span class='ocrx_word' id='word_1_794' title='bbox 2713 5323 2835 5381; x_wconf 87' lang='lat' dir='ltr'><strong>est,</strong></span> <span class='ocrx_word' id='word_1_795' title='bbox 2883 5312 3165 5383; x_wconf 86' lang='lat' dir='ltr'><strong>corruptio</strong></span> <span class='ocrx_word' id='word_1_796' title='bbox 3217 5310 3492 5381; x_wconf 86' lang='lat' dir='ltr'><strong>sequitur.</strong></span> <span class='ocrx_word' id='word_1_797' title='bbox 3540 5305 3761 5363; x_wconf 81' lang='lat' dir='ltr'><strong>Passio-</strong></span> 
     </span>
    </p>
   </div>
   <div class='ocr_carea' id='block_1_103' title="bbox 473 5396 2059 5484">
    <p class='ocr_par' dir='ltr' id='par_1_103' title="bbox 473 5398 2059 5484">
     <span class='ocr_line' id='line_1_103' title="bbox 473 5398 2059 5484; baseline -0.001 -19"><span class='ocrx_word' id='word_1_798' title='bbox 473 5409 624 5477; x_wconf 81' lang='grc' dir='ltr'>σθαι,</span> <span class='ocrx_word' id='word_1_799' title='bbox 668 5412 762 5467; x_wconf 77' lang='grc' dir='ltr'>καὶ</span> <span class='ocrx_word' id='word_1_800' title='bbox 808 5413 965 5477; x_wconf 76' lang='grc' dir='ltr'>τέλος</span> <span class='ocrx_word' id='word_1_801' title='bbox 997 5398 1095 5467; x_wconf 75' lang='grc' dir='ltr'>καὶ</span> <span class='ocrx_word' id='word_1_802' title='bbox 1142 5413 1425 5484; x_wconf 76' lang='grc' dir='ltr'>χωρισμὸν</span> <span class='ocrx_word' id='word_1_803' title='bbox 1455 5412 1721 5480; x_wconf 72' lang='grc' dir='ltr'>εἰσάγειν,</span> <span class='ocrx_word' id='word_1_804' title='bbox 1762 5411 1858 5465; x_wconf 78' lang='grc' dir='ltr'>καὶ</span> <span class='ocrx_word' id='word_1_805' title='bbox 1889 5409 2059 5481; x_wconf 71' lang='grc' dir='ltr'>φθορᾷ</span> 
     </span>
    </p>
   </div>
   <div class='ocr_carea' id='block_1_104' title="bbox 2159 5396 3757 5484">
    <p class='ocr_par' dir='ltr' id='par_1_104' title="bbox 2176 5396 3757 5481">
     <span class='ocr_line' id='line_1_104' title="bbox 2176 5396 3757 5481; baseline -0.01 -16"><span class='ocrx_word' id='word_1_806' title='bbox 2176 5425 2278 5465; x_wconf 85' lang='lat' dir='ltr'><strong>nes</strong></span> <span class='ocrx_word' id='word_1_807' title='bbox 2324 5409 2494 5481; x_wconf 84' lang='lat' dir='ltr'><strong>igitur</strong></span> <span class='ocrx_word' id='word_1_808' title='bbox 2551 5406 2809 5461; x_wconf 63' lang='lat' dir='ltr'><strong>humanae</strong></span> <span class='ocrx_word' id='word_1_809' title='bbox 2868 5413 3126 5458; x_wconf 85' lang='lat' dir='ltr'><strong>naturam</strong></span> <span class='ocrx_word' id='word_1_810' title='bbox 3164 5407 3401 5472; x_wconf 87' lang='lat' dir='ltr'><strong>possunt</strong></span> <span class='ocrx_word' id='word_1_811' title='bbox 3447 5396 3757 5458; x_wconf 78' lang='lat' dir='ltr'><strong>offendere,</strong></span> 
     </span>
    </p>
   </div>
   <div class='ocr_carea' id='block_1_105' title="bbox 476 5488 2059 5578">
    <p class='ocr_par' dir='ltr' id='par_1_105' title="bbox 476 5498 2059 5578">
     <span class='ocr_line' id='line_1_105' title="bbox 476 5498 2059 5578; baseline 0 -20"><span class='ocrx_word' id='word_1_812' title='bbox 476 5504 806 5558; x_wconf 77' lang='grc' dir='ltr'>ὑποϐάλλειν</span> <span class='ocrx_word' id='word_1_813' title='bbox 830 5546 845 5572; x_wconf 85' lang='grc'><strong>,</strong></span> <span class='ocrx_word' id='word_1_814' title='bbox 886 5498 1076 5578; x_wconf 75' lang='grc' dir='ltr'>ὧνπερ</span> <span class='ocrx_word' id='word_1_815' title='bbox 1123 5507 1154 5559; x_wconf 82' lang='grc' dir='ltr'>ὁ</span> <span class='ocrx_word' id='word_1_816' title='bbox 1206 5504 1418 5576; x_wconf 78' lang='grc' dir='ltr'>Κύριος</span> <span class='ocrx_word' id='word_1_817' title='bbox 1470 5503 1876 5577; x_wconf 81' lang='grc' dir='ltr'>παραπλησίως</span> <span class='ocrx_word' id='word_1_818' title='bbox 1934 5504 2059 5575; x_wconf 62' lang='grc' dir='ltr'>ἡμῖν</span> 
     </span>
    </p>
   </div>
   <div class='ocr_carea' id='block_1_106' title="bbox 2159 5488 3757 5578">
    <p class='ocr_par' dir='ltr' id='par_1_106' title="bbox 2177 5488 3757 5573">
     <span class='ocr_line' id='line_1_106' title="bbox 2177 5488 3757 5573; baseline -0.011 -13"><span class='ocrx_word' id='word_1_819' title='bbox 2177 5500 2547 5573; x_wconf 88' lang='lat' dir='ltr'><strong>compositum</strong></span> <span class='ocrx_word' id='word_1_820' title='bbox 2595 5497 2798 5554; x_wconf 61' lang='lat' dir='ltr'><strong>laedere</strong></span> <span class='ocrx_word' id='word_1_821' title='bbox 2818 5537 2837 5564; x_wconf 93' lang='lat'><strong>,</strong></span> <span class='ocrx_word' id='word_1_822' title='bbox 2869 5505 2926 5552; x_wconf 91' lang='lat' dir='ltr'><strong>et</strong></span> <span class='ocrx_word' id='word_1_823' title='bbox 2955 5495 3121 5551; x_wconf 83' lang='lat' dir='ltr'><strong>linem</strong></span> <span class='ocrx_word' id='word_1_824' title='bbox 3153 5502 3319 5564; x_wconf 81' lang='lat' dir='ltr'><strong>atque</strong></span> <span class='ocrx_word' id='word_1_825' title='bbox 3350 5488 3757 5562; x_wconf 86' lang='lat' dir='ltr'><strong>separationem</strong></span> 
     </span>
    </p>
   </div>
   <div class='ocr_carea' id='block_1_107' title="bbox 2165 5749 3793 5828">
    <p class='ocr_par' dir='ltr' id='par_1_107' title="bbox 2165 5749 3793 5828">
     <span class='ocr_line' id='line_1_107' title="bbox 2165 5749 3793 5828; baseline -0.009 -11"><span class='ocrx_word' id='word_1_826' title='bbox 2165 5761 2272 5817; x_wconf 91' lang='lat' dir='ltr'><strong>nisi</strong></span> <span class='ocrx_word' id='word_1_827' title='bbox 2310 5776 2442 5816; x_wconf 89' lang='lat' dir='ltr'><strong>caro</strong></span> <span class='ocrx_word' id='word_1_828' title='bbox 2468 5756 2685 5816; x_wconf 90' lang='lat' dir='ltr'><strong>Domini</strong></span> <span class='ocrx_word' id='word_1_829' title='bbox 2715 5764 3149 5828; x_wconf 73' lang='lat' dir='ltr'><strong>competet-stur,</strong></span> <span class='ocrx_word' id='word_1_830' title='bbox 3191 5752 3341 5827; x_wconf 88' lang='lat' dir='ltr'><strong>quod</strong></span> <span class='ocrx_word' id='word_1_831' title='bbox 3362 5760 3448 5810; x_wconf 89' lang='lat' dir='ltr'><strong>est</strong></span> <span class='ocrx_word' id='word_1_832' title='bbox 3473 5749 3591 5824; x_wconf 86' lang='lat' dir='ltr'><strong>pati</strong></span> <span class='ocrx_word' id='word_1_833' title='bbox 3647 5764 3749 5805; x_wconf 87' lang='lat' dir='ltr'><strong>uo-</strong></span> <span class='ocrx_word' id='word_1_834' title='bbox 3790 5800 3793 5801; x_wconf 31' lang='grc' dir='ltr'><strong>ν</strong></span> 
     </span>
    </p>
   </div>
   <div class='ocr_carea' id='block_1_108' title="bbox 556 5765 2055 5839">
    <p class='ocr_par' dir='ltr' id='par_1_108' title="bbox 556 5765 2055 5839">
     <span class='ocr_line' id='line_1_108' title="bbox 556 5765 2055 5839; baseline -0.004 -16"><span class='ocrx_word' id='word_1_835' title='bbox 556 5767 667 5837; x_wconf 74' lang='lat'><strong>(33)</strong></span> <span class='ocrx_word' id='word_1_836' title='bbox 700 5766 844 5839; x_wconf 83' lang='lat' dir='ltr'><strong>Caro</strong></span> <span class='ocrx_word' id='word_1_837' title='bbox 873 5765 1093 5823; x_wconf 87' lang='lat' dir='ltr'><strong>Domini</strong></span> <span class='ocrx_word' id='word_1_838' title='bbox 1126 5782 1227 5839; x_wconf 90' lang='lat' dir='ltr'><strong>per</strong></span> <span class='ocrx_word' id='word_1_839' title='bbox 1251 5766 1565 5839; x_wconf 83' lang='lat' dir='ltr'><strong>passionem</strong></span> <span class='ocrx_word' id='word_1_840' title='bbox 1604 5765 1876 5839; x_wconf 82' lang='lat' dir='ltr'><strong>gloriﬁcat</strong></span> <span class='ocrx_word' id='word_1_841' title='bbox 1900 5779 2055 5819; x_wconf 82' lang='lat' dir='ltr'><strong>com-</strong></span> 
     </span>
    </p>
   </div>
   <div class='ocr_carea' id='block_1_109' title="bbox 2164 5826 3078 5900">
    <p class='ocr_par' dir='ltr' id='par_1_109' title="bbox 2164 5826 3078 5900">
     <span class='ocr_line' id='line_1_109' title="bbox 2164 5826 3078 5900; baseline -0.009 -11"><span class='ocrx_word' id='word_1_842' title='bbox 2164 5832 2405 5899; x_wconf 81' lang='lat' dir='ltr'><strong>hiscum,</strong></span> <span class='ocrx_word' id='word_1_843' title='bbox 2430 5838 2488 5887; x_wconf 89' lang='lat' dir='ltr'><strong>et</strong></span> <span class='ocrx_word' id='word_1_844' title='bbox 2506 5845 2606 5886; x_wconf 91' lang='lat' dir='ltr'><strong>nos</strong></span> <span class='ocrx_word' id='word_1_845' title='bbox 2630 5843 2756 5886; x_wconf 89' lang='lat' dir='ltr'><strong>cum</strong></span> <span class='ocrx_word' id='word_1_846' title='bbox 2776 5826 2915 5900; x_wconf 74' lang='lat' dir='ltr'><strong>ipso.</strong></span> <span class='ocrx_word' id='word_1_847' title='bbox 2945 5826 3078 5884; x_wconf 68' lang='lat' dir='ltr'><strong>CAN.</strong></span> 
     </span>
    </p>
   </div>
   <div class='ocr_carea' id='block_1_110' title="bbox 479 5838 2055 5910">
    <p class='ocr_par' dir='ltr' id='par_1_110' title="bbox 479 5838 2055 5910">
     <span class='ocr_line' id='line_1_110' title="bbox 479 5838 2055 5910; baseline -0.003 -16"><span class='ocrx_word' id='word_1_848' title='bbox 479 5839 780 5910; x_wconf 77' lang='lat' dir='ltr'><strong>patientes,</strong></span> <span class='ocrx_word' id='word_1_849' title='bbox 794 5838 954 5894; x_wconf 81' lang='lat' dir='ltr'><strong>Rom.</strong></span> <span class='ocrx_word' id='word_1_850' title='bbox 997 5838 1370 5910; x_wconf 74' lang='lat' dir='ltr'><strong>vm;Compati</strong></span> <span class='ocrx_word' id='word_1_851' title='bbox 1401 5847 1713 5894; x_wconf 88' lang='lat' dir='ltr'><strong>autem-non</strong></span> <span class='ocrx_word' id='word_1_852' title='bbox 1740 5849 2055 5908; x_wconf 81' lang='lat' dir='ltr'><strong>possumus,</strong></span> 
     </span>
    </p>
   </div>
  </div>
