4120 6450
407 373 544 438 1339

1634 385 1944 449 LEONTII
1984 385 2392 446 ΒΥΖΑΝΤΙΝΙ

3530 387 3665 452 13m
3699 396 3706 403 '

405 489 635 554 inferre,
674 495 731 543 et
765 488 1011 545 interimi
1041 490 1309 562 subjicere
1337 510 1349 546 :
1379 509 1501 563 qua
1523 496 1747 565 quidem
1770 497 1974 560 omnia,

2086 492 2301 546 πάντων
2336 494 2705 566 μετέσχηκεν,
2755 496 2899 552 κατά
2932 497 3029 569 τὴν
3078 496 3322 569 μεγάλην
3360 493 3458 551 τοῦ
3500 498 3665 551 Ἀπο-

406 581 663 636 similiter
690 590 853 650 atque
898 597 1000 637 nos
1024 623 1039 647 ,
1072 583 1339 640 Dominus
1386 587 1757 659 participavit,
1790 606 1985 645 secun-

406 674 537 729 dum
569 690 817 744 magnam
848 674 1094 744 Apostoli
1121 675 1432 733 doctrinam
1456 682 1522 734 ".

478 765 544 820 Η.
573 764 717 831 Quid
740 767 911 832 aliud,
938 767 1136 837 inquit,
1165 770 1252 824 his
1280 772 1537 827 omnibus
1558 773 1793 829 suadere
1816 784 1871 829 et
1890 774 1986 827 de-

406 866 715 910 monstrare
760 856 1063 922 studuisti,
1109 859 1216 913 nisi
1264 860 1413 929 quod
1443 878 1568 915 cum
1616 862 1873 918 Christus
1912 865 1986 919 sit

408 948 684 1019 passibilis
710 988 725 1011 ,
784 949 950 1019 idque
986 958 1187 1006 natura
1217 953 1467 1022 corporis
1492 994 1505 1018 ,
1562 969 1669 1008 non
1700 956 1986 1012 voluntate

406 1040 735 1106 divinitatis,
764 1043 1080 1097 necessario
1101 1044 1210 1098 erit
1236 1046 1620 1116 corruptibilis
1644 1048 1668 1101 ?
1694 1047 1810 1102 Non
1834 1048 1984 1103 enim

408 1133 731 1203 ignoramus
761 1142 811 1187 te
844 1135 951 1190 hoc
997 1135 1178 1190 moliri
1208 1154 1220 1190 :
1253 1136 1405 1206 quod
1437 1137 1660 1207 quidem
1701 1155 1983 1208 nunquam

405 1224 798 1291 concedemus,
844 1228 946 1281 etsi
990 1227 1204 1282 inﬁnita
1232 1229 1353 1283 istis
1401 1230 1589 1283 addas.
1640 1230 1807 1300 Magis
1835 1232 1983 1285 enim

403 1317 744 1373 credendum
769 1330 853 1374 est
873 1320 1113 1390 principi
1144 1321 1519 1391 apostolorum
1548 1322 1732 1384 Petro,
1758 1337 1823 1376 ac
1847 1338 1989 1392 prae-

405 1416 557 1463 terea
599 1410 772 1464 David
826 1410 942 1481 regi
994 1428 1024 1466 a
1072 1413 1185 1467 Deo
1214 1413 1430 1477 electo,
1480 1422 1537 1467 et
1588 1413 1983 1483 prOphetarum

404 1500 677 1572 principi,
712 1502 805 1572 qui
838 1503 1137 1571 dixerunt,
1184 1505 1331 1575 quod
1382 1520 1514 1560 caro
1538 1505 1661 1576 ejus
1690 1521 1802 1561 non
1843 1508 1988 1563 vidit

401 1595 819 1664 corruptionem
844 1598 908 1652 “.

475 1686 542 1741 0.
586 1689 1045 1760 Quandoquidem
1104 1692 1173 1745 ab
1217 1691 1474 1747 humanis
1529 1696 1984 1765 cogitationibus,

403 1779 627 1849 inquam
655 1797 757 1851 ego
780 1822 795 1845 ,
852 1798 979 1836 sero
1007 1783 1227 1837 tandem
1257 1825 1272 1849 ,
1320 1792 1377 1837 et
1420 1801 1451 1839 a
1504 1787 1985 1855 probabilitatibus

402 1871 721 1937 recessisti,
774 1880 831 1927 et
865 1873 933 1927 ad
965 1873 1280 1944 Scripturas
1327 1892 1511 1931 sacras
1548 1878 1879 1948 confugisti;
1927 1889 1984 1933 et

400 1978 504 2017 nos
536 1965 804 2019 memoria
834 1966 1120 2036 cujusdam
1166 1966 1299 2023 dicti
1330 1968 1641 2037 prophetici
1685 1977 1877 2024 contra
1918 1986 1983 2025 ea

398 2070 524 2124 qua:
554 2072 584 2109 a
616 2062 669 2110 tc
699 2056 847 2111 dicta
886 2066 1034 2121 sunt,
1084 2058 1354 2130 eil‘ugerat
1387 2076 1401 2111 :
1431 2075 1562 2130 rogo
1606 2068 1659 2115 te
1704 2077 1854 2116 nunc
1922 2070 1986 2116 ut

402 2147 510 2201 hoc
553 2148 716 2203 nobis
744 2149 1012 2203 declares.

472 2241 539 2295 ll.
577 2241 743 2308 Quid,
781 2242 982 2313 inquit,
1034 2244 1141 2300 hoc
1181 2254 1267 2300 est
1304 2246 1451 2316 quod
1497 2246 1675 2302 dicis?

468 2334 534 2391 Ο.
567 2336 724 2401 Quod
746 2336 967 2391 divinus
992 2338 1283 2405 Jeremias,
1322 2340 1583 2409 respondi
1624 2356 1747 2410 ego,
1788 2340 1843 2395 in
1884 2340 1987 2395 La-

399 2428 836 2482 mentationibus
860 2429 1085 2483 locutus
1111 2437 1218 2489 est.
1250 2429 1634 2485 demonstrans
1664 2432 1985 2501 prophetice

396 2534 527 2572 eum
560 2519 655 2589 qui
686 2521 1108 2576 lamentationes
1136 2522 1509 2577 dissolutnrus
1529 2534 1686 2589 erat,
1742 2526 1983 2581 Christus

398 2610 681 2676 Dominus,
722 2611 924 2681 inquit,
957 2614 1011 2666 in
1055 2616 1477 2683 corruptionibus
1526 2618 1715 2670 nostris
1749 2634 1986 2688 compre-

398 2706 593 2759 hensus
626 2715 705 2759 est
728 2706 794 2760 ".
819 2706 981 2761 Aliud
1002 2707 1319 2779 hnjusmodi
1341 2711 1589 2779 reperire
1617 2711 1747 2766 licet
1771 2712 1981 2767 dictum

396 2812 467 2851 ex
499 2812 733 2866 persona
768 2798 984 2852 Domini
1031 2815 1132 2869 per
1177 2801 1513 2870 Pr0phetam
1546 2818 1559 2854 :
1596 2800 1725 2867 Qua:
1776 2803 1983 2858 utilitas

398 2888 455 2941 in
487 2889 747 2958 sanguine
789 2906 922 2954 meo,
956 2892 1079 2943 dum
1115 2891 1370 2945 descendo
1398 2895 1453 2947 in
1487 2896 1877 2965 corruptionem
1896 2898 1985 2951 ’5?

396 2988 690 3059 Inscriptio
724 2999 910 3043 autem
948 2990 1141 3058 psalmi
1170 3032 1183 3055 ,
1217 3000 1272 3045 et
1303 2998 1413 3045 tota
1448 2991 1742 3045 verborum
1787 3008 1985 3048 conse-

395 3082 643 3151 quentia,
675 3081 839 3137 docet
870 3099 971 3137 nos
1003 3083 1314 3154 intelligere
1364 3084 1646 3139 Christum
1695 3100 1797 3154 per
1836 3086 1981 3155 psal-

395 3190 550 3229 mum
592 3176 821 3245 mystice
846 3174 1277 3249 praaﬁguratum,
1313 3176 1617 3231 secundum
1650 3177 1979 3248 intcrpreta-
2005 3197 2048 3256 ο

395 3264 602 3321 tionem
634 3266 1037 3336 theologorum.
1096 3267 1212 3322 lmo
1256 3277 1312 3322 et
1356 3269 1552 3323 Petrus
1598 3269 1716 3338 ipse
1771 3270 1839 3325 iis
1885 3270 1981 3340 qui
2034 3316 2035 3319 η

397 3359 865 3414 resurrectionem
904 3360 1206 3433 Salvatoris
1231 3362 1692 3428 non’credebant,
1726 3364 1985 3433 gravissi-

397 3466 506 3515 me,
542 3459 604 3504 ut
628 3451 913 3517 videmus,
947 3453 1084 3507 dicit
1109 3454 1174 3517 ³⁸,
1198 3454 1343 3522 quod
1377 3456 1667 3510 suscitavit
1696 3472 1845 3521 eum,
1873 3473 1982 3511 non

396 3544 633 3613 amplius
653 3545 719 3599 ad
751 3546 1164 3615 corruptionem
1196 3563 1583 3615 reversurum;
1618 3548 1765 3618 quod
1800 3559 1983 3604 autem

397 3632 563 3694 dicit,
587 3648 698 3687 non
754 3635 992 3703 amplius
1043 3652 1396 3691 reversurum
1461 3653 1583 3692 esse
1619 3654 1745 3693 eum
1773 3681 1786 3703 ,
1823 3640 1984 3709 plane

398 3721 644 3777 declarat
666 3740 793 3778 eum
839 3724 907 3778 de
937 3741 1047 3794 quo
1077 3727 1183 3781 hoc
1217 3727 1376 3789 dixit,
1400 3744 1510 3783 non
1546 3728 1713 3784 fuisse
1744 3730 1984 3784 alienum

398 3831 429 3869 a
457 3816 721 3884 capienda
745 3819 1115 3889 corruptione.
1137 3820 1219 3874 An
1252 3820 1421 3890 igitur
1456 3837 1567 3875 non
1602 3831 1763 3891 putas
1792 3821 1988 3877 adver—

398 3907 509 3961 sari
546 3907 662 3962 haec
685 3908 751 3962 iis
782 3925 904 3979 quae
942 3926 972 3963 a
1000 3918 1053 3965 te
1085 3911 1245 3965 allata
1272 3920 1438 3978 sunt,
1468 3919 1527 3966 et
1557 3927 1660 3967 nos
1686 3912 1987 3985 majoribus

400 4000 640 4055 vinculis
665 4002 985 4071 quastionis
1024 4003 1348 4073 implicare?

472 4178 537 4235 ll.
574 4180 681 4237 Per
709 4182 1002 4239 veritatem
1028 4224 1043 4249 ,
1093 4184 1274 4255 inquit
1302 4185 1417 4249 ille,
1448 4185 1619 4240 multa
1648 4184 1989 4241 obscuritate

402 4273 566 4342 plena
597 4282 727 4328 sunt
765 4273 881 4329 haec
907 4317 922 4340 ,
970 4274 1076 4330 nisi
1124 4276 1363 4353 aliquem
1407 4277 1769 4348 interpretem
1808 4277 1988 4347 adipi-

400 4373 646 4430 scantur,
660 4366 755 4436 qui
771 4366 1198 4438 discrepantiam
1215 4383 1338 4438 quae.
1358 4368 1416 4423 in
1438 4369 1575 4439 ipsis
1601 4370 1825 4426 videtur
1842 4386 1984 4436 esse,

400 4458 470 4513 ad
495 4474 723 4530 scopum
750 4460 1004 4516 veritatis
1028 4461 1307 4516 collineet.

2088 586 2277 640 στόλου
2307 589 2721 657 μυσταγωγίαν.

2156 770 2222 822 Α.
2253 768 2319 821 Τί
2344 767 2408 839 δὴ
2435 768 2567 823 ἀλλο
2596 786 2683 839 γε,
2716 770 2843 842 ἔφη,
2875 771 2964 825 διὰ
2990 771 3100 825 τῶν
3121 771 3435 843 εἰρημένων
3454 772 3665 827 τούτων

2088 861 2299 915 πείθειν
2326 878 2387 915 τε
2410 864 2507 916 καὶ
2532 863 2803 918 δεικνύειν
2837 865 3205 930 ἐσπούδακας,
3246 866 3279 937 ἢ
3308 866 3391 919 ὅτι
3415 865 3664 937 παθητὸς

2086 953 2162 1006 ὢν
2184 956 2213 1007 ό
2250 955 2508 1025 Χριστὸς,
2544 956 2640 1010 καὶ
2670 958 2831 1011 τοῦτο
2859 957 3110 1029 σώματος
3140 959 3322 1030 φύσει,
3348 962 3472 1033 οὑχὶ
3498 961 3663 1032 θελή-

2088 1062 2168 1099 σει
2198 1047 2453 1119 θεότητος
2478 1088 2493 1113 ,
2547 1050 2640 1104 καὶ
2669 1050 2911 1121 φθαρτὸς
2958 1051 3018 1118 ἐξ
3064 1052 3312 1124 ἀνάγκης
3356 1053 3548 1118 ἔσταις
3585 1054 3662 1107 υὺ

2084 1138 2194 1210 γάρ
2219 1139 2411 1205 ἔλαθες
2431 1139 2591 1194 τοῦτο
2624 1143 3073 1208 κατασκευάζων’
3102 1144 3241 1215 ὅπερ
3260 1145 3360 1198 οὑκ
3391 1144 3458 1199 ἂν
3487 1145 3666 1210 δεξαί-

2089 1228 2229 1299 μεθα
2258 1228 2497 1295 πώποτε,
2548 1230 2653 1285 κᾶν
2688 1233 2860 1302 μυρία
2900 1233 3041 1303 πρὸς
3084 1234 3300 1299 τούτοις
3351 1238 3665 1307 ὲρεῖς.Πει-

2087 1322 2245 1375 στὲον
2290 1322 2396 1393 γὰρ
2430 1323 2632 1393 μᾶλλον
2660 1324 2738 1392 τῷ
2772 1327 3058 1399 κορυφαίῳ
3079 1327 3187 1380 τῶν
3213 1329 3529 1383 ἀποστόλων
3554 1331 3664 1383 Πέ-

2084 1429 2219 1484 τρῳ,
2256 1414 2483 1484 προσέτι
2518 1414 2575 1468 δὲ
2605 1416 2701 1469 καὶ
2729 1416 2809 1486 τῷ
2841 1419 2898 1470 ὲν
2931 1416 3214 1485 βασιλεῦσι
3242 1420 3532 1490 θεοκρίτῳ.
3566 1419 3663 1474 καὶ

2085 1506 2472 1579 ἀρχιπροφήτῃ
2508 1508 2675 1560 Δαϐὶδ
2706 1511 3188 1580 ἀποφαινομένοις,
3215 1512 3296 1564 ὃτι
3331 1512 3363 1581 ἡ
3397 1511 3534 1589 σὰρξ
3559 1512 3664 1565 αὑ-

2084 1600 2178 1653 τοῦ
2203 1601 2304 1653 οὑκ
2330 1603 2440 1654 ῐδεν
2466 1602 2787 1676 διαφθοράν.

2157 1694 2219 1744 Ο.
2265 1693 2488 1766 Ἐπειδὴ
2528 1695 2637 1749 τῶν
2665 1697 2766 1767 μὲν
2794 1697 3175 1767 ἀνθρωπίνων,
3213 1694 3369 1752 εἶπον
3401 1696 3535 1767 ἐγὼ,
3565 1698 3665 1769 ὀψέ

2086 1784 2140 1853 γ’
2170 1782 2263 1839 οῦν
2292 1787 2540 1857 ἀπέστης
2570 1789 2850 1860 λογισμῶν
2875 1792 2970 1844 καὶ
3003 1792 3402 1862 πιθανοτήτων,
3442 1792 3578 1863 πρὸς
3606 1791 3666 1845 δὲ

2083 1877 2181 1937 τὰς
2211 1876 2361 1940 θείας
2394 1879 2618 1948 Γραφὰς
2650 1881 3102 1950 καταπέφευγας,
3138 1882 3327 1953 μνήμη
3361 1881 3418 1935 δέ
3444 1899 3526 1944 τις
3568 1882 3666 1935 καὶ

2084 1967 2232 2036 ἡμᾶς
2260 1968 2614 2038 προφητικῆς
2645 1970 2930 2041 ὑπέδραμε
2964 1973 3198 2043 ῥήσεως,
3226 1972 3489 2035 ἐναντίως
3515 1972 3667 2042 ἔχειν

2083 2059 2317 2112 δοκοῦσα
2332 2062 2443 2123 τοῖς
2465 2060 2618 2133 παρὰ
2652 2061 3015 2133 σοῦ-ταύτην,
3044 2064 3182 2116 αίτῶ
3210 2081 3295 2130 σε,
3316 2064 3386 2118 τὰ
3414 2063 3509 2118 νῦν
3531 2066 3667 2135 ήμῖν

2082 2151 2441 2221 διασάφησον.

2154 2247 2220 2300 Α.
2248 2246 2384 2298 Τίνα
2425 2245 2653 2317 ταύτην,
2680 2246 2806 2317 ἔφη,
2836 2247 3041 2315 λέγεις,
3077 2247 3291 2315 διέξιθι.

2154 2338 2216 2389 Ο.
2257 2337 2366 2404 Τὴν
2409 2337 2679 2407 Ἱερεμίου
2711 2336 2805 2390 τοῦ
2832 2337 3117 2409 θεηγόρου,
3152 2341 3291 2411 πρὸς
3312 2340 3481 2394 αὑτὸν
3520 2342 3664 2395 ἀπο-

2086 2426 2411 2497 κρινόμενος
2438 2423 2614 2492 εἷπον,
2650 2428 2718 2499 ἣν
2754 2430 2809 2480 ὲν
2842 2431 2956 2492 τοῖς
2988 2430 3221 2501 Θρήνοις
3261 2432 3354 2484 τὸν
3388 2431 3498 2484 τῶν
3531 2432 3666 2503 θρή-

2084 2537 2191 2572 νων
2214 2518 2427 2590 λυτῆρα
2460 2522 2954 2591 προαναρρητικῶς
2984 2522 3300 2592 ὑποφαίνων
3335 2523 3665 2594 ἐφθέγξατο,

2084 2614 2340 2680 Χριστὸς
2368 2615 2603 2681 Κύριος,
2632 2616 2830 2683 λέγων,
2860 2618 3219 2686 συνελήφθη
3267 2617 3338 2670 ἐν
3386 2617 3517 2684 ταῖς
3548 2619 3669 2673 δια-

2084 2707 2331 2775 φθοραῖς
2360 2707 2549 2774 ἡμῶν.
2573 2708 2682 2761 Καὶ
2705 2706 2834 2760 ἄλλο
2850 2707 2906 2760 δὲ
2938 2707 3001 2778 δὴ
3026 2708 3243 2762 τοιοῦτο
3269 2712 3333 2763 ὲκ
3368 2708 3668 2781 προσώπου

2082 2794 2177 2848 τοῦ
2229 2796 2473 2865 Κυρίου,
2509 2796 2597 2849 διά
2631 2794 2728 2850 τοῦ
2764 2800 3045 2868 προφήτου
3086 2799 3364 2870 κηρυχθὲν
3394 2800 3543 2853 ἐστιν
3570 2801 3665 2853 εὑ-

2088 2890 2220 2956 ρεῖν,
2260 2889 2355 2953 Τίς
2386 2887 2643 2957 ὠφέλεια
2671 2890 2741 2942 ἐν
2781 2888 2861 2955 τῷ
2885 2890 3090 2959 αἵματί
3108 2909 3252 2960 μου,
3295 2891 3570 2961 λέγοντος,
3597 2893 3671 2946 ἐν

2083 2980 2163 3045 τῷ
2193 2981 2575 3034 καταϐαίνειν
2599 2999 2675 3050 με
2701 2983 2789 3048 είς
2821 2981 3191 3051 διαφθορὰν;
3221 2985 3294 3037 Ἥ
3316 3002 3377 3037 τε
3406 2984 3517 3056 γὰρ
3547 2987 3669 3039 ὲπι-

2082 3072 2269 3143 γραφὴ
2292 3072 2386 3125 τοῦ
2411 3072 2650 3143 ψαλμοῦ,
2681 3074 2774 3127 καὶ
2810 3075 2842 3143 ή
2875 3072 2971 3146 ὅλη
3002 3075 3110 3127 τῶν
3146 3076 3410 3147 ῥημάτων
3435 3078 3669 3133 ἀκολου-

2084 3163 2175 3218 θία
2200 3165 2291 3219 τὸν
2326 3165 2531 3235 Κύριον
2561 3167 2698 3236 ἡμῖν
2727 3168 2872 3218 νοεῖν
2913 3168 3252 3234 ὑποτίθεται,
3288 3168 3377 3221 διὰ
3405 3169 3500 3223 τοῦ
3523 3170 3668 3240 ψαλ-

2090 3257 2191 3329 μοῦ
2223 3256 2502 3326 μυστικῶς
2529 3258 3003 3329 προτυπούμενον,
3035 3261 3178 3313 κατά
3216 3262 3316 3331 τὴν
3342 3262 3449 3315 τῶν
3483 3264 3666 3317 θεολό-

2086 3366 2197 3418 γων
2225 3348 2510 3419 ἐξήγησιν.
2561 3348 2726 3402 ’Λλλά
2761 3351 2854 3403 καὶ
2882 3350 3044 3414 αὑτὸς
3089 3353 3116 3404 ό
3152 3353 3358 3424 Πέτρος
3392 3355 3666 3423 φαίνεται,

2085 3446 2197 3505 τοῖς
2228 3441 2519 3496 ἀπιστοῦσι
2562 3444 2625 3512 τῇ
2657 3443 2954 3497 ἀναστάσει
2988 3444 3083 3497 τοῦ
3117 3445 3373 3517 Σωτῆρος
3404 3448 3666 3519 ἐμϐριθέο

2088 3553 2259 3588 στατα
2313 3534 2509 3601 λέγων,
2554 3535 2635 3588 ὅτι
2687 3535 2988 3602 ἀνέστησεν
3050 3537 3238 3603 αὑτὸν,
3296 3540 3671 3611 μηκέτι,μέλο

2085 3625 2247 3677 λοντα
2270 3624 2634 3695 ὑποστρέφειν
2671 3626 2748 3687 είς
2776 3626 3097 3695 διαφθοράν*
3138 3628 3197 3680 τὸ
3222 3629 3278 3682 δὲ
3306 3632 3502 3701 μηκέτι
3539 3633 3668 3703 μέλ-

2086 3716 2201 3769 λειν
2230 3718 2393 3771 αὑτὸν
2421 3718 2808 3789 ὑποστρέφειν,
2856 3720 2956 3771 οὑκ
3011 3720 3077 3772 ἂν
3124 3721 3408 3776 ὲπίδεκτον
3461 3724 3671 3794 φθορᾶς

2088 3806 2230 3863 εἶναι
2264 3810 2414 3881 δηλοῖ
2441 3811 2531 3863 τὸν
2558 3813 2687 3882 περὶ
2715 3803 2775 3864 οὑ
2806 3810 2978 3864 ταῦτα
3001 3813 3221 3884 εἴρηκεν
3248 3832 3262 3880 ;
3296 3811 3420 3888 ’Ἆρ’
3448 3812 3542 3871 οὖν
3567 3820 3671 3872 οὑκ

2086 3905 2189 3957 οίει
2218 3902 2391 3957 ταῦτα
2429 3905 2545 3967 τοῖς
2571 3902 2722 3972 παρά
2761 3902 2856 3956 σοῦ
2892 3906 3386 3976 προενηνεγμέ·;οις
3411 3908 3669 3962 ἀντιστα-

2088 3998 2222 4058 τείν,
2254 3996 2350 4049 καὶ
2383 3995 2630 4067 μείζοσιν
2678 3996 2826 4067 ἡμᾶς
2864 3996 3100 4069 ἀπορίας
3138 3997 3355 4068 δεσμοῖς
3397 4001 3670 4071 περιϐάλ-

2030 4092 2033 4095 λ
2088 4091 2233 4159 λειν;

2157 4183 2224 4235 Α.
2254 4182 2337 4252 Νὴ
2367 4183 2467 4252 τὴν
2514 4180 2793 4251 ἀλήθειαν,
2826 4182 3032 4245 ὲκεῖνος
3071 4181 3198 4253 ἔφη,
3247 4184 3453 4255 πολλῆς
3494 4184 3672 4239 ταῦτα

2089 4273 2252 4344 γέμει
2280 4273 2379 4343 τῆς
2408 4273 2699 4343 ἀσαφείας,
2728 4274 2779 4327 εί
2804 4274 2878 4345 μή
2921 4274 3024 4327 πού
3054 4291 3199 4338 τινος
3233 4274 3507 4346 ἐξηγητοῦ
3531 4294 3669 4345 τυγ-

2088 4368 2324 4437 χάνοιεν,
2362 4366 2505 4420 κατὰ
2553 4366 2756 4419 σκοπὸν
2808 4365 2911 4435 τῆς
2944 4365 3227 4436 ἀληθείας,
3264 4367 3365 4438 τήν
3402 4367 3671 4423 δοκοῦσαν

2091 4458 2150 4510 ὲν
2181 4457 2367 4519 αὑτοῖς
2394 4456 2695 4525 διαφωνίαν
2733 4454 3079 4519 εὐθύνοντος.

472 4550 538 4605 Ο.
571 4550 684 4621 Age
736 4567 887 4622 ergo,
934 4552 1181 4621 inquam,
1213 4552 1357 4607 bone
1386 4554 1490 4618 vir,
1525 4554 1856 4610 sententiam
1886 4554 1985 4609 ho-

2158 4555 2219 4605 0.
2253 4552 2424 4621 Δεῦρο
2445 4550 2509 4619 δὴ
2537 4545 2653 4612 οῦν,
2678 4544 2857 4613 εἷπον,
2878 4543 2924 4602 ὦ
2941 4549 3200 4603 κάλλιστε
3224 4550 3457 4619 κάγαθὲ,
3485 4550 3546 4603 τὸ
3571 4550 3673 4622 τῆς

400 4660 527 4697 rum
558 4644 894 4699 obscuritate
944 4645 1250 4699 involutam
1302 4645 1516 4715 explica
1552 4685 1566 4709 ,
1606 4654 1663 4700 et
1697 4646 1985 4700 veritatem

402 4736 564 4791 nobis
596 4736 826 4806 detege,
878 4736 995 4791 sive
1040 4752 1161 4791 eam
1206 4753 1236 4792 a
1288 4744 1361 4801 te,
1405 4737 1521 4792 sive
1565 4737 1634 4791 ab
1668 4737 1778 4792 alio
1827 4753 1991 4793 acce-

402 4828 555 4898 pisti.

474 4918 540 4973 ll.
582 4918 724 4984 Non,
749 4919 950 4991 inquit,
979 4928 1218 4992 aliquam
1250 4923 1412 4979 valde
1444 4924 1644 4980 bellam
1686 4933 1743 4979 et
1770 4925 1982 4996 specio-

402 5028 517 5066 sam
549 5013 960 5068 excusationem
991 5014 1268 5070 invenisse
1315 5015 1452 5071 mihi
1493 5017 1649 5072 visus
1698 5032 1759 5073 es
1788 5058 1803 5084 ,
1855 5034 1983 5073 cum

402 5103 699 5158 contrariis
751 5105 1177 5160 auctoritatibus
1208 5108 1495 5164 veritatem
1531 5110 1741 5180 majore
1780 5110 1984 5165 obscu-

402 5191 568 5247 ritate
595 5191 910 5248 involvisti:
944 5204 1006 5249 ut
1038 5198 1269 5265 quaestio
1300 5197 1524 5268 quidem
1555 5199 1981 5266 dubitationem,

403 5282 677 5339 dubitatio
697 5299 833 5341 vero
858 5288 1277 5344 concessionem
1308 5290 1428 5345 falsi
1459 5292 1694 5347 latenter
1714 5292 1983 5347 includat.

404 5373 517 5445 Ego
548 5390 703 5441 vero,
757 5377 873 5433 sive
920 5378 1045 5448 quis
1102 5381 1267 5437 nobis
1320 5381 1553 5437 dubium
1589 5385 1985 5439 auctoritatum

404 5466 822 5539 interpretetur,
848 5471 965 5526 sive
992 5489 1133 5536 non.
1167 5490 1451 5545 nunquam
1488 5490 1519 5529 a
1562 5476 1837 5531 sententia
1864 5490 1986 5532 mea

403 5558 726 5628 discedam;
767 5578 894 5620 cum
928 5575 1119 5637 aperte
1160 5568 1364 5624 clamet
1386 5567 1690 5638 Scriptura,
1722 5569 1852 5641 quia
1874 5585 1986 5626 non

2086 4643 2290 4698 τούτων
2320 4642 2557 4705 διανοίας
2583 4641 3044 4712 συνεσκιασμὲνον
3063 4684 3077 4704 ,
3130 4643 3434 4707 εὑθυϐόλως
3464 4646 3675 4699 ἀνακα-

2086 4737 2281 4807 λύψας,
2311 4737 2410 4808 τὴν
2442 4736 2704 4807 ἀλήθειαν
2737 4738 2869 4806 ήμῑν
2901 4735 3370 4806 παραγὺμνωσον,
3398 4738 3509 4791 εἴτε
3541 4741 3672 4809 παρ’

2087 4830 2285 4883 ἑαυτοῦ
2319 4828 2548 4897 ταύτην,
2585 4829 2697 4881 είτε
2733 4828 2831 4880 καὶ
2879 4828 3011 4897 παρ’
3050 4828 3239 4900 ἐτέρου
3283 4828 3465 4881 λαϐὼν
3500 4829 3669 4899 ἔχεις.

2157 4923 2219 4975 Α.
2244 4921 2318 4974 Οὑ
2340 4918 2533 4991 καλὴν,
2560 4918 2689 4988 ἔφη,
2704 4918 2826 4971 τινὰ
2847 4916 3150 4981 παντελῶς,
3169 4917 3290 4971 οὑδὲ
3309 4918 3673 4987 εὐπρόσωπον

2082 5013 2268 5079 ἐδοξάς
2287 5029 2378 5083 μοι
2398 5014 2494 5078 τὴν
2516 5011 2792 5082 πρόφασιν
2810 5010 3075 5081 ἐξευρεῖν,
3095 5011 3215 5072 ταῖς
3236 5007 3538 5073 ἀντιθέτοις
3558 5009 3672 5063 τῶν

2089 5112 2323 5182 ῥήσεων,
2365 5105 2575 5178 μείζονι
2608 5104 2706 5176 τὴν
2752 5104 3014 5175 ἀλήθειαν
3050 5100 3291 5172 ἀσαφείᾳ
3331 5101 3667 5174 περιϐαλὼν,

2089 5203 2179 5255 ἵνα
2207 5218 2290 5255 σοι
2314 5201 2348 5270 ή
2373 5199 2470 5269 μὲν
2492 5197 2698 5269 ἀπορία
2718 5196 2819 5268 τὴν
2842 5194 3200 5265 ἀμφιϐολίαν,
3225 5195 3259 5265 ή
3282 5193 3338 5247 δὲ
3366 5193 3671 5263 ἀμφιϐολία

2090 5294 2190 5366 τὴν
2207 5291 2501 5363 ὁμολογίαν
2518 5288 2978 5361 παρεισκυκλήση
2994 5286 3090 5340 τοῦ
3107 5286 3356 5357 ψεύδους.
3373 5285 3517 5353 Ἐγὼ
3537 5284 3670 5354 γοῦν

2091 5384 2201 5437 εἴτε
2238 5399 2323 5445 τις
2348 5379 2675 5452 ὲρμηνεὺσοι
2705 5378 2864 5448 λόγος
2896 5380 3051 5449 ἡμῖν,
3084 5377 3195 5431 εἴτε
3234 5376 3329 5431 καὶ
3368 5376 3444 5447 μὴ
3474 5376 3535 5430 τὸ
3560 5375 3669 5429 τῶν

2097 5478 2305 5548 ῥήσεων
2355 5472 2584 5543 ἄπορον,
2633 5471 2736 5524 οὑκ
2782 5470 2848 5526 ἀν
2882 5487 3013 5523 ποτε
3043 5472 3142 5540 τῆς
3170 5466 3413 5540 ἐμαυτοῦ
3439 5467 3668 5537 γνώμης

2093 5566 2421 5636 ἀποσταίην,
2452 5563 2751 5635 διαρρήδην
2772 5562 2867 5629 τῆς
2898 5560 3261 5618 θεοπνεύστου
3291 5557 3504 5631 βοώσης
3524 5558 3667 5619 Γρα-

478 5766 521 5795 "
556 5765 717 5822 llehr.
757 5784 814 5834 ιι,
850 5770 934 5825 Η.
1034 5773 1077 5805 ’³
1107 5772 1248 5829 Psal.
1284 5791 1371 5839 xv,
1402 5774 1498 5841 10;
1540 5775 1659 5831 Act.
1689 5790 1746 5838 η,
1777 5774 1869 5829 27.
1953 5775 1987 5807 ’³

2086 5776 2241 5833 hren.
2300 5790 2373 5840 ιν,
2409 5771 2500 5829 εο.
2582 5772 2627 5803 ’⁸
2676 5772 2815 5825 Psal.
2866 5785 3007 5832 uix,
3068 5770 3149 5824 l0.
3236 5770 3280 5800 “
3317 5770 3439 5825 Act.
3480 5783 3538 5833 ιι,
3593 5767 3657 5823 31
