4120 6470
427 400 557 465 1341

1474 404 1772 464 CONTRA
1812 401 2128 463 NESTOR.
2168 401 2263 461 ET
2294 403 2617 464 EUTYCH.

3542 396 3679 460 1342

423 519 566 586 φῆς,
607 519 688 571 ὅτι
724 519 824 571 οὐκ
859 515 1255 588 ἐγκατελείφθη
1307 518 1339 587 ὴ
1390 515 1534 586 ψυχὴ
1577 514 1742 570 αὑτοῦ
1784 517 1864 578 εἰς
1900 514 1992 567 τὸν

2096 522 2180 568 est
2201 514 2461 571 derelicta
2478 518 2660 570 anima
2689 515 2808 585 ejus
2840 513 2894 567 in
2917 511 3155 576 inferno,
3178 523 3359 579 neque
3388 521 3519 562 caro
3548 505 3667 574 ejus

421 609 578 681 ᾅδην,
620 610 742 663 οὐδὲ
769 612 801 681 ὴ
838 610 973 680 σὰρξ
1003 610 1169 664 αὑτοῦ
1202 609 1313 663 ίδεν
1340 609 1660 678 διαφθοράν.

492 703 552 755 0.
602 701 692 765 Ὠς
734 706 1014 771 πεφυκυῖα
1056 703 1150 756 τοῦ
1208 702 1574 773 φθείρεσθαι,
1640 700 1779 772 πρὸς
1833 699 1995 753 αὑτὸν

420 786 597 858 εἷπον,
629 794 730 847 οὐκ
760 794 869 848 ῖδεν
899 794 1230 865 διαφθοράν;
1265 794 1298 865 ἢ
1347 796 1394 848 εί
1444 796 1521 866 μὴ
1550 793 1729 861 τοῦτο,
1759 794 1992 865 ἀπόκριυ

420 901 531 941 ναι.

492 976 557 1029 Α.
599 974 689 1040 Ὣς
726 976 799 1049 μὴ
835 981 1135 1048 πεφυκυῖα,
1166 979 1330 1045 εὐθὺς
1374 978 1509 1051 μηδέ
1545 977 1824 1041 παντελῶς
1866 977 1998 1031 ὑπο-

422 1067 773 1139 στειλάμενος
791 1110 807 1136 ,
844 1070 972 1140 ἔφη.

492 1248 556 1301 0.
588 1246 820 1311 Οὐκοῦν,
853 1246 1059 1318 ἔλεγον,
1092 1248 1257 1303 ταυτδ
1290 1248 1356 1321 δὴ
1405 1252 1563 1303 τοῦτο
1599 1251 1691 1304 καὶ
1737 1252 1864 1322 περὶ
1895 1250 1997 1319 τῆς

414 1338 600 1407 ψυχῆς
624 1338 838 1410 ἀνάγκη
880 1357 938 1394 σε
978 1341 1193 1404 πάντως
1219 1340 1505 1410 ὁμολογεῖν
1526 1357 1541 1372 ο
1573 1342 1703 1413 περὶ
1744 1342 1853 1413 γάρ
1892 1344 1997 1412 ἀμ-

421 1433 543 1497 φοῖν
569 1433 932 1502 συνημμένως
957 1432 986 1485 ό
1014 1434 1307 1504 προφήτης
1336 1436 1401 1488 ὲκ
1434 1433 1728 1506 προσώπου
1760 1433 1856 1487 τοῦ
1890 1435 1999 1487 Σω-

419 1523 586 1593 τῆρος
622 1523 986 1594 εὐχαριστῶν,
1013 1525 1075 1579 τὸ
1116 1526 1191 1596 μὴ
1237 1526 1737 1597 ἐγκαταλειφθῆναι
1765 1528 1865 1597 τὴν
1893 1527 1996 1597 ψυ-

419 1615 521 1686 χὴν
556 1613 724 1668 αὑτοῦ
748 1616 828 1677 είς
852 1614 945 1669 τὸν
968 1615 1123 1688 ᾅδην,
1158 1617 1296 1689 μηδέ
1321 1617 1424 1689 τὴν
1456 1619 1635 1689 σάρκα
1664 1617 1828 1672 αὐτοῦ
1868 1620 1996 1672 ἰδεῖν

413 1702 715 1774 διαφθορὰν
738 1705 1113 1777 ἀνεφώνησεν.

2100 607 2234 660 vidit
2263 609 2697 677 corruptionem.

2164 698 2228 753 Ο.
2261 699 2544 770 Tanquam
2574 709 2700 770 apta
2726 707 2853 754 nata
2883 696 2951 751 ad
2971 694 3407 763 corruptionem,
3442 690 3669 757 inquam

2093 807 2215 860 ego,
2250 808 2361 847 non
2396 793 2536 847 vidit
2580 788 3027 861 corruptionem?
3062 787 3171 841 Aut
3216 783 3263 838 si
3308 797 3420 836 non
3450 787 3536 834 est
3568 779 3666 844 ita,

2096 886 2387 955 responde.

2166 978 2232 1031 H.
2267 977 2548 1047 Tanquam
2586 991 2692 1031 non
2734 984 2858 1045 apta
2897 980 3092 1028 natura
3131 986 3239 1024 von
3281 967 3423 1021 vidit
3471 980 3663 1020 corru-

2094 1070 2381 1139 ptionem,
2434 1070 2620 1124 statim
2689 1066 2870 1137 inquit
2913 1065 3039 1129 ille,
3092 1061 3232 1116 nihil
3258 1074 3507 1131 ,prorsus
3558 1056 3666 1110 du~

2095 1162 2298 1216 bitans.
2881 1217 2884 1219 Α

2164 1254 2228 1309 0.
2267 1254 2457 1325 Igitur,
2482 1252 2703 1322 inquam
2735 1244 2857 1321 ego,
2890 1249 2996 1303 hoc
3026 1248 3205 1317 ipsum
3236 1244 3402 1300 etiam
3437 1254 3666 1297 necesse

2092 1355 2177 1401 est
2199 1354 2250 1399 te
2274 1346 2343 1400 de
2366 1344 2547 1398 anima
2565 1358 2797 1413 prorsus
2822 1338 3072 1396 conﬁteri
3100 1356 3112 1391 ε
3139 1337 3208 1392 de
3239 1336 3486 1404 utrisque
3515 1332 3667 1387 enim

2094 1439 2390 1508 eonjuncte
2416 1436 2693 1505 Propheta
2720 1450 2789 1489 ex
2816 1447 3055 1504 persona
3090 1427 3395 1485 Salvatoris
3422 1440 3669 1495 pronun-

2096 1531 2254 1586 tiavit
2303 1529 2507 1601 gratias
2537 1543 2745 1599 agens,
2776 1524 2923 1597 quod
2978 1523 3160 1579 anima
3191 1522 3313 1591 ejus
3358 1534 3469 1573 non
3520 1526 3668 1572 esset

2095 1624 2285 1678 relicta
2314 1622 2371 1676 in
2405 1620 2642 1685 inferno,
2674 1633 2855 1689 neque
2888 1630 3017 1671 caro
3043 1614 3163 1685 ejus
3209 1611 3436 1666 vidisset
3474 1623 3667 1665 corru-

2091 1715 2360 1785 ptionem.

487 1818 552 1870 A.
586 1816 711 1923 K‘a‘t'
728 1818 836 1889 γὰρ
871 1818 937 1923 δὴ
972 1820 1066 1923 καῖ
1096 1820 1347 1923 περὶτῆς
1366 1819 1567 1890 ψυχῆς,
1598 1819 1725 1891 ἔφη,
1756 1820 1848 1875 τοῦ
1883 1824 1993 1876 Κυ-

2162 1828 2228 1882 H.
2257 1827 2445 1897 Atqui,
2474 1824 2675 1897 inquit,
2709 1823 2855 1879 idem
2886 1822 2954 1877 de
2989 1819 3172 1876 anima
3199 1815 3414 1872 Domini
3460 1812 3663 1876 dicam,

420 1906 537 1974 ρίου
595 1907 658 1959 τὸ
689 1907 804 1962 ἴσον
846 1908 1058 1979 εἴποιμ’
1092 1910 1179 1977 ἂν,
1225 1911 1308 1965 ὅτι
1343 1911 1505 1979 φύσιν
1556 1910 1657 1964 οὐκ
1710 1907 1855 1981 εἶχεν
1908 1914 1990 1978 είς

415 1999 546 2071 ᾅδου
577 2000 1115 2073 καταλιμπάνεσθαι.

485 2114 548 2165 0.
588 2106 717 2183 ’Ἆρ’
762 2112 880 2178 οὖν,
929 2113 1088 2186 ἔφην,
1125 2113 1247 2168 οὐδέ
1277 2115 1360 2179 είς
1390 2114 1482 2169 τὸν
1522 2116 1656 2189 ᾅδην
1692 2116 1859 2188 αὐτὴν
1891 2135 1991 2172 κα-

412 2205 879 2274 ταπεφοιτηκέναι
914 2205 1179 2277 δώσομεν.

483 2316 550 2371 Α.
571 2315 628 2369 Ὁ
648 2316 725 2383 δὲ,
750 2315 922 2370 Τοῦτο
950 2318 1047 2387 μὲν
1067 2321 1167 2373 οὐκ
1191 2317 1254 2373 ἂν
1283 2320 1598 2394 ἀρνηθείην,
1617 2322 1820 2391 ἔλεγεν,
1850 2342 1987 2396 κρα-

413 2406 626 2462 τεῖσθαί
656 2425 719 2477 γε
757 2407 864 2479 μὴν
895 2408 956 2461 οὐ
988 2409 1202 2479 πέφυκε
1234 2412 1603 2467 παντάπασιν.

486 2525 549 2576 0.
586 2523 963 2593 Παραλλάττει
994 2523 1145 2591 γοῦν,
1173 2523 1333 2595 ἔφην,
1362 2524 1472 2579 τῶν
1495 2525 1780 2598 ἡμετέρων
1802 2527 1992 2599 ψυχῶν

415 2612 558 2667 κατὰ
592 2614 690 2685 τὴν
725 2613 887 2683 φύσιν
919 2616 952 2686 ἡ
982 2614 1075 2667 τοῦ
1104 2616 1314 2687 Κυρίου
1342 2616 1527 2689 ψυχῆς

483 2727 549 2781 Α.
580 2728 694 2797 Οὐχ
736 2728 819 2780 ὄτι
849 2727 1239 2797 παραλλάττει,
1273 2730 1402 2802 ἔφη,
1432 2733 1549 2787 ἀλλ’
1581 2734 1662 2788 ὅτι
1690 2735 1768 2806 τῷ
1799 2736 1991 2807 Κυρίῳ

416 2819 862 2890 συγκεκραμένη,
893 2821 992 2889 τῆς
1015 2820 1108 2874 τοῦ
1131 2821 1257 2892 ᾅδου
1283 2825 1525 2895 κατοχῆς
1559 2827 1867 2899 ὑψηλοτέρα
1895 2829 1991 2882 καὶ

417 2909 685 2981 κρείττων
722 2908 1046 2981 ἐτύγχανεν.

486 3028 550 3079 0.
597 3023 831 3087 Οὐκοῦν,
866 3023 1028 3093 ἔφην,
1056 3024 1117 3077 οὑ
1151 3021 1239 3077 διὰ
1263 3022 1361 3095 τῆν
1394 2988 1596 3095 ἑαυτῆς
1636 3022 1800 3095 φύσιν
1832 3025 1993 3093 (ταύ-

410 3133 515 3185 την
539 3114 647 3186 γὰρ
674 3115 867 3184 ὁμοίαν
906 3112 1053 3185 εἶχεν
1099 3118 1219 3179 ταῖς
1245 3115 1433 3180 ἄλλαις
1473 3117 1711 3179 ἁπάσαις
1740 3116 1987 3188 ψυχαῖς),

2092 1920 2238 1991 quod
2268 1935 2378 1975 non
2413 1918 2655 1974 habebat
2695 1924 2949 1971 naturam
2979 1955 2993 1979 ,
3047 1919 3108 1967 ut
3149 1909 3561 1978 relinqueretur
3604 1903 3665 1957 in

2093 2014 2334 2068 inferno.

2159 2128 2225 2184 0.
2257 2128 2426 2199 Igitur
2449 2167 2465 2192 ,
2500 2126 2725 2196 inquam
2760 2123 2876 2193 ipse
2901 2162 2916 2187 ,
2966 2133 3069 2175 nec
3114 2116 3180 2171 ad
3229 2113 3507 2169 infernum
3539 2124 3663 2165 eam

2090 2221 2446 2279 descendisse
2484 2216 2871 2275 coneedemus.

2162 2334 2228 2389 Η.
2255 2332 2371 2386 Hoc
2399 2346 2549 2396 vero,
2586 2328 2767 2399 inquit
2794 2326 2906 2388 ille,
2953 2339 3066 2379 non
3100 2316 3438 2391 negaverim,
3469 2327 3664 2369 verum

2092 2437 2153 2482 ut
2182 2434 2467 2483 teneretur
2489 2424 2588 2488 ibi,
2613 2438 2727 2477 non
2763 2419 2868 2474 fuit
2889 2426 3015 2489 apta
3047 2413 3290 2485 penitus.

2161 2539 2225 2596 0.
2253 2538 2450 2594 Diﬁ'ert
2470 2536 2657 2606 igitur,
2686 2534 2796 2598 aio,
2817 2532 2886 2587 ab
2912 2529 3110 2585 animis
3131 2526 3337 2581 nostris
3361 2520 3665 2579 secundum

2090 2641 2344 2686 naturam
2371 2630 2553 2685 anima
2579 2625 2809 2683 Christi.

2165 2744 2229 2798 Η.
2277 2742 2399 2797 Νοιι
2429 2739 2559 2810 quia
2597 2737 2818 2801 diﬂ'ert,
2875 2733 3057 2804 inquit
3096 2732 3189 2787 ille
3212 2771 3226 2794 ,
3261 2728 3353 2785 sed
3387 2727 3517 2797 quia
3549 2732 3669 2781 erat

2092 2837 2245 2891 unita
2270 2834 2526 2898 Domino,
2554 2845 2666 2885 non
2696 2836 2914 2901 poterat
2945 2827 3001 2881 in
3041 2824 3235 2880 inieris
3261 2820 3523 2877 detineri.

2160 3035 2225 3088 0.
2262 3035 2381 3090 Non
2417 3033 2603 3104 igitur,
2640 3030 2752 3085 dixi
2780 3044 2902 3099 ego,
2947 3034 3177 3097 propter
3205 3032 3457 3077 naturam
3486 3035 3664 3082 suam,

2092 3128 2234 3183 hanc
2258 3127 2406 3181 enim
2435 3124 2669 3179 similem
2702 3121 2917 3176 caeteris
2955 3118 3214 3174 omnibus
3258 3114 3456 3169 animis
3491 3112 3667 3167 habe-

416 3208 550 3263 ὀλλά
579 3207 669 3264 διὰ
700 3208 799 3280 τὴν
834 3206 931 3262 τοῦ
969 3209 1146 3278 Λόγου
1183 3208 1435 3280 θεότητα,
1493 3209 1616 3280 μεθ’
1647 3203 1716 3280 ἧς
1762 3210 1857 3263 καὶ
1906 3212 1987 3273 είς

2096 3219 2225 3284 bat;
2275 3216 2372 3273 sed
2414 3222 2638 3285 propter
2675 3212 3020 3267 divinitatem
3047 3209 3252 3273 Verbi,
3301 3222 3426 3261 cum
3461 3219 3567 3273 qua
3597 3202 3666 3257 ad

415 3306 545 3375 ᾅδου
609 3302 1022 3374 καταϐέϐηκεν,
1070 3302 1131 3356 οὐ
1180 3302 1275 3356 τοῦ
1325 3302 1646 3374 κρατεῖσθαι
1701 3302 1859 3373 μόνον
1903 3302 1992 3366 ἐξ·

413 3394 607 3466 ῄρητο,
636 3394 772 3447 ἀλλὰ
798 3394 892 3447 καὶ
918 3394 1027 3448 τῶν
1057 3394 1238 3447 ἐκεῖσε
1276 3394 1729 3465 κεκρατημένων,
1762 3394 1858 3448 καὶ
1895 3412 1992 3449 πι⁴

419 3488 761 3539 στευσάντων
799 3485 970 3555 αὐτῷ,
1005 3485 1074 3539 τὰ
1112 3484 1290 3556 δεσμὰ
1324 3485 1568 3541 λέλυκεν.

486 3578 553 3633 Α.
589 3577 777 3640 Οὕτως
811 3572 963 3630 εἶπεν
994 3576 1162 3647 ἔχειν.

489 3693 553 3748 0.
585 3692 665 3747 Τὰ
714 3693 1074 3762 παραπλήσια
1120 3692 1199 3754 δὲ,
1234 3689 1344 3760 ἐγὼ
1374 3687 1529 3745 εἷπον
1552 3733 1568 3758 ,
1598 3690 1695 3745 καὶ
1737 3692 1865 3763 περὶ
1893 3693 1993 3761 τῆς

420 3785 623 3857 σαρκὸς
649 3784 743 3838 τοῦ
786 3786 995 3857 Κυρίου
1038 3787 1179 3837 νοεῖν
1214 3784 1452 3851 ἔξεστιν·
1484 3786 1569 3838 ὄτι
1602 3787 1729 3839 ὅσον
1766 3785 1866 3856 μὲν
1900 3785 1994 3839 ἐπὶ

417 3877 496 3949 τῷ
519 3880 751 3948 όμοφυεῖ
776 3877 878 3945 τῆς
913 3877 1119 3948 σαρκὸς
1159 3875 1351 3936 αὐτοῦ,
1385 3876 1524 3947 πρὸς
1548 3877 1615 3930 τὰ
1643 3877 1756 3931 τῶν
1790 3876 1993 3931 λοιπῶν

419 3971 723 4042 ἀνθρώπων
753 3968 1001 4041 σώματα,
1030 3968 1220 4040 ῶσπερ
1249 3967 1534 4039 τέθνηκεν,
1566 3967 1710 4022 οὕτω
1734 3969 1829 4023 καὶ
1851 3968 1992 4039 φθαο

419 4065 581 4137 ρῆναι
610 4062 858 4135 ἠδύνατο·
886 4063 948 4115 τδ
976 4062 1033 4115 δὲ
1071 4062 1148 4133 μὴ
1180 4060 1454 4133 ἐφθάρθαι
1485 4061 1640 4125 αὐτὸ,
1668 4062 1732 4116 οὐ
1762 4065 1863 4131 τῆς
1890 4062 1995 4131 φύ-

422 4171 562 4216 σεως
608 4153 707 4224 τὴν
761 4152 1122 4224 παραλλαγὴν
1165 4152 1460 4218 δείκνυσιν,
1513 4148 1648 4206 ἀλλὰ
1695 4153 1795 4222 τῆς
1844 4153 1996 4218 θείας

421 4245 597 4316 ῥοπῆς
642 4244 741 4315 τὴν
775 4244 1049 4313 πανσθενῆ
1079 4261 1139 4296 τε
1194 4243 1290 4297 καὶ
1336 4242 1666 4315 δραστήριον
1722 4244 1993 4314 δύναμινο

2093 3308 2298 3366 inferos
2328 3305 2637 3369 descendit,
2664 3320 2776 3359 non
2808 3303 2986 3358 solum
3035 3316 3103 3355 ne
3144 3298 3321 3355 teneri
3350 3306 3555 3367 posset,
3601 3295 3670 3348 li-

2091 3403 2222 3458 bera
2256 3400 2379 3466 fuit,
2410 3398 2506 3453 sed
2530 3412 2723 3452 eorum
2754 3395 2849 3465 qui
2882 3394 2997 3449 illic
3034 3393 3363 3448 tenebantur
3395 3397 3451 3446 et
3482 3386 3668 3443 credi-

2092 3495 2295 3550 derunt
2328 3494 2403 3558 ei,
2431 3490 2649 3546 vincula
2681 3488 2866 3544 solvit.

2165 3588 2230 3642 ll.
2269 3586 2381 3651 Sic,
2416 3584 2617 3654 inquit,
2652 3581 2844 3637 habet.

2165 3701 2228 3758 0.
2273 3701 2507 3763 Similia,
2540 3698 2759 3768 inquam
2782 3710 2904 3767 ego,
2938 3693 3006 3748 de
3026 3707 3193 3749 carne
3218 3688 3434 3746 Domini
3462 3687 3671 3743 intelli-

2093 3809 2223 3866 gere
2255 3794 2423 3859 licet;
2451 3791 2599 3862 quod
2628 3789 2860 3852 scilicet,
2894 3792 3163 3857 quantum
3192 3783 3389 3838 attinet
3413 3780 3479 3835 ad
3516 3780 3673 3835 simi-

2092 3886 2384 3942 litudinem
2441 3883 2624 3939 carnis
2673 3882 2793 3952 ejus
2827 3895 2953 3935 cum
2992 3879 3331 3947 reliquorum
3384 3873 3671 3928 hominum

2092 3978 2443 4049 corporibus,
2471 3975 2615 4031 sicut
2652 3981 2907 4027 mortuus
2940 3980 3045 4034 est,
3082 3969 3164 4023 sic
3197 3968 3362 4023 etiam
3390 3962 3669 4032 corrumpi

2092 4071 2292 4143 potuit.
2340 4067 2462 4123 Non
2505 4065 2676 4121 fuisse
2712 4073 2894 4118 tamen
2921 4068 3249 4130 corruptum
3296 4072 3407 4111 non
3445 4055 3674 4109 demon-

2093 4169 2231 4218 strat
2275 4160 2635 4216 mutationem
2688 4166 2935 4218 naturae,
2988 4153 3086 4208 sed
3139 4150 3574 4219 omnipotentem
3616 4152 3672 4199 et

2092 4255 2367 4311 eﬂicacem
2397 4252 2660 4305 virtutem
2686 4248 2858 4303 divini
2896 4255 3065 4300 nutus
3086 4251 3145 4299 et
3185 4238 3487 4295 voluntatis
3521 4252 3535 4290 :
3567 4236 3675 4290 sic-

418 4339 608 4445 fwmp
635 4336 704 4391 αὖ
726 4336 822 4389 καὶ
852 4335 914 4388 τὺ
942 4336 1035 4389 ἐπὶ
1072 4334 1344 4404 πελάγους
1371 4334 1644 4402 πεζεύειν,
1675 4337 1737 4390 οὐ
1761 4336 1995 4407 δήλωσις

2096 4346 2177 4400 uti
2239 4342 2453 4415 ingredi
2480 4341 2716 4412 pedibus
2749 4352 2916 4407 super
2941 4350 3095 4389 mare
3122 4349 3233 4387 non
3252 4327 3677 4384 fuitdeclaratio

418 4427 488 4499 ἦν
529 4430 633 4500 τῆς
666 4428 884 4499 φύσεως
912 4426 1007 4481 τοῦ
1052 4425 1327 4498 σώματος,
1382 4426 1519 4480 ἀλλά
1573 4428 1862 4499 γνώρισμα
1892 4429 1995 4498 τῆς

2096 4447 2326 4501 naturae,
2360 4435 2455 4491 sed
2484 4433 2751 4489 indicium
2802 4426 3132 4485 divinitatis.
3179 4426 3359 4491 Quare
3390 4429 3673 4476 mortuum

419 4521 675 4591 θεότητος
694 4538 707 4552 ·
740 4518 881 4573 ὥστε
910 4521 971 4572 τὸ
1006 4519 1105 4589 μὲν
1142 4516 1489 4589 τεθνηκέναι,
1523 4520 1623 4590 τῆς
1653 4519 1867 4588 φύσεως
1895 4520 1990 4575 τοῦ

2099 4530 2322 4601 quidem
2356 4542 2479 4583 esse
2520 4523 2802 4595 pr0prium
2842 4521 2946 4575 fuit
2972 4527 3187 4574 natura:
3222 4513 3505 4583 corporis;
3552 4526 3676 4565 eor-

423 4610 717 4682 σώματος,
757 4613 920 4666 ἵδιοψ
970 4610 1031 4663 τὸ
1074 4610 1130 4664 δὲ
1190 4608 1265 4680 μὴ
1323 4609 1597 4682 ἐφθάρθαι
1661 4611 1830 4679 αὐτὸ,
1895 4614 1995 4684 τῆς

2098 4630 2324 4691 ruptum
2369 4632 2501 4672 vero
2548 4629 2660 4670 non
2728 4614 2935 4678 fuisse,
3004 4607 3309 4680 potentiam
3370 4602 3679 4659 divinitatis

424 4703 680 4774 θεότητος
735 4702 831 4775 τὴν
880 4702 1114 4772 δύναμιν
1145 4700 1452 4771 σημαίνειν.

493 4819 558 4870 Δ.
590 4817 779 4880 Οὕτως
822 4815 968 4886 ἔχειν
997 4816 1092 4869 καὶ
1120 4813 1282 4877 αὐτὸς
1308 4810 1484 4885 οἶμαι.

493 4909 559 4962 0.
588 4906 703 4959 Καὶ
750 4905 803 4959 τί
847 4906 911 4974 δή
942 4922 1073 4958 ποτε
1097 4945 1112 4967 ,
1148 4904 1285 4974 πρὸς
1329 4904 1493 4958 αὐτὸν
1534 4899 1688 4958 εἷπον
1711 4945 1728 4970 ,
1778 4905 1999 4975 Ὀρθῶς

422 4998 804 5068 προσφέρων,
844 4996 929 5067 μὴ
961 4996 1148 5065 ὀρθῶς
1178 4995 1277 5050 καί
1304 4992 1550 5063 διαιρεῖς
1569 5014 1589 5062 ;
1624 4996 1768 5051 κατὰ
1807 4999 1869 5051 τὸ
1909 4997 2001 5052 λό-

2098 4708 2465 4781 signiﬁcabat.

2175 4827 2240 4881 ll.
2281 4824 2393 4889 Sic,
2430 4821 2629 4891 inquit,
2671 4828 2726 4873 et
2774 4818 2890 4888 ipse
2930 4813 3147 4884 Opinor.

2167 4920 2233 4975 0.
2264 4916 2405 4984 Quid
2434 4930 2590 4985 ergo,
2622 4915 2846 4981 inquam
2875 4924 2977 4978 ego
3019 4906 3119 4971 illi,
3167 4903 3297 4960 Cum
3340 4910 3478 4955 recte
3500 4901 3674 4970 oﬂ‘ers.

2102 5025 2205 5063 non
2241 5013 2377 5061 recte
2418 5003 2603 5058 dividis
2630 5002 2654 5054 ?
2687 5009 2748 5055 ut
2790 4999 2867 5053 ait
2893 4997 3175 5066 Scriptura
3202 4994 3246 5026 "'
3277 5009 3290 5044 :
3328 4990 3524 5044 tribuis
3553 4986 3679 5056 qui-

424 5108 564 5159 γιον,
599 5089 884 5153 ἀποδιδοὺς
933 5091 998 5161 τῇ
1040 5088 1203 5160 σαρκὶ
1253 5088 1353 5160 μέν
1404 5088 1474 5142 τὰ
1500 5090 1599 5159 τῆς
1646 5088 1884 5158 φύσεως,
1932 5089 1995 5146 τὰ

2100 5100 2227 5155 dem
2258 5095 2409 5151 carni
2445 5108 2567 5158 qam
2608 5100 2822 5146 natura:
2865 5094 3033 5151 sunt;
3062 5099 3183 5153 quae
3212 5096 3345 5134 vero
3380 5092 3544 5147 supra
3572 5091 3674 5128 na-

421 5182 480 5237 δέ
510 5181 653 5252 ὑπὲρ
681 5181 850 5254 αὐτὴν
879 5184 946 5252 τῇ
978 5182 1276 5253 ἀπορρήτῳ
1312 5181 1407 5236 τοῦ
1438 5181 1613 5250 Λόγου
1644 5182 1739 5237 καὶ
1761 5181 1998 5255 ὕπερου-

426 5277 528 5345 σίῳ
556 5275 810 5347 δυνάμει.
844 5274 1033 5348 Ταύτῃ
1068 5275 1178 5346 γὰρ
1215 5275 1315 5347 ἔσῃ
1341 5279 1436 5330 καὶ
1475 5276 1575 5347 τὴν
1599 5276 1711 5332 τῶν
1736 5277 1998 5350 ἀνωτέρω

425 5367 608 5437 ῥητῶν
641 5367 939 5437 διαφωνίαν
982 5366 1415 5436 ἐπιλυσάμενος,
1460 5369 1555 5422 καὶ
1591 5367 1693 5438 τῆς
1737 5369 1999 5439 ἀληθείας

422 5458 845 5531 καταστοχάσῃ·
879 5456 1238 5526 συνειλῆφθαι
1287 5456 1386 5527 μὲν
1421 5459 1585 5512 αὑτὸν
1626 5460 1683 5513 ἐν
1722 5462 1842 5522 ταῖς
1877 5460 1997 5513 δια-

426 5548 661 5618 φθοραῖς
692 5550 852 5620 ήμῶν
890 5550 952 5603 τὸ
992 5549 1297 5619 πεφυκέναι
1324 5546 1520 5619 λέγων,
1570 5549 1663 5605 καὶ
1694 5551 2000 5621 κατεληλυο

430 5638 581 5695 οέναι
611 5643 692 5706 είς
716 5640 1036 5713 διαφθορὰν,
1063 5642 1122 5695 ἐν
1145 5644 1260 5707 τοῖς
1307 5644 1657 5718 φθοροποιοῖς
1708 5644 1998 5716 γενόμενον

496 5816 542 5849 ν
573 5814 711 5873 Gen.
755 5832 830 5886 tv,
858 5817 889 5873 7
916 5833 1026 5874 sec.
1060 5817 1221 5873 LXX.

2107 5199 2283 5245 turam
2314 5196 2462 5245 sunt.
2493 5183 2751 5255 potentiae
2774 5179 2939 5234 Verbi
2970 5192 3093 5247 qua:
3118 5188 3279 5242 supra
3309 5166 3674 5225 substantiam

2098 5291 2190 5339 est
2212 5283 2235 5335 ’ἶ
2258 5280 2373 5335 lloc
2397 5278 2546 5333 enim
2582 5274 2746 5329 modo
2779 5269 3129 5341 superiorum
3155 5263 3539 5319 auctoritatum
3565 5259 3679 5314 dis-

2103 5368 2442 5440 crepantiam
2485 5366 2665 5419 solves
2687 5403 2702 5427 ,
2746 5369 2801 5416 et
2833 5359 3121 5415 veritatem
3147 5351 3500 5423 assequeris:
3526 5363 3680 5405 com-

2105 5462 2442 5534 prehensum
2482 5455 2706 5526 quidem
2740 5468 2861 5508 esse
2896 5452 2951 5505 in
2982 5444 3437 5517 corruptionibus
3470 5439 3678 5496 nostris

2104 5550 2445 5623 signiﬁcabat
2488 5545 2633 5616 quod
2662 5551 2873 5599 naturae
2897 5543 3113 5597 inerat:
3149 5534 3502 5594 descendisse
3544 5546 3676 5585 vero

2106 5648 2161 5702 in
2193 5640 2603 5712 corruptionem
2632 5676 2647 5702 ,
2708 5633 3049 5707 signiﬁcabat
3096 5628 3315 5685 venisse
3355 5624 3421 5680 ad
3452 5623 3573 5680 loca
3616 5631 3673 5675 et
