4120 6448
505 375 640 441 1343

1770 364 2081 426 LEONTII
2123 364 2531 427 BYZANTINI

3631 377 3769 442 13M

503 505 590 544 res
606 493 1029 556 corrumpentes
1052 501 1063 537 :
1094 499 1202 537 non
1227 479 1428 536 vidisse
1449 479 1886 549 corruptionem,
1910 475 2071 547 signi-

2181 476 2274 528 καὶ
2294 478 2483 542 τόποις
2529 478 2623 532 καὶ
2666 479 2989 550 πράγμασι·
3033 482 3107 552 μὴ
3159 483 3286 537 ἰδεῖν
3332 485 3390 538 δὲ
3439 485 3763 557 διαφθορὰν,

506 582 630 635 licat
658 596 767 634 non
794 593 915 633 esse
948 586 1239 647 expertum
1274 573 1691 643 corruptionem
1732 570 1912 625 Verbo
1956 585 2083 639 pro-

505 673 765 737 hibente;
804 680 864 724 ut
901 671 972 724 sit
1025 670 1131 724 hoc
1179 667 1346 722 etiam
1394 681 1520 721 cum
1566 663 1690 718 aliis
1740 662 2082 733 praecipuum

504 776 705 815 munus
734 758 925 829 gratia:
955 758 1010 812 in
1042 756 1475 820 resurrectione,
1511 762 1695 825 coepta
1740 753 1965 823 quidem
1997 752 2084 806 in-

500 851 968 921 corruptibilitate
998 850 1066 905 ab
1100 849 1219 919 ipso
1254 858 1310 903 et
1334 850 1389 903 in
1436 849 1577 918 ipso,
1624 846 1957 918 pervadente
1984 862 2083 900 au-

503 953 611 999 tem
636 957 693 1000 et
722 958 1022 1014 pervasura
1053 958 1229 1012 usque
1258 941 1313 995 in
1346 956 1567 995 omnem
1598 940 1899 994 humanam
1932 954 2080 992 mas-

500 1052 617 1091 sam
643 1077 658 1100 ,
694 1037 856 1107 cujus
889 1035 1009 1106 ipse
1037 1038 1217 1090 factus
1245 1035 1526 1107 primitiae,
1550 1034 1608 1088 in
1640 1047 1699 1088 se
1728 1039 1901 1086 totam
1936 1046 2082 1085 mas-

500 1145 616 1183 sam
648 1129 1023 1184 fermentavit.

572 1220 638 1275 ﬂ.
671 1219 957 1276 Christum
1010 1220 1235 1290 quidem
1286 1234 1509 1289 passum
1556 1234 1716 1280 esse,
1779 1217 1836 1271 in
1893 1216 2080 1270 divina

500 1312 810 1383 Scriptura,
836 1330 959 1384 quae
990 1315 1094 1369 hoc
1122 1314 1279 1377 dicit,
1317 1312 1729 1376 audivimus,et
1756 1309 2076 1380 passibilem

498 1420 622 1461 esse
662 1406 969 1461 secundum
998 1420 1224 1461 carnem
1268 1404 1553 1460 Christum
1600 1418 1831 1473 magnus
1874 1403 2078 1457 Paulus

499 1496 794 1562 pradicat;
825 1497 1243 1567 corruptibilem
1259 1505 1445 1551 tamen
1463 1511 1585 1551 esse
1599 1495 1905 1559 Christum,
1927 1494 2077 1548 nulla

500 1586 784 1656 Scriptura
816 1587 897 1641 sic
925 1587 1219 1657 explanate
1245 1597 1301 1641 et
1328 1586 1477 1641 nuda
1520 1601 1657 1641 voce
1680 1584 1930 1639 tradidit.
1959 1583 2077 1638 Non

499 1681 649 1735 enim
702 1681 928 1736 omnino
962 1682 1069 1736 hoc
1106 1681 1350 1736 declarat
1381 1679 1518 1735 illud
1545 1719 1561 1746 ,
1613 1678 2076 1749 comprehensum

498 1784 621 1825 esse
651 1770 707 1824 in
741 1771 1122 1841 corruptione.

566 1864 632 1919 0.
666 1864 929 1934 Nunquid
976 1866 1165 1936 igitur,
1207 1863 1319 1919 dixi
1347 1863 1448 1928 illi,
1481 1863 1660 1919 solum
1698 1877 1920 1933 passum
1950 1876 2075 1917 esse

495 1971 624 2010 eum
657 1954 943 2025 Scriptura
970 1956 1130 2019 dixit,
1170 1970 1242 2009 an
1281 1954 1449 2009 etiam
1502 1952 1810 2008 secundum
1849 1966 2074 2007 carnem

494 2056 687 2102 natum
714 2062 785 2101 ex
813 2047 1080 2119 Virgine?

566 2137 634 2192 Η.
669 2138 738 2191 Et
767 2138 873 2193 hoc
893 2179 909 2205 ,
942 2138 1142 2208 inquit,
1175 2152 1370 2192 eorum
1395 2146 1484 2192 est
1511 2153 1635 2208 qua:
1662 2135 2071 2192 conceduntur.

494 2229 718 2301 Alioqui
743 2229 1023 2300 quomodo
1065 2230 1508 2300 iutelligeremus
1535 2228 1671 2282 illud
1700 2246 1712 2281 :
1738 2227 1895 2282 Liber
1918 2243 2077 2299 gene-

496 2329 719 2383 rationis
749 2325 874 2380 Jesu
907 2324 1101 2380 Christi
1126 2324 1171 2355 ¹⁸
1198 2324 1221 2377 ἳ

563 2418 629 2475 0.
666 2418 831 2488 Ergo,
853 2416 965 2471 dixi
994 2417 1096 2481 illi,
1120 2416 1187 2471 ad
1216 2414 1529 2485 passionem
1551 2421 1765 2485 spectat
1793 2410 2075 2484 generatio

492 2511 618 2583 ejus
662 2511 734 2565 ab
765 2509 1053 2578 Scriptura
1088 2508 1431 2579 praedicata?

564 2602 632 2658 Π.
682 2601 989 2664 Assentior,
1027 2600 1227 2669 inquit.

561 2693 628 2748 0.
666 2692 849 2760 Quid?
878 2693 1141 2761 inquam,
1184 2704 1367 2745 annon
1434 2687 1752 2758 accepimus
1798 2701 1867 2743 ex
1924 2684 2076 2742 Scri-

492 2794 653 2858 ptura
687 2784 1057 2839 accretionem
1089 2781 1340 2851 corporis
1367 2781 1528 2852 ejus?

564 2876 630 2931 Η.
658 2876 912 2941 Maxime,
938 2874 1141 2945 inquit.

560 2966 627 3023 Ο.
657 2967 811 3022 lllam
837 2981 990 3029 vero,
1033 2965 1257 3034 inquam
1285 2979 1407 3035 ego.
1452 2979 1619 3033 quam
1667 2962 1847 3017 exteri
1890 2963 2073 3033 philo-

491 3058 651 3129 sophi
681 3066 878 3113 vocant
907 3056 1213 3120 ἀλλοίωσιν,
1244 3054 1531 3110 existimas
1564 3070 1632 3110 ex
1677 3062 1949 3124 potestate
1976 3070 2073 3125 pa-

492 3152 662 3208 tiendi
693 3150 990 3222 proﬁcisci,
1012 3166 1082 3205 an
1105 3149 1256 3204 non?

561 3244 631 3300 Π.
676 3244 745 3298 Et
774 3243 890 3306 ubi,
926 3240 1143 3310 inquit,
1181 3240 1237 3294 in
1263 3239 1549 3309 Scriptura
1574 3238 1680 3293 hoc
1711 3238 2068 3309 reperimus?

558 3337 624 3393 Ο.
670 3336 755 3391 Ah
800 3336 920 3405 ipso
941 3375 955 3400 ,
1007 3335 1229 3404 inquam
1250 3375 1264 3397 ,
1296 3332 1478 3387 Verbo
1514 3332 1744 3388 salutari
1776 3331 2068 3396 docemur,

488 3444 616 3486 cum
641 3438 831 3499 aperte
859 3427 995 3482 dicit
1020 3443 1034 3479 :
1058 3425 1286 3497 Spiritus
1312 3432 1583 3495 promptus
1617 3432 1713 3489 est,
1737 3438 1862 3476 caro
1891 3430 2070 3475 autem

488 3523 708 3593 inﬁrma
740 3524 807 3578 ".
857 3522 926 3576 Et
983 3535 1175 3575 rursus
1219 3518 1288 3573 de
1333 3533 1401 3573 eo
1443 3517 1523 3572 ait
1576 3516 1917 3586 Apostolus:
1952 3515 2070 3569 Etsi

488 3613 771 3684 cruciﬁxus
797 3620 871 3667 est
894 3627 956 3666 ex
979 3611 1315 3680 infirmitate,
1336 3609 1431 3663 sed
1452 3610 1576 3662 vivit
1596 3623 1659 3661 ea:
1678 3605 1977 3660 virtuteDei
1999 3605 2066 3658 ³⁸.

487 3707 634 3775 Quid
666 3714 851 3760 autem
895 3702 1049 3758 aliud
1087 3712 1172 3757 est
1210 3701 1503 3755 inﬁrmitas
1528 3741 1543 3765 ,
1582 3714 1748 3768 quam
1806 3697 2070 3768 potentia:

486 3797 795 3855 secundum
827 3794 1082 3850 habitum
1112 3792 1350 3847 variatio
1371 3800 1428 3846 et
1451 3790 1723 3845 mutatio?
1747 3789 1815 3843 Et
1837 3801 2070 3858 magnus

487 3891 657 3948 Isaias
684 3890 762 3945 ait
795 3907 808 3943 :
844 3887 1012 3943 Homo
1032 3889 1087 3943 in
1119 3886 1282 3957 plaga
1312 3884 1567 3939 exsistens
1587 3922 1602 3948 ,
1646 3887 1695 3935 et
1729 3880 1896 3935 sciens
1930 3880 2068 3950 ferre

484 3982 877 4053 inﬁrmitatem.
900 3980 969 4035 Et
994 3981 1158 4050 paulo
1180 3986 1309 4033 ante
1334 3996 1346 4031 :
1378 3975 1443 4029 Et
1471 3975 1698 4029 vidimus
1718 3989 1859 4038 eum,
1887 3982 1936 4026 et
1963 3988 2068 4026 non

484 4076 709 4131 habebat
755 4075 977 4145 speciem
1036 4087 1205 4141 neque
1244 4070 1485 4122 decorem
1522 4085 1534 4121 :
1566 4066 1658 4120 sed
1715 4067 1911 4136 species
1954 4064 2066 4134 ejus

485 4171 837 4233 inhonorata,
885 4174 934 4221 et
973 4164 1217 4234 deﬁciens
1252 4170 1443 4235 praeter
1486 4160 1625 4229 ﬁlios
1680 4160 1953 4214 hominum
1996 4158 2063 4211 ".

485 4264 571 4319 An
612 4260 763 4318 aliud
809 4269 896 4316 est
943 4260 1132 4315 dicere
1160 4256 1528 4313 defectionem
1560 4264 1618 4309 et
1662 4253 2064 4316 inﬁrmitatem,

484 4371 651 4425 quam
706 4352 1149 4408 immutationem
1200 4365 1364 4420 quam
1435 4362 1639 4418 corpus
1682 4362 1750 4401 ex
1810 4347 2066 4416 passione

484 4445 753 4502 sustinuit
798 4445 986 4500 colore
1016 4442 1298 4514 privatum
1323 4481 1338 4507 ,
1384 4448 1441 4495 et
1473 4440 1716 4495 colorem
1747 4440 1802 4492 in
1832 4454 2065 4509 corpore

2183 568 2283 639 τὴν
2324 569 2530 643 ταύτης
2584 573 2783 643 πεῖραν
2834 575 2931 627 τοῦ
2982 575 3161 643 Λόγου
3206 577 3580 648 κωλύσαντος,
3630 581 3761 658 ῖν“ᾕ

2188 660 2327 730 μετὰ
2352 662 2465 715 τῶν
2496 662 2672 717 ἄλλων
2705 665 2799 719 καὶ
2824 665 2984 720 τοῦτο
3015 667 3113 737 τῆς
3146 670 3288 724 κατὰ
3333 671 3435 740 τὴν
3467 673 3763 729 ἀνάστασιν

2183 754 2431 827 χάριτος.
2465 756 2528 809 τὸ
2559 756 2838 829 ἐξαίρετον
2877 758 3138 830 δώρημαο
3172 762 3489 834 ἀρξαμένης
3532 766 3632 835 μὲν
3664 768 3763 821 ἀπ’

2183 846 2350 899 αὐτοῦ
2382 848 2475 900 καὶ
2509 849 2567 901 ὲν
2592 849 2740 920 αὐτῷ
2766 851 2865 919 τῆς
2893 851 3227 922 ἀφθαρσίας,
3265 853 3535 926 διαδάσης
3562 856 3621 908 δὲ
3665 858 3766 913 καὶ

2181 936 2586 1011 διαῦησομένης
2620 941 2787 1012 μέχρι
2823 942 3024 1006 παντὸς
3067 944 3162 997 τοῦ
3196 945 3542 1015 ἀνθρωπίνου
3581 949 3764 1018 φυρά-

2186 1044 2389 1097 ματος·
2430 1022 2491 1083 οὗ
2528 1032 2626 1084 καὶ
2660 1032 2891 1103 ἀπαρχὴ
2924 1031 3190 1103 γεγονὼς,
3221 1037 3301 1098 εἰς
3341 1037 3535 1090 ἑαυτὸν
3563 1037 3765 1102 ἀνεζύ-

2184 1136 2368 1190 μωσεν
2393 1123 2489 1175 καὶ
2513 1121 2574 1175 τὸ
2597 1123 2719 1176 ὅλον
2755 1123 3010 1196 φύραμα.

2250 1212 2317 1267 Α.
2344 1212 2448 1267 Τὸν
2476 1214 2574 1283 μὲν
2598 1216 2859 1286 Χριστὸν,
2886 1218 3018 1289 ἔφη,
3063 1220 3399 1275 πεπονθέναι
3418 1259 3435 1281 .
3461 1220 3562 1290 τῆς
3609 1220 3767 1284 θείας

2182 1302 2502 1375 ἠκούσαμεν
2543 1306 2814 1379 λεγούσης
2845 1310 3073 1383 Γραφῆς
3092 1330 3107 1345 ·
3139 1314 3236 1368 καὶ
3259 1314 3320 1368 τὸ
3347 1314 3593 1384 παθητὸν
3621 1309 3765 1369 εἶναι

2185 1395 2330 1449 κατὰ
2371 1398 2549 1469 σάρκα
2577 1399 2670 1452 τὸν
2700 1401 2957 1471 Χριστὸν,
2983 1406 3017 1475 ἡ
3046 1404 3260 1458 Παύλου
3324 1406 3654 1476 μεγαλόνοια
3684 1408 3766 1461 δι-

2184 1488 2438 1558 αγορεύει
2458 1505 2472 1519 ·
2499 1491 2560 1544 τὸ
2590 1491 2776 1561 μέντοι
2812 1495 3050 1565 φθαρτὸν
3079 1491 3219 1551 εἶναι
3248 1498 3339 1551 τὸν
3376 1498 3634 1569 Χριστὸν,
3668 1500 3767 1553 οὐκ

2178 1580 2343 1651 δεμια
2384 1582 2578 1655 Γραφὴ
2608 1585 2827 1656 τρανῶς
2855 1586 3000 1641 οὕτω
3032 1590 3129 1642 καὶ
3156 1592 3339 1660 γυμνῇ
3377 1593 3445 1660 τῇ
3479 1592 3631 1661 φωνῇ
3661 1606 3767 1644 πα-

2181 1674 2581 1744 ραδέδιυκενόύ
2605 1679 2715 1749 γὰρ
2741 1679 2802 1733 τὸ
2835 1680 3217 1754 συλληφθῆναι
3248 1683 3415 1736 αὐτὸν
3445 1685 3505 1736 ἐν
3536 1682 3765 1753 διαφθο-

2184 1766 2252 1836 ρᾷ
2281 1764 2501 1830 πάντως
2531 1767 2694 1822 τοῦτο
2720 1769 2897 1839 δηλοῖ.

2110 1832 2151 1888 Β
2251 1857 2312 1911 0.
2344 1854 2469 1929 Ἆρ’
2509 1856 2623 1923 οὖν,
2670 1860 2809 1931 πρὸς
2853 1863 3064 1916 ἐκεῖνον
3108 1856 3286 1929 εἶπον,
3338 1865 3402 1919 τὸ
3435 1865 3768 1921 πεπονθέναι

2184 1950 2345 2018 μόνον
2379 1951 2544 2004 αὑτὸν
2578 1953 2613 2022 ἡ
2660 1952 2852 2023 Γραφὴ
2887 1953 3245 2026 διηγόρευσεν
3266 1995 3284 2021 ,
3318 1957 3352 2028 ἢ
3385 1957 3480 2012 καὶ
3512 1958 3574 2012 τὸ
3605 1974 3769 2027 γεγα-

2180 2042 2379 2113 νῆσθαι
2411 2044 2553 2099 κατὰ
2582 2046 2765 2116 σάρκα
2797 2048 2861 2099 ὲκ
2891 2046 3210 2115 Παρθένους

2251 2136 2317 2189 Α.
2346 2136 2459 2190 Καὶ
2484 2135 2665 2201 τοῦτο,
2688 2137 2817 2208 ἔφη,
2843 2136 2953 2191 τῶν
2984 2140 3438 2212 ὁμολογουμένων
3463 2143 3602 2196 ἐστι.
3638 2142 3766 2206 Πῶς

2181 2226 2291 2298 γὰρ
2314 2226 2380 2281 ἂν
2406 2226 2581 2292 ἄλλως
2601 2229 2900 2300 νοήσαιμεν
2916 2227 2997 2294 τὺ,
3012 2230 3232 2298 Βίϐλος
3258 2233 3550 2303 γενέσεως
3564 2232 3765 2301 Ἰησοῦ

2183 2319 2441 2389 Χριστοῦ
2455 2335 2475 2385 ;

2252 2415 2316 2468 0.
2349 2413 2579 2478 Οὐκοῦν,
2621 2408 2798 2481 εἷπον,
2824 2416 2963 2487 πρὸς
2988 2417 3049 2471 τὸ
3092 2418 3447 2480 πεπονθέναι,
3482 2419 3579 2473 καὶ
3609 2418 3768 2489 γένεο

2183 2522 2269 2569 σις
2297 2506 2466 2561 αὑτοῦ
2499 2507 2651 2579 παρὰ
2674 2511 2774 2579 τῆς
2809 2509 3037 2581 Γραφῆς
3072 2512 3508 2581 καταγγέλλεται
3534 2529 3549 2579 ;

2243 2602 2311 2653 A-
2345 2599 2634 2670 Σύμφημιν
2670 2600 2802 2671 εφη-

2251 2692 2310 2745 0.
2362 2691 2428 2745 Τί
2478 2690 2571 2757 δές
2608 2692 2731 2762 οὐχὶ
2781 2692 2877 2747 καὶ
2914 2694 3145 2766 αὔξησιν
3195 2694 3363 2749 αὐτοῦ
3412 2694 3763 2766 σωματικὴν,

2179 2775 2356 2846 εἷπον,
2392 2782 2458 2836 ὲκ
2484 2783 2589 2852 τῆς
2613 2784 2841 2855 Γραφῆς
2871 2786 3336 2858 παρειλήφαμεν;

2249 2874 2317 2928 Α.
2346 2873 2497 2927 Πάνυ
2530 2876 2629 2944 μὲν
2665 2873 2781 2944 οὖν,
2816 2878 2943 2949 ἔφη.

2252 2967 2314 3022 0.
2357 2966 2470 3039 Τὴν
2500 2968 2558 3022 δὲ
2590 2969 2749 3041 παρὰ
2789 2970 2901 3027 τῶν
2943 2971 3147 3038 ἔξωθεν
3176 2973 3480 3044 λεγομένην
3505 2974 3764 3030 ἀλλοιω-

2179 3074 2306 3125 σιν,
2340 3055 2495 3113 εἷπον
2528 3061 2707 3130 ἔγωγε
2757 3064 2895 3136 πρὸς
2948 3065 3153 3131 αὑτὸν,
3208 3069 3273 3121 ὲκ
3326 3066 3636 3141 παθητικῆς
3674 3069 3763 3140 οἵῃ

2099 3188 2143 3247 c
2178 3151 2464 3223 δυνάμεως
2491 3154 2803 3221 τίκτεσθαι,
2842 3156 2875 3229 ἢ
2912 3156 3021 3225 οὕ;

2245 3245 2310 3298 Α.
2337 3245 2447 3298 Καὶ
2482 3245 2591 3299 ποῦ
2618 3247 2721 3315 τῆς
2756 3248 2987 3319 Γραφῆς
3022 3251 3085 3305 τὸ
3106 3250 3350 3305 τοιοῦτον
3375 3251 3612 3323 εὕρομεν
3638 3269 3655 3319 ;

2243 3337 2308 3391 0.
2355 3336 2501 3407 Πρὸς
2544 3337 2709 3392 αὐτοῦ
2761 3357 2829 3408 γε
2856 3381 2873 3406 ,
2896 3337 3053 3396 εἶπον
3078 3383 3094 3407 ,
3124 3342 3221 3397 τοῦ
3257 3344 3531 3415 σωτηρίου
3584 3344 3764 3413 Λόγου

2174 3429 2714 3501 μυσταγωγούμεθα.
2734 3434 2804 3486 Τὸ
2829 3434 3073 3504 Πνεῦμα
3102 3436 3435 3504 πρόθυμον,
3456 3438 3493 3504 ἢ
3510 3436 3578 3489 δὲ
3604 3437 3766 3505 σὰρξ

2170 3519 2464 3587 ἀσθενὴς,
2492 3522 2756 3593 ἄντικρυς
2786 3522 3059 3591 λέγοντος.
3094 3525 3203 3578 Καὶ
3241 3525 3403 3578 πάλιν
3436 3525 3567 3597 περὶ
3595 3525 3764 3579 αὑτοῦ

2169 3611 2198 3663 ὁ
2227 3611 2369 3676 θεῖος
2408 3613 2756 3678 Ἀπόστολος,
2808 3617 2878 3671 Et
2929 3616 3031 3671 καὶ
3077 3617 3431 3687 ἐσταυρώθη
3465 3619 3534 3684 ἐξ
3577 3619 3764 3673 ἀσθε-

2168 3709 2357 3773 νειίις,
2394 3708 2557 3764 ἀλλὰ
2585 3708 2654 3779 ζῇ
2681 3710 2750 3763 ἐκ
2780 3711 3113 3780 δυνάμεως.
3156 3712 3440 3767 Ἀσθένεια
3472 3712 3528 3764 δὲ
3558 3712 3612 3765 τι
3640 3712 3762 3766 ἓτε-

2172 3798 2265 3871 ρόν
2297 3801 2468 3863 ἐστιν.
2507 3800 2540 3872 ἦ
2587 3800 2688 3870 τῆς
2724 3799 2847 3854 καθ’
2884 3800 2999 3867 ἕξιν
3028 3800 3314 3870 δυνάμεως
3348 3801 3633 3865 ἀλλοίωσις
3668 3804 3764 3857 καὶ

2172 3892 2445 3964 μεταϐολή
2472 3908 2488 3959 ;
2518 3894 2613 3947 καὶ
2646 3894 2675 3947 ὁ
2709 3893 2887 3963 μέγας
2912 3894 2971 3947 δὲ
3014 3893 3243 3957 Ἡσαΐας
3276 3896 3442 3963 φησίν
3469 3911 3482 3923 ·
3511 3898 3765 3962 Ἀνθρω-

2168 4001 2283 4049 πος
2317 3984 2387 4038 ἐν·
2414 3983 2625 4055 πληγῇ
2660 3983 2765 4048 ὢν,
2813 3985 2916 4038 καὶ
2958 3986 3134 4050 εἰδὼς
3180 3986 3387 4055 φέρειν
3427 3987 3759 4055 palata/ar.

2167 4074 2279 4128 Kal.
2309 4076 2429 4145 μετ’
2459 4074 2618 4144 ὀλίγα
2637 4091 2653 4108 ⁸
2689 4075 2799 4129 Καὶ
2830 4075 3041 4146 ἴδομεν
3071 4077 3282 4143 αὑτὸν,
3319 4078 3417 4131 καὶ
3446 4081 3557 4132 οὑκ
3594 4076 3763 4147 εἶχεν

2167 4164 2326 4235 εἶδος
2351 4167 2496 4223 οὐδὲ
2524 4168 2745 4233 δόξαν-ο
2777 4169 2938 4224 ἀλλὰ
2967 4169 3035 4223 τὸ
3073 4165 3231 4237 εἶδος
3278 4165 3470 4225 αὑτοῦ
3521 4173 3757 4242 ἄτιμον,

2169 4261 2267 4314 καὶ
2298 4260 2589 4316 ἐκλεῖπον
2627 4261 2790 4330 παρὰ
2849 4261 2993 4329 τοὺς
3039 4262 3211 4328 υἱοὺς
3255 4262 3375 4315 τῶν
3407 4264 3753 4333 ἀνθρώπων.

2166 4347 2295 4425 Ἆρ’
2320 4348 2415 4406 οὗν
2445 4353 2575 4408 ἄλλο
2601 4353 2655 4407 τί
2688 4353 2820 4407 ποτέ
2853 4356 3001 4408 ἐστιν
3031 4355 3220 4409 καλεῖν
3256 4356 3499 4425 ἔκλειψιν
3535 4358 3629 4410 καὶ
3659 4375 3759 4426 μα-

2168 4444 2383 4507 λακίαν,
2429 4444 2461 4514 ἢ
2504 4444 2604 4516 τὴν
2651 4446 2717 4498 ὲκ
2756 4445 2962 4509 πάθους
3008 4446 3334 4513 ἀλλοίωσιν,
3371 4448 3439 4520 ἦν
3487 4449 3549 4501 τὸ
3594 4450 3754 4519 σῶμα

485 4537 813 4593 naturaliter
836 4536 1219 4591 ﬂorescean
1250 4549 1358 4587 non
1384 4548 1630 4597 servans,
1665 4533 1849 4587 calore
1894 4533 1948 4586 in
1976 4532 2063 4589 in-

2173 4536 2440 4592 πέπονθεν
2463 4537 2665 4609 ἄχρουν
2684 4555 2744 4592 τε
2767 4540 3081 4609 γενόμενον,
3108 4540 3203 4593 καὶ
3228 4541 3288 4592 τὸ
3315 4541 3558 4610 φυσικῶς
3585 4544 3755 4595 ἐπαν-

486 4631 684 4685 timum
734 4636 999 4683 revocato
1030 4668 1045 4693 ,
1121 4636 1177 4681 et
1226 4626 1523 4695 superﬁcie
1571 4633 1797 4695 propter
1845 4634 2065 4679 contra-

483 4726 728 4780 ctionem
771 4720 1052 4792 sanguinis
1079 4720 1425 4791 refrigerata,
1454 4727 1511 4774 et
1540 4718 1596 4772 in
1646 4718 1917 4788 pallorem
1942 4732 2065 4771 mu-

487 4824 601 4871 tata
622 4815 646 4869 ?

556 4995 624 5051 Η.
655 4993 897 5065 Optime,
942 4990 1144 5061 inquit,
1172 4989 1334 5056 dicis,
1367 4997 1424 5044 et
1454 4988 1593 5044 mihi
1621 4987 2065 5067 viderisimitari

485 5102 745 5160 magnum
780 5083 1041 5139 Basiliam
1062 5123 1077 5150 ,
1108 5081 1395 5154 passiones
1425 5082 1676 5154 corporis
1709 5082 1937 5154 physice
1967 5082 2063 5138 de-

484 5183 845 5238 scribentem.

552 5272 618 5328 0.
650 5272 765 5326 Nee
797 5268 949 5324 aliud
987 5268 1121 5341 quid
1160 5284 1353 5324 eorum
1403 5284 1527 5338 quae
1559 5267 1694 5332 dixi,
1717 5283 1900 5323 meum
1933 5276 2056 5335 est;

484 5365 671 5419 omnia
709 5380 775 5419 ex
803 5362 1062 5419 Patribus
1091 5362 1303 5435 accepi.
1352 5361 1459 5418 Sed
1500 5360 1919 5416 consideremus
1942 5400 1957 5425 ,
2013 5360 2060 5417 si

483 5457 683 5527 placet,
719 5455 867 5526 quod
904 5456 1175 5526 sequitur.

555 5544 620 5598 ll.
645 5544 823 5610 Quid?
853 5545 1052 5614 inquit.

510 5688 511 5691 η
554 5635 619 5691 0.
651 5636 943 5692 Coneessis
975 5646 1165 5707 aperte
1213 5653 1280 5693 ex
1310 5636 1516 5693 sanctis
1551 5635 1853 5708 Scripturis
1895 5651 2060 5708 gene-

2170 4631 2297 4683 θοῦν
2332 4629 2410 4701 τῷ
2450 4629 2665 4700 σώματι
2700 4631 2899 4700 χρῶμα
2934 4629 3009 4703 μὴ
3047 4631 3334 4697 διασῶζον,
3365 4636 3428 4686 ἐκ
3456 4632 3551 4687 τοῦ
3578 4636 3659 4698 εἰς
3694 4635 3757 4688 τὸ

2171 4722 2334 4792 βάθος
2364 4720 2650 4775 πννεῦσαι
2680 4721 2779 4792 τὴν
2806 4721 3140 4793 Θερμότητα,
3161 4724 3257 4776 καὶ
3281 4723 3378 4794 τὴν
3405 4725 3751 4793 ἐπιφάνειαν,

2168 4813 2254 4867 διὰ
2300 4813 2401 4885 τὴν
2434 4812 2530 4866 τοῦ
2570 4812 2803 4883 αἵματος
2845 4812 3129 4884 συστολὴν,
3165 4814 3503 4885 κατεψύχθαι
3550 4833 3611 4869 τε
3659 4818 3755 4870 καὶ

2163 4905 2304 4977 πρὸς
2336 4906 2397 4959 τδ
2421 4904 2600 4976 ὠχρὸν
2632 4904 3022 4976 μεταχωρῆσαι
3048 4922 3063 4971 ;

2233 4999 2298 5052 Α.
2339 4997 2664 5068 ⁹Ορθότατα,
2693 4997 2820 5067 ἔφη,
2848 4996 3030 5065 λέγεις
3052 5013 3069 5029 ο
3098 4997 3194 5052 καί
3232 5016 3322 5069 μοι
3348 4999 3525 5062 δοκεῖς
3554 5000 3611 5053 ἐν
3632 5000 3751 5055 τού-

2161 5105 2278 5151 τοις
2310 5087 2401 5141 τὸν
2432 5088 2608 5159 μέγαν
2647 5086 3005 5158 ὲκμιμεῖσθαι
3042 5088 3345 5155 Βασίλειον,
3391 5088 3462 5143 τὰ
3505 5090 3601 5144 τοῦ
3641 5091 3749 5144 σώ-

2168 5198 2337 5254 ματος
2370 5179 2798 5251 φυσιολογοῦντα
2823 5181 2995 5252 πάθη.

2238 5273 2301 5325 0.
2328 5272 2463 5325 Οὐδὲ
2481 5271 2610 5326 ἄλλο
2631 5289 2684 5324 τι
2713 5272 2825 5325 τῶν
2855 5272 3186 5343 εἰρημένων,
3220 5268 3393 5335 εἷπον.
3417 5275 3565 5331 ἔστιν
3590 5276 3744 5347 ὲμδν,

2164 5364 2343 5420 πάντα
2386 5364 2444 5418 δὲ
2482 5366 2545 5418 ἐκ
2582 5365 2843 5435 Πατέρων
2874 5364 3057 5418 λαϐὼν
3088 5363 3196 5436 ἔχω
3219 5382 3232 5397 ο
3269 5366 3406 5421 ἀλλὰ
3428 5367 3489 5421 τὺ
3516 5368 3664 5439 ἑξῆς.
3697 5369 3746 5422 εἰ

2166 5456 2370 5529 βούλει,
2400 5456 2934 5528 συνδιασκεψόμεθα.

2232 5552 2298 5605 Α.
2338 5549 2551 5604 Ὀποίον
2571 5567 2585 5612 ;
2622 5548 2749 5619 ἔφη.

2236 5643 2299 5695 0.
2333 5639 2668 5712 Γεννήσεως,
2718 5635 2873 5693 εἶπον
2907 5638 3040 5710 ἐγὼ,
3088 5640 3184 5696 καὶ
3212 5640 3494 5711 αὐξήσεως
3522 5641 3615 5695 καὶ
3643 5639 3744 5695 ἀλ-

560 5812 601 5841 ’⁸
650 5811 839 5870 Matth.
881 5830 917 5881 ι,
952 5815 1001 5869 l.
1065 5816 1110 5847 ”
1147 5814 1333 5870 Matth.
1365 5832 1509 5884 xm,
1544 5818 1634 5874 47.
1692 5819 1737 5851 ⁸ο
1760 5816 1803 5872 ll
1837 5816 1963 5874 Cor.
2004 5833 2071 5872 xu

2172 5815 2214 5872 ι.
2284 5816 2324 5848 ³¹
2384 5816 2488 5871 lsa.
2525 5830 2638 5881 Lut,
2670 5815 2725 5882 Ξ,
2759 5813 2814 5869 '5.
