4120 6468
398 471 534 540 I315

1459 464 1763 527 CONTRA
1791 460 2116 525 NESTOR.
2154 464 2250 525 ET
2289 465 2610 528 EUTYCH.

3538 469 3676 537 1346

391 585 670 651 λοιώσεως
702 584 889 655 σαφῶς
939 583 1005 639 ὲκ
1029 581 1153 638 ’τῶν
1198 579 1363 635 θείων
1401 575 1641 651 Γραφῶν
1672 573 1987 645 δεδομένης,

2089 574 2325 640 ratione,
2349 577 2663 632 accretione
2688 586 2744 633 et
2762 576 3168 641 immutatione,
3200 594 3514 648 quaeramus
3544 583 3669 637 reli.

393 680 673 753 ζητοῦμεν
706 680 802 734 καὶ
829 678 929 741 τὰς
952 678 1151 741 λοιπὰς
1180 673 1467 744 συζυγίας,
1493 673 1549 726 εἴ
1570 688 1634 742 γε
1664 671 1759 724 καὶ
1780 669 1988 732 ταύτας

393 774 542 827 ἔστιν
573 775 631 826 ὲν
663 775 776 835 τοῖς
812 770 979 834 θείοις
1006 768 1210 838 λογίοις
1244 769 1450 838 εὑρεῖν.

462 867 528 919 Α.
563 864 672 917 Τοῦ
720 862 997 928 ἐντεῦθεν,
1034 862 1165 933 ἔφη,
1200 855 1763 928 κατασκευαζομένου
1809 853 1991 923 συνίηο

398 974 482 1028 μι·
517 958 618 1026 τὴν
657 956 764 1027 γὰρ
801 955 1178 1025 μεταϐατικὴν
1212 951 1661 1024 ὁμολογουμένην
1692 947 1856 1018 ἔχων,
1888 945 1987 1017 τὴν

395 1048 506 1103 ἀπὸ
532 1049 715 1101 τόπων
743 1050 824 1111 εἰς
854 1047 1054 1110 τόπους
1094 1046 1188 1099 τοῦ
1230 1044 1444 1116 Κυρίου
1478 1042 1718 1114 κίνησιν,
1751 1040 1823 1095 τὰ
1856 1040 1987 1110 περὶ

400 1140 683 1213 μειώσεως
712 1141 810 1194 καὶ
847 1141 1057 1211 φθορᾶς
1088 1137 1470 1192 ἀποδεικνύειν
1494 1136 1823 1207 ἐπιχειρεῖς,
1851 1133 1987 1204 ὅπερ

396 1234 498 1285 οὐκ
522 1232 611 1297 ἂν,
636 1231 712 1295 ὥς
745 1231 810 1301 γέ
846 1249 939 1301 μοι
967 1232 1138 1296 δοκεῖ,
1163 1230 1558 1300 συμπερανεῖς.

470 1327 534 1379 0.
580 1323 792 1394 ὐρθῶς
843 1324 945 1391 μὲν
977 1323 1179 1389 λέγεις,
1211 1316 1279 1391 ἦν
1307 1322 1351 1374 δ’
1386 1321 1517 1389 ἐγὼ,
1548 1318 1685 1390 πρὸς
1712 1316 1814 1388 τὴν
1845 1316 1988 1387 ⁴ἡμε-

398 1417 566 1487 τέραν
596 1414 885 1468 ἀσθένειαν
936 1413 1180 1484 ἀφορῶν,
1219 1414 1251 1483 ἡ
1293 1411 1351 1464 δέ
1393 1427 1459 1480 γε
1494 1409 1726 1481 ἀλήθεια
1761 1424 1986 1478 συμμα-

400 1508 642 1579 χουμένη
674 1508 956 1578 συμμαχεί
975 1508 1090 1570 τοῖς
1142 1503 1564 1575 ὑπερμαχοὺσιν
1606 1502 1797 1572 αὑτῆς.
1830 1503 1988 1553 Δοκεῖ

403 1616 484 1652 σοι
514 1594 608 1652 οὖν
651 1598 712 1651 τὸ
752 1599 946 1666 πεινῇν
985 1612 1047 1648 τε
1100 1582 1209 1648 καῖ’
1240 1593 1439 1663 διψῆν,
1474 1588 1732 1662 βρώσεως
1776 1604 1837 1641 τε
1887 1586 1986 1640 καὶ

402 1693 613 1756 πόσεως
652 1690 841 1761 ἔφεσις
872 1684 1011 1744 εἶναι
1036 1704 1052 1756 ;

470 1788 511 1839 Α
523 1826 537 1839 .
565 1785 744 1847 Δοκεῖ,
782 1782 913 1854 ἔφη.

470 1880 532 1932 0.
562 1876 890 1948 Συμϐαίνειν
917 1874 975 1928 δὲ
1002 1873 1103 1938 τὰς
1122 1871 1366 1943 ἐφέσεις,
1386 1872 1448 1926 οὑ
1479 1870 1609 1937 περὶ
1623 1868 1724 1934 τὰς
1753 1867 1982 1935 ἐνδείας,

398 1973 557 2040 ἱφην,
590 1967 908 2039 ὑπείληφας
930 1983 946 2034 ;

466 2064 533 2117 Α.
570 2061 678 2115 Ναί
701 2076 715 2091 ⁸
748 2060 802 2114 τί
842 2061 951 2133 γάρ
981 2061 1131 2115 ἐστιν
1168 2058 1359 2130 ἕτερον
1402 2055 1604 2129 ὄρεξις,
1648 2054 1680 2125 ἢ
1717 2053 1983 2125 ἐπιθυμία

397 2158 493 2212 τοῦ
545 2153 915 2222 ἐλλείποντος,
965 2154 1105 2227 πρὸς
1155 2151 1546 2223 ἀναπλήρωσιν
1582 2147 1682 2202 τοῦ
1710 2146 1982 2219 ὑπεκρεό-

399 2269 593 2313 σαντος
609 2266 624 2315 ;

468 2344 531 2397 0.
565 2339 847 2396 Κάλλιστά
883 2354 948 2408 γε
996 2336 1089 2391 τὸν
1135 2334 1234 2406 τῆς
1268 2331 1503 2404 ὀρέξεως
1545 2331 1672 2401 ὅρον
1709 2329 1981 2385 ἀποδέδω-

394 2451 521 2499 κας·
547 2436 643 2489 καὶ
670 2433 783 2504 γὰρ
806 2430 902 2485 καὶ
930 2430 960 2483 ὁ
989 2427 1164 2500 μέγας
1194 2424 1495 2488 Βασίλειος,
1530 2423 1788 2495 πεινῆσαι
1828 2422 1984 2489 λέγει

394 2528 487 2581 τὸν
514 2527 739 2597 Κύριον,
771 2524 879 2595 τῆς
911 2523 1140 2592 στερεᾶς
1168 2518 1317 2591 αὑτῷ
1351 2518 1566 2590 τροφῆς
1594 2514 1983 2570 διαπνευσθεί-

395 2636 500 2691 σης
528 2620 590 2672 ὲν
627 2617 705 2688 τῷ
736 2616 986 2687 σώματι·
1018 2613 1116 2668 καὶ
1144 2612 1213 2666 τὰ
1257 2611 1352 2665 ἐπὶ
1380 2610 1594 2673 τούτοις
1640 2606 1830 2676 σαφῶς
1860 2604 1984 2658 ὲπί-

398 2729 616 2767 στασαι.
643 2711 855 2763 ’Ύπνου
886 2707 942 2761 δὲ
974 2704 1240 2776 συστολὴν
1262 2706 1361 2775 οὑχ
1382 2704 1570 2776 ἕτερον
1597 2701 1864 2770 ὑπάρχειν
1884 2714 1987 2767 φα-

402 2804 524 2876 μὲν,
574 2803 607 2874 ἢ
658 2801 753 2855 τοῦ
793 2796 1118 2869 αἰσθητικοῦ
1153 2794 1467 2866 πνεύματος
1504 2792 1756 2848 ἀτονίαν·
1788 2792 1846 2844 ὲν
1875 2789 1987 2861 γάρ

397 2896 610 2959 τούτοις
638 2893 780 2947 ἐνδεῖ
807 2892 904 2946 καὶ
939 2887 1187 2960 μειοῦται
1209 2887 1277 2941 τὰ
1305 2888 1406 2956 τῆς
1434 2884 1674 2956 φύσεως,
1698 2884 1794 2937 καὶ
1814 2883 1987 2937 δεῖται

400 2989 573 3042 ὑπνου
600 2986 706 3059 μὲν
745 2986 825 3048 εἰς
854 2982 917 3036 τὸ
953 2980 1366 3051 ἀνακτήσασθαι
1393 2979 1495 3048 τὴν
1527 2977 1767 3048 ζωτικὴν
1800 2994 1859 3029 τε
1892 2977 1988 3030 καὶ

400 3078 731 3148 αἰσθητικὴν
764 3075 998 3143 δύναμιν
1017 3087 1033 3103 ·
1077 3071 1317 3134 ἀνέσεως
1344 3070 1422 3136 δὲ,
1448 3068 1538 3122 ἵνα
1565 3066 1915 3140 χαλασθῶσιν
1935 3067 1985 3120 οἱ

397 3176 542 3226 τᾷνοι
572 3171 681 3225 τῶν
705 3171 815 3223 εἴτε
842 3166 1040 3231 ποδῶν,
1072 3165 1183 3219 εἴτε
1215 3165 1434 3236 χειρῶν,
1458 3161 1569 3215 εἴτε
1604 3161 1698 3216 καὶ
1734 3162 1857 3215 ὅλου
1890 3157 1984 3213 τοῦ

2089 684 2229 739 quas
2258 671 2693 743 conjugationes,
2721 679 2905 725 utrum
2936 684 3028 725 eas
3058 669 3200 724 forte
3220 670 3277 724 in
3296 671 3501 728 divinis
3525 674 3677 731 Scri-

2089 764 2273 833 pturis
2297 763 2546 835 reperire
2579 762 2875 834 possimus.

2159 856 2226 910 Η.
2262 842 2635 927 δοηιίοἲιιιὶἀ
2680 856 2812 911 hinc
2859 854 3076 910 efficere
3124 855 3284 910 velis.
3336 856 3475 911 Cum
3525 858 3672 913 enim

2090 949 2299 1005 habeas
2320 964 2645 1005 concessum
2682 959 2894 1003 motum
2922 947 3140 1003 Domini
3182 963 3213 1001 a
3244 948 3389 1003 locis
3430 949 3486 1003 in
3528 950 3671 1015 loca,

2086 1044 2307 1099 conaris
2342 1044 2729 1100 demonstrare
2751 1042 2819 1098 de
2846 1041 3243 1098 extenuatione
3272 1049 3333 1095 et
3356 1043 3675 1111 corruptio-

2088 1155 2158 1193 ne
2187 1157 2201 1192 :
2239 1138 2391 1209 quod
2418 1154 2729 1209 nunquam,
2766 1146 2825 1193 ut
2854 1136 3242 1208 mihiquidem
3268 1136 3511 1204 videtur,
3536 1154 3672 1194 con-~

2088 1230 2298 1285 eludes.

2158 1321 2222 1378 0.
2258 1324 2427 1377 Recte
2451 1322 2698 1391 quidem,
2728 1321 2954 1392 inquam
2982 1337 3118 1394 ego,
3169 1322 3308 1377 dicis
3339 1323 3562 1378 intuens
3616 1322 3674 1378 in

2084 1430 2268 1470 meam
2294 1414 2698 1479 infirmitatem.
2742 1417 2812 1469 At
2853 1415 3060 1471 veritas
3091 1416 3279 1487 adjuta
3307 1400 3544 1487 adjuvat
3575 1430 3675 1471 eos

2087 1508 2184 1577 qui
2237 1523 2357 1561 eam
2412 1507 2741 1563 defendunt.
2778 1508 2953 1579 Igitur
2987 1508 3283 1563 videturne
3311 1508 3413 1563 tibi
3459 1509 3673 1563 esurire

2088 1608 2145 1654 et
2166 1599 2343 1664 sitire,
2372 1615 2495 1655 esse
2519 1600 2631 1656 cibi
2661 1610 2717 1656 et
2746 1600 2994 1671 potionis
3020 1601 3340 1671 appetitus?

2162 1777 2225 1832 il.
2260 1777 2514 1844 Videtur,
2568 1779 2771 1849 inquit.

2159 1868 2224 1924 0.
2254 1870 2448 1927 Solere
2477 1880 2662 1927 autem
2682 1887 2805 1928 esse
2826 1873 3107 1944 appetitus
3126 1888 3318 1929 earum
3341 1889 3530 1931 rerum
3544 1891 3673 1947 qua

2084 1959 2307 2026 desunt,
2334 1977 2518 2017 annon
2548 1973 2734 2032 putas,
2775 1962 3001 2033 inquam
3022 1966 3047 2018 ?

2156 2052 2222 2107 il.
2250 2053 2505 2109 Maxime.
2528 2055 2671 2122 Quid
2699 2055 2849 2111 enim
2874 2056 3027 2110 aliud
3054 2064 3143 2112 est
3176 2057 3480 2127 appetitus,
3500 2074 3668 2128 quam

2084 2143 2363 2213 cupiditas
2390 2147 2510 2216 ejus
2536 2146 2684 2216 quod
2726 2146 2922 2212 deest,
2974 2147 3043 2202 ad
3097 2147 3467 2217 supplendum
3515 2149 3669 2218 quod

2084 2237 2416 2293 efﬂuxerat?

2156 2326 2219 2384 0.
2255 2328 2515 2394 Pulchre,
2563 2330 2808 2400 inquam,
2836 2331 3143 2401 appetitum
3184 2330 3447 2385 definisti.
3483 2331 3671 2402 Siqui-

2086 2421 2210 2476 dem
2237 2438 2467 2493 magnus
2485 2422 2724 2478 Basilius
2749 2423 2989 2481 csurisse
3010 2423 3144 2479 dicit
3160 2423 3473 2484 Dominum.
3495 2424 3673 2477 solido

2086 2514 2212 2570 cibo
2257 2514 2360 2583 ipsi
2412 2515 2666 2569 exhalato
2697 2516 2752 2569 in
2787 2530 3054 2585 corpore;
3109 2526 3164 2570 et
3194 2529 3317 2584 quae
3362 2526 3674 2583 sequuntur

2085 2606 2381 2676 perspicue
2415 2607 2582 2662 nosti.
2616 2607 2824 2662 Somno
2869 2617 3057 2661 autem
3100 2606 3306 2676 corripi
3348 2606 3485 2660 nihil
3524 2607 3674 2662 aliud

2088 2715 2210 2755 esse
2258 2700 2519 2763 dicimus,
2552 2717 2715 2772 quam
2753 2702 3076 2772 languidum
3107 2710 3164 2756 et
3207 2700 3499 2756 remissum
3551 2716 3675 2756 esse

2090 2790 2346 2859 spiritum
2400 2791 2753 2856 sentientem,
2784 2791 2929 2844 sicut
2975 2799 3031 2845 et
3060 2788 3511 2860 defatigationem
3552 2805 3676 2845 esse

2089 2882 2469 2936 musculorum
2502 2891 2557 2936 et
2586 2898 2884 2937 nervorum
2914 2881 3141 2935 nimiam
3174 2882 3591 2936 extensionem:
3618 2882 3676 2936 iu

2090 2976 2178 3030 his
2213 2976 2360 3029 enim
2396 2992 2460 3030 ea
2499 2992 2621 3045 quae
2647 2984 2859 3030 natura!
2889 2985 3056 3038 sunt,
3090 2974 3358 3030 deficiunt
3388 2984 3445 3029 et
3490 2975 3676 3029 immi-

2091 3075 2377 3133 nuuntur;
2412 3076 2467 3121 et
2488 3068 2950 3138 indigentsomno
2978 3067 3199 3136 quidem
3218 3068 3286 3122 ad
3317 3068 3673 3123 recreandum

2090 3161 2314 3215 vitalem
2350 3169 2407 3214 et
2436 3160 2771 3216 sentientem
2810 3162 3119 3228 virtutem;
3171 3161 3496 3217 remissione
3519 3178 3676 3228 vero,

402 3263 654 3332 σώματος
688 3259 747 3327 ἐξ
786 3258 1097 3327 ὁδοιπορίας
1128 3256 1312 3319 ιτινδς,
1361 3255 1395 3327 ἦ
1435 3255 1536 3322 τῆς
1568 3253 1699 3324 περὶ
1724 3254 1794 3306 τὰ
1819 3251 1985 3305 λοιπὰ

2091 3264 2153 3309 ut
2194 3254 2550 3308 remittantur
2582 3255 2971 3328 contentiones
2998 3256 3114 3310 sive
3144 3255 3373 3325 pedum,
3414 3255 3528 3310 sive
3557 3272 3677 3310 ma-

399 3354 507 3407 τῶν
539 3354 718 3425 ἔργων
770 3350 1054 3411 συντονίας
1085 3346 1479 3418 ἀπειρηκότος.
1511 3345 1555 3397 Τ
1563 3344 1736 3415 ροφὴν
1783 3343 1841 3397 δὲ
1888 3343 1985 3397 καὶ

401 3448 565 3501 ποτὸν
623 3447 658 3516 ἡ
710 3444 871 3512 φύσις
921 3443 1193 3512 ἐπιζητεῖ,
1227 3439 1339 3493 τῶν
1393 3437 1631 3509 στερεῶν
1682 3437 1841 3508 ἡμῶν
1889 3438 1987 3491 καὶ

400 3537 608 3608 ὑγρῶν,
640 3533 700 3599 ἐξ
749 3528 826 3587 ὧν
870 3534 1309 3602 συνεστήκαμεν,
1358 3528 1854 3600 διαπεφορημένων
1893 3529 1988 3581 καὶ

397 3629 499 3698 τῆς
551 3625 968 3695 ἀντεισαγωγῆς
1020 3621 1460 3693 προσδεομένων,
1506 3620 1603 3675 τοῦ
1655 3618 1989 3684 κενωθέντος

398 3721 502 3793 ἢδη
530 3722 627 3774 καὶ
656 3718 972 3792 ρεύσαντος.

470 3817 538 3867 Α.
594 3813 785 3885 Ταύτῃ
828 3811 930 3883 μὲν
974 3806 1207 3861 ἐπὶτῶν
1236 3806 1564 3879 ἡμετέρων,
1617 3807 1827 3869 ἐκεῖνος
1856 3806 1985 3876 ἔφη,

374 3905 697 3976 ,σωμάτων,
726 3897 770 3956 ὦ
799 3903 1043 3974 βέλτιστε
1060 3914 1074 3931 ’
1106 3901 1167 3953 οὑ
1197 3900 1307 3971 μὴν
1330 3898 1387 3951 δὲ
1413 3900 1505 3952 ἐπὶ
1530 3899 1632 3970 τῆς
1656 3897 1752 3952 τοῦ
1778 3898 1987 3971 Κυρίου

401 3997 607 4069 σαρκὸς
639 3995 783 4050 οὑτω
812 3993 1010 4049 ταῦτα.

472 4094 529 4144 0.
588 4088 732 4142 Ἀλλ’
774 4090 824 4141 εἰ
867 4089 944 4158 μὴ
987 4084 1133 4139 οὑτω
1178 4082 1395 4150 ταῦτα,
1447 4082 1588 4154 πρὸς
1621 4082 1785 4135 αὑτὸν
1822 4081 1984 4151 ἔφην,

399 4185 497 4238 καὶ
528 4184 622 4236 ἐπὶ
649 4181 751 4251 τῆς
779 4178 874 4234 τοῦ
906 4178 1117 4250 Κυρίου
1150 4178 1357 4249 σαρκὸς
1378 4215 1393 4240 ,
1446 4177 1543 4229 καὶ
1573 4174 1717 4228 κατὰ
1746 4173 1840 4227 τὸν
1870 4173 1986 4227 ἴσον

400 4275 688 4329 συνέϐαινε
718 4273 944 4344 τρόπον,
971 4271 1175 4340 εἴποιμ’
1205 4269 1271 4323 ἂν
1304 4268 1654 4341 θαρρούντως
1683 4268 1758 4332 ὡς
1787 4268 1898 4321 οὐδ’
1926 4268 1985 4321 ὃς

396 4370 507 4435 7w;
536 4368 887 4438 γεγέννηται.
926 4364 1084 4420 Ἐπεὶ
1119 4364 1212 4418 τὸν
1242 4363 1328 4416 ’ἐτε
1339 4380 1432 4435 ρον
1461 4364 1597 4432 ἡμῖν
1626 4362 1987 4433 παράστησον

396 4457 622 4527 τρόπον.
652 4454 727 4508 Οὑ
753 4454 862 4523 γὰρ
888 4452 954 4524 δὴ
980 4452 1080 4524 τὴν
1109 4452 1413 4522 φαντασίαν
1440 4451 1619 4515 εἴποις
1646 4451 1713 4504 ἂν
1737 4449 1983 4509 πώποτε.

471 4550 536 4600 Δ.
592 4546 745 4618 Μηδὲ
780 4547 892 4617 γάρ
935 4560 1069 4598 ποτε
1112 4545 1258 4597 οὕτω
1293 4543 1556 4615 μανείην,
1606 4544 1815 4609 ἐκεῖνος
1844 4544 1982 4616 ἔφη·

396 4640 497 4692 καὶ
526 4641 639 4710 γὰρ
670 4611 895 4707 ἀληθῶς
931 4635 1104 4690 ταῦτα
1136 4611 1493 4689 συνέϐαινενλ
1540 4634 1681 4689 ἀλλά
1715 4611 1981 4707 βουλομέ-
2016 4611 2061 4667 D

395 4747 490 4786 νου
521 4731 617 4784 τοῦ
649 4731 851 4798 Λόγου,
871 4730 967 4783 καὶ
997 4728 1246 4797 ἐφιέντος
1273 4729 1338 4800 τῇ
1368 4730 1555 4799 σαρκί.

469 4826 533 4877 0.
572 4819 645 4877 Εὖ
677 4822 849 4892 ἔφης,
902 4821 1042 4893 πρὸς
1072 4821 1240 4876 αὑτὸν
1271 4815 1461 4884 εἷπον,
1513 4822 1652 4893 μηδὲ
1683 4822 1794 4893 γὰρ
1828 4821 1984 4894 τύχοι

393 4920 498 4988 τῆς
532 4918 845 4989 κρείττονος
879 4914 1254 4979 ἀλλοιώσεως,
1305 4916 1335 4968 ὁ
1379 4915 1456 4986 μὴ
1489 4918 1552 4984 τῇ
1584 4917 1985 4989 παραχωρήσει

394 5009 493 5064 τοῦ
536 5012 712 5079 Λόγου
760 5010 830 5063 τὰ
864 5008 1072 5079 φυσικὰ
1104 5011 1170 5080 τῇ
1204 5008 1369 5079 σαρκὶ
1403 5008 1682 5081 συμϐῆναι
1713 5012 1860 5082 πάθη
1897 5009 1985 5063 λέ-

394 5118 510 5169 γων
537 5118 597 5154 τε
630 5101 724 5156 καὶ
754 5101 991 5172 φρονῶν.

468 5199 535 5252 Α.
574 5196 735 5252 Οὕτω
763 5198 829 5269 δὴ
861 5199 955 5252 καὶ
983 5201 1170 5270 ἡμεῖς,
1203 5198 1417 5261 ἐκεῖνος
1447 5197 1577 5269 ἔφη.
1612 5196 1982 5269 πιστεύομενο

394 5290 530 5353 Θεὸς
558 5291 667 5362 γὰρ
696 5291 943 5362 ἄληπτός
971 5293 1121 5345 ἐστιν
1153 5291 1486 5362 ἀνθρώποις,
1506 5290 1573 5361 ἧν
1600 5308 1659 5344 τε
1685 5288 1911 5362 θέλησῃ.

468 5467 533 5521 0.
589 5467 897 5538 Δεδομένης
937 5468 1156 5530 τοίνυν,
1194 5466 1369 5535 εἶπον,
1402 5463 1447 5522 ὦ
1476 5469 1786 5540 θαυμάσιε,
1829 5469 1987 5539 γενέ-

399 5576 570 5624 σεως,
624 5560 999 5625 ἀλλοιώσεως,
1046 5561 1365 5633 αὐξήσεως,
1420 5563 1796 5633 μεταϐατικῆς
1826 5563 1977 5633 κινήο

398 5670 542 5716 σεως
569 5653 647 5725 τῷ
677 5654 893 5725 σώματι
922 5654 1019 5709 τοῦ
1044 5654 1276 5728 Κυρίου,
1304 5656 1356 5709 τί
1383 5656 1443 5710 τὸ
1468 5655 1701 5721 κωλῦον,
1720 5655 1842 5710 είπέ
1870 5672 1983 5726 μοι,

305 5790 345 5799 .,
400 5748 477 5816 μὴ
523 5748 646 5817 οὐχὶ
695 5748 792 5807 καὶ
856 5748 956 5819 τὴν
1013 5749 1213 5819 λοιπὴν
1244 5748 1395 5819 αὑτῷ
1452 5749 1721 5816 συζυγίαν
1750 5748 1983 5815 διδόναι;

467 5837 534 5889 Α.
591 5838 805 5892 (luat.on
859 5839 1002 5894 κατά
1050 5839 1180 5906 τοὺς
1232 5841 1381 5907 σοὺς,
1443 5839 1569 5913 ἔφη,
1601 5840 1832 5909 λόγους,
1888 5840 1985 5894 καὶ

393 5928 697 6002 ἔφθαρταη

2092 3364 2264 3402 nuum
2286 3388 2300 3410 .
2350 3349 2465 3403 sive
2507 3348 2677 3403 tutius
2724 3349 2975 3419 corporis
3000 3364 3067 3404 ex
3099 3348 3320 3415 itinere,
3352 3357 3450 3402 aut
3476 3364 3543 3402 ex
3570 3349 3676 3404 alia

2094 3442 2149 3496 in
2175 3441 2301 3495 aliis
2333 3441 2599 3511 operibus
2643 3441 3003 3497 contentione
3035 3440 3260 3496 defessi.
3311 3440 3510 3495 Cibum
3543 3457 3678 3495 vero

2091 3544 2150 3590 et
2199 3534 2481 3605 potionem
2527 3545 2723 3590 natura
2764 3533 2999 3603 requirit
3050 3533 3241 3589 solidis
3291 3544 3349 3589 et
3408 3532 3675 3600 humidis,

2092 3643 2160 3683 ex
2187 3627 2393 3698 quibus
2433 3625 2722 3680 constituti
2759 3641 2972 3689 sumus,
3012 3625 3244 3696 digestis
3270 3668 3283 3693 ,
3327 3635 3384 3681 et
3422 3626 3678 3695 indigen-

2095 3720 2244 3775 tibus
2278 3718 2582 3789 repletionc
2614 3719 2735 3789 ejus
2753 3718 2903 3788 quod
2930 3717 3276 3773 exinanitum
3302 3728 3386 3774 est
3413 3727 3469 3773 et
3494 3716 3674 3773 fluxit.

2166 3809 2233 3864 Η.
2272 3808 2364 3864 Sic
2392 3809 2642 3877 quidem,
2671 3809 2853 3879 inquit
2871 3809 2984 3873 ille,
3016 3807 3072 3862 in
3101 3809 3308 3864 nostris
3343 3808 3679 3879 corporibus

2097 3901 2175 3969 fit,
2208 3902 2358 3958 bone
2388 3903 2492 3967 vir,
2523 3918 2635 3958 non
2664 3912 2849 3958 tamen
2873 3902 2955 3960 sic
2986 3903 3041 3958 in
3078 3920 3246 3960 carne
3285 3903 3532 3960 Domini.

2162 4095 2226 4151 0.
2254 4095 2324 4151 At
2379 4094 2425 4150 si
2468 4111 2577 4149 non
2625 4095 2705 4151 sic
2769 4095 2908 4159 hac,
2964 4096 3188 4166 inquam
3236 4111 3358 4167 ego,
3406 4094 3573 4151 etiam
3620 4096 3676 4151 in

2092 4200 2257 4241 carne
2281 4185 2520 4250 Domini,
2545 4195 2603 4241 et
2646 4186 2713 4241 ad
2741 4186 3000 4242 eumdem
3040 4185 3266 4240 modum
3311 4186 3675 4253 eveniebant;

2092 4278 2441 4333 confidenter
2470 4277 2676 4343 dicam,
2712 4294 2819 4333 nec
2839 4294 3069 4348 prorsus
3099 4277 3320 4349 genitus
3354 4286 3460 4332 est.
3497 4278 3678 4333 Proba

2091 4369 2239 4424 enim
2264 4368 2425 4423 nobis
2457 4368 2627 4422 alium
2655 4368 2901 4423 modum.
2927 4368 3049 4423 Non
3070 4369 3217 4423 enim
3237 4368 3389 4425 dices
3410 4384 3676 4439 unquam,

2093 4459 2439 4531 phantasiam
2465 4460 2659 4523 fuisse,
2694 4460 2748 4515 id
2775 4471 2880 4527 est,
2916 4462 3079 4517 inane
3114 4462 3315 4518 visum.

2165 4552 2233 4607 Η.
2274 4553 2591 4623 Nunquam,
2635 4553 2818 4624 inquit
2840 4554 2955 4620 ille,
3011 4555 3091 4610 sic
3117 4555 3345 4611 insanus
3377 4572 3512 4612 ero:
3542 4572 3679 4614 vere

2090 4644 2364 4715 siquidem
2406 4645 2523 4701 haec
2570 4646 2917 4713 accidebant,
2962 4647 3075 4704 sed‘
3106 4648 3331 4703 volente
3390 4648 3572 4705 Verbo
3620 4658 3679 4706 et

2082 4739 2439 4811 permittente
2466 4754 2653 4797 carne.

2159 4832 2224 4889 0.
2281 4833 2474 4900 Bene,
2522 4833 2782 4905 inquam,
2838 4833 3079 4889 dixisti:
3123 4851 3227 4890 nec
3270 4836 3419 4892 enim
3477 4835 3678 4892 melio-

2090 4939 2206 4978 rem
2238 4925 2687 4980 immutationem
2713 4933 3066 4997 assequelur,
3099 4925 3193 4995 qui
3226 4941 3336 4981 non
3384 4925 3591 4980 dixerit
3621 4933 3678 4980 et

2090 5017 2335 5072 senserit
2371 5017 2665 5087 passiones
2707 5018 2995 5073 naturales
3041 5017 3196 5073 carni
3248 5018 3514 5073 accidisse
3551 5032 3679 5086 per-

2090 5110 2261 5165 missu
2290 5110 2484 5167 Verbi.

2163 5201 2229 5255 ll.
2290 5201 2403 5267 Sic,
2482 5202 2666 5273 inquit
2719 5203 2843 5267 ille,
2907 5200 3229 5257 credimus:
3304 5200 3453 5255 Deus
3521 5198 3673 5256 enim

2089 5292 2373 5348 voluntate
2398 5309 2579 5363 neque
2604 5300 2810 5365 potest,
2832 5307 3011 5362 neque
3033 5291 3330 5362 poteratab
3353 5289 3674 5346 hominibus

2088 5382 2230 5452 capi.

2159 5471 2225 5527 0.
2254 5470 2529 5528 Concessa
2551 5472 2739 5545 igitur,
2770 5473 2992 5545 inquam
3026 5489 3149 5547 ego,
3182 5473 3325 5529 bone
3357 5473 3463 5539 vir,
3499 5489 3669 5545 gene-

2089 5566 2330 5631 ratione,
2361 5564 2768 5632 immutatione,
2800 5567 3140 5631 accretione,
3176 5575 3329 5620 motu
3361 5565 3671 5621 secundum

2087 5659 2308 5725 locum;
2355 5657 2489 5729 quid
2534 5658 2817 5730 prohibet,
2871 5659 2962 5715 die
3012 5660 3172 5725 mihi,
3217 5658 3353 5729 quin
3399 5658 3669 5728 reliquam

2086 5752 2536 5823 coniugationem
2564 5751 2615 5806 ei
2644 5751 2995 5807 tribuamus?

2162 5842 2228 5897 ll.
2287 5842 2360 5899 Ut
2406 5851 2471 5897 tu
2519 5842 2719 5915 igitur,
2774 5844 2908 5916 inqu
2926 5845 2999 5912 it,
3044 5845 3328 5916 loqueris,
3364 5851 3671 5914 corruptus

2087 5932 2212 5989 est?
