4120 6446
533 449 670 519 1347

596 569 663 624 0.
694 565 873 633 Absit,
907 560 1195 634 respondi.

598 683 667 740 H.
703 677 1016 747 Quomodo,
1051 675 1256 746 inquit,
1287 674 1392 729 hoc
1414 673 1593 729 dicis?

597 797 663 850 0.
694 793 832 860 Quia
853 806 1036 861 neque
1061 790 1145 845 t'as
1172 798 1280 856 est,
1304 788 1556 859 inquam.

602 909 666 963 ﬂ.
693 905 1104 974 Quamobrem?
1130 904 1337 974 inquit.

599 1021 663 1078 0.
721 1022 882 1088 Quia,
917 1021 1166 1091 inquam,
1225 1019 1521 1090 Oportebat
1558 1017 1846 1089 passiones
1894 1022 2115 1068 nostras

532 1126 756 1185 gustare
784 1130 959 1183 usque
991 1113 1058 1167 ad
1086 1113 1492 1183 experientiam
1516 1111 1736 1173 mortis,
1770 1124 1883 1163 non
1927 1116 2112 1161 tamen

532 1208 586 1260 in
635 1206 993 1275 corruptione
1050 1220 1275 1258 manere
1324 1213 1481 1269 actu;
1537 1202 1787 1272 quinimo
1858 1199 2003 1253 sicut
2055 1197 2109 1250 in

528 1299 791 1354 omnibus
816 1297 1012 1352 habuit
1045 1296 1194 1365 quod
1232 1306 1481 1350 nostrum
1506 1304 1611 1360 est,
1644 1302 1701 1349 et
1749 1290 1899 1361 quod
1944 1304 2107 1359 supra

528 1406 632 1445 nos
663 1400 769 1454 est,
799 1390 880 1444 sic
909 1390 962 1443 in
983 1397 1159 1442 morte
1186 1388 1334 1457 ipsa:
1364 1394 1641 1440 mortuum
1672 1383 1819 1439 enim
1854 1398 1977 1437 esse
2011 1397 2111 1435 no-

526 1494 706 1540 strum
764 1489 869 1547 est,
933 1490 991 1536 et
1029 1480 1246 1535 curatio
1298 1486 1504 1533 nostra:
1555 1474 1944 1539 mortalitatis;
1999 1489 2111 1527 non

529 1591 653 1631 esse
684 1584 870 1629 autem
900 1580 1223 1642 corruptum
1267 1569 1598 1625 valentioris
1645 1567 1939 1638 potestatis
1977 1566 2112 1619 Ver-

500 1665 587 1720 -bi
643 1674 761 1721 erat
802 1681 816 1718 :
853 1664 1099 1718 Verbum
1151 1663 1299 1717 enim
1345 1659 1747 1731 experientiam
1798 1657 2107 1728 prohibuit,

528 1755 759 1812 minime
812 1754 1130 1809 concedens
1182 1752 1359 1816 carni,
1408 1760 1471 1807 ut
1522 1757 2007 1820 corrumperetur,
2052 1756 2113 1803 ut

527 1847 787 1918 primitiae
809 1844 1244 1900 immortalitatis
1268 1843 1337 1898 ab
1358 1844 1479 1914 ipsa
1510 1842 1567 1897 in
1611 1858 1713 1897 nos
1732 1843 1899 1897 etiam
1928 1850 2111 1921 trans-

1787 438 2095 507 LEONTII
2141 431 2553 495 BYZANTINI

2146 555 2195 610 Α
2295 542 2359 595 0.
2397 539 2490 611 Μὴ
2522 538 2759 609 γένοιτο,
2791 540 2932 612 πρὸς
2960 539 3130 595 αὐτὸν
3160 539 3579 617 ἀπεκρινάμην.

3676 435 3695 498 1
3706 438 3811 501 348

2293 654 2519 718 Δ..ιίὦς
2550 653 2730 718 τοῦτο,
2760 653 2889 726 ἔφη,
2913 654 3123 724 λέγειςς

2293 767 2357 818 0.
2393 764 2519 817 ὐτι
2552 763 2689 835 μηδὲ
2719 763 2903 836 θέμις,
2936 761 3117 823 εἶπον.

2293 878 2359 931 Δ.
2398 875 2480 930 Δι’
2507 877 2578 947 ἢν
2608 876 2820 945 αίτίανς
2850 875 3030 936 εἶπεν.

2294 996 2357 1045 0.
2403 991 2783 1065 Ἐπειδήπερ,
2840 993 3019 1064 ἔφην,
3073 996 3495 1067 ἀπογεύσασθαι
3546 998 3657 1054 εδει
3700 1001 3816 1056 τῶν

2222 1082 2517 1153 ἡμετέρων
2561 1084 2790 1150 παθῶν,
2847 1086 3047 1157 μέχρις
3091 1090 3262 1161 αὐτῆς
3307 1091 3407 1162 τῆς
3442 1090 3538 1144 τοῦ
3573 1092 3810 1147 θανάτου

2221 1176 2461 1243 πείρας,
2519 1176 2579 1229 ού
2618 1176 2726 1248 μὴν
2762 1178 2856 1231 καὶ
2885 1179 2944 1232 tv
2972 1182 3039 1251 τῇ
3074 1182 3197 1235 κατ’
3223 1181 3514 1255 ἐνέργειαν
3550 1185 3809 1253 γενέσθαι

2222 1271 2431 1343 φθορᾷ’
2474 1272 2587 1326 ἀλλ’
2620 1272 2814 1345 ὥσπερ
2846 1276 2904 1329 tv
2937 1278 3105 1331 πᾶσιν
3133 1278 3258 1348 ἔσχε
3287 1279 3347 1332 τὸ
3378 1280 3677 1354 ήμέτερον,
3711 1285 3811 1336 καὶ

2218 1365 2282 1416 τὸ
2312 1365 2458 1435 ὑπὲρ
2485 1366 2656 1437 ἡμᾶς,
2689 1366 2835 1422 οὕτω
2864 1370 2961 1424 καὶ
2991 1372 3114 1424 κατ’
3137 1371 3301 1425 αὑτὸν
3325 1372 3389 1445 δὴ
3418 1373 3511 1427 τὸν
3539 1374 3805 1428 θάνατον·

2220 1455 2280 1509 τὸ
2312 1455 2415 1526 μὲν
2442 1457 2550 1528 γὰρ
2580 1457 2906 1530 τεθνηκέναι
2938 1460 3234 1533 ἡμέτερον,
3272 1463 3367 1516 καὶ
3398 1463 3498 1532 τῆς
3529 1464 3809 1536 ἡμετέρας

2220 1552 2552 1622 νεκρότητος
2605 1553 2744 1623 [αμα
2766 1568 2780 1583 ·
2842 1553 2902 1606 τὸ
2934 1554 2993 1608 δὲ
3029 1556 3105 1626 μὴ
3135 1556 3444 1626 ἐφθάρθαι,
3490 1558 3591 1630 τῆς
3619 1560 3808 1631 κρείτ-

2217 1632 2373 1711 τονος
2404 1646 2499 1701 τοῦ
2527 1648 2708 1717 Λόγου
2743 1648 3052 1721 δυνάμεως,
3088 1650 3147 1716 ὃς
3172 1669 3235 1720 γε
3266 1652 3366 1723 τήν
3395 1655 3595 1725 πεῖραν
3624 1652 3807 1707 κεκὼ-

2218 1739 2415 1807 λυκεν,
2473 1741 2681 1811 ἥκιστα
2714 1742 2991 1814 φθαρῆναι
3024 1744 3474 1817 συγκεχωρηκὼς
3504 1749 3571 1819 τῇ
3603 1748 3804 1819 σαρκί·

2218 1831 2295 1896 ὡς
2330 1833 2396 1886 ἂν
2424 1833 2521 1888 ἀπ’
2547 1835 2716 1907 αὐτῆς
2745 1836 2841 1890 καὶ
2868 1837 2949 1900 είς
2971 1838 3122 1908 ἡμᾶς
3150 1837 3371 1909 διαϐαίη
3394 1883 3407 1907 ,
3447 1840 3545 1895 καί⁵
3573 1840 3807 1910 γένηται

525 1948 673 2001 cant.
706 1940 823 1994 Non
871 1954 996 1994 esse
1044 1939 1214 2010 igitur
1266 1937 1471 1992 factam
1517 1935 1959 2007 corruptionem,
2006 1951 2104 2005 po-

2218 1926 2319 1997 τῆς
2355 1925 2669 1998 ἀφθαρσίας
2704 1927 2862 1998 ἡμῶν
2905 1929 3167 1999 ἀπαρχή’
3221 1929 3281 1983 τὸ
3312 1930 3493 1985 τοίνυν
3537 1931 3614 2002 μὴ
3647 1934 3806 1999 γενέ-

529 2033 717 2086 lentiae
734 2031 936 2087 divinae
958 2040 1063 2095 est,
1088 2045 1210 2100 qua
1234 2029 1485 2099 superari
1518 2044 1632 2083 non
1683 2036 1899 2100 potest;
1934 2035 1992 2083 et
2019 2043 2112 2081 ra-

528 2124 680 2179 tione
715 2123 991 2187 miraculi,
1014 2132 1073 2177 at
1092 2137 1201 2176 non
1231 2122 1349 2192 lege
1383 2129 1616 2175 naturie.

598 2258 663 2314 H.
687 2259 874 2328 Atqui,
904 2258 1085 2327 inquit
1113 2258 1227 2322 ille,
1253 2266 1310 2311 et
1340 2273 1520 2312 novus
1564 2256 1736 2311 Adam
1767 2264 1998 2311 vocatus
2029 2263 2113 2311 est

528 2352 815 2407 Dominus.
843 2351 1132 2417 Quomodo
1160 2360 1344 2405 autem
1378 2349 1459 2405 sic
1480 2358 1801 2414 vocaretur,
1833 2349 1942 2403 nisi
1991 2364 2114 2403 cor-

529 2459 634 2512 pus
658 2444 986 2513 protoplasti
1032 2443 1284 2497 tulisset?
1306 2442 1753 2513 Incorruptibilis
1776 2454 1959 2496 autem
1993 2449 2115 2496 erat

530 2536 926 2604 prot0plastus,
985 2544 1283 2604 antequam
1340 2544 1638 2605 peccaret;
1686 2534 2112 2604 incorruptibile

528 2629 700 2700 igitur
740 2628 847 2682 fuit
897 2628 1065 2682 etiam
1118 2643 1321 2697 corpus
1357 2628 1611 2682 Domini:
1666 2628 1942 2697 siquidem
1993 2628 2113 2682 sine

529 2730 759 2792 peccato
790 2720 1170 2791 perseveravit
1196 2735 1437 2791 semper.

596 2831 664 2887 Ο.
708 2833 822 2903 Ego
878 2847 1012 2886 vero
1061 2831 1310 2901 inquam,
1368 2830 1489 2885 sive
1543 2845 1750 2900 corpus
1783 2829 2111 2901 protoplasti

525 2923 895 2994 corruptibile
914 2930 1054 2987 erat,
1087 2922 1202 2977 sive
1227 2938 1360 2983 non,
1404 2920 1651 2976 nondum
1681 2920 1825 2984 dico,
1863 2921 2111 2991 qnandin

526 3028 638 3068 non
672 3014 844 3084 pudet
891 3014 1041 3083 ipsos
1088 3013 1183 3082 qui
1216 3013 1323 3067 hoc
1371 3012 1586 3075 dicunt,
1642 3012 2109 3067 immortalitatem

525 3104 848 3174 protoplasti
897 3119 1009 3158 non
1047 3104 1292 3158 tribuere
1349 3103 1603 3157 Domino.
1634 3102 1911 3157 Mortuum
1961 3104 2108 3159 enim

2218 2015 2346 2067 σθαι
2375 2014 2473 2086 τὴν
2504 2014 2737 2087 φθορὰν,
2778 2016 2879 2086 τῆς
2909 2016 3175 2087 ἀνικήτου
3207 2018 3327 2072 ἐστὶ
3361 2017 3670 2088 δυνάμεως,
3710 2020 3806 2072 καὶ

2214 2106 2362 2182 λόγῳ
2395 2108 2698 2179 θαύματος,
2732 2109 2851 2163 ἀλλ’
2876 2110 2937 2163 οὐ
2981 2109 3133 2182 νόμῳ
3165 2110 3403 2180 φύσεως.

2285 2248 2353 2300 Α.
2390 2244 2556 2298 Ἀλλά
2584 2246 2714 2317 μὴν,
2742 2246 2950 2309 ἐκεῖνος
2974 2246 3103 2315 ἔφη,
3132 2246 3228 2300 καὶ
3254 2246 3376 2310 νέος
3399 2245 3575 2318 Ἀδὰμ
3593 2247 3806 2318 ὠνομάο

2219 2336 2321 2408 σθη
2369 2339 2397 2392 ό
2436 2338 2643 2409 Κύριος
2668 2354 2681 2367 ·
2740 2338 2862 2401 πῶς
2896 2337 2942 2392 δ’
2970 2337 3037 2392 ἂν
3066 2338 3227 2392 τοῦτο
3257 2338 3512 2405 ἐλέγετο,
3550 2342 3598 2393 εἰ
3634 2339 3710 2411 μὴ
3743 2341 3805 2393 τδ

2215 2429 2310 2482 τοῦ
2342 2429 2775 2501 πρωτοπλάστου
2807 2431 3046 2499 φορέσας
3079 2431 3275 2501 σῶμας
3309 2431 3626 2503 ’Δφθαρτος
3653 2433 3710 2485 δὲ
3735 2428 3804 2505 ἦν

2213 2520 2242 2573 ό
2282 2522 2715 2592 πρωτόπλαστος
2759 2523 2869 2594 πρὸ
2915 2523 3016 2593 τῆς
3056 2523 3465 2595 παραϐάσεωςο
3522 2525 3804 2596 ἄφθαρτον

2213 2615 2324 2685 ἄρα
2355 2615 2453 2668 καὶ
2476 2616 2539 2668 τὸ
2564 2615 2660 2669 τοῦ
2687 2617 2899 2688 Κυρίου
2929 2616 3091 2688 σῶμα
3108 2632 3122 2647 ·
3157 2617 3251 2671 καὶ
3277 2615 3388 2689 γὰρ
3412 2617 3805 2690 ἀναμάρτητον

2216 2707 2395 2779 πάντη
2426 2707 2861 2782 διαμεμένηκεν.

2286 2827 2349 2879 0.
2367 2825 2511 2894 Ἐγὼ
2529 2826 2609 2892 δὲ,
2634 2828 2694 2880 Ei
2717 2825 2818 2897 μὲν
2847 2826 3151 2898 ἄφθαρτον,
3176 2825 3386 2898 trp-(mil
3417 2827 3512 2898 μή,
3532 2825 3627 2880 τοῦ
3651 2844 3805 2899 πρω-

2213 2917 2525 2972 τοπλάστου
2561 2920 2621 2971 τδ
2654 2918 2815 2989 σῶμα
2844 2918 3177 2989 ἐτύγχανεν,
3215 2918 3372 2972 οὔπω
3398 2919 3568 2987 λέγω,
3600 2918 3708 2981 ἕως
3733 2919 3802 2971 ἂν

2216 3012 2293 3082 μὴ
2327 3011 2389 3064 τὸ
2419 3012 2695 3065 ἀθάνατον
2731 3012 2932 3076 αὐτοὺς
2962 3014 3216 3067 καταιδεῖ
3242 3011 3337 3065 τοῦ
3367 3012 3800 3083 πρωτοπλάστου

2217 3104 2293 3176 μὴ
2321 3104 2603 3175 διδόμενον
2631 3103 2711 3177 τῷ
2736 3104 2950 3177 Κυρίῳ.
2985 3104 3324 3175 Τεθνηκέναι
3348 3104 3459 3176 γὰρ
3484 3105 3647 3159 αὑτὸν
3672 3106 3802 3159 πάνυ

523 3212 649 3252 esse
691 3212 842 3260 eum,
884 3197 1202 3251 necessario
1260 3196 1609 3262 concedent;
1669 3197 1779 3252 nisi
1834 3196 1943 3251 sibi
1975 3196 2104 3266 ipsis

2213 3216 2323 3262 τως
2366 3196 2668 3263 δώσουσιν,
2730 3197 2779 3251 εί
2833 3197 2906 3269 μή
2961 3197 3215 3269 μέλλοιεν
3256 3197 3318 3251 τὸ
3358 3197 3461 3268 τῆς
3492 3199 3802 3267 φαντασίας

524 3289 734 3343 crimen
790 3286 1113 3357 phantasia,
1176 3285 1230 3341 id
1285 3298 1389 3351 cst,
1450 3287 1629 3341 inanis
1668 3286 1770 3341 visi
1825 3286 1882 3340 in
1936 3285 2104 3340 Adam

2213 3290 2337 3343 ὅλον
2386 3293 2470 3353 είς
2510 3292 2740 3354 ἑαυτοὺς
2786 3278 3167 3362 ἀποφέρεσθαι
3207 3290 3503 3361 ἔγκλημα·
3556 3290 3618 3344 τὸ
3646 3290 3703 3344 δέ
3734 3307 3799 3359 γε

524 3397 655 3436 vere
674 3387 917 3443 mortuo,
970 3378 1176 3435 inferre
1206 3379 1380 3433 velint
1409 3396 1423 3432 :
1483 3380 1785 3448 sumpsisse
1837 3393 1971 3432 vero
2002 3378 2110 3431 Do-

523 3473 735 3527 minum
784 3471 891 3526 tale
938 3486 1161 3540 corpus,
1207 3471 1370 3540 quale
1402 3481 1524 3525 erat
1557 3486 1669 3524 non
1693 3471 1871 3524 solum
1903 3486 2107 3539 corpus

524 3565 675 3630 Adae,
706 3564 801 3619 sed
832 3579 1032 3632 corpus
1053 3573 1334 3628 nostrum;
1362 3577 1472 3617 non
1506 3563 1653 3618 enim
1690 3571 1917 3632 propter
1950 3562 2105 3616 illum

525 3666 738 3712 tantum
767 3656 938 3718 venit,
976 3656 1071 3710 sed
1100 3665 1325 3725 propter
1361 3672 1464 3709 nos
1482 3656 1686 3721 etiam;
1722 3655 1879 3710 valde
1906 3655 2104 3709 absur-

525 3749 655 3801 dum
706 3758 762 3803 et
790 3763 820 3801 a
851 3747 1063 3801 ratione
1088 3747 1329 3801 alienum
1356 3756 1496 3810 erat,
1532 3747 1699 3801 unius
1740 3746 1964 3816 quidem
1983 3762 2104 3801 esse

522 3838 783 3901 similem,
813 3844 1137 3890 cwterorum
1167 3852 1299 3891 vero
1335 3836 1583 3891 omnium
1626 3838 1976 3900 dissimilem,
2009 3839 2101 3908 qui

520 3931 746 4000 quidem
794 3929 862 3983 ad
922 3928 1194 3983 rationem
1256 3929 1546 3984 medicina:
1598 3930 1863 3985 facienda:
1908 3930 2100 3985 eadem

520 4020 887 4077 similitudine
925 4020 1269 4092 indigebant.
1295 4020 1474 4085 Unde,
1517 4022 1725 4090 optime
1766 4022 1873 4088 vir,
1899 4038 2103 4093 corpus

522 4113 847 4185 protoplasti
881 4112 1304 4182 incorruptibile
1334 4113 1627 4168 erat?Non
1670 4114 1818 4168 enim
1867 4115 1921 4168 in
1970 4130 2103 4169 con-

520 4206 810 4261 stitutione
881 4220 981 4260 sua
1058 4204 1322 4268 habebat,
1417 4213 1479 4259 ut
1537 4206 1871 4261 immortalis
1928 4215 2096 4273 esset,

518 4313 582 4352 ac
604 4298 779 4351 multo
808 4297 979 4367 magis
1019 4312 1130 4351 non
1170 4296 1429 4362 habebat,
1468 4305 1530 4351 ut
1574 4306 1722 4352 esset
1757 4298 2096 4368 incorrupti-

516 4387 664 4448 bilis.
701 4385 909 4456 alioqui
946 4400 1249 4454 nunquam,
1277 4386 1493 4454 opinor,
1526 4386 1674 4455 ligno
1697 4384 1825 4439 vita;
1851 4384 1901 4441 ei
1956 4401 2097 4454 opus

516 4478 730 4544 fuisset,
759 4486 1019 4545 tanquam
1053 4476 1244 4530 futuro
1271 4475 1593 4544 immortali,
1628 4494 1727 4532 usu
1773 4479 1958 4533 vitalis
1981 4479 2096 4533 fru-

513 4579 636 4623 ctus
648 4584 756 4637 quo
773 4583 900 4622 eum
920 4567 1157 4651 privavit
1176 4579 1485 4640 peccatum,
1502 4572 1848 4627 sicutPatres
1869 4571 2091 4626 dicunt:
2127 4611 2171 4667 Β

511 4660 608 4715 sed
634 4659 703 4713 de
755 4660 845 4714 his
873 4676 985 4713 non
1021 4670 1107 4715 est
1131 4676 1281 4716 nunc
1308 4661 1628 4731 disputandi
1678 4671 1913 4734 tempus,
1958 4679 2095 4733 quo-

514 4752 657 4805 niam
678 4766 857 4821 neque
874 4750 1074 4822 dogma
1092 4753 1295 4821 esthoc
1310 4754 1378 4809 de
1397 4754 1758 4821 Adam.Quod
1778 4757 1924 4811 enim
1945 4772 2095 4811 nunc

511 4847 567 4900 in
599 4845 904 4915 quastione
927 4847 1192 4916 positum,
1214 4846 1349 4900 illud
1370 4855 1475 4911 est,
1506 4848 1655 4916 quod
1680 4850 1843 4903 talem
1869 4865 2092 4905 carnem

510 4937 779 4991 Dominus
807 4937 915 4992 sibi
948 4937 1125 4992 nnivit
1147 4940 1453 4995 secundum
1485 4942 1849 5011 hypostasim,
1873 4942 2091 5013 qualem

508 5029 889 5085 liabuitAdam
916 5039 1039 5100 post
1057 5039 1342 5101 peccatum
1366 5032 1679 5099 damnatus,
1698 5042 1753 5087 ct
1772 5049 1875 5089 nos
1899 5048 2093 5089 onmes

506 5138 573 5176 ex
602 5122 792 5177 eadem
818 5139 1019 5178 massa.
1043 5123 1162 5178 Non
1190 5124 1340 5179 enim
1362 5127 1516 5180 venit
1540 5126 1806 5180 Dominus
1830 5137 1891 5182 ut
1914 5125 2092 5181 salva-

508 5222 594 5267 ret
617 5230 646 5267 a
668 5223 893 5284 peccato
915 5231 1174 5279 vacuum,
1199 5225 1257 5271 ut
1278 5219 1397 5287 ejus
1414 5218 1612 5273 similis
1634 5218 1812 5281 ﬁeret,
1839 5218 1935 5275 sed
1964 5234 2093 5289 pec-

506 5316 631 5361 eato
668 5308 943 5363 irretitum
982 5318 1038 5365 et
1084 5312 1197 5381 jam
1224 5310 1459 5381 lapsum,
1505 5320 1570 5367 ut
1616 5328 1742 5368 eum
1793 5314 2091 5368 miseratus

505 5400 937 5456 consuscitaret.
975 5402 1189 5473 Alioqui
1223 5405 1500 5474 quomodo
1524 5405 1771 5461 debitum
1808 5421 1909 5476 pro
1930 5404 2090 5459 nobis

504 5491 789 5545 solvisset?
823 5500 919 5547 aut
953 5494 1171 5549 ruinam
1213 5498 1575 5552 resarcissct?
1612 5508 1708 5552 aut
1746 5512 1937 5551 norma
1975 5497 2088 5550 vir-

504 5582 640 5635 tutis
675 5580 853 5638 l‘actus
883 5585 1069 5639 esset?
1099 5594 1158 5641 et
1190 5589 1450 5644 omnibus
1493 5588 1717 5659 optima:
1757 5589 1887 5644 vita:
1928 5604 2090 5659 regu-

503 5668 609 5723 lam
644 5670 701 5724 in
735 5686 794 5725 se
824 5671 995 5726 vitam
1024 5675 1485 5745 perfectiSsimam
1523 5679 1948 5749 praposuisset?

574 5783 640 5836 ll.
678 5784 746 5837 Et
790 5787 1093 5854 quomodo,
1138 5789 1319 5861 inquit
1346 5791 1460 5858 ille,
1495 5793 1699 5863 poterit
1752 5791 1959 5864 aliquis
2006 5792 2087 5847 vi-

506 5900 613 5948 tam
641 5895 857 5950 Domini
889 5897 1133 5953 imitari?

2212 3386 2376 3453 σῶμα
2432 3385 2525 3437 τὸν
2582 3384 2792 3456 Κύριον
2851 3385 3210 3455 ἀνειληφέναι
3262 3384 3546 3450 τοιοῦτον,
3614 3387 3799 3438 ὁποῖον

2209 3477 2331 3547 οὐχὶ
2358 3476 2419 3529 τὸ
2447 3476 2542 3530 τοῦ
2572 3476 3011 3549 πρωτοπλάστου
3047 3477 3227 3548 μόνον,
3254 3476 3392 3531 ἀλλά
3417 3477 3512 3531 καὶ
3534 3478 3601 3530 δι’
3624 3479 3796 3549 ἡμᾶς,

2209 3571 2305 3625 καὶ
2357 3569 2563 3639 σφόδρα
2611 3569 2965 3642 θαρρούντως
3014 3569 3081 3623 ἀν
3127 3570 3541 3640 διατεινοίμηνο
3605 3570 3799 3641 κοινῆς

2207 3658 2316 3729 γὰρ
2350 3658 2519 3731 οὔσης
2564 3659 2666 3729 τῆς
2711 3661 2871 3712 νόσου
2892 3701 2906 3725 ,
2957 3660 3094 3712 πολὺ
3140 3660 3201 3713 τὸ
3234 3660 3551 3733 παράλογον
3582 3661 3666 3714 ἑνὶ
3696 3662 3796 3731 μὲν

2206 3749 2467 3814 ἐοικέναι,
2502 3751 2611 3803 τῶν
2637 3749 2694 3804 δὲ
2728 3750 2935 3804 λοιπῶν
2963 3752 3183 3806 πάντων
3217 3753 3614 3822 άπεμφαίνειν,
3647 3755 3703 3809 οἵ
3730 3772 3795 3823 γε

2204 3843 2304 3911 τῆς
2324 3840 2487 3894 αὑτοῦ
2509 3841 2595 3895 διὰ
2620 3841 2840 3895 πάντων
2864 3842 3189 3913 ἐμφερείας,
3213 3843 3293 3906 εἰς
3316 3844 3407 3896 τὸν
3423 3844 3523 3913 τῆς
3550 3844 3795 3916 ἰατρείας

2205 3933 2413 3989 ἐδέοντο
2485 3934 2665 4003 λόγον.
2721 3935 2895 3989 Πόθεν
2943 3935 3045 3999 δὲ,
3103 3930 3148 3989 ὦ
3222 3938 3505 4006 βέλτιστε,
3553 3940 3636 3993 ὅτι
3685 3944 3817 4010 περ

2204 4025 2488 4097 ἄφθαρτον
2533 4025 2594 4079 τό
2619 4028 2715 4080 τοῦ
2756 4026 3191 4097 πρωτοπλάστου
3244 4028 3410 4100 σῶμα
3453 4029 3789 4101 ἐτύγχανενς

2201 4116 2264 4168 ού
2299 4117 2412 4189 γὰρ
2459 4120 2517 4170 tv
2556 4120 2623 4187 τῇ
2668 4122 2985 4189 κατασκευῇ
3018 4115 3166 4189 εἶχεν
3198 4120 3259 4172 τὸ
3310 4120 3607 4175 ἀθάνατον’
3657 4123 3792 4193 μήτι

2200 4226 2264 4277 γε
2308 4208 2372 4280 δὴ
2422 4209 2484 4262 τὸ
2526 4209 2840 4282 ἄφθαρτον,
2872 4212 2995 4264 ἐπεὶ
3024 4211 3124 4265 οὐκ
3167 4211 3257 4278 ἂν,
3289 4208 3469 4283 οἶμαι,
3500 4213 3594 4268 τοῦ
3627 4213 3790 4281 ξύλου

2198 4301 2298 4373 τῆς
2346 4300 2492 4372 ζωῆς
2543 4300 2692 4372 αὐτῷ
2734 4303 3143 4374 προσεδέηοεν,
3198 4298 3261 4357 οὗ
3294 4304 3392 4375 τῆς
3429 4306 3790 4377 μεταλήψεως

2199 4390 2365 4443 αὐτὸν
2397 4390 2713 4462 παράϐασις
2741 4392 3127 4463 ἀπεστέρησεν
3147 4434 3161 4459 ,
3218 4393 3407 4457 καθὼς
3453 4396 3503 4448 οι
3536 4398 3790 4467 Πατέρες

2198 4483 2401 4552 φασιν,
2452 4483 2529 4547 ὡς
2560 4485 2629 4554 τῇ
2661 4483 2771 4537 τῶν
2802 4483 3053 4549 ζωτικῶν
3079 4488 3311 4558 καρπῶν
3342 4488 3645 4559 μεταλήψει
3676 4490 3788 4542 ἀπ-

2199 4574 2799 4646 αθανατισθησόμενος*
2832 4578 2960 4647 περὶ
2986 4578 3084 4647 μὲν
3105 4575 3200 4633 οὖν
3224 4581 3355 4649 τῶν,
3383 4583 3445 4635 οὐ
3470 4581 3564 4635 τοῦ
3587 4583 3787 4653 παρόν-

2199 4683 2290 4731 τος
2317 4666 2436 4719 ἐστὶ
2477 4666 2700 4737 καιροῦ,
2736 4666 2820 4720 ὅτι
2854 4666 2991 4739 μηδὲ
3018 4669 3197 4742 δόγμα
3229 4672 3290 4725 τὸ
3318 4674 3459 4726 κατὰ
3488 4672 3581 4726 τὸν
3612 4673 3787 4745 Ἀδὰμ

2194 4760 2476 4829 τυγχάνει.
2508 4759 2582 4813 Τὸ
2608 4759 2718 4830 γὰρ
2748 4759 2846 4814 νῦν
2872 4763 2929 4815 tv
2958 4760 3188 4833 ζητήσει
3218 4765 3585 4837 προκείμενόν
3609 4769 3781 4828 ἐστιν.

2194 4851 2277 4905 ὅτι
2334 4853 2515 4923 σάρκα
2558 4851 2825 4923 τοιαύτην
2874 4853 2903 4906 ό
2945 4853 3151 4925 Κύριος
3185 4856 3398 4927 ἥνωσεν
3433 4858 3614 4930 ἑαυτῷ
3656 4859 3783 4913 καθ’

2194 4943 2497 4999 ὑπόστασιν
2517 4985 2531 5009 ,
2569 4946 2765 4998 ὁποίαν
2793 4945 2932 5016 ἔχων
2960 4950 3017 5016 ἐς
3033 4947 3133 5018 άνη
3170 4951 3307 5020 μετὰ
3334 4950 3434 5022 τὴν
3461 4952 3782 5023 παράϐασιν

2193 5040 2222 5091 ὁ
2274 5038 2641 5109 κατάκριτος,
2700 5042 2865 5111 ἡμεῖς
2907 5059 2968 5094 τε
3018 5042 3225 5106 πάντες
3273 5044 3324 5096 οἱ
3371 5046 3435 5096 ὲκ
3472 5044 3569 5097 τοῦ
3607 5043 3777 5098 αὑτοῦ

2194 5133 2542 5203 φυράματος.
2598 5135 2673 5186 Οὐ
2706 5134 2816 5204 γὰρ
2847 5137 2939 5187 τὸν
2972 5135 3360 5207 ἀναμάρτητον
3407 5137 3581 5208 Ἀδὰμ
3610 5134 3779 5210 ἦλθεν

2194 5224 2391 5291 σῶσαι,
2431 5224 2518 5278 ἵνα
2553 5226 2795 5297 ὁμοιωοῇ
2829 5228 3053 5298 ἐκείνῳ,
3108 5229 3248 5281 ἀλλὰ
3289 5228 3380 5281 τὸν
3410 5232 3781 5303 ἡμαρτηκότα

2191 5317 2287 5370 καὶ
2317 5319 2672 5383 πεπτωκότα,
2708 5320 2794 5373 ἵνα
2821 5320 2885 5391 δὴ
2920 5320 3325 5390 συμπεπονθὼς
3353 5322 3502 5394 αὐτῷ
3531 5325 3626 5378 καὶ
3652 5342 3779 5377 συν-

2190 5411 2495 5484 αναστήσῃ.
2532 5412 2657 5475 Πῶς
2686 5412 2744 5466 δὲ
2774 5414 2869 5466 καὶ
2897 5414 2958 5466 τὸ
2985 5414 3128 5486 ὑπὲρ
3156 5416 3316 5486 ήμῶν
3346 5415 3557 5481 ἐξέτισε
3584 5420 3770 5488 χρέος,

2190 5496 2222 5567 ἢ
2255 5498 2353 5565 τὴν
2379 5492 2550 5569 ἧτταν
2576 5500 2969 5566 ἀνεκαλέσατο,
2995 5503 3028 5574 ἢ
3059 5505 3427 5577 ύπογραμμὸς
3453 5508 3657 5578 ἀρετῆς
3681 5512 3776 5578 γέ-

2189 5605 2316 5657 γονε
2342 5628 2356 5653 ,
2416 5592 2513 5643 καὶ
2561 5596 2675 5656 τοῖς
2724 5596 2860 5649 πᾶσι
2910 5596 3012 5665 τῆς
3053 5598 3284 5668 ἀρίστης
3326 5598 3608 5666 πολιτείας
3645 5602 3774 5671 ὅρον

2189 5682 2246 5735 tv
2272 5681 2452 5754 ἑαυτῷ
2485 5683 2575 5737 τὸν
2600 5685 2937 5741 τελεώτατον
2968 5688 3255 5762 προύθηκε
3287 5690 3431 5761 βίον;

2260 5816 2325 5869 Α.
2385 5817 2497 5872 Καὶ
2544 5820 2662 5884 πῶς
2692 5821 2758 5876 ἄν
2792 5839 2900 5888 τις,
2935 5825 3145 5890 ἐκεῖνος
3173 5825 3309 5897 ἔφη,
3343 5825 3641 5899 δυνησηται
3668 5845 3773 5900 την

2184 5909 2280 5963 τοῦ
2309 5910 2517 5982 Κυρίου
2547 5914 2837 5985 μιμεῖσθαι
2864 5915 3027 5989 ζωήν,
