4120 6440
394 411 530 478 1349

1449 413 1745 476 CONTRA
1784 414 2101 475 NESTOR.
2142 417 2236 475 ET
2274 417 2597 478 EUTYCH.

3508 415 3642 479 1350

461 529 521 577 0.
558 523 626 577 'ﬂ
656 519 1100 592 ἀπαράλλακτος,
1131 516 1307 588 εἶπον,
1332 524 1431 592 τῆς
1488 527 1688 592 σαρκὸς
1710 521 1804 574 τοῦ
1856 524 1965 575 Ku-

2133 524 2197 579 Ο.
2230 524 2571 588 Similitudo,
2604 525 2850 594 inquam,
2879 523 3061 579 carnis
3101 524 3319 578 Domini
3356 539 3482 577 cum
3537 541 3641 579 no-

393 616 512 688 ρίου
545 614 681 684 πρὸς
700 612 798 683 τὴν
825 611 1106 682 ἡμετέραν
1131 611 1413 682 ὁμοίωσις,
1435 611 1669 683 δυνατὴν
1701 613 1966 683 πεποίηκε

392 703 491 774 τὴν
543 702 680 771 πρὸς
724 701 888 754 αὐτὸν
932 700 1312 771 ἀφομοίωσιν,
1370 700 1435 754 ἵν’
1476 701 1573 773 ἐξῇ
1628 700 1827 772 Παύλῳ
1872 701 1969 755 καὶ

390 798 507 859 τοῖς
562 792 688 848 κατ’
729 792 895 847 αὐτὸν
942 792 1165 861 λέγειν·
1229 795 1492 862 Μιμηταί
1531 812 1653 862 μου
1700 795 1966 864 γίνεσθε,

391 886 587 951 καθὼς
618 884 781 954 κάγὼ
808 885 1070 952 Χριστοῦ
1091 901 1106 917 ο
1158 886 1307 957 αύτῷ
1332 902 1389 939 τε
1421 885 1499 956 τῷ
1524 888 1711 957 Κυρίῳ
1729 928 1744 953 ,
1799 908 1815 939 ι
1841 887 1969 941 Μά-

394 981 525 1032 θετε
555 978 658 1031 ἀπ’
686 975 857 1045 ἐμοῦ,
913 976 1000 1030 ὅτι
1047 976 1239 1043 πρᾶός
1276 980 1391 1046 είμι
1439 980 1536 1031 καὶ
1578 980 1857 1046 ταπεινὸς
1896 980 1970 1049 τῇ

393 1066 627 1136 καρδίᾳ.
663 1067 737 1118 UO
773 1067 881 1136 μὴν
908 1068 1029 1119 οὐδὲ
1059 1070 1086 1121 ό
1117 1067 1370 1132 Θάνατος,
1401 1067 1488 1120 διά
1518 1070 1616 1139 τῆς
1641 1069 1736 1122 τοῦ
1765 1070 1968 1141 Κυρίου

391 1158 717 1228 νεκρώσεως
746 1156 1055 1226 τεθνηκὼς,
1074 1158 1184 1211 τῶν
1213 1158 1342 1229 ἑξῆς
1368 1159 1674 1231 ἀνθρώπων
1697 1161 1970 1232 ἀπέσχετο

392 1248 458 1301 ἂν
490 1246 710 1300 πώποτε
730 1287 746 1312 ,
786 1248 862 1319 μὴ
894 1249 983 1301 διὰ
1015 1250 1232 1302 πάντων
1266 1250 1466 1320 ὁμοίως
1496 1251 1573 1321 τῷ
1600 1252 1767 1305 πάλαι
1798 1270 1969 1306 κατα-

393 1342 617 1393 πεσόντι
651 1340 978 1411 προσϐαλὼν
1005 1383 1019 1406 ,
1076 1335 1137 1394 οὗ
1187 1342 1376 1413 ἐπειδὴ
1410 1345 1746 1415 γευσάμενος
1779 1345 1969 1416 ἔτυχε,

391 1432 645 1487 τοσοῦτον
693 1434 1011 1504 ᾑμωδίασαν
1051 1434 1203 1505 αὐτῷ
1226 1436 1276 1487 οί
1317 1436 1547 1500 ὀδόντες,
1594 1437 1739 1492 κατά
1764 1439 1854 1491 τὸν
1880 1440 1969 1492 λόο

394 1542 511 1594 γον,
545 1524 687 1578 ὥστε
719 1526 921 1596 μηκέτι
952 1527 1049 1595 μὲν
1075 1526 1321 1596 ἅψασθαι
1350 1529 1558 1599 τολμᾷν
1581 1531 1692 1582 τῶν
1715 1529 1971 1583 ἐοικότων

395 1617 575 1688 αὐτῷ,
632 1616 1040 1688 προσεξεμέσαι
1069 1617 1125 1669 δὲ
1167 1619 1262 1670 καὶ
1293 1618 1383 1682 οὒς
1415 1618 1607 1691 πρώην
1635 1618 1970 1673 καταπεπώ-

397 1726 503 1761 κει.
548 1708 610 1761 Ἦ
642 1709 751 1779 γάρ
785 1708 1041 1779 ἐνέργεια
1075 1708 1285 1778 σαφῶς,
1317 1705 1496 1780 οἶμαι,
1549 1710 1643 1763 τοῦ
1676 1712 1970 1782 φαρμάκου

395 1800 496 1873 τὴν
520 1800 686 1868 φύσιν
716 1801 1055 1853 ἐνδείκνυται
1074 1814 1087 1829 ⁸
1121 1799 1183 1852 τὸ
1206 1802 1315 1872 γάρ
1344 1801 1585 1871 όμοφυὲς
1615 1803 1759 1855 ἅπαν
1784 1800 1971 1872 ὲξεμέ-

2069 623 2182 668 stra
2211 615 2331 669 sine
2363 615 2690 679 variatione,
2728 614 2860 669 fecit
2918 625 2977 667 ut
3010 623 3196 683 posset
3238 614 3639 682 assimilariei;

2070 717 2131 762 ut
2152 708 2314 763 liceat
2340 708 2530 772 Paulo,
2555 717 2610 763 et
2644 707 2769 762 aliis
2800 708 3054 777 exemplo
3076 707 3217 776 ejus,
3250 707 3432 764 dicere
3459 726 3471 762 :
3509 708 3643 762 Imi-

2070 808 2266 853 tatores
2304 800 2404 852 mei
2432 807 2615 861 estote,
2666 799 2799 852 sicut
2853 807 2903 852 et
2935 815 3028 870 ego
3060 798 3256 853 Christi
3286 800 3371 865 ³¹;
3440 807 3495 853 et
3535 799 3641 868 ipsi

2070 890 2304 946 Domino
2337 907 2351 944 :
2384 890 2579 944 Discite
2601 908 2632 943 a
2668 905 2771 954 me,
2802 890 2927 960 quia
2994 891 3135 944 mitis
3182 907 3301 943 sum
3343 898 3392 943 et
3429 890 3642 944 humilis

2070 982 2222 1035 corde
2259 981 2325 1038 ³³.
2389 981 2505 1035 imo
2560 995 2741 1049 neque
2786 996 2933 1033 mors
2990 996 3089 1050 per
3146 988 3378 1033 mortem
3434 978 3642 1033 Christi

2070 1084 2289 1129 mortua
2316 1090 2344 1127 a
2375 1073 2604 1142 reliquis
2658 1072 2923 1142 deinceps
2964 1074 3285 1126 hominibus
3310 1089 3368 1127 se
3400 1086 3641 1141 unquam

2070 1165 2393 1229 abstineret,
2428 1163 2535 1218 nisi
2560 1180 2659 1233 per
2692 1165 2874 1217 omnia
2899 1164 3154 1218 similiter
3190 1164 3486 1219 invasisset
3510 1180 3641 1219 eum

2071 1256 2165 1326 qui
2188 1266 2316 1311 ante
2348 1256 2637 1321 occubuit;
2664 1271 2827 1325 quem
2860 1265 3150 1326 postquam
3184 1257 3441 1326 gustavit,
3472 1269 3642 1326 usque

2071 1346 2210 1400 adeo
2248 1345 2445 1399 dentes
2466 1346 2585 1415 ejus
2602 1344 3030 1414 obstupuerunt,
3050 1356 3110 1399 ut
3140 1346 3436 1414 Scriptura:
3459 1344 3643 1398 verbis

2072 1444 2220 1501 utar,
2248 1446 2309 1491 ut
2343 1451 2453 1490 non
2479 1436 2719 1505 amplius
2743 1436 2943 1489 audeat
2961 1450 3058 1490 eos
3088 1435 3383 1505 attingere,
3406 1435 3501 1504 qui
3522 1436 3645 1505 ejus

2073 1528 2280 1582 similes
2318 1536 2467 1593 sunt,
2500 1536 2555 1582 et
2602 1537 2664 1582 ut
2692 1536 2912 1582 evomat
2943 1543 3040 1582 eos
3072 1543 3214 1597 quos
3259 1528 3417 1597 prius
3446 1528 3642 1582 absor-

2072 1629 2275 1690 pscrat.
2306 1618 2568 1689 Operatio
2596 1619 2771 1684 enim,
2813 1619 3033 1689 Opinor,
3073 1620 3220 1673 clare
3245 1627 3497 1673 naturam
3528 1633 3645 1672 me—

2073 1710 2365 1765 dicamenti
2400 1710 2778 1775 demonstrat;
2820 1710 3095 1779 siquidem
3139 1726 3301 1766 omne
3349 1709 3497 1780 quod
3525 1717 3646 1766 erat

2072 1803 2317 1873 ejusdem
2349 1812 2579 1867 natum,
2603 1802 2784 1873 coegit
2814 1817 3071 1858 evomere
3104 1819 3229 1858 eum
3257 1804 3352 1874 qui
3402 1818 3644 1858 momor-

399 1910 489 1947 σαι
541 1892 634 1946 τὸν
681 1891 1003 1959 λαφύξαντα
1051 1892 1495 1963 κατηνάγκασεν.
1556 1893 1680 1958 Πῶς
1710 1895 1756 1949 δ’
1782 1894 1848 1949 ἂν
1877 1895 1970 1948 καὶ

2075 1896 2244 1949 derat.
2270 1895 2479 1951 Deinde
2529 1894 2809 1965 quomodo
2859 1896 2945 1951 lex
3004 1895 3295 1951 conﬂictus
3342 1897 3397 1951 in
3429 1896 3646 1966 experi-

394 1984 423 2036 ό
456 1984 555 2052 τῆς
588 1982 911 2053 συμπλοκῆς
947 1983 1109 2051 νόμος
1130 2021 1146 2046 ,
1205 1985 1262 2037 ὲν
1297 1986 1363 2055 τῇ
1403 1985 1777 2059 προσαχθείσῃ
1802 1987 1969 2059 πείρα

396 2074 767 2142 πεφύλακται,
802 2076 878 2146 μὴ
903 2074 982 2145 τῷ
1010 2078 1325 2130 πεπτωκότι
1348 2077 1447 2149 τὴν
1470 2080 1610 2132 κατὰ
1632 2079 1794 2147 φύσιν
1818 2080 1971 2150 ἐχού-

397 2184 498 2238 σης
536 2168 837 2236 ἐμφέρειαν
885 2167 987 2236 τῆς
1032 2168 1435 2240 πειραζομένης
1468 2170 1717 2240 φύσεως;
1770 2171 1830 2225 οὐ
1862 2172 1971 2242 γάρ

396 2261 579 2331 νικᾷν,
615 2259 731 2312 ἀλλ’
761 2260 1095 2329 ἐπηρεάζειν
1125 2263 1307 2327 ἐστὶν,
1343 2263 1404 2315 τὸ
1436 2264 1592 2334 παρά
1618 2266 1741 2329 τοὺς
1772 2266 1970 2336 νόμους

394 2354 495 2422 τῆς
522 2353 765 2420 ἀγωνίας
785 2353 1218 2423 συμπλέκεσθαι·
1239 2356 1401 2426 νόμος
1431 2357 1487 2410 δὲ
1511 2358 1772 2424 ἀγωνίας,
1792 2359 1855 2412 τὸ
1882 2360 1971 2414 διὰ

397 2444 492 2498 τοῦ
530 2445 700 2498 πάλαι
741 2446 1278 2510 καταπεπτωκότος,
1313 2448 1715 2502 καταπαλαίειν
1746 2451 1839 2504 τὸν
1868 2452 1970 2523 ήδη

395 2537 725 2607 νενικηκότα
744 2578 761 2603 ,
820 2538 913 2590 καὶ
946 2539 1119 2609 ταύτῃ
1148 2555 1211 2606 γε
1238 2539 1303 2609 δὴ
1333 2540 1435 2609 τὴν
1462 2540 1773 2611 ἔμπροσθεν
1802 2538 1973 2613 ἧτταν

395 2630 813 2685 ἀνακαλεῖσθαι.
880 2630 1005 2693 Πῶς
1053 2632 1099 2684 δ’
1128 2631 1193 2683 ἂν
1244 2636 1339 2685 καὶ
1371 2634 1532 2703 ἡμεῖς
1570 2636 1663 2688 τὸν
1691 2636 1846 2708 παρὰ
1875 2636 1974 2707 τὴν

395 2722 491 2774 τοῦ
542 2723 779 2793 ὀργάνου
832 2722 1129 2792 διαφορὰν,
1189 2724 1249 2776 τὸ
1300 2725 1399 2794 τῆς
1439 2727 1640 2797 ἀρετῆς
1691 2725 1972 2799 ἐξαίρετον

398 2812 593 2885 ἔχοντα
621 2815 1029 2886 μιμησαίμεθα,
1059 2818 1116 2870 ὲν
1142 2819 1370 2889 παθητῷ
1396 2820 1489 2872 καὶ
1513 2819 1737 2892 φθαρτῷ
1759 2820 1972 2889 σώματι

397 2906 499 2977 τὴν
535 2907 674 2978 πρὸς
704 2908 766 2960 τὸ
792 2908 1075 2979 ἄφθαρτον
1104 2910 1368 2979 ὁμοίωσιν
1395 2912 1820 2983 ἀπαιτούμενοι;
1856 2916 1973 2967 Πα-

402 2998 710 3071 ραπλήσιον
761 2999 870 3070 γὰρ
924 3000 983 3054 τὸ
1034 3000 1250 3053 τοιοῦτο
1296 2998 1436 3055 εἶναι
1482 3004 1663 3070 δοκεῖ,
1714 3006 1973 3077 καθάπερ

400 3087 456 3140 εί
499 3105 585 3151 τις
634 3090 692 3141 ὲν
729 3091 1065 3153 τεκτονικοῖς
1109 3090 1328 3143 σκεύεσι
1356 3093 1454 3164 τὴν
1483 3094 1847 3167 χαλκευτικὴν
1876 3102 1969 3150 εκ-

399 3177 645 3248 πληροῦν
680 3178 880 3248 τέχνην
907 3178 1248 3251 νομοθετοίη.
1310 3183 1422 3235 Καὶ
1451 3183 1561 3255 γὰρ
1604 3187 1653 3237 εί
1694 3186 1853 3239 τοῦτο
1878 3183 1969 3257 ἦν,

2071 1998 2258 2043 mento
2285 1987 2539 2043 adhibito
2573 1999 2789 2043 servata
2829 2000 2996 2055 esset,
3051 1989 3096 2044 si
3138 1997 3335 2043 natura
3363 2006 3485 2059 qua:
3519 2000 3642 2044 ten-

2073 2088 2238 2143 tatur,
2274 2095 2379 2134 non
2426 2081 2656 2135 haberet
2706 2081 3122 2136 similitudinem
3168 2082 3474 2135 naturalem
3514 2096 3639 2135 cum

2070 2187 2137 2225 eo
2157 2169 2263 2241 qui‘
2301 2172 2601 2227 occubuit?
2636 2172 2755 2227 Non
2787 2172 2936 2227 enim
2990 2181 3076 2227 est
3109 2172 3352 2235 vincere,
3403 2171 3499 2226 sed
3532 2171 3643 2225 vim

2073 2265 2291 2329 aﬂ'erre,
2326 2266 2587 2335 congredi
2627 2272 2827 2334 praeter
2850 2264 2999 2334 leges
3034 2263 3382 2318 certaminis:
3432 2262 3520 2317 lex
3549 2277 3646 2315 ve-

2073 2372 2135 2411 ro
2178 2358 2498 2412 certaminis
2553 2364 2637 2411 est
2693 2370 2793 2425 per
2844 2370 2971 2409 eum
3032 2353 3126 2424 qui
3168 2361 3325 2407 antea
3362 2351 3644 2416 occubuit,

2074 2466 2335 2521 superare
2378 2466 2504 2505 eum
2548 2450 2643 2519 qui
2671 2450 2783 2519 jam
2830 2448 3063 2509 vicerat,
3108 2455 3165 2502 et
3188 2447 3293 2500 hac
3326 2444 3541 2500 ratione
3589 2453 3648 2499 et

2073 2543 2162 2596 via
2191 2543 2535 2611 superiorem
2556 2541 2818 2596 amissam
2852 2540 3144 2595 victoriam
3177 2538 3468 2592 resarcire.
3501 2536 3650 2602 Quo-

2074 2632 2239 2687 modo
2261 2648 2361 2687 nos
2386 2632 2554 2686 etiam
2579 2646 2705 2686 eum
2750 2630 2843 2699 qui
2894 2639 3120 2700 promer
3156 2627 3523 2682 differentiam
3565 2626 3649 2680 in-

2075 2725 2370 2779 strumenti
2397 2725 2602 2778 virtute
2628 2732 2930 2793 praestaret,
2974 2722 3339 2785 imitaremur,
3384 2736 3412 2773 a
3444 2718 3648 2788 quibus

2077 2815 2483 2884 requireretur,
2516 2822 2577 2867 ut
2601 2814 2653 2867 in
2677 2812 2923 2882 passibili
2948 2821 3004 2865 et
3029 2809 3377 2879 corruptibili
3413 2823 3650 2879 corpore

2075 2908 2284 2963 similes
2330 2924 2434 2963 nos
2470 2906 2884 2977 incorruptibili
2928 2905 3326 2960 redderemus?
3368 2906 3473 2961 hoc
3500 2906 3648 2960 enim

2077 3001 2255 3055 simile
2284 3000 2417 3054 mihi
2449 3000 2689 3065 videtur,
2716 3006 2775 3053 ut
2809 2998 2854 3053 si
2885 2998 3012 3068 quis
3036 2998 3154 3067 lege
3186 2996 3411 3066 juberet
3442 2997 3650 3050 instru-

2076 3090 2281 3146 mentis
2308 3091 2597 3144 fabrilibus
2626 3099 2800 3145 artem
2842 3088 2983 3142 fabri
3020 3087 3202 3142 aerarii
3240 3100 3520 3141 exercere.
3552 3085 3647 3140 Et-

2076 3182 2225 3236 enim
2274 3182 2320 3235 si
2363 3182 2436 3235 ita
2498 3189 2665 3244 esset,
2713 3181 2879 3235 etiam
2927 3180 3190 3234 aberrare
3234 3178 3303 3231 ab
3338 3177 3648 3232 imitatione

400 3269 497 3322 καὶ
545 3267 608 3319 τὸ
655 3266 757 3337 τῆς
804 3268 1174 3339 θεομιμησίας
1221 3272 1583 3341 διαμαρτεῖν,
1639 3276 1973 3347 ἀνέγκλητον

2077 3274 2197 3337 Dei,
2227 3272 2457 3327 crimine
2512 3287 2739 3342 prorsus
2785 3276 3024 3324 vacaret.
3050 3268 3169 3321 Non
3196 3268 3344 3322 enim
3372 3282 3544 3336 prope
3564 3274 3645 3321 est

400 3362 581 3435 πάντη
629 3362 949 3433 ἐτύγχανεν.
1011 3365 1084 3417 Οὐ
1132 3365 1240 3436 γὰρ
1286 3367 1454 3434 ἐγγὺς
1499 3369 1561 3421 τὸ
1600 3371 1973 3442 παράδειγμα,

401 3456 498 3509 καὶ
544 3457 657 3518 τοῖς
702 3454 907 3525 ταύτην
938 3456 1400 3526 ὲκμιμουμένοις,
1441 3459 1505 3511 τὸ
1538 3459 1627 3513 τὸν
1652 3460 1975 3516 διδάσκαλον

404 3546 767 3620 ὑπερὸἀλλειν
805 3546 1184 3617 περιεγένετο,
1234 3549 1291 3600 ὲν
1321 3547 1689 3621 ἀσθενεστέρα
1716 3554 1783 3624 τῇ
1816 3553 1975 3622 φύσει

402 3637 892 3708 πεπολιτευμένοις
917 3638 1010 3691 καὶ
1026 3639 1400 3709 διηθληκόσιν.
1419 3642 1525 3695 Ἐῶ
1550 3646 1657 3716 γὰρ
1683 3645 1865 3716 λέγειν
1893 3650 1976 3702 ὃτι

406 3728 543 3799 μηδὲ
602 3728 919 3798 πρακτικῆς·
975 3731 1070 3783 καὶ
1118 3730 1468 3803 ἀνθρωπίνης
1516 3738 1721 3807 ἀρετῆς
1777 3739 1977 3807 νόμους

403 3823 555 3873 ἐστιν
588 3822 772 3893 εὑρεῖν
806 3823 867 3876 ὲν
895 3823 1165 3894 ἀφθάρτῳ
1200 3826 1412 3894 σώματι
1433 3865 1448 3890 ,
1500 3820 1544 3895 ᾧ
1570 3844 1633 3896 γε
1663 3828 1753 3881 διά
1780 3829 1841 3883 τὸ
1865 3832 1979 3884 ἀνω

403 3910 624 3965 κεῖσθαι
674 3913 785 3964 τῶν
830 3912 1196 3984 ἀνθρωπίνων
1240 3916 1461 3981 παθῶν,
1520 3918 1642 3971 οὐδὲ
1692 3922 1854 3974 πεῖνα
1893 3922 1978 3976 ὅτι

408 4004 545 4075 μηδὲ
578 4004 875 4075 ἐγκράτεια
896 4046 911 4071 ,
960 4007 1083 4059 οὐδὲ
1127 4007 1292 4071 πόνος
1325 4009 1408 4062 ὅτι
1440 4010 1519 4083 μὴ
1550 4011 1822 4083 ὑπομονὴ,
1854 4013 1978 4066 οὐδὲ

406 4097 590 4168 ὕϐρις,
626 4098 711 4151 ὅτι
760 4097 896 4169 μηδὲ
941 4099 1300 4164 ταπείνωσις,
1350 4101 1472 4155 οὺδὲ
1503 4119 1557 4156 τι
1584 4103 1696 4158 τῶν
1718 4105 1979 4160 τοιούτων

405 4188 731 4259 πρόσεστιν,
768 4189 856 4243 ἵνα
894 4189 969 4260 μὴ
1000 4190 1069 4244 τά
1100 4191 1225 4244 καθ’
1249 4193 1457 4246 ἕκαστα
1484 4193 1776 4261 διεξιόντες
1801 4196 1979 4249 ἐνδια-

404 4280 710 4350 τρίόοιμεν.
748 4281 824 4334 Οὐ
856 4282 1004 4350 μέγα
1029 4281 1086 4334 δὲ
1111 4284 1308 4348 εἰπεῖν,
1347 4286 1428 4338 ὅτι
1464 4287 1599 4357 μηδὲ
1626 4288 1831 4359 ἀρετῆς
1861 4288 1980 4341 ἐπί-

402 4371 572 4436 δειξιν
599 4372 746 4425 ἐστιν
778 4373 871 4426 ἐπὶ
896 4372 997 4442 τῆς
1025 4373 1304 4446 ἀφθάρτου
1333 4377 1427 4430 καὶ
1453 4377 1736 4441 ἀνενδεοῦς
1763 4379 1979 4447 φύσεως

405 4463 634 4515 ἐπιδεῖν.
670 4461 903 4514 Ἀλύπου
933 4462 1043 4532 γὰρ
1075 4462 1294 4529 φύσεως
1324 4463 1474 4530 ἀγὼν
1504 4465 1602 4517 οὐκ
1631 4464 1813 4518 ἔστιν’
1846 4466 1893 4517 εί
1920 4466 1978 4519 δὲ

408 4552 518 4623 μὴ,
570 4552 692 4605 οὐδὲ
737 4552 860 4622 νίκη
886 4569 900 4582 ο
959 4553 1092 4605 εἰδὲ
1124 4554 1200 4623 μὴ
1232 4553 1380 4623 νίκη,
1414 4554 1537 4608 οὐδὲ
1565 4555 1844 4624 στέφανοι.
1883 4556 1978 4622 Ei;
2013 4586 2053 4640 υ

402 4643 567 4696 τοῦτο
596 4642 659 4713 δὴ
686 4641 787 4712 τῆς
815 4643 1048 4707 ἀτοπίας
1080 4645 1140 4697 τὸ
1172 4643 1432 4714 μέγεθος,
1482 4645 1544 4698 τὸ
1590 4646 1804 4717 κομψὸν
1832 4647 1981 4719 ὑμᾶς

404 4735 505 4805 τῆς
532 4734 849 4805 ἀφθαρσίας
882 4735 1172 4805 ἀπήγαγεν
1200 4737 1394 4805 ὄνομα.

476 4937 541 4991 Α.
578 4935 793 5007 Κομιδῇ
824 4934 982 5005 γοῦν,
1025 4937 1235 5000 ἐκεῖνος
1262 4936 1399 5007 ἔφη,
1454 4936 1515 4991 τὸ
1547 4937 1691 5007 μέγα
1718 4938 1820 5008 τῆς
1846 4936 1980 4991 ἑνώ-

406 5044 545 5083 σεως
595 5026 921 5097 ὲκταράττει
973 5027 1276 5098 μυστήριον
1296 5042 1310 5055 '
1350 5028 1397 5081 εί
1425 5026 1502 5098 μὴ
1532 5028 1603 5080 τά
1629 5027 1729 5098 τῆς
1759 5028 1978 5100 ἀφθαρ-

406 5117 781 5185 σίαςόΔόγος
833 5117 927 5171 ἀπ’
952 5119 1129 5189 ἀρχῆς
1173 5116 1249 5188 τῷ
1296 5119 1483 5189 οίκείῳ
1533 5117 1834 5190 δεδώρηται
1882 5119 1981 5172 σώ-

408 5227 545 5280 ματι
568 5250 584 5274 ,
632 5209 772 5263 ἀλλά
815 5209 959 5263 κατά
988 5210 1079 5262 τὸν
1112 5211 1226 5263 ἴσον
1252 5210 1459 5281 τρόπον
1489 5211 1621 5281 ἡμῖν
1648 5210 1854 5278 αὐτοῖς,
1887 5212 1981 5265 καὶ

402 5302 556 5373 αὑτῷ
587 5302 688 5373 τὴν
718 5302 799 5365 είς
831 5301 1060 5373 ὔστερον
1090 5302 1407 5372 ἀφθαρσίαν
1441 5303 1827 5373 ἐταμιεύσατο.

477 5398 541 5449 O.
577 5395 845 5459 Μείζονος
876 5395 921 5448 δ’
950 5394 1016 5449 ἂν
1046 5395 1135 5465 εἴη
1164 5395 1266 5465 τῆς
1292 5395 1582 5460 εὐλαϐείας
1611 5396 1780 5463 ἀξιον,
1804 5392 1979 5462 εἷπον,

404 5485 467 5539 τὸ
503 5486 642 5555 μετά
672 5502 793 5540 τινα
823 5486 1006 5555 λέγειν
1036 5487 1368 5556 γεγενῆσθαι
1398 5487 1614 5557 καιρὸν,
1645 5487 1738 5542 τοῦ
1768 5488 1975 5560 Κυρίου

401 5576 507 5647 τὴν
536 5576 829 5648 ἀνάληψιν,
865 5576 962 5631 καὶ
994 5576 1093 5649 τὴν
1123 5577 1187 5631 ὲκ
1215 5574 1406 5640 δεξιῶν
1436 5577 1645 5649 ἵδρυσιν
1666 5618 1682 5645 ,
1733 5577 1869 5632 ἀλλά
1903 5577 1979 5650 μὴ

482 5817 525 5850 ³²
560 5817 795 5888 Philipp.
831 5834 906 5881 tu,
940 5818 1025 5873 l7.
1100 5818 1145 5851 ³³
1173 5818 1363 5873 Matth.
1395 5834 1468 5885 xl,
1501 5818 1591 5875 29.

2077 3363 2497 3433 exemplum.Et
2521 3363 2872 3417 imitantibus
2900 3360 3359 3429 versantibusque
3376 3359 3431 3412 in
3452 3365 3647 3412 natura

2077 3453 2401 3519 inﬁrmiore,
2425 3463 2482 3509 et
2525 3453 2941 3509 decertantibus
2994 3451 3214 3505 abunde
3260 3451 3473 3514 fuisset,
3500 3448 3647 3519 quod

2075 3547 2344 3617 magister
2368 3556 2577 3600 natura:
2606 3543 3020 3600 excellentioris
3037 3552 3176 3598 erat.
3204 3539 3411 3596 Omitto
3437 3540 3647 3605 dicere,

2078 3638 2225 3707 quod
2252 3653 2432 3709 neque
2452 3638 2601 3705 leges
2619 3636 2844 3691 virtutis
2875 3637 2930 3690 in
2981 3635 3200 3690 actione
3247 3633 3439 3703 posita!
3460 3641 3517 3687 et
3540 3632 3649 3685 hu-

2078 3745 2272 3791 manae,
2297 3730 2352 3783 in
2388 3745 2617 3799 corpore
2647 3728 3049 3798 incorruptibili
3073 3725 3316 3796 reperire
3356 3725 3516 3781 licet:
3559 3723 3648 3784 cui

2078 3821 2323 3891 quidem,
2345 3822 2474 3891 quia
2511 3836 2680 3890 supra
2702 3818 2986 3889 passiones
3011 3820 3280 3872 humanas
3312 3824 3419 3880 est,
3444 3830 3548 3871 nec
3568 3822 3651 3870 est

2078 3913 2273 3977 fames,
2334 3913 2461 3981 quia
2501 3928 2604 3967 nec
2638 3911 3039 3980 temperantia;
3089 3924 3270 3979 neque
3304 3908 3483 3973 labor,
3519 3908 3649 3977 quia

2078 4018 2260 4072 neque
2292 4002 2618 4066 tolerantia;
2667 4016 2848 4069 neque
2893 4000 3248 4063 contumelia,
3295 3999 3423 4068 quia
3471 4013 3651 4068 neque

2079 4093 2390 4159 humilitas;
2426 4108 2527 4147 nec
2558 4091 2766 4161 aliquid
2794 4090 3213 4161 hujusmodi,ne
3254 4089 3484 4160 singulis
3510 4104 3649 4143 enu-

2080 4185 2360 4240 merandis
2383 4184 2777 4239 immoremur:
2821 4198 3000 4252 neque
3021 4197 3281 4252 magnum
3332 4181 3541 4251 aliquid
3569 4181 3651 4235 di-

2080 4293 2221 4339 cam,
2252 4276 2298 4331 si
2329 4275 2543 4337 dixero,
2598 4290 2778 4345 neque
2810 4275 3072 4329 virtutem
3108 4272 3345 4343 spectari
3393 4282 3449 4327 et
3496 4273 3650 4327 cerni

2082 4366 2139 4420 in
2175 4374 2370 4420 natura
2399 4365 2635 4435 alicujus
2661 4364 3097 4434 incorruptibilis
3117 4373 3173 4419 et
3222 4363 3360 4417 nihil
3403 4362 3653 4434 indigen-

2082 4460 2176 4513 tis.
2206 4458 2429 4513 Naturze
2448 4458 2596 4513 enim
2631 4472 2660 4512 a
2699 4459 2891 4512 dolore
2934 4467 2990 4512 et
3012 4456 3506 4511 tristitia'vamntis
3542 4471 3650 4511 non

2081 4558 2166 4604 est
2191 4556 2506 4613 certamen;
2542 4548 2587 4601 si
2633 4558 2817 4601 autem
2854 4562 2963 4601 non
3008 4556 3091 4601 est
3143 4552 3439 4609 certamen,
3473 4561 3652 4615 neque

2085 4639 2353 4700 victoria;
2389 4638 2434 4693 si
2459 4654 2592 4694 vero
2621 4654 2731 4692 non
2761 4646 2846 4693 est
2898 4638 3149 4701 victoria,
3197 4653 3377 4707 neque
3411 4652 3650 4692 coronae.

2083 4730 2165 4785 Ad
2191 4730 2298 4784 hoc
2318 4739 2427 4783 tam
2449 4728 2771 4792 absurdum,
2807 4728 3027 4799 elegans
3083 4743 3286 4783 nomen
3315 4727 3647 4797 ἀφθαρσίας,

2084 4821 2139 4876 id
2164 4831 2250 4876 est
2269 4819 2834 4891 incorruptibilitatis,
2866 4834 2966 4873 vos
2992 4818 3198 4890 adegit.

2151 4935 2222 4989 Η.
2254 4934 2637 4998 Vehementer,
2661 4933 2840 5003 inquit
2863 4933 2975 4998 ille,
3026 4948 3283 5003 magnum
3325 4930 3647 5002 mysterium

2082 5028 2308 5081 unionis
2338 5027 2546 5090 turbat,
2580 5026 2625 5080 si
2656 5026 2897 5081 Verbum
2951 5041 3063 5079 non
3093 5024 3245 5079 dedit
3292 5023 3510 5092 corpori
3552 5038 3654 5077 suo

2080 5134 2109 5173 a
2138 5118 2432 5189 principio,
2469 5116 3150 5185 utessetincorruptibile,
3179 5115 3273 5170 sed
3307 5131 3461 5184 aeque
3488 5124 3654 5186 atque

2084 5212 2246 5267 nobis
2276 5211 2409 5281 ipsis
2443 5210 2546 5281 ipsi
2585 5210 2641 5264 in
2670 5218 2949 5279 posterum
2980 5206 3086 5261 hoc
3119 5205 3440 5260 reservavit.

2156 5392 2220 5449 Ο.
2256 5389 2445 5461 Majori
2482 5387 2814 5453 reverentia,
2850 5386 3075 5454 inquam
3110 5397 3234 5454 ego,
3289 5382 3515 5452 dignum
3543 5388 3651 5446 est,

2087 5487 2273 5541 dicere
2304 5485 2502 5539 factam
2538 5496 2660 5537 esse
2689 5489 2815 5550 post
2834 5477 3056 5547 aliquod
3084 5484 3299 5544 tempus
3319 5472 3655 5541 assumptio-

2085 5593 2210 5633 nem
2235 5574 2475 5640 Domini,
2498 5582 2553 5629 et
2584 5573 2652 5629 ad
2691 5572 2974 5628 dexteram
3016 5568 3072 5623 in
3098 5566 3254 5622 cmlis
3306 5577 3653 5630 consessum,
