4120 6442
478 430 613 498 1351

1731 428 2043 490 LEONTII
2087 429 2497 490 BYZANTINI

3619 426 3761 493 1352

474 560 533 606 et
576 563 687 603 non
719 562 747 602 a
782 543 1061 618 principio
1086 543 1332 599 unionis.
1358 543 1478 599 Non
1512 544 1660 598 enim
1698 542 1835 597 mihi
1865 541 1948 597 fas
1978 550 2065 597 est

2172 541 2235 595 ἐκ
2286 540 2515 613 πρώτης
2565 539 2836 606 ἑνώσεως.
2898 541 2974 596 Οὐ
3019 541 3129 616 γὰρ
3172 541 3334 615 θέμις
3375 542 3565 615 ἔμοιγε
3619 541 3757 612 ἄλλῃ

477 640 587 694 alio
617 638 783 694 modo
815 639 936 709 ejus
967 636 1187 691 laudem
1216 635 1583 707 ampliﬁcare.

545 754 612 810 Η.
640 754 745 810 Sed
774 757 818 809 si
852 754 977 819 hoc,
1006 752 1213 824 inquit,
1241 752 1448 809 factum
1472 760 1580 819 est,
1626 751 1767 807 nihil
1806 751 1935 808 inde
1963 766 2065 807 no-

476 849 563 905 bis
591 848 849 919 amplius.

548 967 610 1023 0.
640 967 1101 1037 Quare?inquam
1138 980 1261 1037 ego.

549 1091 614 1145 H.
641 1091 800 1159 Quia,
829 1090 1029 1160 inquit,
1080 1103 1261 1158 neque
1319 1087 1400 1143 sic
1447 1086 1858 1159 gubernamur;
1889 1105 2071 1161 neque

479 1184 669 1238 statim
705 1185 858 1254 iuxta
890 1183 1074 1252 ipsum
1096 1182 1338 1251 primum
1367 1190 1554 1235 ortum
1585 1182 1704 1236 sive
1732 1182 2067 1246 naturalem,

479 1280 594 1333 sive
623 1284 807 1331 ortum
831 1292 900 1331 ex
947 1274 1281 1345 baptismate
1308 1288 1543 1344 regnum
1587 1272 1856 1329 caelorum
1904 1273 2071 1329 nobis

478 1374 664 1427 datur.

550 1494 615 1550 0.
639 1495 716 1549 Da
744 1491 903 1556 mihi,
932 1490 1159 1562 inquam
1209 1504 1332 1561 ego,
1365 1497 1426 1544 ut
1460 1489 1568 1544 hoc
1612 1487 1777 1544 modo
1834 1486 2069 1542 habeam

482 1588 809 1661 mysterium
853 1584 1443 1654 incorruptibilitatis;
1487 1582 1623 1653 quid
1650 1598 1792 1653 opus
1831 1590 1971 1645 erat,
2011 1590 2074 1635 ut

482 1683 599 1751 ipse
628 1690 822 1751 postea
872 1677 1287 1735 institutionem
1315 1676 1444 1730 vita:
1475 1674 1790 1730 communis
1818 1673 2072 1743 suscipe-

484 1784 587 1839 ret,
615 1775 659 1829 si
686 1789 798 1828 non
819 1774 931 1844 jam
959 1774 1015 1826 in
1041 1772 1162 1844 ipso
1190 1768 1498 1825 secundum
1548 1769 1779 1839 primam
1822 1766 2073 1837 corporis

479 1868 600 1937 ejus
624 1865 1009 1920 formationem
1041 1865 1214 1919 totius
1266 1860 1513 1935 mysterii
1544 1859 1945 1931 perfectionem
1982 1859 2075 1913 ba-

480 1960 715 2014 bemus?
747 1958 804 2013 Si
840 1958 990 2014 enim
1030 1956 1148 2011 haec
1195 1972 1306 2011 non
1346 1955 1426 2009 sic
1481 1962 1633 2020 sunt,
1687 1953 1858 2023 igitur
1890 1968 2071 2022 neque

481 2063 649 2108 totam
684 2060 913 2122 prOpter
939 2066 1042 2105 nos
1080 2048 1443 2105 ceconomiam
1474 2045 1676 2101 factam
1710 2061 1833 2100 esse
1858 2044 2072 2114 reperi-

480 2162 624 2207 mus,
667 2146 766 2201 sed
806 2145 987 2215 ipsum
1023 2151 1238 2198 tantum
1271 2140 1522 2213 mysterii
1562 2138 1923 2197 orommium.

550 2271 617 2325 11.
651 2268 962 2336 Quomodo,
989 2266 1192 2337 inquit,
1220 2263 1327 2319 hoc
1366 2262 1551 2317 dicis?
1584 2262 1702 2317 Non
1747 2261 1895 2317 enim
1919 2257 2069 2332 quod

480 2361 671 2417 dixisti
710 2361 980 2431 intelligo.

552 2485 616 2541 0.
656 2484 837 2552 Quod,
874 2492 937 2537 ut
994 2491 1055 2537 tu
1088 2483 1192 2547 ais,
1237 2482 1465 2553 inquam
1518 2496 1646 2551 ego,
1686 2481 1796 2535 erit
1843 2480 2068 2550 quidem

483 2582 805 2635 incarnatus
837 2586 1065 2648 propter
1121 2590 1245 2640 nos,
1271 2586 1328 2631 et
1373 2584 1603 2645 propter
1660 2582 1911 2628 nostram
1941 2573 2071 2628 inde

484 2669 1104 2741 incorruptibilitatem;
1142 2676 1399 2722 versatus
1440 2682 1574 2721 vero
1610 2666 1666 2721 in
1694 2666 1833 2729 vita,
1864 2674 1923 2720 et
1946 2680 2072 2736 pas-

484 2781 599 2830 sus,
626 2779 690 2818 ac
708 2762 1004 2817 suscitatus
1028 2761 1219 2814 nescio
1241 2775 1435 2830 quare.
1461 2758 1517 2814 Si
1551 2774 1682 2813 vero
1719 2757 2070 2830 propositum

483 2866 604 2911 erat
658 2855 930 2910 suscitare
976 2869 1103 2909 eum
1145 2851 1242 2923 qui
1294 2852 1615 2916 ceciderat,
1674 2858 1731 2906 et
1766 2867 1834 2905 ex
1890 2860 2070 2906 morte

485 2948 759 3002 redimere
820 2955 986 3015 atque
1031 2944 1100 2998 ad
1166 2945 1332 2997 vitam
1400 2958 1686 3008 revocare,
1746 2952 1803 2997 et
1842 2952 1904 2997 ut
1947 2958 2071 2997 cor-

482 3057 619 3115 pore
675 3038 1085 3109 incorruptibili
1136 3036 1282 3091 facto
1319 3036 1766 3106 splendesceret:
1804 3036 1920 3091 hazc
1957 3051 2067 3090 non

483 3135 647 3189 aliter
674 3133 894 3187 abunde
924 3132 1088 3186 nobis
1141 3130 1333 3185 adesse
1363 3137 1641 3199 poterant,
1695 3144 1860 3198 quam
1884 3128 1929 3183 si
1961 3129 2069 3183 Do-

483 3228 670 3282 minus
729 3224 1168 3293 unumquodque
1232 3223 1430 3276 borum
1489 3220 1545 3275 in
1607 3221 1832 3291 propria
1901 3237 2069 3277 carne

484 3319 950 3374 demonstrasset:
986 3316 1102 3369 haec
1124 3324 1308 3369 autem
1342 3313 1550 3378 omnia,
1578 3322 1641 3367 ut
1664 3328 1764 3367 vos
1786 3312 2011 3382 putatis,
2038 3329 2068 3367 a

483 3408 759 3482 principio
786 3408 1009 3463 unionis
1032 3424 1063 3461 a
1083 3407 1315 3462 Domino
1367 3406 1611 3476 perfecta
1643 3413 1796 3471 sunt,
1835 3420 2069 3477 corpore

484 3509 607 3578 ejus
628 3524 697 3562 ex
718 3508 834 3577 ipsa
876 3506 1081 3560 unione
1108 3494 1516 3576 incerruptibili
1573 3504 1739 3560 facto.
1792 3504 2069 3559 Habemus

486 3598 655 3667 igitur
675 3612 740 3652 ex
777 3598 897 3665 ipso
938 3596 1119 3666 primo
1177 3595 1424 3667 mysterii
1466 3594 1628 3649 initio
1666 3602 1843 3649 totum
1866 3604 2071 3666 myste-

486 3694 665 3748 rium:
699 3703 1105 3759 supervacanea
1150 3686 1492 3755 fuitreliqua
1540 3685 1806 3754 deinceps
1840 3699 2068 3738 (necno-

485 3783 617 3838 mia.
656 3781 811 3837 Sicut
837 3779 981 3835 enim
1004 3779 1047 3833 si
1080 3778 1259 3848 primo
1307 3775 1556 3832 remedio
1598 3775 1824 3845 integra
1862 3774 2070 3829 sanitas

485 3876 647 3947 aegris
695 3875 1043 3937 restituatur,
1098 3886 1443 3941 supervacua
1513 3877 1601 3924 est
1658 3876 1851 3938 postea
1899 3883 2067 3937 opera

486 3969 855 4031 medicorum,
882 3964 1055 4021 semel
1085 3962 1458 4018 invalitudine
1486 3968 1777 4031 superata:
1813 3958 1893 4013 sic
1914 3960 1960 4013 si
2000 3973 2069 4013 ex

488 4061 605 4131 ipsa
651 4061 854 4114 unione
886 4072 1013 4112 cum
1044 4071 1212 4111 carne
1266 4054 1476 4107 bonum
1518 4050 2070 4122 incorruptibilitatis

485 4153 649 4207 nobis
682 4151 933 4215 immisit,
959 4150 1141 4206 omnis
1169 4148 1386 4218 reliqua
1430 4145 1692 4201 circuitio
1712 4155 1769 4201 et
1825 4145 2071 4199 ambitus

486 4243 731 4316 mysterii
769 4242 1082 4313 superﬂuus
1116 4249 1222 4296 est.
1255 4239 1361 4295 Sed
1392 4239 1667 4301 existimo.
1718 4237 1945 4293 evenire
1972 4253 2071 4292 vo-

485 4337 591 4395 bis.
618 4344 683 4391 ut
705 4335 786 4391 sic
810 4334 1039 4404 putetis,
1062 4332 1209 4404 quod
1236 4331 1505 4404 ignoratis
1520 4330 1682 4385 aliam
1703 4330 1929 4401 quidem
1946 4346 2069 4387 esse

486 4426 755 4481 rationem
804 4425 1151 4480 formationis
1209 4425 1460 4490 corporis
1478 4462 1498 4487 ,,
1545 4422 1713 4499 alium
1777 4439 1912 4480 vero
1952 4438 2071 4478 mo-

485 4518 617 4574 dum
645 4518 888 4574 unionis.
918 4518 1098 4587 Atque
1152 4518 1285 4572 illud
1307 4517 1535 4588 quidem
1576 4533 1645 4573 ex
1672 4518 1971 4587 praesentia
2011 4522 2069 4571 et

486 4612 727 4667 adventu
769 4611 1010 4680 Spiritus
1035 4610 1209 4664 sancti
1239 4610 1539 4675 exstitisse,
1587 4609 1683 4679 qui
1726 4608 1863 4663 illud
1888 4617 1949 4663 ut
1984 4608 2070 4663 ef-

487 4705 663 4757 fector
704 4701 993 4767 formavit;
1046 4700 1309 4754 unionem
1369 4715 1503 4754 vero
1540 4715 1652 4753 non
1699 4714 1767 4753 ex
1799 4698 2064 4769 energ-ia,

2173 650 2295 697 πως
2328 633 2495 689 αὐτόν
2528 651 2660 688 ποτε
2694 634 3045 706 μεγαλύνειν.

2242 758 2309 810 Α.
2348 755 2491 809 Ἀλλ’
2517 756 2568 809 εί
2595 756 2692 810 καὶ
2716 756 2879 813 τοῦτο
2902 759 3160 828 γενέσθαι
3188 759 3562 832 συμϐέϐηκεν,
3580 756 3760 829 εἶπεν,

2175 847 2285 903 οὐδ’
2313 848 2381 901 ἂν
2409 844 2479 921 ἦν
2508 867 2561 903 τι
2592 850 2845 905 ἐντεῦθεν
2876 851 3041 906 πλέον
3068 855 3225 925 ἡμῖν.

2245 972 2308 1024 0.
2348 968 2455 1023 Τοῦ
2482 969 2546 1041 δὴ
2572 971 2770 1045 χάριν;
2803 970 2960 1028 εἷπον
2991 974 3122 1043 ἐγώ.

2243 1094 2310 1146 Α.
2348 1092 2641 1164 Διότιπερι,
2686 1093 2821 1164 ἔφη,
2870 1094 3010 1166 μηδὲ
3069 1095 3244 1162 οὕτως
3276 1100 3758 1173 νοίκονομούμεθα,

2174 1185 2287 1241 εἴτε
2320 1186 2422 1257 τὴν
2450 1187 2711 1258 φυσικὴν,
2742 1188 2855 1240 εἴτε
2881 1190 2977 1242 τοῦ
3008 1188 3415 1262 βαπτίσματος,
3453 1197 3487 1266 ἠ
3520 1195 3631 1247 τῶν
3660 1199 3761 1249 οὐ·-

2178 1279 2359 1351 ρανῶν
2390 1281 2525 1351 ἡμῖν
2551 1280 2757 1334 δίδοται
2784 1281 3062 1353 βασιλεία.

2247 1490 2311 1545 0.
2362 1488 2549 1561 Ταύτῃ
2600 1506 2695 1561 μοι
2738 1489 2885 1544 δίδου
2911 1530 2927 1556 ,
2983 1490 3120 1563 πρὸς
3162 1491 3328 1546 αὑτὸν
3358 1486 3537 1560 εἷπον,
3573 1496 3667 1549 καὶ
3696 1495 3759 1549 τὸ

2174 1585 2273 1656 τῆς
2317 1585 2633 1657 ἀφθαρσίας
2680 1584 2829 1654 ἔχειν
2881 1587 3222 1656 μυστήριονο
3279 1586 3365 1650 τίς
3402 1584 3512 1658 γὰρ
3552 1582 3621 1659 ἦν
3662 1589 3759 1642 καὶ

2172 1679 2339 1750 χρεία
2394 1677 2494 1749 τὴν
2541 1680 2622 1739 εἰς
2665 1678 2727 1733 τὸ
2758 1677 2888 1745 ἑξῆς
2921 1678 3085 1730 αὐτὸν
3115 1678 3394 1733 πολιτείαν
3425 1679 3756 1748 ἀναλαϐεῖν,

2175 1771 2411 1842 ἐχόντων
2441 1772 2474 1841 ἡ
2485 1770 2603 1841 μῶν
2632 1771 2689 1823 ἐν
2714 1769 2867 1841 αὑτῷ
2897 1772 3039 1825 κατά
3063 1771 3161 1842 τὴν
3188 1774 3413 1844 πρώτην
3436 1771 3755 1843 διάπλασιν,

2174 1865 2273 1937 τὴν
2340 1863 2435 1917 τοῦ
2499 1864 2705 1931 παντὸς
2760 1864 3072 1937 μυστηρίου
3134 1864 3462 1932 τελείωσιν;
3530 1868 3593 1921 Et
3646 1868 3758 1938 γὰρ

2179 1959 2256 2031 μὴ
2287 1956 2464 2012 ταῦτα
2494 1956 2673 2023 οὕτως
2697 1998 2712 2020 ,
2767 1959 2896 2012 οὐδὲ
2929 1959 3115 2012 πᾶσαν
3145 1958 3479 2030 γεγενῆσθαι
3509 1960 3580 2015 δι’
3608 1962 3759 2033 ἡμᾶς

2176 2051 2275 2121 τὴν
2325 2051 2646 2114 οἰκονομίαν
2696 2050 3063 2121 εὑρίσκομεν,
3124 2051 3244 2106 ἀλλ’
3292 2051 3430 2105 αὐτὸ
3480 2052 3643 2123 μόνον
3696 2054 3759 2109 τὸ

2174 2142 2271 2198 τοῦ
2302 2142 2609 2214 μυστηρίου
2642 2142 2955 2213 προοίμιον.
3610 2136 3624 2167 ’⁸

2242 2265 2309 2320 Δ.
2348 2265 2497 2331 Πῶς,
2524 2263 2654 2335 ἔφη,
2683 2263 2846 2317 τοῦτο
2874 2263 3088 2333 λέγεις;
3122 2264 3186 2318 οὐ
3216 2265 3326 2337 γὰρ
3352 2265 3418 2337 δὴ
3446 2266 3540 2320 τοῦ
3565 2268 3756 2339 ρηθέν-

2170 2373 2264 2421 τος
2299 2358 2554 2428 συνίημι.

2243 2482 2297 2534 0.
2337 2480 2462 2533 Ὅτι
2492 2496 2558 2548 γε
2585 2478 2652 2552 δὴ
2682 2478 2828 2532 κατά
2853 2479 2982 2541 τοὺς
3011 2478 3159 2542 σοὺς,
3188 2477 3349 2549 ἔφην,
3378 2478 3594 2547 λόγους,
3624 2497 3759 2553 σαρ-

2174 2573 2375 2637 κωθεὶς
2427 2572 2528 2643 μὲν
2573 2571 2730 2625 ἔσται
2778 2570 2845 2626 δι’
2878 2572 3028 2641 ἡμᾶς
3078 2572 3174 2623 καὶ
3208 2569 3308 2641 τὴν
3336 2569 3591 2624 ἐντεῦθεν
3623 2573 3759 2642 ἡμῖν

2174 2663 2486 2736 ἀφθαρσίαν
2507 2703 2523 2729 ,
2581 2662 3050 2733 πεπολιτευμένος
3080 2662 3138 2715 δὲ
3171 2661 3363 2715 παθὼν
3392 2680 3448 2716 τε
3497 2668 3592 2716 καὶ
3620 2665 3758 2718 ἀνα-

2176 2760 2309 2821 στὰς
2332 2800 2347 2823 ,
2405 2758 2507 2810 οὐκ
2540 2751 2638 2810 οἶδ’
2672 2755 2790 2809 ἀνθ’
2817 2756 2963 2809 ὅτου.
3019 2754 3084 2808 Et
3111 2755 3168 2808 δὲ
3199 2756 3404 2819 σκοπὸς
3435 2756 3535 2824 μὲν
3563 2750 3632 2827 ἦν
3665 2758 3760 2811 τὸν

2174 2851 2416 2904 πεσόντα
2448 2847 2758 2919 ἀναστῆσαι
2784 2888 2799 2911 ,
2854 2848 2953 2901 καὶ
2986 2849 3051 2901 ὲκ
3078 2846 3312 2901 θανάτου
3348 2847 3757 2920 λυτρώσασθαι,

2172 2944 2269 2996 καὶ
2320 2944 2402 3005 είς
2442 2940 2588 3012 ζωὴν
2633 2940 2869 2995 καλέσαι
2904 2942 3000 2995 καὶ
3032 2941 3365 3007 ἀναϐίωσιν,
3402 2942 3667 3015 ἀφθάρτῳ
3696 2960 3758 2997 τε

2171 3034 2638 3108 καταλαμπρῦναι
2672 3034 2921 3105 σώματι,
2961 3033 3135 3088 ταῦτα
3163 3033 3220 3087 δὲ
3254 3035 3388 3105 ἡμίν
3420 3036 3518 3107 οὐχ
3549 3038 3760 3107 ἑτέρως

2172 3130 2525 3203 περιεγίνετο
2550 3169 2564 3193 ,
2623 3128 2699 3198 μὴ
2728 3127 2854 3198 οὐχὶ
2882 3125 2976 3179 τοῦ
3007 3128 3215 3198 Κυρίου
3248 3128 3306 3181 ὲν
3335 3131 3400 3199 τῇ
3431 3129 3538 3200 ἰδίᾳ
3568 3132 3758 3200 σαρκὶ,

2169 3224 2378 3278 τούτων
2425 3224 2662 3275 ἕκαστον
2715 3220 3184 3292 ὲπιδειξαμένουυ
3250 3221 3425 3294 ταύτῃ
3474 3222 3531 3278 δὲ
3581 3225 3761 3278 πάντα

2171 3317 2296 3371 καθ’
2344 3316 2491 3386 ὑμᾶς
2542 3314 2608 3368 ὲκ
2657 3313 2885 3382 πρώτης
2933 3315 3181 3379 ἐνώσεως
3238 3315 3345 3369 ὑπὸ
3396 3316 3491 3370 τοῦ
3545 3317 3758 3389 Κυρίου

2188 3409 2532 3473 τετέλεσται,
2568 3408 2629 3461 τδ
2657 3406 2856 3461 ἑαυτοῦ
2886 3407 3048 3479 σῶμα
3075 3408 3214 3479 πρὸς
3239 3409 3552 3481 ἀφθαρσίαν
3585 3429 3760 3482 μετα·-

2173 3502 2545 3573 κεράσαντος,
2601 3500 2800 3571 ἔχομεν
2851 3499 2912 3565 ἐξ
2955 3500 3127 3571 αὐτῆς
3164 3502 3273 3571 ἄρα
3320 3502 3414 3555 τοῦ
3451 3504 3759 3574 μυστηρίου

2171 3596 2273 3665 τῆς
2305 3594 2532 3667 πρώτης
2564 3593 2743 3664 ἀρχῆς
2777 3593 2837 3646 τὸ
2868 3594 2979 3646 πᾶν
3010 3593 3106 3647 τοῦ
3140 3597 3480 3664 μυστηρίου,
3528 3600 3622 3651 καὶ
3659 3614 3762 3649 πε-

2176 3685 2332 3757 ριττὴ
2375 3684 2564 3738 λοιπὸν
2608 3688 2642 3756 ἡ
2679 3685 2807 3755 ἑξῆς
2838 3686 3152 3755 οἰκονομία.
3204 3687 3419 3759 ’Ὥσπερ
3448 3689 3557 3761 γὰρ
3589 3692 3638 3742 εί
3668 3690 3763 3744 διὰ

2172 3779 2395 3851 πρώτου
2441 3781 2742 3852 φαρμάκου
2795 3779 2982 3855 τελεία
3044 3781 3160 3835 τοῖς
3213 3780 3523 3851 κάμνουσιν
3572 3783 3762 3849 ὑγίεια

2174 3871 2561 3942 προσεγίνετο,
2622 3870 2860 3942 περιττὴ
2915 3869 3107 3924 λοιπὸν
3159 3873 3191 3944 ἡ
3245 3874 3388 3941 μετά
3428 3872 3603 3929 ταῦτα
3642 3878 3763 3940 τοῖς

2168 3966 2382 4036 νίατροίς
2412 3966 2886 4038 ἐπιτετηδευμένη
2921 3965 3063 4020 κατὰ
3091 3966 3191 4036 τῆς
3221 3966 3370 4033 ἅπαξ
3392 3970 3762 4040 νενικημένης

2171 4059 2484 4132 ἀρρωστίας
2517 4060 2722 4130 σπουδή
2747 4075 2760 4087 ·
2810 4059 2905 4113 τὸν
2937 4058 3104 4113 αὐτὸν
3133 4058 3199 4130 δὴ
3220 4061 3446 4130 τρόπον,
3483 4063 3533 4117 ει
3562 4066 3632 4118 ἐκ
3659 4064 3763 4134 τῆς

2174 4152 2423 4216 ὲνώσεως
2474 4154 2572 4223 τῆς
2623 4153 2762 4224 πρὸς
2810 4152 2909 4225 τὴν
2957 4154 3172 4223 σάρκα,
3222 4155 3283 4208 τὸ
3314 4155 3414 4224 τῆς
3444 4157 3762 4228 ἀφθαρσίας

2172 4246 2369 4317 ἐνῆκεν
2398 4247 2533 4316 ἡμῖν
2562 4246 2793 4314 ἀγαθὸν,
2832 4246 3067 4318 περιττὴ
3097 4246 3249 4301 πᾶσα
3277 4249 3311 4318 ἡ
3340 4247 3507 4320 λοιπὴ
3534 4249 3628 4305 τοῦ
3656 4268 3761 4322 μυο

2175 4335 2400 4406 στηρίου
2454 4336 2726 4407 περίοδος.
2787 4336 2931 4390 Ἀλλ’
2967 4336 3126 4409 οἶμαι
3159 4338 3323 4393 τοῦτο
3350 4340 3583 4412 πάσχειν
3611 4344 3762 4413 ὑμᾶς

2170 4426 2507 4498 ἀγνοοῦντας
2531 4468 2547 4493 ,
2607 4429 2691 4483 ὃτι
2740 4427 2902 4493 ἀλλος
2934 4429 3038 4500 μὲν
3069 4433 3098 4485 ό
3124 4430 3285 4500 λόγος
3315 4431 3418 4504 τῆς
3445 4432 3761 4497 οὐσιώσεως

2170 4521 2270 4577 τοῦ
2302 4520 2585 4594 σώματος,
2621 4521 2784 4585 ἄλλος
2811 4522 2869 4576 δὲ
2900 4524 2928 4576 ό
2957 4523 3060 4594 τῆς
3086 4525 3338 4591 ένώσεως
3363 4527 3588 4597 τρόπος.
3645 4530 3762 4583 Καὶ

2171 4616 2254 4669 ὅτι
2306 4616 2368 4670 τὸ
2406 4615 2512 4686 μὲν
2558 4615 2808 4686 ὑπῆρξεν
2851 4616 3001 4688 αὐτῷ
3050 4618 3116 4670 ὲκ
3161 4618 3264 4688 τῆς
3298 4618 3397 4672 τοῦ
3430 4620 3761 4690 Πνεῦματος

2173 4707 2477 4776 παρουσίας
2525 4706 2622 4760 καὶ
2669 4705 2971 4777 ἐνδημίας,
3023 4707 3443 4781 δημιουργικῶς
3468 4711 3606 4765 αὐτὸ
3632 4713 3757 4768 δια-

487 4797 601 4851 sive
666 4793 985 4863 operatione
1034 4791 1225 4856 Verbi,
1276 4791 1371 4845 sed
1416 4807 1484 4846 ex
1537 4799 1650 4845 tota
1704 4800 1759 4846 et
1813 4792 2069 4847 substan-

2177 4798 2550 4870 πλαττούσης·
2585 4798 2647 4852 τὸ
2672 4798 2729 4851 δὲ
2755 4800 2856 4853 οὐκ
2888 4800 2954 4853 ὲκ
2982 4800 3083 4871 τῆς
3112 4800 3208 4855 τοῦ
3236 4803 3413 4869 Λόγου
3440 4806 3693 4876 ὲνεργεία
3733 4849 3753 4873 ,

488 4889 605 4944 tiali
652 4886 877 4942 unione.
922 4886 1111 4941 Virtus
1155 4883 1303 4939 enim
1359 4883 1599 4953 Spiritus
1642 4884 1818 4939 sancti
1870 4883 2067 4940 fecun-

488 4984 715 5039 ditatem
744 4978 955 5050 Virgini
984 4974 1378 5047 suppeditavit,
1425 4984 1484 5029 ut
1508 4975 1733 5045 quidam
1785 4975 1931 5045 apud
1964 4991 2067 5030 nos

486 5079 645 5136 valde
679 5078 961 5147 eleganter
975 5073 1149 5138 dixit;
1181 5081 1238 5128 et
1274 5072 1531 5128 formatio
1583 5072 1907 5127 substantiae
1936 5088 2064 5127 cor-

486 5173 639 5244 poris
668 5187 735 5227 ex
756 5168 966 5241 Spiritu
997 5178 1189 5224 sancto
1220 5174 1306 5221 est
1335 5165 1642 5222 secundum
1682 5166 2061 5237 operationem

485 5264 608 5333 ejus
661 5260 998 5316 effectricem
1051 5258 1374 5321 constituta,
1453 5257 1685 5312 materia
1761 5265 1947 5311 autem
1997 5270 2065 5309 ex

482 5353 709 5423 Virgine
768 5358 987 5422 sumpta
1039 5360 1146 5405 est.
1179 5350 1420 5406 Verbum
1451 5360 1634 5405 autem
1688 5349 1951 5419 templum
1998 5349 2067 5402 ab

486 5446 694 5515 Spiritu
721 5452 912 5498 sancto
938 5441 1045 5497 sibi
1097 5441 1427 5496 fabricatum
1452 5442 1508 5495 in
1566 5441 1685 5510 ipsa
1739 5440 1918 5511 prima
1956 5439 2068 5494 for-

484 5538 731 5593 matione
790 5534 1082 5597 inhabitat,
1157 5548 1268 5587 non
1318 5542 1658 5603 exspectata,
1716 5542 1778 5588 ut
1840 5532 2065 5602 quidam

486 5636 637 5682 recte
659 5624 818 5688 dixit,
848 5627 1325 5679 consummatione
1353 5624 1567 5694 templi,
1621 5625 1717 5680 sed
1753 5625 1937 5694 primo
1965 5625 2069 5679 ini-

489 5710 892 5766 tioineﬂ’abilis
927 5711 1269 5776 oeconomiae,
1321 5712 1377 5767 id
1430 5720 1535 5776 est,
1583 5713 1984 5769 incarnationis
2012 5715 2068 5769 in

493 5801 609 5869 ipsa
630 5810 841 5854 natura:
871 5800 1090 5856 ollicina
1111 5802 1349 5867 unitum,
1400 5812 1577 5859 totum
1613 5806 1906 5861 aediﬁcium
1962 5808 2067 5863 sibi

502 5889 890 5947 circumdedit.
934 5892 1055 5947 Non
1106 5893 1252 5947 enim
1308 5886 1453 5951 facto
1510 5912 1765 5967 corpore,
1808 5900 1890 5956 sic
1933 5900 2070 5957 foris

2173 4890 2359 4945 ἀλλ’έκ
2378 4891 2476 4960 τῆς
2494 4888 2630 4961 πρὸς
2649 4889 2812 4944 αὐτὸν
2832 4890 3025 4962 ὀλικῆς
3048 4892 3142 4947 καὶ
3159 4894 3453 4961 οὑσιώδους
3474 4896 3752 4962 subdam;

2174 4984 2249 5037 Τὸ
2293 4983 2392 5054 μὲν
2425 4984 2535 5056 γὰρ
2574 4983 2801 5055 γόνιμον
2834 4987 2902 5057 τῇ
2935 4985 3205 5058 Παρθένῳ
3244 4987 3277 5057 ἡ
3309 4987 3404 5042 τοῦ
3434 4990 3759 5062 Πνεύματος

2173 5074 2404 5145 δύναμις
2430 5076 2793 5147 ἐχορήγησεν,
2829 5075 2905 5141 ὥς
2934 5094 3019 5141 τις
3047 5077 3157 5132 τῶν
3188 5079 3321 5149 παρ’
3346 5080 3481 5153 ἡμῖν
3500 5084 3757 5154 εἴρηκεν,

2168 5166 2267 5219 καὶ
2329 5165 2451 5219 λίαν
2509 5164 2732 5232 καλῶς·
2806 5170 2902 5223 καὶ
2957 5170 2991 5240 ἠ
3046 5170 3304 5235 οὐσίωσις
3353 5172 3452 5227 τοῦ
3502 5174 3693 5246 σώματ
3730 5197 3760 5244 ς

2174 5261 2238 5312 ἐκ
2274 5257 2596 5329 Πνεύματός
2627 5260 2779 5313 ἐστιν
2807 5261 3001 5330 ἁγίου,
3046 5264 3190 5317 κατά
3220 5264 3320 5335 τὴν
3347 5264 3624 5339 δημιουργ
3653 5286 3689 5323 κ
3730 5286 3762 5324 ν

2167 5348 2338 5403 αὑτοῦ
2391 5352 2638 5404 συστᾶσα
2715 5351 3044 5424 ἐνέργειαν,
3103 5355 3168 5409 ἐκ
3212 5356 3274 5413 δὲ
3331 5359 3434 5426 τῆς
3485 5360 3758 5416 Ρεοτόκου

2168 5445 2204 5513 ἡ
2252 5442 2350 5513 ὕλη
2401 5443 2502 5514 τῆς
2545 5445 2735 5510 οὐσίας
2782 5448 3214 5522 προσείληπται.
3253 5450 3312 5505 '0
3348 5451 3415 5505 δὲ
3452 5452 3632 5522 Λόγος
3665 5454 3761 5509 τὸν

2168 5537 2234 5588 ὲκ
2261 5534 2357 5588 τοῦ
2389 5535 2709 5609 Πνεῦματος
2740 5539 3067 5611 κτιζόμενον
3090 5542 3243 5614 αὐτῷ
3270 5544 3418 5611 ναὸν,
3442 5545 3761 5618 κατάὑτὴν

2173 5629 2273 5699 τὴν
2322 5626 2547 5699 πρώτην
2597 5632 2800 5686 ἐνοικεῖ
2846 5633 3180 5690 διάπλασινο
3244 5638 3368 5691 οὐδὲ
3420 5640 3759 5710 ἀναμείνας,

2174 5721 2250 5786 ὡς
2274 5716 2397 5774 εἷπέ
2421 5721 2523 5775 πού
2550 5741 2636 5786 τις
2660 5722 2839 5796 ὀρθῶς
2859 5725 3059 5795 λέγων,
3079 5727 3179 5800 τὴν
3203 5730 3490 5784 τελείωσιν
3512 5732 3608 5786 τοῦ
3631 5733 3763 5797 νεὼ,

2176 5814 2314 5868 ἀλλὰ
2344 5817 2409 5886 τῇ
2440 5814 2632 5889 πρώτῃ
2661 5816 2761 5887 τῆς
2789 5818 3034 5890 ἀρρήτου
3062 5823 3378 5892 οἰκονομίας
3407 5825 3572 5895 ἀρχῇ,
3601 5825 3661 5878 ὲν
3682 5825 3763 5896 τῷ

2175 5906 2276 5974 τῆς
2308 5903 2525 5975 φύσεως
2558 5907 2912 5978 ἐργαστηρίῳ
2958 5911 3285 5980 συναφθεὶς,
3334 5915 3434 5986 τὴν
3469 5918 3765 5987 οἰκοδομὴν
