4120 6440
422 349 563 413 1353

1474 344 1785 405 CONTRA
1816 344 2138 407 NESTOR.
2179 348 2275 408 ET
2313 350 2635 413 EUTYCH.

3554 365 3690 433 1351

418 465 604 517 πᾶσαν
653 458 832 529 ἐαυτῷ
875 458 1276 529 περιτέθεικεν.
1335 457 1412 510 0'3
1454 458 1564 529 γὰρ
1605 458 1671 528 δὴ
1697 461 1981 529 γενομένοι

2103 460 2349 529 advenit,
2383 463 2480 518 sed
2523 480 2583 519 se
2626 465 2805 536 ipsum
2852 469 3279 540 circuminduit,
3317 483 3383 529 :et
3421 485 3684 537 naturam

417 555 514 609 τοῦ
544 552 823 623 σώματος,
858 550 1002 604 οὕτω
1030 549 1268 621 θύραθεν
1294 549 1459 613 αὐτὸς
1485 549 1847 620 ἐπεισῆλθεν,
1882 550 2000 605 ἀλλ’

414 646 614 700 ἑαυτὸν
645 643 1016 715 περιπλάσας,
1052 644 1506 715 ἀγαλματοφορεῖ
1531 642 1594 696 τὸ
1616 642 1913 715 ἡμέτερον.

489 739 602 809 Τὴν
652 738 834 791 τοίνυν
885 736 1131 807 ἰδιότητα
1182 736 1277 790 τοῦ
1331 735 1585 807 σώματος
1640 736 1743 789 οὐκ
1792 738 1858 789 ὲκ
1901 737 2003 806 τῆς

415 831 511 885 τοῦ
562 831 739 899 Λόγου
769 828 1061 901 γνωρίζειν
1108 828 1258 884 ἐστιν
1299 829 1571 893 ἐνώσεως,
1629 828 1747 883 ἀλλ’
1792 830 1858 883 ἐκ
1903 831 2004 899 τῆς

415 923 514 975 τοῦ
554 923 877 992 Πνεῦμα-σος
913 922 1231 992 δυνάμεως,
1280 921 1719 992 διαπλαττούσης
1744 920 1876 975 αὐτὸ
1909 922 2003 975 καὶ

414 1013 840 1086 διαμορφούσης
861 1053 876 1076 ,
935 1013 1062 1084 δίχα
1108 1013 1218 1067 τῶν
1258 1013 1633 1085 πρωτουργῶν
1661 1015 1760 1083 τῆς
1787 1012 2002 1081 φύσεως

415 1107 670 1177 ὀργάνων
696 1123 710 1137 ·
769 1106 868 1177 τὴν
897 1104 955 1159 δὲ
987 1106 1409 1177 ἀναμαρτησίαν
1447 1107 1544 1159 καὶ
1574 1103 1674 1177 τὴν
1696 1104 1825 1175 ὃλην
1850 1104 2003 1173 ἀγιό-

415 1219 587 1271 τητα,
624 1201 727 1270 τήν
754 1217 817 1253 τε
846 1199 1037 1271 όλικὴν
1071 1198 1210 1269 πρὸς
1240 1200 1363 1255 ὅλον
1397 1201 1489 1254 τὸν
1517 1200 1780 1272 εἰληφότα
1806 1200 2001 1253 ἕνωσιν

416 1296 512 1346 καί
540 1293 869 1363 ἀνάκρασιν,
909 1295 1006 1346 καὶ
1036 1293 1097 1346 τὸ
1126 1292 1225 1346 ἕνα
1254 1309 1313 1346 τε
1343 1286 1484 1346 εἶναι
1517 1292 1612 1346 καὶ
1637 1291 2002 1364 χρηματίζειν

415 1386 568 1451 Υίὺν,
605 1386 702 1438 καὶ
732 1386 862 1454 ὅλης
894 1385 995 1455 τῆς
1031 1386 1220 1454 υἱικῆς
1255 1385 1521 1457 ἰδιότητος
1555 1386 1686 1448 τοὺς
1712 1385 2000 1456 χαρακτῆ-

417 1495 518 1548 ρας
555 1478 914 1546 φανωτάτους
950 1478 1381 1546 ἐπιφαίνεσθαι,
1442 1479 1476 1548 ἡ
1512 1476 1609 1530 τοῦ
1646 1478 1821 1545 Λόγου
1858 1495 1998 1549 συμ-

410 1572 556 1643 φυὴς
581 1574 779 1638 ’ἐνωσις
806 1575 1244 1644 κατειργάσατοο
1276 1570 1352 1628 ὧν
1378 1575 1749 1645 ἀναφαίρετος
1767 1575 1801 1645 ἡ
1830 1592 2003 1645 μακα-

416 1665 641 1734 ριότης,
693 1664 883 1736 ἐπειδὴ
916 1666 1013 1717 καὶ
1046 1666 1077 1735 ἡ
1109 1665 1302 1729 ἓνωσις
1329 1665 1661 1736 ἀδιαίρετος.
1705 1665 1871 1719 ’Ὥστε
1900 1665 2000 1737 τὴν

2094 563 2347 610 nostram
2373 566 2551 611 ornat.

2168 731 2495 801 Proprietas
2518 732 2699 804 igitur
2721 736 2977 806 corporis
3008 754 3118 795 non
3155 749 3337 810 potest
3384 759 3451 799 ex
3480 747 3687 805 unione

2108 824 2270 878 Verbi
2296 826 2583 896 cognosci,
2608 827 2703 881 sed
2724 842 2789 882 ex
2830 828 3035 885 virtute
3064 831 3307 902 Spiritus
3337 839 3539 904 sancti,
3573 840 3689 896 for-

2104 926 2288 971 mante
2319 916 2494 988 ipsum
2514 935 2717 990 corpus
2744 920 2863 977 sine
2885 924 3081 992 primis
3110 925 3497 987 instrumentis
3523 944 3687 989 natu-

2104 1024 2218 1075 rae;
2250 1010 2596 1066 vacationem
2629 1028 2765 1068 vero
2802 1029 2833 1068 a
2873 1025 3120 1084 peccato,
3143 1027 3199 1074 et
3225 1028 3395 1077 totam
3425 1026 3688 1081 sanctita-

2104 1110 2213 1157 tem
2248 1112 2527 1174 totamque
2566 1105 2827 1162 unionem
2880 1124 3004 1163 cum
3058 1119 3171 1166 toto
3221 1114 3404 1171 Verbo
3452 1133 3687 1175 carnem

2103 1204 2378 1259 sumente,
2425 1213 2660 1268 esseque
2689 1208 2746 1255 et
2775 1202 2956 1256 vocari
2989 1220 3157 1259 unum
3213 1206 3436 1275 Filium,
3475 1220 3533 1266 et
3583 1228 3683 1283 ap-

2101 1303 2299 1357 parere
2322 1290 2630 1347 clarissima
2646 1292 2800 1364 signa
2821 1294 2987 1350 totius
3024 1298 3379 1367 proprietatis
3402 1303 3524 1359 Filii
3542 1306 3684 1361 ‘unio

2104 1380 2266 1435 Verbi
2310 1398 2434 1437 cum
2456 1393 2653 1439 natura
2708 1395 2897 1441 nostra
2942 1388 3152 1461 (59-4!)
3186 1394 3392 1459 ell‘ccit,
3420 1411 3451 1451 a
3480 1398 3685 1467 quibus

2103 1474 2390 1531 beatitudo
2421 1477 2613 1535 divelli
2633 1496 2743 1535 non
2775 1491 2976 1551 potest,
3014 1486 3144 1555 quia
3174 1495 3231 1542 et
3267 1489 3401 1543 unio
3422 1500 3507 1546 est
3537 1493 3685 1549 inse-

2106 1567 2391 1636 parabilis.
2437 1570 2628 1641 Itaque
2690 1574 3148 1631 constitutionem
3174 1588 3240 1634 .et
3278 1584 3682 1653 preprietatcm

2103 1662 2355 1729 corporis
2392 1676 2459 1717 ex
2490 1664 2817 1733 operatione
2857 1667 3099 1739 Spiritus
3148 1672 3321 1727 sancti
3375 1675 3680 1743 profectam

415 1756 517 1827 μὲν
552 1756 811 1811 σύστασιν
842 1759 938 1812 καῖ⁵
965 1759 1065 1829 τὴν
1096 1759 1333 1830 ἰδιότητα
1361 1758 1455 1812 τοῦ
1485 1757 1770 1830 σώματος,
1806 1760 1872 1813 ἐκ
1898 1760 1981 1830 τῆς

2103 1764 2226 1805 esse
2261 1753 2649 1823 cognovimus;
2681 1756 2942 1812 unionem
2970 1774 3103 1815 vero
3132 1777 3243 1816 non
3282 1779 3349 1817 ex
3374 1766 3521 1820 nuda
3549 1782 3681 1839 0pc-

403 1849 696 1922 ὲνεργείας
726 1850 986 1918 γενέσθαι
1018 1826 1114 1905 τοῦ
1144 1826 1465 1921 Πνετύματος
1492 1826 1745 1922 ἔγνωμεν
1764 1864 1778 1878 ⁸
1814 1851 1916 1923 τὴν
1940 1826 1981 1906 δὲ

2100 1844 2315 1901 ratione
2348 1843 2536 1913 Verbi,
2567 1848 2661 1903 sed
2690 1848 2866 1919 ipsius
2888 1851 3055 1906 Verbi
3071 1852 3421 1912 substantiali
3450 1826 3676 1916 unione.

408 1942 609 1995 ἕνωσιν
640 1943 739 1996 οὐκ
772 1945 836 1997 ἐκ
865 1946 963 2015 τῆς
989 1943 1087 1997 τοῦ
1113 1944 1292 2013 Λόγου
1320 1946 1485 2016 ψιλῆς
1509 1946 1827 2017 ἐνεργείας,
1880 1946 1995 2001 ἀλλ’

406 2035 575 2089 αὐτοῦ
607 2035 701 2088 τοῦ
726 2037 907 2108 Λόγου
931 2036 1226 2103 οὑσιὼδους
1254 2038 1636 2110 ἀνακράσεως.

479 2127 590 2181 Καὶ
620 2128 795 2181 ταῦτα
835 2132 934 2199 μὲν
965 2130 1130 2200 ἡμεῖς
1162 2130 1301 2200 πρὸς
1333 2131 1426 2185 τὸν
1460 2133 1751 2203 ἐντυχόντα
1797 2137 1994 2211 πρώην

413 2219 541 2288 ἡμῖν
584 2219 961 2289 διειλέγμεθα,
992 2221 1093 2284 τὰς
1135 2221 1402 2285 δοκούσας
1455 2223 1605 2295 αὐτῴ
1635 2225 1884 2297 ἀμάχους
1914 2230 1995 2293 εἰς

404 2312 686 2381 ἡμετέραν
711 2310 944 2382 δύναμιν
973 2311 1264 2375 λελυκότες
1293 2313 1668 2385 διαπορήσεις.
1707 2317 1993 2390 Ἀξιοῦμεν

400 2403 463 2458 δὲ
492 2403 623 2467 τοὺς
664 2404 1090 2476 ἐντευξομένους
1128 2406 1266 2476 τῷδε
1293 2406 1456 2477 ἡμῶν
1503 2407 1583 2478 τῷ
1632 2409 1840 2481 μετρίῳ
1868 2428 1993 2465 συν-

402 2496 670 2566 τάγματι,
702 2497 838 2568 πρὸς
871 2498 976 2562 τὰς
1012 2499 1122 2552 τῶν
1155 2498 1418 2570 Πατέρων
1461 2499 1615 2571 ίεράς
1655 2502 1989 2575 ἀναδραμεῖν

404 2587 815 2659 πραγματείας.
850 2590 906 2657 ἐξ
936 2585 1011 2645 ὧν
1041 2590 1139 2645 καὶ
1177 2594 1342 2663 ἡμεῖς
1378 2591 1479 2657 τὰς
1524 2593 1784 2666 ἀφορμὰς
1836 2596 1987 2668 εἰλη-

404 2681 591 2748 φότες.
622 2680 796 2735 ταῦτα
830 2684 1269 2754 γεγραφήκαμεν
1291 2699 1305 2714 ·
1344 2684 1440 2739 καὶ
1475 2682 1575 2749 τὰς
1602 2686 1829 2756 χρήσεις
1852 2686 1989 2757 πρὸς

403 2773 505 2842 τὴν
540 2772 650 2826 τῶν
683 2775 992 2845 εἰρημένων
1024 2775 1318 2845 βεϐαίωσιν
1352 2776 1727 2848 παρεθέμεθα.
1758 2780 1883 2851 Δοίη
1928 2782 1988 2834 δὲ

406 2866 614 2937 Κύριος
643 2866 978 2938 ἀμφοτέροις
995 2871 1108 2933 τοῖς
1142 2870 1359 2941 μέρεσι,
1384 2870 1696 2941 φιλαλήθως
1724 2872 1818 2925 καὶ
1845 2874 1986 2927 κατά

401 2957 463 3010 τὸ
527 2958 694 3012 αὐτοῦ
753 2958 1003 3031 βούλημα
1059 2962 1290 3032 ζητοῦσι
1343 2961 1441 3014 καὶ
1508 2960 1982 3032 διερευνωμένοις,

402 3051 858 3124 ἐμφανιζομένην
912 3054 1100 3116 αὐτοῖς
1158 3053 1343 3124 εὑρεῖν
1406 3052 1511 3122 τὴν
1538 3051 1823 3123 ἀλήθειαν,
1861 3053 1985 3125 ἦτις

2166 2118 2348 2189 Atque
2380 2118 2502 2174 haec
2529 2120 2752 2191 quidem
2777 2136 2880 2176 nos
2900 2136 3027 2177 cum
3053 2138 3121 2178 eo
3163 2125 3258 2195 qui
3286 2142 3466 2197 nuper
3482 2128 3678 2185 nobis-

2091 2224 2218 2263 cum
2249 2210 2467 2266 locutus
2493 2221 2599 2277 est,
2627 2213 3010 2281 disseruimus,
3045 2231 3170 2271 cum
3189 2232 3284 2273 eas
3343 2220 3678 2288 quaestiones

2091 2320 2214 2373 qua:
2244 2304 2323 2358 illi
2352 2304 2810 2375 inexpugnabiles
2834 2308 3191 2375 videbantur,
3215 2326 3318 2380 pro
3333 2310 3547 2369 viribus
3569 2316 3676 2370 sol-

2090 2396 2293 2451 vimus.
2331 2397 2609 2467 Rogamus
2645 2407 2828 2454 autem
2850 2415 2947 2455 eos
2979 2401 3076 2472 qui
3110 2401 3259 2457 hunc
3275 2413 3528 2459 nostrum
3548 2420 3676 2461 me.

2093 2492 2344 2547 diocrem
2374 2494 2580 2549 librum
2600 2496 2801 2551 lecturi
2833 2507 2984 2562 sunt,
3020 2504 3093 2552 ut
3112 2498 3179 2553 ad
3223 2514 3415 2555 saeros
3446 2501 3673 2557 Patrum

2090 2594 2362 2642 tractatus
2387 2596 2710 2642 recurrant:
2733 2604 2801 2644 ex
2822 2589 3026 2658 quibus
3045 2606 3147 2645 nos
3171 2592 3335 2647 etiam
3358 2594 3673 2665 adjumenta

2091 2678 2362 2749 cepimus,
2394 2686 2451 2733 et
2501 2679 2619 2733 haec
2672 2678 3021 2749 scripsimus,
3082 2689 3140 2735 et
3192 2686 3558 2739 auctoritates
3605 2686 3673 2739 ad

2090 2770 2571 2827 conﬁrmationem
2626 2788 2819 2827 eorum
2860 2789 2983 2843 qua:
3017 2773 3163 2828 dicta
3212 2783 3365 2840 sunt,
3413 2776 3675 2832 adhibui-

2094 2877 2235 2917 mus.
2271 2863 2503 2919 Tribuat
2559 2863 2828 2919 Dominus
2879 2864 3129 2935 utrisque
3180 2866 3435 2935 partibus
3488 2868 3674 2923 studio

2092 2953 2341 3007 veritatis
2366 2963 2421 3009 et
2449 2954 2756 3010 secundum
2779 2955 3121 3011 voluntatem
3155 2958 3276 3028 ejus
3297 2960 3674 3028 quaerentibus

2088 3054 2146 3099 et
2178 3046 2579 3111 scrutantibus,
2612 3056 2674 3101 ut
2716 3047 3006 3103 veritatem
3045 3049 3152 3104 sibi
3201 3060 3481 3106 ostensam
3513 3052 3672 3109 inve-

400 3144 522 3196 ἐστὶ
551 3144 808 3211 Χριστὸς
846 3147 881 3199 ό
917 3144 1017 3199 ἐπὶ
1048 3144 1294 3198 πάντων
1329 3144 1494 3210 Θεὸς,
1590 3144 1624 3215 ἡ
1648 3143 1774 3211 δόξα
1803 3146 1898 3199 καὶ
1924 3145 1981 3199 τὸ

2089 3136 2267 3202 niant,
2293 3153 2417 3207 qua:
2447 3145 2533 3192 est
2574 3137 2813 3193 Christus
2854 3156 3017 3210 super
3070 3142 3252 3196 omnia
3280 3142 3428 3196 Deus
3482 3143 3547 3209 ³³,
3580 3145 3669 3200 cui

396 3234 605 3303 κράτος
636 3237 718 3297 είς
751 3237 880 3301 τοὺς
907 3236 1137 3299 αἰῶνας.
1177 3237 1378 3306 ’Δμήν.

391 3346 724 3417 ,Προοίμιον
753 3345 875 3401 τῶν
898 3347 1182 3417 χρήσεων
1210 3346 1363 3402 κατὰ
1403 3343 1979 3417 Ἀφθαρτοδοκητῶν.

481 3590 822 3663 Ἐπειδήπερ
853 3592 1094 3662 Χριστοῦ
1126 3593 1311 3663 χάριτι
1346 3594 1445 3657 τὰς
1484 3593 1587 3664 μὲν
1615 3593 1681 3647 ἐκ
1705 3595 1815 3648 τῶν
1846 3611 1979 3665 προς

396 3676 616 3739 τάσεων
660 3683 1033 3755 πιθανότητας
1073 3687 1153 3748 είς
1202 3684 1439 3756 δύναμιν
1488 3684 1817 3756 λελύκαμεν,
1873 3686 1979 3738 ὑπ-

383 3775 668 3847 εσχόμεθα
705 3776 763 3830 δὲ
820 3777 915 3830 καὶ
944 3780 1066 3841 ταῖς
1094 3778 1202 3831 τῶν
1250 3778 1493 3849 ἀρχαιων
1535 3778 1867 3849 μαρτυρίαις
1919 3778 1983 3833 τὸ

397 3866 593 3919 πιστὸν
626 3868 740 3930 τοῖς
789 3867 1107 3938 εἰρημένοις
1147 3867 1394 3932 ἐπάξειν,
1427 3868 1654 3921 αὐτόθεν
1680 3868 1842 3938 δέχου
1871 3868 1980 3921 τῶν

390 3959 686 4028 ματυριῶν
716 3958 809 4011 τὸν
844 3958 1013 4027 ἐσμὸν
1062 3960 1357 4029 σύμφωνον
1390 3958 1488 4012 καὶ
1530 3957 1973 4029 μεμουσωμένον,

382 4051 497 4120 τῆς
531 4050 795 4119 ἀληθείας
816 4050 1263 4121 ἀνακρουόμενον
1290 4050 1352 4104 τὸ
1390 4050 1570 4121 μέλος.
1602 4050 1664 4103 Ei
1685 4048 1742 4102 δέ
1775 4066 1859 4112 τις
1879 4049 1976 4120 τὴν

382 4142 605 4196 οἰκείαν
641 4142 946 4214 συνείδησιν
979 4143 1171 4196 πατεῖν
1201 4140 1559 4213 μεμαθηκὼς,
1590 4140 1687 4205 τὰς
1722 4139 1818 4212 μὲν
1848 4141 1977 4213 παρ’

386 4234 550 4305 ἡμῶν
584 4234 904 4298 ἐκτεθείσας
967 4234 1279 4307 μαρτυρίας
1336 4232 1776 4306 παρακρούεται,
1809 4232 1977 4299 ἄλλας

378 4324 447 4378 δέ
475 4342 628 4388 τινας
657 4325 929 4396 προφέρει
956 4325 1066 4378 τῶν
1093 4324 1275 4378 αὐτῶν
1300 4324 1395 4393 (e),
1422 4325 1505 4387 ὡς
1533 4323 1598 4378 ἂν
1626 4325 1826 4393 οῐηται,
1872 4341 1975 4394 μα-

381 4416 649 4487 χομένας,
683 4417 860 4469 ἐκεῖνο
910 4416 1048 4488 πρὸς
1098 4415 1260 4469 αὑτὸν
1292 4415 1507 4486 πρῶτον
1552 4416 1729 4469 είπεῖν
1752 4416 1973 4487 ἔχομεν,

2086 3228 2262 3298 gloria
2289 3228 2656 3300 etimperium
2690 3229 2746 3283 in
2783 3231 2983 3286 saecula
3022 3233 3372 3290 saeculorum.
3396 3234 3596 3291 Amen.

2083 3339 2342 3415 Ejusdem
2394 3340 2598 3415 Leontii
2655 3345 3423 3415 contrahAphthartodocetas,
3470 3348 3527 3401 id
3568 3358 3665 3414 est,

2153 3413 2456 3481 opinatores
2484 3413 3001 3484 incorruptibilitatis
3022 3419 3333 3486 prooemium
3369 3413 3667 3473 auctor-ita;

2155 3490 2287 3535 tum.

2151 3595 2422 3661 Quoniam
2446 3595 2622 3667 gratia
2645 3596 2848 3653 Christi
2883 3598 3219 3668 qumstiones
3269 3617 3391 3673 quae
3415 3604 3667 3674 speciem

2081 3686 2491 3756 probabilitatis
2529 3687 2833 3753 habebant,
2859 3705 2961 3760 pro
2986 3691 3203 3747 viribus
3232 3694 3519 3761 solvimus,
3543 3699 3667 3767 pol-

2080 3777 2219 3832 liciti
2248 3793 2384 3832 vero
2408 3793 2601 3833 sumus
2652 3779 2987 3835 testimoniis
3034 3790 3282 3838 veterum
3335 3786 3665 3844 conﬁrmare

2072 3884 2204 3938 qua:
2226 3869 2501 3925 diximus:
2535 3870 2724 3940 accipe
2744 3870 2808 3925 in
2836 3869 3004 3926 iidem
3065 3874 3481 3933 multitudinem
3505 3881 3664 3935 testi-

2083 3961 2421 4025 moniorum,
2448 3962 2776 4032 aequabilem
2804 3973 2860 4019 et
2880 3966 3218 4023 modulatum
3243 3971 3498 4027 veritatis
3531 3988 3664 4029 con-

2076 4061 2304 4105 centum
2329 4051 2608 4107 edentem.
2654 4051 2718 4107 Si
2782 4054 2908 4123 quis
2954 4071 3088 4110 vero
3133 4057 3229 4127 qui
3266 4060 3660 4116 conscientiam

2080 4158 2234 4196 suam
2262 4142 2590 4198 conculcare
2622 4144 2841 4210 didicit,
2866 4146 3181 4206 testimonia
3194 4165 3231 4204 a
3254 4151 3417 4207 nobis
3434 4153 3661 4209 recitata

2080 4233 2294 4303 rejicit,
2354 4233 2461 4289 alia
2493 4245 2679 4291 autem
2727 4238 3049 4293 eorumdem
3107 4241 3331 4297 testium
3382 4245 3658 4314 producit,

2074 4325 2399 4394 pugnantia,
2425 4333 2485 4379 ut
2511 4334 2698 4396 putat:
2738 4327 2870 4383 illud
2901 4328 3142 4399 primum
3176 4330 3330 4408 huic
3361 4333 3656 4391 dicendum

2076 4422 2182 4475 cst.
2213 4415 2360 4485 quod
2394 4415 2488 4485 qui
2517 4416 2711 4472 Patres
2732 4417 2863 4472 facit
2890 4434 3320 4478 manumsecum
3344 4440 3658 4493 conserere,

380 4507 463 4570 ὼς
499 4506 608 4578 ἄρα
636 4508 765 4571 τοὺς
796 4508 1052 4577 Πατέρας
1080 4506 1422 4578 συγκρούων,
1453 4506 1548 4560 καὶ
1577 4507 1655 4570 είς
1685 4506 1974 4575 ἀντίφασιν

2084 4525 2283 4578 eosque
2319 4509 2519 4564 nititur
2550 4510 2605 4565 in
2647 4512 3066 4583 repugnantiam
3097 4514 3245 4573 inter
3268 4532 3327 4574 se
3357 4519 3657 4583 adducere,

386 4599 589 4664 αὐτοὺς
632 4599 846 4654 ἑαυτῶν
899 4601 1056 4670 ἄγειν
1104 4601 1471 4671 πειρώμενος,
1536 4598 1833 4670 προφανῶς
1881 4599 1972 4653 τὸν

459 4799 504 4831 ³⁸
537 4801 698 4857 Rom.
730 4817 804 4867 Ix,
842 4801 895 4856 5.

454 4971 527 5042 le)
556 4969 819 5047 Intelligit
846 4969 1108 5047 collectas
1137 4984 1165 5023 a
1198 4967 1599 5047 Mopopbysitis
1639 4976 1963 5047 corruptas-

379 5039 608 5114 que'vel
635 5039 893 5111 perrerse
933 5040 1242 5095 intellectas
1289 5039 1515 5095 Patrum
1573 5039 1954 5102 auctoritates,

460 5228 695 5301 (39-41),
737 5227 868 5284 Unio
936 5226 1085 5301 Yerbi
1116 5243 1264 5301 Acum
1325 5233 1533 5301 natura
1568 5235 1769 5278 nostra.
1826 5225 1963 5280 Pro-

375 5295 536 5358 ducit
612 5295 874 5380 deinceps
936 5297 1201 5380 Leontius
1256 5295 1568 5379 testimonia
1648 5305 1961 5380 sanctorum

375 5375 602 5430 Patrum
667 5388 679 5423 :
737 5366 832 5446 qui
884 5367 1498 5446 probandam-veritatis
1569 5366 1768 5446 melius
1819 5366 1960 5446 seri-

382 5443 648 5516 ptorilius
698 5436 793 5509 qui
871 5436 1137 5516 adversus
1194 5437 1586 5516 Nestorianos,
1646 5436 1953 5516 ﬂutyeliia-

378 5506 481 5569 nos
533 5522 589 5567 et
627 5506 1023 5587 lcohomacbos
1080 5517 1415 5587 pugnarunt,
1462 5506 1759 5587 admodum
1793 5506 1953 5587 fami:

377 5582 681 5639 liarisiuit:
716 5590 777 5635 ut
825 5579 1135 5646 intelligere
1168 5576 1326 5633 dicet
1360 5593 1425 5631 ex
1474 5576 1740 5646 operibus
1779 5576 1954 5631 sancti

378 5652 735 5727 Damasceni,_
767 5650 945 5727 sancti
996 5646 1284 5727 Anastasii
1320 5646 1673 5727 Sinaitaa,_et
1713 5662 1779 5727 ex
1835 5646 1955 5718 ipso

376 5725 610 5797 concilio
637 5722 918 5797 prgsino
937 5718 1106 5797 :_.etsi_
1120 5733 1222 5797 nec
1270 5718 1374 5788 ipsi
1404 5717 1732 5797 Eutxchiani
1762 5717 1957 5797 segnes

376 5793 621 5850 erantin
674 5787 1016 5847 adducendis
1067 5787 1301 5844 Patrum
1344 5787 1809 5854 auctoritatibus;
1858 5787 1953 5843 sed

671 5885 940 5946 Pnaon.
973 5883 1091 5945 Gn.
1133 5881 1471 5945 LXXXVI.

1858 5982 1861 5985 -
1878 5978 1904 5990 ς

2076 4602 2283 4656 bellum
2316 4600 2482 4672 plane
2511 4612 2703 4657 contra
2725 4619 2820 4659 eos
2851 4606 3125 4678 suscepit;
3156 4624 3336 4679 neque
3360 4612 3532 4683 magis
3557 4628 3661 4667 1:0-

2066 4966 2333 5042 immistis
2353 4968 2520 5042 etiam
2564 4968 2865 5042 lucreticis,
2917 4970 2985 5026 de
3015 4985 3122 5042 qua
3178 4970 3504 5027 collectione
3550 4990 3654 5028 nos

2064 5038 2310 5109 Spicilcg.
2343 5046 2382 5092 t.
2408 5038 2497 5103 ιιι,
2525 5054 2579 5108 ρ.
2615 5040 2736 5096 695.

2066 5240 2222 5297 more
2252 5224 2515 5297 omnium
2550 5221 2933 5297 haereticorum
2989 5239 3073 5279 vc.
3128 5226 3513 5297 supposititiis,
3561 5230 3648 5285 vcl

2066 5295 2208 5350 male
2249 5292 2548 5349 intellectis
2578 5308 2857 5361 praveque
2891 5294 3155 5349 detortis:
3193 5292 3427 5353 Maxime
3458 5306 3645 5354 autem

2063 5366 2444 5438 gloriabantur
2478 5364 2829 5438 testimoniis
2867 5364 3142 5438 _Gregorii
3178 5366 3604 5438 _Thaumaturgi
3627 5410 3643 5435 ,

2062 5432 2383 5506 Athanasii,
2405 5432 2534 5506 Julii
2556 5432 2841 5506 pontiﬁcis
2867 5432 3123 5506 Romani,
3164 5435 3352 5506 Cyrilli
3405 5432 3646 5493 Alexin;

2063 5504 2231 5579 drini.
2257 5512 2315 5559 et
2344 5502 2656 5579 Erechthii,
2694 5503 2936 5579 hominis
2974 5505 3134 5574 plane
3164 5502 3407 5579 obscuri,
3439 5519 3495 5563 et
3531 5509 3645 5563 Eu-
3692 5576 3695 5579 _

2062 5574 2321 5645 tychiano
2356 5572 2648 5645 fermento
2702 5572 2890 5645 infecti
2914 5572 3025 5645 nn
3063 5576 3208 5645 apud
3256 5578 3514 5633 Photium
3548 5594 3643 5635 os~

2064 5642 2241 5699 tendit
2269 5643 2534 5713 Eulogius
2573 5642 2887 5712 patriarcha
2927 5642 3351 5711 Alexandrinus.
3397 5664 3521 5703 cum
3574 5665 3642 5707 ex

2065 5714 2453 5839 testiﬁcatiime
2480 5713 2713 5769 aliorum
2740 5753 2753 5779 ,
2789 5721 2904 5768 tum
2949 5729 3014 5770 ex
3072 5718 3313 5786 propriis
3356 5718 3641 5778 l'lrcc'ntllii

2065 5783 2304 5839 scribtis.
2339 5784 2475 5839 "vn.

2062 5783 2304 5855 scriptis.
2339 5783 2475 5839 Tun.

3279 5880 3353 5942 ω
