4120 6444
513 339 655 401 1355

1752 336 2065 399 LEONTII
2106 336 2516 399 BYZANTINI

3640 346 3776 414 1356

511 460 627 505 stra
653 448 875 514 evertit,
897 460 1061 518 quam
1085 461 1183 502 sua
1206 462 1317 502 non
1351 447 1623 517 probavit.
1653 448 1791 504 lllud
1825 458 2077 520 praetere:

2198 449 2322 502 κατ’
2377 450 2605 504 ἐκείνων
2658 453 2832 523 ῆρατο
2889 455 3151 528 πόλεμον,
3211 458 3308 513 καὶ
3343 458 3405 513 οὐ
3454 459 3654 529 μᾶλλον
3706 464 3776 516 τὰ

510 540 771 604 dicimus,
807 540 953 609 quod
1002 541 1096 609 qui
1127 547 1257 593 sunt
1283 553 1410 593 vere
1458 539 1651 593 Patres
1700 539 1980 603 Ecclesiae,
2035 548 2093 593 et

510 645 821 695 sermonem
868 630 1216 685 charismatis
1279 629 1347 684 ad
1412 630 1724 685 docendum
1777 630 1834 684 in
1894 629 2090 685 eodem

509 723 704 795 spiritu
733 732 1085 793 acceperunt,
1125 738 1307 793 neque
1337 739 1463 779 cum
1493 724 1639 789 aliis,
1663 723 1870 778 nedum
1899 739 2089 779 secum

507 815 988 886 discrepant;nec
1024 831 1223 887 magna
1272 831 1363 871 res
1388 824 1492 882 est,
1538 816 1584 871 si
1639 816 1841 880 dicam,
1888 832 1992 871 nec
2030 817 2087 870 in

507 908 631 962 aliis
656 909 997 979 discrepant,
1029 924 1096 964 ac
1146 908 1376 963 minime
1426 909 1676 963 omnium
1707 910 1764 963 in
1795 910 1899 964 hac
1940 924 2090 979 quaa-

508 1000 686 1055 stione
740 1000 809 1055 de
836 1016 944 1070 qua
995 1000 1359 1072 disceptatur,
1407 1000 1659 1071 quamvis
1708 1001 1789 1056 sic
1833 1000 2089 1054 videatur

498 1092 578 1146 .iis
610 1092 706 1162 qui
735 1108 945 1147 meram
970 1092 1246 1149 inscitiam
1300 1093 1617 1159 ebiberunt,
1669 1102 1728 1148 et
1759 1093 2086 1149 ebrietatem

505 1198 663 1238 suam
695 1184 751 1237 in
780 1183 1159 1240 infirmitatem
1189 1194 1246 1240 et
1273 1186 1631 1241 sobrietatem
1684 1188 1936 1242 veritatis
1988 1188 2090 1241 Pa-

493 1285 651 1329 .trum
691 1276 1077 1332 transfundere
1132 1276 1360 1331 audent.
1411 1277 1761 1333 Credendum
1813 1278 1961 1334 enim
2002 1287 2087 1333 est

503 1383 616 1422 non
650 1367 821 1424 tuisse
853 1385 951 1425 eos
987 1371 1084 1440 qui
1120 1370 1511 1442 loquebantur,
1546 1373 1640 1428 sed
1686 1371 1952 1442 Spiritum
1986 1373 2085 1427 Pa-

505 1460 610 1516 tris
640 1476 834 1515 corum
865 1462 961 1532 qui
1017 1463 1072 1516 in
1101 1463 1185 1518 eis
1240 1464 1594 1535 loquebatur.
1623 1463 1727 1531 Qui
1785 1465 1933 1520 enim
1972 1481 2083 1519 non

503 1562 636 1608 sunt
663 1553 1001 1624 huiusmodi,
1032 1555 1183 1626 digni
1233 1566 1383 1622 sunt,
1408 1558 1503 1627 qui
1553 1557 1676 1613 falsi
1701 1558 1959 1613 doctores
1984 1574 2084 1613 vo-

503 1652 731 1713 ccntur;
778 1646 895 1715 qui,
927 1661 995 1702 eo
1040 1646 1161 1718 ipso
1213 1649 1362 1718 quod
1420 1660 1667 1720 pugnant
1712 1659 1903 1705 contra
1928 1666 1985 1705 se
2029 1658 2086 1705 et

502 1736 796 1803 dissident,
818 1752 931 1793 non
956 1738 1213 1809 spiritum
1240 1740 1414 1810 pacis,
1441 1741 1538 1796 sed
1583 1742 1843 1812 spiritum
1886 1742 2083 1798 adver-

500 1825 654 1891 sarii,
677 1836 735 1880 et
765 1826 1057 1884 seditionis
1074 1830 1313 1885 amicum
1349 1831 1557 1888 habere
1584 1833 2014 1891 convincuntur.

568 2092 858 2159 Quomodo
890 2094 1080 2166 igitur,
1110 2095 1261 2150 dicet
1286 2095 1507 2165 aliquis,
1538 2096 1849 2168 reperimus
1876 2096 2081 2154 dixisse

503 2184 939 2253 corruptibileet
988 2186 1415 2257 incorruptibile
1454 2189 1698 2259 corpus?
1725 2188 1845 2245 Non
1893 2190 2078 2257 aliter,

496 2290 662 2346 quam
685 2276 904 2332 duobus
944 2277 1146 2342 modis,
1163 2278 1293 2347 quia
1322 2277 1749 2349 incorruptibile
1774 2282 2080 2337 secundum

496 2367 702 2423 idioma
735 2368 1039 2440 Scripturxe
1061 2385 1164 2439 pro
1195 2387 1306 2425 non
1329 2381 1615 2441 peccante,
1648 2382 1706 2428 et
1736 2390 1899 2444 puro,
1925 2385 1983 2431 et
2011 2376 2080 2431 ab

496 2462 648 2516 omni
690 2461 812 2516 labe
859 2462 1121 2531 nequitiae
1180 2461 1361 2517 libero
1393 2478 1601 2533 ponere
1649 2476 2077 2521 consueverunt.

494 2552 565 2607 Et
613 2568 809 2607 rursus
881 2553 1265 2608 indifferenter
1363 2562 1419 2609 et
1502 2555 1624 2611 sine
1691 2557 2079 2615 observatione

495 2644 800 2697 secundum
836 2650 1082 2714 tempora
1116 2646 1263 2700 idem
1284 2662 1485 2716 corpus
1510 2647 1714 2705 Christi
1738 2651 2082 2707 vocabantet

493 2735 857 2806 corruptibile
886 2745 942 2791 et
968 2736 1422 2809 incorruptibile:
1448 2753 1506 2795 et
1534 2756 1661 2795 cum
1713 2742 2077 2813 corruptibile

492 2828 875 2893 nominabant,
900 2829 966 2884 ad
1002 2837 1219 2901 tempus
1250 2834 1574 2889 oeconomiae
1620 2835 1925 2890 secundum
1951 2850 2077 2889 car-

490 2935 621 2974 nem
681 2920 1093 2989 respiciebant;
1144 2936 1269 2975 cum
1307 2938 1441 2977 vero
1503 2923 1952 2995 incorruptibile,
2005 2925 2073 2982 ad

2195 540 2330 611 παρ⁹
2369 540 2531 609 ἡμῶν
2579 542 2897 614 ἀνέτρεψεν,
2941 547 2974 617 ἢ
3007 547 3130 601 οὐδὲ
3167 549 3238 602 τὰ
3284 548 3391 602 ίδια
3420 549 3773 605 ἐϐεϐαίωσεν.

2196 632 2431 685 Ἔπειτα
2453 633 2511 687 δὲ
2541 634 2765 689 κάκεῖνο
2795 638 2971 693 είπεῖν
3009 638 3228 710 ἔχομεν,
3271 640 3347 703 ὡς
3384 642 3432 695 oi
3461 640 3629 705 ὅντως
3660 643 3777 696 Πα-

2190 722 2349 794 τέρες
2389 728 2487 794 τῆς
2539 726 2892 797 Ἐκκλησίας,
2927 731 3021 785 καὶ
3064 731 3160 785 τοῦ
3201 732 3583 788 διδασκαλικοῦ
3620 736 3778 805 χαρί-

2193 828 2400 882 σματος
2430 817 2489 869 ἐν
2529 818 2609 886 τῷ
2654 820 2805 891 αὑτῳ
2837 822 3118 893 πνεύματι
3150 824 3242 878 τὸν
3270 825 3426 893 λόγον
3456 825 3771 896 δεξάμενοι,

2189 902 2317 957 οὔτε
2369 906 2510 977 πρὸς
2549 908 2748 975 ἄλλους
2794 912 2858 965 οὐ
2903 912 3013 985 μὴν
3048 915 3188 986 πρὸς
3215 917 3446 980 ἑαυτοὺς
3475 917 3775 988 διηνέχθη-

2191 1014 2323 1051 σαν·
2348 1000 2411 1052 οὺ
2447 1001 2591 1071 μέγα
2644 1005 2744 1074 μὲν
2786 1004 2900 1077 γάρ
2950 1008 3132 1062 εἰπεῖν
3163 1009 3245 1063 ὅτι
3280 1011 3416 1078 μηδέ
3460 1012 3519 1063 ἐν
3568 1010 3773 1074 ἄλλοις,

2186 1087 2388 1157 ἥκιστα
2427 1089 2484 1142 δέ
2530 1091 2698 1163 ἐνςτῷ
2746 1093 2844 1148 νῦν
2886 1098 3196 1167 κινουμένῳ
3236 1100 3612 1171 προϐλήματι,
3664 1101 3776 1154 κᾶν

2187 1177 2332 1232 οὕτω
2377 1181 2508 1253 δοκῇ
2548 1186 2661 1246 τοῖς
2709 1184 2833 1239 ὅλον
2877 1187 3231 1241 ἐκπεπωκόσι
3267 1189 3367 1259 τῆς
3405 1190 3649 1259 ἀμαθίας
3680 1190 3776 1244 τὸν

2185 1273 2448 1346 ἄκρατον,
2496 1278 2593 1330 καὶ
2636 1278 2728 1331 τὸν
2764 1279 2865 1349 τῆς
2909 1281 3182 1350 σφετέρας
3223 1283 3396 1354 μέθης
3433 1284 3646 1352 ἴλιγγον
3679 1284 3776 1336 ἐπὶ

2184 1368 2247 1420 τὸ
2287 1368 2541 1438 πεπηγὸς
2590 1370 2686 1423 καὶ
2730 1372 2995 1441 νηφάλιον
3039 1374 3141 1445 τῆς
3194 1374 3470 1447 πατρικῆς
3512 1375 3775 1447 ἀληθείας

2188 1458 2585 1528 μεταϐιϐάζειν
2632 1462 2935 1532 τολμῶσινο
2968 1465 3223 1518 πειστέον
3248 1465 3354 1537 γὰρ
3381 1465 3457 1529 ὡς
3489 1466 3589 1519 οὐκ
3617 1467 3775 1520 αὑτοὶ

2183 1545 2325 1620 ἦσαν
2378 1551 2429 1603 οἱ
2479 1549 2797 1615 λαλοῦντες,
2854 1553 2991 1607 ἀλλὰ
3037 1555 3099 1607 τὸ
3143 1555 3363 1627 πνεῦμα
3413 1555 3512 1609 τοῦ
3558 1557 3775 1628 Πατρὺς

2184 1642 2367 1698 αὐτῶν
2426 1644 2490 1697 τὸ
2553 1643 2752 1699 λαλοῦν
2803 1647 2861 1699 ἐν
2913 1650 3134 1711 αὐτοῖς·
3168 1650 3352 1719 οίγάρ
3386 1650 3463 1721 μὴ
3508 1648 3770 1711 τοιοῦτοι,

2184 1734 2531 1805 ψευδώνυμοι
2569 1737 2858 1792 καλεῖσθαι
2911 1739 3226 1793 διδάσκαλοί
3269 1741 3409 1794 εἰσιν
3453 1740 3617 1807 ἄξιοι,
3648 1744 3773 1796 κατ’

2116 1835 2158 1891 Β
2187 1827 2320 1881 αὑτό
2349 1844 2413 1896 γε
2437 1830 2502 1884 τὸ
2538 1831 2812 1900 μάχεσθαι
2837 1834 2934 1885 καὶ
2976 1834 3292 1898 στασιάζειν
3333 1834 3474 1906 πρὸς
3516 1836 3768 1899 ἑαυτοὺς,

2185 1919 2247 1973 οὐ
2273 1920 2335 1973 τὸ
2369 1919 2471 1990 τῆς
2511 1922 2740 1994 εἰρήνης
2786 1923 3029 1995 πνεῦμα,
3069 1926 3132 1978 τὸ
3173 1926 3231 1980 δὲ
3275 1926 3369 1982 τοῦ
3407 1928 3651 1981 ἐναντίου
3676 1931 3773 1983 καὶ

2183 2015 2250 2084 τῇ
2280 2012 2468 2066 στάσει
2507 2014 2680 2083 φίλων
2703 2014 2849 2087 ἐχειν
2885 2016 3260 2088 ἐλεγχόμενοι.

2253 2104 2379 2166 Πῶς
2417 2100 2512 2159 οὖν
2548 2105 2902 2177 εὑρίσκομεν,
2932 2109 3097 2179 φήσει
3125 2125 3231 2175 τις,
3261 2108 3357 2163 καὶ
3381 2109 3623 2181 φθαρτὸν
3675 2113 3773 2164 καὶ

2183 2192 2464 2265 ἄφθαρτον
2494 2200 2556 2248 rb
2605 2212 2767 2265 σωμα
2810 2198 3129 2270 εἰρηκότας;
3175 2198 3292 2254 Οὐκ
3322 2200 3497 2266 άλλως
3530 2202 3771 2271 φήσαιμ’

2183 2288 2249 2341 ἂν
2280 2287 2312 2356 ἧ
2346 2287 2490 2341 κατὰ
2524 2286 2618 2341 δύο
2649 2289 2908 2360 τρόπους,
2940 2290 3023 2343 ὅτι
3078 2290 3157 2361 τῷ
3184 2292 3471 2363 ἀφθάρτῳ,
3520 2293 3680 2359 κατὰ,
3714 2294 3776 2346 τὸ

2182 2378 2282 2446 τῆς
2310 2376 2538 2449 Γραφῆς
2574 2376 2795 2448 ἰδίωμα,
2835 2378 2958 2432 ἀντὶ
2986 2377 3082 2431 τοῦ
3112 2381 3505 2451 ἀναμαρτήτου
3537 2381 3631 2433 καὶ
3671 2399 3773 2433 κα-

2182 2470 2351 2541 θαροῦ
2382 2473 2478 2525 καὶ
2505 2473 2690 2544 πάσης
2715 2474 2817 2545 τῆς
2862 2474 3005 2528 κατά
3042 2476 3244 2529 κακίαν
3284 2476 3501 2548 κηλῖδος
3534 2476 3775 2548 ἀπηλλαο

2180 2565 2386 2636 γμένου
2413 2566 2641 2619 τάσσειν
2678 2566 2971 2621 εἰώθεσαν.
2997 2568 3109 2622 Καὶ
3140 2568 3304 2623 πάλιν
3332 2569 3639 2640 ἀδιαφόρως
3674 2570 3774 2622 καὶ

2179 2658 2631 2728 ἀπαρατηρήτως
2666 2658 2809 2711 κατά
2837 2660 2968 2723 τοὺς
2994 2660 3220 2733 χρόνους
3260 2660 3322 2713 τὸ
3360 2661 3494 2715 αὐτὸ
3537 2661 3774 2715 ἐκάλουν

2180 2749 2276 2802 καὶ
2314 2748 2554 2819 φθαρτὸν
2575 2750 2670 2802 καὶ
2696 2750 2979 2822 ἄφθαρτον
3002 2768 3016 2785 ο
3053 2752 3149 2807 καὶ⁵
3180 2753 3271 2806 ὅτε
3298 2752 3400 2821 μέν
3426 2753 3561 2807 αὐτὸ
3590 2754 3773 2827 φθαρ-

2175 2840 2269 2893 τὸν
2296 2840 2605 2911 ὠνόμαζον,
2645 2842 2784 2915 πρὸς
2816 2843 2910 2896 τὸν
2933 2843 3128 2915 χρόνον
3156 2845 3471 2899 ἀπέϐλεπον
3504 2846 3605 2918 τῆς
3627 2850 3773 2901 κατὲι

2177 2933 2358 3003 σάρκα
2398 2932 2743 3003 οἰκονομίαςο
2784 2933 2874 2988 ὅτε
2933 2935 2990 2987 δὲ
3026 2934 3305 3007 ἄφθαρτον
3332 2977 3345 3000 ,
3383 2936 3521 3008 πρὸς
3568 2936 3661 2990 τὸν
3705 2939 3773 2991 ἐκ

490 3022 712 3084 tempus
765 3014 1218 3076 resurrectionis.
1277 3024 1332 3069 et
1362 3016 1431 3071 ad
1489 3017 1771 3073 infinitum
1813 3020 2077 3091 deinceps

2178 3025 2274 3097 τῆς
2307 3027 2665 3089 ἀναστάσεως
2710 3028 2803 3080 καὶ¹
2854 3028 2936 3091 είς
2970 3028 3064 3083 τὸν
3096 3029 3226 3099 ἐξῆς
3272 3031 3500 3103 ἄπειρον
3553 3030 3765 3085 αἰῶναι

487 3102 775 3161 εωουὶυιη.
812 3106 868 3160 Si
895 3107 1021 3175 quis
1043 3122 1172 3161 vero
1196 3106 1344 3161 dicat
1375 3109 1677 3164 secundum
1706 3111 2074 3167 arrhabonem

2178 3119 2226 3170 εί
2260 3117 2316 3171 δέ
2355 3135 2440 3181 τις
2476 3117 2624 3172 είποι
2655 3120 2751 3172 καὶ
2780 3121 2920 3173 κατά
2961 3122 3055 3176 τὸν
3098 3102 3526 3194 ἀρῤαϐὦναντῆς
3551 3122 3770 3192 ἀφθαρ-

488 3193 1034 3265 incorruptibilitatis
1053 3196 1166 3266 jam
1196 3212 1399 3268 corpus
1431 3198 1638 3255 habere
1668 3201 1835 3257 Verbi
1882 3202 2071 3257 incor-

2181 3209 2302 3272 σίας
2356 3211 2456 3282 ῆδη
2513 3211 2660 3279 ἔχειν
2703 3212 2804 3282 τὴν
2854 3213 2950 3265 τοῦ
3008 3186 3187 3284 Λόγου
3240 3186 3577 3287 ἀφθαρσίαν,
3600 3186 3668 3269 δι’
3697 3186 3769 3287 ῆν

488 3286 938 3357 ruplibilitatem,
976 3296 1206 3357 propter
1238 3304 1429 3358 quam,
1465 3291 1596 3345 licet
1633 3300 1891 3348 naturam
1937 3310 2067 3349 cor-

488 3379 811 3450 ruptibilem
871 3378 1125 3445 haberet,
1172 3396 1283 3435 non
1342 3391 1429 3436 est
1471 3384 1805 3453 permissum
1848 3395 1909 3441 ut
1944 3403 2071 3442 cor-

488 3480 875 3542 rumperetur;
940 3486 1053 3525 non
1116 3473 1468 3529 contendam.
1521 3474 1677 3542 Quod
1728 3486 1912 3533 autem
1956 3479 2075 3534 hac

486 3576 619 3616 vera
645 3571 796 3627 sunt,
820 3561 1136 3616 testimonia
1159 3563 1409 3634 subjecta
1463 3563 1927 3622 demonstrabunt
1951 3584 2073 3638 quae

486 3666 599 3706 non
650 3651 1002 3706 inarticulate
1047 3661 1105 3706 et
1148 3653 1399 3721 confuse,
1436 3654 1534 3709 sed
1583 3656 1743 3710 valde
1781 3659 2071 3729 perspicue

484 3748 544 3794 et
592 3741 884 3809 explanate
932 3739 1280 3811 distinguunt
1329 3743 1492 3799 nobis
1534 3753 1814 3815 tempora,
1866 3750 2069 3819 quibus

485 3831 751 3885 dixerunt
786 3846 991 3900 corpus
1020 3831 1229 3886 Christi
1255 3831 1428 3888 fuisse
1465 3836 1729 3904 passibile
1758 3847 1817 3892 et
1869 3854 2067 3895 corru-

487 3923 684 3996 ptibile
706 3939 721 3988 ;
744 3933 800 3977 et
822 3923 968 3992 quod
986 3934 1113 3994 post
1147 3925 1611 3981 resurrectionem
1642 3926 1865 3983 divitias
1891 3931 2075 3986 incor-

484 4015 872 4085 ruptibilitatis
905 4030 962 4070 re
989 4024 1047 4072 et
1079 4016 1306 4071 nomine
1357 4017 1415 4071 in
1447 4018 1571 4087 ipso
1601 4023 2065 4090 comparavimns.

555 4338 741 4393 Sancti
771 4340 1036 4394 Ambrosii
1078 4356 1142 4395 ea:
1175 4340 1309 4396 libro
1347 4342 1547 4397 Contra
1570 4344 1990 4416 Apollinarium.

2178 3302 2383 3372 καίπερ
2424 3302 2589 3372 φύσιν
2622 3305 2747 3374 ἔχον
2785 3305 3004 3378 φθαρτή
3044 3347 3060 3373 ,
3085 3308 3363 3380 φθαρῆναι
3394 3309 3495 3362 οὐκ
3529 3312 3768 3380 ἐπετρά-

2178 3411 2278 3463 πη,
2332 3394 2394 3447 οὐ
2442 3394 2802 3468 διαφέρομαι.
2844 3396 2932 3462 Ὠς
2980 3398 3039 3453 δέ
3078 3402 3186 3454 είσι
3230 3400 3407 3454 ταῦτα
3458 3401 3656 3472 ἀληθῆ,
3708 3402 3765 3455 αξ

2179 3485 2817 3557 ὐποτεταγμέναιαύτῶν
2845 3490 3081 3556 δείξουσι
3101 3494 3424 3565 μαρτυρίαι,
3447 3494 3547 3547 οὐκ
3574 3494 3767 3565 ἀδιαρ-

2178 3576 2403 3647 θρώτως
2441 3582 2562 3633 οὐδὲ
2592 3586 3042 3655 συγκεχυμένως,
3080 3586 3218 3640 ἀλλά
3247 3588 3343 3642 καὶ
3380 3587 3530 3658 μάλα
3570 3588 3764 3659 σαφῶς

2175 3686 2237 3721 τε
2265 3670 2360 3723 καὶ
2403 3675 2836 3744 τετρανωμένως
2864 3677 3270 3750 διευκρινοῢσαι
3304 3682 3436 3750 ἡμῖν
3469 3681 3598 3746 τοὺς
3623 3683 3761 3753 χρό-

2173 3778 2303 3826 νους
2350 3765 2473 3817 καθ’
2499 3767 2597 3831 οὓς
2646 3769 2893 3840 παθητόν
2932 3787 2993 3823 τε
3036 3771 3133 3825 καὶ
3163 3773 3404 3845 φθαρτὸν
3428 3774 3761 3845 γεγενῆσθαι

2173 3847 2331 3906 εἷπον
2364 3855 2425 3907 τὸ
2476 3857 2638 3928 σῶμα
2674 3858 2768 3914 τοῦ
2817 3860 3025 3932 Κυρίου
3047 3877 3063 3894 ο
3088 3864 3183 3917 καὶ
3212 3864 3288 3927 ὡς
3320 3866 3458 3936 μετὰ
3498 3868 3598 3937 τὴν
3626 3868 3762 3921 ἀνά-

2180 3960 2372 3999 στασιν
2412 3947 2476 4001 τὸ
2520 3950 2623 4019 τῆς
2676 3952 2991 4023 ἀφθαρσίας
3038 3957 3643 4031 καταπεπλουτήκαμεν
3697 3962 3760 4013 ἐν

2174 4036 2324 4108 αὑτῷ
2359 4040 2548 4111 χρῆμα
2586 4043 2682 4096 καὶ
2709 4043 2900 4115 ὄνομα.

2176 4360 2288 4416 Τοῦ
2299 4364 2477 4418 ὁσίου
2492 4364 2852 4435 Ἀμϐροσίου
2868 4369 2937 4422 ἐκ
2960 4369 3069 4424 τοῦ
3081 4372 3245 4426 Κατὰ
3276 4374 3754 4444 Ἀπολλιναρίου.

555 4452 611 4506 Si
635 4467 745 4506 non
775 4453 1029 4524 agnoscis
1062 4453 1213 4523 quod
1281 4454 1545 4524 passibile
1576 4466 1684 4517 est.
1742 4457 2069 4519 destruxisti

2243 4478 2308 4531 Εἰ
2341 4480 2615 4552 μηδαμῶς
2650 4485 3045 4553 ἐπιγινώσκεις
3071 4488 3132 4542 τὸ
3153 4489 3425 4561 παθητὸν,
3450 4492 3758 4548 ἀνεσκεύα-

484 4546 750 4619 pietatem
771 4563 899 4618 erga
931 4546 1246 4612 Dominum,
1274 4549 1582 4603 etsalutem
1628 4558 1776 4605 tuam
1815 4556 2061 4624 negasti:

486 4637 633 4691 unde
660 4637 989 4705 insipientes
1014 4637 1117 4692 hos
1144 4638 1463 4693 existimare
1496 4650 1746 4710 oportet.

625 4747 815 4819 Cyrilli
839 4748 1194 4804 Alexandrini
1232 4757 1455 4805 extomo
1489 4753 1545 4806 in
1586 4753 1921 4813 Mattluzum.

553 4924 842 4991 Quomodo
910 4922 1078 4994 igitur
1108 4936 1362 4981 mortuus
1405 4935 1554 4982 esset
1617 4927 1969 4998 immortalis,
2003 4940 2065 4987 ut

483 5024 799 5085 resurgeret
820 5025 876 5069 et
904 5021 1082 5070 morte
1106 5015 1351 5072 alliceret
1411 5028 1671 5085 mortem,
1713 5021 1759 5075 si
1813 5038 1924 5078 non
1979 5040 2065 5079 as-

483 5108 811 5177 sumpsisset
845 5122 1050 5177 corpus
1080 5108 1299 5179 legibus
1331 5110 1531 5166 mortis
1561 5110 1910 5182 subjectum?
1954 5116 2065 5171 Aut

480 5199 763 5270 quomodo
791 5200 1139 5256 dissolvisset
1162 5202 1581 5273 corruptionem
1630 5213 1825 5274 erepto
1867 5222 1935 5260 ex
1966 5221 2064 5275 ge-

480 5310 615 5350 nere
646 5294 909 5359 humano,
932 5295 1081 5365 quod
1111 5296 1217 5350 sub
1263 5296 1380 5367 ipsa
1438 5297 1673 5368 degebat
1720 5308 1777 5353 et
1822 5300 2059 5370 jacebat,

482 5384 590 5439 nisi
623 5399 825 5454 corpus
870 5384 1193 5455 accepisset,
1242 5395 1442 5443 natura
1495 5386 1881 5459 corruptibile,
1917 5397 1971 5445 et
2005 5388 2061 5443 in

483 5476 764 5547 propriam
799 5477 967 5530 vitam
994 5476 1322 5532 formasset?

694 5590 946 5661 Ejusdem
977 5607 1042 5646 ea:
1061 5599 1201 5646 temo
1232 5576 1467 5666 epistola:
1490 5596 1559 5648 ad
1581 5594 1848 5652 Hebraeos.

554 5770 810 5827 Permisit
839 5770 1084 5843 quidem,
1123 5781 1184 5827 ut
1214 5788 1417 5844 corpus
1446 5791 1607 5831 suum
1635 5785 1868 5831 mortem
1902 5787 2059 5848 pate-

2167 4584 2267 4632 σας
2309 4570 2405 4623 τοῦ
2453 4576 2732 4627 Δεσπότου
2787 4577 2849 4629 τὸ
2882 4578 3130 4643 εὐσεϐὲς,
3176 4581 3271 4633 καὶ
3304 4583 3405 4653 τὴν
3446 4582 3549 4654 σὴν
3579 4602 3759 4656 σωτη-

2165 4660 2289 4731 ρίαν
2316 4662 2570 4733 ήρνήσω’
2607 4665 2733 4719 ὅθεν
2758 4666 3001 4738 ἄφρονας
3034 4670 3116 4724 δεῖ
3140 4671 3366 4736 τούτους
3392 4675 3588 4743 ήγεῐσθ
3634 4694 3675 4731 ι.

2164 4773 2470 4843 Κυρίλλου
2522 4776 2863 4850 ἐπισκόπου
2912 4780 3363 4850 Ἀλεξανδρείας
3411 4785 3481 4839 ἐκ
3531 4787 3643 4843 τοῦ
3701 4798 3756 4843 α’

2483 4847 2668 4916 τόμου
2698 4847 2807 4901 τοῦ
2837 4850 2925 4916 εἰς
2956 4851 3063 4905 τὸν
3090 4847 3417 4910 Μαὶθαῖον.

2237 4956 2361 5020 Πῶς
2400 4953 2493 5011 οὖν
2524 4960 2819 5026 ἀπέθανεν,
2849 4963 3121 5029 ἀθάνατος
3144 4965 3241 5031 ὢν,
3274 4967 3362 5021 ἵνα
3396 4970 3491 5023 καὶ
3520 4971 3752 5042 ἐγερθῇ,

2164 5048 2262 5101 καὶ
2295 5047 2550 5123 νεκρὼσῃ
2573 5051 2663 5104 τὸν
2693 5052 2947 5122 θάνατον,
2981 5056 3029 5108 εί
3055 5056 3131 5125 μὴ
3161 5058 3468 5126 προσέλαϐε
3501 5060 3663 5130 σῶμα
3692 5064 3755 5115 τὸ

2162 5143 2281 5203 τοῖς
2314 5141 2411 5194 τοῦ
2457 5142 2697 5198 θανάτου
2755 5147 3122 5219 ὑποκείμενον
3171 5150 3397 5218 νόμοις;
3437 5152 3469 5223 ἢ
3507 5153 3626 5217 πῶς
3683 5152 3753 5207 ἂν

2164 5231 2432 5287 κατέλυσε
2482 5237 2585 5306 τὴν
2633 5238 2862 5308 φθορὰν,
2915 5240 3115 5313 ἐξελὼν
3151 5243 3319 5314 αὐτῆς
3369 5244 3431 5298 τὸ
3476 5245 3568 5298 ὐπ’
3607 5247 3749 5318 αὐτῇ

2164 5325 2403 5392 πρᾶττον
2431 5343 2492 5379 τε
2524 5328 2619 5382 καὶ
2651 5333 2905 5401 κείμενον
2934 5333 3113 5401 γένος,
3144 5335 3193 5387 εί
3226 5336 3304 5406 μή
3322 5336 3484 5391 ἔλαϐε
3510 5339 3573 5391 τὸ
3599 5338 3754 5408 φθεί-

2167 5415 2351 5487 ρεσθαι
2376 5420 2644 5489 πεφυκὸς,
2667 5423 2762 5475 καὶ⁵
2794 5425 2876 5489 είς
2910 5425 3047 5479 ἰδίαν
3080 5428 3372 5497 ἐμόρφωσε
3408 5431 3583 5503 (eripi;

2168 5596 2279 5651 Τοῦ
2315 5599 2507 5653 αὑτοῦ
2532 5600 2602 5654 ἐκ
2629 5600 2735 5655 τοῦ
2761 5602 3081 5727 τόιιουλτῇς
3111 5605 3262 5673 πρὸς
3294 5607 3598 5676 Ἑϐραίους
3621 5610 3749 5665 ἐπι-

2827 5690 2939 5727 στο
2986 5692 3082 5727 nc.

2827 5690 3082 5742 στολης.

2248 5780 2450 5853 Ἒφῆκε
2484 5782 2587 5854 μὲν
2609 5784 2719 5856 γάρ
2750 5785 2811 5839 τὸ
2853 5786 2984 5841 ῐδιον
3017 5786 3177 5859 σῶμα
3210 5788 3407 5845 παθεῖν
3447 5791 3539 5849 τὸν
3579 5792 3746 5848 θάνα-
