4120 6480
403 383 544 452 1357
1332 390 1500 450 ADV.
1542 388 2252 451 INCORRUPTICOLAS
2290 391 2385 452 ET
2426 391 2743 453 NESTOR.
3527 402 3668 470 1353

399 520 496 556 τον
542 498 928 570 οἰκονομικῶς,
978 499 1066 553 ἵνα
1105 499 1198 553 καὶ
1249 497 1461 568 νεκρῶν
1503 498 1600 552 καὶ
1631 497 1850 562 ζώντων
1880 517 1972 554 κυ-

2081 510 2236 556 retur
2273 501 2634 570 (nconomice,
2666 513 2732 558 ut
2761 514 3106 564 mortuorum
3129 518 3186 566 et
3216 512 3468 570 vivorum
3492 517 3670 576 domi-

403 591 622 668 ριεύσῃ.
670 590 891 660 Ἐπειδὴ
923 590 981 644 δὲ
1019 589 1180 662 σῶμα
1208 588 1357 659 ζωῆς
1385 587 1589 643 ἀνεϐίω
1612 590 1972 660 παραχρῆμα¹

2087 603 2337 648 naretur.
2394 593 2532 660 Quia
2589 611 2722 651 vero
2775 611 2980 668 corpus
3040 602 3170 658 vitae
3219 606 3408 660 statim
3464 610 3669 666 revixit

401 681 694 753 νενικηκὸς
728 680 830 752 τὴν
859 680 1088 752 φθορὰν,
1118 678 1230 733 τῶν
1249 677 1392 733 οὕτω
1408 677 1624 732 σεπτῶν
1652 679 1751 748 τὴν
1781 678 1972 752 κατόρ-

2088 695 2348 755 superata
2390 687 2773 757 corruptione,
2821 692 2970 761 quod
3017 692 3134 749 haec
3183 705 3293 751 tam
3350 703 3667 758 veneranda

403 775 570 831 θωσιν
597 775 660 827 οὐ
694 773 854 844 φύσει
900 774 1125 844 σαρκὸς,
1149 772 1288 827 ἀλλὰ
1333 775 1399 844 τῇ
1429 771 1524 826 τοῦ
1546 771 1722 840 Λόγου
1751 771 1972 843 δυνάμει

2087 776 2419 847 perfecerit;
2476 777 2522 833 si
2568 795 2679 834 non
2730 792 2943 838 naturae
2998 786 3205 854 carnis,
3253 789 3350 844 sed
3405 793 3668 860 potentiae

403 865 832 938 προσνέμοντες,
861 864 1269 937 εὖσεϐήσωμεν.

2092 867 2256 922 Verbi
2303 868 2633 934 tribuamus,
2669 871 2744 942 pii
2796 874 3028 930 erimus.

473 1024 612 1080 Cum
649 1023 766 1078 haec
813 1021 885 1075 ab
928 1019 1244 1076 illustribus
1279 1020 1539 1075 Ecclesiae
1585 1021 1840 1076 Patribus
1875 1039 1986 1078 uno
2084 1024 2360 1078 nullorum
2387 1033 2443 1078 et
2471 1040 2646 1095 pauca
2679 1025 2736 1082 in
2766 1029 3008 1084 medium
3029 1032 3378 1103 aﬂ‘erremus,
3407 1055 3526 1108 quae
3547 1039 3664 1096 for-

403 1129 682 1169 consensu
714 1112 861 1168 dicta
911 1112 1044 1179 sint,
1093 1112 1451 1182 reperiuntur
1488 1112 1739 1182 profecto
1789 1113 1985 1168 eodem
2083 1131 2227 1169 mam
2264 1123 2322 1171 et
2360 1118 2606 1186 regulam
2654 1120 2906 1177 veritatis
2952 1139 3074 1193 qua:
3125 1125 3180 1179 in
3225 1126 3360 1197 ipsis
3408 1131 3666 1187 omnibus

402 1206 607 1277 spiritu
631 1205 780 1275 pleni
803 1204 998 1270 fuisse,
1016 1205 1209 1260 eadem
1233 1203 1460 1259 omnino
1478 1202 1518 1258 ii
1540 1202 1642 1271 ipsi
1661 1203 1983 1259 sentientes.
2081 1206 2207 1270 fuit,
2245 1207 2621 1265 continerent.
2657 1210 2950 1269 llominem
2995 1216 3335 1273 laboriosum
3367 1219 3435 1274 ad
3467 1237 3662 1278 eorum

403 1297 670 1352 Volebam
693 1296 977 1366 equidem,
1001 1296 1046 1351 si
1071 1295 1191 1350 fieri
1216 1294 1510 1366 potuisset,
1531 1294 1715 1349 omnia
1733 1295 1982 1350 omnium
2087 1298 2335 1369 integros
2369 1299 2543 1356 libros
2573 1305 3024 1371 transmittimus,
3054 1308 3108 1362 in
3133 1309 3338 1378 quibus
3365 1313 3512 1382 quod
3539 1330 3667 1384 per-

406 1389 725 1444 testimonia
754 1389 1065 1459 subjicere:
1100 1386 1199 1442 sed
1236 1402 1304 1441 ne
1334 1387 1508 1440 lector
1537 1395 1760 1456 propter
1791 1387 1982 1441 mulli-
2087 1388 2290 1443 fectum
2315 1401 2371 1445 et
2396 1391 2648 1446 limatum
2672 1403 2775 1460 cst,
2808 1398 2980 1468 magis
2997 1414 3161 1469 quam
3187 1399 3240 1455 in
3268 1403 3473 1458 nostris
3503 1405 3665 1460 libris

403 1481 654 1537 tudinem
703 1489 1064 1537 cunctaretur
1114 1480 1320 1550 legere,
1357 1477 1697 1540 studuimus,
1731 1487 1791 1532 nt
1837 1494 1978 1531 non-
2087 1482 2359 1550 reperiet.‘

1730 1695 3653 1731 ...α-...Μ

1744 1876 2112 1962 ΛΟΓΟΣ
2185 1865 2295 1962 1"-

470 2080 660 2134 ΚΑΤΑ
720 2077 1368 2132 ΑΦΘΑΡΤΟΔΟΚΗΤΩΝ
1423 2077 1559 2129 ΤΗΣ
1608 2079 2030 2134 ΑΠΟΡΡΗΤΟΥ
2091 2082 2210 2137 ΚΑΙ
2271 2084 2876 2140 ΔΡΧΟΕΙΔΕΣΤΕΡΑΣ
2917 2087 3055 2142 ΤΩΝ
3103 2088 3586 2146 ΝΕΣΤΟΡΙΔΝΩΝ

923 2169 1273 2237 ΑΣΕΒΕΙΑΣ,
1329 2169 1449 2222 ΚΑΙ
1498 2169 1634 2224 ΤΩΝ
1688 2171 1966 2225 ΤΑΥΤΗΣ
2010 2173 2333 2228 ΠΑΤΕΡΩΝ
2375 2176 2549 2227 ΦΩΡΛ
2596 2176 2715 2228 ΚΑΙ
2759 2176 3124 2233 ΘΡΙΑΜΒΟΣ.

1997 2363 2069 2374 .——

1718 2529 2074 2620 LIBER
2155 2532 2348 2620 III.

522 2757 920 2820 ADVERSUS
983 2755 1715 2827 INCORRUPTICOLAS,
1777 2753 1913 2825 QUI
1975 2753 2336 2815 ARCANAM
2390 2752 2486 2813 ET
2545 2753 3074 2814 PRIMIGENIAM
3129 2755 3540 2816 NESTORIA-

1346 2850 1617 2910 NORUM
1667 2846 2141 2908 IMPIETATEM
2190 2846 2676 2920 SECTANTUR,

936 2943 1030 3001 ET
1068 2943 1164 3003 DE
1222 2943 1371 3002 HAC
1407 2941 1664 3001 EADEM
1717 2939 2022 3000 H/ERESI
2054 2937 2485 3010 INQUISITIO
2515 2939 2610 2998 ET
2646 2939 3123 2998 TRIUMPIIUS.

1443 3099 1598 3169 (Asc.
1631 3096 1754 3162 MAI,
1785 3094 2031 3164 Spicileg.
2067 3093 2216 3146 Rom.
2249 3100 2288 3147 t.
2319 3091 2389 3160 Χ,
2417 3107 2472 3162 p.
2498 3091 2622 3161 66!)

466 3428 662 3495 Τριτον
700 3428 795 3482 ἐπὶ
832 3431 944 3494 τοῖς
989 3429 1328 3502 προλαϐοῧσὶ
1361 3447 1454 3502 μοι
1487 3429 1608 3482 δυσὶ
1641 3429 1818 3498 λόγοις
1851 3446 1972 3482 του-

2145 3429 2515 3500 Aggressurus
2531 3431 2829 3503 adjungere
2863 3433 3012 3488 hunc
3042 3434 3486 3492 tertiumlibrum
3513 3438 3652 3494 duo-

394 3521 516 3576 τονὶ
568 3521 878 3576 συντάττων
927 3521 987 3576 τό
1027 3539 1088 3576 τε
1142 3522 1264 3593 Θεῷ
1322 3521 1704 3594 χαριστήριον,
1739 3520 1973 3574 καὶτῶν

395 3614 612 3669 ἀσεϐῶν
639 3615 843 3687 στήλην
873 3616 969 3670 καὶ
1000 3615 1294 3687 θρίαμϐον,
1327 3615 1600 3686 εὐξαίμην
1633 3614 1702 3669 ἂν
1735 3615 1829 3670 τὸν
1857 3615 1972 3668 K25-

396 3720 516 3772 ριον
564 3707 823 3775 παρεῖναι
879 3704 975 3757 καὶ
1023 3704 1118 3758 νῦν
1158 3705 1292 3776 ἡμῖν
1343 3705 1562 3777 ἀρωγὸν
1593 3705 1692 3776 τῆς
1739 3705 1971 3773 ἐννοίας,

395 3794 492 3846 καὶ
525 3793 670 3866 λόγῳ
700 3795 791 3848 τὸν
821 3794 979 3864 λόγον
1006 3797 1039 3867 ἡ
1049 3795 1166 3867 μῶν
1196 3796 1526 3851 κατευθῦναι
1566 3797 1626 3850 ὲν
1659 3797 1976 3868 Πνευματοο

395 3884 602 3956 κινήτῳ
634 3885 843 3956 χάριτι.
871 3887 934 3939 Εἰ
957 3887 1065 3956 γὰρ
1093 3888 1158 3940 ἐκ
1187 3887 1326 3942 Θεοῦ
1356 3885 1737 3960 βοηθούμενοι,
1769 3887 1879 3942 τῶν
1913 3905 1974 3942 τε

393 3975 573 4030 ἄλλων
622 3977 866 4041 πάντων,
902 3977 996 4030 καὶ
1027 3977 1126 4048 τῆς
1190 3979 1248 4031 ὲν
1299 3979 1488 4050 χερσὶν
1519 3979 1829 4042 ὑποθέσεως
1875 3980 1972 4048 ἐφ-

393 4069 672 4142 αψόμεθα,
701 4071 838 4141 ἡμῖν
856 4088 914 4124 τε
946 4071 1098 4124 ἔσται
1128 4071 1321 4142 μισθὸς
1339 4070 1632 4141 αὐτοτελὴς
1661 4071 1770 4124 τῶν
1797 4071 1974 4125 πόνων

396 4165 430 4235 ὴ
476 4163 788 4234 συμμαχεα,
822 4166 940 4227 τοῖς
971 4181 1030 4216 τε
1064 4163 1204 4235 ὑπὲρ
1238 4155 1314 4219 ὧν
1347 4165 1443 4218 καὶ
1475 4163 1543 4218 δι’
1583 4163 1679 4228 οὓς
1715 4165 1765 4217 οἱ
1803 4164 1974 4233 λόγοι,

393 4255 665 4325 ὠφελείας
703 4257 989 4327 ἐνέχυρον,
1017 4258 1065 4310 εἰ
1091 4257 1188 4310 καὶ
1215 4256 1290 4328 μὴ
1328 4260 1395 4328 τῇ
1434 4256 1587 4326 ἀξία,
1615 4260 1682 4330 τῇ
1716 4274 1781 4326 γε
1817 4257 1976 4313 δυνάο

397 4364 491 4418 μει
518 4347 1046 4420 παραμετρούμενον
1065 4362 1078 4376 ⁶
1117 4350 1249 4420 ἡμῖν
1275 4348 1335 4402 δὲ
1371 4348 1470 4402 καὶ
1502 4348 1678 4413 ἄλλως
1714 4349 1973 4420 ἀφοσιοῦ-

392 4457 487 4493 ται
523 4439 593 4493 τά
623 4437 742 4492 νῦν.
775 4439 1013 4494 Παλαιὸν
1044 4440 1153 4511 γὰρ
1184 4439 1343 4512 χρέος
1372 4439 1720 4512 εἰσφέρομεν,
1756 4441 1975 4495 πάντων

395 4528 575 4601 χρεῶν
607 4531 688 4594 εἰς
719 4529 929 4584 ἔκτισιν
955 4529 1320 4584 δικαιότατον.
1365 4531 1542 4585 Πάλαι
1573 4531 1674 4601 μὲν
1714 4531 1976 4602 ἀποδοθῆ-

393 4637 484 4675 ναι
514 4621 894 4692 ὀφειλόμενον,
931 4621 1021 4675 διὰ
1051 4621 1110 4674 δὲ
1140 4621 1345 4693 πολλὴν
1383 4623 1479 4678 καὶ
1506 4621 1729 4694 μακρὰν
1759 4623 1972 4689 πενίαν,

394 4711 494 4766 νῦν
527 4713 622 4768 καὶ
658 4713 836 4786 μόλις,
868 4714 964 4769 καὶ
987 4712 1085 4783 οὐχ
1103 4714 1228 4767 ὅσον
1261 4713 1412 4780 ἄξιον
1441 4713 1784 4768 ὲκτίννυσθαι
1809 4712 1977 4785 ἀρχόο

399 4820 581 4874 μενον.

468 4981 605 5035 Καθ’
639 4973 714 5034 ὧν
757 4981 867 5052 γὰρ
893 4981 1113 5052 ξστήλην
1152 4982 1363 5052 ἐγεῖραι
1395 4979 1472 5049 τῷ
1501 4978 1634 5050 ,Θεῷ
1669 4979 1798 5050 ἄρτι
1837 4993 1972 5048 προ-

392 5073 633 5144 ῄρημαι,
665 5071 936 5143 θρίαμϐον
967 5089 1026 5124 τε
1048 5073 1234 5136 αὐτοῖς
1258 5071 1607 5142 περιστῆσαι,
1643 5068 1840 5140 μηκέτι
1868 5067 1969 5138 τὴν

393 5163 652 5219 ἀσέϐειαν
689 5167 748 5219 ὲν
787 5164 1021 5236 κρυπτῷ
1059 5164 1505 5235 ταμιευομένοις,
1533 5163 1628 5216 καὶ
1663 5161 1744 5233 τῷ
1774 5162 1970 5232 ἀφανεῖ

395 5256 492 5309 καὶ
523 5255 788 5328 ἀγνώστῳ
817 5254 1048 5319 πολλοὺς
1083 5254 1455 5320 δελεάζοντας,
1501 5253 1638 5307 ἀλλὰ
1684 5251 1970 5325 πόρρωθεν

395 5347 782 5417 φαινομένους,
812 5349 907 5402 καὶ
942 5347 1114 5418 ταύτῃ
1161 5346 1481 5416 γινομένους
1522 5343 1792 5414 φευκτοὺς
1835 5343 1971 5395 ἀπο-

396 5440 717 5510 τροπαίους,
768 5435 838 5513 ἦν
885 5440 975 5494 ὅτε
1029 5437 1124 5492 καὶ
1170 5438 1332 5500 αὐτὸς
1358 5435 1606 5506 ὑπῆρχον
1642 5433 1736 5487 τοῦ
1781 5433 1970 5486 θιάσου

399 5530 590 5602 μέρος.
619 5531 758 5585 Νέον
792 5531 902 5600 γὰρ
950 5529 1074 5584 τότε
1124 5528 1254 5582 ὄντα
1304 5544 1392 5598 με,
1430 5527 1520 5580 τόν
1547 5543 1605 5579 τε
1637 5525 1827 5597 χρόνον
1875 5523 1972 5578 καὶ

394 5619 491 5678 τὸν
510 5621 770 5694 λογισμὸν
797 5621 1166 5696 ἡρπάκεισαν,
1193 5619 1345 5674 οὐδὲν
1366 5619 1449 5674 ὅτι
1483 5617 1557 5689 μὴ
1587 5615 1696 5670 τῶν
1723 5616 1822 5686 τῆς
1869 5631 1969 5668 κα-

398 5713 528 5779 κίας
583 5716 832 5788 ὀργάνων
879 5718 960 5780 εἰς
1010 5715 1170 5774 τοῦτο
1220 5713 1577 5784 κινήσαντες·
1635 5708 1973 5781 προθέμενον

397 5805 511 5879 γάρ
533 5806 634 5880 τὴν
656 5807 763 5863 τῶν
802 5807 1090 5881 δογμάτων
1119 5805 1430 5880 ἀκρίϐειαν,
1461 5798 1534 5860 ὧν
1559 5799 1748 5870 ἐπειδὴ
1771 5797 1974 5868 γευσά-

2075 3520 2180 3576 bus
2218 3522 2356 3578 meis
2389 3523 2774 3595 superioribus
2804 3533 2922 3580 tum
2948 3525 3004 3581 in
3039 3527 3339 3597 gratiarum
3379 3529 3652 3587 actionem

2074 3612 2207 3678 Deo,
2238 3622 2357 3669 tum
2383 3613 2436 3670 in
2471 3615 2812 3686 triumphum
2843 3617 2912 3673 de
2947 3617 3134 3688 impiis
3159 3628 3212 3675 et
3240 3618 3311 3674 ad
3338 3635 3530 3675 eorum
3569 3622 3653 3676 vi-

2077 3706 2518 3774 tuperationem;
2560 3708 2829 3778 precabor
2858 3709 3177 3776 Dominum,
3206 3718 3270 3764 ut
3301 3711 3469 3766 etiam
3505 3728 3656 3768 nunc

2074 3793 2224 3848 adsit
2275 3795 2439 3851 nobis
2492 3796 2714 3868 adjutor
2765 3798 3164 3870 intelligentiae,
3220 3809 3278 3856 et
3331 3801 3505 3856 verbo
3549 3818 3655 3858 suo

2073 3887 2312 3944 verbum
2350 3899 2602 3946 nostrum
2643 3891 2820 3962 gratia
2859 3891 3100 3962 Spiritus
3133 3893 3309 3949 sancti
3341 3893 3522 3950 afflata
3569 3895 3656 3950 di-

2076 3975 2237 4046 rigat.
2264 3977 2319 4032 Si
2347 3981 2519 4045 enim,
2539 3980 2836 4051 adiuvante
2865 3996 2967 4037 nos
2999 3982 3133 4049 Deo,
3163 3991 3278 4036 tum
3306 3983 3412 4039 alia
3443 3985 3650 4048 omnia,

2079 4075 2194 4122 tum
2240 4069 2348 4125 hoc
2380 4071 2528 4140 quod
2575 4071 2632 4126 in
2673 4071 2934 4126 manibus
2967 4081 3074 4138 est,
3125 4072 3547 4142 aggrediemur;
3597 4083 3655 4130 ct

2077 4159 2240 4215 nobis
2287 4161 2397 4216 erit
2437 4162 2652 4232 integra
2689 4177 2903 4218 merces
2945 4163 3123 4233 ipsum
3154 4163 3531 4234 adjumentum
3574 4166 3654 4220 la-

2075 4251 2263 4318 boris;
2293 4260 2349 4308 et
2381 4253 2450 4309 iis
2483 4265 2710 4324 propter
2745 4269 2886 4324 quos
2916 4254 3231 4322 scribimus,
3259 4264 3425 4311 erunt
3453 4257 3653 4328 pignus

2077 4344 2357 4408 utilitatis,
2396 4345 2441 4400 si
2473 4361 2584 4400 non
2635 4361 2736 4416 pro
2783 4346 3052 4417 dignitate
3104 4363 3286 4418 pares,
3323 4349 3515 4402 saltem
3551 4365 3652 4419 pro

2075 4433 2287 4489 viribus
2316 4435 2557 4490 nostris:
2593 4451 2696 4490 nos
2719 4445 2900 4490 autem
2919 4436 3082 4491 aliter
3099 4437 3267 4492 etiam
3290 4437 3345 4490 in
3359 4439 3652 4507 praesentia

2077 4539 2427 4580 excusamnr.
2463 4526 2636 4581 Vetus
2675 4515 3112 4582 enimidebitnm
3163 4526 3472 4592 atlerimus,
3502 4527 3650 4598 quod

2077 4625 2207 4672 ante
2235 4625 2434 4672 caetera
2461 4616 2646 4672 omnia
2677 4617 2864 4672 debita
2893 4619 3110 4673 solvere
3143 4619 3521 4689 :equissimum
3540 4629 3650 4675 est.

2074 4705 2231 4772 Quod
2261 4705 2485 4777 quidem
2517 4706 2630 4777 jam
2661 4706 2876 4776 pridem
2907 4707 3045 4762 solvi
3064 4707 3279 4773 'debuit,
3306 4708 3400 4763 sed
3426 4715 3653 4778 propter

1997 4788 2040 4846 C
2082 4813 2334 4869 magnam
2362 4796 2604 4867 inopiam
2628 4798 2718 4851 vix
2745 4812 2916 4865 nunc,
2941 4806 2998 4853 et
3015 4813 3149 4864 non,
3175 4806 3238 4852 ut
3259 4799 3485 4871 dignum
3509 4809 3648 4861 erat.

2073 4889 2213 4944 solvi
2244 4888 2432 4959 ccepit.

2143 4975 2416 5044 Quoniam
2444 4986 2637 5033 contra
2655 4993 2794 5050 quos
2818 4979 2986 5049 paulo
3004 4986 3132 5034 ante
3155 4978 3300 5033 volui
3338 4979 3652 5032 columnam

2073 5067 2188 5124 Deo
2214 5083 2443 5139 ponere,
2474 5075 2532 5123 et
2565 5069 2908 5139 triumphum
2939 5069 3008 5123 de
3036 5068 3174 5138 ipsis
3203 5082 3385 5138 agere,
3413 5067 3506 5136 qui
3541 5082 3650 5120 non

2074 5160 2313 5230 amplius
2345 5160 2686 5231 impietatem
2715 5160 2917 5224 celant,
2948 5160 3085 5215 etin
3116 5159 3305 5214 abdito
3329 5165 3572 5221 servant,
3597 5168 3654 5212 et

2075 5253 2280 5307 multos
2299 5253 2354 5307 in
2378 5251 2650 5308 fallaciam
2677 5252 3010 5306 occultando
3037 5250 3328 5314 inducunt,
3360 5249 3456 5303 sed
3486 5248 3654 5303 elon-

2077 5343 2284 5415 ginquo
2318 5351 2606 5414 apparent,
2643 5358 2711 5398 eo
2745 5343 2920 5413 magis
2954 5341 3200 5412 fugiendi
3235 5349 3291 5397 et
3325 5340 3648 5404 avertendi;

2079 5450 2146 5490 ex
2165 5436 2364 5489 horum
2385 5444 2532 5490 cmtu
2561 5443 2619 5490 et
2643 5449 2875 5489 numero
2899 5433 3196 5503 aliquando
3223 5432 3321 5487 fui.
3343 5431 3478 5488 Cum
3503 5433 3652 5486 enim

2079 5535 2210 5581 tunc
2239 5527 2563 5582 adolescens
2589 5541 2795 5589 essem,
2825 5536 2882 5581 et
2909 5535 3126 5596 tempus
3142 5535 3198 5580 et
3221 5525 3490 5580 rationem
3515 5526 3651 5580 mihi

2074 5615 2681 5687 subripuerunt,nullo
2731 5615 3101 5671 instrumento
3155 5614 3375 5670 malitiae
3425 5614 3492 5669 ad
3547 5615 3654 5671 hoc

2075 5723 2184 5764 non
2215 5707 2487 5763 adhibito.
2521 5707 2939 5779 Proposuerunt
2968 5705 3117 5762 enim
3148 5704 3464 5777 dogmatum
3493 5705 3654 5760 abso-

2071 5797 2372 5870 lutionem,
2407 5814 2528 5872 quae
2566 5814 2668 5872 ego
2702 5807 2994 5875 postquam
3029 5798 3135 5856 hoc
3173 5793 3424 5871 spe’cioso
3456 5798 3650 5864 verbo,
