4120 6448
487 359 627 425 1359

1764 360 2078 422 LEONTII
2116 359 2530 423 BYZANTINI

3630 376 3772 443 1360

485 488 748 547 tanquam
823 490 1042 531 summo
1105 474 1278 546 digito
1315 517 1328 540 ,
1383 475 1657 540 delibavi,
1710 475 1889 533 factus
1947 494 2062 532 sum

2186 493 2370 547 μενος,
2398 477 2559 532 τοῦτο
2592 478 2657 550 δὴ
2698 480 2759 533 τὸ
2788 481 2881 535 τοῦ
2910 483 3093 552 λόγου,
3127 486 3769 567 ἀκρῳδακτύλῳ,λίχνος

483 570 703 631 avidus,
724 577 779 623 et
804 577 863 622 ut
892 568 1076 622 animo
1107 576 1363 638 prompto
1393 568 1824 633 essem,nihilin
1856 585 1943 624 me
1975 569 2071 623 de-

484 661 791 716 sideratum
827 669 930 715 est.
980 660 1065 714 Illi
1120 675 1249 714 vero
1278 675 1365 713 me
1416 669 1681 729 tauquam
1731 677 1938 716 czeeum
1969 662 2071 716 ali-

484 752 643 822 cujus
669 752 772 806 vize
798 750 1062 820 cupidum
1090 751 1258 815 nacti,
1291 751 1474 805 conati
1502 761 1634 805 sunt
1662 752 1717 806 in
1741 752 2070 808 barathrum

484 843 785 913 impietatis
816 858 929 898 suae
953 842 1277 897 deturbare.
1306 842 1412 898 Sed
1453 844 1630 898 adfuit
1658 845 1797 899 mihi
1829 861 2069 916 superne

481 937 680 1008 gratia,
714 953 838 1007 qua:
866 952 953 991 me
985 952 1052 991 ex
1082 936 1282 991 mediis
1313 937 1580 992 dentibus
1611 939 1797 1008 rapuit
1823 940 1934 1009 jam
1969 955 2069 1010 pa-

482 1028 825 1084 ratissimum
873 1029 1098 1083 illorum
1137 1028 1449 1090 venationi.
1503 1038 1560 1084 et
1612 1029 2069 1084 ardentissimum

482 1120 705 1175 virtutis
733 1128 789 1174 et
810 1119 1274 1190 peregrinationis
1304 1128 1532 1189 propter
1558 1134 1678 1174 eam
1703 1120 2070 1189 suscipiendae

481 1213 827 1269 desiderium
878 1212 1014 1266 mihi
1051 1212 1260 1283 injecit.
1290 1212 1359 1267 Et
1391 1212 1672 1282 quomodo
1701 1212 1795 1283 qui
1834 1212 1941 1267 fuit
1972 1229 2071 1283 po-

480 1305 597 1375 puli
634 1304 929 1359 Israelitiei
964 1305 1019 1358 in
1051 1304 1349 1359 solitudine
1386 1305 1479 1358 illa
1523 1305 1745 1369 ductor,
1790 1322 1901 1360 non
1949 1312 2070 1360 erat

482 1397 952 1469 peregrinationis
988 1412 1122 1452 mea:
1149 1398 1373 1452 futurus
1402 1398 1625 1452 comes?
1673 1397 1777 1463 Qui
1828 1413 1915 1452 me
1955 1414 2065 1452 non

480 1488 639 1557 prius
671 1487 902 1551 dimisit,
930 1487 1107 1542 donec
1143 1488 1199 1541 in
1239 1503 1434 1541 manus
1465 1488 1782 1541 divinorum
1818 1490 2065 1543 virorum

484 1579 731 1643 tradidit,
767 1580 862 1649 qui
914 1594 1024 1633 non
1080 1580 1256 1634 solum
1296 1588 1464 1634 totam
1498 1580 1647 1634 illam
1678 1580 2063 1651 lippitudinem

480 1670 821 1740 depulerunt
867 1679 924 1725 et
980 1680 1383 1742 repurgarent,
1439 1672 1536 1727 sed
1590 1673 1813 1727 oculum
1865 1674 2066 1729 animm

480 1779 641 1819 sacro
688 1764 896 1818 lumine
953 1764 1331 1834 impleverunt
1383 1782 1450 1820 ex
1498 1765 1661 1820 libris
1710 1766 1916 1821 divinae
1974 1782 2065 1821 sa-

480 1857 703 1926 pientiae
746 1872 814 1911 ex
856 1856 1062 1927 quibus
1093 1856 1170 1910 illi
1204 1857 1491 1912 veritatem
1539 1865 1595 1912 et
1636 1858 1908 1928 reliquam
1951 1858 2065 1913 vir-
2097 1845 2137 1901 Β

478 1957 653 2003 tutem
710 1947 1046 2013 hauserant,
1095 1947 1301 2017 quibus
1351 1963 1504 2003 meas
1556 1948 1804 2004 actiones
1854 1957 1913 2004 et
1967 1964 2064 2005 co-

476 2044 756 2114 gnitiones
817 2050 1000 2096 castas
1063 2041 1392 2098 effecerunt.
1462 2042 1662 2097 Annon
1724 2044 1927 2097 merito
1974 2058 2064 2099 me

475 2138 733 2192 homines
778 2134 919 2206 grati
971 2142 1237 2190 extremae
1287 2134 1591 2205 impietatis
1626 2136 2062 2201 accusavissent,

476 2234 521 2288 si
554 2233 671 2286 haec
706 2230 932 2285 silentio
972 2228 1194 2299 penitus
1243 2229 1528 2299 praeterire
1578 2228 1921 2283 voluissem?

546 2318 702 2385 Quod
717 2326 899 2372 autem
919 2332 948 2370 a
964 2316 1257 2387 principio,
1284 2332 1351 2371 ex
1377 2317 1672 2386 quolucem
1692 2317 1827 2381 vidi,
1845 2326 1899 2372 et
1925 2317 2062 2373 mihi

478 2419 737 2480 aspectus
754 2410 893 2464 lucis
915 2424 1145 2463 munere
1173 2410 1269 2463 Dei
1298 2409 1549 2465 redditus
1572 2422 1678 2475 est,
1703 2426 1814 2464 non
1840 2425 2064 2479 compo-

478 2502 563 2556 sui
600 2502 906 2555 orationem
938 2501 991 2554 in
1026 2501 1331 2572 gratiarum
1363 2501 1635 2555 actionem
1660 2543 1675 2569 ,
1718 2511 1953 2557 excuset
1976 2518 2063 2557 me

478 2593 704 2664 quidem
760 2593 948 2657 Deus;
1006 2600 1235 2647 excuset
1283 2607 1417 2646 vero
1453 2593 1623 2647 etiam
1676 2595 2061 2663 unusquisque

477 2703 546 2741 ex
577 2686 646 2741 iis
666 2700 807 2753 quos
828 2685 974 2739 Deus
999 2684 1200 2755 diligit.
1225 2684 1345 2740 Non
1366 2685 1514 2739 enim
1542 2694 1769 2755 propter
1791 2687 2061 2757 ingratam

478 2777 828 2839 memoriam,
851 2776 947 2831 sed
972 2792 1041 2830 ne
1064 2792 1130 2831 ex
1152 2776 1454 2847 gratiarum
1470 2778 1689 2833 actione
1712 2778 2061 2835 occasionem

476 2884 842 2940 {improperae
857 2876 913 2922 et
928 2868 1231 2938 petulantis
1245 2868 1567 2938 scriptionis
1587 2869 1889 2940 sumpsisse
1908 2870 2064 2926 vide-

476 2975 593 3024 rer,
627 2958 936 3013 orationem
966 2957 1236 3012 continui.
1272 2957 1433 3012 Nunc
1476 2965 1663 3013 autem
1714 2968 1843 3014 nata
1895 2975 2065 3016 causa

470 3053 641 3123 justa,
688 3067 810 3121 qu.e
870 3050 1135 3105 excitavit
1186 3057 1242 3105 et
1272 3050 1554 3105 conticere
1608 3066 1720 3106 non
1767 3052 2057 3122 permittit,

474 3143 663 3198 studui
700 3154 758 3197 ut
788 3149 845 3197 et
876 3141 1066 3197 debito
1096 3150 1152 3195 et
1188 3140 1468 3196 desiderio
1512 3142 1913 3199 satisfacerem.
1949 3144 2058 3199 Ero

473 3242 656 3318 autem
687 3231 911 3303 majoris
956 3231 1301 3287 auctoritatis
1356 3247 1468 3301 pra:
1513 3232 1774 3287 omnibus
1825 3242 1939 3287 tum
1988 3234 2055 3288 ad
2084 3202 2126 3261 C

473 3327 785 3382 faciendam
833 3324 999 3378 fidem
1051 3340 1247 3379 eorum
1296 3339 1420 3393 quae
1467 3324 1702 3379 dicenda
1751 3333 1900 3389 sunt,
1940 3335 2055 3380 tum

473 3419 542 3473 ad
588 3416 965 3475 cohibendum
1013 3415 1228 3484 pudore
1276 3414 1498 3485 impios,
1551 3415 1595 3469 si
1654 3415 1796 3470 forte
1848 3416 2054 3470 velint:

471 3509 817 3581 experientia
870 3509 1054 3573 enim,
1104 3514 1166 3561 ut
1212 3506 1390 3571 aiunt,
1448 3506 1661 3561 firmior
1707 3516 1793 3562 est
1846 3508 2053 3565 verbis.

472 3602 633 3657 Adsit
662 3601 919 3657 Christus
947 3599 1103 3654 testis
1129 3609 1185 3655 et
1218 3600 1383 3654 Pater
1405 3600 1545 3669 ejus,
1580 3614 1690 3654 non
1716 3614 1836 3655 esse
1873 3616 1961 3655 me
1989 3601 2056 3657 de

474 3695 611 3764 ipsis
637 3694 955 3748 locuturum
985 3700 1080 3746 aut
1100 3692 1229 3746 odio
1254 3691 1587 3761 aliquorum,
1619 3698 1714 3744 aut
1743 3692 1797 3745 in
1824 3692 2054 3762 gratiam

473 3786 749 3850 aliorum;
788 3783 884 3838 sed
922 3785 1053 3854 quia
1084 3784 1352 3838 misereor
1384 3782 1622 3853 primum
1656 3783 1883 3852 quidem
1931 3785 2055 3840 illo-

474 3892 596 3931 rum
633 3876 902 3945 ipsorum,
937 3874 1137 3929 deinde
1168 3890 1301 3929 vero
1334 3874 1467 3944 quia
1503 3874 1915 3931 multitudinem
1956 3891 2056 3931 eo-

474 3983 597 4021 rum
627 3981 766 4037 quos
801 3966 1165 4036 deceperunt,
1195 3980 1415 4034 semper
1445 3962 1641 4020 defleo.
1678 3965 1869 4020 Tertio
1903 3966 2053 4021 volui

471 4074 634 4129 opem
658 4058 804 4113 ferre
825 4057 890 4111 ad
906 4056 1326 4127 praecavendum
1351 4057 1420 4111 iis
1439 4056 1533 4126 qui
1560 4066 1691 4110 sunt
1715 4058 1770 4111 in
1797 4059 2055 4127 praesenti

474 4151 589 4205 fere
609 4150 861 4220 periculo
892 4148 1360 4218 labendi,quibus
1380 4148 1530 4203 hunc
1556 4148 1763 4202 librum
1792 4157 2054 4219 tanquam

473 4242 780 4298 remedium
796 4240 997 4296 veneni
1016 4240 1376 4295 commiscere
1388 4238 1559 4294 volui.
1577 4240 1851 4294 Prteterea
1864 4240 2053 4304 etiam,

472 4339 602 4409 quia
638 4335 955 4392 metuebam
989 4334 1288 4406 judicium,
1315 4332 1359 4388 si
1392 4332 1615 4387 miseria
1645 4332 1760 4402 ipsa
1792 4348 1822 4387 a
1852 4347 1960 4402 qua
1990 4332 2055 4386 li-

472 4432 699 4486 beratus
752 4427 1003 4493 fuissem,
1060 4441 1165 4482 nos
1217 4423 1610 4481 misericordes
1656 4438 1767 4477 non
1810 4423 2050 4478 fecisset.

474 4520 543 4576 Ut
592 4520 639 4575 si
689 4535 803 4574 non
851 4516 1026 4582 aliud,
1059 4517 1210 4572 hunc
1258 4516 1451 4571 saltem
1490 4514 1728 4569 fructum
1758 4513 1809 4568 ei
1839 4515 1931 4584 qui
1961 4530 2052 4569 re-

473 4612 647 4668 demit
686 4621 742 4667 et
790 4611 1068 4675 servavit,
1120 4608 1380 4674 offeram;
1425 4606 1665 4663 fructum
1693 4606 1817 4661 dico
1847 4619 2050 4675 praeca-

472 4719 600 4759 vere
631 4703 775 4757 aliis.
802 4702 885 4757 Ne
914 4715 1051 4756 vero
1097 4700 1203 4770 ipsi
1252 4699 1484 4753 moleste
1527 4696 1729 4762 ferant,
1768 4695 1814 4749 si
1851 4692 2054 4749 efferre

473 4795 649 4861 volui,
686 4810 808 4864 qua:
838 4793 942 4863 ipsi
974 4808 1085 4846 non
1131 4792 1475 4845 horruerunt
1496 4787 1723 4842 sentire.
1751 4785 1867 4857 Age
1892 4800 2048 4856 ergo,

472 4890 770 4945 afferamus
810 4886 867 4941 in
915 4884 1161 4939 medium
1215 4883 1284 4937 ab
1332 4882 1467 4953 ipsis
1520 4889 1715 4936 contra
1759 4879 2051 4934 veritatem

471 4982 802 5050 excogitata,
825 4976 1030 5047 quibus
1048 4976 1134 5030 usi
1160 4982 1290 5030 sunt
1316 4973 1372 5027 in
1395 4987 1492 5028 eos
1518 4972 1613 5043 qui
1640 4971 1840 5027 misere
1860 4986 2053 5027 eorum

471 5070 684 5141 laqueis
717 5067 924 5123 irretiri
958 5076 1014 5120 et
1045 5064 1166 5135 capi
1203 5073 1512 5134 casperunt.

541 5162 579 5214 l.
614 5159 861 5214 Primum
900 5157 1070 5230 igitur
1107 5155 1402 5211 artiﬁcium
1431 5155 1803 5211 simulationis
1825 5154 2053 5225 dignum

472 5252 681 5306 malitia
714 5266 909 5306 eorum
931 5259 1035 5316 est,
1068 5249 1217 5321 quod
1252 5264 1380 5304 cum
1412 5257 1635 5303 sanctos
1662 5246 1925 5303 Ecclesia:
1958 5245 2056 5300 do-

472 5356 655 5401 ctores
701 5354 757 5400 et
803 5361 831 5399 a
873 5346 988 5400 Deo
1040 5344 1198 5399 datos
1266 5358 1378 5398 non
1444 5341 1740 5412 recipiant,
1793 5338 2056 5394 simulant

472 5438 642 5492 verbo
671 5452 729 5492 se
763 5453 945 5506 neque
980 5435 1337 5491 Theodorum
1388 5450 1571 5505 neque
1600 5432 1907 5489 Diodorum
1941 5428 2057 5501 pri-

474 5546 591 5584 mos
626 5530 920 5600 impietatis
950 5546 1063 5585 suae.
1092 5528 1277 5585 fontes
1310 5530 1579 5600 recipere.

539 5735 607 5786 ll.
634 5734 774 5801 Quin
807 5746 971 5791 etiam
999 5751 1254 5805 magnam
1286 5736 1579 5808 synodum,
1602 5744 1659 5791 et
1686 5733 2053 5805 plurimorum

475 5839 860 5897 episc0porum
894 5827 1403 5885 Chalcedonensem
1444 5846 1546 5900 pro
1577 5828 1687 5884 alio
1732 5826 1932 5898 quovis
1966 5825 2054 5880 in-

2176 582 2239 618 τε
2296 568 2590 639 ἐγενόμην,
2649 572 2745 624 καὶ
2772 572 3087 644 προθυμίας
3130 579 3210 640 είς
3252 580 3449 650 μέτρον
3489 584 3688 640 ούδένό
3716 606 3769 643 τι

2172 654 2456 713 ἐνέλιπον.
2489 662 2552 713 Of
2586 660 2643 715 δὲ
2673 661 2967 734 λαϐόμενοι
3003 664 3192 739 ὥσπερ
3219 670 3425 740 τυφλὸν
3458 673 3579 728 όδοῦ
3619 694 3769 743 τινος

2170 750 2491 821 ἐφιέμενον,
2521 754 2604 817 είς
2636 754 2698 807 τὸ
2728 757 2830 827 τῆς
2861 758 3134 831 σφετέρας
3172 762 3433 828 ἀσεϐείας
3484 772 3771 824 κατασπᾶ-

2175 859 2265 897 σαι
2321 840 2599 916 βάραθρον
2644 848 3038 921 ἐπεχείρησαν.
3090 853 3233 908 Ἀλλ’
3279 856 3492 913 ἄνωθέν
3540 860 3633 929 μοί
3681 879 3769 927 τις

2171 934 2503 1005 ἐπιφανεῖσα
2537 940 2724 1010 χάρις,
2760 943 2825 996 ἐκ
2860 944 3029 1014 μέσου
3073 947 3181 1001 τῶν
3221 949 3451 1005 ὀδόντων
3490 954 3770 1024 ἥρπασεν,

2170 1029 2526 1101 ἑτοιμότατον
2559 1034 2659 1106 ἤδη
2694 1036 2990 1107 γενόμενον
3036 1040 3284 1113 θήραμα,
3326 1045 3491 1099 πόθον
3540 1064 3601 1100 τε
3640 1052 3767 1120 θερ-

2174 1121 2411 1190 μότατον
2462 1126 2668 1197 ἀρετῆς
2731 1128 3079 1199 ἐμϐαλοῦσα,
3129 1135 3228 1187 καὶ
3275 1135 3375 1205 τῆς
3419 1137 3509 1190 διὰ
3553 1140 3764 1210 ταύτην

2170 1215 2441 1283 ξενιτείας
2463 1217 2712 1283 ἐπάξιον.
2742 1221 2869 1285 Πῶς
2889 1222 2946 1276 δὲ
2964 1224 3065 1277 οὐκ
3093 1224 3328 1296 ἤμελλεν
3352 1228 3379 1280 ὁ
3409 1228 3502 1282 τὸν
3541 1230 3765 1303 Ἰσραὴλ

2171 1311 2231 1364 ἐν
2264 1312 2466 1384 ἐρήμῳ
2517 1314 2927 1385 καθοδηγήσας,
2973 1319 3156 1390 κάμοῦ
3200 1322 3553 1393 συνέμπορος
3606 1328 3763 1394 γενέ-

2170 1403 2296 1457 σθαι
2326 1405 2427 1476 τῆς
2452 1406 2766 1477 ἐκδημίας;
2807 1410 2991 1480 φέρων
3030 1429 3091 1465 τε
3127 1412 3282 1467 οὔπω
3315 1415 3583 1487 πρότερον
3663 1420 3755 1473 ἀν-

2167 1497 2317 1565 ήκει,
2348 1495 2455 1561 ἕως
2486 1514 2555 1566 με
2586 1498 2747 1553 θείων
2779 1501 2994 1572 ἀνδρῶν
3026 1503 3411 1578 ἐγκα[τέ]θετο
3446 1508 3760 1580 παλάμαις,

2168 1586 2222 1638 οῖ
2248 1602 2312 1653 γε
2346 1587 2407 1639 ού
2439 1590 2601 1657 μόνον
2651 1592 2839 1662 πάσης
2870 1594 3091 1667 ἐκείνης
3127 1597 3230 1667 τῆς
3259 1597 3467 1670 λήμης,
3498 1601 3562 1655 τὸ
3601 1604 3760 1677 ὄμμα

2165 1678 2267 1748 τῆς
2303 1680 2448 1751 ἐμῆς
2478 1682 2659 1753 ψυχῆς
2684 1685 3068 1756 ἀπεκάθηραν,
3099 1688 3236 1743 ἀλλά
3271 1693 3365 1745 καὶ
3392 1693 3577 1761 φωτὸς
3606 1694 3761 1767 ἱεροῦ

2168 1771 2484 1827 ἀπέπλισαν
2516 1778 2640 1840 ταῖς
2684 1777 2792 1831 τῶν
2818 1778 3095 1849 θεοσόφων
3129 1780 3355 1850 βίϐλοις,
3391 1788 3523 1853 παρ’
3546 1780 3621 1839 ὧν
3656 1789 3759 1841 αὺ-

2165 1864 2347 1935 τοῖςὴ
2397 1864 2629 1933 ἀλήθεια
2675 1869 2771 1921 καὶ
2817 1870 2850 1938 ὴ
2890 1869 3054 1942 λοιπή
3103 1872 3294 1944 ἀρετὴ,
3338 1873 3437 1938 τὰς
3483 1877 3625 1946 ἐμὰς
3662 1878 3761 1932 καὶ

2166 1959 2359 2028 χεῖρας
2402 1958 2501 2011 καὶ
2552 1960 2759 2029 φρένας
2801 1962 3147 2030 ἁγνίσαντες.
3182 1959 3311 2035 'Ap’
3344 1961 3441 2019 οὖν
3483 1969 3584 2021 οὐκ
3624 1971 3756 2022 ἀσεο

2166 2048 2321 2112 ϐείας
2368 2050 2608 2123 ἐσχάτης
2648 2053 2871 2125 γραφὴν
2916 2055 2982 2110 ἂν
3038 2056 3189 2125 παρά
3232 2058 3342 2112 τῶν
3384 2061 3762 2133 εὐγνωμόνων

2164 2139 2393 2204 ἐνδίκως
2442 2144 2875 2215 ἀπηνεγκάμην,
2926 2148 2977 2200 εί
3028 2147 3209 2203 ταῦτα
3256 2154 3437 2223 σιωπῇ
3492 2154 3758 2208 παντελεῖ

2164 2231 2509 2302 παραδοῦναι
2544 2234 2849 2303 ὑπέμεινα;

2237 2324 2445 2378 Ὅτιδέ
2479 2325 2554 2397 μὴ
2598 2327 2695 2379 ἀπ’
2728 2328 2925 2399 ἀρχῆς,
2968 2329 3105 2401 μηδὲ
3128 2332 3250 2383 κατ’
3296 2333 3469 2404 αὐτὴν
3509 2333 3759 2406 ἐκείνην,

2162 2413 2240 2478 ὡς
2294 2416 2493 2481 εἰπεῖν,
2518 2418 2618 2488 τὴν
2670 2417 2840 2489 ὥραν,
2892 2419 3016 2473 καθ’
3048 2422 3115 2490 ἣν
3149 2421 3451 2493 ἀναϐλέψαι
3482 2424 3755 2497 ἡξίωμαι,

2163 2508 2257 2563 τὸν
2329 2510 2753 2582 εὐχαριστήριον
2814 2515 3153 2585 συντέταχα,
3215 2519 3591 2589 παραιτείσθω
3651 2523 3755 2592 μὲν

2164 2600 2319 2664 Θεὸς,
2371 2604 2755 2671 παραιτεῖσθω
2795 2604 2853 2658 δὲ
2891 2606 2986 2660 καὶ
3016 2606 3125 2660 τῶν
3176 2608 3446 2680 θεοφιλῶν
3493 2612 3751 2677 ἕκαστος.

2165 2692 2239 2745 Οὐ
2294 2692 2405 2764 γὰρ
2441 2694 2510 2747 δι’
2556 2696 2977 2767 ἀγνωμοσύνην,
3018 2698 3137 2754 ἀλλ’
3178 2701 3320 2771 ὑπὲρ
3366 2702 3460 2756 τοῦ
3493 2705 3569 2776 μὴ
3599 2705 3757 2771 δόξαι.

2162 2784 2263 2856 τὴν
2303 2788 2434 2857 περὶ
2457 2789 2665 2841 τούτων
2692 2791 3045 2862 εὐχαριστίαν
3077 2792 3388 2864 προπετοῦς
3422 2798 3753 2867 συγγραφῆς

2164 2878 2437 2933 ποιεῖσθαι
2489 2880 2785 2950 πρόφασιν,
2841 2882 2995 2952 φόϐῳ
3044 2883 3137 2936 τὸν
3205 2883 3365 2953 λόγον
3410 2886 3748 2956 ἐχαλίνσα.

2161 2970 2275 3023 Νῦν
2303 2972 2347 3023 δ’
2380 2972 2475 3025 ἅτε
2510 2972 2725 3037 δικαίας
2753 2974 2848 3026 καὶ
2893 2974 3016 3027 οὐδέ
3071 2975 3466 3046 συγχωρούσης
3515 2980 3755 3049 ἠρεμεῖν

2160 3062 2570 3133 ἀνακινησάσης
2627 3067 2777 3136 ἡμᾶς
2847 3067 3064 3130 αἰτίας,
3101 3067 3520 3137 ἀφοσιώσασθαι
3574 3070 3636 3124 τό
3687 3088 3753 3124 τε

2160 3155 2321 3225 χρέος
2355 3157 2450 3209 καὶ
2478 3156 2568 3209 τὸν
2599 3155 2766 3209 πόθον
2794 3158 3135 3213 ἐσπούδακα.
3188 3160 3659 3234 Ἀξιοπιστότερος
3690 3163 3750 3216 δὲ

2162 3248 2384 3303 πάντων
2419 3247 2485 3300 ἂν
2513 3244 2602 3321 ἦν,
2639 3250 2718 3311 εἷς
2743 3266 2802 3301 τε
2834 3248 3017 3303 πίστιν
3042 3250 3151 3304 τῶν
3177 3250 3623 3323 λεχθησομένων,
3652 3257 3753 3309 καὶ

2160 3342 2242 3403 εἰς
2285 3339 2348 3393 τὸ
2392 3342 2713 3396 καταιδέσαι
2744 3342 2874 3406 τοὺς
2918 3343 3138 3408 ἀθέους,
3180 3344 3246 3398 ἂν
3276 3346 3384 3416 ἄρα
3416 3346 3745 3416 βούλωνται·

2161 3434 2330 3501 πεῖρα
2360 3430 2492 3503 γάρ,
2586 3449 2743 3501 φασι,
2772 3432 2885 3485 τῶν
2916 3432 3091 3502 λόγων
3126 3434 3477 3507 βεϐαιοτέρα.
3510 3438 3753 3508 Χριστὸς

2158 3521 2216 3574 δέ
2252 3540 2342 3592 μοι
2368 3524 2601 3594 παρήτω
2638 3524 2872 3595 μάρτυς,
2901 3528 2995 3579 καὶ
3022 3529 3050 3579 ὁ
3083 3527 3277 3580 τούτου
3316 3529 3529 3601 Πατὴρ,
3561 3531 3642 3582 ὅτι
3669 3531 3751 3601 μὴ

2158 3616 2429 3688 ἀπεχθείᾳ
2472 3616 2694 3688 τινῶνῆ
2731 3620 2796 3689 τῇ
2833 3617 2967 3690 πρὸς
2998 3620 3223 3690 ἐτέρους
3269 3622 3478 3692 χάριτι,
3516 3623 3586 3677 τὰ
3624 3627 3752 3679 κατ’

2158 3710 2357 3772 αὐτοὺς
2387 3707 2505 3780 εἶμι
2531 3709 2704 3774 λέξων
2725 3727 2739 3742 ·
2775 3711 2914 3766 ἀλλά
2954 3712 3204 3784 πρώτους
3242 3714 3342 3785 μὲν
3371 3716 3569 3781 αὐτοὺς
3598 3718 3746 3771 ἐκεί-

2156 3822 2280 3868 νους
2310 3802 2815 3875 κατοικτιζόμενος,
2845 3807 2947 3860 οὐκ
2980 3807 3128 3860 ἐστιν
3170 3808 3258 3861 ὅτε
3299 3808 3375 3880 μὴ
3408 3810 3752 3881 ὀλοφυρόμε-

2156 3914 2270 3959 νος,
2298 3896 2397 3950 καὶ
2444 3896 2632 3967 τρίτον
2680 3896 3169 3970 προφυλακτήριόν
3217 3918 3271 3955 τι
3331 3902 3585 3975 βοήθημα
3632 3910 3753 3971 τοῖς

2155 3988 2278 4041 ὅσον
2310 3986 2463 4041 ούπω
2501 3988 2959 4060 ἐμπεσουμένοις,
3007 3991 3202 4047 τοῦτον
3242 3994 3333 4048 τὸν
3365 3994 3526 4065 λόγον
3556 3996 3753 4069 ὥσπερ

2154 4095 2207 4130 τι
2257 4076 2605 4149 ἀλεξιτήριον
2658 4083 2955 4150 φάρμακον
3002 4087 3351 4156 συγκεράσαι
3411 4088 3747 4143 ἐσπούδασα.

2156 4170 2303 4240 Πρὸς
2334 4169 2417 4222 ἔτι
2440 4171 2498 4223 δὲ
2530 4172 2627 4224 καὶ
2656 4173 2718 4225 τὸ
2747 4175 2925 4244 κρῖμα
2985 4174 3205 4240 δεδιὼς,
3230 4179 3278 4231 εί
3304 4183 3444 4249 μήτε
3478 4181 3541 4233 τὸ
3573 4181 3751 4246 πάθος

2155 4265 2303 4333 ἡμᾶς
2337 4263 2647 4334 συμπαθεῖς
2679 4266 3119 4322 κατεσκεύασεν.
3156 4268 3255 4322 Ἵν⁹
3289 4274 3339 4324 εί
3376 4273 3450 4343 μή
3496 4290 3546 4326 τι
3595 4274 3752 4344 ἄλλο,

2154 4351 2320 4406 τοῦτο
2344 4353 2409 4423 δὴ
2447 4355 2881 4425 καρποφορήσω,
2922 4355 3000 4426 τῷ
3045 4356 3452 4431 λυτρωσαμένῳ
3492 4362 3590 4416 καὶ
3640 4363 3753 4417 σώ-

2158 4461 2313 4498 σαντι
2342 4443 2443 4514 τὴν
2503 4444 2709 4513 ἐτέρων
2740 4446 3127 4519 προφυλακήν.
3157 4449 3301 4520 Μηδ¹
3337 4450 3493 4505 αὐτοὶ
3526 4453 3583 4506 δὲ
3613 4456 3753 4525 ἡμῖν

2084 4553 2127 4607 ι)
2157 4538 2664 4608 χαλεπαινέτωσαν,
2708 4541 2756 4591 εἰ
2786 4539 3024 4607 ἐξειπεῖν
3069 4542 3364 4613 ὑπέμεινα,
3413 4547 3555 4617 ἅπερ
3591 4550 3754 4602 αὐτοὶ

2157 4634 2377 4702 φρονεῖν
2395 4631 2455 4684 οὐ
2486 4631 2845 4701 πεφρίκασιν.
2879 4633 3015 4701 Ἀγε
3038 4633 3102 4704 δὴ
3126 4629 3241 4700 οὖν,
3262 4638 3340 4699 είς
3370 4636 3536 4705 μέσον
3566 4639 3751 4693 αὐτῶν

2157 4723 2730 4795 παρεισκυκλήσωμεν
2787 4724 2887 4786 τὰς
2942 4725 3087 4780 κατὰ
3145 4728 3247 4797 τῆς
3300 4727 3564 4797 ἀληθείας
3620 4732 3749 4784 ἐπι-

2156 4816 2327 4879 νοίας,
2347 4814 2437 4879 αἶς
2461 4816 2764 4885 κέχρηνται
2799 4818 2942 4870 κατὰ
2963 4818 3074 4870 τῶν
3107 4819 3307 4884 ἀθλίως
3336 4823 3459 4885 ταῖς
3494 4826 3748 4891 φονικαῖς

2156 4908 2342 4962 αὐτῶν
2367 4909 2601 4979 ἄρκυσιν
2641 4910 2844 4964 ἁλῶναι
2883 4910 3233 4985 ἀρχομένων.

2226 5181 2309 5235 Α’.
2337 5176 2565 5248 Πρῶτον
2606 5178 2706 5248 μὲν
2733 5177 2828 5231 οὖν
2850 5178 3030 5232 αὐτῶν
3059 5179 3221 5233 τοῦτο
3239 5180 3424 5253 δρᾶμα
3450 5183 3550 5254 τῆς
3578 5202 3748 5257 πονη-

2159 5272 2282 5344 ρίας
2315 5269 2560 5337 ἐπάξιον,
2591 5270 2674 5323 δτι
2708 5269 2830 5340 μηδ’
2856 5269 2993 5334 ὅλως
3016 5272 3141 5335 τοὺς
3167 5272 3350 5343 ἱεροὺς
3375 5274 3477 5343 τῆς
3509 5277 3747 5350 Ἐκκλη-

2159 5366 2281 5427 σίας
2316 5362 2412 5417 καὶ
2459 5361 2776 5425 θεοσδότους
2831 5362 3112 5433 δεχόμενοι
3175 5363 3557 5434 διδασκάλους,
3602 5368 3746 5440 πλὴν

2156 5458 2239 5511 ὅτι
2268 5456 2403 5528 μηδέ
2426 5456 2703 5526 Θεόδωρον
2729 5455 2823 5508 καὶ
2858 5455 3146 5525 Διόδωρον,
3184 5459 3286 5521 τὰς
3315 5459 3539 5531 πρώτας
3564 5460 3750 5516 αὐτῶν

2156 5547 2261 5616 τῆς
2304 5545 2563 5609 ἀσεϐείας
2593 5545 2779 5617 πηγὰς
2822 5544 3077 5615 δέχεσθαι
3112 5547 3191 5620 τῷ
3224 5548 3369 5622 λόγῳ
3416 5551 3744 5624 ὑποκρίνον-

2155 5659 2267 5694 ται.

2228 5732 2303 5787 B’.
2332 5732 2444 5787 Καὶ
2480 5732 2587 5804 μὴν
2629 5733 2714 5787 ὅτι
2746 5733 2845 5802 τὴν
2894 5733 3143 5804 μεγάλην
3182 5734 3279 5787 καὶ
3315 5734 3747 5807 πολυάνθρωπον

2159 5825 2404 5896 σύνοδον,
2449 5826 2545 5880 καὶ
2595 5826 2711 5880 ἀντ’
2758 5826 2921 5881 ἄλλου
2970 5828 3117 5890 τινὸς
3174 5816 3567 5898 δελεάσματος,
3629 5832 3742 5895 τοῖς
