4120 6436
355 424 490 493 1361

1309 436 1477 499 ADV.
1521 436 2229 499 INCORRUPTICOLAS
2270 440 2365 499 ET
2404 439 2725 501 NESTOR.

3480 437 3615 503 1362

349 542 743 615 ἁπλουστέροις
792 545 1189 616 προτείνουσιν,
1226 546 1287 600 οὐ
1318 549 1645 620 φρονοῦντες
1683 552 1779 619 μὲν
1812 551 1932 604 κατ’

2061 551 2340 608 νίιιιηιεηῑο
2392 551 2825 622 simplicioribus
2874 558 3210 622 proponunt,
3242 565 3353 605 non
3396 552 3619 622 quidem

352 637 547 704 αὑτήν.
575 637 690 689 Ούκ
714 631 833 690 οῖδα
858 638 966 709 γάρ
984 637 1038 689 εἴ
1064 656 1171 691 τινι
1198 639 1343 710 ἀλλῳ
1361 641 1470 694 τῶν
1502 643 1811 712 πρωτείων,
1840 642 1932 695 τοῦ

352 733 575 802 φρονεῖν
613 732 733 784 κατ’
780 732 951 803 αὐτῆς
999 734 1446 805 παραχωροῦσιν,
1486 737 1636 805 ὅμως
1686 736 1731 789 δ’
1763 736 1936 807 αὐτὴν

347 825 427 889 ώς
474 824 676 895 σεμνὸν
724 828 1094 896 προσωπεῖον,
1126 827 1220 880 τοῦ
1254 827 1375 882 καθ’
1405 829 1633 893 ἑαυτοὺς
1657 829 1937 900 δράματος

351 915 835 985 ὑπεισερχόμενοι,
866 917 1192 972 λανθάνουσι
1217 920 1286 972 τὰ
1320 919 1514 989 πρῶτα
1544 923 1640 991 τῆς
1679 922 1936 992 ἐγχειρή-

354 1022 519 1070 σεωςο
556 1007 704 1073 ἅπαξ
741 1008 799 1060 δέ
846 1008 1138 1073 πείσαντες
1169 1010 1424 1079 δέχεσθαι
1463 1011 1626 1081 δῆθεν
1677 1012 1776 1081 τὴν
1808 1012 1937 1065 σύν-

349 1099 490 1163 οδον,
513 1099 545 1169 ἦ
573 1098 865 1169 δεχομένου
894 1100 958 1168 γέ
988 1118 1135 1165 τινος
1152 1101 1444 1172 λαϐόμενοι
1464 1102 1938 1167 διαπυνθάνονται,

352 1192 542 1244 ὁποῖον
583 1191 735 1262 αύτῷ
789 1192 1023 1263 σύνηθές
1063 1211 1122 1246 τε
1178 1194 1274 1247 καὶ
1323 1194 1477 1263 φίλον
1506 1195 1615 1249 τῶν
1673 1197 1940 1269 Πατέρων

355 1287 546 1339 ἀσκεῖν
567 1301 581 1315 ⁸
616 1280 739 1340 εἶτα
788 1288 837 1339 εί
891 1285 1043 1356 τύχοι
1075 1287 1255 1357 φήσας
1299 1289 1327 1340 ὁ
1360 1286 1741 1359 ἐρωτώμενος,
1775 1290 1809 1362 ἢ
1847 1292 1940 1342 τὸν

360 1378 539 1447 μέγαν
565 1377 843 1448 ὀφθαλμὸν
862 1379 962 1448 τῆς
986 1379 1314 1449 Ἐκκλησίας
1345 1380 1623 1452 Ἰωάννην,
1642 1382 1675 1454 ἢ
1696 1383 1825 1445 τοὺς
1846 1382 1942 1435 δύο

356 1470 637 1541 μεγάλους
664 1472 980 1541 φωστῆρας,
1007 1470 1136 1534 τοὺς
1175 1472 1553 1535 Καππαδόκας
1580 1475 1745 1543 φημὶ,
1774 1473 1807 1545 ἢ
1847 1475 1940 1527 τὸν

360 1560 682 1629 φανώτατον
743 1562 1022 1633 ἑωσφόρον
1072 1562 1410 1629 Ἀθανάσιον,
1462 1567 1513 1617 οἱ
1554 1564 1608 1618 δὲ
1641 1565 1782 1635 (ούδέ
1831 1565 1941 1637 γάρ

358 1653 723 1723 ὑπομένουσιν
752 1654 871 1707 ούδέ
902 1654 1076 1725 αὐτήν
1102 1672 1166 1724 γε
1186 1655 1285 1727 τὴν
1313 1655 1422 1709 τῶν
1450 1656 1731 1725 ὀνομάτων
1758 1659 1943 1727 ἀπαγ-

355 1744 592 1813 γελίαν,)
621 1743 897 1797 ἀλλοιοῦσι
945 1746 1046 1814 μὲν
1074 1745 1236 1809 εὐθὺς
1264 1745 1326 1798 τὸ
1357 1746 1669 1815 πρόσωπον,
1701 1747 1851 1817 ὅμως
1880 1765 1944 1815 γε

365 1835 474 1907 μὴν
506 1836 646 1905 ὑπὲρ
670 1835 765 1889 τοῦ
804 1836 878 1907 μὴ
915 1836 1058 1890 κατά
1083 1837 1180 1908 τὴν
1208 1838 1432 1909 πρώτην
1461 1838 1713 1909 ἐντυχίαν
1740 1837 1945 1910 πλῆξαι

360 1925 453 1976 τὸν
489 1924 833 1994 θηρώμενον,
867 1926 961 1979 καὶ
988 1926 1163 1997 ταύτῃ
1190 1928 1557 1999 ἀποφοιτῆσαι
1581 1970 1595 1994 ,
1628 1928 1796 1982 Καλοὶ
1826 1930 1949 1999 μὲν,

2038 647 2340 700 sentientes
2368 661 2494 700 cum
2525 660 2622 706 ea;
2658 645 2847 699 nescio
2877 644 3026 698 enim
3061 659 3129 697 an
3162 642 3260 696 ulli
3290 643 3382 697 alii
3413 644 3621 714 primas

2038 744 2225 805 partes
2263 733 2539 789 sentiendi
2593 743 2788 788 contra
2835 748 2957 789 eam
2991 732 3338 797 concedant;
3395 749 3618 803 gravem

2037 836 2220 882 tamen
2255 842 2549 897 personam
2575 830 2696 897 ejus
2740 827 2796 881 in
2844 843 2945 881 suo
2992 834 3116 881 actu
3162 825 3268 881 sibi
3310 841 3408 895 per
3445 828 3622 881 simu-

2038 918 2300 973 lationem
2351 920 2718 989 imponentes,
2751 920 2924 973 latent
2975 919 3030 974 in
3081 918 3215 988 ipsis
3248 917 3453 988 negotii
3495 934 3622 973 sus-

2040 1012 2183 1080 cepti
2231 1010 2443 1066 initiis:
2486 1027 2609 1065 cum
2651 1027 2785 1065 vero
2815 1011 2983 1065 semel
3033 1009 3312 1066 suaserint
3349 1010 3623 1081 synodum

2041 1104 2311 1173 recipere,
2342 1112 2436 1157 aut
2483 1104 2629 1158 nacti
2663 1112 2793 1157 sunt
2824 1103 3063 1172 aliquem
3095 1106 3189 1172 qui
3220 1102 3472 1172 recipiat,
3498 1118 3625 1172 per-

2038 1204 2342 1251 contantur
2396 1212 2689 1260 quemnam
2744 1212 2811 1251 ex
2864 1195 3121 1250 Patribus
3183 1196 3379 1250 solitus
3431 1195 3505 1251 sit
3568 1203 3626 1251 et

2041 1287 2257 1356 placeat
2302 1295 2538 1342 tractare
2584 1297 2641 1341 et
2685 1303 2983 1342 exercere:
3033 1287 3255 1350 deinde,
3292 1286 3338 1340 si
3371 1287 3513 1342 forte
3546 1304 3627 1343 re-

2043 1379 2331 1447 spondeat,
2363 1394 2525 1449 quem
2558 1380 2868 1449 percontati
2901 1388 3052 1443 sunt,
3083 1389 3177 1433 aut
3207 1395 3465 1449 magnum
3491 1395 3625 1437 ocu-

2042 1470 2155 1524 lum
2191 1469 2450 1525 Ecclesia:
2493 1470 2761 1526 Joannem
2788 1512 2803 1535 ,
2831 1480 2929 1526 aut
2970 1471 3081 1525 duo
3124 1486 3322 1541 magna
3376 1471 3624 1537 lumina,

2044 1562 2205 1625 duos,
2236 1564 2485 1633 inquam,
2531 1564 2654 1619 illos
2697 1563 3077 1633 Cappadociae,
3126 1571 3222 1618 aut
3254 1564 3627 1619 clarissimum

2044 1655 2337 1711 luciferum
2360 1656 2750 1723 Athanasium;
2784 1657 2862 1711 illi
2884 1657 3149 1712 continuo
3168 1665 3383 1711 mutant
3402 1655 3627 1726 quidem

2044 1764 2366 1818 personam:
2412 1766 2524 1803 non
2557 1750 2706 1804 enim
2742 1750 3030 1819 patiuntur
3072 1764 3141 1803 ne
3175 1749 3451 1803 nominari
3505 1747 3630 1817 qui-

2046 1837 2170 1892 dem
2202 1839 2418 1905 solum;
2471 1854 2540 1893 ne
2595 1847 2780 1894 tamen
2818 1839 2873 1893 in
2928 1839 3048 1908 ipso
3084 1839 3265 1907 primo
3319 1854 3624 1908 congressu

2042 1929 2545 2000 deterreantquem
2566 1932 2864 2000 illaqueare
2888 1933 3100 1995 volunt,
3127 1940 3293 2001 atque
3325 1932 3401 1986 ita
3423 1932 3627 1985 avolet:

362 2014 520 2078 caci,
557 2014 651 2066 καὶ
677 2015 725 2067 οί
758 2014 1002 2085 Πατέρες
1023 2008 1194 2081 οὗτοι,
1225 2017 1343 2071 ἀλλ’
1370 2017 1523 2071 ούπω
1550 2018 1811 2089 ἀμείνους
1838 2019 1950 2073 τῶν

2061 2021 2210 2085 Boni,
2236 2022 2513 2090 inquiunt,
2531 2033 2659 2077 sunt
2680 2024 2770 2078 isti
2794 2024 3005 2088 Patres,
3030 2040 3139 2077 non
3166 2033 3345 2078 tamen
3369 2024 3632 2079 meliores

364 2104 699 2173 ἡμεδαπῶν·
730 2108 779 2160 εί
826 2107 882 2161 δέ
939 2109 1008 2161 τὰ
1049 2109 1292 2180 ὀνόματα
1338 2110 1770 2174 διαπυνθάνοιτο,
1814 2111 1942 2166 ἀνά-

360 2195 535 2263 γνωθι
571 2197 815 2268 πρῶτον,
853 2201 1007 2268 φασὶ,
1048 2201 1144 2255 καὶ
1172 2202 1294 2255 τότε
1322 2202 1508 2274 γνώσῃ
1539 2206 1685 2266 τίνες
1734 2222 1798 2258 τε
1854 2207 1948 2260 καὶ

362 2288 546 2358 ἡλίκοι
590 2292 976 2363 τυγχάνουσιν,
1020 2287 1116 2355 ὧν,
1163 2293 1340 2362 ἄθλιε,
1375 2293 1647 2364 λέγοντες,
1701 2297 1824 2351 ούδέ
1849 2299 1951 2363 τάς

362 2381 743 2452 προσηγορίας
777 2381 858 2435 ἔτι
888 2382 1245 2453 μεμάθηκας.

436 2493 511 2546 Γ¹.
547 2493 758 2558 Πολλάς
810 2513 870 2548 τε
909 2494 1003 2549 καὶ
1056 2495 1225 2559 ἄλλας
1270 2496 1693 2569 ὑπισχνούμενοι
1742 2500 1953 2570 δωρεὰς

364 2586 463 2639 καὶ
494 2586 809 2657 συνάρσεις,
847 2588 943 2641 καὶ
977 2588 1078 2652 τὰς
1106 2591 1197 2643 ἐπὶ
1233 2590 1523 2660 βασιλέως,
1557 2593 1606 2644 εί
1632 2592 1789 2662 τύχοι
1815 2594 1951 2664 χρῄ-

366 2682 498 2743 ζων,
527 2680 789 2747 εἰσόδους,
812 2682 922 2735 τῶν
949 2685 1008 2736 ἐν
1034 2682 1178 2736 τέλει
1200 2701 1260 2736 τε
1287 2684 1384 2755 τὴν
1401 2684 1625 2755 πρώτην
1645 2687 1833 2756 τιμὴν,
1859 2688 1955 2739 καὶ

366 2771 476 2825 τῶν
516 2772 719 2841 λογίων
775 2775 906 2846 παρ’
952 2777 1139 2840 αὐτοῖς
1184 2776 1285 2849 τὴν
1334 2778 1730 2849 συνδιαίτησιν,
1772 2778 1817 2832 ῶ
1856 2781 1955 2849 τῆς

365 2865 479 2919 τῶν
512 2866 698 2920 κακῶν
737 2868 1041 2939 ἀμετρίαςί
1073 2870 1132 2922 οὐ
1176 2871 1443 2939 πρότερον
1476 2871 1794 2941 ἀπέχονται,
1824 2873 1956 2943 πρὶν

368 2958 553 3021 αὐτοῖς
588 2959 886 3012 ὑποπεσεῖν
926 2960 1018 3013 τὸν
1060 2959 1175 3013 εἴτε
1216 2960 1448 3032 ἀμαθίᾳ,
1487 2961 1599 3014 εἴτε
1631 2963 1811 3033 χρείᾳ,
1844 2965 1954 3016 εἴτε

371 3051 656 3121 κολακείᾳ,
687 3051 799 3104 εἴτε
857 3052 1003 3123 ἄλλῳ
1025 3052 1137 3105 τινὶ
1161 3053 1273 3106 τῶν
1319 3054 1419 3106 ὅσα
1470 3054 1790 3123 παγιδεύειν
1830 3052 1952 3118 δῐδε,

370 3141 500 3203 τοὺς
536 3140 612 3212 μὴ
644 3141 795 3215 πάσῃ
835 3141 1052 3214 φυλακῇ
1084 3142 1183 3213 τὴν
1222 3142 1436 3197 ἑαυτῶν
1483 3141 1956 3215 τηροῦνταςκαρ-

371 3232 512 3286 δίαν.

445 3351 521 3401 A'.
567 3343 701 3401 Εἶτα
735 3348 907 3401 ἐπειδ’
938 3348 1005 3402 ἀν
1042 3349 1149 3401 ὑπὸ
1180 3351 1343 3420 χεῖρα
1367 3347 1607 3410 λάϐοιεν.
1643 3352 1737 3404 καὶ
1776 3350 1953 3404 πειθὸο
1986 3374 2026 3429 C

2049 2127 2214 2181 quam
2247 2122 2557 2168 nostrates:
2590 2114 2633 2168 si
2664 2129 2799 2168 vero
2827 2123 2983 2184 roget
3012 2113 3254 2177 nomina,
3279 2113 3423 2183 Lege
3451 2114 3629 2184 prius,

2051 2204 2330 2275 inquiunt,
2357 2215 2413 2262 et
2449 2216 2581 2261 tunc
2602 2223 2935 2278 .cognosces,
2971 2208 3164 2277 quales
3194 2216 3250 2261 et
3276 2207 3467 2276 quanti
3498 2208 3629 2271 sint,

2050 2314 2310 2367 quorum,
2332 2300 2523 2365 miser,
2550 2300 2830 2370 inquiunt,
2866 2315 2933 2355 ne
2962 2301 3185 2355 nomina
3206 2300 3428 2371 quidem
3452 2299 3634 2354 adhuc

2051 2390 2316 2446 didicisti.
2904 2389 2911 2396 '

2122 2504 2211 2559 lll.
2245 2504 2416 2559 Multa
2444 2505 2592 2560 enim
2620 2506 2727 2562 alia
2764 2522 2993 2562 munera
3043 2514 3098 2561 et
3127 2506 3332 2561 auxilia
3375 2506 3638 2576 pollicen-

2054 2604 2182 2660 tur,
2230 2604 2287 2652 et
2338 2612 2472 2667 opes
2519 2599 2905 2669 imperatoris,
2959 2598 3006 2653 si
3060 2607 3238 2669 egeat,
3287 2606 3343 2653 et
3393 2598 3637 2668 primum

2054 2688 2286 2759 gradum
2312 2689 2369 2743 in
2401 2690 2837 2760 magistratibus,
2866 2700 2923 2746 et
2947 2690 3319 2752 eruditorum,
3352 2704 3493 2759 quos
3537 2690 3639 2742 ha-

2055 2780 2189 2836 bent
2243 2783 2578 2849 convictum.
2612 2782 2657 2837 Ο
2701 2784 2968 2838 malorum
3013 2782 3473 2838 immensitateml
3524 2796 3637 2835 non

2056 2875 2214 2943 prius
2252 2875 2571 2942 discedunt,
2622 2893 2787 2946 quam
2840 2877 3166 2933 succumbat
3216 2876 3332 2931 sive
3380 2875 3637 2937 inscitizr,

2056 2967 2171 3022 sive
2204 2967 2541 3039 indigentiae,
2574 2970 2691 3025 sive
2742 2970 3125 3033 assentationi,
3155 2969 3272 3025 sive
3311 2969 3435 3023 aliis
3488 2985 3641 3038 quae-

2058 3073 2279 3129 cunque
2302 3059 2599 3129 illaqueare
2628 3061 2925 3117 solenteos
2955 3061 3049 3131 qui
3076 3076 3187 3116 non
3216 3061 3367 3115 omni
3389 3058 3641 3115 custodia

2058 3167 2155 3207 eor
2183 3167 2345 3208 suum
2375 3152 2716 3209 custodiunt.

2131 3347 2219 3403 ιν.
2260 3346 2473 3402 Deinde
2523 3354 2815 3417 postquam
2863 3355 3084 3418 captum
3142 3354 3354 3407 tenent,
3402 3356 3460 3401 et
3505 3344 3638 3401 obe-

379 3457 542 3509 μενον
570 3440 747 3511 ἔχοιεν
778 3442 835 3493 ἐν
865 3434 947 3503 οἷς
994 3410 1300 3510 βούλονταί,
1341 3442 1393 3494 εἱ
1441 3442 1544 3512 μὲν
1593 3443 1828 3513 μοναχὸς
1872 3444 1959 3513 εἴη

2062 3440 2305 3496 dientem
2360 3439 2416 3493 in
2463 3410 3213 3508 quibus-volunt,-hahent,
3253 3439 3301 3493 si
3339 3439 3645 3493 monachus

374 3532 560 3585 αὐτῶν
592 3533 653 3587 τὸ
693 3534 939 3605 θήραμα,
979 3534 1071 3587 ἐπί
1102 3550 1163 3587 τε
1199 3532 1550 3603 Ἑλληνικοὺς
1592 3534 1787 3603 λόγους
1824 3552 1961 3606 προ-

377 3627 694 3697 τρέπονται,
758 3627 813 3680 εί
858 3644 921 3697 γε
972 3626 1109 3698 πρὸς
1153 3625 1381 3690 τούτους
1432 3626 1759 3697 ἐπιτηδείως
1822 3626 1962 3699 ἔχων

380 3718 671 3790 εὑρεθείη·
705 3720 802 3773 καὶ
848 3720 1021 3773 πολλὰ
1072 3719 1171 3789 τὴν
1216 3717 1311 3773 τοῦ
1370 3719 1655 3789 τάγματος
1704 3718 1965 3788 ἀφέλειαν

384 3808 730 3874 σκώψαντες,
760 3812 853 3863 καὶ
883 3810 959 3873 ώς
994 3810 1149 3864 οὐδέν
1175 3812 1293 3863 ἐστι
1324 3810 1570 3879 νηστεία,
1600 3810 1632 3877 ἢ
1660 3811 1965 3881 ἀγρυπνία,

379 3900 414 3970 ἢ
455 3900 808 3971 ἀναχώρησις
859 3902 991 3969 (καὶ
1037 3903 1146 3974 γὰρ
1199 3902 1294 3955 καὶ
1347 3902 1445 3973 τὴν
1488 3903 1803 3974 πρακτικὴν
1847 3903 1965 3955 δια-

382 3990 697 4058 ϐάλλουσιν,
732 3994 827 4046 καὶ
878 3992 1072 4063 μέχρις
1122 3992 1287 4046 αὐτοῦ
1323 3993 1588 4063 ὀνόματος
1628 3993 1765 4065 πρὸς
1798 3992 1968 4064 αὐτὴν

381 4087 890 4158 δυσχεραίνουσιν).
925 4087 1019 4138 ἐπὶ
1048 4085 1110 4139 τὸ
1140 4086 1374 4156 ἀμεῖψαι
1414 4086 1476 4140 τὸ
1506 4087 1697 4155 σχῆμα
1728 4086 1967 4157 προτρέ-

383 4193 605 4240 πονται,
635 4177 710 4238 ὼς
735 4178 992 4246 ἐμπόδιον
1013 4177 1283 4246 τυγχάνον
1307 4174 1596 4243 πολιτικῆς
1623 4174 1966 4244 φιλοσοφίας·

386 4269 576 4339 κλήρῳ
604 4268 659 4321 δέ
687 4267 1081 4336 ἐγκαταλέγειν
1110 4268 1272 4321 αὑτὸν
1303 4265 1713 4337 ὑπισχνοῦνται,
1739 4266 1771 4337 ἢ
1794 4266 1972 4330 ἄλλως

386 4378 507 4424 πως
559 4362 905 4431 συγκροτεῖν,
946 4360 1107 4430 μόνον
1146 4361 1196 4412 εί
1228 4359 1335 4428 τῆς
1374 4358 1633 4422 ἀσεϐείας
1665 4359 1847 4411 αὐτῶν
1876 4358 1972 4427 γέ-

385 4471 533 4507 νοιτο
572 4453 823 4524 μέτοχος.
862 4452 924 4506 El
954 4452 1013 4505 δέ
1050 4451 1317 4520 κοσμικὸς
1365 4450 1474 4521 εἴη,
1517 4450 1621 4513 τὰς
1668 4450 1818 4521 αὐτῷ
1872 4452 1974 4520 ἀρ-

391 4544 699 4615 μοττούσας
734 4542 1130 4614 ὑπισχνοῦνται
1170 4541 1409 4612 δωρεάς’
1455 4542 1557 4595 οὐκ
1613 4542 1976 4613 ἀληθεύοντες

392 4641 492 4710 μὲν
522 4637 704 4708 (τοῦτο
730 4638 840 4709 γὰρ
863 4638 1043 4691 αὐτῶν
1078 4638 1197 4690 ἐστι
1228 4636 1289 4689 τὸ
1320 4636 1378 4689 ἐν
1413 4637 1611 4697 κακοῖς
1648 4632 1970 4706 μακάριον),

2061 3530 2155 3592 sit,
2188 3530 2484 3584 hortantur
2516 3530 2582 3584 ad
2620 3530 2885 3601 legendos
2918 3530 3091 3585 libros
3129 3530 3442 3600 gentilium,
3479 3530 3525 3585 si
3561 3536 3645 3584 ta-

2064 3636 2189 3676 men
2215 3619 2449 3675 idoneus
2463 3619 2533 3675 ad
2551 3636 2649 3675 eos
2667 3621 2930 3691 legendos
2954 3621 3250 3687 videatur;
3275 3629 3330 3675 et
3354 3630 3645 3695 postquam

2062 3712 2471 3781 simplicitatem
2504 3711 2716 3767 ordinis
2743 3713 3031 3767 monastici
3067 3714 3301 3768 multum
3330 3712 3645 3775 irriserunt,

2066 3805 2212 3874 quod
2248 3804 2386 3859 nihil
2434 3806 2505 3859 sit
2549 3805 2844 3875 jejunium,
2882 3805 2967 3859 vel
3001 3804 3212 3875 vigilia,
3245 3804 3331 3859 vel
3372 3819 3646 3867 secessus,

2067 3897 2363 3967 (siquidem
2390 3897 2580 3952 virtuti
2615 3896 2892 3967 practicaa,
2922 3896 2976 3951 id
3005 3906 3109 3959 est,
3136 3897 3190 3951 in
3218 3896 3436 3950 actione
3460 3894 3652 3964 posita:

2068 3990 2399 4050 obtrectant,
2427 3999 2482 4043 et
2513 4005 2691 4059 neque
2718 4005 2917 4043 nomen
2949 3989 3068 4058 ejus
3098 3988 3211 4058 pati
3235 3996 3467 4058 possunt
3493 4003 3653 4055 aequo

2070 4083 2301 4152 animo),
2337 4082 2404 4136 ad
2463 4081 2786 4137 mutandum
2850 4081 3100 4136 habitum
3153 4081 3445 4134 hortantur
3505 4080 3654 4149 quod

2072 4177 2143 4232 sit
2190 4177 2259 4231 ad
2309 4175 2553 4231 studium
2596 4176 2820 4230 virtutis
2855 4176 3114 4245 politiore,
3183 4175 3235 4230 id
3268 4184 3374 4239 est,
3430 4190 3551 4243 qua:
3599 4173 3656 4226 in

2072 4268 2293 4323 civitate
2322 4275 2593 4331 versetur,
2648 4267 3153 4336 impedimentum:
3212 4265 3546 4345 promittunt
3597 4280 3657 4319 se

2070 4360 2131 4414 in
2164 4360 2415 4414 ordinem
2459 4360 2785 4415 clericorum
2828 4376 2954 4415 eum
2992 4368 3370 4428 cooptaturos,
3403 4366 3499 4411 aut
3548 4356 3659 4410 alio

2076 4453 2240 4508 modo
2283 4452 2665 4515 auxiliatores,
2699 4452 2863 4507 modo
2898 4451 2993 4506 ﬁat
3024 4451 3305 4521 particeps
3355 4450 3659 4519 impietatis

2076 4561 2290 4600 eorum.
2324 4546 2421 4599 Sin
2455 4552 2638 4598 autem
2699 4545 2771 4599 sit
2806 4544 3111 4609 satcularis,
3159 4543 3303 4598 dona
3338 4544 3389 4597 ei
3439 4557 3660 4597 accom-

2079 4639 2299 4693 modata
2331 4637 2691 4707 promittunt,
2734 4652 2843 4691 non
2879 4636 3103 4706 quidem
3146 4651 3341 4691 verum
3388 4634 3661 4698 dicentes,

388 4734 539 4803 ὅμως
568 4732 610 4785 δ’
638 4727 733 4785 οῦν
767 4728 1265 4794 ἀποϐουκολοῦντες
1290 4732 1409 4793 ταῖς
1439 4729 1643 4791 ἐλπίσι,
1684 4728 1952 4800 κεχηνένα

2082 4730 2188 4783 hoc
2219 4728 2366 4783 cnim
2397 4735 2481 4782 est
2515 4728 2567 4781 in
2598 4743 2792 4781 eorum
2824 4728 2986 4783 malis
3015 4727 3278 4791 beatum;
3339 4726 3432 4781 sed
3475 4726 3554 4781 sic
3583 4733 3666 4779 ta-

392 4829 475 4891 είς
515 4826 715 4889 αὐτοὺς
747 4825 1175 4894 ἀναγκάζουσιν.
1217 4822 1381 4876 Ἀλλά
1415 4822 1626 4875 τούτων
1662 4821 1761 4889 μὲν
1798 4823 1849 4875 εί
1881 4822 1977 4875 καὶ

396 4920 601 4990 βραχὺς
626 4920 654 4972 ὁ
686 4917 930 4987 ἔλεγχος,
959 4915 1096 4970 ἀλλὰ
1128 4915 1224 4970 καὶ
1259 4913 1607 4982 κατεπείγων
1636 4914 1666 4966 ὁ
1694 4914 1906 4983 χρόνος.

469 5121 545 5176 E'.
616 5118 772 5182 Ἐνὸς
829 5118 876 5171 δ’
914 5112 1007 5172 οὗν
1060 5117 1093 5187 ἢ
1152 5115 1407 5187 δευτέρου
1465 5114 1575 5168 τῶν
1616 5116 1737 5169 κατ’
1783 5115 1982 5176 αὐτοὺς

396 5213 783 5286 ἐπιμνησθεὶς,
821 5212 917 5265 ἐπί⁵
973 5211 1065 5264 τὸν
1118 5210 1296 5280 μέγαν
1355 5209 1537 5262 αὐτῶν
1588 5209 1689 5277 τῆς
1736 5208 1981 5279 ἀμαθίας

396 5307 743 5379 τετράψομαι
821 5303 1163 5358 διδάσκαλον.
1225 5302 1616 5373 Θεωρήσαντες
1671 5300 1778 5370 γὰρ
1829 5302 1984 5353 αὐτοὶ

398 5399 673 5470 ὁσημέραι
715 5397 777 5450 τὸ
808 5396 951 5449 κατὰ
979 5394 1084 5448 τῶν
1126 5393 1305 5447 ἀθέων
1332 5392 1512 5447 αὐτῶν
1542 5392 1856 5461 δογμάτων,
1887 5391 1983 5444 καὶ

399 5494 497 5546 τοῦ
540 5492 873 5562 πρωτάρχου
905 5489 1005 5557 τῆς
1031 5486 1311 5549 ἀσεϐείας,
1340 5488 1398 5538 ἐν
1429 5487 1542 5549 τοῖς
1576 5488 1788 5548 πιστοῖς
1820 5484 1985 5547 a956-

405 5601 569 5655 μενον
598 5583 808 5637 δίκαιον
843 5583 1021 5651 μῖσος,
1052 5580 1129 5643 ώς
1161 5579 1356 5651 πικρόν
1384 5597 1437 5632 τι
1477 5576 1815 5631 διανοοῦνται
1843 5580 1987 5632 κατὰ

400 5677 506 5746 τῆς
550 5674 760 5728 ἑαυτῶν
789 5674 956 5744 ζωῆς.
987 5674 1235 5745 Δράματι
1258 5672 1367 5743 γὰρ
1390 5671 1453 5742 δή
1505 5688 1658 5740 φασι,
1688 5672 1785 5724 καὶ
1822 5688 1992 5742 προσ-

402 5769 543 5840 ώπῳ
586 5770 740 5838 ἡμῖν,
797 5765 1035 5839 Ἐρῤέτω
1085 5764 1402 5837 Νεστόριος,
1450 5764 1741 5835 δογμάτων
1790 5762 1847 5816 δέ
1886 5763 1993 5816 τῶν

412 5858 595 5915 αὐτῶν
653 5859 807 5914 ἔσται
861 5858 1063 5931 πατὴρ,
1101 5859 1129 5914 ὁ
1180 5859 1434 5915 κάκείνου
1486 5857 1669 5930 πατὴρ
1721 5855 1981 5928 γεγονώς,

2082 4834 2207 4873 men
2226 4832 2352 4872 eum
2368 4816 2544 4871 fallaci
2568 4831 2663 4885 spe
2685 4815 3035 4874 seducentes,
3052 4824 3257 4885 cogunt
3275 4813 3487 4867 inhiare
3507 4811 3661 4881 ipsis.

2084 4912 2263 4980 Atque
2286 4910 2401 4965 haec
2423 4908 2646 4979 quidem
2667 4907 2773 4963 etsi
2795 4908 3039 4963 breviter
3063 4914 3447 4970 recensentur,
3479 4913 3661 4957 tamen

2088 5016 2306 5074 tempus
2339 5009 2514 5074 urget.

2158 5120 2222 5173 ν.
2254 5117 2440 5174 Unum
2494 5116 2661 5188 igitur
2696 5123 2790 5169 aut
2828 5114 3063 5167 alterum
3103 5125 3229 5165 cum
3264 5121 3665 5163 commemora-

2090 5228 2242 5277 vero,
2276 5211 2344 5266 ad
2384 5225 2640 5281 magnum
2694 5207 3016 5277 magistrum
3058 5202 3391 5271 insipientia:
3428 5203 3665 5254 istorum

2090 5321 2179 5360 me
2217 5312 2558 5359 convertam.
2589 5300 2728 5356 Cum
2773 5299 2921 5352 enim
2968 5295 3224 5351 viderent
3268 5291 3373 5363 ipsi
3417 5291 3669 5361 quotidie

2092 5394 2237 5465 apud
2271 5393 2460 5447 ﬁdeles
2486 5392 2692 5460 justum
2724 5388 2911 5442 odium
2951 5393 3141 5441 contra
3179 5383 3293 5452 ipsa
3328 5381 3494 5451 impia
3535 5381 3669 5451 dog-

2094 5493 2261 5548 mata,
2314 5492 2370 5538 et
2416 5490 2608 5537 contra
2656 5479 2986 5550 principem.
3036 5476 3322 5548 prazsidem
3374 5472 3673 5543 impietatis

2093 5592 2283 5633 eorum
2319 5575 2534 5645 augeri;
2567 5572 2775 5642 aliquid
2803 5572 2962 5627 valde
2989 5569 3248 5625 acerbum
3279 5574 3471 5623 contra
3505 5565 3673 5619 vitam

2096 5684 2251 5725 suam
2296 5666 2628 5735 excogitant.
2672 5665 2875 5719 Dicunt
2921 5663 3066 5719 enim
3101 5662 3265 5717 nobis
3313 5659 3366 5713 in
3403 5666 3529 5712 actu
3572 5672 3675 5710 suo

2095 5760 2371 5835 personati
2396 5759 2618 5814 :Valcat
2644 5756 2931 5811 Nestorius
2952 5773 2967 5821 ;
2986 5753 3310 5809 cormndcm
3360 5750 3673 5820 dogmatutu

2090 5857 2195 5913 erit
2229 5864 2404 5926 pater,
2430 5853 2523 5924 qui
2556 5850 2658 5907 fuit
2684 5858 2740 5907 et
2777 5849 2925 5905 illius
2975 5856 3149 5922 pater.
