4120 6444
470 436 604 501 1363

1735 425 2047 488 LEONTII
2088 410 2489 484 BYZANTINI

3578 392 3715 459 1365

468 547 655 602 Ταῦτα
679 546 808 616 παρ’
838 544 1051 606 ἑαυτοῖς
1113 539 1433 610 στήσαντες,
1468 536 1563 589 καὶ
1601 536 1835 606 ἀρίστην
1864 532 2072 602 ταύτην
2112 531 2263 601 σφίσι
2301 525 2666 597 καταθέμενοι
2720 520 2936 593 βουλὴν,
3011 514 3287 584 Θεόδωρον
3340 505 3456 563 ἀντ’
3504 504 3717 559 ἐκείνου

464 644 578 705 τοῖς
608 640 819 701 πιστοῖς
848 634 1224 706 προΐσχονται.

532 758 622 813 Vl.
654 754 813 823 Quod
846 768 980 809 vero
1024 760 1109 806 est
1156 750 1243 804 his
1289 744 1671 803 admirabilius
1720 744 1845 815 (etsi
1891 743 2041 798 enim

2218 742 2310 807 (τ’.
2337 737 2411 790 To
2431 735 2487 789 δὲ
2514 733 2722 787 τούτων
2751 723 3225 797 θαυμασιώτερον,
3257 720 3465 790 καίπερ
3516 715 3725 787 παρελ-

463 850 713 904 volebam
742 845 1172 918 prmteriremou
1192 853 1374 896 tamen
1403 838 1741 908 siuor),cum
1762 845 2040 892 versatam

465 942 735 996 malitiam
781 938 1208 993 Manichaiorum
1255 933 1453 988 imitati
1504 938 1720 998 essent,
1759 945 1861 985 nec
1893 929 2043 984 enim

467 1034 628 1089 aliter
658 1033 791 1101 ipsis
834 1030 1018 1085 vivere
1053 1028 1273 1092 licebat,
1320 1026 1463 1080 sicut
1510 1024 1590 1079 illi
1639 1039 1697 1079 se
1743 1023 1799 1076 in
1839 1022 2045 1076 electos

468 1138 607 1193 quos
633 1122 736 1191 ipsi
765 1130 985 1181 vocant,
1010 1128 1065 1174 et
1095 1119 1150 1172 in
1172 1116 1584 1179 iuditlcrentes;
1621 1114 1703 1168 sic
1748 1112 1805 1166 hi
1838 1111 2047 1181 seipsos

470 1214 659 1285 partiti
692 1221 820 1269 sunt
851 1214 909 1267 in
949 1211 1259 1266 imitatores
1297 1209 1473 1279 ipsius
1503 1205 1765 1271 Nestorii,
1800 1213 1856 1260 et
1892 1219 2047 1259 com-

472 1306 795 1361 munionem
828 1320 893 1359 ac
930 1304 1253 1359 societatem
1281 1302 1400 1372 ejus
1432 1299 1615 1370 magni
1647 1298 1939 1361 facientes,
1990 1304 2048 1350 et

473 1399 530 1452 in
559 1397 1090 1451 anathematizantes
1125 1393 1462 1456 Nestorium,
1498 1389 1825 1445 simulantes
1864 1395 2049 1441 autem

471 1487 733 1545 Ecclesia:
756 1487 1218 1542 communionem.
1234 1483 1391 1550 Quod
1420 1498 1552 1537 vero
1578 1482 1683 1536 hoc
1704 1498 1813 1535 non
1829 1480 2048 1551 fingam,

480 1581 637 1636 testis
669 1590 775 1646 est,
807 1580 900 1649 qui
939 1580 1155 1633 occulta
1179 1576 1329 1631 videt
1356 1594 1369 1629 :
1396 1590 1521 1630 cum
1548 1573 1697 1629 enim
1735 1573 1957 1644 quidam
1984 1589 2051 1627 ex

480 1672 737 1728 fidelibus
769 1680 991 1726 coactus
1018 1678 1163 1726 esset
1196 1669 1265 1723 ab
1298 1668 1452 1738 ipsis,
1487 1677 1546 1721 ut
1576 1682 1700 1721 cum
1741 1666 1875 1735 ipsis
1903 1680 2053 1721 com-

477 1765 796 1819 munionem
815 1763 1067 1827 haberet,
1099 1771 1155 1817 et
1176 1762 1325 1817 clero
1352 1758 1614 1815 Ecclesia:
1642 1757 2049 1823 ascriberetur;

478 1867 764 1928 postquam
789 1854 1047 1909 viderunt
1064 1871 1189 1911 eum
1210 1870 1277 1909 ex
1299 1853 1403 1907 isto
1420 1851 1671 1907 horribili
1694 1866 1827 1904 ausu
1848 1848 2054 1904 factum

477 1948 815 2019 pigriorem:
866 1945 1032 2012 Quid,
1085 1946 1364 2015 inquiunt.
1420 1956 1651 2004 maeres,
1709 1939 1755 1993 si
1808 1938 2053 1992 Ecclesia

478 2050 737 2111 tanquam
765 2038 1022 2110 praetorio
1044 2038 1237 2099 uteris,
1252 2043 1309 2090 et
1331 2035 1482 2089 clero
1506 2043 1763 2102 tanquam
1783 2029 2052 2093 exercitu,

2144 833 2257 886 θεῖν
2290 829 2480 892 θέλων,
2511 827 2611 880 οὐκ
2648 822 3051 893 ἐπιτρέπομαι·
3088 813 3357 888 τὴνιγὰρ
3390 812 3501 865 τῶν
3544 811 3724 865 Μανι-

2144 924 2317 995 χαίων
2353 917 2693 990 ἐζηλωκότες
2731 910 3072 982 πανουργίαν
3100 907 3243 978 (οὐδέ
3275 905 3385 974 γὰρ
3417 903 3593 965 ἄλλως
3626 899 3726 954 αὖ·

2144 1020 2259 1078 τοῖς
2290 1014 2554 1085 βιοτεύειν
2584 1008 2733 1079 ἐξῆν)
2767 1008 2957 1077 ὥσπερ
2997 1005 3194 1056 ἐκεῖνοι
3230 999 3310 1062 είς
3347 997 3476 1060 τοὺς
3521 994 3755 1085 καλου-ἐ

2155 1058 2255 1078 ’νυν
2290 1058 2547 1085 τηαν-η
2585 1058 2731 1079 -τ-.-ι
2775 1058 2838 1060 —~~
2926 1058 2938 1077 .
3291 1058 3304 1062 -
3457 1058 3466 1060 ν

2150 1107 2347 1179 μένους
2374 1102 2667 1164 ἐκλεκτοὺς
2695 1098 2789 1154 καὶ
2817 1095 3167 1166 ἀδιαφόρους,
3198 1090 3342 1145 οὕτω
3368 1088 3431 1157 δὴ
3457 1087 3553 1140 καῖ⁸
3574 1058 3755 1138 οὗτοι1

2147 1177 2487 1254 καταδιεῖλον
2528 1193 2760 1255 ἑαυτοὺς
2791 1191 2871 1253 είς
2909 1205 2971 1241 τε
3001 1187 3127 1249 τοὺς
3162 1183 3329 1237 αὑτὸν
3378 1177 3730 1250 ἐζηλωκότας

2146 1291 2446 1361 Νεστόριον
2494 1286 2593 1340 καὶ
2648 1283 2747 1354 τὴν
2796 1279 3080 1335 κοινωνίαν
3133 1276 3298 1331 αὐτοῦ
3346 1272 3476 1344 περὶ
3528 1267 3728 1324 πολλοῦ

2151 1382 2532 1453 ποιουμένους,
2556 1378 2653 1432 καὶ
2678 1378 2758 1439 είς
2783 1375 2910 1437 τοὺς
2938 1373 3146 1426 ἐκεῖνον
3171 1367 3270 1439 μὲν
3299 1362 3731 1433 ἀναθεματίζονο

2151 1495 2273 1543 τας,
2304 1470 2767 1543 ὑποκρινομένους
2804 1466 2862 1520 δὲ
2907 1465 3009 1536 τὴν
3036 1463 3137 1532 τῆς
3179 1456 3509 1528 Ἐκκλησίας
3536 1470 3731 1508 κοινω-

2152 1569 2293 1624 νίαν.
2330 1566 2442 1621 Καὶ
2492 1564 2574 1618 ὅτι
2625 1559 2782 1615 τοῦτο
2831 1559 2892 1613 οὐ
2945 1548 3255 1608 πέπλασταί
3313 1565 3425 1619 μοι,
3461 1544 3734 1617 μαρτυρεῖ

2154 1664 2182 1715 ό
2209 1661 2317 1715 τῶν
2346 1653 2609 1729 κρυπτῶν
2632 1652 2827 1723 ἔφορος
2849 1667 2862 1681 ·
2894 1649 2990 1703 καὶ
3014 1646 3124 1717 γάρ
3148 1660 3295 1707 τινος
3329 1639 3438 1693 τῶν
3460 1637 3729 1709 γνησίων,

2155 1749 2605 1821 ἀναγκαζομένου
2656 1747 2785 1814 παρ’
2820 1743 3022 1805 αὐτῶν,
3074 1738 3169 1792 καὶ
3218 1731 3729 1792 κοινωνεῖναὺτοῖς,

2154 1849 2253 1902 καὶ
2282 1844 2361 1915 τῷ
2393 1842 2580 1913 κλήρῳ
2611 1841 2712 1909 τῆς
2753 1834 3079 1904 Ἐκκλησίας
3110 1826 3509 1899 ἐγγράφεσθαι,
3541 1822 3734 1892 ἐπειδὴ

2155 1936 2293 2009 πρὸς
2338 1934 2398 1988 τό
2443 1932 2585 1987 οὓτω
2619 1929 2850 2001 φρικτὸν
2879 1926 3139 1994 τόλμημα
3171 1920 3533 1991 ὀκνηρότερον
3585 1916 3731 1980 ίδον,

2158 2008 2224 2084 Τί
2251 2030 2425 2099 λυπῇ,
2455 2024 2639 2095 φασὶν,
2667 2023 2716 2075 εἰ
2743 2024 2809 2091 τῇ
2846 2018 2943 2090 μὲν
2984 2015 3283 2085 Ἐκκλησία
3305 2012 3381 2075 ὡς
3406 2008 3734 2080 πραιτωρίῳ

474 2142 533 2188 et
561 2132 723 2187 fidem
744 2140 985 2187 nostram
1005 2130 1269 2194 habes,et
1287 2126 1733 2183 communionem
1764 2123 2050 2177 nobiscum

2159 2124 2411 2194 χρήσαιο,
2443 2118 2537 2171 καὶ
2566 2115 2646 2187 τῷ
2672 2113 2859 2184 κλήρῳ
2888 2110 2964 2175 ὡς
3007 2107 3262 2179 στρατιᾷ,
3296 2105 3395 2177 τὴν
3444 2102 3501 2155 δὲ
3547 2102 3735 2156 πίστιν

475 2222 869 2292 amplecteris?
912 2221 1008 2276 Ille
1036 2229 1220 2275 autem
1270 2232 1396 2273 cum
1449 2217 1506 2270 in
1555 2214 1789 2269 dubium
1826 2212 1895 2267 de
1947 2212 2054 2265 hoc

476 2316 599 2385 ipso
632 2314 779 2385 quod
835 2313 1115 2373 audiebat,
1147 2311 1382 2374 veniret,
1418 2308 1737 2377 diceretque
1780 2305 1900 2360 ﬁeri
1946 2319 2057 2358 non

481 2419 643 2475 posse
696 2411 757 2458 ut
783 2418 909 2457 cum
939 2402 1073 2472 ipsis
1106 2411 1163 2456 et
1189 2416 1314 2456 cum
1344 2399 1589 2455 Ecclesia
1616 2396 1932 2453 communio
1961 2395 2059 2449 ha-

478 2496 706 2551 beretur
734 2536 749 2558 ,
799 2494 920 2549 Non
965 2501 1205 2563 oportet,
1255 2490 1546 2559 inquiunt;
1567 2499 1621 2542 te
1646 2487 1877 2541 moleste
1912 2484 2058 2539 ferre

481 2590 623 2642 hanc
652 2585 1044 2643 oeconomiam.
1073 2583 1239 2639 Panis
1284 2583 1433 2637 enim
1472 2581 1528 2635 in
1573 2587 1761 2651 typum
1810 2576 2060 2647 corporis

479 2679 686 2736 Christi
735 2676 1052 2749 propositus
1087 2675 1212 2746 plus
1256 2671 1662 2728 benedictionis
1712 2667 2059 2740 participavit

479 2789 647 2845 quam
680 2771 839 2842 panis
878 2770 973 2840 qui
1009 2768 1065 2823 in
1117 2768 1238 2823 foro
1289 2764 1571 2830 venditur,
1609 2771 1666 2818 et
1694 2778 1857 2833 quam
1888 2776 2059 2832 panes

479 2880 624 2937 quos
662 2862 1131 2920 Pbilomarianita:
1167 2859 1411 2915 offerunt
1456 2858 1510 2913 in
1541 2858 1768 2913 nomine
1814 2854 2018 2910 Mariae.

546 3088 659 3144 VII.
691 3088 931 3159 Tempus
956 3095 1041 3141 est
1074 3086 1185 3156 jam
1217 3092 1277 3139 ut
1344 3080 1535 3136 laudes
1580 3077 1763 3152 magni
1813 3074 2058 3132 doctoris

482 3179 759 3235 Theodori
781 3193 1105 3243 narremus;
1139 3177 1289 3231 hunc
1330 3174 1481 3229 enim
1513 3171 1672 3227 aiunt
1713 3184 1835 3225 esse
1876 3169 2055 3234 illum,

477 3285 641 3339 quem
671 3283 903 3338 magnus
930 3268 1191 3333 Joannes,
1223 3274 1415 3335 utpote
1444 3279 1512 3319 ex
1535 3260 1821 3333 proposito
1861 3275 2056 3314 mona—

477 3362 601 3418 stici
632 3360 869 3416 instituti
899 3361 1138 3430 lapsum,
1168 3358 1263 3429 qui
1294 3356 1719 3427 promissionem
1763 3352 2056 3422 abiurave-

2158 2187 2303 2283 ἔχοις
2350 2211 2449 2282 τὴν
2505 2205 2807 2278 ἡμετέραν,
2842 2202 2937 2255 καὶ
2989 2199 3090 2269 τὴν
3141 2193 3432 2251 κοινωνίαν
3460 2191 3561 2263 τὴν
3615 2187 3739 2262 μεθ’

2158 2305 2316 2378 ἡμῶν
2346 2292 2653 2365 ἁσπάζοιος
2696 2294 2942 2350 Ἐκείνου
2974 2292 3031 2346 δὲ
3077 2291 3157 2353 εἰς
3190 2286 3353 2341 τοῦτο
3383 2284 3515 2341 αὐτὸ
3542 2284 3740 2337 διαποο

2162 2374 2450 2469 ρουμένου,
2492 2392 2589 2447 καὶ
2619 2389 2885 2445 ἀδύνατον
2936 2379 3077 2439 εἶναι
3112 2384 3416 2451 φάσκοντος
3456 2374 3742 2437 κάκείνοις

2159 2468 2440 2542 κοινωνεῖν
2472 2482 2566 2539 καὶ
2595 2485 2663 2554 τῇ
2707 2477 3041 2550 Ἐκκλησία,
3090 2474 3167 2529 Οὐ
3220 2473 3301 2527 δεῖ
3346 2487 3428 2532 σε,
3480 2469 3635 2537 φασὶ,
3668 2468 3738 2536 τῇ

2157 2579 2386 2651 τοιαύτῃ
2436 2574 2815 2647 δυσχεραίνειν
2852 2568 3136 2640 οἰκονομίᾳ
3158 2584 3171 2597 ·
3207 2564 3300 2619 τοῦ
3346 2563 3455 2635 γὰρ
3494 2562 3580 2614 ἐπ’
3610 2561 3742 2629 ἁγο-

2164 2676 2264 2746 ρᾶς
2306 2667 2763 2744 πιπρασκομένου
2808 2664 2998 2736 ἄρτου,
3031 2662 3127 2715 καὶ
3163 2651 3240 2713 ὧν
3268 2658 3316 2711 oi
3342 2654 3743 2726 Φιλομαριαμῖ.

2157 2786 2251 2824 ται
2280 2764 2693 2839 προσφέρουσιν
2738 2762 2820 2825 εἰς
2848 2759 2910 2813 τὺ
2933 2758 3107 2826 ὄνομα
3137 2754 3239 2823 τῆς
3269 2750 3515 2823 Μαρίας,
3560 2747 3746 2801 πλείο-

2167 2876 2255 2923 νος
2295 2856 2597 2928 τετύχηκεν
2648 2852 2923 2921 εὐλογίας,
2957 2851 2985 2902 ὁ
3014 2849 3095 2912 είς
3141 2845 3314 2901 τύπον
3361 2843 3455 2898 τοῦ
3486 2840 3744 2914 σώματος

2158 2948 2255 3004 τοῦ
2291 2944 2529 3021 Χριστοῦ
2563 2942 2926 3016 προκείμενος
2952 2939 3137 3011 ἄρτος.

2230 3087 2301 3139 Z'.
2324 3081 2534 3153 Καιρδς
2559 3080 2615 3133 δέ
2642 3078 2742 3151 ἤδη
2770 3078 2837 3132 τὰ
2884 3076 2981 3129 τοῦ
3010 3073 3248 3145 μεγάλου
3276 3071 3456 3127 αὐτῶν
3483 3068 3746 3124 διδασκάο

2159 3180 2251 3233 λου
2283 3174 2561 3245 Θεοδώρου
2584 3169 2877 3235 διεξελθεῖν
2905 3165 3156 3238 ἐγκώμια
3182 3181 3195 3195 ·
3218 3163 3408 3219 τοῦτον
3436 3162 3545 3233 γάρ
3576 3179 3747 3231 φασιν

2160 3266 2302 3323 εἶναι
2354 3269 2562 3320 ἐκεῖνον
2590 3306 2605 3331 ,
2633 3265 2693 3317 ὃν
2741 3265 2770 3317 ό
2815 3261 2991 3331 μέγας
3032 3258 3320 3329 Ἰωάννης,
3352 3256 3448 3311 an;
3505 3254 3601 3307 καὶ
3639 3253 3745 3322 τῆς

2162 3359 2476 3432 προθέσεως
2505 3353 2922 3419 ἐκπεπτωκότα,
2944 3351 3040 3405 καὶ
3063 3350 3163 3421 τὴν
3187 3345 3523 3417 ἐπαγγελίαν
3547 3342 3745 3415 ἐξομο-

477 3464 565 3509 rat
600 3495 613 3513 .
672 3453 888 3508 duabus
935 3450 1184 3521 epistolis
1242 3457 1504 3518 tanquam
1551 3446 1769 3501 duobus
1828 3442 2052 3497 funibus

2165 3452 2422 3522 σάμενον,
2452 3448 2604 3502 δυσὶν
2629 3444 2940 3507 ἐπιστολαῖς
2976 3442 3168 3512 ὥσπερ
3201 3440 3392 3501 κάλοις
3421 3439 3663 3508 ἰσχυροῖς
3680 3452 3744 3488 τε

478 3546 715 3602 fortibus
742 3554 799 3599 et
831 3541 1123 3613 praelongis
1153 3540 1367 3610 lapsum
1395 3539 1451 3593 in
1481 3535 1819 3609 profundum
1852 3534 2053 3589 intem-

477 3638 763 3710 perantiae,
796 3637 1091 3691 extrahere
1118 3633 1350 3689 studuit.

551 3772 687 3826 Ylll.
720 3770 877 3824 llunc
910 3770 1067 3824 aiunt
1107 3783 1218 3822 non
1262 3764 1499 3836 amplius
1547 3777 1711 3833 quam
1760 3760 1950 3815 decem
1996 3766 2053 3813 et

478 3873 606 3920 octo
628 3876 801 3915 annos
830 3868 1017 3913 natum
1051 3859 1106 3911 in
1134 3856 1449 3925 Scripturas
1475 3851 1873 3908 debacchatum
1896 3862 2051 3903 esse:

478 3971 589 4009 non
639 3953 785 4008 enim
831 3950 937 4005 nisi
986 3946 1445 4004 debacchationes
1495 3942 1930 4012 Scripturarum,
1974 3940 2054 3992 in-

482 4043 905 4114 terpretationes
954 4055 1090 4111 quas
1143 4039 1201 4094 in
1237 4053 1332 4094 eas
1384 4033 1734 4106 composuit),
1779 4032 2053 4103 appellare

478 4151 726 4209 possum.

547 4248 640 4303 IX.
690 4249 862 4303 Aiunt
924 4247 1118 4309 hunc,
1171 4259 1301 4299 cum
1346 4240 1512 4297 vellet
1578 4252 1770 4308 rapere
1832 4235 2053 4290 oculum

478 4341 688 4397 Cilicia:
741 4338 1005 4403 Tarsum,
1068 4345 1361 4407 postquam
1406 4332 1684 4389 Diodorus
1732 4330 1827 4400 qui
1878 4328 2057 4384 fuerat

484 4434 614 4488 huic
663 4432 935 4487 malorum
995 4437 1051 4483 et
1105 4425 1404 4496 impietatis
1466 4432 1658 4477 auctor
1716 4429 1773 4475 et
1830 4420 1941 4474 dux
1993 4432 2057 4473 ac

482 4534 660 4594 pater,
708 4524 777 4578 ab
819 4523 925 4577 hac
961 4521 1073 4574 vita
1121 4516 1371 4581 recessit,
1402 4530 1433 4570 a
1469 4513 1786 4584 Theophilo
1819 4511 2055 4566 Alexan-

482 4616 645 4671 drino
696 4614 1035 4685 prohibitum
1087 4610 1293 4673 fuisse,
1346 4623 1417 4663 ne
1482 4606 1589 4663 hoc
1655 4606 1922 4669 auderet;
1988 4604 2056 4658 ad

480 4724 608 4763 eum
658 4706 806 4760 enim
850 4703 1179 4775 legationem
1222 4701 1516 4767 miserunt,
1564 4699 1663 4770 qui
1711 4695 2054 4770 tyrannidem

484 4792 858 4863 patiebantur.

553 4948 621 5004 Χ.
656 4948 757 5004 Hic
787 4947 1144 5003 exsecrabilis
1176 4948 1233 5003 in
1266 4945 1628 5003 celeberrima
1674 4944 1906 5000 ecclesia
1937 4944 2051 4998 An-

482 5042 721 5105 tiochiae,
746 5051 807 5096 ut
830 5039 1109 5110 quondam
1138 5040 1461 5105 vocabatur,
1486 5052 1636 5093 nunc
1658 5044 1842 5092 autem
1871 5035 2053 5090 Theo-

484 5133 646 5203 polis,
698 5148 824 5186 cum
857 5131 1177 5203 explanaret
1222 5131 1558 5203 Scripturas,
1603 5144 1770 5185 ausus
1808 5136 1893 5183 est
1927 5142 2053 5181 cum

483 5228 655 5280 multa
686 5226 812 5291 alia,
847 5234 961 5280 tum
1000 5240 1191 5280 vocem
1220 5225 1500 5290 Θεοτόκος,
1532 5225 1584 5279 id
1633 5234 1757 5289 est,
1790 5222 2050 5291 Deipara.

483 5319 820 5387 vituperare,
858 5325 919 5372 ut
954 5317 1030 5371 ita
1068 5316 1196 5373 inde
1236 5324 1408 5373 totum
1454 5326 1644 5373 contra
1695 5332 1754 5371 se
1788 5312 2051 5386 populum

485 5417 881 5463 commoveret.

559 5519 651 5573 Kl.
684 5520 785 5575 llic
818 5522 1083 5576 scelestus
1112 5521 1167 5575 in
1201 5522 1351 5577 onmi
1395 5536 1559 5593 prava
1600 5516 2058 5588 interpretatione

489 5611 899 5681 Scripturarum
934 5613 1154 5669 labores
1185 5623 1503 5669 sanctorum
1540 5613 1832 5668 doctorum
1869 5609 1962 5680 qui
1998 5610 2053 5663 in

490 5704 572 5755 eis
602 5701 942 5767 laborarunt,
978 5719 1259 5774 nunquam
1303 5705 1535 5760 irridere
1562 5713 1619 5759 et
1646 5702 1877 5758 illudere
1904 5699 2053 5756 desi-

493 5788 679 5844 nebat.
709 5792 910 5847 Videor
943 5802 1125 5849 autem
1174 5796 1282 5853 iam
1334 5795 1494 5862 affici,
1530 5804 1589 5850 ut
1620 5795 1757 5851 dixit
1795 5792 2051 5859 Basilius,

2162 3543 2257 3596 καὶ
2304 3541 2628 3612 εὐμήκεσιν,
2660 3540 2741 3601 εἰς
2787 3536 2877 3590 τὸν
2912 3531 3427 3605 βυθδνῖιὲμπεσόντα
3458 3530 3558 3600 τῆς
3588 3529 3745 3583 ’ἀκο-

2168 3636 2381 3700 λασίας,
2409 3634 2727 3689 ἀνασπᾶσαι
2748 3627 3103 3683 ἐσπούδασεν.

2234 3771 2313 3826 H'.
2352 3767 2557 3823 Τοῦτόν
2598 3782 2766 3835 φασιν
2819 3762 2963 3817 ὀκτὼ
3001 3759 3139 3831 πρὸς
3183 3761 3299 3822 τοῖς
3348 3759 3501 3822 δέκα,
3542 3755 3638 3810 καὶ
3681 3755 3746 3808 οὔ

2165 3862 2420 3923 πλείονας
2472 3860 2679 3927 ἄγοντα
2733 3856 2983 3927 χρόνους,
3022 3852 3167 3907 κατά
3208 3850 3314 3905 τῶν
3352 3849 3515 3921 ἱερῶν
3545 3864 3749 3917 παροι-

2166 3956 2328 4022 νῆσαι
2358 3950 2593 4022 Γραφῶν
2612 3966 2627 3980 ·
2666 3950 2728 4002 ού
2755 3948 2864 4018 γὰρ
2908 3945 2974 4001 ἂν
3012 3944 3188 4008 ἄλλως
3222 3942 3515 4012 καλέσαιμ’
3544 3939 3611 3995 ἂν
3640 3938 3757 4003 τὰς

2166 4044 2332 4099 αὐτοῦ
2377 4040 2699 4115 ἑρμηνείας,
2731 4041 2830 4103 τὰς
2873 4040 2951 4102 είς
2986 4036 3083 4102 τὰς
3130 4034 3283 4099 θείας
3320 4033 3747 4104 συντεθειμένας

2171 4136 2414 4210 Γραιρὰς.
3078 4201 3085 4207 ,

2237 4251 2316 4304 Θ’,
2352 4247 2553 4302 Τοῦτον
2609 4245 2868 4309 ὡσαύτως
2913 4244 3103 4313 φασὶν,
3151 4242 3398 4313 ἁρπάσαι
3443 4240 3749 4311 θελήσαντα

2162 4344 2254 4398 τὸν
2310 4343 2407 4412 τῆς
2453 4340 2696 4394 Κιλίκων
2736 4336 3015 4407 ὀφθαλμὸν
3074 4335 3173 4405 τὴν
3224 4334 3461 4406 Ταρσὸν,
3500 4331 3690 4402 ἐπειδὴ
3717 4332 3750 4384 ό

2171 4435 2281 4491 τῶν
2309 4432 2499 4489 κακῶν
2523 4429 2674 4502 αὐτῷ
2706 4429 2800 4484 καὶ
2830 4428 2930 4498 τῆς
2957 4427 3211 4489 ἀσεϐείας
3237 4425 3549 4497 ἀρχηγέτης
3594 4423 3750 4492 γενό-

2178 4544 2339 4598 μενος
2367 4525 2461 4580 καὶ
2487 4522 2671 4594 πατὴρ
2704 4520 2968 4590 Διόδωρος
2996 4517 3086 4572 τὸν
3107 4517 3234 4587 τῇδε
3269 4515 3571 4587 μετήλλαξε
3608 4515 3748 4585 βίον,

2168 4620 2197 4672 ὁ
2225 4617 2326 4687 τῆς
2362 4614 2770 4685 Ἀλεξανδρέων
2793 4609 3050 4680 Θεόφιλος
3089 4609 3290 4663 κωλύει
3328 4605 3428 4660 τοῦ
3456 4607 3751 4677 τολμήμα-

2164 4723 2287 4770 τος·
2331 4705 2469 4776 πρδς
2517 4704 2683 4759 αὐτὸν
2722 4701 2831 4774 γὰρ
2872 4701 3182 4757 ἐστείλαντο
3218 4699 3517 4772 πρεσϐείαν
3560 4701 3608 4753 οἱ
3652 4716 3753 4752 τυ-

2171 4800 2365 4875 ραννού
2375 4817 2547 4872 μενοι.

2236 4959 2295 5015 Γ.
2323 4960 2493 5023 Ουτος
2516 4958 2546 5011 ὁ
2573 4956 2827 5029 βδελυρὸς
2845 4957 2904 5009 ἐν
2931 4958 2997 5026 τῇ
3032 4954 3410 5027 μεγαλωνύμῳ
3449 4952 3754 5024 Ἐκκλησία

2168 5052 2268 5121 τῆς
2295 5051 2466 5105 πάλαι
2497 5050 2596 5121 μὲν
2632 5048 2933 5118 Ἀντιόχου,
2964 5046 3061 5101 νῦν
3082 5048 3140 5102 δέ
3163 5045 3299 5100 Θεοῦ
3325 5036 3532 5109 πόλεως
3553 5044 3749 5099 καλουι

2173 5144 2344 5215 μένης
2373 5141 2760 5212 ἐξηγούμενος,
2794 5140 3099 5210 ἐτόλμησεν
3158 5138 3297 5193 ἄλλα
3339 5154 3400 5191 τε
3428 5137 3618 5202 πολλὰ,
3650 5138 3750 5191 καὶ

2161 5233 2263 5304 τὴν
2316 5234 2604 5297 Θεοτόκος
2655 5231 2964 5301 δυσφημεῖν
3003 5231 3187 5301 φωνήν
3208 5234 3223 5248 ⁵
3286 5228 3361 5293 ὡς
3396 5227 3518 5282 ὅλον
3569 5227 3754 5283 ἐντεῦ-

2169 5323 2261 5377 θεν
2301 5322 2426 5377 καθ’
2458 5320 2654 5376 ἐαυτοῦ
2687 5321 3017 5393 συγκινῆσαι
3047 5321 3141 5375 τὸν
3167 5322 3359 5394 δῆμον.

2238 5514 2342 5571 IA'.
2371 5518 2540 5581 Ουτος
2562 5519 2589 5571 ό
2619 5517 2817 5589 μιαρὸς
2843 5518 2937 5572 ἐπὶ
2969 5518 3154 5589 πάσης
3180 5517 3613 5590 παρεξηγήσεως
3633 5518 3748 5572 τῶν

2167 5609 2327 5664 θείων
2371 5610 2625 5683 Γραφῶν,
2664 5610 2933 5666 σκώπτων
2960 5611 3051 5665 καὶ
3084 5608 3353 5681 διασύρων
3382 5609 3507 5671 τοὺς
3548 5609 3749 5672 πόνους

2162 5700 2273 5756 τῶν
2314 5700 2397 5765 είς
2439 5701 2609 5766 αὐτὰς
2653 5701 3016 5773 κεκμηκότων
3052 5699 3215 5772 ίερῶν
3247 5698 3607 5763 διδασκάλων,
3642 5698 3750 5752 οὐκ

2161 5790 2459 5851 ἐπαύσατο.
2496 5795 2688 5854 Ἔοικα
2723 5794 2780 5850 δέ
2807 5812 2870 5867 γε
2902 5794 3084 5851 λοιπὸν
3116 5794 3367 5866 πάσχειν,
3396 5791 3471 5858 ὡς
3508 5792 3535 5846 ὁ
3568 5789 3747 5863 μέτες
