4120 6478
444 450 580 515 13ῧῦ
604 504 608 507 .

1392 454 1561 518 ADV-
1605 456 2314 519 INCORRUPTICOLAS
2354 455 2448 515 ET
2484 455 2803 516 NESTOR.

3570 447 3707 512 1366

437 569 542 635 εφη
578 562 881 628 Basiliam;
907 564 972 617 ὲκ
997 565 1346 637 ραπίσματος
1373 566 1670 622 διευθύνων
1694 569 1786 623 τδν
1826 570 2019 641 ἀνδρο-

2131 584 2190 622 ex
2221 584 2405 638 pugno
2455 584 2518 623 ac
2546 567 2723 638 plaga,
2760 564 3050 635 corrigens
3081 561 3434 618 homicidam.
3462 562 3584 619 Sed‘
3606 579 3705 631 age

439 658 619 726 φόνον.
665 656 811 710 Ἀλλ’
834 658 935 726 ἄγε
979 659 1044 728 δὴ
1078 658 1368 730 μετάϐηθι,
1392 663 1488 715 καὶ
1530 662 1623 715 τὸν
1654 663 1763 717 ἔσω
1815 664 2019 733 κόσμον

437 752 642 812 ἄεισον,
672 753 770 805 καὶ
795 752 886 805 τὸν
917 753 974 805 ὲν
1001 754 1303 825 ἀπορρήτῳ
1325 755 1509 819 αὐτοῖς
1539 756 1637 808 καὶ
1666 758 1780 819 τοῖς
1802 756 2018 820 πολλοῖς

438 841 661 905 ἄϐατον,
686 842 778 895 τὸν
830 843 931 914 τῆς
976 844 1233 908 ἀσεϐείας
1262 844 1410 913 λέγω
1454 847 1626 917 μυχὸν
1658 848 2015 901 ὲπόπτευσον.

438 929 554 982 Οὐκ
602 927 977 1002 ὲξορχήσομαι
1036 928 1219 1007 μὲν,
1249 951 1440 1004 φασιν,
1476 937 1812 1008 ἀνακαλύψω
1855 937 1911 990 δὲ
1951 937 2020 991 τά

437 1021 537 1090 τῆς
583 1021 875 1092 ἀθεότητος
919 1026 1141 1096 μυσαρά
1174 1026 1446 1096 δόγματα.
1496 1027 1909 1100 Δυσχεραινέτω
1962 1029 2019 1082 δὲ

439 1112 575 1181 ἡμῖν
597 1113 693 1165 ἐπὶ
718 1117 833 1179 τοῖς
868 1116 1188 1189 λεγομένοις
1221 1119 1433 1190 μηδεὶς,
1466 1121 1548 1174 ὅτι
1581 1120 1656 1191 μὴ
1684 1120 1793 1173 τῶν
1832 1120 2019 1173 κακῶν

438 1204 810 1273 ἀκουσμάτων
852 1209 1113 1280 ἀρχηγοὶ,
1156 1212 1293 1282 μηδὲ
1345 1213 1444 1278 τὰς
1501 1213 1682 1275 αἰτίας
1707 1215 1869 1284 ἡμεῖς
1907 1214 2020 1276 τοῖς

441 1296 840 1368 ῥηθησομένοις
860 1300 1176 1371 δεδώκαμεν
1199 1321 1214 1335 ο
1248 1304 1446 1358 πολλαὶ
1475 1305 1586 1376 γὰρ
1616 1305 1790 1376 βίϐλοι
1830 1306 2023 1375 φέρου-

440 1405 528 1441 σιν
582 1389 765 1443 αὐτῶν
818 1391 888 1445 τὰ
944 1392 1080 1447 ἄθεα
1135 1398 1454 1467 μυστήρια*
1495 1399 1619 1451 ἐπεὶ
1666 1397 1863 1461 καύτὸς
1909 1395 2021 1465 ἐγὼ

442 1476 715 1548 εὐξαίμην
750 1479 815 1532 ἂν
847 1479 925 1549 τῷ
974 1480 1126 1552 Θεῷ,
1160 1487 1283 1555 σιγῇ
1341 1485 1433 1539 καὶ
1480 1486 1659 1557 σκότῳ
1696 1486 1764 1539 τὰ
1795 1484 2021 1539 τοιαῦτα

441 1565 892 1637 συγκαλυφθῆναι
949 1570 1050 1640 τῆς
1098 1571 1358 1637 ἀσεϐείας
1402 1578 1701 1645 μυστήρια.
1745 1575 1860 1629 Νῦν
1889 1574 1933 1628 δ’
1958 1575 2018 1628 οὗ

440 1657 549 1726 γὰρ
572 1658 657 1710 ῖνα
700 1659 886 1711 κακῶν
922 1660 1172 1732 μαθητὰς
1206 1664 1550 1735 ποιησαίμην
1591 1666 1757 1736 ὑμᾶς,
1796 1664 1910 1718 ἀλλ’
1935 1664 2023 1717 ἵνα

438 1746 549 1800 τῶν
594 1748 784 1802 δεινῶν
828 1750 1230 1823 ἀπαλλάξαιμι,
1275 1754 1359 1818 είς
1404 1754 1597 1808 τούσδε
1647 1756 1775 1819 τοὺς
1830 1754 2023 1823 λόγους

438 1837 683 1907 ἐμαυτὸν
739 1839 981 1912 καθῆκα,
1046 1843 1209 1909 αὐτός
1254 1861 1313 1897 τε
1377 1846 1766 1918 προτροπάδην
1825 1846 2023 1909 αὐτοὺς

2126 662 2317 725 transi,
2343 668 2400 714 et
2431 661 2753 715 interiorem
2780 667 3045 714 ornatum!
3058 657 3253 722 lauda;
3283 666 3348 712 et'
3367 672 3533 711 cerne
3557 655 3705 725 quod

2123 763 2335 808 secreto
2366 752 2470 822 ipsi
2501 761 2726 807 servant
2751 761 2809 807 et
2840 768 2869 805 a
2901 750 3062 821 vulgo
3113 758 3386 804 remotum
3409 789 3423 811 ,
3459 746 3704 802 abditam

2123 842 2268 907 dico,
2302 851 2358 897 et
2396 843 2735 912 penetralem
2789 842 3152 912 impietatem.
3183 840 3303 894 Non
3352 838 3576 893 eﬂ'erani
3626 844 3707 890 ta.

2122 934 2318 1000 cenda,
2354 942 2414 988 ut
2447 934 2555 989 dici
2603 934 2765 999 solet,
2796 933 2892 988 sed
2919 921 3280 987 exsecrabilia
3316 930 3571 1001 dogmata
3608 927 3708 996 τῆς

2122 1026 2419 1098 ἀθεότητος
2443 1027 2709 1097 aperiam.
2746 1026 2919 1080 Nemo
2953 1024 3144 1094 iniquo
3190 1022 3399 1087 animo,
3446 1035 3569 1090 quae
3617 1018 3705 1073 di-

2124 1127 2338 1184 centur,
2392 1119 2575 1184 ferat,
2599 1118 2859 1188 quoniam
2912 1132 3022 1170 non
3082 1130 3274 1170 sumus
3314 1130 3415 1169 nos
3450 1122 3708 1167 auctores

2125 1208 2321 1262 horum
2345 1208 2616 1262 malorum
2643 1224 2763 1277 quae
2793 1208 3111 1270 andientur,
3136 1221 3315 1274 neque
3348 1219 3543 1259 causas
3567 1217 3707 1272 prae-

2125 1301 2347 1355 buimus
2389 1299 2792 1364 dicendorum;
2841 1299 2897 1353 in
2954 1298 3143 1353 multis
3188 1298 3338 1352 enim
3379 1295 3540 1350 libris
3586 1308 3708 1363 my-

2124 1392 2295 1447 steria
2342 1407 2536 1447 eorum
2570 1392 2737 1462 impia
2775 1392 3071 1446 feruntur:
3129 1390 3176 1445 si
3230 1389 3452 1459 quidem
3487 1395 3543 1441 et
3588 1384 3707 1453 ipse

2124 1499 2385 1554 precarer
2414 1495 2474 1538 et
2508 1492 2779 1554 optarem,
2817 1492 2877 1538 ut
2910 1483 3133 1538 silentio
3161 1492 3218 1537 et
3240 1479 3487 1537 tenebris
3516 1478 3710 1547 hujus.-

2126 1575 2275 1630 modi
2314 1576 2612 1646 impietatis
2642 1575 2841 1647 mystia
2869 1581 3342 1645 contegerentur;
3377 1583 3525 1625 nunc
3574 1581 3708 1620 vero

2127 1683 2236 1722 non
2273 1676 2330 1722 ut
2357 1683 2457 1722 vos
2475 1667 2744 1721 malorum
2776 1665 3080 1735 discipulos
3110 1664 3369 1727 facerem,
3400 1658 3496 1716 sed
3522 1657 3710 1728 potius

2128 1765 2245 1812 uta
2274 1757 2536 1829 gravibus
2566 1756 2726 1811 malis
2761 1755 3082 1818 liberarem,
3115 1754 3182 1808 ad
3233 1753 3333 1806 has
3379 1765 3466 1804 me
3518 1763 3710 1802 narra-

2129 1848 2308 1903 tiones
2320 1848 2551 1913 contuli,
2569 1862 2785 1902 summo
2801 1846 2985 1901 studio
3007 1860 3103 1900 eos
3122 1843 3359 1915 fugiens,
3378 1850 3435 1896 et
3448 1838 3708 1894 omnibus

438 1929 679 1998 φεύγων,
712 1932 809 1986 καὶ
858 1935 994 1987 πᾶσι
1052 1935 1198 2004 μέγα
1238 1936 1377 2007 βοῶν
1404 1953 1417 1966 ·
1449 1939 1707 2007 Φεύγετε,
1735 1933 1780 1993 ὦ
1836 1930 2018 2003 οὗτοι,

2131 1954 2285 2011 quam
2322 1954 2544 2010 possum
2578 1938 2813 1992 maxima
2844 1952 2980 1991 voce
3010 1935 3238 1990 dicens:
3266 1931 3460 2003 Fugite
3478 1944 3597 1994 vos,
3615 1928 3707 1981 fu-

439 2019 672 2088 φεύγετε
707 2023 969 2093 κρημνῶν
1008 2023 1104 2078 καὶ
1156 2024 1450 2097 βαράθρων
1498 2030 1715 2100 μακρὰν
1764 2026 2018 2097 φεύγετε,

436 2112 548 2167 τῶν
579 2113 730 2186 πάσῃ
761 2114 1191 2187 μεμολυσμένων
1229 2117 1443 2189 αἱρέσει
1475 2119 1651 2175 ἀθέων
1672 2119 2022 2192 διδαγμάτων

436 2206 539 2268 τὰς
569 2205 789 2276 βίϐλους
814 2207 1067 2278 φεύγετε.

509 2297 610 2351 IB'.
637 2294 804 2359 Οὗτος
837 2302 866 2354 ό
898 2302 1083 2371 σοφὸς,
1114 2302 1191 2366 ὡς
1219 2304 1270 2357 οἱ
1299 2303 1490 2357 τοῦτον
1516 2304 1813 2375 ζηλοῦντες
1840 2306 2022 2374 φαῖεν,

439 2389 536 2441 καὶ
557 2388 727 2460 μέγας
752 2391 1052 2463 Θεόδωρος,
1086 2394 1275 2465 ἐπειδὴ
1303 2395 1501 2467 μικρὸν
1518 2391 1587 2467 ἦν
1619 2395 1769 2467 αὐτῷ
1790 2398 1851 2449 τὸ
1882 2395 2024 2450 κατὰ

439 2476 747 2549 ἀνθρώπων
768 2478 1083 2553 ἀγώνισμα,
1107 2485 1230 2537 κατ’
1261 2485 1432 2555 αὐτῆς
1457 2486 1702 2557 ἐγχειρεί
1732 2487 1827 2539 καὶ
1849 2487 2028 2558 τολμᾷ

439 2567 542 2638 τῆς
591 2569 687 2622 τοῦ
731 2570 1050 2641 Πνεύματος
1088 2573 1272 2645 δόξης,
1310 2576 1493 2639 πάσας
1524 2576 1624 2647 μὲν
1654 2575 1753 2641 τάς
1782 2579 1899 2630 κατ’
1923 2577 2025 2645 έμ-

443 2676 671 2717 πνευσιν
721 2664 888 2718 αὐτοῦ
940 2666 1051 2720 τῶν
1108 2666 1392 2739 θεηγόρων
1444 2668 1693 2739 ὑψηλὰς,
1756 2668 2029 2733 ταπεινῶς

442 2753 807 2825 ἐκλαμϐάνων
833 2757 1076 2828 Γραφὰς,
1103 2760 1421 2831 ἀποκρίνων
1448 2759 1504 2814 δὲ
1530 2762 1593 2815 ὲκ
1622 2764 1717 2814 τοῦ
1741 2760 2028 2832 θεοκρίτου

450 2846 563 2901 τῶν
592 2848 757 2920 ἱερῶν
785 2849 997 2906 Βίϐλων
1028 2851 1289 2924 ἀριθμοῦ.

522 3030 622 3084 II".
653 3030 759 3083 Τόν
813 3047 874 3084 τε
920 3030 1096 3102 μέγαν
1133 3031 1229 3087 τοῦ
1264 3031 1401 3086 Θεοῦ
1440 3032 1773 3104 θεράποντα,
1803 3034 1897 3087 καὶ
1929 3035 2030 3104 τῆς

445 3122 697 3193 ἀνδρείας
722 3121 972 3194 ἔμψυχον
996 3124 1088 3177 καὶ
1117 3123 1206 3178 διὰ
1226 3122 1421 3186 αἰῶνος
1454 3125 1802 3194 ἀνάγραπτον
1827 3123 2030 3194 στήλην

2125 2033 2274 2103 gite;
2313 2047 2345 2086 a
2386 2030 2678 2101 praeruptis
2722 2038 2779 2085 et
2818 2028 3095 2083 barathris
3170 2027 3330 2096 longe
3378 2022 3583 2094 fugite:
3636 2019 3709 2072 li-

2124 2123 2274 2188 bros,
2321 2122 2471 2178 omni
2503 2122 2699 2178 haresi
2741 2119 3038 2192 impiarum
3087 2117 3462 2173 doctrinarum
3510 2113 3710 2185 plenos

2125 2211 2324 2283 fugite.

2195 2302 2312 2357 XII.
2348 2302 2451 2358 Hic
2493 2302 2737 2372 sapiens,
2772 2308 2834 2355 ut
2877 2299 3237 2371 appellabunt
3269 2295 3365 2367 qui
3414 2308 3540 2349 eum
3584 2299 3708 2346 stu—

2126 2395 2281 2451 diose
2316 2402 2649 2464 sequuntur,
2700 2402 2758 2449 et
2796 2408 3031 2462 magnus
3068 2389 3416 2453 Theodorus,
3447 2384 3575 2455 quia
3610 2398 3711 2453 pa-

2127 2499 2249 2539 rum
2283 2493 2400 2539 erat
2430 2485 2481 2539 ei
2521 2499 2646 2539 cum
2697 2482 3022 2538 hominibus
3063 2493 3275 2537 certare
3300 2520 3317 2544 ,
3370 2474 3708 2547 aggreditur.

2125 2586 2181 2633 et
2200 2577 2366 2633 audet
2389 2585 2582 2632 contra
2608 2576 2839 2647 gloriam
2870 2574 3114 2645 Spiritus
3136 2571 3337 2636 sancti,
3364 2584 3491 2625 cum
3517 2581 3713 2623 omnes

2126 2668 2350 2739 quidem
2379 2668 2694 2738 Scripturas
2724 2668 2861 2723 altas
2882 2683 3020 2737 quas
3050 2666 3227 2722 sancti
3253 2665 3434 2720 aﬂlatn
3455 2663 3577 2733 ejus
3602 2670 3714 2715 tra-

2124 2758 2408 2825 diderunt,
2455 2759 2741 2813 humiliter
2769 2768 2827 2814 et
2863 2758 3100 2813 demisse
3130 2756 3506 2825 interpretans
3528 2792 3542 2813 ,
3593 2759 3713 2805 tum

2126 2866 2261 2906 vero
2285 2867 2315 2905 a
2348 2865 2580 2905 numero
2610 2864 2889 2905 sacrarum
2917 2848 3332 2919 Scripturarum
3358 2844 3545 2899 divine
3571 2856 3715 2913 prae-

2130 2943 2337 3011 scripto
2363 2951 2420 2996 et
2445 2940 2685 2995 indicato
2716 2956 2811 2995 eas
2843 2953 3130 3009 separans.

2200 3032 2339 3087 XIII.
2385 3033 2634 3101 Magnum
2672 3032 2769 3087 Dei
2807 3046 3027 3086 servum
3066 3029 3188 3093 Job,
3208 3028 3517 3084 columnam
3553 3025 3716 3079 forti-

2131 3122 2341 3178 tudinis
2365 3122 2683 3187 animatam,
2723 3128 2780 3177 et
2821 3122 3121 3192 spirantem
3163 3120 3382 3175 duobus
3408 3117 3521 3172 fere
3546 3115 3716 3170 milli-

445 3215 538 3267 τὸν
580 3212 722 3278 Ἰὼϐ,
782 3214 903 3267 δυσὶ
961 3215 1090 3285 περί
1135 3232 1236 3267 που
1291 3213 1496 3285 χιλιάσι
1528 3213 1721 3287 [manu
1773 3212 2025 3284 μυριάσιΙ

2134 3216 2237 3271 bus
2276 3229 2536 3270 versuum
2568 3215 2930 3284 perscriptam
2964 3213 3278 3269 conviciose
3325 3209 3610 3280 arguebat,
3657 3214 3715 3262 et

448 3305 651 3375 στίχων
710 3304 928 3360 πλύνων
987 3307 1080 3360 καλ⁹
1136 3306 1578 3378 διαγραφὸμενος
1621 3306 1720 3377 τὴν
1749 3307 1830 3368 είς
1862 3304 2029 3360 αὐτὸν

2131 3308 2472 3377 Scripturam
2502 3306 2742 3376 Spiritus
2774 3306 2948 3361 sancti
2971 3305 3040 3360 de
3068 3321 3136 3361 eo
3171 3303 3495 3375 abrogabat,
3548 3317 3715 3371 quam

446 3394 543 3447 τοῦ
574 3393 895 3463 Πνεύματος
942 3395 1288 3467 συγγραφὴν,
1316 3397 1382 3467 ἦν
1410 3398 1437 3448 ό
1471 3396 1645 3465 μέγας
1682 3394 1936 3457 Ἰάκωϐος
1968 3395 2028 3450 ὲν

2131 3400 2367 3455 Jacobus
2418 3397 2588 3453 frater
2632 3398 2852 3453 Domini
2905 3398 2963 3451 in
3022 3396 3268 3467 Epistola
3322 3394 3421 3450 sua
3446 3393 3717 3448 catholica

446 3488 515 3557 τῇ
558 3486 680 3539 κατ’
707 3485 871 3539 αὐτὸν
908 3486 1171 3557 καθολικῇ
1209 3486 1501 3558 Ἐπιστολῇ
1550 3486 1787 3556 βεϐαιῶν
1820 3485 2026 3549 ἔλεγενο

2131 3490 2460 3546 conﬁrmans
2484 3488 2698 3544 aiebat:
2726 3488 3054 3543 Patientiam
3071 3487 3168 3542 Job
3197 3488 3441 3549 audistis,
3475 3497 3522 3540 et
3554 3484 3718 3553 ﬁnem

455 3575 576 3645 Τὴν
602 3577 922 3646 ὑπομονὴν
952 3577 1073 3634 Ἰὼϐ
1102 3579 1427 3647 ἠκούσατε,
1456 3578 1556 3632 καὶ
1610 3579 1676 3631 τὸ
1707 3577 1884 3644 τέλος
1917 3581 2029 3632 Κυ-

2137 3583 2345 3636 Domini
2375 3582 2573 3636 vidistis
2591 3582 2657 3635 ³⁸.
2692 3581 2812 3636 Non
2836 3580 2982 3635 enim
3024 3580 3247 3635 aliunde
3283 3594 3465 3648 neque
3502 3576 3719 3648 patien-

441 3670 587 3737 ρίου
619 3669 799 3724 ιδετε.
828 3671 902 3725 υύ
938 3671 1045 3742 γὰρ
1076 3669 1300 3725 ἄλλοθέν
1326 3669 1514 3735 ποθεν,
1546 3670 1669 3723 οὐδὲ
1696 3670 1797 3741 τὴν
1825 3671 2029 3740 ὑπομο-

2133 3675 2262 3729 tiam
2285 3675 2618 3741 audivimus,
2647 3691 2825 3746 neque
2849 3675 3013 3731 tinem
3037 3676 3158 3746 ejus
3186 3673 3578 3747 spectavimus,
3609 3672 3715 3727 nisi

451 3764 549 3836 νὴν
567 3764 907 3835 ἠκούσαμεν,
938 3765 1063 3819 οὐδὲ
1096 3764 1159 3818 τὸ
1196 3765 1318 3819 κατ’
1344 3764 1507 3817 αὑτὸν
1539 3764 1697 3828 τέλος
1734 3764 2032 3835 ἱστορήσα-

454 3873 575 3929 μεν,
598 3859 682 3911 ὅτι
715 3858 793 3931 μὴ
826 3861 890 3913 ὲκ
918 3862 1017 3931 τῆς
1048 3859 1171 3913 κατ’
1199 3859 1365 3912 αὐτὸν
1393 3858 1637 3929 Γραφῆς.

520 3954 620 4006 1Δ’.
649 3954 726 4005 Δι’
749 3953 815 4023 ἣν
864 3952 1045 4005 αἰτίαν
1104 3952 1276 4023 αὑτήν
1308 3968 1391 4011 τε,
1441 3945 1618 4021 οἶμαι,
1650 3950 1747 4003 τοῦ
1794 3950 2031 4020 μεγάλου

464 4041 728 4095 Ἰακώϐου
764 4043 864 4114 τὴν
898 4042 1215 4112 ἐπιστολὴν,
1248 4042 1344 4095 καὶ
1385 4040 1485 4104 τὰς
1529 4040 1657 4111 ἑξῆς
1706 4041 1817 4094 τῶν
1860 4041 2035 4095 ἄλλων

452 4134 827 4205 ἀποκηρύττει
879 4132 1194 4195 καθολικάς.
1229 4133 1302 4185 Οὐ
1352 4132 1463 4204 γὰρ
1505 4133 1666 4203 ἢρκει
1703 4134 1854 4203 αὐτῴ
1896 4134 2037 4188 κατά

451 4227 549 4289 τῆς
576 4224 821 4287 Παλαιᾶς
847 4224 1116 4295 ἐγχειρεῖν
1146 4222 1392 4295 Γραφῆς,
1430 4222 1529 4294 τὴν
1559 4223 1886 4293 Μαρκίωνος
1909 4222 2037 4295 ἔζη,

451 4316 651 4370 λωκότι
674 4315 952 4380 ἀσέϐειαν,
979 4313 1091 4367 ἀλλ’
1126 4312 1235 4366 ἔδει
1263 4312 1358 4366 καὶ
1396 4314 1537 4366 κατά
1567 4312 1666 4382 τῆς
1705 4311 1832 4375 νέας
1876 4312 2037 4365 αὑτὸν

452 4408 848 4477 ἀγωνίσασθαι,
887 4407 978 4461 ἵνα
1062 4404 1503 4477 περιφανεστέρα
1532 4404 1681 4477 αὐτῷ
1708 4406 1741 4476 ἡ
1771 4404 1912 4459 κατά
1940 4404 2036 4459 τοῦ

455 4502 613 4572 ἁγίου
634 4500 959 4571 Πνεύματος
985 4499 1216 4569 ἀγωνία.

2134 3782 2202 3822 ex
2230 3766 2514 3838 Scriptura
2537 3768 2605 3824 de
2634 3783 2721 3823 eo.

2208 3963 2345 4018 XIV.
2381 3962 2463 4018 Ob
2502 3979 2666 4033 quam
2702 3979 2945 4027 causam,
2985 3972 3046 4017 ut
3071 3961 3339 4023 arbitror,
3389 3960 3561 4029 ipsam
3596 3956 3718 4027 epi-

2137 4055 2331 4127 stolam
2362 4054 2549 4109 Jacobi
2578 4062 2634 4109 et
2662 4054 2796 4110 alias
2837 4053 3095 4122 deinceps
3144 4052 3375 4105 aliorum
3423 4048 3731 4103 catholicas

2138 4146 2366 4216 abrogat
2394 4153 2451 4200 et
2486 4145 2755 4215 antiquat.
2809 4144 2930 4199 Non
2973 4143 3121 4198 enim
3174 4142 3306 4196 satis
3346 4139 3448 4194 fuit
3496 4138 3573 4192 illi
3606 4137 3725 4192 bel‘

2145 4238 2258 4292 lum
2285 4246 2478 4292 contra
2509 4236 2764 4292 Veterem
2790 4235 3133 4305 Scripturam
3164 4232 3445 4302 suscipere
3482 4229 3551 4285 ad
3592 4230 3721 4285 imi-

2141 4328 2401 4383 tationem
2450 4326 2777 4391 Marcionis,
2854 4324 2951 4381 sed
3013 4324 3258 4395 oportuit
3307 4321 3475 4376 etiam
3531 4327 3723 4375 contra

2140 4422 2480 4491 Scripturam
2516 4434 2714 4473 novam
2756 4433 3027 4489 pugnare,
3079 4425 3139 4471 ut
3172 4432 3351 4487 pugna
3377 4416 3498 4485 ejus
3532 4422 3725 4469 contra

2141 4515 2409 4586 Spiritum
2439 4520 2689 4567 sanctum
2723 4511 2927 4565 clarior
2958 4517 3015 4564 et
3044 4509 3311 4563 illustrior
3342 4515 3509 4561 esset.

528 4596 630 4650 lE'.
671 4595 784 4657 Τάς
831 4610 891 4647 τε
944 4592 1257 4661 ἐπιγραφάς
1304 4590 1413 4644 τῶν
1456 4588 1764 4661 ίερωτάτων
1804 4589 2029 4659 ’Ύμνων

2206 4606 2320 4661 XV.
2362 4604 2757 4674 lnscriptiones
2790 4601 3152 4673 Hymnorum,
3185 4609 3239 4655 et
3276 4599 3637 4660 Psalmorum,
3669 4604 3727 4652 ct

459 4688 552 4740 καὶ
574 4683 825 4755 Ψαλμῶν
853 4684 949 4738 καὶ
982 4682 1147 4753 ’ῼδῶν
1175 4682 1351 4751 πάντη
1372 4679 1643 4742 ἐκϐαλὼν,
1666 4680 1793 4742 τοὺς
1825 4679 2037 4743 πάντας

455 4778 722 4848 Ψαλμοὺς
764 4774 1074 4838 Ἰουδαϊκῶς
1129 4775 1241 4835 τοῖς
1299 4773 1428 4843 περὶ
1467 4772 1559 4825 τὸν
1600 4770 1906 4843 Ζοροϐάϐελ
1945 4773 2042 4825 καλ⁸

469 4871 720 4935 Ἑζεκίαν
768 4869 1024 4939 ἀνέθηκε,
1053 4869 1202 4938 τρεῖς
1270 4866 1465 4936 μόνους
1520 4864 1600 4936 τῷ
1640 4865 1831 4936 Κυρίῳ
1875 4881 2039 4936 προσ.

462 4963 643 5033 ρὶψας.

532 5054 650 5121 lq'.
705 5052 866 5106 Ἀλλά
888 5051 998 5122 γὰρ
1020 5050 1115 5104 καὶ
1146 5050 1207 5103 τὸ
1235 5051 1343 5104 τῶν
1382 5049 1557 5119 ἁγίων
1589 5050 1897 5118 ἁγιώτατον
1927 5048 2038 5103 τῶν

459 5148 720 5218 ᾀσμάτων
744 5141 934 5215 τᾼσμα
968 5142 1119 5213 παρὰ
1148 5142 1365 5197 πάντων
1395 5143 1495 5213 μὲν
1543 5141 1817 5211 θεοσόφων
1838 5182 1855 5207 ,
1887 5143 2042 5212 παρά

460 5240 682 5293 πάντων
736 5236 795 5290 δὲ
846 5233 1206 5305 ὑμνούμενον·
1239 5233 1582 5304 Χριστιανῶν
1606 5272 1621 5298 ,
1655 5236 1774 5297 ταῖς
1822 5232 1879 5286 δὲ
1937 5234 2043 5288 ἀνὰ

465 5334 644 5385 πᾶσαν
685 5329 785 5400 τὴν
828 5327 1154 5399 οἰκουμένην
1212 5325 1565 5396 Ἐκκλησίαις
1610 5324 2040 5396 γνωριζόμενον,

464 5420 883 5492 θαυμαζόμενον
910 5418 969 5472 δὲ
997 5418 1089 5470 καὶ
1116 5416 1253 5486 πρὸς
1290 5416 1400 5469 τῶν
1431 5415 1643 5487 ἐχθρῶν
1674 5415 1772 5469 τοῦ
1798 5415 2039 5486 σταυροῦ

464 5514 560 5569 τοῦ
604 5510 847 5580 Χριστοῦ
892 5508 1182 5574 Ἰουδαίων,
1217 5508 1357 5563 κατά
1409 5507 1509 5579 τὴν
1548 5508 1819 5580 πορνικὴν
1870 5505 2038 5563 αὑτοῦ

466 5608 562 5661 καὶ
611 5607 840 5676 γνώμην
886 5603 981 5657 καὶ
1032 5601 1308 5671 γλῶσσαν,
1354 5598 1600 5654 ἐκλαϐὼν
1630 5603 1661 5656 ὁ
1698 5600 1904 5671 θρασὺς
1948 5600 2044 5653 καὶ

466 5698 705 5768 ἄμετρος
752 5696 853 5765 τὴν
890 5693 1121 5764 τόλμαν,
1149 5694 1213 5747 ὲκ
1263 5692 1373 5748 τῶν
1428 5692 1600 5762 ἁγίων
1658 5691 1866 5748 Βίϐλων
1936 5693 2044 5746 ἁπ-

469 5805 683 5856 ετεμεν.

545 5903 588 5935 ³⁵
622 5902 737 5960 Jac.
778 5917 855 5969 IlI,
894 5901 975 5957 ll.

2137 4697 2491 4754 Canticorum
2533 4694 2756 4765 penitus
2785 4694 2968 4765 ejecit,
3018 4701 3076 4748 et
3129 4706 3322 4747 omnes
3354 4691 3599 4746 Psalmos
3624 4688 3727 4745 Ju-

2141 4788 2297 4844 daice
2341 4787 2409 4842 ad
2452 4785 2848 4841 Zorobabelem
2876 4795 2932 4839 et
2961 4785 3254 4840 Ezechiam
3285 4783 3496 4849 retulit,
3549 4781 3727 4837 tribus

2142 4889 2351 4935 tantum
2389 4878 2457 4934 ad
2486 4877 2775 4933 Dominum
2805 4878 3041 4948 rejectis.

2216 5059 2357 5114 XVI.
2402 5059 2518 5113 lmo
2558 5066 2615 5113 et
2647 5065 2964 5113 sanctorum
2991 5053 3396 5109 sanctissimum
3436 5050 3725 5107 Canticum

2145 5151 2485 5207 canticorum
2523 5151 2592 5206 ab
2640 5150 2899 5205 omnibus
2944 5148 3254 5203 divinarum
3288 5158 3472 5199 rerum
3509 5141 3724 5211 peritis,

2147 5254 2203 5300 et
2232 5245 2301 5300 ab
2328 5243 2588 5299 omnibus
2618 5240 2950 5298 Christianis
2997 5236 3301 5300 laudatum,
3336 5232 3595 5288 omnibus
3625 5230 3733 5285 Ec-

2148 5336 2332 5394 clesiis
2370 5335 2555 5390 cuncti
2609 5334 2761 5388 orbis
2798 5339 3012 5394 notum,
3066 5337 3123 5384 et
3168 5342 3199 5381 a
3248 5324 3452 5382 Judaeis
3490 5322 3730 5377 inimicis

2146 5429 2329 5486 crucis
2353 5427 2557 5483 Christi
2595 5426 2650 5480 in
2703 5421 3065 5479 admiratione
3108 5419 3377 5481 habitum,
3435 5413 3729 5469 libidinose

2144 5536 2245 5592 pro
2275 5536 2373 5575 sua
2406 5527 2462 5573 et
2509 5525 2691 5573 mente
2740 5524 2798 5570 et
2834 5516 3015 5584 lingua
3064 5508 3403 5572 meretricia,
3458 5506 3732 5573 interpre-

2144 5623 2287 5674 tans,
2316 5626 2414 5665 sua
2436 5624 2601 5678 supra
2626 5605 2846 5662 modum
2872 5602 3180 5661 incredibili
3208 5598 3437 5659 audacia
3457 5611 3524 5652 ex
3549 5593 3733 5655 Libris

2152 5703 2323 5759 sacris
2344 5698 2596 5756 abscidit.
