4120 6468
416 434 553 497 ιπτ

1679 436 1990 498 LEONTII
2033 437 2440 499 BYZANTINI

3522 432 3658 500 1368

478 548 643 603 XVII.
700 549 766 604 Et
788 547 919 618 quid
950 563 1059 602 non
1089 556 1208 603 erat
1236 554 1482 612 acturus,
1512 548 1607 619 qui
1657 549 1713 603 in
1760 566 1826 605 eo
1856 566 1976 620 age-

2159 554 2259 605 IZ'.
2289 553 2400 605 Καὶ
2432 552 2482 604 τί
2538 549 2647 622 γὰρ
2690 551 2789 604 οὐκ
2838 550 3029 621 ἔμελλε
3082 549 3323 621 δράσειν,
3348 551 3376 605 ὁ
3414 550 3472 604 ἐν
3509 552 3659 622 αὐτῷ

408 640 521 704 bat,
576 640 874 710 impietatis
919 640 1172 694 inventor
1199 647 1255 693 et
1294 642 1491 709 pater?
1530 641 1674 697 Duos
1722 641 1889 712 igitur
1921 643 1988 696 Ii-

407 733 536 787 bros
566 732 1037 801 Paralipomenon,
1069 733 1306 801 primum
1344 741 1401 787 et
1442 733 1745 788 secundum
1787 736 1987 790 simili-

2088 646 2391 714 ἒνεργήσας
2444 645 2545 713 τῆς
2598 643 2853 706 ἀσεϐείας
2902 643 3130 714 εὑρετής
3174 661 3233 697 τε
3280 644 3376 698 καὶ
3429 644 3654 714 πατήρ;

2086 736 2199 799 Τάς
2236 735 2368 804 γοῦν
2416 734 2917 805 ,Παραλειπομένας
2965 733 3261 798 ὡσαύτως,
3290 733 3445 802 κακῷ
3488 735 3659 789 κακὸν

409 835 511 889 ter,
563 826 768 879 malum
803 824 1213 891 maloaddens,‘
1243 834 1300 881 et
1345 826 1570 898 insuper
1616 828 1847 883 Esdram
1899 846 1976 885 re-

2087 824 2424 897 προστιθεὶς,
2474 823 2701 894 πρώτην
2746 841 2807 877 τε
2855 823 2951 876 καὶ
2996 822 3280 895 δευτέραν,
3316 823 3552 896 Ἔσδραν
3594 836 3656 874 τε

406 916 676 985 pudiavit.

475 1007 662 1062 XVIII.
685 1009 908 1065 Divinas
931 1010 1099 1080 igitur
1122 1008 1439 1080 Scripturas
1467 1012 1802 1083 aggreditur,
1837 1023 1893 1069 et
1918 1029 1984 1069 ex

404 1096 620 1153 duobus
649 1100 947 1169 generibus
969 1099 1436 1169 splendidioribus
1477 1110 1668 1157 contra
1719 1102 1982 1173 Spiritum

404 1201 653 1245 sanctum
691 1193 939 1246 certandi
971 1193 1251 1248 laudatum
1285 1194 1390 1249 sibi
1422 1195 1604 1249 aufert
1631 1212 1645 1260 ;
1681 1211 1713 1250 a
1741 1197 1984 1253 secundo

403 1284 663 1351 abstinet,
708 1296 765 1342 et
807 1288 931 1343 aliis
985 1289 1170 1355 cedit;
1207 1306 1274 1344 an
1312 1298 1373 1344 ut
1404 1290 1458 1345 in
1490 1290 1570 1345 eis
1595 1292 1895 1355 luctentur,
1928 1301 1985 1347 et

401 1378 669 1433 vincant?
716 1379 1103 1449 Nequaquam.
1153 1380 1259 1435 Sed
1294 1383 1443 1452 quia,
1498 1390 1559 1436 ut
1612 1382 1980 1447 existimabat,

402 1479 681 1526 certamen
732 1480 925 1526 contra
969 1472 1286 1542 Scripturas
1310 1483 1526 1529 sanctas
1555 1473 1771 1528 ﬁnitum
1795 1473 1897 1529 sibi
1928 1484 1985 1531 et

402 1572 684 1633 peractum
712 1574 854 1629 erat,
891 1565 1193 1620 secundum
1224 1581 1450 1622 cursum
1500 1566 1680 1637 primo
1717 1566 1982 1637 aequalem

403 1651 660 1717 conticit';
695 1662 849 1708 etne
879 1654 934 1708 in
966 1654 1195 1725 singulis
1226 1654 1609 1725 aggrediendis
1651 1654 1984 1725 defatigare-

404 1750 515 1807 tur,
545 1751 736 1796 contra
770 1742 1006 1812 primam
1045 1744 1329 1815 religionis
1363 1744 1694 1799 Christiana:
1720 1744 1983 1799 informa-

403 1832 609 1887 tionem
637 1841 763 1897 stat,
820 1843 876 1890 et
920 1834 1175 1890 deiﬁcum
1214 1836 1519 1907 symbolum
1550 1850 1742 1890 eorum
1776 1835 1872 1905 qui
1898 1851 1985 1889 re-

2086 920 2224 990 πρὸς
2252 919 2372 980 ταῖς
2397 918 2720 989 εἰρημέναις
2752 915 3027 982 ἐξέϐαλεν.

2156 1011 2265 1064 III'.
2296 1004 2421 1079 Ἆρ’
2454 1004 2547 1062 οὖν
2593 1010 2709 1072 ταῖς
2743 1008 2840 1079 μὲν
2890 1008 3065 1070 θείαις
3099 1007 3345 1079 Γραφςτϊς
3395 1006 3654 1077 ἐγχειρεῖ,

2086 1102 2312 1156 καὶτῶν
2356 1100 2755 1171 λαμπροτέρων
2783 1099 2927 1153 κατά
2954 1098 3050 1153 τοῦ
3096 1097 3414 1169 Πνεύματος
3453 1101 3657 1165 ἀγωνι-

2087 1193 2309 1264 σμάτων
2337 1192 2397 1245 τὸ
2424 1192 2709 1264 εὐδόκιμον
2746 1191 3110 1262 ἀποφέρεται,
3138 1191 3245 1244 τῶν
3288 1190 3346 1243 δὲ
3388 1189 3667 1260 δευτέρων-

2083 1288 2372 1358 ἀπέχεται,
2400 1287 2495 1340 καὶ
2526 1289 2850 1357 παραχωρεῖ
2873 1286 3055 1350 ἄλλοις
3087 1285 3188 1354 τῆς
3216 1283 3348 1352 γοῦν
3372 1284 3429 1337 ὲν
3444 1283 3662 1345 τούτοις

2084 1381 2262 1450 πάλης
2309 1380 2405 1433 καὶ
2465 1378 2995 1452 νίκης;οὐμενοῦνι
3072 1378 3288 1450 Ἐπειδὴ
3357 1376 3504 1446 γάρ,
3578 1374 3656 1438 ὡς

2083 1472 2242 1543 ᾤετο,
2266 1474 2294 1525 ό
2318 1471 2460 1526 κατὰ
2486 1472 2594 1524 τῶν
2623 1470 2997 1523 θεοπνεύστων
3030 1468 3167 1539 αὐτῇ
3196 1467 3431 1537 Γραφῶν
3467 1463 3658 1525 ἄεθλος

2083 1562 2429 1617 ἐκτετέλεστο
2455 1561 2552 1615 καὶ
2578 1560 2852 1631 διήνυστο,
2888 1559 3145 1631 δεύτερον
3172 1557 3386 1626 ἑξανύει
3412 1555 3653 1616 δίαυλον,

2082 1654 2162 1725 τῷ
2193 1653 2393 1725 πρώτῳ
2431 1650 2870 1725 παρισούμενονο
2904 1652 2999 1705 καὶ
3027 1651 3115 1704 ἵνα
3152 1653 3264 1714 τοῖς
3312 1649 3454 1704 κατὰ
3489 1648 3654 1719 μέρος

2084 1746 2349 1817 ἐγχειρῶν
2388 1745 2463 1817 μὴ
2504 1745 2715 1817 κάμνῃ,
2742 1744 2879 1817 πρὸς
2906 1744 3005 1814 τὴν
3042 1742 3267 1814 πρώτην
3312 1744 3665 1813 στοιχείωσιν

2083 1838 2178 1891 τοῦ
2206 1836 2635 1908 Χριστιανισμοῦ
2682 1836 2915 1897 ἵσταται.
2940 1835 3037 1889 καὶ
3069 1835 3127 1887 τὸ
3156 1833 3401 1887 θεοποιὸν
3448 1829 3652 1900 σύμϐο-

402 1895 758 1993 generantur,
795 1926 953 1992 tollit,
979 1926 1163 1993 Iidem,
1200 1895 1445 1997 inquam,
1501 1926 1695 1999 synodi
1725 1895 1976 1994 Nicmnaa,

2084 1927 2173 1982 λον
2201 1895 2309 1982 τῶν
2342 1895 2805 1997 ἀναγεννωμένων
2830 1895 3210 1997 διαγράφεται,
3241 1924 3341 1994 τὴν
3368 1925 3426 1976 ὲν
3450 1895 3657 1993 Νικαίᾳ

400 2028 510 2068 non
560 2015 736 2069 solum
784 2018 1047 2072 mutilans
1100 2017 1309 2087 ipsum,
1366 2016 1464 2072 sed
1498 2032 1719 2071 omnem
1764 2016 1984 2087 penitus

402 2104 565 2159 ﬁdem
597 2105 910 2174 destruens,
958 2117 1016 2164 et
1069 2108 1231 2163 aliam
1282 2118 1483 2179 praeter
1537 2108 1685 2163 illam
1736 2109 1979 2176 tradens,

400 2212 500 2266 pro
560 2198 733 2254 nihilo
786 2199 991 2255 docens
1034 2202 1125 2255 illa
1170 2209 1322 2255 tanta
1368 2201 1599 2266 lumina,
1639 2216 1818 2271 neque
1872 2210 1981 2255 tam

400 2292 574 2346 audax
605 2292 819 2347 facinus
845 2293 1270 2362 perhorrescens
1301 2310 1315 2347 :
1348 2292 1497 2347 aliud
1528 2292 1699 2359 enim,
1753 2301 1814 2347 ut
1841 2292 1976 2357 dixi,

398 2384 706 2454 symbolum
764 2385 913 2450 ﬁdei;
972 2386 1071 2440 vel
1107 2385 1297 2455 potius
1341 2386 1523 2441 dicam
1561 2385 1804 2455 perfidiae
1841 2385 1977 2449 edit,

399 2474 493 2545 qui
524 2484 647 2544 post
670 2475 916 2530 fidem‘in
938 2476 1111 2531 Deum
1146 2476 1384 2536 Patrem,
1424 2484 1481 2529 et
1509 2474 1855 2544 unigenitum
1886 2475 1978 2529 Fi-

397 2564 554 2628 lium,
586 2575 643 2620 et
687 2564 952 2634 Spiritum
989 2571 1260 2629 sanetum,
1299 2565 1522 2634 scripsit
1558 2564 1783 2620 credere
1827 2572 1884 2620 et
1920 2564 1976 2619 in

398 2656 689 2709 Dominum
735 2657 918 2712 Jesum
968 2657 1270 2719 Christum,
1329 2656 1687 2713 introducens
1725 2666 1975 2728 Quartam

398 2760 690 2815 personam
744 2746 798 2800 in
830 2755 1076 2801 sanctam
1107 2747 1453 2811 Trinitatem,
1492 2757 1548 2802 et
1578 2748 1635 2801 in
1682 2748 1818 2803 duas
1846 2763 1976 2818 per-

397 2850 563 2890 sonas
590 2835 869 2892 Christum
901 2848 958 2893 et
990 2838 1162 2893 Deum
1193 2846 1442 2893 nostrum
1470 2838 1753 2905 dividens;
1787 2855 1851 2895 ac
1883 2854 1977 2894 ve-

398 2941 460 2978 ro
500 2925 721 2995 quidem
770 2926 903 2989 Deo,
950 2943 1073 2997 qua:
1118 2928 1305 2983 divina
1332 2938 1496 2995 sunt,
1524 2928 1812 2997 tribuens;
1850 2945 1980 3000 pro-

396 3014 521 3085 prio
550 3024 733 3070 autem
772 3015 1013 3082 Christo,
1066 3018 1505 3088 quas-hominem
1536 3019 1732 3075 decent
1777 3028 1833 3075 et
1867 3020 1973 3075 bu-

396 3120 558 3157 mana
592 3114 741 3165 sunt,
769 3115 826 3161 et
852 3107 905 3160 in
933 3106 1127 3176 primis
1161 3114 1343 3162 ortum
1374 3123 1442 3162 ex
1466 3108 1714 3179 Virgine.

2085 2018 2229 2088 φημὶ
2265 2017 2473 2082 πίστιν,
2498 2017 2601 2071 οὐκ
2627 2015 3072 2088 ἀκρωτηριάζων
3114 2014 3247 2068 αὐτὸ
3296 2014 3476 2085 μόνον,
3517 2012 3654 2065 ἀλλά

2084 2111 2264 2163 πᾶσαν
2293 2109 2390 2161 καὶ
2418 2108 2602 2162 τέλεον
2631 2108 3167 2177 ἀποσκευαζόμενος,
3199 2107 3293 2160 καὶ
3328 2104 3655 2177 παραδιδοὺς

2082 2198 2214 2267 παρ’
2243 2199 2458 2270 εκείνην
2482 2196 2696 2269 ἑτέραν,
2730 2197 2900 2268 μηδὲν
2929 2196 3294 2266 λογισάμενος
3327 2197 3457 2258 τοὺς
3498 2194 3656 2264 τηλι-

2082 2290 2307 2354 κούτους
2351 2292 2669 2362 φωστῆρας,
2709 2289 2832 2343 οὐδὲ
2878 2289 3077 2360 φρίξας
3119 2288 3341 2367 πρδςὶτὸ
3380 2286 3655 2357 τολμηρὸν

2080 2387 2179 2455 τῆς
2206 2385 2575 2455 ἐγχειρήσεως
2601 2398 2615 2413 ⁸
2652 2383 2839 2453 ἕτερον
2883 2381 3109 2452 γάρ,ὼς
3167 2380 3326 2451 ἔφην,
3377 2379 3655 2432 ἐκτίθεται

2060 2473 2339 2539 ’πίστεως,
2372 2472 2574 2543 μᾶλλον
2597 2473 2654 2526 δὲ
2674 2472 2954 2538 ἀπιστίας,
2983 2470 3253 2541 σύμϐολον
3286 2470 3427 2540 μετά
3446 2471 3545 2539 τὴν
3575 2471 3657 2531 είς

2079 2563 2212 2616 Θεὸν
2241 2561 2465 2632 Πατέρα
2507 2561 2604 2615 καὶ
2646 2561 2740 2615 τὸν
2782 2560 3050 2632 μονογενῆ
3100 2559 3226 2613 Υἱὸν
3270 2560 3364 2612 καὶ
3400 2556 3461 2611 τὸ
3499 2558 3663 2625 ἀγιονς

2080 2653 2305 2724 Πνεῦμα
2333 2653 2546 2719 πίστιν,
2567 2653 2847 2707 πιστεύειν
2871 2652 3089 2723 γράψας
3120 2651 3215 2704 καὶ
3234 2651 3315 2714 είς
3339 2649 3430 2702 τὸν
3455 2648 3656 2719 Κύριον

2090 2742 2298 2815 Ἰησοῦν
2330 2745 2585 2815 Χριστὸν,
2616 2744 2882 2816 τέταρτον
2915 2744 3211 2815 πρόσωπον
3242 2744 3552 2810 ἐπεισάγων
3585 2742 3657 2811 τῇ

2077 2835 2206 2905 ἁγίᾳ
2237 2836 2428 2908 Τριάδι
2465 2836 2558 2889 καὶ⁵
2602 2835 2969 2906 καταδιαιρῶν
3024 2836 3105 2898 είς
3137 2834 3230 2887 δύο
3267 2835 3538 2900 πρόσωπα
3585 2831 3665 2885 τὼ

2074 2927 2168 2980 τοῦ
2208 2927 2325 2991 ἐνὸς
2355 2928 2597 2998 Χριστοῦ
2639 2927 2736 2980 καὶ
2766 2926 2909 2997 Θεοῦ
2944 2926 3100 2997 ήμῶν
3120 2940 3134 2955 °
3165 2927 3261 2979 καὶ
3290 2925 3351 2978 τὸ
3384 2925 3481 2994 μὲν
3525 2924 3656 2992 ἀλη-

2076 3018 2207 3089 θινῷ
2254 3017 2370 3088 Υίῷ
2398 3018 2467 3073 τά
2490 3018 2608 3072 θεῖα
2633 3018 2961 3089 προσνέμων
2985 3017 3079 3071 καὶ
3107 3018 3207 3087 τὴν
3230 3016 3343 3070 ἀνω
3374 3017 3663 3085 γέννησιν,

2072 3109 2149 3181 τῷ
2164 3110 2221 3164 δὲ
2248 3111 2364 3181 ίδίῳ
2386 3110 2609 3181 Χριστῷ
2632 3110 2700 3164 τά
2721 3108 3171 3180 ἀνθρωποπρεπῆ
3192 3108 3286 3162 καὶ
3314 3109 3653 3178 ἀνθρώπινα,

468 3192 611 3246 XIX.
662 3193 841 3248 Audet
890 3205 947 3249 et
989 3195 1135 3250 aliud
1169 3197 1372 3251 malum
1403 3212 1515 3252 non
1549 3197 1854 3253 secundum
1900 3197 1968 3253 ad

2078 3202 2166 3254 καὶ
2209 3201 2313 3272 πρό
2339 3218 2403 3270 γε
2431 3200 2621 3254 τούτου
2648 3200 2749 3273 τὴν
2777 3200 2841 3254 ὲκ
2864 3200 3140 3271 Παρθένου
3169 3200 3446 3269 γέννησιν.

397 3286 689 3355 superiora
722 3302 739 3342 :
772 3287 935 3341 aliam
1003 3288 1152 3342 enim
1201 3288 1418 3344 Missam
1481 3289 1722 3345 cﬂ'utivit
1771 3299 1971 3361 praeter

397 3378 562 3432 illam
591 3394 726 3447 quae
761 3394 791 3433 a
823 3379 1082 3435 Patribus
1114 3380 1327 3435 tradita
1348 3390 1433 3436 est
1457 3381 1742 3447 ECclesiis,
1794 3398 1975 3453 neque

396 3470 669 3526 reveritus
705 3471 849 3526 illam
879 3473 1250 3542 apostolorum
1275 3515 1291 3541 ,
1323 3489 1441 3530 nec
1464 3474 1612 3529 illam
1660 3474 1841 3546 magni
1874 3475 1977 3529 Ba-

395 3558 507 3613 silii
550 3559 604 3613 in
646 3559 839 3615 eodem
875 3558 1083 3630 Spiritu
1119 3563 1486 3634 conscriptam
1523 3580 1537 3617 :
1584 3563 1641 3618 in
1668 3579 1775 3634 qua
1813 3563 1985 3619 Missa.

397 3648 775 3719 blasphemiis,
808 3668 917 3706 non
941 3653 1350 3721 precationibus
1373 3653 1471 3725 τὴν
1491 3654 1746 3725 Τελετὴν,
1780 3655 1834 3709 id
1866 3664 1972 3718 est,

396 3741 715 3813 mysterium
740 3742 1123 3810 Eucharistiae,
1150 3745 1393 3814 opplevit
1421 3762 1434 3800 :
1465 3761 1534 3800 an
1569 3754 1630 3800 ut
1657 3745 1799 3801 alius
1822 3744 1976 3800 Anti-

398 3832 639 3889 christus
655 3833 835 3888 adhuc
848 3844 1212 3905 exspectetur,
1231 3852 1329 3907 par
1350 3844 1454 3902 est,
1475 3837 1568 3908 qui
1592 3837 1971 3893 sic-Christum

397 3924 599 3986 oderit.
649 3925 1078 3997 etquaaChristi
1108 3937 1259 3992 sunt,
1313 3938 1525 3984 mutare
1556 3930 1804 3985 nitatur?
1851 3931 1972 3987 Non

397 4018 651 4090 equidem
682 4029 835 4090 puto.
874 4020 1037 4083 Satis,
1077 4021 1443 4092 inquam,.est
1472 4022 1584 4091 hic,
1617 4022 1755 4079 utin
1791 4023 1973 4080 omni-

397 4112 502 4167 bus
528 4112 647 4170 loco
680 4121 745 4169 et
772 4114 892 4170 vice
919 4114 1197 4171 illius.sit..

464 4392 584 4448 XX.
646 4392 799 4448 Audi"
833 4401 1105 4464 praeterea
1147 4400 1205 4449 et
1251 4391 1357 4448 alia
1386 4392 1526 4464 ejus,
1585 4408 1707 4463 quae
1763 4392 1970 4449 bonum

394 4492 514 4538 erat
570 4492 625 4538 et
657 4486 891 4541 maxime
922 4486 1226 4556 optandum
1252 4486 1418 4541 etiam
1461 4502 1570 4540 non
1623 4485 1837 4540 audire.
1873 4486 1971 4541 Ju-

2157 3290 2260 3345 IG’.
2287 3292 2474 3363 Τολμᾷ
2505 3293 2599 3345 καὶ
2643 3291 2828 3362 ἕτερον
2882 3289 3051 3344 κακὸν
3098 3288 3209 3344 τῶν
3255 3287 3566 3359 εἰρημένων
3590 3288 3653 3340 οὐ

2080 3382 2354 3455 δεύτερον.
2409 3382 2718 3452 Ἀναφοράν
2771 3380 2881 3454 γὰρ
2927 3381 3198 3453 σχεδιάζει
3256 3381 3450 3449 ἑτέραν
3501 3379 3655 3450 παρά

2080 3475 2180 3545 τὴν
2200 3475 2473 3544 πατρόθεν
2493 3476 2613 3539 ταῖς
2628 3474 2977 3544 Ἐκκλησίαις
3006 3472 3479 3544 παραδεδομένην,
3514 3473 3655 3543 μήτε

2080 3566 2180 3637 τὴν
2210 3566 2318 3619 τῶν
2357 3565 2676 3619 ἀποστόλων
2711 3564 3000 3631 αἰδεσθεὶς,
3032 3566 3174 3634 μήτε
3212 3564 3269 3617 δὲ
3303 3563 3400 3634 τὴν
3432 3562 3527 3616 τοῦ
3559 3578 3659 3633 με·

2081 3654 2247 3724 γὰλου
2276 3654 2562 3708 Βασιλείου
2602 3656 2662 3709 ὲν
2693 3653 2771 3725 τῷ
2794 3652 2945 3724 αὑτῷ
2989 3650 3269 3720 Πνεῦματι
3318 3650 3654 3720 συγγραφεῖ-

2083 3766 2209 3817 σαν,
2254 3748 2413 3818 λόγου
2473 3747 2617 3813 τινὸς
2672 3747 2875 3819 κρίνων
2931 3744 3127 3809 ἀξίαν·
3182 3743 3240 3796 ὲν
3294 3736 3329 3816 ᾖ
3381 3741 3663 3811 Ἀναφορᾷ

2082 3840 2439 3911 βλασφημιῶν
2475 3841 2554 3911 (οὐ
2578 3841 2689 3909 γὰρ
2714 3838 2913 3907 εὐχῶν)
2946 3835 3181 3905 Τελετὴν
3212 3835 3612 3904 ἀπεπλήρωσεν
3636 3849 3651 3864 °

2080 3927 2285 4003 ἆρόῦν
2338 3932 2424 3995 τίς
2474 3931 2662 4003 ἔτερος
2698 3932 3087 4001 ’Λντίχριστος,
3119 3927 3524 4000 προσδοκᾶσθαι
3571 3926 3654 3980 ἔτι

2079 4025 2230 4092 ἄξιος
2253 4024 2359 4096 εἴη,
2389 4023 2531 4078 οὕτω
2560 4024 2630 4078 τά
2652 4022 2745 4077 τοῦ
2778 4021 3017 4092 Χριστοῦ
3050 4021 3222 4091 μισῶν
3256 4036 3316 4073 τε
3347 4020 3441 4074 καὶ
3475 4036 3656 4088 παρα-

2079 4119 2249 4171 κινεῖν
2295 4116 2668 4186 ταιρώμενος
2717 4111 2859 4182 Ἐγὼ
2901 4113 3003 4184 μὲν
3053 4113 3153 4167 οὐκ
3192 4108 3366 4183 οἶμαι.
3411 4110 3651 4183 ’Δπόχρη

2080 4206 2211 4278 γὰρ,
2243 4205 2406 4277 φημὶ,
2441 4205 2535 4259 καὶ
2569 4199 2822 4269 οὖτος,ὲν
2856 4204 3027 4259 ἅπασι
3050 4205 3140 4259 τὸν
3168 4204 3379 4258 ἐκείνου
3402 4204 3656 4275 ἀποπλη-

2082 4298 2254 4371 ρῶσαι
2282 4297 2445 4351 τόπον
2472 4298 2568 4350 καὶ
2606 4297 2808 4367 τρόπον

2148 4387 2234 4443 κ’.
2261 4388 2459 4442 ι’Δκουε
2483 4387 2550 4459 δὲί
2572 4386 2738 4441 αὐτοῦ
2768 4388 2864 4441 καὶ
2895 4387 2963 4441 τὰ
2988 4387 3173 4459 ἕτερα,
3210 4382 3285 4443 ὧν
3314 4388 3453 4458 μήτε
3479 4385 3650 4442 ἀκοῦο

2082 4496 2173 4533 σαι
2204 4478 2368 4533 καλόν
2398 4494 2457 4530 τε
2496 4458 2589 4531 καὶ
2617 4478 3006 4533 εὐκταιότατον
3050 4458 3139 4550 ἦν,
3184 4480 3297 4549 Τὴν
3330 4480 3515 4550 κρίσιν
3551 4476 3648 4532 τοῦ

394 4574 599 4630 dicium
622 4576 715 4629 Dei
750 4576 806 4629 in
832 4576 1090 4631 omnibus
1125 4577 1328 4631 sanctis
1363 4575 1664 4645 Scripturis
1690 4576 1836 4630 clara
1868 4591 1967 4629 vo-

2078 4570 2231 4635 Θεοῦ,
2266 4569 2365 4642 τὴν
2418 4570 2478 4622 ἐν
2535 4569 2740 4632 πάσαις
2792 4571 2911 4633 ταῖς
2978 4571 3167 4639 ἁγίαις
3218 4570 3650 4641 διαϐεϐοημένην

394 4680 458 4721 ce
488 4666 893 4731 denuntiatum,
934 4667 1080 4736 quod
1110 4683 1211 4722 nec
1245 4668 1312 4723 iis
1344 4668 1439 4737 qui
1467 4684 1497 4721 a
1528 4667 1967 4722 Christianorum

394 4758 661 4827 religione
692 4758 881 4826 procul
928 4758 1150 4822 absunt,
1200 4760 1403 4814 mansit
1449 4758 1793 4825 inauditum,
1821 4758 1967 4828 quod

393 4856 479 4901 est
509 4847 910 4901 ﬁrmamentum
959 4849 1240 4914 stantium,
1290 4857 1347 4905 et
1398 4850 1677 4919 lapsorum
1735 4848 1966 4914 erectio,

392 4946 448 4991 et
486 4938 831 5008 peccantium
878 4938 1170 5003 medicina,
1214 4948 1270 4995 et
1317 4939 1521 4995 diaboli
1575 4939 1773 5009 dignus
1797 4938 1981 5005 ﬁnis;

392 5028 542 5098 quod
570 5044 748 5099 neque
776 5028 1027 5084 diabolus
1048 5039 1105 5085 et
1129 5031 1403 5086 daamones
1432 5046 1632 5103 negare
1662 5034 1780 5091 ausi
1812 5040 1961 5096 sunt,

393 5138 518 5175 cum
545 5122 813 5177 Salvatori
838 5122 1103 5180 dixerunt
1128 5142 1141 5178 :
1174 5124 1312 5190 Quid
1335 5126 1481 5180 nobis
1513 5134 1561 5179 et
1597 5127 1848 5193 tibiJesu
1869 5128 1972 5183 Fili

392 5212 511 5276 Dei,
546 5214 731 5268 venisti
758 5224 881 5282 gnte
914 5221 1117 5286 tempus
1149 5224 1394 5288 torquere
1429 5234 1523 5271 nos
1541 5218 1630 5272 a“‘?
1679 5218 1793 5274 Hoc
1817 5220 1971 5291 judi-

394 5304 562 5369 cium,
597 5314 653 5361 et
678 5307 1006 5377 gehennam,
1034 5316 1092 5364 et
1125 5310 1400 5376 tenebras,
1432 5319 1489 5365 et
1511 5311 1803 5366 stridorem
1828 5312 1965 5366 den-

394 5396 553 5462 tium,
613 5406 671 5453 et
717 5400 823 5454 alia
863 5415 1204 5471 quaecunque
1243 5401 1428 5471 impiis
1476 5410 1533 5457 et
1582 5401 1966 5472 peccatoribus

396 5485 678 5557 Scriptura
703 5498 888 5544 sancta
923 5489 1183 5553 minatur,
1214 5490 1357 5545 ridet
1381 5490 1568 5554 miser,
1609 5505 1713 5545 nec
1739 5490 1854 5559 ipse
1878 5491 1968 5560 ju-

396 5569 598 5625 dicium
624 5582 1051 5645 exspectans,et
1066 5577 1208 5645 aliis,
1226 5593 1301 5634 ne
1312 5584 1579 5646 metuant,
1599 5578 1800 5652 jubcns
1821 5595 1966 5650 quae,

472 5704 512 5733 “
539 5703 729 5762 Matth.
756 5724 870 5774 vm,
897 5708 997 5765 29..

2074 4663 2337 4733 I‘pa;ai:;,
2368 4655 2437 4733 ἦς
2468 4660 2580 4714 οὐδ’
2608 4661 2658 4713 οί
2687 4661 2909 4732 μακρὰν
2941 4662 3043 4732 τῆς
3076 4662 3420 4732 Χριστιανῶν
3463 4662 3649 4716 θεοσορ

2075 4755 2201 4822 φίας
2244 4754 2607 4826 ἀπεριήχητοι
2643 4753 3045 4822 μεμενήκασιν,
3077 4753 3173 4824 τὴν
3208 4755 3377 4825 μόνην
3415 4754 3510 4808 καὶ¹
3541 4752 3651 4807 τῶν

2074 4844 2328 4899 ἑστώτων
2373 4845 2605 4916 ἵδρυσιν,
2638 4845 2733 4898 καὶ
2775 4844 2886 4898 τῶν
2910 4848 3285 4900 πεπτωκότων
3320 4846 3645 4916 ἀνόρθωσιν,

2070 4938 2180 4991 τῶν
2230 4954 2291 4991 τε
2322 4935 2732 5008 ἡμαρτηκότων
2781 4936 3098 5007 φάρμακον,
3135 4936 3353 4991 καὶτοῦ
3399 4936 3664 4991 διαϐόλου.

2070 5030 2220 5095 ἀξιον
2272 5031 2447 5095 τέλος,
2482 5030 2553 5101 ἢν
2611 5030 2736 5084 οὐδὲ
2788 5032 2816 5085 ό
2871 5030 3120 5095 διάϐολος
3163 5033 3259 5086 καὶ
3294 5032 3345 5084 οί
3393 5030 3648 5101 δαίμονες

2065 5122 2412 5194 ἀρνήσασθαι
2468 5121 2792 5193 ὑπέμειναν,
2851 5123 3109 5192 λέγοντες
3163 5122 3242 5193 τῷ
3303 5123 3648 5195 ΣωτῆρνΤί

2068 5213 2215 5283 ἡμῖν
2262 5214 2361 5268 καὶ
2408 5214 2756 5283 σο),’1ηοόῦ
2792 5215 2888 5270 Υἱὲ
2938 5216 3044 5270 τοῦ
3096 5217 3246 5271 Θεοῦ
3272 5230 3290 5279 ;
3319 5212 3504 5286 ἦλθες
3533 5216 3647 5285 πρὸ

2067 5306 2277 5373 καιροῦ
2294 5306 2635 5370 βασανίσαι
2657 5306 2815 5377 ἡμᾶς
2833 5326 2848 5375 ;
2869 5310 2979 5379 Τήν
2995 5325 3053 5362 τε
3071 5312 3295 5378 γέενναν
3316 5309 3414 5362 καὶ
3435 5309 3496 5361 τὸ
3522 5307 3647 5361 σκό⁹

2070 5414 2181 5461 τος,
2214 5398 2307 5451 καὶ
2333 5397 2423 5453 τὸν
2458 5399 2703 5471 βρυγμὸν
2729 5400 2837 5454 τῶν
2871 5401 3122 5463 ὀδόντων,
3165 5400 3260 5454 καὶ
3281 5400 3348 5454 τὰ
3381 5401 3519 5454 ἄλλα
3548 5401 3646 5453 ὅσα

2066 5487 2357 5560 ὴπείληται
2385 5493 2496 5555 τοῖς
2528 5491 2752 5545 ἀσεϐέσι
2786 5491 2884 5547 καὶ
2912 5492 3289 5564 ἁμαρτωλοῖς,
3325 5492 3462 5564 γελᾷ
3488 5494 3515 5546 ό
3536 5490 3645 5545 δεί-

2066 5580 2219 5644 λαιος
2239 5596 2251 5609 ·
2289 5579 2403 5637 οὔτ’
2429 5582 2593 5649 αὐτὸς
2619 5584 2794 5658 αὐτὴν
2816 5584 3157 5657 προσδοκῶν,
3193 5585 3288 5641 καὶ
3314 5587 3427 5651 τοῖς
3461 5584 3654 5647 ἄλλοις.
