4120 6438
360 443 498 509 1369

357 558 786 637 ἔγκελευόμενος
840 551 916 624 μὴ
970 547 1200 604 δεδιέναι

357 661 530 715 οἴεται
585 648 815 718 ἀπειλὴν
863 644 1024 716 μόνον
1079 641 1276 711 ἔχοντα
1304 652 1318 667 ·
1349 634 1437 698 Ai,
1476 631 1573 685 αἰί
1613 631 1647 701 ἡ
1698 630 1863 697 πεῖρα
1897 620 1947 677 δ’

361 749 524 803 eam
551 744 755 803 πείσει,
786 737 978 807 ἐπειδὴ
999 732 1201 803 ἀπειλὴ
1225 730 1300 801 μὴ
1323 725 1629 794 πεφόϐηκε,
1653 723 1749 775 καὶ
1773 717 1948 773 ταῦτα

361 843 550 915 γραφῇ
583 833 921 907 παραδοῦναι
953 830 982 881 ό
1015 824 1218 895 ἀσεϐὴς
1250 823 1345 875 καὶ
1376 820 1548 879 ὅντως
1579 814 1782 884 ἄφοϐος
1807 851 1822 875 ,
1853 810 1950 863 καὶ

364 902 884 998 καταγελῶν
911 915 1139 991 σεισμοῦ
1164 914 1463 987 πυρφόρον,
1488 902 1550 963 οὗ
1580 904 1950 976 ἀντανῄρηται

366 997 621 1082 κατάῖτον
638 1019 882 1077 διάϐολον
894 1014 1216 1085 τάκρίματα
1229 1007 1322 1062 τοῦ
1338 1005 1475 1060 Θεοῦ
1494 1003 1602 1058 ἀπὸ
1624 997 1947 1073 προσώπου.

438 1143 573 1197 KA'.
610 1136 713 1192 Διά
755 1133 929 1190 ταῦτά
977 1148 1035 1185 σε
1077 1126 1390 1195 ἀγαπῶσιν,
1419 1116 1465 1178 ὧ
1490 1120 1712 1183 δείλαιε,
1749 1119 1799 1172 οἰ
1850 1114 1953 1185 τῆς

371 1236 542 1304 αὐτῆς
582 1232 670 1286 σοὶ
709 1228 963 1302 μερίδος·
998 1222 1158 1277 τοῦτο
1211 1220 1400 1283 αὐτοῖς
1446 1216 1540 1271 τοῦ
1585 1214 1734 1267 θείου
1783 1210 1951 1279 φόϐου

370 1302 819 1399 ἀνταναιρετικδν
841 1320 1159 1391 φάρμακον,
1180 1314 1381 1385 πικρὸν
1400 1311 1570 1374 ὅντως
1591 1308 1687 1362 καὶ
1702 1302 1954 1376 δακρύων

372 1424 525 1487 ἄξιον
573 1417 1010 1488 συγκεκέρακας.
1046 1410 1199 1480 Αὕτη
1252 1409 1285 1477 ή
1338 1404 1609 1474 Εὑνομίου
1663 1399 1953 1455 δυσσέϐεια

371 1519 440 1588 ἢν
475 1514 781 1582 ἐζήλωσας,
817 1507 946 1578 περὶ
974 1499 1036 1560 ού
1070 1504 1139 1557 τά
1182 1499 1459 1571 λεγόμενα
1491 1491 1559 1567 ἦν
1587 1495 1821 1554 ἄπιστα,
1849 1490 1955 1552 ἓως

380 1586 477 1681 (ῶς
509 1610 585 1681 μὴ
638 1606 863 1662 πώποτε
891 1600 1091 1672 ὢφελε)
1118 1600 1241 1662 ταῖς
1278 1597 1398 1659 σαῖς
1430 1591 1632 1664 βίϐλοις
1658 1587 1833 1641 ταῦτα
1868 1586 1955 1637 ὲν-

376 1677 548 1772 ετάγη
572 1677 586 1732 ί
607 1700 700 1755 καὶ
729 1700 821 1752 τὸν
852 1694 1080 1749 εἰπόντα
1110 1689 1381 1759 Εὐνόμιον
1412 1684 1612 1739 διδόναι
1637 1679 1805 1734 τόπον
1839 1677 1956 1736 τοῖς

375 1766 603 1854 πάθεσι,
665 1786 764 1841 καὶ
821 1784 895 1854 μὴ
953 1780 1215 1853 παρέχειν
1258 1776 1339 1848 τῷ
1404 1774 1484 1847 νῷ
1554 1766 1953 1843 πράγματα,ἠ

379 1883 448 1955 σὴ
472 1878 793 1937 διδασκαλία
825 1876 1284 1949 ὑπερηκόντισεν.

448 2000 579 2053 KB’.
618 1998 719 2059 Σὸς
774 1992 1027 2066 μαθητὴς
1082 1986 1417 2061 Βαρσουμᾶς
1472 1984 1532 2050 ὃς
1584 1984 1683 2056 τὴν
1733 1980 1959 2053 Περσῶν

380 2092 756 2163 ὲκδεδιῄτηκε,
786 2091 902 2151 τοῖς
935 2104 995 2140 τε
1025 2084 1262 2155 δόγμασι
1291 2080 1391 2151 τῆς
1422 2077 1740 2149 ἀθεότητος,
1774 2075 1871 2129 καὶ
1892 2076 1957 2144 τῇ

379 2186 474 2241 τοῦ
521 2184 638 2257 βίου
666 2179 980 2251 ἀδιαφορία,
1010 2173 1406 2246 νομοθετήσας,
1458 2168 1594 2241 μηδὲ
1625 2167 1734 2222 τῶν
1759 2168 1963 2237 ίεραρ-

380 2255 670 2351 χουμένων
715 2270 972 2342 τινά,.μὴ
1018 2267 1101 2321 ὅτι
1158 2263 1385 2327 λαῖκὸν,
1420 2258 1724 2330 ἀπέχεσθαι
1774 2255 1964 2324 κοίτης

380 2347 625 2438 ἀθέσμου
657 2364 753 2419 καὶ
782 2357 1147 2430 πολυγαμιῶν
1174 2372 1189 2387 ο
1221 2356 1321 2420 τὰς
1361 2352 1471 2424 γὰρ
1503 2351 1672 2423 μέθας
1704 2347 1801 2403 καὶ⁸
1838 2348 1966 2411 τοὺς

383 2462 630 2535 κώμους,
666 2457 816 2529 δῶρα
843 2453 985 2512 εἶναι
1015 2450 1372 2521 ὑπελάμϐανε
1401 2445 1561 2501 Θεοῦ.

452 2669 582 2723 KI".
612 2664 728 2730 Τὰς
777 2662 878 2727 σὰς
936 2656 1343 2731 μεταϐαλόντες
1396 2648 1703 2715 συντάξεις,
1732 2645 1814 2708 εἰς
1863 2641 1965 2713 τὴν

384 2760 674 2818 Χαλδαίων
700 2775 761 2812 τε
792 2756 887 2810 καὶ
929 2749 1237 2823 Ἀρμενίων
1263 2745 1341 2817 (p)
1370 2741 1556 2815 φωνὴν
1576 2741 1670 2793 καὶ
1688 2737 1966 2807 γλῶσσαν,

385 2856 437 2909 οἰ
478 2852 581 2922 τῆς
635 2849 804 2919 αὐτῆς
861 2846 944 2900 σοὶ
994 2840 1233 2913 φατρίας
1290 2837 1391 2908 τῆς
1428 2832 1641 2904 Ἀρείου
1691 2826 1967 2888 ἀσεϐείας,

388 2917 703 3015 ἀθεωτέραν
731 2917 845 3002 τοῖς
875 2938 1052 2992 ἔθνεσι
1097 2929 1549 3002 παραδεδλῦκασιν
1588 2923 1803 2993 αἵρεσιν
1829 2936 1842 2951 ⁸
1876 2917 1973 2973 καὶ

388 3040 500 3110 γὰρ
555 3010 717 3091 τοῦτο
766 3029 1008 3103 ζηλῶσαι
1059 3021 1461 3079 ἐσπουδάκασιν
1509 3016 1560 3070 οἰ
1601 3014 1711 3067 τῶν
1756 3010 1971 3081 Ἀρείου

390 3102 618 3187 θιάσωνο
646 3126 789 3198 πλὴν
807 3102 930 3180 ὅσον
959 3122 1008 3175 οἱ
1040 3119 1138 3190 μὲν
1163 3117 1290 3178 τοὺς
1311 3108 1601 3179 ἑσπερίους
1629 3102 1972 3176 βαρϐάρους,

392 3227 443 3280 οἰ
488 3225 546 3280 δὲ
602 3192 755 3287 τοὺς⁷
781 3217 971 3290 ὲῴους,
1015 3215 1095 3276 εἰς
1143 3208 1243 3281 τὴν
1280 3205 1416 3260 ἰδίαν
1441 3201 1678 3262 ἕκαστος
1715 3192 1974 3252 ἀσέϐειαν

394 3314 806 3390 προσηγάγετο.

466 3430 593 3486 KA'.
629 3424 824 3498 Μικρά
863 3439 946 3475 σοι
976 3419 1189 3474 ταῦτα·
1225 3413 1290 3467 σὺ
1325 3408 1383 3464 δέ
1428 3425 1520 3480 μοι
1552 3400 1838 3476 προστίθει
1882 3395 1979 3451 καὶ

394 3527 495 3598 τὴν
546 3490 942 3589 πεπλασμένην
972 3512 1147 3581 Ἀδάμ
1193 3506 1532 3579 παράϐασιν,
1559 3502 1626 3573 ἣν
1681 3496 1815 3552 ὑπὸ·
1841 3490 1977 3547 Θεοῦ

396 3587 578 3674 λαϐὼν
609 3587 834 3677 ἔπαθεν,
857 3587 945 3664 ἵνα
973 3607 1200 3677 γένηται
1236 3601 1441 3670 κόσμος
1472 3593 1619 3665 αὐτῷ
1642 3587 1981 3660 εὐπροφάσι-

401 3728 527 3766 στον
552 3705 730 3780 ἀρχὴν
759 3703 923 3775 ἔχων,
962 3700 1063 3771 τὴν
1090 3694 1186 3751 τοῦ
1218 3694 1293 3764 μὴ
1315 3686 1701 3762 ἡμαρτηκότος
1732 3682 1850 3753 μὲν,
1891 3695 1983 3733 σε·

402 3771 890 3874 συκοφαντημέ-νου
933 3794 1012 3859 δὲ,
1072 3786 1417 3853 ἀδικωτάτην
1449 3783 1543 3836 καὶ
1576 3778 1732 3847 δίκην
1766 3774 1859 3828 καὶ
1894 3771 1983 3837 ἑξ-

399 3866 581 3973 ορίαν.
604 3896 680 3951 Οὐ
818 3890 1025 3959 ταύτης
1040 3903 1124 3940 σοι
1143 3883 1330 3937 ἕνεκεν
1350 3879 1451 3949 τῆς
1470 3873 1581 3930 τῶν
1598 3869 1785 3927 κακῶν
1806 3866 1980 3939 ῥίζης,

402 3959 499 4050 καὶ
516 3992 616 4062 τῆς
636 3959 836 4054 λοιπῆς
858 3981 1001 4038 κατὰ
1026 3979 1086 4033 τὸ
1116 3975 1245 4047 ἑξῆς
1268 3971 1377 4027 τῶν
1404 3966 1712 4039 ἀνθρώπων
1728 3959 1984 4022 ἀσεϐείας

399 4087 497 4145 καὶ
548 4053 817 4154 πονηρίας
865 4079 893 4131 ό
948 4070 1189 4145 Χριστὸς
1239 4063 1398 4138 ἦλθε,
1448 4063 1511 4116 τδ
1567 4053 1984 4127 πεπλανημένον

401 4144 805 4253 πρόϐατον-’τὸν
851 4144 1047 4238 Ἀδὰμ,
1076 4164 1175 4233 τῆς
1222 4160 1332 4216 τῶν
1391 4154 1585 4211 ἑκατὸν
1636 4144 1986 4206 ἀποσπασθὲν

402 4240 697 4344 σύννομῆς,
715 4267 793 4331 ὡς
817 4262 982 4326 καλὸς
1007 4258 1180 4313 σῶσαι
1209 4253 1306 4309 καί⁵
1335 4244 1662 4319 ἐπιστρέψαι
1688 4240 1911 4311 ποιμήν.

472 4388 605 4443 KE’.
639 4378 908 4452 Πρόσθες,
944 4376 993 4428 εἰ
1034 4369 1237 4443 βούλει,
1261 4364 1358 4421 καὶ
1403 4362 1529 4425 τοὺς
1568 4358 1648 4428 τῷ
1685 4355 1863 4426 σκότῳ
1908 4352 1987 4423 τῷ

406 4479 486 4552 σῷ
547 4445 1159 4545 συνδημιουργηθέντας
1207 4457 1514 4529 ἀγγέλουςο
1552 4453 1612 4507 οὐ
1672 4448 1783 4520 γάρ
1836 4445 1987 4511 ἀξιό-

404 4538 586 4648 χρεώς
632 4538 731 4623 σοῖ
754 4538 861 4635 τῆς
895 4559 1076 4615 αὐτῶν
1105 4555 1325 4626 φύσεως
1358 4547 1633 4621 ἐξηγητὴς
1662 4546 1691 4598 ὁ
1731 4538 1989 4612 ἰεροψάλ-

405 4632 509 4742 ⁸της
539 4632 676 4737 πρὸς
699 4662 792 4717 τὺν
815 4632 953 4711 ἽΘεὸν
985 4657 1044 4709 ὲν
1065 4649 1339 4719 πνεύματι
1370 4644 1468 4715 τὴν
1490 4640 1661 4713 λύραν
1692 4632 1992 4708 ἀνακρουό-

636 4757 699 4811 '0
728 4749 915 4809 ποιῶν
937 4749 1082 4813 τοὺς
1108 4743 1405 4814 ἀγγέλους
1430 4734 1617 4793 αὐτοῦ
1658 4730 1986 4799 πνεύματα,

410 4820 511 4907 ara!
555 4820 708 4913 acim
758 4836 1152 4910 λειτουργοὺς
1199 4831 1389 4889 αὐτοῦ
1422 4827 1615 4898 πυρὸς
1665 4824 1886 4895 φλόγα.
1917 4820 1990 4873 Τὸ

411 4943 522 5017 γὰρ
552 4910 741 4995 ποιῶν
776 4932 873 4989 τοῦ
902 4929 1202 4991 ἐνεστῶτος
1256 4922 1451 4996 χρόνου
1502 4918 1563 4973 ὃν
1624 4916 1870 4988 σημεῖον,
1901 4910 1991 4966 τὸν

414 5003 835 5104 παρεληλυθότα
874 5018 1140 5095 Γραφικῷ
1189 5015 1442 5085 ἰδιώματι
1470 5010 1642 5082 δηλοῖ,
1673 5007 1749 5069 ὡς
1778 5003 1985 5064 εὐθέως

415 5144 480 5196 γε
493 5094 719 5192 ἐπάξων
745 5094 1013 5178 διδάσκει,
1040 5116 1072 5168 ό
1093 5106 1385 5181 θεμελιῶν
1411 5103 1529 5173 τὴν
1552 5100 1693 5173 γῆν,
1714 5094 1994 5151 τουτέστιν

415 5185 843 5289 όθεμελιώσας-
875 5208 1026 5287 ούτεῆ
1060 5205 1167 5277 μὴν
1197 5206 1252 5259 αἰ
1301 5201 1459 5257 ἄλλαι
1498 5213 1557 5251 σε
1606 5194 1717 5248 τῶν
1757 5185 1994 5260 Γραφῶν

417 5277 847 5381 ἅγγελοφάνειαι
874 5279 1189 5357 καταῆιδοῦσι
1210 5340 1225 5363 ,
1259 5295 1375 5365 φῶς
1408 5310 1467 5347 τε
1513 5288 1839 5360 φαινόμεναι
1865 5324 1879 5348 ,
1901 5277 1999 5334 καὶ

418 5402 709 5477 ἀστραπὰς
747 5395 1071 5454 ἀποστίλϐου
1080 5409 1193 5447 σαι.

495 5582 541 5617 ⁸⁷
569 5579 715 5637 Psal.
747 5592 859 5642 cur,
894 5575 948 5631 4.
1026 5570 1070 5603 ³⁸
1104 5567 1238 5625 ibid.
1268 5567 1321 5621 5.

1320 429 1485 490 ADV.
1529 411 2235 485 INCORRUPTICOLAS
2274 410 2367 469 ET
2405 404 2725 467 NESTOR.

1248 541 1433 613 φόϐον,
1495 538 1573 601 ὠς
1622 534 1784 596 αὐτὸς
1834 531 1971 601 μὲνἐ

2074 536 2094 582 ι
2128 529 2245 598 ipse
2274 531 2452 595 putat,
2493 514 2872 575 tantummodo
2925 511 3100 565 minas
3130 506 3356 569 habent,
3388 520 3469 558 va:
3509 505 3622 557 var!

3490 385 3626 451 1370

2050 620 2156 677 Sed
2180 616 2434 673 suadebit
2460 613 2510 669 ei
2541 606 2903 680 experientia,
2925 603 3054 673 quia
3077 602 3254 656 minas
3283 595 3627 657 non'timuit,

2049 723 2105 769 et
2141 712 2259 766 haec
2285 705 2486 763 litteris
2522 701 2785 757 mandare
2823 713 2933 752 non
2964 703 3049 750 est
3077 693 3289 747 veritus
3315 689 3539 757 impius,
3574 693 3632 740 et

2049 819 2179 859 vere
2220 818 2252 856 a
2288 808 2439 854 metu
2470 808 2698 856 vacuus,
2744 798 2802 845 et
2833 802 2963 842 vere
3004 794 3166 840 terrae
3194 790 3403 836 motum
3436 776 3632 847 ignife—

2052 913 2174 954 rum
2206 895 2467 955 irridens,
2496 906 2527 944 a
2554 888 2711 959 cujus
2739 883 2879 940 facie
2909 881 3047 937 sicut
3076 879 3133 933 in
3162 875 3384 931 diabolo
3414 871 3630 927 sublata

2051 996 2180 1046 sunt
2204 985 2412 1060 judicia
2437 981 2554 1038 Dei.

2121 1104 2263 1159 XXI.
2296 1104 2528 1170 Propter
2572 1096 2689 1150 haec
2731 1103 2785 1148 te
2837 1090 3070 1160 diligunt
3099 1083 3323 1151 ,miser,
3364 1079 3458 1149 qui
3502 1082 3633 1131 sunt

2054 1207 2163 1253 tua:
2193 1204 2390 1250 sectae:
2420 1192 2525 1245 hoc
2553 1198 2609 1243 tu
2649 1185 2760 1239 illis
2802 1181 3159 1251 pharmacum
3189 1172 3256 1227 ad
3279 1167 3632 1225 eximendum

2056 1291 2310 1345 timorem
2335 1282 2433 1340 Dei
2458 1276 2763 1340 confecisti,
2791 1288 2924 1327 vere
2953 1282 3197 1325 amarum
3228 1275 3283 1319 et
3332 1260 3633 1333 lugendum

2056 1383 2436 1455 pharmacum.
2496 1373 2621 1428 Haec
2668 1371 2774 1425 fuit
2815 1364 3073 1423 Eunomii
3133 1360 3407 1430 impietas,
3470 1368 3634 1424 quam

2057 1476 2303 1533 imitatus
2339 1486 2419 1533 es,
2451 1467 2520 1523 de
2569 1480 2680 1536 quo
2716 1478 2837 1533 qua:
2878 1457 3230 1517 dicebantur,
3287 1446 3636 1505 incredibilia

2057 1577 2236 1635 erant,
2263 1568 2438 1624 donec
2472 1561 2704 1633 (utinam
2744 1554 3048 1625 nunquam)
3116 1550 3233 1603 haec
3264 1546 3320 1602 in
3345 1541 3501 1598 libris
3526 1538 3640 1594 tuis

2058 1664 2235 1737 posita
2271 1668 2419 1717 sunt.
2456 1630 2526 1713 Et
2564 1648 2919 1711 Eunomium,
2976 1642 3071 1713 qui
3100 1635 3455 1711 praecipiebat
3506 1630 3639 1685 dare

2058 1761 2237 1815 locum
2265 1750 2631 1827 passionibus,
2655 1751 2711 1801 et
2729 1758 2840 1798 non
2861 1737 3123 1795 exhibere
3142 1730 3423 1788 molestias
3443 1723 3637 1788 menti,

1987 1878 2029 1935 Β
2061 1850 2311 1908 doctrina
2342 1856 2433 1900 tua
2466 1838 2765 1912 Superavit.

2130 1964 2298 2021 XXII.
2336 1960 2488 2015 Tuus
2519 1952 2823 2023 discipulus
2847 1947 2952 2002 fuit
2978 1945 3290 2001 Barsumas,
3330 1935 3423 2006 qui
3453 1932 3640 1989 Persi-

2062 2062 2187 2117 dem
2226 2069 2393 2128 prave
2418 2045 2744 2123 gubernavit
2791 2036 3139 2111 dogmatibus
3195 2031 3305 2086 tuis
3348 2026 3549 2097 impiis,
3584 2030 3642 2078 et

2062 2116 2277 2209 sublata
2300 2116 2612 2202 differentia
2632 2139 2687 2193 in
2707 2136 2821 2191 vita
2850 2128 3134 2203 degenda;
3166 2123 3260 2194 qui
3287 2122 3463 2192 legem
3492 2116 3639 2179 tulit,

2062 2250 2124 2298 ut
2146 2240 2332 2297 nullus
2358 2251 2426 2291 ex
2464 2233 2635 2294 clero,
2665 2239 2849 2296 neque
2883 2222 3079 2284 laicus,
3105 2216 3409 2271 abstineret
3439 2225 3468 2263 a
3498 2208 3645 2262 lecto

2062 2297 2175 2389 non
2221 2327 2485 2401 legitimo,
2546 2334 2727 2391 neque
2775 2332 2805 2371 a
2856 2306 3202 2385 polygamiis,
3232 2303 3286 2358 id
3328 2309 3433 2365 est,
3456 2297 3647 2353 multis

2032 2423 2369 2497 oconjugiis;
2400 2416 2700 2473 ebrietates
2742 2408 2891 2465 enim
2945 2413 3002 2459 et
3043 2394 3471 2457 comessationes
3501 2389 3647 2443 dona

2065 2518 2166 2575 Dei
2189 2531 2310 2572 esse
2335 2506 2705 2568 existimabat.

2138 2628 2330 2686 XXIII.
2367 2624 2568 2680 Libros
2588 2629 2714 2675 tuos
2745 2616 2781 2671 ii
2812 2611 2907 2684 qui
2937 2619 3041 2666 tua!
3066 2617 3229 2664 sectae
3257 2609 3407 2665 sunt,
3452 2599 3507 2653 in
3531 2612 3651 2652 ser-

2073 2738 2292 2781 monem
2325 2714 2683 2775 Chaldaicum
2734 2717 2790 2764 et
2816 2702 3169 2762 Armeniorum
3199 2698 3516 2754 verterunt;
3554 2686 3652 2757 qui

2073 2814 2326 2872 haeresim
2358 2805 2554 2863 haeresi
2579 2804 2779 2859 Ariana
2808 2797 3051 2868 peiorem
3101 2805 3165 2845 ac
3207 2785 3381 2855 magis
3428 2779 3653 2850 impiam

2074 2904 2331 2978 gentibus
2358 2895 2719 2953 tradiderunt.
2758 2884 3042 2955 Siquidem
3065 2881 3170 2934 hoc
3193 2873 3395 2931 imitari
3428 2869 3655 2925 studue-

2074 2956 2205 3052 :unt
2239 2990 2447 3053 Ariani,
2498 2984 2606 3040 nisi
2637 2979 2783 3052 quod
2813 2978 2871 3032 hi
2906 2972 3173 3028 barbaros
3194 2960 3530 3023 Occidentis,
3572 2956 3652 3010 illi

2075 3094 2267 3157 gentes
2294 3077 2556 3141 Orientis,
2604 3047 2823 3141 utrique
2856 3065 2926 3121 ad
2974 3077 3130 3119 suam
3179 3056 3518 3127 impietatem
3560 3047 3659 3102 ad-

2078 3179 2374 3233 duxerunt.

2056 3370 2059 3373 I
2148 3398 2339 3457 XXIV.
2388 3394 2563 3449 Parva
2602 3387 2739 3441 haec.
2784 3380 2871 3435 'I‘u
2913 3389 3048 3432 vero
3088 3368 3228 3427 adde
3272 3362 3431 3424 mihi,
3472 3358 3658 3412 ﬁctum

2080 3508 2202 3550 esse
2230 3494 2515 3559 peccatum
2540 3478 2689 3539 Adae,
2716 3472 2883 3542 idque
2904 3468 3017 3523 Deo
3040 3469 3285 3520 auctore,
3313 3462 3374 3509 ut
3390 3448 3661 3522 judicium

2083 3540 2201 3550 νηυ-
2232 3540 2257 3559 ιν
2275 3540 2294 3544 ν
2310 3540 2327 3543 ν
2346 3540 2377 3542 νν
2794 3540 2805 3542 ν

2082 3580 2489 3654 iniquissimum
2517 3572 2574 3626 in
2597 3567 2769 3624 Adam
2801 3561 2895 3633 qui
2940 3573 3053 3613 non
3100 3552 3403 3623 peccasset,
3438 3540 3533 3597 sed
3569 3553 3666 3608 per

3206 3642 3258 3654 una
3395 3636 3430 3654 Ag
3478 3632 3635 3654 ..ΑΛ-,Λ

2083 3632 2329 3654 ""‘l"""
2826 3632 2833 3633 κ

2083 3674 2415 3735 calumniam
2459 3667 2749 3722 damnatus
2775 3656 2987 3716 fuisset,
3023 3642 3361 3704 etexsilium
3385 3636 3434 3690 ei
3473 3632 3665 3687 decre-

2083 3780 2225 3833 tum,
2276 3767 2425 3837 justa
2468 3768 2523 3815 et
2560 3748 2863 3827 probabilis
2909 3755 3074 3800 causa
3128 3726 3441 3791 redimendi
3499 3737 3665 3777 mun-

2087 3817 2199 3827 """‘
2210 3817 2225 3833 ν
2276 3817 2295 3837 ιι
2310 3817 2334 3819 η
2349 3817 2361 3819 -
2564 3817 2578 3827 .

2083 3865 2216 3921 dum
2247 3860 2462 3915 fierent.
2493 3854 2572 3905 An
2594 3862 2705 3903 non
2724 3847 2949 3915 propter
2969 3836 3112 3890 hanc
3132 3826 3370 3883 radicem
3393 3817 3665 3874 malorum

2085 3972 2142 4018 et
2171 3957 2396 4025 reliquae
2431 3945 2692 4011 deinceps
2734 3926 3032 4005 impietatis
3078 3917 3364 3977 hominum
3409 3904 3669 4025 Christus

2086 3991 2142 4018 ει
2172 3991 2269 4014 ιςιι
2315 3991 2396 4007 υυυ
2433 3991 2687 4011 νιν-..πντ-
2815 3991 2831 4005 ι

2086 3991 2356 4110 νεηὶι,Ὶιιι
2412 4037 2586 4094 Adam
2640 4041 2823 4091 ovem,
2874 4037 2905 4077 a
2952 4021 3279 4083 compascuo
3312 4008 3533 4057 centum
3565 3991 3668 4047 ab-

2086 4140 2345 4200 ductam,
2412 4138 2471 4187 et
2516 4126 2863 4182 aberrantem
2918 4119 3180 4179 tanquam
3239 4099 3421 4154 bonus
3479 4094 3669 4159 pastor

2084 4234 2322 4292 salvaret
2340 4228 2364 4282 ?

2159 4345 2327 4404 XXV.
2364 4338 2538 4401 Adde,
2571 4334 2616 4389 si
2646 4332 2751 4393 vis,
2801 4320 3022 4393 angelos
3065 4327 3177 4368 una
3220 4320 3344 4363 cum
3373 4300 3486 4356 tuis
3514 4304 3670 4349 tene-

2088 4443 2208 4501 bris
2243 4445 2495 4494 crcatos:
2545 4442 2657 4483 non
2708 4419 2853 4477 enim
2903 4412 3007 4470 fuit
3036 4404 3182 4477 apud
3231 4410 3285 4456 te
3335 4393 3570 4451 idoneus
3616 4394 3673 4440 et

2092 4530 2421 4593 auctoritate
2458 4522 2659 4591 dignus
2703 4525 2858 4567 sacer
2889 4506 3176 4561 enarrator
3220 4497 3431 4546 natura:
3474 4489 3671 4536 eorum

3132 4590 3140 4593 .
3430 4576 3477 4593 ,γ
3526 4569 3644 4593 nn,

2442 4569 2869 4671 in-(Dei‘laudcm
2901 4595 3102 4652 ﬁdibus
3131 4590 3184 4643 in
3208 4581 3405 4656 spiritu
3430 4569 3677 4678 in.P.sal-

2096 4666 2286 4688 ........,
2315 4666 2328 4675 .
2357 4666 2409 4674 _-
2526 4666 2547 4668 γ

2096 4718 2201 4774 mis
2222 4666 2426 4770 canens
2458 4723 2472 4760 :
2507 4702 2607 4769 Qui
2634 4698 2783 4771 facit,
2813 4688 3013 4760 inquit,
3043 4677 3255 4752 angelos
3286 4686 3406 4728 suos
3436 4666 3676 4738 spiritus,

2099 4912 2265 4969 creat,
2311 4891 2599 4971 praesentis
2629 4848 2892 4954 temporis
2915 4883 3019 4937 est,
3053 4866 3199 4941 quod
3238 4856 3460 4933 propria
3499 4848 3687 4952 Scrip-

2100 4941 2144 4961 bl
2159 4941 2265 4969 aut,
2314 4941 2596 4971 γιυνυν-----
2662 4941 2673 4942 γ
2744 4941 2758 4954 Ι

2100 5009 2238 5055 tura:
2286 4997 2487 5050 sanctae
2524 4974 2924 5041 consuetudine
2956 4962 3295 5039 praeteritum
3346 4960 3565 5018 tempus
3609 4941 3683 4995 si-

3277 5048 3292 5055 ·
3317 5047 3330 5055 ⁵
3450 5039 3485 5055 οι
3522 5054 3529 5055 κ
3583 5033 3683 5055 n__2

2102 5033 2238 5055 ιυιω
2287 5033 2487 5050 Dus-VM
2529 5033 2720 5041 v-___,,i
2959 5033 2975 5039 _

2101 5088 2343 5162 gnificat,
2398 5089 2459 5137 ut
2498 5075 2760 5134 continuo
2796 5068 2979 5125 docet,
3029 5070 3154 5113 cum
3211 5039 3533 5116 subiungit:
3580 5033 3689 5099 Qui

2983 5156 2995 5162 ‘
3039 5152 3059 5162 ⁸
3154 5149 3167 5162 ¹
3244 5144 3281 5162 Ἀ
3331 5158 3342 5162 -
3392 5147 3570 5162 -ιυ--ιιι
3627 5139 3685 5162 In

2104 5139 2293 5255 Fundat
2342 5187 2542 5231 terram
2560 5170 2625 5232 ³⁸,
2660 5166 2715 5220 id
2764 5168 2868 5224 est,
2904 5156 3001 5226 qui
3037 5144 3286 5206 fundavit
3330 5158 3344 5193 :
3392 5147 3570 5203 neque
3627 5139 3685 5182 te

2770 5252 2782 5255 -
2860 5248 2889 5255 _
2961 5246 2971 5255 .
3022 5250 3031 5255 _
3112 5239 3154 5255 ,ξ
3205 5225 3685 5255 “unumunum

2105 5225 2367 5332 'movent,
2413 5277 2537 5319 cum
2586 5256 2721 5313 alias
2770 5252 2826 5306 in
2857 5239 3158 5313 Seripturis
3201 5225 3389 5302 angeli'
3418 5233 3689 5292 tanquam

2106 5364 2313 5422 lumina
2342 5327 2735 5429 apparuerunt,
2765 5350 2821 5400 et
2850 5348 2911 5395 ut
2934 5337 3145 5406 fulgura
3179 5327 3468 5395 fulgentes.

505 5738 683 5809 (p)En
718 5733 1005 5809 antiquum
1038 5722 1436 5809 testimonium,
1444 5713 1738 5809 'quomodo
1798 5704 2039 5766 Chaldaei
2080 5710 2134 5759 ct
2194 5692 2438 5755 Armenii
2471 5690 2596 5747 facti
2633 5684 2840 5743 fuerint
2892 5676 3156 5740 hatretici,
3203 5668 3464 5726 nimirum
3505 5664 3577 5722 ob
3610 5666 3685 5723 Iin-

430 5791 871 5867 bro'sl'theodori'
894 5810 948 5859 ct
968 5796 1413 5872 przcdicatiouem
1444 5791 1741 5846 Barsuntm.
