  <div class='ocr_page' id='page_1' title='image "/cluster/home/n/w/nwhite01/storage/ocr_20150623/86:pt.1/coo.31924054869874/693.png"; bbox 0 0 4120 6486; ppageno 0'>
   <div class='ocr_carea' id='block_1_1' title="bbox 426 442 557 508">
    <p class='ocr_par' dir='ltr' id='par_1_1' title="bbox 426 442 557 508">
     <span class='ocr_line' id='line_1_1' title="bbox 426 442 557 508; baseline -0.015 -1"><span class='ocrx_word' id='word_1_1' title='bbox 426 442 557 508; x_wconf 73' lang='grc'><strong>1371</strong></span> 
     </span>
    </p>
   </div>
   <div class='ocr_carea' id='block_1_2' title="bbox 1699 424 2454 493">
    <p class='ocr_par' dir='ltr' id='par_1_2' title="bbox 1699 424 2454 493">
     <span class='ocr_line' id='line_1_2' title="bbox 1699 424 2454 493; baseline -0.016 1"><span class='ocrx_word' id='word_1_2' title='bbox 1699 429 2010 493; x_wconf 75' lang='lat' dir='ltr'><strong>LEONTII</strong></span> <span class='ocrx_word' id='word_1_3' title='bbox 2048 424 2454 487; x_wconf 65' lang='lat' dir='ltr'><strong>BYZANTIN‘I</strong></span> 
     </span>
    </p>
   </div>
   <div class='ocr_carea' id='block_1_3' title="bbox 3567 411 3701 478">
    <p class='ocr_par' dir='ltr' id='par_1_3' title="bbox 3567 411 3701 478">
     <span class='ocr_line' id='line_1_3' title="bbox 3567 411 3701 478; baseline 0.015 -2"><span class='ocrx_word' id='word_1_4' title='bbox 3567 411 3701 478; x_wconf 65' lang='grc'><strong>1372</strong></span> 
     </span>
    </p>
   </div>
   <div class='ocr_carea' id='block_1_4' title="bbox 497 526 2035 612">
    <p class='ocr_par' dir='ltr' id='par_1_4' title="bbox 497 543 2012 612">
     <span class='ocr_line' id='line_1_4' title="bbox 497 543 2012 612; baseline -0.011 0"><span class='ocrx_word' id='word_1_5' title='bbox 497 556 687 612; x_wconf 81' lang='lat' dir='ltr'><strong>XXVI.</strong></span> <span class='ocrx_word' id='word_1_6' title='bbox 732 553 886 610; x_wconf 82' lang='lat' dir='ltr'><strong>Adde</strong></span> <span class='ocrx_word' id='word_1_7' title='bbox 915 550 1340 607; x_wconf 64' lang='lat' dir='ltr'><strong>Manichaeorum</strong></span> <span class='ocrx_word' id='word_1_8' title='bbox 1387 548 1647 604; x_wconf 72' lang='lat' dir='ltr'><strong>tenebras</strong></span> <span class='ocrx_word' id='word_1_9' title='bbox 1676 543 2012 601; x_wconf 88' lang='lat' dir='ltr'><strong>substantia-</strong></span> 
     </span>
    </p>
   </div>
   <div class='ocr_carea' id='block_1_5' title="bbox 2135 526 3701 612">
    <p class='ocr_par' dir='ltr' id='par_1_5' title="bbox 2189 526 3701 607">
     <span class='ocr_line' id='line_1_5' title="bbox 2189 526 3701 607; baseline -0.007 -13"><span class='ocrx_word' id='word_1_10' title='bbox 2189 537 2331 606; x_wconf 64' lang='grc' dir='ltr'><strong>κεῖ.</strong></span> <span class='ocrx_word' id='word_1_11' title='bbox 2371 534 2610 607; x_wconf 83' lang='grc' dir='ltr'>Πρόσθες</span> <span class='ocrx_word' id='word_1_12' title='bbox 2635 533 2729 588; x_wconf 71' lang='grc' dir='ltr'>καὶ</span> <span class='ocrx_word' id='word_1_13' title='bbox 2757 530 2816 585; x_wconf 71' lang='lat'><strong>7.0</strong></span> <span class='ocrx_word' id='word_1_14' title='bbox 2842 530 3170 602; x_wconf 76' lang='grc' dir='ltr'>Μανιχαὶων</span> <span class='ocrx_word' id='word_1_15' title='bbox 3195 526 3458 593; x_wconf 81' lang='grc' dir='ltr'><strong>οὐσιῶδες</strong></span> <span class='ocrx_word' id='word_1_16' title='bbox 3485 529 3701 596; x_wconf 81' lang='grc' dir='ltr'><strong>σκότος,</strong></span> 
     </span>
    </p>
   </div>
   <div class='ocr_carea' id='block_1_6' title="bbox 428 642 2012 717">
    <p class='ocr_par' dir='ltr' id='par_1_6' title="bbox 428 642 2012 717">
     <span class='ocr_line' id='line_1_6' title="bbox 428 642 2012 717; baseline -0.009 -14"><span class='ocrx_word' id='word_1_17' title='bbox 428 650 510 704; x_wconf 86' lang='lat' dir='ltr'><strong>les</strong></span> <span class='ocrx_word' id='word_1_18' title='bbox 570 647 775 717; x_wconf 88' lang='lat' dir='ltr'><strong>primas</strong></span> <span class='ocrx_word' id='word_1_19' title='bbox 833 655 957 700; x_wconf 82' lang='lat' dir='ltr'><strong>ante</strong></span> <span class='ocrx_word' id='word_1_20' title='bbox 1019 642 1294 698; x_wconf 86' lang='lat' dir='ltr'><strong>visibilem</strong></span> <span class='ocrx_word' id='word_1_21' title='bbox 1342 649 1702 705; x_wconf 73' lang='lat' dir='ltr'><strong>creaturam,</strong></span> <span class='ocrx_word' id='word_1_22' title='bbox 1745 646 1843 692; x_wconf 90' lang='lat' dir='ltr'><strong>aut</strong></span> <span class='ocrx_word' id='word_1_23' title='bbox 1902 651 2012 690; x_wconf 91' lang='lat' dir='ltr'><strong>non</strong></span> 
     </span>
    </p>
   </div>
   <div class='ocr_carea' id='block_1_7' title="bbox 427 729 2015 794">
    <p class='ocr_par' dir='ltr' id='par_1_7' title="bbox 427 729 2015 794">
     <span class='ocr_line' id='line_1_7' title="bbox 427 729 2015 794; baseline -0.009 -1"><span class='ocrx_word' id='word_1_24' title='bbox 427 747 643 794; x_wconf 83' lang='lat' dir='ltr'><strong>creatas</strong></span> <span class='ocrx_word' id='word_1_25' title='bbox 692 737 962 790; x_wconf 81' lang='lat' dir='ltr'><strong>minutam</strong></span> <span class='ocrx_word' id='word_1_26' title='bbox 1016 733 1430 790; x_wconf 89' lang='lat' dir='ltr'><strong>snbsistentiam</strong></span> <span class='ocrx_word' id='word_1_27' title='bbox 1477 729 1776 794; x_wconf 85' lang='lat' dir='ltr'><strong>habuisse,</strong></span> <span class='ocrx_word' id='word_1_28' title='bbox 1836 734 1933 782; x_wconf 91' lang='lat' dir='ltr'><strong>aut</strong></span> <span class='ocrx_word' id='word_1_29' title='bbox 1985 743 2015 780; x_wconf 89' lang='lat' dir='ltr'><strong>a</strong></span> 
     </span>
    </p>
   </div>
   <div class='ocr_carea' id='block_1_8' title="bbox 429 828 916 882">
    <p class='ocr_par' dir='ltr' id='par_1_8' title="bbox 429 828 916 882">
     <span class='ocr_line' id='line_1_8' title="bbox 429 828 916 882; baseline -0.008 0"><span class='ocrx_word' id='word_1_30' title='bbox 429 828 541 882; x_wconf 87' lang='lat' dir='ltr'><strong>Deo</strong></span> <span class='ocrx_word' id='word_1_31' title='bbox 573 828 743 882; x_wconf 86' lang='lat' dir='ltr'><strong>factas</strong></span> <span class='ocrx_word' id='word_1_32' title='bbox 772 841 916 881; x_wconf 87' lang='lat' dir='ltr'><strong>esse.</strong></span> 
     </span>
    </p>
   </div>
   <div class='ocr_carea' id='block_1_9' title="bbox 505 929 2016 1008">
    <p class='ocr_par' dir='ltr' id='par_1_9' title="bbox 505 929 2016 1008">
     <span class='ocr_line' id='line_1_9' title="bbox 505 929 2016 1008; baseline -0.007 -14"><span class='ocrx_word' id='word_1_33' title='bbox 505 940 716 994; x_wconf 81' lang='lat' dir='ltr'><strong>XXVII.</strong></span> <span class='ocrx_word' id='word_1_34' title='bbox 778 939 838 994; x_wconf 91' lang='lat' dir='ltr'><strong>In</strong></span> <span class='ocrx_word' id='word_1_35' title='bbox 891 939 984 993; x_wconf 93' lang='lat' dir='ltr'><strong>illo</strong></span> <span class='ocrx_word' id='word_1_36' title='bbox 1013 946 1284 1008; x_wconf 78' lang='lat' dir='ltr'><strong>praeterea</strong></span> <span class='ocrx_word' id='word_1_37' title='bbox 1318 934 1646 1003; x_wconf 88' lang='lat' dir='ltr'><strong>insipienter</strong></span> <span class='ocrx_word' id='word_1_38' title='bbox 1688 929 2016 1001; x_wconf 83' lang='lat' dir='ltr'><strong>sapientiam</strong></span> 
     </span>
    </p>
   </div>
   <div class='ocr_carea' id='block_1_10' title="bbox 433 1027 2016 1104">
    <p class='ocr_par' dir='ltr' id='par_1_10' title="bbox 433 1027 2016 1104">
     <span class='ocr_line' id='line_1_10' title="bbox 433 1027 2016 1104; baseline -0.007 -15"><span class='ocrx_word' id='word_1_39' title='bbox 433 1035 652 1090; x_wconf 83' lang='lat' dir='ltr'><strong>simula.</strong></span> <span class='ocrx_word' id='word_1_40' title='bbox 683 1033 830 1104; x_wconf 91' lang='lat' dir='ltr'><strong>quod</strong></span> <span class='ocrx_word' id='word_1_41' title='bbox 857 1032 939 1087; x_wconf 88' lang='lat' dir='ltr'><strong>ais</strong></span> <span class='ocrx_word' id='word_1_42' title='bbox 960 1030 1364 1086; x_wconf 84' lang='lat' dir='ltr'><strong>Antichristum</strong></span> <span class='ocrx_word' id='word_1_43' title='bbox 1395 1027 1603 1082; x_wconf 90' lang='lat' dir='ltr'><strong>diaboli</strong></span> <span class='ocrx_word' id='word_1_44' title='bbox 1628 1042 1738 1080; x_wconf 90' lang='lat' dir='ltr'><strong>non</strong></span> <span class='ocrx_word' id='word_1_45' title='bbox 1764 1040 1885 1080; x_wconf 89' lang='lat' dir='ltr'><strong>esse</strong></span> <span class='ocrx_word' id='word_1_46' title='bbox 1914 1041 2016 1095; x_wconf 89' lang='lat' dir='ltr'><strong>pu-</strong></span> 
     </span>
    </p>
   </div>
   <div class='ocr_carea' id='block_1_11' title="bbox 434 1116 2020 1192">
    <p class='ocr_par' dir='ltr' id='par_1_11' title="bbox 434 1116 2020 1192">
     <span class='ocr_line' id='line_1_11' title="bbox 434 1116 2020 1192; baseline -0.007 -12"><span class='ocrx_word' id='word_1_47' title='bbox 434 1125 724 1188; x_wconf 88' lang='lat' dir='ltr'><strong>niendum,</strong></span> <span class='ocrx_word' id='word_1_48' title='bbox 766 1123 862 1178; x_wconf 89' lang='lat' dir='ltr'><strong>sed</strong></span> <span class='ocrx_word' id='word_1_49' title='bbox 894 1121 1386 1192; x_wconf 88' lang='lat' dir='ltr'><strong>corrumpendum.</strong></span> <span class='ocrx_word' id='word_1_50' title='bbox 1437 1129 1494 1174; x_wconf 89' lang='lat' dir='ltr'><strong>et</strong></span> <span class='ocrx_word' id='word_1_51' title='bbox 1523 1119 1579 1172; x_wconf 91' lang='lat' dir='ltr'><strong>in</strong></span> <span class='ocrx_word' id='word_1_52' title='bbox 1609 1117 1842 1172; x_wconf 89' lang='lat' dir='ltr'><strong>nihilum</strong></span> <span class='ocrx_word' id='word_1_53' title='bbox 1875 1116 2020 1170; x_wconf 90' lang='lat' dir='ltr'><strong>redi-</strong></span> 
     </span>
    </p>
   </div>
   <div class='ocr_carea' id='block_1_12' title="bbox 436 1211 2021 1282">
    <p class='ocr_par' dir='ltr' id='par_1_12' title="bbox 436 1211 2021 1282">
     <span class='ocr_line' id='line_1_12' title="bbox 436 1211 2021 1282; baseline -0.004 -11"><span class='ocrx_word' id='word_1_54' title='bbox 436 1227 623 1272; x_wconf 92' lang='lat' dir='ltr'><strong>turum</strong></span> <span class='ocrx_word' id='word_1_55' title='bbox 649 1234 663 1282; x_wconf 86' lang='lat'><strong>;</strong></span> <span class='ocrx_word' id='word_1_56' title='bbox 696 1225 757 1270; x_wconf 92' lang='lat' dir='ltr'><strong>ut</strong></span> <span class='ocrx_word' id='word_1_57' title='bbox 779 1221 963 1270; x_wconf 87' lang='lat' dir='ltr'><strong>manet</strong></span> <span class='ocrx_word' id='word_1_58' title='bbox 985 1213 1055 1268; x_wconf 92' lang='lat' dir='ltr'><strong>ad</strong></span> <span class='ocrx_word' id='word_1_59' title='bbox 1079 1214 1290 1268; x_wconf 87' lang='lat' dir='ltr'><strong>animas</strong></span> <span class='ocrx_word' id='word_1_60' title='bbox 1318 1212 1524 1267; x_wconf 90' lang='lat' dir='ltr'><strong>bonum</strong></span> <span class='ocrx_word' id='word_1_61' title='bbox 1549 1226 1616 1264; x_wconf 78' lang='lat' dir='ltr'><strong>ex</strong></span> <span class='ocrx_word' id='word_1_62' title='bbox 1644 1211 1810 1274; x_wconf 90' lang='lat' dir='ltr'><strong>bono,</strong></span> <span class='ocrx_word' id='word_1_63' title='bbox 1842 1216 2021 1264; x_wconf 90' lang='lat' dir='ltr'><strong>metus</strong></span> 
     </span>
    </p>
   </div>
   <div class='ocr_carea' id='block_1_13' title="bbox 436 1299 2019 1373">
    <p class='ocr_par' dir='ltr' id='par_1_13' title="bbox 436 1299 2019 1373">
     <span class='ocr_line' id='line_1_13' title="bbox 436 1299 2019 1373; baseline -0.006 -12"><span class='ocrx_word' id='word_1_64' title='bbox 436 1307 648 1362; x_wconf 86' lang='lat' dir='ltr'><strong>scilicet</strong></span> <span class='ocrx_word' id='word_1_65' title='bbox 697 1303 815 1369; x_wconf 87' lang='lat' dir='ltr'><strong>Dei,</strong></span> <span class='ocrx_word' id='word_1_66' title='bbox 863 1318 1028 1373; x_wconf 88' lang='lat' dir='ltr'><strong>quem</strong></span> <span class='ocrx_word' id='word_1_67' title='bbox 1084 1301 1308 1358; x_wconf 89' lang='lat' dir='ltr'><strong>aliunde</strong></span> <span class='ocrx_word' id='word_1_68' title='bbox 1356 1317 1466 1356; x_wconf 93' lang='lat' dir='ltr'><strong>non</strong></span> <span class='ocrx_word' id='word_1_69' title='bbox 1504 1309 1666 1356; x_wconf 90' lang='lat' dir='ltr'><strong>erant</strong></span> <span class='ocrx_word' id='word_1_70' title='bbox 1707 1299 2019 1354; x_wconf 67' lang='lat' dir='ltr'><strong>habiturae:</strong></span> 
     </span>
    </p>
   </div>
   <div class='ocr_carea' id='block_1_14' title="bbox 438 1391 2024 1468">
    <p class='ocr_par' dir='ltr' id='par_1_14' title="bbox 438 1391 2024 1468">
     <span class='ocr_line' id='line_1_14' title="bbox 438 1391 2024 1468; baseline -0.005 -16"><span class='ocrx_word' id='word_1_71' title='bbox 438 1413 547 1452; x_wconf 91' lang='lat' dir='ltr'><strong>non</strong></span> <span class='ocrx_word' id='word_1_72' title='bbox 579 1414 647 1452; x_wconf 82' lang='lat' dir='ltr'><strong>ex</strong></span> <span class='ocrx_word' id='word_1_73' title='bbox 673 1397 904 1468; x_wconf 83' lang='lat' dir='ltr'><strong>judicio,</strong></span> <span class='ocrx_word' id='word_1_74' title='bbox 933 1397 1038 1452; x_wconf 90' lang='lat' dir='ltr'><strong>hoc</strong></span> <span class='ocrx_word' id='word_1_75' title='bbox 1063 1396 1209 1450; x_wconf 90' lang='lat' dir='ltr'><strong>enim</strong></span> <span class='ocrx_word' id='word_1_76' title='bbox 1233 1394 1501 1450; x_wconf 88' lang='lat' dir='ltr'><strong>sustulisti</strong></span> <span class='ocrx_word' id='word_1_77' title='bbox 1527 1411 1542 1458; x_wconf 87' lang='lat'><strong>;</strong></span> <span class='ocrx_word' id='word_1_78' title='bbox 1595 1409 1702 1447; x_wconf 91' lang='lat' dir='ltr'><strong>non</strong></span> <span class='ocrx_word' id='word_1_79' title='bbox 1756 1409 1822 1447; x_wconf 79' lang='lat' dir='ltr'><strong>ex</strong></span> <span class='ocrx_word' id='word_1_80' title='bbox 1851 1391 2024 1447; x_wconf 83' lang='lat' dir='ltr'><strong>felici-</strong></span> 
     </span>
    </p>
   </div>
   <div class='ocr_carea' id='block_1_15' title="bbox 443 1483 2023 1556">
    <p class='ocr_par' dir='ltr' id='par_1_15' title="bbox 443 1483 2023 1556">
     <span class='ocr_line' id='line_1_15' title="bbox 443 1483 2023 1556; baseline -0.003 -14"><span class='ocrx_word' id='word_1_81' title='bbox 443 1499 552 1544; x_wconf 89' lang='lat' dir='ltr'><strong>tate</strong></span> <span class='ocrx_word' id='word_1_82' title='bbox 585 1490 849 1556; x_wconf 86' lang='lat' dir='ltr'><strong>fruenda;</strong></span> <span class='ocrx_word' id='word_1_83' title='bbox 890 1504 999 1543; x_wconf 91' lang='lat' dir='ltr'><strong>non</strong></span> <span class='ocrx_word' id='word_1_84' title='bbox 1025 1504 1092 1543; x_wconf 76' lang='lat' dir='ltr'><strong>ex</strong></span> <span class='ocrx_word' id='word_1_85' title='bbox 1128 1487 1366 1541; x_wconf 88' lang='lat' dir='ltr'><strong>naturali</strong></span> <span class='ocrx_word' id='word_1_86' title='bbox 1397 1494 1454 1540; x_wconf 88' lang='lat' dir='ltr'><strong>et</strong></span> <span class='ocrx_word' id='word_1_87' title='bbox 1487 1484 1772 1540; x_wconf 89' lang='lat' dir='ltr'><strong>recondito</strong></span> <span class='ocrx_word' id='word_1_88' title='bbox 1799 1483 2023 1539; x_wconf 90' lang='lat' dir='ltr'><strong>deside-</strong></span> 
     </span>
    </p>
   </div>
   <div class='ocr_carea' id='block_1_16' title="bbox 442 1577 2023 1653">
    <p class='ocr_par' dir='ltr' id='par_1_16' title="bbox 442 1577 2023 1653">
     <span class='ocr_line' id='line_1_16' title="bbox 442 1577 2023 1653; baseline -0.003 -16"><span class='ocrx_word' id='word_1_89' title='bbox 442 1583 525 1637; x_wconf 90' lang='lat' dir='ltr'><strong>rio</strong></span> <span class='ocrx_word' id='word_1_90' title='bbox 555 1598 684 1653; x_wconf 77' lang='lat' dir='ltr'><strong>erga</strong></span> <span class='ocrx_word' id='word_1_91' title='bbox 711 1583 917 1649; x_wconf 90' lang='lat' dir='ltr'><strong>Deum;</strong></span> <span class='ocrx_word' id='word_1_92' title='bbox 955 1581 1052 1637; x_wconf 92' lang='lat' dir='ltr'><strong>sed</strong></span> <span class='ocrx_word' id='word_1_93' title='bbox 1088 1596 1158 1636; x_wconf 79' lang='lat' dir='ltr'><strong>ex</strong></span> <span class='ocrx_word' id='word_1_94' title='bbox 1200 1580 1317 1635; x_wconf 92' lang='lat' dir='ltr'><strong>solo</strong></span> <span class='ocrx_word' id='word_1_95' title='bbox 1345 1578 1669 1634; x_wconf 84' lang='lat' dir='ltr'><strong>Antichristi</strong></span> <span class='ocrx_word' id='word_1_96' title='bbox 1704 1577 1757 1632; x_wconf 91' lang='lat' dir='ltr'><strong>in</strong></span> <span class='ocrx_word' id='word_1_97' title='bbox 1789 1577 2023 1634; x_wconf 87' lang='lat' dir='ltr'><strong>nihilum</strong></span> 
     </span>
    </p>
   </div>
   <div class='ocr_carea' id='block_1_17' title="bbox 443 1673 697 1727">
    <p class='ocr_par' dir='ltr' id='par_1_17' title="bbox 443 1673 697 1727">
     <span class='ocr_line' id='line_1_17' title="bbox 443 1673 697 1727; baseline 0 -1"><span class='ocrx_word' id='word_1_98' title='bbox 443 1673 697 1727; x_wconf 88' lang='lat' dir='ltr'><strong>interitu.</strong></span> 
     </span>
    </p>
   </div>
   <div class='ocr_carea' id='block_1_18' title="bbox 512 1805 2028 1877">
    <p class='ocr_par' dir='ltr' id='par_1_18' title="bbox 512 1805 2028 1877">
     <span class='ocr_line' id='line_1_18' title="bbox 512 1805 2028 1877; baseline -0.002 -15"><span class='ocrx_word' id='word_1_99' title='bbox 512 1808 750 1863; x_wconf 85' lang='lat' dir='ltr'>XXVIII.</span> <span class='ocrx_word' id='word_1_100' title='bbox 814 1809 889 1864; x_wconf 90' lang='lat' dir='ltr'><strong>Da</strong></span> <span class='ocrx_word' id='word_1_101' title='bbox 919 1808 1138 1874; x_wconf 87' lang='lat' dir='ltr'><strong>deinde,</strong></span> <span class='ocrx_word' id='word_1_102' title='bbox 1194 1823 1305 1862; x_wconf 93' lang='lat' dir='ltr'><strong>non</strong></span> <span class='ocrx_word' id='word_1_103' title='bbox 1338 1805 1610 1877; x_wconf 88' lang='lat' dir='ltr'><strong>quidquid</strong></span> <span class='ocrx_word' id='word_1_104' title='bbox 1655 1816 1761 1868; x_wconf 88' lang='lat' dir='ltr'><strong>est,</strong></span> <span class='ocrx_word' id='word_1_105' title='bbox 1809 1821 1930 1860; x_wconf 89' lang='lat' dir='ltr'><strong>esse</strong></span> <span class='ocrx_word' id='word_1_106' title='bbox 1959 1821 2028 1858; x_wconf 78' lang='lat' dir='ltr'><strong>ex</strong></span> 
     </span>
    </p>
   </div>
   <div class='ocr_carea' id='block_1_19' title="bbox 2117 623 3705 711">
    <p class='ocr_par' dir='ltr' id='par_1_19' title="bbox 2117 623 3705 711">
     <span class='ocr_line' id='line_1_19' title="bbox 2117 623 3705 711; baseline -0.005 -26"><span class='ocrx_word' id='word_1_107' title='bbox 2117 632 2333 704; x_wconf 87' lang='grc' dir='ltr'>πρῶτόν</span> <span class='ocrx_word' id='word_1_108' title='bbox 2371 646 2452 683; x_wconf 87' lang='grc' dir='ltr'>σοι</span> <span class='ocrx_word' id='word_1_109' title='bbox 2483 629 2581 698; x_wconf 81' lang='grc' dir='ltr'><strong>τῆς</strong></span> <span class='ocrx_word' id='word_1_110' title='bbox 2607 626 2812 697; x_wconf 81' lang='grc' dir='ltr'>ὁρατῆς</span> <span class='ocrx_word' id='word_1_111' title='bbox 2846 624 3100 687; x_wconf 75' lang='grc' dir='ltr'><strong>κτίσεως,</strong></span> <span class='ocrx_word' id='word_1_112' title='bbox 3131 623 3495 711; x_wconf 34' lang='grc' dir='ltr'>ἢ-ἀγενήτως</span> <span class='ocrx_word' id='word_1_113' title='bbox 3558 639 3705 694; x_wconf 82' lang='grc' dir='ltr'>παρ-</span> 
     </span>
    </p>
   </div>
   <div class='ocr_carea' id='block_1_20' title="bbox 2118 717 3152 795">
    <p class='ocr_par' dir='ltr' id='par_1_20' title="bbox 2118 717 3152 795">
     <span class='ocr_line' id='line_1_20' title="bbox 2118 717 3152 795; baseline -0.007 -17"><span class='ocrx_word' id='word_1_114' title='bbox 2118 725 2380 795; x_wconf 75' lang='grc' dir='ltr'>υποστᾷν,</span> <span class='ocrx_word' id='word_1_115' title='bbox 2409 724 2444 795; x_wconf 82' lang='grc' dir='ltr'>ἦ</span> <span class='ocrx_word' id='word_1_116' title='bbox 2480 721 2635 793; x_wconf 79' lang='grc' dir='ltr'>παρὰ</span> <span class='ocrx_word' id='word_1_117' title='bbox 2655 717 2793 773; x_wconf 83' lang='grc' dir='ltr'>Θεοῦ</span> <span class='ocrx_word' id='word_1_118' title='bbox 2833 717 3152 789; x_wconf 89' lang='grc' dir='ltr'>γενόμενον.</span> 
     </span>
    </p>
   </div>
   <div class='ocr_carea' id='block_1_21' title="bbox 2191 917 3712 992">
    <p class='ocr_par' dir='ltr' id='par_1_21' title="bbox 2191 917 3712 992">
     <span class='ocr_line' id='line_1_21' title="bbox 2191 917 3712 992; baseline -0.006 -12"><span class='ocrx_word' id='word_1_119' title='bbox 2191 925 2320 981; x_wconf 79' lang='grc' dir='ltr'><strong>ΚΖ’.</strong></span> <span class='ocrx_word' id='word_1_120' title='bbox 2358 923 2669 977; x_wconf 78' lang='grc' dir='ltr'>Κάκεῖνοδὲ</span> <span class='ocrx_word' id='word_1_121' title='bbox 2701 921 2922 992; x_wconf 84' lang='grc' dir='ltr'>ἀσόφως</span> <span class='ocrx_word' id='word_1_122' title='bbox 2955 921 3204 992; x_wconf 78' lang='grc' dir='ltr'>σοφίζου,</span> <span class='ocrx_word' id='word_1_123' title='bbox 3249 919 3344 974; x_wconf 74' lang='grc' dir='ltr'><strong>τὸν</strong></span> <span class='ocrx_word' id='word_1_124' title='bbox 3386 918 3483 972; x_wconf 82' lang='grc' dir='ltr'>τοῦ</span> <span class='ocrx_word' id='word_1_125' title='bbox 3525 917 3712 973; x_wconf 66' lang='grc' dir='ltr'>διαϐό-</span> 
     </span>
    </p>
   </div>
   <div class='ocr_carea' id='block_1_22' title="bbox 2119 1012 3711 1088">
    <p class='ocr_par' dir='ltr' id='par_1_22' title="bbox 2119 1012 3711 1088">
     <span class='ocr_line' id='line_1_22' title="bbox 2119 1012 3711 1088; baseline -0.006 -13"><span class='ocrx_word' id='word_1_126' title='bbox 2119 1020 2212 1074; x_wconf 84' lang='grc' dir='ltr'>λου</span> <span class='ocrx_word' id='word_1_127' title='bbox 2250 1018 2620 1088; x_wconf 79' lang='grc' dir='ltr'>Ἀντίχριστον</span> <span class='ocrx_word' id='word_1_128' title='bbox 2650 1017 2724 1086; x_wconf 77' lang='grc' dir='ltr'><strong>μὴ</strong></span> <span class='ocrx_word' id='word_1_129' title='bbox 2758 1014 3196 1086; x_wconf 81' lang='grc' dir='ltr'><strong>κολασθήσεσθαι</strong></span> <span class='ocrx_word' id='word_1_130' title='bbox 3238 1013 3437 1080; x_wconf 87' lang='grc' dir='ltr'>λέγων,</span> <span class='ocrx_word' id='word_1_131' title='bbox 3493 1012 3711 1082; x_wconf 84' lang='grc' dir='ltr'>φθαρή-</span> 
     </span>
    </p>
   </div>
   <div class='ocr_carea' id='block_1_23' title="bbox 2123 1099 3711 1174">
    <p class='ocr_par' dir='ltr' id='par_1_23' title="bbox 2123 1099 3711 1174">
     <span class='ocr_line' id='line_1_23' title="bbox 2123 1099 3711 1174; baseline -0.005 -13"><span class='ocrx_word' id='word_1_132' title='bbox 2123 1108 2312 1162; x_wconf 85' lang='grc' dir='ltr'>σεσθαι</span> <span class='ocrx_word' id='word_1_133' title='bbox 2341 1107 2397 1160; x_wconf 82' lang='grc' dir='ltr'>δὲ</span> <span class='ocrx_word' id='word_1_134' title='bbox 2427 1107 2521 1160; x_wconf 80' lang='grc' dir='ltr'>καὶ</span> <span class='ocrx_word' id='word_1_135' title='bbox 2547 1107 2626 1168; x_wconf 80' lang='grc' dir='ltr'><strong>είς</strong></span> <span class='ocrx_word' id='word_1_136' title='bbox 2655 1105 2714 1158; x_wconf 76' lang='grc' dir='ltr'>τὸ</span> <span class='ocrx_word' id='word_1_137' title='bbox 2747 1104 2823 1174; x_wconf 80' lang='grc' dir='ltr'>μὴ</span> <span class='ocrx_word' id='word_1_138' title='bbox 2851 1103 2912 1156; x_wconf 78' lang='grc' dir='ltr'>ὂν</span> <span class='ocrx_word' id='word_1_139' title='bbox 2932 1101 3368 1173; x_wconf 88' lang='grc' dir='ltr'>ἀναλυθήσεσθαι</span> <span class='ocrx_word' id='word_1_140' title='bbox 3403 1119 3417 1133; x_wconf 89' lang='grc'><strong>·</strong></span> <span class='ocrx_word' id='word_1_141' title='bbox 3457 1102 3546 1154; x_wconf 72' lang='grc' dir='ltr'>ἵνα</span> <span class='ocrx_word' id='word_1_142' title='bbox 3580 1099 3711 1172; x_wconf 69' lang='grc' dir='ltr'><strong>ἔλθῃ</strong></span> 
     </span>
    </p>
   </div>
   <div class='ocr_carea' id='block_1_24' title="bbox 2123 1192 3710 1266">
    <p class='ocr_par' dir='ltr' id='par_1_24' title="bbox 2123 1192 3710 1266">
     <span class='ocr_line' id='line_1_24' title="bbox 2123 1192 3710 1266; baseline -0.005 -12"><span class='ocrx_word' id='word_1_143' title='bbox 2123 1200 2287 1255; x_wconf 83' lang='grc' dir='ltr'>καλὸν</span> <span class='ocrx_word' id='word_1_144' title='bbox 2321 1202 2384 1253; x_wconf 77' lang='grc' dir='ltr'>ἐκ</span> <span class='ocrx_word' id='word_1_145' title='bbox 2435 1197 2604 1252; x_wconf 85' lang='grc' dir='ltr'>καλοῦ</span> <span class='ocrx_word' id='word_1_146' title='bbox 2643 1199 2764 1261; x_wconf 85' lang='grc' dir='ltr'>ταῖς</span> <span class='ocrx_word' id='word_1_147' title='bbox 2804 1197 3025 1266; x_wconf 76' lang='grc' dir='ltr'>ψυχαῖς,</span> <span class='ocrx_word' id='word_1_148' title='bbox 3078 1197 3108 1248; x_wconf 88' lang='grc' dir='ltr'><strong>ό</strong></span> <span class='ocrx_word' id='word_1_149' title='bbox 3169 1195 3334 1265; x_wconf 80' lang='grc' dir='ltr'>φόϐος</span> <span class='ocrx_word' id='word_1_150' title='bbox 3391 1193 3488 1247; x_wconf 85' lang='grc' dir='ltr'>τοῦ</span> <span class='ocrx_word' id='word_1_151' title='bbox 3548 1192 3710 1256; x_wconf 84' lang='grc' dir='ltr'>Θεοῦ,</span> 
     </span>
    </p>
   </div>
   <div class='ocr_carea' id='block_1_25' title="bbox 2123 1285 3714 1361">
    <p class='ocr_par' dir='ltr' id='par_1_25' title="bbox 2123 1285 3714 1361">
     <span class='ocr_line' id='line_1_25' title="bbox 2123 1285 3714 1361; baseline -0.006 -15"><span class='ocrx_word' id='word_1_152' title='bbox 2123 1293 2181 1347; x_wconf 81' lang='grc' dir='ltr'>ὃν</span> <span class='ocrx_word' id='word_1_153' title='bbox 2211 1293 2313 1346; x_wconf 77' lang='grc' dir='ltr'>οὐκ</span> <span class='ocrx_word' id='word_1_154' title='bbox 2352 1290 2578 1346; x_wconf 79' lang='grc' dir='ltr'>ἄλλοθεν</span> <span class='ocrx_word' id='word_1_155' title='bbox 2611 1289 2837 1361; x_wconf 75' lang='grc' dir='ltr'>ἔμελλον</span> <span class='ocrx_word' id='word_1_156' title='bbox 2888 1287 3034 1357; x_wconf 75' lang='grc' dir='ltr'>ἔχειν</span> <span class='ocrx_word' id='word_1_157' title='bbox 3062 1302 3076 1317; x_wconf 99' lang='grc'><strong>⁸</strong></span> <span class='ocrx_word' id='word_1_158' title='bbox 3134 1288 3172 1358; x_wconf 80' lang='grc' dir='ltr'><strong>ἠ</strong></span> <span class='ocrx_word' id='word_1_159' title='bbox 3223 1285 3332 1357; x_wconf 76' lang='grc' dir='ltr'><strong>γάρ</strong></span> <span class='ocrx_word' id='word_1_160' title='bbox 3393 1285 3580 1356; x_wconf 83' lang='grc' dir='ltr'>κρίσις</span> <span class='ocrx_word' id='word_1_161' title='bbox 3629 1301 3714 1336; x_wconf 92' lang='grc' dir='ltr'>σοι</span> 
     </span>
    </p>
   </div>
   <div class='ocr_carea' id='block_1_26' title="bbox 2125 1370 3716 1455">
    <p class='ocr_par' dir='ltr' id='par_1_26' title="bbox 2125 1370 3716 1455">
     <span class='ocr_line' id='line_1_26' title="bbox 2125 1370 3716 1455; baseline -0.007 -19"><span class='ocrx_word' id='word_1_162' title='bbox 2125 1383 2415 1455; x_wconf 78' lang='grc' dir='ltr'><strong>ἀνῄρηται,</strong></span> <span class='ocrx_word' id='word_1_163' title='bbox 2445 1382 2543 1434; x_wconf 77' lang='grc' dir='ltr'><strong>οὐκ</strong></span> <span class='ocrx_word' id='word_1_164' title='bbox 2571 1381 2635 1432; x_wconf 82' lang='grc' dir='ltr'>ὲκ</span> <span class='ocrx_word' id='word_1_165' title='bbox 2661 1379 2760 1450; x_wconf 81' lang='grc' dir='ltr'><strong>τῆς</strong></span> <span class='ocrx_word' id='word_1_166' title='bbox 2783 1377 2892 1432; x_wconf 87' lang='grc' dir='ltr'><strong>τῶν</strong></span> <span class='ocrx_word' id='word_1_167' title='bbox 2919 1375 3143 1446; x_wconf 78' lang='grc' dir='ltr'><strong>ἀγαθῶν</strong></span> <span class='ocrx_word' id='word_1_168' title='bbox 3183 1375 3565 1438; x_wconf 87' lang='grc' dir='ltr'>ἀπολαύσεως.</span> <span class='ocrx_word' id='word_1_169' title='bbox 3601 1370 3716 1426; x_wconf 77' lang='grc' dir='ltr'>οὐδ’</span> 
     </span>
    </p>
   </div>
   <div class='ocr_carea' id='block_1_27' title="bbox 2127 1467 3718 1546">
    <p class='ocr_par' dir='ltr' id='par_1_27' title="bbox 2127 1467 3718 1546">
     <span class='ocr_line' id='line_1_27' title="bbox 2127 1467 3718 1546; baseline -0.007 -17"><span class='ocrx_word' id='word_1_170' title='bbox 2127 1479 2193 1529; x_wconf 85' lang='grc' dir='ltr'>ἐκ</span> <span class='ocrx_word' id='word_1_171' title='bbox 2243 1475 2340 1528; x_wconf 88' lang='grc' dir='ltr'>τοῦ</span> <span class='ocrx_word' id='word_1_172' title='bbox 2389 1474 2622 1546; x_wconf 87' lang='grc' dir='ltr'>φυσικοῦ</span> <span class='ocrx_word' id='word_1_173' title='bbox 2671 1473 2764 1526; x_wconf 73' lang='grc' dir='ltr'>καὶ</span> <span class='ocrx_word' id='word_1_174' title='bbox 2805 1471 3050 1543; x_wconf 69' lang='grc' dir='ltr'>ἀρρήτου</span> <span class='ocrx_word' id='word_1_175' title='bbox 3101 1470 3238 1541; x_wconf 77' lang='grc' dir='ltr'>πρὸς</span> <span class='ocrx_word' id='word_1_176' title='bbox 3260 1468 3394 1522; x_wconf 83' lang='grc' dir='ltr'>Θεδν</span> <span class='ocrx_word' id='word_1_177' title='bbox 3426 1467 3616 1533; x_wconf 87' lang='grc' dir='ltr'>πόθου,</span> <span class='ocrx_word' id='word_1_178' title='bbox 3650 1467 3718 1519; x_wconf 77' lang='grc' dir='ltr'>ὲκ</span> 
     </span>
    </p>
   </div>
   <div class='ocr_carea' id='block_1_28' title="bbox 2126 1559 3715 1638">
    <p class='ocr_par' dir='ltr' id='par_1_28' title="bbox 2126 1559 3715 1638">
     <span class='ocr_line' id='line_1_28' title="bbox 2126 1559 3715 1638; baseline -0.004 -19"><span class='ocrx_word' id='word_1_179' title='bbox 2126 1568 2184 1620; x_wconf 81' lang='grc' dir='ltr'>δὲ</span> <span class='ocrx_word' id='word_1_180' title='bbox 2216 1567 2388 1638; x_wconf 85' lang='grc' dir='ltr'>μόνης</span> <span class='ocrx_word' id='word_1_181' title='bbox 2445 1566 2547 1636; x_wconf 85' lang='grc' dir='ltr'>τῆς</span> <span class='ocrx_word' id='word_1_182' title='bbox 2579 1565 2676 1619; x_wconf 84' lang='grc' dir='ltr'>τοῦ</span> <span class='ocrx_word' id='word_1_183' title='bbox 2729 1564 3111 1636; x_wconf 82' lang='grc' dir='ltr'>’Λντιχρίστου</span> <span class='ocrx_word' id='word_1_184' title='bbox 3144 1560 3446 1625; x_wconf 76' lang='grc' dir='ltr'>παντελοῦς</span> <span class='ocrx_word' id='word_1_185' title='bbox 3481 1559 3659 1631; x_wconf 84' lang='grc' dir='ltr'>φθορὲ</span> <span class='ocrx_word' id='word_1_186' title='bbox 3663 1577 3715 1623; x_wconf 89' lang='grc' dir='ltr'>ς,</span> 
     </span>
    </p>
   </div>
   <div class='ocr_carea' id='block_1_29' title="bbox 2129 1657 2978 1734">
    <p class='ocr_par' dir='ltr' id='par_1_29' title="bbox 2129 1657 2978 1734">
     <span class='ocr_line' id='line_1_29' title="bbox 2129 1657 2978 1734; baseline 0 -20"><span class='ocrx_word' id='word_1_187' title='bbox 2129 1662 2226 1714; x_wconf 77' lang='grc' dir='ltr'><strong>καὶ</strong></span> <span class='ocrx_word' id='word_1_188' title='bbox 2255 1663 2335 1725; x_wconf 90' lang='grc' dir='ltr'>είς</span> <span class='ocrx_word' id='word_1_189' title='bbox 2367 1661 2428 1715; x_wconf 79' lang='grc' dir='ltr'>τὸ</span> <span class='ocrx_word' id='word_1_190' title='bbox 2461 1662 2536 1734; x_wconf 78' lang='grc' dir='ltr'>μὴ</span> <span class='ocrx_word' id='word_1_191' title='bbox 2557 1661 2619 1715; x_wconf 78' lang='grc' dir='ltr'><strong>ὃν</strong></span> <span class='ocrx_word' id='word_1_192' title='bbox 2637 1657 2978 1723; x_wconf 87' lang='grc' dir='ltr'>ἀναλύσεως.</span> 
     </span>
    </p>
   </div>
   <div class='ocr_carea' id='block_1_30' title="bbox 2203 1793 3719 1866">
    <p class='ocr_par' dir='ltr' id='par_1_30' title="bbox 2203 1793 3719 1866">
     <span class='ocr_line' id='line_1_30' title="bbox 2203 1793 3719 1866; baseline -0.006 -13"><span class='ocrx_word' id='word_1_193' title='bbox 2203 1800 2341 1853; x_wconf 70' lang='grc' dir='ltr'><strong>κη’.</strong></span> <span class='ocrx_word' id='word_1_194' title='bbox 2403 1798 2558 1852; x_wconf 86' lang='grc' dir='ltr'>Δίδου</span> <span class='ocrx_word' id='word_1_195' title='bbox 2615 1797 2674 1851; x_wconf 79' lang='grc' dir='ltr'>δὲ</span> <span class='ocrx_word' id='word_1_196' title='bbox 2744 1797 2842 1850; x_wconf 71' lang='grc' dir='ltr'>καὶ</span> <span class='ocrx_word' id='word_1_197' title='bbox 2897 1797 2998 1866; x_wconf 83' lang='grc' dir='ltr'>τῆς</span> <span class='ocrx_word' id='word_1_198' title='bbox 3054 1793 3416 1866; x_wconf 77' lang='grc' dir='ltr'><strong>δημιουργίας</strong></span> <span class='ocrx_word' id='word_1_199' title='bbox 3470 1793 3561 1847; x_wconf 73' lang='grc' dir='ltr'>καὶ</span> <span class='ocrx_word' id='word_1_200' title='bbox 3615 1793 3719 1861; x_wconf 80' lang='grc' dir='ltr'>τῆς</span> 
     </span>
    </p>
   </div>
   <div class='ocr_carea' id='block_1_31' title="bbox 443 1883 2035 1970">
    <p class='ocr_par' dir='ltr' id='par_1_31' title="bbox 443 1896 2026 1970">
     <span class='ocr_line' id='line_1_31' title="bbox 443 1896 2026 1970; baseline -0.001 -17"><span class='ocrx_word' id='word_1_201' title='bbox 443 1901 536 1954; x_wconf 83' lang='lat' dir='ltr'><strong>Dei</strong></span> <span class='ocrx_word' id='word_1_202' title='bbox 594 1901 872 1955; x_wconf 87' lang='lat' dir='ltr'><strong>creatione</strong></span> <span class='ocrx_word' id='word_1_203' title='bbox 910 1909 966 1955; x_wconf 92' lang='lat' dir='ltr'><strong>et</strong></span> <span class='ocrx_word' id='word_1_204' title='bbox 1000 1899 1368 1970; x_wconf 84' lang='lat' dir='ltr'><strong>providentia,</strong></span> <span class='ocrx_word' id='word_1_205' title='bbox 1427 1900 1523 1955; x_wconf 88' lang='lat' dir='ltr'><strong>sed</strong></span> <span class='ocrx_word' id='word_1_206' title='bbox 1575 1899 1747 1953; x_wconf 89' lang='lat' dir='ltr'><strong>multa</strong></span> <span class='ocrx_word' id='word_1_207' title='bbox 1809 1896 2026 1951; x_wconf 89' lang='lat' dir='ltr'><strong>inutilia</strong></span> 
     </span>
    </p>
   </div>
   <div class='ocr_carea' id='block_1_32' title="bbox 2135 1883 3717 1970">
    <p class='ocr_par' dir='ltr' id='par_1_32' title="bbox 2135 1883 3717 1964">
     <span class='ocr_line' id='line_1_32' title="bbox 2135 1883 3717 1964; baseline -0.006 -19"><span class='ocrx_word' id='word_1_208' title='bbox 2135 1891 2408 1964; x_wconf 79' lang='grc' dir='ltr'>προνοίας,</span> <span class='ocrx_word' id='word_1_209' title='bbox 2437 1891 2536 1962; x_wconf 76' lang='grc' dir='ltr'><strong>οὐχ</strong></span> <span class='ocrx_word' id='word_1_210' title='bbox 2563 1891 2690 1944; x_wconf 82' lang='grc' dir='ltr'>ὅσον</span> <span class='ocrx_word' id='word_1_211' title='bbox 2721 1890 2872 1943; x_wconf 72' lang='grc' dir='ltr'>ἐστὶν</span> <span class='ocrx_word' id='word_1_212' title='bbox 2918 1886 3056 1942; x_wconf 84' lang='grc' dir='ltr'>είναι</span> <span class='ocrx_word' id='word_1_213' title='bbox 3102 1891 3167 1942; x_wconf 88' lang='grc' dir='ltr'>ὲκ</span> <span class='ocrx_word' id='word_1_214' title='bbox 3221 1885 3383 1952; x_wconf 85' lang='grc' dir='ltr'>Θεοῦ,</span> <span class='ocrx_word' id='word_1_215' title='bbox 3444 1883 3619 1937; x_wconf 76' lang='grc' dir='ltr'>πολλὰ</span> <span class='ocrx_word' id='word_1_216' title='bbox 3657 1883 3717 1936; x_wconf 77' lang='grc' dir='ltr'>δὲ</span> 
     </span>
    </p>
   </div>
   <div class='ocr_carea' id='block_1_33' title="bbox 444 1991 2024 2056">
    <p class='ocr_par' dir='ltr' id='par_1_33' title="bbox 444 1991 2024 2056">
     <span class='ocr_line' id='line_1_33' title="bbox 444 1991 2024 2056; baseline -0.003 -9"><span class='ocrx_word' id='word_1_217' title='bbox 444 1993 671 2047; x_wconf 85' lang='lat' dir='ltr'><strong>suborta</strong></span> <span class='ocrx_word' id='word_1_218' title='bbox 704 2008 825 2048; x_wconf 88' lang='lat' dir='ltr'><strong>esse</strong></span> <span class='ocrx_word' id='word_1_219' title='bbox 873 2010 941 2048; x_wconf 83' lang='lat' dir='ltr'><strong>ex</strong></span> <span class='ocrx_word' id='word_1_220' title='bbox 971 1993 1244 2048; x_wconf 89' lang='lat' dir='ltr'><strong>accidenti</strong></span> <span class='ocrx_word' id='word_1_221' title='bbox 1293 2001 1351 2049; x_wconf 86' lang='lat' dir='ltr'><strong>et.</strong></span> <span class='ocrx_word' id='word_1_222' title='bbox 1391 1991 1784 2048; x_wconf 88' lang='lat' dir='ltr'><strong>consecutione</strong></span> <span class='ocrx_word' id='word_1_223' title='bbox 1817 2005 2024 2056; x_wconf 88' lang='lat' dir='ltr'><strong>rerum,</strong></span> 
     </span>
    </p>
   </div>
   <div class='ocr_carea' id='block_1_34' title="bbox 443 2080 2028 2148">
    <p class='ocr_par' dir='ltr' id='par_1_34' title="bbox 443 2080 2028 2148">
     <span class='ocr_line' id='line_1_34' title="bbox 443 2080 2028 2148; baseline -0.001 -13"><span class='ocrx_word' id='word_1_224' title='bbox 443 2097 553 2136; x_wconf 90' lang='lat' dir='ltr'><strong>non</strong></span> <span class='ocrx_word' id='word_1_225' title='bbox 586 2081 728 2136; x_wconf 90' lang='lat' dir='ltr'><strong>faeta</strong></span> <span class='ocrx_word' id='word_1_226' title='bbox 779 2083 888 2137; x_wconf 92' lang='lat' dir='ltr'><strong>Deo</strong></span> <span class='ocrx_word' id='word_1_227' title='bbox 927 2083 1166 2148; x_wconf 88' lang='lat' dir='ltr'><strong>volente,</strong></span> <span class='ocrx_word' id='word_1_228' title='bbox 1210 2083 1307 2138; x_wconf 90' lang='lat' dir='ltr'><strong>sed</strong></span> <span class='ocrx_word' id='word_1_229' title='bbox 1337 2098 1405 2137; x_wconf 81' lang='lat' dir='ltr'><strong>ex</strong></span> <span class='ocrx_word' id='word_1_230' title='bbox 1430 2091 1626 2136; x_wconf 88' lang='lat' dir='ltr'><strong>natura</strong></span> <span class='ocrx_word' id='word_1_231' title='bbox 1652 2096 1859 2144; x_wconf 90' lang='lat' dir='ltr'><strong>rerum,</strong></span> <span class='ocrx_word' id='word_1_232' title='bbox 1915 2080 2028 2135; x_wconf 91' lang='lat' dir='ltr'><strong>Deo</strong></span> 
     </span>
    </p>
   </div>
   <div class='ocr_carea' id='block_1_35' title="bbox 447 2171 2030 2242">
    <p class='ocr_par' dir='ltr' id='par_1_35' title="bbox 447 2171 2030 2242">
     <span class='ocr_line' id='line_1_35' title="bbox 447 2171 2030 2242; baseline 0.001 -17"><span class='ocrx_word' id='word_1_233' title='bbox 447 2189 554 2226; x_wconf 91' lang='lat' dir='ltr'><strong>non</strong></span> <span class='ocrx_word' id='word_1_234' title='bbox 584 2173 913 2242; x_wconf 85' lang='lat' dir='ltr'><strong>prohibente</strong></span> <span class='ocrx_word' id='word_1_235' title='bbox 942 2190 958 2226; x_wconf 86' lang='lat'><strong>:</strong></span> <span class='ocrx_word' id='word_1_236' title='bbox 991 2173 1190 2229; x_wconf 90' lang='lat' dir='ltr'><strong>lateret</strong></span> <span class='ocrx_word' id='word_1_237' title='bbox 1224 2189 1325 2228; x_wconf 89' lang='lat' dir='ltr'><strong>nos</strong></span> <span class='ocrx_word' id='word_1_238' title='bbox 1351 2174 1535 2242; x_wconf 90' lang='lat' dir='ltr'><strong>lapsus</strong></span> <span class='ocrx_word' id='word_1_239' title='bbox 1559 2171 1843 2242; x_wconf 92' lang='lat' dir='ltr'><strong>temporis,</strong></span> <span class='ocrx_word' id='word_1_240' title='bbox 1873 2171 1916 2226; x_wconf 92' lang='lat' dir='ltr'><strong>si</strong></span> <span class='ocrx_word' id='word_1_241' title='bbox 1943 2179 2030 2226; x_wconf 91' lang='lat' dir='ltr'><strong>to-</strong></span> 
     </span>
    </p>
   </div>
   <div class='ocr_carea' id='block_1_36' title="bbox 445 2264 2031 2322">
    <p class='ocr_par' dir='ltr' id='par_1_36' title="bbox 445 2264 2031 2322">
     <span class='ocr_line' id='line_1_36' title="bbox 445 2264 2031 2322; baseline 0 -2"><span class='ocrx_word' id='word_1_242' title='bbox 445 2276 555 2320; x_wconf 87' lang='lat' dir='ltr'><strong>tam</strong></span> <span class='ocrx_word' id='word_1_243' title='bbox 589 2266 920 2321; x_wconf 86' lang='lat' dir='ltr'><strong>vindemiam</strong></span> <span class='ocrx_word' id='word_1_244' title='bbox 952 2266 1008 2321; x_wconf 93' lang='lat' dir='ltr'><strong>in</strong></span> <span class='ocrx_word' id='word_1_245' title='bbox 1065 2275 1159 2322; x_wconf 91' lang='lat' dir='ltr'><strong>tua</strong></span> <span class='ocrx_word' id='word_1_246' title='bbox 1207 2264 1368 2321; x_wconf 88' lang='lat' dir='ltr'><strong>vinea</strong></span> <span class='ocrx_word' id='word_1_247' title='bbox 1427 2264 1792 2320; x_wconf 90' lang='lat' dir='ltr'><strong>Sodomorum</strong></span> <span class='ocrx_word' id='word_1_248' title='bbox 1849 2264 2031 2320; x_wconf 87' lang='lat' dir='ltr'><strong>facere</strong></span> 
     </span>
    </p>
   </div>
   <div class='ocr_carea' id='block_1_37' title="bbox 445 2356 2031 2427">
    <p class='ocr_par' dir='ltr' id='par_1_37' title="bbox 445 2356 2031 2427">
     <span class='ocr_line' id='line_1_37' title="bbox 445 2356 2031 2427; baseline 0.001 -17"><span class='ocrx_word' id='word_1_249' title='bbox 445 2359 789 2427; x_wconf 89' lang='lat' dir='ltr'><strong>propositum</strong></span> <span class='ocrx_word' id='word_1_250' title='bbox 827 2366 993 2414; x_wconf 87' lang='lat' dir='ltr'><strong>esset.</strong></span> <span class='ocrx_word' id='word_1_251' title='bbox 1048 2357 1130 2412; x_wconf 87' lang='lat' dir='ltr'><strong>Tu</strong></span> <span class='ocrx_word' id='word_1_252' title='bbox 1182 2373 1318 2412; x_wconf 87' lang='lat' dir='ltr'><strong>vero</strong></span> <span class='ocrx_word' id='word_1_253' title='bbox 1368 2374 1480 2412; x_wconf 89' lang='lat' dir='ltr'><strong>non</strong></span> <span class='ocrx_word' id='word_1_254' title='bbox 1510 2356 1832 2427; x_wconf 80' lang='lat' dir='ltr'><strong>defatigaris</strong></span> <span class='ocrx_word' id='word_1_255' title='bbox 1875 2357 2031 2411; x_wconf 90' lang='lat' dir='ltr'><strong>volu-</strong></span> 
     </span>
    </p>
   </div>
   <div class='ocr_carea' id='block_1_38' title="bbox 445 2447 2072 2520">
    <p class='ocr_par' dir='ltr' id='par_1_38' title="bbox 445 2447 2072 2520">
     <span class='ocr_line' id='line_1_38' title="bbox 445 2447 2072 2520; baseline -0.001 -18"><span class='ocrx_word' id='word_1_256' title='bbox 445 2457 652 2517; x_wconf 88' lang='lat' dir='ltr'><strong>ptatem</strong></span> <span class='ocrx_word' id='word_1_257' title='bbox 698 2464 765 2504; x_wconf 76' lang='lat' dir='ltr'><strong>ex</strong></span> <span class='ocrx_word' id='word_1_258' title='bbox 797 2449 907 2504; x_wconf 90' lang='lat' dir='ltr'><strong>tuis</strong></span> <span class='ocrx_word' id='word_1_259' title='bbox 959 2449 1338 2519; x_wconf 88' lang='lat' dir='ltr'><strong>impietatibus</strong></span> <span class='ocrx_word' id='word_1_260' title='bbox 1390 2449 1633 2519; x_wconf 87' lang='lat' dir='ltr'><strong>capiens.</strong></span> <span class='ocrx_word' id='word_1_261' title='bbox 1667 2448 1713 2505; x_wconf 89' lang='grc' dir='ltr'>Ο</span> <span class='ocrx_word' id='word_1_262' title='bbox 1751 2447 2072 2520; x_wconf 78' lang='lat' dir='ltr'><strong>ingenium.</strong></span> 
     </span>
    </p>
   </div>
   <div class='ocr_carea' id='block_1_39' title="bbox 446 2540 2033 2610">
    <p class='ocr_par' dir='ltr' id='par_1_39' title="bbox 446 2540 2033 2610">
     <span class='ocr_line' id='line_1_39' title="bbox 446 2540 2033 2610; baseline 0.001 -18"><span class='ocrx_word' id='word_1_263' title='bbox 446 2540 717 2594; x_wconf 88' lang='lat' dir='ltr'><strong>malorum</strong></span> <span class='ocrx_word' id='word_1_264' title='bbox 758 2541 1158 2596; x_wconf 89' lang='lat' dir='ltr'><strong>feracissimum</strong></span> <span class='ocrx_word' id='word_1_265' title='bbox 1209 2550 1265 2595; x_wconf 93' lang='lat' dir='ltr'><strong>et</strong></span> <span class='ocrx_word' id='word_1_266' title='bbox 1300 2541 1681 2595; x_wconf 78' lang='lat' dir='ltr'><strong>uberrimum!</strong></span> <span class='ocrx_word' id='word_1_267' title='bbox 1724 2541 1897 2595; x_wconf 91' lang='lat' dir='ltr'><strong>Deum</strong></span> <span class='ocrx_word' id='word_1_268' title='bbox 1930 2556 2033 2610; x_wconf 84' lang='lat' dir='ltr'><strong>pu-</strong></span> 
     </span>
    </p>
   </div>
   <div class='ocr_carea' id='block_1_40' title="bbox 448 2631 2030 2697">
    <p class='ocr_par' dir='ltr' id='par_1_40' title="bbox 448 2631 2030 2697">
     <span class='ocr_line' id='line_1_40' title="bbox 448 2631 2030 2697; baseline 0.001 -14"><span class='ocrx_word' id='word_1_269' title='bbox 448 2640 532 2684; x_wconf 90' lang='lat' dir='ltr'><strong>tas</strong></span> <span class='ocrx_word' id='word_1_270' title='bbox 564 2645 675 2685; x_wconf 89' lang='lat' dir='ltr'><strong>non</strong></span> <span class='ocrx_word' id='word_1_271' title='bbox 726 2647 849 2687; x_wconf 89' lang='lat' dir='ltr'><strong>esse</strong></span> <span class='ocrx_word' id='word_1_272' title='bbox 895 2632 1102 2687; x_wconf 91' lang='lat' dir='ltr'><strong>bonum</strong></span> <span class='ocrx_word' id='word_1_273' title='bbox 1148 2632 1426 2697; x_wconf 75' lang='grc' dir='ltr'>οὐσιῶδες,</span> <span class='ocrx_word' id='word_1_274' title='bbox 1477 2631 1532 2686; x_wconf 93' lang='lat' dir='ltr'><strong>id</strong></span> <span class='ocrx_word' id='word_1_275' title='bbox 1590 2641 1676 2688; x_wconf 90' lang='lat' dir='ltr'><strong>est</strong></span> <span class='ocrx_word' id='word_1_276' title='bbox 1726 2631 2030 2688; x_wconf 89' lang='lat' dir='ltr'><strong>secundum</strong></span> 
     </span>
    </p>
   </div>
   <div class='ocr_carea' id='block_1_41' title="bbox 447 2720 2030 2794">
    <p class='ocr_par' dir='ltr' id='par_1_41' title="bbox 447 2720 2030 2794">
     <span class='ocr_line' id='line_1_41' title="bbox 447 2720 2030 2794; baseline 0.003 -20"><span class='ocrx_word' id='word_1_277' title='bbox 447 2720 847 2788; x_wconf 88' lang='lat' dir='ltr'><strong>substantiam;</strong></span> <span class='ocrx_word' id='word_1_278' title='bbox 883 2737 986 2778; x_wconf 90' lang='lat' dir='ltr'><strong>nec</strong></span> <span class='ocrx_word' id='word_1_279' title='bbox 1008 2739 1131 2778; x_wconf 88' lang='lat' dir='ltr'><strong>esse</strong></span> <span class='ocrx_word' id='word_1_280' title='bbox 1162 2724 1341 2794; x_wconf 92' lang='lat' dir='ltr'><strong>ipsum</strong></span> <span class='ocrx_word' id='word_1_281' title='bbox 1369 2723 1575 2778; x_wconf 90' lang='lat' dir='ltr'><strong>fontem</strong></span> <span class='ocrx_word' id='word_1_282' title='bbox 1609 2732 1665 2779; x_wconf 92' lang='lat' dir='ltr'><strong>et</strong></span> <span class='ocrx_word' id='word_1_283' title='bbox 1700 2723 2030 2793; x_wconf 89' lang='lat' dir='ltr'><strong>principium</strong></span> 
     </span>
    </p>
   </div>
   <div class='ocr_carea' id='block_1_42' title="bbox 447 2812 2032 2886">
    <p class='ocr_par' dir='ltr' id='par_1_42' title="bbox 447 2812 2032 2886">
     <span class='ocr_line' id='line_1_42' title="bbox 447 2812 2032 2886; baseline 0.003 -22"><span class='ocrx_word' id='word_1_284' title='bbox 447 2812 631 2866; x_wconf 91' lang='lat' dir='ltr'><strong>omnis</strong></span> <span class='ocrx_word' id='word_1_285' title='bbox 673 2813 804 2866; x_wconf 90' lang='lat' dir='ltr'><strong>boni</strong></span> <span class='ocrx_word' id='word_1_286' title='bbox 846 2814 1134 2884; x_wconf 91' lang='lat' dir='ltr'><strong>omnisque</strong></span> <span class='ocrx_word' id='word_1_287' title='bbox 1183 2816 1425 2878; x_wconf 89' lang='lat' dir='ltr'><strong>virtutis,</strong></span> <span class='ocrx_word' id='word_1_288' title='bbox 1460 2816 1757 2886; x_wconf 90' lang='lat' dir='ltr'><strong>omniaque</strong></span> <span class='ocrx_word' id='word_1_289' title='bbox 1793 2815 1933 2872; x_wconf 86' lang='lat' dir='ltr'><strong>bona</strong></span> <span class='ocrx_word' id='word_1_290' title='bbox 1966 2831 2032 2870; x_wconf 79' lang='lat' dir='ltr'><strong>ex</strong></span> 
     </span>
    </p>
   </div>
   <div class='ocr_carea' id='block_1_43' title="bbox 451 2903 2035 2972">
    <p class='ocr_par' dir='ltr' id='par_1_43' title="bbox 451 2903 2035 2972">
     <span class='ocr_line' id='line_1_43' title="bbox 451 2903 2035 2972; baseline 0.004 -16"><span class='ocrx_word' id='word_1_291' title='bbox 451 2903 572 2972; x_wconf 90' lang='lat' dir='ltr'><strong>ipso</strong></span> <span class='ocrx_word' id='word_1_292' title='bbox 609 2904 1050 2961; x_wconf 90' lang='lat' dir='ltr'><strong>subslantialiter</strong></span> <span class='ocrx_word' id='word_1_293' title='bbox 1080 2923 1324 2962; x_wconf 89' lang='lat' dir='ltr'><strong>manare.</strong></span> <span class='ocrx_word' id='word_1_294' title='bbox 1357 2907 1455 2962; x_wconf 93' lang='lat' dir='ltr'><strong>Dic</strong></span> <span class='ocrx_word' id='word_1_295' title='bbox 1479 2908 1658 2972; x_wconf 91' lang='lat' dir='ltr'><strong>nobis,</strong></span> <span class='ocrx_word' id='word_1_296' title='bbox 1703 2906 1848 2961; x_wconf 90' lang='lat' dir='ltr'><strong>unde</strong></span> <span class='ocrx_word' id='word_1_297' title='bbox 1879 2922 2035 2962; x_wconf 88' lang='lat' dir='ltr'><strong>acce-</strong></span> 
     </span>
    </p>
   </div>
   <div class='ocr_carea' id='block_1_44' title="bbox 449 2993 2034 3069">
    <p class='ocr_par' dir='ltr' id='par_1_44' title="bbox 449 2993 2034 3069">
     <span class='ocr_line' id='line_1_44' title="bbox 449 2993 2034 3069; baseline 0.003 -21"><span class='ocrx_word' id='word_1_298' title='bbox 449 2993 531 3064; x_wconf 75' lang='lat' dir='ltr'><strong>pit</strong></span> <span class='ocrx_word' id='word_1_299' title='bbox 566 2994 813 3050; x_wconf 90' lang='lat' dir='ltr'><strong>bonum?</strong></span> <span class='ocrx_word' id='word_1_300' title='bbox 854 2997 973 3067; x_wconf 88' lang='lat' dir='ltr'><strong>Ipse</strong></span> <span class='ocrx_word' id='word_1_301' title='bbox 1008 3015 1118 3053; x_wconf 88' lang='lat' dir='ltr'><strong>non</strong></span> <span class='ocrx_word' id='word_1_302' title='bbox 1148 3008 1253 3063; x_wconf 90' lang='lat' dir='ltr'><strong>est,</strong></span> <span class='ocrx_word' id='word_1_303' title='bbox 1281 2999 1542 3069; x_wconf 91' lang='lat' dir='ltr'><strong>opinione</strong></span> <span class='ocrx_word' id='word_1_304' title='bbox 1568 3007 1680 3063; x_wconf 89' lang='lat' dir='ltr'><strong>tua,</strong></span> <span class='ocrx_word' id='word_1_305' title='bbox 1721 3015 1822 3069; x_wconf 88' lang='lat' dir='ltr'><strong>per</strong></span> <span class='ocrx_word' id='word_1_306' title='bbox 1847 3015 1904 3054; x_wconf 91' lang='lat' dir='ltr'><strong>se</strong></span> <span class='ocrx_word' id='word_1_307' title='bbox 1931 2999 2034 3054; x_wconf 89' lang='lat' dir='ltr'><strong>bo-</strong></span> 
     </span>
    </p>
   </div>
   <div class='ocr_carea' id='block_1_45' title="bbox 450 3090 2036 3168">
    <p class='ocr_par' dir='ltr' id='par_1_45' title="bbox 450 3090 2036 3168">
     <span class='ocr_line' id='line_1_45' title="bbox 450 3090 2036 3168; baseline 0.004 -29"><span class='ocrx_word' id='word_1_308' title='bbox 450 3103 580 3140; x_wconf 92' lang='lat' dir='ltr'><strong>num</strong></span> <span class='ocrx_word' id='word_1_309' title='bbox 615 3107 628 3142; x_wconf 77' lang='grc' dir='ltr'><strong>ι</strong></span> <span class='ocrx_word' id='word_1_310' title='bbox 683 3099 738 3143; x_wconf 89' lang='lat' dir='ltr'><strong>et</strong></span> <span class='ocrx_word' id='word_1_311' title='bbox 779 3107 902 3159; x_wconf 71' lang='lat' dir='ltr'><strong>qua:</strong></span> <span class='ocrx_word' id='word_1_312' title='bbox 949 3091 1111 3161; x_wconf 90' lang='lat' dir='ltr'><strong>hujus</strong></span> <span class='ocrx_word' id='word_1_313' title='bbox 1162 3090 1291 3146; x_wconf 92' lang='lat' dir='ltr'><strong>boni</strong></span> <span class='ocrx_word' id='word_1_314' title='bbox 1333 3090 1507 3162; x_wconf 81' lang='lat' dir='ltr'><strong>origo.</strong></span> <span class='ocrx_word' id='word_1_315' title='bbox 1549 3099 1606 3146; x_wconf 89' lang='lat' dir='ltr'><strong>et</strong></span> <span class='ocrx_word' id='word_1_316' title='bbox 1649 3091 1979 3168; x_wconf 89' lang='lat' dir='ltr'><strong>principium</strong></span> <span class='ocrx_word' id='word_1_317' title='bbox 2013 3091 2036 3145; x_wconf 70' lang='grc' dir='ltr'><strong>ζ’</strong></span> 
     </span>
    </p>
   </div>
   <div class='ocr_carea' id='block_1_46' title="bbox 449 3178 2035 3255">
    <p class='ocr_par' dir='ltr' id='par_1_46' title="bbox 449 3178 2035 3255">
     <span class='ocr_line' id='line_1_46' title="bbox 449 3178 2035 3255; baseline 0.004 -24"><span class='ocrx_word' id='word_1_318' title='bbox 449 3178 620 3240; x_wconf 85' lang='lat' dir='ltr'><strong>Nihil.</strong></span> <span class='ocrx_word' id='word_1_319' title='bbox 657 3189 750 3234; x_wconf 86' lang='lat' dir='ltr'><strong>aut</strong></span> <span class='ocrx_word' id='word_1_320' title='bbox 782 3198 974 3251; x_wconf 89' lang='lat' dir='ltr'><strong>parum</strong></span> <span class='ocrx_word' id='word_1_321' title='bbox 1015 3183 1145 3237; x_wconf 89' lang='lat' dir='ltr'><strong>abes</strong></span> <span class='ocrx_word' id='word_1_322' title='bbox 1175 3199 1203 3237; x_wconf 93' lang='lat' dir='ltr'><strong>a</strong></span> <span class='ocrx_word' id='word_1_323' title='bbox 1235 3183 1706 3255; x_wconf 81' lang='lat' dir='ltr'><strong>magniloquentia</strong></span> <span class='ocrx_word' id='word_1_324' title='bbox 1744 3183 2035 3239; x_wconf 85' lang='lat' dir='ltr'><strong>Marcionis</strong></span> 
     </span>
    </p>
   </div>
   <div class='ocr_carea' id='block_1_47' title="bbox 448 3270 1102 3346">
    <p class='ocr_par' dir='ltr' id='par_1_47' title="bbox 448 3270 1102 3346">
     <span class='ocr_line' id='line_1_47' title="bbox 448 3270 1102 3346; baseline 0.009 -23"><span class='ocrx_word' id='word_1_325' title='bbox 448 3277 506 3324; x_wconf 89' lang='lat' dir='ltr'><strong>et</strong></span> <span class='ocrx_word' id='word_1_326' title='bbox 532 3270 930 3342; x_wconf 87' lang='lat' dir='ltr'><strong>principiorum</strong></span> <span class='ocrx_word' id='word_1_327' title='bbox 962 3275 1102 3346; x_wconf 91' lang='lat' dir='ltr'><strong>ejus.</strong></span> 
     </span>
    </p>
   </div>
   <div class='ocr_carea' id='block_1_48' title="bbox 522 3489 2034 3563">
    <p class='ocr_par' dir='ltr' id='par_1_48' title="bbox 522 3489 2034 3563">
     <span class='ocr_line' id='line_1_48' title="bbox 522 3489 2034 3563; baseline 0.001 -20"><span class='ocrx_word' id='word_1_328' title='bbox 522 3489 716 3544; x_wconf 86' lang='lat' dir='ltr'><strong>XXIX.</strong></span> <span class='ocrx_word' id='word_1_329' title='bbox 746 3491 971 3547; x_wconf 80' lang='lat' dir='ltr'><strong>Accedit</strong></span> <span class='ocrx_word' id='word_1_330' title='bbox 996 3493 1108 3562; x_wconf 87' lang='lat' dir='ltr'><strong>jam</strong></span> <span class='ocrx_word' id='word_1_331' title='bbox 1135 3501 1320 3547; x_wconf 87' lang='lat' dir='ltr'><strong>nostra</strong></span> <span class='ocrx_word' id='word_1_332' title='bbox 1343 3495 1522 3548; x_wconf 86' lang='lat' dir='ltr'><strong>oratio</strong></span> <span class='ocrx_word' id='word_1_333' title='bbox 1563 3493 1631 3548; x_wconf 88' lang='lat' dir='ltr'><strong>ad</strong></span> <span class='ocrx_word' id='word_1_334' title='bbox 1677 3493 1855 3563; x_wconf 89' lang='lat' dir='ltr'><strong>ipsum</strong></span> <span class='ocrx_word' id='word_1_335' title='bbox 1881 3508 2034 3546; x_wconf 91' lang='lat' dir='ltr'><strong>sum-</strong></span> 
     </span>
    </p>
   </div>
   <div class='ocr_carea' id='block_1_49' title="bbox 453 3583 2034 3657">
    <p class='ocr_par' dir='ltr' id='par_1_49' title="bbox 453 3583 2034 3657">
     <span class='ocr_line' id='line_1_49' title="bbox 453 3583 2034 3657; baseline 0.001 -19"><span class='ocrx_word' id='word_1_336' title='bbox 453 3601 601 3638; x_wconf 90' lang='lat' dir='ltr'><strong>mum</strong></span> <span class='ocrx_word' id='word_1_337' title='bbox 631 3583 908 3654; x_wconf 82' lang='lat' dir='ltr'><strong>fastigium</strong></span> <span class='ocrx_word' id='word_1_338' title='bbox 941 3593 1158 3639; x_wconf 91' lang='lat' dir='ltr'><strong>tuarum</strong></span> <span class='ocrx_word' id='word_1_339' title='bbox 1195 3585 1558 3657; x_wconf 90' lang='lat' dir='ltr'><strong>impietatum.</strong></span> <span class='ocrx_word' id='word_1_340' title='bbox 1615 3587 1770 3643; x_wconf 90' lang='lat' dir='ltr'><strong>Unde</strong></span> <span class='ocrx_word' id='word_1_341' title='bbox 1805 3586 1904 3641; x_wconf 92' lang='lat' dir='ltr'><strong>tibi</strong></span> <span class='ocrx_word' id='word_1_342' title='bbox 1951 3586 2034 3640; x_wconf 88' lang='lat' dir='ltr'><strong>ef-</strong></span> 
     </span>
    </p>
   </div>
   <div class='ocr_carea' id='block_1_50' title="bbox 451 3677 2038 3748">
    <p class='ocr_par' dir='ltr' id='par_1_50' title="bbox 451 3677 2038 3748">
     <span class='ocr_line' id='line_1_50' title="bbox 451 3677 2038 3748; baseline 0.001 -18"><span class='ocrx_word' id='word_1_343' title='bbox 451 3677 630 3732; x_wconf 80' lang='lat' dir='ltr'><strong>fectus</strong></span> <span class='ocrx_word' id='word_1_344' title='bbox 658 3686 744 3733; x_wconf 92' lang='lat' dir='ltr'><strong>est</strong></span> <span class='ocrx_word' id='word_1_345' title='bbox 766 3677 932 3733; x_wconf 91' lang='lat' dir='ltr'><strong>homo</strong></span> <span class='ocrx_word' id='word_1_346' title='bbox 974 3678 1042 3732; x_wconf 89' lang='lat' dir='ltr'><strong>ad</strong></span> <span class='ocrx_word' id='word_1_347' title='bbox 1087 3678 1373 3734; x_wconf 87' lang='lat' dir='ltr'><strong>Trinitatis</strong></span> <span class='ocrx_word' id='word_1_348' title='bbox 1420 3679 1807 3748; x_wconf 70' lang='lat' dir='ltr'><strong>aequationem,</strong></span> <span class='ocrx_word' id='word_1_349' title='bbox 1856 3687 1918 3733; x_wconf 89' lang='lat' dir='ltr'><strong>ut</strong></span> <span class='ocrx_word' id='word_1_350' title='bbox 1966 3678 2038 3732; x_wconf 93' lang='lat' dir='ltr'><strong>sit</strong></span> 
     </span>
    </p>
   </div>
   <div class='ocr_carea' id='block_1_51' title="bbox 455 3767 2038 3840">
    <p class='ocr_par' dir='ltr' id='par_1_51' title="bbox 455 3767 2038 3840">
     <span class='ocr_line' id='line_1_51' title="bbox 455 3767 2038 3840; baseline 0.003 -20"><span class='ocrx_word' id='word_1_351' title='bbox 455 3767 620 3837; x_wconf 90' lang='lat' dir='ltr'><strong>bujus</strong></span> <span class='ocrx_word' id='word_1_352' title='bbox 639 3768 940 3823; x_wconf 89' lang='lat' dir='ltr'><strong>animatum</strong></span> <span class='ocrx_word' id='word_1_353' title='bbox 970 3769 1198 3832; x_wconf 87' lang='lat' dir='ltr'><strong>idolum,</strong></span> <span class='ocrx_word' id='word_1_354' title='bbox 1229 3771 1358 3825; x_wconf 67' lang='lat' dir='ltr'><strong>vitae</strong></span> <span class='ocrx_word' id='word_1_355' title='bbox 1387 3769 1615 3825; x_wconf 56' lang='lat' dir='ltr'><strong>infinita</strong></span> <span class='ocrx_word' id='word_1_356' title='bbox 1639 3770 1884 3824; x_wconf 90' lang='lat' dir='ltr'><strong>omnium</strong></span> <span class='ocrx_word' id='word_1_357' title='bbox 1915 3786 2038 3840; x_wconf 72' lang='lat' dir='ltr'><strong>qua:</strong></span> 
     </span>
    </p>
   </div>
   <div class='ocr_carea' id='block_1_52' title="bbox 453 3859 2037 3932">
    <p class='ocr_par' dir='ltr' id='par_1_52' title="bbox 453 3859 2037 3932">
     <span class='ocr_line' id='line_1_52' title="bbox 453 3859 2037 3932; baseline 0.003 -18"><span class='ocrx_word' id='word_1_358' title='bbox 453 3869 602 3926; x_wconf 87' lang='lat' dir='ltr'><strong>sunt,</strong></span> <span class='ocrx_word' id='word_1_359' title='bbox 619 3859 991 3931; x_wconf 68' lang='lat' dir='ltr'><strong>adaequatum.</strong></span> <span class='ocrx_word' id='word_1_360' title='bbox 1012 3863 1159 3932; x_wconf 94' lang='lat' dir='ltr'><strong>quod</strong></span> <span class='ocrx_word' id='word_1_361' title='bbox 1192 3863 1522 3929; x_wconf 73' lang='lat' dir='ltr'><strong>exhibes,ut</strong></span> <span class='ocrx_word' id='word_1_362' title='bbox 1548 3877 1650 3932; x_wconf 90' lang='lat' dir='ltr'><strong>pro</strong></span> <span class='ocrx_word' id='word_1_363' title='bbox 1669 3862 1937 3918; x_wconf 86' lang='lat' dir='ltr'><strong>Trinitate</strong></span> <span class='ocrx_word' id='word_1_364' title='bbox 1967 3864 2037 3918; x_wconf 89' lang='lat' dir='ltr'><strong>ab</strong></span> 
     </span>
    </p>
   </div>
   <div class='ocr_carea' id='block_1_53' title="bbox 453 3952 2034 4012">
    <p class='ocr_par' dir='ltr' id='par_1_53' title="bbox 453 3952 2034 4012">
     <span class='ocr_line' id='line_1_53' title="bbox 453 3952 2034 4012; baseline 0.004 -6"><span class='ocrx_word' id='word_1_365' title='bbox 453 3952 604 4006; x_wconf 90' lang='lat' dir='ltr'><strong>onmi</strong></span> <span class='ocrx_word' id='word_1_366' title='bbox 657 3963 910 4010; x_wconf 89' lang='lat' dir='ltr'><strong>creatura</strong></span> <span class='ocrx_word' id='word_1_367' title='bbox 963 3956 1166 4010; x_wconf 89' lang='lat' dir='ltr'><strong>visibili</strong></span> <span class='ocrx_word' id='word_1_368' title='bbox 1220 3965 1278 4011; x_wconf 90' lang='lat' dir='ltr'><strong>et</strong></span> <span class='ocrx_word' id='word_1_369' title='bbox 1303 3971 1414 4010; x_wconf 86' lang='lat' dir='ltr'><strong>non</strong></span> <span class='ocrx_word' id='word_1_370' title='bbox 1441 3954 1647 4010; x_wconf 89' lang='lat' dir='ltr'><strong>visibili</strong></span> <span class='ocrx_word' id='word_1_371' title='bbox 1700 3971 1849 4010; x_wconf 89' lang='lat' dir='ltr'><strong>nunc</strong></span> <span class='ocrx_word' id='word_1_372' title='bbox 1879 3967 1937 4011; x_wconf 90' lang='lat' dir='ltr'><strong>et</strong></span> <span class='ocrx_word' id='word_1_373' title='bbox 1979 3958 2034 4012; x_wconf 92' lang='lat' dir='ltr'><strong>in</strong></span> 
     </span>
    </p>
   </div>
   <div class='ocr_carea' id='block_1_54' title="bbox 453 4046 2039 4120">
    <p class='ocr_par' dir='ltr' id='par_1_54' title="bbox 453 4046 2039 4120">
     <span class='ocr_line' id='line_1_54' title="bbox 453 4046 2039 4120; baseline 0.002 -21"><span class='ocrx_word' id='word_1_374' title='bbox 453 4053 738 4114; x_wconf 90' lang='lat' dir='ltr'><strong>posterum</strong></span> <span class='ocrx_word' id='word_1_375' title='bbox 782 4047 1040 4103; x_wconf 87' lang='lat' dir='ltr'><strong>colatur?</strong></span> <span class='ocrx_word' id='word_1_376' title='bbox 1097 4048 1289 4117; x_wconf 86' lang='lat' dir='ltr'><strong>Neque</strong></span> <span class='ocrx_word' id='word_1_377' title='bbox 1346 4048 1435 4102; x_wconf 81' lang='lat' dir='ltr'><strong>lex</strong></span> <span class='ocrx_word' id='word_1_378' title='bbox 1487 4046 1686 4120; x_wconf 84' lang='lat' dir='ltr'><strong>Moysis</strong></span> <span class='ocrx_word' id='word_1_379' title='bbox 1715 4048 1813 4103; x_wconf 92' lang='lat' dir='ltr'><strong>tibi</strong></span> <span class='ocrx_word' id='word_1_380' title='bbox 1865 4049 2039 4105; x_wconf 86' lang='lat' dir='ltr'><strong>suasit</strong></span> 
     </span>
    </p>
   </div>
   <div class='ocr_carea' id='block_1_55' title="bbox 453 4137 2038 4208">
    <p class='ocr_par' dir='ltr' id='par_1_55' title="bbox 453 4137 2038 4208">
     <span class='ocr_line' id='line_1_55' title="bbox 453 4137 2038 4208; baseline 0.003 -17"><span class='ocrx_word' id='word_1_381' title='bbox 453 4153 578 4191; x_wconf 86' lang='lat' dir='ltr'><strong>eum</strong></span> <span class='ocrx_word' id='word_1_382' title='bbox 615 4137 777 4208; x_wconf 87' lang='lat' dir='ltr'><strong>jussit</strong></span> <span class='ocrx_word' id='word_1_383' title='bbox 831 4139 1122 4194; x_wconf 87' lang='lat' dir='ltr'><strong>Dominum</strong></span> <span class='ocrx_word' id='word_1_384' title='bbox 1173 4140 1346 4194; x_wconf 90' lang='lat' dir='ltr'><strong>Deum</strong></span> <span class='ocrx_word' id='word_1_385' title='bbox 1390 4139 1573 4194; x_wconf 88' lang='lat' dir='ltr'><strong>colere</strong></span> <span class='ocrx_word' id='word_1_386' title='bbox 1617 4148 1674 4194; x_wconf 91' lang='lat' dir='ltr'><strong>et</strong></span> <span class='ocrx_word' id='word_1_387' title='bbox 1702 4139 1753 4194; x_wconf 90' lang='lat' dir='ltr'><strong>ei</strong></span> <span class='ocrx_word' id='word_1_388' title='bbox 1789 4139 1888 4195; x_wconf 92' lang='lat' dir='ltr'><strong>soli</strong></span> <span class='ocrx_word' id='word_1_389' title='bbox 1925 4155 2038 4195; x_wconf 89' lang='lat' dir='ltr'><strong>ser-</strong></span> 
     </span>
    </p>
   </div>
   <div class='ocr_carea' id='block_1_56' title="bbox 454 4229 1932 4304">
    <p class='ocr_par' dir='ltr' id='par_1_56' title="bbox 454 4229 1932 4304">
     <span class='ocr_line' id='line_1_56' title="bbox 454 4229 1932 4304; baseline 0.002 -22"><span class='ocrx_word' id='word_1_390' title='bbox 454 4230 617 4285; x_wconf 86' lang='lat' dir='ltr'><strong>vire?</strong></span> <span class='ocrx_word' id='word_1_391' title='bbox 643 4229 830 4300; x_wconf 89' lang='lat' dir='ltr'><strong>Neque</strong></span> <span class='ocrx_word' id='word_1_392' title='bbox 863 4231 1131 4296; x_wconf 80' lang='lat' dir='ltr'><strong>Salvator,</strong></span> <span class='ocrx_word' id='word_1_393' title='bbox 1160 4231 1254 4300; x_wconf 91' lang='lat' dir='ltr'><strong>qui</strong></span> <span class='ocrx_word' id='word_1_394' title='bbox 1288 4230 1394 4286; x_wconf 89' lang='lat' dir='ltr'><strong>hoc</strong></span> <span class='ocrx_word' id='word_1_395' title='bbox 1422 4231 1655 4286; x_wconf 89' lang='lat' dir='ltr'><strong>tentanti</strong></span> <span class='ocrx_word' id='word_1_396' title='bbox 1687 4231 1932 4304; x_wconf 88' lang='lat' dir='ltr'><strong>objecit?</strong></span> 
     </span>
    </p>
   </div>
   <div class='ocr_carea' id='block_1_57' title="bbox 525 4450 2040 4525">
    <p class='ocr_par' dir='ltr' id='par_1_57' title="bbox 525 4450 2040 4525">
     <span class='ocr_line' id='line_1_57' title="bbox 525 4450 2040 4525; baseline 0.004 -21"><span class='ocrx_word' id='word_1_397' title='bbox 525 4450 695 4505; x_wconf 80' lang='lat' dir='ltr'><strong>XXX.</strong></span> <span class='ocrx_word' id='word_1_398' title='bbox 747 4451 827 4506; x_wconf 91' lang='lat' dir='ltr'><strong>Tu</strong></span> <span class='ocrx_word' id='word_1_399' title='bbox 863 4468 1017 4515; x_wconf 85' lang='lat' dir='ltr'><strong>vero,</strong></span> <span class='ocrx_word' id='word_1_400' title='bbox 1072 4461 1134 4507; x_wconf 92' lang='lat' dir='ltr'><strong>ut</strong></span> <span class='ocrx_word' id='word_1_401' title='bbox 1160 4453 1294 4518; x_wconf 87' lang='lat' dir='ltr'><strong>dixi,</strong></span> <span class='ocrx_word' id='word_1_402' title='bbox 1330 4452 1489 4525; x_wconf 77' lang='lat' dir='ltr'><strong>fingis</strong></span> <span class='ocrx_word' id='word_1_403' title='bbox 1523 4461 1768 4509; x_wconf 89' lang='lat' dir='ltr'><strong>creatum</strong></span> <span class='ocrx_word' id='word_1_404' title='bbox 1818 4470 1939 4510; x_wconf 89' lang='lat' dir='ltr'><strong>esse</strong></span> <span class='ocrx_word' id='word_1_405' title='bbox 1971 4456 2040 4510; x_wconf 85' lang='lat' dir='ltr'><strong>ab</strong></span> 
     </span>
    </p>
   </div>
   <div class='ocr_carea' id='block_1_58' title="bbox 456 4542 2061 4612">
    <p class='ocr_par' dir='ltr' id='par_1_58' title="bbox 456 4542 2061 4612">
     <span class='ocr_line' id='line_1_58' title="bbox 456 4542 2061 4612; baseline 0.003 -16"><span class='ocrx_word' id='word_1_406' title='bbox 456 4542 575 4612; x_wconf 86' lang='lat' dir='ltr'><strong>ipsa</strong></span> <span class='ocrx_word' id='word_1_407' title='bbox 605 4542 873 4598; x_wconf 89' lang='lat' dir='ltr'><strong>Trinitate</strong></span> <span class='ocrx_word' id='word_1_408' title='bbox 904 4545 1136 4598; x_wconf 89' lang='lat' dir='ltr'><strong>alterum</strong></span> <span class='ocrx_word' id='word_1_409' title='bbox 1171 4545 1474 4600; x_wconf 89' lang='lat' dir='ltr'><strong>animatum</strong></span> <span class='ocrx_word' id='word_1_410' title='bbox 1519 4546 1725 4600; x_wconf 91' lang='lat' dir='ltr'><strong>idolum</strong></span> <span class='ocrx_word' id='word_1_411' title='bbox 1755 4544 2061 4601; x_wconf 86' lang='lat' dir='ltr'><strong>Christum</strong></span> 
     </span>
    </p>
   </div>
   <div class='ocr_carea' id='block_1_59' title="bbox 458 4617 2113 4710">
    <p class='ocr_par' dir='ltr' id='par_1_59' title="bbox 458 4617 2113 4710">
     <span class='ocr_line' id='line_1_59' title="bbox 458 4617 2113 4710; baseline 0.004 -22"><span class='ocrx_word' id='word_1_412' title='bbox 458 4644 613 4689; x_wconf 91' lang='lat' dir='ltr'><strong>tuum</strong></span> <span class='ocrx_word' id='word_1_413' title='bbox 641 4653 654 4688; x_wconf 93' lang='lat'><strong>:</strong></span> <span class='ocrx_word' id='word_1_414' title='bbox 695 4634 867 4706; x_wconf 88' lang='lat' dir='ltr'><strong>ipsam</strong></span> <span class='ocrx_word' id='word_1_415' title='bbox 893 4636 1218 4692; x_wconf 89' lang='lat' dir='ltr'><strong>Trinitatem</strong></span> <span class='ocrx_word' id='word_1_416' title='bbox 1242 4639 1618 4703; x_wconf 85' lang='lat' dir='ltr'><strong>calumniaris,</strong></span> <span class='ocrx_word' id='word_1_417' title='bbox 1653 4639 1810 4710; x_wconf 88' lang='lat' dir='ltr'><strong>quasi</strong></span> <span class='ocrx_word' id='word_1_418' title='bbox 1843 4639 2039 4694; x_wconf 73' lang='lat' dir='ltr'><strong>doceat</strong></span> <span class='ocrx_word' id='word_1_419' title='bbox 2073 4617 2113 4670; x_wconf 72' lang='grc' dir='ltr'>ί)</span> 
     </span>
    </p>
   </div>
   <div class='ocr_carea' id='block_1_60' title="bbox 457 4727 2036 4796">
    <p class='ocr_par' dir='ltr' id='par_1_60' title="bbox 457 4727 2036 4796">
     <span class='ocr_line' id='line_1_60' title="bbox 457 4727 2036 4796; baseline 0.002 -14"><span class='ocrx_word' id='word_1_420' title='bbox 457 4727 641 4782; x_wconf 90' lang='lat' dir='ltr'><strong>colere</strong></span> <span class='ocrx_word' id='word_1_421' title='bbox 669 4738 999 4786; x_wconf 89' lang='lat' dir='ltr'><strong>creaturam.</strong></span> <span class='ocrx_word' id='word_1_422' title='bbox 1035 4729 1190 4796; x_wconf 85' lang='lat' dir='ltr'><strong>Quod</strong></span> <span class='ocrx_word' id='word_1_423' title='bbox 1243 4731 1382 4788; x_wconf 91' lang='lat' dir='ltr'><strong>nihil</strong></span> <span class='ocrx_word' id='word_1_424' title='bbox 1428 4731 1617 4787; x_wconf 78' lang='lat' dir='ltr'><strong>differt</strong></span> <span class='ocrx_word' id='word_1_425' title='bbox 1646 4748 1679 4786; x_wconf 88' lang='lat' dir='ltr'><strong>a</strong></span> <span class='ocrx_word' id='word_1_426' title='bbox 1708 4740 1897 4788; x_wconf 87' lang='lat' dir='ltr'><strong>vetere</strong></span> <span class='ocrx_word' id='word_1_427' title='bbox 1943 4747 2036 4786; x_wconf 88' lang='lat' dir='ltr'><strong>er-</strong></span> 
     </span>
    </p>
   </div>
   <div class='ocr_carea' id='block_1_61' title="bbox 458 4822 2037 4894">
    <p class='ocr_par' dir='ltr' id='par_1_61' title="bbox 458 4822 2037 4894">
     <span class='ocr_line' id='line_1_61' title="bbox 458 4822 2037 4894; baseline 0.003 -21"><span class='ocrx_word' id='word_1_428' title='bbox 458 4835 606 4885; x_wconf 90' lang='lat' dir='ltr'><strong>rore,</strong></span> <span class='ocrx_word' id='word_1_429' title='bbox 654 4836 764 4890; x_wconf 92' lang='lat' dir='ltr'><strong>quo</strong></span> <span class='ocrx_word' id='word_1_430' title='bbox 822 4822 984 4876; x_wconf 89' lang='lat' dir='ltr'><strong>homo</strong></span> <span class='ocrx_word' id='word_1_431' title='bbox 1032 4839 1062 4876; x_wconf 91' lang='lat' dir='ltr'><strong>a</strong></span> <span class='ocrx_word' id='word_1_432' title='bbox 1091 4823 1205 4878; x_wconf 89' lang='lat' dir='ltr'><strong>Deo</strong></span> <span class='ocrx_word' id='word_1_433' title='bbox 1251 4824 1478 4887; x_wconf 81' lang='lat' dir='ltr'><strong>excidit,</strong></span> <span class='ocrx_word' id='word_1_434' title='bbox 1530 4832 1588 4879; x_wconf 90' lang='lat' dir='ltr'><strong>et</strong></span> <span class='ocrx_word' id='word_1_435' title='bbox 1632 4832 1901 4880; x_wconf 74' lang='lat' dir='ltr'><strong>creatura:</strong></span> <span class='ocrx_word' id='word_1_436' title='bbox 1934 4840 2037 4894; x_wconf 88' lang='lat' dir='ltr'><strong>pro</strong></span> 
     </span>
    </p>
   </div>
   <div class='ocr_carea' id='block_1_62' title="bbox 456 4912 2038 4986">
    <p class='ocr_par' dir='ltr' id='par_1_62' title="bbox 456 4912 2038 4986">
     <span class='ocr_line' id='line_1_62' title="bbox 456 4912 2038 4986; baseline 0.002 -20"><span class='ocrx_word' id='word_1_437' title='bbox 456 4912 720 4967; x_wconf 89' lang='lat' dir='ltr'><strong>Creatore</strong></span> <span class='ocrx_word' id='word_1_438' title='bbox 754 4914 1000 4969; x_wconf 87' lang='lat' dir='ltr'><strong>servivit.</strong></span> <span class='ocrx_word' id='word_1_439' title='bbox 1032 4915 1146 4971; x_wconf 87' lang='lat' dir='ltr'><strong>Nisi</strong></span> <span class='ocrx_word' id='word_1_440' title='bbox 1169 4917 1478 4986; x_wconf 81' lang='lat' dir='ltr'><strong>graviorem</strong></span> <span class='ocrx_word' id='word_1_441' title='bbox 1510 4915 1660 4970; x_wconf 88' lang='lat' dir='ltr'><strong>hunc</strong></span> <span class='ocrx_word' id='word_1_442' title='bbox 1689 4930 1938 4971; x_wconf 90' lang='lat' dir='ltr'><strong>errorem</strong></span> <span class='ocrx_word' id='word_1_443' title='bbox 1971 4915 2038 4969; x_wconf 72' lang='lat' dir='ltr'><strong>il~</strong></span> 
     </span>
    </p>
   </div>
   <div class='ocr_carea' id='block_1_63' title="bbox 456 5005 2041 5098">
    <p class='ocr_par' dir='ltr' id='par_1_63' title="bbox 456 5005 2041 5098">
     <span class='ocr_line' id='line_1_63' title="bbox 456 5005 2041 5098; baseline 0.004 -40"><span class='ocrx_word' id='word_1_444' title='bbox 456 5005 512 5059; x_wconf 91' lang='lat' dir='ltr'><strong>Io</strong></span> <span class='ocrx_word' id='word_1_445' title='bbox 537 5013 723 5059; x_wconf 88' lang='lat' dir='ltr'><strong>vetere</strong></span> <span class='ocrx_word' id='word_1_446' title='bbox 768 5007 1003 5061; x_wconf 89' lang='lat' dir='ltr'><strong>moliris.</strong></span> <span class='ocrx_word' id='word_1_447' title='bbox 1038 5007 1156 5061; x_wconf 89' lang='lat' dir='ltr'><strong>Non</strong></span> <span class='ocrx_word' id='word_1_448' title='bbox 1185 5007 1336 5062; x_wconf 90' lang='lat' dir='ltr'><strong>enim</strong></span> <span class='ocrx_word' id='word_1_449' title='bbox 1381 5007 1568 5072; x_wconf 89' lang='lat' dir='ltr'><strong>doces,</strong></span> <span class='ocrx_word' id='word_1_450' title='bbox 1618 5015 1676 5062; x_wconf 91' lang='lat' dir='ltr'><strong>ut</strong></span> <span class='ocrx_word' id='word_1_451' title='bbox 1723 5006 2041 5098; x_wconf 75' lang='lat' dir='ltr'><strong>hominibus</strong></span> 
     </span>
    </p>
   </div>
   <div class='ocr_carea' id='block_1_64' title="bbox 459 5095 2041 5168">
    <p class='ocr_par' dir='ltr' id='par_1_64' title="bbox 459 5095 2041 5168">
     <span class='ocr_line' id='line_1_64' title="bbox 459 5095 2041 5168; baseline 0.004 -19"><span class='ocrx_word' id='word_1_452' title='bbox 459 5096 636 5151; x_wconf 88' lang='lat' dir='ltr'><strong>solum</strong></span> <span class='ocrx_word' id='word_1_453' title='bbox 666 5096 771 5153; x_wconf 85' lang='lat' dir='ltr'><strong>hoc</strong></span> <span class='ocrx_word' id='word_1_454' title='bbox 794 5098 1032 5163; x_wconf 86' lang='lat' dir='ltr'><strong>eveniat,</strong></span> <span class='ocrx_word' id='word_1_455' title='bbox 1064 5097 1160 5154; x_wconf 91' lang='lat' dir='ltr'><strong>sed</strong></span> <span class='ocrx_word' id='word_1_456' title='bbox 1198 5107 1322 5168; x_wconf 91' lang='lat' dir='ltr'><strong>post</strong></span> <span class='ocrx_word' id='word_1_457' title='bbox 1345 5098 1671 5155; x_wconf 87' lang='lat' dir='ltr'><strong>Trinitatem</strong></span> <span class='ocrx_word' id='word_1_458' title='bbox 1702 5095 1853 5154; x_wconf 84' lang='lat' dir='ltr'><strong>omni</strong></span> <span class='ocrx_word' id='word_1_459' title='bbox 1887 5116 2041 5156; x_wconf 87' lang='lat' dir='ltr'><strong>crea-</strong></span> 
     </span>
    </p>
   </div>
   <div class='ocr_carea' id='block_1_65' title="bbox 460 5189 2038 5250">
    <p class='ocr_par' dir='ltr' id='par_1_65' title="bbox 460 5189 2038 5250">
     <span class='ocr_line' id='line_1_65' title="bbox 460 5189 2038 5250; baseline 0.004 -10"><span class='ocrx_word' id='word_1_460' title='bbox 460 5201 599 5242; x_wconf 76' lang='lat' dir='ltr'><strong>turae</strong></span> <span class='ocrx_word' id='word_1_461' title='bbox 646 5204 677 5243; x_wconf 91' lang='lat' dir='ltr'><strong>a</strong></span> <span class='ocrx_word' id='word_1_462' title='bbox 727 5189 996 5244; x_wconf 86' lang='lat' dir='ltr'><strong>Trinitate</strong></span> <span class='ocrx_word' id='word_1_463' title='bbox 1035 5198 1255 5250; x_wconf 55' lang='lat' dir='ltr'><strong>creata.</strong></span> <span class='ocrx_word' id='word_1_464' title='bbox 1307 5190 1425 5245; x_wconf 90' lang='lat' dir='ltr'><strong>Non</strong></span> <span class='ocrx_word' id='word_1_465' title='bbox 1473 5190 1622 5245; x_wconf 90' lang='lat' dir='ltr'><strong>enim</strong></span> <span class='ocrx_word' id='word_1_466' title='bbox 1671 5191 1784 5246; x_wconf 91' lang='lat' dir='ltr'><strong>Deo</strong></span> <span class='ocrx_word' id='word_1_467' title='bbox 1829 5191 2038 5247; x_wconf 91' lang='lat' dir='ltr'><strong>homini</strong></span> 
     </span>
    </p>
   </div>
   <div class='ocr_carea' id='block_1_66' title="bbox 460 5281 2041 5352">
    <p class='ocr_par' dir='ltr' id='par_1_66' title="bbox 460 5281 2041 5352">
     <span class='ocr_line' id='line_1_66' title="bbox 460 5281 2041 5352; baseline 0.003 -18"><span class='ocrx_word' id='word_1_468' title='bbox 460 5281 604 5335; x_wconf 90' lang='lat' dir='ltr'><strong>facto</strong></span> <span class='ocrx_word' id='word_1_469' title='bbox 635 5281 819 5347; x_wconf 89' lang='lat' dir='ltr'><strong>doces,</strong></span> <span class='ocrx_word' id='word_1_470' title='bbox 855 5283 949 5337; x_wconf 92' lang='lat' dir='ltr'><strong>sed</strong></span> <span class='ocrx_word' id='word_1_471' title='bbox 994 5281 1206 5336; x_wconf 90' lang='lat' dir='ltr'><strong>homini</strong></span> <span class='ocrx_word' id='word_1_472' title='bbox 1234 5283 1601 5352; x_wconf 88' lang='lat' dir='ltr'><strong>appellatione</strong></span> <span class='ocrx_word' id='word_1_473' title='bbox 1636 5283 1732 5338; x_wconf 87' lang='lat' dir='ltr'><strong>Dei</strong></span> <span class='ocrx_word' id='word_1_474' title='bbox 1771 5284 2041 5338; x_wconf 89' lang='lat' dir='ltr'><strong>honorato</strong></span> 
     </span>
    </p>
   </div>
   <div class='ocr_carea' id='block_1_67' title="bbox 460 5374 2043 5446">
    <p class='ocr_par' dir='ltr' id='par_1_67' title="bbox 460 5374 2043 5446">
     <span class='ocr_line' id='line_1_67' title="bbox 460 5374 2043 5446; baseline 0.004 -21"><span class='ocrx_word' id='word_1_475' title='bbox 460 5374 669 5427; x_wconf 88' lang='lat' dir='ltr'><strong>cultum</strong></span> <span class='ocrx_word' id='word_1_476' title='bbox 705 5374 759 5429; x_wconf 91' lang='lat' dir='ltr'><strong>in</strong></span> <span class='ocrx_word' id='word_1_477' title='bbox 792 5383 1060 5430; x_wconf 67' lang='lat' dir='ltr'><strong>aeternum</strong></span> <span class='ocrx_word' id='word_1_478' title='bbox 1104 5374 1394 5434; x_wconf 89' lang='lat' dir='ltr'><strong>adhibere.</strong></span> <span class='ocrx_word' id='word_1_479' title='bbox 1447 5375 1491 5431; x_wconf 94' lang='grc' dir='ltr'><strong>Ο</strong></span> <span class='ocrx_word' id='word_1_480' title='bbox 1522 5384 1574 5430; x_wconf 90' lang='lat' dir='ltr'><strong>te</strong></span> <span class='ocrx_word' id='word_1_481' title='bbox 1601 5393 1908 5446; x_wconf 58' lang='lat' dir='ltr'><strong>praeconem</strong></span> <span class='ocrx_word' id='word_1_482' title='bbox 1943 5377 2043 5431; x_wconf 85' lang='lat' dir='ltr'><strong>ho-</strong></span> 
     </span>
    </p>
   </div>
   <div class='ocr_carea' id='block_1_68' title="bbox 462 5466 2040 5537">
    <p class='ocr_par' dir='ltr' id='par_1_68' title="bbox 462 5466 2040 5537">
     <span class='ocr_line' id='line_1_68' title="bbox 462 5466 2040 5537; baseline 0.003 -19"><span class='ocrx_word' id='word_1_483' title='bbox 462 5481 582 5519; x_wconf 90' lang='lat' dir='ltr'><strong>rum</strong></span> <span class='ocrx_word' id='word_1_484' title='bbox 605 5466 873 5521; x_wconf 91' lang='lat' dir='ltr'><strong>malorum</strong></span> <span class='ocrx_word' id='word_1_485' title='bbox 897 5467 1302 5537; x_wconf 79' lang='lat' dir='ltr'><strong>evangeliorum</strong></span> <span class='ocrx_word' id='word_1_486' title='bbox 1328 5470 1341 5522; x_wconf 83' lang='grc' dir='ltr'>ι</span> <span class='ocrx_word' id='word_1_487' title='bbox 1375 5469 1645 5524; x_wconf 73' lang='lat' dir='ltr'><strong>Prtedicas</strong></span> <span class='ocrx_word' id='word_1_488' title='bbox 1689 5468 2040 5524; x_wconf 79' lang='lat' dir='ltr'><strong>referendum</strong></span> 
     </span>
    </p>
   </div>
   <div class='ocr_carea' id='block_1_69' title="bbox 461 5557 2044 5630">
    <p class='ocr_par' dir='ltr' id='par_1_69' title="bbox 461 5557 2044 5630">
     <span class='ocr_line' id='line_1_69' title="bbox 461 5557 2044 5630; baseline 0.003 -20"><span class='ocrx_word' id='word_1_489' title='bbox 461 5572 582 5611; x_wconf 88' lang='lat' dir='ltr'><strong>esse</strong></span> <span class='ocrx_word' id='word_1_490' title='bbox 607 5557 813 5612; x_wconf 88' lang='lat' dir='ltr'><strong>cultum</strong></span> <span class='ocrx_word' id='word_1_491' title='bbox 839 5558 905 5613; x_wconf 90' lang='lat' dir='ltr'><strong>ad</strong></span> <span class='ocrx_word' id='word_1_492' title='bbox 935 5558 1218 5614; x_wconf 86' lang='lat' dir='ltr'><strong>Christum</strong></span> <span class='ocrx_word' id='word_1_493' title='bbox 1275 5569 1450 5624; x_wconf 91' lang='lat' dir='ltr'><strong>tuum,</strong></span> <span class='ocrx_word' id='word_1_494' title='bbox 1487 5560 1633 5630; x_wconf 91' lang='lat' dir='ltr'><strong>quod</strong></span> <span class='ocrx_word' id='word_1_495' title='bbox 1684 5561 1916 5630; x_wconf 90' lang='lat' dir='ltr'><strong>perinde</strong></span> <span class='ocrx_word' id='word_1_496' title='bbox 1960 5569 2044 5616; x_wconf 87' lang='lat' dir='ltr'><strong>est</strong></span> 
     </span>
    </p>
   </div>
   <div class='ocr_carea' id='block_1_70' title="bbox 466 5649 2041 5723">
    <p class='ocr_par' dir='ltr' id='par_1_70' title="bbox 466 5649 2041 5723">
     <span class='ocr_line' id='line_1_70' title="bbox 466 5649 2041 5723; baseline 0.004 -22"><span class='ocrx_word' id='word_1_497' title='bbox 466 5657 527 5701; x_wconf 91' lang='lat' dir='ltr'><strong>ut</strong></span> <span class='ocrx_word' id='word_1_498' title='bbox 554 5649 597 5703; x_wconf 92' lang='lat' dir='ltr'><strong>si</strong></span> <span class='ocrx_word' id='word_1_499' title='bbox 624 5651 887 5719; x_wconf 73' lang='lat' dir='ltr'><strong>pnedices</strong></span> <span class='ocrx_word' id='word_1_500' title='bbox 924 5652 1130 5706; x_wconf 91' lang='lat' dir='ltr'><strong>cultum</strong></span> <span class='ocrx_word' id='word_1_501' title='bbox 1161 5653 1254 5723; x_wconf 91' lang='lat' dir='ltr'><strong>qui</strong></span> <span class='ocrx_word' id='word_1_502' title='bbox 1287 5653 1560 5708; x_wconf 82' lang='lat' dir='ltr'><strong>referetur</strong></span> <span class='ocrx_word' id='word_1_503' title='bbox 1591 5654 1660 5708; x_wconf 92' lang='lat' dir='ltr'><strong>ad</strong></span> <span class='ocrx_word' id='word_1_504' title='bbox 1693 5652 2041 5720; x_wconf 88' lang='lat' dir='ltr'><strong>Trinitatem,</strong></span> 
     </span>
    </p>
   </div>
   <div class='ocr_carea' id='block_1_71' title="bbox 468 5735 2044 5815">
    <p class='ocr_par' dir='ltr' id='par_1_71' title="bbox 468 5735 2044 5815">
     <span class='ocr_line' id='line_1_71' title="bbox 468 5735 2044 5815; baseline 0.007 -27"><span class='ocrx_word' id='word_1_505' title='bbox 468 5735 816 5794; x_wconf 88' lang='lat' dir='ltr'><strong>referendum</strong></span> <span class='ocrx_word' id='word_1_506' title='bbox 840 5757 960 5795; x_wconf 87' lang='lat' dir='ltr'><strong>esse</strong></span> <span class='ocrx_word' id='word_1_507' title='bbox 978 5743 1215 5812; x_wconf 77' lang='lat' dir='ltr'><strong>exempli</strong></span> <span class='ocrx_word' id='word_1_508' title='bbox 1245 5759 1408 5799; x_wconf 87' lang='lat' dir='ltr'><strong>causa</strong></span> <span class='ocrx_word' id='word_1_509' title='bbox 1440 5745 1508 5798; x_wconf 88' lang='lat' dir='ltr'><strong>ad</strong></span> <span class='ocrx_word' id='word_1_510' title='bbox 1542 5760 1746 5815; x_wconf 83' lang='lat' dir='ltr'><strong>regem.</strong></span> <span class='ocrx_word' id='word_1_511' title='bbox 1780 5745 2044 5800; x_wconf 87' lang='lat' dir='ltr'><strong>Libenter</strong></span> 
     </span>
    </p>
   </div>
   <div class='ocr_carea' id='block_1_72' title="bbox 466 5831 2042 5906">
    <p class='ocr_par' dir='ltr' id='par_1_72' title="bbox 466 5831 2042 5906">
     <span class='ocr_line' id='line_1_72' title="bbox 466 5831 2042 5906; baseline 0.009 -30"><span class='ocrx_word' id='word_1_512' title='bbox 466 5836 647 5880; x_wconf 82' lang='lat' dir='ltr'><strong>autem</strong></span> <span class='ocrx_word' id='word_1_513' title='bbox 693 5831 1058 5899; x_wconf 85' lang='lat' dir='ltr'><strong>percontabor</strong></span> <span class='ocrx_word' id='word_1_514' title='bbox 1110 5841 1196 5899; x_wconf 90' lang='lat' dir='ltr'><strong>te,</strong></span> <span class='ocrx_word' id='word_1_515' title='bbox 1247 5833 1547 5904; x_wconf 87' lang='lat' dir='ltr'><strong>quomodo,</strong></span> <span class='ocrx_word' id='word_1_516' title='bbox 1583 5843 1677 5889; x_wconf 89' lang='lat' dir='ltr'><strong>aut</strong></span> <span class='ocrx_word' id='word_1_517' title='bbox 1715 5849 1877 5906; x_wconf 88' lang='lat' dir='ltr'><strong>quem</strong></span> <span class='ocrx_word' id='word_1_518' title='bbox 1926 5834 2042 5905; x_wconf 85' lang='lat' dir='ltr'><strong>ipse</strong></span> 
     </span>
    </p>
   </div>
   <div class='ocr_carea' id='block_1_73' title="bbox 2129 1972 3720 2052">
    <p class='ocr_par' dir='ltr' id='par_1_73' title="bbox 2129 1972 3720 2052">
     <span class='ocr_line' id='line_1_73' title="bbox 2129 1972 3720 2052; baseline -0.007 -17"><span class='ocrx_word' id='word_1_519' title='bbox 2129 1980 2362 2035; x_wconf 76' lang='grc' dir='ltr'>καὶτῶν</span> <span class='ocrx_word' id='word_1_520' title='bbox 2419 1980 2480 2034; x_wconf 84' lang='grc' dir='ltr'><strong>ού</strong></span> <span class='ocrx_word' id='word_1_521' title='bbox 2528 1979 2823 2052; x_wconf 85' lang='grc' dir='ltr'>χρησίμων</span> <span class='ocrx_word' id='word_1_522' title='bbox 2875 1975 3247 2048; x_wconf 77' lang='grc' dir='ltr'>παρεισῆχθαι</span> <span class='ocrx_word' id='word_1_523' title='bbox 3296 1972 3720 2047; x_wconf 83' lang='grc' dir='ltr'>παρακολουθή-</span> 
     </span>
    </p>
   </div>
   <div class='ocr_carea' id='block_1_74' title="bbox 2133 2063 3715 2142">
    <p class='ocr_par' dir='ltr' id='par_1_74' title="bbox 2133 2063 3715 2142">
     <span class='ocr_line' id='line_1_74' title="bbox 2133 2063 3715 2142; baseline -0.006 -18"><span class='ocrx_word' id='word_1_524' title='bbox 2133 2089 2304 2142; x_wconf 84' lang='grc' dir='ltr'>ματα,</span> <span class='ocrx_word' id='word_1_525' title='bbox 2345 2071 2438 2124; x_wconf 59' lang='grc' dir='ltr'><strong>καί⁵</strong></span> <span class='ocrx_word' id='word_1_526' title='bbox 2494 2069 2988 2140; x_wconf 80' lang='grc' dir='ltr'>παρασυμϐάματα</span> <span class='ocrx_word' id='word_1_527' title='bbox 3039 2067 3170 2120; x_wconf 76' lang='grc' dir='ltr'>ὄντα</span> <span class='ocrx_word' id='word_1_528' title='bbox 3221 2065 3330 2119; x_wconf 90' lang='grc' dir='ltr'>τῶν</span> <span class='ocrx_word' id='word_1_529' title='bbox 3391 2063 3715 2133; x_wconf 85' lang='grc' dir='ltr'><strong>γεγονότων,</strong></span> 
     </span>
    </p>
   </div>
   <div class='ocr_carea' id='block_1_75' title="bbox 2130 2154 3718 2231">
    <p class='ocr_par' dir='ltr' id='par_1_75' title="bbox 2130 2154 3718 2231">
     <span class='ocr_line' id='line_1_75' title="bbox 2130 2154 3718 2231; baseline -0.007 -13"><span class='ocrx_word' id='word_1_530' title='bbox 2130 2165 2232 2218; x_wconf 80' lang='grc' dir='ltr'>οὐκ</span> <span class='ocrx_word' id='word_1_531' title='bbox 2274 2166 2338 2217; x_wconf 75' lang='grc' dir='ltr'>ἑκ</span> <span class='ocrx_word' id='word_1_532' title='bbox 2381 2161 2518 2217; x_wconf 86' lang='grc' dir='ltr'>Θεοῦ</span> <span class='ocrx_word' id='word_1_533' title='bbox 2566 2161 2625 2214; x_wconf 82' lang='grc' dir='ltr'>δὲ</span> <span class='ocrx_word' id='word_1_534' title='bbox 2683 2160 3014 2231; x_wconf 84' lang='grc' dir='ltr'>βουλομένου</span> <span class='ocrx_word' id='word_1_535' title='bbox 3058 2159 3341 2229; x_wconf 88' lang='grc' dir='ltr'>γινόμενα,</span> <span class='ocrx_word' id='word_1_536' title='bbox 3374 2159 3440 2228; x_wconf 80' lang='grc' dir='ltr'>τῇ</span> <span class='ocrx_word' id='word_1_537' title='bbox 3468 2156 3526 2209; x_wconf 75' lang='grc' dir='ltr'>δὲ</span> <span class='ocrx_word' id='word_1_538' title='bbox 3555 2154 3718 2224; x_wconf 86' lang='grc' dir='ltr'>φύσει</span> 
     </span>
    </p>
   </div>
   <div class='ocr_carea' id='block_1_76' title="bbox 2129 2246 3720 2326">
    <p class='ocr_par' dir='ltr' id='par_1_76' title="bbox 2129 2246 3720 2326">
     <span class='ocr_line' id='line_1_76' title="bbox 2129 2246 3720 2326; baseline -0.006 -17"><span class='ocrx_word' id='word_1_539' title='bbox 2129 2257 2240 2309; x_wconf 90' lang='grc' dir='ltr'><strong>τῶν</strong></span> <span class='ocrx_word' id='word_1_540' title='bbox 2270 2254 2617 2326; x_wconf 81' lang='grc' dir='ltr'><strong>πραγμάτων</strong></span> <span class='ocrx_word' id='word_1_541' title='bbox 2645 2252 2893 2320; x_wconf 81' lang='grc' dir='ltr'>ἑπόμενα</span> <span class='ocrx_word' id='word_1_542' title='bbox 2924 2250 3017 2304; x_wconf 75' lang='grc' dir='ltr'><strong>καὶ</strong></span> <span class='ocrx_word' id='word_1_543' title='bbox 3046 2253 3121 2320; x_wconf 81' lang='grc' dir='ltr'>μὴ</span> <span class='ocrx_word' id='word_1_544' title='bbox 3149 2248 3471 2320; x_wconf 88' lang='grc' dir='ltr'>κωλυόμενα</span> <span class='ocrx_word' id='word_1_545' title='bbox 3498 2263 3512 2278; x_wconf 93' lang='grc'><strong>⁸</strong></span> <span class='ocrx_word' id='word_1_546' title='bbox 3563 2246 3720 2300; x_wconf 81' lang='grc' dir='ltr'>λάθοι</span> 
     </span>
    </p>
   </div>
   <div class='ocr_carea' id='block_1_77' title="bbox 2131 2338 3721 2418">
    <p class='ocr_par' dir='ltr' id='par_1_77' title="bbox 2131 2338 3721 2418">
     <span class='ocr_line' id='line_1_77' title="bbox 2131 2338 3721 2418; baseline -0.009 -16"><span class='ocrx_word' id='word_1_547' title='bbox 2131 2349 2175 2402; x_wconf 85' lang='grc' dir='ltr'>δ’</span> <span class='ocrx_word' id='word_1_548' title='bbox 2227 2348 2294 2402; x_wconf 84' lang='grc' dir='ltr'>ἂν</span> <span class='ocrx_word' id='word_1_549' title='bbox 2343 2347 2491 2418; x_wconf 76' lang='grc' dir='ltr'>ἡμᾶς</span> <span class='ocrx_word' id='word_1_550' title='bbox 2550 2344 2845 2416; x_wconf 86' lang='grc' dir='ltr'>παραρέων</span> <span class='ocrx_word' id='word_1_551' title='bbox 2891 2345 2920 2396; x_wconf 90' lang='grc' dir='ltr'><strong>ό</strong></span> <span class='ocrx_word' id='word_1_552' title='bbox 2957 2343 3172 2414; x_wconf 86' lang='grc' dir='ltr'>χρόνος,</span> <span class='ocrx_word' id='word_1_553' title='bbox 3203 2341 3296 2394; x_wconf 84' lang='grc' dir='ltr'><strong>τδν</strong></span> <span class='ocrx_word' id='word_1_554' title='bbox 3333 2339 3456 2395; x_wconf 89' lang='grc' dir='ltr'>καθ’</span> <span class='ocrx_word' id='word_1_555' title='bbox 3481 2339 3579 2393; x_wconf 74' lang='grc' dir='ltr'><strong>ἕνα</strong></span> <span class='ocrx_word' id='word_1_556' title='bbox 3609 2338 3721 2392; x_wconf 77' lang='grc' dir='ltr'>τῶν</span> 
     </span>
    </p>
   </div>
   <div class='ocr_carea' id='block_1_78' title="bbox 2135 2434 3718 2511">
    <p class='ocr_par' dir='ltr' id='par_1_78' title="bbox 2135 2434 3718 2511">
     <span class='ocr_line' id='line_1_78' title="bbox 2135 2434 3718 2511; baseline -0.006 -16"><span class='ocrx_word' id='word_1_557' title='bbox 2135 2441 2258 2495; x_wconf 88' lang='grc' dir='ltr'><strong>σῶν</strong></span> <span class='ocrx_word' id='word_1_558' title='bbox 2305 2440 2408 2511; x_wconf 79' lang='grc' dir='ltr'>τῆς</span> <span class='ocrx_word' id='word_1_559' title='bbox 2456 2439 2768 2510; x_wconf 78' lang='grc' dir='ltr'>Σοδομηνῆς</span> <span class='ocrx_word' id='word_1_560' title='bbox 2821 2437 3068 2509; x_wconf 77' lang='grc' dir='ltr'><strong>ἀμπέλου</strong></span> <span class='ocrx_word' id='word_1_561' title='bbox 3131 2437 3376 2507; x_wconf 82' lang='grc' dir='ltr'><strong>βοτρύων</strong></span> <span class='ocrx_word' id='word_1_562' title='bbox 3427 2434 3718 2506; x_wconf 84' lang='grc' dir='ltr'>ἀπειρολο-</span> 
     </span>
    </p>
   </div>
   <div class='ocr_carea' id='block_1_79' title="bbox 2132 2527 3720 2604">
    <p class='ocr_par' dir='ltr' id='par_1_79' title="bbox 2132 2527 3720 2604">
     <span class='ocr_line' id='line_1_79' title="bbox 2132 2527 3720 2604; baseline -0.006 -16"><span class='ocrx_word' id='word_1_563' title='bbox 2132 2533 2452 2604; x_wconf 82' lang='grc' dir='ltr'>γουμένους.</span> <span class='ocrx_word' id='word_1_564' title='bbox 2483 2533 2555 2586; x_wconf 82' lang='grc' dir='ltr'><strong>Σὺ</strong></span> <span class='ocrx_word' id='word_1_565' title='bbox 2592 2531 2636 2584; x_wconf 86' lang='grc' dir='ltr'>δ’</span> <span class='ocrx_word' id='word_1_566' title='bbox 2671 2531 2733 2584; x_wconf 89' lang='grc' dir='ltr'><strong>ού</strong></span> <span class='ocrx_word' id='word_1_567' title='bbox 2787 2530 3016 2600; x_wconf 77' lang='grc' dir='ltr'><strong>κάμνεις</strong></span> <span class='ocrx_word' id='word_1_568' title='bbox 3073 2530 3358 2600; x_wconf 74' lang='grc' dir='ltr'>ἐντρυφῶν</span> <span class='ocrx_word' id='word_1_569' title='bbox 3409 2529 3532 2592; x_wconf 84' lang='grc' dir='ltr'>ταῖς</span> <span class='ocrx_word' id='word_1_570' title='bbox 3586 2527 3720 2581; x_wconf 85' lang='grc' dir='ltr'>ἀσε-</span> 
     </span>
    </p>
   </div>
   <div class='ocr_carea' id='block_1_80' title="bbox 2134 2616 3723 2693">
    <p class='ocr_par' dir='ltr' id='par_1_80' title="bbox 2134 2616 3723 2693">
     <span class='ocr_line' id='line_1_80' title="bbox 2134 2616 3723 2693; baseline -0.004 -17"><span class='ocrx_word' id='word_1_571' title='bbox 2134 2624 2334 2687; x_wconf 79' lang='grc' dir='ltr'>ϐείαις,</span> <span class='ocrx_word' id='word_1_572' title='bbox 2359 2616 2405 2676; x_wconf 79' lang='grc' dir='ltr'>ὧ</span> <span class='ocrx_word' id='word_1_573' title='bbox 2437 2621 2547 2675; x_wconf 87' lang='grc' dir='ltr'><strong>τῶν</strong></span> <span class='ocrx_word' id='word_1_574' title='bbox 2573 2620 2762 2676; x_wconf 86' lang='grc' dir='ltr'>κακῶν</span> <span class='ocrx_word' id='word_1_575' title='bbox 2788 2621 3147 2693; x_wconf 76' lang='grc' dir='ltr'>ποριμωτάτη</span> <span class='ocrx_word' id='word_1_576' title='bbox 3185 2623 3369 2690; x_wconf 85' lang='grc' dir='ltr'>φύσις,</span> <span class='ocrx_word' id='word_1_577' title='bbox 3402 2621 3484 2676; x_wconf 85' lang='grc' dir='ltr'>ὅτι</span> <span class='ocrx_word' id='word_1_578' title='bbox 3524 2618 3601 2690; x_wconf 81' lang='grc' dir='ltr'>μὴ</span> <span class='ocrx_word' id='word_1_579' title='bbox 3627 2618 3723 2672; x_wconf 79' lang='grc' dir='ltr'><strong>τὸν</strong></span> 
     </span>
    </p>
   </div>
   <div class='ocr_carea' id='block_1_81' title="bbox 2133 2709 3719 2784">
    <p class='ocr_par' dir='ltr' id='par_1_81' title="bbox 2133 2709 3719 2784">
     <span class='ocr_line' id='line_1_81' title="bbox 2133 2709 3719 2784; baseline -0.004 -16"><span class='ocrx_word' id='word_1_580' title='bbox 2133 2715 2266 2768; x_wconf 76' lang='grc' dir='ltr'>Θεὸν</span> <span class='ocrx_word' id='word_1_581' title='bbox 2319 2713 2582 2776; x_wconf 82' lang='grc' dir='ltr'>οὐσιῶδες</span> <span class='ocrx_word' id='word_1_582' title='bbox 2633 2709 2775 2766; x_wconf 77' lang='grc' dir='ltr'>εἶναι</span> <span class='ocrx_word' id='word_1_583' title='bbox 2841 2712 3045 2780; x_wconf 83' lang='grc' dir='ltr'>ἀγαθὸν</span> <span class='ocrx_word' id='word_1_584' title='bbox 3099 2712 3550 2784; x_wconf 77' lang='grc' dir='ltr'>ὑπολαμϐάνεις,</span> <span class='ocrx_word' id='word_1_585' title='bbox 3608 2710 3719 2766; x_wconf 78' lang='grc' dir='ltr'>οὐδ’</span> 
     </span>
    </p>
   </div>
   <div class='ocr_carea' id='block_1_82' title="bbox 2134 2803 3724 2877">
    <p class='ocr_par' dir='ltr' id='par_1_82' title="bbox 2134 2803 3724 2877">
     <span class='ocr_line' id='line_1_82' title="bbox 2134 2803 3724 2877; baseline -0.001 -17"><span class='ocrx_word' id='word_1_586' title='bbox 2134 2803 2274 2861; x_wconf 81' lang='grc' dir='ltr'>εἶναι</span> <span class='ocrx_word' id='word_1_587' title='bbox 2300 2807 2462 2861; x_wconf 78' lang='grc' dir='ltr'>αὐτὸν</span> <span class='ocrx_word' id='word_1_588' title='bbox 2485 2807 2671 2877; x_wconf 78' lang='grc' dir='ltr'>πηγὴν</span> <span class='ocrx_word' id='word_1_589' title='bbox 2705 2805 2802 2859; x_wconf 61' lang='grc' dir='ltr'><strong>καὶ⁵</strong></span> <span class='ocrx_word' id='word_1_590' title='bbox 2829 2806 3006 2877; x_wconf 79' lang='grc' dir='ltr'>ἀρχὴν</span> <span class='ocrx_word' id='word_1_591' title='bbox 3039 2807 3243 2871; x_wconf 80' lang='grc' dir='ltr'>παντὸς</span> <span class='ocrx_word' id='word_1_592' title='bbox 3291 2806 3458 2860; x_wconf 87' lang='grc' dir='ltr'>καλοῦ</span> <span class='ocrx_word' id='word_1_593' title='bbox 3507 2822 3567 2859; x_wconf 85' lang='grc' dir='ltr'>τε</span> <span class='ocrx_word' id='word_1_594' title='bbox 3624 2806 3724 2858; x_wconf 80' lang='grc' dir='ltr'>καὶ</span> 
     </span>
    </p>
   </div>
   <div class='ocr_carea' id='block_1_83' title="bbox 2135 2901 3720 2972">
    <p class='ocr_par' dir='ltr' id='par_1_83' title="bbox 2135 2901 3720 2972">
     <span class='ocr_line' id='line_1_83' title="bbox 2135 2901 3720 2972; baseline -0.004 -14"><span class='ocrx_word' id='word_1_595' title='bbox 2135 2903 2364 2972; x_wconf 79' lang='grc' dir='ltr'>ἀγαθοῦ,</span> <span class='ocrx_word' id='word_1_596' title='bbox 2419 2901 2695 2964; x_wconf 85' lang='grc' dir='ltr'>οὑσιωδῶς</span> <span class='ocrx_word' id='word_1_597' title='bbox 2755 2903 2894 2956; x_wconf 77' lang='grc' dir='ltr'>αὐτὰ</span> <span class='ocrx_word' id='word_1_598' title='bbox 2922 2902 3286 2972; x_wconf 86' lang='grc' dir='ltr'>προνάουσαν.</span> <span class='ocrx_word' id='word_1_599' title='bbox 3321 2901 3458 2956; x_wconf 82' lang='grc' dir='ltr'>Εἰπὲ</span> <span class='ocrx_word' id='word_1_600' title='bbox 3479 2902 3536 2957; x_wconf 69' lang='grc' dir='ltr'>δὲ</span> <span class='ocrx_word' id='word_1_601' title='bbox 3560 2902 3720 2971; x_wconf 82' lang='grc' dir='ltr'>ἡμῖν,</span> 
     </span>
    </p>
   </div>
   <div class='ocr_carea' id='block_1_84' title="bbox 2137 2993 3722 3064">
    <p class='ocr_par' dir='ltr' id='par_1_84' title="bbox 2137 2993 3722 3064">
     <span class='ocr_line' id='line_1_84' title="bbox 2137 2993 3722 3064; baseline -0.001 -15"><span class='ocrx_word' id='word_1_602' title='bbox 2137 2995 2300 3049; x_wconf 81' lang='grc' dir='ltr'>πόθεν</span> <span class='ocrx_word' id='word_1_603' title='bbox 2331 2993 2480 3064; x_wconf 85' lang='grc' dir='ltr'>αύτῷ</span> <span class='ocrx_word' id='word_1_604' title='bbox 2539 2993 2874 3064; x_wconf 81' lang='grc' dir='ltr'>πεπόρισται</span> <span class='ocrx_word' id='word_1_605' title='bbox 2927 2993 2990 3046; x_wconf 85' lang='grc' dir='ltr'>τὸ</span> <span class='ocrx_word' id='word_1_606' title='bbox 3050 2993 3259 3058; x_wconf 79' lang='grc' dir='ltr'>καλόνς</span> <span class='ocrx_word' id='word_1_607' title='bbox 3318 2994 3380 3048; x_wconf 86' lang='grc' dir='ltr'><strong>οὺ</strong></span> <span class='ocrx_word' id='word_1_608' title='bbox 3439 2993 3550 3064; x_wconf 88' lang='grc' dir='ltr'>γάρ</span> <span class='ocrx_word' id='word_1_609' title='bbox 3602 2993 3722 3047; x_wconf 78' lang='grc' dir='ltr'>ἐστι</span> 
     </span>
    </p>
   </div>
   <div class='ocr_carea' id='block_1_85' title="bbox 2137 3086 3723 3158">
    <p class='ocr_par' dir='ltr' id='par_1_85' title="bbox 2137 3086 3723 3158">
     <span class='ocr_line' id='line_1_85' title="bbox 2137 3086 3723 3158; baseline -0.002 -16"><span class='ocrx_word' id='word_1_610' title='bbox 2137 3089 2279 3142; x_wconf 74' lang='grc' dir='ltr'>κατὰ</span> <span class='ocrx_word' id='word_1_611' title='bbox 2318 3088 2378 3142; x_wconf 81' lang='grc' dir='ltr'><strong>σὲ</strong></span> <span class='ocrx_word' id='word_1_612' title='bbox 2409 3087 2542 3142; x_wconf 80' lang='grc' dir='ltr'>αὐτὸ</span> <span class='ocrx_word' id='word_1_613' title='bbox 2570 3087 2736 3142; x_wconf 89' lang='grc' dir='ltr'>καλόν</span> <span class='ocrx_word' id='word_1_614' title='bbox 2765 3103 2781 3118; x_wconf 94' lang='grc'><strong>⁸</strong></span> <span class='ocrx_word' id='word_1_615' title='bbox 2815 3087 2910 3140; x_wconf 71' lang='grc' dir='ltr'><strong>καὶ</strong></span> <span class='ocrx_word' id='word_1_616' title='bbox 2937 3087 3022 3150; x_wconf 89' lang='grc' dir='ltr'><strong>τίς</strong></span> <span class='ocrx_word' id='word_1_617' title='bbox 3053 3088 3087 3157; x_wconf 85' lang='grc' dir='ltr'>ὴ</span> <span class='ocrx_word' id='word_1_618' title='bbox 3128 3086 3323 3140; x_wconf 87' lang='grc' dir='ltr'>τούτου</span> <span class='ocrx_word' id='word_1_619' title='bbox 3375 3088 3518 3158; x_wconf 84' lang='grc' dir='ltr'><strong>ἀρχή</strong></span> <span class='ocrx_word' id='word_1_620' title='bbox 3553 3103 3568 3153; x_wconf 90' lang='lat'><strong>;</strong></span> <span class='ocrx_word' id='word_1_621' title='bbox 3614 3087 3723 3140; x_wconf 73' lang='lat' dir='ltr'><strong>A0-</strong></span> 
     </span>
    </p>
   </div>
   <div class='ocr_carea' id='block_1_86' title="bbox 2136 3175 3720 3249">
    <p class='ocr_par' dir='ltr' id='par_1_86' title="bbox 2136 3175 3720 3249">
     <span class='ocr_line' id='line_1_86' title="bbox 2136 3175 3720 3249; baseline -0.002 -17"><span class='ocrx_word' id='word_1_622' title='bbox 2136 3179 2225 3242; x_wconf 82' lang='grc' dir='ltr'><strong>τδς</strong></span> <span class='ocrx_word' id='word_1_623' title='bbox 2255 3179 2302 3232; x_wconf 86' lang='grc' dir='ltr'>δ’</span> <span class='ocrx_word' id='word_1_624' title='bbox 2330 3178 2442 3249; x_wconf 84' lang='grc' dir='ltr'><strong>ἄρα</strong></span> <span class='ocrx_word' id='word_1_625' title='bbox 2477 3178 2541 3232; x_wconf 80' lang='grc' dir='ltr'>σὺ</span> <span class='ocrx_word' id='word_1_626' title='bbox 2595 3175 2705 3230; x_wconf 82' lang='grc' dir='ltr'><strong>τῶν</strong></span> <span class='ocrx_word' id='word_1_627' title='bbox 2761 3175 3023 3230; x_wconf 81' lang='grc' dir='ltr'>τοιούτων</span> <span class='ocrx_word' id='word_1_628' title='bbox 3076 3176 3264 3230; x_wconf 81' lang='grc' dir='ltr'>κακῶν</span> <span class='ocrx_word' id='word_1_629' title='bbox 3313 3175 3500 3241; x_wconf 84' lang='grc' dir='ltr'>πέλεις</span> <span class='ocrx_word' id='word_1_630' title='bbox 3552 3177 3720 3248; x_wconf 82' lang='grc' dir='ltr'>ἀρχὴ.</span> 
     </span>
    </p>
   </div>
   <div class='ocr_carea' id='block_1_87' title="bbox 2059 3267 3722 3342">
    <p class='ocr_par' dir='ltr' id='par_1_87' title="bbox 2059 3267 3722 3342">
     <span class='ocr_line' id='line_1_87' title="bbox 2059 3267 3722 3342; baseline -0.001 -19"><span class='ocrx_word' id='word_1_631' title='bbox 2059 3279 2102 3335; x_wconf 83' lang='lat' dir='ltr'>c</span> <span class='ocrx_word' id='word_1_632' title='bbox 2140 3271 2236 3339; x_wconf 85' lang='grc' dir='ltr'>τῆς</span> <span class='ocrx_word' id='word_1_633' title='bbox 2269 3268 2800 3341; x_wconf 89' lang='grc' dir='ltr'>μεγαλορημοσύνης</span> <span class='ocrx_word' id='word_1_634' title='bbox 2835 3267 3180 3342; x_wconf 76' lang='grc' dir='ltr'>Μαρκίωνος,</span> <span class='ocrx_word' id='word_1_635' title='bbox 3225 3270 3320 3322; x_wconf 75' lang='grc' dir='ltr'>καὶ</span> <span class='ocrx_word' id='word_1_636' title='bbox 3361 3269 3470 3323; x_wconf 86' lang='grc' dir='ltr'><strong>τῶν</strong></span> <span class='ocrx_word' id='word_1_637' title='bbox 3527 3270 3722 3323; x_wconf 78' lang='grc' dir='ltr'>τούτου</span> 
     </span>
    </p>
   </div>
   <div class='ocr_carea' id='block_1_88' title="bbox 2137 3361 3185 3434">
    <p class='ocr_par' dir='ltr' id='par_1_88' title="bbox 2137 3361 3185 3434">
     <span class='ocr_line' id='line_1_88' title="bbox 2137 3361 3185 3434; baseline -0.001 -18"><span class='ocrx_word' id='word_1_638' title='bbox 2137 3363 2322 3434; x_wconf 87' lang='grc' dir='ltr'>ἀρχῶν</span> <span class='ocrx_word' id='word_1_639' title='bbox 2347 3363 2503 3416; x_wconf 77' lang='grc' dir='ltr'>οὐδέν</span> <span class='ocrx_word' id='word_1_640' title='bbox 2532 3379 2585 3416; x_wconf 90' lang='grc' dir='ltr'>τι</span> <span class='ocrx_word' id='word_1_641' title='bbox 2616 3361 2647 3434; x_wconf 84' lang='grc' dir='ltr'>ἢ</span> <span class='ocrx_word' id='word_1_642' title='bbox 2684 3361 2882 3432; x_wconf 75' lang='grc' dir='ltr'>μικρδν</span> <span class='ocrx_word' id='word_1_643' title='bbox 2915 3361 3185 3415; x_wconf 83' lang='grc' dir='ltr'><strong>ἀποδέων.</strong></span> 
     </span>
    </p>
   </div>
   <div class='ocr_carea' id='block_1_89' title="bbox 2207 3491 3725 3563">
    <p class='ocr_par' dir='ltr' id='par_1_89' title="bbox 2207 3491 3725 3563">
     <span class='ocr_line' id='line_1_89' title="bbox 2207 3491 3725 3563; baseline 0 -17"><span class='ocrx_word' id='word_1_644' title='bbox 2207 3493 2336 3549; x_wconf 82' lang='grc' dir='ltr'><strong>ΚΘ’.</strong></span> <span class='ocrx_word' id='word_1_645' title='bbox 2377 3493 2544 3545; x_wconf 84' lang='grc' dir='ltr'>Ἤκει</span> <span class='ocrx_word' id='word_1_646' title='bbox 2567 3492 2611 3545; x_wconf 80' lang='grc' dir='ltr'>δ’</span> <span class='ocrx_word' id='word_1_647' title='bbox 2641 3493 2776 3563; x_wconf 78' lang='grc' dir='ltr'>ἡμῖν</span> <span class='ocrx_word' id='word_1_648' title='bbox 2804 3492 2832 3544; x_wconf 90' lang='grc' dir='ltr'><strong>ό</strong></span> <span class='ocrx_word' id='word_1_649' title='bbox 2871 3491 3031 3560; x_wconf 85' lang='grc' dir='ltr'>λόγος</span> <span class='ocrx_word' id='word_1_650' title='bbox 3088 3492 3176 3545; x_wconf 83' lang='grc' dir='ltr'><strong>ἐπ’</strong></span> <span class='ocrx_word' id='word_1_651' title='bbox 3225 3492 3388 3547; x_wconf 79' lang='grc' dir='ltr'>αὑτὸν</span> <span class='ocrx_word' id='word_1_652' title='bbox 3442 3493 3532 3547; x_wconf 83' lang='grc' dir='ltr'><strong>τδν</strong></span> <span class='ocrx_word' id='word_1_653' title='bbox 3571 3495 3725 3546; x_wconf 81' lang='grc' dir='ltr'>κολο-</span> 
     </span>
    </p>
   </div>
   <div class='ocr_carea' id='block_1_90' title="bbox 2137 3583 3723 3656">
    <p class='ocr_par' dir='ltr' id='par_1_90' title="bbox 2137 3583 3723 3656">
     <span class='ocr_line' id='line_1_90' title="bbox 2137 3583 3723 3656; baseline 0.001 -17"><span class='ocrx_word' id='word_1_654' title='bbox 2137 3586 2289 3656; x_wconf 84' lang='grc' dir='ltr'>φῶνα</span> <span class='ocrx_word' id='word_1_655' title='bbox 2327 3583 2440 3638; x_wconf 80' lang='grc' dir='ltr'>τῶν</span> <span class='ocrx_word' id='word_1_656' title='bbox 2483 3585 2593 3638; x_wconf 87' lang='grc' dir='ltr'><strong>σῶν</strong></span> <span class='ocrx_word' id='word_1_657' title='bbox 2638 3583 3026 3654; x_wconf 79' lang='grc' dir='ltr'>ἀσεϐημάτων.</span> <span class='ocrx_word' id='word_1_658' title='bbox 3077 3584 3249 3638; x_wconf 85' lang='grc' dir='ltr'>Πόθεν</span> <span class='ocrx_word' id='word_1_659' title='bbox 3299 3601 3382 3638; x_wconf 93' lang='grc' dir='ltr'>σοι</span> <span class='ocrx_word' id='word_1_660' title='bbox 3411 3585 3723 3640; x_wconf 82' lang='grc' dir='ltr'>πέπλασται</span> 
     </span>
    </p>
   </div>
   <div class='ocr_carea' id='block_1_91' title="bbox 2135 3676 3722 3749">
    <p class='ocr_par' dir='ltr' id='par_1_91' title="bbox 2135 3676 3722 3749">
     <span class='ocr_line' id='line_1_91' title="bbox 2135 3676 3722 3749; baseline 0.001 -17"><span class='ocrx_word' id='word_1_661' title='bbox 2135 3681 2164 3732; x_wconf 92' lang='grc' dir='ltr'><strong>ό</strong></span> <span class='ocrx_word' id='word_1_662' title='bbox 2201 3680 2282 3742; x_wconf 89' lang='grc' dir='ltr'><strong>είς</strong></span> <span class='ocrx_word' id='word_1_663' title='bbox 2317 3678 2604 3746; x_wconf 83' lang='grc' dir='ltr'>ἀντίδειξιν</span> <span class='ocrx_word' id='word_1_664' title='bbox 2637 3679 2736 3747; x_wconf 83' lang='grc' dir='ltr'>τῆς</span> <span class='ocrx_word' id='word_1_665' title='bbox 2770 3677 3003 3749; x_wconf 82' lang='grc' dir='ltr'>Τριάδος</span> <span class='ocrx_word' id='word_1_666' title='bbox 3056 3677 3350 3749; x_wconf 87' lang='grc' dir='ltr'>γενόμενος</span> <span class='ocrx_word' id='word_1_667' title='bbox 3411 3676 3722 3748; x_wconf 78' lang='grc' dir='ltr'>ἄνθρωπος.</span> 
     </span>
    </p>
   </div>
   <div class='ocr_carea' id='block_1_92' title="bbox 2139 3765 3724 3840">
    <p class='ocr_par' dir='ltr' id='par_1_92' title="bbox 2139 3765 3724 3840">
     <span class='ocr_line' id='line_1_92' title="bbox 2139 3765 3724 3840; baseline -0.001 -19"><span class='ocrx_word' id='word_1_668' title='bbox 2139 3769 2206 3822; x_wconf 82' lang='grc' dir='ltr'><strong>ἵν’</strong></span> <span class='ocrx_word' id='word_1_669' title='bbox 2299 3771 2506 3839; x_wconf 82' lang='grc' dir='ltr'>ταύτης</span> <span class='ocrx_word' id='word_1_670' title='bbox 2541 3768 2788 3839; x_wconf 71' lang='grc' dir='ltr'>ἔμψυχον</span> <span class='ocrx_word' id='word_1_671' title='bbox 2818 3768 3060 3832; x_wconf 76' lang='grc' dir='ltr'>εἴδωλον,</span> <span class='ocrx_word' id='word_1_672' title='bbox 3087 3771 3152 3839; x_wconf 84' lang='grc' dir='ltr'><strong>τῇ</strong></span> <span class='ocrx_word' id='word_1_673' title='bbox 3180 3769 3395 3840; x_wconf 78' lang='grc' dir='ltr'>ἀπείρῳ</span> <span class='ocrx_word' id='word_1_674' title='bbox 3419 3771 3526 3822; x_wconf 88' lang='grc' dir='ltr'><strong>τῶν</strong></span> <span class='ocrx_word' id='word_1_675' title='bbox 3551 3769 3724 3824; x_wconf 79' lang='grc' dir='ltr'>ὄντων</span> 
     </span>
    </p>
   </div>
   <div class='ocr_carea' id='block_1_93' title="bbox 2139 3859 3724 3933">
    <p class='ocr_par' dir='ltr' id='par_1_93' title="bbox 2139 3859 3724 3933">
     <span class='ocr_line' id='line_1_93' title="bbox 2139 3859 3724 3933; baseline 0.001 -21"><span class='ocrx_word' id='word_1_676' title='bbox 2139 3860 2251 3931; x_wconf 80' lang='grc' dir='ltr'><strong>ζωῇ</strong></span> <span class='ocrx_word' id='word_1_677' title='bbox 2283 3861 2830 3932; x_wconf 76' lang='grc' dir='ltr'>παραμετροῦμενον,</span> <span class='ocrx_word' id='word_1_678' title='bbox 2864 3859 2922 3913; x_wconf 85' lang='grc' dir='ltr'><strong>ὃν</strong></span> <span class='ocrx_word' id='word_1_679' title='bbox 2969 3862 3092 3914; x_wconf 74' lang='grc' dir='ltr'>ἀντὶ</span> <span class='ocrx_word' id='word_1_680' title='bbox 3123 3861 3222 3930; x_wconf 82' lang='grc' dir='ltr'>τῆς</span> <span class='ocrx_word' id='word_1_681' title='bbox 3269 3861 3502 3930; x_wconf 84' lang='grc' dir='ltr'>Τριάδος</span> <span class='ocrx_word' id='word_1_682' title='bbox 3551 3879 3724 3933; x_wconf 85' lang='grc' dir='ltr'>προσ-</span> 
     </span>
    </p>
   </div>
   <div class='ocr_carea' id='block_1_94' title="bbox 2141 3953 3728 4025">
    <p class='ocr_par' dir='ltr' id='par_1_94' title="bbox 2141 3953 3728 4025">
     <span class='ocr_line' id='line_1_94' title="bbox 2141 3953 3728 4025; baseline 0 -17"><span class='ocrx_word' id='word_1_683' title='bbox 2141 3954 2420 4008; x_wconf 85' lang='grc' dir='ltr'>κυνεῖσθαι</span> <span class='ocrx_word' id='word_1_684' title='bbox 2473 3954 2653 4020; x_wconf 80' lang='grc' dir='ltr'>δίδως,</span> <span class='ocrx_word' id='word_1_685' title='bbox 2704 3954 2810 4007; x_wconf 81' lang='grc' dir='ltr'>ὑπὸ</span> <span class='ocrx_word' id='word_1_686' title='bbox 2834 3953 3018 4023; x_wconf 82' lang='grc' dir='ltr'>πάσης</span> <span class='ocrx_word' id='word_1_687' title='bbox 3049 3953 3255 4024; x_wconf 83' lang='grc' dir='ltr'>ὁρατῆς</span> <span class='ocrx_word' id='word_1_688' title='bbox 3284 3971 3344 4008; x_wconf 88' lang='grc' dir='ltr'>τε</span> <span class='ocrx_word' id='word_1_689' title='bbox 3373 3955 3468 4008; x_wconf 78' lang='grc' dir='ltr'><strong>καὶ</strong></span> <span class='ocrx_word' id='word_1_690' title='bbox 3489 3955 3728 4025; x_wconf 86' lang='grc' dir='ltr'>ἀοράτου</span> 
     </span>
    </p>
   </div>
   <div class='ocr_carea' id='block_1_95' title="bbox 2140 4044 3726 4118">
    <p class='ocr_par' dir='ltr' id='par_1_95' title="bbox 2140 4044 3726 4118">
     <span class='ocr_line' id='line_1_95' title="bbox 2140 4044 3726 4118; baseline 0 -18"><span class='ocrx_word' id='word_1_691' title='bbox 2140 4048 2370 4111; x_wconf 86' lang='grc' dir='ltr'>κτίσεως</span> <span class='ocrx_word' id='word_1_692' title='bbox 2403 4046 2498 4101; x_wconf 85' lang='grc' dir='ltr'>νῦν</span> <span class='ocrx_word' id='word_1_693' title='bbox 2524 4064 2584 4099; x_wconf 90' lang='grc' dir='ltr'>τε</span> <span class='ocrx_word' id='word_1_694' title='bbox 2634 4047 2731 4100; x_wconf 73' lang='grc' dir='ltr'><strong>καὶ</strong></span> <span class='ocrx_word' id='word_1_695' title='bbox 2781 4044 3053 4118; x_wconf 72' lang='grc' dir='ltr'>ὖστερονς</span> <span class='ocrx_word' id='word_1_696' title='bbox 3101 4046 3224 4100; x_wconf 77' lang='grc' dir='ltr'>Οὐδ’</span> <span class='ocrx_word' id='word_1_697' title='bbox 3282 4048 3316 4118; x_wconf 83' lang='grc' dir='ltr'>ή</span> <span class='ocrx_word' id='word_1_698' title='bbox 3373 4045 3616 4110; x_wconf 83' lang='grc' dir='ltr'>Μωσέως</span> <span class='ocrx_word' id='word_1_699' title='bbox 3665 4063 3726 4100; x_wconf 89' lang='grc' dir='ltr'>σε</span> 
     </span>
    </p>
   </div>
   <div class='ocr_carea' id='block_1_96' title="bbox 2142 4138 3729 4212">
    <p class='ocr_par' dir='ltr' id='par_1_96' title="bbox 2142 4138 3729 4212">
     <span class='ocr_line' id='line_1_96' title="bbox 2142 4138 3729 4212; baseline -0.001 -19"><span class='ocrx_word' id='word_1_700' title='bbox 2142 4141 2408 4193; x_wconf 79' lang='grc' dir='ltr'>πέπεικεν</span> <span class='ocrx_word' id='word_1_701' title='bbox 2460 4138 2774 4208; x_wconf 84' lang='grc' dir='ltr'>νομοθεσία,</span> <span class='ocrx_word' id='word_1_702' title='bbox 2826 4139 3034 4210; x_wconf 83' lang='grc' dir='ltr'>Κύριον</span> <span class='ocrx_word' id='word_1_703' title='bbox 3065 4139 3160 4194; x_wconf 79' lang='grc' dir='ltr'>τὸν</span> <span class='ocrx_word' id='word_1_704' title='bbox 3201 4139 3338 4193; x_wconf 85' lang='grc' dir='ltr'>Θεὸν</span> <span class='ocrx_word' id='word_1_705' title='bbox 3365 4143 3729 4212; x_wconf 76' lang='grc' dir='ltr'>προσκυνεῖν,</span> 
     </span>
    </p>
   </div>
   <div class='ocr_carea' id='block_1_97' title="bbox 2140 4230 3731 4304">
    <p class='ocr_par' dir='ltr' id='par_1_97' title="bbox 2140 4230 3731 4304">
     <span class='ocr_line' id='line_1_97' title="bbox 2140 4230 3731 4304; baseline 0 -18"><span class='ocrx_word' id='word_1_706' title='bbox 2140 4233 2233 4287; x_wconf 78' lang='grc' dir='ltr'><strong>καὶ</strong></span> <span class='ocrx_word' id='word_1_707' title='bbox 2285 4230 2434 4302; x_wconf 72' lang='grc' dir='ltr'>αὐτῷ</span> <span class='ocrx_word' id='word_1_708' title='bbox 2490 4232 2637 4302; x_wconf 84' lang='grc' dir='ltr'>μόνῳ</span> <span class='ocrx_word' id='word_1_709' title='bbox 2674 4230 2985 4303; x_wconf 87' lang='grc' dir='ltr'>λατρεύειν,</span> <span class='ocrx_word' id='word_1_710' title='bbox 3045 4231 3555 4304; x_wconf 86' lang='grc' dir='ltr'>νομοθετήσαντος;</span> <span class='ocrx_word' id='word_1_711' title='bbox 3616 4233 3731 4286; x_wconf 76' lang='grc' dir='ltr'>οὐδ’</span> 
     </span>
    </p>
   </div>
   <div class='ocr_carea' id='block_1_98' title="bbox 2140 4321 3724 4397">
    <p class='ocr_par' dir='ltr' id='par_1_98' title="bbox 2140 4321 3724 4397">
     <span class='ocr_line' id='line_1_98' title="bbox 2140 4321 3724 4397; baseline 0.002 -20"><span class='ocrx_word' id='word_1_712' title='bbox 2140 4323 2299 4387; x_wconf 75' lang='grc' dir='ltr'>αὐτὸς</span> <span class='ocrx_word' id='word_1_713' title='bbox 2325 4325 2354 4378; x_wconf 89' lang='grc' dir='ltr'><strong>ό</strong></span> <span class='ocrx_word' id='word_1_714' title='bbox 2383 4323 2576 4394; x_wconf 82' lang='grc' dir='ltr'>Σωτὴρ</span> <span class='ocrx_word' id='word_1_715' title='bbox 2604 4322 2761 4376; x_wconf 90' lang='grc' dir='ltr'>τοῦτο</span> <span class='ocrx_word' id='word_1_716' title='bbox 2790 4321 2868 4395; x_wconf 83' lang='grc' dir='ltr'>τῷ</span> <span class='ocrx_word' id='word_1_717' title='bbox 2907 4322 3226 4394; x_wconf 78' lang='grc' dir='ltr'>πειράζοντι</span> <span class='ocrx_word' id='word_1_718' title='bbox 3258 4325 3724 4397; x_wconf 72' lang='grc' dir='ltr'>προϐαλλόμενοςς</span> 
     </span>
    </p>
   </div>
   <div class='ocr_carea' id='block_1_99' title="bbox 2208 4455 3730 4531">
    <p class='ocr_par' dir='ltr' id='par_1_99' title="bbox 2208 4455 3730 4531">
     <span class='ocr_line' id='line_1_99' title="bbox 2208 4455 3730 4531; baseline 0 -20"><span class='ocrx_word' id='word_1_719' title='bbox 2208 4458 2288 4511; x_wconf 67' lang='grc' dir='ltr'><strong>Λν.</strong></span> <span class='ocrx_word' id='word_1_720' title='bbox 2319 4458 2390 4510; x_wconf 77' lang='grc' dir='ltr'><strong>Σὺ</strong></span> <span class='ocrx_word' id='word_1_721' title='bbox 2411 4455 2475 4521; x_wconf 76' lang='grc' dir='ltr'>δ’,</span> <span class='ocrx_word' id='word_1_722' title='bbox 2506 4455 2582 4520; x_wconf 87' lang='grc' dir='ltr'>ὡς</span> <span class='ocrx_word' id='word_1_723' title='bbox 2611 4455 2772 4526; x_wconf 77' lang='grc' dir='ltr'>ἔφην,</span> <span class='ocrx_word' id='word_1_724' title='bbox 2813 4457 2907 4511; x_wconf 81' lang='grc' dir='ltr'><strong>ὑπ’</strong></span> <span class='ocrx_word' id='word_1_725' title='bbox 2939 4458 3113 4528; x_wconf 82' lang='grc' dir='ltr'>αὐτῆς</span> <span class='ocrx_word' id='word_1_726' title='bbox 3154 4462 3254 4528; x_wconf 80' lang='grc' dir='ltr'>τῆς</span> <span class='ocrx_word' id='word_1_727' title='bbox 3282 4460 3514 4528; x_wconf 83' lang='grc' dir='ltr'>Τριάδος</span> <span class='ocrx_word' id='word_1_728' title='bbox 3540 4460 3730 4531; x_wconf 74' lang='grc' dir='ltr'>ἕτερόν</span> 
     </span>
    </p>
   </div>
   <div class='ocr_carea' id='block_1_100' title="bbox 2140 4548 3729 4624">
    <p class='ocr_par' dir='ltr' id='par_1_100' title="bbox 2140 4548 3729 4624">
     <span class='ocr_line' id='line_1_100' title="bbox 2140 4548 3729 4624; baseline 0.001 -22"><span class='ocrx_word' id='word_1_729' title='bbox 2140 4565 2194 4602; x_wconf 87' lang='grc' dir='ltr'>τι</span> <span class='ocrx_word' id='word_1_730' title='bbox 2247 4548 2492 4620; x_wconf 76' lang='grc' dir='ltr'>ἔμψυχον</span> <span class='ocrx_word' id='word_1_731' title='bbox 2545 4549 2764 4602; x_wconf 77' lang='grc' dir='ltr'>εἴδωλον</span> <span class='ocrx_word' id='word_1_732' title='bbox 2809 4550 2902 4603; x_wconf 75' lang='grc' dir='ltr'><strong>τὸν</strong></span> <span class='ocrx_word' id='word_1_733' title='bbox 2949 4551 3188 4622; x_wconf 81' lang='grc' dir='ltr'>Χριστὸν</span> <span class='ocrx_word' id='word_1_734' title='bbox 3225 4552 3729 4624; x_wconf 82' lang='grc' dir='ltr'>δεδημιουργῆσθαι</span> 
     </span>
    </p>
   </div>
   <div class='ocr_carea' id='block_1_101' title="bbox 2143 4639 3732 4714">
    <p class='ocr_par' dir='ltr' id='par_1_101' title="bbox 2143 4639 3732 4714">
     <span class='ocr_line' id='line_1_101' title="bbox 2143 4639 3732 4714; baseline 0.004 -22"><span class='ocrx_word' id='word_1_735' title='bbox 2143 4639 2375 4712; x_wconf 81' lang='grc' dir='ltr'>πλάττῃ,</span> <span class='ocrx_word' id='word_1_736' title='bbox 2413 4641 2944 4714; x_wconf 82' lang='grc' dir='ltr'>κτισματολατρειαν</span> <span class='ocrx_word' id='word_1_737' title='bbox 3007 4643 3179 4714; x_wconf 79' lang='grc' dir='ltr'>αὐτὴν</span> <span class='ocrx_word' id='word_1_738' title='bbox 3231 4644 3508 4698; x_wconf 88' lang='grc' dir='ltr'>διδάσκειν</span> <span class='ocrx_word' id='word_1_739' title='bbox 3571 4661 3732 4699; x_wconf 83' lang='grc' dir='ltr'>συκο-</span> 
     </span>
    </p>
   </div>
   <div class='ocr_carea' id='block_1_102' title="bbox 2143 4730 3730 4808">
    <p class='ocr_par' dir='ltr' id='par_1_102' title="bbox 2143 4730 3730 4808">
     <span class='ocr_line' id='line_1_102' title="bbox 2143 4730 3730 4808; baseline 0.004 -23"><span class='ocrx_word' id='word_1_740' title='bbox 2143 4730 2360 4800; x_wconf 88' lang='grc' dir='ltr'>φαντῶν</span> <span class='ocrx_word' id='word_1_741' title='bbox 2396 4747 2410 4761; x_wconf 90' lang='grc'><strong>⁸</strong></span> <span class='ocrx_word' id='word_1_742' title='bbox 2445 4732 2600 4787; x_wconf 78' lang='grc' dir='ltr'>οὐδὲν</span> <span class='ocrx_word' id='word_1_743' title='bbox 2630 4733 2728 4804; x_wconf 55' lang='grc' dir='ltr'><strong>ὄίιι</strong></span> <span class='ocrx_word' id='word_1_744' title='bbox 2758 4735 2834 4806; x_wconf 79' lang='grc' dir='ltr'>μὴ</span> <span class='ocrx_word' id='word_1_745' title='bbox 2857 4735 2960 4805; x_wconf 86' lang='grc' dir='ltr'>τῆς</span> <span class='ocrx_word' id='word_1_746' title='bbox 2991 4736 3229 4800; x_wconf 82' lang='grc' dir='ltr'>παλαιᾶς</span> <span class='ocrx_word' id='word_1_747' title='bbox 3260 4737 3490 4807; x_wconf 83' lang='grc' dir='ltr'>πλάνης,</span> <span class='ocrx_word' id='word_1_748' title='bbox 3511 4737 3632 4791; x_wconf 88' lang='grc' dir='ltr'>καθ’</span> <span class='ocrx_word' id='word_1_749' title='bbox 3662 4739 3730 4808; x_wconf 83' lang='grc' dir='ltr'>ἢν</span> 
     </span>
    </p>
   </div>
   <div class='ocr_carea' id='block_1_103' title="bbox 2144 4823 3730 4900">
    <p class='ocr_par' dir='ltr' id='par_1_103' title="bbox 2144 4823 3730 4900">
     <span class='ocr_line' id='line_1_103' title="bbox 2144 4823 3730 4900; baseline 0.004 -25"><span class='ocrx_word' id='word_1_750' title='bbox 2144 4823 2492 4894; x_wconf 81' lang='grc' dir='ltr'>ὲξολισθῆσαι</span> <span class='ocrx_word' id='word_1_751' title='bbox 2544 4825 2638 4878; x_wconf 83' lang='grc' dir='ltr'>τοῦ</span> <span class='ocrx_word' id='word_1_752' title='bbox 2691 4825 2830 4880; x_wconf 82' lang='grc' dir='ltr'>Θεοῦ</span> <span class='ocrx_word' id='word_1_753' title='bbox 2890 4827 3090 4900; x_wconf 74' lang='grc' dir='ltr'>συνέϐη</span> <span class='ocrx_word' id='word_1_754' title='bbox 3140 4828 3232 4882; x_wconf 84' lang='grc' dir='ltr'><strong>τὸν</strong></span> <span class='ocrx_word' id='word_1_755' title='bbox 3287 4827 3598 4900; x_wconf 76' lang='grc' dir='ltr'>ἄνθρωπον,</span> <span class='ocrx_word' id='word_1_756' title='bbox 3633 4830 3730 4883; x_wconf 82' lang='grc' dir='ltr'>καὶ</span> 
     </span>
    </p>
   </div>
   <div class='ocr_carea' id='block_1_104' title="bbox 2143 4912 3736 4990">
    <p class='ocr_par' dir='ltr' id='par_1_104' title="bbox 2143 4912 3736 4990">
     <span class='ocr_line' id='line_1_104' title="bbox 2143 4912 3736 4990; baseline 0.003 -24"><span class='ocrx_word' id='word_1_757' title='bbox 2143 4912 2428 4967; x_wconf 81' lang='grc' dir='ltr'>δουλεῦσαι</span> <span class='ocrx_word' id='word_1_758' title='bbox 2458 4917 2524 4984; x_wconf 83' lang='grc' dir='ltr'>τῇ</span> <span class='ocrx_word' id='word_1_759' title='bbox 2552 4914 2730 4968; x_wconf 88' lang='grc' dir='ltr'>κτίσει</span> <span class='ocrx_word' id='word_1_760' title='bbox 2752 4915 2905 4987; x_wconf 83' lang='grc' dir='ltr'>παρά</span> <span class='ocrx_word' id='word_1_761' title='bbox 2934 4916 3025 4970; x_wconf 75' lang='grc' dir='ltr'>τὸν</span> <span class='ocrx_word' id='word_1_762' title='bbox 3052 4918 3357 4973; x_wconf 83' lang='grc' dir='ltr'>Κτίσαντα.</span> <span class='ocrx_word' id='word_1_763' title='bbox 3403 4919 3465 4971; x_wconf 88' lang='lat' dir='ltr'><strong>EI.</strong></span> <span class='ocrx_word' id='word_1_764' title='bbox 3502 4920 3580 4990; x_wconf 79' lang='grc' dir='ltr'>μὴ</span> <span class='ocrx_word' id='word_1_765' title='bbox 3633 4919 3736 4971; x_wconf 71' lang='grc' dir='ltr'>καὶ</span> 
     </span>
    </p>
   </div>
   <div class='ocr_carea' id='block_1_105' title="bbox 2149 5006 3730 5082">
    <p class='ocr_par' dir='ltr' id='par_1_105' title="bbox 2149 5006 3730 5082">
     <span class='ocr_line' id='line_1_105' title="bbox 2149 5006 3730 5082; baseline 0.004 -23"><span class='ocrx_word' id='word_1_766' title='bbox 2149 5006 2386 5078; x_wconf 87' lang='grc' dir='ltr'>μάλιστα</span> <span class='ocrx_word' id='word_1_767' title='bbox 2434 5007 2825 5080; x_wconf 84' lang='grc' dir='ltr'>χαλεπωτέραν</span> <span class='ocrx_word' id='word_1_768' title='bbox 2856 5010 3075 5079; x_wconf 77' lang='grc' dir='ltr'>ἐκείνης</span> <span class='ocrx_word' id='word_1_769' title='bbox 3128 5009 3334 5082; x_wconf 86' lang='grc' dir='ltr'>ταύτην</span> <span class='ocrx_word' id='word_1_770' title='bbox 3385 5011 3730 5066; x_wconf 74' lang='grc' dir='ltr'>κατασκευά-</span> 
     </span>
    </p>
   </div>
   <div class='ocr_carea' id='block_1_106' title="bbox 2146 5100 3728 5173">
    <p class='ocr_par' dir='ltr' id='par_1_106' title="bbox 2146 5100 3728 5173">
     <span class='ocr_line' id='line_1_106' title="bbox 2146 5100 3728 5173; baseline 0.003 -20"><span class='ocrx_word' id='word_1_771' title='bbox 2146 5102 2300 5165; x_wconf 83' lang='grc' dir='ltr'>ζεις·</span> <span class='ocrx_word' id='word_1_772' title='bbox 2337 5101 2397 5154; x_wconf 85' lang='grc' dir='ltr'>οὐ</span> <span class='ocrx_word' id='word_1_773' title='bbox 2453 5101 2563 5169; x_wconf 80' lang='grc' dir='ltr'><strong>γὰρ</strong></span> <span class='ocrx_word' id='word_1_774' title='bbox 2617 5100 2945 5173; x_wconf 85' lang='grc' dir='ltr'>ἀνθρώπους</span> <span class='ocrx_word' id='word_1_775' title='bbox 3026 5102 3160 5156; x_wconf 80' lang='grc' dir='ltr'>αὐτὸ</span> <span class='ocrx_word' id='word_1_776' title='bbox 3223 5104 3385 5173; x_wconf 86' lang='grc' dir='ltr'>μόνον</span> <span class='ocrx_word' id='word_1_777' title='bbox 3441 5103 3728 5158; x_wconf 89' lang='grc' dir='ltr'>πείσεσθαι</span> 
     </span>
    </p>
   </div>
   <div class='ocr_carea' id='block_1_107' title="bbox 2144 5191 3730 5265">
    <p class='ocr_par' dir='ltr' id='par_1_107' title="bbox 2144 5191 3730 5265">
     <span class='ocr_line' id='line_1_107' title="bbox 2144 5191 3730 5265; baseline 0.001 -20"><span class='ocrx_word' id='word_1_778' title='bbox 2144 5192 2442 5255; x_wconf 87' lang='grc' dir='ltr'>διδάσκεις,</span> <span class='ocrx_word' id='word_1_779' title='bbox 2489 5191 2626 5246; x_wconf 87' lang='grc' dir='ltr'><strong>ἀλλά</strong></span> <span class='ocrx_word' id='word_1_780' title='bbox 2678 5194 2861 5247; x_wconf 83' lang='grc' dir='ltr'>πᾶσαν</span> <span class='ocrx_word' id='word_1_781' title='bbox 2904 5192 3006 5262; x_wconf 85' lang='grc' dir='ltr'><strong>τὴν</strong></span> <span class='ocrx_word' id='word_1_782' title='bbox 3063 5194 3203 5263; x_wconf 85' lang='grc' dir='ltr'>μετά</span> <span class='ocrx_word' id='word_1_783' title='bbox 3233 5193 3332 5265; x_wconf 81' lang='grc' dir='ltr'>τὴν</span> <span class='ocrx_word' id='word_1_784' title='bbox 3384 5195 3594 5264; x_wconf 88' lang='grc' dir='ltr'>Τριάδα</span> <span class='ocrx_word' id='word_1_785' title='bbox 3625 5194 3730 5248; x_wconf 82' lang='grc' dir='ltr'><strong>ὑπὸ</strong></span> 
     </span>
    </p>
   </div>
   <div class='ocr_carea' id='block_1_108' title="bbox 2145 5283 3729 5358">
    <p class='ocr_par' dir='ltr' id='par_1_108' title="bbox 2145 5283 3729 5358">
     <span class='ocr_line' id='line_1_108' title="bbox 2145 5283 3729 5358; baseline 0 -19"><span class='ocrx_word' id='word_1_786' title='bbox 2145 5285 2244 5357; x_wconf 84' lang='grc' dir='ltr'>τῆς</span> <span class='ocrx_word' id='word_1_787' title='bbox 2273 5283 2504 5355; x_wconf 87' lang='grc' dir='ltr'>Τριάδος</span> <span class='ocrx_word' id='word_1_788' title='bbox 2524 5284 2900 5355; x_wconf 84' lang='grc' dir='ltr'>γεγενημένην</span> <span class='ocrx_word' id='word_1_789' title='bbox 2922 5285 3121 5340; x_wconf 87' lang='grc' dir='ltr'>κτίσιν.</span> <span class='ocrx_word' id='word_1_790' title='bbox 3169 5287 3245 5339; x_wconf 84' lang='grc' dir='ltr'><strong>Οὐ</strong></span> <span class='ocrx_word' id='word_1_791' title='bbox 3302 5286 3413 5358; x_wconf 79' lang='grc' dir='ltr'><strong>γάρ</strong></span> <span class='ocrx_word' id='word_1_792' title='bbox 3469 5286 3590 5358; x_wconf 81' lang='grc' dir='ltr'><strong>Θεῷ</strong></span> <span class='ocrx_word' id='word_1_793' title='bbox 3631 5288 3729 5341; x_wconf 88' lang='grc' dir='ltr'>ἀν-</span> 
     </span>
    </p>
   </div>
   <div class='ocr_carea' id='block_1_109' title="bbox 2149 5375 3731 5450">
    <p class='ocr_par' dir='ltr' id='par_1_109' title="bbox 2149 5375 3731 5450">
     <span class='ocr_line' id='line_1_109' title="bbox 2149 5375 3731 5450; baseline -0.001 -21"><span class='ocrx_word' id='word_1_794' title='bbox 2149 5375 2356 5447; x_wconf 88' lang='grc' dir='ltr'>θρώπῳ</span> <span class='ocrx_word' id='word_1_795' title='bbox 2397 5375 2700 5446; x_wconf 84' lang='grc' dir='ltr'>γενομένῳ,</span> <span class='ocrx_word' id='word_1_796' title='bbox 2739 5375 2878 5430; x_wconf 86' lang='grc' dir='ltr'><strong>ἀλλά</strong></span> <span class='ocrx_word' id='word_1_797' title='bbox 2910 5375 3186 5447; x_wconf 82' lang='grc' dir='ltr'>ἀνθρώπῳ</span> <span class='ocrx_word' id='word_1_798' title='bbox 3216 5377 3353 5430; x_wconf 85' lang='grc' dir='ltr'>Θεοῦ</span> <span class='ocrx_word' id='word_1_799' title='bbox 3386 5377 3731 5450; x_wconf 74' lang='grc' dir='ltr'>προσηγορίᾳ.</span> 
     </span>
    </p>
   </div>
   <div class='ocr_carea' id='block_1_110' title="bbox 2147 5461 3728 5537">
    <p class='ocr_par' dir='ltr' id='par_1_110' title="bbox 2147 5461 3728 5537">
     <span class='ocr_line' id='line_1_110' title="bbox 2147 5461 3728 5537; baseline 0.001 -18"><span class='ocrx_word' id='word_1_800' title='bbox 2147 5465 2499 5536; x_wconf 85' lang='grc' dir='ltr'>τετιμημένῳ</span> <span class='ocrx_word' id='word_1_801' title='bbox 2534 5465 2614 5528; x_wconf 85' lang='grc' dir='ltr'>είς</span> <span class='ocrx_word' id='word_1_802' title='bbox 2638 5465 2841 5528; x_wconf 80' lang='grc' dir='ltr'>αἰῶνας</span> <span class='ocrx_word' id='word_1_803' title='bbox 2879 5465 3188 5537; x_wconf 88' lang='grc' dir='ltr'>λατρεύειν,</span> <span class='ocrx_word' id='word_1_804' title='bbox 3218 5461 3264 5520; x_wconf 85' lang='grc' dir='ltr'><strong>ὦ</strong></span> <span class='ocrx_word' id='word_1_805' title='bbox 3299 5467 3408 5521; x_wconf 83' lang='grc' dir='ltr'>τῶν</span> <span class='ocrx_word' id='word_1_806' title='bbox 3443 5466 3629 5520; x_wconf 81' lang='grc' dir='ltr'>κακῶν</span> <span class='ocrx_word' id='word_1_807' title='bbox 3662 5469 3728 5520; x_wconf 77' lang='grc' dir='ltr'>σὺ</span> 
     </span>
    </p>
   </div>
   <div class='ocr_carea' id='block_1_111' title="bbox 2148 5556 3730 5630">
    <p class='ocr_par' dir='ltr' id='par_1_111' title="bbox 2148 5556 3730 5630">
     <span class='ocr_line' id='line_1_111' title="bbox 2148 5556 3730 5630; baseline 0.013 -22"><span class='ocrx_word' id='word_1_808' title='bbox 2148 5558 2354 5612; x_wconf 84' lang='grc' dir='ltr'>τούτων</span> <span class='ocrx_word' id='word_1_809' title='bbox 2376 5557 2725 5626; x_wconf 86' lang='grc' dir='ltr'>Εύαγγελίων</span> <span class='ocrx_word' id='word_1_810' title='bbox 2749 5558 2946 5630; x_wconf 84' lang='grc' dir='ltr'>κήρυξ.</span> <span class='ocrx_word' id='word_1_811' title='bbox 2986 5556 3330 5628; x_wconf 58' lang='lat' dir='ltr'><strong>Sacr-{Merc</strong></span> <span class='ocrx_word' id='word_1_812' title='bbox 3362 5560 3611 5630; x_wconf 69' lang='grc' dir='ltr'><strong>ἀναφορᾷ</strong></span> <span class='ocrx_word' id='word_1_813' title='bbox 3630 5559 3730 5628; x_wconf 73' lang='grc' dir='ltr'><strong>τῆς</strong></span> 
     </span>
    </p>
   </div>
   <div class='ocr_carea' id='block_1_112' title="bbox 2148 5647 3732 5720">
    <p class='ocr_par' dir='ltr' id='par_1_112' title="bbox 2148 5647 3732 5720">
     <span class='ocr_line' id='line_1_112' title="bbox 2148 5647 3732 5720; baseline -0.001 -18"><span class='ocrx_word' id='word_1_814' title='bbox 2148 5651 2229 5712; x_wconf 80' lang='grc' dir='ltr'><strong>εἰς</strong></span> <span class='ocrx_word' id='word_1_815' title='bbox 2249 5648 2341 5702; x_wconf 73' lang='grc' dir='ltr'>τὸν</span> <span class='ocrx_word' id='word_1_816' title='bbox 2366 5647 2602 5719; x_wconf 85' lang='grc' dir='ltr'>Χριστόν</span> <span class='ocrx_word' id='word_1_817' title='bbox 2649 5665 2744 5701; x_wconf 94' lang='grc' dir='ltr'>σου</span> <span class='ocrx_word' id='word_1_818' title='bbox 2779 5647 2888 5701; x_wconf 87' lang='grc' dir='ltr'>τῶν</span> <span class='ocrx_word' id='word_1_819' title='bbox 2936 5648 3108 5702; x_wconf 80' lang='grc' dir='ltr'>όντων</span> <span class='ocrx_word' id='word_1_820' title='bbox 3159 5648 3438 5720; x_wconf 86' lang='grc' dir='ltr'>λατρείας,</span> <span class='ocrx_word' id='word_1_821' title='bbox 3489 5648 3565 5712; x_wconf 74' lang='grc' dir='ltr'>ὡς</span> <span class='ocrx_word' id='word_1_822' title='bbox 3620 5649 3732 5702; x_wconf 78' lang='grc' dir='ltr'>ἀπὸ</span> 
     </span>
    </p>
   </div>
   <div class='ocr_carea' id='block_1_113' title="bbox 2149 5739 3730 5815">
    <p class='ocr_par' dir='ltr' id='par_1_113' title="bbox 2149 5739 3730 5815">
     <span class='ocr_line' id='line_1_113' title="bbox 2149 5739 3730 5815; baseline -0.002 -19"><span class='ocrx_word' id='word_1_823' title='bbox 2149 5740 2358 5804; x_wconf 84' lang='grc' dir='ltr'>είκὸνος</span> <span class='ocrx_word' id='word_1_824' title='bbox 2379 5742 2462 5805; x_wconf 90' lang='grc' dir='ltr'><strong>είς</strong></span> <span class='ocrx_word' id='word_1_825' title='bbox 2495 5739 2721 5811; x_wconf 83' lang='grc' dir='ltr'>βασιλέα</span> <span class='ocrx_word' id='word_1_826' title='bbox 2749 5739 2850 5812; x_wconf 79' lang='grc' dir='ltr'>τῆς</span> <span class='ocrx_word' id='word_1_827' title='bbox 2871 5741 3036 5796; x_wconf 82' lang='grc' dir='ltr'>αὑτοῦ</span> <span class='ocrx_word' id='word_1_828' title='bbox 3057 5745 3244 5815; x_wconf 79' lang='grc' dir='ltr'>τιμῆς,</span> <span class='ocrx_word' id='word_1_829' title='bbox 3274 5743 3366 5796; x_wconf 74' lang='grc' dir='ltr'><strong>ἐπὶ</strong></span> <span class='ocrx_word' id='word_1_830' title='bbox 3395 5741 3496 5814; x_wconf 73' lang='grc' dir='ltr'>τὴν</span> <span class='ocrx_word' id='word_1_831' title='bbox 3524 5741 3730 5814; x_wconf 87' lang='grc' dir='ltr'>Τριάδα</span> 
     </span>
    </p>
   </div>
   <div class='ocr_carea' id='block_1_114' title="bbox 2149 5831 3733 5917">
    <p class='ocr_par' dir='ltr' id='par_1_114' title="bbox 2149 5831 3733 5917">
     <span class='ocr_line' id='line_1_114' title="bbox 2149 5831 3733 5917; baseline -0.001 -29"><span class='ocrx_word' id='word_1_832' title='bbox 2149 5831 2515 5904; x_wconf 78' lang='grc' dir='ltr'>ἀναγομένης.</span> <span class='ocrx_word' id='word_1_833' title='bbox 2551 5832 2754 5897; x_wconf 81' lang='grc' dir='ltr'>Ἡδέως</span> <span class='ocrx_word' id='word_1_834' title='bbox 2787 5833 2831 5888; x_wconf 82' lang='grc' dir='ltr'>δ’</span> <span class='ocrx_word' id='word_1_835' title='bbox 2876 5833 2941 5890; x_wconf 78' lang='grc' dir='ltr'>ἄν</span> <span class='ocrx_word' id='word_1_836' title='bbox 2978 5850 3071 5888; x_wconf 81' lang='grc' dir='ltr'>σου</span> <span class='ocrx_word' id='word_1_837' title='bbox 3119 5833 3395 5907; x_wconf 71' lang='grc' dir='ltr'>πυθοίμην</span> <span class='ocrx_word' id='word_1_838' title='bbox 3415 5833 3616 5917; x_wconf 32' lang='grc' dir='ltr'>καίρτδν</span> <span class='ocrx_word' id='word_1_839' title='bbox 3664 5833 3733 5906; x_wconf 76' lang='grc' dir='ltr'>δὴ</span> 
     </span>
    </p>
   </div>
  </div>
