4120 6490
468 458 607 526 ιτιπι
1416 466 1586 527 ADV.
1625 464 2095 527 INCORRUPTI

2107 465 2339 527 COLAS
2375 468 2470 528 ET
2510 469 2829 530 NESTOR.
3602 458 3734 522 1374

462 576 556 630 τὸν
606 572 865 646 Χριστὸν,
928 574 1047 639 πῶς
1096 575 1189 630 καὶ
1228 575 1335 629 τίνι
1361 575 1544 645 λέγεις
1568 578 1901 648 προσκυνεῖν
1935 592 1949 641 ;
1988 576 2049 628 Εἰ
2082 621 2089 635 ,

2110 576 2409 634 tChristus
2453 590 2581 635 tuus
2628 579 2925 634 adorabit?
2970 578 3026 632 Si
3062 576 3209 633 enim
3246 592 3302 631 se
3343 575 3544 645 ipsum,
3577 576 3737 631 valde

466 680 567 737 μεν
593 667 755 720 αὑτὸν
779 667 976 738 ἐαυτῷ,
1010 669 1351 737 γελοιότατον
1380 687 1395 703 ο
1432 672 1480 724 εἰ
1510 670 1568 724 δὲ
1603 674 1670 742 τῇ
1713 670 1905 742 Τριάδι
1958 671 2048 723 διὰ

2149 669 2438 725 ridiculum
2467 682 2592 736 est;
2629 673 2711 726 sin
2758 682 2944 726 autem
2976 670 3326 730 Trinitatem,
3365 684 3464 737 per
3495 667 3737 721 medium

464 758 631 829 μέσον
660 759 839 822 τινόςο
868 762 929 813 οὐ
961 760 1070 832 γὰρ
1103 761 1170 814 δι’
1228 763 1423 817 ἐαυτοῦ
1477 766 1505 818 ὁ
1562 765 1746 828 αὐτὸς,
1778 768 1829 819 εἰ
1888 766 2048 836 μόνος

2148 760 2428 829 aliquem;
2483 778 2591 816 non
2632 764 2781 817 enim
2830 763 2975 817 idem
3007 776 3104 832 per
3133 776 3192 816 se
3223 761 3440 831 ipsum;
3499 760 3545 814 si
3587 758 3739 813 solus

459 850 571 901 τῶν
600 850 885 916 ἁπάντων,
909 852 1068 906 τοῦτο
1085 854 1255 927 γέρας
1282 856 1421 926 ἔχων
1436 857 1754 927 εὑρίσκεται
1775 859 1835 910 τὸ
1858 858 2049 928 μηδενὶ

2148 865 2214 903 ex
2247 850 2504 905 omnibus
2547 852 2695 907 hunc
2725 853 2989 907 honorem
3036 852 3223 915 habet,
3261 850 3535 920 reperitur
3564 849 3737 902 nemi-

459 938 748 1009 λατρεύειν
773 959 787 974 ·
828 944 953 996 ἐπεὶ
990 944 1067 1015 μὴ
1098 946 1188 999 τὸν
1222 946 1314 999 σὺν
1376 949 1607 1021 μεσίτην
1657 949 1819 1020 μόνος
1886 950 2048 1012 αὑτὸς

2149 954 2275 993 nem
2305 940 2524 1007 colere;
2556 943 2816 1010 quoniam
2861 942 2977 1011 ipse
3025 941 3176 995 solus
3205 954 3315 993 non
3345 938 3538 992 habuit
3578 945 3732 989 tuum

463 1031 689 1102 ἔσχηκε,
723 1033 821 1086 καὶ
856 1034 939 1098 τίς
979 1037 1105 1089 ἀντὶ
1146 1038 1280 1091 Θεοῦ
1321 1040 1467 1110 ὄρος,
1499 1041 1531 1111 ἢ
1562 1041 1622 1094 ὃν
1644 1044 1707 1095 σὺ
1728 1041 1805 1113 τῷ
1830 1039 2049 1111 Χριστῷ

2150 1032 2507 1087 mediatorem
2545 1052 2559 1087 :
2600 1043 2655 1087 et
2690 1033 2970 1103 reperitur
3013 1033 3195 1102 aliqua
3228 1029 3570 1102 praescriptio
3597 1044 3732 1082 eon-

460 1123 623 1186 δίδως
686 1126 850 1195 μόνος
908 1127 1071 1179 αὑτὸν
1128 1128 1462 1200 τιμώμενον,
1514 1131 1631 1186 ἀλλ’
1686 1132 1747 1185 οὐ
1799 1129 2051 1204 τιμῶντα

2151 1131 2235 1176 tra
2285 1124 2495 1189 Deum,
2536 1141 2702 1194 quam
2754 1134 2810 1178 tu
2866 1124 3089 1179 Christo
3137 1123 3358 1185 tribuis,
3415 1136 3540 1175 cum
3603 1134 3729 1172 eum

460 1214 699 1283 εἰσάγων
719 1216 808 1269 τὸν
835 1215 980 1271 οὑτω
1008 1220 1343 1291 τιμήσαντα.

2150 1214 2288 1270 facis
2322 1218 2500 1270 solum
2554 1218 2850 1282 honorari,
2904 1226 2960 1272 et
3008 1233 3118 1272 non
3154 1216 3451 1277 honorare,
3505 1212 3600 1282 qui
3653 1210 3732 1265 sic

2151 1309 2462 1363 honoravit.

529 1397 657 1450 AA'.
704 1396 793 1461 Ὧς
838 1398 971 1469 ἡδύς
1027 1417 1113 1463 τις
1142 1398 1232 1455 ei!
1272 1402 1478 1473 σεμνὴν
1532 1403 1643 1474 γάρ
1687 1403 1782 1457 καὶ
1823 1405 2049 1459 ἀστείαν

2220 1398 2413 1454 XXXI.
2445 1399 2617 1466 Quam
2655 1400 2843 1455 suavis
2880 1409 2934 1454 et
2971 1398 3151 1453 dulcis
3174 1399 3266 1453 es!
3313 1398 3643 1451 honoratum
3675 1402 3731 1449 et

460 1488 714 1558 γέννησιν
772 1506 835 1543 τε
887 1490 981 1544 καὶ
1012 1492 1330 1563 ἀνατροφὴν
1360 1494 1541 1566 τούτῳ
1570 1495 1944 1567 προσπλέκεις
1972 1498 2050 1568 τῷ

2149 1490 2463 1560 speciosum
2492 1499 2697 1557 ortum,
2728 1501 2785 1546 et
2818 1491 3204 1546 educationem
3236 1489 3367 1544 huic
3400 1487 3609 1543 homini
3635 1503 3730 1556 ap-

459 1578 752 1652 άνθρὼπῳ,
788 1582 884 1635 καὶ
917 1582 1041 1637 ὅσον
1072 1587 1449 1659 προφητικὴν,
1485 1589 1581 1642 καὶ
1617 1591 1816 1662 μικρὸν
1843 1592 2049 1663 ταύτην

2148 1582 2355 1651 plicas,
2394 1598 2451 1637 et
2498 1585 2663 1654 paulo
2697 1585 2811 1638 fere
2847 1582 3300 1639 excellentiorem
3330 1591 3456 1634 ortu
3487 1579 3729 1649 prophe—

460 1672 891 1743 ὑπεραίρουσαν.
961 1676 1084 1728 Ὅτι
1143 1677 1200 1730 δὲ
1258 1679 1398 1732 κατά
1461 1680 1777 1750 πρόγνωσιν
1835 1685 1863 1736 ὁ
1915 1683 2049 1748 Θεὸς

2151 1674 2283 1728 lico.
2330 1673 2486 1742 Quod
2531 1676 2743 1730 scilicet
2790 1676 3034 1731 Verbum
3067 1674 3163 1729 Dei
3192 1672 3495 1729 secundum
3525 1685 3732 1740 praeco-

457 1762 651 1831 Λόγος,
677 1761 870 1836 γνώμῃ
899 1767 957 1818 ἐν
1000 1766 1139 1837 αὐτῇ
1170 1767 1271 1839 τῆς
1333 1770 1549 1841 μήτρας
1586 1771 1901 1834 διαπλάσει,
1949 1772 2049 1844 τὴν

2148 1766 2450 1837 gnitionem
2483 1768 2539 1821 in
2578 1768 2693 1837 ipsa
2726 1766 3058 1821 formatione
3088 1781 3209 1835 quae
3248 1764 3304 1818 in
3345 1773 3503 1818 utero
3542 1762 3727 1825 ﬁebat,

456 1851 839 1924 ἐνωσιναὺτῷ
892 1855 1335 1927 προσκέχρηκεν,
1390 1858 1677 1927 γινώσκων
1727 1860 1894 1914 αὑτοῦ
1948 1861 2048 1931 τὴν

2101 1862 2412 1931 _unioncm
2459 1862 2509 1916 ei
2551 1860 2901 1916 commodare
2952 1859 3149 1923 voluit,
3198 1870 3536 1929 cognoscens
3583 1870 3728 1907 nun-

456 1946 588 2014 περὶ
610 1944 680 1997 τά
709 1915 849 1999 καλά
879 1915 1506 2018 πρόθεσινόδιάπτωτον
1531 1952 1772 2009 ἔσεσθαι.
2002 1915 2015 1931 ο

2099 1916 2128 1972 Β
2153 1971 2315 2026 quam
2352 1970 2382 2009 a
2412 1953 2699 2025 proposito
2725 1952 2873 2007 circa
2908 1952 3146 2006 virtutes
3178 1949 3551 2005 discessurum
3581 1959 3726 2002 esse.

528 2035 652 2090 AB'.
701 2036 953 2105 Ἀγνοίας
1002 2054 1062 2090 τε
1099 2039 1263 2092 αὑτὸν
1312 2040 1461 2112 ζόφῳ
1512 2042 1813 2108 καλύπτεις
1874 2045 2043 2116 μηδὲν

2220 2045 2436 2101 XXXII.
2467 2044 2795 2115 Ignorantia:
2817 2044 2982 2099 etiam
3015 2042 3247 2113 caligine
3270 2056 3394 2095 eum
3428 2040 3564 2110 tegis
3587 2038 3726 2093 nihil

456 2126 851 2195 ἐπιστάμενον,
900 2128 984 2181 ὅτι
1036 2129 1112 2200 μὴ
1164 2131 1301 2201 ὅπερ
1356 2132 1532 2187 ἐδόκει
1574 2134 1653 2206 τῷ
1705 2136 1830 2190 κατ’
1887 2137 2043 2202 ἀξίαν

2150 2141 2416 2196 scientem
2466 2146 2833 2208 praeterquam
2880 2135 3027 2205 quod
3078 2134 3261 2189 Verbo
3313 2134 3363 2188 ei
3421 2130 3726 2187 secundum

454 2217 606 2290 αὐτῷ
635 2217 898 2289 ἡνωμένῳ
918 2218 1099 2290 Λόγῳ.
1135 2220 1258 2284 Πῶς
1288 2220 1364 2289 6';
1398 2223 1622 2291 ἀγνοίας
1649 2224 1813 2279 αὑτὸν
1842 2227 2042 2281 ἀναπε-

2148 2233 2471 2304 dignitatem
2518 2230 2675 2285 unite
2724 2228 3035 2283 videbatur.
3092 2226 3381 2293 Quomodo
3421 2223 3726 2296 ignorantia

454 2309 770 2380 πλησμὲνον
791 2310 1048 2378 εἰσάγων,
1082 2311 1203 2382 οὐχὶ
1231 2314 1324 2365 καὶ
1350 2314 1629 2385 ἁμαρτίας
1652 2332 1666 2381 ;
1704 2316 1797 2382 Ἐξ
1826 2319 2042 2389 ἐκείνης

2148 2325 2429 2394 oppletum
2484 2319 2792 2379 introducis
2830 2334 2980 2383 eum,
3042 2326 3099 2372 et
3156 2306 3265 2370 non
3315 2314 3590 2385 peccato?
3645 2313 3727 2367 Ex

452 2402 566 2473 γὰρ
601 2401 763 2472 αὕτη,
800 2401 877 2467 ὼς
925 2401 1034 2455 ἀπὸ
1092 2403 1277 2472 πηγῆς
1323 2404 1569 2476 ποταμὸς
1624 2408 1961 2477 προχέεται⁸
2004 2407 2038 2479 ἢ

2148 2412 2456 2485 ignorantia
2496 2410 2647 2467 enim
2688 2419 2974 2480 peccatum
2998 2449 3011 2473 ,
3037 2407 3181 2462 sicut
3207 2422 3274 2461 ex
3296 2406 3447 2460 fonte
3500 2403 3722 2468 fluvius,

450 2492 595 2563 τάχα
621 2492 721 2564 τὴν
764 2492 990 2560 ἄγνοιαν
1024 2491 1175 2563 αὑτῷ
1230 2492 1448 2564 βοηθεῖν
1489 2494 1864 2566 δογματίσεις,
1916 2486 2077 2550 ἐπεὶ.⁴

2147 2515 2370 2561 manat:
2403 2510 2499 2558 aut
2542 2502 2777 2557 fortasse
2818 2500 3045 2554 docebis
3084 2497 3451 2581 ignorantiam
3477 2496 3526 2549 ei
3563 2510 3726 2564 Opem

450 2582 528 2649 ὡς
583 2583 656 2637 τά
695 2583 865 2638 πολλά
923 2582 1262 2655 συγγνώμης
1312 2584 1560 2649 ἀξιοῦται
1600 2587 1662 2639 τὸ
1703 2586 1763 2652 ἐξ
1819 2589 2040 2657 ἀγνοίας

2150 2598 2361 2661 tulisse,
2390 2596 2520 2667 quia
2565 2602 2627 2649 ut
2656 2592 2984 2664 plurimum,
3026 2590 3245 2645 veniam
3271 2587 3398 2651 fert,
3455 2586 3599 2656 quod
3625 2601 3726 2655 per

452 2674 607 2746 παρά
641 2674 801 2744 λόγον
827 2675 1230 2747 πραττόμενον,
1265 2674 1442 2747 ἄνπερ
1510 2677 1585 2749 μὴ
1615 2677 1736 2731 λίαν
1855 2695 2040 2749 φορτι-

2148 2689 2508 2763 ignorantiam
2544 2687 2605 2742 Iit
2636 2694 2836 2757 praeter
2866 2685 3156 2747 rationem,
3188 2682 3232 2736 si
3269 2697 3379 2735 non
3399 2680 3469 2735 sit
3502 2678 3724 2748 quidem

451 2765 569 2820 κόν.
636 2766 881 2834 Ἀγνοεῖν
926 2766 972 2819 δ’
1024 2765 1187 2819 αὑτὸν
1244 2765 1426 2835 λέγεις
1473 2768 1751 2835 τοσοῦτον,
1808 2770 1889 2824 ὅτι
1945 2770 2040 2823 καὶ

2145 2782 2304 2838 valde
2323 2796 2505 2852 grave.
2532 2780 2717 2849 Usque
2743 2778 2881 2833 adeo
2902 2790 3084 2832 autem
3117 2775 3395 2846 ignorasse
3416 2788 3542 2827 eum
3565 2769 3722 2837 dicis,

450 2856 854 2927 πειραζόμενος
881 2856 983 2910 οὑκ
1010 2855 1312 2925 ἐγίνωσκεν
1343 2858 1493 2922 ὅστις
1549 2860 1633 2930 εἵη
1673 2858 1703 2910 ὁ
1759 2857 2039 2933 πειράζων

2145 2883 2228 2940 ut,
2261 2890 2387 2929 cum
2423 2881 2754 2936 tentaretur,
2806 2871 3051 2926 nesciret
3101 2870 3227 2939 quis
3261 2877 3409 2923 esset
3457 2865 3552 2937 qui
3595 2881 3723 2920 eum

451 2948 615 3004 αὐτόν
644 2964 659 2979 ·
699 2949 793 3002 καὶ
819 2949 920 3018 τῆς
942 2950 1089 3003 κατὰ
1106 2948 1346 3005 διάνοιαν
1377 2950 1654 3021 ἁμαρτίας
1708 2952 1818 3005 οὐδ’
1874 2953 2038 3007 αὑτὸν

2145 2968 2392 3023 tentabat
2420 2985 2434 3020 :
2471 2975 2526 3020 et
2549 2981 2579 3019 a
2612 2972 2842 3034 peccato
2868 2962 3009 3016 κατά
3036 2962 3295 3021 διάνοιαν,
3330 2960 3381 3013 id
3408 2968 3511 3022 est,
3543 2974 3573 3011 a
3604 2972 3726 3027 pce-

451 3040 679 3112 Κύριον,
715 3041 790 3112 μὴ
817 3041 900 3095 ὃτι
930 3041 1057 3105 τοὺς
1086 3041 1274 3109 ἁγίους
1302 3042 1633 3116 καθαρεύειν
1659 3048 2032 3118 παραχωρεῖς,

2144 3069 2270 3115 cato
2331 3056 2684 3126 cogitationis
2740 3054 2999 3108 concedis
3055 3067 3157 3106 nec
3212 3051 3388 3120 ipsum
3457 3048 3721 3102 mundum

447 3131 560 3184 οὐδ’
593 3132 872 3204 ἁμαρτίαν
900 3131 1071 3203 αὑτὴν
1100 3132 1350 3205 οἰόμενος
1379 3128 1542 3190 εἰναι.

2141 3150 2335 3210 fuisse,
2366 3148 2569 3202 nedum
2602 3156 2842 3208 sanctos,
2875 3158 3055 3213 neque
3112 3142 3289 3211 ipsum
3318 3147 3602 3210 peccatum
3632 3153 3727 3193 co-

2142 3238 2426 3311 gitationis
2459 3246 2748 3306 peccatum
2783 3248 2904 3289 esse
2931 3240 3108 3301 putas.

519 3312 644 3366 AI".
683 3311 992 3382 Ὀχλεῖσθαί
1025 3329 1086 3365 τε
1114 3311 1279 3367 αὑτὸν
1308 3311 1473 3366 πλέον
1514 3313 1579 3366 ἐκ
1629 3311 1738 3366 τῶν
1786 3312 2033 3384 ψυχικῶν
2061 3311 2103 3331 ⁸⁸

2095 3311 2103 3329 ’
2204 3330 2446 3386 XXXIII.
2484 3328 2604 3383 Non
2628 3328 2825 3381 horres
2852 3325 3056 3380 docens
3082 3321 3423 3377 molestiores
3445 3318 3612 3374 fuisse
3644 3317 3722 3374 illi

448 3404 639 3459 παθῶν
675 3406 709 3476 ἦ
742 3404 852 3458 τῶν
883 3404 1213 3473 σωματικῶν
1259 3404 1610 3475 δογματίζειν
1667 3405 1728 3457 οὐ
1769 3406 2032 3476 φρίττεις,

2134 3423 2419 3494 passiones
2462 3419 2658 3474 animae
2705 3434 2869 3488 quam
2921 3415 3221 3485 corporis:
3272 3413 3353 3467 sic
3401 3412 3547 3466 enim
3599 3426 3723 3480 per-

451 3496 642 3567 σαφῶς
676 3497 879 3550 οὑτωσὶ
906 3496 1083 3565 λέγων
1112 3496 1209 3549 καὶ⁴
1237 3494 1317 3567 τῷ
1348 3496 1622 3567 κρείττονι
1651 3495 1898 3568 λογισμῷ
1938 3498 2036 3561 τὰς

2135 3514 2322 3584 Spicue
2365 3511 2484 3577 ais;
2539 3518 2596 3567 et
2644 3509 2859 3564 ratione
2913 3506 3143 3562 fortiore
3203 3504 3516 3573 voluptates
3571 3501 3724 3557 subi—

450 3592 646 3664 ᾐδσνάς
684 3590 988 3662 ἐχειροῦτο.

688 3590 988 3662 ἐχειροῦτο.
2134 3606 2315 3678 solum

518 3685 641 3740 AA'.
671 3684 836 3747 Δίδως
886 3684 930 3736 δ’
980 3683 1143 3737 αὑτὸν
1183 3684 1248 3736 ἐκ
1286 3682 1575 3753 προκοπῆς
1624 3681 1838 3754 ἀρετῶν
1894 3683 2038 3737 κατά

2205 3696 2445 3752 XXXIV.
2484 3693 2757 3751 Concedis
2805 3707 3100 3763 progressu
3137 3690 3407 3744 virtutum
3460 3688 3719 3759 paulatim

454 3777 650 3848 μικρὸν
706 3773 1091 3845 καθαίρεσθαι,
1150 3773 1249 3827 καὶ
1287 3772 1725 3845 ἐπιτηδειότερον
1765 3774 2036 3843 ὁσημέραι

2134 3796 2426 3860 purgatum
2473 3801 2616 3850 esse,
2667 3794 2725 3839 et
2776 3784 3049 3854 aptiorem
3105 3781 3313 3836 factum
3357 3778 3603 3849 quotidie
3652 3781 3722 3833 ad

450 3868 699 3936 γίνεσθαι
756 3866 895 3937 πρὸς
952 3865 1224 3936 ὑποδοχὴν
1278 3864 1387 3919 τῶν
1435 3865 1621 3920 θεόθεν
1646 3864 1797 3937 αὑτῷ
1832 3866 1907 3929 ὡς
1941 3867 2036 3920 ἀν-

2136 3877 2483 3948 suscipienda
2529 3876 2799 3931 divinitus
2841 3875 3007 3940 bona,
3055 3888 3178 3944 qua:
3204 3872 3256 3928 ei
3288 3879 3350 3926 ut
3375 3870 3588 3925 homini
3618 3870 3720 3925 ad-

452 3958 657 4031 θρὼπῳ
688 3957 1084 4029 παρεσομένων
1117 3956 1359 4026 ἀγαθῶν.

898 3957 1084 4027 ιμένων
1117 3956 1359 4026 ἀγαθῶν.
2133 3972 2317 4027 futura
2345 3978 2525 4023 erant.

522 4054 645 4107 AE’.
691 4051 988 4114 Βαπτίζεις
1043 4050 1087 4103 δ’
1141 4049 1327 4114 αὑτὸν,
1374 4050 1440 4104 ἵν’
1484 4050 1671 4103 ἔκτοτε
1709 4048 1888 4116 (οὑπω
1928 4050 2037 4121 γὰρ

2202 4060 2421 4116 XXXV.
2452 4059 2707 4129 Baptizas
2746 4074 2895 4121 eum,
2921 4067 2984 4113 ut
3011 4072 3077 4113 ex
3110 4073 3177 4112 eo
3218 4065 3484 4128 tempore,
3513 4071 3577 4110 ac
3608 4069 3719 4108 non

453 4145 741 4216 πρότερον,
768 4141 1078 4204 τελειωθεὶς
1105 4141 1250 4194 κατὰ
1275 4142 1504 4213 νομικὴν
1533 4141 1755 4214 ἀρετὴν,
1802 4142 2038 4213 Χριστὸς

2135 4151 2313 4222 prius,
2343 4149 2623 4219 perfectus
2651 4147 2956 4203 secundum
2990 4145 3256 4201 virtutem
3277 4146 3434 4216 legis,
3468 4142 3722 4200 Christus

452 4233 769 4307 χρηματίσῃ
791 4231 997 4293 τέλειος
1041 4231 1137 4284 καὶ
1185 4229 1288 4299 τῆς
1344 4230 1710 4299 εύαγγελικῆς
1758 4228 2036 4300 ἐφάψηται

2134 4252 2432 4297 vocaretur
2469 4240 2787 4311 perfectus;
2832 4246 2888 4293 et
2930 4237 2998 4293 ad
3027 4238 3395 4308 evangelicam
3424 4237 3592 4291 vitam
3624 4251 3718 4305 ag-

454 4325 753 4391 πολιτείας,
786 4324 881 4378 καὶ
919 4321 1127 4392 ταύτην
1163 4322 1519 4394 ἐκπληρώσῃ.
1547 4322 1670 4385 Πῶς
1698 4321 1744 4375 δ’
1784 4322 1905 4391 οὐχὶ
1943 4321 2036 4375 καὶ

2134 4334 2480 4404 grederetur,
2530 4341 2586 4386 et
2618 4331 2761 4386 hanc
2812 4326 3134 4401 compleret.
3186 4330 3377 4385 Nonne
3410 4328 3550 4383 dicis
3579 4335 3718 4382 tem-

450 4419 543 4473 τὸν
574 4417 766 4489 χρόνον
790 4413 942 4485 αὑτῷ
996 4412 1087 4468 διὰ
1143 4412 1306 4466 τοῦτο
1352 4412 1755 4483 συντετμῆσθαι
1810 4413 2032 4481 λέγεις;

2135 4441 2239 4495 pus
2270 4426 2435 4480 etiam
2468 4422 2642 4499 fuisse
2671 4423 2751 4477 illi
2778 4423 2849 4477 ob
2882 4422 3025 4477 hanc
3046 4437 3265 4477 causam
3296 4430 3636 4475 contractum
3664 4420 3719 4473 in

464 4508 768 4579 Ἀποκάμοι
813 4506 924 4577 γὰρ
971 4505 1038 4560 ἂν
1095 4504 1232 4575 πρὸς
1284 4504 1346 4557 τὸ
1396 4503 1586 4558 τούτου
1608 4504 1906 4574 διάστημα,
1940 4503 2035 4557 καὶ

2134 4518 2401 4573 brevius?
2428 4516 2702 4571 Potuisset
2731 4516 2878 4569 enim
2906 4514 3193 4586 defatigari
3213 4514 3389 4584 spatio
3420 4513 3679 4584 temporis
3704 4555 3718 4575 ,

450 4601 541 4655 διὰ
565 4599 724 4655 τοῦτο
754 4598 1021 4668 σύντομον
1047 4596 1166 4650 ὁδὸν
1195 4595 1469 4668 σωτηρίας
1492 4596 1584 4649 τὸν
1614 4596 1850 4667 σταυρὸν
1873 4597 2035 4651 ἀνευ·
2065 4610 2077 4667 ]

2095 4614 2110 4663 ›
2138 4618 2195 4664 et
2224 4608 2431 4664 idcirco
2462 4608 2688 4663 brevem
2721 4607 2914 4662 salutis
2960 4606 3126 4673 viam,
3155 4606 3209 4661 id
3244 4614 3327 4661 est
3355 4621 3594 4670 crucem,
3626 4606 3722 4661 ad-

449 4696 678 4775 ρίσκων.

2134 4699 2432 4755 invenisse.

524 4789 666 4854 AG'.
699 4785 793 4849 Εἰς
822 4783 882 4837 δν
915 4783 1013 4837 καὶ
1042 4782 1247 4837 ἄκοντα
1295 4782 1457 4836 αὑτὸν
1509 4782 1830 4855 ἀναφέρεις,
1890 4782 2031 4855 ὑπὲρ

2204 4790 2443 4845 XXXVI.
2475 4790 2536 4845 In
2564 4804 2783 4844 crucem
2811 4788 3042 4844 invitum
3068 4804 3191 4844 eum
3224 4788 3360 4860 agis,
3385 4804 3485 4859 pro
3508 4805 3565 4845 se
3595 4788 3719 4859 qui-

454 4878 650 4933 ἐαυτοῦ
685 4876 808 4947 μὲν,
835 4875 935 4945 οὐχ
970 4875 1171 4945 ἥκιστα
1197 4873 1256 4927 δὲ
1303 4873 1399 4927 καὶ
1452 4873 1591 4945 ὑπὲρ
1645 4873 1769 4927 ὅλου
1820 4872 2029 4943 κόσμου

2133 4881 2258 4936 dem
2309 4897 2420 4935 non
2451 4881 2637 4935 minus
2658 4895 2820 4950 quam
2848 4896 2947 4950 pro
2974 4889 3085 4935 toto
3112 4881 3322 4936 mundo
3352 4882 3716 4942 moriturum;

452 4968 849 5040 τεθνηξόμενον
882 4972 898 4986 ⁹
937 4966 1014 5029 ὡς
1058 4966 1157 5020 οὑκ
1207 4964 1383 5028 ἄλλως
1421 4964 1572 5036 αὐτῷ
1632 4965 2031 5037 περιεσομένης

2133 4980 2393 5040 tanquam
2421 4985 2533 5023 non
2571 4977 2760 5039 posset
2791 4969 2955 5024 aliter
2976 4969 3203 5041 gloriam
3228 4986 3489 5024 ascensus
3518 4972 3571 5024 in
3609 4985 3720 5024 cae-

451 5065 550 5133 τῆς
586 5060 727 5115 κατά
749 5058 849 5129 τὴν
880 5058 1168 5130 ἀνάληψιν,
1198 5057 1292 5111 καὶ
1323 5059 1422 5129 τῆς
1450 5058 1514 5109 ἐκ
1541 5055 1732 5121 δεξιῶν
1760 5058 2030 5128 καθέδρας

2130 5065 2263 5127 lum,
2292 5070 2349 5117 et
2378 5077 2672 5119 consessus
2703 5061 2769 5115 ad
2801 5060 3081 5116 dexteram
3103 5061 3200 5115 Dei
3230 5062 3467 5130 assequi,
3490 5062 3594 5115 nisi
3619 5077 3718 5132 per

451 5154 633 5226 δόξης,
671 5153 745 5223 μὴ
791 5151 880 5205 διὰ
920 5150 1225 5223 μαρτυρίου
1256 5148 1618 5205 τελειωθέντι.
1657 5150 1771 5203 Οὑκ
1802 5146 1917 5204 οἰδα
1946 5150 2030 5209 τίς

2134 5154 2460 5226 martyrium
2497 5161 2932 5208 consummatus.
2979 5151 3176 5206 Nescio
3208 5152 3333 5220 quis
3377 5152 3463 5205 vir
3509 5162 3612 5218 est,
3661 5162 3718 5208 et

451 5245 618 5299 πόθεν
640 5243 802 5298 πέλεν
830 5241 1061 5313 ἀνδρῶν,
1084 5240 1143 5304 ὃς
1162 5239 1450 5311 τηλικοῦτο
1478 5240 1633 5310 παρά
1666 5240 1757 5294 σοῦ
1790 5242 2030 5312 ἐγχειρι-

2132 5245 2309 5307 unde,
2359 5244 2455 5314 qui
2501 5253 2610 5299 tam
2659 5242 2850 5313 ingens
2894 5258 2926 5295 a
2966 5250 3016 5296 te
3062 5242 3341 5311 negotium
3378 5241 3624 5311 suscipit,
3662 5252 3718 5298 et

454 5336 607 5400 ζεται
658 5335 915 5407 πρᾶγμα,
966 5334 1061 5387 καὶ
1106 5332 1422 5403 οἰκονομίαν
1459 5332 1702 5402 μεγάλην
1735 5333 1831 5385 καὶ
1859 5330 2030 5395 οὕτως

2102 5333 2502 5406 oeconomiam
2541 5334 2615 5387 ita
2649 5347 2899 5402 magnam
2931 5339 2987 5385 et
3025 5330 3304 5397 eximiam,
3341 5340 3531 5386 utnon
3558 5342 3717 5387 natu-

452 5427 753 5499 ἐξαίρετον,
801 5425 901 5479 καὶ
940 5424 1014 5496 μὴ
1052 5424 1252 5494 ὃτιτὴν
1291 5423 1605 5495 ἀνθρώπου,
1640 5424 1777 5478 ἀλλά
1804 5432 1897 5479 και
1926 5426 2033 5478 πᾶ-

2131 5445 2244 5482 ram
2275 5427 2543 5493 hominis,
2577 5424 2671 5480 sed
2706 5440 2928 5479 omnem
2958 5433 3213 5478 naturam
3263 5431 3501 5478 creatam
3557 5424 3714 5495 longe

452 5537 551 5573 σαν
573 5517 811 5589 γενητὴν
833 5514 1239 5588 ὑπεραίρουσαν
1268 5513 1447 5584 φύσιν.

745 5517 811 5587 ὴν
833 5514 1239 5588 ὑπεραίρουσαν
1268 5513 1447 5584 φύσιν.
2129 5526 2371 5588 superet.

521 5611 645 5667 AZ'.
680 5610 899 5664 Δέδοικε
922 5609 979 5662 δὲ
1017 5608 1106 5662 τὸν
1132 5607 1382 5669 θάνατον.
1423 5608 1522 5678 οὑχ
1556 5606 1631 5671 ὠς
1661 5608 1809 5679 ἡμᾶς
1841 5606 2030 5662 τυπῶν

2201 5609 2468 5665 XXXVII.
2505 5608 2715 5663 Timuit
2761 5617 3016 5675 mortem,
3070 5625 3182 5664 non
3237 5619 3493 5678 tanquam
3524 5606 3712 5678 expri-

452 5706 511 5759 ἐν
536 5703 735 5776 ἐαυτῷ,
796 5703 888 5757 καὶ
945 5702 1090 5757 λύων
1141 5700 1300 5773 ἡμῶν
1348 5702 1409 5754 ἐν
1470 5700 1649 5771 ἐαυτῷ
1672 5700 1771 5773 τὴν
1805 5701 2027 5767 δειλίαν,

2132 5713 2289 5753 mens
2317 5713 2421 5753 nos
2444 5698 2513 5773 in
2545 5697 2750 5767 seipse,
2796 5707 2853 5752 et
2885 5698 3105 5753 solvens
3157 5698 3411 5752 timorem
3457 5705 3709 5752 nostrum

453 5793 567 5849 ἀλλ’
590 5793 665 5856 ὡς
701 5793 864 5858 αὐτὸς
896 5793 1084 5847 τοῦτον
1119 5792 1508 5863 προτροπάδην
1541 5791 1758 5861 φεύγων
1789 5807 1802 5822 ⁸
1854 5793 1915 5846 ὃν
1967 5791 2029 5846 οὑ

2132 5791 2187 5844 in
2211 5804 2288 5856 se,
2321 5788 2417 5844 sed
2449 5798 2704 5858 tanquam
2736 5788 2878 5843 hanc
2904 5788 3063 5844 enixe
3093 5788 3341 5860 fugiens;
3374 5801 3538 5856 quam
3563 5802 3703 5839 nun-

456 5886 538 5941 π’
621 5883 686 5940 ἂν
718 5884 969 5938 ὑπελθεῖν
1002 5882 1265 5949 ἑκουσίως
1298 5881 1644 5955 κατεδέξατο,
1686 5884 1735 5938 εἰ
1799 5883 1875 5957 μὴ
1930 5884 2029 5957 τῆς

2132 5898 2295 5955 quam
2328 5889 2522 5954 sponte
2552 5880 2824 5939 sustinere
2855 5881 3140 5950 voluisset,
3182 5880 3287 5937 nisi
3316 5888 3461 5936 tuam
3490 5878 3703 5950 longam
