4120 6466
438 430 578 497 I375
1704 435 2019 496 LEONTII
2061 432 2433 493 BYZAN'I‘IN
2442 433 2466 491 Ι
3584 424 3719 489 1376

434 558 489 600 et
520 545 785 615 prolixam
813 544 1247 601 admonitionem
1280 554 1479 602 nactus
1505 554 1672 611 esset,
1712 564 1879 617 quam
1907 566 1937 602 a
1974 558 2024 602 te

2137 546 2352 616 μακρᾶς
2384 542 2530 597 οῦτω
2560 558 2653 593 σου
2678 539 2775 594 καὶ
2807 538 3137 609 πολυστίχου
3173 536 3460 601 νουθεσίας
3488 537 3724 609 τετύχη-

438 640 620 693 ﬁctam
666 637 859 707 angelo
888 637 1161 693 attribuis.
1220 637 1331 693 Nec
1376 640 1523 694 enim
1564 642 1787 712 angelos
1818 641 2024 695 calum-

2137 654 2245 700 κεν,
2278 636 2346 706 ἢν
2392 635 2457 687 σὺ
2511 632 2901 704 περιπλάττων
2958 631 3036 702 τῷ
3094 630 3313 700 ἀγγέλῳ
3369 630 3722 700 προσνέμεις.

440 730 579 785 niari
606 746 848 792 recusas.
877 733 1097 802 quando
1128 732 1392 805 hymnum
1436 736 1615 805 angeli
1657 735 1928 799 divinum,
1968 745 2025 791 et

437 838 603 891 quem
654 822 709 877 in
773 824 992 879 laudem
1034 825 1279 882 victoriae
1326 826 1571 893 Christo,
1642 837 1832 899 utpote
1888 829 2025 893 Deo,

439 914 676 980 cecinit,
746 930 871 969 mox
930 933 1031 987 per
1077 918 1225 974 hunc
1283 919 1685 985 admirabilem,
1736 930 1793 976 et
1855 938 2025 992 supra

440 1013 696 1060 naturam
729 1015 911 1062 actum
945 1009 1184 1076 timoris,
1229 1027 1359 1066 vere
1396 1012 1513 1067 veri
1546 1013 1782 1081 timoris,
1828 1030 1929 1069 nos
1957 1015 2026 1068 ab

441 1099 641 1153 acerbo
678 1108 734 1154 et
758 1100 964 1155 crudeli
1004 1103 1290 1158 hominum
1336 1112 1567 1176 tyranno
1604 1115 1778 1163 morte
1827 1108 2029 1163 libera-

442 1200 590 1257 turo,
637 1202 693 1247 tu
726 1202 983 1265 tanquam
1021 1197 1214 1251 timido
1240 1199 1479 1268 cuipiam
1514 1208 1570 1254 et
1598 1202 1933 1267 ell‘eminato,
1974 1210 2030 1257 et

442 1282 665 1350 penitus
688 1285 773 1338 sui
802 1285 1002 1348 amico,
1047 1285 1319 1342 Salvatori
1359 1289 1427 1343 ab
1469 1291 1662 1359 angelo
1711 1290 1765 1344 in
1804 1291 2029 1346 modum

442 1376 840 1431 consolationis
864 1377 1174 1433 adhibitum
1197 1396 1317 1435 esse
1346 1381 1535 1436 insane
1573 1391 1627 1437 et
1664 1382 1838 1438 delire
1868 1384 2027 1439 dicis.

444 1464 581 1517 Illud
627 1466 818 1519 enim:
872 1467 1135 1537 Apparuit
1190 1470 1408 1541 angelus
1458 1472 1672 1526 Domini
1730 1474 2030 1544 confortans

444 1556 668 1619 eum”,
728 1563 843 1609 tum
907 1558 999 1612 alii
1043 1560 1232 1616 Patres
1279 1561 1576 1627 dixerunt,
1626 1573 1741 1620 tum
1799 1566 2032 1638 Cyprius

445 1661 631 1712 senex,
668 1648 935 1718 Apparuit
957 1651 1188 1722 hymnos
1215 1670 1439 1720 canens,
1469 1664 1526 1709 et
1554 1656 1737 1712 divina
1775 1659 2029 1729 loquens.

445 1737 513 1791 Et
537 1738 604 1791 ad
640 1739 1021 1808 probationem
1062 1744 1223 1814 hujus
1253 1748 1736 1817 contemplationis
1758 1751 2033 1820 produxe-

445 1839 596 1892 runt,
650 1831 796 1899 quod
834 1832 1046 1904 Moyses
1074 1850 1103 1888 a
1153 1836 1263 1891 Deo
1288 1838 1544 1894 eruditus
1589 1840 1643 1894 in
1696 1857 1894 1912 magno
1941 1844 2033 1897 illo

2128 728 2264 781 Οὐδὲ
2294 729 2405 799 γάρ
2440 726 2707 796 ἀγγέλους
2742 727 3106 794 συκοφαντεῖν
3138 724 3403 795 παραιτῇ,
3440 723 3603 775 ὁπότε
3631 720 3727 773 τὸν

2129 822 2443 889 θεολογικδν
2488 820 2584 874 τοῦ
2633 820 2869 889 ἀγγέλου
2925 818 3119 889 ὕμνου,
3161 819 3258 871 καὶ
3317 817 3409 871 τὸν
3456 814 3728 868 ἐπινίκιον

2127 914 2187 967 δν
2216 910 2317 987 ᾖσε
2346 912 2426 984 τῷ
2458 911 2682 984 Χριστῷ
2724 906 2813 965 οἷα
2857 910 2996 980 Θεῷ,
3047 912 3174 964 ὅσον
3230 909 3447 963 οὐδέπω
3488 906 3578 959 διά
3628 903 3727 958 τοῦ

2130 1003 2438 1075 θαυμασίου
2469 1002 2663 1056 τούτου
2685 1003 2781 1054 καὶ
2810 1000 3129 1071 ὑπερφυοῦς
3151 1001 3249 1070 τῆς
3270 998 3477 1061 δειλίας
3511 997 3730 1065 δράμα-

2129 1113 2245 1159 τος,
2295 1093 2562 1164 ἀληθινῆς
2609 1094 2781 1157 δντως
2813 1092 3019 1156 δειλίας
3061 1092 3156 1145 τοῦ
3183 1091 3325 1145 κατά
3350 1091 3440 1143 τὸν
3476 1089 3728 1153 θάνατον,

2130 1186 2508 1259 ἐλευθεροῦντι
2562 1186 2657 1241 τοῦ
2706 1186 2907 1258 πικροῦ
2942 1186 3053 1239 τῶν
3085 1184 3390 1256 ἀνθρώπων
3418 1182 3686 1254 τυράννου
3712 1195 3726 1209 ⁸

2133 1282 2198 1334 σὺ
2228 1280 2304 1344 ὡς
2337 1279 2402 1333 ἃν
2426 1279 2587 1349 δειλῷ
2609 1298 2717 1333 τινι
2742 1279 2837 1332 καὶ
2861 1278 3112 1350 ἀνάνδρῳ
3138 1278 3233 1331 καὶ
3256 1276 3317 1330 τὸ
3341 1277 3462 1330 ὅλον
3487 1275 3735 1345 φιλαύτῳ

2130 1371 2212 1443 τῷ
2250 1372 2469 1442 Σωτῆρι
2501 1371 2608 1425 ὑπὸ
2640 1370 2738 1425 τοῦ
2784 1370 3022 1440 ἀγγέλου
3082 1368 3419 1439 γεγενῆσθαι
3475 1366 3733 1438 παραλη-

2137 1467 2270 1535 ρεῖς,
2306 1463 2671 1535 ψυχαγωγίας
2698 1464 2888 1534 τρόπῳ
2914 1463 3008 1517 καὶ
3052 1462 3423 1534 παρηγορίας.
3473 1460 3549 1513 Τὸ
3573 1458 3685 1530 γὰρ
3713 1497 3730 1522 ,

2146 1556 2373 1625 Ἐςοάνη
2405 1555 2663 1626 ἄγγελος
2703 1555 2927 1625 Κυρίου
2951 1554 3258 1624 ἐνισχύων
3291 1554 3502 1612 αὐτὸν,
3544 1549 3734 1621 ύμνῶν

2134 1645 2289 1702 εἶπεν
2316 1648 2413 1702 καὶ
2459 1646 2731 1717 θεολογῶν
2754 1664 2768 1679 ·
2802 1647 2956 1702 ἄλλοι
3008 1646 3068 1699 τέ
3098 1663 3249 1709 τινες
3288 1645 3398 1698 τῶν
3447 1645 3733 1717 Πατέρων,

2136 1741 2230 1795 καὶ
2272 1742 2302 1795 ὁ
2354 1741 2607 1813 Κύπριος
2629 1740 2831 1811 γέρων,
2862 1742 2891 1794 ὁ
2921 1741 3123 1809 μέγας,
3169 1740 3337 1810 φημὶ,
3386 1738 3731 1806 Ἐπιφὰνιοςν

2138 1834 2233 1887 καὶ
2262 1835 2343 1897 εἰς
2374 1834 2641 1888 σύστασιν
2673 1834 2772 1904 τῆς
2802 1832 3042 1903 θεωρίας
3077 1830 3286 1900 ταύτης
3318 1831 3643 1903 προήγαγον
3675 1830 3737 1883 τὸ

444 1919 660 1973 cantico
681 1920 820 1976 dixit
845 1940 858 1975 :
892 1922 962 1976 Et
983 1924 1279 1993 confortent
1310 1943 1431 1980 eum
1456 1945 1636 1983 omnes
1662 1930 1838 2001 angeli
1864 1931 2031 1987 Dei“.

2139 1927 2195 1979 ὲν
2223 1928 2290 1997 τῇ
2322 1926 2534 1998 μεγάλῃ
2565 1925 2678 1997 ᾠδῇ
2838 1902 3087 1995 θεοσόφῳ
3145 1923 3356 1993 Μωῦσῇ
3420 1921 3734 1993 εἰρημένον,

443 2009 513 2066 Ut
538 2022 723 2067 autem
756 2020 812 2067 tu
847 2014 1016 2084 impie
1045 2015 1204 2082 dicis,
1241 2033 1381 2087 opus
1412 2020 1490 2073 illi
1516 2019 1623 2074 fuit
1649 2021 1810 2093 longa
1841 2038 2037 2078 conso-

443 2104 649 2160 latione
678 2108 879 2177 angeli,
913 2109 1009 2178 qui
1043 2110 1281 2165 animam
1331 2111 1536 2167 Christi
1592 2114 1787 2170 timore
1841 2118 2036 2173 mortis

443 2195 757 2266 absorptam
783 2207 840 2254 et
865 2201 1088 2256 tristitia
1120 2212 1472 2272 prostratam,
1507 2206 1763 2261 celeriter
1797 2210 2037 2280 erigeret

442 2294 499 2337 et
535 2296 835 2356 recrearet,
885 2301 1006 2345 erat
1051 2292 1199 2348 enim
1239 2293 1294 2349 in
1325 2310 1543 2351 summo
1581 2297 1940 2368 discrimine;
1980 2312 2036 2357 et

443 2378 633 2431 omnia
661 2378 716 2433 in
759 2395 827 2435 eo
851 2390 1014 2437 erant
1061 2385 1264 2455 agitata
1291 2394 1349 2440 et
1395 2400 1673 2457 quassata.
1731 2393 1887 2449 Falsa
1922 2395 2035 2451 hmo

442 2484 563 2523 esse
596 2469 736 2526 dicis
762 2488 994 2544 ;magno
1014 2474 1120 2530 hoc
1144 2478 1429 2545 emissem,
1455 2483 1751 2552 magnique
1771 2486 2037 2541 aestimas-

444 2576 582 2615 sem.
600 2562 761 2617 Nunc
782 2573 965 2620 autem
999 2574 1168 2623 testes
1201 2577 1331 2625 sunt
1352 2573 1615 2640 praeclara
1639 2584 1695 2629 et
1714 2576 2035 2633 admiranda

446 2660 540 2708 tua
574 2658 881 2712 certamina
906 2667 1099 2714 contra
1124 2661 1559 2719 incarnationem
1588 2666 1785 2734 Verbi;
1821 2670 2032 2725 ethclla

445 2746 570 2799 ﬁcta
601 2745 825 2816 quidem
851 2759 908 2803 et
938 2750 1198 2806 simulata
1237 2762 1430 2808 contra
1456 2756 1749 2811 hmreticos
1772 2759 2035 2815 adversa-

445 2834 578 2901 rios,
606 2853 737 2893 vere
761 2848 945 2896 autem
984 2853 1179 2898 contra
1215 2846 1507 2902 veritatem
1546 2861 1833 2920 suscepta;
1869 2869 2033 2922 quam

443 2943 569 2982 cum
605 2945 922 3001 oppugnare
951 2937 1295 3005 prepositum
1317 2938 1417 2993 tibi
1437 2951 1606 3006 esset,
1644 2952 1700 2997 et
1718 2954 2032 3015 susceptum

445 3020 639 3089 perlici
666 3038 777 3076 non
816 3040 977 3093 posse
1020 3042 1401 3098 cognosceres,
1455 3032 1872 3104 inscriptionem
1904 3038 2032 3094 belli

444 3121 640 3166 contra
663 3113 956 3170 veritatem
983 3117 1346 3190 inscriptione
1369 3122 1497 3177 belli
1522 3135 1714 3179 contra
1748 3127 2035 3186 hmreticos

448 3206 825 3260 commutasti.
876 3207 993 3263 Imo
1040 3219 1095 3265 et
1133 3211 1493 3269 deliramenta
1541 3224 1633 3271 tua
1682 3229 1874 3275 contra
1924 3222 2035 3276 Ma-
2065 3246 2105 3304 ρ

446 3296 881 3369 gusreosUS-Si)
910 3300 1025 3356 haec
1052 3302 1368 3371 praedicant,
1392 3314 1447 3359 et
1486 3307 1712 3377 reliqua:
1749 3311 1898 3365 falsa:
1932 3319 2038 3367 tua:

449 3390 860 3459 Scripturarum
882 3395 1262 3451 enarrationes
1284 3415 1298 3451 :
1318 3414 1588 3468 nusquam
1610 3402 1757 3455 enim
1779 3419 1889 3457 non
1909 3416 2039 3460 sunt

452 3481 540 3536 isti
570 3482 646 3536 tui
688 3484 999 3540 admirandi
1046 3488 1265 3544 labores
1302 3493 1632 3562 pervulgati,
1670 3495 1763 3564 qui
1801 3512 1832 3550 a
1869 3498 2037 3554 Paulo

449 3573 673 3641 quidem
700 3573 1071 3632 Samosatensi
1112 3588 1293 3633 ortum
1323 3582 1630 3647 duxerunt,
1672 3601 1770 3655 per
1813 3588 2038 3659 interje-

450 3674 571 3717 ctos
593 3682 723 3721 vero
744 3668 810 3721 ad
825 3668 1123 3724 Diodorum
1148 3684 1541 3742 pervenerunt,
1561 3677 1663 3747 qui,
1684 3679 1782 3733 tibi
1811 3679 1915 3735 fuit
1930 3697 2038 3735 ma-

450 3757 631 3813 lorum
665 3768 885 3816 tuorum
921 3764 1051 3820 dux.
1078 3764 1169 3821 Sic
1195 3776 1378 3829 autem
1404 3778 1506 3824 ate
1530 3771 1799 3827 elaborati
1821 3782 1877 3829 et
1903 3776 2034 3831 culti

452 3861 601 3916 sunt,
634 3860 689 3908 et
725 3860 930 3909 tantam
961 3858 1398 3929 magnitudinem
1434 3861 1757 3919 incrementi
1804 3880 2038 3938 accepe-

453 3954 601 4006 runt,
634 3955 697 4002 ut
736 3954 864 4003 tuus
906 3948 1249 4021 largissimus
1286 3952 1488 4009 ﬂuvius
1535 3954 1746 4012 fontem
1803 3958 2034 4030 impium

451 4036 686 4106 operiat.

522 4258 809 4316 XXXVIII.
866 4263 1038 4320 Rivus
1086 4264 1192 4321 fuit
1241 4283 1272 4321 a
1321 4266 1472 4323 fonte
1528 4269 1762 4337 ductus,
1799 4282 1854 4328 et
1888 4273 2033 4330 fossa

451 4360 703 4422 augusta,
741 4369 863 4423 quae
892 4370 1002 4409 non
1060 4357 1242 4427 potuit
1283 4374 1482 4429 capere
1518 4370 1688 4417 totam
1732 4367 2033 4434 impietatis

454 4451 560 4495 tuae
592 4440 913 4509 ﬂuxionem,
943 4442 1251 4502 Nestorius.
1286 4448 1353 4501 Et
1382 4450 1426 4504 si
1462 4452 1642 4519 potuit
1672 4468 1893 4523 capere,
1920 4472 2032 4511 non

454 4541 636 4587 tamen
670 4533 898 4597 audere,
928 4544 984 4590 et
1009 4535 1192 4593 fontes
1228 4546 1352 4593 tuos
1371 4542 1631 4598 omnibus
1648 4543 2030 4613 profundere;

448 4637 564 4676 non
622 4623 846 4691 quidem
909 4625 1128 4695 pigritia
1175 4627 1498 4695 voluntatis,
1535 4634 1811 4688 excusabo
1856 4637 2025 4701 enim,

2137 2014 2686 2085 Ἐνισχυονάτωσαν
2731 2014 2921 2069 αὑτὸν
2982 2012 3211 2079 πάντες
3263 2012 3510 2082 ἄγγελοι
3562 2011 3734 2066 Θεοῦ.

2151 2106 2237 2169 Ὠς
2264 2105 2320 2159 δὲ
2348 2106 2411 2159 σὺ
2437 2106 2681 2172 ἀσεϐεῖς,
2717 2105 2817 2175 τῆς
2857 2105 3079 2175 μακρᾶς
3123 2102 3319 2172 ἐδέησε
3370 2101 3466 2156 τοῦ
3499 2101 3736 2171 ἀγγέλου

2140 2197 2508 2269 παρηγορίας,
2540 2200 3053 2251 καταπεπτωκυῖαν
3091 2198 3157 2267 τῇ
3192 2196 3338 2267 λύπῃ
3363 2196 3459 2249 καὶ
3489 2212 3739 2249 καταπο-

2139 2293 2328 2348 θεῖσαν
2357 2292 2451 2347 τοῦ
2483 2292 2721 2364 Χριστοῦ
2772 2291 2873 2362 τὴν
2927 2290 3132 2362 ψυχὴν,
3183 2291 3249 2344 ὲκ
3299 2288 3394 2343 τοῦ
3452 2288 3597 2343 κατά
3648 2288 3739 2343 τὸν

2139 2386 2369 2439 θάνατον
2396 2384 2553 2448 δέους
2590 2384 2899 2454 ἀναστῆσαι
2936 2382 3285 2446 σπεύδοντος.
3332 2382 3596 2436 Κίνδυνον
3627 2382 3741 2452 γάρ

2136 2474 2252 2548 εἶχε
2277 2477 2368 2531 τὸν
2399 2476 2653 2547 ἔσχατον,
2719 2477 2840 2530 τόδε
2894 2476 2956 2530 τὸ
3004 2478 3113 2531 πᾶν
3167 2477 3255 2529 ἐπ’
3317 2475 3465 2547 αὐτῷ
3514 2476 3743 2529 σαλευό-

2140 2588 2325 2641 μενον.
2354 2571 2540 2642 Ψευδῆ
2566 2570 2743 2624 ταῦτα
2776 2567 2919 2624 εἶναι
2949 2571 3060 2641 φής
3093 2587 3107 2600 ·
3141 2569 3342 2623 πολλοῦ
3382 2586 3445 2637 γε
3479 2570 3544 2641 δὴ
3592 2570 3740 2624 τοῦτ’

2137 2661 2202 2715 ἂν
2232 2663 2613 2733 ἐτιμησάμην.
2646 2662 2761 2716 Νῦν
2806 2662 2863 2715 δὲ
2896 2663 2947 2716 οί
2996 2662 3305 2731 Θαυμαστοὶ
3347 2662 3446 2716 καὶ
3491 2659 3739 2732 λαμπροί

2138 2772 2232 2808 σου
2266 2755 2482 2823 ἀγῶνες
2512 2754 2657 2809 κατά
2683 2754 2783 2825 τῆς
2836 2753 2931 2807 τοῦ
2960 2754 3099 2808 Θεοῦ
3150 2755 3328 2822 Λόγου
3387 2754 3743 2825 ὲνανθρωπή-

2139 2864 2298 2913 σεως,
2371 2846 2467 2901 καὶ
2494 2847 2543 2900 οἱ
2577 2846 2960 2917 πεπλασμένοι
2995 2847 3094 2916 μὲν
3124 2846 3269 2899 κατά
3298 2845 3409 2898 τῶν
3443 2845 3743 2899 ἀντιθέτων

2137 2939 2438 3011 αἱρετικῶν
2484 2941 2736 3010 πόλεμοι,
2794 2940 2941 2994 κατὰ
2994 2940 3051 2993 δὲ
3108 2939 3207 3010 τῆς
3258 2939 3523 3010 ἀληθείας
3570 2939 3741 3002 ὅντως

2139 3033 2629 3104 στρατευσάμενοι,
2663 3032 2730 3105 ἣν
2762 3032 2954 3102 ἐπειδὴ
3011 3032 3326 3101 πολεμῆσαι
3376 3031 3739 3111 προθέμενος,

2138 3124 2437 3178 ἀδυνατοῦν
2476 3142 2559 3178 σοι
2592 3124 2897 3193 ἐγίνωσκες
2928 3124 2989 3178 τὸ
3024 3124 3361 3194 ἐγχείρημα,
3406 3125 3741 3195 ἐπίγραμμα

2140 3216 2235 3270 τοῦ
2267 3218 2391 3270 κατ’
2423 3218 2599 3287 αὐτῆς
2640 3216 2903 3287 πολέμου,
2957 3216 3019 3269 τὸ
3077 3217 3220 3270 κατά
3274 3216 3387 3270 τῶν
3446 3216 3742 3288 αἱρετικῶν

2143 3309 2503 3380 προέγραψας
2561 3308 2927 3379 πρόγραμμα.
3004 3308 3167 3362 Ἀ).λά
3220 3309 3314 3362 καὶ
3345 3309 3414 3363 τὰ
3447 3309 3589 3362 κατά
3617 3310 3743 3363 Μα-

2141 3402 2414 3469 γουσαίων
2444 3400 2585 3471 ληρή
2599 3419 2769 3471 ματα,
2800 3401 2975 3454 ταῦτα
3008 3401 3402 3472 κηρύττουσιν,
3436 3402 3498 3454 αἲ
3528 3418 3588 3455 τε
3628 3402 3741 3455 λοι-

2141 3492 2241 3545 πα)⁸
2264 3493 2373 3546 τῶν
2408 3492 2644 3563 Γραφῶν
2671 3491 3088 3563 παρεξηγήσεις
3117 3507 3133 3521 ·
3171 3494 3231 3545 οὐ
3264 3492 3375 3561 γάρ
3418 3492 3567 3545 ἐστιν
3604 3494 3740 3546 ὅπου

2144 3585 2219 3656 μὴ
2240 3585 2415 3638 ταῦτα
2444 3586 2554 3638 τῶν
2581 3585 2908 3656 θαυμασίων
2939 3602 3032 3637 σου
3070 3585 3254 3639 πόνων
3292 3583 3737 3655 διατεθρύληται.

2140 3676 2249 3731 ἀπὸ
2280 3677 2377 3746 μὲν
2408 3676 2623 3729 Παύλου
2649 3675 2743 3729 τοῦ
2792 3676 3127 3745 Σαμοσάτων
3174 3675 3486 3745 ἀρξάμενα.
3546 3674 3636 3729 διά
3683 3676 3741 3729 δὲ

2134 3769 2245 3822 τῶν
2268 3770 2324 3821 ὲν
2363 3770 2514 3839 μέσῳ
2548 3769 2630 3831 εἰς
2650 3769 2919 3839 Διόδωρον
2973 3769 3417 3837 καταντήσαντα,
3462 3767 3616 3830 ὅστις
3655 3784 3739 3821 σοι
3821 3836 3824 3840 γ

2138 3859 2247 3911 τῶν
2277 3856 2468 3912 κακῶν
2500 3857 2708 3911 τούτων
2740 3857 2966 3926 γέγονεν
3000 3858 3248 3928 ἡγεμών.
3284 3856 3445 3910 Οὕτω
3474 3856 3531 3910 δὲ
3559 3871 3742 3927 γεωρ-

2138 3948 2383 4018 γηθέντα
2408 3949 2560 4020 παρὰ
2591 3948 2708 4011 σοῦ,
2740 3949 2838 4003 καὶ
2871 3948 3131 4003 τοσοῦτον
3167 3949 3594 4020 προσλαϐόμενα
3650 3950 3742 4019 μέο

2136 4041 2318 4110 γεθος,
2351 4042 2427 4105 ὼς
2469 4040 2811 4111 ὲπικαλύῲαι
2865 4043 2966 4113 την
3014 4041 3176 4096 ἄθεον
3225 4045 3432 4115 πηγὴν,
3498 4042 3592 4096 τὸν
3648 4042 3741 4097 σὺν

2134 4134 2331 4204 δαψιλῆ
2356 4133 2631 4205 ποταμόν.

2206 4270 2337 4326 AH'.
2373 4267 2472 4332 Σὺς
2497 4268 2555 4322 δὲ
2585 4265 2812 4337 γέγονεν
2842 4266 3000 4330 ὀλκός
3029 4284 3090 4321 τε
3135 4267 3232 4321 καὶ
3291 4267 3493 4339 διώρυξ
3552 4268 3736 4340 στενὴ,

2141 4361 2238 4415 καὶ
2259 4361 2359 4431 οὐχ
2394 4359 2517 4413 ὅλον
2545 4376 2638 4413 σου
2668 4358 2965 4430 δυνηθεῖσα
3008 4358 3259 4429 χωρῆσαι
3323 4362 3424 4430 τῆς
3483 4360 3739 4424 ἀσεϐείας

2134 4454 2197 4506 τὸ
2229 4452 2433 4524 ῥεῦμα,
2464 4451 2792 4521 Νεστόριος.
2837 4451 2899 4504 Εἰ
2950 4451 3009 4505 δὲ
3058 4452 3155 4505 καὶ
3195 4452 3445 4523 χωρῆσαι
3494 4453 3738 4524 ἴσχυσεν,

2138 4545 2252 4599 ἀλλ’
2285 4545 2384 4599 οὐκ
2419 4545 2520 4616 ἤδη
2556 4545 2651 4599 καὶ
2713 4544 3232 4616 παρρησιάσασθαι,
3281 4547 3376 4600 καὶ
3418 4548 3557 4600 πᾶσι
3606 4564 3740 4617 προ-

2137 4636 2256 4707 χέαι
2289 4637 2358 4690 τά
2390 4637 2458 4690 σά
2507 4638 2617 4689 τῶν
2674 4636 3040 4707 βλασφημιῶν
3086 4636 3333 4706 νάματα,
3390 4638 3451 4689 οὐ
3511 4636 3741 4708 γνώμης

446 4713 549 4767 sed
572 4714 702 4783 quia
727 4730 838 4769 non
873 4716 1112 4772 habebat
1132 4719 1314 4775 locum
1352 4732 1581 4791 propter
1613 4726 2027 4782 multitudinem

2137 4726 2371 4799 ῥᾳθυμίᾳ
2399 4727 2839 4799 (ἀπολογήσομαι
2869 4726 3028 4799 γὰρ),
3090 4727 3229 4781 ἀλλά
3275 4727 3355 4799 τῷ
3418 4728 3739 4782 στενοῦσθαι

453 4806 742 4860 hominum
780 4824 890 4877 qua
921 4819 1045 4865 erat
1102 4813 1473 4882 constipatus.
1504 4814 1584 4869 Tu
1606 4832 1738 4871 vero
1759 4819 1888 4887 quia
1911 4831 2032 4876 erat

2137 4823 2239 4884 τοῖς
2267 4820 2550 4891 πλήθεσιν.
2582 4822 2755 4885 Αὐτὸς
2787 4819 2886 4891 μὲν
2902 4821 3012 4892 γὰρ
3031 4821 3156 4874 καθ’
3177 4822 3413 4891 ἡσυχίαν
3429 4824 3494 4891 τῇ
3513 4821 3741 4893 ἀσεϐείᾳ

450 4899 554 4953 tibi
600 4899 822 4969 quietus
868 4917 994 4957 cum
1029 4901 1312 4972 impietate
1346 4908 1660 4973 convictus,
1693 4917 1871 4966 totum
1912 4914 2032 4984 ejus

2137 4916 2543 4984 συγγινόμενος,
2596 4915 2717 4968 ὅλον
2751 4914 2923 4985 αὐτῆς
2980 4914 3319 4976 ὲκπέπωκας
3367 4912 3461 4966 τὸν
3526 4915 3735 4983 ὀχετόν.

451 4991 635 5045 rivum
674 4991 921 5047 ebibisti.
950 4993 1045 5048 Ille
1078 5002 1265 5050 autem
1299 5006 1594 5068 postquam
1622 5017 1797 5057 unum
1836 5020 1902 5059 ex
1934 5013 2032 5062 tuo

444 5098 612 5139 cinno
627 5092 684 5139 et
700 5100 766 5139 ex
783 5086 1199 5144 tuislutulentis
1219 5089 1572 5162 dogmatibus
1592 5096 1878 5167 rejecthm,
1900 5113 2029 5154 sua-

444 5175 544 5242 sit,
565 5176 669 5232 sibi
692 5177 747 5232 in
764 5193 1061 5234 commune
1090 5184 1401 5252 proposuit,
1425 5195 1481 5239 et
1496 5186 1669 5241 solam
1688 5204 1881 5245 vocem
1900 5190 2029 5245 Θεο-

448 5267 629 5335 τόκον,
656 5270 710 5325 id
736 5278 820 5325 est
847 5271 1163 5342 Deiparam,
1193 5276 1505 5345 prohibuit,
1546 5279 1849 5338 artiﬁciose
1898 5300 2041 5339 con—

522 5470 567 5503 ”
600 5470 733 5526 Luc.
764 5490 894 5538 χχιι,
930 5476 1021 5530 45.
1100 5477 1144 5510 ⁸ο
1172 5477 1334 5533 Deut.
1373 5497 1539 5545 χχχιι,
1577 5482 1644 5536 45
1684 5498 1797 5537 sec.
1832 5483 1996 5538 LXX.

532 5667 963 5743 (42-52l00ntra
982 5672 1296 5742 Magusreos.
1319 5674 1521 5731 Suidas
1552 5676 1745 5743 verbo,
1780 5677 1956 5734 Persm
1988 5689 2036 5733 et

454 5732 668 5817 {.lrrgog,
706 5732 781 5793 ait
834 5742 1038 5817 [forsas
1072 5732 1437 5817 Ilictosqcsse
1500 5732 1813 5817 Magusaeos.
1868 5732 2037 5805 lutei?-

455 5803 580 5872 ﬁgit
617 5803 821 5863 'autcm
848 5809 1111 5868 Leontius
1134 5820 1244 5870 tres
1268 5814 1437 5872 libros
1470 5803 1748 5874 Theodori
1779 5819 1914 5893 Περὶ
1943 5803 2040 5892 τῆς

2143 5005 2382 5071 Ἐκεῖνος
2413 5007 2469 5059 δὲ
2506 5008 2697 5079 ἐπειδὴ
2737 5007 2797 5060 ἓν
2828 5024 2883 5058 τι
2921 5006 3031 5058 τῶν
3065 5006 3172 5059 σῶν
3223 5006 3365 5075 άρας
3405 5006 3738 5077 ἀμαρευμά-

2135 5117 2244 5152 των
2287 5099 2576 5163 σκύϐαλον,
2636 5103 2719 5164 εἰς
2767 5099 2828 5152 τὸ
2878 5100 3059 5153 κοινὸν
3114 5098 3431 5170 προύτεινε,
3493 5100 3588 5152 καὶ
3639 5098 3738 5168 τὴν

2140 5193 2430 5257 Θεοτόκος
2488 5191 2672 5262 φωνὴν
2730 5191 3086 5262 ἀπηγόρευσε
3151 5191 3342 5261 μόνην,
3406 5190 3736 5261 εὐμηχάνως

2141 5282 2241 5354 μὲν
2266 5283 2406 5355 πρὸς
2428 5283 2525 5348 τὰς
2553 5285 2730 5356 ἀρχὰς
2758 5284 2857 5355 τῆς
2889 5283 3149 5353 ἀληθείας
3176 5283 3488 5354 ἱστάμενος,
3534 5284 3628 5337 καὶ
3666 5285 3733 5354 τῇ

2145 5680 2204 5760 ξ)
2228 5681 2446 5752 Περσίδι
2479 5684 2749 5760 μαγικῆς,
2779 5679 2857 5733 De
2891 5679 3075 5749 Magia
3106 5680 3159 5731 in
3180 5678 3398 5732 Perside
3433 5679 3733 5760 {ipsosque

2147 5749 2341 5806 Persas
2367 5749 2549 5821 magos
2603 5749 2850 5805 nominat
2911 5765 3250 5821 maguswosi
3288 5749 3539 5805 meminit
3570 5749 3734 5821 hujus

2150 5822 2333 5893 operis
2362 5818 2593 5880 Phdtius
2616 5823 2671 5878 in
2706 5837 2801 5877 sua
2830 5818 3173 5876 Bibliotheca.
3205 5818 3341 5875 Tun.
