4120 6458
391 373 528 439 1377

1346 378 1513 438 ΑΒν.
1552 376 2263 439 INCORRUPTICOLAS
2298 379 2393 440 ET
2432 378 2753 439 NESTOR.

3526 377 3661 439 1378

388 494 581 566 πρώτῃ
615 492 709 546 τοῦ
733 493 867 547 Θεοῦ
900 492 1059 564 ἡμῶν
1111 492 1255 547 κατά
1308 494 1492 566 σάρκα
1542 496 1820 565 γεννήσει,
1872 497 1965 569 τὴν

2081 508 2164 553 tra
2213 499 2371 555 initia
2416 499 2670 554 veritatis
2710 499 2974 553 insistens
2998 537 3011 561 ,
3037 506 3094 552 et
3125 496 3304 567 primo
3339 497 3437 553 Dei
3478 505 3657 554 nostri

385 586 567 639 πᾶσαν
620 583 747 655 ἑξῆς
800 586 1044 657 ἀναιρῶν
1096 585 1193 639 τοῦ
1256 586 1561 657 μυστηρίου
1631 586 1970 642 ἀκολουθίαν.

386 676 581 747 Ὅμως
605 677 650 730 δ’
678 672 772 731 οὖν
797 678 914 747 ἥλω
940 678 1036 732 καὶ
1062 678 1162 750 τὴν
1195 678 1433 748 ἐσχάτην
1466 677 1611 730 ἔτισε
1643 678 1823 750 δίκην,
1870 679 1974 747 ἔξω

384 766 529 822 Θείου
567 768 732 841 χοροῦ
768 769 907 840 μετά
933 770 1042 823 τῶν
1071 770 1440 841 ἀσεϐημάτων
1472 763 1547 823 ὧν
1609 771 1673 823 ὲκ
1727 770 1820 823 σοῦ
1879 788 1973 840 γε-

382 852 709 925 γεώργηκεν
758 856 1079 921 ἀπελαθεὶς,
1109 859 1203 911 καὶ
1231 859 1332 927 τὴν
1361 856 1519 922 ἀξίαν
1544 858 1834 912 ἀντέκτισε
1865 860 1974 913 τῶν

384 947 494 999 σῶν
530 948 872 1017 μαθημάτων
912 951 1128 1019 ποινήν.
1203 950 1446 1022 Ἀπόχρη
1503 953 1600 1005 καὶ
1652 952 1827 1005 ταῦτα
1876 956 1972 1025 τὴν

382 1042 567 1093 πᾶσαν
593 1041 688 1094 τοῦ
720 1042 916 1113 ἀνδρὸς
950 1046 1307 1115 παραστῆσαι
1336 1044 1619 1109 ἀσέϐειαν,
1658 1045 1718 1109 ἐξ
1762 1045 1968 1116 δνυχος,

379 1129 591 1206 ᾖφασι,
631 1134 1030 1189 ὑποδεικνύντα
1064 1135 1157 1189 τὸν
1188 1136 1403 1191 λέοντα.
1452 1136 1512 1188 El
1539 1136 1596 1188 δέ
1633 1153 1719 1200 τις
1751 1137 1973 1190 ἀπιστεῖ

376 1225 609 1290 τούτοις,
636 1227 732 1278 καὶ
758 1225 866 1295 γὰρ
896 1226 1065 1289 ὅντως
1094 1228 1233 1280 είσὶν
1266 1227 1526 1291 ἀπιστίας
1578 1228 1726 1292 ἀξια,
1771 1228 1865 1281 καὶ
1908 1228 1968 1280 οὐ

382 1317 674 1388 μέμφομαι
724 1318 819 1371 τοῦ
862 1320 1069 1383 πάθους
1117 1320 1462 1373 δικαιοτάτου
1522 1337 1585 1390 γε
1632 1320 1806 1384 ὄντος,
1850 1322 1970 1374 ἐπεὶ

378 1410 439 1459 τδι
472 1410 547 1479 μὴ
583 1410 837 1462 ἀπιστεῖν
866 1410 975 1463 τῶν
1018 1411 1281 1464 τοιούτων
1326 1411 1516 1464 κακῶν
1558 1412 1657 1465 οὐκ
1712 1412 1965 1482 ἄμοιρον,

380 1500 595 1572 ἐλέγχει
624 1502 716 1556 τὸν
754 1503 956 1574 ῥαδίως
980 1504 1369 1559 πιστεύσαντα.
1406 1505 1480 1559 Τὸ
1511 1505 1622 1576 γάρ
1652 1507 1733 1568 εἰς
1760 1521 1967 1572 συγκα-

376 1594 602 1647 τάοεσιν
635 1594 879 1665 ἕτοιμον,
914 1599 1009 1650 καὶ
1038 1598 1118 1660 είς
1152 1600 1351 1668 πεῖραν
1395 1600 1768 1665 ἑτοιμότατον.
1828 1597 1969 1650 Ἀλλ’

376 1687 525 1756 ἡμᾶς
554 1702 618 1755 γε
650 1689 682 1758 ἡ
708 1691 896 1759 πεῖρα,
928 1689 995 1760 ἧν
1026 1707 1086 1742 τε
1116 1692 1179 1743 ὲκ
1210 1690 1317 1743 τῶν
1346 1690 1546 1759 βίϐλων
1580 1689 1745 1743 αὑτοῦ
1786 1706 1966 1742 συνει-

376 1778 645 1849 λέγμεθα,
671 1781 764 1833 καὶ
789 1782 854 1853 ἢν
879 1781 943 1834 ἐκ
966 1781 1074 1835 τῶν
1098 1781 1405 1853 ζηλούντων
1430 1782 1591 1835 αὑτὸν
1616 1782 1963 1852 ἀκηκόαμεν.

2079 590 2385 644 secundum
2437 604 2659 644 carnem
2690 596 2843 656 ortu,
2881 597 3051 643 totam
3102 588 3363 659 deinceps
3408 593 3658 664 mysterii

2077 682 2528 735 consecutionem
2580 680 2893 735 destruens.
2948 680 3152 750 Captus
3201 690 3386 736 tamen
3438 692 3555 749 est;
3601 692 3661 738 et

2076 786 2354 826 summum
2408 772 2745 841 supplicium
2796 772 3004 827 subivit
3051 774 3263 843 ejectus
3290 789 3355 828 ex
3394 784 3541 829 C(Blll
3571 775 3659 830 dio

2074 864 2204 917 vino
2227 879 2354 917 cum
2392 863 2792 933 impietatibus,
2819 866 2876 917 in
2908 864 3113 933 quibus
3136 881 3165 919 a
3198 876 3250 919 te
3275 866 3512 935 sumptis
3535 867 3658 920 eul-

2077 960 2164 1005 tus
2202 952 2325 1021 ejus
2378 953 2729 1008 elaboravit:
2766 969 3067 1023 pmnasque
3103 955 3377 1008 doctrinis
3427 956 3536 1010 tuis
3566 956 3656 1010 di-

2074 1059 2209 1111 gnas
2244 1043 2693 1113 persolvit.Satis
2728 1054 2858 1099 sunt
2888 1045 3007 1099 haec
3036 1044 3103 1098 ad
3137 1047 3654 1115 repraesentandum

2074 1135 2233 1189 istius
2266 1136 2370 1189 viri
2410 1136 2776 1204 impietatem,
2816 1152 2958 1203 quae,
2996 1146 3055 1191 ut
3099 1148 3186 1192 est
3241 1140 3296 1193 in
3332 1140 3651 1208 proverbio,

2071 1243 2138 1281 ex
2200 1228 2485 1297 unguibus
2545 1228 2763 1282 leonem
2817 1227 3223 1283 demonstrant.
3259 1228 3313 1283 Si
3352 1232 3477 1299 quis
3519 1245 3655 1286 vero

2072 1319 2191 1372 haec
2247 1332 2359 1370 non
2404 1317 2605 1381 credit,
2636 1325 2767 1371 sunt
2814 1316 2963 1371 enim
3024 1332 3214 1370 revera
3248 1318 3410 1387 digna
3451 1328 3511 1372 ut
3541 1334 3653 1372 non

2071 1408 2376 1462 credantur
2402 1428 2414 1463 ς
2441 1409 2560 1462 Νοιι
2598 1411 2879 1478 vitupero,
2905 1423 3087 1476 neque
3119 1424 3342 1476 queror,
3363 1409 3511 1478 quod
3547 1410 3655 1465 boc

2071 1500 2306 1559 accidat,
2331 1501 2462 1570 quia
2496 1516 2605 1554 non
2649 1500 2832 1554 videri
2884 1500 2999 1554 lnec
3035 1500 3382 1555 incredibilia
3408 1504 3656 1559 ostendit

2069 1609 2195 1646 eum
2239 1594 2335 1664 qui
2370 1593 2532 1648 facile
2561 1593 2821 1658 credidit,
2859 1609 2969 1647 non
3006 1609 3128 1649 esse
3150 1604 3433 1664 expertem
3457 1596 3653 1666 hujus-

2068 1685 2219 1739 modi
2298 1685 2598 1741 malorum.
2648 1683 2803 1750 Quod
2869 1684 3021 1739 enim
3077 1693 3163 1739 est
3198 1696 3452 1755 paratum
3488 1696 3544 1742 et
3593 1687 3653 1742 in

2069 1784 2332 1845 promptu
2364 1783 2425 1829 ut
2451 1790 2736 1830 assensum
2776 1776 2995 1839 habeat,
3032 1777 3197 1830 etiam
3248 1786 3333 1831 est
3371 1778 3653 1847 paratissi~

375 1845 629 1925 ἀπιστεῖν
678 1874 780 1927 οὐκ
812 1845 1162 1945 ’ἐπιτρέπειί
1184 1875 1387 1944 καίπερ
1416 1845 1724 1939 ἐθέλονταςι
1758 1845 1881 1937 Πῶς
1910 1875 1965 1927 δὲ

2070 1886 2218 1923 ιιιιιιιι
2275 1870 2343 1923 ad
2402 1868 2823 1939 experientiam.
2854 1870 2925 1924 At
2956 1885 3057 1924 nos
3098 1871 3447 1940 experientia
3482 1888 3649 1942 quam

379 1965 473 2017 καὶ
496 1964 751 2019 ἀπιστεῖν
808 1967 1102 2038 δυναίμην,
1161 1968 1272 2021 τῶν
1311 1967 1498 2022 κακῶν
1543 1969 1644 2037 τὴν
1676 1968 1875 2037 πεῖραν
1908 1968 1966 2019 ἐν

373 2056 601 2127 ἐμαυτῷ
630 2061 778 2127 σχεῖν
803 2058 1164 2122 κινδυνεύσας
1192 2076 1207 2125 ;

2064 1981 2132 2019 ex
2185 1964 2345 2018 libris
2381 1966 2502 2033 ejus
2536 1964 2886 2035 collegimus,
2918 1972 2974 2018 et
3004 1981 3168 2035 quam
3204 1981 3271 2020 ex
3311 1965 3382 2019 iis
3400 1965 3495 2035 qui
3518 1981 3648 2020 eum

2065 2056 2313 2109 studiose
2350 2054 2548 2109 imitati
2580 2056 3205 2121 sunt,audivimus,non
3238 2058 3511 2127 permittit
3534 2074 3648 2112 non

373 2150 601 2204 credere
631 2165 756 2203 cum
785 2150 992 2219 alioqui
1025 2150 1313 2205 vellemus.
1343 2150 1633 2217 Quomodo
1669 2166 1800 2207 vero
1828 2162 2049 2222 possem
2096 2163 2208 2200 non
2263 2146 2519 2210 credere,
2578 2147 2675 2217 qui
2743 2150 3016 2203 malorum
3079 2149 3525 2219 experimentum
3588 2150 3647 2204 in

374 2260 460 2298 me
488 2244 607 2315 ipso
645 2244 852 2299 habere
884 2244 1037 2299 visus
1065 2245 1230 2299 sum?

443 2378 567 2433 ΛΘ’.
597 2379 660 2429 Ol
690 2377 746 2430 δὲ
777 2376 918 2447 (οὐδὲ
946 2377 1056 2446 γάρ
1082 2379 1186 2430 είσι
1232 2379 1406 2447 σοφοὶ,
1462 2378 1604 2449 πλὴν
1658 2380 1821 2449 μόνου
1862 2380 1955 2433 τοῦ

373 2470 739 2538 κακοποιεῖν),
766 2470 891 2522 ἐπεὶ
921 2469 996 2541 μὴ
1024 2469 1279 2523 δύνανται
1312 2471 1454 2541 ὑπὲρ
1497 2472 1702 2525 τούτων
1761 2473 1960 2526 ἀπολο-

374 2560 672 2632 γήσασθαι,
734 2562 829 2615 τὸν
877 2562 1053 2632 μέγαν
1100 2563 1233 2633 ἡμῖν
1284 2563 1634 2632 προτείνουσι
1677 2564 1959 2618 Βασίλειον

374 2656 697 2725 γεγραφότα
753 2671 813 2707 τε
862 2654 1135 2725 Διοδώρῳ,
1183 2655 1280 2707 καὶ
1335 2655 1739 2725 ἀποδεξάμενον
1793 2656 1959 2710 αὑτοῦ

374 2763 497 2800 τινα
523 2746 632 2800 τῶν
664 2746 793 2816 περὶ
822 2746 1054 2815 Τριάδος
1087 2749 1488 2817 συνταγμάτων
1524 2762 1539 2778 °
1582 2748 1643 2799 ού
1668 2746 1776 2818 γὰρ
1808 2747 1965 2802 ἔναν-

376 2835 711 2907 ῡρωπήσεως
738 2838 914 2890 εἰπεῖν
940 2837 1159 2908 ἔχουσιν
1181 2838 1378 2902 ἄλλους
1403 2838 1461 2891 τέ
1504 2856 1655 2901 τινας
1699 2838 1808 2891 τῶν
1855 2840 1967 2892 Πα·

375 2928 431 2979 τέ
442 2943 572 2994 ρων,
600 2926 633 2995 ἢ
666 2926 1037 2995 γεγραφότας,
1065 2926 1099 2996 ἢ
1132 2928 1522 2997 μεμνημένους
1544 2926 1707 2980 αὑτοῦ
1731 2944 1964 2999 παρεισ-

376 3017 695 3073 κυκλοῦσιν.

447 3135 538 3187 Μ’.
587 3133 693 3186 Τδν
739 3133 795 3187 δὲ
834 3132 1121 3204 Ὠριγένην
1156 3132 1216 3186 οὗ
1256 3131 1650 3203 Θαυμάζουσιν,
1680 3132 1764 3185 ὅτι
1792 3134 1820 3186 6
1851 3132 1962 3186 τῶν

379 3225 675 3296 Θαυμάτων
715 3224 1005 3296 ἐπώνυμος
1037 3224 1363 3297 Γρηγόριος,
1414 3224 1506 3278 τὸν
1536 3224 1809 3296 ὲξιτήριον
1838 3242 1963 3280 συνο

377 3317 610 3381 τάττων,
657 3316 881 3387 μυρίους
910 3317 1203 3387 ἐγκωμίων
1250 3316 1503 3380 διέξεισιν
1533 3318 1613 3379 είς
1654 3316 1816 3370 αὐτὸν
1864 3315 1965 3369 κύ-

380 3408 561 3471 κλους.
598 3410 707 3461 Καὶ
730 3410 782 3461 τί
803 3409 946 3476 λέγω
990 3409 1275 3479 Ὠριγένην
1308 3426 1322 3475 ;
1368 3409 1544 3461 Ὅπου
1572 3424 1635 3475 γε
1668 3408 1763 3460 καὶ
1805 3407 1963 3460 Ἀπο-

379 3503 645 3573 λινάριος,
708 3504 737 3555 6
791 3502 937 3555 κατά
994 3501 1288 3572 διάμετρον
1337 3501 1487 3572 αύτῷ
1547 3504 1649 3571 τῆς
1709 3501 1965 3571 ἀληθείας

379 3593 742 3662 ἀποσφαλεὶς,
777 3593 980 3663 μυρίας
1044 3594 1182 3665 πρὸς
1237 3594 1399 3648 αὐτὸν
1459 3594 1749 3658 ἐπιστολάς
1803 3612 1964 3664 γεγε-

379 3685 575 3757 νῆσθαι
618 3685 894 3757 κομπάζει
932 3685 1255 3739 Ἀθανασίου
1306 3705 1366 3740 τε
1415 3686 1512 3740 τοῦ
1576 3688 1839 3757 μεγάλου,
1871 3689 1964 3740 καὶ

380 3778 754 3848 Σαραπίωνος,
779 3778 873 3830 καί
903 3795 966 3847 γε
1010 3778 1121 3831 τῶν
1170 3777 1347 3831 ἄλλων
1380 3780 1493 3832 ὅσοι
1540 3780 1659 3832 τότε
1704 3779 1962 3847 γεγόνασι

377 3867 621 3937 λαμπροὶ
642 3868 952 3937 φωστῆρες,
979 3866 1077 3919 καὶ
1105 3867 1204 3937 τῆς
1231 3866 1498 3935 ἀληθείας
1546 3867 1818 3937 πρόμαχοι
1847 3882 1860 3896 ·
1915 3866 1963 3919 εἰ

377 3959 435 4011 δέ
462 3975 548 4021 τις
575 3958 671 4029 τὴν
702 3959 833 4029 ὃλην
857 3958 994 4027 μετὰ
1028 3961 1214 4030 χεῖρας
1260 3957 1437 4024 λάϐοι,
1497 3960 1562 4031 ἢν
1609 3960 1638 4013 6
1688 3959 1961 4030 γνώριμος

391 4048 770 4119 Ἀπολιναρίου
824 4048 1091 4119 Τιμόθεος
1145 4051 1609 4122 ὲκκλησιαστικὴν
1676 4053 1962 4107 συντάττει

382 4141 647 4213 ἱστορίαν,
671 4141 783 4194 οὐδ’
804 4140 965 4194 ἄλλον
991 4141 1114 4193 τινὰ
1144 4140 1238 4194 τοῦ
1272 4142 1531 4196 τοσούτου
1568 4143 1731 4196 πόνου
1762 4145 1962 4198 σκοπὸν

380 4232 626 4303 εὑρήσει,
666 4234 807 4303 πλὴν
852 4234 950 4303 τὴν
1020 4234 1398 4303 Ἀπολιναρίου
1452 4234 1737 4301 σύστασιν,
1786 4238 1855 4305 ἣν
1898 4238 1964 4290 ὲκ

383 4326 594 4396 μυρίων
651 4326 1059 4395 συγκεκρότηκε
1118 4326 1226 4379 τῶν
1284 4325 1381 4379 ἀπ’
1431 4326 1599 4379 αὐτοῦ
1634 4344 1694 4380 τε
1729 4327 1826 4380 καὶ
1881 4328 1963 4390 εἰς

378 4419 542 4471 αὑτὸν
572 4418 887 4489 γραφεισῶν
914 4434 971 4470 τε
997 4418 1092 4471 καὶ
1136 4417 1579 4489 ἀντιγραφεισῶν
1614 4418 1913 4471 ἐπιστολῶν
1943 4434 1959 4448 ο

2130 2374 2374 2429 XXXIX.
2404 2374 2500 2430 Isti
2526 2390 2661 2430 vero
2698 2375 2829 2447 (non
2876 2374 3025 2430 enim
3055 2385 3185 2430 sunt
3210 2378 3510 2447 sapientes,
3535 2380 3643 2435 nisi

2060 2469 2127 2522 ad
2185 2467 2548 2538 nocendum),
2595 2468 2724 2538 quia
2762 2486 2870 2523 non
2916 2471 3287 2538 possunthaec
3321 2471 3643 2538 defendere,

2060 2561 2335 2631 objiciunt
2366 2562 2531 2615 nobis
2552 2577 2812 2631 magnum
2840 2561 3236 2632 Basilium,qui
3256 2563 3325 2616 ad
3346 2563 3646 2619 Diodorum

2061 2652 2371 2722 scripserit,
2394 2665 2451 2708 et
2474 2653 2725 2723 quaedam
2750 2656 2871 2724 ejus
2904 2654 2971 2709 de
3002 2654 3272 2710 Trinitate
3309 2658 3513 2727 scripta
3544 2674 3643 2728 ap-

2061 2743 2383 2813 probaverit
2412 2763 2424 2798 :
2456 2761 2567 2799 non
2602 2745 2751 2799 enim
2785 2746 2853 2801 de
2885 2746 3269 2802 incarnatione
3301 2759 3532 2817 possunt
3556 2749 3646 2803 di-

2062 2837 2516 2905 cere;quosdam
2548 2838 2715 2891 etiam
2758 2838 2954 2892 Patres
2973 2839 3068 2907 qui
3101 2840 3168 2894 de
3197 2855 3265 2894 eo
3298 2840 3647 2910 scripserunt

2062 2937 2159 2981 aut
2196 2928 2593 2992 meminerunt,
2626 2929 3049 2985 circumferunt.

2139 3127 2252 3182 XL.
2305 3126 2598 3198 Origenem
2650 3144 2785 3185 vero
2822 3146 2932 3185 non
2980 3132 3345 3198 admirantur,
3382 3136 3643 3205 quoniam

2066 3215 2365 3288 Gregorius
2403 3220 2497 3288 qui
2534 3235 2564 3273 a
2602 3220 2885 3275 miraculis
2914 3222 3184 3278 faciendis
3214 3236 3637 3295 cognomentum

2066 3309 2244 3375 duxit,
2272 3311 2324 3365 in
2349 3312 2599 3367 oratione
2632 3329 2796 3383 quam
2824 3314 2879 3368 in
2911 3315 3157 3370 discessu
3181 3333 3282 3371 suo
3304 3321 3641 3388 composuit,

2066 3402 2313 3458 inﬁnitas
2336 3405 2529 3459 laudes
2555 3406 2677 3476 ejus
2703 3407 3076 3477 persequitur.
3103 3408 3172 3463 Et
3201 3410 3334 3479 quid
3360 3410 3485 3466 dico
3514 3410 3629 3467 Ori-

2064 3497 2769 3567 genem?Quandoquidem
2794 3498 3188 3569 Apollinarius,
3206 3502 3300 3569 qui
3323 3503 3549 3558 omnino
3574 3520 3643 3559 ex

2065 3584 2302 3640 adverso
2335 3586 2447 3658 (55)
2483 3588 2533 3641 ei
2571 3604 2601 3642 ιι
2644 3590 2880 3645 veritate
2911 3590 3211 3650 aberravit.
3249 3594 3518 3663 gloriatur
3552 3594 3642 3650 in-

2063 3678 2441 3733 numerabiles
2487 3680 2746 3750 epistolas
2780 3680 2847 3735 ad
2876 3696 3003 3735 eum
3035 3683 3271 3751 scriptas
3304 3699 3425 3738 esse
3468 3684 3645 3741 Atha-

2063 3768 2205 3822 nasii
2242 3770 2449 3840 magni,
2483 3779 2540 3825 et
2571 3770 2914 3841 Serapionis,
2946 3783 3004 3827 et
3035 3773 3294 3838 aliorum,
3319 3775 3644 3847 quicunque

2064 3858 2292 3914 fuerunt
2320 3871 2452 3917 tunc
2486 3861 2752 3932 fulgentia
2809 3864 3013 3929 sidera,
3042 3874 3099 3919 et
3141 3867 3390 3921 veritatis
3430 3884 3639 3937 propu-

2064 3960 2322 4019 gnatores
2353 3969 2370 4004 :
2391 3962 2447 4006 et
2480 3952 2523 4006 si
2554 3952 2680 4023 quis
2709 3953 2763 4007 in
2791 3970 2983 4009 manus
3006 3965 3187 4009 sumat
3210 3957 3642 4012 ecclesiasticam

2065 4041 2355 4096 historiam
2391 4058 2554 4113 quam
2599 4043 2925 4098 Timotheus
2964 4043 3293 4114 Apollinarii
3325 4046 3639 4117 discipulus

2064 4135 2393 4203 composuit,
2422 4135 2634 4189 nullum
2660 4136 2831 4190 alium
2859 4135 3021 4190 ﬁnem
3049 4136 3184 4190 tanti
3205 4137 3411 4191 laboris
3439 4154 3645 4209 propo-

2064 4227 2230 4281 situm
2260 4226 2366 4296 ipsi
2404 4227 2667 4296 reperiet,
2696 4242 2857 4297 quam
2898 4227 3430 4283 commendationem
3468 4231 3640 4299 Apol-

2064 4316 2268 4381 linarii,
2320 4332 2482 4385 quam
2527 4332 2595 4371 ex
2643 4332 2711 4371 eo
2754 4316 2997 4386 collegit,
3046 4317 3196 4386 quod
3231 4317 3300 4371 ab
3342 4318 3460 4388 ipso
3489 4330 3545 4374 et
3571 4321 3640 4374 ad

2065 4408 2244 4478 ipsum
2268 4408 2497 4463 inﬁnitae.
2514 4408 2762 4478 epistolae
2787 4409 3008 4478 scriptae
3030 4416 3086 4462 et
3105 4410 3385 4479 rescripta:
3416 4422 3599 4466 essent
3624 4430 3642 4465 :

377 4512 430 4563 οἱ
469 4509 515 4562 δ’
545 4509 699 4562 αὐτοί
725 4526 816 4578 μοι
854 4508 1072 4562 δοκοῦσι
1102 4509 1198 4563 καὶ
1244 4510 1435 4579 Δημᾶν
1483 4508 1624 4578 τάχα
1669 4511 1962 4579 συστήσειν

2067 4498 2157 4567 qui
2207 4498 2344 4553 mihi
2393 4498 2657 4553 videntur
2713 4499 2906 4553 eadem
2956 4497 3170 4553 ratione
3202 4500 3427 4554 Demam
3479 4502 3643 4557 nobis

380 4604 536 4671 ἡμῖν,
569 4601 650 4654 ὅτι
688 4601 781 4653 καὶ
812 4598 1024 4663 Παῦλος
1054 4599 1219 4653 αὐτὸν
1260 4599 1556 4669 Ῥωμαίοις
1607 4600 1962 4670 συνέστηκεν,

382 4694 477 4747 καὶ
509 4694 599 4746 τὸν
636 4692 839 4746 Ἰούδαν
863 4692 1178 4745 συντάττειν
1206 4691 1285 4761 τῷ
1315 4690 1461 4761 χορῷ
1490 4690 1598 4743 τῶν
1625 4691 1962 4755 ἀποστόλων,

381 4784 647 4848 πολλάκις
676 4783 752 4854 τῷ
780 4783 997 4855 Σωτῆρι
1028 4782 1415 4835 συναλισθὲντα
1442 4798 1456 4811 ο
1481 4781 1596 4835 ἀλλ’
1618 4782 1965 4835 ἀκουέτωσαν

384 4876 478 4928 καὶ
505 4875 640 4946 πρὸς
669 4873 852 4946 ἡμῶν,
882 4874 957 4937 ὠς
987 4877 1036 4927 εί
1073 4873 1317 4943 μέλλοιεν
1370 4870 1469 4936 τὰς
1508 4872 1645 4942 πρός
1671 4890 1825 4934 τινας
1854 4873 1964 4925 τῶν

385 4966 647 5036 ΙΙατέρων
676 4965 1072 5037 γεγραμμένας
1101 4961 1415 5028 ἐπιστολὰς,
1444 4962 1550 5034 πρὸ
1576 4961 1676 5031 τῆς
1706 4960 1965 5032 ἀληθείας

384 5055 676 5118 αἰδεῖσθαι,
710 5055 770 5107 οὐ
819 5054 1096 5122 Θεόδωρον
1134 5054 1166 5123 ἣ
1203 5053 1468 5123 Διόδωρον
1501 5051 1683 5121 μόνον,
1710 5050 1846 5103 ἀλλά
1872 5051 1966 5103 καὶ

387 5148 582 5210 ἄλλους
630 5146 884 5211 πολλοὺς,
922 5148 1018 5200 καὶ
1045 5145 1138 5208 οὓς
1164 5144 1272 5197 οὐδ’
1299 5145 1453 5197 αὐτοὶ⁵
1482 5142 1783 5213 βούλονται,
1823 5159 1966 5214 συμ-

385 5239 797 5310 παραδέχεσθαι
821 5238 1227 5310 βιασθήσονται.

458 5333 593 5387 MA'.
623 5327 749 5385 Οίον
769 5331 825 5385 δὲ
853 5330 1035 5386 αὐτῶν
1058 5331 1279 5383 κάκεῖνο
1302 5344 1315 5358 ·
1363 5324 1480 5397 Ἐφ’
1516 5322 1597 5392 οἷς
1624 5326 1759 5399 γὰρ,
1781 5328 1966 5399 φησιν,

386 5424 643 5478 εὖθύνετε
680 5424 961 5493 Θεόδωρον
1002 5422 1034 5493 ἢ
1092 5421 1378 5491 Διόδωρον,
1428 5420 1524 5473 καὶ⁹
1573 5420 1699 5482 τοὺς
1746 5418 1968 5482 λοιποὺς

388 5511 643 5586 Πατέρας
698 5514 982 5578 ὑπαιτίους
1033 5512 1379 5583 εὑρίσκομεν.
1435 5511 1546 5564 Καὶ
1597 5510 1966 5581 προφέρουσιν

463 5714 589 5787 (ἱῖὗ),
631 5689 734 5781 Qui
778 5714 990 5787 omnino
1025 5728 1089 5765 ex
1134 5709 1373 5764 adversa.
1439 5707 1615 5787 Etiam
1652 5707 1784 5762 hinc
1809 5707 1982 5787 liquet

397 5778 694 5844 Leontium
720 5786 972 5857 Origenis
1000 5789 1329 5841 sectatorem
1360 5794 1469 5834 non
1515 5779 1707 5844 fuisse,
1772 5778 1969 5834 saltem

2066 4589 2533 4653 commcndaturi,
2587 4588 2716 4659 quia
2767 4590 2972 4644 Paulus
3020 4604 3149 4644 eum
3189 4590 3453 4647 Romanis
3485 4608 3642 4648 com-

2066 4682 2378 4747 mendavit;
2413 4691 2469 4737 et
2496 4683 2693 4738 ludam
2747 4683 2918 4737 choro
2950 4684 3329 4753 apostolorum
3370 4684 3645 4741 adnume-

2064 4791 2212 4839 rare,
2237 4775 2369 4845 quia
2385 4791 2528 4845 saepe
2558 4792 2683 4831 cum
2707 4775 2993 4831 Salvatore
3014 4776 3199 4831 cibum
3229 4778 3465 4848 sumpsit
3498 4796 3511 4832 :
3544 4778 3645 4834 sed

2068 4865 2298 4920 audiant
2323 4882 2354 4921 a
2383 4866 2567 4929 nobis,
2600 4866 2747 4936 quod
2777 4866 2821 4921 si
2844 4868 3069 4937 scriptis
3098 4867 3348 4937 epistolis
3377 4870 3646 4940 majorem

2066 4961 2465 5025 reverentiam,
2517 4976 2681 5029 quam
2733 4959 2952 5014 veritati
2987 4959 3253 5014 adhibere
3284 4959 3498 5023 volunt,
3530 4976 3646 5013 non

2066 5051 2247 5104 solum
2271 5051 2625 5106 Theodorum
2656 5060 2750 5107 aut
2775 5051 3098 5114 Diodorum.
3126 5051 3220 5105 sed
3248 5058 3304 5105 et
3332 5051 3469 5104 alios
3502 5051 3645 5105 mul-

2068 5149 2176 5207 tos,
2231 5148 2288 5196 et
2343 5157 2483 5211 quos
2530 5157 2634 5197 nec
2660 5142 2765 5211 ipsi
2812 5142 3026 5206 volunt,
3061 5140 3418 5210 comprobare
3444 5154 3649 5210 cogen-

2069 5242 2183 5287 ῙΙΙΓ.

2144 5324 2281 5378 XLI.
2306 5324 2477 5391 Quale
2508 5332 2773 5395 prmterea
2803 5329 2889 5378 est
2922 5322 3081 5387 illud,
3119 5321 3174 5375 in
3205 5320 3647 5391 quibus,inquit,

2074 5416 2354 5486 corrigitis
2407 5416 2761 5471 Theodorum
2819 5422 2913 5470 aut
2959 5414 3281 5477 Diodorum,
3331 5412 3385 5466 in
3435 5412 3649 5467 eisdem

2073 5508 2240 5562 etiam
2269 5509 2516 5578 reliquos
2547 5508 2739 5562 Patres
2766 5522 2888 5560 reos
2917 5521 3038 5560 esse
3070 5505 3400 5575 reperimus.
3422 5503 3489 5558 Et
3520 5518 3651 5573 pro-

2089 5708 2364 5835 cum'h'i‘ee
2395 5706 2710 5775 scriberet;
2761 5721 2887 5764 cum
2920 5704 3213 5779 Origenem
3251 5716 3503 5761 errorum
3550 5715 3641 5766 ar-

2089 5788 2228 5835 zuat.
2322 5796 2409 5834 ua.

2078 5788 2228 5847 sunt.
2272 5788 2409 5835 Ἰίῑι.
