4120 6444
446 385 581 450 13Ἶ9

1690 370 2004 434 LEONTII
2045 365 2449 429 BYZANTINI

3586 361 3725 427 1390

440 496 629 548 ferunt
658 488 822 545 nobis
854 503 919 542 ex
955 485 1260 556 Serapione
1291 484 1523 554 quidcm
1564 482 1722 546 illud,
1754 483 1900 535 Deus
1942 481 2039 533 ho-

2144 480 2273 548 ἡμῖν
2303 474 2656 546 Σαραπίωνος
2690 474 2790 545 μὲν
2818 473 2899 540 τὸ,
2938 473 2967 527 ὁ
2997 472 3130 538 Θεὸς
3173 472 3264 528 τὸν
3301 470 3588 544 ἄνθρωπον
3627 490 3730 525 πε-

442 588 651 640 minem
672 582 888 647 induit;
918 596 985 635 ex
1010 579 1212 633 Basilio
1237 585 1443 639 autem,
1472 576 1635 629 homo
1657 572 1863 639 deil‘er;
1889 570 2022 625 illud

442 687 744 745 utrumque
765 689 833 728 ex
860 671 1163 741 Gregoriis.
1187 685 1423 739 quorum
1450 668 1590 722 alter
1609 665 1834 735 quidem
1870 664 2030 718 dixe-

443 770 516 822 rit
547 767 812 820 :Dicatur
859 763 1006 817 Deus
1038 776 1150 815 non
1181 759 1375 822 Verbi,
1403 757 1502 813 sed
1537 757 1657 826 ejus
1700 753 1796 825 qui
1832 768 2029 808 cerne-

443 857 639 920 batur;
678 856 819 908 alter
879 866 1010 904 vero
1064 868 1077 903 :
1120 850 1189 904 Et
1226 848 1372 903 servi
1423 847 1628 901 livores
1678 844 1826 898 circa
1862 856 2027 911 quem

444 949 741 1012 Dominus;
778 955 835 1000 et
866 943 1134 1014 quasdam
1177 942 1522 1011 reliquorum
1560 939 1783 992 Patrum
1820 935 2030 989 similes

445 1042 670 1094 voculas
707 1039 877 1093 veluti
920 1036 1203 1107 unguibus
1226 1033 1552 1089 corradunt.
1574 1027 1889 1101 cujusmodi
1922 1035 2027 1090 est,

446 1133 704 1202 Suscepit,
734 1132 1040 1200 assumpsit,
1083 1129 1277 1191 induit,
1309 1137 1365 1181 et
1406 1124 1604 1194 duplex
1655 1130 1793 1186 erat,
1825 1129 1881 1175 et
1922 1119 2030 1173 alia

445 1222 740 1295 ejusmodi,
789 1238 911 1293 qua:
941 1221 1311 1276 diﬁerentiam
1343 1225 1663 1271 naturarum
1714 1210 1918 1268 Christi
1947 1224 2032 1265 se-

447 1316 691 1370 cundum
722 1314 1089 1369 substantiam
1115 1310 1393 1365 unitarum
1418 1307 1723 1362 declarant.
1741 1305 1809 1358 Et
1830 1311 2033 1372 praeter

450 1420 649 1465 caetera
690 1409 897 1471 omnia,
928 1406 1113 1478 Cyrilli
1150 1407 1499 1477 hypostases,
1531 1409 1587 1455 et
1633 1399 1913 1454 hominem
1964 1411 2031 1450 ex

453 1500 644 1563 Maria,
682 1508 740 1553 et
768 1498 1034 1567 templtnn
1064 1512 1133 1551 ex
1160 1495 1405 1565 Virgine.
1464 1489 1675 1546 Deinde
1714 1490 2031 1543 mistionem

453 1602 510 1646 ct
538 1591 978 1646 commistioncm
1009 1598 1063 1643 et
1092 1587 1399 1642 naturalem
1430 1584 1817 1645 eohmsionem,
1842 1590 1899 1635 et
1918 1578 2035 1633 dei-

457 1684 791 1747 ﬁcationem,
817 1691 876 1737 et
895 1680 1216 1751 sanguinem
1237 1677 1357 1742 Dei,
1379 1684 1435 1730 et
1454 1690 1700 1740 crucem,
1732 1682 1789 1727 et
1821 1670 2036 1742 passio-

456 1790 615 1839 nem;
644 1781 700 1828 et
732 1773 877 1843 quod
907 1773 1028 1842 plus
1059 1778 1164 1836 est,
1190 1767 1495 1823 secundam
1520 1765 1687 1821 Verbi
1725 1761 2035 1819 secundum

456 1881 679 1920 carnem
738 1865 1339 1935 generationem;cum
1379 1860 1547 1914 iidem
1590 1857 1793 1927 alioqui
1830 1856 2038 1920 dicant,

458 1970 571 2009 non
602 1966 786 2010 tamen
822 1953 909 2008 isti
941 1953 1195 2006 audiunt.

528 2108 596 2161 Et
617 2106 749 2177 quid
772 2120 913 2174 opus
933 2113 1019 2158 est
1039 2103 1227 2157 dicere
1247 2102 1316 2156 de
1343 2100 1546 2155 unione
1570 2098 1875 2155 secundum
1907 2098 2035 2155 sub-

458 2199 738 2263 stantiam,
764 2208 820 2252 et
848 2197 917 2253 de
946 2194 1229 2267 hypostasi
1269 2193 1503 2247 duarum
1538 2201 1887 2257 naturarum,
1912 2193 2037 2261 qui-

460 2292 566 2347 bus
613 2291 750 2345 nihil
799 2299 881 2344 est
937 2289 1109 2359 magis
1157 2302 1349 2351 unum,
1377 2293 1436 2340 et
1487 2286 1812 2339 naturaliter
1860 2286 2039 2339 cohae-

461 2384 715 2439 rentius?
745 2383 995 2437 Primum
1045 2381 1236 2450 igitur,
1274 2378 1411 2432 illud
1467 2387 1552 2433 est
1595 2377 2038 2432 consideratione

460 2474 711 2544 dignum,
743 2475 889 2544 quod
918 2488 1027 2527 non
1055 2481 1142 2525 est
1171 2471 1335 2525 nobis
1363 2470 1431 2524 de
1454 2469 1686 2524 vocibus
1712 2478 2039 2523 controver-

462 2568 563 2631 sia,
603 2566 700 2621 sed
727 2566 794 2619 de
834 2564 998 2617 modo
1032 2565 1204 2617 totius
1252 2562 1504 2633 mysterii
1530 2560 1755 2616 Christi.
1790 2560 1904 2615 Hoc
1942 2577 2041 2614 au-

463 2667 575 2712 tem
633 2671 743 2710 non
791 2654 1118 2723 simpliciter
1143 2669 1210 2708 ex
1241 2653 1346 2707 hac
1402 2661 1499 2706 aut
1536 2651 1629 2705 illa
1658 2667 1813 2717 voce,
1835 2661 1930 2705 aut
1972 2667 2041 2706 ex

463 2748 792 2820 quibusdam
837 2747 1024 2801 verbis
1069 2755 1154 2800 est
1186 2745 1604 2815 approbandum
1642 2754 1738 2799 aut
1776 2760 2047 2799 accusan-

464 2842 618 2904 dum,
670 2839 766 2894 sed
821 2854 891 2893 ex
940 2837 1136 2908 primis
1182 2835 1495 2907 principiis.
1524 2836 1684 2890 Circa
1729 2836 1844 2889 haec
1890 2836 2038 2889 enim

464 2932 645 2987 omnis
672 2930 898 2987 hzeresis
922 2938 1399 2986 controversatur.
1422 2929 1551 2982 Post
1581 2927 1855 2997 principia
1888 2928 2039 2980 enim

464 3038 659 3077 omnes
691 3022 836 3076 inter
856 3035 915 3075 se
943 3020 1011 3075 de
1035 3018 1267 3074 vocibus
1298 3017 1661 3081 conveniunt,
1700 3017 1773 3070 ita
1810 3025 1871 3069 ut
1896 3015 2041 3085 ipsa-

464 3126 587 3163 rum
611 3109 1023 3179 Scripturarum
1052 3123 1217 3164 voces
1250 3107 1355 3162 sibi
1381 3107 1661 3161 vindicent
1688 3122 1783 3161 eas
1810 3106 1878 3159 ad
1908 3121 2040 3174 pro-

464 3200 648 3271 prium
690 3215 916 3269 scopum
957 3200 1460 3255 accommodantes.
1484 3200 1617 3265 Quae
1639 3214 1770 3253 vero
1788 3210 1917 3254 sunt
1943 3201 2041 3253 ho-

2066 1933 2113 1990 B

2137 568 2422 641 ριεϐάλετο
2450 583 2463 597 ·
2493 565 2777 619 Βασιλείου
2808 566 2864 620 δέ
2890 566 2970 633 τὸ,
3018 568 3047 620 ὁ
3095 565 3353 636 θεοφόρος
3396 564 3680 635 ἄνθρωπος
3708 581 3724 594 ο

2134 659 2268 721 Θεὸς
2291 657 2502 723 λέγοιτο
2533 656 2601 710 ἂν
2634 657 2693 709 ού
2718 656 2813 709 τοῦ
2849 656 3049 725 Λόγου,
3087 656 3179 710 τοῦ
3206 654 3484 728 ὁρωμένου
3515 655 3593 718 δέ,
3627 655 3727 708 τοῦ

2135 748 2237 820 [δέ]
2265 747 2593 818 φάσκοντος,
2628 748 2723 801 xui.
2746 747 2841 801 τοῦ
2867 748 3056 802 δούλου
3080 750 3205 813 τοὺς
3249 748 3547 819 μώλωπας,
3598 751 3730 819 περὶ

2133 840 2191 892 ὃν
2219 842 2247 892 ό
2282 839 2564 909 Δεσπότης
2591 854 2607 869 ⁶
2657 840 2769 892 τῶν
2817 856 2879 893 τε
2920 840 3127 893 λοιπῶν
3185 840 3447 911 Πατέρων
3504 839 3731 893 τοιαῦτά

2133 946 2257 983 τινα.
2294 929 2765 1001 περιονυχίςοντες
2786 931 3080 997 άποξέουσι
3138 930 3371 998 λεξείδια
3407 946 3419 958 ·
3454 926 3567 984 οἷόν
3610 932 3729 982 ἐστι

2134 1020 2195 1074 τό
2230 1037 2291 1072 τε
2320 1019 2602 1086 ἀνέλαϐε,
2650 1023 2745 1075 καὶ
2779 1024 3177 1091 προσείληφε,
3229 1023 3322 1076 xui.
3370 1022 3727 1086 ἐνεδύσατο,

2136 1113 2231 1165 xui.
2267 1114 2349 1178 τὸ,
2386 1112 2649 1180 διπλοῦς
2682 1115 2793 1184 γὰρ
2821 1111 2919 1183 ἦν,
2958 1115 3056 1167 καὶ
3082 1116 3184 1168 ὅσα
3213 1114 3459 1177 τοιαῦτα,
3481 1115 3577 1182 τῆς
3608 1113 3713 1166 δια-

2137 1208 2310 1277 φορᾶς
2352 1206 2481 1260 ὅντα
2526 1207 2801 1278 δηλωτικὰ
2848 1207 2958 1259 τῶν
2993 1206 3269 1268 ούσιωδῶς
3297 1205 3591 1276 ήνωμένων
3627 1204 3733 1273 φύει

2139 1316 2278 1352 σεων
2330 1298 2425 1351 τοῦ
2478 1298 2744 1369 Χριστοῦ.
2814 1299 2941 1352 Ἐπὶ
3002 1301 3137 1352 πᾶσι
3194 1298 3253 1351 δὲ
3302 1297 3578 1368 Κυρίλλου
3630 1297 3731 1361 τὰς

2139 1391 2490 1455 ὑποστάσεις,
2533 1391 2628 1444 καὶ
2658 1391 2749 1445 τὸν
2792 1392 2858 1444 ἐκ
2896 1391 3115 1461 Μαρίας
3153 1391 3461 1460 ἄνθρωπον,
3493 1389 3589 1443 xui.
3635 1388 3731 1443 τὸν

2139 1482 2202 1534 ἐκ
2231 1482 2510 1553 Παρθένου
2557 1481 2706 1536 ναόν.
2758 1482 2872 1553 Τὴν
2912 1481 2969 1534 δὲ
3032 1482 3228 1552 κρᾶσιν
3283 1482 3381 1534 xui.
3425 1481 3729 1550 άνάκρασιν

2141 1574 2419 1643 συμφυΐαν
2448 1590 2507 1627 τε
2532 1575 2626 1626 καὶ
2652 1573 2869 1638 θέωσιν,
2902 1567 3045 1643 αἷμά
3076 1589 3137 1625 τε
3164 1571 3322 1636 Θεοῦ,
3347 1571 3443 1626 καὶ
3471 1570 3729 1642 σταυρὸν,

2141 1667 2236 1717 xui.
2294 1664 2488 1729 πάθος,
2544 1666 2639 1719 καὶ
2682 1664 2930 1728 θάνατον,
2962 1664 3058 1717 καὶ
3093 1663 3199 1734 πρὸ
3229 1663 3438 1716 τούτων
3466 1663 3731 1732 δευτέραν

2140 1756 2234 1810 τοῦ
2278 1758 2455 1826 Λόγου
2489 1759 2632 1811 κατὰ
2662 1759 2841 1828 σάρκα
2872 1758 3152 1830 γέννησιν,
3182 1758 3292 1812 τῶν
3325 1757 3507 1810 αὐτῶν
3541 1755 3732 1824 λεγόν-

2139 1863 2241 1901 τωσι
2281 1848 2379 1900 οὐκ
2402 1848 2673 1901 ἐπαΐουσι.

2213 2087 2325 2142 Καὶ
2352 2087 2404 2139 τί
2432 2086 2511 2140 δεῖ
2532 2086 2712 2155 λέγειν
2744 2085 2873 2157 περὶ
2929 2086 3031 2157 τῆς
3084 2088 3205 2141 κατ’
3258 2086 3446 2141 οὐσίαν
3497 2086 3592 2140 xui.
3641 2087 3736 2140 ού-

2145 2179 2351 2242 σιιτλδως
2378 2176 2644 2243 ἐνώσεως,
2692 2178 2794 2249 τήν
2844 2194 2903 2230 τε
2957 2178 3088 2248 μίαν
3143 2177 3441 2231 ὑπόστασιν
3485 2176 3594 2229 τῶν
3638 2177 3739 2230 δύο

2146 2272 2382 2342 φύσεων,
2449 2263 2524 2325 ὧν
2580 2269 2731 2323 οὐδὲν
2794 2270 3124 2341 ἐνικὼτερον
3174 2269 3208 2340 ἢ
3277 2270 3735 2339 συμφυέστερονς

2145 2363 2367 2433 Πρῶτον
2392 2362 2491 2433 μὲν
2522 2357 2617 2415 οὖν
2640 2362 2817 2415 ἐκεῖνο
2853 2364 3083 2414 σκοπεῖν
3121 2359 3295 2426 ἄξιον,
3355 2360 3436 2413 ὅτι
3484 2358 3546 2413 ού
3604 2358 3741 2429 περὶ

2144 2453 2343 2519 λέξεών
2373 2456 2524 2509 ἐστιν
2561 2455 2698 2524 ἡμῖν
2746 2452 2807 2506 τὸ
2836 2451 3380 2523 ἀμφισϐητούμενον,
3422 2451 3559 2505 ἀλλὰ
3603 2450 3743 2520 περὶ

2144 2545 2238 2600 τοῦ
2297 2546 2500 2619 τρόπου
2553 2545 2650 2600 τοῦ
2707 2545 2834 2599 ὅλου
2897 2546 3042 2599 κατὰ
3100 2545 3337 2616 Χριστὸν
3407 2543 3736 2614 μυστηρίου.

2147 2638 2317 2692 Τοῦτο
2375 2638 2433 2692 δέ
2480 2638 2579 2708 οὐχ
2632 2636 2820 2701 ἁπλῶς
2850 2638 2916 2690 ἐκ
2944 2637 3105 2708 τῆσδε
3133 2636 3166 2707 ἢ
3192 2636 3355 2706 τῆσδε
3389 2635 3486 2706 τῆς
3512 2634 3740 2701 λέξεως,

2145 2732 2178 2802 ἢ
2220 2730 2377 2785 ἐνίων
2410 2732 2673 2801 ῥημάτων
2701 2730 2850 2785 ἔστιν
2881 2730 3180 2801 ἐγκρίνειν,
3227 2729 3259 2799 ἢ
3310 2728 3737 2800 διαγράφεσθαι,

2146 2824 2261 2876 ἀλλ’
2296 2824 2361 2875 ἐκ
2390 2823 2497 2875 τῶν
2526 2823 2758 2894 πρώτων
2789 2823 2994 2894 ἀρχῶν.
3027 2823 3165 2895 Περὶ
3200 2822 3310 2893 γὰρ
3345 2822 3551 2885 ταύτας
3584 2823 3740 2874 πάσα

2146 2917 2357 2987 αἵρεσις
2388 2912 2787 2979 διαστασιάζει,
2836 2914 2961 2966 ἐπεὶ
2999 2912 3138 2984 μετὰ
3176 2913 3275 2976 τὰς
3308 2913 3481 2984 ἀρχὰς
3534 2913 3741 2975 πάντες

2147 3009 2280 3060 πᾶσι
2316 3007 2462 3060 κατὰ
2498 3004 2595 3068 τὰς
2635 3004 2810 3072 λέξεις
2841 3005 3243 3076 συμφέρονται,
3289 3004 3367 3067 ὼς
3416 3004 3512 3057 καὶ
3555 3003 3739 3058 αὐτῶν

2145 3098 2254 3150 τῶν
2302 3096 2535 3167 Γραφῶν
2591 3095 2692 3158 τὰς
2754 3095 2930 3162 λέξεις
2979 3094 3421 3165 σφετερίζεσθαι,
3461 3094 3598 3165 πρὸς
3644 3095 3739 3147 τον

2147 3193 2348 3244 οἰκεῖον
2377 3188 2581 3251 ταύτας
2619 3188 2821 3241 σκοπὸν
2853 3186 3288 3257 ἐφαρμόζοντας.
3322 3184 3480 3248 Τίνες
3510 3185 3567 3237 δέ
3596 3186 3739 3237 είσιν

466 3308 589 3345 rum
604 3291 899 3361 principia?
915 3290 1111 3345 modus
1128 3291 1340 3345 scilicet
1354 3291 1579 3344 unionis
1594 3291 1900 3345 secundum
1914 3291 2040 3345 sub-

2147 3285 2203 3337 αί
2232 3282 2437 3336 τούτων
2464 3281 2681 3352 ἀρχαίς
2743 3282 2772 3333 ὁ
2815 3280 3017 3351 τρόπος
3066 3278 3267 3349 δηλαδὴ
3314 3277 3416 3347 τῆς
3466 3276 3736 3343 ἐνώσεως,

467 3384 817 3445 stantiam,et
839 3382 1147 3437 secundum
1168 3381 1551 3437 habitudinem
1580 3382 1758 3437 factus
1779 3400 1793 3448 ;
1818 3392 1878 3436 ut
1896 3392 2043 3438 esset

469 3474 527 3527 in
557 3472 896 3527 humanitate
920 3472 1160 3542 perfecta
1181 3472 1428 3527 Verbum
1452 3473 1600 3543 quod
1621 3473 1677 3526 in
1700 3473 1857 3527 nobis
1877 3474 2044 3527 homo

468 3566 703 3620 interior
745 3564 1049 3618 secundum
1094 3565 1421 3634 Apostolum
1450 3564 1819 3634 συνυφεστὼς,
1852 3565 1907 3620 id
1935 3572 2042 3631 est,

469 3653 905 3717 consubsistens,
948 3661 1005 3707 et
1034 3651 1103 3706 ad
1140 3653 1309 3707 totius
1334 3653 1717 3708 deﬁnitionem
1762 3654 2046 3723 pertinens

470 3754 596 3815 post
623 3745 908 3809 unionem,
932 3745 1075 3799 sicut
1098 3745 1295 3800 Patres
1314 3746 1411 3815 qui
1440 3747 1668 3802 Paulum
1697 3746 2047 3803 Samosaten-

470 3850 586 3888 sem
621 3833 950 3903 deposuere,
984 3835 1369 3889 enuntiarunt.

547 3993 653 4050 Sed
693 4009 874 4064 neque
899 4010 994 4049 eos
1018 3996 1111 4065 qui
1146 4010 1176 4049 e
1198 3995 1479 4050 contrario
1502 3996 1662 4049 nobis
1686 4006 1833 4052 stant
1857 4006 2046 4054 contra

471 4086 1112 4155 veritatem,quivoccs
1171 4088 1299 4150 sibi,
1352 4096 1413 4142 ut
1471 4088 1833 4154 arbitrantur,
1895 4099 2048 4160 aptas

473 4176 782 4246 proferunt,
817 4192 1100 4243 curamus,
1127 4186 1389 4247 tanquam
1427 4177 1510 4232 eis
1542 4194 1642 4233 nos
1673 4188 1893 4234 utentes
1921 4196 2047 4235 cum

471 4266 626 4334 ipsis,
660 4273 755 4320 aut
804 4266 1080 4322 ﬁctionem
1114 4277 1343 4332 natum,
1374 4278 1470 4322 aut
1503 4269 1885 4324 confusionem
1917 4288 2047 4341 pro-

472 4357 746 4423 ﬁteantur,
780 4373 959 4427 neque
1003 4374 1123 4428 qua:
1143 4374 1175 4413 a
1204 4359 1365 4413 nobis
1414 4358 1546 4428 ipsis
1576 4359 1954 4429 proferuntur,
1981 4362 2048 4416 ad

469 4447 896 4514 defendendam,
935 4465 1099 4519 quam
1143 4451 1370 4520 putatis,
1412 4450 1688 4505 ﬁctionem
1720 4451 2046 4517 divinitatis,

468 4550 565 4595 aut
588 4557 785 4595 vanam
806 4557 959 4613 spem
988 4552 1228 4596 vestram
1260 4543 1315 4597 in
1350 4543 1574 4598 homine
1599 4560 1758 4613 puro,
1786 4554 2047 4615 tanquam

2143 3373 2421 3436 οὑσιωδῶς
2448 3372 2563 3426 ἀλλ’
2593 3373 2654 3425 ού
2706 3370 2971 3443 σχετικῶς
3022 3371 3303 3440 γεγονώς·
3352 3369 3428 3435 ὡς
3480 3365 3619 3423 εἶναι
3678 3371 3739 3423 ἑν

2143 3471 2210 3538 τῇ
2240 3466 2422 3537 τελείᾳ
2447 3465 2829 3536 ἀνθρωπότητι
2866 3463 2959 3517 τὸν
2990 3464 3185 3531 Λόγον,
3232 3464 3371 3534 ὅπερ
3410 3463 3469 3516 ἐν
3514 3463 3646 3533 ἡμῖν
3706 3464 3739 3516 ὀ

2146 3558 2253 3611 ἔσω
2286 3558 2570 3627 ἄνθρωπος
2602 3555 2741 3609 κατὰ
2784 3555 2877 3608 τὸν
2938 3554 3259 3607 ’Δπόστολον
3310 3553 3736 3622 συνυφεστὼς,

2147 3652 2245 3706 xui.
2266 3653 2348 3715 είς
2374 3650 2468 3704 τὸν
2497 3649 2594 3703 τοῦ
2625 3650 2749 3704 ὅλου
2774 3650 2899 3721 ὅρον
2924 3650 3194 3702 συντελῶν
3223 3649 3361 3718 μετὰ
3391 3648 3489 3717 τὴν
3515 3647 3735 3710 ἕνωσιν,

2150 3745 2294 3798 καθά
2325 3744 2419 3797 xui.
2457 3745 2509 3797 οί
2538 3743 2630 3796 τὸν
2666 3742 2990 3812 Σαμοσατέα
3013 3740 3461 3811 στηλιτεύσαντες
3492 3739 3736 3811 Πατέρες

2148 3832 2514 3901 ἀπεφήναντο.

2218 3992 2364 4046 Ἀλλ’
2396 3991 2521 4044 οὔτε
2545 3990 2656 4045 τῶν
2683 3991 2748 4044 ἐκ
2774 3990 3071 4061 διαμέτρου
3099 3989 3230 4059 ἡμῖν
3259 3988 3395 4060 πρὸς
3441 3990 3543 4060 τὴν
3599 3990 3737 4060 ἀλή-

2149 4083 2301 4137 θειαν
2319 4083 2644 4153 ἱσταμένων,
2667 4082 2787 4145 τὰς,
2809 4081 2883 4144 ὡς
2900 4081 3128 4145 οἴονται,
3146 4078 3527 4150 ἁρμοττούσας
3549 4081 3736 4143 αὐτοῖς

2149 4176 2538 4246 προφερόντων
2613 4172 3107 4245 ἐπιστρεφόμεθαο
3180 4170 3255 4234 ὡς
3326 4169 3576 4224 ἐντεῦθεν
3634 4171 3736 4240 τὴν

2148 4268 2370 4339 δόκησιν
2399 4267 2492 4320 xui.
2522 4266 2621 4337 τὴν
2657 4264 2980 4335 φαντασίαν,
3011 4262 3045 4333 ἢ
3075 4262 3174 4332 τὴν
3224 4259 3435 4332 τροπὴν
3491 4260 3586 4314 xui.
3634 4260 3738 4330 τὴν

2152 4357 2436 4429 σύγχυσιν,
2492 4357 2610 4428 μετ’
2661 4354 2842 4409 αὐτῶν
2890 4355 3039 4425 ἡμᾶς
3086 4351 3410 4423 πρεσϐεύειν
3440 4367 3455 4381 ’
3504 4348 3631 4404 οὔτε
3675 4349 3735 4401 δὲ

2150 4451 2284 4521 παρ’
2312 4448 2468 4519 ὑμῶν
2502 4446 2704 4512 αὐτῶν,
2739 4446 2814 4509 ὡς
2875 4445 2941 4499 ἂν
3005 4442 3213 4516 οἴησθε,
3272 4443 3352 4507 είς
3407 4441 3736 4513 συνηγορίαν

2149 4546 2249 4615 τῆς
2295 4543 2436 4597 κατὰ
2485 4542 2585 4614 τὴν
2623 4541 2856 4611 θεότητα
2904 4540 3226 4609 φαντασίας,
3262 4540 3296 4609 ἢ
3336 4539 3434 4609 τῆς
3471 4539 3613 4592 κατὰ
3642 4539 3737 4593 τὸν

469 4646 498 4684 a
521 4630 777 4683 Patribus
811 4630 1048 4699 prolata,
1085 4631 1459 4699 admittimus;
1496 4634 1648 4703 quia,
1681 4642 1742 4687 ut
1769 4635 1904 4701 dixi,
1936 4652 2040 4689 non

2151 4637 2307 4707 ψιλὸν
2345 4635 2651 4707 ἄνθρωπον,
2709 4634 2863 4705 ὑμῶν
2893 4632 3129 4704 ματαίας
3157 4632 3393 4696 ἐλπίδος,
3421 4631 3498 4694 ὡς
3532 4631 3597 4684 ἐκ
3624 4630 3738 4685 τῶν

469 4722 538 4776 de
568 4722 798 4775 vocibus
821 4722 981 4776 nobis
1002 4734 1087 4777 est
1108 4723 1456 4793 disceptatio,
1475 4725 1568 4779 sed
1599 4724 1667 4778 de
1697 4726 1829 4795 ipsis
1852 4725 2041 4790 rebus,

468 4824 527 4869 et
569 4815 764 4868 harum
810 4815 1037 4880 unione,
1086 4824 1143 4869 et
1196 4818 1433 4870 naturali
1489 4816 1834 4883 cohaasione,
1880 4834 2043 4888 quam

470 4909 661 4964 Patres
689 4908 994 4962 secundum
1041 4907 1405 4962 substantiam
1443 4908 1642 4963 factam
1686 4926 1808 4965 esse
1860 4926 2049 4966 sense-

471 5008 603 5054 runt
644 5015 787 5054 :vos
843 5008 1028 5053 autem
1081 5000 1382 5055 secundum
1435 5001 1817 5057 habitudinem
1864 5011 1920 5058 et
1948 5020 2047 5058 vo-

468 5091 737 5145 luntatem
788 5106 909 5146 eam
969 5091 1319 5147 introducitis
1363 5110 1377 5147 :
1422 5103 1476 5147 et
1524 5094 1626 5149 ista
1686 5096 1888 5152 unione
1949 5113 2046 5153 an-

471 5183 890 5252 thropolatriam
949 5199 1048 5253 per
1100 5183 1210 5237 vim
1264 5186 1513 5250 munitis,
1574 5202 1684 5255 quo
1743 5187 1876 5256 quid
1923 5203 2044 5243 esse

470 5283 653 5342 pottest
675 5273 847 5345 magis
872 5275 1139 5344 impium?
1161 5273 1342 5329 Solius
1363 5278 1508 5331 enim
1546 5275 1845 5346 impietatis
1866 5278 2041 5344 Pauli,

470 5365 739 5431 Marcelli,
786 5366 1029 5433 Photini,
1087 5367 1327 5422 Nestorii
1366 5377 1425 5423 et
1471 5368 1747 5423 Theodori
1798 5379 1921 5424 erat
1969 5371 2049 5425 sic

470 5456 699 5521 sentire,
731 5457 825 5527 qui
856 5468 1049 5527 aperte
1068 5457 1350 5514 Christum
1374 5460 1656 5514 hominem
1690 5469 1902 5515 tantum
1925 5476 2047 5516 esse

469 5548 805 5605 deﬁnierunt
834 5568 847 5603 :
876 5550 1023 5621 quod
1053 5550 1280 5621 quidem
1316 5553 1700 5623 unusquisque
1728 5553 1966 5623 private,
1994 5563 2050 5608 et

473 5635 528 5688 in
574 5653 867 5694 commune
909 5657 1102 5696 omnes
1146 5641 1609 5698 divini'Eeelesize
1644 5644 1893 5715 magistri
1915 5661 2050 5700 con-

470 5726 625 5781 cordi
656 5730 931 5785 sententia
952 5742 1285 5789 accusarunt
1305 5734 1734 5805 ctexploserunt
1754 5752 1768 5807 ;
1792 5751 1853 5792 ac
1878 5738 2051 5795 maxi-

2148 4728 2412 4799 Πατέρων
2446 4724 2834 4797 προφερόμενα
2866 4722 3208 4795 προσιέμεθα
3234 4737 3249 4752 ο
3303 4721 3623 4792 ἐπειδήπερ,
3657 4721 3738 4786 ὼς

2148 4818 2304 4890 ἔφην,
2340 4818 2416 4890 μὴ
2451 4818 2578 4889 περὶ
2608 4817 2807 4883 λέξεων
2832 4818 2866 4887 ἡ
2898 4815 3141 4887 διαμάχη
3179 4814 3327 4867 ἐστὶν
3382 4816 3537 4885 ἡμῖν,
3596 4813 3738 4869 ἀλλὰ

2149 4913 2277 4985 περὶ
2305 4912 2486 4966 αὐτῶν
2520 4912 2628 4964 τῶν
2651 4909 3017 4981 πραγμάτων,
3050 4911 3145 4963 xui.
3192 4910 3292 4979 τῆς
3348 4907 3484 4979 πρὸς
3528 4906 3736 4978 ἄλληλα

2147 5008 2355 5061 τούτων
2384 5004 2636 5070 ἐνώσεώς
2673 5022 2731 5058 τε
2767 5005 2863 5058 xui.
2913 5004 3213 5074 συμφυΐας,
3258 5001 3327 5073 ἦν
3380 5001 3431 5054 οί
3488 5002 3736 5071 Πατέρες

2147 5097 2423 5161 οὐσιωδῶς
2454 5096 2783 5168 γεγενῆσθαι
2811 5096 3142 5167 ἐφρόνησαν,
3181 5094 3338 5165 ὑμεῖς
3381 5093 3438 5148 δέ
3476 5096 3735 5164 σχετικήν

2148 5205 2208 5241 τε
2240 5189 2336 5242 καὶ
2364 5188 2650 5260 γνωμικὴν
2682 5189 2888 5258 ταύτην
2914 5188 3184 5256 είσάγετε,
3240 5186 3337 5240 καὶ
3383 5186 3470 5239 διὰ
3527 5185 3733 5255 ταύτης

2150 5282 2249 5352 τὴν
2269 5282 2787 5355 άνθρωπολατρείαν
2811 5282 3101 5353 κρατύνειν
3129 5278 3382 5351 βιάζεσθε
3415 5297 3429 5311 °
3471 5272 3534 5333 οὗ
3568 5281 3621 5333 τί
3666 5280 3734 5333 ἂν

2149 5372 2358 5440 γένοιτο
2385 5372 2744 5445 ἀσεϐέστερον
2774 5390 2790 5440 ;
2819 5374 2931 5442 Τῆς
2966 5373 3073 5444 γὰρ
3098 5371 3315 5426 Παύλου
3348 5371 3443 5425 xui.
3473 5371 3732 5442 Μαρκέλ-

2148 5465 2266 5530 λου,
2310 5465 2579 5519 Φωτεινοῦ
2627 5483 2687 5518 τε
2736 5464 2832 5519 καὶ
2866 5464 3164 5536 Νεστορίου
3190 5464 3282 5518 xui
3306 5462 3582 5532 Θεοδώρου
3608 5462 3731 5514 δυσ-

2153 5556 2367 5621 σεϐείας
2399 5558 2567 5629 μόνης
2593 5559 2661 5613 τὰ
2687 5559 2914 5613 τοιαῦτα
2972 5561 3211 5630 φρονεῖν,
3256 5558 3368 5611 τῶν
3434 5557 3589 5627 ψιλὸν
3637 5557 3731 5610 ἄν-

2152 5649 2371 5722 θρωπον
2424 5650 2513 5703 τὸν
2569 5650 2803 5722 Χριστὸν
2844 5652 3105 5725 ἄντικρυς
3142 5652 3559 5723 διορισαμένων,
3586 5652 3730 5719 ὅπερ

2155 5742 2263 5815 ἰδίᾳ
2292 5759 2351 5797 τε
2382 5742 2632 5812 ἕκαστος,
2660 5745 2753 5801 xui.
2789 5746 2943 5818 κοινῇ
2990 5746 3192 5813 πάντες
3235 5746 3284 5801 οἱ
3326 5743 3579 5817 θεηγόροι
3628 5740 3727 5811 τῆς
