4120 6458
398 370 530 438 1381
1326 369 1499 432 ADV.
1537 368 2250 430 INCORRUI‘TICOLAS
2290 369 2385 429 ET
2426 370 2746 433 NESTOR.
3536 368 3673 435 138?.

402 486 735 556 Ἐκκλησίας
766 482 1146 558 μυσταγωγοὶ,
1199 483 1505 555 ὁμόφροσιν
1548 483 1857 552 ἀποφάσεσι
1904 484 1977 537 δι-

2090 500 2175 537 me
2220 495 2500 553 postrema
2559 484 2807 537 omnium
2849 483 3185 555 synodorum
3230 495 3669 556 antegressarum

390 575 644 648 έγραψάν
686 593 747 629 τε
799 577 896 629 καὶ
926 575 1109 645 ἀπεκή
1121 572 1284 644 ρυξαν
1311 590 1327 606 ο
1356 575 1449 627 καὶ
1480 572 1715 644 μάλιστα
1743 576 1775 643 ή
1802 574 1977 627 τελευ-

2083 576 2327 647 sigillum
2357 586 2412 630 et
2432 576 2760 645 obsignatio,
2787 592 2908 644 qua:
2930 585 3175 631 vestrum
3195 582 3671 648 propugnaculum

390 670 520 721 ταία
558 668 775 735 πασῶν,
827 668 923 721 καὶ
974 667 1085 721 τῶν
1146 666 1255 739 πρὸ
1305 666 1479 735 αὑτῆς
1529 667 1699 735 ἁγίων
1752 666 1977 719 συνόδωι

2084 667 2384 737 impietatis
2415 668 2666 722 funditus
2713 667 2937 731 evertit,
2979 678 3035 723 et
3068 670 3376 740 symbolum
3416 672 3542 727 fidei
3578 689 3670 727 ro-

395 762 636 834 σφραγὶς
660 761 931 832 γενομένη
966 760 1110 813 κατὰ
1139 759 1239 829 τὴν
1267 758 1644 829 Χαλκηδονέον
1661 798 1679 823 ,
1708 758 1741 830 ἢ
1780 757 1875 811 καὶ
1895 759 1977 811 τὸν

2079 756 2319 823 beravit,
2366 767 2532 827 atque
2569 766 2769 812 vestrae
2828 758 3129 827 impietatis
3161 775 3496 826 eversorem,
3542 761 3672 815 illu~

395 854 663 922 ὑμέτερον
683 852 783 922 τῆς
809 850 1061 912 ἀσεϐείας
1088 848 1350 919 πρόϐολον
1370 849 1572 902 τέλεων
1595 848 1977 915 καταλέλυκεν,

2085 848 2297 902 stribus
2350 848 2646 917 praeconiis
2695 848 3017 918 praedicavit
3062 866 3192 904 vere
3250 850 3514 916 Leonem,
3573 853 3667 922 qui

390 946 454 999 τό
478 962 536 998 τε
558 945 659 1015 τῆς
689 945 929 1007 πίστεως
962 943 1235 1014 σύμϐολον
1281 941 1580 1013 κρατύνεις,
1626 942 1722 994 καὶ
1750 942 1840 994 τὸν
1881 943 1977 1012 τῆς

2085 948 2276 993 contra
2309 940 2611 1010 Eutycbcm
2636 940 2881 994 dolosam
2908 940 3125 1009 vulpem
3142 943 3289 1012 juste
3322 944 3582 1009 surrexit,
3612 954 3670 998 ct

390 1036 651 1099 ἀσεϐείας
686 1035 841 1106 ὑμῶν
873 1033 1230 1104 καθαιρέτην,
1261 1031 1542 1102 λαμπραῖς
1590 1030 1977 1109 άνακηρύξασα

2084 1032 2328 1087 abditam
2388 1033 2728 1103 impietatem
2764 1034 3238 1089 confutationibus
3276 1035 3567 1106 dissipavit
3609 1045 3668 1091 et

390 1130 514 1191 ταῖς
547 1126 872 1197 εὑφημίαις,
925 1126 1020 1178 καὶ
1073 1124 1165 1177 τὸν
1208 1124 1381 1186 ὄντως
1431 1124 1635 1177 Λέοντα
1689 1123 1831 1177 κατὰ
1884 1128 1977 1194 τῆς

2082 1125 2375 1191 exstinxit;
2408 1141 2571 1194 quem
2606 1126 2847 1197 synodus
2880 1126 3138 1180 laudibus
3171 1142 3291 1196 quae
3329 1143 3457 1181 eum
3499 1127 3665 1183 dece-

391 1221 615 1291 δολερᾶς
644 1219 918 1288 Εὑτυχέος
963 1217 1249 1280 ἀλώπεκος
1301 1216 1672 1282 ἐξαναστάντα
1734 1215 1977 1278 δικαίως,

2079 1216 2237 1279 ‘bant,
2265 1216 2589 1272 celebravit.

392 1313 487 1364 xui.
545 1310 645 1380 τὴν
694 1310 1086 1381 κρυπτομένην
1139 1307 1418 1373 ἀσέϐειαν,
1475 1311 1587 1370 τοῖς
1640 1308 1974 1376 ἐλεγκτικοῖς
2010 1308 2393 1363 διασπάσαντά
2450 1326 2511 1362 τε
2558 1309 2654 1361 καὶ
2711 1309 3062 1381 νεκρώσαντα
3107 1310 3304 1380 λόγοις,
3354 1314 3477 1374 ταῖς
3526 1327 3667 1382 πρε-

395 1404 621 1467 πούσαις
652 1403 803 1473 αὑτῷ
824 1402 1316 1463 κατεστεφάνωσαν
1346 1402 1550 1467 δόξαις.

466 1497 597 1550 MB’.
643 1494 782 1548 Ἀλλ’
815 1497 1013 1548 ἐκεῖνοι
1044 1500 1163 1564 μὲν,
1198 1497 1351 1564 φασὶ,
1382 1492 1807 1564 κατεκρίθησαν.
1841 1493 1976 1546 Τού-

397 1607 505 1642 των
541 1588 598 1641 δέ
643 1587 824 1649 οὐδεὶς
877 1586 1129 1655 κατέγνω
1177 1585 1355 1651 τοῦτο,
1385 1580 1430 1639 ῶ
1462 1586 1751 1657 βέλτιστοι,
1783 1587 1884 1639 οὑκ
1912 1587 1977 1639 ἐκ

395 1678 490 1733 τοῦ
523 1678 644 1732 καθ’
673 1678 899 1741 ἑαυτοὺς
934 1676 1091 1748 ἔσχον
1117 1677 1435 1749 ἀμέμπτου,
1463 1678 1578 1730 ἀλλ’
1608 1681 1672 1732 ἐκ
1701 1677 1797 1730 τοῦ
1848 1677 1976 1746 σφό-

391 1772 500 1842 δρα
531 1770 592 1824 τὸ
622 1768 811 1823 λαθεῖν
842 1768 1199 1839 ἐπιτηδεῦσαι
1235 1786 1248 1799 ·
1281 1771 1341 1823 οὑ
1382 1771 1491 1839 γάρ
1522 1770 1600 1834 είς
1631 1769 1861 1831 πολλοὺς
1885 1769 1978 1821 ἐκ-

396 1861 608 1930 φαίνειν
652 1860 923 1929 ὑπέμενον
965 1859 1065 1932 τὴν
1109 1860 1385 1923 ἀσέϐειαν,
1449 1862 1531 1914 ὅτι
1580 1860 1704 1932 μηδ’
1737 1859 1979 1928 ἀσφαλὲς

394 1955 582 2017 αὐτοῖς
630 1953 790 2006 τοῦτο
823 1953 1143 2022 ἐγίνωσκον.
1176 1954 1286 2006 Καὶ
1326 1954 1499 2017 ἄλλως
1531 1955 1564 2024 ή
1609 1951 1719 2005 τῶν
1762 1951 1976 2017 ’Λρεια-

396 2046 503 2099 νῶν
546 2046 670 2099 τότε
719 2046 1129 2116 φλεγμαίνουσα
1176 2046 1418 2117 αἵρεσις,
1449 2046 1544 2100 καὶ
1573 2046 1762 2117 ὥσπερ
1812 2045 1979 2115 ἀγρία

399 2135 532 2206 φλὸξ
559 2137 832 2209 νεμομένη
882 2140 981 2202 τὰς
1016 2138 1362 2209 Ἐκκλησίας,
1399 2138 1593 2210 σχολὴν
1624 2138 1723 2209 μὲν
1751 2139 1979 2208 παρεῖχε

400 2228 638 2293 πολλοῖς,
670 2229 809 2301 ἀτάρ
848 2229 913 2300 δὴ
962 2230 1350 2303 Ἀπολιναρίῳ,
1380 2232 1517 2294 τέως
1548 2227 1615 2285 αὖ
1663 2230 1757 2284 καὶ
1795 2232 1978 2284 Μακε-

397 2321 557 2391 δονίῳ
595 2321 657 2374 τὸ
682 2319 1070 2392 βλασφημοῦσι
1098 2322 1405 2377 λανθάνειν.
1440 2323 1551 2376 Καὶ
1581 2322 1641 2375 τὸ
1673 2322 1771 2392 τῆς
1805 2324 1980 2393 ἰατρι-

398 2414 505 2483 κῆς
538 2416 653 2467 ἐστι
690 2414 870 2478 καλῶς
905 2414 1141 2468 ἐνταῦθα
1165 2414 1343 2484 λέγειν
1366 2457 1379 2481 ,
1410 2415 1484 2478 ὼς
1515 2414 1609 2467 δύο
1646 2414 1825 2466 πόνων
1857 2416 1980 2466 ἐπι-

401 2503 746 2573 κρατούντων
795 2504 852 2554 ἐν
892 2501 1126 2571 σώματι,
1154 2502 1183 2553 ὁ
1216 2503 1571 2573 σφοδρότερος
1605 2502 1847 2573 ἀμαυροῖ
1889 2502 1980 2554 τὶν

400 2593 676 2646 ἐλάττονα.
713 2592 898 2666 Ταύτῃ
945 2592 1053 2661 γὰρ
1100 2593 1195 2647 καὶ
1241 2594 1618 2664 Ἀπολινάριος
1660 2593 1850 2659 ὥσπερ
1897 2611 1981 2657 τις

402 2682 577 2756 σπλὴν
622 2683 856 2754 ηὔξανεν
888 2684 996 2756 (ἵνα
1052 2685 1193 2739 κατὰ
1244 2684 1337 2738 τὸν
1389 2683 1653 2755 ὑμέτερον
1698 2685 1981 2755 ὑποφήτην

404 2776 565 2837 εἴπω,
601 2774 694 2828 καί
736 2791 789 2827 τι
819 2775 923 2828 κάν
951 2777 1065 2838 τοῖς
1096 2775 1340 2846 ἐλέγχοις
1370 2776 1498 2846 ὑμῖν
1524 2775 1890 2846 χαρίσωμαι),
1924 2779 1980 2831 ἐν

402 2866 469 2936 τῇ
520 2864 616 2917 τοῦ
651 2866 772 2917 ὅλου
821 2864 1077 2935 σώματος
1121 2867 1495 2936 κακοπραγίᾳ,
1528 2866 1590 2919 τὸ
1625 2866 1776 2937 παρὰ
1815 2867 1980 2935 φύσιν

406 2955 829 3027 προσκτώμενος
862 2956 1117 3027 μέγεθος.
1152 2956 1244 3028 Τῷ
1278 2956 1427 3027 αὑτῷ
1472 2956 1536 3026 δὴ
1575 2958 1980 3029 παραδείγματι.

405 3052 502 3105 καὶ
532 3050 593 3103 τὸ
624 3050 893 3121 ὑμέτερον
916 3049 1293 3121 παραϐάλλειν
1320 3048 1449 3119 ἔχω.
1492 3049 1559 3101 Ἠ
1584 3051 1692 3121 γὰρ
1722 3050 1831 3101 τῶν
1862 3052 1976 3102 H1-

401 3144 579 3215 τέρων
603 3144 728 3214 περὶ
759 3145 830 3195 τὰ
856 3142 1284 3210 ἀναγκαιότατα,
1319 3143 1411 3194 καὶ
1458 3140 1694 3211 μάλιστα
1724 3141 1981 3193 κατεπεί-

2151 1489 2313 1543 XLII.
2348 1490 2416 1543 At
2439 1488 2517 1542 illi
2538 1489 2783 1558 quidem,
2812 1489 3070 1559 inquiunt
3096 1490 3209 1553 isti,
3234 1490 3482 1546 damnati
3513 1502 3664 1555 sunt.

2082 1582 2278 1637 horum
2299 1596 2432 1636 vero
2461 1582 2667 1636 nullus.
2702 1582 2836 1647 IIoc,
2881 1596 2914 1635 0
2951 1582 3079 1635 boni
3108 1582 3235 1644 viri,
3270 1599 3381 1637 non
3411 1600 3478 1637 ex
3507 1585 3668 1640 iuno-

2079 1674 2260 1729 centia
2292 1681 2670 1743 repertarum,
2698 1674 2792 1728 sed
2828 1689 2894 1727 ex
2950 1674 3125 1728 nimio
3177 1676 3362 1729 studio
3410 1680 3578 1745 quod,
3605 1688 3666 1732 ut

2080 1766 2338 1829 laterent,
2368 1765 2744 1819 adhibuerunt
2778 1784 2790 1818 :
2822 1781 2932 1819 non
2984 1766 3131 1820 enim
3178 1768 3537 1837 patiebantur
3580 1771 3663 1825 ef-

2082 1854 2215 1910 ferri
2246 1855 2301 1908 in
2332 1856 2528 1925 vulgus
2562 1854 2923 1924 impietatem,
2956 1856 3085 1925 quia
3127 1873 3304 1927 neque
3339 1858 3443 1912 sibi
3480 1867 3661 1913 tutum

2084 1963 2205 2001 esse
2266 1947 2534 2001 sciebant.
2589 1947 2859 2002 Prwterea
2885 1946 3089 2001 Ariana
3135 1956 3264 2001 tunc
3290 1948 3515 2003 haeresis
3546 1950 3662 2004 fer-

2082 2056 2241 2105 vens,
2274 2049 2328 2095 et
2360 2050 2618 2110 tauquam
2662 2040 2963 2095 vehemens
2987 2040 3203 2095 ﬂamma
3241 2042 3524 2097 Ecclesias
3560 2043 3662 2097 de-

2082 2148 2336 2202 pascens,
2373 2133 2563 2187 multis
2591 2133 2768 2186 otium
2809 2132 2966 2186 dedit
2992 2132 3058 2186 ad
3090 2133 3371 2187 latendum
3426 2135 3660 2199 interea,

2083 2234 2144 2279 ut
2186 2224 2534 2293 Apollinario
2562 2234 2618 2279 et
2660 2223 2986 2279 Macedonio
3030 2224 3234 2294 impiis.
3264 2224 3538 2280 Convenit
3571 2227 3662 2281 hic

2082 2317 2214 2372 illud
2275 2318 2329 2372 in
2384 2327 2502 2374 arte
2537 2319 2825 2373 medicina:
2877 2320 3065 2373 tritum
3103 2319 3287 2374 dicere
3323 2320 3500 2374 :Cum
3550 2321 3662 2375 duo

2081 2411 2261 2465 morbi
2314 2412 2370 2466 in
2423 2428 2657 2482 corpore
2691 2413 3032 2466 dominatum
3058 2412 3337 2476 obtinent,
3368 2415 3664 2468 vehemen-

2083 2504 2191 2557 tior
2225 2504 2489 2558 obscurat
2544 2504 2841 2558 minorem.
2868 2504 2979 2558 Hac
3005 2504 3215 2558 ratione
3240 2514 3295 2559 et
3333 2506 3422 2559 via
3458 2506 3665 2575 Apolli-

2082 2597 2275 2650 narius
2302 2606 2561 2666 tanquam
2590 2597 2815 2666 quidam
2850 2597 3005 2666 splen
3034 2597 3208 2651 crevit
3244 2604 3327 2665 (ut
3355 2599 3691 2663 secundum,

2083 2698 2327 2742 vestrum
2364 2688 2647 2743 doctorem
2695 2689 2897 2753 dicam,
2942 2697 2998 2743 ct
3031 2689 3237 2759 aliquid
3289 2690 3454 2744 etiam
3488 2693 3542 2745 in
3575 2707 3665 2744 ar-

2081 2780 2300 2851 guendo
2357 2780 2518 2835 vobis
2574 2780 2820 2851 largiar),
2860 2781 2917 2834 in
2952 2781 3122 2835 totius
3145 2783 3395 2850 corporis
3432 2792 3664 2853 aegrota-

2083 2873 2232 2926 tione
2267 2872 2701 2942 magnitudinem
2745 2881 2943 2941 przeter
2993 2880 3248 2926 naturam
3282 2874 3524 2942 capiens.
3557 2875 3663 2928 Eo-

2081 2962 2205 3016 dem
2266 2962 2516 3033 exemplo
2571 2977 2794 3032 possum
2861 2970 3045 3017 vestra
3091 2964 3365 3017 conferre.
3402 2964 3660 3019 Studium

2081 3051 2302 3105 Patrum
2334 3052 2389 3104 in
2417 3051 2651 3106 maxime
2680 3051 3008 3107 necessariis
3054 3061 3111 3107 et
3160 3053 3396 3109 maxime
3450 3071 3658 3125 urgen-

2081 3139 2232 3193 tibus
2263 3140 2430 3193 rebus
2462 3150 2811 3209 occupatum,
2846 3141 2996 3205 fecit,
3045 3151 3106 3194 ut
3134 3153 3329 3198 vestra:
3356 3146 3658 3215 impietatis

402 3254 569 3306 γοντα
594 3234 819 3305 σπουδὴ,
857 3234 1042 3287 λαθεῖν
1064 3234 1192 3299 τοὺς
1230 3234 1529 3305 ὑμετέρους
1578 3232 1678 3302 τῆς
1722 3232 1977 3295 ἀσεϐείας

2080 3237 2335 3298 parentes
2356 3238 2412 3283 et
2441 3239 2699 3285 auctores
2718 3232 2974 3296 laterent,
3003 3236 3311 3303 praesertim
3350 3250 3476 3290 cum
3505 3236 3560 3292 in
3591 3237 3661 3292 iis

402 3331 699 3401 προγόνους
720 3328 1153 3400 παρεσκεύασεν,
1187 3328 1280 3380 καὶ
1304 3326 1534 3398 μάλιστα
1575 3325 1978 3397 πλαττομένους

401 3421 498 3492 τὴν
529 3423 586 3473 ἐν
623 3423 739 3483 τοῖς
794 3422 925 3491 περὶ
969 3421 1201 3492 Τριάδος
1254 3421 1351 3473 σὺν
1396 3419 1581 3482 αὑτοῖς
1610 3418 1851 3486 ἀγωνίαν
1883 3418 1979 3471 καὶ

402 3513 855 3585 ἀντιπαράταξιν,
906 3514 1001 3566 καὶ
1056 3512 1310 3566 ἐντεῦθεν
1367 3511 1702 3575 κλέπτοντάς
1757 3528 1818 3564 τε
1878 3512 1979 3581 τήν

402 3602 634 3669 εὔνοιαν,
688 3604 783 3658 καὶ
826 3603 905 3674 τῷ
943 3602 1045 3673 τῆς
1083 3601 1464 3673 ὁμοφροσύνης
1506 3602 1860 3673 προσχήματι
1922 3599 1980 3653 τὸ

402 3695 587 3747 λαθεῖν
647 3694 1030 3764 προπίνοντας.
1066 3692 1429 3764 Δυσφώρατον
1480 3694 1590 3763 γὰρ
1633 3695 1668 3763 ή
1720 3692 1975 3764 πονηρία,

402 3785 622 3849 εὑνοίας
650 3786 981 3856 προσωπείῳ
1008 3784 1425 3855 κεκαλυμμένη.

472 3879 606 3933 Ml".
652 3878 804 3930 Ἐπεὶ
835 3879 893 3930 ἐν
922 3895 1002 3948 τῳ
1033 3877 1177 3930 κατά
1214 3876 1304 3929 τὸν
1328 3875 1758 3946 δυστυχέστατον
1789 3874 1981 3930 Νεστό-

404 3986 521 4041 ριον
555 3968 863 4039 άναθέματι
895 3967 1200 4039 (δυστυχὴς
1234 3967 1343 4039 γάρ
1394 3968 1541 4019 ἐστιν
1595 3967 1785 4033 ὅντως,
1821 3970 1979 4038 μόνος

399 4061 498 4116 τοῦ
526 4062 688 4131 φόνου
717 4060 816 4132 τὴν
859 4059 1017 4131 δίκην
1064 4057 1340 4129 ὑποσχὼν,
1374 4059 1503 4129 παρ’
1528 4058 1723 4124 ἄλλων,
1822 4076 1975 4128 φασι,

400 4159 465 4209 τὸ
501 4155 651 4225 ξίφος
683 4152 1125 4225 κεκομισμένος)
1156 4153 1253 4205 καὶ
1299 4150 1454 4205 αὑτοὶ
1497 4149 1977 4221 συνεκϐέϐληνται.

413 4249 503 4301 Ἐν
538 4248 648 4319 γὰρ
677 4246 755 4317 τῷ
792 4244 1032 4316 μαθητῇ,
1063 4242 1163 4314 τῷ,
1198 4241 1333 4313 ώςή
1368 4242 1561 4314 Γραφή
1594 4258 1749 4314 φησι,
1777 4260 1981 4313 κατηρ-

397 4341 641 4412 τισμένῳ
694 4338 837 4393 κατά
887 4337 980 4391 τὸν
1023 4335 1365 4401 διδάσκαλον,
1435 4335 1559 4397 τοὺς
1603 4334 1813 4387 ἑαυτῶν
1879 4334 1980 4388 πό-

398 4448 524 4495 νους
585 4430 895 4503 ἐδρέψαντο.
922 4427 1115 4482 Καίτοι
1155 4428 1251 4481 καὶ
1304 4428 1352 4479 εί
1417 4426 1576 4479 τοῦτο
1622 4425 1810 4498 ζητοίη
1870 4444 1977 4491 τις,

398 4522 623 4593 εὑρήσει
647 4522 741 4574 καὶ
771 4519 992 4585 αὑτοὺς,
1035 4519 1109 4582 ώς
1154 4519 1375 4589 Γραφὴν
1401 4516 1558 4588 ἔσχον
1592 4518 1744 4588 παρά
1768 4536 1825 4571 τε
1861 4519 1978 4571 ἐτέ-

403 4630 513 4685 ρων
571 4611 802 4681 συχνῶν,
860 4610 955 4663 καὶ
1001 4608 1112 4662 τῶν
1170 4607 1638 4677 ζηλωτικωτάτων
1689 4608 1830 4662 κατὰ
1880 4611 1978 4680 τῆς

396 4704 556 4775 ήμῶν
588 4701 867 4765 ἀσεϐείας,
895 4699 1172 4771 Κυρί).λου
1202 4716 1263 4753 τε
1286 4698 1382 4753 καὶ
1405 4699 1674 4770 Πρόκλου.
1693 4694 1795 4752 ’Ὧν
1818 4702 1845 4754 ὀ
1878 4700 1978 4770 μὲν

396 4795 528 4865 ὃλην
562 4792 781 4863 γραφήν
813 4792 934 4845 κατ’
962 4791 1143 4845 αὐτῶν
1174 4791 1500 4857 πεποίηκεν.
1533 4791 1595 4844 Ei
1637 4793 1731 4845 καὶ
1777 4792 1979 4845 ἀπολο-

396 4881 676 4956 γήσασθαί
730 4898 875 4944 τινες
923 4880 1225 4951 ὑπέμειναν
1278 4877 1574 4945 ἀπολογίαν
1612 4880 1838 4949 μείζονα
1875 4881 1978 4951 τῆς

396 4975 522 5032 κατ’
558 4973 741 5027 αὑτῶν
786 4973 1126 5043 κατηγορίας
1161 4971 1488 5039 εἰσάγουσαν
1537 4970 1829 5025 ὑπόθεσιν*
1863 4974 1891 5024 ὁ
1919 4973 1977 5025 δέ

394 5066 495 5137 τὴν
525 5065 661 5135 πρὸς
700 5064 1026 5134 Ἀρμενίους
1057 5061 1342 5131 συνοδικὴν
1372 5062 1602 5132 γράφων
1638 5062 1929 5133 ἐπιστολὴν
1956 5104 1971 5128 ,

392 5156 569 5230 ταύτῃ
639 5154 750 5209 τῶν
804 5153 1164 5226 βλασφημιῶν
1227 5153 1507 5226 Θεοδώρου
1571 5155 1841 5225 κεφάλαια
1888 5158 1970 5219 εἱς

397 5242 621 5319 ἔλεγχον
664 5245 831 5301 αὑτοῦ
874 5246 972 5316 τῆς
1008 5244 1262 5307 ἀσεϐείας
1302 5245 1590 5313 ὑπέταξεν.
1629 5247 1695 5299 Τί
1744 5247 1852 5318 γὰρ
1888 5247 1970 5300 δεῖ

396 5343 578 5413 λέγειν
632 5340 765 5411 περὶ
808 5338 902 5392 τοῦ
942 5338 1101 5406 ἀγίου
1139 5337 1491 5406 Ῥαϐϐούλου,
1520 5339 1616 5394 τοῦ
1667 5340 1968 5394 ἐπισκόπου

409 5432 686 5503 Ἐδέσσης,
723 5430 936 5503 ἀνδρὸς,
969 5430 1042 5494 ὥς
1075 5447 1228 5499 φασι,
1256 5433 1535 5503 προφήτου
1562 5447 1577 5498 ;
1613 5424 1674 5484 οὑ
1701 5433 1798 5502 τὴν
1827 5434 1969 5503 παῤ-

398 5525 595 5599 ρησίαν
646 5525 739 5578 καὶ
770 5523 864 5576 τὸν
905 5522 1126 5592 ἔλεγχον
1156 5522 1341 5593 ἐπειδὴ
1376 5525 1450 5593 μὴ
1482 5524 1720 5595 ήνεγκαν
1757 5525 1807 5576 οἰ
1849 5525 1972 5577 τότε

394 5617 496 5686 τῆς
542 5613 865 5677 δυσσεϐείας
911 5610 1187 5683 Θεοδώρου
1237 5610 1500 5684 ζηλωταὶ,
1534 5613 1671 5684 μετὰ
1698 5614 1825 5677 τοὺς
1864 5631 1971 5684 μυ-

466 5795 681 5867 ίΰαί-ΰϐ)
711 5793 972 5854 Rliabulo.
1001 5793 1158 5850 Ilunc
1176 5793 1267 5850 alii
1286 5802 1483 5850 vocant
1513 5792 1797 5851 Rabitlam.
1817 5793 1955 5853 Ten.

2080 3336 2202 3388 qua:
2254 3320 2321 3374 ad
2358 3320 2686 3375 Trinitatem
2731 3322 3081 3391 pertinebant
3140 3323 3413 3395 ﬁngerent
3455 3341 3513 3381 se
3549 3344 3658 3383 una

2080 3427 2203 3465 cum
2243 3411 2378 3482 ipsis
2411 3413 2677 3468 adversus
2734 3415 2924 3469 hostes
2954 3416 3247 3472 Trinitatis
3296 3434 3571 3489 pugnare;
3602 3429 3661 3474 et

2079 3518 2146 3556 eo
2166 3503 2328 3558 modo
2351 3504 2793 3560 benevolentiam
2821 3506 3166 3569 simularent,
3193 3510 3377 3579 specie
3399 3527 3463 3565 ac
3484 3512 3658 3566 simu-

2080 3596 2283 3650 latione
2333 3597 2476 3651 idem
2533 3598 2806 3652 sentiendi
2845 3599 3083 3655 latebras
3119 3601 3223 3655 sibi
3263 3611 3654 3671 praeparantes.

2081 3687 2410 3742 Dillicillima
2454 3689 2603 3743 enim
2646 3705 2735 3743 res
2777 3690 2952 3745 estad
2986 3691 3510 3760 deprehendendum
3541 3711 3658 3749 ma-

2080 3778 2221 3844 litia,
2252 3778 2602 3835 simulatione
2633 3779 3035 3837 benevolentiae
3070 3790 3232 3837 tecta.

2153 3867 2336 3923 XLIII.
2367 3870 2573 3925 Verum
2601 3872 2657 3925 in
2692 3872 3039 3928 anathemate
3075 3873 3440 3929 infelicissimi
3468 3876 3662 3931 Nesto-

2082 3960 2145 4014 rii
2162 3960 2311 4032 (vere
2332 3960 2480 4015 enim
2513 3961 2702 4017 infelix
2723 3971 2828 4029 est,
2851 3965 2946 4034 qui
2978 3964 3128 4019 solus
3148 3966 3311 4019 caedis
3328 3968 3659 4036 supplicium

2088 4052 2370 4115 sustinuit,
2393 4070 2518 4108 cum
2539 4055 2608 4108 ab
2641 4054 2764 4109 aliis
2789 4056 3083 4125 pugionem
3108 4057 3346 4127 tulisset)
3372 4058 3474 4127 ipsi
3496 4060 3659 4113 simul

2080 4146 2239 4216 ejecti
2272 4154 2424 4201 sunt.
2451 4147 2510 4200 In
2538 4146 2812 4217 discipulo
2838 4149 2986 4202 enim
3025 4148 3271 4219 perfecto
3297 4188 3310 4212 ,
3333 4149 3448 4219 qui.
3487 4160 3547 4205 ut
3581 4151 3660 4204 ait

2089 4237 2396 4308 Scriptura,
2418 4238 2561 4293 sicut
2590 4240 2851 4307 magister
2876 4241 2997 4309 ejus
3025 4247 3130 4305 est,
3162 4240 3377 4296 fructus
3408 4240 3658 4295 laborum

2083 4346 2312 4385 suorum
2339 4331 2752 4401 decerpserunt.
2769 4331 3006 4386 Tametsi
3032 4332 3136 4386 hoc
3164 4332 3209 4386 si
3241 4333 3366 4403 quis
3396 4333 3657 4403 inquirat,

2085 4422 2325 4491 reperiet
2356 4437 2452 4476 eos
2480 4431 2767 4477 accusatos
2797 4438 2922 4477 eum
2951 4424 3019 4477 ab
3041 4424 3164 4479 aliis
3192 4425 3381 4480 multis
3403 4426 3661 4496 frequen-

2086 4522 2190 4578 ter,
2230 4524 2344 4567 tum
2375 4514 2442 4567 ab
2466 4514 2869 4569 ardentissimis
2890 4516 3186 4585 impietatis
3208 4526 3404 4571 vestrm
3424 4518 3630 4573 insecta

2010 4582 2055 4639 D
2087 4606 2300 4660 toribus
2324 4604 2528 4678 Cyrillo
2577 4617 2632 4660 et
2654 4607 2869 4661 Proclo.
2904 4582 2981 4660 Eri
3001 4607 3204 4677 quibus
3240 4607 3332 4662 ille
3366 4617 3536 4663 totam
3572 4627 3664 4665 ac-

2085 4698 2426 4753 cusationem
2478 4705 2667 4753 contra
2701 4714 2795 4753 eos
2826 4699 3105 4754 instruxit.
3140 4698 3404 4765 Quamvis
3435 4702 3661 4771 quidam

2082 4790 2463 4845 defensionem
2492 4792 2739 4846 scribere
2764 4791 3087 4856 voluerunt,
3121 4808 3244 4862 quae
3272 4793 3547 4863 c0piosius
3576 4809 3665 4847 ar-

2080 4893 2404 4953 gumentum
2458 4885 2829 4939 accusationis
2875 4885 3162 4940 alferebat.
3210 4886 3312 4941 Hic
3359 4876 3566 4952 autem,
3606 4888 3661 4940 id

2081 4985 2167 5029 cst
2196 4976 2448 5041 Proclus,
2482 4977 2769 5046 epistolam
2796 4976 2865 5031 ad
2909 4977 3204 5032 Armenios
3235 4979 3479 5046 scripsit.
3521 4977 3661 5031 Iluie

2084 5065 2333 5136 epistolae
2383 5068 2620 5139 subjecit
2673 5069 2852 5138 capita
2882 5068 3354 5137 blasphemiarum
3382 5067 3656 5121 Theodori

2079 5156 2144 5210 ad
2168 5157 2570 5211 ostendendum
2595 5158 2743 5212 illius
2768 5157 3127 5226 impietatem.
3145 5157 3288 5223 Quid
3312 5166 3495 5211 autem
3518 5174 3657 5227 opus

2074 5260 2157 5305 est
2181 5252 2367 5307 dicere
2385 5252 2451 5306 de
2466 5261 2656 5307 sancto
2676 5251 2932 5305 Rhabulo
2951 5251 3181 5322 (54.56),
3201 5252 3461 5321 episcopo
3483 5252 3654 5307 Edes-

2076 5358 2231 5407 scno,
2266 5342 2407 5406 viro,
2444 5350 2506 5396 ut
2532 5342 2706 5407 aiunt,
2751 5341 3059 5411 propheta?
3083 5342 3239 5412 cujus
3286 5340 3541 5395 ﬁduciam
3568 5352 3652 5395 at-

2075 5450 2181 5502 que
2213 5433 2644 5489 confutationem
2673 5443 2964 5504 postquam
2987 5434 3079 5503 qui
3110 5442 3240 5489 tunc
3273 5442 3433 5488 erant
3460 5434 3653 5503 impie-

2083 5524 2209 5580 tatis
2262 5525 2539 5580 Thcodori
2594 5534 2917 5591 sectatores,
2984 5525 3096 5596 pati
3154 5540 3263 5579 non
3326 5534 3648 5595 potuerunt,

2077 5626 2203 5687 post
2233 5619 2405 5673 multa
2432 5618 2681 5689 pericula
2708 5619 2878 5685 illius,
2926 5617 3054 5673 dolo
3103 5617 3521 5689 aggrediuntur,
3550 5617 3648 5672 uni
