4120 6448
493 362 632 429 I383

1738 359 2051 422 LEONTII
2090 361 2497 421 BYZANTINI

3624 359 3759 425 1381

490 493 560 531 ex
584 476 652 531 iis
680 474 774 544 qui
802 474 954 529 intus
971 482 1153 538 erant,
1214 472 1439 543 negotio
1462 470 1787 527 commisso.
1825 472 1881 527 Si
1910 474 2079 543 igitur

2187 475 2335 544 ρίους
2386 474 2630 537 ἐκείνους
2682 471 3159 541 κινδύνους,δόλῳ
3215 472 3497 544 μετῆλθον,
3535 475 3615 528 ἐνὶ
3651 477 3760 529 τῶν

494 572 601 623 hac
623 568 712 621 via
735 566 895 621 vobis
930 566 1396 635 persuaserimus,
1422 573 1478 619 et
1506 565 1726 620 tandem
1753 565 1952 620 mutari
1986 582 2080 619 vo-

492 658 732 723 lucritis,
760 658 1051 711 veritatem
1084 656 1259 725 magis
1291 672 1457 726 quam
1492 671 1761 725 personas
1797 657 2081 711 honoran—

491 757 598 813 tes,
634 747 739 801 hoc
773 747 993 811 melius,
1018 746 1204 801 etDeo
1228 748 1437 817 gratias
1462 763 1720 817 agemus:
1756 750 1843 802 sin
1874 748 2079 812 minus,

490 854 594 893 vos
626 839 855 907 quidem
894 838 1228 893 deflebimus
1264 840 1395 893 fletu
1439 849 1496 894 et
1536 842 1799 895 lamentis
1852 840 2081 911 dignos;

491 947 595 987 nos
626 948 758 987 vero
790 932 1083 998 faciemus,
1111 942 1172 987 ut
1230 934 1335 1004 ipsi
1368 949 1436 988 ex
1464 935 1579 990 Deo
1631 934 1992 1005 pendeamus,
2026 942 2084 989 et

492 1025 549 1080 in
584 1026 745 1080 beata
769 1041 866 1096 spe
890 1026 1027 1091 nixi,
1056 1042 1341 1096 nunquam
1366 1026 1705 1082 desistemus
1729 1027 1801 1081 ab
1824 1041 1889 1081 ea
1915 1040 2079 1095 quam

492 1120 689 1173 Patres
713 1120 895 1173 nostri
928 1119 1271 1185 habuerunt,
1308 1130 1364 1174 et
1398 1120 1545 1175 hanc
1572 1118 1954 1175 amantissime
1982 1133 2082 1188 per

491 1226 848 1266 successores
886 1211 1211 1282 interjectos
1249 1212 1414 1268 nobis
1437 1212 1947 1267 transmiseruntet
1972 1219 2083 1265 tra-

491 1304 761 1358 diderunt
784 1322 797 1358 :
824 1306 930 1359 hoc
959 1306 1139 1358 solum
1164 1305 1304 1359 lucri
1351 1321 1383 1360 a
1424 1306 1589 1361 nobis
1621 1313 1988 1374 reportantes,
2021 1312 2084 1358 ut

491 1396 806 1464 depositum
828 1411 1021 1450 eorum
1040 1398 1158 1451 sine
1177 1396 1481 1451 offensione
1513 1396 1912 1461 custodiamus,
1932 1396 2079 1466 quod

491 1487 736 1542 Ecclesia
790 1497 982 1541 sancta
1042 1488 1164 1542 sine
1222 1488 1608 1544 immutatione
1660 1498 1717 1544 et
1764 1489 2082 1543 accessione

492 1578 777 1632 custodire
829 1585 1173 1647 perseverat,
1236 1588 1293 1634 et
1344 1580 1728 1649 perseverabit
1787 1594 1965 1648 usque
2011 1579 2079 1634 ad

492 1684 752 1736 magnum
793 1676 849 1722 et
880 1668 1152 1722 illustrem
1177 1669 1479 1723 adventum
1512 1670 1697 1740 magni
1734 1669 1831 1724 Dei
1882 1679 1938 1723 et
1961 1668 2081 1724 Sal-

492 1760 701 1813 vatoris
734 1759 911 1812 nostri
972 1760 1102 1813 Jesu
1138 1758 1369 1825 Christi,
1420 1759 1511 1814 cui
1561 1758 1737 1831 gloria
1778 1768 1838 1815 et
1900 1761 2078 1833 impe-

491 1852 637 1904 rium
667 1851 724 1903 in
757 1851 979 1905 saecula.
1023 1851 1221 1905 Amen.

493 2042 753 2114 Prologus
795 2043 1177 2097 auctoritatum
1234 2043 1491 2098 Theodori
1548 2045 1682 2114 (57),
1739 2054 1789 2099 et
1847 2045 2079 2101 aliorum

1082 2115 1471 2169 hcereticorum.

560 2225 643 2279 Ex
678 2225 1041 2296 blasphemiis
1071 2226 1353 2282 Theodori
1397 2243 1572 2297 pauca
1627 2243 1696 2283 ex
1726 2229 1919 2285 multis
1950 2244 2082 2299 pro-

491 2332 703 2386 ponere
733 2317 1072 2383 studuimus,
1097 2318 1165 2372 ad
1194 2320 1600 2374 ostendendum
1622 2319 1935 2375 fatuitatem
1962 2322 2082 2390 ejus

493 2409 795 2463 absurdam
843 2411 991 2465 circa
1021 2410 1237 2481 dogma,
1272 2422 1335 2466 ut
1360 2428 1427 2467 ex
1479 2412 1568 2466 his
1589 2411 1752 2466 fidem
1790 2412 2081 2475 faciamus,

495 2502 633 2556 nihil
663 2517 856 2556 contra
883 2518 1011 2557 eum
1046 2520 1150 2557 nos
1178 2504 1424 2567 finxisse,
1462 2512 1559 2558 aut
1603 2513 1800 2558 contra
1830 2519 1928 2559 eos
1985 2504 2082 2574 qui

494 2608 622 2647 cum
654 2609 723 2647 eo
753 2595 1020 2648 sentiunt.
1049 2593 1107 2649 Si
1139 2595 1287 2648 enim
1321 2594 1485 2649 facile
1532 2604 1684 2649 esset
1726 2596 1934 2665 scripta
1963 2597 2083 2667 ejus

496 2686 766 2755 reperire,
816 2702 927 2740 non
955 2687 1168 2757 pigeret
1226 2702 1348 2751 nos,
1396 2688 1449 2741 in
1498 2687 1758 2742 omnibus
1808 2689 2083 2759 capitibus

496 2776 567 2830 de
598 2777 802 2845 quibus
835 2794 963 2832 eum
996 2778 1403 2843 accusavimus,
1460 2779 1641 2848 ipsum
1679 2780 1834 2833 illum
1886 2787 2080 2833 testem

2182 565 2331 618 ἔνδον
2386 564 2447 617 τὸ
2500 565 2686 634 δρᾶμα
2734 563 3141 627 πιστεύσαντες.
3173 565 3237 617 Εί
3289 566 3389 635 μὲν
3443 561 3537 619 οὖν
3588 567 3763 643 ταύτῃ

2183 658 2449 729 πείσομεν
2475 660 2637 730 ὑμᾶς,
2669 660 2762 713 xal.
2784 660 3183 729 μεταϐάλοισθε
3206 661 3308 730 ὀψὲ
3333 662 3485 731 γοῦν,
3501 663 3764 734 ἀλήθειαν

2184 750 2564 823 προτιμῶντες
2598 752 2929 823 προσώπων,
2964 753 3112 807 τοῦτ’
3138 754 3383 824 ἄμεινον,
3422 756 3515 809 καὶ
3536 758 3613 826 τῷ
3642 756 3764 827 Θεῷ

2183 844 2379 915 χάρις’
2411 846 2459 896 εἰ
2499 845 2544 897 δ’
2578 843 2665 907 οὓ,
2704 844 2819 898 ἀλλ’
2859 847 3005 917 ὑμᾶς
3046 864 3111 915 γε
3148 846 3518 919 δακρύσομεν,
3548 848 3764 919 θρήνων

2185 939 2281 990 καὶ
2342 938 2599 1009 ὀδυρμῶν
2643 938 2805 1003 ὄντας
2859 941 3087 1007 ἀξίους·
3120 943 3269 1012 ἡμᾶς
3322 942 3365 994 δ’
3405 944 3603 1006 αὐτοὺς
3664 942 3762 995 τοῦ

2183 1028 2320 1084 Θεοῦ
2360 1048 2418 1083 τε
2462 1032 2867 1102 ἀναρτήσομεν,
2901 1033 2996 1086 καὶ⁸
3038 1034 3147 1085 τῶν
3201 1034 3483 1105 μακαρίων
3529 1034 3764 1088 ἐλπίδων

2183 1121 2456 1189 ἐχόμενοι,
2486 1120 2547 1173 οῦ
2591 1138 2723 1174 ποτε
2760 1122 2997 1194 λήξομεν
3030 1118 3105 1177 ὧν
3149 1141 3207 1177 τε
3256 1124 3413 1195 ἔσχον
3438 1126 3488 1177 οί
3518 1125 3764 1193 Πατέρες

2182 1212 2364 1283 ήμῶν,
2408 1214 2501 1266 καὶ
2535 1215 2669 1285 ἡμῖν
2692 1214 2896 1279 ταύτας
2925 1215 3324 1287 φιλανθρώπως
3353 1217 3473 1269 λίαν
3518 1217 3609 1271 διὰ
3654 1218 3764 1272 τῶν

2183 1304 2240 1356 ἐν
2280 1304 2435 1375 μέσῳ
2459 1306 2835 1377 παρέπεμψαν
2860 1307 2955 1360 καὶ
2971 1307 3445 1377 μεταπαρέδοσαν,
3478 1308 3637 1362 τοῦτο
3666 1310 3764 1378 μό-

2182 1413 2270 1449 νον
2329 1397 2457 1466 παρ’
2499 1398 2657 1468 ήμῶν
2718 1399 3121 1464 ἐκϐιϐάζοντες,
3176 1400 3526 1470 ἀπρόσκοπον
3582 1400 3765 1453 αὐτῶν

2185 1490 2477 1557 φυλάττειν
2507 1490 2608 1559 τὴν
2652 1490 3134 1563 παρακαταθήκην
3162 1508 3178 1524 ο
3241 1490 3511 1561 άμείωτόν
3558 1510 3617 1544 τε
3668 1492 3766 1545 καὶ

2184 1582 2529 1652 ἁπλήθυντον
2559 1583 2909 1653 φυλάττουσα
2944 1586 2978 1655 ή
3006 1584 3137 1650 ἁγία
3163 1585 3258 1636 τοῦ
3282 1584 3423 1637 Θεοῦ
3466 1584 3765 1655 Ἐκκλησία

2181 1674 2439 1739 διατελεῖ,
2474 1675 2568 1727 καὶ
2606 1674 2907 1728 διατελέσει
2949 1676 3114 1746 μέχρι
3144 1675 3245 1745 τῆς
3294 1674 3538 1745 μεγάλης
3566 1676 3767 1744 ἐπιφα-

2181 1767 2332 1831 νείας
2372 1767 2468 1821 τοῦ
2509 1769 2748 1839 μεγάλου
2783 1770 2920 1823 Θεοῦ
2963 1770 3059 1835 καὶ
3090 1768 3343 1840 Σωτῆρος
3381 1769 3539 1839 ήμῶν
3588 1767 3764 1839 Ἰησοῦ

2112 1844 2158 1903 Β
2185 1860 2449 1931 Χριστοῦ,
2478 1854 2524 1929 ᾧ
2556 1862 2591 1932 ή
2620 1861 2747 1926 δόξα
2780 1863 2876 1915 καὶ
2903 1862 2963 1915 τὸ
3001 1861 3203 1946 κράτος
3246 1862 3329 1925 είς
3372 1861 3500 1925 τοὺς
3537 1860 3765 1923 αἰῶνας.

2199 1954 2396 2023 ’Δμήν.

2182 2049 2486 2117 Πρόλογος
2526 2046 2646 2102 τῶν
2686 2048 3102 2116 ὑποκειμένων
3134 2048 3415 2118 χρήσεων
3461 2044 3765 2115 Θεοδώρου

2801 2118 3121 2185 αἰρετικοῦ.

2269 2230 2363 2285 Ἐκ
2389 2232 2499 2285 τῶν
2529 2231 2891 2304 βλασφημιῶν
2928 2231 3206 2304 Θεοδώρου
3245 2231 3404 2303 ὀλίγα
3442 2235 3506 2287 ἐκ
3531 2231 3765 2297 πολλῶν,

2182 2325 2260 2388 είς
2286 2322 2513 2389 ἔνδειξιν
2533 2325 2634 2394 τῆς
2658 2326 2786 2395 ὅλης
2814 2326 2980 2379 αὑτοῦ
3005 2328 3133 2397 περὶ
3158 2326 3217 2379 τὸ
3247 2326 3422 2396 δόγμα
3449 2326 3770 2394 σκαιότη;ος

2191 2416 2534 2488 παραθέσθαι
2569 2417 3005 2486 ἐσπουδάσαμεν,
3037 2418 3125 2472 ἵνα
3163 2420 3226 2471 ἐκ
3264 2418 3470 2472 τούτων
3500 2418 3595 2470 καὶ
3638 2418 3770 2488 περὶ

2188 2509 2297 2562 τῶν
2328 2508 2537 2561 λοιπῶν
2568 2508 3003 2578 πιστωσώμεθα,
3022 2508 3102 2571 ώς
3121 2508 3279 2563 οὐδὲν
3303 2507 3470 2561 αὐτοῦ
3499 2507 3772 2576 κατεψευ-

2191 2600 2426 2671 σάμεθα,
2462 2601 2495 2671 ἢ
2535 2600 2645 2653 τῶν
2674 2602 2743 2653 τὰ
2780 2600 2990 2654 ἐκείνου
3019 2601 3382 2671 φρονούντων.
3426 2600 3487 2652 Et
3521 2599 3619 2669 μὲν
3658 2598 3770 2669 γὰρ

2188 2689 2302 2747 οἷόν
2333 2710 2391 2747 τε
2421 2688 2489 2763 ἦν
2529 2692 2768 2757 εὐκόλως
2812 2694 2994 2763 εὑρεῖν
3020 2695 3120 2756 τὰς
3165 2692 3346 2755 πάσας
3377 2691 3541 2745 αὐτοῦ
3575 2693 3772 2745 συντά-

2194 2789 2326 2856 ξεις,
2355 2790 2454 2843 οὐκ
2481 2789 2548 2844 ἂν
2577 2789 2909 2859 ὠκνήσαμεν
2930 2789 3058 2860 περὶ
3084 2790 3302 2843 πάντων
3324 2786 3431 2840 τῶν
3458 2784 3772 2855 κεφαλαίων

498 2870 834 2939 producere.
868 2870 1006 2936 Quia
1061 2886 1192 2925 vero
1226 2886 1328 2925 nos
1370 2872 1461 2925 vix
1516 2880 1573 2927 et
1617 2888 1815 2943 magno
1871 2872 2084 2937 labore,

2190 2876 2265 2935 ὧν
2332 2882 2497 2935 αὐτὸν
2556 2880 2960 2951 ὲγραψάμεθα,
3025 2879 3188 2933 αὐτὸν
3252 2880 3465 2932 ἐκεῖνον
3538 2875 3773 2945 ποιήσαο

497 2969 555 3015 ct
586 2962 776 3017 multis
801 2962 1235 3032 cogitationibus
1270 2963 1352 3017 usi
1390 2963 1595 3017 librum
1624 2965 1745 3034 ejus
1775 2972 1968 3018 contra
2001 2963 2087 3017 in-

496 3054 880 3109 carnationem
906 3056 1153 3125 reperire
1181 3055 1501 3126 potuimus;
1546 3056 1909 3111 vehementer
1939 3056 2088 3111 enim

496 3148 819 3210 observant,
851 3156 907 3203 et
938 3157 1229 3203 caventne
1271 3149 1424 3203 illius
1467 3148 1642 3204 libros
1692 3164 1818 3203 cum
1878 3149 1947 3203 iis
1994 3149 2087 3219 qui

497 3258 608 3296 non
636 3250 767 3296 sunt
796 3243 853 3296 in
887 3243 998 3297 illis
1061 3242 1328 3306 instituti,
1366 3243 1815 3310 communicent;
1848 3243 1919 3297 ob
1947 3242 2090 3297 hanc

499 3348 721 3387 causam
753 3349 819 3387 ea
852 3334 1033 3388 solum
1068 3350 1191 3404 qua:
1249 3340 1443 3387 contra
1496 3333 1937 3388 incarnationem
1974 3332 2091 3387 Sal-

496 3425 708 3479 vatoris
735 3424 894 3489 dixit,
934 3441 1084 3479 nunc
1105 3424 1367 3495 colligere
1392 3426 1717 3495 potuimus:
1753 3425 1801 3480 si
1831 3426 1957 3495 quis
1991 3441 2089 3479 ve-

499 3533 566 3571 ro
596 3532 706 3570 non
737 3516 1062 3572 adhibuerit
1097 3518 1284 3584 fidem,
1314 3525 1371 3572 et
1415 3518 1470 3572 ei
1510 3526 1673 3573 vacat
1722 3526 1782 3573 et
1830 3528 1918 3573 est
1967 3518 2090 3573 ani-

500 3624 647 3674 mus,
678 3617 889 3678 qurerat
932 3625 1055 3679 qua:
1085 3626 1226 3665 vane
1283 3610 1596 3665 elaboravit
1641 3610 1698 3663 in
1756 3609 1999 3665 Genesin
2035 3619 2091 3665 et

502 3700 559 3753 in
593 3700 801 3754 librum
825 3708 1019 3754 contra
1048 3701 1172 3767 Job,
1209 3709 1266 3756 et
1306 3717 1531 3771 pravam
1570 3701 2089 3773 interpretationem

500 3791 558 3845 in
584 3790 889 3860 Epistolam
918 3792 984 3846 ad
1012 3791 1295 3857 Hebraeos,
1324 3800 1381 3847 et
1408 3792 1463 3846 in
1514 3792 1818 3862 Epistolam
1868 3793 1937 3847 ad
1978 3793 2089 3848 Co-

503 3884 768 3947 rinthios,
808 3891 865 3937 et
918 3884 984 3940 ad
1016 3883 1258 3949 Galatas,
1301 3892 1359 3938 et
1408 3898 1531 3954 quae
1564 3892 1758 3938 contra
1790 3884 2090 3956 Magusaeos

502 3974 748 4044 scripsit,
781 3981 838 4028 et
858 3973 1392 4044 prmmeditationem
1421 3980 1789 4028 excaecantem
1819 3973 1875 4027 in
1904 3988 2091 4029 sacros

502 4067 770 4133 Psalmos,
811 4076 869 4121 et
932 4083 1055 4137 quae
1101 4082 1203 4136 pro
1260 4066 1534 4120 Eunomia
1573 4075 1767 4121 contra
1826 4066 2088 4122 Basilium

500 4160 749 4230 scripsit.
802 4159 895 4215 Sic
936 4176 1039 4231 ego
1064 4174 1206 4214 voco
1247 4166 1419 4212 totam
1446 4159 1569 4230 ejus
1598 4157 1905 4229 apologiam
1934 4159 2084 4213 omni

498 4251 857 4307 accusatione
890 4252 1143 4322 plenam:
1170 4250 1302 4305 item
1342 4250 1729 4305 enarrationes
1760 4250 2011 4305 turbidas
2029 4262 2085 4305 et

502 4345 856 4415 blasphemas
916 4344 971 4398 in
1022 4344 1380 4413 Evangelium
1433 4343 1698 4409 Matthaai,
1754 4344 1978 4399 Joannis
2030 4353 2087 4398 et

504 4434 687 4499 Lucae,
711 4444 765 4489 et
787 4418 1033 4505 ipsorum
1058 4442 1376 4489 sanctorum
1410 4434 1785 4503 apostolorum
1833 4442 1892 4489 et
1919 4450 2089 4489 evan-

500 4525 823 4595 gelistarum
836 4526 1103 4594 superbas
1123 4540 1261 4593 quas
1277 4540 1448 4579 ausus
1467 4533 1573 4590 est,
1594 4523 2080 4595 reprehensiones,

580 4721 692 4791 (57)
721 4718 981 4790 Prologus
1007 4722 1388 4775 auetoritatum
1411 4721 1683 4777 Theodori.
1704 4723 1849 4777 Bene
1864 4722 2090 4789 factum,

502 4792 653 4861 quod
686 4791 950 4845 Leontius
973 4792 1127 4861 impii
1156 4792 1434 4846 Theodori
1460 4792 1627 4861 impia
1663 4793 1918 4863 dogmata
1939 4810 2093 4848 cum-

509 4870 942 4933 memoraturus,
967 4877 1027 4933 se
1051 4870 1107 4916 et
1128 4863 1393 4917 lectorem
1416 4877 1601 4933 suum
1644 4863 1958 4933 praemunit.
2003 4864 2093 4918 Si-

505 4931 657 4985 milia
689 4930 964 4987 Theodori
990 4932 1241 5001 dogmata
1266 4930 1726 5001 prodiderunt—ex
1748 4933 1883 5001 ipsis
1915 4934 2095 4989 Theo-

503 5001 629 5074 dori
654 5002 835 5064 libris,
866 5016 1002 5074 _cumi
1019 5002 1137 5074 alii,
1168 5012 1283 5057 tum
1314 5002 1569 5074 Pelagius
1597 5001 1849 5073 pontifex
1876 5004 1932 5058 in
1953 5004 2086 5074 Epi-

504 5072 645 5125 stula
677 5070 920 5127 secunda
939 5073 1009 5126 ad
1039 5073 1331 5143 episcOpos
1360 5070 1554 5138 Isti-ite,
1597 5070 1694 5129 ubi
1720 5075 1866 5129 inter
1890 5070 2087 5130 extera

500 5143 615 5197 ista
644 5143 940 5215 leguntur:
969 5143 1095 5198 Herc
1125 5144 1188 5196 de
1204 5144 1503 5197 innumeris
1528 5160 1699 5213 pauca
1731 5146 2086 5215 praetulimus,

505 5222 564 5265 ut
588 5214 741 5282 quasi
776 5229 867 5285 per
895 5213 1135 5285 foramen
1159 5223 1464 5285 angustum,
1497 5231 1661 5282 quam
1727 5213 1951 5269 nimium
1991 5214 2089 5285 ba-

506 5284 753 5367 rathrum
792 5284 934 5367 initus
976 5284 1187 5367 lateret,
1236 5284 1666 5367 menstrui-emus
1690 5301 1709 5339 :
1762 5284 2089 5367 coaequales

506 5354 792 5425 plusquam
822 5352 997 5425 decem
1041 5354 1213 5408 millia
1275 5354 1433 5408 libros
1464 5353 1764 5408 Theodorus
1822 5352 2093 5425 scripsisse

507 5423 829 5490 perhibetur.
883 5423 1132 5488 Pensate,
1187 5441 1382 5495 quwso,
1436 5425 1621 5495 sinon
1674 5433 1824 5478 tanto
1880 5423 2092 5479 acriora

505 5500 774 5565 tormenta
821 5496 1138 5565 promeruit,
1196 5494 1393 5564 quanto
1421 5494 1689 5565 pluriora
1742 5496 2097 5565 conscripsit?

500 5563 601 5636 sed
630 5566 738 5636 hare
785 5562 1119 5636 illinsgdicta
1163 5562 1280 5636 qua;
1310 5562 1523 5636 prolata
1574 5575 1719 5636 sunt,
1771 5562 2091 5634 utrum'ejns

502 5634 637 5705 sint,
674 5632 895 5701 fortasse
928 5632 1219 5705 dubitatur.
1251 5632 1496 5699 Patrum,
1555 5637 1600 5688 si
1654 5635 1847 5705 placet,
1887 5632 2087 5705 scripta

505 5701 863 5775 proferamus.
911 5704 1172 5775 Armenia:
1202 5707 1392 5775 quippe
1442 5701 1667 5775 episcopi
1710 5704 1902 5759 Proclo
1939 5701 2081 5761 Con-

510 5771 1000 5841 stantinopolitame
1030 5773 1169 5828 urbis
1192 5771 1429 5845 episcopo
1462 5771 1661 5830 libellos
1702 5784 1888 5832 contra
1916 5775 2075 5831 Theo-

2193 2973 2318 3027 σθαι
2356 2974 2637 3045 μάρτυρα.
2683 2972 2905 3043 Ἐπειδὴ
2928 2972 2985 3025 δὲ
3042 2970 3197 3042 μόλις
3243 2970 3336 3023 καὶ
3381 2968 3521 3039 μετὰ
3572 2963 3770 3020 πολλοῦ

2190 3066 2363 3119 κόπου
2400 3064 2655 3118 ἐπινοιῶν
2682 3081 2742 3116 τε
2774 3065 2987 3135 μυρίων
3016 3064 3115 3134 τὴν
3156 3061 3299 3115 κατὰ
3344 3062 3444 3132 τῆς
3499 3060 3773 3133 ἐνανθρωο

2192 3159 2411 3227 πήσεως
2460 3155 2625 3209 αὑτοῦ
2690 3154 2871 3225 βίϐλον
2925 3155 3105 3227 εὑρεῖν
3154 3153 3490 3223 δεδυνήμεθα
3529 3152 3773 3224 (σφόδρα

2190 3251 2300 3319 γὰρ
2353 3249 2946 3319 παραπεφυλαγμένως
2987 3248 3059 3301 τὰ
3110 3246 3275 3301 αὐτοῦ
3331 3248 3445 3309 τοῖς
3502 3246 3773 3317 ἀμυήτοις

2192 3340 2460 3394 ἐκδιδόναι
2521 3339 2830 3411 θαρροῦσι),
2865 3338 3058 3391 τούτου
3113 3338 3302 3391 ἕνεκεν
3356 3337 3426 3390 τὰ
3477 3335 3621 3389 κατὰ
3673 3334 3774 3405 τῆς

2193 3433 2669 3505 ἐνανθρωπήσεως
2701 3432 2794 3486 τοῦ
2828 3432 3080 3503 Σωτῆρος
3108 3430 3255 3501 αὐτῷ
3287 3430 3557 3502 εἰρημένα
3591 3428 3730 3499 μόνα
3755 3468 3772 3493 ,

2192 3526 2249 3577 ἐν
2295 3522 2375 3593 τῷ
2423 3525 2650 3595 παρόντι
2701 3521 3060 3589 συλλέξασθαι
3103 3520 3441 3591 δεδυνήμεθα
3472 3535 3487 3551 ·
3528 3520 3577 3571 εί
3606 3517 3663 3570 δὲ
3690 3534 3775 3580 τις

2193 3616 2512 3687 ἀπιστήσει,
2542 3616 2667 3684 ἄγοι
2703 3615 2760 3668 δέ
2804 3614 2943 3679 ὅλως
2989 3613 3187 3685 σχολὴν
3238 3614 3334 3667 καὶ
3386 3611 3771 3684 προθυμεῖται,

2196 3710 2494 3781 ζητησάτω
2526 3708 2694 3763 αὐτοῦ
2728 3708 2829 3773 τάς
2861 3725 2921 3761 τε
2964 3710 3043 3771 εἰς
3087 3706 3185 3773 τὴν
3226 3705 3441 3775 γένεσιν
3478 3720 3776 3775 ματαιοπο-

2191 3802 2333 3868 νίας,
2366 3802 2459 3855 καὶ
2499 3801 2598 3871 τὴν
2637 3801 2780 3855 κατὰ
2802 3800 2896 3854 τοῦ
2941 3800 3060 3854 Ἰὼϐ
3098 3800 3301 3869 βίϐλον,
3333 3800 3433 3870 τήν
3472 3815 3534 3852 τε
3569 3795 3774 3870 παρεξ-

2193 3896 2394 3967 ήγησιν
2464 3896 2531 3966 ἢν
2592 3895 2672 3959 εἰς
2734 3896 2835 3964 τὴν
2894 3894 3033 3964 πρὸς
3101 3892 3387 3961 Ἐϐραίους
3448 3890 3775 3961 Ἐπιστολὴν

2195 3987 2516 4057 πεποίηται,
2552 3986 2648 4040 καὶ
2680 3986 2789 4056 μὴν
2819 3986 2915 4040 καὶ
2946 3988 3025 4048 εἰς
3048 3986 3145 4058 τήν
3172 3986 3309 4057 πρὸς
3335 3984 3659 4056 Κορινθίους
3679 3983 3774 4036 καὶ

2190 4080 2459 4143 Γαλάτας,
2495 4079 2565 4132 τά
2607 4097 2668 4133 τε
2703 4079 2853 4133 κατὰ
2884 4080 3255 4148 Μαγουσαίων
3295 4078 3475 4132 αὐτῶν
3534 4093 3777 4146 συγγρα-

2118 4220 2161 4277 D
2194 4175 2385 4244 φέντα,
2411 4173 2507 4227 καὶ
2536 4172 2630 4227 τὸν
2657 4172 2799 4227 κατὰ
2838 4172 2947 4226 τῶν
2978 4173 3136 4244 ἱερῶν
3176 4170 3424 4243 Ψαλμῶν
3448 4169 3773 4239 τυφλοποιδν

2193 4266 2558 4339 προθεωρίαν,
2619 4266 2687 4320 τά
2717 4283 2778 4319 τε
2828 4267 2968 4337 ὑπὲρ
2996 4264 3264 4336 Εὑνομίοο
3306 4264 3452 4319 κατά
3489 4262 3771 4318 Βασιλείου

2191 4361 2287 4415 τοῦ
2315 4363 2459 4416 πάνυ
2486 4360 2653 4432 (οὕτω
2674 4362 2784 4433 γὰρ
2809 4360 2921 4431 ἐγὼ
2941 4361 3093 4415 καλῶ
3112 4361 3212 4433 τήν
3234 4361 3415 4430 πάσης
3434 4358 3773 4430 κατηγορίας

2199 4452 2404 4524 μεστὴν
2435 4454 2577 4525 ὑπὲρ
2613 4453 2780 4507 αὐτοῦ
2812 4454 3131 4525 ἀπολογίαν)
3154 4473 3167 4486 ·
3203 4454 3301 4517 τάς
3328 4471 3387 4507 τε
3415 4453 3497 4517 είς
3537 4452 3599 4506 τὸ
3631 4450 3772 4505 κατὰ

2192 4546 2475 4600 Ματθαίον
2504 4546 2597 4599 καὶ
2645 4545 2902 4618 Ἰωάννην
2926 4548 3023 4601 καὶ
3048 4547 3232 4617 μέντοι
3277 4562 3342 4616 γε
3366 4545 3585 4599 Λουκᾶν
3614 4545 3773 4599 τεθοο

2199 4727 2389 4802 ιίονιιιη
2425 4727 2774 4802 porrigentes,
2806 4726 3022 4802 dicunt:
3062 4726 3223 4802 «_Fuit
3257 4737 3435 4802 autem
3462 4730 3657 4802 aliquis
3686 4748 3775 4802 pe-

2198 4798 2309 4870 stisg
2327 4798 2499 4870 homo,
2535 4798 2702 4865 magis
2725 4806 2901 4870 autem
2928 4796 3064 4870 fera,
3083 4798 3307 4870 flaminis
3326 4800 3521 4853 habens
3547 4796 3773 4870 formam

2200 4866 2537 4929 diabolicam,
2570 4869 2810 4940 _mentito
2839 4868 3049 4940 nomine
3087 4866 3406 4940 Theodorus,
3431 4871 3522 4940 qui
3547 4866 3773 4940 schema

2199 4948 2248 4989 et
2270 4952 2463 5011 nomen
2497 4938 2727 5011 episcopi
2766 4937 3279 5011 [tabuit,_in_a_mgulo
3302 4947 3351 4991 et
3400 4937 3618 5011 ignobili
3660 4939 3774 4994 loco

2199 5006 2336 5079 orbis
2389 5006 2939 5079 terr‘arum’latitrms,
2970 5009 3026 5061 in
3053 5006 3439 5079 Mopsuestano'
3468 5009 3667 5066 Ciliciae
3686 5028 3774 5064 se-

2189 5078 2373 5152 gnitia:
2398 5076 2504 5152 “vel
2553 5078 2789 5152 oppido,_
2823 5093 2941 5130 vere
2967 5076 3189 5152 _quidein
3234 5087 3321 5152 et_
3338 5081 3708 5152 principaliter
3739 5100 3773 5135 α

2191 5147 2364 5201 Paulo
2391 5146 2739 5201 Samosateno
2756 5148 3091 5211 descendens,
3134 5149 3251 5202 licet
3287 5146 3520 5204 Photino'
3537 5160 3585 5206 et
3613 5162 3772 5204 crete-

2192 5218 2266 5271 ris
2320 5218 2679 5272 Iueresiarcltis
2723 5220 2780 5271 in
2830 5217 2962 5272 libro
3002 5217 3079 5271 De
3127 5219 3508 5275 Incarnatione
3556 5221 3774 5275 Domini

2194 5288 2513 5363 nostrilesu
2544 5286 2741 5343 Christi
2761 5289 2817 5363 in
2837 5296 2944 5341 toto
2987 5304 3082 5363 suo
3122 5292 3388 5363 proposito
3428 5293 3555 5363 ipsis
3602 5293 3771 5363 verbis

2196 5359 2499 5413 inveniatur
2523 5374 2675 5429 usus.
2698 5377 2717 5409 ι
2767 5358 2894 5413 Haec
2922 5366 2979 5413 et
3016 5360 3175 5429 plura
3200 5358 3303 5415 alia
3347 5362 3403 5415 in
3430 5358 3545 5417 suis
3568 5362 3770 5416 litteris

2195 5430 2448 5501 Pelagius
2493 5427 2765 5501 pontifex,
2829 5427 3240 5501 consentientia
3297 5447 3424 5486 cum
3481 5433 3590 5497 his,
3647 5448 3773 5501 quae

2199 5499 2465 5572 Leontius
2509 5499 2765 5572 _adducit_
2792 5515 2859 5553 ex
2890 5499 3184 5572 Theodoro
3201 5541 3219 5572 ί.
3277 5517 3308 5556 a
3340 5518 3451 5572 quo
3481 5499 3773 5558 Nestorius

2196 5584 2352 5624 snam
2389 5569 2729 5639 impietatem
2752 5569 2937 5625 hausit
2967 5611 2980 5634 ,
3025 5569 3564 5627 Theodorus—autem
3597 5573 3772 5627 aDio-

2192 5640 2331 5693 doro
2362 5639 2652 5703 Tarsensi,
2713 5655 3016 5709 omnesque
3064 5658 3094 5696 a
3150 5643 3321 5699 Paulo
3373 5643 3767 5708 Samosatensi,

2190 5720 2250 5784 nt
2290 5710 2577 5784 prgductis
2608 5710 2944 5768 testimoniis
2982 5714 3206 5784 copiose
3231 5714 3573 5773 demonstrat
3598 5713 3767 5770 Leon-

2184 5778 2315 5835 tius.
2351 5779 2489 5837 Tun.
