4120 6446
372 434 504 499 1385

1276 441 1445 503 ADV.
1489 443 2192 508 INCORRUPTICOLAS
2230 449 2329 509 ET
2376 451 2691 514 NESTOR.

3477 463 3610 527 1386

362 544 612 617 λωμένας
638 544 927 617 ἐξηγήσεις
954 549 1049 601 καὶ
1086 547 1454 621 βλασφημίας,
1484 555 1580 606 καὶ
1610 556 1727 607 κατ’
1754 555 1934 611 αὐτῶν

2046 566 2093 610 et
2126 558 2230 611 alia
2256 558 2377 627 ejus
2414 576 2605 631 Opera,
2628 580 2693 618 ne
2727 564 2937 635 singula
2972 582 3328 635 enumerem;
3355 583 3410 626 et
3454 573 3611 628 vide—

359 638 418 690 δὲ
447 637 554 691 τῶν
577 637 740 708 ίερῶν
761 639 1076 693 ἀποστόλων
1102 641 1200 693 καὶ
1226 643 1627 711 εὺαγγελιστῶν
1653 646 1937 717 ὑπερηφά-

362 748 486 794 νους
539 730 635 783 καὶ
677 731 1203 803 ἀποτετολμημένας
1254 735 1512 805 μέμψεις,
1567 738 1637 793 τά
1686 755 1745 791 τε
1800 739 1934 793 ἄλλα

363 821 554 887 αὐτοῦ,
582 822 670 876 ἴνα
708 822 782 892 μὴ
810 822 871 875 τὸ
899 824 1022 877 καθ’
1054 824 1113 878 ἒν
1134 825 1297 894 λέγω,
1332 828 1710 899 συντάγματα,
1741 829 1935 900 ὄψεται

366 914 529 985 βυθὸν
560 913 818 976 ἀσεϐείας
856 916 1038 987 πάσης
1068 919 1167 988 τῆς
1195 920 1523 991 Μαρκίωνος
1554 922 1649 975 καὶ
1679 921 1935 977 Βαλεντί-

364 1024 478 1070 νου,
508 1007 649 1078 πρὸς
678 1008 737 1060 δὲ
767 1009 864 1061 καὶ
898 1008 1000 1077 τῆς
1029 1012 1211 1081 πηγῆς
1238 1012 1346 1064 τῶν
1381 1013 1568 1066 κακῶν
1593 1014 1688 1068 τοῦ
1719 1016 1935 1070 Μάνεν-

366 1118 458 1164 τος
488 1100 651 1169 λέγω,
685 1100 1109 1172 βδελυκτοτέραν
1142 1120 1202 1156 τε
1234 1103 1327 1156 καὶ
1373 1105 1668 1177 ἀθεοτέραν
1709 1106 1937 1178 γνώμην

365 1210 425 1246 τε
463 1194 558 1246 καὶ
582 1192 916 1265 ἐγχείρησιν.
962 1195 1155 1265 Ἡμεῖς
1186 1195 1260 1261 δὲ,
1298 1195 1374 1258 ώς
1431 1197 1638 1267 ἔφαμεν
1663 1238 1679 1264 ,
1714 1198 1809 1253 τοῦ
1862 1200 1937 1272 μὴ

364 1287 515 1351 δόξαι
547 1287 723 1357 πάντη
764 1287 1059 1358 ἀμάρτυρα
1091 1288 1159 1341 τά
1191 1289 1310 1342 κατ’
1332 1288 1499 1343 αὐτοῦ
1543 1290 1810 1363 λεγόμενα
1842 1310 1939 1346 κα-

364 1378 631 1443 ταλιπεῖν,
664 1376 910 1442 πολλαῖς,
943 1378 1019 1440 ώς
1048 1376 1221 1449 ἔφην,
1256 1379 1526 1444 ἐπινοίαις
1567 1399 1628 1435 τε
1670 1383 1767 1437 καὶ
1809 1382 1939 1454 μεθ-

366 1470 506 1532 όδοις
529 1469 893 1541 χρησάμενοι,
915 1469 1075 1539 μόνον
1103 1469 1164 1522 τὸ
1194 1470 1335 1524 κατά
1355 1471 1454 1540 τῆς
1474 1472 1937 1545 ἐνανθρωπήσεως

369 1561 515 1633 αὐτῷ
541 1561 838 1633 συνταχθὲν
859 1563 1037 1631 εὑρεῖν
1062 1562 1382 1632 ἰσχύσαμεν,
1408 1563 1501 1633 ἀφ’
1528 1556 1588 1617 οῦ
1620 1566 1714 1619 καὶ¹
1735 1565 1940 1630 ταύτας

368 1655 467 1719 τὰς
498 1656 724 1727 χρήσεις
772 1654 1117 1727 παραθέσθαι
1162 1656 1597 1727 ἐσπουδάσαμεν.
1630 1658 1693 1714 El
1715 1658 1773 1712 δὲ
1806 1657 1939 1724 Θεὸς

370 1750 677 1820 ἐπιτρέποι,
714 1749 810 1803 καὶ⁵
847 1749 875 1801 ό
904 1748 1098 1819 χρόνος
1126 1750 1276 1819 ἡμᾶς
1307 1748 1381 1820 μὴ
1417 1749 1720 1817 ἐπιλείποι,
1745 1750 1940 1821 ἑτέραν

368 1843 487 1894 κατ’
514 1840 678 1896 αὐτοῦ
712 1841 961 1906 σύνταξιν
995 1840 1357 1911 ποιησόμεθα,
1389 1842 1447 1895 ἐν
1550 1841 1692 1896 κατὰ
1740 1842 1938 1914 σχολὴν

2038 648 2476 717 bitprofuntlum
2509 655 2690 709 omnis
2736 656 3036 726 impietatis
3087 660 3381 717 Marcionis
3407 672 3462 718 et
3505 666 3602 722 Va-

2037 742 2259 806 lentini,
2297 743 2438 799 adde
2469 744 2636 799 etiam
2662 748 3169 816 exsecrabiliorem,
3213 761 3270 807 et
3302 756 3474 825 magis
3504 756 3611 809 im-

2037 835 2183 904 piam
2207 838 2559 904 seutentiam,
2599 849 2655 894 et
2706 850 3022 912 susceptum
3080 846 3390 913 scelestius,
3445 864 3611 918 quam

2036 928 2347 994 Manichaai,
2374 928 2542 986 fontis
2567 931 2872 987 malorum:
2906 950 3008 990 nos
3040 952 3191 999 vero,
3240 947 3299 991 ut
3345 938 3609 1003 diximus.

2038 1033 2108 1073 ne
2140 1017 2480 1087 videremur,
2512 1036 2635 1090 quae
2690 1031 2880 1077 contra
2914 1039 3038 1079 eum
3062 1042 3090 1079 a
3115 1026 3277 1083 nobis
3329 1028 3610 1093 dicuntur,

2041 1110 2160 1164 sine
2188 1110 2423 1166 testibus
2440 1111 2589 1165 dicta
2621 1112 2962 1183 relinquere,
2996 1116 3185 1171 multis
3220 1117 3326 1172 viis
3363 1127 3419 1173 et
3466 1120 3613 1189 cegi-

2040 1201 2344 1257 tationibus
2374 1202 2481 1268 usi,
2515 1204 2693 1258 solum
2722 1206 2870 1274 quod
2924 1214 3119 1261 contra
3174 1208 3611 1266 incarnationem

2038 1295 2368 1365 composuit,
2394 1296 2640 1365 reperire
2670 1298 2974 1367 potuimus.
3010 1298 3068 1354 Si
3111 1310 3297 1355 autem
3347 1302 3613 1358 Dominus

2037 1388 2377 1457 permiserit,
2400 1398 2457 1443 et
2495 1402 2710 1458 tempus
2740 1405 2842 1444 nos
2898 1406 3009 1445 non
3047 1391 3287 1459 deficiet,
3323 1394 3491 1449 alium
3548 1396 3616 1450 li-

2038 1478 2201 1534 brum
2232 1488 2426 1535 contra
2446 1495 2571 1535 eum
2595 1496 3010 1550 componemus,
3043 1483 3099 1538 in
3146 1500 3257 1554 quo
3310 1502 3407 1555 per
3439 1487 3612 1541 otium

2043 1585 2486 1641 unamquamque
2515 1572 2853 1642 impietatem
2877 1574 2995 1644 ejus
3014 1590 3080 1629 ex
3100 1570 3276 1645 ipsius
3317 1577 3474 1631 libris
3498 1578 3613 1631 col-

2039 1657 2293 1727 ligemus,
2319 1665 2376 1713 et
2398 1674 2525 1713 eum
2551 1676 2661 1729 quo
2703 1676 2770 1714 ex
2828 1661 3101 1716 lueretieis
3144 1678 3485 1733 unaquzeque
3522 1680 3616 1719 co-

2040 1750 2358 1819 gnationem
2402 1749 2621 1816 habeat,
2675 1759 2733 1806 et
2775 1752 3198 1807 auctoritatibus
3229 1755 3349 1824 ejus
3380 1754 3613 1808 demon-

2041 1843 2354 1896 strabimus.
2380 1841 2877 1909 Quinetiamtotam
2897 1844 3347 1915 ejusamentiam,
3375 1856 3430 1901 et
3448 1864 3612 1917 quam

369 1933 611 2003 ἑκάστην
640 1932 805 1986 αὐτοῦ
828 1932 1085 1988 ἀσέϐειαν
1106 1935 1171 1987 ἐκ
1202 1931 1312 1985 τῶν
1346 1933 1513 1986 αὐτοῦ
1540 1933 1713 2004 λόγων
1746 1935 1938 1989 συλλε-

2046 1932 2246 1987 habeat
2270 1941 2463 1988 contra
2486 1950 2679 1989 omnes
2699 1935 2889 1989 Patres
2919 1937 3248 1991 sententiam
3274 1937 3330 1992 in
3357 1939 3615 1997 omnibus

368 2026 617 2096 ξάμενοι,
650 2025 788 2097 πρὸς
839 2025 962 2080 τίνα
1002 2042 1065 2078 τε
1110 2024 1219 2077 τῶν
1252 2023 1382 2094 παρ’
1414 2024 1647 2089 ἐκείνοις
1690 2027 1939 2096 χρήσεων

365 2117 633 2188 δείξομεν.
666 2118 778 2171 Καὶ
821 2116 928 2188 μὴν
963 2117 1058 2170 καὶ
1102 2114 1199 2187 τὴν
1245 2115 1377 2187 ὃλην
1425 2116 1589 2170 αὐτοῦ
1636 2117 1938 2189 φρενοϐλά-

369 2208 544 2270 ϐειαν,
570 2207 667 2260 καὶ
694 2206 761 2278 ἢν
788 2207 926 2276 πρὸς
962 2205 1172 2270 πάντας
1200 2206 1331 2270 τοὺς
1362 2207 1555 2276 ἁγίους
1604 2207 1718 2278 ἔχει
1766 2208 1939 2262 Πατέ-

371 2314 494 2367 ρας,
520 2297 653 2369 περὶ
690 2298 868 2352 πάντα
892 2298 1143 2351 ἐναντίαν
1172 2296 1401 2369 γνώμην
1429 2300 1493 2353 ὲκ
1542 2300 1652 2352 τῶν
1705 2301 1941 2371 ἱερωτά-

367 2405 479 2441 των
521 2388 691 2442 αὐτοῦ
737 2388 1068 2459 πονημάτων
1108 2388 1449 2457 ἐπιδείξομεν
1478 2404 1495 2422 ο
1526 2390 1941 2460 ἀντιρῤητικαῖς

369 2492 428 2529 τε
465 2478 601 2548 πρὸς
644 2477 808 2555 αὐτὸν
854 2478 947 2531 ἐπὶ
987 2476 1202 2541 τούτοις
1234 2478 1554 2550 χρησόμεθα
1582 2480 1936 2543 ἀνασκευαῖς.

370 2570 445 2621 Τὸ
471 2568 529 2621 δὲ
572 2569 668 2622 νῦν
695 2568 1111 2641 ἀρκεσθήσομαι
1148 2572 1215 2642 τῇ
1256 2570 1776 2642 κεφαλαιωδεστέρᾳ
1816 2572 1936 2625 κατ’

369 2659 539 2713 αὐτοῦ
587 2660 859 2734 γενομένῃ
921 2664 1129 2732 γραφῇ,
1154 2661 1241 2714 ἵνα
1292 2661 1368 2732 μὴ
1422 2662 1598 2731 πάντη
1654 2661 1937 2716 λανθάνων

2043 2024 2377 2079 contrariam
2405 2024 2489 2080 eis
2510 2032 2565 2080 et
2587 2026 2966 2093 sanctissimis,
2986 2028 3105 2099 ejus
3135 2029 3399 2099 operibus
3425 2040 3611 2085 osten-

2044 2116 2260 2171 demus.
2302 2117 2385 2171 Ad
2442 2117 2600 2182 haec,
2655 2118 3129 2177 confutationibus
3178 2122 3443 2177 adversus
3485 2139 3614 2179 eum

2044 2218 2287 2263 utemur.
2348 2208 2508 2263 Nunc
2552 2218 2736 2266 autem
2767 2220 3061 2269 contentus
3112 2230 3212 2270 ero
3263 2218 3613 2273 accusatione

2044 2297 2201 2353 brevi
2246 2307 2443 2353 contra
2495 2313 2622 2353 eum
2670 2303 2995 2372 composita,
3019 2318 3108 2366 ne,
3145 2305 3366 2374 penitus
3413 2308 3611 2371 latens,

2043 2387 2478 2457 simplicioribus
2543 2401 2775 2457 noceat;
2829 2405 3276 2465 cognoscantque
3329 2399 3426 2467 qui
3488 2414 3615 2453 eum

2041 2488 2346 2547 sectantur,
2375 2480 2524 2535 hunc
2553 2496 2610 2537 se
2632 2485 3021 2540 commendare
3060 2495 3117 2541 et
3154 2487 3473 2555 defendere,
3516 2506 3616 2545 cu-

2035 2571 2126 2641 jus
2148 2587 2251 2627 nec
2281 2572 2623 2642 impietatem
2662 2573 2824 2630 facile
2852 2585 2938 2632 est
2995 2578 3239 2648 assequi,
3267 2580 3356 2635 vel
3405 2580 3451 2635 si
3492 2580 3619 2651 quis

2043 2664 2278 2719 maxime
2301 2664 2453 2719 velit.

374 2746 589 2821 βλάπτῃ
652 2751 781 2813 τοὺς
836 2749 1245 2821 ἁπλουστέρους
1273 2766 1287 2782 ⁸
1318 2748 1641 2819 γινώσκοιεν
1688 2750 1746 2805 δὲ
1785 2751 1881 2804 κιιί¹
1926 2751 1974 2805 οἰ
2020 2752 2360 2821 ἐζηλωκότες
2402 2754 2585 2821 αὐτὸν,
2649 2756 2725 2820 ὡς
2761 2757 2951 2810 τοῦτον
2994 2761 3307 2816 συνιστάναι
3351 2762 3616 2828 ἀξιοῦσιν,

371 2834 433 2893 οὗ
503 2839 640 2910 μηδέ
696 2839 799 2909 τῆς
844 2838 1102 2903 ἀσεϐείας
1154 2838 1303 2893 ἔστιν
1364 2838 1652 2909 ἐφικέσθαι
1718 2840 1921 2913 ῥᾳδίως
1981 2842 2077 2896 καὶ
2150 2842 2241 2895 τὸν
2295 2844 2437 2898 πάνυ
2499 2845 2973 2918 προθυμούμενον.
3024 2847 3182 2921 [ANG.
3241 2853 3367 2909 ΜΑι.
3422 2854 3616 2926 Scrip'.

372 2938 476 2986 vet.
510 2928 728 2986 Collect.
761 2929 849 2996 Vl,
881 2945 937 3001 p.
974 2929 1130 3003 299.]

443 3084 636 3139 Allatis
664 3083 758 3139 hic
787 3083 1076 3155 permultis
1115 3083 1389 3139 Theodori
1416 3084 1790 3155 Mopsuesteni
1829 3084 2275 3152 auctoritatibus,
2313 3101 2473 3157 quas,
2501 3089 2629 3159 quia
2672 3098 2889 3146 exstant
2929 3091 3075 3148 inter
3116 3093 3295 3166 Opera
3316 3097 3616 3167 Theodori,

374 3177 543 3249 hujus
572 3177 894 3249 Patrologia:
922 3184 960 3231 t.
988 3176 1173 3243 LXVI,
1199 3177 1305 3232 col.
1330 3176 1454 3242 672,
1491 3177 1971 3248 praetermisimus,
2010 3177 2127 3232 haec
2163 3178 2316 3234 addit
2342 3179 2607 3236 Leontius
2633 3198 2648 3236 :

446 3317 558 3371 Καὶ
586 3315 761 3370 ταῦτα
797 3315 897 3387 μὲν
924 3316 954 3369 ὁ
985 3315 1187 3387 ἀσεϐὴς
1204 3314 1502 3385 Θεόδωρος,
1537 3314 1682 3371 κατά
1714 3314 1813 3370 τοῦ
1849 3332 1942 3385 με-

2116 3315 2292 3387 Atque
2326 3317 2444 3373 haec
2467 3318 2690 3387 quidem
2723 3317 2927 3389 impius
2974 3320 3323 3391 Theodorus,
3370 3328 3526 3385 rabie
3563 3331 3618 3387 in

374 3411 544 3480 γάλου
602 3409 739 3464 Θεοῦ
798 3410 895 3463 καὶ
945 3408 1200 3478 Σωτῆρος
1251 3407 1412 3477 ήμῶν
1468 3406 1643 3478 Ἰησοῦ
1706 3407 1944 3479 Χριστοῦ

375 3500 647 3569 λυττήσας
697 3497 1145 3568 ἐϐλασφήμησεν,
1212 3495 1373 3549 ἄλλον
1424 3491 1565 3551 εἶναι
1619 3496 1794 3566 λέγων
1852 3498 1947 3551 τὸν

376 3590 511 3644 Θεὸν
560 3590 755 3658 Λόγον,
789 3590 885 3643 καὶ
929 3588 1089 3643 ἄλλον
1147 3586 1353 3657 Ἰησοῦν
1399 3588 1492 3643 τὸν
1539 3589 1774 3659 Χριστόν
1805 3605 1819 3620 ·
1853 3590 1947 3641 καὶ

377 3681 471 3735 τὸν
543 3681 644 3751 μὲν
708 3680 1122 3751 εὐεργετοῦντα,
1182 3681 1274 3735 τὸν
1317 3681 1375 3735 δὲ
1437 3680 1897 3752 εὐεργετούμενον
1930 3697 1945 3713 ο

378 3773 473 3826 καὶ
525 3771 617 3825 τὸν
672 3774 772 3843 μέν
830 3771 1095 3838 σώζοντα,
1156 3772 1248 3826 τὸν
1301 3771 1356 3825 δὲ
1409 3768 1738 3841 σωζόμενον.
1789 3772 1847 3823 Ὁ
1892 3771 1947 3824 δὲ

378 3866 551 3919 ταῦτα
602 3866 798 3935 λέγων,
838 3864 1090 3936 φανερῶς
1132 3866 1377 3935 ἀρνεῖται
1423 3864 1525 3934 τὴν
1570 3862 1661 3916 διά
1708 3862 1801 3917 τοῦ
1849 3865 1948 3915 Δε-

381 3962 583 4016 σπότου
629 3956 867 4032 Χριστοῦ
909 3959 1357 4026 προσγενομένην
1391 3956 1524 4025 ἡμῖν
1558 3952 1852 4024 σωτηρίαν.
1892 3952 1951 4006 ’0

379 4055 489 4124 γὰρ
551 4052 679 4125 παρ’
710 4051 871 4104 ἀλλου
938 4050 1262 4119 εὐεργεσίαν
1312 4045 1518 4110 λαϐὼν,
1544 4046 1664 4115 ἦτοι
1720 4044 1948 4107 σωθεὶς,

378 4147 601 4216 ἐτέρους
630 4144 748 4206 πῶς
775 4143 998 4197 δύναται
1028 4148 1227 4206 σώζειν
1253 4158 1268 4206 ;
1310 4140 1374 4192 Οἰ
1399 4138 1578 4191 τοίνυν
1616 4136 1789 4189 ταῦτα
1817 4151 1951 4206 φρο-

378 4238 622 4301 νοῦντες,
660 4236 806 4297 τίνος
852 4235 1053 4289 οῐονται
1083 4233 1242 4304 σῶμα
1288 4232 1383 4285 καὶ
1412 4226 1551 4299 αἷμα
1599 4227 1950 4299 μεταλαμϐάι

380 4348 534 4396 νειν;
572 4328 666 4382 τοῦ
712 4329 1178 4400 εὐεργετήσαντος
1205 4364 1219 4390 ,
1251 4323 1285 4395 ἢ
1321 4322 1417 4376 τοῦ
1458 4319 1950 4392 εὐεργετηθέντοςς

393 4422 534 4475 ’Λλλ’
564 4422 612 4475 εἰ
669 4420 767 4492 μὲν
805 4418 899 4473 τοῦ
944 4418 1407 4487 εὐεργετήσαντος
1445 4412 1581 4466 Θεοῦ
1611 4412 1804 4476 Λόγου,
1837 4409 1953 4472 πῶς

379 4514 539 4568 τοῦτο
582 4514 822 4583 λέγουσι,
858 4513 933 4583 μὴ
981 4508 1374 4580 ὁμολογοῦντες
1407 4505 1569 4560 αὐτὸν
1603 4501 1952 4573 σαρκωθῆναι

382 4607 478 4660 καὶ
527 4604 980 4676 ἐνανθρωπῆσαις
1016 4603 1163 4656 Εἰδέ
1194 4597 1289 4653 τοῦ
1336 4595 1808 4669 εὐεργετηθέντος,
1853 4609 1953 4661 μα-

380 4698 510 4753 ταία
547 4699 726 4752 αὐτῶν
762 4699 797 4768 ἡ
841 4696 1018 4762 ἐλπὶς,
1047 4688 1563 4764 ἀνθρωπολατρείαν
1618 4682 1951 4759 πρεσϐευόν-

380 4806 526 4843 των·
592 4790 691 4843 καὶ
756 4790 838 4851 εἰς
909 4787 1200 4858 ἄνθρωπον
1268 4784 1369 4847 τὰς
1429 4781 1651 4843 ἐλπίδας
1711 4778 1951 4848 ἔχοντες,

382 4881 777 4950 ἐπικατάρατοί
800 4882 959 4946 εἰσιν,
985 4881 1066 4933 ὅτι
1092 4876 1472 4947 ἐσεϐάσθησαν
1496 4873 1591 4927 καὶ
1621 4870 1952 4939 ἐλάτρευσαν

379 4978 449 5046 τῇ
497 4974 674 5027 κτίσει
720 4972 871 5044 παρὰ
923 4972 1013 5025 τὸν
1058 4969 1356 5034 κτίσαντα,
1388 4963 1446 5031 ὅς
1472 4966 1619 5019 ἐστιν
1658 4959 1953 5031 εὐλογητὸς

381 5069 463 5131 εἰς
491 5068 618 5131 τοὺς
655 5065 878 5129 αἰῶνας.
933 5064 1133 5136 Ἀμήν.

464 5160 786 5226 Ἀναγκαῖον
812 5158 869 5211 δέ
894 5158 1215 5228 ἡγησάμην,
1252 5153 1351 5209 καὶ
1368 5150 1465 5207 τοῦ
1496 5146 1825 5222 πρωτάρχου
1855 5144 1955 5214 τῆς

380 5251 638 5314 ἀσεϐείας
664 5250 842 5304 αὐτῶν
873 5249 1171 5319 γενομένου
1211 5246 1400 5314 ὀλίγας
1445 5240 1788 5311 παραθέσθαι
1817 5236 1957 5308 χρή-

383 5363 517 5409 σεις,
564 5346 631 5398 δι’
685 5338 761 5397 ὧν
829 5341 1356 5413 συμπεπλεγμένους
1414 5336 1613 5400 αὐτοὺς
1664 5331 1808 5387 κατά
1857 5330 1956 5401 τὴν

381 5436 641 5490 ἀσέϐειαν
666 5434 908 5488 κατιδεῖν
939 5432 1175 5496 ἔξεστιν.

384 5571 680 5641 Διοδώρου
713 5571 783 5625 ἐκ
838 5570 946 5625 τοῦ
983 5567 1134 5622 κατὰ
1155 5558 1629 5620 συνουσιαστῶν
1672 5555 1861 5624 λόγου
1885 5558 1958 5608 α’.

464 5706 484 5739 ι
531 5684 952 5753 Ἀσφαλίζεσθαι
979 5683 1057 5745 εἰς
1091 5680 1189 5752 τὴν
1219 5677 1507 5749 ἀκρίϐειαν
1543 5673 1652 5726 τῶν
1679 5669 1963 5739 δογμάτων

2048 3423 2304 3477 magnum
2327 3410 2500 3464 Deum
2527 3418 2583 3464 et
2606 3410 2947 3466 Salvatorem
2960 3423 3215 3469 nostrum
3244 3417 3432 3475 Jesum
3459 3421 3622 3479 Chri-

2046 3509 2191 3554 stum
2221 3502 2485 3570 percitus,
2507 3502 2822 3572 blaspheme
2841 3504 3085 3575 scripsit.
3105 3506 3295 3563 dicens
3316 3511 3482 3567 alium
3501 3531 3624 3571 esse

2048 3591 2218 3645 Deum
2250 3592 2511 3658 Verbum,
2547 3602 2604 3648 et
2642 3595 2813 3649 alium
2865 3596 3052 3651 Jesum
3116 3598 3432 3658 Christum:
3467 3606 3622 3661 illum

2048 3681 2319 3736 beneficio
2345 3684 2697 3750 aflicientem,
2751 3686 2900 3741 hunc
2932 3687 3205 3744 beneficio
3235 3692 3523 3761 affectum;
3561 3700 3625 3752 il-

2047 3774 2161 3828 lum
2182 3775 2393 3828 salvum
2433 3775 2751 3841 facientem,
2805 3777 2955 3832 hunc
2997 3780 3211 3835 salvum
3244 3783 3472 3840 factum.
3518 3788 3623 3855 Qui

2049 3872 2232 3918 autem
2264 3865 2380 3920 haec
2408 3866 2564 3931 dicit,
2601 3867 2893 3923 manifesto
2912 3877 3074 3939 negat
3102 3871 3334 3926 salutem
3354 3891 3453 3945 per
3467 3875 3628 3933 Chri-

2048 3962 2197 4007 stum
2231 3954 2471 4009 allatam.
2498 3955 2603 4021 Qui
2643 3956 2792 4010 enim
2812 3958 2881 4011 ab
2904 3958 3012 4013 alio
3036 3959 3367 4016 beneficium
3398 3966 3624 4036 accipit,

2052 4042 2106 4098 id
2137 4055 2239 4111 est,
2269 4046 2362 4115 qui
2392 4046 2571 4101 factus
2592 4055 2675 4102 est
2695 4049 2919 4119 salvus,
2948 4052 3225 4118 quomodo
3248 4055 3455 4123 poterit
3487 4058 3629 4114 alios

2051 4137 2233 4192 salvos
2255 4138 2475 4194 facere?
2504 4138 2608 4205 Qui
2659 4140 2777 4195 hate
2809 4142 3077 4208 sentiunt,
3131 4145 3290 4215 cujus
3320 4161 3524 4217 corpus
3568 4156 3627 4204 et

2052 4228 2373 4297 sanguinem
2412 4243 2470 4284 se
2498 4238 2692 4299 putant
2713 4231 2769 4284 in
2790 4233 3179 4288 communione
3222 4251 3467 4302 sumere,
3502 4239 3624 4309 ejus

2051 4321 2145 4388 qui
2172 4319 2500 4374 beneficium
2557 4322 2812 4386 contulit,
2858 4338 2927 4376 an
2960 4324 3053 4393 qui
3092 4324 3418 4381 beneficium
3473 4345 3631 4384 acce-

2051 4413 2165 4482 pit?
2202 4412 2257 4468 Si
2282 4413 2375 4467 Dei
2398 4413 2561 4467 Verbi
2590 4414 2922 4469 beneﬁcium
2952 4416 3309 4483 conferentis,
3350 4423 3630 4489 quomodo

2053 4504 2159 4557 hoc
2188 4504 2399 4568 dicunt,
2432 4519 2544 4557 non
2580 4505 2921 4561 confitentur
2943 4523 3073 4561 eum
3099 4508 3445 4566 incarnatum
3468 4515 3631 4568 esse?

2055 4595 2111 4650 Si
2138 4611 2268 4650 vero
2295 4596 2628 4650 beneficium
2667 4597 3015 4667 accipientis,
3066 4600 3248 4656 inanis
3304 4612 3389 4657 est
3436 4620 3629 4660 eorum

2060 4702 2186 4757 spes
2215 4688 2706 4758 antbropolatriam
2734 4690 3077 4760 profitentes.
3108 4693 3179 4747 Et
3211 4695 3305 4763 qui
3338 4696 3394 4750 in
3445 4697 3629 4752 homi-

2059 4793 2129 4831 ne
2156 4793 2307 4848 spem
2333 4780 2626 4843 collocant,
2653 4781 2933 4835 maledicti
2989 4790 3118 4837 sunt
3151 4803 3163 4836 :
3196 4785 3291 4853 qui
3334 4788 3628 4842 coluerunt

2058 4878 2115 4923 et
2135 4870 2450 4926 servierunt
2481 4880 2752 4928 creaturae
2796 4882 2995 4943 praeter
3017 4874 3359 4944 Creatorem,
3407 4880 3500 4947 qui
3546 4889 3631 4935 est

2062 4962 2386 5020 benedictus
2407 4965 2464 5020 in
2492 4967 2712 5022 saecula.
2762 4968 2958 5022 Amen.

2136 5142 2519 5199 Necessarium
2545 5146 2880 5209 existimavi,
2929 5146 3049 5215 ejus
3083 5144 3177 5213 qui
3229 5143 3332 5197 fuit
3374 5144 3631 5213 princeps

2063 5244 2257 5289 auctor
2280 5235 2444 5305 hujus
2473 5236 2793 5305 impietatis,
2842 5249 3047 5306 paucas
3077 5234 3437 5289 auctoritates
3457 5248 3629 5301 appo-

2065 5342 2221 5389 nere,
2258 5343 2326 5381 ex
2359 5327 2559 5396 quibus
2582 5329 2715 5383 licet
2760 5328 3103 5398 perspicere,
3131 5340 3410 5381 connexos
3461 5323 3629 5379 fuisse

2060 5417 2213 5486 ipsos
2246 5418 2300 5472 in
2332 5419 2434 5473 hac
2469 5419 2771 5489 impietate.

2270 5553 2491 5607 Diodori
2524 5570 2587 5607 ea:
2625 5553 2756 5608 libro
2788 5571 2803 5608 ι
2830 5552 3029 5609 Contra
3059 5552 3421 5623 Symtsiastas.

2139 5686 2157 5718 ι
2190 5666 2393 5721 Hortor
2425 5684 2544 5731 vos,
2572 5678 2631 5722 ut
2660 5669 2858 5723 muniti
2889 5668 3011 5723 sitis
3039 5676 3095 5733 et
3130 5666 3268 5721 ﬁrmi
3300 5666 3365 5720 ad
3398 5665 3628 5735 diligen-

392 5781 535 5851 ὕμᾶς
564 5778 853 5847 ἐνάγομεν.
880 5775 1100 5836 Τέλειος
1128 5771 1233 5843 πρὸ
1260 5768 1471 5823 αἰώνων
1502 5767 1530 5818 ὁ
1558 5763 1685 5825 Υἱός
1716 5778 1726 5789 ·
1760 5760 1944 5813 τέλειοί

2068 5758 2568 5826 tetucognitioncm
2627 5761 2970 5830 dogmatum.
3012 5760 3295 5815 Perfectus
3351 5768 3477 5812 ante
3536 5772 3633 5809 sa!-

385 5872 478 5925 τὺν
506 5873 569 5923 ἐκ
603 5868 763 5922 Δαϐἰδ
808 5866 1100 5935 ἀνείληφεν
1132 5856 1256 5927 Υἱὸς
1279 5858 1414 5913 Θεοῦ
1449 5859 1563 5910 υἰδν
1593 5852 1774 5907 Δαϐίδ.
1793 5851 1966 5919 Ἐρεῖς

711 5959 979 6017 ΡΑτιιοι..
1025 5957 1142 6016 Gtt.
1182 5950 1519 6014 LXXXVI.

2066 5849 2186 5903 cuia
2216 5849 2411 5916 Filius;
2442 5852 2771 5920 perfectum,
2808 5852 2953 5923 quod
2981 5869 3047 5907 ex
3096 5851 3265 5904 David
3316 5846 3631 5916 assumpsit,

3148 5943 3181 6000 Ῐι
3192 5942 3221 5999 't
