4120 6442
518 449 652 516 1387

1774 444 2086 505 LEONTII
2128 442 2535 503 BYZANTINI

3634 440 3774 507 1388

514 563 687 620 Filius
732 559 849 625 Dei,
878 558 1024 614 ﬁlius
1072 556 1265 613 David.
1316 556 1474 612 Dices
1516 557 1677 623 mihi,
1735 556 1886 612 Duos
1934 558 2100 628 igitur

2209 573 2299 625 μοι
2323 571 2336 584 °
2366 555 2472 609 Δύο
2503 554 2600 609 οὖν
2633 553 2784 618 υἱοὺς
2812 554 3145 628 κηρύττειςς
3175 554 3281 609 Δύο
3303 555 3457 619 υίοὺς
3488 553 3583 609 τοῦ
3610 558 3778 612 Δαϐὶδ

515 654 656 708 ﬁlios
707 651 978 722 praedicas
1007 651 1031 703 ?
1062 650 1208 704 Duos
1247 649 1389 704 ﬁlios
1422 650 1595 703 David
1641 664 1750 703 non
1781 649 1908 703 (lico
1936 667 1951 715 ;
1986 665 2097 703 non

512 747 657 801 enim
689 744 798 799 dixi
820 744 993 798 Deum
1044 743 1286 797 Verbum
1319 741 1495 796 ﬁlium
1518 741 1712 797 David.
1770 741 1880 797 Sed
1916 757 2098 812 neque

513 841 656 896 duos
668 841 808 894 filios
822 839 918 893 Dei
939 837 1245 894 secundum
1271 836 1639 892 substantiam
1658 837 1815 891 dico:
1836 834 2099 890 necenim

513 933 637 988 dico
663 931 801 987 duos
822 945 889 985 ex
913 929 1223 985 substantia
1241 929 1362 994 Dei,
1376 944 1503 984 cum
1528 929 1653 984 dico
1668 929 1842 984 Deum
1858 927 2099 983 Verbum

513 1031 641 1078 ante
672 1021 870 1077 saecula
910 1020 1192 1075 habitasse
1216 1020 1273 1074 in
1308 1020 1496 1090 genito
1516 1035 1584 1075 ex
1618 1020 1832 1076 semine
1858 1017 2051 1075 David.
2075 1037 2093 1070 ›

935 1131 1194 1202 Ejusdem
1223 1146 1287 1184 ea:
1308 1130 1489 1184 eodem
1521 1130 1675 1185 libro.

595 1244 826 1300 «Gratia
882 1244 1056 1299 Filius
1102 1244 1267 1301 homo
1322 1259 1389 1298 ex
1432 1242 1604 1298 Maria
1655 1249 1851 1307 natus;
1903 1250 2102 1296 natura

518 1348 704 1392 autem
737 1337 883 1391 Deus
916 1336 1192 1391 Verbum:
1244 1333 1379 1389 illud
1427 1333 1601 1405 gratia
1626 1342 1681 1388 et
1711 1349 1820 1387 non
1870 1343 2101 1399 natura;

518 1431 625 1484 hoc
655 1436 838 1484 autem
886 1434 1081 1482 natura
1132 1436 1187 1482 et
1221 1442 1333 1481 non
1356 1426 1553 1497 gratia.
1600 1424 1847 1480 Suﬂiciet
1884 1423 2103 1495 corpori

518 1538 586 1574 ex
618 1530 807 1575 nostro
836 1534 1039 1590 genere
1089 1518 1282 1573 ﬁliatio
1337 1516 1642 1572 secundum
1684 1517 1943 1588 gratiam,
1981 1516 2102 1587 glo-

521 1610 621 1674 ria,
649 1609 1065 1674 immortalitas;
1096 1616 1151 1664 et
1196 1608 1343 1680 quod
1372 1609 1635 1679 templum
1682 1607 1780 1662 Dei
1809 1607 1974 1663 Verbi
2022 1605 2105 1661 fa-

519 1710 667 1755 ctum
714 1710 821 1766 est,
870 1716 941 1755 ne
992 1700 1246 1755 elevetur
1305 1716 1471 1770 supra
1518 1707 1801 1766 naturam;
1858 1708 1915 1753 et
1960 1698 2107 1753 Deus

520 1792 757 1847 Verbum
792 1792 915 1847 loco
957 1792 1193 1846 actionis
1244 1792 1547 1863 gratiarum
1596 1807 1761 1864 quam
1805 1790 2100 1855 debemus,

517 1899 587 1939 ne
634 1884 973 1938 contumelia
1034 1883 1307 1938 adiciatur
1345 1900 1358 1937 :

516 1991 853 2046 componere
889 1991 1016 2031 eum
1060 1990 1189 2030 cum
1220 1990 1477 2046 corpore,
1531 1984 1587 2030 et
1631 1974 1944 2030 existimare
1964 1988 2103 2043 opus

516 2068 595 2122 illi
646 2082 768 2122 esse
821 2081 1055 2137 corpore
1113 2065 1183 2120 ad
1239 2066 1543 2136 perfectam
1593 2065 2103 2120 ﬁliationem?Nec

516 2158 662 2211 enim
690 2158 805 2228 ipse
829 2158 975 2212 Deus
1003 2157 1251 2212 Verbum
1286 2158 1404 2212 vult
1430 2172 1553 2213 esse
1599 2156 1748 2212 ﬁlius
1769 2156 1963 2221 David,
2003 2155 2101 2211 sed

516 2250 801 2304 Dominus.
825 2248 1039 2319 Corpus
1080 2254 1213 2304 vero
1242 2250 1431 2305 vocari
1456 2250 1628 2303 ﬁlium
1660 2249 1830 2304 David
1854 2264 1963 2303 non
1983 2262 2101 2302 mo-

519 2343 590 2398 do
619 2357 726 2396 non
751 2342 978 2408 invidit,
998 2341 1093 2397 sed
1118 2352 1347 2413 propter
1370 2342 1478 2397 hoc
1500 2342 1670 2399 venit.
1695 2360 1713 2394 ι

588 2455 657 2509 Et
683 2461 796 2523 post
828 2454 940 2508 alia
966 2472 983 2509 :
1026 2473 1045 2507 ι
1072 2455 1141 2509 Ει
1171 2455 1393 2524 quando
1426 2455 1494 2510 de
1525 2455 1984 2527 generationibus
2014 2472 2103 2512 se-

518 2547 761 2603 cundum
788 2556 1039 2601 naturam
1063 2546 1237 2603 fuerit
1269 2561 1474 2612 sermo,
1503 2562 1573 2602 ne
1612 2545 1764 2602 ﬁlius
1791 2548 1974 2603 Mariae
1995 2564 2101 2617 pu-

521 2646 670 2693 tetur
686 2640 833 2694 Deus
843 2637 1085 2693 Verbum
1102 2655 1116 2705 ;
1138 2637 1391 2692 mortalis
1408 2637 1555 2692 enim
1574 2638 1859 2694 mortalem
1878 2646 2104 2709 generat

521 2730 828 2785 secundum
861 2736 1140 2793 naturam,
1171 2735 1228 2781 et
1253 2741 1457 2797 corpus
1478 2735 1707 2798 generat
1734 2728 2103 2783 consubstan-

521 2823 673 2879 tiale.
707 2812 775 2877 Et
802 2821 941 2875 duas
973 2819 1363 2890 generationes
1391 2820 1538 2875 Deus
1563 2818 1805 2875 Verbum
1844 2833 1955 2874 non
1982 2833 2103 2873 sus-

523 2914 757 2980 tinebat,
790 2928 955 2968 unam
988 2918 1116 2967 ante
1156 2911 1392 2978 saecula,
1426 2911 1653 2967 alteram
1693 2909 2102 2981 posterioribus

524 3006 891 3078 temporibus.
930 3022 950 3057 ι

822 3117 1077 3188 Ejusdem
1100 3116 1321 3172 Diodori
1349 3131 1412 3171 ex
1439 3117 1618 3170 eodem
1643 3114 1797 3171 libro.

602 3252 621 3285 ι
651 3232 708 3287 Si
742 3230 869 3303 quis
895 3230 1136 3311 voluerit
1169 3229 1368 3286 Filium
1396 3230 1492 3285 Dei
1525 3229 1698 3285 Deum
1726 3228 1967 3285 Verbum
1992 3242 2098 3283 no-
2132 3250 2177 3311 α

525 3326 735 3380 minare
794 3302 1286 3395 καταχρηστικῶς,
1340 3321 1396 3377 id
1452 3329 1534 3377 est
1588 3336 1687 3390 per
1760 3320 2104 3386 abusionem,

524 3417 701 3471 ﬁlium
745 3416 913 3471 David
936 3422 1164 3486 propter
1192 3414 1457 3485 templum
1494 3414 1655 3469 Verbi
1680 3413 1869 3468 Deiex
1901 3413 2096 3478 David,

524 3509 774 3563 nominet
803 3527 815 3562 :
853 3518 910 3564 et
936 3508 1183 3579 genitum
1216 3523 1284 3562 ex
1315 3507 1526 3562 semine
1572 3505 1745 3561 David
1774 3506 1976 3560 Filium
2008 3505 2105 3559 Dei

526 3601 723 3671 gratia,
756 3608 813 3655 et
857 3614 970 3655 non
1001 3607 1200 3653 natura
1235 3606 1395 3653 vocet
1425 3616 1437 3651 :
1472 3613 1580 3652 non
1617 3598 1875 3668 ignorans
1917 3605 2107 3666 patres

527 3692 810 3747 naturales
836 3731 850 3755 ,
889 3706 992 3746 nec
1031 3689 1282 3745 ordinem
1316 3696 1639 3760 pervertens
1663 3727 1678 3752 ,
1709 3700 1889 3756 neque
1918 3685 2109 3741 dicens

528 3785 940 3852 incorporeum,
970 3788 1026 3835 et
1049 3788 1177 3835 ante
1211 3779 1409 3835 srecula
1448 3792 1572 3833 esse
1600 3793 1668 3833 ex
1695 3776 1809 3832 Deo
1830 3786 1889 3832 et
1910 3775 2105 3842 David,

530 3888 749 3944 passum
785 3880 842 3928 et
874 3871 1295 3942 impassibilem.
1336 3889 1354 3921 ι

952 4004 1208 4075 Ejusdem
1239 4019 1303 4058 ex
1326 4004 1507 4057 eodem
1533 4002 1684 4058 libro.

606 4120 824 4175 «Filius
885 4118 982 4174 Dei
1075 4126 1305 4188 propter
1364 4116 1617 4183 nullum;
1689 4124 1885 4172 natura
1958 4116 2109 4172 enim

528 4207 750 4274 Filius;
808 4222 935 4262 caro
998 4206 1175 4261 Filius
1240 4215 1465 4276 propter
1553 4206 1790 4273 Filium;
1852 4216 1909 4263 et
1975 4206 2109 4277 quid

529 4301 656 4356 dico
724 4307 952 4370 propter
1000 4298 1245 4353 Filium?
1290 4300 1522 4368 Propter
1575 4314 1677 4353 nos
1742 4314 1892 4353 caro.
1927 4298 1997 4353 Et
2042 4313 2111 4352 ne

528 4391 857 4445 existimetis
906 4389 1289 4458 blasphemum
1318 4405 1439 4445 esse
1485 4389 1752 4453 verbum,
1806 4390 1974 4458 petite
2016 4388 2111 4443 de-

529 4483 979 4537 monstrationes.
1035 4480 1091 4534 Si
1139 4480 1394 4536 homines
1448 4497 1557 4535 non
1598 4490 1942 4550 peccassent,
1998 4495 2110 4533 non

530 4589 671 4641 opus
737 4572 933 4627 fuisset
979 4572 1099 4641 lege
1136 4587 1149 4624 :
1184 4570 1334 4625 Justo
1393 4571 1611 4643 (enim)
1658 4589 1765 4625 non
1810 4580 1885 4625 est
1936 4571 2107 4642 posita
2140 4607 2183 4662 Β

535 4666 619 4720 lca:
649 4665 715 4718 “.
750 4665 933 4719 Sinon
954 4664 1237 4718 auxissent
1258 4672 1544 4733 peccatum
1570 4665 1666 4735 qui
1695 4673 1853 4720 erant
1876 4666 1932 4719 in
1964 4665 2105 4734 lege,

534 4772 644 4810 non
672 4770 812 4826 opus
833 4755 1030 4809 fuisset
1059 4755 1255 4825 gratia.
1278 4755 1473 4811 Nonne
1502 4757 1632 4826 quia
1651 4771 1761 4810 non
1785 4764 2003 4827 poterat
2020 4756 2110 4809 lcx

534 4856 821 4919 peccatum
842 4846 1118 4912 occidere,
1138 4860 1323 4900 nonne
1344 4855 1568 4917 propter
1589 4862 1690 4902 nos
1711 4862 1933 4903 carnem
1953 4863 2014 4901 su
2026 4863 2110 4900 m-

534 4940 665 5009 psit,
704 4948 764 4993 ut
786 4938 949 4992 morti
983 4946 1039 4993 et
1065 4938 1353 4993 sententia:
1384 4940 1580 4995 mortis
1605 4940 1911 4995 remedium
1946 4939 2111 4993 affer-

534 5040 621 5086 ret
645 5030 946 5088 crueiﬁxus
977 5038 1032 5087 et
1066 5039 1321 5087 mortuus
1344 5072 1358 5099 ,
1404 5047 1468 5087 ac
1514 5032 1854 5088 suscitatus?
1890 5031 1947 5085 Si
1997 5046 2108 5085 non

534 5125 757 5180 fecisset
782 5138 1133 5194 progressum
1187 5122 1435 5187 fallacia,
1486 5131 1542 5178 et
1593 5121 1868 5179 sententia
1911 5120 2111 5175 mortis

537 5224 727 5271 contra
772 5231 909 5280 nos,
966 5213 1099 5284 quid
1156 5228 1296 5283 opus
1334 5222 1454 5269 erat
1504 5213 1605 5269 ista
1654 5212 1838 5267 crucis
1880 5224 2109 5265 oecono-

537 5309 684 5363 mia?
712 5308 853 5373 Quid
885 5323 1024 5377 opus
1054 5316 1171 5362 erat
1202 5307 1433 5363 induere
1463 5305 1707 5376 corpus?
1748 5303 1943 5359 Nonne
1984 5316 2112 5372 pro-

537 5413 659 5472 pter
688 5417 789 5455 nos
813 5416 1034 5455 carnem
1058 5400 1307 5469 accepit?
1341 5418 1361 5451 ι

606 5514 711 5568 Sed
737 5521 955 5584 tempus
976 5514 1088 5585 jam
1111 5521 1270 5568 vocat
1312 5528 1435 5575 nos,
1466 5520 1527 5567 ut
1558 5512 1796 5582 primum
1826 5516 2109 5581 parentem

538 5606 705 5675 hujus
738 5606 1037 5675 impietatis
1075 5620 1107 5660 a
1135 5620 1246 5674 quo
1278 5604 1489 5661 semina
1519 5609 1869 5673 acceperunt,
1901 5601 1957 5656 in
1994 5616 2109 5656 me-

540 5697 690 5749 dium
722 5695 1033 5753 aderamus.
1064 5697 1165 5753 Hic
1186 5707 1271 5754 est
1298 5697 1525 5763 Paulus,
1573 5695 1846 5751 zizanium
1902 5693 2110 5748 diaboli

612 5846 654 5874 “
692 5849 712 5901 ι
741 5848 881 5901 Tim.
919 5867 954 5914 ι,
986 5851 1035 5903 9.

2200 646 2263 699 οὐ
2318 646 2496 715 λέγω·
2531 646 2607 718 μὴ
2636 646 2763 718 γὰρ’
2794 643 2947 701 εἷπον
2989 647 3082 701 τὸν
3138 648 3273 702 Θεὸν
3317 649 3491 717 Λόγον
3522 648 3635 702 υἱὸν
3664 652 3776 703 Δα-

2202 738 2288 792 ϐίδ
2311 754 2327 769 ο
2368 738 2484 791 ἀλλ’
2515 738 2638 791 οὐδὲ
2670 738 2765 792 δύο
2799 740 2950 801 υἱοὺς
2973 737 3070 793 τοῦ
3098 738 3235 793 Θεοῦ
3261 740 3381 794 κατ’
3397 739 3587 793 οὐσίαν
3609 739 3775 810 λέγω·

2205 830 2282 901 μὴ
2314 830 2424 903 γὰρ
2464 831 2558 886 δύο
2599 832 2744 902 φημὶ
2785 833 2851 885 ὲκ
2895 832 2999 901 τῆς
3024 831 3119 886 τοῦ
3148 831 3285 886 Θεοῦ
3311 831 3522 897 οὐσίας,
3548 831 3640 886 τὸν
3669 833 3781 904 πρὸ

2204 923 2417 978 αίώνων
2459 923 2593 977 Θεὸν
2640 923 2814 993 Λόγον
2858 922 3034 994 λέγων
3064 924 3455 996 κατῳκηκέναι
3480 926 3539 978 ὲν
3586 923 3665 995 τῷ
3713 926 3783 978 ὲκ

2204 1015 2523 1087 σπέρματος
2548 1016 2733 1070 Δαϐίδ.
2776 1034 2795 1068 ι

2492 1129 2604 1185 Τοῦ
2624 1131 2812 1186 αὐτοῦ
2846 1131 2913 1186 ἐκ
2941 1130 3050 1186 τοῦ
3074 1131 3272 1187 αὐτοῦ.
3292 1132 3496 1200 λόγου.

2281 1260 2299 1295 ι
2336 1242 2534 1313 Χάριτι
2558 1243 2686 1307 Υίὸς
2715 1243 2744 1295 6
2778 1244 2843 1297 ὲκ
2879 1244 3102 1317 Μαρίας
3132 1244 3442 1315 ἄνθρωπος,
3471 1244 3631 1314 φύσει
3665 1243 3723 1298 δὲ
3753 1246 3782 1298 6

2206 1333 2339 1398 Θεὸς
2371 1334 2542 1402 Λόγος
2565 1352 2580 1366 ο
2610 1335 2673 1389 τὸ
2703 1335 2803 1407 μὲν
2838 1335 3023 1407 χάριτι
3060 1334 3157 1390 καὶ
3181 1336 3243 1389 οὐ
3274 1334 3468 1405 φύσει,
3499 1336 3560 1389 τὸ
3592 1336 3652 1391 δὲ
3679 1337 3785 1406 φύ-

2208 1441 2292 1479 σει
2325 1426 2421 1479 καὶ
2449 1426 2510 1481 οὒ
2539 1427 2723 1498 χάριτι
2750 1444 2765 1458 ’
2797 1427 3024 1497 ἀρκέσει
3046 1426 3124 1498 τῷ
3154 1426 3213 1493 ἐξ
3243 1427 3400 1498 ἡμῶν
3446 1427 3693 1498 σώματι,
3720 1430 3786 1483 τὸ

2205 1517 2306 1587 τῆς
2334 1517 2481 1571 κατά
2508 1518 2669 1591 χάριν
2700 1518 2971 1590 υίότητος,
3008 1520 3070 1573 τὸ
3098 1518 3200 1590 τῆς
3222 1518 3407 1591 δόξης,
3426 1521 3487 1574 τὸ
3514 1521 3618 1592 τῆς
3641 1521 3783 1576 ἀθα-

2207 1609 2396 1672 νασίας
2422 1624 2437 1640 ο
2471 1609 2552 1663 ὅτι
2586 1608 2711 1677 ναὸς
2732 1608 2828 1662 τοῦ
2861 1607 2997 1662 Θεοῦ
3029 1606 3204 1678 Λόγου
3236 1609 3484 1678 γέγονεν,
3520 1609 3595 1680 μὴ
3642 1610 3785 1681 ὑπὲρ

2207 1702 2367 1771 φύσιν
2410 1702 2694 1771 ἀναγέσθω
2719 1717 2735 1733 ·
2769 1701 2867 1756 καὶ
2895 1703 2924 1756 ὁ
2966 1700 3099 1764 Θεὸς
3151 1701 3323 1769 Λόγος
3366 1701 3488 1756 ἀντὶ
3521 1701 3622 1771 τῆς
3651 1704 3783 1774 παρ’

2207 1794 2365 1866 ἡμῶν
2404 1793 2765 1864 ὀφειλομένης
2805 1792 3156 1864 εὐχαριστίας
3193 1793 3268 1863 μὴ
3298 1792 3635 1864 ὑϐριζέσθω.
3670 1795 3785 1847 Kal.

1430 1892 1487 1938 et
1538 1899 1661 1954 quae
1724 1881 2099 1945 contumelia,

2208 1884 2288 1948 τίς
2316 1885 2350 1953 ἡ
2384 1882 2543 1952 ὕϐρις
2567 1882 2663 1937 τοῦ
2696 1882 3003 1937 συντιθέναι
3032 1881 3194 1936 αὐτὸν
3226 1882 3366 1952 μετὰ
3385 1880 3479 1935 τοῦ
3507 1881 3785 1953 σώματος,

2208 1976 2301 2031 καὶ
2336 1974 2545 2029 δεῖσθαι
2574 1973 2817 2045 νομίζειν
2848 1975 2930 2040 είς
2959 1972 3170 2029 τελείαν
3204 1973 3429 2044 υίότητα
3459 1973 3555 2026 τοῦ
3583 1971 3786 2045 σώμα-

2205 2084 2335 2134 τος;
2368 2066 2492 2120 οὐδὲ
2545 2065 2707 2129 αὐτὸς
2731 2066 2760 2117 6
2806 2064 2942 2130 Θεὸς
2968 2064 3140 2133 Λόγος
3173 2062 3424 2133 βούλεται
3464 2062 3658 2117 ἑαυτὸν
3686 2062 3787 2119 τοῦ

2206 2159 2373 2215 Δαϐὶδ
2429 2154 2570 2213 εῖναι
2623 2156 2761 2221 υἱὸν,
2794 2156 2934 2212 ἀλλὰ
2968 2154 3198 2227 Κύριον.
3222 2155 3298 2208 Τὸ
3327 2156 3384 2209 δὲ
3416 2155 3575 2227 σῶμα
3605 2154 3788 2213 καλεῖ-

2208 2255 2335 2309 σθαι
2364 2252 2459 2308 τοῦ
2489 2252 2656 2307 Δαϐὶδ
2684 2252 2837 2318 Υἱὸν,
2861 2250 2922 2304 οὑ
2954 2250 3117 2321 μόνον
3142 2248 3243 2303 οὐκ
3276 2248 3580 2321 ἐφθόνησεν
3605 2288 3622 2316 ,
3646 2250 3790 2305 ἀλλά

2208 2347 2302 2401 καὶ
2327 2345 2418 2400 διὰ
2440 2344 2599 2398 τοῦτο
2624 2345 3026 2415 παραγέγονεν.
3058 2361 3077 2395 ι

2277 2458 2387 2513 Καὶ
2406 2459 2536 2528 μεθ’
2558 2455 2731 2525 ἓτερὰ
2757 2471 2772 2486 ο
2802 2473 2822 2508 ι
2855 2456 2968 2511 Καὶ
2999 2455 3261 2527 περὶτῶν
3289 2454 3437 2510 κατά
3469 2453 3632 2526 φύσιν
3655 2471 3787 2525 γεν-

2207 2551 2416 2622 νήσεων
2466 2550 2544 2603 ὅτ’
2572 2545 2695 2624 ἀνῇ
2727 2547 2908 2618 λόγος,
2934 2549 3013 2619 μὴ
3042 2548 3144 2619 τῆς
3187 2530 3413 2621 Μαρίας
3444 2548 3563 2611 υίὸς
3596 2549 3625 2600 ὁ
3651 2547 3789 2611 Θεὸς

2207 2641 2380 2709 Λόγος
2406 2638 2797 2693 ὐποπτευέσθω
2818 2654 2833 2669 ·
2870 2638 3066 2709 θνητὸς
3096 2636 3205 2707 γὰρ
3232 2637 3423 2708 θνητὸν
3452 2638 3617 2708 γεννᾷ
3644 2637 3790 2691 κατὰ

2209 2730 2393 2802 φύσιν,
2427 2729 2521 2783 καὶ
2550 2729 2709 2800 σῶμα
2735 2728 2797 2781 τὸ
2839 2726 3149 2799 ὀμοούσιον.
3176 2727 3288 2781 Καὶ
3318 2726 3412 2780 δύο
3441 2728 3729 2798 γεννήσεις
3758 2730 3789 2782 ὁ

2208 2821 2341 2885 Θεὸς
2362 2820 2536 2889 Λόγος
2566 2820 2666 2890 οὐχ
2704 2819 2993 2891 ὑπέμεινε,
3017 2819 3117 2891 τὴν
3149 2819 3250 2891 μὲν
3273 2819 3382 2890 πρὸ
3417 2818 3652 2886 αίὼνων,
3684 2817 3791 2891 τὴν

2205 2914 2263 2969 δὲ
2285 2916 2342 2968 ὲν
2376 2914 2624 2985 ὑστέροις
2650 2914 2917 2982 καιροῖς.)

2318 3098 2430 3155 Τοῦ
2461 3098 2650 3154 αὑτοῦ
2678 3095 2970 3164 Διοδώρου
3000 3094 3071 3150 ἐκ
3101 3092 3210 3150 τοῦ
3240 3092 3430 3149 αὐτοῦ
3468 3092 3679 3161 λόγου.

2286 3231 2305 3265 ι
2344 3211 2414 3266 Et
2455 3228 2541 3275 τις
2575 3210 2815 3281 βούλοιτο
2871 3205 3349 3278 καταχρηστικῶς,
3376 3203 3471 3258 καὶ
3515 3202 3609 3258 τὸν
3654 3199 3791 3257 Υάδν

2210 3305 2303 3361 τοῦ
2350 3305 2485 3359 Θεοῦ
2534 3306 2626 3360 τὸν
2666 3304 2799 3357 Θεὸν
2856 3302 3029 3371 Λόγον
3053 3342 3068 3365 ,
3098 3299 3213 3355 υίὸν
3261 3297 3428 3353 Δαϐὶδ
3472 3295 3785 3366 ὀνομάζειν,

2207 3400 2295 3454 διὰ
2328 3398 2418 3452 τὸν
2454 3399 2520 3452 ὲκ
2550 3396 2715 3450 Δαϐὶδ
2739 3393 2835 3448 τοῦ
2865 3392 3002 3448 Θεοῦ
3034 3392 3212 3459 Λόγου
3252 3389 3401 3454 ναὸν,
3434 3387 3785 3458 ὀνομαζέτω⁶

2208 3492 2425 3545 καὶτὸν
2461 3491 2525 3543 ὲκ
2561 3488 2878 3558 σπέρματος
2912 3483 3078 3537 Δαϐὶδ
3105 3481 3237 3536 Υἱὸν
3272 3480 3369 3535 τοῦ
3405 3479 3542 3534 Θεοῦ
3598 3480 3787 3549 χάριτι

2208 3584 2303 3637 καὶ
2328 3583 2389 3636 οὐ
2417 3582 2577 3651 φύσει
2598 3577 3083 3652 προσαγορευέτω,
3110 3576 3237 3639 τοὺς
3254 3574 3518 3644 φυσικοὺς
3541 3572 3790 3641 πατέρας

2206 3676 2309 3729 οὐκ
2363 3672 2594 3742 ἀγνοῶν,
2625 3671 2746 3725 οὐδὲ
2798 3670 2899 3741 τὴν
2944 3666 3098 3733 τάξιν
3149 3666 3496 3738 ἀνατρέπων,
3526 3664 3652 3718 οὐδὲ
3693 3666 3789 3718 τὸν

2208 3764 2500 3837 ἀσώματον
2558 3764 2733 3833 λέγων
2774 3762 2870 3815 καὶ
2916 3761 3021 3831 πρὸ
3064 3758 3278 3814 αἰώνων
3316 3760 3382 3812 ὲκ
3420 3756 3559 3812 Θεοῦ
3592 3756 3690 3811 καὶ
3722 3759 3790 3811 ὲκ

2208 3858 2396 3925 Δαϐὶδ,
2427 3856 2523 3911 καὶ⁹
2548 3854 2856 3910 πεπονθότα
2886 3853 2983 3908 καὶ
3024 3850 3234 3922 ἀπαθῆ.
3277 3868 3297 3903 ι

2445 3991 2558 4047 Τοῦ
2585 3988 2773 4045 αὐτοῦ
2801 3988 2871 4042 ἐκ
2898 3986 3008 4043 τοῦ
3051 3983 3242 4041 αὑτοῦ
3261 3983 3452 4055 λόγου
3478 3981 3530 4036 δ’
3538 4020 3554 4037 .

2286 4123 2304 4157 ι
2349 4107 2409 4159 '0
2434 4104 2561 4167 Υἱὸς
2610 4101 2702 4156 τοῦ
2750 4098 2909 4165 Θεοῦ,
2935 4098 3003 4151 δι’
3026 4097 3251 4153 οὐδένα·
3280 4093 3442 4164 φύσει
3485 4091 3595 4165 γὰρ
3632 4090 3788 4152 Υἱόςο

2209 4196 2243 4266 ἡ
2277 4194 2414 4266 σὰρξ
2465 4193 2616 4256 Υἱὸς,
2665 4190 2754 4244 διὰ
2797 4189 2889 4243 τὸν
2943 4186 3111 4241 Υίόν·
3142 4186 3238 4241 καὶ
3287 4184 3339 4239 τί
3380 4182 3526 4252 λέγω
3560 4181 3649 4235 διὰ
3697 4182 3791 4237 τὸν

2210 4284 2376 4350 Υἱόν;
2410 4281 2477 4335 δι’
2504 4282 2652 4352 ἡμᾶς
2682 4280 2715 4348 ή
2764 4276 2903 4346 σάρξ
2936 4292 2951 4307 ο
2985 4275 3081 4331 καὶ
3116 4274 3192 4346 μὴ
3232 4273 3498 4345 νομίσητε
3544 4271 3791 4343 βλάσφη-

2213 4394 2312 4447 μον
2336 4374 2397 4429 τὸ
2422 4374 2573 4445 ῥῆμα
2594 4388 2607 4403 ·
2629 4371 2766 4426 ἀλλὰ
2793 4369 3136 4439 ἀπαιτήσατε
3158 4366 3256 4430 τὰς
3278 4363 3606 4430 ἀποδείξεις.
3627 4365 3690 4417 Εἰ
3715 4364 3793 4433 μὴ

2208 4467 2479 4522 ἔπταισαν
2527 4464 2575 4517 οί
2609 4462 2913 4532 ἄνθρωποι,
2953 4458 3028 4530 μὴ
3064 4458 3223 4530 χρεία
3252 4453 3319 4529 ἦν
3346 4457 3514 4527 νόμου
3535 4472 3551 4487 ·
3576 4456 3796 4522 Δικαίῳ

2211 4559 2341 4631 γὰρ,
2364 4558 2549 4626 νόμος
2569 4556 2641 4609 οὐ
2663 4554 2872 4608 κεῖται.
2898 4552 2961 4605 Et
2988 4550 3061 4621 μὴ
3087 4549 3368 4602 ὲπέτειναν
3397 4547 3497 4616 τὴν
3515 4544 3795 4617 ἁμαρτίαν

2211 4654 2261 4706 oi
2290 4652 2349 4705 ὲν
2368 4651 2540 4720 νόμῳ,
2572 4647 2646 4721 μὴ
2662 4647 2821 4719 χρεία
2841 4640 2911 4719 ἦν
2930 4643 3031 4714 τῆς
3055 4633 3296 4713 χάριτος.
3321 4641 3460 4706 Οὐκ,
3484 4636 3674 4707 ἐπειδὴ
3690 4637 3796 4689 οὐκ

2210 4742 2435 4797 ἐδύνατο
2467 4743 2495 4794 6
2532 4739 2696 4809 νόμος
2732 4738 3051 4793 ἀποκτεῖναι
3080 4734 3180 4803 τὴν
3212 4728 3698 4803 ἀμαρτίαν,[οὺχὶ]
3725 4730 3793 4782 δι’

2211 4838 2359 4909 ἡμᾶς
2390 4833 2617 4908 [σάρκα]
2650 4831 2863 4896 ἐλαϐεν,
2896 4830 2983 4883 ἴνα
3013 4828 3104 4882 τὸν
3136 4828 3365 4882 θάνατον
3397 4826 3493 4878 καί¹
3530 4824 3631 4896 τὴν
3654 4823 3799 4877 ἀπό-

2212 4946 2378 4998 φασιν
2406 4926 2502 4982 τοῦ
2564 4925 2795 4980 θανάτου
2844 4921 3279 4990 ἀνακαλέσηται,
3310 4916 3651 4989 σταυρωθεὶς
3700 4916 3800 4970 καὶ

2213 5019 2505 5075 ἀποθανὼν
2538 5018 2631 5072 καὶ
2653 5017 2923 5078 ἀναστάς;
2955 5014 3018 5067 El
3043 5012 3118 5083 μὴ
3134 5012 3319 5081 ἀπάτη
3350 5009 3794 5082 προκεχωρήκει,

2217 5114 2311 5167 καὶ
2348 5114 2382 5184 ή
2415 5113 2689 5179 ἀπόφασις
2737 5106 2833 5165 τοῦ
2866 5106 3095 5160 θανάτου
3127 5102 3252 5157 καθ’
3278 5103 3460 5174 ἡμῶν,
3516 5100 3599 5164 τίς
3637 5101 3801 5171 χρεία

2215 5202 2285 5276 ἦν
2307 5203 2404 5274 τῆς
2422 5202 2735 5273 οἰκονομίας
2757 5199 2963 5269 ταύτης
2989 5196 3085 5251 τοῦ
3117 5195 3385 5265 σταυροῦ;
3408 5194 3493 5257 τίς
3525 5192 3682 5267 χρεία
3699 5193 3802 5262 τῆς

2220 5295 2708 5366 ὲνσωματώσεως;
2740 5292 2800 5346 οὐ
2829 5290 2897 5345 δι’
2936 5291 3083 5361 ἡμᾶς
3114 5287 3277 5341 ἔλαϐε
3302 5286 3404 5358 τὴν
3441 5286 3624 5357 σάρκα
3656 5302 3671 5352 ;
3711 5302 3730 5334 ι

2288 5500 2496 5572 Καιρὸς
2560 5499 2617 5553 δὲ
2660 5500 2762 5570 ἠδη
2817 5497 3005 5562 καλεῖ,
3054 5497 3151 5549 καὶ
3195 5493 3288 5547 τὸν
3336 5492 3555 5563 πρῶτον
3614 5488 3799 5543 αὐτῶν

2218 5595 2319 5665 τῆς
2373 5593 2630 5655 ἀσεϐείας
2684 5591 2919 5662 πατέρα,
2975 5589 3106 5660 παρ’
3141 5581 3202 5641 οῦ
3256 5586 3351 5640 καὶ
3392 5584 3462 5639 τὰ
3503 5582 3799 5653 σπέρματα

2220 5688 2429 5758 ταύτης
2460 5686 2746 5757 δεξάμενοι
2788 5684 2999 5756 ἔτυχον,
3034 5683 3115 5747 εἱς
3163 5679 3330 5751 μέσον
3362 5677 3440 5749 τῷ
3479 5675 3623 5746 λόγῳ
3654 5691 3795 5745 παρ-
