4120 6504
312 562 443 628 1389

1211 557 1379 618 ADV.
1422 553 2129 617 lNCGRRUPTICOLAS
2168 556 2261 616 ET
2304 553 2619 615 NESTOR.

3406 554 3540 619 1390

306 676 554 747 αγαγεῖν.
582 670 791 732 Παῦλος
837 668 894 721 δὲ
941 661 1092 730 οῦτός
1136 668 1314 731 ἐστιν,
1360 667 1420 720 τὸ
1448 669 1511 719 ἐκ
1542 666 1871 736 Σαμοσάτων

1999 682 2243 731 unarum,
2277 666 2575 723 Samosatis
2598 677 2801 725 ortum.
2836 667 2948 721 imo
2977 676 3033 721 et
3055 666 3290 721 Ncstorii
3313 669 3404 737 qui
3438 669 3541 728 fuit

309 768 618 839 βλαστῆσαν
660 761 858 831 πικρὸν
886 759 984 811 τοῦ
1011 758 1267 811 διαϐόλου
1295 756 1558 820 ζιζάνιον.
1578 754 1741 807 Ἀλλὰ
1767 756 1875 825 γὰρ

308 861 402 915 καὶ
446 855 768 924 Νεστορίου,
799 851 894 907 τοῦ
937 850 1251 904 τελευταίου
1299 849 1402 917 τῆς
1444 847 1673 918 πρώτης
1719 845 1877 916 ῥίζης

307 946 620 1008 ἁθεωτάτου
674 942 1093 1013 βλαστήματος,
1160 940 1251 991 τὸν
1296 935 1619 1007 φθοροποιὸν
1663 934 1877 1004 καρπὸν

311 1037 664 1112 στηλιτεῦσαι
696 1034 904 1089 δίκαιον
926 1048 940 1064 ·
1000 1031 1088 1088 ἴνα
1129 1032 1186 1083 ἐν
1218 1030 1331 1092 τοῖς
1356 1031 1547 1099 ἄκροις
1580 1028 1614 1096 ἡ
1643 1026 1749 1079 τῶν
1779 1026 1878 1095 μέ-

313 1148 421 1185 σων
451 1125 765 1199 περιφανὴς
797 1126 893 1179 καὶ
927 1122 1248 1193 βλάσφημος
1279 1118 1544 1192 ξυνωρὶς,
1592 1116 1702 1169 τῶν
1738 1116 1881 1186 ἀμφὶ

311 1224 401 1277 τὸν
430 1222 716 1290 Διόδωρον,
765 1215 1048 1287 φημὶ,καί
1090 1212 1398 1283 Θεόδωρον,
1460 1207 1882 1280 συνηρμοσμένη

312 1312 606 1384 γνωσθείη.
649 1311 813 1372 Ἴσως
840 1305 1117 1377 ἀνανῆψαι
1148 1304 1248 1375 τῆς
1281 1302 1452 1374 μέθης
1490 1301 1596 1356 κᾶν
1625 1300 1725 1370 ὀψὲ
1750 1299 1883 1369 γοῦν

312 1405 726 1475 δυνηθήσονται,
758 1398 908 1464 ἅπαξ
959 1396 1256 1467 μαθόντες,
1313 1394 1451 1465 πρὸς
1500 1393 1653 1454 τίνας
1700 1391 1885 1454 αὐτοῖς

316 1498 413 1551 καὶ
460 1496 680 1566 ἡλίκους
728 1490 836 1545 τῶν
906 1488 1094 1543 κακῶν
1140 1487 1382 1554 πατέρας
1425 1484 1571 1538 ἐστὶν
1613 1485 1649 1554 ὴ
1692 1480 1886 1553 πρώτη

320 1588 631 1662 συγγένεια,
662 1583 760 1638 καὶ
789 1581 865 1645 ὡς
894 1580 952 1646 ἐξ
980 1578 1207 1634 ἐκείνων
1234 1577 1322 1635 διὰ
1346 1575 1457 1633 τῶν
1483 1576 1539 1627 ἐν
1584 1574 1785 1662 μέσῳ-ὁ
1808 1588 1889 1629 τε·

319 1660 565 1740 λευταῖος
606 1670 764 1739 οὗτος
810 1673 914 1743 τῆς
944 1670 1205 1733 ἀσεϐείας
1235 1668 1399 1737 ἐξέφυ
1430 1665 1651 1729 κλάδος·
1701 1660 1762 1718 οῦ
1795 1663 1888 1717 τὸν

320 1771 532 1843 καρπὸν
563 1769 734 1840 ἄρδην
765 1765 1109 1827 σπάσαντες,
1164 1756 1524 1832 ἐμφορεῖσθαι
1555 1754 1886 1823 ἐπείγονται.

324 1866 479 1917 Ἔστι
511 1861 568 1914 δὲ
607 1861 635 1913 ό
671 1857 1036 1928 προκείμενος
1061 1852 1418 1924 ἀμφοτέρων,
1449 1847 1689 1913 Παύλου,
1721 1844 1889 1915 φημὶ,

320 1956 418 2010 καλ¹
442 1950 761 2021 Νεστορίου,
784 1948 1022 2016 ἐλεγχος,
1046 1947 1110 1997 ἐκ
1136 1942 1235 2013 τῆς
1260 1938 1659 2011 διαμαρτυρίας
1684 1938 1779 2008 τῆς
1799 1937 1888 2007 δη-

1978 769 2289 830 postrcmus
2319 759 2465 814 illius
2498 759 2698 814 radicis
2744 758 3035 824 surculus,
3083 758 3322 813 fructum
3370 760 3544 829 pesti-

1976 854 2179 907 lentem
2205 863 2422 923 oportet
2440 853 2659 923 publice
2685 851 3023 921 vituperare,
3047 859 3107 904 ut
3131 851 3277 905 inter
3298 860 3545 909 extrema

1978 957 2076 1011 par
2104 942 2330 996 illustre
2381 951 2437 995 et
2465 941 2845 1010 blaSphemum
2900 940 3135 995 duorum
3170 941 3542 1011 interjectum,

1978 1034 2279 1089 Diodorum
2313 1034 2437 1088 dico
2466 1043 2521 1089 et
2563 1033 2955 1098 Theodorum,
3017 1042 3142 1103 apte
3192 1043 3249 1089 et
3297 1037 3546 1104 apposite

1978 1127 2218 1182 locatum
2251 1134 2531 1183 noscatur.
2563 1126 2823 1184 Fortasse
2852 1141 2979 1181 sero
3014 1126 3234 1185 tandem
3283 1140 3549 1197 poterunt

1980 1218 2050 1273 ab
2079 1219 2351 1276 ebrietate
2386 1216 2455 1272 ad
2485 1216 2840 1272 sobrietatem
2871 1218 3075 1282 redire,
3102 1218 3147 1272 si
3176 1222 3346 1276 semel
3385 1222 3550 1277 intel-

1980 1309 2217 1364 lexerint
2238 1310 2306 1364 ad
2329 1325 2469 1379 quos
2486 1319 2542 1364 ct
2562 1319 2798 1379 quantos
2819 1311 3091 1369 malorum
3112 1328 3336 1369 suorum
3366 1325 3551 1386 patres

1981 1416 2177 1456 eorum
2201 1402 2378 1471 prima
2409 1401 2653 1472 cognitio
2689 1402 3000 1471 pertineat;
3051 1412 3109 1457 et
3150 1405 3298 1473 quod
3340 1423 3408 1461 ex
3444 1408 3552 1464 illis

1984 1494 2075 1550 hic
2108 1502 2419 1564 postremus
2466 1508 2565 1562 per
2603 1493 2966 1549 intermedios
3020 1510 3205 1551 ramus
3255 1497 3554 1567 impietatis

1983 1594 2148 1640 natus
2174 1592 2279 1650 est,
2313 1585 2469 1654 cujus
2496 1584 2738 1642 fructum
2761 1584 3015 1639 certatim
3042 1595 3333 1652 metentes,
3361 1589 3553 1644 satiari

1986 1683 2306 1746 properant.
2341 1675 2438 1730 Est
2472 1682 2657 1730 autem
2691 1675 2972 1745 proposita
3022 1676 3313 1747 utriusque
3361 1680 3556 1734 contu.

1988 1768 2147 1834 tatio,
2163 1766 2315 1823 Pauli
2333 1767 2617 1823 scilicetet
2635 1767 2894 1833 Nestorii,
2910 1782 2980 1823 ex
2998 1769 3313 1831 testimonio
3335 1772 3555 1840 publice
3648 1756 3651 1761 ί

1987 1859 2295 1929 proposito,
2327 1868 2389 1912 ut
2416 1857 2593 1924 aiunt,
2627 1858 2696 1913 ab
2720 1858 2963 1918 Eusebio
2992 1860 3137 1931 (58),
3172 1861 3266 1931 qui
3296 1870 3427 1917 tunc
3453 1862 3549 1917 ilo-

1992 1949 2151 2004 rebat
2180 1950 2234 2007 in
2262 1948 2549 2019 judicandi
2576 1958 2849 2021 potestate
2869 1990 2884 2015 ,
2912 1960 3097 2021 postea
3149 1961 3332 2007 autem
3365 1956 3558 2024 praefe-

322 2046 492 2115 μοσίᾳ
541 2039 935 2111 προτεθείσης,
989 2034 1065 2097 ὥς
1096 2051 1261 2103 φασι,
1316 2030 1470 2102 παρὰ
1498 2028 1760 2083 Εὑσεϐίου
1794 2026 1890 2080 τοῦ

1999 2048 2116 2093 ctus
2142 2036 2247 2092 fuit
2279 2037 2539 2093 Ecclesia:
2575 2038 2958 2110 Dorylensium
2986 2081 3003 2105 ,
3055 2042 3150 2111 qui
3183 2042 3371 2098 divino
3416 2046 3555 2111 zelo,

319 2133 628 2208 τηνικαῦτα
659 2132 717 2183 ὲν
744 2131 809 2199 τῇ
841 2127 1092 2195 δικανικῇ
1125 2122 1507 2195 ἐμπρέποντος
1526 2159 1540 2181 ,
1580 2118 1806 2185 ὕστερον
1834 2117 1891 2171 δὲ

324 2230 421 2299 τῆς
464 2222 783 2297 Δορυλαέων
825 2215 1123 2285 ἐπιστεύθη
1154 2212 1541 2277 ’τοίιςοῐακας⁸
1592 2210 1696 2264 καὶ
1729 2208 1893 2299 ζῆλον

325 2297 487 2389 ἔχων,
514 2316 591 2380 ὼς
626 2311 1015 2385 μαρτυρεῖται,
1048 2305 1220 2369 θεῖον,
1273 2304 1490 2375 πρῶτος
1515 2302 1616 2372 τήν
1642 2317 1701 2353 τε
1730 2297 1894 2353 αὑτοῦ

324 2407 643 2478 Νεστορίου,
680 2405 774 2456 καί
831 2400 1018 2471 μέντοι
1047 2397 1144 2451 καί
1174 2394 1473 2465 Εὐτυχοῦς,
1509 2391 1809 2463 πεφώρακέ
1835 2407 1898 2443 τε

325 2500 421 2560 καὶ
455 2496 742 2570 ἐξήλεγξεν
774 2494 1022 2565 αἵρεσιν,
1064 2489 1201 2559 μετὰ
1236 2487 1451 2558 μυρίων
1482 2485 1592 2538 τῶν
1625 2483 1769 2554 ὑπὲρ
1798 2482 1900 2553 τῆς

326 2590 612 2651 εὐσεϐείας
656 2584 940 2640 κινδύνων.
991 2584 1192 2635 Ἀκουε
1238 2579 1369 2647 γοῦν
1415 2575 1581 2630 αὑτοῦ
1625 2575 1766 2637 οἵαις
1804 2573 1901 2627 καὶ

325 2684 479 2744 ὅσαις
505 2679 613 2733 τῶν
639 2679 703 2731 ὲκ
725 2676 816 2729 τοῦ
840 2672 1205 2745 Σαμοσατέως
1229 2667 1588 2741 βλασφημιῶν
1612 2665 1896 2731 συλλογαῖς

327 2771 425 2835 τὰς
456 2767 758 2837 Νεπορίου
790 2767 1123 2836 συνήρμοσε,
1161 2763 1258 2817 καί
1286 2761 1345 2814 ἓν
1371 2759 1704 2831 ἀμφοτέρων
1732 2754 1900 2820 ἔδειξε

324 2863 388 2916 τὺ
413 2859 819 2931 ἁφρονέστατον
847 2856 1126 2927 φρόνημα.
1164 2855 1226 2913 Εἰ
1256 2853 1315 2907 δέ
1342 2871 1394 2906 τι
1423 2851 1619 2925 ἀπᾴδει
1650 2848 1758 2902 τῶν
1778 2850 1898 2905 Σει-

329 2952 571 3024 ρηναίιον
599 2949 805 3010 τούτων
837 2946 1149 3018 μελῳδιῶν,
1184 2944 1246 2999 τὸ
1273 2943 1555 3012 Θεοδώρου
1584 2940 1681 2995 καὶ
1705 2936 1902 2991 Διοδώ-

330 3059 455 3113 ρου,
476 3038 852 3108 θανατηφόρον
882 3031 1034 3107 ᾆσμα
1064 3037 1175 3095 τοῖς
1204 3032 1503 3094 ἀκινδύνως
1526 3029 1742 3085 ἐπαΐειν
1761 3027 1905 3087 δεδυ-

328 3130 589 3201 νημένοις
617 3128 714 3185 καὶ
742 3126 948 3198 κρίνειν
978 3122 1376 3193 ἐπιτρέπομεν.

330 3261 743 3334 Διαμαρτυρία,
776 3255 1131 3334 προτεθεῖσα
1281 3250 1551 3334 bruma;qu
1579 3250 1763 3334 τόπῳ,
1802 3246 1904 3302 καί

603 3323 758 3384 κατὰ
789 3323 1161 3393 Ἐκκλησίαν
1186 3323 1645 3393 ἐμφανισθεῖσα.

410 3465 431 3499 ι
478 3445 714 3517 ὐρκὶζω
755 3442 849 3495 τὸν
880 3441 1231 3511 λαμϐάνοντα
1262 3437 1322 3490 τὸ
1350 3435 1596 3506 χαρτίον,
1632 3431 1777 3487 κατὰ
1805 3432 1905 3503 τῆς

332 3537 499 3605 ἁγίας
530 3526 793 3606 Τριὰδος,
834 3531 977 3586 ὥστε
1010 3529 1244 3601 φανερὸν
1271 3528 1401 3589 αὐτὸ
1427 3526 1655 3595 ποιῆσαι
1679 3523 1906 3577 ἐπισκό-

332 3646 489 3692 ποις,
539 3624 968 3696 πρεσόυτέροις,
1016 3621 1318 3685 διακόνοις,
1367 3610 1909 3685 ἀναγνώσταις,λαῖ-

333 3724 476 3783 κοῖς,
514 3716 721 3771 οἰκοῦσι
749 3710 1355 3769 Κωνσταντινούπολιν·
1407 3707 1489 3760 ἔτι
1511 3724 1569 3759 τε
1597 3704 1771 3759 καὶτὸ
1794 3703 1908 3757 ἴσον

332 3816 520 3875 αὐτοῖς
565 3809 854 3871 ἐκδοῦναι,
911 3806 1050 3877 πρὸς
1090 3803 1314 3873 ἔλεγχον
1354 3798 1448 3854 τοῦ
1489 3795 1772 3870 αἰρετικοῦ
1801 3794 1909 3848 Νε-

334 3904 591 3973 πορίου,
646 3903 729 3955 ὅτι
776 3900 1034 3971 όμόφρων
1073 3895 1193 3949 ἐστὶ
1240 3894 1335 3946 τοῦ
1380 3888 1911 3961 ἀναθεματισθέντος

333 3998 554 4055 Παύλου
588 3994 682 4047 τοῦ
713 3992 1079 4063 Σαμοσατέως
1124 3987 1232 4058 πρὸ
1259 3984 1396 4039 ἐτῶν
1423 3983 1617 4037 ἑκατὸν
1645 3980 1910 4051 ἐξήκοντα

334 4091 444 4144 ὑπὸ
471 4085 769 4159 όρθοδόξων
798 4081 1141 4136 ἐπισκόπων.
1190 4076 1350 4131 Ἔστι
1376 4076 1433 4128 δὲ
1460 4074 1530 4127 τὰ
1562 4073 1692 4143 παρ’
1718 4071 1913 4125 ὁποτέ-

336 4199 449 4253 ρων
478 4176 749 4250 εἰρημένα
779 4173 954 4236 οῦτως
974 4187 989 4201 ⁸

413 4312 432 4344 ι
468 4290 680 4351 Παῦλος
724 4281 917 4341 εἶπεν
972 4282 1164 4352 Μαρία
1206 4282 1300 4334 τὸν
1341 4279 1514 4346 Λόγον
1562 4276 1663 4329 οὐκ
1703 4273 1909 4326 ἔτεκεν.

334 4383 633 4453 Νεστόριος
660 4378 969 4450 συμφώνως
997 4371 1179 4428 εἰπενο
1207 4372 1321 4426 Οὐκ
1341 4370 1551 4434 ἔτεκεν,
1574 4361 1617 4421 ὦ
1645 4366 1911 4453 βέλτιστε,

334 4448 534 4544 Μαρία
558 4471 657 4541 τὴν
687 4448 944 4539 θεότητα.
965 4494 1035 4507 --
1061 4461 1277 4525 Παῦλος
1309 4456 1465 4513 εἶπεν
1484 4474 1500 4490 °
1551 4456 1686 4510 Ούδέ
1712 4453 1821 4525 γὰρ
1844 4448 1913 4523 ἦν

336 4566 450 4638 πρὸ
480 4563 716 4618 αἰώνων.
772 4558 1071 4628 Νεστόριος
1116 4551 1302 4607 εἶπεν
1360 4551 1473 4605 Καὶ
1525 4547 1743 4620 μητέρα
1780 4562 1913 4618 χρο-

334 4650 496 4728 νικὴν
539 4657 606 4726 τῇ
652 4649 974 4723 δημιουργῷ
1001 4649 1110 4701 τῶν
1136 4646 1346 4717 χρόνων
1374 4641 1634 4711 ἐφιστῶσι
1661 4638 1909 4709 Θεότητι.

1994 2138 2056 2185 ut
2084 2137 2373 2194 testantur,
2405 2130 2664 2185 incensus
2693 2131 2904 2200 primus
2932 2132 3182 2188 haeresim
3236 2136 3472 2192 Nestorii
3503 2150 3561 2199 et

1996 2219 2262 2293 Eutycbis
2285 2221 2670 2292 deprehendit,
2705 2232 2761 2277 et
2789 2224 3049 2289 convicit,
3080 2226 3314 2284 inﬁnitis
3344 2231 3563 2300 perieu-

1993 2312 2064 2367 lis
2096 2327 2195 2383 pro
2226 2312 2435 2383 pietate
2458 2314 2729 2385 objectus.
2762 2315 2904 2370 Audi
2936 2317 3104 2387 igitur
3132 2336 3280 2386 eum,
3332 2322 3560 2392 quibus,

1995 2412 2054 2459 et
2090 2404 2398 2475 cuiusmodi
2458 2406 2815 2477 blasphemiis
2857 2425 2925 2464 ex
2972 2411 3144 2466 Paulo
3190 2413 3563 2473 Samosatcnsi

1997 2495 2244 2550 collectis
2262 2535 2277 2559 ,
2306 2495 2545 2552 Nestorii
2568 2497 2939 2569 blasphemias
2968 2504 3286 2573 conjunxit,
3313 2516 3369 2562 et
3401 2526 3563 2564 unam

1999 2586 2293 2657 utriusque
2328 2597 2569 2645 mentem
2607 2592 3037 2649 amentissimam
3063 2611 3183 2652 esse
3220 2597 3567 2658 demonstra—

1998 2676 2099 2732 vit.
2139 2678 2223 2732 An
2238 2695 2372 2734 vero
2387 2688 2443 2735 et
2471 2681 2541 2735 ab
2579 2681 2774 2737 harum
2804 2683 3060 2741 Sirenum
3089 2691 3364 2761 cantibus,
3389 2695 3570 2751 Theo-

2000 2768 2121 2825 dori
2139 2769 2263 2825 dico
2279 2778 2335 2826 et
2355 2772 2601 2839 Diodori,
2621 2775 2895 2830 canticum
2911 2779 3253 2835 mortiferum
3271 2783 3568 2856 discrepet,

2003 2859 2072 2915 iis
2113 2862 2210 2931 qui
2265 2864 2387 2919 sine
2443 2865 2694 2934 periculo
2730 2867 2923 2924 audire
2950 2877 3009 2925 et
3037 2870 3285 2941 judicare
3311 2888 3564 2947 possunt,

1996 2952 2269 3023 judicium
2294 2956 2710 3015 committimus.

2004 3234 2377 3291 Testimonium
2406 3238 2463 3293 in
2500 3237 2611 3294 loco
2636 3239 2839 3314 publica
2861 3244 3182 3314 propositum
3198 3254 3246 3299 et
3274 3248 3328 3301 in
3339 3247 3571 3310 Ecclesia

2624 3310 2964 3380 publicatum.

2085 3440 2105 3474 ι
2132 3420 2340 3494 Adjuro
2377 3437 2507 3478 eum
2541 3422 2637 3493 qui
2665 3423 2807 3479 hanc
2836 3424 3089 3481 chartam
3133 3430 3405 3497 acceperit
3431 3473 3445 3498 ,
3475 3449 3577 3503 per

2008 3522 2254 3567 sanctam
2284 3513 2635 3580 Trinitatem,
2685 3524 2749 3569 ut
2791 3518 3045 3573 ostendat
3083 3502 3377 3592 episcopis,
3418 3502 3576 3593 pres-

2006 3602 2239 3673 byteris,
2270 3603 2556 3672 diaconis,
2600 3606 2943 3673 lectoribus,
2996 3611 3151 3667 laicis
3198 3613 3579 3670 habitantibus

2007 3692 2515 3766 Constantinopoli,
2546 3696 2728 3752 adhuc
2760 3700 2924 3753 etiam
2944 3743 2957 3767 ,
2991 3710 3054 3756 ut
3100 3705 3411 3775 exemplum
3457 3709 3579 3778 ejus

2009 3785 2112 3846 det,
2128 3786 2239 3843 illis
2262 3787 2330 3843 ad
2357 3788 2786 3845 confutationem
2827 3792 3067 3848 Nestorii
3102 3795 3344 3852 haeretici
3366 3838 3381 3862 ,
3430 3799 3580 3869 quod

2010 3879 2181 3933 sentit
2208 3878 2355 3934 idem
2378 3894 2504 3933 cum
2534 3880 2705 3935 Paulo
2726 3880 3097 3939 Samosatensi
3120 3886 3582 3942 anathematizato

2009 3979 2135 4025 ante
2162 3986 2337 4025 annos
2366 3978 2586 4026 centum
2623 3973 2903 4041 sexaginta
2949 3973 3017 4027 ab
3062 3976 3337 4046 episcopis
3390 3968 3581 4033 ortho-

2011 4061 2190 4116 doxis.
2243 4061 2385 4118 Sunt
2412 4070 2629 4127 autem,
2681 4079 2802 4133 qua:
2843 4063 2912 4118 ab
2957 4074 3194 4135 utroque
3241 4067 3387 4123 dicta
3428 4078 3581 4134 sunt,

2013 4154 2129 4209 haec
2154 4171 2168 4207 :

2088 4285 2107 4318 ι
2132 4267 2333 4323 Paulus
2366 4268 2506 4323 dixit
2524 4268 2716 4323 :Maria
2733 4284 2843 4324 non
2870 4272 3085 4340 peperit
3103 4273 3364 4338 Verbum.
3391 4275 3586 4331 Nesto-

2012 4359 2128 4414 rius
2152 4360 2504 4414 consentiens
2536 4360 2716 4414 dixit:
2741 4361 2860 4415 Non
2898 4362 3130 4431 peperit.
3164 4380 3197 4418 ο
3225 4364 3386 4429 bone,
3417 4366 3584 4423 Maria

2012 4450 2382 4505 divinitatem.
2458 4451 2662 4505 Paulus
2713 4451 2852 4505 dixit
2884 4470 2898 4506 :
2930 4454 3042 4508 Nec
3082 4455 3229 4509 enim
3288 4466 3408 4510 erat
3457 4469 3586 4518 ante

2015 4544 2237 4598 Stecula.
2291 4542 2581 4598 Nestorius
2637 4544 2816 4599 dixit:
2843 4545 2911 4599 Et
2945 4556 3174 4608 matrem
3205 4564 3272 4603 ex
3338 4560 3585 4619 tempore

2012 4636 2328 4691 attribuunt
2379 4636 2493 4691 Deo
2540 4637 2754 4691 auctori
2806 4646 3132 4707 temporum.
3169 4641 3371 4694 Paulus
3396 4641 3534 4695 dixit
3569 4661 3581 4695 :

332 4779 406 4793 -ν
427 4719 640 4809 Παῦλος
670 4719 825 4797 εἰπεν
845 4719 869 4773 ’⁷
909 4740 1104 4811 Μαρία
1134 4738 1229 4790 τὸν
1256 4735 1431 4803 Λόγον
1462 4730 1784 4795 ὑπεδέξατο,
1819 4728 1900 4782 καλ

2014 4728 2182 4782 Maria
2212 4728 2453 4783 Verbum
2488 4729 2730 4797 suscepit
2756 4766 2770 4791 ,
2819 4736 2875 4783 et
2909 4744 3021 4783 non
3056 4739 3141 4785 est
3173 4733 3356 4785 senior
3386 4733 3585 4789 Verbo.

333 4840 437 4894 οὐκ
471 4838 586 4891 ἔστι
620 4833 971 4906 πρεσὸυτέρα
1005 4829 1100 4883 τοῦ
1133 4828 1331 4895 Λόγου.
1382 4823 1685 4893 Νεστὸριος
1716 4815 1908 4874 εἶπεν·

334 4932 465 4994 Πῶς
495 4925 591 4983 οὖν
630 4926 820 4998 Μαρία
853 4925 945 4977 τὸν
975 4922 1177 4989 ἐαυτῆς
1206 4916 1565 4988 ἀρχαιότερον
1591 4913 1813 4978 ἐτεκεν;
1842 4938 1914 4952 -α-

336 5023 555 5086 Παῦλος
594 5017 784 5074 εἷπεν·
840 5017 1032 5087 Μαρία
1072 5013 1258 5067 ἔτεκεν
1293 5009 1580 5080 ἄνθρωπον
1614 5007 1745 5076 ἡμῖν
1777 5006 1910 5060 ἴσον.

333 5114 637 5184 Νεστόριος
665 5108 818 5165 εἷπεν
836 5126 849 5145 ρ
882 5107 1204 5178 Ἀνθρωπος
1233 5106 1260 5157 ὁ
1286 5100 1502 5171 τεχθεὶς
1527 5100 1591 5151 ἐκ
1613 5095 1911 5166 παρθένου.

332 5236 407 5250 -
427 5204 645 5266 Παῦλος
678 5198 862 5255 εἰπενο
905 5198 1209 5269 Κρείττονα
1240 5195 1297 5247 δὲ
1329 5193 1471 5247 κατὰ
1501 5189 1696 5250 πάντα,
1727 5184 1914 5257 ἐπειδὴ

337 5299 405 5351 ἐκ
433 5294 755 5365 Πνεύματος
787 5293 967 5361 ἁγίου,
1000 5288 1095 5341 καὶ
1122 5287 1180 5353 ἐξ
1206 5282 1574 5352 ἐπαγγελιῶν,
1604 5279 1698 5333 καὶ
1724 5279 1788 5330 ἐκ
1806 5276 1915 5329 τῶν

335 5386 743 5459 γεγραμμένων
766 5386 800 5456 ἡ
821 5383 909 5437 ἐπ’
926 5381 1075 5451 αὐτῷ
1096 5380 1277 5449 χάρις.
1306 5373 1601 5442 Νεστόριος
1622 5366 1799 5423 εἶπεν*
1828 5372 1917 5422 Τε-
1960 5450 1967 5456 ,

335 5479 550 5550 θέαμαι
568 5477 701 5551 γὰρ,
726 5476 914 5547 φησὶν,
935 5473 1001 5528 τὸ
1023 5470 1263 5539 Πνεῦμα
1278 5464 1637 5521 καταϐαῖνον
1654 5463 1734 5529 ὡς
1751 5477 1913 5531 περι-

410 5633 456 5665 "
484 5630 647 5689 Joan.
681 5646 722 5695 ι,
745 5628 858 5701 [52.

407 5788 522 5859 (58)
548 5790 626 5844 Ab
656 5787 898 5843 Eusebio.
942 5784 1115 5854 Hujus
1171 5779 1409 5859 Eusebii
1445 5775 1679 5859 celebris
1706 5774 1916 5859 nitentia

334 5844 423 5917 est
444 5844 648 5935 pa'ssun
675 5859 819 5931 apud
854 5844 1091 5921 veteres,
1124 5850 1361 5906 maxime
1397 5849 1451 5905 in
1482 5845 1716 5901 concilio
1742 5844 1907 5901 Chal-

2013 4819 2307 4875 Nestorius
2362 4819 2501 4874 dixit
2532 4838 2544 4873 :
2574 4818 2863 4885 Quomodo
2895 4820 3063 4890 igitur
3098 4821 3266 4876 Maria
3312 4823 3587 4892 antiquio-

2014 4927 2130 4967 rem
2158 4927 2215 4966 se
2244 4911 2494 4980 peperit?
2528 4911 2732 4966 Paulus
2756 4911 2933 4965 dixit:
2960 4912 3127 4966 Maria
3162 4915 3373 4982 peperit
3404 4915 3586 4968 homi-

2014 5018 2139 5057 nem
2180 5002 2341 5057 nobis
2392 5004 2679 5071 aequalem.
2724 5003 3013 5059 Nestorius
3045 5005 3229 5059 dixit:
3273 5006 3445 5061 Homo
3490 5008 3585 5077 qui

2014 5104 2178 5149 natus
2213 5104 2299 5150 est
2337 5110 2406 5149 ex
2443 5095 2681 5165 virgine.
2710 5096 2914 5151 Paulus
2939 5097 3117 5150 dixit:
3148 5098 3584 5152 Prmstantiorem

2018 5187 2076 5241 in
2112 5186 2390 5249 omnibus,
2422 5185 2552 5254 quia
2590 5202 2659 5240 ex
2695 5186 2903 5255 Spiritu
2933 5196 3125 5241 sancto
3162 5195 3216 5241 et
3253 5203 3318 5241 ex
3349 5188 3588 5257 promis-

2019 5275 2291 5337 sionibus,
2340 5286 2397 5329 et
2438 5290 2506 5328 ex
2550 5275 2770 5344 scriptis
2802 5277 2975 5345 gratia
3008 5277 3061 5330 in
3112 5276 3251 5346 ipso.
3302 5278 3589 5333 Nestorius

2020 5366 2159 5421 dixit
2188 5383 2202 5419 :
2236 5365 2350 5420 Vidi
2377 5366 2523 5419 enim
2548 5407 2563 5429 ,
2617 5366 2835 5435 inquit,
2886 5366 3143 5437 Spiritum
3188 5369 3588 5424 descendentem

2020 5467 2277 5528 tanquam
2324 5458 2619 5512 columbam
2667 5467 2715 5511 et
2786 5468 3085 5513 manentem
3139 5478 3297 5531 super
3350 5478 3470 5518 eum
3501 5465 3545 5495 "
3572 5481 3584 5500 θ

2023 5769 2340 5855 cedonensi,
2376 5770 2493 5855 ac}.
2528 5771 2591 5855 ll;
2635 5771 2945 5829 indefessus
2988 5774 3222 5835 Nrstorii
3250 5784 3306 5831 et
3330 5776 3592 5855 Eutycius

2017 5849 2360 5915 Oppugnator
2384 5839 2508 5899 fuit.
2549 5840 2683 5901 Tua.
