4120 6442
581 536 712 600 1391
1830 531 2145 594 LEONTII
2188 528 2597 590 DYZANTINI
3713 526 3849 592 13ῗὲ

578 650 724 720 quod
759 648 807 703 ei
837 646 1061 700 donavit
1085 645 1538 715 assumptioncm.
1584 644 1901 716 Pm’cipiens
1940 652 2156 714 aposto-

2284 641 2506 706 ττερὰν,
2529 637 2628 692 καί
2652 635 2842 707 μένον
2866 638 2960 691 ἐπ’
2982 637 3191 701 αὐτὸν,
3213 637 3274 689 τὸ
3292 636 3393 707 τὴν
3416 635 3681 708 ἀνάληψιν
3701 639 3853 709 αὐτῷ

581 743 667 807 lis,
702 742 797 801 ait,
830 756 954 810 quos
985 740 1138 810 elegit
1162 755 1252 811 per
1287 738 1549 809 Spiritum
1566 749 1829 805 sanctum,
1858 745 2162 808 assumptus

2284 729 3110 803 ίαρισάμενον.Ἐντειλάμενος
3123 727 3246 795 τοῖς
3259 729 3648 795 ἀποστόλοις,
3664 748 3735 800 φη
3744 732 3850 794 σὶν,

2264 823 2373 889 οὓς
2400 821 2729 887 ἐξελέξατο
2758 820 2857 874 διὰ
2887 823 3239 891 Πνεύματος
3267 821 3469 889 ἁγίου,
3503 821 3855 891 ἀνελήφθηο

2263 914 2424 969 τοῦτο
2442 915 2507 987 δὴ
2541 914 2601 969 τὸ
2620 914 2960 987 τηλικαύτην
3009 915 3087 985 τῷ
3126 914 3349 987 Χριστῷ
3379 918 3751 987 χαρισάμενον
3776 917 3861 970 δό-

2266 1007 2387 1074 ξαν.
2423 1036 2493 1048 -
2523 1007 2737 1071 Παῦλος
2768 1003 2952 1062 εἶπεν·
2978 1009 3100 1061 ἰνα
3129 1009 3187 1061 δὲ
3222 1009 3364 1079 μήτε
3398 1011 3426 1061 ὁ
3456 1010 3521 1061 ἐκ
3546 1010 3711 1063 Δαϐὶδ
3738 1027 3862 1081 χρι-

2268 1099 2440 1163 σοεὶς,
2462 1099 2745 1172 ἀλλότριος
2831 1101 2931 1171 τῆς
2956 1102 3170 1171 σοφίας,
3201 1101 3334 1171 μηδὲ
3364 1103 3398 1171 ή
3428 1102 3588 1171 σοφία
3622 1104 3682 1155 ὲν
3710 1103 3863 1173 ἄλλῳ

2264 1191 2411 1245 οὕτω
2438 1195 2563 1264 οἰκῇ
2585 1209 2599 1223 ⁸
2636 1195 2730 1248 καὶ
2752 1196 2863 1265 γὰρ
2891 1195 2949 1247 ὲν
2971 1197 3085 1258 τοῖς
3114 1196 3427 1266 προφήταις
3453 1190 3541 1264 ἦν,
3577 1195 3779 1265 μᾶλλον
3802 1197 3862 1250 δὲ

2265 1285 2324 1338 ὲν
2353 1286 2529 1357 Μωσῇ
2567 1288 2661 1339 καὶ
2692 1289 2750 1340 ὲν
2782 1287 3002 1350 πολλοῖς
3034 1287 3278 1357 κυρίοις,
3321 1288 3523 1356 μᾶλλον
3549 1288 3607 1341 δὲ
3636 1290 3694 1342 ὲν
3718 1290 3861 1361 Χρι-

2270 1376 2382 1447 στῷ
2414 1377 2491 1441 ὡς
2521 1379 2580 1431 ὲν
2608 1376 2742 1448 ναῷ.
2804 1380 2916 1432 και
2949 1378 3187 1449 ἀλλαχοῦ
3217 1379 3371 1447 λέγει
3401 1380 3558 1435 ἄλλον
3588 1368 3733 1435 εἶναι
3764 1384 3863 1435 τδν

2282 1469 2495 1539 Ἰησοῦν
2520 1472 2784 1541 Χριστὸν,
2819 1472 2914 1525 καὶ
2941 1471 3102 1526 ἄλλον
3128 1472 3219 1526 τὸν
3246 1472 3385 1526 Θεὸν
3407 1474 3599 1542 Λόγον.
3644 1474 3863 1528 Νεστό-

2275 1578 2390 1632 ριος
2421 1555 2615 1633 εἶπεν)
2675 1564 2750 1633 μὴ
2794 1565 3064 1634 ἐγχωρεῖν
3096 1564 3189 1617 τὸν
3216 1564 3324 1635 πρὸ
3348 1566 3567 1619 πάντων
3594 1566 3703 1621 τῶν
3727 1569 3866 1620 αἰώ-

2272 1672 2404 1721 νων,
2440 1654 2570 1709 ἄλλο
2600 1654 2750 1721 ἅπαξ
2778 1657 3133 1728 γεννηθῆναι,
3166 1658 3265 1712 καλ⁵
3295 1658 3468 1713 ταῦτα
3496 1658 3734 1730 θεότητι.
3764 1681 3781 1712 ι

578 845 656 889 est
682 835 761 899 ";
793 833 941 885 hunc
970 833 1095 887 dico
1122 832 1415 902 Spiritum,
1439 832 1534 903 qui
1570 842 1777 888 tantam
1802 833 2024 889 Christo
2063 833 2168 888 lar.

578 927 725 994 gitus
747 934 829 979 est
857 924 1108 993 gratiam.
1146 924 1349 978 Paulus
1376 924 1517 978 dixit
1543 942 1557 978 :
1584 924 1663 979 Ne
1695 934 1879 979 autem
1902 940 1971 979 ex
1988 925 2162 980 David

582 1027 802 1080 unctus,
835 1016 1051 1070 alienus
1077 1016 1151 1070 sit
1180 1032 1210 1069 a
1246 1016 1538 1085 sapientia,
1584 1032 1765 1087 neque
1798 1018 2071 1087 sapientia
2107 1018 2164 1072 in

579 1110 689 1163 alio
719 1110 799 1163 sic
833 1109 1085 1162 habitet:
1116 1109 1325 1163 etenim
1381 1109 1434 1163 in
1480 1111 1771 1180 prophetis
1798 1119 1955 1176 erat,
1987 1111 2166 1182 magis

581 1211 766 1255 autem
797 1200 853 1254 in
881 1200 1027 1254 Mose
1055 1207 1113 1254 et
1138 1199 1196 1253 in
1228 1200 1416 1254 multis
1458 1200 1722 1266 dominis,
1765 1203 1938 1273 magis
1977 1210 2165 1258 autem

584 1294 637 1347 in
663 1291 886 1347 Christo
913 1302 1174 1361 tanquam
1201 1291 1257 1345 in
1287 1294 1512 1362 templo.
1544 1294 1611 1348 Et
1641 1295 1774 1349 alibi
1806 1296 1964 1361 dicit,
1991 1298 2164 1352 alium

582 1401 705 1440 esse
726 1385 913 1441 Jesum
944 1385 1251 1449 Christum,
1280 1393 1337 1440 et
1360 1387 1530 1440 alium
1560 1388 1732 1441 Deum
1760 1389 2026 1444 Verbum.
2060 1390 2168 1445 Nc-

583 1478 797 1531 storius
854 1477 1030 1544 dixit,
1094 1493 1207 1532 non
1258 1492 1380 1531 esse
1437 1479 1703 1548 possibile
1752 1496 1879 1535 eum
1936 1482 2031 1551 qui
2081 1489 2168 1536 est

587 1577 716 1623 ante
768 1570 1004 1636 smcula,
1058 1569 1209 1624 aliud
1249 1569 1497 1639 genitum
1531 1586 1653 1625 csse
1683 1613 1696 1636 ,
1742 1572 1910 1642 idque
1966 1572 2169 1628 divini-

588 1670 720 1718 late.
753 1680 772 1713 ›

656 1772 797 1827 Ecce
830 1778 1018 1842 aperte
1046 1770 1183 1826 dicit
1230 1771 1552 1828 Nestorius:
1596 1774 1715 1829 Non
1765 1785 1852 1830 est
1902 1785 2064 1833 natus
2100 1791 2169 1832 ex

2353 1766 2488 1821 Ἰδοὺ
2536 1767 2809 1822 δέδεικται
2853 1769 3045 1840 σαφῶς
3073 1770 3250 1839 λέγων
3282 1773 3311 1825 ὁ
3341 1772 3667 1843 παραϐάτης
3688 1815 3704 1841 ,
3742 1776 3864 1829 Οὐκ

586 1865 796 1928 Maria,
844 1866 936 1934 qui
972 1874 1057 1919 est
1121 1864 1340 1935 genitus
1376 1881 1441 1920 ex
1485 1868 1669 1921 Patre.
1717 1869 1859 1922 Ecce
1909 1871 2171 1925 convenit

2284 1860 2469 1932 ἐτέχθη
2522 1863 2587 1915 ὲκ
2634 1862 2857 1932 Μαρίας
2904 1866 2933 1917 6
2975 1863 3267 1934 γεννηθεὶς
3317 1866 3383 1917 ὲκ
3425 1865 3660 1935 Πατρός.
3721 1866 3860 1920 Ἰδοὺ

586 1972 712 2009 cum
764 1956 930 2009 Paulo
979 1956 1268 2020 hatretico,
1303 1956 1397 2025 qui
1429 1957 1506 2010 ait
1539 1958 1706 2011 alium
1741 1974 1864 2013 esse
1897 1959 2163 2024 Verbum,

589 2057 636 2072 ..ι
673 2048 838 2072 All...“
886 2048 1061 2072 I..-.....
1087 2048 1366 2072 ("VL—2...-.-”
1449 2058 1496 2072 ,ιι
1552 2066 1656 2072 ...-..
1693 2066 1862 2072 --..---..
1941 2061 1995 2072 --ι
2032 2052 2059 2072 n
2084 2054 2164 2072 1-..

2284 1955 2517 2007 τυναινεῖ
2561 1952 2639 2024 τῷ
2682 1953 2949 2026 αἱρετικῷ
2987 1953 3189 2026 Παύλῳ
3219 1955 3436 2024 λέγοντι
3462 1994 3479 2017 ,
3528 1955 3690 2009 ἄλλον
3714 1950 3864 2010 εἶναι

2284 2047 2368 2072 -λη
2429 2047 2593 2072 Δια-..
2681 2048 2773 2072 ..μὶ
2831 2046 2990 2072 ΕἹΊ--.
3037 2046 3130 2072 -λ-.
3177 2047 3420 2072 ν-.-..λ..
3466 2048 3679 2072 ἸΨ-ΑΞ..
3763 2052 3860 2072 ---ι

584 2057 642 2101 ct
671 2048 841 2101 alium
876 2048 1063 2104 Jesum
1087 2048 1368 2104 Christum
1394 2090 1407 2114 ,
1443 2058 1501 2103 et
1551 2066 1660 2103 non
1693 2066 1888 2117 unum,
1941 2061 2001 2107 ut
2030 2052 2168 2108 ﬁdes

2284 2047 2368 2099 τὸν
2419 2047 2623 2114 Λόγον,
2681 2048 2779 2100 καὶ
2827 2046 2991 2101 ἄλλον
3036 2046 3131 2101 τὸν
3176 2047 3421 2118 Χριστὸν
3466 2048 3710 2119 Ἰησοῦν,
3763 2052 3867 2103 καὶ

588 2147 739 2192 recta
766 2138 1050 2209 praedicat.
1080 2139 1354 2196 Hactenus
1381 2141 1783 2196 testimonium.

2284 2139 2399 2209 οὐχὶ
2452 2138 2572 2203 ἕνα,
2619 2136 2694 2202 ὡς
2753 2140 2787 2209 ἡ
2844 2137 3129 2209 ὀρθοδοξία
3189 2138 3492 2211 κηρύσσει.
3546 2140 3696 2203 Ἕως
3754 2136 3866 2195 ὦδε

2276 2232 2310 2302 ἡ
2340 2231 2732 2302 διαμαρτυρία.

1082 2344 1247 2401 Pauli
1270 2343 1686 2403 Samosatensis.

2723 2346 2972 2400 Παύλου
3001 2343 3417 2414 Σαμοσατέως.

667 2478 685 2510 ι
718 2459 891 2515 Homo
910 2458 1168 2530 ungitur:
1194 2459 1437 2515 Verbum
1469 2476 1579 2515 non
1603 2463 1849 2532 ungitur.
1877 2465 2171 2521 Nazarmus

593 2548 818 2617 ungitur
843 2590 858 2613 ,
911 2547 1179 2601 Dominus
1222 2564 1333 2602 non
1381 2551 1631 2620 ungitur.
1672 2552 1889 2607 Etenim
1928 2555 2170 2609 Verbum

595 2641 772 2709 majus
801 2646 920 2693 erat
948 2638 1184 2691 Domino
1216 2637 1455 2693 Christo.
1486 2639 1742 2697 Christus
1775 2643 1923 2697 enim
1955 2659 2054 2713 per
2080 2661 2170 2698 sa-

595 2730 859 2800 pientiam
903 2746 1135 2801 magnus
1163 2728 1338 2786 factus
1368 2741 1491 2799 est;
1524 2734 1767 2789 Verbum
1795 2746 1980 2791 autem
2031 2740 2172 2792 ἄνω-

594 2824 725 2889 θεν,
780 2820 837 2876 id
884 2832 970 2877 est
1019 2821 1089 2876 de
1141 2824 1397 2890 supernis
1428 2842 1441 2877 :
1472 2824 1632 2881 Jesus
1700 2836 1884 2882 autem
1917 2829 2173 2886 Christus

597 2917 762 2968 homo
800 2913 951 2968 hinc.
979 2914 1149 2968 Maria
1183 2915 1424 2970 Verbum
1460 2932 1568 2971 non
1593 2919 1830 2988 peperit,
1878 2935 1982 2975 nec
2022 2922 2171 2976 enim

2352 2478 2371 2511 ι
2404 2460 2729 2533 ’Ἄνθρωπος
2762 2460 3016 2532 χρίεται,
3052 2462 3081 2513 6
3109 2459 3283 2528 Λόγος
3311 2459 3370 2512 οὐ
3401 2459 3646 2530 χρίεται·
3681 2462 3710 2515 6
3740 2462 3865 2516 Να-

2278 2548 2516 2620 ζωραῖος
2564 2551 2809 2621 χρίεται,
2866 2548 3039 2622 [οὐχ]
3087 2551 3115 2602 6
3160 2550 3370 2620 Κύριος
3395 2550 3575 2621 ἡμῶν.
3613 2553 3723 2606 Καὶ
3753 2555 3873 2625 γὰρ

2279 2641 2307 2693 6
2349 2642 2523 2708 Λόγος
2576 2641 2780 2712 μείζων
2818 2635 2888 2711 ἦν
2934 2641 3028 2693 τοῦ
3057 2639 3322 2710 Χριστοῦ.
3361 2640 3600 2710 Χριστὸς
3630 2644 3742 2714 γὰρ
3775 2644 3875 2699 διὰ

2280 2734 2475 2802 σοφίας
2510 2734 2681 2805 μέγας
2708 2733 2960 2802 ἐγένετο·
3008 2732 3181 2799 Λόγος
3212 2733 3311 2803 μὲν
3337 2732 3448 2805 γὰρ
3475 2734 3716 2799 ἄνωθεν,
3754 2735 3873 2801 ’1η-

2281 2826 2407 2889 σοῦς
2434 2826 2493 2879 δὲ
2517 2825 2756 2896 Χριστὸς
2783 2824 3073 2896 ἅνθρωπος
3103 2824 3378 2879 ἐντεῦθεν.
3417 2827 3608 2897 Μαρία
3638 2827 3731 2881 τὸν
3757 2828 3873 2881 Λό-

2279 2935 2377 2987 γον
2409 2918 2509 2972 οῠκ
2540 2917 2725 2971 ἔτεκεν
2745 2933 2760 2949 ο
2809 2917 2930 2969 οὐδὲ
2958 2915 3067 2986 γὰρ
3093 2911 3161 2986 ἦν
3192 2916 3300 2987 πρὸ
3325 2915 3539 2970 αἰώνων
3571 2919 3604 2988 ἡ
3630 2918 3828 2988 Μαρία
3853 2936 3868 2950 ·

593 3013 713 3060 erat
746 3013 871 3059 ante
903 3006 1100 3059 smcula
1134 3006 1301 3061 Maria
1331 3024 1343 3060 :
1372 3024 1484 3065 non
1509 3018 1595 3063 est
1619 3011 1803 3065 senior
1836 3011 2017 3069 Verbo
2057 3015 2172 3068 Ma-

2284 3011 2383 3065 οὺκ
2429 3009 2547 3063 ἔστι
2596 3009 2950 3081 πρεσϐυτέρα
2993 3007 3088 3061 τοῦ
3122 3009 3299 3077 Λόγου
3338 3008 3560 3079 Μαρία,
3600 3008 3740 3062 ἀλλὰ
3766 3011 3871 3063 ἄν·

597 3096 720 3160 ria;
768 3094 865 3149 sed
912 3095 1196 3150 hominem
1238 3096 1399 3151 nobis
1426 3099 1691 3167 aequalem
1726 3102 1981 3171 peperit,
2034 3118 2174 3173 pra:-

2284 3103 2503 3174 ορωπον
2534 3104 2665 3173 ἡμῖν
2694 3104 2811 3157 ῐσον
2836 3102 3047 3166 ἔτεκεν,
3078 3103 3371 3173 κρείττονα
3397 3102 3456 3157 δὲ
3488 3103 3631 3159 κατὰ
3656 3105 3871 3172 πάντα,

595 3181 921 3237 stantiorem
982 3198 1116 3238 vero
1171 3182 1227 3238 in
1282 3186 1580 3254 omnibus,
1637 3188 1773 3258 quia
1834 3205 1902 3246 ex
1960 3191 2173 3263 Spiritu

2284 3196 2471 3267 ἐπειδὴ
2506 3196 2571 3250 ὲκ
2598 3194 2920 3266 Πνεύματος
2948 3194 3131 3264 ἁγίου.
3158 3212 3179 3248 ι

594 3285 808 3331 εοιιοιο.
842 3294 862 3327 ι

771 3385 1025 3457 Ejusdem
1065 3402 1130 3440 ea:
1163 3386 1374 3459 dialogo
1405 3397 1591 3446 contra
1622 3390 1998 3449 Malchionem.

2356 3386 2465 3445 Τοῦ
2491 3387 2678 3443 αὐτοῦ
2708 3348 2779 3442 ἐκ
2808 3386 2915 3442 τοῦ
2943 3387 3099 3455 πρὸς
3124 3388 3453 3457 Μαλχίωνα
3479 3388 3793 3461 διαλόγου.

674 3515 693 3549 ι
712 3497 785 3554 Ut
815 3513 917 3554 nec
934 3507 1137 3555 unctus
1170 3516 1237 3555 ex
1264 3502 1435 3557 David
1466 3504 1680 3561 alienus
1712 3507 1785 3563 sit
1815 3522 1846 3562 a
1871 3507 2174 3580 sapientia;

596 3604 781 3661 neque
808 3592 1080 3664 sapientia
1106 3593 1163 3648 in
1196 3593 1304 3650 alio
1335 3594 1570 3652 habitet.
1606 3615 1624 3649 ι

2357 3520 2376 3552 ‹
2409 3498 2527 3553 Ἵνα
2581 3502 2718 3570 μήτε
2760 3501 2789 3551 6
2820 3498 2884 3551 ἐκ
2910 3496 3076 3550 Δαὸὶδ
3105 3498 3354 3570 χρισθεὶς
3386 3496 3732 3575 ἀλλότριοςῇ
3766 3502 3869 3573 τῆς

2286 3592 2503 3661 σοφίας,
2539 3591 2677 3663 μήτε
2709 3592 2742 3661 ἡ
2772 3591 2936 3659 σοφία
2964 3590 3023 3643 ὲν
3049 3589 3197 3661 ἄλλῳ
3225 3589 3399 3654 οὕτως
3427 3592 3574 3663 οίκῇ.
3611 3611 3630 3644 ι

1268 3720 1543 3792 Ejusdem.

2900 3720 3011 3777 Τοῦ
3039 3721 3250 3776 αὑτοῦ.

676 3846 695 3880 ι
725 3827 831 3895 Qui
863 3827 1159 3884 videbatur
1183 3868 1199 3897 ,
1246 3846 1357 3886 non
1392 3842 1513 3889 erat
1544 3834 1817 3905 sapientia
1848 3853 1863 3890 :
1889 3852 1999 3893 non
2030 3839 2181 3894 enim

598 3931 820 3994 poterat
863 3924 1097 3994 reperiri
1147 3924 1202 3979 in
1249 3924 1464 3997 ﬁgura,
1515 3927 1633 3983 sive
1666 3928 1900 3994 habitu,
1965 3946 2069 3987 nec
2125 3933 2183 3988 in

602 4013 945 4083 spectatione
987 4013 1139 4069 viri:
1176 4017 1356 4087 major
1409 4018 1561 4073 enim
1609 4027 1696 4075 est
1751 4020 1819 4077 iis
1872 4035 1996 4091 quae
2054 4038 2183 4095 spe-

602 4114 847 4160 ctantur.
888 4124 907 4157 ι

2359 3857 2379 3888 ι
2419 3836 2481 3889 '0
2524 3836 2851 3905 φαινόμενος
2895 3834 2997 3888 οὐκ
3029 3830 3099 3905 ἦν
3138 3834 3333 3903 σοφία·
3390 3836 3455 3890 οὐ
3487 3835 3601 3908 γὰρ
3634 3837 3871 3908 ἠδύνατο

2284 3931 2343 3982 ὲν
2374 3930 2619 3999 σχήματι
2648 3927 3040 3997 εὑρίσκεσθαι,
3087 3928 3211 3982 οὐδὲ
3241 3930 3300 3982 ὲν
3331 3928 3433 4001 θέᾳ
3461 3929 3688 3999 ἀνδρός·
3745 3933 3868 4003 μεί-

2286 4022 2394 4088 ζων
2422 4024 2532 4093 γὰρ
2562 4019 2671 4075 τῶν
2698 4020 2998 4091 ὁρωμένων
3028 4021 3201 4076 ἐστίν.
3222 4039 3243 4075 ι

1293 4177 1546 4234 Nestorii.

2894 4178 3247 4247 Νεστορίου.

679 4309 697 4339 ε
730 4287 923 4358 Magna
954 4302 1045 4344 res
1081 4287 1187 4343 fuit
1223 4288 1437 4360 Virgini
1486 4288 1841 4362 Christipara:
1871 4308 2066 4363 parere
2091 4294 2187 4349 hu-

604 4381 949 4449 manitatem,
978 4381 1290 4437 divinitatis
1332 4380 1432 4437 Dei
1464 4382 1631 4438 Verbi
1665 4400 1973 4457 organum;
2036 4386 2185 4456 quod

606 4475 738 4530 satis
798 4475 851 4529 ei
900 4483 1020 4530 erat
1063 4474 1128 4530 ad
1171 4476 1438 4533 honorem
1500 4480 1862 4535 excellentem
1929 4482 2187 4551 genuisse

606 4570 825 4624 scilicet
857 4568 1220 4625 mcdiatorem
1261 4569 1529 4641 dignitate
1560 4571 1658 4626 Dei
1682 4573 2021 4643 copulatum.
2052 4593 2070 4625 ι

2365 4315 2383 4347 ι
2421 4295 2583 4362 Μέγα
2632 4294 2698 4363 τῇ
2743 4289 3099 4364 Χριστοτόκῳ
3158 4290 3425 4363 Παρθένῳ
3467 4292 3528 4346 τὸ
3560 4296 3746 4349 τεκεῖν
3777 4296 3872 4355 ἀντ

2289 4388 2647 4461 Θρωπότητα,
2681 4387 2781 4455 τῆς
2811 4382 2907 4436 τοῦ
2934 4381 3075 4436 Θεοῦ
3104 4383 3281 4451 Λόγου
3311 4383 3569 4455 Θεότητος
3595 4386 3833 4456 ὄργανον
3858 4403 3870 4415 ·

2289 4480 2495 4551 ἀρκοῦν
2526 4480 2667 4549 αὐτῇ
2705 4475 2841 4546 πρὸς
2870 4474 3038 4545 τιμὴν
3073 4475 3491 4546 ὑπεραίρουσαν
3521 4475 3583 4529 τὸ
3608 4478 3879 4549 γεννῆσαι

2293 4572 2527 4644 μεσίτην
2559 4573 2627 4641 τῇ
2661 4568 2754 4622 τοῦ
2779 4565 2916 4621 Θεοῦ
2949 4566 3300 4637 συνημμένον
3330 4565 3480 4639 ἀξίᾳ.
3517 4584 3536 4618 ι

679 4682 807 4737 Ilaec
833 4697 936 4737 nos
966 4698 1139 4752 pauca
1167 4698 1235 4737 ex
1286 4682 1478 4739 mullis
1504 4684 1843 4740 contulimus
1875 4695 1932 4741 et
1960 4702 2178 4758 compa-

2363 4683 2552 4738 Ταῦτα
2582 4683 2743 4753 ἡμεῖς
2774 4680 2851 4745 ὡς
2883 4679 3044 4749 ὀλίγα
3075 4681 3139 4733 ἐκ
3170 4680 3280 4734 τῶν
3311 4681 3528 4735 πολλῶν
3560 4683 3885 4758 ἀντιπαρα-

610 4775 885 4839 ravimus,
922 4784 979 4827 ut
1003 4775 1423 4832 ostenderemus
1449 4779 1873 4834 consensionem
1902 4788 1958 4834 et
1984 4796 2188 4836 conve-

611 4867 877 4921 nientiam
932 4866 1135 4921 horum
1189 4883 1314 4923 cum
1364 4870 1610 4940 antiquis
1670 4870 1945 4926 haereticis
1990 4886 2185 4926 eorum

610 4959 883 5029 patribus.
916 4959 1104 5016 Potest
1135 4961 1231 5031 qui
1270 4961 1532 5024 voluerit.
1559 4962 1743 5032 legere
1770 4963 2059 5033 epistolam
2089 4980 2188 5020 en-

2292 4776 2625 4845 τεθείκαμεν
2645 4814 2660 4838 ,
2711 4772 2812 4844 τὴν
2841 4773 2902 4826 ὲν
2930 4771 3009 4843 τῷ
3036 4771 3193 4842 κακῷ
3226 4774 3552 4842 συμφωνίαν
3584 4777 3727 4846 πρὸς
3752 4782 3890 4846 τοὺς

2296 4866 2564 4928 παλαιοὺς
2606 4863 2717 4917 τῶν
2749 4862 3045 4934 αίρετικῶν
3069 4863 3317 4934 πατέρας
3345 4862 3553 4919 τούτων
3586 4872 3893 4942 παραστῆ-

2296 4975 2389 5013 σαι
2444 4957 2796 5029 βουλόμενοι.
2858 4954 3089 5022 Ἔξεστι
3133 4955 3192 5009 δὲ
3246 4954 3325 5025 τῷ
3373 4956 3587 5011 θέλοντι
3631 4960 3895 5035 ἐντυχεῖν

610 5049 873 5121 cyclicam
922 5050 1188 5120 scriptam
1246 5058 1445 5106 contra
1480 5051 1711 5106 Paulum
1741 5050 2178 5110 Samosatensem

2293 5055 2361 5124 τῇ
2414 5051 2560 5105 κατὰ
2604 5048 2699 5104 τοῦ
2740 5047 3107 5119 Σαμοσατὲως
3139 5047 3419 5121 γραφείσῃ
3448 5050 3731 5125 ὲγκυκλίῳ
3759 5057 3899 5109 ὲπι-

610 5158 641 5196 a
696 5150 886 5196 sancta
940 5141 1153 5213 synodo
1203 5141 1559 5211 depositum,
1609 5150 1666 5197 et
1707 5142 1984 5215 dialogum
2022 5159 2189 5216 quem

611 5242 804 5288 contra
830 5249 956 5289 eum
982 5233 1254 5288 Malchion
1292 5232 1583 5305 presbyter
1610 5233 1901 5305 disputans
1942 5238 2187 5309 scripsit.

610 5326 775 5381 Certo
805 5325 953 5380 enim
985 5334 1303 5396 cognoscet,
1328 5342 1493 5397 quam
1525 5342 1692 5383 verus
1712 5328 1860 5384 illius
1885 5328 2192 5401 discipulus

612 5420 683 5472 sit
708 5417 1034 5474 Theodorus
1060 5435 1074 5485 ;
1106 5418 1221 5474 fere
1244 5419 1393 5475 enim
1422 5419 1633 5476 eisdem
1666 5421 1853 5477 verbis
1898 5424 2096 5489 utitur,
2131 5432 2193 5477 ut

615 5512 812 5564 horum
840 5510 967 5564 libri
993 5526 1105 5565 non
1134 5510 1349 5581 scripti,
1378 5511 1473 5566 sed
1493 5513 1808 5584 transcripti
1855 5514 2188 5582 videantur;

618 5601 700 5655 vel
740 5602 926 5670 potius
953 5601 1045 5655 illa
1074 5600 1228 5655 Pauli
1263 5602 1525 5656 translata
1555 5618 1586 5656 a
1632 5601 1926 5660 Theodoro
1973 5604 2030 5660 in
2068 5621 2190 5661 sua.

617 5693 905 5758 Quomodo
936 5700 1121 5747 autem
1157 5691 1225 5746 de
1249 5692 1453 5748 unione
1487 5692 1663 5748 sancti
1690 5693 1902 5761 Patres,
1934 5702 1990 5750 et
2012 5694 2200 5751 Eccle-

620 5784 712 5835 sia:
737 5793 935 5838 sanctae
956 5800 1093 5853 quas
1124 5784 1527 5855 gubernabant,
1552 5799 1581 5839 a
1602 5783 1879 5857 principio
1899 5789 2195 5854 senserint,

692 5936 737 5964 “
766 5935 886 5988 Act.
923 5952 963 5999 1,
990 5937 1046 5988 2.

2297 5146 2460 5217 στολῇ
2484 5184 2499 5209 ,
2551 5144 2654 5214 τῆς
2702 5141 2867 5196 αὐτὸν
2912 5140 3255 5211 καθελούσης
3296 5140 3463 5209 ἁγίας
3502 5143 3751 5209 συνόδου,
3793 5150 3903 5203 καὶ

2299 5234 2486 5305 μέντοι
2534 5233 2631 5286 καὶ
2673 5230 2751 5301 τῷ
2798 5229 3033 5301 διαλόγῳ
3074 5229 3135 5284 δν
3196 5228 3336 5299 πρὸς
3385 5230 3550 5285 αὐτὸν
3580 5232 3610 5285 6
3636 5237 3904 5304 πρεσϐύ-

2298 5343 2457 5397 τερος
2482 5323 2741 5395 Μαλχίων
2769 5322 3127 5389 ὲνεστήσατο.
3161 5320 3439 5376 Γνώσεται
3461 5324 3572 5392 γὰρ
3597 5326 3906 5397 ἀσφαλῶς,

2298 5417 2376 5481 ὼς
2424 5418 2641 5487 γνήσιοι
2690 5412 2904 5466 ἐκείνου
2959 5413 3293 5483 τυγχάνουσι
3340 5412 3586 5485 μαθηταὶ
3643 5418 3694 5469 oi
3758 5422 3914 5491 περὶ

2300 5509 2607 5581 Θεόδωρον·
2647 5506 2834 5577 σχεδὸν
2858 5504 2968 5577 γάρ
2993 5522 3046 5558 τι
3080 5506 3177 5559 καὶ
3203 5504 3293 5557 διὰ
3321 5503 3431 5557 τῶν
3459 5506 3647 5560 αὐτῶν
3676 5512 3914 5579 χωροῖς...

2306 5620 2359 5655 σι
2385 5601 2612 5666 λέξεων·
2646 5599 2722 5663 ὡς
2757 5596 2834 5669 μὴ
2862 5596 3187 5670 συγγραφὴν
3212 5597 3393 5651 δοκεῖν
3423 5592 3563 5652 εἶναι
3590 5602 3661 5654 τὰ
3684 5603 3917 5661 τούτων

2306 5694 2663 5763 συντάγματα
2684 5731 2699 5757 ,
2747 5690 2886 5745 ἀλλᾶ
2925 5690 3286 5762 μεταγραφὴν
3322 5692 3544 5761 μᾶλλον,
3578 5693 3648 5747 τὰ
3678 5695 3915 5753 ἐκείνου

2306 5789 2386 5850 είς
2431 5787 2499 5839 τὰ
2541 5785 2717 5839 οἰκεῖα
2770 5772 3239 5853 μεταϐαλλόντων.
3265 5782 3459 5846 Ὅπως
3488 5783 3547 5836 δὲ
3579 5785 3916 5856 ἐφρόνησαν
