4120 6482
444 407 582 482 1395

1700 421 2008 481 LEONTII
2053 415 2456 483 BYZANTINI
2484 459 2487 462 -

3456 422 3459 426 ’
3549 409 3688 479 1396

439 548 824 632 (Omittimus
861 552 1182 632 sequentia
1217 550 1388 631 apud
1439 553 1759 613 Leontium
1793 552 2181 632 Nazianzeni
2201 595 2219 626 ,
2256 552 2526 632 Nysscni
2551 548 2966 632 ,_Athqnosii,
3017 546 3247 632 Cyrilli
3270 595 3286 618 ,
3332 545 3691 632 ‘Isidorique

787 625 1117 692 Pelusiotw
1151 625 1528 704 testimonia,
1565 649 1697 712 quae
1727 632 1794 691 in
1825 649 2035 690 eorum
2075 625 2382 709 Operibns
2416 651 2455 689 α
2482 629 2662 690 nobis
2695 628 2878 691 editis
2916 627 3038 707 legi
3072 625 3353 707 Qucum.)

435 748 620 807 Sancti
650 745 899 822 Ephrtem
932 767 995 805 ea:
1021 744 1272 826 oratione
1315 755 1372 807 in
1419 753 1773 826 Margaritam
1825 762 2010 808 contra
2038 757 2087 814 Α

2191 755 2300 809 Τοῦ
2349 756 2526 826 ρσίου
2567 754 2809 826 Ἐφραὶμ
2851 752 2919 806 ἐκ
2956 752 3063 826 τοῦ
3091 752 3277 820 λόγου
3318 752 3426 806 τοῦ
3466 753 3555 819 εἰς
3584 753 3694 807 τὸν

1047 821 1389 878 Marcionem.

506 931 676 998 «Quae
720 931 878 988 vides
906 938 964 988 et
992 940 1279 997 attrectas,
1320 929 1432 987 sint
1463 932 1563 987 tibi
1609 930 2006 999 testimonium,

432 1027 629 1076 natura
660 1022 875 1078 scilicet
897 1037 1062 1093 quam
1091 1023 1275 1078 nescis
1294 1024 1594 1094 explicare,
1649 1023 1796 1094 quod
1838 1021 2009 1078 Filius

431 1113 551 1168 sine
591 1114 803 1168 semine
843 1113 1110 1178 nascitur,
1135 1125 1192 1170 et
1251 1115 1363 1170 duo
1390 1105 1676 1172 contraria.
1703 1117 2007 1173 secundum

431 1204 798 1259 substantiam
847 1208 1241 1276 conspirarunt
1318 1214 1544 1264 ostensa
1607 1209 1888 1281 hypostasi
1951 1210 2007 1264 in

431 1309 759 1365 unaquaque
793 1304 1010 1351 natura.
1029 1317 1046 1348 ι

500 1429 754 1484 Arbitror
788 1447 888 1501 per
911 1431 1091 1486 omnia
1130 1431 1566 1488 demonstratum
1613 1449 1754 1498 esse,
1784 1430 2002 1506 opinio-

429 1537 558 1577 nem
601 1523 875 1577 Theodori
929 1534 985 1579 et
1015 1531 1350 1580 sectatorum
1408 1527 1527 1596 ejus
1581 1529 1830 1582 eamdem
1885 1544 2007 1584 esse

432 1630 555 1684 quae
585 1615 736 1670 Pauli
767 1615 1200 1683 Samosatensis;
1226 1626 1281 1671 et
1307 1633 1336 1672 a
1370 1619 1576 1674 sanctis
1611 1620 1868 1675 Patribus
1899 1620 2008 1675 dii-

432 1706 580 1761 l‘erre
607 1747 621 1770 ,
658 1707 847 1776 eisque
887 1708 1193 1764 adversari.
1246 1709 1491 1765 Pendeat
1528 1726 1596 1766 ex
1626 1720 1898 1782 potestate
1931 1713 2010 1768 le-

431 1798 677 1866 gentium
712 1799 996 1856 adhterere
1033 1801 1277 1868 veritati,
1330 1810 1387 1858 et
1419 1802 1550 1859 dare
1590 1803 1743 1868 huic,
1777 1812 1840 1858 ut
1869 1804 2009 1861 ferat

432 1892 716 1960 praemium
747 1892 1016 1950 victoriae.

2109 825 2482 895 μαργαρίτην
2495 825 2626 900 (ϋΥ)
2647 825 2796 878 κατὰ
2825 823 3194 892 Μαρκίωνος.

2190 953 2210 986 ι
2246 931 2314 988 Ἃ
2347 932 2568 1004 βλέπεις
2590 932 2684 986 καὶ
2709 931 2983 1003 ψηλαφᾷς,
3018 932 3261 1000 γενέσθω
3295 949 3378 986 σοι
3413 932 3692 1004 μαρτυρία

2113 1028 2147 1096 ὴ
2177 1025 2360 1095 φύσις,
2414 1023 2482 1096 ἦν
2533 1025 2710 1078 εἰπεῖν
2733 1023 2836 1079 οὐκ
2892 1026 3205 1090 ἐπίστασαι,
3249 1027 3331 1080 ὅτι
3382 1026 3509 1089 Υἱὸς
3559 1026 3691 1082 ἄνευ
3783 1089 3788 1092 _

2115 1117 2325 1186 σπορᾶς
2354 1115 2564 1183 γίνεται
2591 1155 2605 1178 ,
2639 1115 2852 1170 καὶδύο
2883 1115 3184 1170 ὑπεναντία
3223 1115 3502 1180 οὑσιωδῶς
3539 1116 3684 1186 ὡμο-

2112 1209 2335 1279 νόησαν,
2379 1208 2479 1278 τῆς
2511 1207 2866 1272 ὑποστάσεως
2906 1206 3267 1280 δεικνυμένης
3315 1208 3412 1262 ἐπὶ
3450 1207 3688 1277 ἑκάστης

2115 1299 2355 1371 φύσεως.
2392 1320 2410 1352 ι

2179 1430 2347 1506 Οἶμαι
2373 1434 2463 1489 διὰ
2497 1435 2714 1488 πάντων
2751 1425 3125 1504 ἀποδεδεῖχθαι
3158 1428 3257 1504 τὴν
3287 1426 3566 1502 Θεοδώρου
3597 1431 3692 1484 καὶ

2114 1532 2222 1586 τῶν
2264 1533 2404 1601 ἀμφ’
2434 1531 2596 1585 αὐτὸν
2635 1531 2770 1601 πρός
2799 1548 2860 1584 τε
2898 1531 2990 1585 τὸν
3033 1529 3356 1601 Σαμοσατὲα
3381 1528 3689 1599 ὁμοδοξῑαν,

2116 1625 2210 1678 καὶ
2235 1624 2376 1695 πρὸς
2405 1624 2535 1688 τοὺς
2583 1622 2772 1691 ἁγίους
2809 1623 3059 1694 Πατέρας
3089 1622 3341 1677 ἐναντίαν
3374 1622 3469 1673 καὶ
3498 1619 3687 1689 διάφο-

2116 1733 2211 1785 ρον
2255 1715 2505 1788 γνώμην.
2537 1715 2648 1786 Τῆς
2697 1715 2754 1767 δὲ
2797 1714 2906 1768 τῶν
2941 1713 3387 1784 ἐντυγχανόντων
3428 1711 3692 1783 ἡρτήσθω

2113 1805 2362 1871 ἐξουσίας
2422 1805 2490 1877 τῇ
2543 1823 2605 1859 τε
2658 1804 2890 1877 ἀληθείᾳ
2942 1803 3302 1875 προσθέσθαι,
3361 1803 3457 1856 καὶ
3506 1799 3690 1856 δοῦναι

2110 1897 2289 1971 ταύτῃ
2313 1897 2458 1952 κατὰ
2479 1898 2542 1951 τὸ
2574 1891 2770 1968 ψεῦδος
2797 1895 2942 1967 ἔχειν
2967 1895 3034 1948 τὰ
3056 1895 3371 1965 νικητήρια.
3401 1971 3403 1974 Ι

498 2045 631 2120 (62')
652 2044 934 2103 Sermonis
967 2047 1132 2119 hujus
1154 2048 1262 2103 alia
1290 2047 1402 2104 duo
1439 2049 1639 2107 Graeca
1680 2050 1984 2124 fragmenta
2014 2067 2077 2109 os
2107 2051 2362 2108 dedimus
2390 2049 2584 2123 Script.
2612 2060 2714 2108 vet.
2744 2059 2785 2107 t.
2818 2045 2929 2117 Vll,
2966 2065 3023 2121 p.
3060 2048 3130 2104 28
3168 2057 3224 2104 et
3254 2048 3376 2104 151.

448 2241 3130 2269 W

528 2428 1100 2524 MONITUM
1178 2438 1305 2525 IN
1379 2439 2082 2530 TRACT‘ATUM
2169 2438 2643 2533 CONTRA
2718 2430 3591 2528 NESTORIANOSo

1230 2627 1385 2692 (Anc.
1415 2630 1518 2687 MAI
1544 2629 1738 2700 Script.
1775 2629 1923 2685 Veter
1956 2632 2108 2690 Nova
2144 2631 2413 2694 Collectio,
2451 2640 2491 2687 t.
2531 2631 2622 2692 lx.
2657 2646 2712 2702 p.
2743 2630 2886 2700 xm.)

504 2936 766 3001 Leontius
792 2944 968 3016 patria
997 2940 1346 3016 Byzantinus,
1377 2940 1616 2999 incolatu
1649 2950 1834 3000 autem
1873 2942 2420 3014 Hierosolymitanus,
2449 2940 2656 3013 quippe
2689 2943 2747 2998 in
2777 2941 2935 2996 laura
2958 2938 3016 2996 S.
3050 2939 3208 2997 Sabae
3238 2952 3408 3009 prope
3438 2945 3688 2993 sanctam

438 3034 629 3088 urbem
661 3033 1046 3088 monachatum
1075 3031 1373 3103 professus,
1399 3026 1680 3103 ingenium
1711 3047 1896 3098 suum,
1925 3047 2035 3103 quo
2059 3031 2298 3102 pollebat
2333 3030 2595 3100 plurimo,
2627 3037 2821 3085 contra
2853 3028 3158 3100 praesertim
3194 3026 3600 3098 Mouophysitas
3625 3041 3694 3079 ac

436 3111 810 3181 Nestorianos,
844 3117 981 3172 duas
1023 3115 1312 3172 contrariae
1355 3115 1642 3171 sententiae
1688 3123 1884 3182 sectas,
1920 3115 2016 3172 diu
2065 3118 2314 3174 exercuit
2362 3118 2563 3173 saeculo
2606 3115 2810 3172 Christi
2854 3116 3144 3172 desinente
3190 3124 3366 3180 sexto,
3399 3115 3556 3181 cujus
3589 3109 3693 3166 zeli

436 3212 602 3274 atque
625 3204 834 3260 laboris
859 3212 1025 3260 testes
1051 3211 1269 3259 exstant
1297 3203 1564 3258 nonnulla
1592 3204 1853 3273 opuscula
1879 3205 1933 3259 in
1969 3205 2213 3276 antiquis
2231 3207 2435 3262 Canisii
2466 3206 2799 3262 lectionibus
2831 3205 3013 3270 obvia,
3042 3216 3164 3275 qua:
3187 3204 3242 3258 in
3268 3203 3538 3259 Callandii
3567 3218 3694 3256 mox

436 3293 768 3348 bibliotheca
800 3301 839 3348 t.
875 3291 992 3358 ΧΠ,
1020 3292 1296 3348 cumulata
1325 3292 1566 3346 fuerunt.
1613 3291 1727 3362 Ego
1762 3308 1897 3348 vero
1936 3293 2093 3350 libris
2122 3294 2476 3350 orientalium
2514 3294 2885 3349 Ecclesiarum
2923 3291 3320 3363 cognoscendis
3347 3289 3556 3361 jamdiu
3591 3290 3693 3343 ad-

438 3379 640 3447 dictus,
679 3381 913 3451 ideoque
941 3380 1244 3445 erroribus,
1277 3380 1373 3449 qui
1401 3380 1469 3434 ab
1499 3380 1741 3450 antiquis
1766 3381 2006 3450 ipsarum
2041 3382 2362 3437 doctoribus
2385 3381 2574 3436 dictati
2607 3388 2754 3442 sunt,
2786 3380 3050 3450 peculiari
3083 3379 3266 3435 studio
3313 3377 3573 3433 eruendis
3605 3376 3695 3430 in-

440 3476 645 3534 tentus,
682 3467 972 3522 Leontium
1001 3482 1378 3538 saepenumero
1408 3467 1603 3522 ducem
1635 3468 1902 3537 Optimum
1929 3478 2192 3540 expertus
2219 3486 2373 3536 sum;
2399 3471 2557 3541 cujus
2592 3484 2741 3524 nunc
2770 3475 3063 3523 tractatum
3095 3467 3341 3522 nondum
3371 3467 3495 3521 luce
3521 3465 3696 3520 dona-

442 3564 554 3611 tum
586 3564 778 3611 contra
807 3555 1179 3620 Nestorianos,
1203 3555 1488 3624 copiosum
1519 3563 1683 3626 atque
1709 3557 2058 3626 praeclarum,
2079 3575 2180 3615 nec
2209 3569 2319 3614 tam
2347 3559 2524 3614 aliena
2550 3559 2882 3613 auctoritate
2908 3566 3268 3628 pugnantem,
3292 3571 3454 3626 quam
3479 3556 3694 3625 prOprii

439 3638 715 3700 ratiocinii
743 3646 998 3700 acumine
1050 3646 1488 3708 convincentem,
1525 3644 1580 3699 in
1613 3647 1872 3715 praesenti
1915 3647 2193 3703 volumine
2237 3647 2569 3719 vulgandum
2616 3641 2855 3716 suscepi.
2895 3645 3103 3714 Nempe
3147 3644 3253 3700 hoc
3289 3659 3430 3714 opus
3463 3643 3518 3697 in
3567 3651 3696 3698 octo

442 3731 764 3789 distinctum
804 3728 975 3788 libros
1013 3731 1346 3803 (quanquam
1387 3734 1614 3788 ultimus
1659 3733 1836 3802 deest)
1875 3743 2102 3791 cunctas
2141 3735 2595 3791 Nestorianorum
2640 3736 2907 3790 adversds
2932 3728 3266 3789 catholicum
3312 3728 3507 3802 dogma
3543 3725 3698 3798 obje-

443 3818 654 3872 ctioncs
682 3818 1026 3887 complexum
1053 3826 1156 3882 est,
1186 3834 1308 3873 cum
1343 3813 1564 3874 invictis
1602 3814 1818 3875 Leontii
1850 3824 2024 3878 nostri
2055 3823 2502 3880 reiutationibus.
2535 3824 2729 3894 Agitur
2781 3821 2928 3877 enim
2967 3836 3066 3890 per
3111 3818 3605 3875 contradictionem
3638 3823 3698 3870 et

443 3901 761 3976 Apologiam
786 3906 882 3960 int
916 3907 1078 3972 libro,
1115 3906 1188 3960 De
1217 3903 1584 3977 conjunctione
1609 3903 1798 3963 divina:
1844 3904 1995 3965 Verbi
2019 3921 2227 3967 natura:
2255 3930 2374 3966 cum
2412 3914 2680 3974 humana;
2716 3909 2771 3964 in
2798 3926 2856 3974 ιι,
2894 3907 2970 3962 De
2999 3909 3158 3962 unica
3206 3906 3403 3962 Christi
3429 3921 3697 3976 persona;

446 3995 500 4048 in
531 4004 608 4059 ut,
643 3993 721 4047 De
744 3995 897 4048 unico
924 3993 1058 4048 Filio
1096 3991 1337 4060 Christo;
1368 3988 1424 4048 in
1453 4010 1527 4061 IV,
1560 3990 1636 4048 De
1661 3989 1870 4064 Virgine
1901 3995 2156 4068 deipara;
2189 3999 2244 4053 iu
2281 4015 2336 4064 ν,
2363 3998 2439 4052 De
2467 3998 2674 4054 Christo
2701 3996 2808 4050 Deo
2839 4004 2887 4049 et
2921 3995 3169 4060 homine;
3195 3993 3250 4047 in
3276 4008 3350 4056 vl,
3384 3991 3459 4045 De
3489 3989 3698 4046 Christo

448 4095 550 4135 non
575 4083 783 4137 homine
812 4084 1092 4153 theophoro
1126 4084 1215 4137 sed
1252 4086 1544 4137 humanato
1572 4083 1719 4150 Deo;
1746 4084 1800 4138 in
1824 4101 1917 4149 vn,
1961 4084 2033 4139 De
2063 4086 2158 4141 illo
2182 4087 2358 4141 dicto:
2392 4106 2410 4138 ι
2451 4086 2594 4142 Unus
2628 4086 2690 4138 de
2712 4083 2770 4140 S.
2807 4083 3063 4138 Trinitate
3091 4097 3278 4153 passus
3303 4088 3378 4134 est
3401 4080 3456 4133 in
3480 4094 3691 4132 carne.»

449 4165 507 4222 lu
536 4181 646 4232 \‘tll,
673 4169 789 4240 qui,
817 4179 876 4224 ut
910 4170 1043 4236 dixi,
1069 4169 1431 4234 desideratur,
1453 4170 1906 4226 Nestorianorum
1935 4172 2187 4242 impietas
2211 4172 2609 4244 coarguebatur
2638 4169 3032 4243 hypostaticam
3061 4169 3322 4223 unionem
3355 4166 3696 4235 negantium.

450 4258 584 4311 alias
604 4271 737 4313 vero
768 4259 956 4314 nescio
983 4273 1119 4328 quas
1145 4257 1290 4313 haud
1321 4274 1514 4328 reapse
1541 4259 1775 4314 uniones
1819 4261 2378 4324 comminiscentium,
2403 4265 2537 4329 puta
2571 4257 2830 4322 honoris,
2870 4255 3285 4317 dominationis,
3319 4253 3569 4316 affectus,
3594 4251 3698 4306 ha-

452 4344 736 4400 bitationis
758 4386 771 4409 ,
800 4345 1101 4414 quamlibet
1134 4345 1347 4400 scilicet
1399 4347 1845 4416 conjunctionem
1888 4349 2174 4413 moralem,
2205 4363 2316 4402 non
2368 4345 2769 4418 hypostaticam
2808 4353 2866 4400 et
2895 4343 3224 4398 naturalem.
3279 4340 3407 4396 Haec
3437 4339 3585 4395 enim
3614 4347 3702 4394 est

452 4431 762 4486 Nestor-iuni
793 4433 999 4486 erroris
1023 4448 1256 4508 summa,
1288 4433 1405 4488 haec
1437 4433 1712 4489 virulenta
1740 4435 1822 4489 vis
1864 4435 2139 4491 haereseos
2173 4449 2282 4504 qua
2318 4433 2504 4488 divina
2537 4431 2844 4488 incarnatio
2870 4429 3282 4500 pessumdatur,
3316 4427 3572 4482 Christus
3602 4442 3696 4479 re-

452 4530 582 4574 vera
610 4519 816 4575 deitate
847 4519 1115 4589 dijicitur,
1139 4519 1284 4574 etde
1310 4519 1626 4578 beatissima
1658 4521 1826 4577 Maria
1852 4523 2022 4578 Deum
2050 4537 2172 4578 esse
2194 4531 2383 4576 natum
2413 4527 2666 4591 negatur.
2700 4519 2967 4588 Namque,
2999 4516 3332 4572 utobservat
3357 4513 3703 4570 Justinianus

456 4600 591 4674 imp.
631 4606 684 4660 in
717 4605 1026 4677 theologica
1067 4605 1298 4675 epistola
1334 4606 1499 4678 (apud
1533 4623 1634 4663 nos
1664 4616 1703 4662 t.
1746 4609 1856 4675 VII,
1888 4625 1942 4674 p.
1983 4608 2111 4681 299)

2121 4649 2135 4674 ,
2169 4608 2374 4678 impius
2413 4606 2704 4662 Nestorius
2751 4605 2935 4660 aiebat
2965 4620 2979 4657 :
3007 4601 3256 4672 Οὑδαμοῦ
3303 4601 3484 4655 τοίνυν
3515 4603 3546 4672 ἡ
3580 4600 3701 4654 θεία

455 4691 647 4762 Γραφὴ
680 4691 811 4745 Θεὸν
841 4693 905 4746 ἐκ
943 4693 1040 4762 τῆς
1067 4693 1434 4761 Χριστοτόκου
1465 4695 1736 4767 παρθένου
1760 4697 1910 4769 λέγει
1948 4713 2117 4766 γεγενε

2114 4696 2330 4766 νῆσθαι.
2356 4695 2495 4750 Tum
2526 4703 2814 4765 postquam
2847 4691 3078 4757 dixerat,
3103 4688 3275 4745 sacris
3298 4688 3484 4743 verbis
3517 4697 3699 4752 utens,

457 4772 677 4850 Moysen
740 4779 1042 4833 Pharaonis
1099 4779 1311 4845 Deum,
1371 4781 1626 4838 Israélem
1675 4783 1773 4838 Dei
1830 4784 2048 4848 ﬁlium,
2092 4785 2314 4840 Saulcm
2363 4793 2419 4840 et
2474 4782 2681 4854 Cyrum
2745 4779 3026 4844 Christos,
3087 4777 3168 4832 sic
3226 4776 3499 4831 horrende
3557 4775 3703 4831 blas-

457 4866 727 4936 phemans
764 4866 1124 4922 concludebat
1160 4885 1174 4921 :
1223 4865 1380 4922 Οὕτω
1433 4869 1663 4941 λέγομεν
1698 4871 1793 4924 καὶ
1834 4869 1926 4924 τὸν
1951 4871 2117 4925 Δεσπ(

2114 4872 2231 4942 ςτην
2268 4869 2528 4940 Χριστὸν,
2571 4868 2668 4923 καὶ
2705 4867 2861 4935 Θεὸν,
2911 4865 3006 4920 καὶ
3057 4864 3217 4928 Υἱὸν,
3250 4863 3346 4916 καὶ
3387 4861 3565 4930 ἆγιον,
3610 4863 3701 4915 καὶ

457 4954 731 5023 Χριστόν.’
3381 4957 3383 4960 ⁴

531 5039 672 5095 Sane
708 5039 970 5096 intererat
1000 5041 1162 5108 scire,
1201 5058 1268 5098 ex
1290 5043 1620 5114 quibusnam
1651 5045 1973 5100 nominatim
2009 5054 2170 5102 sectae
2213 5045 2501 5116 discipulis
2526 5053 2618 5099 aut
2652 5043 2996 5108 doctoribus,
3035 5051 3116 5098 tot
3147 5041 3488 5112 objectiones
3526 5038 3701 5093 Leon—

461 5127 574 5184 tius
601 5129 885 5196 hauserit;
914 5129 1010 5185 sed
1043 5133 1172 5201 quia
1201 5131 1248 5187 is
1269 5133 1492 5187 nomina
1523 5132 1738 5194 reticet,
1772 5124 2123 5202 cogitandum
2159 5143 2245 5189 est
2278 5135 2347 5191 de
2385 5134 2639 5204 plurimis
2677 5133 2786 5188 illis
2823 5131 3279 5188 Nestorianorum
3315 5127 3702 5198 scriptoribus,

462 5226 726 5286 quantum
758 5225 890 5273 aetas
915 5218 1140 5287 patitur,
1172 5236 1313 5289 quos
1342 5227 1591 5274 recenset
1627 5219 1682 5273 in
1705 5220 1960 5291 Catalogo
1988 5220 2281 5277 Chaldaeus
2313 5221 2621 5276 Ebediesus
2649 5236 2680 5274 a
2717 5236 2837 5291 cap.
2874 5221 2942 5275 59
2971 5228 3025 5274 et
3069 5219 3351 5287 deinceps,
3379 5232 3504 5270 cum
3538 5214 3705 5269 Asse-

462 5305 610 5358 mani
638 5304 940 5374 appendice
964 5347 979 5371 ,
1011 5305 1066 5359 in
1095 5322 1204 5375 quo
1237 5306 1617 5376 copiosissimo
1651 5323 1882 5361 numero
1907 5317 2229 5364 tractatores
2263 5309 2463 5379 passim
2494 5316 2816 5373 occurrunt,
2848 5307 2943 5376 qui
2977 5305 3361 5360 Nestorianum
3403 5302 3597 5370 dogma
3635 5298 3705 5353 de

463 5395 659 5447 morali
696 5394 896 5448 unione
919 5393 1232 5464 duplicique
1271 5410 1506 5464 persona
1537 5406 1906 5466 propugnant.
1936 5396 2002 5451 Et
2025 5397 2269 5466 quidem,
2304 5412 2372 5451 ne
2410 5396 2552 5450 forte
2582 5395 2849 5450 miremur
2876 5402 3081 5448 tantam
3108 5393 3164 5446 in
3195 5388 3588 5446 semibarbaris
3613 5402 3706 5439 ar-

465 5492 850 5554 gumentorum
881 5484 1262 5546 subtilitatem,
1292 5484 1756 5554 deprehendimus
1782 5485 1834 5539 in
1876 5486 2023 5540 dicto
2067 5485 2312 5554 catalogo
2343 5485 2550 5554 logicos
2580 5493 2843 5537 tractatus
2872 5483 3073 5547 varios,
3109 5489 3164 5534 et
3213 5477 3561 5534 aristotelicae
3587 5474 3706 5528 dia-

464 5571 674 5625 lecticae
700 5570 1198 5640 interpretationes.
1227 5571 1321 5626 Est
1350 5582 1530 5625 autem
1565 5571 1631 5626 de
1664 5573 1847 5627 Persis
1879 5572 2205 5627 nominatim
2250 5572 2404 5626 locus
2434 5571 2663 5641 insignis
2707 5569 3112 5639 chronographi
3151 5566 3370 5637 Georgii
3413 5562 3706 5618 hamartoli

469 5659 611 5724 apud
646 5674 763 5719 nos,
787 5675 841 5727 p.
870 5659 974 5712 575
1008 5677 1020 5711 :
1050 5677 1067 5708 ι
1101 5658 1270 5714 Aiunt
1305 5660 1451 5729 ipsos
1483 5670 1639 5715 acute
1672 5661 1981 5730 intelligere
2006 5674 2323 5716 sermonum
2355 5667 2528 5712 neXus
2561 5665 2616 5712 et
2643 5656 2888 5711 fallacias
2920 5666 2976 5711 et
3007 5655 3325 5719 involucra;
3349 5661 3405 5707 et
3443 5648 3706 5704 brevibus

470 5743 750 5814 dictiseos
780 5747 1000 5816 quicum
1029 5746 1328 5815 loquuntur
1359 5750 1720 5815 convincere;
1751 5750 1954 5806 ctenim
1990 5759 2045 5805 et
2069 5747 2364 5821 syllogismi
2393 5757 2568 5801 artem
2601 5752 2846 5816 apprime
2880 5746 3080 5801 callere
3102 5744 3384 5808 dicuntur,
3418 5747 3473 5796 et
3501 5738 3708 5794 alienas
