4120 6496
436 419 570 486 1397
1414 421 1810 491 ADVERSUS
1847 427 2063 490 NESTI

2057 425 2394 488 JRIANOS.
2423 451 2493 461 ·-
2519 426 2667 487 LIB.
2711 428 2761 487 Ι.
3548 425 3684 493 1393

433 535 772 606 objectiones
810 531 970 593 facile
1005 537 1240 604 solvere,
1265 547 1322 594 et
1345 541 1654 609 proverbiis
1684 539 1786 604 uti,
1818 555 1882 594 ac
1907 538 2331 607 sapientissimis
2358 537 2764 611 mnigmatibus,
2793 549 3108 605 quanquam
3154 549 3348 605 reapse
3375 534 3542 591 nullis
3573 535 3689 604 phi-

431 621 732 691 losophicis
761 631 858 678 aut
888 621 1179 680 rhetoricis
1212 623 1470 681 innutriti
1503 627 1711 682 fuerint
1736 625 2026 688 doctrinis,
2059 626 2156 680 sed
2186 627 2360 682 solam
2393 628 2635 682 habeant
2662 633 2920 679 naturam
2957 623 3293 694 magistram.
3314 622 3476 679 ludos
3506 631 3690 676 autem

434 711 608 766 multo
627 711 808 766 adhuc
832 713 1196 782 sapientiores
1223 723 1279 770 et
1303 717 1516 771 acriore
1543 717 1800 786 praeditos
1826 715 2048 786 ingenio
2080 714 2255 768 aiunt.
2285 713 2429 780 Quin
2465 714 2604 770 adeo
2639 711 2932 783 propinqui
2970 710 3144 765 nostri
3194 709 3460 764 nomadcs
3489 711 3693 764 lsmae-

432 798 564 863 litaa,
598 799 771 853 multa
813 796 1018 870 ingenii
1053 802 1368 872 sagacitate,
1409 801 1884 875 intelligentiaque
1905 813 1962 859 et
1998 801 2221 857 solertia
2258 810 2550 866 ornantur,
2593 810 2943 869 mentemque
2987 806 3204 853 acutam
3243 806 3299 852 et
3332 797 3690 852 calliditatem

433 885 638 941 habent
665 887 731 941 ad
779 887 1208 958 dignoscendam
1241 889 1589 960 potissimum
1630 892 1944 956 veritatem,
1978 888 2271 944 falsitatem
2312 889 2738 960 coarguendam,
2782 896 2839 941 et
2881 902 2912 940 a
2953 881 3180 941 meliore
3219 885 3466 940 deterius
3488 884 3690 938 distin-

430 976 735 1046 guendum.
775 997 794 1028 ι
831 978 938 1034 Sed
975 989 1029 1036 et
1059 980 1261 1037 Graecae
1297 983 1497 1053 linguae
1520 983 1832 1038 Nestoriani
1867 981 2024 1036 multi
2065 979 2220 1035 fuere
2252 988 2509 1035 auctores
2541 996 2554 1037 :
2591 987 2677 1034 est
2713 977 2860 1033 enim
2888 977 3250 1046 exploratum,
3283 973 3589 1030 Orientales
3622 988 3691 1027 cx

431 1064 633 1119 Graecis
663 1066 892 1122 urbibus
926 1083 1171 1124 errorem
1202 1086 1362 1145 suum
1396 1072 1451 1126 in
1487 1072 1719 1142 patriam
1757 1068 2186 1141 comportavisse
2229 1085 2242 1121 :
2277 1062 2358 1122 ex.
2381 1081 2492 1137 quo
2519 1066 2666 1120 enim
2707 1064 2763 1118 in
2795 1063 3032 1119 concilio
3064 1062 3345 1133 Ephesino
3391 1061 3688 1145 discidium

431 1147 633 1202 accidit
661 1148 1023 1206 Orientalium
1052 1139 1435 1223 episcoporum
1467 1139 1664 1210 J'oanni
1691 1139 2039 1212 Antiocheno
2057 1167 2247 1214 contra
2277 1165 2528 1213 sanctum
2552 1155 2820 1227 Cyrillum
2852 1153 3176 1217 faventium,
3210 1151 3454 1206 indidem
3479 1139 3689 1205 scilicet

431 1235 608 1305 prima
630 1237 923 1307 veriorque
961 1240 1381 1297 Nestorianismi
1416 1243 1560 1312 apud
1585 1242 1892 1297 Orientales
1919 1245 2071 1316 origo
2105 1243 2402 1316 repetenda
2428 1251 2532 1299 est.
2565 1241 2788 1298 Scilicet
2831 1241 2962 1296 dum
2986 1239 3299 1294 Nestoriani
3330 1254 3439 1292 non
3469 1239 3688 1292 obtem-

432 1330 631 1390 perant
669 1322 962 1392 Ephesinze
1002 1327 1234 1396 synodo,
1259 1336 1316 1381 et
1340 1330 1504 1398 paulo
1533 1339 1659 1398 post
1687 1331 2016 1403 Eutychiani
2051 1347 2146 1387 seu
2185 1329 2578 1401 Monophysita:
2622 1329 2882 1399 rejiciunt
2909 1343 2974 1381 ac
3003 1326 3348 1380 detestantur
3383 1323 3690 1379 Chalcedo-

435 1422 681 1470 nensem,
714 1409 836 1464 dua:
867 1413 1165 1467 teterrimae
1187 1415 1425 1469 haareses
1447 1416 1662 1472 radices
1694 1433 1820 1473 suas
1847 1419 2011 1474 altius
2027 1427 2258 1490 egerunt
2286 1425 2573 1487 totumque
2598 1415 2881 1472 Orientem
2909 1414 2976 1468 ad
3007 1414 3150 1468 hanc
3182 1429 3355 1482 usque
3386 1411 3530 1465 diem
3565 1425 3692 1464 cono

434 1496 794 1551 taminarunt.
825 1497 977 1552 Adeo
1018 1498 1288 1554 dissidere
1329 1503 1397 1555 ab
1439 1503 1682 1558 Ecclesia
1727 1505 2022 1561 exitiosum
2062 1507 2178 1561 est!
2215 1504 2339 1560 Scio
2371 1503 2650 1574 equidem,
2685 1504 2829 1558 inter
2874 1503 3146 1557 haereseos
3180 1499 3520 1570 primipilos,
3564 1513 3691 1550 san-

434 1589 680 1650 ctosque,
707 1589 768 1634 ut
795 1583 981 1638 miseri
1011 1584 1252 1640 Chaldaei
1282 1599 1498 1651 vocant,
1537 1589 1791 1646 doctores
1821 1591 2102 1647 numerari
2125 1591 2462 1661 antiquiores
2483 1591 2739 1645 homines
2763 1589 3061 1644 Diodorum
3087 1587 3491 1645 Tarsensemet
3517 1582 3691 1636 Theo-

433 1667 630 1722 dorum
682 1669 1161 1739 Mopsuestenum,
1209 1687 1446 1742 quorum
1489 1690 1614 1729 cum
1658 1677 1912 1733 Nestorio
1948 1679 2221 1735 celebrem
2266 1680 2320 1734 in
2360 1679 2585 1733 menaeis
2626 1687 2792 1747 atque
2837 1677 3058 1745 liturgia
3105 1671 3689 1729 commemorationem

431 1753 741 1826 festumque
778 1766 976 1828 agunt;
1003 1767 1384 1814 verumtamen
1417 1761 1690 1818 Diodorus
1714 1764 1938 1833 quidem
1969 1766 2024 1821 in
2061 1765 2318 1822 Ecclesia:
2347 1781 2482 1836 pace
2522 1777 2773 1821 mortuus
2803 1772 2920 1830 est;
2953 1778 3123 1833 quare
3160 1761 3326 1830 hujus
3357 1760 3690 1814 damnantur

431 1843 636 1912 scripta
660 1860 690 1898 a
721 1843 1042 1911 Catholicis,
1076 1861 1184 1900 non
1223 1863 1456 1916 persona
1496 1865 1510 1902 :
1547 1849 1876 1906 Theodorus
1904 1867 2059 1921 teque
2099 1863 2464 1923 praemortuus
2502 1862 2625 1909 erat
2669 1852 3006 1906 damnationi
3043 1849 3284 1904 Nestorii
3324 1857 3381 1903 et
3409 1845 3689 1917 Ephesino

429 1931 687 1986 concilio.
732 1933 986 1986 Attamen
1017 1948 1083 1986 ex
1118 1949 1185 1988 eo
1216 1933 1434 1989 discidii
1477 1946 1744 2007 tempore,
1784 1938 1973 1994 schola
2010 1937 2306 2002 Edessena,
2341 1941 2436 1995 ubi
2471 1950 2706 2009 utraque
2747 1939 2952 2010 lingua,
2995 1937 3181 1993 Graeca
3211 1935 3422 1991 scilicet
3459 1943 3517 1988 et
3549 1933 3687 1986 Ara-

431 2033 586 2081 mtea,
617 2019 964 2086 audiebatur,
985 2021 1312 2076 Nestoriano
1332 2025 1606 2094 contagio,
1629 2026 1775 2095 quod
1808 2026 1903 2080 diu
1936 2025 2184 2092 retinuit,
2211 2027 2408 2083 infecta
2432 2035 2536 2092 est,
2573 2035 2632 2080 ut
2663 2035 2891 2080 narrant
2917 2024 3242 2079 Theodorus
3262 2022 3460 2076 Lector
3481 2019 3687 2087 aliique

431 2115 686 2160 auctores
715 2107 860 2176 apud
891 2108 1273 2175 Assemanum,
1306 2111 1446 2165 Bibl.
1480 2111 1596 2176 0r.,
1632 2121 1670 2169 t.
1702 2115 1771 2168 Ill
1802 2122 1946 2184 part.
1970 2131 2030 2176 ιι.
2069 2131 2123 2186 p.
2150 2118 2275 2183 926,
2301 2118 2588 2173 conversis
2618 2116 2696 2171 ibi
2733 2116 2788 2170 in
2829 2113 3185 2169 vernaculum
3227 2110 3430 2166 idioma
3458 2105 3686 2161 Diodori

432 2203 599 2265 atque
634 2194 912 2251 Theodori
945 2199 1132 2252 multis
1168 2199 1348 2264 libris,
1375 2200 1556 2256 donec
1592 2203 1713 2272 ejus
1751 2215 2028 2274 corruptae
2065 2207 2268 2263 scholae
2306 2207 2567 2278 parietes,
2609 2206 2831 2262 Zenone
2867 2205 2998 2273 imp.
3031 2202 3296 2274 jubente,
3328 2196 3498 2253 diruti
3533 2202 3684 2258 sunt,

433 2285 620 2355 ibique
651 2287 913 2356 templum
947 2287 1005 2342 S.
1040 2288 1222 2344 Maria:
1260 2290 1504 2360 Deiparae
1537 2292 1918 2349 substitutum.
1951 2293 2108 2360 Quod
2147 2296 2191 2350 si
2225 2294 2465 2350 Chaldaei
2510 2292 2896 2349 Nestorianum
2936 2305 3139 2345 nomen
3175 2287 3282 2343 sibi
3325 2283 3505 2354 allingi
3539 2282 3687 2337 iudi-

432 2380 672 2443 gnautur
698 2374 861 2443 (teste
891 2375 1059 2430 etiam
1090 2375 1238 2445 apud
1264 2393 1350 2432 me
1377 2378 1650 2434 Ebediesu
1683 2380 1739 2434 in
1767 2389 1915 2436 tome
1938 2380 2032 2454 Χ),
2065 2397 2182 2436 rem
2222 2390 2404 2436 tamen
2440 2382 2612 2451 ipsam
2641 2381 2915 2444 retinent;
2941 2377 3117 2433 (Ξῖ-αξρί
3144 2381 3329 2431 autem
3350 2383 3405 2429 et
3423 2371 3685 2442 IEgyptii,

432 2477 528 2516 seu
573 2461 830 2516 catholici
868 2477 964 2516 seu
996 2463 1412 2535 Monophysitai,
1439 2475 1667 2536 prepter
1695 2469 2045 2524 notissimum
2081 2469 2187 2526 sibi
2233 2467 2471 2524 Nestorii
2505 2483 2736 2531 nomen,
2775 2464 3149 2522 Orientalibus
3189 2461 3435 2535 ejusdem
3481 2457 3690 2514 erroris

433 2551 657 2606 asseclis
684 2553 1133 2622 appellationem,
1180 2561 1240 2606 ut
1273 2553 1355 2619 ﬁt,
1391 2554 1612 2610 famosae
1654 2562 1800 2626 apud
1828 2574 1886 2613 se
1919 2559 2196 2614 haereseos
2238 2556 2577 2612 indiderunt.
2616 2553 2929 2610 Nestoriani
2971 2559 3120 2608 certe
3152 2549 3358 2622 Cyrillo
3383 2548 3438 2602 in
3469 2545 3685 2616 primis,

429 2638 539 2707 jam
571 2638 698 2692 inde
724 2655 753 2693 a
795 2639 1033 2693 concilio
1067 2639 1370 2710 Ephesino,
1401 2643 1560 2699 valde
1600 2653 1950 2706 succensent,
1990 2661 2152 2715 quem
2181 2643 2491 2714 AEgyptium
2530 2640 2891 2710 contemptim
2924 2645 3125 2694 vocant
3151 2657 3164 2692 :
3194 2649 3432 2704 namque
3458 2640 3515 2688 et
3543 2629 3690 2702 apud

434 2725 722 2780 Leontium
755 2735 1029 2790 nostrum,
1058 2743 1180 2799 pag.
1208 2729 1333 2795 465,
1362 2747 1470 2785 non
1503 2732 1739 2787 Severus
1770 2734 1865 2788 sed
1889 2733 2125 2806 Cyrillus
2155 2731 2544 2801 intelligendus
2565 2739 2652 2785 est
2681 2729 2735 2783 in
2763 2729 2867 2784 hac
2896 2726 3172 2784 sententia
3207 2742 3220 2778 :
3247 2723 3391 2791 Ἐγὼ
3421 2722 3559 2790 εἰμι,
3595 2718 3690 2806 uoti

433 2817 534 2868 οὐκ
573 2815 902 2885 ὴλλοίωμαι,
937 2815 1034 2888 βοᾷ
1063 2819 1091 2871 ὁ
1117 2817 1250 2882 Θεός
1274 2835 1288 2848 ο
1320 2820 1492 2890 Σαρκὶ
1530 2819 1654 2873 καθ’
1678 2804 1975 2874 ὑπόστασίν
2004 2822 2209 2891 ἥνωται
2243 2820 2272 2871 ὁ
2311 2819 2515 2886 Λόγος,
2550 2818 2649 2888 βοᾷ
2677 2819 2704 2869 ὁ
2732 2816 3054 2882 Λίγύπτιος⁸
3079 2815 3108 2867 ὁ
3134 2811 3426 2882 δεχόμενος
3453 2807 3547 2861 τὸν
3576 2804 3690 2858 Κύ-

438 2902 616 2971 ριλλον
647 2902 1049 2972 ἀληθεύσαντα,
1093 2903 1335 2976 ψεύστην
1364 2907 1508 2960 ποιεῖ
1536 2907 1628 2960 τὸν
1661 2907 1795 2960 Θεόν
1817 2925 1830 2939 ⁸
1864 2908 1978 2979 Ego
2018 2926 2065 2962 δι

2062 2925 2156 2973 tm,
2188 2915 2237 2960 et
2274 2924 2379 2960 non
2417 2908 2697 2969 immutor,
2744 2903 2946 2958 clamat
2985 2902 3140 2956 Deus.
3188 2898 3355 2954 Carni
3401 2893 3689 2950 secundum

436 2989 756 3060 hypostasim
791 2991 1002 3044 unitum
1036 3001 1112 3045 est
1141 2991 1386 3058 Verbum,
1423 2993 1621 3046 clamat
1655 2993 1951 3064 ﬁgyptiiis.
1985 2994 2156 3065 Igitur
2191 2997 2279 3067 qui
2305 2994 2566 3067 Cyrillum
2601 3011 2694 3048 ceu
2724 3009 2848 3047 vera
2881 2992 3137 3045 dicentem
3176 2989 3360 3052 recipit
3382 2985 3688 3040 mendacem

435 3076 562 3144 facit
579 3076 767 3131 Deum.
790 3076 932 3148 (Quo
965 3079 1088 3133 loco
1106 3078 1312 3134 librum
1333 3095 1556 3150 quoque
1580 3079 1769 3135 Severi
1796 3081 2376 3153 celebremﬂnkaiﬁerj
2396 3081 2745 3149 inscriptum,
2768 3095 2864 3134 seu
2884 3075 3166 3149 Cyrillum,
3193 3073 3355 3129 simul
3377 3069 3554 3134 innui,
3575 3084 3686 3122 non

432 3173 518 3219 est
538 3165 909 3236 incredibile.)
929 3165 1030 3222 Cui
1050 3167 1353 3238 objectioui
1382 3171 1568 3239 (quam
1597 3169 1689 3224 hic
1720 3169 1858 3224 dilui
1885 3185 2102 3240 aequum
2119 3170 2226 3241 est)
2245 3169 2324 3226 sic
2349 3167 2665 3238 respondet,
2687 3165 3047 3222 similitudine
3067 3171 3230 3218 utens
3247 3159 3546 3215 Leontius:
3569 3156 3684 3226 Εἱῂ

431 3251 647 3316 ἓνωσις,
683 3254 971 3318 ἀλλοίωσις
999 3256 1150 3309 ἐστιν
1177 3255 1389 3320 ἁπλῶς,
1425 3258 1576 3311 πᾶσα
1597 3257 1746 3329 ψυχὴ
1776 3259 2040 3312 ἑνωθεῖσα

2071 3256 2281 3329 σώματι
2309 3255 2602 3326 ἠλλοίωται
2624 3269 2638 3284 ·
2674 3253 2834 3324 Atqui
2866 3253 2912 3306 si
2939 3251 3062 3304 unio
3081 3290 3096 3315 ,
3132 3247 3349 3319 perinde
3374 3253 3448 3299 est
3472 3243 3654 3314 simpli
3665 3271 3685 3282 -

432 3339 560 3395 citer
593 3359 654 3396 ac
678 3344 1000 3408 immutatio,
1028 3345 1196 3399 omnis
1221 3347 1405 3400 anima
1429 3349 1638 3417 corpori
1665 3348 1818 3401 unita
1844 3349 2180 3401 immutatur.
2216 3344 2323 3402 Sed
2352 3343 2499 3400 enim
2530 3342 2689 3413 plura
2726 3341 2793 3396 de
2823 3338 3039 3395 Leontii
3075 3351 3242 3407 opere
3286 3350 3395 3389 non
3429 3347 3552 3387 sum
3597 3329 3685 3384 di-

432 3438 646 3491 cturus,
682 3431 832 3500 quod
875 3447 1001 3486 cum
1039 3439 1430 3502 peracutorum
1481 3433 1897 3489 ratiociniorum
1936 3433 2230 3490 thesaurus
2260 3431 2353 3498 sit,
2389 3429 2630 3486 conferri
2654 3428 2722 3483 ad
2752 3426 3143 3498 compendium
3183 3422 3412 3492 nequit;
3448 3418 3686 3487 ideoque

431 3517 488 3572 id
518 3533 656 3588 opus
688 3535 717 3574 a
741 3519 1086 3578 Nesmrianae
1110 3521 1399 3594 pravitatis
1428 3521 1668 3579 curiosis
1690 3521 2123 3596 indagatoribus,
2153 3527 2212 3580 et
2231 3535 2263 3578 a
2288 3516 2578 3590 theologia:
2593 3513 2902 3588 praesertim
2921 3511 3245 3570 doctoribus
3266 3507 3486 3566 assidua
3519 3519 3683 3560 manu

428 3605 764 3663 versandum
797 3616 902 3663 est.
3023 3633 3028 3636 ·
