  <div class='ocr_page' id='page_1' title='image "/cluster/home/n/w/nwhite01/storage/ocr_20150623/86:pt.1/coo.31924054869874/707.png"; bbox 0 0 4120 6492; ppageno 0'>
   <div class='ocr_carea' id='block_1_1' title="bbox 444 371 575 436">
    <p class='ocr_par' dir='ltr' id='par_1_1' title="bbox 444 371 575 436">
     <span class='ocr_line' id='line_1_1' title="bbox 444 371 575 436; baseline -0.015 0"><span class='ocrx_word' id='word_1_1' title='bbox 444 371 575 436; x_wconf 72' lang='grc'><strong>1399</strong></span> 
     </span>
    </p>
   </div>
   <div class='ocr_carea' id='block_1_2' title="bbox 1684 379 2431 444">
    <p class='ocr_par' dir='ltr' id='par_1_2' title="bbox 1684 379 2431 444">
     <span class='ocr_line' id='line_1_2' title="bbox 1684 379 2431 444; baseline 0.004 -3"><span class='ocrx_word' id='word_1_2' title='bbox 1684 381 1990 441; x_wconf 77' lang='lat' dir='ltr'><strong>LEONTII</strong></span> <span class='ocrx_word' id='word_1_3' title='bbox 2032 379 2431 444; x_wconf 72' lang='lat' dir='ltr'><strong>BYZANTINI</strong></span> 
     </span>
    </p>
   </div>
   <div class='ocr_carea' id='block_1_3' title="bbox 3582 393 3718 460">
    <p class='ocr_par' dir='ltr' id='par_1_3' title="bbox 3582 393 3718 460">
     <span class='ocr_line' id='line_1_3' title="bbox 3582 393 3718 460; baseline 0.029 -4"><span class='ocrx_word' id='word_1_4' title='bbox 3582 393 3718 460; x_wconf 73' lang='grc'><strong>1400</strong></span> 
     </span>
    </p>
   </div>
   <div class='ocr_carea' id='block_1_4' title="bbox 2591 574 3694 605">
    <p class='ocr_par' dir='ltr' id='par_1_4' title="bbox 2591 574 3694 605">
     <span class='ocr_line' id='line_1_4' title="bbox 2591 574 3694 605; baseline 0.003 -3"><span class='ocrx_word' id='word_1_5' title='bbox 2591 574 3694 605; x_wconf 66' lang='grc' dir='ltr'><strong>’⁸-³------ι“</strong></span> 
     </span>
    </p>
   </div>
   <div class='ocr_carea' id='block_1_5' title="bbox 1312 752 2871 844">
    <p class='ocr_par' dir='ltr' id='par_1_5' title="bbox 1312 752 2871 844">
     <span class='ocr_line' id='line_1_5' title="bbox 1312 752 2871 844; baseline 0.004 -6"><span class='ocrx_word' id='word_1_6' title='bbox 1312 752 1545 841; x_wconf 87' lang='grc' dir='ltr'><strong>ΤΟΥ</strong></span> <span class='ocrx_word' id='word_1_7' title='bbox 1608 754 2226 843; x_wconf 84' lang='grc' dir='ltr'><strong>ΠΑΝΣΟΦΟΥ</strong></span> <span class='ocrx_word' id='word_1_8' title='bbox 2301 752 2871 844; x_wconf 84' lang='grc' dir='ltr'><strong>ΜΟΝΑΧΟΥ</strong></span> 
     </span>
    </p>
   </div>
   <div class='ocr_carea' id='block_1_6' title="bbox 1477 1020 2746 1155">
    <p class='ocr_par' dir='ltr' id='par_1_6' title="bbox 1477 1020 2746 1155">
     <span class='ocr_line' id='line_1_6' title="bbox 1477 1020 2746 1155; baseline 0.002 -4"><span class='ocrx_word' id='word_1_9' title='bbox 1477 1022 1812 1151; x_wconf 83' lang='grc' dir='ltr'><strong>ΚΥΡ</strong></span> <span class='ocrx_word' id='word_1_10' title='bbox 1887 1020 2746 1155; x_wconf 86' lang='grc' dir='ltr'><strong>ΛΕΟΝΤΙΟΥ</strong></span> 
     </span>
    </p>
   </div>
   <div class='ocr_carea' id='block_1_7' title="bbox 1123 1306 3051 1432">
    <p class='ocr_par' dir='ltr' id='par_1_7' title="bbox 1123 1306 3051 1432">
     <span class='ocr_line' id='line_1_7' title="bbox 1123 1306 3051 1432; baseline 0.006 -11"><span class='ocrx_word' id='word_1_11' title='bbox 1123 1307 1464 1424; x_wconf 90' lang='grc' dir='ltr'>ΤΟΥ</span> <span class='ocrx_word' id='word_1_12' title='bbox 1572 1306 3051 1432; x_wconf 86' lang='grc' dir='ltr'><strong>ΙΕΡΟΣΟΛΥΜΙΤΟΥ</strong></span> 
     </span>
    </p>
   </div>
   <div class='ocr_carea' id='block_1_8' title="bbox 450 1548 2126 1637">
    <p class='ocr_par' dir='ltr' id='par_1_8' title="bbox 450 1561 2123 1617">
     <span class='ocr_line' id='line_1_8' title="bbox 450 1561 2123 1617; baseline 0.001 -3"><span class='ocrx_word' id='word_1_13' title='bbox 450 1562 634 1617; x_wconf 72' lang='grc' dir='ltr'><strong>ΚΑΤΑ</strong></span> <span class='ocrx_word' id='word_1_14' title='bbox 669 1562 807 1616; x_wconf 82' lang='grc' dir='ltr'><strong>ΤΩΝ</strong></span> <span class='ocrx_word' id='word_1_15' title='bbox 834 1562 965 1616; x_wconf 77' lang='grc' dir='ltr'><strong>ΔΥΟ</strong></span> <span class='ocrx_word' id='word_1_16' title='bbox 995 1561 1133 1615; x_wconf 82' lang='grc' dir='ltr'><strong>ΤΑΣ</strong></span> <span class='ocrx_word' id='word_1_17' title='bbox 1157 1561 1584 1615; x_wconf 83' lang='grc' dir='ltr'><strong>ΥΠΟΣΤΑΣΕΙΣ</strong></span> <span class='ocrx_word' id='word_1_18' title='bbox 1618 1562 1917 1616; x_wconf 85' lang='grc' dir='ltr'><strong>ΧΡΙΣΤΟΥ</strong></span> <span class='ocrx_word' id='word_1_19' title='bbox 1947 1564 2123 1617; x_wconf 85' lang='grc' dir='ltr'>ΛΕΓΟ</span> 
     </span>
    </p>
   </div>
   <div class='ocr_carea' id='block_1_9' title="bbox 2149 1548 3728 1637">
    <p class='ocr_par' dir='ltr' id='par_1_9' title="bbox 2149 1548 3728 1637">
     <span class='ocr_line' id='line_1_9' title="bbox 2149 1548 3728 1637; baseline 0.013 -21"><span class='ocrx_word' id='word_1_20' title='bbox 2149 1548 2493 1630; x_wconf 69' lang='lat' dir='ltr'><strong>va,&#39;rnN</strong></span> <span class='ocrx_word' id='word_1_21' title='bbox 2527 1569 2607 1621; x_wconf 75' lang='grc' dir='ltr'>ΔΕ</span> <span class='ocrx_word' id='word_1_22' title='bbox 2637 1567 2944 1625; x_wconf 79' lang='grc' dir='ltr'><strong>οιΑΝοΥΝ</strong></span> <span class='ocrx_word' id='word_1_23' title='bbox 2975 1572 3331 1631; x_wconf 62' lang='lat' dir='ltr'><strong>amor-22m</strong></span> <span class='ocrx_word' id='word_1_24' title='bbox 3362 1577 3471 1633; x_wconf 69' lang='lat' dir='ltr'><strong>en&#39;</strong></span> <span class='ocrx_word' id='word_1_25' title='bbox 3492 1580 3728 1637; x_wconf 74' lang='grc' dir='ltr'>ΑΥΤΟΥ</span> 
     </span>
    </p>
   </div>
   <div class='ocr_carea' id='block_1_10' title="bbox 1703 1683 2456 1741">
    <p class='ocr_par' dir='ltr' id='par_1_10' title="bbox 1703 1683 2456 1741">
     <span class='ocr_line' id='line_1_10' title="bbox 1703 1683 2456 1741; baseline 0.004 -3"><span class='ocrx_word' id='word_1_26' title='bbox 1703 1683 1843 1738; x_wconf 84' lang='grc' dir='ltr'><strong>ΟΥΧ</strong></span> <span class='ocrx_word' id='word_1_27' title='bbox 1878 1684 2296 1739; x_wconf 86' lang='grc' dir='ltr'>ΟΜΟΛΟΓΟΥΝ</span> <span class='ocrx_word' id='word_1_28' title='bbox 2302 1688 2456 1741; x_wconf 82' lang='grc' dir='ltr'><strong>ΤΩΝ.</strong></span> 
     </span>
    </p>
   </div>
   <div class='ocr_carea' id='block_1_11' title="bbox 1328 1904 2857 2083">
    <p class='ocr_par' dir='ltr' id='par_1_11' title="bbox 1328 1986 2857 2083">
     <span class='ocr_line' id='line_1_11' title="bbox 1328 1986 2857 2083; baseline 0.003 -5"><span class='ocrx_word' id='word_1_29' title='bbox 1328 1986 2210 2079; x_wconf 83' lang='lat' dir='ltr'><strong>SAPIENTISSIMI</strong></span> <span class='ocrx_word' id='word_1_30' title='bbox 2315 1987 2857 2083; x_wconf 84' lang='lat' dir='ltr'><strong>MONACHI</strong></span> 
     </span>
    </p>
   </div>
   <div class='ocr_carea' id='block_1_12' title="bbox 862 2238 3312 2386">
    <p class='ocr_par' dir='ltr' id='par_1_12' title="bbox 862 2238 3312 2386">
     <span class='ocr_line' id='line_1_12' title="bbox 862 2238 3312 2386; baseline 0.005 -13"><span class='ocrx_word' id='word_1_31' title='bbox 862 2251 1017 2376; x_wconf 90' lang='lat' dir='ltr'><strong>D.</strong></span> <span class='ocrx_word' id='word_1_32' title='bbox 1080 2250 1725 2380; x_wconf 87' lang='lat' dir='ltr'><strong>LEONTII</strong></span> <span class='ocrx_word' id='word_1_33' title='bbox 1822 2238 3312 2386; x_wconf 81' lang='lat' dir='ltr'><strong>HIEROSOLYMITANI</strong></span> 
     </span>
    </p>
   </div>
   <div class='ocr_carea' id='block_1_13' title="bbox 448 2536 3726 2619">
    <p class='ocr_par' dir='ltr' id='par_1_13' title="bbox 448 2536 3726 2619">
     <span class='ocr_line' id='line_1_13' title="bbox 448 2536 3726 2619; baseline 0.005 -18"><span class='ocrx_word' id='word_1_34' title='bbox 448 2538 857 2604; x_wconf 79' lang='lat' dir='ltr'><strong>ADVERSUS</strong></span> <span class='ocrx_word' id='word_1_35' title='bbox 908 2536 1050 2598; x_wconf 87' lang='lat' dir='ltr'><strong>EOS</strong></span> <span class='ocrx_word' id='word_1_36' title='bbox 1092 2537 1230 2610; x_wconf 86' lang='lat' dir='ltr'><strong>QUI</strong></span> <span class='ocrx_word' id='word_1_37' title='bbox 1290 2537 1490 2599; x_wconf 90' lang='lat' dir='ltr'><strong>DUAS</strong></span> <span class='ocrx_word' id='word_1_38' title='bbox 1535 2539 1977 2601; x_wconf 83' lang='lat' dir='ltr'><strong>AFFIRMANT</strong></span> <span class='ocrx_word' id='word_1_39' title='bbox 2032 2541 2343 2601; x_wconf 82' lang='lat' dir='ltr'><strong>CHRISTI</strong></span> <span class='ocrx_word' id='word_1_40' title='bbox 2400 2541 2814 2618; x_wconf 84' lang='lat' dir='ltr'><strong>PERSONAS,</strong></span> <span class='ocrx_word' id='word_1_41' title='bbox 2870 2542 3347 2619; x_wconf 83' lang='lat' dir='ltr'><strong>NULLAMQUE</strong></span> <span class='ocrx_word' id='word_1_42' title='bbox 3397 2552 3481 2614; x_wconf 86' lang='lat' dir='ltr'><strong>IN</strong></span> <span class='ocrx_word' id='word_1_43' title='bbox 3546 2552 3726 2615; x_wconf 85' lang='lat' dir='ltr'><strong>IPSO</strong></span> 
     </span>
    </p>
   </div>
   <div class='ocr_carea' id='block_1_14' title="bbox 1472 2655 2701 2721">
    <p class='ocr_par' dir='ltr' id='par_1_14' title="bbox 1472 2655 2701 2721">
     <span class='ocr_line' id='line_1_14' title="bbox 1472 2655 2701 2721; baseline 0.005 -6"><span class='ocrx_word' id='word_1_44' title='bbox 1472 2655 2107 2717; x_wconf 80' lang='lat' dir='ltr'><strong>CONJUNCTIONEM</strong></span> <span class='ocrx_word' id='word_1_45' title='bbox 2143 2657 2701 2721; x_wconf 82' lang='lat' dir='ltr'><strong>CONFITENTUR.</strong></span> 
     </span>
    </p>
   </div>
   <div class='ocr_carea' id='block_1_15' title="bbox 1277 2826 2905 2907">
    <p class='ocr_par' dir='ltr' id='par_1_15' title="bbox 1277 2826 2905 2907">
     <span class='ocr_line' id='line_1_15' title="bbox 1277 2826 2905 2907; baseline 0.001 -21"><span class='ocrx_word' id='word_1_46' title='bbox 1277 2830 1432 2901; x_wconf 66' lang='grc' dir='ltr'><strong>(ΑΜ.</strong></span> <span class='ocrx_word' id='word_1_47' title='bbox 1456 2829 1576 2885; x_wconf 74' lang='lat' dir='ltr'><strong>MAI.</strong></span> <span class='ocrx_word' id='word_1_48' title='bbox 1611 2827 1864 2899; x_wconf 78' lang='lat' dir='ltr'><strong>Scriptor.</strong></span> <span class='ocrx_word' id='word_1_49' title='bbox 1896 2837 1994 2882; x_wconf 85' lang='lat' dir='ltr'><strong>vet.</strong></span> <span class='ocrx_word' id='word_1_50' title='bbox 2024 2844 2143 2883; x_wconf 85' lang='lat' dir='ltr'><strong>nov.</strong></span> <span class='ocrx_word' id='word_1_51' title='bbox 2173 2826 2439 2897; x_wconf 84' lang='lat' dir='ltr'><strong>Collectio,</strong></span> <span class='ocrx_word' id='word_1_52' title='bbox 2471 2840 2511 2885; x_wconf 90' lang='lat' dir='ltr'><strong>t.</strong></span> <span class='ocrx_word' id='word_1_53' title='bbox 2540 2829 2633 2897; x_wconf 78' lang='lat' dir='ltr'><strong>1X,</strong></span> <span class='ocrx_word' id='word_1_54' title='bbox 2664 2847 2720 2903; x_wconf 92' lang='lat' dir='ltr'><strong>p.</strong></span> <span class='ocrx_word' id='word_1_55' title='bbox 2757 2833 2905 2907; x_wconf 74' lang='lat' dir='ltr'><strong>MO.)</strong></span> 
     </span>
    </p>
   </div>
   <div class='ocr_carea' id='block_1_16' title="bbox 1638 3161 2590 3254">
    <p class='ocr_par' dir='ltr' id='par_1_16' title="bbox 1638 3161 2590 3254">
     <span class='ocr_line' id='line_1_16' title="bbox 1638 3161 2590 3254; baseline 0.001 -4"><span class='ocrx_word' id='word_1_56' title='bbox 1638 3161 1996 3253; x_wconf 81' lang='lat' dir='ltr'><strong>LIBER</strong></span> <span class='ocrx_word' id='word_1_57' title='bbox 2100 3162 2590 3254; x_wconf 76' lang='lat' dir='ltr'><strong>PRIMUS.</strong></span> 
     </span>
    </p>
   </div>
   <div class='ocr_carea' id='block_1_17' title="bbox 1046 3524 1467 3585">
    <p class='ocr_par' dir='ltr' id='par_1_17' title="bbox 1046 3524 1467 3585">
     <span class='ocr_line' id='line_1_17' title="bbox 1046 3524 1467 3585; baseline -0.002 -2"><span class='ocrx_word' id='word_1_58' title='bbox 1046 3524 1467 3585; x_wconf 80' lang='lat' dir='ltr'><strong>PROOEMIUM.</strong></span> 
     </span>
    </p>
   </div>
   <div class='ocr_carea' id='block_1_18' title="bbox 539 3640 2048 3717">
    <p class='ocr_par' dir='ltr' id='par_1_18' title="bbox 539 3640 2048 3717">
     <span class='ocr_line' id='line_1_18' title="bbox 539 3640 2048 3717; baseline 0.001 -20"><span class='ocrx_word' id='word_1_59' title='bbox 539 3640 639 3700; x_wconf 82' lang='lat' dir='ltr'><strong>llic</strong></span> <span class='ocrx_word' id='word_1_60' title='bbox 664 3642 828 3699; x_wconf 89' lang='lat' dir='ltr'><strong>nobis</strong></span> <span class='ocrx_word' id='word_1_61' title='bbox 860 3656 983 3698; x_wconf 83' lang='lat' dir='ltr'><strong>sese</strong></span> <span class='ocrx_word' id='word_1_62' title='bbox 1003 3644 1167 3700; x_wconf 77' lang='lat' dir='ltr'><strong>oﬂ’ert</strong></span> <span class='ocrx_word' id='word_1_63' title='bbox 1196 3661 1396 3717; x_wconf 87' lang='lat' dir='ltr'><strong>anceps</strong></span> <span class='ocrx_word' id='word_1_64' title='bbox 1411 3644 1598 3716; x_wconf 90' lang='lat' dir='ltr'><strong>opinio</strong></span> <span class='ocrx_word' id='word_1_65' title='bbox 1614 3646 1701 3701; x_wconf 92' lang='lat' dir='ltr'><strong>vel</strong></span> <span class='ocrx_word' id='word_1_66' title='bbox 1726 3644 1911 3714; x_wconf 86' lang='lat' dir='ltr'><strong>potius</strong></span> <span class='ocrx_word' id='word_1_67' title='bbox 1938 3644 2048 3698; x_wconf 87' lang='lat' dir='ltr'><strong>lin-</strong></span> 
     </span>
    </p>
   </div>
   <div class='ocr_carea' id='block_1_19' title="bbox 471 3735 2043 3806">
    <p class='ocr_par' dir='ltr' id='par_1_19' title="bbox 471 3735 2043 3806">
     <span class='ocr_line' id='line_1_19' title="bbox 471 3735 2043 3806; baseline -0.001 -17"><span class='ocrx_word' id='word_1_68' title='bbox 471 3751 575 3806; x_wconf 74' lang='lat' dir='ltr'><strong>gua</strong></span> <span class='ocrx_word' id='word_1_69' title='bbox 604 3735 877 3801; x_wconf 88' lang='lat' dir='ltr'><strong>dividens,</strong></span> <span class='ocrx_word' id='word_1_70' title='bbox 912 3736 1069 3805; x_wconf 88' lang='lat' dir='ltr'><strong>cujus</strong></span> <span class='ocrx_word' id='word_1_71' title='bbox 1098 3750 1227 3805; x_wconf 91' lang='lat' dir='ltr'><strong>pars</strong></span> <span class='ocrx_word' id='word_1_72' title='bbox 1266 3752 1392 3792; x_wconf 90' lang='lat' dir='ltr'><strong>cum</strong></span> <span class='ocrx_word' id='word_1_73' title='bbox 1429 3735 1747 3791; x_wconf 87' lang='lat' dir='ltr'><strong>inﬁdelibus</strong></span> <span class='ocrx_word' id='word_1_74' title='bbox 1781 3742 2043 3806; x_wconf 87' lang='lat' dir='ltr'><strong>ponetur,</strong></span> 
     </span>
    </p>
   </div>
   <div class='ocr_carea' id='block_1_20' title="bbox 473 3827 2047 3898">
    <p class='ocr_par' dir='ltr' id='par_1_20' title="bbox 473 3827 2047 3898">
     <span class='ocr_line' id='line_1_20' title="bbox 473 3827 2047 3898; baseline -0.002 -14"><span class='ocrx_word' id='word_1_75' title='bbox 473 3843 599 3884; x_wconf 87' lang='lat' dir='ltr'><strong>cum</strong></span> <span class='ocrx_word' id='word_1_76' title='bbox 626 3828 913 3883; x_wconf 78' lang='lat' dir='ltr'><strong>advenerit</strong></span> <span class='ocrx_word' id='word_1_77' title='bbox 966 3827 1231 3884; x_wconf 87' lang='lat' dir='ltr'><strong>Dominus</strong></span> <span class='ocrx_word' id='word_1_78' title='bbox 1254 3844 1319 3883; x_wconf 88' lang='lat' dir='ltr'><strong>ac</strong></span> <span class='ocrx_word' id='word_1_79' title='bbox 1341 3828 1517 3884; x_wconf 82' lang='lat' dir='ltr'><strong>Judex</strong></span> <span class='ocrx_word' id='word_1_80' title='bbox 1567 3827 1838 3891; x_wconf 86' lang='lat' dir='ltr'><strong>omnium,</strong></span> <span class='ocrx_word' id='word_1_81' title='bbox 1894 3842 2047 3898; x_wconf 66' lang='lat' dir='ltr'><strong>quaa-</strong></span> 
     </span>
    </p>
   </div>
   <div class='ocr_carea' id='block_1_21' title="bbox 473 3921 2047 3994">
    <p class='ocr_par' dir='ltr' id='par_1_21' title="bbox 473 3921 2047 3994">
     <span class='ocr_line' id='line_1_21' title="bbox 473 3921 2047 3994; baseline 0.001 -19"><span class='ocrx_word' id='word_1_82' title='bbox 473 3936 692 3991; x_wconf 88' lang='lat' dir='ltr'><strong>cunque</strong></span> <span class='ocrx_word' id='word_1_83' title='bbox 718 3921 985 3977; x_wconf 82' lang='lat' dir='ltr'><strong>adversus</strong></span> <span class='ocrx_word' id='word_1_84' title='bbox 1029 3923 1387 3994; x_wconf 80' lang='lat' dir='ltr'><strong>semetipsum</strong></span> <span class='ocrx_word' id='word_1_85' title='bbox 1416 3923 1587 3978; x_wconf 88' lang='lat' dir='ltr'><strong>locuti</strong></span> <span class='ocrx_word' id='word_1_86' title='bbox 1642 3921 1849 3977; x_wconf 77' lang='lat' dir='ltr'><strong>fuerint</strong></span> <span class='ocrx_word' id='word_1_87' title='bbox 1893 3922 2047 3993; x_wconf 87' lang='lat' dir='ltr'><strong>impii</strong></span> 
     </span>
    </p>
   </div>
   <div class='ocr_carea' id='block_1_22' title="bbox 475 4014 2047 4084">
    <p class='ocr_par' dir='ltr' id='par_1_22' title="bbox 475 4014 2047 4084">
     <span class='ocr_line' id='line_1_22' title="bbox 475 4014 2047 4084; baseline 0 -15"><span class='ocrx_word' id='word_1_88' title='bbox 475 4022 793 4082; x_wconf 86' lang='lat' dir='ltr'><strong>peccatores</strong></span> <span class='ocrx_word' id='word_1_89' title='bbox 815 4014 1199 4081; x_wconf 81' lang='lat' dir='ltr'><strong>damnaturus,</strong></span> <span class='ocrx_word' id='word_1_90' title='bbox 1245 4015 1388 4071; x_wconf 90' lang='lat' dir='ltr'><strong>sicut</strong></span> <span class='ocrx_word' id='word_1_91' title='bbox 1432 4014 1701 4084; x_wconf 90' lang='lat' dir='ltr'><strong>scriptum</strong></span> <span class='ocrx_word' id='word_1_92' title='bbox 1732 4016 1887 4080; x_wconf 88' lang='lat' dir='ltr'><strong>est‘;</strong></span> <span class='ocrx_word' id='word_1_93' title='bbox 1937 4014 2047 4070; x_wconf 87' lang='lat' dir='ltr'><strong>nisi</strong></span> 
     </span>
    </p>
   </div>
   <div class='ocr_carea' id='block_1_23' title="bbox 476 4105 2048 4179">
    <p class='ocr_par' dir='ltr' id='par_1_23' title="bbox 476 4105 2048 4179">
     <span class='ocr_line' id='line_1_23' title="bbox 476 4105 2048 4179; baseline 0 -20"><span class='ocrx_word' id='word_1_94' title='bbox 476 4105 696 4161; x_wconf 86' lang='lat' dir='ltr'><strong>tandem</strong></span> <span class='ocrx_word' id='word_1_95' title='bbox 729 4106 896 4163; x_wconf 89' lang='lat' dir='ltr'><strong>corde</strong></span> <span class='ocrx_word' id='word_1_96' title='bbox 942 4107 1251 4179; x_wconf 81' lang='lat' dir='ltr'><strong>intelligant</strong></span> <span class='ocrx_word' id='word_1_97' title='bbox 1287 4114 1348 4162; x_wconf 85' lang='lat' dir='ltr'><strong>ut</strong></span> <span class='ocrx_word' id='word_1_98' title='bbox 1376 4106 1444 4161; x_wconf 89' lang='lat' dir='ltr'><strong>ad</strong></span> <span class='ocrx_word' id='word_1_99' title='bbox 1489 4106 1779 4161; x_wconf 90' lang='lat' dir='ltr'><strong>Dominum</strong></span> <span class='ocrx_word' id='word_1_100' title='bbox 1813 4121 2048 4161; x_wconf 87' lang='lat' dir='ltr'><strong>conver-</strong></span> 
     </span>
    </p>
   </div>
   <div class='ocr_carea' id='block_1_24' title="bbox 478 4197 2048 4273">
    <p class='ocr_par' dir='ltr' id='par_1_24' title="bbox 478 4197 2048 4273">
     <span class='ocr_line' id='line_1_24' title="bbox 478 4197 2048 4273; baseline -0.001 -21"><span class='ocrx_word' id='word_1_101' title='bbox 478 4207 699 4262; x_wconf 86' lang='lat' dir='ltr'><strong>tantur,</strong></span> <span class='ocrx_word' id='word_1_102' title='bbox 754 4208 921 4270; x_wconf 89' lang='lat' dir='ltr'><strong>atque</strong></span> <span class='ocrx_word' id='word_1_103' title='bbox 975 4198 1317 4273; x_wconf 66' lang='lat' dir='ltr'><strong>(doctrinae)</strong></span> <span class='ocrx_word' id='word_1_104' title='bbox 1369 4212 1618 4254; x_wconf 90' lang='lat' dir='ltr'><strong>errorem</strong></span> <span class='ocrx_word' id='word_1_105' title='bbox 1666 4198 1813 4252; x_wconf 92' lang='lat' dir='ltr'><strong>inter</strong></span> <span class='ocrx_word' id='word_1_106' title='bbox 1868 4197 2048 4253; x_wconf 89' lang='lat' dir='ltr'><strong>homi-</strong></span> 
     </span>
    </p>
   </div>
   <div class='ocr_carea' id='block_1_25' title="bbox 477 4290 2045 4363">
    <p class='ocr_par' dir='ltr' id='par_1_25' title="bbox 477 4290 2045 4363">
     <span class='ocr_line' id='line_1_25' title="bbox 477 4290 2045 4363; baseline 0.003 -19"><span class='ocrx_word' id='word_1_107' title='bbox 477 4305 575 4346; x_wconf 87' lang='lat' dir='ltr'><strong>nes</strong></span> <span class='ocrx_word' id='word_1_108' title='bbox 596 4290 910 4358; x_wconf 76' lang='lat' dir='ltr'><strong>fateantur;</strong></span> <span class='ocrx_word' id='word_1_109' title='bbox 938 4302 1233 4363; x_wconf 89' lang='lat' dir='ltr'><strong>propterea</strong></span> <span class='ocrx_word' id='word_1_110' title='bbox 1254 4292 1404 4348; x_wconf 89' lang='lat' dir='ltr'><strong>enim</strong></span> <span class='ocrx_word' id='word_1_111' title='bbox 1433 4307 1537 4347; x_wconf 84' lang='lat' dir='ltr'><strong>nos</strong></span> <span class='ocrx_word' id='word_1_112' title='bbox 1582 4302 1843 4347; x_wconf 66' lang='lat' dir='ltr'><strong>caaterum</strong></span> <span class='ocrx_word' id='word_1_113' title='bbox 1879 4307 2045 4348; x_wconf 78' lang='lat' dir='ltr'><strong>accu-</strong></span> 
     </span>
    </p>
   </div>
   <div class='ocr_carea' id='block_1_26' title="bbox 473 4383 2046 4456">
    <p class='ocr_par' dir='ltr' id='par_1_26' title="bbox 473 4383 2046 4456">
     <span class='ocr_line' id='line_1_26' title="bbox 473 4383 2046 4456; baseline 0.003 -20"><span class='ocrx_word' id='word_1_114' title='bbox 473 4391 596 4437; x_wconf 82' lang='lat' dir='ltr'><strong>sant</strong></span> <span class='ocrx_word' id='word_1_115' title='bbox 631 4383 926 4440; x_wconf 77' lang='lat' dir='ltr'><strong>ineﬂ&#39;abilis</strong></span> <span class='ocrx_word' id='word_1_116' title='bbox 952 4384 1260 4456; x_wconf 58' lang='lat' dir='ltr'><strong>divinaeque</strong></span> <span class='ocrx_word' id='word_1_117' title='bbox 1291 4384 1513 4440; x_wconf 88' lang='lat' dir='ltr'><strong>unionis</strong></span> <span class='ocrx_word' id='word_1_118' title='bbox 1540 4384 1701 4439; x_wconf 87' lang='lat' dir='ltr'><strong>Verbi</strong></span> <span class='ocrx_word' id='word_1_119' title='bbox 1720 4384 1787 4438; x_wconf 90' lang='lat' dir='ltr'><strong>ad</strong></span> <span class='ocrx_word' id='word_1_120' title='bbox 1826 4400 2046 4440; x_wconf 89' lang='lat' dir='ltr'><strong>carnem</strong></span> 
     </span>
    </p>
   </div>
   <div class='ocr_carea' id='block_1_27' title="bbox 473 4476 2050 4549">
    <p class='ocr_par' dir='ltr' id='par_1_27' title="bbox 473 4476 2050 4549">
     <span class='ocr_line' id='line_1_27' title="bbox 473 4476 2050 4549; baseline 0.003 -22"><span class='ocrx_word' id='word_1_121' title='bbox 473 4476 743 4543; x_wconf 78' lang='lat' dir='ltr'><strong>divisores,</strong></span> <span class='ocrx_word' id='word_1_122' title='bbox 772 4477 1177 4549; x_wconf 85' lang='lat' dir='ltr'><strong>adversumque</strong></span> <span class='ocrx_word' id='word_1_123' title='bbox 1212 4493 1315 4533; x_wconf 90' lang='lat' dir='ltr'><strong>nos</strong></span> <span class='ocrx_word' id='word_1_124' title='bbox 1354 4478 1730 4548; x_wconf 86' lang='lat' dir='ltr'><strong>obloquuntur</strong></span> <span class='ocrx_word' id='word_1_125' title='bbox 1764 4478 1857 4547; x_wconf 87' lang='lat' dir='ltr'><strong>qui</strong></span> <span class='ocrx_word' id='word_1_126' title='bbox 1902 4491 2050 4532; x_wconf 87' lang='lat' dir='ltr'><strong>oeco-</strong></span> 
     </span>
    </p>
   </div>
   <div class='ocr_carea' id='block_1_28' title="bbox 475 4566 2047 4641">
    <p class='ocr_par' dir='ltr' id='par_1_28' title="bbox 475 4566 2047 4641">
     <span class='ocr_line' id='line_1_28' title="bbox 475 4566 2047 4641; baseline 0.001 -21"><span class='ocrx_word' id='word_1_127' title='bbox 475 4566 713 4621; x_wconf 87' lang='lat' dir='ltr'><strong>nomiam</strong></span> <span class='ocrx_word' id='word_1_128' title='bbox 770 4568 946 4639; x_wconf 88' lang='lat' dir='ltr'><strong>ipsius</strong></span> <span class='ocrx_word' id='word_1_129' title='bbox 1000 4569 1207 4641; x_wconf 84' lang='lat' dir='ltr'><strong>(Verbi)</strong></span> <span class='ocrx_word' id='word_1_130' title='bbox 1240 4569 1550 4625; x_wconf 87' lang='lat' dir='ltr'><strong>detrectant</strong></span> <span class='ocrx_word' id='word_1_131' title='bbox 1602 4575 1916 4639; x_wconf 84' lang='lat' dir='ltr'><strong>negantque</strong></span> <span class='ocrx_word' id='word_1_132' title='bbox 1952 4567 2047 4637; x_wconf 89' lang='lat' dir='ltr'><strong>qui</strong></span> 
     </span>
    </p>
   </div>
   <div class='ocr_carea' id='block_1_29' title="bbox 475 4656 2049 4727">
    <p class='ocr_par' dir='ltr' id='par_1_29' title="bbox 475 4656 2049 4727">
     <span class='ocr_line' id='line_1_29' title="bbox 475 4656 2049 4727; baseline 0.001 -17"><span class='ocrx_word' id='word_1_133' title='bbox 475 4657 626 4726; x_wconf 89' lang='lat' dir='ltr'><strong>ipsos</strong></span> <span class='ocrx_word' id='word_1_134' title='bbox 655 4656 910 4713; x_wconf 87' lang='lat' dir='ltr'><strong>redemit.</strong></span> <span class='ocrx_word' id='word_1_135' title='bbox 936 4659 1143 4725; x_wconf 88' lang='lat' dir='ltr'><strong>Primo,</strong></span> <span class='ocrx_word' id='word_1_136' title='bbox 1174 4660 1436 4715; x_wconf 91' lang='lat' dir='ltr'><strong>unionem</strong></span> <span class='ocrx_word' id='word_1_137' title='bbox 1457 4658 1659 4713; x_wconf 62' lang='lat' dir='ltr'><strong>divinae</strong></span> <span class='ocrx_word' id='word_1_138' title='bbox 1686 4659 2049 4727; x_wconf 72' lang='lat' dir='ltr'><strong>humanaeque</strong></span> 
     </span>
    </p>
   </div>
   <div class='ocr_carea' id='block_1_30' title="bbox 474 4749 2050 4817">
    <p class='ocr_par' dir='ltr' id='par_1_30' title="bbox 474 4749 2050 4817">
     <span class='ocr_line' id='line_1_30' title="bbox 474 4749 2050 4817; baseline 0.003 -16"><span class='ocrx_word' id='word_1_139' title='bbox 474 4758 686 4803; x_wconf 62' lang='lat' dir='ltr'><strong>natura:</strong></span> <span class='ocrx_word' id='word_1_140' title='bbox 708 4765 818 4804; x_wconf 90' lang='lat' dir='ltr'><strong>non</strong></span> <span class='ocrx_word' id='word_1_141' title='bbox 848 4759 997 4806; x_wconf 88' lang='lat' dir='ltr'><strong>recte</strong></span> <span class='ocrx_word' id='word_1_142' title='bbox 1022 4750 1257 4817; x_wconf 89' lang='lat' dir='ltr'><strong>docere;</strong></span> <span class='ocrx_word' id='word_1_143' title='bbox 1294 4752 1561 4816; x_wconf 90' lang='lat' dir='ltr'><strong>secundo,</strong></span> <span class='ocrx_word' id='word_1_144' title='bbox 1600 4766 1726 4805; x_wconf 93' lang='lat' dir='ltr'><strong>cum</strong></span> <span class='ocrx_word' id='word_1_145' title='bbox 1778 4750 1893 4806; x_wconf 91' lang='lat' dir='ltr'><strong>sint</strong></span> <span class='ocrx_word' id='word_1_146' title='bbox 1926 4749 2050 4805; x_wconf 68' lang='lat' dir='ltr'><strong>dua:</strong></span> 
     </span>
    </p>
   </div>
   <div class='ocr_carea' id='block_1_31' title="bbox 474 4838 2047 4914">
    <p class='ocr_par' dir='ltr' id='par_1_31' title="bbox 474 4838 2047 4914">
     <span class='ocr_line' id='line_1_31' title="bbox 474 4838 2047 4914; baseline 0.002 -22"><span class='ocrx_word' id='word_1_147' title='bbox 474 4838 795 4911; x_wconf 87' lang='lat' dir='ltr'><strong>hypostases</strong></span> <span class='ocrx_word' id='word_1_148' title='bbox 824 4842 1052 4911; x_wconf 89' lang='lat' dir='ltr'><strong>Christi,</strong></span> <span class='ocrx_word' id='word_1_149' title='bbox 1087 4843 1393 4899; x_wconf 89' lang='lat' dir='ltr'><strong>secundum</strong></span> <span class='ocrx_word' id='word_1_150' title='bbox 1422 4842 1761 4914; x_wconf 87' lang='lat' dir='ltr'><strong>hypostasim</strong></span> <span class='ocrx_word' id='word_1_151' title='bbox 1786 4841 2047 4898; x_wconf 91' lang='lat' dir='ltr'><strong>unionem</strong></span> 
     </span>
    </p>
   </div>
   <div class='ocr_carea' id='block_1_32' title="bbox 475 4932 2046 5008">
    <p class='ocr_par' dir='ltr' id='par_1_32' title="bbox 475 4932 2046 5008">
     <span class='ocr_line' id='line_1_32' title="bbox 475 4932 2046 5008; baseline 0.001 -21"><span class='ocrx_word' id='word_1_152' title='bbox 475 4932 595 4987; x_wconf 82' lang='lat' dir='ltr'><strong>ﬁeri</strong></span> <span class='ocrx_word' id='word_1_153' title='bbox 626 4948 738 4988; x_wconf 90' lang='lat' dir='ltr'><strong>non</strong></span> <span class='ocrx_word' id='word_1_154' title='bbox 770 4933 913 4989; x_wconf 85' lang='lat' dir='ltr'><strong>bene</strong></span> <span class='ocrx_word' id='word_1_155' title='bbox 933 4934 1138 5003; x_wconf 89' lang='lat' dir='ltr'><strong>dicere,</strong></span> <span class='ocrx_word' id='word_1_156' title='bbox 1174 4952 1451 5007; x_wconf 88' lang='lat' dir='ltr'><strong>unamque</strong></span> <span class='ocrx_word' id='word_1_157' title='bbox 1479 4936 1653 5006; x_wconf 89' lang='lat' dir='ltr'><strong>ipsius</strong></span> <span class='ocrx_word' id='word_1_158' title='bbox 1708 4935 2046 5008; x_wconf 85' lang='lat' dir='ltr'><strong>hypostasim</strong></span> 
     </span>
    </p>
   </div>
   <div class='ocr_carea' id='block_1_33' title="bbox 474 5025 2047 5099">
    <p class='ocr_par' dir='ltr' id='par_1_33' title="bbox 474 5025 2047 5099">
     <span class='ocr_line' id='line_1_33' title="bbox 474 5025 2047 5099; baseline -0.001 -18"><span class='ocrx_word' id='word_1_159' title='bbox 474 5041 804 5099; x_wconf 82' lang='lat' dir='ltr'><strong>agnoscere;</strong></span> <span class='ocrx_word' id='word_1_160' title='bbox 851 5028 1125 5099; x_wconf 88' lang='lat' dir='ltr'><strong>tertioque</strong></span> <span class='ocrx_word' id='word_1_161' title='bbox 1173 5029 1398 5097; x_wconf 90' lang='lat' dir='ltr'><strong>iterum,</strong></span> <span class='ocrx_word' id='word_1_162' title='bbox 1456 5044 1583 5084; x_wconf 89' lang='lat' dir='ltr'><strong>cum</strong></span> <span class='ocrx_word' id='word_1_163' title='bbox 1631 5028 1742 5083; x_wconf 94' lang='lat' dir='ltr'><strong>duo</strong></span> <span class='ocrx_word' id='word_1_164' title='bbox 1776 5029 1888 5083; x_wconf 92' lang='lat' dir='ltr'><strong>sint</strong></span> <span class='ocrx_word' id='word_1_165' title='bbox 1925 5025 2047 5092; x_wconf 87' lang='lat' dir='ltr'><strong>ﬁlii,</strong></span> 
     </span>
    </p>
   </div>
   <div class='ocr_carea' id='block_1_34' title="bbox 474 5119 2047 5190">
    <p class='ocr_par' dir='ltr' id='par_1_34' title="bbox 474 5119 2047 5190">
     <span class='ocr_line' id='line_1_34' title="bbox 474 5119 2047 5190; baseline -0.002 -16"><span class='ocrx_word' id='word_1_166' title='bbox 474 5119 619 5176; x_wconf 88' lang='lat' dir='ltr'><strong>male</strong></span> <span class='ocrx_word' id='word_1_167' title='bbox 643 5136 813 5175; x_wconf 91' lang='lat' dir='ltr'><strong>unum</strong></span> <span class='ocrx_word' id='word_1_168' title='bbox 839 5121 1091 5177; x_wconf 84' lang='lat' dir='ltr'><strong>conﬁteri</strong></span> <span class='ocrx_word' id='word_1_169' title='bbox 1125 5121 1323 5177; x_wconf 87' lang='lat' dir='ltr'><strong>Filium</strong></span> <span class='ocrx_word' id='word_1_170' title='bbox 1346 5136 1468 5177; x_wconf 90' lang='lat' dir='ltr'><strong>esse</strong></span> <span class='ocrx_word' id='word_1_171' title='bbox 1483 5121 1799 5186; x_wconf 87' lang='lat' dir='ltr'><strong>Christum;</strong></span> <span class='ocrx_word' id='word_1_172' title='bbox 1826 5126 2047 5190; x_wconf 81' lang='lat' dir='ltr'><strong>quarto,</strong></span> 
     </span>
    </p>
   </div>
   <div class='ocr_carea' id='block_1_35' title="bbox 474 5212 2045 5287">
    <p class='ocr_par' dir='ltr' id='par_1_35' title="bbox 474 5212 2045 5287">
     <span class='ocr_line' id='line_1_35' title="bbox 474 5212 2045 5287; baseline -0.001 -21"><span class='ocrx_word' id='word_1_173' title='bbox 474 5213 610 5268; x_wconf 82' lang='lat' dir='ltr'><strong>false</strong></span> <span class='ocrx_word' id='word_1_174' title='bbox 650 5225 894 5269; x_wconf 86' lang='lat' dir='ltr'><strong>sanctam</strong></span> <span class='ocrx_word' id='word_1_175' title='bbox 962 5215 1244 5287; x_wconf 81' lang='lat' dir='ltr'><strong>Virginem</strong></span> <span class='ocrx_word' id='word_1_176' title='bbox 1295 5214 1524 5270; x_wconf 90' lang='lat' dir='ltr'><strong>Matrem</strong></span> <span class='ocrx_word' id='word_1_177' title='bbox 1574 5213 1668 5269; x_wconf 87' lang='lat' dir='ltr'><strong>Dei</strong></span> <span class='ocrx_word' id='word_1_178' title='bbox 1731 5212 2045 5283; x_wconf 88' lang='lat' dir='ltr'><strong>appellare;</strong></span> 
     </span>
    </p>
   </div>
   <div class='ocr_carea' id='block_1_36' title="bbox 474 5305 2049 5374">
    <p class='ocr_par' dir='ltr' id='par_1_36' title="bbox 474 5305 2049 5374">
     <span class='ocr_line' id='line_1_36' title="bbox 474 5305 2049 5374; baseline 0.001 -16"><span class='ocrx_word' id='word_1_179' title='bbox 474 5306 692 5374; x_wconf 83' lang='lat' dir='ltr'><strong>quinto,</strong></span> <span class='ocrx_word' id='word_1_180' title='bbox 720 5322 832 5361; x_wconf 91' lang='lat' dir='ltr'><strong>non</strong></span> <span class='ocrx_word' id='word_1_181' title='bbox 863 5307 1041 5361; x_wconf 89' lang='lat' dir='ltr'><strong>solum</strong></span> <span class='ocrx_word' id='word_1_182' title='bbox 1078 5323 1294 5362; x_wconf 91' lang='lat' dir='ltr'><strong>merum</strong></span> <span class='ocrx_word' id='word_1_183' title='bbox 1347 5308 1628 5362; x_wconf 88' lang='lat' dir='ltr'><strong>hominem</strong></span> <span class='ocrx_word' id='word_1_184' title='bbox 1662 5314 1859 5359; x_wconf 87' lang='lat' dir='ltr'><strong>natura</strong></span> <span class='ocrx_word' id='word_1_185' title='bbox 1905 5305 2049 5359; x_wconf 84' lang='lat' dir='ltr'><strong>seire</strong></span> 
     </span>
    </p>
   </div>
   <div class='ocr_carea' id='block_1_37' title="bbox 2069 3535 2120 3593">
    <p class='ocr_par' dir='ltr' id='par_1_37' title="bbox 2069 3535 2120 3593">
     <span class='ocr_line' id='line_1_37' title="bbox 2069 3535 2120 3593; baseline 0 0"><span class='ocrx_word' id='word_1_186' title='bbox 2069 3535 2120 3593; x_wconf 77' lang='grc' dir='ltr'>Α</span> 
     </span>
    </p>
   </div>
   <div class='ocr_carea' id='block_1_38' title="bbox 2079 4920 2121 4977">
    <p class='ocr_par' dir='ltr' id='par_1_38' title="bbox 2079 4920 2121 4977">
     <span class='ocr_line' id='line_1_38' title="bbox 2079 4920 2121 4977; baseline 0 0"><span class='ocrx_word' id='word_1_187' title='bbox 2079 4920 2121 4977; x_wconf 85' lang='grc' dir='ltr'><strong>Β</strong></span> 
     </span>
    </p>
   </div>
   <div class='ocr_carea' id='block_1_39' title="bbox 2710 3528 3121 3586">
    <p class='ocr_par' dir='ltr' id='par_1_39' title="bbox 2710 3528 3121 3586">
     <span class='ocr_line' id='line_1_39' title="bbox 2710 3528 3121 3586; baseline 0.012 -6"><span class='ocrx_word' id='word_1_188' title='bbox 2710 3528 3121 3586; x_wconf 83' lang='grc' dir='ltr'><strong>ΠΡΟΟΙΜΙΟΝ.</strong></span> 
     </span>
    </p>
   </div>
   <div class='ocr_carea' id='block_1_40' title="bbox 2229 3640 3731 3716">
    <p class='ocr_par' dir='ltr' id='par_1_40' title="bbox 2229 3640 3731 3716">
     <span class='ocr_line' id='line_1_40' title="bbox 2229 3640 3731 3716; baseline 0.003 -22"><span class='ocrx_word' id='word_1_189' title='bbox 2229 3640 2512 3695; x_wconf 79' lang='grc' dir='ltr'><strong>Ἐντεῦθεν</strong></span> <span class='ocrx_word' id='word_1_190' title='bbox 2540 3641 2674 3713; x_wconf 81' lang='grc' dir='ltr'>ἡμῖν</span> <span class='ocrx_word' id='word_1_191' title='bbox 2712 3643 2746 3713; x_wconf 79' lang='grc' dir='ltr'><strong>ἡ</strong></span> <span class='ocrx_word' id='word_1_192' title='bbox 2770 3642 3055 3715; x_wconf 83' lang='grc' dir='ltr'><strong>διχότομος</strong></span> <span class='ocrx_word' id='word_1_193' title='bbox 3077 3644 3223 3710; x_wconf 79' lang='grc' dir='ltr'>δόξα,</span> <span class='ocrx_word' id='word_1_194' title='bbox 3259 3643 3466 3714; x_wconf 79' lang='grc' dir='ltr'>μᾶλλον</span> <span class='ocrx_word' id='word_1_195' title='bbox 3492 3644 3550 3698; x_wconf 83' lang='grc' dir='ltr'><strong>δὲ</strong></span> <span class='ocrx_word' id='word_1_196' title='bbox 3582 3646 3618 3716; x_wconf 81' lang='grc' dir='ltr'>ἠ</span> <span class='ocrx_word' id='word_1_197' title='bbox 3649 3645 3731 3699; x_wconf 78' lang='grc' dir='ltr'><strong>διο</strong></span> 
     </span>
    </p>
   </div>
   <div class='ocr_carea' id='block_1_41' title="bbox 2146 3732 3732 3809">
    <p class='ocr_par' dir='ltr' id='par_1_41' title="bbox 2146 3732 3732 3809">
     <span class='ocr_line' id='line_1_41' title="bbox 2146 3732 3732 3809; baseline 0.002 -21"><span class='ocrx_word' id='word_1_198' title='bbox 2146 3734 2418 3806; x_wconf 85' lang='grc' dir='ltr'>χότμητος</span> <span class='ocrx_word' id='word_1_199' title='bbox 2468 3734 2710 3803; x_wconf 83' lang='grc' dir='ltr'>γλῶσσα,</span> <span class='ocrx_word' id='word_1_200' title='bbox 2767 3736 3261 3803; x_wconf 81' lang='grc' dir='ltr'>κατεξανίσταται’</span> <span class='ocrx_word' id='word_1_201' title='bbox 3320 3732 3388 3809; x_wconf 79' lang='grc' dir='ltr'><strong>ἦς</strong></span> <span class='ocrx_word' id='word_1_202' title='bbox 3439 3738 3500 3791; x_wconf 76' lang='grc' dir='ltr'>τὸ</span> <span class='ocrx_word' id='word_1_203' title='bbox 3556 3739 3732 3809; x_wconf 83' lang='grc' dir='ltr'><strong>μέρος</strong></span> 
     </span>
    </p>
   </div>
   <div class='ocr_carea' id='block_1_42' title="bbox 2149 3827 3727 3899">
    <p class='ocr_par' dir='ltr' id='par_1_42' title="bbox 2149 3827 3727 3899">
     <span class='ocr_line' id='line_1_42' title="bbox 2149 3827 3727 3899; baseline 0.002 -20"><span class='ocrx_word' id='word_1_204' title='bbox 2149 3827 2288 3899; x_wconf 86' lang='grc' dir='ltr'><strong>μετὰ</strong></span> <span class='ocrx_word' id='word_1_205' title='bbox 2310 3827 2422 3881; x_wconf 83' lang='grc' dir='ltr'><strong>τῶν</strong></span> <span class='ocrx_word' id='word_1_206' title='bbox 2456 3827 2702 3881; x_wconf 84' lang='grc' dir='ltr'>ἀπίστων</span> <span class='ocrx_word' id='word_1_207' title='bbox 2731 3828 3041 3897; x_wconf 80' lang='grc' dir='ltr'><strong>τεθήσεται,</strong></span> <span class='ocrx_word' id='word_1_208' title='bbox 3071 3829 3296 3899; x_wconf 77' lang='grc' dir='ltr'><strong>ἥκοντος</strong></span> <span class='ocrx_word' id='word_1_209' title='bbox 3319 3830 3414 3883; x_wconf 78' lang='grc' dir='ltr'>τοῦ</span> <span class='ocrx_word' id='word_1_210' title='bbox 3447 3831 3727 3884; x_wconf 85' lang='grc' dir='ltr'>Δεσπότου</span> 
     </span>
    </p>
   </div>
   <div class='ocr_carea' id='block_1_43' title="bbox 2146 3918 3731 3991">
    <p class='ocr_par' dir='ltr' id='par_1_43' title="bbox 2146 3918 3731 3991">
     <span class='ocr_line' id='line_1_43' title="bbox 2146 3918 3731 3991; baseline 0.002 -18"><span class='ocrx_word' id='word_1_211' title='bbox 2146 3918 2244 3973; x_wconf 73' lang='grc' dir='ltr'>καὶ</span> <span class='ocrx_word' id='word_1_212' title='bbox 2263 3918 2469 3990; x_wconf 82' lang='grc' dir='ltr'>Κριτοῢ</span> <span class='ocrx_word' id='word_1_213' title='bbox 2492 3919 2600 3973; x_wconf 82' lang='grc' dir='ltr'><strong>τῶν</strong></span> <span class='ocrx_word' id='word_1_214' title='bbox 2625 3919 2886 3975; x_wconf 84' lang='grc' dir='ltr'>ἁπάντων</span> <span class='ocrx_word' id='word_1_215' title='bbox 2932 3920 3151 3989; x_wconf 77' lang='grc' dir='ltr'><strong>ἐλέγξαι</strong></span> <span class='ocrx_word' id='word_1_216' title='bbox 3179 3923 3278 3975; x_wconf 85' lang='grc' dir='ltr'><strong>ὅσα</strong></span> <span class='ocrx_word' id='word_1_217' title='bbox 3306 3920 3576 3991; x_wconf 75' lang='grc' dir='ltr'><strong>ἐλάλησαν</strong></span> <span class='ocrx_word' id='word_1_218' title='bbox 3604 3921 3731 3975; x_wconf 77' lang='grc' dir='ltr'>κατ’</span> 
     </span>
    </p>
   </div>
   <div class='ocr_carea' id='block_1_44' title="bbox 2147 4012 3731 4085">
    <p class='ocr_par' dir='ltr' id='par_1_44' title="bbox 2147 4012 3731 4085">
     <span class='ocr_line' id='line_1_44' title="bbox 2147 4012 3731 4085; baseline 0.001 -19"><span class='ocrx_word' id='word_1_219' title='bbox 2147 4012 2313 4066; x_wconf 81' lang='grc' dir='ltr'>αὑτοῦ</span> <span class='ocrx_word' id='word_1_220' title='bbox 2343 4012 2657 4083; x_wconf 78' lang='grc' dir='ltr'>ἁμαρτωλοὶ</span> <span class='ocrx_word' id='word_1_221' title='bbox 2700 4012 2921 4076; x_wconf 79' lang='grc' dir='ltr'><strong>ἀσεῦεἰς</strong></span> <span class='ocrx_word' id='word_1_222' title='bbox 2946 4053 2962 4077; x_wconf 84' lang='grc'><strong><em>,</em></strong></span> <span class='ocrx_word' id='word_1_223' title='bbox 2991 4014 3066 4075; x_wconf 85' lang='grc' dir='ltr'><strong>ὡς</strong></span> <span class='ocrx_word' id='word_1_224' title='bbox 3105 4012 3418 4085; x_wconf 82' lang='grc' dir='ltr'>γέγραπται</span> <span class='ocrx_word' id='word_1_225' title='bbox 3444 4030 3460 4046; x_wconf 76' lang='grc'><em>’</em></span> <span class='ocrx_word' id='word_1_226' title='bbox 3493 4015 3591 4068; x_wconf 75' lang='grc' dir='ltr'><strong>ἐὰν</strong></span> <span class='ocrx_word' id='word_1_227' title='bbox 3620 4014 3731 4084; x_wconf 81' lang='grc' dir='ltr'>ἄρα</span> 
     </span>
    </p>
   </div>
   <div class='ocr_carea' id='block_1_45' title="bbox 2150 4104 3729 4177">
    <p class='ocr_par' dir='ltr' id='par_1_45' title="bbox 2150 4104 3729 4177">
     <span class='ocr_line' id='line_1_45' title="bbox 2150 4104 3729 4177; baseline 0.001 -19"><span class='ocrx_word' id='word_1_228' title='bbox 2150 4105 2227 4177; x_wconf 84' lang='grc' dir='ltr'><strong>μὴ</strong></span> <span class='ocrx_word' id='word_1_229' title='bbox 2284 4105 2452 4175; x_wconf 81' lang='grc' dir='ltr'>νοήσῃ</span> <span class='ocrx_word' id='word_1_230' title='bbox 2490 4105 2556 4175; x_wconf 81' lang='grc' dir='ltr'>τῇ</span> <span class='ocrx_word' id='word_1_231' title='bbox 2606 4104 2804 4174; x_wconf 78' lang='grc' dir='ltr'>καρδίᾳ</span> <span class='ocrx_word' id='word_1_232' title='bbox 2850 4105 3252 4176; x_wconf 78' lang='grc' dir='ltr'>ἐπιστραφῆναι</span> <span class='ocrx_word' id='word_1_233' title='bbox 3295 4106 3435 4177; x_wconf 84' lang='grc' dir='ltr'>πρὸς</span> <span class='ocrx_word' id='word_1_234' title='bbox 3480 4106 3729 4177; x_wconf 81' lang='grc' dir='ltr'><strong>Κύριον,</strong></span> 
     </span>
    </p>
   </div>
   <div class='ocr_carea' id='block_1_46' title="bbox 2147 4194 3728 4270">
    <p class='ocr_par' dir='ltr' id='par_1_46' title="bbox 2147 4194 3728 4270">
     <span class='ocr_line' id='line_1_46' title="bbox 2147 4194 3728 4270; baseline 0 -19"><span class='ocrx_word' id='word_1_235' title='bbox 2147 4196 2467 4265; x_wconf 81' lang='grc' dir='ltr'>ἀναγγεῖλαί</span> <span class='ocrx_word' id='word_1_236' title='bbox 2512 4214 2570 4248; x_wconf 90' lang='grc' dir='ltr'><strong>τε</strong></span> <span class='ocrx_word' id='word_1_237' title='bbox 2611 4198 2668 4249; x_wconf 82' lang='grc' dir='ltr'>ὲν</span> <span class='ocrx_word' id='word_1_238' title='bbox 2722 4194 3035 4268; x_wconf 79' lang='grc' dir='ltr'>ἀνθρώποις</span> <span class='ocrx_word' id='word_1_239' title='bbox 3077 4196 3178 4269; x_wconf 82' lang='grc' dir='ltr'>τὴν</span> <span class='ocrx_word' id='word_1_240' title='bbox 3228 4198 3429 4268; x_wconf 79' lang='grc' dir='ltr'>ἑαυτῆς</span> <span class='ocrx_word' id='word_1_241' title='bbox 3480 4199 3728 4270; x_wconf 73' lang='grc' dir='ltr'>μέμψιν·</span> 
     </span>
    </p>
   </div>
   <div class='ocr_carea' id='block_1_47' title="bbox 2147 4288 3731 4363">
    <p class='ocr_par' dir='ltr' id='par_1_47' title="bbox 2147 4288 3731 4363">
     <span class='ocr_line' id='line_1_47' title="bbox 2147 4288 3731 4363; baseline 0.002 -20"><span class='ocrx_word' id='word_1_242' title='bbox 2147 4290 2306 4343; x_wconf 74' lang='grc' dir='ltr'>ταυτὶ</span> <span class='ocrx_word' id='word_1_243' title='bbox 2344 4288 2453 4359; x_wconf 81' lang='grc' dir='ltr'><strong>γὰρ</strong></span> <span class='ocrx_word' id='word_1_244' title='bbox 2483 4290 2615 4359; x_wconf 85' lang='grc' dir='ltr'>ἡμῖν</span> <span class='ocrx_word' id='word_1_245' title='bbox 2644 4289 2912 4360; x_wconf 78' lang='grc' dir='ltr'>ἑτέρωθεν</span> <span class='ocrx_word' id='word_1_246' title='bbox 2950 4289 3277 4359; x_wconf 79' lang='grc' dir='ltr'>ἐγκαλοῦσιν</span> <span class='ocrx_word' id='word_1_247' title='bbox 3324 4291 3375 4344; x_wconf 88' lang='grc' dir='ltr'><strong>οί</strong></span> <span class='ocrx_word' id='word_1_248' title='bbox 3413 4292 3514 4363; x_wconf 81' lang='grc' dir='ltr'><strong>τῆς</strong></span> <span class='ocrx_word' id='word_1_249' title='bbox 3546 4292 3731 4363; x_wconf 81' lang='grc' dir='ltr'><strong>ἀφρά-</strong></span> 
     </span>
    </p>
   </div>
   <div class='ocr_carea' id='block_1_48' title="bbox 2150 4382 3731 4458">
    <p class='ocr_par' dir='ltr' id='par_1_48' title="bbox 2150 4382 3731 4458">
     <span class='ocr_line' id='line_1_48' title="bbox 2150 4382 3731 4458; baseline 0.003 -22"><span class='ocrx_word' id='word_1_250' title='bbox 2150 4400 2278 4437; x_wconf 87' lang='grc' dir='ltr'>στου</span> <span class='ocrx_word' id='word_1_251' title='bbox 2310 4382 2407 4436; x_wconf 75' lang='grc' dir='ltr'>καὶ</span> <span class='ocrx_word' id='word_1_252' title='bbox 2442 4382 2787 4451; x_wconf 86' lang='grc' dir='ltr'>Θεοπρεποῦς</span> <span class='ocrx_word' id='word_1_253' title='bbox 2816 4382 3067 4447; x_wconf 81' lang='grc' dir='ltr'>ὲνώσεως</span> <span class='ocrx_word' id='word_1_254' title='bbox 3090 4384 3185 4439; x_wconf 82' lang='grc' dir='ltr'>τοῦ</span> <span class='ocrx_word' id='word_1_255' title='bbox 3232 4386 3409 4454; x_wconf 84' lang='grc' dir='ltr'><strong>Λόγου</strong></span> <span class='ocrx_word' id='word_1_256' title='bbox 3445 4388 3583 4458; x_wconf 80' lang='grc' dir='ltr'>πρὸς</span> <span class='ocrx_word' id='word_1_257' title='bbox 3627 4387 3731 4458; x_wconf 79' lang='grc' dir='ltr'>τὴν</span> 
     </span>
    </p>
   </div>
   <div class='ocr_carea' id='block_1_49' title="bbox 2149 4475 3727 4551">
    <p class='ocr_par' dir='ltr' id='par_1_49' title="bbox 2149 4475 3727 4551">
     <span class='ocr_line' id='line_1_49' title="bbox 2149 4475 3727 4551; baseline 0.004 -24"><span class='ocrx_word' id='word_1_258' title='bbox 2149 4480 2329 4544; x_wconf 80' lang='grc' dir='ltr'>σάρκα</span> <span class='ocrx_word' id='word_1_259' title='bbox 2358 4475 2664 4542; x_wconf 82' lang='grc' dir='ltr'>διαιρέται,</span> <span class='ocrx_word' id='word_1_260' title='bbox 2696 4477 2790 4529; x_wconf 75' lang='grc' dir='ltr'><strong>καὶ</strong></span> <span class='ocrx_word' id='word_1_261' title='bbox 2822 4477 2922 4547; x_wconf 86' lang='grc' dir='ltr'><strong>τῆς</strong></span> <span class='ocrx_word' id='word_1_262' title='bbox 2953 4476 3078 4532; x_wconf 82' lang='grc' dir='ltr'>καθ’</span> <span class='ocrx_word' id='word_1_263' title='bbox 3104 4479 3257 4548; x_wconf 81' lang='grc' dir='ltr'>ἡμᾶς</span> <span class='ocrx_word' id='word_1_264' title='bbox 3283 4480 3600 4551; x_wconf 80' lang='grc' dir='ltr'>οἰκονομίας</span> <span class='ocrx_word' id='word_1_265' title='bbox 3626 4482 3727 4534; x_wconf 83' lang='grc' dir='ltr'>αὑ-</span> 
     </span>
    </p>
   </div>
   <div class='ocr_carea' id='block_1_50' title="bbox 2149 4565 3728 4641">
    <p class='ocr_par' dir='ltr' id='par_1_50' title="bbox 2149 4565 3728 4641">
     <span class='ocr_line' id='line_1_50' title="bbox 2149 4565 3728 4641; baseline 0.006 -24"><span class='ocrx_word' id='word_1_266' title='bbox 2149 4565 2244 4619; x_wconf 84' lang='grc' dir='ltr'>τοῦ</span> <span class='ocrx_word' id='word_1_267' title='bbox 2274 4565 2653 4634; x_wconf 77' lang='grc' dir='ltr'>ἀπαγορευταὶ</span> <span class='ocrx_word' id='word_1_268' title='bbox 2675 4609 2689 4634; x_wconf 91' lang='grc'><em>,</em></span> <span class='ocrx_word' id='word_1_269' title='bbox 2724 4568 2773 4620; x_wconf 75' lang='grc' dir='ltr'>οἱ</span> <span class='ocrx_word' id='word_1_270' title='bbox 2808 4567 2899 4621; x_wconf 84' lang='grc' dir='ltr'><strong>τὸν</strong></span> <span class='ocrx_word' id='word_1_271' title='bbox 2929 4570 3333 4641; x_wconf 79' lang='grc' dir='ltr'>ὲξαγοράζοντα</span> <span class='ocrx_word' id='word_1_272' title='bbox 3366 4573 3565 4637; x_wconf 80' lang='grc' dir='ltr'>αὐτοὺς</span> <span class='ocrx_word' id='word_1_273' title='bbox 3593 4574 3728 4627; x_wconf 70' lang='grc' dir='ltr'>Θεὸν</span> 
     </span>
    </p>
   </div>
   <div class='ocr_carea' id='block_1_51' title="bbox 2148 4656 3729 4731">
    <p class='ocr_par' dir='ltr' id='par_1_51' title="bbox 2148 4656 3729 4731">
     <span class='ocr_line' id='line_1_51' title="bbox 2148 4656 3729 4731; baseline 0.005 -22"><span class='ocrx_word' id='word_1_274' title='bbox 2148 4656 2537 4727; x_wconf 78' lang='grc' dir='ltr'>ἐξαρνούμενοι</span> <span class='ocrx_word' id='word_1_275' title='bbox 2564 4675 2747 4726; x_wconf 85' lang='grc' dir='ltr'>φασιν,</span> <span class='ocrx_word' id='word_1_276' title='bbox 2781 4658 2996 4731; x_wconf 84' lang='grc' dir='ltr'>πρῶτον</span> <span class='ocrx_word' id='word_1_277' title='bbox 3030 4660 3148 4731; x_wconf 80' lang='grc' dir='ltr'>μὲν,</span> <span class='ocrx_word' id='word_1_278' title='bbox 3174 4662 3371 4716; x_wconf 78' lang='grc' dir='ltr'>ὅτιούκ</span> <span class='ocrx_word' id='word_1_279' title='bbox 3393 4663 3573 4731; x_wconf 81' lang='grc' dir='ltr'>ὀρθῶς</span> <span class='ocrx_word' id='word_1_280' title='bbox 3601 4666 3729 4717; x_wconf 85' lang='grc' dir='ltr'>σύν-</span> 
     </span>
    </p>
   </div>
   <div class='ocr_carea' id='block_1_52' title="bbox 2150 4744 3727 4823">
    <p class='ocr_par' dir='ltr' id='par_1_52' title="bbox 2150 4744 3727 4823">
     <span class='ocr_line' id='line_1_52' title="bbox 2150 4744 3727 4823; baseline 0.004 -24"><span class='ocrx_word' id='word_1_281' title='bbox 2150 4744 2303 4800; x_wconf 83' lang='grc' dir='ltr'>θεσιν</span> <span class='ocrx_word' id='word_1_282' title='bbox 2340 4745 2442 4816; x_wconf 84' lang='grc' dir='ltr'><strong>τῆς</strong></span> <span class='ocrx_word' id='word_1_283' title='bbox 2477 4746 2626 4810; x_wconf 83' lang='grc' dir='ltr'>Θείας</span> <span class='ocrx_word' id='word_1_284' title='bbox 2661 4748 2756 4800; x_wconf 74' lang='grc' dir='ltr'>καὶ</span> <span class='ocrx_word' id='word_1_285' title='bbox 2787 4748 3133 4819; x_wconf 78' lang='grc' dir='ltr'>ἀνθρωπείας</span> <span class='ocrx_word' id='word_1_286' title='bbox 3162 4751 3378 4819; x_wconf 80' lang='grc' dir='ltr'><strong>φύσεως</strong></span> <span class='ocrx_word' id='word_1_287' title='bbox 3406 4752 3727 4823; x_wconf 78' lang='grc' dir='ltr'>δοξάζομεν.</span> 
     </span>
    </p>
   </div>
   <div class='ocr_carea' id='block_1_53' title="bbox 2149 4839 3727 4917">
    <p class='ocr_par' dir='ltr' id='par_1_53' title="bbox 2149 4839 3727 4917">
     <span class='ocr_line' id='line_1_53' title="bbox 2149 4839 3727 4917; baseline 0.005 -25"><span class='ocrx_word' id='word_1_288' title='bbox 2149 4839 2417 4909; x_wconf 87' lang='grc' dir='ltr'>Δεύτερον</span> <span class='ocrx_word' id='word_1_289' title='bbox 2436 4881 2451 4905; x_wconf 91' lang='grc'><em>,</em></span> <span class='ocrx_word' id='word_1_290' title='bbox 2480 4839 2564 4891; x_wconf 80' lang='grc' dir='ltr'>ὅτι</span> <span class='ocrx_word' id='word_1_291' title='bbox 2590 4839 2684 4892; x_wconf 84' lang='grc' dir='ltr'><strong>δύο</strong></span> <span class='ocrx_word' id='word_1_292' title='bbox 2727 4839 2903 4894; x_wconf 83' lang='grc' dir='ltr'>οὐσῶν</span> <span class='ocrx_word' id='word_1_293' title='bbox 2932 4840 3040 4895; x_wconf 86' lang='grc' dir='ltr'>τῶν</span> <span class='ocrx_word' id='word_1_294' title='bbox 3069 4843 3423 4899; x_wconf 81' lang='grc' dir='ltr'>ὑποστάσεων</span> <span class='ocrx_word' id='word_1_295' title='bbox 3447 4846 3687 4917; x_wconf 79' lang='grc' dir='ltr'>Χριστοῦ</span> <span class='ocrx_word' id='word_1_296' title='bbox 3711 4886 3727 4910; x_wconf 88' lang='grc'>,</span> 
     </span>
    </p>
   </div>
   <div class='ocr_carea' id='block_1_54' title="bbox 2150 4930 3727 5010">
    <p class='ocr_par' dir='ltr' id='par_1_54' title="bbox 2150 4930 3727 5010">
     <span class='ocr_line' id='line_1_54' title="bbox 2150 4930 3727 5010; baseline 0.004 -25"><span class='ocrx_word' id='word_1_297' title='bbox 2150 4931 2211 4985; x_wconf 79' lang='grc' dir='ltr'><strong>οὗ</strong></span> <span class='ocrx_word' id='word_1_298' title='bbox 2250 4930 2431 4994; x_wconf 81' lang='grc' dir='ltr'>καλῶς</span> <span class='ocrx_word' id='word_1_299' title='bbox 2460 4930 2580 4984; x_wconf 86' lang='grc' dir='ltr'>καθ’</span> <span class='ocrx_word' id='word_1_300' title='bbox 2618 4930 2917 4987; x_wconf 84' lang='grc' dir='ltr'>ὑπόστασιν</span> <span class='ocrx_word' id='word_1_301' title='bbox 2940 4933 3134 4989; x_wconf 78' lang='grc' dir='ltr'>ἕνωσιν</span> <span class='ocrx_word' id='word_1_302' title='bbox 3181 4937 3436 5005; x_wconf 82' lang='grc' dir='ltr'>γενέσθαι</span> <span class='ocrx_word' id='word_1_303' title='bbox 3470 4938 3727 5010; x_wconf 82' lang='grc' dir='ltr'>λέγομεν,</span> 
     </span>
    </p>
   </div>
   <div class='ocr_carea' id='block_1_55' title="bbox 2150 5023 3729 5103">
    <p class='ocr_par' dir='ltr' id='par_1_55' title="bbox 2150 5023 3729 5103">
     <span class='ocr_line' id='line_1_55' title="bbox 2150 5023 3729 5103; baseline 0.003 -24"><span class='ocrx_word' id='word_1_304' title='bbox 2150 5025 2248 5079; x_wconf 78' lang='grc' dir='ltr'>καὶ</span> <span class='ocrx_word' id='word_1_305' title='bbox 2278 5024 2410 5094; x_wconf 87' lang='grc' dir='ltr'>μίαν</span> <span class='ocrx_word' id='word_1_306' title='bbox 2433 5023 2597 5077; x_wconf 81' lang='grc' dir='ltr'>αὑτοῦ</span> <span class='ocrx_word' id='word_1_307' title='bbox 2625 5025 2723 5096; x_wconf 85' lang='grc' dir='ltr'>τὴν</span> <span class='ocrx_word' id='word_1_308' title='bbox 2751 5026 3050 5081; x_wconf 87' lang='grc' dir='ltr'>ὑπόστασιν</span> <span class='ocrx_word' id='word_1_309' title='bbox 3072 5026 3437 5099; x_wconf 87' lang='grc' dir='ltr'>γινώσκομεν.</span> <span class='ocrx_word' id='word_1_310' title='bbox 3470 5031 3581 5083; x_wconf 76' lang='grc' dir='ltr'>Καὶ</span> <span class='ocrx_word' id='word_1_311' title='bbox 3610 5031 3729 5103; x_wconf 86' lang='grc' dir='ltr'>τρί-</span> 
     </span>
    </p>
   </div>
   <div class='ocr_carea' id='block_1_56' title="bbox 2150 5115 3732 5196">
    <p class='ocr_par' dir='ltr' id='par_1_56' title="bbox 2150 5115 3732 5196">
     <span class='ocr_line' id='line_1_56' title="bbox 2150 5115 3732 5196; baseline 0.006 -26"><span class='ocrx_word' id='word_1_312' title='bbox 2150 5133 2242 5170; x_wconf 86' lang='grc' dir='ltr'><strong>τον</strong></span> <span class='ocrx_word' id='word_1_313' title='bbox 2280 5115 2465 5181; x_wconf 83' lang='grc' dir='ltr'>πάλιν,</span> <span class='ocrx_word' id='word_1_314' title='bbox 2487 5118 2568 5171; x_wconf 86' lang='grc' dir='ltr'>ὃτι</span> <span class='ocrx_word' id='word_1_315' title='bbox 2596 5118 2689 5173; x_wconf 81' lang='grc' dir='ltr'>δύο</span> <span class='ocrx_word' id='word_1_316' title='bbox 2717 5120 2887 5174; x_wconf 81' lang='grc' dir='ltr'>όντων</span> <span class='ocrx_word' id='word_1_317' title='bbox 2915 5121 3065 5184; x_wconf 82' lang='grc' dir='ltr'>υίῶν.</span> <span class='ocrx_word' id='word_1_318' title='bbox 3097 5124 3283 5188; x_wconf 86' lang='grc' dir='ltr'>κακῶς</span> <span class='ocrx_word' id='word_1_319' title='bbox 3310 5125 3409 5179; x_wconf 72' lang='grc' dir='ltr'><strong>ἕνα</strong></span> <span class='ocrx_word' id='word_1_320' title='bbox 3431 5125 3732 5196; x_wconf 78' lang='grc' dir='ltr'>όμολογοῦ·</span> 
     </span>
    </p>
   </div>
   <div class='ocr_carea' id='block_1_57' title="bbox 2155 5204 3733 5287">
    <p class='ocr_par' dir='ltr' id='par_1_57' title="bbox 2155 5204 3733 5287">
     <span class='ocr_line' id='line_1_57' title="bbox 2155 5204 3733 5287; baseline 0.007 -26"><span class='ocrx_word' id='word_1_321' title='bbox 2155 5226 2255 5280; x_wconf 90' lang='grc' dir='ltr'><strong>μεν</strong></span> <span class='ocrx_word' id='word_1_322' title='bbox 2284 5204 2427 5262; x_wconf 74' lang='grc' dir='ltr'>εἶναι</span> <span class='ocrx_word' id='word_1_323' title='bbox 2470 5209 2598 5263; x_wconf 80' lang='grc' dir='ltr'>Υἱὺν</span> <span class='ocrx_word' id='word_1_324' title='bbox 2637 5211 2728 5264; x_wconf 81' lang='grc' dir='ltr'><strong>τὸν</strong></span> <span class='ocrx_word' id='word_1_325' title='bbox 2756 5213 3012 5283; x_wconf 85' lang='grc' dir='ltr'>Χριστόν.</span> <span class='ocrx_word' id='word_1_326' title='bbox 3055 5215 3331 5287; x_wconf 79' lang='grc' dir='ltr'>Τέταρτον</span> <span class='ocrx_word' id='word_1_327' title='bbox 3351 5256 3367 5281; x_wconf 85' lang='grc'><strong><em>,</em></strong></span> <span class='ocrx_word' id='word_1_328' title='bbox 3392 5218 3474 5271; x_wconf 85' lang='grc' dir='ltr'>ὅτι</span> <span class='ocrx_word' id='word_1_329' title='bbox 3519 5217 3733 5287; x_wconf 74' lang='grc' dir='ltr'>ψευδῶς</span> 
     </span>
    </p>
   </div>
   <div class='ocr_carea' id='block_1_58' title="bbox 2150 5302 3731 5380">
    <p class='ocr_par' dir='ltr' id='par_1_58' title="bbox 2150 5302 3731 5380">
     <span class='ocr_line' id='line_1_58' title="bbox 2150 5302 3731 5380; baseline 0.006 -25"><span class='ocrx_word' id='word_1_330' title='bbox 2150 5302 2412 5356; x_wconf 86' lang='grc' dir='ltr'>Θεοτόκον</span> <span class='ocrx_word' id='word_1_331' title='bbox 2443 5303 2541 5374; x_wconf 79' lang='grc' dir='ltr'>τὴν</span> <span class='ocrx_word' id='word_1_332' title='bbox 2572 5304 2735 5371; x_wconf 81' lang='grc' dir='ltr'>ἁγίαν</span> <span class='ocrx_word' id='word_1_333' title='bbox 2762 5304 3039 5377; x_wconf 83' lang='grc' dir='ltr'>Παρθένον</span> <span class='ocrx_word' id='word_1_334' title='bbox 3073 5307 3731 5380; x_wconf 76' lang='grc' dir='ltr'>ὀνομάζομεν.Πέμπτον,</span> 
     </span>
    </p>
   </div>
   <div class='ocr_carea' id='block_1_59' title="bbox 473 5395 2126 5472">
    <p class='ocr_par' dir='ltr' id='par_1_59' title="bbox 473 5396 2044 5468">
     <span class='ocr_line' id='line_1_59' title="bbox 473 5396 2044 5468; baseline -0.003 -16"><span class='ocrx_word' id='word_1_335' title='bbox 473 5397 779 5468; x_wconf 89' lang='lat' dir='ltr'><strong>Christum,</strong></span> <span class='ocrx_word' id='word_1_336' title='bbox 833 5400 930 5455; x_wconf 86' lang='lat' dir='ltr'><strong>sed</strong></span> <span class='ocrx_word' id='word_1_337' title='bbox 956 5401 1123 5456; x_wconf 90' lang='lat' dir='ltr'><strong>etiam</strong></span> <span class='ocrx_word' id='word_1_338' title='bbox 1155 5402 1369 5466; x_wconf 92' lang='lat' dir='ltr'><strong>Deum;</strong></span> <span class='ocrx_word' id='word_1_339' title='bbox 1409 5411 1588 5465; x_wconf 81' lang='lat' dir='ltr'><strong>sexto,</strong></span> <span class='ocrx_word' id='word_1_340' title='bbox 1631 5414 1742 5453; x_wconf 91' lang='lat' dir='ltr'><strong>non</strong></span> <span class='ocrx_word' id='word_1_341' title='bbox 1772 5396 2044 5451; x_wconf 81' lang='lat' dir='ltr'><strong>deiferum</strong></span> 
     </span>
    </p>
   </div>
   <div class='ocr_carea' id='block_1_60' title="bbox 2149 5395 3733 5472">
    <p class='ocr_par' dir='ltr' id='par_1_60' title="bbox 2153 5395 3733 5472">
     <span class='ocr_line' id='line_1_60' title="bbox 2153 5395 3733 5472; baseline 0.004 -22"><span class='ocrx_word' id='word_1_342' title='bbox 2153 5396 2236 5450; x_wconf 80' lang='grc' dir='ltr'><strong>ὅτι</strong></span> <span class='ocrx_word' id='word_1_343' title='bbox 2275 5396 2349 5466; x_wconf 83' lang='grc' dir='ltr'>μὴ</span> <span class='ocrx_word' id='word_1_344' title='bbox 2391 5395 2544 5465; x_wconf 80' lang='grc' dir='ltr'>ψιλὸν</span> <span class='ocrx_word' id='word_1_345' title='bbox 2582 5395 2869 5469; x_wconf 81' lang='grc' dir='ltr'>ἄνθρωπον</span> <span class='ocrx_word' id='word_1_346' title='bbox 2902 5397 3063 5468; x_wconf 88' lang='grc' dir='ltr'>μόνον</span> <span class='ocrx_word' id='word_1_347' title='bbox 3086 5401 3152 5470; x_wconf 85' lang='grc' dir='ltr'>τῇ</span> <span class='ocrx_word' id='word_1_348' title='bbox 3185 5399 3346 5468; x_wconf 83' lang='grc' dir='ltr'>φύσει</span> <span class='ocrx_word' id='word_1_349' title='bbox 3396 5402 3556 5472; x_wconf 77' lang='grc' dir='ltr'>ἴσμεν</span> <span class='ocrx_word' id='word_1_350' title='bbox 3594 5402 3733 5472; x_wconf 83' lang='grc' dir='ltr'>Χρι-</span> 
     </span>
    </p>
   </div>
   <div class='ocr_carea' id='block_1_61' title="bbox 476 5488 2042 5557">
    <p class='ocr_par' dir='ltr' id='par_1_61' title="bbox 476 5488 2042 5557">
     <span class='ocr_line' id='line_1_61' title="bbox 476 5488 2042 5557; baseline -0.001 -14"><span class='ocrx_word' id='word_1_351' title='bbox 476 5489 783 5557; x_wconf 88' lang='lat' dir='ltr'><strong>hominem,</strong></span> <span class='ocrx_word' id='word_1_352' title='bbox 818 5491 915 5546; x_wconf 85' lang='lat' dir='ltr'><strong>sed</strong></span> <span class='ocrx_word' id='word_1_353' title='bbox 969 5492 1142 5548; x_wconf 90' lang='lat' dir='ltr'><strong>Deum</strong></span> <span class='ocrx_word' id='word_1_354' title='bbox 1184 5493 1534 5547; x_wconf 82' lang='lat' dir='ltr'><strong>incarnatum</strong></span> <span class='ocrx_word' id='word_1_355' title='bbox 1575 5491 1719 5546; x_wconf 91' lang='lat' dir='ltr'><strong>scire</strong></span> <span class='ocrx_word' id='word_1_356' title='bbox 1757 5488 2042 5554; x_wconf 80' lang='lat' dir='ltr'><strong>Verbum;</strong></span> 
     </span>
    </p>
   </div>
   <div class='ocr_carea' id='block_1_62' title="bbox 2153 5486 3730 5564">
    <p class='ocr_par' dir='ltr' id='par_1_62' title="bbox 2153 5486 3730 5564">
     <span class='ocr_line' id='line_1_62' title="bbox 2153 5486 3730 5564; baseline 0.004 -24"><span class='ocrx_word' id='word_1_357' title='bbox 2153 5487 2266 5550; x_wconf 86' lang='grc' dir='ltr'>τὸν,</span> <span class='ocrx_word' id='word_1_358' title='bbox 2291 5486 2427 5541; x_wconf 78' lang='grc' dir='ltr'><strong>ἀλλὰ</strong></span> <span class='ocrx_word' id='word_1_359' title='bbox 2458 5488 2549 5541; x_wconf 72' lang='grc' dir='ltr'>καὶ</span> <span class='ocrx_word' id='word_1_360' title='bbox 2569 5487 2721 5542; x_wconf 88' lang='grc' dir='ltr'>Θεόν.</span> <span class='ocrx_word' id='word_1_361' title='bbox 2756 5488 2975 5553; x_wconf 83' lang='grc' dir='ltr'>Ἕκτον,</span> <span class='ocrx_word' id='word_1_362' title='bbox 3007 5489 3089 5543; x_wconf 81' lang='grc' dir='ltr'>ὅτι</span> <span class='ocrx_word' id='word_1_363' title='bbox 3122 5489 3197 5562; x_wconf 86' lang='grc' dir='ltr'><strong>μὴ</strong></span> <span class='ocrx_word' id='word_1_364' title='bbox 3230 5490 3490 5564; x_wconf 79' lang='grc' dir='ltr'>θεοφόρον</span> <span class='ocrx_word' id='word_1_365' title='bbox 3516 5492 3730 5564; x_wconf 72' lang='grc' dir='ltr'>ἄνθρωο</span> 
     </span>
    </p>
   </div>
   <div class='ocr_carea' id='block_1_63' title="bbox 477 5579 2126 5656">
    <p class='ocr_par' dir='ltr' id='par_1_63' title="bbox 477 5582 2043 5655">
     <span class='ocr_line' id='line_1_63' title="bbox 477 5582 2043 5655; baseline 0.001 -20"><span class='ocrx_word' id='word_1_366' title='bbox 477 5582 731 5651; x_wconf 84' lang='lat' dir='ltr'><strong>septimo,</strong></span> <span class='ocrx_word' id='word_1_367' title='bbox 767 5601 939 5640; x_wconf 88' lang='lat' dir='ltr'><strong>unum</strong></span> <span class='ocrx_word' id='word_1_368' title='bbox 963 5601 1030 5641; x_wconf 79' lang='lat' dir='ltr'><strong>ex</strong></span> <span class='ocrx_word' id='word_1_369' title='bbox 1055 5595 1241 5641; x_wconf 87' lang='lat' dir='ltr'><strong>sancta</strong></span> <span class='ocrx_word' id='word_1_370' title='bbox 1275 5587 1549 5642; x_wconf 86' lang='lat' dir='ltr'><strong>Trinitate</strong></span> <span class='ocrx_word' id='word_1_371' title='bbox 1590 5585 1794 5655; x_wconf 86' lang='lat' dir='ltr'><strong>injuste</strong></span> <span class='ocrx_word' id='word_1_372' title='bbox 1822 5599 2043 5655; x_wconf 87' lang='lat' dir='ltr'><strong>passum</strong></span> 
     </span>
    </p>
   </div>
   <div class='ocr_carea' id='block_1_64' title="bbox 2149 5579 3728 5656">
    <p class='ocr_par' dir='ltr' id='par_1_64' title="bbox 2149 5579 3728 5656">
     <span class='ocr_line' id='line_1_64' title="bbox 2149 5579 3728 5656; baseline 0.006 -24"><span class='ocrx_word' id='word_1_373' title='bbox 2149 5597 2274 5654; x_wconf 56' lang='lat' dir='ltr'><strong>nov,</strong></span> <span class='ocrx_word' id='word_1_374' title='bbox 2323 5580 2458 5636; x_wconf 82' lang='grc' dir='ltr'><strong>ἀλλὰ</strong></span> <span class='ocrx_word' id='word_1_375' title='bbox 2489 5579 2620 5634; x_wconf 82' lang='grc' dir='ltr'>Θεὸν</span> <span class='ocrx_word' id='word_1_376' title='bbox 2662 5581 3161 5654; x_wconf 81' lang='grc' dir='ltr'>ὲνανϐρωπήσαντα</span> <span class='ocrx_word' id='word_1_377' title='bbox 3200 5582 3357 5655; x_wconf 73' lang='grc' dir='ltr'>ἴσμεν</span> <span class='ocrx_word' id='word_1_378' title='bbox 3413 5584 3506 5639; x_wconf 79' lang='grc' dir='ltr'><strong>τὸν</strong></span> <span class='ocrx_word' id='word_1_379' title='bbox 3530 5586 3728 5656; x_wconf 85' lang='grc' dir='ltr'>Λόγον.</span> 
     </span>
    </p>
   </div>
   <div class='ocr_carea' id='block_1_65' title="bbox 554 5739 1033 5805">
    <p class='ocr_par' dir='ltr' id='par_1_65' title="bbox 554 5739 1033 5805">
     <span class='ocr_line' id='line_1_65' title="bbox 554 5739 1033 5805; baseline -0.002 -11"><span class='ocrx_word' id='word_1_380' title='bbox 554 5741 570 5770; x_wconf 82' lang='grc'>¹</span> <span class='ocrx_word' id='word_1_381' title='bbox 602 5739 793 5794; x_wconf 81' lang='lat' dir='ltr'><strong>Matth.</strong></span> <span class='ocrx_word' id='word_1_382' title='bbox 816 5756 911 5805; x_wconf 81' lang='lat' dir='ltr'><strong>xu,</strong></span> <span class='ocrx_word' id='word_1_383' title='bbox 944 5741 1033 5795; x_wconf 79' lang='lat'><strong>56.</strong></span> 
     </span>
    </p>
   </div>
  </div>
