  <div class='ocr_page' id='page_1' title='image "/cluster/home/n/w/nwhite01/storage/ocr_20150623/86:pt.1/coo.31924054869874/708.png"; bbox 0 0 4120 6454; ppageno 0'>
   <div class='ocr_carea' id='block_1_1' title="bbox 390 376 518 446">
    <p class='ocr_par' dir='ltr' id='par_1_1' title="bbox 390 376 518 446">
     <span class='ocr_line' id='line_1_1' title="bbox 390 376 518 446; baseline -0.016 0"><span class='ocrx_word' id='word_1_1' title='bbox 390 376 518 446; x_wconf 78' lang='grc'><strong>1401</strong></span> 
     </span>
    </p>
   </div>
   <div class='ocr_carea' id='block_1_2' title="bbox 1308 384 2676 450">
    <p class='ocr_par' dir='ltr' id='par_1_2' title="bbox 1308 384 2676 450">
     <span class='ocr_line' id='line_1_2' title="bbox 1308 384 2676 450; baseline 0.004 -6"><span class='ocrx_word' id='word_1_2' title='bbox 1308 384 1708 449; x_wconf 83' lang='lat' dir='ltr'><strong>ADVERSUS</strong></span> <span class='ocrx_word' id='word_1_3' title='bbox 1749 387 2299 450; x_wconf 81' lang='lat' dir='ltr'><strong>NESTORIANOS.</strong></span> <span class='ocrx_word' id='word_1_4' title='bbox 2336 416 2403 424; x_wconf 90' lang='grc'><strong>-</strong></span> <span class='ocrx_word' id='word_1_5' title='bbox 2436 388 2583 450; x_wconf 86' lang='lat' dir='ltr'><strong>LIB.</strong></span> <span class='ocrx_word' id='word_1_6' title='bbox 2626 389 2676 449; x_wconf 94' lang='grc' dir='ltr'><strong>Ι.</strong></span> 
     </span>
    </p>
   </div>
   <div class='ocr_carea' id='block_1_3' title="bbox 3521 384 3664 454">
    <p class='ocr_par' dir='ltr' id='par_1_3' title="bbox 3521 384 3664 454">
     <span class='ocr_line' id='line_1_3' title="bbox 3521 384 3664 454; baseline 0.042 -6"><span class='ocrx_word' id='word_1_7' title='bbox 3521 384 3664 454; x_wconf 64' lang='grc'>1402</span> 
     </span>
    </p>
   </div>
   <div class='ocr_carea' id='block_1_4' title="bbox 383 492 1987 571">
    <p class='ocr_par' dir='ltr' id='par_1_4' title="bbox 383 492 1973 570">
     <span class='ocr_line' id='line_1_4' title="bbox 383 492 1973 570; baseline 0.004 -24"><span class='ocrx_word' id='word_1_8' title='bbox 383 492 655 563; x_wconf 71' lang='grc' dir='ltr'>Ἐὅδομον</span> <span class='ocrx_word' id='word_1_9' title='bbox 680 535 694 558; x_wconf 91' lang='grc'><strong>,</strong></span> <span class='ocrx_word' id='word_1_10' title='bbox 720 493 804 547; x_wconf 86' lang='grc' dir='ltr'>δτι</span> <span class='ocrx_word' id='word_1_11' title='bbox 833 492 1091 565; x_wconf 85' lang='grc' dir='ltr'>ἀθέσμως</span> <span class='ocrx_word' id='word_1_12' title='bbox 1119 493 1210 549; x_wconf 81' lang='grc' dir='ltr'><strong>τὸν</strong></span> <span class='ocrx_word' id='word_1_13' title='bbox 1254 493 1352 549; x_wconf 75' lang='grc' dir='ltr'><strong>ἕνα</strong></span> <span class='ocrx_word' id='word_1_14' title='bbox 1382 498 1484 567; x_wconf 80' lang='grc' dir='ltr'>τῆς</span> <span class='ocrx_word' id='word_1_15' title='bbox 1526 498 1693 566; x_wconf 78' lang='grc' dir='ltr'>ἁγίας</span> <span class='ocrx_word' id='word_1_16' title='bbox 1741 500 1973 570; x_wconf 82' lang='grc' dir='ltr'>Τριάδος</span> 
     </span>
    </p>
   </div>
   <div class='ocr_carea' id='block_1_5' title="bbox 2089 492 3653 571">
    <p class='ocr_par' dir='ltr' id='par_1_5' title="bbox 2089 494 3653 571">
     <span class='ocr_line' id='line_1_5' title="bbox 2089 494 3653 571; baseline -0.003 -15"><span class='ocrx_word' id='word_1_17' title='bbox 2089 501 2248 557; x_wconf 62' lang='grc' dir='ltr'>έυὶεεο</span> <span class='ocrx_word' id='word_1_18' title='bbox 2277 516 2444 557; x_wconf 87' lang='lat' dir='ltr'><strong>carne</strong></span> <span class='ocrx_word' id='word_1_19' title='bbox 2480 498 2814 571; x_wconf 65' lang='lat' dir='ltr'><strong>praedicare;</strong></span> <span class='ocrx_word' id='word_1_20' title='bbox 2863 506 3059 553; x_wconf 90' lang='lat' dir='ltr'><strong>octavo</strong></span> <span class='ocrx_word' id='word_1_21' title='bbox 3093 495 3317 552; x_wconf 88' lang='lat' dir='ltr'><strong>tandem</strong></span> <span class='ocrx_word' id='word_1_22' title='bbox 3350 494 3440 551; x_wconf 91' lang='lat' dir='ltr'><strong>isti</strong></span> <span class='ocrx_word' id='word_1_23' title='bbox 3476 496 3653 567; x_wconf 82' lang='lat' dir='ltr'><strong>impii.</strong></span> 
     </span>
    </p>
   </div>
   <div class='ocr_carea' id='block_1_6' title="bbox 381 583 1967 659">
    <p class='ocr_par' dir='ltr' id='par_1_6' title="bbox 381 583 1967 659">
     <span class='ocr_line' id='line_1_6' title="bbox 381 583 1967 659; baseline 0.003 -22"><span class='ocrx_word' id='word_1_24' title='bbox 381 583 712 637; x_wconf 82' lang='grc' dir='ltr'>πεπονθέναι</span> <span class='ocrx_word' id='word_1_25' title='bbox 744 586 911 655; x_wconf 71' lang='grc' dir='ltr'>σαρκὶ</span> <span class='ocrx_word' id='word_1_26' title='bbox 936 603 1006 656; x_wconf 89' lang='grc' dir='ltr'><strong>κη</strong></span> <span class='ocrx_word' id='word_1_27' title='bbox 1017 586 1303 658; x_wconf 82' lang='grc' dir='ltr'>ρύττομεν.</span> <span class='ocrx_word' id='word_1_28' title='bbox 1324 587 1411 641; x_wconf 85' lang='grc' dir='ltr'>Ἐν</span> <span class='ocrx_word' id='word_1_29' title='bbox 1432 587 1604 659; x_wconf 83' lang='grc' dir='ltr'>ὀγδόῳ</span> <span class='ocrx_word' id='word_1_30' title='bbox 1632 588 1687 642; x_wconf 81' lang='grc' dir='ltr'>δὲ</span> <span class='ocrx_word' id='word_1_31' title='bbox 1714 588 1813 659; x_wconf 84' lang='grc' dir='ltr'>τῆς</span> <span class='ocrx_word' id='word_1_32' title='bbox 1836 588 1967 641; x_wconf 75' lang='grc' dir='ltr'>δυσ-ο</span> 
     </span>
    </p>
   </div>
   <div class='ocr_carea' id='block_1_7' title="bbox 384 676 1966 751">
    <p class='ocr_par' dir='ltr' id='par_1_7' title="bbox 384 676 1966 751">
     <span class='ocr_line' id='line_1_7' title="bbox 384 676 1966 751; baseline 0.004 -23"><span class='ocrx_word' id='word_1_33' title='bbox 384 676 623 741; x_wconf 80' lang='grc' dir='ltr'>σεϐείας,</span> <span class='ocrx_word' id='word_1_34' title='bbox 673 677 773 749; x_wconf 81' lang='grc' dir='ltr'>τὴν</span> <span class='ocrx_word' id='word_1_35' title='bbox 833 678 957 733; x_wconf 87' lang='grc' dir='ltr'>καθ’</span> <span class='ocrx_word' id='word_1_36' title='bbox 1000 680 1300 735; x_wconf 78' lang='grc' dir='ltr'><strong>ὑπόστασιν</strong></span> <span class='ocrx_word' id='word_1_37' title='bbox 1349 681 1546 735; x_wconf 71' lang='grc' dir='ltr'>ἕνωσιν</span> <span class='ocrx_word' id='word_1_38' title='bbox 1594 681 1966 751; x_wconf 77' lang='grc' dir='ltr'>ἀρνούμενοι,</span> 
     </span>
    </p>
   </div>
   <div class='ocr_carea' id='block_1_8' title="bbox 381 768 1970 843">
    <p class='ocr_par' dir='ltr' id='par_1_8' title="bbox 381 768 1970 843">
     <span class='ocr_line' id='line_1_8' title="bbox 381 768 1970 843; baseline 0.004 -24"><span class='ocrx_word' id='word_1_39' title='bbox 381 768 725 833; x_wconf 86' lang='grc' dir='ltr'>ἁσυστάτους</span> <span class='ocrx_word' id='word_1_40' title='bbox 771 771 928 835; x_wconf 80' lang='grc' dir='ltr'>τινὰς</span> <span class='ocrx_word' id='word_1_41' title='bbox 970 772 1167 842; x_wconf 80' lang='grc' dir='ltr'>ἐτέρας</span> <span class='ocrx_word' id='word_1_42' title='bbox 1213 771 1621 843; x_wconf 82' lang='grc' dir='ltr'>τερατεύονται.</span> <span class='ocrx_word' id='word_1_43' title='bbox 1669 774 1813 826; x_wconf 85' lang='grc' dir='ltr'>Ὅσα</span> <span class='ocrx_word' id='word_1_44' title='bbox 1869 772 1970 841; x_wconf 85' lang='grc' dir='ltr'><strong>μὲν</strong></span> 
     </span>
    </p>
   </div>
   <div class='ocr_carea' id='block_1_9' title="bbox 380 856 1971 937">
    <p class='ocr_par' dir='ltr' id='par_1_9' title="bbox 380 856 1971 937">
     <span class='ocr_line' id='line_1_9' title="bbox 380 856 1971 937; baseline 0.004 -26"><span class='ocrx_word' id='word_1_45' title='bbox 380 856 476 912; x_wconf 82' lang='grc' dir='ltr'><strong>οὖν</strong></span> <span class='ocrx_word' id='word_1_46' title='bbox 518 860 618 914; x_wconf 80' lang='grc' dir='ltr'>οὐκ</span> <span class='ocrx_word' id='word_1_47' title='bbox 652 861 865 930; x_wconf 84' lang='grc' dir='ltr'><strong>ἀλόγως</strong></span> <span class='ocrx_word' id='word_1_48' title='bbox 911 865 1025 928; x_wconf 87' lang='grc' dir='ltr'>τοῖς</span> <span class='ocrx_word' id='word_1_49' title='bbox 1059 864 1277 933; x_wconf 87' lang='grc' dir='ltr'>λέγουσι</span> <span class='ocrx_word' id='word_1_50' title='bbox 1304 864 1402 935; x_wconf 83' lang='grc' dir='ltr'>τὴν</span> <span class='ocrx_word' id='word_1_51' title='bbox 1444 864 1574 937; x_wconf 89' lang='grc' dir='ltr'>μίαν</span> <span class='ocrx_word' id='word_1_52' title='bbox 1602 882 1661 918; x_wconf 88' lang='grc' dir='ltr'><strong>τε</strong></span> <span class='ocrx_word' id='word_1_53' title='bbox 1704 865 1866 935; x_wconf 83' lang='grc' dir='ltr'>φύσιν</span> <span class='ocrx_word' id='word_1_54' title='bbox 1895 866 1971 929; x_wconf 91' lang='grc' dir='ltr'><strong>ώς</strong></span> 
     </span>
    </p>
   </div>
   <div class='ocr_carea' id='block_1_10' title="bbox 381 952 1974 1032">
    <p class='ocr_par' dir='ltr' id='par_1_10' title="bbox 381 952 1974 1032">
     <span class='ocr_line' id='line_1_10' title="bbox 381 952 1974 1032; baseline 0.004 -28"><span class='ocrx_word' id='word_1_55' title='bbox 381 952 479 1005; x_wconf 74' lang='grc' dir='ltr'>καὶ</span> <span class='ocrx_word' id='word_1_56' title='bbox 533 954 833 1009; x_wconf 74' lang='grc' dir='ltr'>ὑπόστασιν</span> <span class='ocrx_word' id='word_1_57' title='bbox 888 957 981 1010; x_wconf 76' lang='grc' dir='ltr'>ἐπὶ</span> <span class='ocrx_word' id='word_1_58' title='bbox 1042 958 1282 1029; x_wconf 81' lang='grc' dir='ltr'>Χριστοῦ</span> <span class='ocrx_word' id='word_1_59' title='bbox 1342 960 1715 1032; x_wconf 86' lang='grc' dir='ltr'>ἅπορήσοιεν,</span> <span class='ocrx_word' id='word_1_60' title='bbox 1765 957 1974 1012; x_wconf 81' lang='grc' dir='ltr'>τούτων</span> 
     </span>
    </p>
   </div>
   <div class='ocr_carea' id='block_1_11' title="bbox 381 1046 1975 1122">
    <p class='ocr_par' dir='ltr' id='par_1_11' title="bbox 381 1046 1975 1122">
     <span class='ocr_line' id='line_1_11' title="bbox 381 1046 1975 1122; baseline 0.004 -25"><span class='ocrx_word' id='word_1_61' title='bbox 381 1047 547 1114; x_wconf 80' lang='grc' dir='ltr'>ἡμεῖς</span> <span class='ocrx_word' id='word_1_62' title='bbox 585 1046 685 1118; x_wconf 83' lang='grc' dir='ltr'>οὐχ</span> <span class='ocrx_word' id='word_1_63' title='bbox 727 1047 1336 1122; x_wconf 82' lang='grc' dir='ltr'>ὑπεραπολογησόμεθα</span> <span class='ocrx_word' id='word_1_64' title='bbox 1365 1068 1380 1084; x_wconf 89' lang='grc'><strong>·</strong></span> <span class='ocrx_word' id='word_1_65' title='bbox 1429 1053 1544 1115; x_wconf 82' lang='grc' dir='ltr'>τοῖς</span> <span class='ocrx_word' id='word_1_66' title='bbox 1579 1052 1638 1106; x_wconf 79' lang='grc' dir='ltr'><strong>δὲ</strong></span> <span class='ocrx_word' id='word_1_67' title='bbox 1667 1052 1727 1105; x_wconf 80' lang='grc' dir='ltr'>ὲν</span> <span class='ocrx_word' id='word_1_68' title='bbox 1758 1052 1975 1121; x_wconf 77' lang='grc' dir='ltr'>ἑκάστῳ</span> 
     </span>
    </p>
   </div>
   <div class='ocr_carea' id='block_1_12' title="bbox 382 1139 1976 1216">
    <p class='ocr_par' dir='ltr' id='par_1_12' title="bbox 382 1139 1976 1216">
     <span class='ocr_line' id='line_1_12' title="bbox 382 1139 1976 1216; baseline 0.005 -25"><span class='ocrx_word' id='word_1_69' title='bbox 382 1139 493 1193; x_wconf 87' lang='grc' dir='ltr'><strong>τῶν</strong></span> <span class='ocrx_word' id='word_1_70' title='bbox 518 1142 936 1212; x_wconf 75' lang='grc' dir='ltr'><strong>προειρημένων</strong></span> <span class='ocrx_word' id='word_1_71' title='bbox 967 1144 1281 1212; x_wconf 79' lang='grc' dir='ltr'>κεφαλαίων</span> <span class='ocrx_word' id='word_1_72' title='bbox 1329 1145 1421 1199; x_wconf 80' lang='grc' dir='ltr'><strong>ὑπ’</strong></span> <span class='ocrx_word' id='word_1_73' title='bbox 1453 1146 1631 1200; x_wconf 86' lang='grc' dir='ltr'>αὐτῶν</span> <span class='ocrx_word' id='word_1_74' title='bbox 1658 1145 1976 1216; x_wconf 82' lang='grc' dir='ltr'><strong>λεγομένοις</strong></span> 
     </span>
    </p>
   </div>
   <div class='ocr_carea' id='block_1_13' title="bbox 389 1231 1975 1309">
    <p class='ocr_par' dir='ltr' id='par_1_13' title="bbox 389 1231 1975 1309">
     <span class='ocr_line' id='line_1_13' title="bbox 389 1231 1975 1309; baseline 0.005 -27"><span class='ocrx_word' id='word_1_75' title='bbox 389 1231 513 1285; x_wconf 85' lang='grc' dir='ltr'>καθ’</span> <span class='ocrx_word' id='word_1_76' title='bbox 560 1232 719 1301; x_wconf 85' lang='grc' dir='ltr'>ἡμῶν</span> <span class='ocrx_word' id='word_1_77' title='bbox 754 1232 921 1300; x_wconf 78' lang='grc' dir='ltr'>ἰδίως,</span> <span class='ocrx_word' id='word_1_78' title='bbox 951 1234 1061 1288; x_wconf 86' lang='grc' dir='ltr'><strong>τῶν</strong></span> <span class='ocrx_word' id='word_1_79' title='bbox 1112 1237 1243 1307; x_wconf 91' lang='grc' dir='ltr'>μίαν</span> <span class='ocrx_word' id='word_1_80' title='bbox 1279 1237 1377 1308; x_wconf 82' lang='grc' dir='ltr'>μὲν</span> <span class='ocrx_word' id='word_1_81' title='bbox 1407 1238 1507 1309; x_wconf 82' lang='grc' dir='ltr'>τὴν</span> <span class='ocrx_word' id='word_1_82' title='bbox 1538 1237 1857 1302; x_wconf 85' lang='grc' dir='ltr'>ὑπόστασιν,</span> <span class='ocrx_word' id='word_1_83' title='bbox 1880 1236 1975 1290; x_wconf 82' lang='grc' dir='ltr'><strong>δύο</strong></span> 
     </span>
    </p>
   </div>
   <div class='ocr_carea' id='block_1_14' title="bbox 384 1321 1974 1397">
    <p class='ocr_par' dir='ltr' id='par_1_14' title="bbox 384 1321 1974 1397">
     <span class='ocr_line' id='line_1_14' title="bbox 384 1321 1974 1397; baseline 0.004 -25"><span class='ocrx_word' id='word_1_84' title='bbox 384 1321 443 1373; x_wconf 79' lang='grc' dir='ltr'><strong>δὲ</strong></span> <span class='ocrx_word' id='word_1_85' title='bbox 468 1321 568 1385; x_wconf 83' lang='grc' dir='ltr'>τὰς</span> <span class='ocrx_word' id='word_1_86' title='bbox 593 1321 788 1390; x_wconf 81' lang='grc' dir='ltr'>φύσεις</span> <span class='ocrx_word' id='word_1_87' title='bbox 827 1321 1069 1395; x_wconf 79' lang='grc' dir='ltr'>Χριστοῦ</span> <span class='ocrx_word' id='word_1_88' title='bbox 1104 1325 1197 1379; x_wconf 87' lang='grc' dir='ltr'><strong>τοῦ</strong></span> <span class='ocrx_word' id='word_1_89' title='bbox 1226 1327 1433 1397; x_wconf 86' lang='grc' dir='ltr'>Κυρίου</span> <span class='ocrx_word' id='word_1_90' title='bbox 1460 1327 1619 1397; x_wconf 80' lang='grc' dir='ltr'>ἡμῶν</span> <span class='ocrx_word' id='word_1_91' title='bbox 1643 1325 1974 1396; x_wconf 83' lang='grc' dir='ltr'>ὁμολογούν-</span> 
     </span>
    </p>
   </div>
   <div class='ocr_carea' id='block_1_15' title="bbox 384 1413 1971 1489">
    <p class='ocr_par' dir='ltr' id='par_1_15' title="bbox 384 1413 1971 1489">
     <span class='ocr_line' id='line_1_15' title="bbox 384 1413 1971 1489; baseline 0.003 -23"><span class='ocrx_word' id='word_1_92' title='bbox 384 1429 517 1480; x_wconf 87' lang='grc' dir='ltr'>των,</span> <span class='ocrx_word' id='word_1_93' title='bbox 542 1413 849 1484; x_wconf 40' lang='grc' dir='ltr'>ὲνςδυνάμει</span> <span class='ocrx_word' id='word_1_94' title='bbox 880 1416 1048 1469; x_wconf 82' lang='grc' dir='ltr'>αὑτοῦ</span> <span class='ocrx_word' id='word_1_95' title='bbox 1074 1417 1169 1470; x_wconf 83' lang='grc' dir='ltr'><strong>τοῦ</strong></span> <span class='ocrx_word' id='word_1_96' title='bbox 1186 1418 1323 1471; x_wconf 83' lang='grc' dir='ltr'>Θεοῦ</span> <span class='ocrx_word' id='word_1_97' title='bbox 1350 1420 1382 1489; x_wconf 84' lang='grc' dir='ltr'>ὴ</span> <span class='ocrx_word' id='word_1_98' title='bbox 1392 1418 1510 1489; x_wconf 91' lang='grc' dir='ltr'><strong>μῶν</strong></span> <span class='ocrx_word' id='word_1_99' title='bbox 1535 1417 1773 1488; x_wconf 82' lang='grc' dir='ltr'>Χριστοῦ</span> <span class='ocrx_word' id='word_1_100' title='bbox 1805 1418 1971 1471; x_wconf 83' lang='grc' dir='ltr'>ὑπαν-</span> 
     </span>
    </p>
   </div>
   <div class='ocr_carea' id='block_1_16' title="bbox 390 1505 1976 1582">
    <p class='ocr_par' dir='ltr' id='par_1_16' title="bbox 390 1505 1976 1582">
     <span class='ocr_line' id='line_1_16' title="bbox 390 1505 1976 1582; baseline 0.004 -26"><span class='ocrx_word' id='word_1_101' title='bbox 390 1505 681 1573; x_wconf 77' lang='grc' dir='ltr'>τήσαντες,</span> <span class='ocrx_word' id='word_1_102' title='bbox 704 1508 799 1560; x_wconf 82' lang='grc' dir='ltr'><strong>καὶ</strong></span> <span class='ocrx_word' id='word_1_103' title='bbox 815 1508 991 1562; x_wconf 89' lang='grc' dir='ltr'>ταῦτα</span> <span class='ocrx_word' id='word_1_104' title='bbox 1014 1510 1443 1582; x_wconf 77' lang='grc' dir='ltr'>ἀνατρέψαντες,</span> <span class='ocrx_word' id='word_1_105' title='bbox 1468 1514 1648 1566; x_wconf 79' lang='grc' dir='ltr'>πᾶσαν</span> <span class='ocrx_word' id='word_1_106' title='bbox 1674 1510 1855 1565; x_wconf 80' lang='grc' dir='ltr'>αὐτῶν</span> <span class='ocrx_word' id='word_1_107' title='bbox 1877 1510 1976 1581; x_wconf 70' lang='grc' dir='ltr'>τὴν</span> 
     </span>
    </p>
   </div>
   <div class='ocr_carea' id='block_1_17' title="bbox 388 1596 1974 1674">
    <p class='ocr_par' dir='ltr' id='par_1_17' title="bbox 388 1596 1974 1674">
     <span class='ocr_line' id='line_1_17' title="bbox 388 1596 1974 1674; baseline 0.005 -24"><span class='ocrx_word' id='word_1_108' title='bbox 388 1596 486 1651; x_wconf 85' lang='grc' dir='ltr'><strong>τοῦ</strong></span> <span class='ocrx_word' id='word_1_109' title='bbox 544 1598 816 1670; x_wconf 87' lang='grc' dir='ltr'>δόγματος</span> <span class='ocrx_word' id='word_1_110' title='bbox 861 1601 1124 1657; x_wconf 83' lang='grc' dir='ltr'>ὑπόθεσιν</span> <span class='ocrx_word' id='word_1_111' title='bbox 1180 1602 1555 1674; x_wconf 78' lang='grc' dir='ltr'>ἀσεϐεστάτην</span> <span class='ocrx_word' id='word_1_112' title='bbox 1601 1602 1974 1673; x_wconf 80' lang='grc' dir='ltr'><strong>διελέγξομεν.</strong></span> 
     </span>
    </p>
   </div>
   <div class='ocr_carea' id='block_1_18' title="bbox 402 1682 1981 1769">
    <p class='ocr_par' dir='ltr' id='par_1_18' title="bbox 402 1682 1981 1769">
     <span class='ocr_line' id='line_1_18' title="bbox 402 1682 1981 1769; baseline 0.003 -26"><span class='ocrx_word' id='word_1_113' title='bbox 402 1682 722 1760; x_wconf 78' lang='grc' dir='ltr'>Ἐγκαλοῦσί</span> <span class='ocrx_word' id='word_1_114' title='bbox 751 1693 795 1746; x_wconf 86' lang='grc' dir='ltr'><strong>δ’</strong></span> <span class='ocrx_word' id='word_1_115' title='bbox 819 1690 913 1749; x_wconf 80' lang='grc' dir='ltr'><strong>οὖν</strong></span> <span class='ocrx_word' id='word_1_116' title='bbox 941 1696 1098 1766; x_wconf 78' lang='grc' dir='ltr'>ἡμῖν,</span> <span class='ocrx_word' id='word_1_117' title='bbox 1117 1695 1193 1759; x_wconf 90' lang='grc' dir='ltr'><strong>ώς</strong></span> <span class='ocrx_word' id='word_1_118' title='bbox 1232 1697 1448 1767; x_wconf 84' lang='grc' dir='ltr'>εἴρηται</span> <span class='ocrx_word' id='word_1_119' title='bbox 1476 1697 1817 1769; x_wconf 87' lang='grc' dir='ltr'>πρωτίστως,</span> <span class='ocrx_word' id='word_1_120' title='bbox 1850 1694 1981 1766; x_wconf 74' lang='grc' dir='ltr'>περὶ</span> 
     </span>
    </p>
   </div>
   <div class='ocr_carea' id='block_1_19' title="bbox 2078 590 3660 663">
    <p class='ocr_par' dir='ltr' id='par_1_19' title="bbox 2078 590 3660 663">
     <span class='ocr_line' id='line_1_19' title="bbox 2078 590 3660 663; baseline -0.004 -14"><span class='ocrx_word' id='word_1_121' title='bbox 2078 595 2343 649; x_wconf 87' lang='lat' dir='ltr'><strong>unionem</strong></span> <span class='ocrx_word' id='word_1_122' title='bbox 2374 593 2681 649; x_wconf 89' lang='lat' dir='ltr'><strong>secundum</strong></span> <span class='ocrx_word' id='word_1_123' title='bbox 2735 591 3073 663; x_wconf 88' lang='lat' dir='ltr'><strong>hypostasim</strong></span> <span class='ocrx_word' id='word_1_124' title='bbox 3123 590 3442 654; x_wconf 86' lang='lat' dir='ltr'><strong>dilIitentes,</strong></span> <span class='ocrx_word' id='word_1_125' title='bbox 3495 605 3660 660; x_wconf 86' lang='lat' dir='ltr'><strong>quas-</strong></span> 
     </span>
    </p>
   </div>
   <div class='ocr_carea' id='block_1_20' title="bbox 2078 682 3662 754">
    <p class='ocr_par' dir='ltr' id='par_1_20' title="bbox 2078 682 3662 754">
     <span class='ocr_line' id='line_1_20' title="bbox 2078 682 3662 754; baseline -0.004 -13"><span class='ocrx_word' id='word_1_126' title='bbox 2078 686 2204 741; x_wconf 87' lang='lat' dir='ltr'><strong>dam</strong></span> <span class='ocrx_word' id='word_1_127' title='bbox 2274 686 2410 741; x_wconf 84' lang='lat' dir='ltr'><strong>alias</strong></span> <span class='ocrx_word' id='word_1_128' title='bbox 2469 701 2581 740; x_wconf 88' lang='lat' dir='ltr'><strong>non</strong></span> <span class='ocrx_word' id='word_1_129' title='bbox 2648 684 3016 739; x_wconf 73' lang='lat' dir='ltr'><strong>subsistentes</strong></span> <span class='ocrx_word' id='word_1_130' title='bbox 3087 682 3375 754; x_wconf 79' lang='lat' dir='ltr'><strong>eﬂingunt.</strong></span> <span class='ocrx_word' id='word_1_131' title='bbox 3449 683 3509 736; x_wconf 90' lang='lat' dir='ltr'><strong>In</strong></span> <span class='ocrx_word' id='word_1_132' title='bbox 3572 682 3662 735; x_wconf 84' lang='lat' dir='ltr'><strong>his</strong></span> 
     </span>
    </p>
   </div>
   <div class='ocr_carea' id='block_1_21' title="bbox 2080 776 3661 848">
    <p class='ocr_par' dir='ltr' id='par_1_21' title="bbox 2080 776 3661 848">
     <span class='ocr_line' id='line_1_21' title="bbox 2080 776 3661 848; baseline -0.004 -15"><span class='ocrx_word' id='word_1_133' title='bbox 2080 790 2266 833; x_wconf 89' lang='lat' dir='ltr'><strong>autem</strong></span> <span class='ocrx_word' id='word_1_134' title='bbox 2300 794 2423 848; x_wconf 64' lang='lat' dir='ltr'><strong>quae</strong></span> <span class='ocrx_word' id='word_1_135' title='bbox 2475 794 2585 831; x_wconf 94' lang='lat' dir='ltr'><strong>non</strong></span> <span class='ocrx_word' id='word_1_136' title='bbox 2612 776 2868 845; x_wconf 88' lang='lat' dir='ltr'><strong>imperite</strong></span> <span class='ocrx_word' id='word_1_137' title='bbox 2915 776 3162 831; x_wconf 77' lang='lat' dir='ltr'><strong>dixerint</strong></span> <span class='ocrx_word' id='word_1_138' title='bbox 3208 790 3486 844; x_wconf 89' lang='lat' dir='ltr'><strong>unamque</strong></span> <span class='ocrx_word' id='word_1_139' title='bbox 3537 788 3661 829; x_wconf 89' lang='lat' dir='ltr'><strong>esse</strong></span> 
     </span>
    </p>
   </div>
   <div class='ocr_carea' id='block_1_22' title="bbox 2081 862 3659 937">
    <p class='ocr_par' dir='ltr' id='par_1_22' title="bbox 2081 862 3659 937">
     <span class='ocr_line' id='line_1_22' title="bbox 2081 862 3659 937; baseline -0.004 -15"><span class='ocrx_word' id='word_1_140' title='bbox 2081 878 2335 922; x_wconf 87' lang='lat' dir='ltr'><strong>naturam</strong></span> <span class='ocrx_word' id='word_1_141' title='bbox 2388 867 2547 937; x_wconf 85' lang='lat' dir='ltr'><strong>quasi</strong></span> <span class='ocrx_word' id='word_1_142' title='bbox 2582 865 2921 937; x_wconf 83' lang='lat' dir='ltr'><strong>hypostasim</strong></span> <span class='ocrx_word' id='word_1_143' title='bbox 2955 866 3010 918; x_wconf 90' lang='lat' dir='ltr'><strong>in</strong></span> <span class='ocrx_word' id='word_1_144' title='bbox 3055 864 3280 919; x_wconf 88' lang='lat' dir='ltr'><strong>Christo</strong></span> <span class='ocrx_word' id='word_1_145' title='bbox 3322 878 3444 919; x_wconf 90' lang='lat' dir='ltr'><strong>esse</strong></span> <span class='ocrx_word' id='word_1_146' title='bbox 3499 862 3659 933; x_wconf 77' lang='lat' dir='ltr'><strong>igno-</strong></span> 
     </span>
    </p>
   </div>
   <div class='ocr_carea' id='block_1_23' title="bbox 2080 952 3661 1028">
    <p class='ocr_par' dir='ltr' id='par_1_23' title="bbox 2080 952 3661 1028">
     <span class='ocr_line' id='line_1_23' title="bbox 2080 952 3661 1028; baseline -0.005 -15"><span class='ocrx_word' id='word_1_147' title='bbox 2080 968 2292 1024; x_wconf 87' lang='lat' dir='ltr'><strong>rarent,</strong></span> <span class='ocrx_word' id='word_1_148' title='bbox 2320 974 2423 1014; x_wconf 92' lang='lat' dir='ltr'><strong>nos</strong></span> <span class='ocrx_word' id='word_1_149' title='bbox 2456 974 2567 1013; x_wconf 90' lang='lat' dir='ltr'><strong>non</strong></span> <span class='ocrx_word' id='word_1_150' title='bbox 2606 957 3124 1028; x_wconf 88' lang='lat' dir='ltr'><strong>patrocinabimur;</strong></span> <span class='ocrx_word' id='word_1_151' title='bbox 3153 955 3251 1010; x_wconf 90' lang='lat' dir='ltr'><strong>sed</strong></span> <span class='ocrx_word' id='word_1_152' title='bbox 3301 970 3424 1025; x_wconf 66' lang='lat' dir='ltr'><strong>quae</strong></span> <span class='ocrx_word' id='word_1_153' title='bbox 3451 954 3520 1009; x_wconf 89' lang='lat' dir='ltr'><strong>ab</strong></span> <span class='ocrx_word' id='word_1_154' title='bbox 3549 952 3661 1007; x_wconf 82' lang='lat' dir='ltr'><strong>illis</strong></span> 
     </span>
    </p>
   </div>
   <div class='ocr_carea' id='block_1_24' title="bbox 2082 1047 3663 1120">
    <p class='ocr_par' dir='ltr' id='par_1_24' title="bbox 2082 1047 3663 1120">
     <span class='ocr_line' id='line_1_24' title="bbox 2082 1047 3663 1120; baseline -0.006 -15"><span class='ocrx_word' id='word_1_155' title='bbox 2082 1050 2139 1105; x_wconf 86' lang='lat' dir='ltr'><strong>in</strong></span> <span class='ocrx_word' id='word_1_156' title='bbox 2199 1049 2534 1120; x_wconf 84' lang='lat' dir='ltr'><strong>supradictis</strong></span> <span class='ocrx_word' id='word_1_157' title='bbox 2591 1049 2867 1119; x_wconf 83' lang='lat' dir='ltr'><strong>capitibus</strong></span> <span class='ocrx_word' id='word_1_158' title='bbox 2927 1047 3075 1103; x_wconf 86' lang='lat' dir='ltr'><strong>dicta</strong></span> <span class='ocrx_word' id='word_1_159' title='bbox 3126 1053 3258 1101; x_wconf 89' lang='lat' dir='ltr'><strong>sunt</strong></span> <span class='ocrx_word' id='word_1_160' title='bbox 3309 1055 3503 1099; x_wconf 84' lang='lat' dir='ltr'><strong>contra</strong></span> <span class='ocrx_word' id='word_1_161' title='bbox 3556 1058 3663 1096; x_wconf 86' lang='lat' dir='ltr'><strong>nos</strong></span> 
     </span>
    </p>
   </div>
   <div class='ocr_carea' id='block_1_25' title="bbox 2084 1133 3659 1213">
    <p class='ocr_par' dir='ltr' id='par_1_25' title="bbox 2084 1133 3659 1213">
     <span class='ocr_line' id='line_1_25' title="bbox 2084 1133 3659 1213; baseline -0.006 -16"><span class='ocrx_word' id='word_1_162' title='bbox 2084 1158 2253 1197; x_wconf 86' lang='lat' dir='ltr'><strong>unam</strong></span> <span class='ocrx_word' id='word_1_163' title='bbox 2291 1142 2633 1213; x_wconf 78' lang='lat' dir='ltr'><strong>hypostasim</strong></span> <span class='ocrx_word' id='word_1_164' title='bbox 2664 1140 2913 1212; x_wconf 90' lang='lat' dir='ltr'><strong>duasque</strong></span> <span class='ocrx_word' id='word_1_165' title='bbox 2934 1148 3165 1195; x_wconf 88' lang='lat' dir='ltr'><strong>naturas</strong></span> <span class='ocrx_word' id='word_1_166' title='bbox 3193 1137 3400 1195; x_wconf 84' lang='lat' dir='ltr'><strong>Christi</strong></span> <span class='ocrx_word' id='word_1_167' title='bbox 3440 1133 3659 1190; x_wconf 86' lang='lat' dir='ltr'><strong>Domini</strong></span> 
     </span>
    </p>
   </div>
   <div class='ocr_carea' id='block_1_26' title="bbox 2076 1228 3663 1306">
    <p class='ocr_par' dir='ltr' id='par_1_26' title="bbox 2076 1228 3663 1306">
     <span class='ocr_line' id='line_1_26' title="bbox 2076 1228 3663 1306; baseline -0.006 -15"><span class='ocrx_word' id='word_1_168' title='bbox 2076 1236 2257 1291; x_wconf 91' lang='lat' dir='ltr'><strong>nostri</strong></span> <span class='ocrx_word' id='word_1_169' title='bbox 2315 1235 2635 1306; x_wconf 84' lang='lat' dir='ltr'><strong>singulatim</strong></span> <span class='ocrx_word' id='word_1_170' title='bbox 2689 1233 3057 1300; x_wconf 86' lang='lat' dir='ltr'><strong>conﬁtentes,</strong></span> <span class='ocrx_word' id='word_1_171' title='bbox 3111 1233 3169 1287; x_wconf 91' lang='lat' dir='ltr'><strong>in</strong></span> <span class='ocrx_word' id='word_1_172' title='bbox 3224 1232 3433 1286; x_wconf 87' lang='lat' dir='ltr'><strong>virtute</strong></span> <span class='ocrx_word' id='word_1_173' title='bbox 3488 1228 3663 1298; x_wconf 87' lang='lat' dir='ltr'><strong>ipsius</strong></span> 
     </span>
    </p>
   </div>
   <div class='ocr_carea' id='block_1_27' title="bbox 2078 1327 3658 1398">
    <p class='ocr_par' dir='ltr' id='par_1_27' title="bbox 2078 1327 3658 1398">
     <span class='ocr_line' id='line_1_27' title="bbox 2078 1327 3658 1398; baseline -0.008 -13"><span class='ocrx_word' id='word_1_174' title='bbox 2078 1330 2177 1385; x_wconf 87' lang='lat' dir='ltr'><strong>Dei</strong></span> <span class='ocrx_word' id='word_1_175' title='bbox 2206 1329 2383 1384; x_wconf 83' lang='lat' dir='ltr'><strong>nostri</strong></span> <span class='ocrx_word' id='word_1_176' title='bbox 2414 1327 2625 1383; x_wconf 88' lang='lat' dir='ltr'><strong>Christi</strong></span> <span class='ocrx_word' id='word_1_177' title='bbox 2652 1328 3060 1398; x_wconf 78' lang='lat' dir='ltr'><strong>impugnantes,</strong></span> <span class='ocrx_word' id='word_1_178' title='bbox 3127 1335 3294 1394; x_wconf 87' lang='lat' dir='ltr'><strong>atque</strong></span> <span class='ocrx_word' id='word_1_179' title='bbox 3318 1329 3658 1384; x_wconf 88' lang='lat' dir='ltr'><strong>everteutes,</strong></span> 
     </span>
    </p>
   </div>
   <div class='ocr_carea' id='block_1_28' title="bbox 2077 1413 3663 1490">
    <p class='ocr_par' dir='ltr' id='par_1_28' title="bbox 2077 1413 3663 1490">
     <span class='ocr_line' id='line_1_28' title="bbox 2077 1413 3663 1490; baseline -0.008 -12"><span class='ocrx_word' id='word_1_180' title='bbox 2077 1438 2242 1479; x_wconf 91' lang='lat' dir='ltr'><strong>omne</strong></span> <span class='ocrx_word' id='word_1_181' title='bbox 2275 1437 2469 1477; x_wconf 87' lang='lat' dir='ltr'><strong>eorum</strong></span> <span class='ocrx_word' id='word_1_182' title='bbox 2494 1419 2763 1475; x_wconf 71' lang='lat' dir='ltr'><strong>doctrinae</strong></span> <span class='ocrx_word' id='word_1_183' title='bbox 2788 1427 3026 1490; x_wconf 84' lang='lat' dir='ltr'><strong>systema</strong></span> <span class='ocrx_word' id='word_1_184' title='bbox 3048 1415 3435 1487; x_wconf 87' lang='lat' dir='ltr'><strong>impiissimum</strong></span> <span class='ocrx_word' id='word_1_185' title='bbox 3467 1413 3663 1467; x_wconf 79' lang='lat' dir='ltr'><strong>confu-</strong></span> 
     </span>
    </p>
   </div>
   <div class='ocr_carea' id='block_1_29' title="bbox 2084 1503 3664 1580">
    <p class='ocr_par' dir='ltr' id='par_1_29' title="bbox 2084 1503 3664 1580">
     <span class='ocr_line' id='line_1_29' title="bbox 2084 1503 3664 1580; baseline -0.006 -15"><span class='ocrx_word' id='word_1_186' title='bbox 2084 1511 2345 1566; x_wconf 86' lang='lat' dir='ltr'><strong>tabimus.</strong></span> <span class='ocrx_word' id='word_1_187' title='bbox 2365 1508 2716 1580; x_wconf 79' lang='lat' dir='ltr'><strong>Exprobrant</strong></span> <span class='ocrx_word' id='word_1_188' title='bbox 2745 1518 2931 1563; x_wconf 89' lang='lat' dir='ltr'><strong>autem</strong></span> <span class='ocrx_word' id='word_1_189' title='bbox 2952 1506 3138 1570; x_wconf 89' lang='lat' dir='ltr'><strong>nobis,</strong></span> <span class='ocrx_word' id='word_1_190' title='bbox 3154 1514 3216 1560; x_wconf 90' lang='lat' dir='ltr'><strong>ut</strong></span> <span class='ocrx_word' id='word_1_191' title='bbox 3248 1504 3429 1576; x_wconf 91' lang='lat' dir='ltr'><strong>primo</strong></span> <span class='ocrx_word' id='word_1_192' title='bbox 3452 1503 3664 1559; x_wconf 87' lang='lat' dir='ltr'><strong>dictum</strong></span> 
     </span>
    </p>
   </div>
   <div class='ocr_carea' id='block_1_30' title="bbox 2082 1595 3669 1665">
    <p class='ocr_par' dir='ltr' id='par_1_30' title="bbox 2082 1595 3669 1665">
     <span class='ocr_line' id='line_1_30' title="bbox 2082 1595 3669 1665; baseline -0.005 -10"><span class='ocrx_word' id='word_1_193' title='bbox 2082 1608 2189 1665; x_wconf 89' lang='lat' dir='ltr'><strong>est,</strong></span> <span class='ocrx_word' id='word_1_194' title='bbox 2245 1600 2653 1655; x_wconf 82' lang='lat' dir='ltr'><strong>confessionem</strong></span> <span class='ocrx_word' id='word_1_195' title='bbox 2705 1606 3034 1652; x_wconf 85' lang='lat' dir='ltr'><strong>naturarum</strong></span> <span class='ocrx_word' id='word_1_196' title='bbox 3079 1596 3138 1652; x_wconf 93' lang='lat' dir='ltr'><strong>in</strong></span> <span class='ocrx_word' id='word_1_197' title='bbox 3190 1595 3424 1651; x_wconf 89' lang='lat' dir='ltr'><strong>Domino</strong></span> <span class='ocrx_word' id='word_1_198' title='bbox 3476 1599 3669 1648; x_wconf 90' lang='lat' dir='ltr'><strong>nostro</strong></span> 
     </span>
    </p>
   </div>
   <div class='ocr_carea' id='block_1_31' title="bbox 2085 1690 3223 1760">
    <p class='ocr_par' dir='ltr' id='par_1_31' title="bbox 2085 1690 3223 1760">
     <span class='ocr_line' id='line_1_31' title="bbox 2085 1690 3223 1760; baseline -0.006 -12"><span class='ocrx_word' id='word_1_199' title='bbox 2085 1692 2217 1748; x_wconf 82' lang='lat' dir='ltr'><strong>Jesu</strong></span> <span class='ocrx_word' id='word_1_200' title='bbox 2246 1691 2471 1748; x_wconf 88' lang='lat' dir='ltr'><strong>Christo</strong></span> <span class='ocrx_word' id='word_1_201' title='bbox 2492 1691 2626 1757; x_wconf 90' lang='lat' dir='ltr'><strong>Deo,</strong></span> <span class='ocrx_word' id='word_1_202' title='bbox 2659 1690 2852 1760; x_wconf 87' lang='lat' dir='ltr'><strong>sicque</strong></span> <span class='ocrx_word' id='word_1_203' title='bbox 2881 1690 3223 1759; x_wconf 89' lang='lat' dir='ltr'><strong>loquuntur:</strong></span> 
     </span>
    </p>
   </div>
   <div class='ocr_carea' id='block_1_32' title="bbox 386 1780 3669 1861">
    <p class='ocr_par' dir='ltr' id='par_1_32' title="bbox 386 1780 3669 1861">
     <span class='ocr_line' id='line_1_32' title="bbox 386 1780 3669 1861; baseline -0.005 -11"><span class='ocrx_word' id='word_1_204' title='bbox 386 1784 489 1855; x_wconf 81' lang='grc' dir='ltr'>τῆς</span> <span class='ocrx_word' id='word_1_205' title='bbox 533 1787 822 1859; x_wconf 78' lang='grc' dir='ltr'>ὁμολογίας</span> <span class='ocrx_word' id='word_1_206' title='bbox 848 1790 950 1861; x_wconf 85' lang='grc' dir='ltr'>τῆς</span> <span class='ocrx_word' id='word_1_207' title='bbox 988 1791 1098 1845; x_wconf 88' lang='grc' dir='ltr'><strong>τῶν</strong></span> <span class='ocrx_word' id='word_1_208' title='bbox 1137 1791 1353 1861; x_wconf 79' lang='grc' dir='ltr'>φύσεων</span> <span class='ocrx_word' id='word_1_209' title='bbox 1398 1794 1706 1859; x_wconf 82' lang='grc' dir='ltr'>συνθέσεως</span> <span class='ocrx_word' id='word_1_210' title='bbox 1749 1792 1844 1847; x_wconf 72' lang='grc' dir='ltr'><strong>ἐπὶ</strong></span> <span class='ocrx_word' id='word_1_211' title='bbox 1895 1789 1991 1846; x_wconf 84' lang='grc' dir='ltr'><strong>τοῦ</strong></span> <span class='ocrx_word' id='word_1_212' title='bbox 2031 1789 2305 1845; x_wconf 86' lang='grc' dir='ltr'>Δεσπότου</span> <span class='ocrx_word' id='word_1_213' title='bbox 2333 1787 2492 1860; x_wconf 80' lang='grc' dir='ltr'>ἡμῶν</span> <span class='ocrx_word' id='word_1_214' title='bbox 2537 1787 2713 1859; x_wconf 82' lang='grc' dir='ltr'>Ἰησοῦ</span> <span class='ocrx_word' id='word_1_215' title='bbox 2753 1784 2991 1858; x_wconf 87' lang='grc' dir='ltr'>Χριστοῦ</span> <span class='ocrx_word' id='word_1_216' title='bbox 3020 1784 3115 1840; x_wconf 84' lang='grc' dir='ltr'><strong>τοῦ</strong></span> <span class='ocrx_word' id='word_1_217' title='bbox 3139 1783 3299 1851; x_wconf 86' lang='grc' dir='ltr'>Θεοῦ,</span> <span class='ocrx_word' id='word_1_218' title='bbox 3323 1782 3419 1839; x_wconf 69' lang='grc' dir='ltr'>καὶ</span> <span class='ocrx_word' id='word_1_219' title='bbox 3450 1780 3669 1851; x_wconf 84' lang='grc' dir='ltr'>λέγουσι</span> 
     </span>
    </p>
   </div>
   <div class='ocr_carea' id='block_1_33' title="bbox 386 1877 562 1935">
    <p class='ocr_par' dir='ltr' id='par_1_33' title="bbox 386 1877 562 1935">
     <span class='ocr_line' id='line_1_33' title="bbox 386 1877 562 1935; baseline 0.011 -2"><span class='ocrx_word' id='word_1_220' title='bbox 386 1877 562 1935; x_wconf 85' lang='grc' dir='ltr'>τάδε·</span> 
     </span>
    </p>
   </div>
   <div class='ocr_carea' id='block_1_34' title="bbox 796 2021 1539 2082">
    <p class='ocr_par' dir='ltr' id='par_1_34' title="bbox 796 2021 1539 2082">
     <span class='ocr_line' id='line_1_34' title="bbox 796 2021 1539 2082; baseline 0.009 -8"><span class='ocrx_word' id='word_1_221' title='bbox 796 2021 1200 2078; x_wconf 79' lang='grc' dir='ltr'><strong>ΚΕΦΑΛΑΙΟΝ</strong></span> <span class='ocrx_word' id='word_1_222' title='bbox 1239 2026 1539 2082; x_wconf 86' lang='grc' dir='ltr'><strong>ΠΡΩΤΟΝ.</strong></span> 
     </span>
    </p>
   </div>
   <div class='ocr_carea' id='block_1_35' title="bbox 462 2131 1974 2215">
    <p class='ocr_par' dir='ltr' id='par_1_35' title="bbox 462 2131 1974 2215">
     <span class='ocr_line' id='line_1_35' title="bbox 462 2131 1974 2215; baseline 0.005 -26"><span class='ocrx_word' id='word_1_223' title='bbox 462 2135 582 2191; x_wconf 84' lang='grc' dir='ltr'>Πᾶν</span> <span class='ocrx_word' id='word_1_224' title='bbox 614 2134 642 2190; x_wconf 86' lang='grc' dir='ltr'><strong>ὅ</strong></span> <span class='ocrx_word' id='word_1_225' title='bbox 663 2152 717 2190; x_wconf 87' lang='grc' dir='ltr'><strong>τι</strong></span> <span class='ocrx_word' id='word_1_226' title='bbox 749 2131 845 2192; x_wconf 76' lang='grc' dir='ltr'>οὖν</span> <span class='ocrx_word' id='word_1_227' title='bbox 877 2140 1260 2212; x_wconf 85' lang='grc' dir='ltr'>συντιθέμενον</span> <span class='ocrx_word' id='word_1_228' title='bbox 1286 2142 1479 2215; x_wconf 81' lang='grc' dir='ltr'>ἑτέρῳ,</span> <span class='ocrx_word' id='word_1_229' title='bbox 1500 2143 1535 2215; x_wconf 75' lang='grc' dir='ltr'>ἢ</span> <span class='ocrx_word' id='word_1_230' title='bbox 1566 2142 1687 2198; x_wconf 86' lang='grc' dir='ltr'>ὅλον</span> <span class='ocrx_word' id='word_1_231' title='bbox 1717 2142 1825 2215; x_wconf 84' lang='grc' dir='ltr'>ὅλῳ</span> <span class='ocrx_word' id='word_1_232' title='bbox 1854 2160 1974 2197; x_wconf 92' lang='grc' dir='ltr'>συν-</span> 
     </span>
    </p>
   </div>
   <div class='ocr_carea' id='block_1_36' title="bbox 390 2227 1975 2308">
    <p class='ocr_par' dir='ltr' id='par_1_36' title="bbox 390 2227 1975 2308">
     <span class='ocr_line' id='line_1_36' title="bbox 390 2227 1975 2308; baseline 0.006 -27"><span class='ocrx_word' id='word_1_233' title='bbox 390 2227 625 2295; x_wconf 76' lang='grc' dir='ltr'>τίθεται,</span> <span class='ocrx_word' id='word_1_234' title='bbox 668 2230 702 2302; x_wconf 77' lang='grc' dir='ltr'><strong>ῆ</strong></span> <span class='ocrx_word' id='word_1_235' title='bbox 748 2231 915 2303; x_wconf 82' lang='grc' dir='ltr'>μέρος</span> <span class='ocrx_word' id='word_1_236' title='bbox 959 2232 1141 2303; x_wconf 87' lang='grc' dir='ltr'>μέρει,</span> <span class='ocrx_word' id='word_1_237' title='bbox 1177 2235 1210 2306; x_wconf 83' lang='grc' dir='ltr'>ἢ</span> <span class='ocrx_word' id='word_1_238' title='bbox 1250 2235 1419 2307; x_wconf 88' lang='grc' dir='ltr'>μέρος</span> <span class='ocrx_word' id='word_1_239' title='bbox 1458 2236 1598 2308; x_wconf 84' lang='grc' dir='ltr'>ὅλῳ⁶</span> <span class='ocrx_word' id='word_1_240' title='bbox 1650 2235 1829 2301; x_wconf 80' lang='grc' dir='ltr'>ἄλλως</span> <span class='ocrx_word' id='word_1_241' title='bbox 1864 2236 1975 2307; x_wconf 80' lang='grc' dir='ltr'>γὰρ</span> 
     </span>
    </p>
   </div>
   <div class='ocr_carea' id='block_1_37' title="bbox 397 2320 1978 2401">
    <p class='ocr_par' dir='ltr' id='par_1_37' title="bbox 397 2320 1978 2401">
     <span class='ocr_line' id='line_1_37' title="bbox 397 2320 1978 2401; baseline 0.007 -28"><span class='ocrx_word' id='word_1_242' title='bbox 397 2320 652 2376; x_wconf 84' lang='grc' dir='ltr'>σύνθεσιν</span> <span class='ocrx_word' id='word_1_243' title='bbox 707 2322 889 2393; x_wconf 86' lang='grc' dir='ltr'>λέγειν</span> <span class='ocrx_word' id='word_1_244' title='bbox 924 2325 1185 2381; x_wconf 84' lang='grc' dir='ltr'>ἀδύνατον</span> <span class='ocrx_word' id='word_1_245' title='bbox 1213 2343 1227 2357; x_wconf 85' lang='grc'><em>’</em></span> <span class='ocrx_word' id='word_1_246' title='bbox 1279 2328 1401 2383; x_wconf 87' lang='grc' dir='ltr'>ὅλον</span> <span class='ocrx_word' id='word_1_247' title='bbox 1427 2328 1487 2383; x_wconf 78' lang='grc' dir='ltr'><strong>δὲ</strong></span> <span class='ocrx_word' id='word_1_248' title='bbox 1534 2329 1631 2383; x_wconf 72' lang='grc' dir='ltr'><strong>καὶ</strong></span> <span class='ocrx_word' id='word_1_249' title='bbox 1675 2329 1840 2401; x_wconf 84' lang='grc' dir='ltr'>μέρος</span> <span class='ocrx_word' id='word_1_250' title='bbox 1882 2331 1978 2384; x_wconf 71' lang='grc' dir='ltr'><strong>ἐπὶ</strong></span> 
     </span>
    </p>
   </div>
   <div class='ocr_carea' id='block_1_38' title="bbox 392 2413 1980 2493">
    <p class='ocr_par' dir='ltr' id='par_1_38' title="bbox 392 2413 1980 2493">
     <span class='ocr_line' id='line_1_38' title="bbox 392 2413 1980 2493; baseline 0.008 -28"><span class='ocrx_word' id='word_1_251' title='bbox 392 2413 492 2466; x_wconf 84' lang='grc' dir='ltr'><strong>τοῦ</strong></span> <span class='ocrx_word' id='word_1_252' title='bbox 539 2414 926 2487; x_wconf 79' lang='grc' dir='ltr'>ἀπεριγράφου</span> <span class='ocrx_word' id='word_1_253' title='bbox 978 2418 1042 2472; x_wconf 77' lang='grc' dir='ltr'><strong>οὐ</strong></span> <span class='ocrx_word' id='word_1_254' title='bbox 1098 2418 1319 2489; x_wconf 87' lang='grc' dir='ltr'>λέγεται</span> <span class='ocrx_word' id='word_1_255' title='bbox 1349 2436 1364 2452; x_wconf 89' lang='grc'><strong>·</strong></span> <span class='ocrx_word' id='word_1_256' title='bbox 1390 2421 1491 2476; x_wconf 81' lang='grc' dir='ltr'><strong>οὐκ</strong></span> <span class='ocrx_word' id='word_1_257' title='bbox 1524 2420 1635 2491; x_wconf 76' lang='grc' dir='ltr'>ἄρα</span> <span class='ocrx_word' id='word_1_258' title='bbox 1662 2420 1923 2493; x_wconf 86' lang='grc' dir='ltr'>συνετέθη</span> <span class='ocrx_word' id='word_1_259' title='bbox 1948 2424 1980 2477; x_wconf 84' lang='grc' dir='ltr'>ὁ</span> 
     </span>
    </p>
   </div>
   <div class='ocr_carea' id='block_1_39' title="bbox 395 2506 1980 2586">
    <p class='ocr_par' dir='ltr' id='par_1_39' title="bbox 395 2506 1980 2586">
     <span class='ocr_line' id='line_1_39' title="bbox 395 2506 1980 2586; baseline 0.006 -26"><span class='ocrx_word' id='word_1_260' title='bbox 395 2506 531 2571; x_wconf 81' lang='grc' dir='ltr'>Θεὸς</span> <span class='ocrx_word' id='word_1_261' title='bbox 552 2508 725 2576; x_wconf 87' lang='grc' dir='ltr'>Λόγος</span> <span class='ocrx_word' id='word_1_262' title='bbox 749 2510 826 2581; x_wconf 82' lang='grc' dir='ltr'><strong>τῷ</strong></span> <span class='ocrx_word' id='word_1_263' title='bbox 847 2510 907 2576; x_wconf 75' lang='grc' dir='ltr'><strong>ἐξ</strong></span> <span class='ocrx_word' id='word_1_264' title='bbox 923 2512 1083 2583; x_wconf 85' lang='grc' dir='ltr'>ήμῶν</span> <span class='ocrx_word' id='word_1_265' title='bbox 1105 2513 1203 2568; x_wconf 82' lang='grc' dir='ltr'><strong>ἀνθ</strong></span> <span class='ocrx_word' id='word_1_266' title='bbox 1213 2515 1379 2586; x_wconf 84' lang='grc' dir='ltr'><strong>ρώπῳ</strong></span> <span class='ocrx_word' id='word_1_267' title='bbox 1403 2515 1782 2586; x_wconf 85' lang='grc' dir='ltr'>ἀπερίγραφος</span> <span class='ocrx_word' id='word_1_268' title='bbox 1803 2515 1980 2584; x_wconf 80' lang='grc' dir='ltr'>ὑπάρ-</span> 
     </span>
    </p>
   </div>
   <div class='ocr_carea' id='block_1_40' title="bbox 396 2600 1981 2677">
    <p class='ocr_par' dir='ltr' id='par_1_40' title="bbox 396 2600 1981 2677">
     <span class='ocr_line' id='line_1_40' title="bbox 396 2600 1981 2677; baseline 0.006 -26"><span class='ocrx_word' id='word_1_269' title='bbox 396 2616 544 2669; x_wconf 81' lang='grc' dir='ltr'>χων·</span> <span class='ocrx_word' id='word_1_270' title='bbox 578 2601 628 2654; x_wconf 88' lang='grc' dir='ltr'><strong>εί</strong></span> <span class='ocrx_word' id='word_1_271' title='bbox 654 2600 712 2654; x_wconf 79' lang='grc' dir='ltr'>δὲ</span> <span class='ocrx_word' id='word_1_272' title='bbox 740 2602 1026 2674; x_wconf 81' lang='grc' dir='ltr'>συνετέθη,</span> <span class='ocrx_word' id='word_1_273' title='bbox 1056 2604 1154 2658; x_wconf 72' lang='grc' dir='ltr'>καὶ</span> <span class='ocrx_word' id='word_1_274' title='bbox 1185 2606 1439 2676; x_wconf 82' lang='grc' dir='ltr'>ἐμμερὴς</span> <span class='ocrx_word' id='word_1_275' title='bbox 1473 2605 1572 2660; x_wconf 72' lang='lat' dir='ltr'><strong>xai.</strong></span> <span class='ocrx_word' id='word_1_276' title='bbox 1602 2607 1981 2677; x_wconf 85' lang='grc' dir='ltr'>περιγραπτός</span> 
     </span>
    </p>
   </div>
   <div class='ocr_carea' id='block_1_41' title="bbox 398 2692 1980 2768">
    <p class='ocr_par' dir='ltr' id='par_1_41' title="bbox 398 2692 1980 2768">
     <span class='ocr_line' id='line_1_41' title="bbox 398 2692 1980 2768; baseline 0.005 -25"><span class='ocrx_word' id='word_1_277' title='bbox 398 2692 551 2747; x_wconf 84' lang='grc' dir='ltr'>ὲστιν</span> <span class='ocrx_word' id='word_1_278' title='bbox 572 2734 588 2761; x_wconf 88' lang='grc'><strong>,</strong></span> <span class='ocrx_word' id='word_1_279' title='bbox 625 2694 763 2765; x_wconf 88' lang='grc' dir='ltr'>ὅπερ</span> <span class='ocrx_word' id='word_1_280' title='bbox 793 2695 1007 2759; x_wconf 78' lang='grc' dir='ltr'>ἁσεόές.</span> <span class='ocrx_word' id='word_1_281' title='bbox 1032 2696 1257 2767; x_wconf 85' lang='grc' dir='ltr'>Πρῶτον</span> <span class='ocrx_word' id='word_1_282' title='bbox 1291 2698 1390 2768; x_wconf 81' lang='grc' dir='ltr'>μὲν</span> <span class='ocrx_word' id='word_1_283' title='bbox 1419 2694 1512 2751; x_wconf 79' lang='grc' dir='ltr'><strong>οὖν</strong></span> <span class='ocrx_word' id='word_1_284' title='bbox 1553 2698 1605 2751; x_wconf 79' lang='lat' dir='ltr'><strong>oi</strong></span> <span class='ocrx_word' id='word_1_285' title='bbox 1644 2698 1825 2752; x_wconf 87' lang='grc' dir='ltr'>πάντα</span> <span class='ocrx_word' id='word_1_286' title='bbox 1853 2698 1980 2767; x_wconf 90' lang='grc' dir='ltr'>τρό-</span> 
     </span>
    </p>
   </div>
   <div class='ocr_carea' id='block_1_42' title="bbox 399 2786 1983 2862">
    <p class='ocr_par' dir='ltr' id='par_1_42' title="bbox 399 2786 1983 2862">
     <span class='ocr_line' id='line_1_42' title="bbox 399 2786 1983 2862; baseline 0.004 -23"><span class='ocrx_word' id='word_1_287' title='bbox 399 2802 504 2840; x_wconf 89' lang='grc' dir='ltr'><strong>πον</strong></span> <span class='ocrx_word' id='word_1_288' title='bbox 548 2786 662 2841; x_wconf 86' lang='grc' dir='ltr'><strong>τῶν</strong></span> <span class='ocrx_word' id='word_1_289' title='bbox 695 2789 999 2859; x_wconf 86' lang='grc' dir='ltr'>γινομένων</span> <span class='ocrx_word' id='word_1_290' title='bbox 1047 2789 1155 2843; x_wconf 77' lang='grc' dir='ltr'><strong>ὑπὸ</strong></span> <span class='ocrx_word' id='word_1_291' title='bbox 1182 2789 1319 2844; x_wconf 84' lang='grc' dir='ltr'>Θεοῦ</span> <span class='ocrx_word' id='word_1_292' title='bbox 1365 2791 1674 2846; x_wconf 82' lang='grc' dir='ltr'>συνθέσεων</span> <span class='ocrx_word' id='word_1_293' title='bbox 1703 2793 1767 2862; x_wconf 81' lang='grc' dir='ltr'>τῇ</span> <span class='ocrx_word' id='word_1_294' title='bbox 1802 2792 1983 2862; x_wconf 74' lang='grc' dir='ltr'>οἰκείᾳ</span> 
     </span>
    </p>
   </div>
   <div class='ocr_carea' id='block_1_43' title="bbox 398 2877 1985 2953">
    <p class='ocr_par' dir='ltr' id='par_1_43' title="bbox 398 2877 1985 2953">
     <span class='ocr_line' id='line_1_43' title="bbox 398 2877 1985 2953; baseline 0.003 -21"><span class='ocrx_word' id='word_1_295' title='bbox 398 2877 601 2945; x_wconf 85' lang='grc' dir='ltr'>γνώσει</span> <span class='ocrx_word' id='word_1_296' title='bbox 653 2881 1095 2953; x_wconf 70' lang='grc' dir='ltr'>περιορίζοντος,</span> <span class='ocrx_word' id='word_1_297' title='bbox 1138 2884 1258 2947; x_wconf 87' lang='grc' dir='ltr'><strong>πῶς</strong></span> <span class='ocrx_word' id='word_1_298' title='bbox 1303 2882 1527 2952; x_wconf 88' lang='grc' dir='ltr'>λέγουσι</span> <span class='ocrx_word' id='word_1_299' title='bbox 1561 2886 1671 2938; x_wconf 79' lang='grc' dir='ltr'>πᾶν</span> <span class='ocrx_word' id='word_1_300' title='bbox 1718 2884 1778 2937; x_wconf 76' lang='grc' dir='ltr'>τὸ</span> <span class='ocrx_word' id='word_1_301' title='bbox 1803 2901 1985 2938; x_wconf 86' lang='grc' dir='ltr'>συντι-</span> 
     </span>
    </p>
   </div>
   <div class='ocr_carea' id='block_1_44' title="bbox 402 2970 1985 3048">
    <p class='ocr_par' dir='ltr' id='par_1_44' title="bbox 402 2970 1985 3048">
     <span class='ocr_line' id='line_1_44' title="bbox 402 2970 1985 3048; baseline 0.005 -26"><span class='ocrx_word' id='word_1_302' title='bbox 402 2970 628 3041; x_wconf 79' lang='grc' dir='ltr'>θέμενον</span> <span class='ocrx_word' id='word_1_303' title='bbox 652 2972 685 3044; x_wconf 87' lang='grc' dir='ltr'>ἢ</span> <span class='ocrx_word' id='word_1_304' title='bbox 713 2972 790 3037; x_wconf 89' lang='grc' dir='ltr'>ὡς</span> <span class='ocrx_word' id='word_1_305' title='bbox 818 2972 940 3029; x_wconf 88' lang='grc' dir='ltr'>ὅλον</span> <span class='ocrx_word' id='word_1_306' title='bbox 964 2975 998 3045; x_wconf 79' lang='grc' dir='ltr'>ἢ</span> <span class='ocrx_word' id='word_1_307' title='bbox 1026 2976 1103 3038; x_wconf 89' lang='grc' dir='ltr'><strong>ώς</strong></span> <span class='ocrx_word' id='word_1_308' title='bbox 1132 2975 1298 3048; x_wconf 85' lang='grc' dir='ltr'>μέρος</span> <span class='ocrx_word' id='word_1_309' title='bbox 1335 2975 1681 3031; x_wconf 80' lang='grc' dir='ltr'>συντίθεσθαι</span> <span class='ocrx_word' id='word_1_310' title='bbox 1713 2994 1728 3043; x_wconf 92' lang='grc'>;</span> <span class='ocrx_word' id='word_1_311' title='bbox 1769 2977 1844 3030; x_wconf 85' lang='grc' dir='ltr'>Τὸ</span> <span class='ocrx_word' id='word_1_312' title='bbox 1873 2976 1985 3046; x_wconf 81' lang='grc' dir='ltr'><strong>γὰρ</strong></span> 
     </span>
    </p>
   </div>
   <div class='ocr_carea' id='block_1_45' title="bbox 400 3064 1986 3140">
    <p class='ocr_par' dir='ltr' id='par_1_45' title="bbox 400 3064 1986 3140">
     <span class='ocr_line' id='line_1_45' title="bbox 400 3064 1986 3140; baseline 0.003 -24"><span class='ocrx_word' id='word_1_313' title='bbox 400 3064 662 3135; x_wconf 78' lang='grc' dir='ltr'>αἰσθητὸν</span> <span class='ocrx_word' id='word_1_314' title='bbox 715 3066 835 3120; x_wconf 83' lang='grc' dir='ltr'>τόδε</span> <span class='ocrx_word' id='word_1_315' title='bbox 888 3069 1020 3133; x_wconf 86' lang='grc' dir='ltr'>πᾶν,</span> <span class='ocrx_word' id='word_1_316' title='bbox 1077 3069 1246 3139; x_wconf 75' lang='grc' dir='ltr'>ἤγουν</span> <span class='ocrx_word' id='word_1_317' title='bbox 1293 3068 1323 3122; x_wconf 85' lang='grc' dir='ltr'><strong>ό</strong></span> <span class='ocrx_word' id='word_1_318' title='bbox 1369 3069 1572 3139; x_wconf 87' lang='grc' dir='ltr'>κόσμος</span> <span class='ocrx_word' id='word_1_319' title='bbox 1608 3070 1638 3123; x_wconf 78' lang='grc' dir='ltr'>ὁ</span> <span class='ocrx_word' id='word_1_320' title='bbox 1666 3069 1880 3140; x_wconf 80' lang='grc' dir='ltr'>ὁρατὸς,</span> <span class='ocrx_word' id='word_1_321' title='bbox 1926 3072 1986 3124; x_wconf 79' lang='grc' dir='ltr'>ὲν</span> 
     </span>
    </p>
   </div>
   <div class='ocr_carea' id='block_1_46' title="bbox 405 3152 1983 3230">
    <p class='ocr_par' dir='ltr' id='par_1_46' title="bbox 405 3152 1983 3230">
     <span class='ocr_line' id='line_1_46' title="bbox 405 3152 1983 3230; baseline 0.005 -23"><span class='ocrx_word' id='word_1_322' title='bbox 405 3154 653 3210; x_wconf 87' lang='grc' dir='ltr'>συνθέσει</span> <span class='ocrx_word' id='word_1_323' title='bbox 721 3157 841 3211; x_wconf 75' lang='grc' dir='ltr'>ἐστὶ</span> <span class='ocrx_word' id='word_1_324' title='bbox 884 3157 1130 3229; x_wconf 71' lang='grc' dir='ltr'>δηλαδήι</span> <span class='ocrx_word' id='word_1_325' title='bbox 1180 3159 1234 3212; x_wconf 86' lang='grc' dir='ltr'><strong>τί</strong></span> <span class='ocrx_word' id='word_1_326' title='bbox 1293 3152 1388 3213; x_wconf 79' lang='grc' dir='ltr'><strong>οὖν</strong></span> <span class='ocrx_word' id='word_1_327' title='bbox 1445 3176 1602 3227; x_wconf 79' lang='grc' dir='ltr'>φασι,</span> <span class='ocrx_word' id='word_1_328' title='bbox 1656 3158 1716 3223; x_wconf 72' lang='grc' dir='ltr'><strong>ἐξ</strong></span> <span class='ocrx_word' id='word_1_329' title='bbox 1764 3158 1906 3214; x_wconf 78' lang='grc' dir='ltr'>ὅλων</span> <span class='ocrx_word' id='word_1_330' title='bbox 1948 3158 1983 3230; x_wconf 78' lang='grc' dir='ltr'>ἢ</span> 
     </span>
    </p>
   </div>
   <div class='ocr_carea' id='block_1_47' title="bbox 404 3246 1985 3323">
    <p class='ocr_par' dir='ltr' id='par_1_47' title="bbox 404 3246 1985 3323">
     <span class='ocr_line' id='line_1_47' title="bbox 404 3246 1985 3323; baseline 0.001 -21"><span class='ocrx_word' id='word_1_331' title='bbox 404 3252 470 3303; x_wconf 73' lang='grc' dir='ltr'><strong>ἐκ</strong></span> <span class='ocrx_word' id='word_1_332' title='bbox 516 3247 700 3321; x_wconf 84' lang='grc' dir='ltr'>μερῶν</span> <span class='ocrx_word' id='word_1_333' title='bbox 742 3267 905 3305; x_wconf 89' lang='grc' dir='ltr'>τινων</span> <span class='ocrx_word' id='word_1_334' title='bbox 946 3246 1088 3305; x_wconf 76' lang='grc' dir='ltr'>εἶναι</span> <span class='ocrx_word' id='word_1_335' title='bbox 1138 3250 1609 3323; x_wconf 80' lang='grc' dir='ltr'>προϋπαρξάντων</span> <span class='ocrx_word' id='word_1_336' title='bbox 1639 3249 1834 3303; x_wconf 85' lang='grc' dir='ltr'>τούτου</span> <span class='ocrx_word' id='word_1_337' title='bbox 1882 3250 1985 3321; x_wconf 84' lang='grc' dir='ltr'>τὴν</span> 
     </span>
    </p>
   </div>
   <div class='ocr_carea' id='block_1_48' title="bbox 2594 2010 3160 2068">
    <p class='ocr_par' dir='ltr' id='par_1_48' title="bbox 2594 2010 3160 2068">
     <span class='ocr_line' id='line_1_48' title="bbox 2594 2010 3160 2068; baseline -0.007 0"><span class='ocrx_word' id='word_1_338' title='bbox 2594 2010 2825 2068; x_wconf 85' lang='lat' dir='ltr'><strong>CAPUT</strong></span> <span class='ocrx_word' id='word_1_339' title='bbox 2868 2010 3160 2068; x_wconf 80' lang='lat' dir='ltr'><strong>PRIMUM.</strong></span> 
     </span>
    </p>
   </div>
   <div class='ocr_carea' id='block_1_49' title="bbox 2145 2126 3671 2200">
    <p class='ocr_par' dir='ltr' id='par_1_49' title="bbox 2145 2126 3671 2200">
     <span class='ocr_line' id='line_1_49' title="bbox 2145 2126 3671 2200; baseline -0.002 -14"><span class='ocrx_word' id='word_1_340' title='bbox 2145 2129 2526 2199; x_wconf 86' lang='lat' dir='ltr'><strong>Quodcunque</strong></span> <span class='ocrx_word' id='word_1_341' title='bbox 2548 2126 2854 2200; x_wconf 89' lang='lat' dir='ltr'><strong>(inquiunt)</strong></span> <span class='ocrx_word' id='word_1_342' title='bbox 2876 2126 3037 2182; x_wconf 85' lang='lat' dir='ltr'><strong>alteri</strong></span> <span class='ocrx_word' id='word_1_343' title='bbox 3074 2126 3292 2181; x_wconf 88' lang='lat' dir='ltr'><strong>unitum</strong></span> <span class='ocrx_word' id='word_1_344' title='bbox 3316 2135 3427 2191; x_wconf 88' lang='lat' dir='ltr'><strong>est,</strong></span> <span class='ocrx_word' id='word_1_345' title='bbox 3464 2127 3552 2182; x_wconf 84' lang='lat' dir='ltr'><strong>vel</strong></span> <span class='ocrx_word' id='word_1_346' title='bbox 3586 2137 3671 2184; x_wconf 90' lang='lat' dir='ltr'><strong>to-</strong></span> 
     </span>
    </p>
   </div>
   <div class='ocr_carea' id='block_1_50' title="bbox 2078 2220 3671 2291">
    <p class='ocr_par' dir='ltr' id='par_1_50' title="bbox 2078 2220 3671 2291">
     <span class='ocr_line' id='line_1_50' title="bbox 2078 2220 3671 2291; baseline -0.003 -11"><span class='ocrx_word' id='word_1_347' title='bbox 2078 2234 2193 2280; x_wconf 89' lang='lat' dir='ltr'><strong>tum</strong></span> <span class='ocrx_word' id='word_1_348' title='bbox 2221 2224 2321 2280; x_wconf 92' lang='lat' dir='ltr'><strong>toti</strong></span> <span class='ocrx_word' id='word_1_349' title='bbox 2353 2225 2565 2289; x_wconf 89' lang='lat' dir='ltr'><strong>unitur,</strong></span> <span class='ocrx_word' id='word_1_350' title='bbox 2594 2222 2681 2277; x_wconf 87' lang='lat' dir='ltr'><strong>vel</strong></span> <span class='ocrx_word' id='word_1_351' title='bbox 2713 2237 2840 2291; x_wconf 93' lang='lat' dir='ltr'><strong>pars</strong></span> <span class='ocrx_word' id='word_1_352' title='bbox 2889 2220 3057 2291; x_wconf 89' lang='lat' dir='ltr'><strong>parti,</strong></span> <span class='ocrx_word' id='word_1_353' title='bbox 3112 2221 3200 2275; x_wconf 87' lang='lat' dir='ltr'><strong>vel</strong></span> <span class='ocrx_word' id='word_1_354' title='bbox 3255 2236 3381 2290; x_wconf 88' lang='lat' dir='ltr'><strong>pars</strong></span> <span class='ocrx_word' id='word_1_355' title='bbox 3405 2221 3539 2288; x_wconf 91' lang='lat' dir='ltr'><strong>toti;</strong></span> <span class='ocrx_word' id='word_1_356' title='bbox 3568 2222 3671 2277; x_wconf 89' lang='lat' dir='ltr'><strong>ali-</strong></span> 
     </span>
    </p>
   </div>
   <div class='ocr_carea' id='block_1_51' title="bbox 2081 2311 3672 2381">
    <p class='ocr_par' dir='ltr' id='par_1_51' title="bbox 2081 2311 3672 2381">
     <span class='ocr_line' id='line_1_51' title="bbox 2081 2311 3672 2381; baseline -0.003 -10"><span class='ocrx_word' id='word_1_357' title='bbox 2081 2324 2164 2371; x_wconf 87' lang='lat' dir='ltr'><strong>ter</strong></span> <span class='ocrx_word' id='word_1_358' title='bbox 2195 2315 2343 2371; x_wconf 92' lang='lat' dir='ltr'><strong>enim</strong></span> <span class='ocrx_word' id='word_1_359' title='bbox 2369 2314 2636 2369; x_wconf 87' lang='lat' dir='ltr'><strong>unionem</strong></span> <span class='ocrx_word' id='word_1_360' title='bbox 2688 2311 2878 2367; x_wconf 91' lang='lat' dir='ltr'><strong>dicere</strong></span> <span class='ocrx_word' id='word_1_361' title='bbox 2932 2311 3278 2381; x_wconf 84' lang='lat' dir='ltr'><strong>impossibile</strong></span> <span class='ocrx_word' id='word_1_362' title='bbox 3320 2321 3441 2367; x_wconf 91' lang='lat' dir='ltr'><strong>est:</strong></span> <span class='ocrx_word' id='word_1_363' title='bbox 3489 2319 3672 2368; x_wconf 90' lang='lat' dir='ltr'><strong>totum</strong></span> 
     </span>
    </p>
   </div>
   <div class='ocr_carea' id='block_1_52' title="bbox 2079 2402 3672 2476">
    <p class='ocr_par' dir='ltr' id='par_1_52' title="bbox 2079 2402 3672 2476">
     <span class='ocr_line' id='line_1_52' title="bbox 2079 2402 3672 2476; baseline 0 -17"><span class='ocrx_word' id='word_1_364' title='bbox 2079 2424 2214 2464; x_wconf 88' lang='lat' dir='ltr'><strong>vero</strong></span> <span class='ocrx_word' id='word_1_365' title='bbox 2247 2416 2303 2462; x_wconf 87' lang='lat' dir='ltr'><strong>et</strong></span> <span class='ocrx_word' id='word_1_366' title='bbox 2334 2422 2462 2476; x_wconf 85' lang='lat' dir='ltr'><strong>pars</strong></span> <span class='ocrx_word' id='word_1_367' title='bbox 2510 2405 2579 2461; x_wconf 91' lang='lat' dir='ltr'><strong>de</strong></span> <span class='ocrx_word' id='word_1_368' title='bbox 2624 2404 2843 2459; x_wconf 84' lang='lat' dir='ltr'><strong>inﬁnito</strong></span> <span class='ocrx_word' id='word_1_369' title='bbox 2901 2419 3011 2459; x_wconf 93' lang='lat' dir='ltr'><strong>non</strong></span> <span class='ocrx_word' id='word_1_370' title='bbox 3080 2402 3324 2465; x_wconf 83' lang='lat' dir='ltr'><strong>dicitur:</strong></span> <span class='ocrx_word' id='word_1_371' title='bbox 3393 2419 3506 2459; x_wconf 89' lang='lat' dir='ltr'><strong>non</strong></span> <span class='ocrx_word' id='word_1_372' title='bbox 3538 2421 3672 2475; x_wconf 82' lang='lat' dir='ltr'><strong>ergo</strong></span> 
     </span>
    </p>
   </div>
   <div class='ocr_carea' id='block_1_53' title="bbox 2081 2495 3673 2562">
    <p class='ocr_par' dir='ltr' id='par_1_53' title="bbox 2081 2495 3673 2562">
     <span class='ocr_line' id='line_1_53' title="bbox 2081 2495 3673 2562; baseline -0.003 -7"><span class='ocrx_word' id='word_1_373' title='bbox 2081 2500 2228 2555; x_wconf 88' lang='lat' dir='ltr'><strong>Deus</strong></span> <span class='ocrx_word' id='word_1_374' title='bbox 2277 2498 2545 2562; x_wconf 80' lang='lat' dir='ltr'><strong>Verbum,</strong></span> <span class='ocrx_word' id='word_1_375' title='bbox 2587 2512 2715 2552; x_wconf 88' lang='lat' dir='ltr'><strong>cum</strong></span> <span class='ocrx_word' id='word_1_376' title='bbox 2756 2496 2828 2551; x_wconf 89' lang='lat' dir='ltr'><strong>sit</strong></span> <span class='ocrx_word' id='word_1_377' title='bbox 2868 2495 3144 2559; x_wconf 78' lang='lat' dir='ltr'><strong>inﬁnitus,</strong></span> <span class='ocrx_word' id='word_1_378' title='bbox 3193 2497 3405 2551; x_wconf 85' lang='lat' dir='ltr'><strong>homini</strong></span> <span class='ocrx_word' id='word_1_379' title='bbox 3454 2514 3524 2553; x_wconf 84' lang='lat' dir='ltr'><strong>ex</strong></span> <span class='ocrx_word' id='word_1_380' title='bbox 3572 2513 3673 2551; x_wconf 90' lang='lat' dir='ltr'><strong>no-</strong></span> 
     </span>
    </p>
   </div>
   <div class='ocr_carea' id='block_1_54' title="bbox 2080 2585 3673 2656">
    <p class='ocr_par' dir='ltr' id='par_1_54' title="bbox 2080 2585 3673 2656">
     <span class='ocr_line' id='line_1_54' title="bbox 2080 2585 3673 2656; baseline 0.001 -15"><span class='ocrx_word' id='word_1_381' title='bbox 2080 2586 2170 2641; x_wconf 89' lang='lat' dir='ltr'><strong>bis</strong></span> <span class='ocrx_word' id='word_1_382' title='bbox 2225 2586 2420 2641; x_wconf 90' lang='lat' dir='ltr'><strong>unitus</strong></span> <span class='ocrx_word' id='word_1_383' title='bbox 2478 2594 2597 2652; x_wconf 91' lang='lat' dir='ltr'><strong>est;</strong></span> <span class='ocrx_word' id='word_1_384' title='bbox 2652 2585 2698 2639; x_wconf 89' lang='lat' dir='ltr'><strong>si</strong></span> <span class='ocrx_word' id='word_1_385' title='bbox 2741 2600 2871 2639; x_wconf 76' lang='lat' dir='ltr'><strong>vero</strong></span> <span class='ocrx_word' id='word_1_386' title='bbox 2926 2585 3000 2639; x_wconf 89' lang='lat' dir='ltr'><strong>sit</strong></span> <span class='ocrx_word' id='word_1_387' title='bbox 3044 2587 3278 2652; x_wconf 88' lang='lat' dir='ltr'><strong>unitus,</strong></span> <span class='ocrx_word' id='word_1_388' title='bbox 3332 2588 3673 2656; x_wconf 90' lang='lat' dir='ltr'><strong>compositus</strong></span> 
     </span>
    </p>
   </div>
   <div class='ocr_carea' id='block_1_55' title="bbox 2083 2675 3670 2748">
    <p class='ocr_par' dir='ltr' id='par_1_55' title="bbox 2083 2675 3670 2748">
     <span class='ocr_line' id='line_1_55' title="bbox 2083 2675 3670 2748; baseline -0.002 -14"><span class='ocrx_word' id='word_1_389' title='bbox 2083 2678 2387 2748; x_wconf 82' lang='lat' dir='ltr'><strong>ﬁnitusque</strong></span> <span class='ocrx_word' id='word_1_390' title='bbox 2416 2686 2523 2743; x_wconf 88' lang='lat' dir='ltr'><strong>est,</strong></span> <span class='ocrx_word' id='word_1_391' title='bbox 2559 2675 2709 2747; x_wconf 91' lang='lat' dir='ltr'><strong>quod</strong></span> <span class='ocrx_word' id='word_1_392' title='bbox 2747 2683 2833 2731; x_wconf 87' lang='lat' dir='ltr'><strong>est</strong></span> <span class='ocrx_word' id='word_1_393' title='bbox 2864 2675 3120 2747; x_wconf 90' lang='lat' dir='ltr'><strong>impium.</strong></span> <span class='ocrx_word' id='word_1_394' title='bbox 3166 2676 3417 2732; x_wconf 89' lang='lat' dir='ltr'><strong>Primum</strong></span> <span class='ocrx_word' id='word_1_395' title='bbox 3463 2686 3670 2743; x_wconf 86' lang='lat' dir='ltr'><strong>autem,</strong></span> 
     </span>
    </p>
   </div>
   <div class='ocr_carea' id='block_1_56' title="bbox 2082 2768 3670 2843">
    <p class='ocr_par' dir='ltr' id='par_1_56' title="bbox 2082 2768 3670 2843">
     <span class='ocr_line' id='line_1_56' title="bbox 2082 2768 3670 2843; baseline -0.001 -17"><span class='ocrx_word' id='word_1_396' title='bbox 2082 2770 2383 2843; x_wconf 88' lang='lat' dir='ltr'><strong>quomodo,</strong></span> <span class='ocrx_word' id='word_1_397' title='bbox 2445 2770 2540 2839; x_wconf 91' lang='lat' dir='ltr'><strong>qui</strong></span> <span class='ocrx_word' id='word_1_398' title='bbox 2593 2768 2828 2824; x_wconf 82' lang='lat' dir='ltr'><strong>scientia</strong></span> <span class='ocrx_word' id='word_1_399' title='bbox 2885 2770 3114 2839; x_wconf 89' lang='lat' dir='ltr'><strong>propria</strong></span> <span class='ocrx_word' id='word_1_400' title='bbox 3174 2784 3398 2825; x_wconf 91' lang='lat' dir='ltr'><strong>omnem</strong></span> <span class='ocrx_word' id='word_1_401' title='bbox 3444 2771 3670 2826; x_wconf 88' lang='lat' dir='ltr'><strong>modum</strong></span> 
     </span>
    </p>
   </div>
   <div class='ocr_carea' id='block_1_57' title="bbox 2084 2861 3674 2934">
    <p class='ocr_par' dir='ltr' id='par_1_57' title="bbox 2084 2861 3674 2934">
     <span class='ocr_line' id='line_1_57' title="bbox 2084 2861 3674 2934; baseline 0.001 -16"><span class='ocrx_word' id='word_1_402' title='bbox 2084 2864 2354 2919; x_wconf 87' lang='lat' dir='ltr'><strong>unionum</strong></span> <span class='ocrx_word' id='word_1_403' title='bbox 2404 2878 2436 2917; x_wconf 89' lang='lat' dir='ltr'><strong>a</strong></span> <span class='ocrx_word' id='word_1_404' title='bbox 2476 2862 2589 2917; x_wconf 87' lang='lat' dir='ltr'><strong>Deo</strong></span> <span class='ocrx_word' id='word_1_405' title='bbox 2618 2861 2890 2917; x_wconf 79' lang='lat' dir='ltr'><strong>factarum</strong></span> <span class='ocrx_word' id='word_1_406' title='bbox 2942 2861 3343 2929; x_wconf 88' lang='lat' dir='ltr'><strong>determinant,</strong></span> <span class='ocrx_word' id='word_1_407' title='bbox 3388 2865 3674 2934; x_wconf 86' lang='lat' dir='ltr'><strong>quodlibet</strong></span> 
     </span>
    </p>
   </div>
   <div class='ocr_carea' id='block_1_58' title="bbox 2086 2958 3676 3028">
    <p class='ocr_par' dir='ltr' id='par_1_58' title="bbox 2086 2958 3676 3028">
     <span class='ocr_line' id='line_1_58' title="bbox 2086 2958 3676 3028; baseline 0.001 -15"><span class='ocrx_word' id='word_1_408' title='bbox 2086 2959 2301 3013; x_wconf 90' lang='lat' dir='ltr'><strong>unitum</strong></span> <span class='ocrx_word' id='word_1_409' title='bbox 2357 2959 2445 3014; x_wconf 88' lang='lat' dir='ltr'><strong>vel</strong></span> <span class='ocrx_word' id='word_1_410' title='bbox 2490 2967 2552 3013; x_wconf 87' lang='lat' dir='ltr'><strong>ut</strong></span> <span class='ocrx_word' id='word_1_411' title='bbox 2600 2965 2779 3014; x_wconf 89' lang='lat' dir='ltr'><strong>totum</strong></span> <span class='ocrx_word' id='word_1_412' title='bbox 2832 2958 2920 3013; x_wconf 91' lang='lat' dir='ltr'><strong>vel</strong></span> <span class='ocrx_word' id='word_1_413' title='bbox 2975 2965 3037 3014; x_wconf 88' lang='lat' dir='ltr'><strong>ut</strong></span> <span class='ocrx_word' id='word_1_414' title='bbox 3098 2969 3313 3028; x_wconf 90' lang='lat' dir='ltr'><strong>partem</strong></span> <span class='ocrx_word' id='word_1_415' title='bbox 3383 2959 3532 3014; x_wconf 87' lang='lat' dir='ltr'><strong>uniri</strong></span> <span class='ocrx_word' id='word_1_416' title='bbox 3589 2962 3676 3015; x_wconf 86' lang='lat' dir='ltr'><strong>di-</strong></span> 
     </span>
    </p>
   </div>
   <div class='ocr_carea' id='block_1_59' title="bbox 2086 3049 3675 3116">
    <p class='ocr_par' dir='ltr' id='par_1_59' title="bbox 2086 3049 3675 3116">
     <span class='ocr_line' id='line_1_59' title="bbox 2086 3049 3675 3116; baseline 0.001 -10"><span class='ocrx_word' id='word_1_417' title='bbox 2086 3050 2255 3106; x_wconf 87' lang='lat' dir='ltr'><strong>cunt?</strong></span> <span class='ocrx_word' id='word_1_418' title='bbox 2276 3049 2451 3105; x_wconf 88' lang='lat' dir='ltr'><strong>Omne</strong></span> <span class='ocrx_word' id='word_1_419' title='bbox 2481 3050 2628 3104; x_wconf 91' lang='lat' dir='ltr'><strong>enim</strong></span> <span class='ocrx_word' id='word_1_420' title='bbox 2665 3050 2773 3105; x_wconf 89' lang='lat' dir='ltr'><strong>hoc</strong></span> <span class='ocrx_word' id='word_1_421' title='bbox 2798 3050 3085 3116; x_wconf 88' lang='lat' dir='ltr'><strong>sensibile,</strong></span> <span class='ocrx_word' id='word_1_422' title='bbox 3117 3066 3215 3106; x_wconf 89' lang='lat' dir='ltr'><strong>seu</strong></span> <span class='ocrx_word' id='word_1_423' title='bbox 3275 3050 3517 3107; x_wconf 88' lang='lat' dir='ltr'><strong>mundus</strong></span> <span class='ocrx_word' id='word_1_424' title='bbox 3542 3053 3675 3107; x_wconf 86' lang='lat' dir='ltr'><strong>visi—</strong></span> 
     </span>
    </p>
   </div>
   <div class='ocr_carea' id='block_1_60' title="bbox 2086 3140 3674 3215">
    <p class='ocr_par' dir='ltr' id='par_1_60' title="bbox 2086 3140 3674 3215">
     <span class='ocr_line' id='line_1_60' title="bbox 2086 3140 3674 3215; baseline 0.001 -20"><span class='ocrx_word' id='word_1_425' title='bbox 2086 3141 2237 3204; x_wconf 89' lang='lat' dir='ltr'><strong>bilis,</strong></span> <span class='ocrx_word' id='word_1_426' title='bbox 2287 3140 2344 3196; x_wconf 88' lang='lat' dir='ltr'><strong>in</strong></span> <span class='ocrx_word' id='word_1_427' title='bbox 2393 3141 2600 3196; x_wconf 89' lang='lat' dir='ltr'><strong>unione</strong></span> <span class='ocrx_word' id='word_1_428' title='bbox 2644 3140 2765 3195; x_wconf 90' lang='lat' dir='ltr'><strong>sine</strong></span> <span class='ocrx_word' id='word_1_429' title='bbox 2797 3140 2969 3195; x_wconf 93' lang='lat' dir='ltr'><strong>dubio</strong></span> <span class='ocrx_word' id='word_1_430' title='bbox 3014 3142 3306 3209; x_wconf 89' lang='lat' dir='ltr'><strong>subsistit;</strong></span> <span class='ocrx_word' id='word_1_431' title='bbox 3351 3143 3485 3213; x_wconf 92' lang='lat' dir='ltr'><strong>quid</strong></span> <span class='ocrx_word' id='word_1_432' title='bbox 3538 3159 3674 3215; x_wconf 79' lang='lat' dir='ltr'><strong>ergo</strong></span> 
     </span>
    </p>
   </div>
   <div class='ocr_carea' id='block_1_61' title="bbox 2088 3233 3675 3306">
    <p class='ocr_par' dir='ltr' id='par_1_61' title="bbox 2088 3233 3675 3306">
     <span class='ocr_line' id='line_1_61' title="bbox 2088 3233 3675 3306; baseline 0.002 -18"><span class='ocrx_word' id='word_1_433' title='bbox 2088 3233 2303 3299; x_wconf 87' lang='lat' dir='ltr'><strong>dicunt,</strong></span> <span class='ocrx_word' id='word_1_434' title='bbox 2324 3248 2393 3288; x_wconf 78' lang='lat' dir='ltr'><strong>ex</strong></span> <span class='ocrx_word' id='word_1_435' title='bbox 2429 3233 2559 3288; x_wconf 90' lang='lat' dir='ltr'><strong>totis</strong></span> <span class='ocrx_word' id='word_1_436' title='bbox 2595 3233 2684 3288; x_wconf 88' lang='lat' dir='ltr'><strong>vel</strong></span> <span class='ocrx_word' id='word_1_437' title='bbox 2711 3249 2779 3288; x_wconf 84' lang='lat' dir='ltr'><strong>ex</strong></span> <span class='ocrx_word' id='word_1_438' title='bbox 2805 3233 3060 3303; x_wconf 90' lang='lat' dir='ltr'><strong>partibus</strong></span> <span class='ocrx_word' id='word_1_439' title='bbox 3096 3235 3309 3304; x_wconf 87' lang='lat' dir='ltr'><strong>aliquot</strong></span> <span class='ocrx_word' id='word_1_440' title='bbox 3349 3236 3504 3291; x_wconf 91' lang='lat' dir='ltr'><strong>illum</strong></span> <span class='ocrx_word' id='word_1_441' title='bbox 3536 3252 3675 3306; x_wconf 65' lang='lat' dir='ltr'><strong>prae-</strong></span> 
     </span>
    </p>
   </div>
   <div class='ocr_carea' id='block_1_62' title="bbox 408 3315 1987 3413">
    <p class='ocr_par' dir='ltr' id='par_1_62' title="bbox 408 3315 1983 3413">
     <span class='ocr_line' id='line_1_62' title="bbox 408 3315 1983 3413; baseline 0.001 -19"><span class='ocrx_word' id='word_1_442' title='bbox 408 3315 693 3407; x_wconf 82' lang='grc' dir='ltr'>σύνθεσιν;</span> <span class='ocrx_word' id='word_1_443' title='bbox 724 3341 756 3413; x_wconf 83' lang='grc' dir='ltr'>ἢ</span> <span class='ocrx_word' id='word_1_444' title='bbox 790 3341 992 3412; x_wconf 82' lang='grc' dir='ltr'>μᾶλλον</span> <span class='ocrx_word' id='word_1_445' title='bbox 1047 3344 1113 3396; x_wconf 83' lang='grc' dir='ltr'><strong>ὲκ</strong></span> <span class='ocrx_word' id='word_1_446' title='bbox 1148 3315 1224 3413; x_wconf 55' lang='grc' dir='ltr'>μὴ</span> <span class='ocrx_word' id='word_1_447' title='bbox 1250 3315 1427 3396; x_wconf 30' lang='grc' dir='ltr'>ὄντων.</span> <span class='ocrx_word' id='word_1_448' title='bbox 1448 3341 1589 3405; x_wconf 88' lang='grc' dir='ltr'>ὅλως</span> <span class='ocrx_word' id='word_1_449' title='bbox 1620 3315 1983 3412; x_wconf 76' lang='grc' dir='ltr'>συμπαγῆναι</span> 
     </span>
    </p>
   </div>
   <div class='ocr_carea' id='block_1_63' title="bbox 2089 3315 3677 3413">
    <p class='ocr_par' dir='ltr' id='par_1_63' title="bbox 2089 3325 3677 3395">
     <span class='ocr_line' id='line_1_63' title="bbox 2089 3325 3677 3395; baseline 0 -15"><span class='ocrx_word' id='word_1_450' title='bbox 2089 3325 2417 3381; x_wconf 89' lang='lat' dir='ltr'><strong>cedentibus</strong></span> <span class='ocrx_word' id='word_1_451' title='bbox 2440 3341 2563 3381; x_wconf 91' lang='lat' dir='ltr'><strong>esse</strong></span> <span class='ocrx_word' id='word_1_452' title='bbox 2596 3326 2893 3380; x_wconf 90' lang='lat' dir='ltr'><strong>unionem?</strong></span> <span class='ocrx_word' id='word_1_453' title='bbox 2934 3341 3031 3381; x_wconf 90' lang='lat' dir='ltr'><strong>seu</strong></span> <span class='ocrx_word' id='word_1_454' title='bbox 3057 3327 3247 3395; x_wconf 87' lang='lat' dir='ltr'><strong>potius</strong></span> <span class='ocrx_word' id='word_1_455' title='bbox 3280 3341 3348 3382; x_wconf 81' lang='lat' dir='ltr'><strong>ex</strong></span> <span class='ocrx_word' id='word_1_456' title='bbox 3381 3342 3493 3382; x_wconf 90' lang='lat' dir='ltr'><strong>non</strong></span> <span class='ocrx_word' id='word_1_457' title='bbox 3515 3327 3677 3383; x_wconf 85' lang='lat' dir='ltr'><strong>enti-</strong></span> 
     </span>
    </p>
   </div>
   <div class='ocr_carea' id='block_1_64' title="bbox 407 3431 1984 3504">
    <p class='ocr_par' dir='ltr' id='par_1_64' title="bbox 407 3431 1984 3504">
     <span class='ocr_line' id='line_1_64' title="bbox 407 3431 1984 3504; baseline -0.001 -17"><span class='ocrx_word' id='word_1_458' title='bbox 407 3432 568 3488; x_wconf 80' lang='grc' dir='ltr'>αὺτόν</span> <span class='ocrx_word' id='word_1_459' title='bbox 592 3450 609 3501; x_wconf 89' lang='lat'><strong>;</strong></span> <span class='ocrx_word' id='word_1_460' title='bbox 645 3433 708 3486; x_wconf 79' lang='lat' dir='ltr'><strong>Ei</strong></span> <span class='ocrx_word' id='word_1_461' title='bbox 744 3432 844 3504; x_wconf 82' lang='grc' dir='ltr'><strong>μὲν</strong></span> <span class='ocrx_word' id='word_1_462' title='bbox 862 3434 970 3504; x_wconf 83' lang='grc' dir='ltr'>γὰρ</span> <span class='ocrx_word' id='word_1_463' title='bbox 1007 3432 1071 3487; x_wconf 76' lang='grc' dir='ltr'><strong>ἐκ</strong></span> <span class='ocrx_word' id='word_1_464' title='bbox 1091 3450 1257 3489; x_wconf 85' lang='grc' dir='ltr'>τινων</span> <span class='ocrx_word' id='word_1_465' title='bbox 1285 3432 1755 3504; x_wconf 80' lang='grc' dir='ltr'>προϋπαρξάντων</span> <span class='ocrx_word' id='word_1_466' title='bbox 1785 3432 1922 3486; x_wconf 88' lang='grc' dir='ltr'>ὅλων</span> <span class='ocrx_word' id='word_1_467' title='bbox 1948 3431 1984 3504; x_wconf 80' lang='grc' dir='ltr'>ἢ</span> 
     </span>
    </p>
   </div>
   <div class='ocr_carea' id='block_1_65' title="bbox 411 3522 1987 3597">
    <p class='ocr_par' dir='ltr' id='par_1_65' title="bbox 411 3522 1987 3597">
     <span class='ocr_line' id='line_1_65' title="bbox 411 3522 1987 3597; baseline -0.003 -17"><span class='ocrx_word' id='word_1_468' title='bbox 411 3526 594 3596; x_wconf 84' lang='grc' dir='ltr'>μερῶν</span> <span class='ocrx_word' id='word_1_469' title='bbox 631 3526 754 3580; x_wconf 86' lang='grc' dir='ltr'>κατ’</span> <span class='ocrx_word' id='word_1_470' title='bbox 794 3526 972 3597; x_wconf 84' lang='grc' dir='ltr'>ἀρχὰς</span> <span class='ocrx_word' id='word_1_471' title='bbox 1001 3525 1256 3594; x_wconf 87' lang='grc' dir='ltr'>γενέσθαι</span> <span class='ocrx_word' id='word_1_472' title='bbox 1299 3525 1465 3579; x_wconf 81' lang='grc' dir='ltr'>αὐτὸν</span> <span class='ocrx_word' id='word_1_473' title='bbox 1488 3524 1716 3584; x_wconf 74' lang='grc' dir='ltr'>οἴονται.</span> <span class='ocrx_word' id='word_1_474' title='bbox 1758 3522 1859 3595; x_wconf 73' lang='grc' dir='ltr'>τὴν</span> <span class='ocrx_word' id='word_1_475' title='bbox 1904 3523 1987 3576; x_wconf 78' lang='lat' dir='ltr'><strong>oi-</strong></span> 
     </span>
    </p>
   </div>
   <div class='ocr_carea' id='block_1_66' title="bbox 412 3612 1990 3687">
    <p class='ocr_par' dir='ltr' id='par_1_66' title="bbox 412 3612 1990 3687">
     <span class='ocr_line' id='line_1_66' title="bbox 412 3612 1990 3687; baseline -0.002 -17"><span class='ocrx_word' id='word_1_476' title='bbox 412 3619 567 3672; x_wconf 86' lang='grc' dir='ltr'>κείαν</span> <span class='ocrx_word' id='word_1_477' title='bbox 592 3617 753 3685; x_wconf 81' lang='grc' dir='ltr'>δόξαν</span> <span class='ocrx_word' id='word_1_478' title='bbox 782 3617 1204 3687; x_wconf 78' lang='grc' dir='ltr'>γνωριζέτωσαν</span> <span class='ocrx_word' id='word_1_479' title='bbox 1231 3616 1385 3687; x_wconf 82' lang='grc' dir='ltr'>ἡμῖν,</span> <span class='ocrx_word' id='word_1_480' title='bbox 1421 3616 1511 3669; x_wconf 76' lang='grc' dir='ltr'><strong>ἵνα</strong></span> <span class='ocrx_word' id='word_1_481' title='bbox 1537 3617 1586 3669; x_wconf 80' lang='grc' dir='ltr'><strong>εί</strong></span> <span class='ocrx_word' id='word_1_482' title='bbox 1617 3614 1793 3679; x_wconf 77' lang='grc' dir='ltr'>οὕτως</span> <span class='ocrx_word' id='word_1_483' title='bbox 1819 3612 1990 3682; x_wconf 85' lang='grc' dir='ltr'>λέγω·</span> 
     </span>
    </p>
   </div>
   <div class='ocr_carea' id='block_1_67' title="bbox 414 3706 1989 3782">
    <p class='ocr_par' dir='ltr' id='par_1_67' title="bbox 414 3706 1989 3782">
     <span class='ocr_line' id='line_1_67' title="bbox 414 3706 1989 3782; baseline -0.003 -17"><span class='ocrx_word' id='word_1_484' title='bbox 414 3728 519 3777; x_wconf 89' lang='grc' dir='ltr'>σιν,</span> <span class='ocrx_word' id='word_1_485' title='bbox 574 3710 650 3775; x_wconf 89' lang='grc' dir='ltr'><strong>ώς</strong></span> <span class='ocrx_word' id='word_1_486' title='bbox 701 3710 841 3782; x_wconf 83' lang='grc' dir='ltr'>πρὸς</span> <span class='ocrx_word' id='word_1_487' title='bbox 869 3710 1140 3781; x_wconf 85' lang='grc' dir='ltr'>Ἕλληνας</span> <span class='ocrx_word' id='word_1_488' title='bbox 1183 3708 1391 3773; x_wconf 83' lang='grc' dir='ltr'>λοιπὸν,</span> <span class='ocrx_word' id='word_1_489' title='bbox 1443 3707 1540 3763; x_wconf 73' lang='grc' dir='ltr'>καὶ</span> <span class='ocrx_word' id='word_1_490' title='bbox 1592 3708 1654 3762; x_wconf 83' lang='grc' dir='ltr'><strong>οὐ</strong></span> <span class='ocrx_word' id='word_1_491' title='bbox 1712 3708 1845 3780; x_wconf 79' lang='grc' dir='ltr'>περὶ</span> <span class='ocrx_word' id='word_1_492' title='bbox 1893 3706 1989 3761; x_wconf 87' lang='grc' dir='ltr'><strong>τοῦ</strong></span> 
     </span>
    </p>
   </div>
   <div class='ocr_carea' id='block_1_68' title="bbox 413 3799 1992 3874">
    <p class='ocr_par' dir='ltr' id='par_1_68' title="bbox 413 3799 1992 3874">
     <span class='ocr_line' id='line_1_68' title="bbox 413 3799 1992 3874; baseline -0.001 -20"><span class='ocrx_word' id='word_1_493' title='bbox 413 3802 615 3874; x_wconf 80' lang='grc' dir='ltr'>τρόπου</span> <span class='ocrx_word' id='word_1_494' title='bbox 676 3803 777 3874; x_wconf 80' lang='grc' dir='ltr'><strong>τῆς</strong></span> <span class='ocrx_word' id='word_1_495' title='bbox 823 3803 1138 3873; x_wconf 80' lang='grc' dir='ltr'>οἰκονομίας</span> <span class='ocrx_word' id='word_1_496' title='bbox 1178 3801 1605 3873; x_wconf 83' lang='grc' dir='ltr'>διαφερομένους</span> <span class='ocrx_word' id='word_1_497' title='bbox 1650 3799 1806 3873; x_wconf 85' lang='grc' dir='ltr'>μόνον</span> <span class='ocrx_word' id='word_1_498' title='bbox 1853 3800 1992 3871; x_wconf 73' lang='grc' dir='ltr'>πρὸς</span> 
     </span>
    </p>
   </div>
   <div class='ocr_carea' id='block_1_69' title="bbox 412 3890 1992 3965">
    <p class='ocr_par' dir='ltr' id='par_1_69' title="bbox 412 3890 1992 3965">
     <span class='ocr_line' id='line_1_69' title="bbox 412 3890 1992 3965; baseline -0.003 -17"><span class='ocrx_word' id='word_1_499' title='bbox 412 3896 586 3965; x_wconf 82' lang='grc' dir='ltr'>ἡμᾶς,</span> <span class='ocrx_word' id='word_1_500' title='bbox 625 3893 1028 3965; x_wconf 81' lang='grc' dir='ltr'>διαλεξώμεθα.</span> <span class='ocrx_word' id='word_1_501' title='bbox 1081 3895 1145 3948; x_wconf 81' lang='lat' dir='ltr'><strong>Ei</strong></span> <span class='ocrx_word' id='word_1_502' title='bbox 1180 3893 1239 3947; x_wconf 85' lang='grc' dir='ltr'><strong>δὲ</strong></span> <span class='ocrx_word' id='word_1_503' title='bbox 1268 3894 1368 3964; x_wconf 85' lang='grc' dir='ltr'>τῆς</span> <span class='ocrx_word' id='word_1_504' title='bbox 1392 3892 1730 3963; x_wconf 83' lang='grc' dir='ltr'>φιλονεικίας</span> <span class='ocrx_word' id='word_1_505' title='bbox 1756 3890 1992 3962; x_wconf 87' lang='grc' dir='ltr'>προκρί-</span> 
     </span>
    </p>
   </div>
   <div class='ocr_carea' id='block_1_70' title="bbox 414 3983 1993 4059">
    <p class='ocr_par' dir='ltr' id='par_1_70' title="bbox 414 3983 1993 4059">
     <span class='ocr_line' id='line_1_70' title="bbox 414 3983 1993 4059; baseline -0.003 -18"><span class='ocrx_word' id='word_1_506' title='bbox 414 4005 606 4053; x_wconf 86' lang='grc' dir='ltr'>ναντες</span> <span class='ocrx_word' id='word_1_507' title='bbox 629 3987 728 4059; x_wconf 84' lang='grc' dir='ltr'><strong>τὴν</strong></span> <span class='ocrx_word' id='word_1_508' title='bbox 756 3987 1070 4053; x_wconf 79' lang='grc' dir='ltr'>εὐσέὸειαν,</span> <span class='ocrx_word' id='word_1_509' title='bbox 1089 3987 1154 4041; x_wconf 81' lang='grc' dir='ltr'><strong>ὲκ</strong></span> <span class='ocrx_word' id='word_1_510' title='bbox 1189 3986 1265 4057; x_wconf 81' lang='grc' dir='ltr'>μὴ</span> <span class='ocrx_word' id='word_1_511' title='bbox 1294 3986 1467 4041; x_wconf 84' lang='grc' dir='ltr'>ὅντων</span> <span class='ocrx_word' id='word_1_512' title='bbox 1508 3985 1646 4056; x_wconf 77' lang='grc' dir='ltr'>φασὶ</span> <span class='ocrx_word' id='word_1_513' title='bbox 1676 3984 1767 4038; x_wconf 80' lang='grc' dir='ltr'><strong>τὸν</strong></span> <span class='ocrx_word' id='word_1_514' title='bbox 1798 3983 1993 4037; x_wconf 83' lang='grc' dir='ltr'>σύνθε-</span> 
     </span>
    </p>
   </div>
   <div class='ocr_carea' id='block_1_71' title="bbox 413 4074 1994 4151">
    <p class='ocr_par' dir='ltr' id='par_1_71' title="bbox 413 4074 1994 4151">
     <span class='ocr_line' id='line_1_71' title="bbox 413 4074 1994 4151; baseline -0.004 -17"><span class='ocrx_word' id='word_1_515' title='bbox 413 4098 508 4135; x_wconf 86' lang='grc' dir='ltr'><strong>τον</strong></span> <span class='ocrx_word' id='word_1_516' title='bbox 534 4081 740 4151; x_wconf 86' lang='grc' dir='ltr'>κόσμον</span> <span class='ocrx_word' id='word_1_517' title='bbox 768 4080 1049 4149; x_wconf 88' lang='grc' dir='ltr'>γενέσθαι,</span> <span class='ocrx_word' id='word_1_518' title='bbox 1082 4078 1414 4133; x_wconf 78' lang='grc' dir='ltr'>ἀκούσονται</span> <span class='ocrx_word' id='word_1_519' title='bbox 1441 4078 1524 4131; x_wconf 89' lang='grc' dir='ltr'><strong>ὅτι</strong></span> <span class='ocrx_word' id='word_1_520' title='bbox 1546 4077 1610 4131; x_wconf 79' lang='grc' dir='ltr'><strong>τὸ</strong></span> <span class='ocrx_word' id='word_1_521' title='bbox 1651 4076 1726 4149; x_wconf 82' lang='grc' dir='ltr'><strong>μὴ</strong></span> <span class='ocrx_word' id='word_1_522' title='bbox 1761 4074 1842 4141; x_wconf 71' lang='grc' dir='ltr'>ὃν,</span> <span class='ocrx_word' id='word_1_523' title='bbox 1869 4074 1994 4128; x_wconf 69' lang='grc' dir='ltr'>οὔτε</span> 
     </span>
    </p>
   </div>
   <div class='ocr_carea' id='block_1_72' title="bbox 416 4165 1996 4244">
    <p class='ocr_par' dir='ltr' id='par_1_72' title="bbox 416 4165 1996 4244">
     <span class='ocr_line' id='line_1_72' title="bbox 416 4165 1996 4244; baseline -0.004 -17"><span class='ocrx_word' id='word_1_524' title='bbox 416 4173 557 4236; x_wconf 81' lang='grc' dir='ltr'>ὅλον,</span> <span class='ocrx_word' id='word_1_525' title='bbox 583 4172 706 4225; x_wconf 72' lang='grc' dir='ltr'>οὗτε</span> <span class='ocrx_word' id='word_1_526' title='bbox 738 4173 903 4244; x_wconf 89' lang='grc' dir='ltr'>μέρος</span> <span class='ocrx_word' id='word_1_527' title='bbox 936 4171 1076 4227; x_wconf 77' lang='grc' dir='ltr'>ὲστί.</span> <span class='ocrx_word' id='word_1_528' title='bbox 1102 4171 1226 4235; x_wconf 85' lang='grc' dir='ltr'><strong>Πῶς</strong></span> <span class='ocrx_word' id='word_1_529' title='bbox 1248 4165 1363 4235; x_wconf 77' lang='grc' dir='ltr'>οὖν,</span> <span class='ocrx_word' id='word_1_530' title='bbox 1394 4168 1519 4223; x_wconf 81' lang='grc' dir='ltr'>οὔτε</span> <span class='ocrx_word' id='word_1_531' title='bbox 1547 4168 1668 4223; x_wconf 90' lang='grc' dir='ltr'>ὅλου</span> <span class='ocrx_word' id='word_1_532' title='bbox 1702 4168 1847 4231; x_wconf 72' lang='grc' dir='ltr'>τινος</span> <span class='ocrx_word' id='word_1_533' title='bbox 1869 4165 1996 4220; x_wconf 75' lang='grc' dir='ltr'>οὕτε</span> 
     </span>
    </p>
   </div>
   <div class='ocr_carea' id='block_1_73' title="bbox 421 4245 1997 4337">
    <p class='ocr_par' dir='ltr' id='par_1_73' title="bbox 421 4245 1997 4337">
     <span class='ocr_line' id='line_1_73' title="bbox 421 4245 1997 4337; baseline -0.004 -17"><span class='ocrx_word' id='word_1_534' title='bbox 421 4267 624 4337; x_wconf 88' lang='grc' dir='ltr'>μέρους</span> <span class='ocrx_word' id='word_1_535' title='bbox 651 4266 1105 4337; x_wconf 79' lang='grc' dir='ltr'>προῦπάρξαντος</span> <span class='ocrx_word' id='word_1_536' title='bbox 1126 4306 1141 4331; x_wconf 94' lang='grc'><strong>,</strong></span> <span class='ocrx_word' id='word_1_537' title='bbox 1179 4267 1212 4336; x_wconf 82' lang='grc' dir='ltr'>ἡ</span> <span class='ocrx_word' id='word_1_538' title='bbox 1235 4263 1485 4328; x_wconf 83' lang='grc' dir='ltr'>σύνθεσις</span> <span class='ocrx_word' id='word_1_539' title='bbox 1502 4262 1653 4317; x_wconf 89' lang='grc' dir='ltr'>τοῦδε</span> <span class='ocrx_word' id='word_1_540' title='bbox 1678 4245 1772 4316; x_wconf 76' lang='grc' dir='ltr'><strong>τοῦ</strong></span> <span class='ocrx_word' id='word_1_541' title='bbox 1798 4261 1997 4325; x_wconf 81' lang='grc' dir='ltr'>παντὸς</span> 
     </span>
    </p>
   </div>
   <div class='ocr_carea' id='block_1_74' title="bbox 418 4354 1998 4430">
    <p class='ocr_par' dir='ltr' id='par_1_74' title="bbox 418 4354 1998 4430">
     <span class='ocr_line' id='line_1_74' title="bbox 418 4354 1998 4430; baseline -0.004 -17"><span class='ocrx_word' id='word_1_542' title='bbox 418 4360 612 4428; x_wconf 84' lang='grc' dir='ltr'>γέγονε</span> <span class='ocrx_word' id='word_1_543' title='bbox 664 4360 907 4430; x_wconf 84' lang='grc' dir='ltr'>κόσμου;</span> <span class='ocrx_word' id='word_1_544' title='bbox 968 4359 1180 4421; x_wconf 82' lang='grc' dir='ltr'>Παντὸς</span> <span class='ocrx_word' id='word_1_545' title='bbox 1234 4356 1489 4411; x_wconf 82' lang='grc' dir='ltr'>συνθέτου</span> <span class='ocrx_word' id='word_1_546' title='bbox 1528 4356 1816 4426; x_wconf 86' lang='grc' dir='ltr'>γινομένου</span> <span class='ocrx_word' id='word_1_547' title='bbox 1872 4354 1998 4409; x_wconf 91' lang='grc' dir='ltr'>ὅλου</span> 
     </span>
    </p>
   </div>
   <div class='ocr_carea' id='block_1_75' title="bbox 419 4448 1999 4524">
    <p class='ocr_par' dir='ltr' id='par_1_75' title="bbox 419 4448 1999 4524">
     <span class='ocr_line' id='line_1_75' title="bbox 419 4448 1999 4524; baseline -0.003 -19"><span class='ocrx_word' id='word_1_548' title='bbox 419 4452 564 4515; x_wconf 83' lang='grc' dir='ltr'>τινὸς</span> <span class='ocrx_word' id='word_1_549' title='bbox 585 4453 716 4524; x_wconf 87' lang='grc' dir='ltr'>ὅλῳ,</span> <span class='ocrx_word' id='word_1_550' title='bbox 737 4454 772 4523; x_wconf 81' lang='grc' dir='ltr'><strong>ἢ</strong></span> <span class='ocrx_word' id='word_1_551' title='bbox 806 4454 1005 4524; x_wconf 88' lang='grc' dir='ltr'>μέρους</span> <span class='ocrx_word' id='word_1_552' title='bbox 1032 4452 1209 4523; x_wconf 87' lang='grc' dir='ltr'>μέρει,</span> <span class='ocrx_word' id='word_1_553' title='bbox 1241 4450 1274 4522; x_wconf 83' lang='grc' dir='ltr'>ἢ</span> <span class='ocrx_word' id='word_1_554' title='bbox 1308 4449 1508 4523; x_wconf 91' lang='grc' dir='ltr'>μέρους</span> <span class='ocrx_word' id='word_1_555' title='bbox 1536 4449 1642 4521; x_wconf 85' lang='grc' dir='ltr'>ὅλῳ</span> <span class='ocrx_word' id='word_1_556' title='bbox 1664 4448 1793 4516; x_wconf 76' lang='grc' dir='ltr'>τινἰ,</span> <span class='ocrx_word' id='word_1_557' title='bbox 1825 4449 1999 4516; x_wconf 72' lang='grc' dir='ltr'>ἀναγι-</span> 
     </span>
    </p>
   </div>
   <div class='ocr_carea' id='block_1_76' title="bbox 422 4538 2002 4615">
    <p class='ocr_par' dir='ltr' id='par_1_76' title="bbox 422 4538 2002 4615">
     <span class='ocr_line' id='line_1_76' title="bbox 422 4538 2002 4615; baseline -0.003 -18"><span class='ocrx_word' id='word_1_558' title='bbox 422 4543 593 4608; x_wconf 80' lang='grc' dir='ltr'>καίως</span> <span class='ocrx_word' id='word_1_559' title='bbox 620 4543 1056 4615; x_wconf 81' lang='grc' dir='ltr'>συντεθειμένου,</span> <span class='ocrx_word' id='word_1_560' title='bbox 1093 4542 1168 4606; x_wconf 84' lang='grc' dir='ltr'>ὥς</span> <span class='ocrx_word' id='word_1_561' title='bbox 1193 4557 1351 4612; x_wconf 80' lang='grc' dir='ltr'>φατε’</span> <span class='ocrx_word' id='word_1_562' title='bbox 1411 4540 1616 4612; x_wconf 82' lang='grc' dir='ltr'>ψευδὴς</span> <span class='ocrx_word' id='word_1_563' title='bbox 1650 4539 1761 4612; x_wconf 80' lang='grc' dir='ltr'>ἄρα</span> <span class='ocrx_word' id='word_1_564' title='bbox 1797 4541 1831 4612; x_wconf 77' lang='grc' dir='ltr'><strong>ἡ</strong></span> <span class='ocrx_word' id='word_1_565' title='bbox 1867 4538 2002 4593; x_wconf 86' lang='grc' dir='ltr'>καθ-</span> 
     </span>
    </p>
   </div>
   <div class='ocr_carea' id='block_1_77' title="bbox 421 4632 1857 4707">
    <p class='ocr_par' dir='ltr' id='par_1_77' title="bbox 421 4632 1857 4707">
     <span class='ocr_line' id='line_1_77' title="bbox 421 4632 1857 4707; baseline -0.002 -17"><span class='ocrx_word' id='word_1_566' title='bbox 421 4637 543 4690; x_wconf 90' lang='grc' dir='ltr'>όλου</span> <span class='ocrx_word' id='word_1_567' title='bbox 584 4636 889 4705; x_wconf 82' lang='grc' dir='ltr'>ὑπόφανσις</span> <span class='ocrx_word' id='word_1_568' title='bbox 928 4635 1031 4706; x_wconf 78' lang='grc' dir='ltr'>τῆς</span> <span class='ocrx_word' id='word_1_569' title='bbox 1060 4633 1289 4707; x_wconf 83' lang='grc' dir='ltr'>πρώτης</span> <span class='ocrx_word' id='word_1_570' title='bbox 1331 4633 1493 4698; x_wconf 81' lang='grc' dir='ltr'>εὐθὺς</span> <span class='ocrx_word' id='word_1_571' title='bbox 1520 4632 1857 4706; x_wconf 84' lang='grc' dir='ltr'>προτάσεως.</span> 
     </span>
    </p>
   </div>
   <div class='ocr_carea' id='block_1_78' title="bbox 495 4804 2003 4883">
    <p class='ocr_par' dir='ltr' id='par_1_78' title="bbox 495 4804 2003 4883">
     <span class='ocr_line' id='line_1_78' title="bbox 495 4804 2003 4883; baseline -0.003 -17"><span class='ocrx_word' id='word_1_572' title='bbox 495 4812 607 4872; x_wconf 74' lang='grc' dir='ltr'>Καὶ</span> <span class='ocrx_word' id='word_1_573' title='bbox 663 4810 851 4883; x_wconf 76' lang='grc' dir='ltr'>ἕτερον</span> <span class='ocrx_word' id='word_1_574' title='bbox 874 4810 919 4865; x_wconf 85' lang='grc' dir='ltr'>δ’</span> <span class='ocrx_word' id='word_1_575' title='bbox 976 4804 1069 4865; x_wconf 80' lang='grc' dir='ltr'><strong>οῦν</strong></span> <span class='ocrx_word' id='word_1_576' title='bbox 1108 4811 1243 4880; x_wconf 82' lang='grc' dir='ltr'>ἡμῖν</span> <span class='ocrx_word' id='word_1_577' title='bbox 1290 4808 1718 4879; x_wconf 84' lang='grc' dir='ltr'>πυνθανομένοις</span> <span class='ocrx_word' id='word_1_578' title='bbox 1765 4810 2003 4881; x_wconf 84' lang='grc' dir='ltr'>ἀποκρί-</span> 
     </span>
    </p>
   </div>
   <div class='ocr_carea' id='block_1_79' title="bbox 424 4902 2003 4975">
    <p class='ocr_par' dir='ltr' id='par_1_79' title="bbox 424 4902 2003 4975">
     <span class='ocr_line' id='line_1_79' title="bbox 424 4902 2003 4975; baseline -0.001 -16"><span class='ocrx_word' id='word_1_579' title='bbox 424 4904 590 4960; x_wconf 85' lang='grc' dir='ltr'>νασθε</span> <span class='ocrx_word' id='word_1_580' title='bbox 614 4921 629 4937; x_wconf 79' lang='grc'><strong><em>⁸</em></strong></span> <span class='ocrx_word' id='word_1_581' title='bbox 691 4904 848 4958; x_wconf 78' lang='grc' dir='ltr'>Ἐπεὶ</span> <span class='ocrx_word' id='word_1_582' title='bbox 876 4904 986 4957; x_wconf 84' lang='grc' dir='ltr'>πᾶν</span> <span class='ocrx_word' id='word_1_583' title='bbox 1030 4902 1194 4975; x_wconf 88' lang='grc' dir='ltr'>σῶμα</span> <span class='ocrx_word' id='word_1_584' title='bbox 1234 4903 1330 4959; x_wconf 75' lang='grc' dir='ltr'>καὶ</span> <span class='ocrx_word' id='word_1_585' title='bbox 1365 4904 1430 4957; x_wconf 84' lang='grc' dir='ltr'><strong>ὲκ</strong></span> <span class='ocrx_word' id='word_1_586' title='bbox 1460 4902 1636 4958; x_wconf 83' lang='grc' dir='ltr'>ποιοῦ</span> <span class='ocrx_word' id='word_1_587' title='bbox 1676 4903 1773 4957; x_wconf 75' lang='grc' dir='ltr'><strong>καὶ</strong></span> <span class='ocrx_word' id='word_1_588' title='bbox 1804 4902 2003 4958; x_wconf 83' lang='grc' dir='ltr'>ποσοῦ</span> 
     </span>
    </p>
   </div>
   <div class='ocr_carea' id='block_1_80' title="bbox 427 4992 2003 5066">
    <p class='ocr_par' dir='ltr' id='par_1_80' title="bbox 427 4992 2003 5066">
     <span class='ocr_line' id='line_1_80' title="bbox 427 4992 2003 5066; baseline 0.003 -21"><span class='ocrx_word' id='word_1_589' title='bbox 427 4993 753 5063; x_wconf 80' lang='grc' dir='ltr'>συγκεῖσθαι</span> <span class='ocrx_word' id='word_1_590' title='bbox 796 4992 1039 5063; x_wconf 87' lang='grc' dir='ltr'>λέγεται,</span> <span class='ocrx_word' id='word_1_591' title='bbox 1094 4993 1300 5048; x_wconf 83' lang='grc' dir='ltr'>τούτων</span> <span class='ocrx_word' id='word_1_592' title='bbox 1343 4992 1419 5058; x_wconf 87' lang='grc' dir='ltr'><strong>ώς</strong></span> <span class='ocrx_word' id='word_1_593' title='bbox 1444 4994 1603 5056; x_wconf 85' lang='grc' dir='ltr'>ὅλων.</span> <span class='ocrx_word' id='word_1_594' title='bbox 1639 4994 1673 5066; x_wconf 82' lang='grc' dir='ltr'>ἢ</span> <span class='ocrx_word' id='word_1_595' title='bbox 1704 4994 1781 5057; x_wconf 91' lang='grc' dir='ltr'><strong>ώς</strong></span> <span class='ocrx_word' id='word_1_596' title='bbox 1818 4994 2003 5066; x_wconf 83' lang='grc' dir='ltr'>μερῶν</span> 
     </span>
    </p>
   </div>
   <div class='ocr_carea' id='block_1_81' title="bbox 427 5080 1997 5159">
    <p class='ocr_par' dir='ltr' id='par_1_81' title="bbox 427 5080 1997 5159">
     <span class='ocr_line' id='line_1_81' title="bbox 427 5080 1997 5159; baseline 0 -20"><span class='ocrx_word' id='word_1_597' title='bbox 427 5085 647 5154; x_wconf 85' lang='grc' dir='ltr'>λέγεται</span> <span class='ocrx_word' id='word_1_598' title='bbox 693 5080 833 5141; x_wconf 72' lang='grc' dir='ltr'>εἶναι</span> <span class='ocrx_word' id='word_1_599' title='bbox 876 5088 975 5159; x_wconf 80' lang='grc' dir='ltr'>τὴν</span> <span class='ocrx_word' id='word_1_600' title='bbox 1014 5086 1301 5152; x_wconf 86' lang='grc' dir='ltr'>σύνθεσιν;</span> <span class='ocrx_word' id='word_1_601' title='bbox 1339 5086 1400 5141; x_wconf 79' lang='lat' dir='ltr'><strong>Ei</strong></span> <span class='ocrx_word' id='word_1_602' title='bbox 1439 5085 1540 5156; x_wconf 85' lang='grc' dir='ltr'><strong>μὲν</strong></span> <span class='ocrx_word' id='word_1_603' title='bbox 1570 5085 1679 5156; x_wconf 84' lang='grc' dir='ltr'>γὰρ</span> <span class='ocrx_word' id='word_1_604' title='bbox 1717 5086 1795 5150; x_wconf 86' lang='grc' dir='ltr'><strong>ώς</strong></span> <span class='ocrx_word' id='word_1_605' title='bbox 1837 5086 1997 5152; x_wconf 88' lang='grc' dir='ltr'>ὅλων,</span> 
     </span>
    </p>
   </div>
   <div class='ocr_carea' id='block_1_82' title="bbox 427 5172 2002 5249">
    <p class='ocr_par' dir='ltr' id='par_1_82' title="bbox 427 5172 2002 5249">
     <span class='ocr_line' id='line_1_82' title="bbox 427 5172 2002 5249; baseline -0.002 -19"><span class='ocrx_word' id='word_1_606' title='bbox 427 5177 553 5232; x_wconf 73' lang='grc' dir='ltr'>ἐπεὶ</span> <span class='ocrx_word' id='word_1_607' title='bbox 594 5179 864 5249; x_wconf 76' lang='grc' dir='ltr'>χωρισταὶ</span> <span class='ocrx_word' id='word_1_608' title='bbox 886 5177 1067 5233; x_wconf 80' lang='grc' dir='ltr'>οὐσίαι</span> <span class='ocrx_word' id='word_1_609' title='bbox 1090 5178 1263 5231; x_wconf 83' lang='grc' dir='ltr'>ταῦτα</span> <span class='ocrx_word' id='word_1_610' title='bbox 1290 5177 1391 5230; x_wconf 71' lang='grc' dir='ltr'>οὐκ</span> <span class='ocrx_word' id='word_1_611' title='bbox 1430 5176 1539 5229; x_wconf 71' lang='lat' dir='ltr'><strong>eici</strong></span> <span class='ocrx_word' id='word_1_612' title='bbox 1567 5174 1677 5246; x_wconf 78' lang='grc' dir='ltr'>πρὸ</span> <span class='ocrx_word' id='word_1_613' title='bbox 1726 5172 2002 5244; x_wconf 88' lang='grc' dir='ltr'>σώματος,</span> 
     </span>
    </p>
   </div>
   <div class='ocr_carea' id='block_1_83' title="bbox 429 5264 2009 5338">
    <p class='ocr_par' dir='ltr' id='par_1_83' title="bbox 429 5264 2009 5338">
     <span class='ocr_line' id='line_1_83' title="bbox 429 5264 2009 5338; baseline -0.002 -14"><span class='ocrx_word' id='word_1_614' title='bbox 429 5270 535 5324; x_wconf 89' lang='grc' dir='ltr'><strong>ποῦ</strong></span> <span class='ocrx_word' id='word_1_615' title='bbox 565 5270 798 5335; x_wconf 78' lang='grc' dir='ltr'>καὶπῶς</span> <span class='ocrx_word' id='word_1_616' title='bbox 825 5269 993 5325; x_wconf 82' lang='grc' dir='ltr'>ὅντων</span> <span class='ocrx_word' id='word_1_617' title='bbox 1021 5270 1188 5337; x_wconf 84' lang='grc' dir='ltr'>ὂλων;</span> <span class='ocrx_word' id='word_1_618' title='bbox 1221 5264 1352 5323; x_wconf 82' lang='grc' dir='ltr'>Εϊτα</span> <span class='ocrx_word' id='word_1_619' title='bbox 1377 5269 1433 5323; x_wconf 81' lang='grc' dir='ltr'><strong>δὲ</strong></span> <span class='ocrx_word' id='word_1_620' title='bbox 1456 5268 1594 5335; x_wconf 90' lang='grc' dir='ltr'>πῶς,</span> <span class='ocrx_word' id='word_1_621' title='bbox 1624 5267 1722 5338; x_wconf 83' lang='grc' dir='ltr'>τῆς</span> <span class='ocrx_word' id='word_1_622' title='bbox 1754 5267 2009 5338; x_wconf 85' lang='grc' dir='ltr'>ὁλότητος</span> 
     </span>
    </p>
   </div>
   <div class='ocr_carea' id='block_1_84' title="bbox 429 5359 2010 5433">
    <p class='ocr_par' dir='ltr' id='par_1_84' title="bbox 429 5359 2010 5433">
     <span class='ocr_line' id='line_1_84' title="bbox 429 5359 2010 5433; baseline -0.003 -16"><span class='ocrx_word' id='word_1_623' title='bbox 429 5361 525 5417; x_wconf 89' lang='grc' dir='ltr'><strong>τοῦ</strong></span> <span class='ocrx_word' id='word_1_624' title='bbox 556 5362 733 5419; x_wconf 79' lang='grc' dir='ltr'>ποιοῦ</span> <span class='ocrx_word' id='word_1_625' title='bbox 764 5361 859 5417; x_wconf 76' lang='grc' dir='ltr'>καὶ</span> <span class='ocrx_word' id='word_1_626' title='bbox 908 5362 1108 5418; x_wconf 83' lang='grc' dir='ltr'>ποσοῦ</span> <span class='ocrx_word' id='word_1_627' title='bbox 1140 5363 1199 5416; x_wconf 77' lang='grc' dir='ltr'>ἐν</span> <span class='ocrx_word' id='word_1_628' title='bbox 1222 5361 1302 5433; x_wconf 81' lang='grc' dir='ltr'>τῷ</span> <span class='ocrx_word' id='word_1_629' title='bbox 1343 5362 1425 5415; x_wconf 74' lang='grc' dir='ltr'><strong>ἑνὶ</strong></span> <span class='ocrx_word' id='word_1_630' title='bbox 1459 5360 1673 5431; x_wconf 86' lang='grc' dir='ltr'>σώματι</span> <span class='ocrx_word' id='word_1_631' title='bbox 1696 5359 1775 5429; x_wconf 82' lang='grc' dir='ltr'>τῷ</span> <span class='ocrx_word' id='word_1_632' title='bbox 1808 5359 2010 5431; x_wconf 86' lang='grc' dir='ltr'>πρώτῳ</span> 
     </span>
    </p>
   </div>
   <div class='ocr_carea' id='block_1_85' title="bbox 429 5452 2007 5527">
    <p class='ocr_par' dir='ltr' id='par_1_85' title="bbox 429 5452 2007 5527">
     <span class='ocr_line' id='line_1_85' title="bbox 429 5452 2007 5527; baseline -0.002 -18"><span class='ocrx_word' id='word_1_633' title='bbox 429 5455 541 5511; x_wconf 86' lang='grc' dir='ltr'><strong>τῶν</strong></span> <span class='ocrx_word' id='word_1_634' title='bbox 583 5455 806 5527; x_wconf 85' lang='grc' dir='ltr'>ἀτόμων</span> <span class='ocrx_word' id='word_1_635' title='bbox 847 5454 1218 5526; x_wconf 88' lang='grc' dir='ltr'>συντεθείσης,</span> <span class='ocrx_word' id='word_1_636' title='bbox 1274 5455 1413 5523; x_wconf 82' lang='grc' dir='ltr'>μετά</span> <span class='ocrx_word' id='word_1_637' title='bbox 1454 5453 1516 5507; x_wconf 77' lang='grc' dir='ltr'>τὸ</span> <span class='ocrx_word' id='word_1_638' title='bbox 1560 5452 1780 5524; x_wconf 85' lang='grc' dir='ltr'>πρῶτον</span> <span class='ocrx_word' id='word_1_639' title='bbox 1824 5454 2007 5522; x_wconf 90' lang='grc' dir='ltr'>σῶμα,</span> 
     </span>
    </p>
   </div>
   <div class='ocr_carea' id='block_1_86' title="bbox 431 5544 2005 5620">
    <p class='ocr_par' dir='ltr' id='par_1_86' title="bbox 431 5544 2005 5620">
     <span class='ocr_line' id='line_1_86' title="bbox 431 5544 2005 5620; baseline -0.003 -18"><span class='ocrx_word' id='word_1_640' title='bbox 431 5547 688 5620; x_wconf 83' lang='grc' dir='ltr'>δεύτερον</span> <span class='ocrx_word' id='word_1_641' title='bbox 717 5547 798 5602; x_wconf 75' lang='grc' dir='ltr'>ἔτι</span> <span class='ocrx_word' id='word_1_642' title='bbox 831 5546 1024 5617; x_wconf 87' lang='grc' dir='ltr'>γέγονέ</span> <span class='ocrx_word' id='word_1_643' title='bbox 1061 5564 1115 5601; x_wconf 85' lang='grc' dir='ltr'><strong>τι</strong></span> <span class='ocrx_word' id='word_1_644' title='bbox 1154 5547 1217 5600; x_wconf 80' lang='grc' dir='ltr'><strong>ὲκ</strong></span> <span class='ocrx_word' id='word_1_645' title='bbox 1242 5545 1418 5600; x_wconf 79' lang='grc' dir='ltr'>ποιοῦ</span> <span class='ocrx_word' id='word_1_646' title='bbox 1456 5545 1551 5600; x_wconf 68' lang='grc' dir='ltr'>καὶ</span> <span class='ocrx_word' id='word_1_647' title='bbox 1581 5544 1778 5598; x_wconf 83' lang='grc' dir='ltr'>ποσοῦ</span> <span class='ocrx_word' id='word_1_648' title='bbox 1813 5544 2005 5614; x_wconf 88' lang='grc' dir='ltr'>σῶμα;</span> 
     </span>
    </p>
   </div>
   <div class='ocr_carea' id='block_1_87' title="bbox 434 5634 2006 5711">
    <p class='ocr_par' dir='ltr' id='par_1_87' title="bbox 434 5634 2006 5711">
     <span class='ocr_line' id='line_1_87' title="bbox 434 5634 2006 5711; baseline -0.003 -18"><span class='ocrx_word' id='word_1_649' title='bbox 434 5640 572 5695; x_wconf 79' lang='grc' dir='ltr'><strong>οὐδὲ</strong></span> <span class='ocrx_word' id='word_1_650' title='bbox 622 5640 732 5711; x_wconf 76' lang='grc' dir='ltr'>γὰρ</span> <span class='ocrx_word' id='word_1_651' title='bbox 784 5634 853 5709; x_wconf 81' lang='grc' dir='ltr'>ἦν</span> <span class='ocrx_word' id='word_1_652' title='bbox 890 5658 944 5694; x_wconf 87' lang='grc' dir='ltr'><strong>τι</strong></span> <span class='ocrx_word' id='word_1_653' title='bbox 1008 5637 1334 5707; x_wconf 83' lang='grc' dir='ltr'>ὑπολειφθὲν</span> <span class='ocrx_word' id='word_1_654' title='bbox 1372 5635 1702 5701; x_wconf 86' lang='grc' dir='ltr'>ἀσύνθετον,</span> <span class='ocrx_word' id='word_1_655' title='bbox 1753 5634 1861 5688; x_wconf 85' lang='grc' dir='ltr'><strong>τῶν</strong></span> <span class='ocrx_word' id='word_1_656' title='bbox 1910 5635 2006 5689; x_wconf 85' lang='grc' dir='ltr'><strong>τοῦ</strong></span> 
     </span>
    </p>
   </div>
   <div class='ocr_carea' id='block_1_88' title="bbox 433 5728 2007 5803">
    <p class='ocr_par' dir='ltr' id='par_1_88' title="bbox 433 5728 2007 5803">
     <span class='ocr_line' id='line_1_88' title="bbox 433 5728 2007 5803; baseline -0.001 -19"><span class='ocrx_word' id='word_1_657' title='bbox 433 5730 611 5786; x_wconf 78' lang='grc' dir='ltr'>ποιοῦ</span> <span class='ocrx_word' id='word_1_658' title='bbox 657 5732 754 5785; x_wconf 76' lang='grc' dir='ltr'>καὶ</span> <span class='ocrx_word' id='word_1_659' title='bbox 781 5732 979 5787; x_wconf 82' lang='grc' dir='ltr'>ποσοῦ</span> <span class='ocrx_word' id='word_1_660' title='bbox 1018 5731 1287 5803; x_wconf 80' lang='grc' dir='ltr'>όλοτήτων</span> <span class='ocrx_word' id='word_1_661' title='bbox 1319 5728 1699 5784; x_wconf 88' lang='grc' dir='ltr'>συντεθεισῶν.</span> <span class='ocrx_word' id='word_1_662' title='bbox 1750 5729 1812 5782; x_wconf 85' lang='grc' dir='ltr'><strong>Εἰ</strong></span> <span class='ocrx_word' id='word_1_663' title='bbox 1849 5728 1906 5782; x_wconf 81' lang='grc' dir='ltr'><strong>δὲ</strong></span> <span class='ocrx_word' id='word_1_664' title='bbox 1933 5729 2007 5792; x_wconf 89' lang='grc' dir='ltr'><strong>ώς</strong></span> 
     </span>
    </p>
   </div>
   <div class='ocr_carea' id='block_1_89' title="bbox 434 5822 2009 5899">
    <p class='ocr_par' dir='ltr' id='par_1_89' title="bbox 434 5822 2009 5899">
     <span class='ocr_line' id='line_1_89' title="bbox 434 5822 2009 5899; baseline -0.003 -19"><span class='ocrx_word' id='word_1_665' title='bbox 434 5826 606 5899; x_wconf 85' lang='grc' dir='ltr'>μέρος</span> <span class='ocrx_word' id='word_1_666' title='bbox 646 5825 804 5898; x_wconf 81' lang='grc' dir='ltr'>μέρει</span> <span class='ocrx_word' id='word_1_667' title='bbox 840 5825 1092 5897; x_wconf 79' lang='grc' dir='ltr'>ἀλλήλοις</span> <span class='ocrx_word' id='word_1_668' title='bbox 1131 5825 1256 5881; x_wconf 83' lang='grc' dir='ltr'>τάδε</span> <span class='ocrx_word' id='word_1_669' title='bbox 1311 5823 1616 5895; x_wconf 81' lang='grc' dir='ltr'>σύγκειται,</span> <span class='ocrx_word' id='word_1_670' title='bbox 1666 5822 1883 5894; x_wconf 87' lang='grc' dir='ltr'>πρῶτον</span> <span class='ocrx_word' id='word_1_671' title='bbox 1911 5823 2009 5894; x_wconf 78' lang='grc' dir='ltr'><strong>μὲν</strong></span> 
     </span>
    </p>
   </div>
   <div class='ocr_carea' id='block_1_90' title="bbox 2085 3417 3678 3490">
    <p class='ocr_par' dir='ltr' id='par_1_90' title="bbox 2085 3417 3678 3490">
     <span class='ocr_line' id='line_1_90' title="bbox 2085 3417 3678 3490; baseline -0.001 -15"><span class='ocrx_word' id='word_1_672' title='bbox 2085 3420 2190 3475; x_wconf 91' lang='lat' dir='ltr'><strong>bus</strong></span> <span class='ocrx_word' id='word_1_673' title='bbox 2206 3418 2431 3474; x_wconf 91' lang='lat' dir='ltr'><strong>omnino</strong></span> <span class='ocrx_word' id='word_1_674' title='bbox 2447 3417 2814 3487; x_wconf 90' lang='lat' dir='ltr'><strong>compositum</strong></span> <span class='ocrx_word' id='word_1_675' title='bbox 2830 3417 2999 3473; x_wconf 87' lang='lat' dir='ltr'><strong>fuisse</strong></span> <span class='ocrx_word' id='word_1_676' title='bbox 3016 3419 3039 3472; x_wconf 91' lang='lat'><strong>?</strong></span> <span class='ocrx_word' id='word_1_677' title='bbox 3055 3418 3299 3488; x_wconf 87' lang='lat' dir='ltr'><strong>Namque</strong></span> <span class='ocrx_word' id='word_1_678' title='bbox 3316 3419 3361 3474; x_wconf 91' lang='lat' dir='ltr'><strong>si</strong></span> <span class='ocrx_word' id='word_1_679' title='bbox 3376 3435 3444 3475; x_wconf 83' lang='lat' dir='ltr'><strong>ex</strong></span> <span class='ocrx_word' id='word_1_680' title='bbox 3465 3419 3678 3490; x_wconf 87' lang='lat' dir='ltr'><strong>aliquot</strong></span> 
     </span>
    </p>
   </div>
   <div class='ocr_carea' id='block_1_91' title="bbox 2088 3510 3678 3582">
    <p class='ocr_par' dir='ltr' id='par_1_91' title="bbox 2088 3510 3678 3582">
     <span class='ocr_line' id='line_1_91' title="bbox 2088 3510 3678 3582; baseline 0.001 -17"><span class='ocrx_word' id='word_1_681' title='bbox 2088 3510 2533 3582; x_wconf 63' lang='lat' dir='ltr'><strong>prmcedentibus</strong></span> <span class='ocrx_word' id='word_1_682' title='bbox 2566 3510 2701 3565; x_wconf 88' lang='lat' dir='ltr'><strong>totis</strong></span> <span class='ocrx_word' id='word_1_683' title='bbox 2723 3511 2811 3565; x_wconf 90' lang='lat' dir='ltr'><strong>vel</strong></span> <span class='ocrx_word' id='word_1_684' title='bbox 2839 3510 3094 3579; x_wconf 88' lang='lat' dir='ltr'><strong>partibus</strong></span> <span class='ocrx_word' id='word_1_685' title='bbox 3113 3526 3145 3565; x_wconf 92' lang='lat' dir='ltr'><strong>a</strong></span> <span class='ocrx_word' id='word_1_686' title='bbox 3170 3510 3445 3581; x_wconf 85' lang='lat' dir='ltr'><strong>principio</strong></span> <span class='ocrx_word' id='word_1_687' title='bbox 3468 3511 3678 3567; x_wconf 78' lang='lat' dir='ltr'><strong>factum</strong></span> 
     </span>
    </p>
   </div>
   <div class='ocr_carea' id='block_1_92' title="bbox 2089 3600 3678 3673">
    <p class='ocr_par' dir='ltr' id='par_1_92' title="bbox 2089 3600 3678 3673">
     <span class='ocr_line' id='line_1_92' title="bbox 2089 3600 3678 3673; baseline -0.001 -15"><span class='ocrx_word' id='word_1_688' title='bbox 2089 3604 2244 3658; x_wconf 88' lang='lat' dir='ltr'><strong>illum</strong></span> <span class='ocrx_word' id='word_1_689' title='bbox 2276 3601 2447 3658; x_wconf 83' lang='lat' dir='ltr'><strong>fuisse</strong></span> <span class='ocrx_word' id='word_1_690' title='bbox 2477 3610 2694 3673; x_wconf 81' lang='lat' dir='ltr'><strong>putant,</strong></span> <span class='ocrx_word' id='word_1_691' title='bbox 2734 3600 2897 3657; x_wconf 92' lang='lat' dir='ltr'><strong>nobis</strong></span> <span class='ocrx_word' id='word_1_692' title='bbox 2955 3617 3112 3657; x_wconf 89' lang='lat' dir='ltr'><strong>suam</strong></span> <span class='ocrx_word' id='word_1_693' title='bbox 3164 3601 3487 3671; x_wconf 89' lang='lat' dir='ltr'><strong>opinionem</strong></span> <span class='ocrx_word' id='word_1_694' title='bbox 3520 3610 3678 3673; x_wconf 88' lang='lat' dir='ltr'><strong>pate—</strong></span> 
     </span>
    </p>
   </div>
   <div class='ocr_carea' id='block_1_93' title="bbox 2089 3694 3677 3764">
    <p class='ocr_par' dir='ltr' id='par_1_93' title="bbox 2089 3694 3677 3764">
     <span class='ocr_line' id='line_1_93' title="bbox 2089 3694 3677 3764; baseline -0.001 -14"><span class='ocrx_word' id='word_1_695' title='bbox 2089 3695 2314 3762; x_wconf 78' lang='lat' dir='ltr'><strong>faciant,</strong></span> <span class='ocrx_word' id='word_1_696' title='bbox 2345 3705 2426 3763; x_wconf 91' lang='lat' dir='ltr'><strong>ut,</strong></span> <span class='ocrx_word' id='word_1_697' title='bbox 2462 3696 2509 3751; x_wconf 91' lang='lat' dir='ltr'><strong>si</strong></span> <span class='ocrx_word' id='word_1_698' title='bbox 2530 3695 2606 3749; x_wconf 87' lang='lat' dir='ltr'><strong>ita</strong></span> <span class='ocrx_word' id='word_1_699' title='bbox 2624 3695 2954 3764; x_wconf 89' lang='lat' dir='ltr'><strong>loquuntur,</strong></span> <span class='ocrx_word' id='word_1_700' title='bbox 2986 3710 3145 3764; x_wconf 72' lang='lat' dir='ltr'><strong>quas:</strong></span> <span class='ocrx_word' id='word_1_701' title='bbox 3175 3694 3242 3750; x_wconf 86' lang='lat' dir='ltr'><strong>ad</strong></span> <span class='ocrx_word' id='word_1_702' title='bbox 3277 3704 3508 3751; x_wconf 67' lang='lat' dir='ltr'><strong>caeteros</strong></span> <span class='ocrx_word' id='word_1_703' title='bbox 3527 3694 3677 3750; x_wconf 72' lang='lat' dir='ltr'><strong>Cra:—</strong></span> 
     </span>
    </p>
   </div>
   <div class='ocr_carea' id='block_1_94' title="bbox 2090 3785 3677 3853">
    <p class='ocr_par' dir='ltr' id='par_1_94' title="bbox 2090 3785 3677 3853">
     <span class='ocr_line' id='line_1_94' title="bbox 2090 3785 3677 3853; baseline -0.002 -11"><span class='ocrx_word' id='word_1_704' title='bbox 2090 3803 2207 3853; x_wconf 87' lang='lat' dir='ltr'><strong>cos,</strong></span> <span class='ocrx_word' id='word_1_705' title='bbox 2236 3803 2348 3844; x_wconf 90' lang='lat' dir='ltr'><strong>non</strong></span> <span class='ocrx_word' id='word_1_706' title='bbox 2368 3796 2578 3843; x_wconf 91' lang='lat' dir='ltr'><strong>tantum</strong></span> <span class='ocrx_word' id='word_1_707' title='bbox 2612 3787 2682 3841; x_wconf 90' lang='lat' dir='ltr'><strong>ad</strong></span> <span class='ocrx_word' id='word_1_708' title='bbox 2704 3802 2809 3842; x_wconf 92' lang='lat' dir='ltr'><strong>nos</strong></span> <span class='ocrx_word' id='word_1_709' title='bbox 2835 3787 2903 3842; x_wconf 92' lang='lat' dir='ltr'><strong>de</strong></span> <span class='ocrx_word' id='word_1_710' title='bbox 2924 3786 3091 3841; x_wconf 91' lang='lat' dir='ltr'><strong>modo</strong></span> <span class='ocrx_word' id='word_1_711' title='bbox 3111 3785 3438 3843; x_wconf 64' lang='lat' dir='ltr'><strong>oeconomia:</strong></span> <span class='ocrx_word' id='word_1_712' title='bbox 3454 3785 3677 3840; x_wconf 86' lang='lat' dir='ltr'><strong>dissen-</strong></span> 
     </span>
    </p>
   </div>
   <div class='ocr_carea' id='block_1_95' title="bbox 2093 3877 3675 3951">
    <p class='ocr_par' dir='ltr' id='par_1_95' title="bbox 2093 3877 3675 3951">
     <span class='ocr_line' id='line_1_95' title="bbox 2093 3877 3675 3951; baseline -0.003 -16"><span class='ocrx_word' id='word_1_713' title='bbox 2093 3880 2313 3944; x_wconf 89' lang='lat' dir='ltr'><strong>tientes,</strong></span> <span class='ocrx_word' id='word_1_714' title='bbox 2341 3879 2637 3951; x_wconf 79' lang='lat' dir='ltr'><strong>diligenter</strong></span> <span class='ocrx_word' id='word_1_715' title='bbox 2685 3878 3114 3949; x_wconf 87' lang='lat' dir='ltr'><strong>perpendamus.</strong></span> <span class='ocrx_word' id='word_1_716' title='bbox 3157 3877 3213 3934; x_wconf 92' lang='lat' dir='ltr'><strong>Si</strong></span> <span class='ocrx_word' id='word_1_717' title='bbox 3240 3894 3372 3934; x_wconf 88' lang='lat' dir='ltr'><strong>vero</strong></span> <span class='ocrx_word' id='word_1_718' title='bbox 3434 3888 3675 3933; x_wconf 83' lang='lat' dir='ltr'><strong>conten-</strong></span> 
     </span>
    </p>
   </div>
   <div class='ocr_carea' id='block_1_96' title="bbox 2094 3971 3678 4042">
    <p class='ocr_par' dir='ltr' id='par_1_96' title="bbox 2094 3971 3678 4042">
     <span class='ocr_line' id='line_1_96' title="bbox 2094 3971 3678 4042; baseline -0.002 -16"><span class='ocrx_word' id='word_1_719' title='bbox 2094 3973 2232 4027; x_wconf 87' lang='lat' dir='ltr'><strong>tioni</strong></span> <span class='ocrx_word' id='word_1_720' title='bbox 2264 3973 2522 4042; x_wconf 87' lang='lat' dir='ltr'><strong>pietatem</strong></span> <span class='ocrx_word' id='word_1_721' title='bbox 2556 3978 2974 4042; x_wconf 88' lang='lat' dir='ltr'><strong>anteponentes,</strong></span> <span class='ocrx_word' id='word_1_722' title='bbox 3018 3987 3087 4027; x_wconf 79' lang='lat' dir='ltr'><strong>ex</strong></span> <span class='ocrx_word' id='word_1_723' title='bbox 3116 3986 3229 4026; x_wconf 94' lang='lat' dir='ltr'><strong>non</strong></span> <span class='ocrx_word' id='word_1_724' title='bbox 3254 3971 3483 4027; x_wconf 90' lang='lat' dir='ltr'><strong>entibus</strong></span> <span class='ocrx_word' id='word_1_725' title='bbox 3512 3986 3678 4024; x_wconf 90' lang='lat' dir='ltr'><strong>mun-</strong></span> 
     </span>
    </p>
   </div>
   <div class='ocr_carea' id='block_1_97' title="bbox 2095 4062 3680 4127">
    <p class='ocr_par' dir='ltr' id='par_1_97' title="bbox 2095 4062 3680 4127">
     <span class='ocr_line' id='line_1_97' title="bbox 2095 4062 3680 4127; baseline -0.002 -7"><span class='ocrx_word' id='word_1_726' title='bbox 2095 4064 2227 4120; x_wconf 90' lang='lat' dir='ltr'><strong>dum</strong></span> <span class='ocrx_word' id='word_1_727' title='bbox 2286 4062 2504 4119; x_wconf 87' lang='lat' dir='ltr'><strong>unitum</strong></span> <span class='ocrx_word' id='word_1_728' title='bbox 2556 4062 2764 4118; x_wconf 77' lang='lat' dir='ltr'><strong>factum</strong></span> <span class='ocrx_word' id='word_1_729' title='bbox 2812 4062 2984 4119; x_wconf 82' lang='lat' dir='ltr'><strong>fuisse</strong></span> <span class='ocrx_word' id='word_1_730' title='bbox 3017 4063 3234 4127; x_wconf 89' lang='lat' dir='ltr'><strong>dicunt,</strong></span> <span class='ocrx_word' id='word_1_731' title='bbox 3284 4077 3394 4117; x_wconf 91' lang='lat' dir='ltr'><strong>non</strong></span> <span class='ocrx_word' id='word_1_732' title='bbox 3418 4076 3542 4126; x_wconf 90' lang='lat' dir='ltr'><strong>ens,</strong></span> <span class='ocrx_word' id='word_1_733' title='bbox 3573 4077 3680 4117; x_wconf 91' lang='lat' dir='ltr'><strong>nec</strong></span> 
     </span>
    </p>
   </div>
   <div class='ocr_carea' id='block_1_98' title="bbox 2099 4153 3679 4227">
    <p class='ocr_par' dir='ltr' id='par_1_98' title="bbox 2099 4153 3679 4227">
     <span class='ocr_line' id='line_1_98' title="bbox 2099 4153 3679 4227; baseline -0.003 -15"><span class='ocrx_word' id='word_1_734' title='bbox 2099 4165 2271 4212; x_wconf 90' lang='lat' dir='ltr'><strong>totum</strong></span> <span class='ocrx_word' id='word_1_735' title='bbox 2303 4172 2407 4212; x_wconf 87' lang='lat' dir='ltr'><strong>nec</strong></span> <span class='ocrx_word' id='word_1_736' title='bbox 2436 4164 2647 4227; x_wconf 86' lang='lat' dir='ltr'><strong>partem</strong></span> <span class='ocrx_word' id='word_1_737' title='bbox 2671 4171 2817 4219; x_wconf 90' lang='lat' dir='ltr'><strong>esse,</strong></span> <span class='ocrx_word' id='word_1_738' title='bbox 2848 4155 3007 4211; x_wconf 83' lang='lat' dir='ltr'><strong>fateri</strong></span> <span class='ocrx_word' id='word_1_739' title='bbox 3043 4164 3336 4225; x_wconf 82' lang='lat' dir='ltr'><strong>cogentur.</strong></span> <span class='ocrx_word' id='word_1_740' title='bbox 3386 4153 3679 4221; x_wconf 87' lang='lat' dir='ltr'><strong>Quomodo</strong></span> 
     </span>
    </p>
   </div>
   <div class='ocr_carea' id='block_1_99' title="bbox 2096 4247 3679 4319">
    <p class='ocr_par' dir='ltr' id='par_1_99' title="bbox 2096 4247 3679 4319">
     <span class='ocr_line' id='line_1_99' title="bbox 2096 4247 3679 4319; baseline -0.003 -15"><span class='ocrx_word' id='word_1_741' title='bbox 2096 4264 2248 4319; x_wconf 71' lang='lat' dir='ltr'><strong>ergo,</strong></span> <span class='ocrx_word' id='word_1_742' title='bbox 2281 4263 2407 4303; x_wconf 91' lang='lat' dir='ltr'><strong>cum</strong></span> <span class='ocrx_word' id='word_1_743' title='bbox 2441 4248 2656 4302; x_wconf 89' lang='lat' dir='ltr'><strong>nullum</strong></span> <span class='ocrx_word' id='word_1_744' title='bbox 2688 4254 2886 4309; x_wconf 84' lang='lat' dir='ltr'><strong>totum,</strong></span> <span class='ocrx_word' id='word_1_745' title='bbox 2912 4247 3174 4317; x_wconf 89' lang='lat' dir='ltr'><strong>nullaque</strong></span> <span class='ocrx_word' id='word_1_746' title='bbox 3208 4262 3337 4316; x_wconf 89' lang='lat' dir='ltr'><strong>pars</strong></span> <span class='ocrx_word' id='word_1_747' title='bbox 3384 4260 3679 4315; x_wconf 67' lang='lat' dir='ltr'><strong>praecesse—</strong></span> 
     </span>
    </p>
   </div>
   <div class='ocr_carea' id='block_1_100' title="bbox 2099 4332 3680 4408">
    <p class='ocr_par' dir='ltr' id='par_1_100' title="bbox 2099 4332 3680 4408">
     <span class='ocr_line' id='line_1_100' title="bbox 2099 4332 3680 4408; baseline -0.004 -15"><span class='ocrx_word' id='word_1_748' title='bbox 2099 4339 2354 4403; x_wconf 87' lang='lat' dir='ltr'><strong>rit,unio</strong></span> <span class='ocrx_word' id='word_1_749' title='bbox 2408 4338 2641 4408; x_wconf 87' lang='lat' dir='ltr'><strong>hujusce</strong></span> <span class='ocrx_word' id='word_1_750' title='bbox 2677 4337 2847 4393; x_wconf 89' lang='lat' dir='ltr'><strong>totius</strong></span> <span class='ocrx_word' id='word_1_751' title='bbox 2894 4336 3088 4391; x_wconf 90' lang='lat' dir='ltr'><strong>mundi</strong></span> <span class='ocrx_word' id='word_1_752' title='bbox 3136 4335 3283 4390; x_wconf 81' lang='lat' dir='ltr'><strong>facta</strong></span> <span class='ocrx_word' id='word_1_753' title='bbox 3314 4332 3680 4389; x_wconf 78' lang='lat' dir='ltr'><strong>luerit?Cum</strong></span> 
     </span>
    </p>
   </div>
   <div class='ocr_carea' id='block_1_101' title="bbox 2100 4426 3680 4501">
    <p class='ocr_par' dir='ltr' id='par_1_101' title="bbox 2100 4426 3680 4501">
     <span class='ocr_line' id='line_1_101' title="bbox 2100 4426 3680 4501; baseline -0.004 -16"><span class='ocrx_word' id='word_1_754' title='bbox 2100 4432 2387 4501; x_wconf 89' lang='lat' dir='ltr'><strong>quodlibet</strong></span> <span class='ocrx_word' id='word_1_755' title='bbox 2417 4431 2654 4498; x_wconf 87' lang='lat' dir='ltr'><strong>unitum,</strong></span> <span class='ocrx_word' id='word_1_756' title='bbox 2681 4430 2960 4500; x_wconf 85' lang='lat' dir='ltr'><strong>quoddam</strong></span> <span class='ocrx_word' id='word_1_757' title='bbox 2989 4437 3165 4485; x_wconf 92' lang='lat' dir='ltr'><strong>totum</strong></span> <span class='ocrx_word' id='word_1_758' title='bbox 3220 4427 3343 4491; x_wconf 91' lang='lat' dir='ltr'><strong>toti,</strong></span> <span class='ocrx_word' id='word_1_759' title='bbox 3378 4426 3493 4482; x_wconf 85' lang='lat' dir='ltr'><strong>sive</strong></span> <span class='ocrx_word' id='word_1_760' title='bbox 3549 4439 3680 4494; x_wconf 86' lang='lat' dir='ltr'><strong>pars</strong></span> 
     </span>
    </p>
   </div>
   <div class='ocr_carea' id='block_1_102' title="bbox 2100 4515 3683 4594">
    <p class='ocr_par' dir='ltr' id='par_1_102' title="bbox 2100 4515 3683 4594">
     <span class='ocr_line' id='line_1_102' title="bbox 2100 4515 3683 4594; baseline -0.006 -16"><span class='ocrx_word' id='word_1_761' title='bbox 2100 4524 2266 4594; x_wconf 90' lang='lat' dir='ltr'><strong>parti,</strong></span> <span class='ocrx_word' id='word_1_762' title='bbox 2297 4524 2412 4579; x_wconf 87' lang='lat' dir='ltr'><strong>sive</strong></span> <span class='ocrx_word' id='word_1_763' title='bbox 2457 4539 2586 4593; x_wconf 91' lang='lat' dir='ltr'><strong>pars</strong></span> <span class='ocrx_word' id='word_1_764' title='bbox 2614 4522 2835 4578; x_wconf 88' lang='lat' dir='ltr'><strong>cuidam</strong></span> <span class='ocrx_word' id='word_1_765' title='bbox 2882 4521 3009 4583; x_wconf 89' lang='lat' dir='ltr'><strong>toti,</strong></span> <span class='ocrx_word' id='word_1_766' title='bbox 3058 4520 3284 4575; x_wconf 88' lang='lat' dir='ltr'><strong>uniatur</strong></span> <span class='ocrx_word' id='word_1_767' title='bbox 3334 4533 3563 4573; x_wconf 87' lang='lat' dir='ltr'><strong>necesse</strong></span> <span class='ocrx_word' id='word_1_768' title='bbox 3586 4515 3683 4581; x_wconf 86' lang='lat' dir='ltr'><strong>sit,</strong></span> 
     </span>
    </p>
   </div>
   <div class='ocr_carea' id='block_1_103' title="bbox 2024 4608 3683 4713">
    <p class='ocr_par' dir='ltr' id='par_1_103' title="bbox 2024 4608 3683 4713">
     <span class='ocr_line' id='line_1_103' title="bbox 2024 4608 3683 4713; baseline -0.006 -42"><span class='ocrx_word' id='word_1_769' title='bbox 2024 4652 2075 4713; x_wconf 70' lang='grc' dir='ltr'>υ</span> <span class='ocrx_word' id='word_1_770' title='bbox 2103 4625 2269 4687; x_wconf 90' lang='lat' dir='ltr'><strong>prout</strong></span> <span class='ocrx_word' id='word_1_771' title='bbox 2298 4616 2505 4677; x_wconf 89' lang='lat' dir='ltr'><strong>dicitis,</strong></span> <span class='ocrx_word' id='word_1_772' title='bbox 2536 4616 2670 4670; x_wconf 83' lang='lat' dir='ltr'><strong>falsa</strong></span> <span class='ocrx_word' id='word_1_773' title='bbox 2697 4629 2831 4686; x_wconf 81' lang='lat' dir='ltr'><strong>ergo</strong></span> <span class='ocrx_word' id='word_1_774' title='bbox 2855 4624 2939 4669; x_wconf 88' lang='lat' dir='ltr'><strong>est</strong></span> <span class='ocrx_word' id='word_1_775' title='bbox 2967 4614 3079 4684; x_wconf 83' lang='lat' dir='ltr'><strong>jam</strong></span> <span class='ocrx_word' id='word_1_776' title='bbox 3106 4612 3300 4683; x_wconf 59' lang='lat' dir='ltr'><strong>prima:</strong></span> <span class='ocrx_word' id='word_1_777' title='bbox 3346 4608 3683 4680; x_wconf 88' lang='lat' dir='ltr'><strong>propositio-</strong></span> 
     </span>
    </p>
   </div>
   <div class='ocr_carea' id='block_1_104' title="bbox 2100 4709 2626 4765">
    <p class='ocr_par' dir='ltr' id='par_1_104' title="bbox 2100 4709 2626 4765">
     <span class='ocr_line' id='line_1_104' title="bbox 2100 4709 2626 4765; baseline -0.004 -1"><span class='ocrx_word' id='word_1_778' title='bbox 2100 4710 2187 4765; x_wconf 88' lang='lat' dir='ltr'><strong>nis</strong></span> <span class='ocrx_word' id='word_1_779' title='bbox 2210 4709 2626 4764; x_wconf 86' lang='lat' dir='ltr'><strong>demonstratio.</strong></span> 
     </span>
    </p>
   </div>
   <div class='ocr_carea' id='block_1_105' title="bbox 2170 4791 3683 4869">
    <p class='ocr_par' dir='ltr' id='par_1_105' title="bbox 2170 4791 3683 4869">
     <span class='ocr_line' id='line_1_105' title="bbox 2170 4791 3683 4869; baseline -0.008 -12"><span class='ocrx_word' id='word_1_780' title='bbox 2170 4802 2336 4857; x_wconf 82' lang='lat' dir='ltr'><strong>Aliud</strong></span> <span class='ocrx_word' id='word_1_781' title='bbox 2407 4809 2592 4855; x_wconf 88' lang='lat' dir='ltr'><strong>autem</strong></span> <span class='ocrx_word' id='word_1_782' title='bbox 2654 4796 3035 4869; x_wconf 84' lang='lat' dir='ltr'><strong>quaerentibus</strong></span> <span class='ocrx_word' id='word_1_783' title='bbox 3104 4794 3267 4850; x_wconf 90' lang='lat' dir='ltr'><strong>nobis</strong></span> <span class='ocrx_word' id='word_1_784' title='bbox 3318 4791 3683 4863; x_wconf 76' lang='lat' dir='ltr'><strong>respondisti:</strong></span> 
     </span>
    </p>
   </div>
   <div class='ocr_carea' id='block_1_106' title="bbox 2097 4881 3684 4960">
    <p class='ocr_par' dir='ltr' id='par_1_106' title="bbox 2097 4881 3684 4960">
     <span class='ocr_line' id='line_1_106' title="bbox 2097 4881 3684 4960; baseline -0.009 -12"><span class='ocrx_word' id='word_1_785' title='bbox 2097 4892 2235 4949; x_wconf 90' lang='lat' dir='ltr'><strong>Cum</strong></span> <span class='ocrx_word' id='word_1_786' title='bbox 2262 4906 2426 4947; x_wconf 92' lang='lat' dir='ltr'><strong>omne</strong></span> <span class='ocrx_word' id='word_1_787' title='bbox 2487 4906 2689 4960; x_wconf 91' lang='lat' dir='ltr'><strong>corpus</strong></span> <span class='ocrx_word' id='word_1_788' title='bbox 2737 4904 2801 4943; x_wconf 79' lang='lat' dir='ltr'><strong>ea:</strong></span> <span class='ocrx_word' id='word_1_789' title='bbox 2826 4904 2929 4959; x_wconf 86' lang='lat' dir='ltr'><strong>quo</strong></span> <span class='ocrx_word' id='word_1_790' title='bbox 2970 4895 3028 4943; x_wconf 90' lang='lat' dir='ltr'><strong>et</strong></span> <span class='ocrx_word' id='word_1_791' title='bbox 3080 4892 3284 4957; x_wconf 80' lang='lat' dir='ltr'><strong>quanto</strong></span> <span class='ocrx_word' id='word_1_792' title='bbox 3315 4881 3684 4951; x_wconf 89' lang='lat' dir='ltr'><strong>compositum</strong></span> 
     </span>
    </p>
   </div>
   <div class='ocr_carea' id='block_1_107' title="bbox 2098 4971 3689 5048">
    <p class='ocr_par' dir='ltr' id='par_1_107' title="bbox 2098 4971 3689 5048">
     <span class='ocr_line' id='line_1_107' title="bbox 2098 4971 3689 5048; baseline -0.011 -8"><span class='ocrx_word' id='word_1_793' title='bbox 2098 4985 2337 5048; x_wconf 88' lang='lat' dir='ltr'><strong>dicatur,</strong></span> <span class='ocrx_word' id='word_1_794' title='bbox 2374 4983 2676 5038; x_wconf 90' lang='lat' dir='ltr'><strong>illorumne</strong></span> <span class='ocrx_word' id='word_1_795' title='bbox 2705 4989 2768 5036; x_wconf 90' lang='lat' dir='ltr'><strong>ut</strong></span> <span class='ocrx_word' id='word_1_796' title='bbox 2830 4988 3075 5034; x_wconf 88' lang='lat' dir='ltr'><strong>totorum</strong></span> <span class='ocrx_word' id='word_1_797' title='bbox 3144 4975 3230 5031; x_wconf 78' lang='lat' dir='ltr'><strong>vel</strong></span> <span class='ocrx_word' id='word_1_798' title='bbox 3283 4973 3521 5044; x_wconf 89' lang='lat' dir='ltr'><strong>partium</strong></span> <span class='ocrx_word' id='word_1_799' title='bbox 3554 4971 3689 5024; x_wconf 90' lang='lat' dir='ltr'><strong>unio</strong></span> 
     </span>
    </p>
   </div>
   <div class='ocr_carea' id='block_1_108' title="bbox 2104 5063 3691 5135">
    <p class='ocr_par' dir='ltr' id='par_1_108' title="bbox 2104 5063 3691 5135">
     <span class='ocr_line' id='line_1_108' title="bbox 2104 5063 3691 5135; baseline -0.011 0"><span class='ocrx_word' id='word_1_800' title='bbox 2104 5094 2226 5135; x_wconf 89' lang='lat' dir='ltr'><strong>esse</strong></span> <span class='ocrx_word' id='word_1_801' title='bbox 2258 5077 2495 5133; x_wconf 85' lang='lat' dir='ltr'><strong>dicitur?</strong></span> <span class='ocrx_word' id='word_1_802' title='bbox 2520 5075 2579 5133; x_wconf 93' lang='lat' dir='ltr'><strong>Si</strong></span> <span class='ocrx_word' id='word_1_803' title='bbox 2607 5074 2757 5131; x_wconf 91' lang='lat' dir='ltr'><strong>enim</strong></span> <span class='ocrx_word' id='word_1_804' title='bbox 2784 5081 2847 5128; x_wconf 92' lang='lat' dir='ltr'><strong>ut</strong></span> <span class='ocrx_word' id='word_1_805' title='bbox 2881 5081 3144 5133; x_wconf 90' lang='lat' dir='ltr'><strong>totorum,</strong></span> <span class='ocrx_word' id='word_1_806' title='bbox 3167 5083 3291 5123; x_wconf 90' lang='lat' dir='ltr'><strong>cum</strong></span> <span class='ocrx_word' id='word_1_807' title='bbox 3311 5067 3414 5121; x_wconf 88' lang='lat' dir='ltr'><strong>ista</strong></span> <span class='ocrx_word' id='word_1_808' title='bbox 3438 5079 3547 5119; x_wconf 92' lang='lat' dir='ltr'><strong>non</strong></span> <span class='ocrx_word' id='word_1_809' title='bbox 3577 5063 3691 5117; x_wconf 84' lang='lat' dir='ltr'><strong>sint</strong></span> 
     </span>
    </p>
   </div>
   <div class='ocr_carea' id='block_1_109' title="bbox 2107 5153 3689 5230">
    <p class='ocr_par' dir='ltr' id='par_1_109' title="bbox 2107 5153 3689 5230">
     <span class='ocr_line' id='line_1_109' title="bbox 2107 5153 3689 5230; baseline -0.012 -3"><span class='ocrx_word' id='word_1_810' title='bbox 2107 5170 2433 5228; x_wconf 65' lang='lat' dir='ltr'><strong>substantiae</strong></span> <span class='ocrx_word' id='word_1_811' title='bbox 2461 5168 2737 5223; x_wconf 66' lang='lat' dir='ltr'><strong>distincta:</strong></span> <span class='ocrx_word' id='word_1_812' title='bbox 2769 5172 2897 5220; x_wconf 89' lang='lat' dir='ltr'><strong>ante</strong></span> <span class='ocrx_word' id='word_1_813' title='bbox 2936 5176 3156 5230; x_wconf 86' lang='lat' dir='ltr'><strong>corpus,</strong></span> <span class='ocrx_word' id='word_1_814' title='bbox 3183 5158 3276 5212; x_wconf 91' lang='lat' dir='ltr'><strong>ubi</strong></span> <span class='ocrx_word' id='word_1_815' title='bbox 3318 5165 3377 5210; x_wconf 87' lang='lat' dir='ltr'><strong>et</strong></span> <span class='ocrx_word' id='word_1_816' title='bbox 3410 5153 3689 5225; x_wconf 88' lang='lat' dir='ltr'><strong>quomodo</strong></span> 
     </span>
    </p>
   </div>
   <div class='ocr_carea' id='block_1_110' title="bbox 2109 5244 3691 5323">
    <p class='ocr_par' dir='ltr' id='par_1_110' title="bbox 2109 5244 3691 5323">
     <span class='ocr_line' id='line_1_110' title="bbox 2109 5244 3691 5323; baseline -0.013 -5"><span class='ocrx_word' id='word_1_817' title='bbox 2109 5263 2256 5318; x_wconf 82' lang='lat' dir='ltr'><strong>entia</strong></span> <span class='ocrx_word' id='word_1_818' title='bbox 2291 5260 2451 5317; x_wconf 84' lang='lat' dir='ltr'><strong>tota?</strong></span> <span class='ocrx_word' id='word_1_819' title='bbox 2477 5257 2687 5313; x_wconf 88' lang='lat' dir='ltr'><strong>Deinde</strong></span> <span class='ocrx_word' id='word_1_820' title='bbox 2719 5270 2854 5310; x_wconf 86' lang='lat' dir='ltr'><strong>vero</strong></span> <span class='ocrx_word' id='word_1_821' title='bbox 2882 5250 3183 5323; x_wconf 88' lang='lat' dir='ltr'><strong>quomodo,</strong></span> <span class='ocrx_word' id='word_1_822' title='bbox 3240 5246 3509 5301; x_wconf 84' lang='lat' dir='ltr'><strong>totalitate</strong></span> <span class='ocrx_word' id='word_1_823' title='bbox 3538 5244 3691 5311; x_wconf 68' lang='lat' dir='ltr'><strong>cujus</strong></span> 
     </span>
    </p>
   </div>
   <div class='ocr_carea' id='block_1_111' title="bbox 2110 5335 3690 5426">
    <p class='ocr_par' dir='ltr' id='par_1_111' title="bbox 2110 5335 3690 5426">
     <span class='ocr_line' id='line_1_111' title="bbox 2110 5335 3690 5426; baseline -0.016 -14"><span class='ocrx_word' id='word_1_824' title='bbox 2110 5367 2168 5413; x_wconf 87' lang='lat' dir='ltr'><strong>ct</strong></span> <span class='ocrx_word' id='word_1_825' title='bbox 2194 5355 2381 5426; x_wconf 83' lang='lat' dir='ltr'><strong>quanti</strong></span> <span class='ocrx_word' id='word_1_826' title='bbox 2408 5354 2465 5407; x_wconf 87' lang='lat' dir='ltr'><strong>in</strong></span> <span class='ocrx_word' id='word_1_827' title='bbox 2506 5366 2617 5405; x_wconf 90' lang='lat' dir='ltr'><strong>uno</strong></span> <span class='ocrx_word' id='word_1_828' title='bbox 2640 5362 2876 5418; x_wconf 87' lang='lat' dir='ltr'><strong>corpore</strong></span> <span class='ocrx_word' id='word_1_829' title='bbox 2915 5344 3095 5415; x_wconf 87' lang='lat' dir='ltr'><strong>prlmo</strong></span> <span class='ocrx_word' id='word_1_830' title='bbox 3153 5353 3463 5394; x_wconf 89' lang='lat' dir='ltr'><strong>atomorum</strong></span> <span class='ocrx_word' id='word_1_831' title='bbox 3513 5335 3690 5398; x_wconf 78' lang='lat' dir='ltr'><strong>unita,</strong></span> 
     </span>
    </p>
   </div>
   <div class='ocr_carea' id='block_1_112' title="bbox 2114 5424 3692 5519">
    <p class='ocr_par' dir='ltr' id='par_1_112' title="bbox 2114 5424 3692 5519">
     <span class='ocr_line' id='line_1_112' title="bbox 2114 5424 3692 5519; baseline -0.016 -16"><span class='ocrx_word' id='word_1_832' title='bbox 2114 5424 2239 5519; x_wconf 81' lang='lat' dir='ltr'><strong>post</strong></span> <span class='ocrx_word' id='word_1_833' title='bbox 2296 5446 2540 5516; x_wconf 89' lang='lat' dir='ltr'><strong>primum</strong></span> <span class='ocrx_word' id='word_1_834' title='bbox 2595 5454 2819 5509; x_wconf 88' lang='lat' dir='ltr'><strong>corpus,</strong></span> <span class='ocrx_word' id='word_1_835' title='bbox 2868 5434 3173 5491; x_wconf 89' lang='lat' dir='ltr'><strong>secundum</strong></span> <span class='ocrx_word' id='word_1_836' title='bbox 3231 5431 3415 5485; x_wconf 91' lang='lat' dir='ltr'><strong>adhuc</strong></span> <span class='ocrx_word' id='word_1_837' title='bbox 3468 5424 3692 5496; x_wconf 88' lang='lat' dir='ltr'><strong>aliquod</strong></span> 
     </span>
    </p>
   </div>
   <div class='ocr_carea' id='block_1_113' title="bbox 2113 5517 3694 5610">
    <p class='ocr_par' dir='ltr' id='par_1_113' title="bbox 2113 5517 3694 5610">
     <span class='ocr_line' id='line_1_113' title="bbox 2113 5517 3694 5610; baseline -0.018 -13"><span class='ocrx_word' id='word_1_838' title='bbox 2113 5517 2317 5610; x_wconf 82' lang='lat' dir='ltr'><strong>corpus</strong></span> <span class='ocrx_word' id='word_1_839' title='bbox 2345 5554 2413 5593; x_wconf 81' lang='lat' dir='ltr'><strong>ex</strong></span> <span class='ocrx_word' id='word_1_840' title='bbox 2442 5552 2543 5607; x_wconf 89' lang='lat' dir='ltr'><strong>quo</strong></span> <span class='ocrx_word' id='word_1_841' title='bbox 2566 5542 2623 5589; x_wconf 91' lang='lat' dir='ltr'><strong>et</strong></span> <span class='ocrx_word' id='word_1_842' title='bbox 2681 5538 2883 5600; x_wconf 77' lang='lat' dir='ltr'><strong>quanto</strong></span> <span class='ocrx_word' id='word_1_843' title='bbox 2923 5528 3132 5583; x_wconf 81' lang='lat' dir='ltr'><strong>factum</strong></span> <span class='ocrx_word' id='word_1_844' title='bbox 3177 5523 3316 5578; x_wconf 82' lang='lat' dir='ltr'><strong>fuit?</strong></span> <span class='ocrx_word' id='word_1_845' title='bbox 3360 5519 3510 5576; x_wconf 82' lang='lat' dir='ltr'><strong>Nihil</strong></span> <span class='ocrx_word' id='word_1_846' title='bbox 3544 5517 3694 5573; x_wconf 90' lang='lat' dir='ltr'><strong>enim</strong></span> 
     </span>
    </p>
   </div>
   <div class='ocr_carea' id='block_1_114' title="bbox 2115 5608 3694 5704">
    <p class='ocr_par' dir='ltr' id='par_1_114' title="bbox 2115 5608 3694 5704">
     <span class='ocr_line' id='line_1_114' title="bbox 2115 5608 3694 5704; baseline -0.018 -14"><span class='ocrx_word' id='word_1_847' title='bbox 2115 5608 2404 5704; x_wconf 76' lang='lat' dir='ltr'><strong>supererat</strong></span> <span class='ocrx_word' id='word_1_848' title='bbox 2431 5645 2540 5684; x_wconf 91' lang='lat' dir='ltr'><strong>non</strong></span> <span class='ocrx_word' id='word_1_849' title='bbox 2571 5625 2810 5689; x_wconf 86' lang='lat' dir='ltr'><strong>unitum,</strong></span> <span class='ocrx_word' id='word_1_850' title='bbox 2836 5619 3208 5676; x_wconf 86' lang='lat' dir='ltr'><strong>totalitatibus</strong></span> <span class='ocrx_word' id='word_1_851' title='bbox 3238 5616 3389 5685; x_wconf 75' lang='lat' dir='ltr'><strong>cujus</strong></span> <span class='ocrx_word' id='word_1_852' title='bbox 3419 5620 3476 5666; x_wconf 90' lang='lat' dir='ltr'><strong>et</strong></span> <span class='ocrx_word' id='word_1_853' title='bbox 3503 5608 3694 5681; x_wconf 77' lang='lat' dir='ltr'><strong>quanti</strong></span> 
     </span>
    </p>
   </div>
   <div class='ocr_carea' id='block_1_115' title="bbox 2117 5709 3689 5787">
    <p class='ocr_par' dir='ltr' id='par_1_115' title="bbox 2117 5709 3689 5787">
     <span class='ocr_line' id='line_1_115' title="bbox 2117 5709 3689 5787; baseline -0.019 -5"><span class='ocrx_word' id='word_1_854' title='bbox 2117 5726 2307 5782; x_wconf 87' lang='lat' dir='ltr'><strong>unitis.</strong></span> <span class='ocrx_word' id='word_1_855' title='bbox 2350 5722 2406 5778; x_wconf 91' lang='lat' dir='ltr'><strong>Si</strong></span> <span class='ocrx_word' id='word_1_856' title='bbox 2438 5735 2571 5775; x_wconf 86' lang='lat' dir='ltr'><strong>vero</strong></span> <span class='ocrx_word' id='word_1_857' title='bbox 2602 5727 2662 5773; x_wconf 92' lang='lat' dir='ltr'><strong>ut</strong></span> <span class='ocrx_word' id='word_1_858' title='bbox 2685 5732 2811 5787; x_wconf 83' lang='lat' dir='ltr'><strong>pars</strong></span> <span class='ocrx_word' id='word_1_859' title='bbox 2841 5723 2997 5785; x_wconf 85' lang='lat' dir='ltr'><strong>parte</strong></span> <span class='ocrx_word' id='word_1_860' title='bbox 3029 5712 3136 5767; x_wconf 87' lang='lat' dir='ltr'><strong>alia</strong></span> <span class='ocrx_word' id='word_1_861' title='bbox 3172 5709 3296 5763; x_wconf 86' lang='lat' dir='ltr'><strong>aliis</strong></span> <span class='ocrx_word' id='word_1_862' title='bbox 3342 5717 3689 5774; x_wconf 84' lang='lat' dir='ltr'><strong>componun-</strong></span> 
     </span>
    </p>
   </div>
   <div class='ocr_carea' id='block_1_116' title="bbox 2118 5791 3691 5889">
    <p class='ocr_par' dir='ltr' id='par_1_116' title="bbox 2118 5791 3691 5889">
     <span class='ocr_line' id='line_1_116' title="bbox 2118 5791 3691 5889; baseline -0.019 -13"><span class='ocrx_word' id='word_1_863' title='bbox 2118 5830 2229 5886; x_wconf 87' lang='lat' dir='ltr'><strong>tur,</strong></span> <span class='ocrx_word' id='word_1_864' title='bbox 2262 5816 2439 5889; x_wconf 82' lang='lat' dir='ltr'><strong>prima</strong></span> <span class='ocrx_word' id='word_1_865' title='bbox 2472 5813 2632 5884; x_wconf 86' lang='lat' dir='ltr'><strong>cujus</strong></span> <span class='ocrx_word' id='word_1_866' title='bbox 2671 5808 2957 5865; x_wconf 84' lang='lat' dir='ltr'><strong>lotalitatis</strong></span> <span class='ocrx_word' id='word_1_867' title='bbox 2980 5820 3107 5877; x_wconf 84' lang='lat' dir='ltr'><strong>pars</strong></span> <span class='ocrx_word' id='word_1_868' title='bbox 3151 5802 3211 5857; x_wconf 73' lang='grc' dir='ltr'>τὸ</span> <span class='ocrx_word' id='word_1_869' title='bbox 3261 5800 3386 5873; x_wconf 79' lang='lat' dir='ltr'><strong>quid</strong></span> <span class='ocrx_word' id='word_1_870' title='bbox 3416 5807 3477 5853; x_wconf 92' lang='lat' dir='ltr'><strong>ut</strong></span> <span class='ocrx_word' id='word_1_871' title='bbox 3512 5795 3637 5867; x_wconf 85' lang='lat' dir='ltr'><strong>quid</strong></span> <span class='ocrx_word' id='word_1_872' title='bbox 3661 5791 3691 5847; x_wconf 71' lang='lat'><em>7</em></span> 
     </span>
    </p>
   </div>
  </div>
