4120 6464
472 404 491 466 l
504 400 608 465 403

1696 396 2007 462 LEONTII
2046 396 2417 462 BYZANTIN
2427 402 2450 461 Ι

3591 404 3728 468 1404

467 516 524 569 Si
541 513 835 583 :equallum
868 512 940 566 sit
962 511 1202 582 partium
1238 511 1355 566 hate
1388 509 1651 574 totalitas,
1684 519 1886 579 quanto
1926 511 2043 566 hzec

2148 512 2310 578 ποίας
2339 513 2592 581 ὁλότητος
2626 513 2792 587 μέρος
2832 517 2893 572 τὸ
2940 516 3117 573 ποιὸν
3145 518 3221 582 ὡς
3261 516 3481 583 ποιόν;
3515 519 3579 573 Εἰ
3625 523 3729 591 μὲν

467 608 628 662 unica
654 622 780 676 pars
802 622 832 659 a
857 621 955 659 sua
983 604 1255 659 totalitate
1281 604 1489 667 dill'ert.
1532 602 1848 657 Secundum
1871 620 2047 674 quan-

467 710 578 752 tum
606 714 731 768 pars
780 698 948 752 etiam
973 712 1105 768 ergo
1134 704 1238 751 est.
1264 697 1437 750 Porro
1474 696 1520 749 si
1554 696 1861 750 secundum
1896 694 2045 765 quod

467 806 593 861 pars
613 798 719 857 est,
758 790 1064 845 secundum
1097 789 1229 843 illud
1260 789 1426 843 etiam
1487 789 1859 858 componitur,
1915 803 2045 858 ergo

465 882 767 937 secundum
797 891 1079 951 quantum,
1102 880 1163 934 τὸ
1193 881 1319 949 quid
1367 879 1444 949 τῷ
1466 887 1664 949 quanto
1696 878 2047 948 componitur

467 973 521 1025 in
555 987 806 1041 corpore.
837 971 893 1027 Si
918 988 1049 1025 vero
1111 970 1462 1040 inaequalium
1507 971 1746 1041 partium
1802 972 1874 1025 sit
1928 971 2046 1025 haec

468 1065 730 1127 totalitas,
763 1080 887 1118 cum
911 1067 1070 1118 totius
1100 1074 1156 1119 et
1183 1066 1354 1131 partis
1372 1080 1479 1118 non
1494 1065 1566 1118 sit
1589 1064 1783 1119 eadem
1807 1064 2041 1134 species,

466 1156 534 1210 de
562 1156 649 1209 his
680 1155 849 1210 totius
873 1157 1123 1225 partibus
1144 1158 1269 1227 quid
1300 1156 1446 1211 erit?
1468 1156 1641 1227 llujus
1673 1172 1808 1211 vero
1839 1165 2044 1226 quanta

466 1263 611 1317 pars,
666 1249 753 1302 vel
802 1264 925 1317 quae
968 1249 1073 1302 alia
1099 1265 1227 1318 pars
1266 1250 1406 1304 erit?
1464 1248 1803 1317 Quandoque
1852 1262 2044 1302 rursus

467 1349 729 1408 quantum
752 1340 880 1405 erit,
908 1341 1074 1411 hujus
1099 1357 1248 1410 pars,
1274 1341 1398 1410 quid
1424 1340 1508 1394 vel
1547 1338 1697 1393 aliud
1747 1340 1878 1410 quid
1900 1340 2044 1395 erit?

467 1432 737 1500 aliterque
779 1432 848 1496 si,
874 1441 933 1485 ut
972 1433 1142 1502 partis
1171 1449 1295 1487 cum
1322 1441 1495 1503 parte,
1527 1433 1744 1487 illorum
1780 1442 1865 1488 est
1888 1434 2041 1497 unio,

473 1524 808 1593 inquirenda
840 1525 1023 1579 adhuc
1048 1526 1153 1580 erit
1176 1527 1372 1580 horum
1428 1527 1865 1596 uniuscujusque
1900 1536 2044 1581 tota-

470 1613 641 1668 litatis
698 1615 851 1679 unio,
903 1631 973 1669 an
1034 1631 1101 1670 ex
1163 1618 1291 1671 totis
1342 1617 1428 1671 vel
1465 1618 1721 1686 partibus
1754 1618 1857 1678 sit,
1893 1616 2040 1686 quod

473 1708 819 1776 ignorabitur
883 1710 1195 1778 usquedum
1230 1725 1296 1764 ex
1326 1710 1585 1764 omnibus
1608 1710 1778 1764 unitis
1813 1709 1947 1779 quid
1971 1710 2043 1763 sit

470 1800 844 1867 reperiamus;
908 1794 1087 1855 solum
1132 1801 1281 1855 enim
1338 1800 1588 1855 divinum
1636 1800 1871 1855 omnino
1906 1800 2034 1859 sim—

468 1889 612 1957 plex,
636 1906 738 1945 nec
767 1907 831 1945 ex
865 1893 993 1947 totis
1023 1908 1126 1946 nec
1153 1907 1220 1946 ex
1268 1892 1516 1961 partibus
1545 1891 1751 1946 factum
1809 1900 1915 1945 est.
1951 1890 2042 1945 Sic

466 1996 599 2051 ergo
653 1984 881 2038 omnino
912 1984 1385 2039 demonstrabitur
1421 1999 1534 2038 non
1584 1998 1748 2038 omne
1802 1983 2039 2047 unitum,

468 2080 583 2127 toto
613 2074 850 2143 quodam
884 2075 1006 2138 toti,
1037 2077 1123 2130 vel
1176 2083 1333 2145 parte
1387 2074 1549 2144 parti,
1605 2075 1692 2130 vel
1748 2082 1905 2144 parte
1940 2075 2042 2129 toti

468 2162 641 2227 unita,
674 2166 951 2235 componi.
990 2165 1116 2221 llaec
1145 2180 1280 2235 ergo
1296 2173 1381 2221 est
1429 2166 1621 2236 primae
1667 2173 1867 2221 vestra:
1912 2181 2042 2236 pro-

466 2255 754 2322 positionis
772 2257 1248 2326 inconsequentia.

537 2346 789 2402 Secunda
821 2350 1127 2419 prOpositio
1149 2363 1342 2405 eorum
1396 2348 1451 2403 in
1481 2364 1549 2404 eo
1598 2348 1852 2404 consistit
1894 2347 2043 2416 quod

466 2455 653 2503 omne,
690 2441 994 2495 secundum
1042 2456 1428 2511 quamcunque
1492 2440 1756 2496 unionem
1802 2440 2039 2505 unitum,

466 2532 693 2587 omnino
752 2532 1117 2602 compositum
1171 2532 1499 2602 ﬁnitumque
1557 2531 1873 2586 necessario
1928 2530 2039 2595 sit;

467 2616 809 2687 simplexque
840 2619 1083 2687 aliquod,
1128 2626 1304 2674 totum
1337 2635 1620 2689 nunquam
1666 2636 1828 2690 posse
1874 2620 2037 2683 uniri,

471 2708 805 2776 respondere
845 2710 1307 2778 praetermittunt;
1340 2710 1577 2779 exempli
1626 2710 1773 2765 enim
1833 2710 2041 2780 gratia,

471 2806 732 2866 punctum
768 2798 1148 2855 indubitanter
1168 2800 1286 2855 sine
1301 2809 1455 2870 parte
1483 2809 1587 2865 est,
1621 2800 1833 2855 unitum
1859 2808 2043 2854 autem

468 2889 668 2943 lineam
698 2888 882 2945 elIicit.
914 2891 1200 2957 Quomodo
1219 2906 1349 2962 ergo
1374 2891 1591 2946 unitum
1625 2899 1712 2946 est
1744 2891 1892 2961 quod
1927 2907 2037 2946 non

468 2988 588 3035 erat
625 2982 1024 3050 compositum?
1049 2982 1320 3036 Punctum
1355 2982 1525 3046 enim,
1565 2981 1730 3052 vulgo
1781 2980 2040 3050 loquendi

470 3072 653 3138 modo,
691 3073 924 3143 simplex
953 3088 1073 3128 esse
1102 3073 1361 3129 traditur.
1387 3072 1655 3128 Similiter
1705 3087 1925 3143 quoque
1961 3074 2043 3129 ul-

471 3163 603 3216 tima
624 3172 901 3218 momenta
935 3162 1220 3233 temporis,
1252 3175 1375 3233 qum
1406 3162 1581 3217 dividi
1616 3178 1725 3217 non
1777 3173 2037 3234 possunt,
2070 3191 2109 3246 ο

469 3262 685 3323 tempus
717 3270 783 3309 ex
827 3254 1031 3309 unione
1074 3253 1389 3324 perﬁciunt.
1429 3252 1567 3309 Dein
1611 3261 1794 3308 autem
1827 3254 1959 3324 quid
1987 3263 2045 3310 et

468 3345 538 3399 de
567 3346 743 3399 anima
768 3356 957 3401 nostra
980 3346 1203 3401 dicitis?
1232 3346 1315 3400 An
1344 3346 1511 3400 etiam
1559 3344 1719 3400 vobis
1765 3361 1833 3400 ex
1875 3345 2044 3415 parti-

469 3436 574 3491 bus
610 3438 921 3492 coalescere
954 3437 1197 3501 videtur,
1228 3452 1350 3507 quas
1379 3435 1598 3506 corpori
1650 3436 2045 3507 conjungitur?

468 3528 551 3582 An
589 3528 819 3598 simplex
847 3543 949 3584 nec
981 3528 1158 3592 unita,
1189 3527 1258 3582 ad
1314 3542 1515 3597 corpus
1547 3518 1756 3583 astaret
1805 3535 2040 3593 tantum,

464 3620 616 3690 juxta
646 3629 884 3677 vestram
917 3620 1286 3677 sententiam?
1317 3620 1602 3691 Siquidem
1621 3619 2043 3691 quodlibetuni-

472 3721 587 3764 tum
608 3726 674 3766 ex
704 3711 959 3781 partibus
974 3710 1179 3766 factum
1201 3719 1304 3766 est.
1328 3710 1386 3768 Si
1409 3726 1540 3782 ergo
1562 3710 1706 3766 hanc
1733 3710 2041 3780 simplicem

468 3802 1001 3871 atqueindefinitam,
1031 3812 1257 3874 propter
1282 3802 1429 3872 quod
1452 3817 1564 3857 non
1588 3803 1800 3858 unitam
1829 3802 1897 3857 ad
1916 3817 2043 3857 cor-

470 3910 574 3963 pus
610 3894 784 3961 scitis,
817 3911 925 3950 non
944 3894 1382 3950 diuturnissimis
1418 3894 1726 3951 ratiociniis
1741 3909 1840 3950 vos
1871 3895 2043 3949 inter-

471 4001 810 4057 rumpemus,
849 3987 943 4053 sed
984 3986 1258 4042 ﬂammam
1276 3987 1417 4058 ignis
1450 3986 1605 4042 carni
1630 3995 1848 4051 vestrae,
1873 3986 1918 4041 si
1947 3986 2043 4042 ad-

470 4076 578 4131 huc
627 4084 811 4131 tamen
861 4076 1043 4148 aliqua
1088 4086 1287 4133 vestras
1338 4085 1613 4147 superest,
1661 4076 2039 4145 admoveritis,

469 4182 498 4221 a
527 4166 682 4223 vobis
703 4169 1092 4238 exquiremus:
1127 4167 1210 4223 An
1236 4169 1444 4239 patitur
1470 4169 1628 4240 quasi
1651 4168 1862 4240 aliquid
1886 4185 2043 4226 com-

471 4260 719 4315 burcntis
756 4261 939 4316 anima
960 4270 1144 4317 vestra
1166 4260 1234 4315 de
1252 4260 1339 4315 his
1368 4261 1659 4317 nobiscum
1681 4261 2003 4332 colloquens
2020 4305 2035 4329 ,

469 4353 552 4407 vel
579 4354 727 4407 non?
756 4369 865 4408 non
898 4354 1046 4409 enim
1074 4353 1181 4409 hoc
1211 4368 1241 4409 a
1274 4369 1507 4424 corpore
1569 4353 1936 4424 exquirimus.
1981 4353 2040 4412 Si

468 4453 651 4498 autem
671 4445 807 4499 nihil
824 4445 1006 4499 anima
1033 4454 1211 4501 vestra
1240 4445 1308 4501 ab
1339 4446 1524 4517 aliquo
1550 4446 1909 4503 comburente
1927 4448 2040 4518 pati

2146 604 2256 675 γάρ
2303 606 2685 677 ὁμοιομεροῦς,
2728 609 2881 681 ποσῷ
2923 609 3182 681 διάφορον
3225 608 3385 681 μόνον
3424 610 3542 663 ἐστὶ
3588 608 3726 681 πρὸς

2145 698 2242 767 τὴν
2264 697 2470 750 οίκείαν
2503 698 2734 770 ὁλότητα
2757 717 2771 733 ·
2804 702 2949 755 κατά
2971 718 3034 770 γε
3052 698 3144 756 οὖν
3180 701 3399 764 ποσὸν,
3429 701 3521 753 καὶ
3556 700 3729 770 μέρος

2144 790 2311 843 ἐστίν.
2340 791 2403 844 Εἰ
2439 791 2497 845 δὲ
2528 792 2651 846 καθ’
2682 793 2711 846 ὃ
2746 793 2914 869 μέρος
2939 794 3079 859 ἐστὶ,
3116 792 3259 847 κατὰ
3287 792 3446 847 τοῦτο
3471 794 3567 846 καὶ
3597 793 3728 862 σύγ⁸

2145 900 2347 948 κειται,
2400 884 2542 938 κατὰ
2582 883 2782 939 ποσόν
2812 886 2957 957 ἄρα,
2989 886 3086 939 καὶ
3126 886 3188 940 τὸ
3226 887 3402 939 ποιὸν
3444 884 3523 955 τῷ
3552 882 3729 951 ποσῷ

2146 975 2434 1042 σύγκειται
2489 976 2548 1029 ὲν
2602 973 2837 1046 σώματι.
2904 978 2966 1030 Et
3025 973 3083 1030 δὲ
3134 976 3564 1048 ἀνομοιομεροῦς
3609 979 3729 1031 ἐστι

2144 1068 2268 1121 τάδε
2298 1068 2571 1138 ὁλότητος,
2601 1069 2834 1139 ἐπείπερ
2867 1069 2928 1122 ού
2953 1070 3150 1123 ταυτὸν
3178 1070 3258 1139 τῷ
3288 1087 3347 1121 τε
3379 1070 3500 1133 ὅλῳ
3528 1070 3620 1122 καὶ
3647 1069 3728 1136 τῷ

2137 1158 2303 1227 μέρει
2359 1154 2498 1220 εἶδός
2533 1160 2717 1224 ἐστιν,
2753 1157 2976 1211 ἐπὶτῶν
3010 1157 3230 1211 τοιῶνδε
3274 1156 3367 1209 τοῦ
3394 1156 3516 1208 ὅλου
3547 1156 3729 1209 ποιοῦ

2142 1250 2319 1312 ὄντος.
2372 1247 2577 1323 Τούτου
2607 1249 2663 1301 δὲ
2713 1247 2877 1319 μέρος
2923 1247 3111 1309 ποσὸν,
3144 1247 3177 1318 ἢ
3214 1246 3403 1316 ἕτερόν
3443 1262 3495 1298 τι
3536 1245 3724 1308 Eat-at;

2142 1342 2253 1394 Καὶ
2298 1340 2393 1394 τοῦ
2442 1341 2565 1393 ὅλου
2600 1339 2759 1393 πάλιν
2798 1338 2997 1393 ποσοῦ
3034 1338 3205 1402 ὄντος,
3240 1337 3301 1390 τὸ
3346 1337 3499 1390 τοῦδε
3534 1337 3723 1406 μέρος,

2142 1436 2317 1488 ποιὸν
2337 1436 2369 1505 ἢ
2393 1433 2581 1504 ἕτερόν
2606 1451 2657 1485 τι
2682 1433 2869 1498 ἕσται;
2901 1433 2998 1485 καὶ
3019 1431 3195 1494 ἄλλως
3221 1431 3302 1495 δὲ,
3338 1431 3387 1483 εί
3408 1429 3486 1491 ὡς
3519 1428 3728 1498 μέρους

2143 1521 2280 1598 πρὸς
2330 1528 2495 1598 μέρος
2534 1526 2646 1579 ἐστὶ
2677 1525 2883 1579 τούτων
2922 1527 2955 1595 ἡ
3007 1524 3287 1589 σύνθεσις,
3335 1522 3603 1592 ζητητέον
3641 1521 3726 1574 ἔτι

2140 1620 2237 1672 καὶ
2263 1618 2363 1688 τῆς
2393 1619 2600 1672 τούτων
2641 1616 2907 1688 ἑκατέρας
2933 1616 3186 1688 ὁλότητος
3214 1616 3313 1688 τὴν
3342 1614 3622 1675 σύνθεσιν,
3673 1613 3727 1665 εί

2141 1707 2201 1773 ἐξ
2224 1709 2360 1762 ὅλων
2390 1709 2422 1780 ἢ
2452 1709 2633 1780 μερῶν
2654 1711 2771 1762 ἐστι
2794 1724 2807 1773 ;
2840 1710 2935 1762 καὶ
2965 1710 3052 1761 ἐπ’
3076 1708 3303 1778 ἄπειρον
3322 1705 3499 1771 τοῦτο,
3525 1705 3632 1769 ἕως
3659 1698 3725 1757 οὗ

2143 1800 2401 1873 εὖροιμέν
2426 1819 2479 1854 τι
2497 1801 2525 1854 ὃ
2554 1799 2662 1854 τῶν
2688 1801 2904 1853 πάντων
2933 1799 3205 1854 συνθέτων
3237 1798 3297 1851 ὅν
3324 1798 3508 1867 (μόνον
3529 1797 3640 1867 γάρ
3663 1794 3727 1849 τὸ

2143 1893 2298 1947 Θεῖον
2333 1893 2511 1961 πάντη
2546 1890 2803 1961 ἁπλοῦν),
2837 1889 2973 1961 μήτε
3003 1889 3061 1955 ἐξ
3100 1890 3237 1943 ὅλων
3279 1890 3414 1960 μήτε
3446 1889 3509 1942 ἐκ
3539 1887 3725 1958 μερῶν

2143 1984 2384 2052 γέγονεν.
2416 1983 2528 2037 Καὶ
2556 1981 2699 2035 οὕτω
2728 1982 2948 2045 πάντως
2971 1980 3339 2051 δειχθήσεται,
3365 1980 3428 2033 ού
3458 1981 3566 2033 πᾶν
3592 1979 3724 2031 σύν-

2142 2075 2318 2138 θετον,
2341 2074 2461 2128 ὅλου
2483 2073 2629 2136 τινὸς
2655 2073 2784 2142 ὅλῳ,
2816 2072 2848 2144 ἢ
2881 2072 3082 2142 μέρους
3109 2071 3287 2142 μέρει,
3317 2070 3350 2140 ἢ
3386 2069 3587 2140 μέρους
3614 2067 3724 2138 ὅλῳ

2144 2166 2511 2231 συντεθέντος,
2542 2161 3092 2232 συγκεῖσθαι.Ταῦτα
3123 2162 3220 2231 μὲν
3243 2156 3336 2215 οὖν
3364 2160 3463 2231 τῆς
3492 2158 3723 2231 πρώτης

2143 2255 2296 2327 ὑμῶν
2322 2255 2641 2327 προτάσεως
2674 2253 2745 2307 τά
2775 2252 3136 2307 ἀνακόλουθα.

2213 2348 2324 2400 Καὶ
2352 2345 2453 2416 τῆς
2492 2345 2755 2415 δευτέρας
2783 2344 2842 2398 δέ
2871 2360 2955 2408 τις
2983 2346 3017 2415 ἡ
3054 2343 3333 2412 ἀπόφασις
3360 2343 3457 2396 τοῦ
3499 2344 3611 2396 πᾶν
3658 2341 3725 2394 τὸ

2142 2440 2263 2493 καθ’
2282 2438 2499 2492 οἱανοῦν
2532 2437 2783 2491 σύνθεσιν
2816 2437 3218 2507 συντιθέμενον,
3236 2436 3455 2499 πάντως
3478 2433 3724 2504 ὲμμερὲς

2142 2529 2279 2585 εἶναι
2304 2530 2414 2583 δεῖν
2437 2530 2532 2583 καὶ
2567 2529 2943 2600 περιγραπτόν
2969 2545 2984 2560 ο
3020 2528 3115 2582 καὶ
3144 2528 3266 2598 οὐχ)⁸
3299 2526 3396 2581 καὶ
3430 2525 3636 2597 ἀμερές
3664 2541 3723 2577 τι

2142 2623 2262 2676 ὅλον
2299 2622 2561 2676 δύνασθαί
2596 2639 2729 2675 ποτε
2762 2621 3126 2685 συντίθεσθαι,
3174 2615 3544 2690 παρελθόντες
3590 2605 3727 2670 ἀπο-

2145 2714 2462 2784 κρίνεσθαι·
2506 2712 2617 2767 ἰδοὺ
2651 2714 2759 2784 γὰρ
2787 2713 2847 2766 τὺ
2877 2715 3117 2783 σημεῖον·
3137 2711 3550 2783 άναντιῤῥήτως
3579 2710 3721 2779 ἀμε-

2145 2803 2238 2875 ρές
2265 2806 2402 2867 ἐστι,
2432 2803 2814 2873 συντιθέμενον
2838 2804 2893 2856 δὲ
2930 2802 3197 2873 γραμμὴν
3238 2801 3558 2855 ἀπετέλεσε.
3594 2799 3723 2862 Πῶς

2142 2889 2235 2946 οὖν
2262 2893 2518 2962 συνετέθη
2548 2892 2609 2945 τὸ
2635 2893 2735 2946 οὐκ
2766 2892 3009 2963 ὲμμερές
3036 2908 3049 2957 ;
3090 2891 3164 2944 Τὸ
3190 2889 3299 2961 γάρ
3327 2892 3557 2960 σημεῖον
3598 2906 3721 2942 κοι-

2144 2987 2262 3047 ναῖς
2310 2983 2626 3053 ὁμολογίαις
2668 2982 2876 3053 άμερὲς
2931 2982 3136 3035 δέδοται
3187 2976 3351 3034 εἶναι.
3397 2980 3625 3050 Ὁμοίως
3662 2980 3724 3033 δὲ

2144 3075 2239 3129 καὶ
2268 3074 2337 3128 τά
2364 3073 2569 3144 ἔσχατα
2612 3074 2775 3143 μόρια
2801 3070 2895 3125 τοῦ
2916 3070 3111 3142 χρόνου
3137 3110 3151 3133 ,
3192 3070 3373 3139 ἀμερῆ
3403 3068 3552 3131 ὅντα,
3586 3066 3722 3136 χρό-

2143 3183 2232 3220 νον
2272 3167 2337 3220 ὲκ
2364 3164 2664 3229 συνθέσεως
2696 3163 2967 3217 ἀποτελεῖ.
3000 3158 3131 3215 Εἶτα
3156 3161 3213 3214 δὲ
3241 3162 3337 3215 καὶ
3365 3160 3494 3229 περὶ
3541 3157 3723 3228 ψυχῆς

2144 3258 2275 3327 ἡμῖν
2304 3256 2358 3311 τί
2395 3272 2560 3327 φατε;
2598 3256 2669 3308 Ἦ
2694 3253 2805 3326 γάρ
2835 3254 3081 3326 ὲμμερὴς
3116 3252 3211 3307 καὶ
3250 3250 3391 3321 αῦτη
3417 3252 3547 3322 ὑμῖν
3573 3250 3726 3303 δοκεῖ

2143 3346 2283 3403 εἶναι
2321 3348 2442 3401 ἐπεὶ
2491 3347 2774 3416 σύγκειται
2807 3347 2885 3415 τῷ
2936 3346 3191 3417 σώματι;
3228 3346 3298 3399 Ἢ
3339 3342 3552 3415 ἀμερὴς
3579 3337 3717 3396 οὖσα

2142 3439 2240 3493 καὶ
2270 3438 2583 3504 ἀσύνθετος,
2618 3438 2759 3509 πρὸς
2804 3438 2965 3509 σῶμα
2993 3439 3238 3509 πέφυκεν
3273 3432 3433 3500 εἶναι,
3471 3434 3611 3489 κατά
3650 3434 3714 3487 τὸ

2144 3529 2409 3603 ὑμέτερον
2451 3529 2701 3601 ἀξίωμας
2743 3530 2901 3602 εἴπερ
2946 3532 3056 3584 πᾶν
3091 3530 3153 3584 τὸ
3192 3528 3593 3599 συντιθέμενον,
3618 3527 3721 3596 έμ-

2147 3621 2310 3691 μερές
2349 3623 2516 3676 ἐστιν.
2547 3623 2608 3675 El
2651 3622 2750 3691 μὲν
2777 3617 2869 3676 οὖν
2910 3621 3115 3693 ταύτην
3146 3622 3330 3693 ἀμερῆ
3368 3637 3429 3674 τε
3460 3619 3555 3673 xai.
3583 3619 3724 3672 ἀπε-

2145 3711 2484 3783 ρίγραπτον,
2514 3711 2580 3765 δι’
2636 3712 2666 3765 ὅ
2718 3712 2783 3782 δὴ
2847 3713 2940 3766 καὶ
2989 3711 3281 3767 ἀσύνθετον
3320 3713 3435 3765 ίστε
3476 3709 3614 3780 πρὸς
3659 3706 3723 3761 τὸ

2145 3804 2327 3875 σῶμα,
2368 3805 2429 3858 οὐ
2473 3804 2749 3868 πλείστοις
2792 3804 2938 3875 ὑμᾶς
2975 3805 3158 3875 λόγοις
3200 3804 3543 3874 ὲγκόψομεν,
3581 3800 3723 3856 ἀλλά

2143 3896 2316 3968 πυρὸς
2347 3895 2637 3966 θρυαλλίδα
2679 3897 2745 3967 τῇ
2778 3895 3019 3969 ὑμετέρᾳ
3056 3896 3240 3968 σαρκὶ,
3272 3896 3390 3963 εἴγε
3409 3894 3599 3948 λοιπὸν
3624 3893 3722 3947 καὶ

2144 3986 2385 4058 ὑμετέρα
2402 3986 2636 4056 λέγοιτο,
2651 3986 3051 4057 προσάψαντες,
3067 3984 3367 4057 πυθώμεθα
3382 3984 3557 4057 ὑμῶν’
3572 3980 3724 4053 τΑριθί

2143 4096 2210 4148 γε
2263 4078 2451 4147 ἀλογεῐ
2507 4077 2631 4131 ἐπεὶ
2682 4076 2763 4147 τῷ
2816 4077 3093 4148 καιομένῳ
3133 4079 3168 4147 ἡ
3214 4074 3718 4147 προσδιαλεγομένη

2143 4173 2276 4245 ἡμῖν
2307 4171 2453 4243 ψυχὴ
2496 4171 2652 4241 ὑμῶν
2695 4172 2827 4238 περὶ
2881 4170 3112 4238 τούτων,
3163 4171 3196 4242 ἢ
3246 4169 3396 4241 οὐχί;
3445 4169 3568 4224 οὐδὲ
3607 4167 3721 4241 γὰρ

2143 4264 2283 4337 πρὸς
2303 4264 2365 4318 τὸ
2390 4264 2549 4333 σῶμα
2572 4263 2672 4335 τὴν
2688 4262 2879 4317 πεῦσιν
2896 4262 3223 4335 ποιούμεθα.
3246 4263 3369 4317 Κάν
3388 4263 3487 4334 μὲν
3509 4262 3721 4317 εἴποιτε

2146 4358 2223 4431 μὴ
2254 4356 2484 4427 πάσχειν
2527 4373 2580 4410 τι
2608 4355 2706 4427 τὴν
2734 4354 2914 4425 ψυχὴν
2940 4356 3032 4410 ἐπὶ
3058 4355 3140 4426 τῷ
3164 4356 3464 4427 καιομένῳ,
3487 4356 3722 4410 ἀπελευ-

2146 4448 2354 4522 σόμεθα
2382 4448 2731 4519 σιγήσαντες,
2763 4443 2853 4501 οἷα
2873 4450 2943 4520 τῇ
2969 4447 3213 4520 ἀπαθείᾳ
3238 4448 3392 4519 ὑμῶν
3417 4447 3719 4519 ἐληλεγμέ-

468 4536 737 4604 dixeritis,
784 4538 1011 4594 silentes
1064 4538 1431 4606 discedemus,
1479 4540 1700 4596 inscitia
1754 4549 1938 4597 vestra
1966 4541 2036 4597 de

2143 4560 2244 4609 νοι,
2291 4542 2392 4612 τὴν
2437 4540 2569 4611 περὶ
2614 4539 2822 4594 τούτων
2862 4540 3084 4608 ἄγνοιαν
3124 4540 3520 4610 ἐναργέστατα.
3562 4540 3625 4595 El
3660 4540 3721 4594 δὲ

471 4625 558 4680 his
621 4628 692 4681 ob
741 4628 1224 4684 insensibilitatcm
1277 4638 1519 4685 vestram
1590 4630 2038 4688 manifestissime

470 4717 729 4774 convicti.
755 4718 813 4774 Si
837 4734 970 4775 vero
1002 4720 1166 4777 nimis
1206 4721 1565 4777 vehementer
1605 4724 1717 4793 pati
1764 4723 2037 4790 dixeritis,

470 4828 573 4868 nec
595 4813 661 4871 de
688 4814 776 4869 his
804 4815 875 4869 ob
909 4815 1165 4872 ardorem
1195 4817 1433 4887 colloqui
1473 4818 1773 4884 sustinere,
1799 4835 1831 4874 a
1875 4820 2040 4878 nobis

470 4904 675 4970 scietis,
702 4906 974 4962 ﬂammam
995 4923 1096 4963 nos
1131 4924 1242 4964 non
1275 4909 1556 4965 ablaturos
1581 4926 1685 4966 nec
1732 4920 2043 4966 remoturos

469 5012 590 5051 csse
613 4996 791 5054 donec
813 4998 975 5055 nobis
1005 4999 1124 5055 hac
1144 5000 1468 5073 sympathia:
1496 5016 1659 5058 causa
1706 5003 2041 5072 persuadea-

471 5098 578 5143 tur.
604 5088 794 5161 Magna
823 5105 854 5145 a
881 5090 1046 5147 nobis
1066 5092 1242 5165 surgit
1287 5092 1619 5160 dillicultas;
1666 5093 1794 5149 ideo
1839 5109 2043 5165 corpus

467 5198 535 5236 ex
557 5183 806 5251 partibus
860 5182 1064 5240 factum
1095 5201 1195 5242 nos
1219 5186 1601 5242 comburimus
1648 5202 1759 5242 non
1800 5203 1920 5255 vos,
1942 5204 2042 5244 seu

469 5282 702 5330 vestram
727 5276 1031 5346 simplicem
1071 5294 1174 5335 nec
1232 5279 1442 5334 unitam
1493 5278 1715 5349 corpori
1778 5281 2040 5345 animam,

469 5370 557 5423 cui
584 5370 892 5439 loquimur;
917 5372 1209 5443 eidemque
1236 5382 1419 5429 tamen
1456 5373 1780 5443 operatione
1804 5375 2043 5430 naturali

470 5462 587 5516 haec
620 5463 874 5533 impediri
907 5464 1083 5531 dicit;
1114 5466 1322 5520 etenim
1349 5466 1396 5520 si
1420 5465 1602 5520 anima
1637 5481 1766 5521 vero
1816 5469 1889 5523 sit
1913 5484 2043 5538 par-

472 5553 610 5607 tium
674 5570 891 5623 expers,
932 5572 1029 5612 seu
1074 5563 1272 5611 natura
1310 5557 1416 5612 alia
1483 5557 1691 5627 quaevis
1750 5558 1803 5611 in
1858 5560 2041 5625 nobis,

474 5644 649 5699 multo
678 5646 841 5701 modo
871 5648 936 5701 ad
962 5648 1182 5717 aliquod
1215 5648 1528 5720 subjicitur,
1558 5650 1707 5720 quod
1733 5653 2042 5706 secundum

474 5734 687 5787 nullum
714 5735 937 5790 modum
970 5737 1135 5792 alicui
1171 5739 1481 5810 subjectum
1526 5750 1647 5807 est;
1692 5741 1788 5796 sed
1825 5758 2046 5813 semper

480 5820 788 5880 absolutum
818 5840 878 5880 ac
912 5838 1010 5896 per
1036 5842 1093 5882 se
1124 5827 1448 5895 subsistens,
1487 5845 1609 5886 cum
1644 5846 1904 5902 percusso
1936 5848 2045 5890 non

2143 4635 2238 4688 καὶ
2265 4634 2404 4702 ἄγαν
2430 4630 2675 4705 σφοδρῶς
2699 4630 2990 4686 ὀδυνᾶσθαι
3028 4631 3120 4685 ἐπὶ
3151 4630 3324 4700 τούτῳ
3352 4630 3589 4697 εἴποιτε,
3624 4631 3723 4685 καὶ

2145 4724 2281 4796 μηδὲ
2343 4723 2633 4794 καρτερεῖν
2668 4720 3016 4789 διαλέγεσθαι
3067 4718 3197 4791 περὶ
3244 4717 3453 4774 τούτων
3506 4717 3595 4772 διὰ
3625 4718 3722 4773 τὸν

2143 4814 2460 4885 φλογισμὸν,
2475 4812 2774 4867 ἀκούσεσθε
2796 4811 2927 4884 παρ’
2952 4814 2984 4883 ὴ
2994 4812 3130 4883 μῶν,
3149 4812 3231 4865 ὅτι
3256 4812 3357 4866 οὐκ
3381 4810 3720 4881 ἀφεξόμεθα,

2143 4906 2263 4960 οὐδὲ
2312 4906 2698 4976 ἀποστήσομεν
2744 4905 2846 4975 τὴν
2884 4903 3201 4975 θρυαλλίδα,
3243 4903 3351 4968 ἕως
3392 4902 3459 4958 ἀν
3502 4906 3531 4957 ὁ
3562 4902 3723 4971 λόγος

2144 5000 2291 5069 ἡμᾶς
2338 4997 2501 5070 πείσῃ
2554 4998 2654 5070 τὴν
2685 4997 2867 5051 αἰτίαν
2904 4997 3005 5068 τῆς
3053 4994 3423 5068 συμπαθείας.
3478 4996 3724 5067 Ἀπορον

2144 5092 2277 5163 παρ’
2328 5092 2461 5162 ἡμῖν
2512 5088 2815 5143 ἀνακύπτει
2875 5088 3023 5159 μέγα
3056 5104 3070 5119 ο
3129 5087 3265 5142 διότι
3326 5089 3493 5159 ἡμεῖς
3561 5086 3725 5158 σῶμα

2144 5182 2375 5252 καίομεν
2402 5180 2666 5251 ὲμμερὲς,
2690 5179 2786 5234 καὶ
2805 5179 2903 5250 οὐχ
2930 5179 3075 5249 ὑμᾶς
3092 5194 3105 5208 ·
3138 5180 3307 5249 ἤγουν
3325 5178 3505 5250 ψυχὴν
3530 5178 3720 5251 ἀμερῆ

2144 5277 2241 5330 καὶ
2270 5274 2561 5329 ἀσύνθετον
2601 5274 2736 5344 πρὸς
2768 5273 2929 5345 σῶμα
2957 5272 3055 5344 τὴν
3087 5273 3383 5346 ὑμετέραν,
3413 5268 3448 5350 ᾖ
3479 5275 3724 5346 προσλα-

2144 5368 2344 5438 λοῦμεν
2372 5382 2385 5395 ⁸
2411 5368 2504 5419 καὶ
2526 5366 2676 5436 ὅμως
2709 5365 2846 5436 αὑτῇ
2869 5366 2968 5435 τῆς
2995 5367 3234 5437 φυσικῆς
3265 5365 3405 5435 αὕτη
3438 5366 3725 5439 ἐνεργείας

2147 5456 2535 5531 ἐμποδίζεσθαί
2572 5473 2705 5528 φησι
2733 5473 2747 5485 ⁸
2780 5458 2875 5510 καὶ
2913 5457 3022 5527 γὰρ
3052 5459 3100 5511 εί
3134 5459 3345 5531 ἀμερὴς
3372 5459 3544 5524 ὅντως
3573 5459 3726 5513 ἐστὶν

2145 5552 2180 5622 ἡ
2217 5550 2386 5620 ψυχὴ,
2420 5548 2455 5619 ἢ
2487 5548 2650 5621 ἑτέρα
2681 5566 2766 5613 τις
2789 5548 2972 5602 οίαοῦν
3006 5549 3168 5618 φύσις
3198 5550 3321 5606 καθ’
3353 5551 3516 5622 ὑμᾶς,
3549 5552 3728 5606 οὐδενὶ

2146 5644 2332 5714 τρόπῳ
2376 5641 2514 5712 πρός
2538 5659 2589 5694 τι
2618 5641 2987 5710 συγκείσεται,
3016 5642 3078 5695 τὸ
3106 5642 3164 5695 δὲ
3188 5644 3331 5699 κατὰ
3366 5644 3572 5715 μηδένα
3596 5645 3727 5714 spo-

2149 5752 2247 5788 πον
2272 5733 2380 5788 τινὶ
2427 5733 2783 5804 συγκείμενον
2810 5749 2823 5761 ·
2874 5733 2989 5786 ἀλλ’
3032 5734 3303 5789 ἀπόλυτον
3343 5737 3431 5790 ἀεὶ
3472 5738 3564 5790 καὶ
3595 5736 3724 5791 καθ’

2150 5827 2309 5882 ἑαυτὸ
2338 5826 2724 5896 ὑφιστάμενον,
2757 5826 2879 5882 οὔτε
2914 5827 3234 5897 τυπτομένῳ
3264 5828 3433 5900 ἑτέρῳ
3460 5829 3564 5883 τινὶ
3592 5845 3727 5899 συμ-
