4120 6444
423 374 562 450 1405

1351 378 1747 444 ADVERSUS
1786 376 2335 445 NESTORIANOS.
2374 406 2445 419 -
2481 385 2629 445 LIB.
2675 382 2725 445 Ι.

3538 374 3674 441 1406

417 490 740 562 πλήττεται,
788 483 911 544 οὔτε
964 488 1226 561 πάσχοντι
1259 494 1848 564 συγκολαφισθήσεται,
1874 494 1997 548 οὔτε

2103 496 2467 565 percutietur,
2500 511 2628 551 cum
2651 500 2850 552 vexato
2878 509 2991 549 non
3041 488 3353 559 vexabitur,
3414 504 3519 547 nec
3547 504 3673 548 cum

418 584 667 654 ἡδομένῳ
724 584 1178 655 συνευφραίνεται
1217 626 1234 651 ,
1289 586 1323 654 ἢ
1389 587 1577 650 ἁπλῶς
1639 587 1749 641 τῶν
1819 588 1998 642 αὐτῶν

417 674 801 730 ἀπολαύσειεν.
862 675 999 728 Οὐδὲ
1050 678 1202 728 τουτὶ¹
1283 676 1451 741 πάθος
1499 677 1561 731 τὸ
1630 678 1762 731 αὑτὸ
1794 718 1808 743 ,
1876 680 1998 732 κατ’

417 764 650 837 ἀριθμὸν
710 765 819 819 τῶν
893 766 1066 838 ἑτέρῳ
1144 768 1580 838 συμϐαινόντων,
1634 772 1743 824 τινὶ
1787 788 2000 841 συμμε-

421 856 736 927 ρισθήσεται
762 873 775 886 ·
817 856 1010 927 ἀμέλει
1043 857 1138 911 τοῦ
1182 859 1439 914 πλουσίου
1472 863 1530 914 ὲν
1572 862 1824 934 σπατάλῃ
1870 880 1999 915 κατ-

418 950 834 1021 ευωχουμένου,
899 951 1151 1024 Λάζαρος
1201 953 1300 1005 οὑκ
1370 954 1695 1024 εὐφραίνετο
1725 972 1739 986 ·
1798 956 2000 1026 ὁμοίως

416 1042 475 1094 δὲ
513 1041 640 1096 οὔτε
689 1045 749 1096 ὲν
809 1045 1006 1116 γεέννῃ
1058 1045 1216 1099 τοῦδε
1262 1046 1700 1117 φλογιζομένου,
1749 1049 1999 1120 Λάζαρος

418 1134 677 1188 ὠδυνᾶτο.
725 1136 864 1191 Ἀλλ’
905 1137 1028 1191 οὑδὲ
1062 1140 1223 1207 ἡμεῖς
1256 1138 1351 1193 νῦν
1377 1140 1507 1211 ὑμῖν
1546 1141 1846 1210 φάσκουσιν
1880 1143 2000 1196 ὀδυ-

419 1228 613 1282 νᾶσθαι
646 1229 741 1281 ἐπὶ
774 1232 837 1300 τῇ
890 1229 1188 1301 θρυαλλίδι,
1240 1234 1682 1305 συνηλγήσαμεν,
1716 1234 1997 1290 άσύνθετοι

421 1317 557 1389 πρὸς
587 1319 731 1388 ὑμᾶς
760 1320 1208 1391 ὁμολογουμένως
1234 1323 1595 1394 ὑπάρχοντες.

493 1413 554 1466 Εἰ
590 1413 647 1466 δὲ
680 1412 852 1495 ταῦτα
888 1415 1456 1490 άντιπεριτραπείσης
1499 1420 1685 1483 αὑτοῖς
1731 1419 1832 1490 τῆς
1863 1419 1999 1482 ιδίας

425 1507 782 1577 κακουργίας,
815 1508 1067 1580 αἰσθήσει
1119 1510 1423 1581 μάχεσθαι,
1460 1513 1591 1576 τοὺς
1628 1514 1771 1580 ἄγαν
1808 1529 2000 1583 φυσιοο

426 1601 606 1666 λογεῖν
642 1598 1003 1670 βουλομένους
1034 1603 1129 1656 καὶ
1164 1604 1245 1665 εἰς
1267 1603 1336 1657 τὰ
1366 1604 1489 1658 θεῖα
1518 1605 1703 1673 σαφῶς
1734 1604 2000 1675 παρίστη-

430 1708 503 1751 σι,
537 1692 610 1762 μή
654 1709 705 1744 τι
735 1693 844 1762 ἄρα
865 1692 927 1745 τὸ
957 1694 1145 1765 ἕτερον
1172 1697 1491 1766 αἱρήσονται
1524 1698 1712 1761 σκέλος
1744 1699 1845 1767 τῆς
1864 1696 1997 1750 διαι-

428 1781 649 1852 ρέσεως,
702 1784 828 1854 περὶ
875 1784 1053 1856 ψυχῆς
1102 1786 1301 1855 λέγειν,
1334 1788 1417 1841 ὅτι
1464 1789 1715 1859 ὲμμερής
1744 1788 1803 1841 τέ
1848 1790 1997 1841 ἔστιν

426 1873 523 1926 ἆτε
568 1874 659 1927 καὶ
695 1877 1070 1948 περιγραπτὴ,
1098 1878 1195 1930 καὶ
1222 1878 1312 1932 διὰ
1345 1878 1505 1932 τοῦτο
1536 1880 1631 1933 καὶ
1656 1879 1936 1947 σύγκειται
1965 1880 1998 1949 ἠ

422 1966 571 2037 ψυχὴ
602 1967 679 2039 τῷ
708 1968 944 2040 ὲμμερεῖ
993 1972 1088 2023 καὶ
1124 1971 1490 2042 περιγραπτῷ
1522 1971 1771 2042 adipem;
1806 1972 1869 2027 Et
1904 1971 1999 2025 οὖν

423 2058 582 2112 τοῦτο
597 2059 831 2128 λέγοιτε,
861 2061 1045 2123 πάλιν,
1072 2063 1368 2131 σκέψασθε,
1392 2063 1523 2135 φαίη
1534 2081 1653 2134 μεν,
1681 2064 1749 2117 τὰ
1771 2065 2000 2130 συναγό-

431 2167 590 2220 μενα·
612 2151 831 2221 πρῶτον
864 2152 962 2222 μὲν
991 2154 1093 2224 γὰρ
1124 2153 1439 2220 συναύξοιτο
1461 2155 1556 2209 καὶ
1586 2157 2000 2225 συναπομειοῖτο

428 2240 522 2294 καὶ
574 2241 1020 2314 συνδιατέμνοιτο
1067 2244 1147 2314 τῷ
1198 2244 1458 2315 σώματι·
1507 2246 1556 2299 εί
1601 2247 1658 2299 δὲ
1707 2247 1781 2317 μή
1822 2263 1907 2314 γε,
1938 2245 1999 2299 τὸ

430 2333 664 2401 αὑξηθὲν
687 2335 849 2405 σῶμα
881 2337 941 2389 οὑ
977 2336 1209 2401 ζωώσει,
1243 2338 1317 2409 μὴ
1348 2338 1681 2408 ἐγγενομένη
1705 2338 1847 2391 κατὰ
1879 2336 2001 2391 σύν-

427 2425 576 2479 θεσιν
610 2427 705 2482 καὶ
736 2428 913 2499 αὐτῷ·
940 2430 1064 2483 οὐδὲ
1104 2431 1183 2501 τῷ
1240 2430 1527 2500 μειωθέντι
1562 2430 1879 2501 ἀρκεσθείη,
1924 2429 2000 2502 μὴ

428 2524 928 2594 συμπερισταλεῖσα
976 2524 1124 2595 αὑτῷ
1158 2543 1293 2588 πως.
1327 2520 1463 2578 Εἶτα.
1499 2524 1577 2587 δὲ,
1605 2523 1657 2576 τί
1697 2524 1763 2577 ἂν
1796 2525 1999 2576 εἴποιτε

428 2615 529 2679 ἔτι,
559 2616 682 2669 ἐπεὶ
720 2616 780 2669 τὸ
818 2617 1061 2688 ὲμμερὲς
1101 2618 1196 2670 καὶ
1232 2617 1609 2688 περιγραπτὸν
1634 2618 1741 2670 πᾶν
1768 2618 1824 2670 ὲν
1850 2618 2000 2688 τόπῳ

427 2703 608 2771 tactv;
645 2704 719 2757 Τὸ
746 2705 803 2758 δὲ
848 2707 905 2759 ὲν
939 2707 1087 2777 τόπῳ
1121 2706 1202 2773 ὃν,
1250 2706 1283 2778 ἢ
1339 2707 1519 2778 σῶμα,
1564 2707 1597 2778 ἢ
1658 2707 2003 2778 συμϐεϐηκὸς

428 2794 641 2867 σώματι
670 2797 974 2867 ἀχώριστόν
1000 2799 1171 2866 ἐστιν,
1200 2800 1415 2868 ἀνάγκη
1458 2799 1492 2871 ἢ
1538 2799 1883 2871 συμϐεϐηκὸς
1905 2797 2002 2854 καὶ

425 2887 583 2941 τοῦτο
597 2888 902 2959 ἀχώριστόν
924 2904 999 2943 τιο
1026 2890 1150 2944 ὅθεν
1176 2891 1295 2945 οὑδὲ
1318 2891 1587 2945 ἀθάνατον
1611 2892 1713 2958 ἔτι,
1734 2891 1767 2963 ἢ
1791 2891 2001 2946 αὑθύπ-

426 2996 661 3047 αρκτον,
691 2980 811 3033 οὑδὲ
852 2981 1041 3036 ούσίαν
1086 2981 1295 3037 οἴεσθαι
1360 2983 1461 3054 τὴν
1508 2982 1788 3054 ψυχὴν,ἢ
1842 2983 2001 3053 σῶμα

426 3066 564 3123 εἶναι
604 3070 785 3139 λέγειν
821 3072 1013 3145 αὑτὴν,
1046 3074 1152 3127 ὑπὸ
1201 3073 1456 3146 σώματος
1492 3075 1902 3147 περιεχόμενον.
1939 3077 2000 3130 Εἰ

424 3163 481 3216 δὲ
512 3164 725 3233 σῶμαὴ
760 3165 925 3237 ψυχὴ,
956 3166 1048 3219 διὰ
1079 3165 1329 3237 σώματος
1363 3166 1426 3220 ού
1466 3168 1729 3238 χωρήσει,
1761 3167 1836 3239 μὴ
1869 3168 2001 3221 διαι-
2028 3179 2071 3236 c

429 3256 595 3325 ροῦσα
626 3257 804 3323 τοῦτο,
850 3258 883 3329 ἢ
936 3258 1289 3331 διαιρουμένη
1324 3259 1429 3313 ὑπὸ
1468 3258 1685 3324 τούτου,
1715 3260 1765 3313 εἰ
1804 3259 1999 3329 ἀληθὲς

424 3348 485 3400 τὸ
516 3347 673 3418 σῶμα
703 3348 792 3402 διὰ
816 3349 1068 3419 σώματος
1103 3351 1179 3421 μὴ
1210 3353 1430 3421 χωρεῖν,
1475 3350 1606 3404 ἄνευ
1637 3350 1737 3421 τῆς
1768 3351 1999 3423 θατέρου

423 3438 762 3509 διαιρέσεως.
806 3440 967 3495 ’Λλλά
996 3441 1093 3494 καὶ
1150 3442 1211 3494 ὲν
1253 3442 1403 3512 ὄγκῳ
1445 3441 1653 3513 μείζονι
1682 3443 1754 3496 τὰ
1782 3442 2001 3516 ἔμψυχα

427 3528 654 3599 σώματα
696 3532 849 3602 παρὰ
896 3531 965 3584 τά
1008 3531 1179 3602 νεκρά
1225 3532 1454 3603 ὁρᾶσθαι
1499 3533 1813 3602 ἀναγκαῖον,
1844 3532 2001 3603 εἴπερ

428 3622 537 3673 πᾶν
580 3620 741 3692 σῶμα
782 3621 997 3693 σώματι
1049 3622 1454 3694 ὲπιγινόμενον,
1502 3625 1559 3677 ὲν
1598 3624 1748 3695 ὄγκῳ
1797 3623 2003 3695 μείζονι

426 3715 584 3769 τοῦτο
613 3716 887 3771 δείκνυσιν
910 3734 924 3747 ·
956 3716 1036 3771 ἔτι
1071 3717 1171 3789 μέν
1195 3736 1278 3772 τοι
1308 3719 1404 3772 καὶ
1434 3710 1573 3789 αὕτη
1598 3719 1647 3771 εί
1675 3717 1835 3789 σῶμά
1856 3718 2003 3771 ἐστιν

426 3809 462 3878 ἡ
504 3808 673 3878 ψυχὴ,
710 3808 934 3878 συνεχές
962 3825 1022 3862 τε
1074 3808 1242 3863 ποσὸν
1281 3808 1395 3879 ἔχει
1445 3809 1539 3862 καὶ
1583 3809 1790 3879 σχῆμα.
1835 3807 2005 3877 Σῶμα

428 3898 522 3957 οὖν
564 3902 631 3956 δι’
661 3902 791 3973 ὅλης
831 3902 1002 3972 αὐτῆς
1049 3904 1108 3956 ὲν
1141 3904 1208 3971 τῇ
1255 3901 1502 3956 συνθέσει
1543 3900 1917 3973 είσδεξαμένη,
1946 3902 2005 3953 ἐν

427 3993 574 4065 ὄγκῳ
608 3992 818 4064 μείζονι
846 3990 941 4047 καὶ
986 3993 1125 4064 αὑτὴ
1155 3993 1666 4064 κατασταθήσεταιο
1705 3994 1734 4047 ὃ
1765 3994 1875 4066 γὰρ
1903 3994 2005 4064 ἐμ-

427 4085 643 4153 ποιήσει
672 4083 844 4155 ἑτέρῳ
872 4083 933 4137 τὸ
958 4082 1144 4155 ἕτερον
1169 4083 1349 4155 σῶμα,
1387 4084 1464 4147 ὡς
1504 4083 1687 4154 σῶμα,
1719 4083 1879 4139 τοῦτο
1909 4083 2006 4137 καὶ

428 4176 560 4231 αὑτὸ
613 4175 863 4230 πείσεται
910 4175 1017 4229 ὑπὸ
1050 4175 1145 4229 τοῦ
1193 4175 1402 4246 ἐτέρου.
1440 4177 1560 4230 Ἔτι
1604 4175 1663 4230 δὲ
1692 4176 1787 4230 καὶ
1832 4175 2006 4230 ἄλλων

429 4270 647 4323 ἀτόπων
671 4268 894 4339 πλῆθος,
924 4268 954 4321 ὃ
990 4269 1078 4322 διὰ
1104 4268 1204 4341 τὴν
1242 4270 1336 4323 ἐπὶ
1373 4270 1630 4323 πλεῖστον
1664 4269 2006 4341 παρέκϐασιν

428 4361 536 4414 τῶν
564 4360 912 4431 ζητουμένων
947 4362 1290 4433 παρορατέον
1335 4364 1469 4433 ἡμῖν
1513 4362 1651 4433 πρὸς
1694 4362 1755 4415 τὸ
1806 4361 2005 4433 παρὸν,

430 4453 525 4506 καὶ
556 4453 665 4506 τῶν
690 4452 999 4524 εἰρημένων
1025 4453 1351 4507 δεικνύντων
1390 4454 1491 4508 οὑκ
1535 4454 1771 4517 ἐλλιπῶς
1808 4452 1870 4508 τὸ
1913 4453 2007 4506 άν-

2100 588 2374 660 gaudente
2403 588 2793 660 congaudebit,
2833 603 2933 644 seu
2988 586 3319 656 simpliciter
3344 584 3462 639 haec
3487 584 3674 639 omnia

2100 682 2480 752 participaret.
2534 682 2726 751 Neque
2750 682 2870 736 haec
2920 679 3112 735 eadem
3136 678 3342 749 passio,
3378 678 3533 747 juxta
3566 693 3674 730 nu-

2100 789 2314 828 merum
2364 790 2556 829 corum
2606 788 2727 843 quae
2763 772 2922 827 alteri
2979 769 3265 833 eveniunt,
3310 781 3436 823 cum
3495 767 3675 836 aliqua

2100 866 2539 936 comparabitur;
2570 875 2722 921 certe
2742 880 2867 919 cum
2898 862 3055 917 dives
3096 859 3381 930 splendide
3422 859 3666 928 epulare-

2101 964 2213 1021 tur,
2244 973 2355 1011 non
2410 957 2698 1011 iaztabatur
2751 955 3029 1019 Lazarus;
3093 950 3351 1007 similiter
3400 964 3503 1004 nec
3544 950 3674 1004 dum

2102 1044 2158 1098 in
2187 1043 2403 1099 inferno
2419 1044 2635 1099 ﬂamma
2660 1043 3005 1098 cruciaretur
3030 1082 3045 1106 ,
3068 1040 3311 1095 Lazarus
3338 1040 3673 1109 patiebatur.

2102 1134 2209 1191 Sed
2266 1151 2368 1190 nec
2415 1151 2516 1190 nos
2540 1135 2704 1190 simul
2746 1144 2872 1190 cum
2906 1133 3066 1187 vobis
3113 1148 3143 1187 a
3173 1131 3390 1186 ﬂamma
3416 1131 3526 1201 pati
3588 1131 3676 1185 di-

2100 1227 2377 1290 centibus,
2414 1226 2560 1297 passi
2593 1240 2804 1291 sumus,
2843 1224 3117 1295 siquidem
3158 1223 3461 1279 fatentibUs
3500 1224 3677 1278 omni-

2099 1318 2224 1383 bus,
2242 1318 2529 1374 vobiscum
2564 1333 2673 1372 non
2704 1326 2896 1371 sumus
2923 1315 3085 1370 uniti.

2169 1421 2227 1477 Si
2254 1435 2385 1477 vero
2406 1421 2607 1475 astutia
2652 1435 2845 1475 eorum
2863 1416 3072 1474 eisdem
3102 1412 3294 1473 eadem
3321 1433 3471 1471 arma
3500 1432 3676 1487 oppo-

2099 1526 2258 1575 nens,
2295 1526 2420 1566 cum
2452 1511 2812 1567 sensibilibus
2845 1519 3076 1581 pugnat,
3104 1510 3380 1579 nimisque
3426 1508 3495 1563 de
3541 1509 3678 1578 phy-

2099 1602 2228 1658 sicis
2261 1603 2447 1658 dicere
2485 1603 2735 1658 volentes
2761 1603 2815 1657 in
2845 1601 3167 1657 coelestibus
3225 1600 3514 1655 evidenter
3547 1615 3677 1653 eon-

2100 1694 2317 1759 stituit,
2371 1708 2555 1748 nonne
2624 1694 2785 1747 aliam
2845 1702 3055 1763 partem
3110 1691 3486 1746 distinctionis
3534 1691 3678 1744 arri-

2100 1785 2275 1855 pient,
2312 1785 2379 1840 de
2412 1786 2593 1840 anima
2619 1786 2866 1840 dicentes
2898 1784 3148 1853 partibus
3174 1799 3294 1838 eam
3317 1782 3674 1851 compositam

2101 1890 2336 1944 esseque
2370 1874 2602 1939 ﬁnitam,
2646 1873 2881 1943 ideoque
2912 1873 3150 1927 animam
3203 1885 3425 1941 quoque
3476 1871 3675 1940 subjici

2101 1967 2319 2037 corpori
2349 1967 2601 2037 partibus
2632 1967 2920 2037 coagulato
2945 1973 3110 2035 atque
3132 1962 3597 2033 circumscripto?
3618 1962 3675 2017 Si

2100 2076 2231 2131 ergo
2246 2059 2633 2123 hocdixeritis,
2660 2074 2882 2112 rursum
2906 2058 3089 2121 allata,
3108 2056 3379 2119 dicemus,
3408 2062 3632 2124 pensate
3657 2070 3673 2118 ;

2100 2149 2340 2220 primum
2358 2148 2503 2202 enim
2531 2148 2695 2202 simul
2725 2162 2849 2201 cum
2879 2160 3107 2215 corpore
3122 2153 3436 2213 augeretur,
3464 2142 3679 2195 minue-

2100 2246 2257 2292 retur
2287 2246 2452 2306 atque
2481 2235 2850 2300 scinderetur;
2888 2234 2973 2289 sin
3002 2233 3186 2292 aliter,
3224 2240 3444 2285 auctum
3477 2245 3679 2299 corpus

2101 2341 2214 2381 non
2266 2325 2602 2390 viviﬁcabit,
2648 2325 2755 2379 nisi
2780 2326 2968 2378 innata
2996 2338 3122 2378 cum
3160 2321 3255 2375 illo
3285 2321 3545 2385 uniatur;
3582 2320 3679 2374 de-

2099 2417 2319 2473 bilitate
2336 2433 2447 2471 non
2479 2418 2864 2481 succurrisset,
2892 2415 2947 2469 ni
2982 2430 3093 2485 quo
3120 2414 3284 2468 modo
3306 2413 3385 2467 illi
3421 2409 3675 2482 adaptata

2100 2506 2317 2562 fuisset.
2338 2508 2473 2562 Dein
2508 2523 2660 2573 vero,
2678 2506 2812 2577 quid
2832 2506 3014 2560 adhuc
3037 2504 3320 2567 diceretis,
3345 2513 3470 2558 cum
3492 2516 3676 2565 omne,

2102 2600 2249 2671 quod
2291 2613 2359 2655 ex
2419 2600 2671 2669 partibus
2700 2596 3055 2667 componitur
3078 2612 3143 2651 ac
3175 2594 3677 2659 circumscribitur,

2103 2693 2160 2748 in
2206 2693 2327 2747 loco
2357 2691 2480 2747 sit?
2518 2692 2689 2746 Porro
2730 2688 2880 2760 quod
2936 2689 2991 2743 in
3024 2689 3149 2743 loco
3181 2695 3289 2751 est,
3327 2702 3423 2742 seu
3453 2702 3678 2755 corpus,

2103 2800 2201 2840 seu
2244 2784 2463 2854 corpori
2501 2783 2759 2839 accidens
2820 2782 3173 2837 individuum
3216 2787 3335 2843 est,
3376 2779 3681 2834 necessitas

2102 2876 2191 2931 vel
2232 2876 2492 2931 accidens
2530 2876 2667 2930 illud
2698 2890 2921 2944 quoque
2950 2873 3159 2943 aliquid
3190 2871 3537 2926 individuum
3560 2878 3676 2936 est;

2103 2967 2231 3022 inde
2263 2982 2367 3022 nec
2385 2968 2498 3037 jam
2551 2966 2897 3031 immortalis,
2957 2980 3061 3019 nec
3101 2979 3200 3033 per
3244 2978 3303 3018 se
3348 2960 3677 3026 subsistens,

2103 3077 2207 3116 nec
2221 3061 2525 3115 substantia
2553 3060 2736 3115 anima
2765 3058 3020 3113 habenda
3047 3065 3154 3123 est,
3199 3056 3285 3113 vel
3335 3056 3452 3126 ipsa
3478 3069 3681 3124 corpus

2103 3151 2335 3206 dicenda
2375 3158 2461 3206 est
2500 3164 2736 3220 corpore
2794 3149 3076 3205 obvoluta.
3143 3147 3197 3202 Si
3246 3153 3431 3202 autem
3478 3161 3681 3215 corpus

2102 3248 2187 3296 est
2231 3239 2453 3302 anima,
2496 3255 2598 3309 per
2627 3252 2830 3309 corpus
2886 3253 2997 3291 non
3049 3234 3345 3307 procedet,
3380 3232 3515 3290 illud
3566 3250 3679 3289 non

2102 3334 2375 3396 dividens,
2408 3334 2495 3388 vel
2528 3349 2637 3388 non
2669 3333 2738 3389 ab
2767 3333 2862 3389 illo
2887 3332 3085 3393 divisa.
3123 3330 3169 3386 si
3206 3346 3399 3385 verum
3447 3338 3531 3384 est
3560 3344 3685 3385 cor-

2101 3441 2205 3496 pus
2233 3441 2333 3496 per
2356 3440 2556 3494 corpus
2582 3423 2887 3494 procedere
2920 3420 3264 3491 impossibile
3300 3435 3444 3484 esse,
3475 3419 3681 3487 absque

2103 3515 2392 3585 utriusque
2420 3514 2714 3569 divisione.
2746 3513 2814 3567 At
2850 3512 3019 3569 etiam
3062 3512 3116 3566 in
3178 3511 3383 3581 majore
3424 3508 3683 3579 congerie

2103 3607 2411 3678 spiritualia
2443 3621 2676 3676 corpora
2705 3620 2832 3660 cum
2873 3603 3238 3660 cadaveribus
3257 3600 3494 3656 videnda
3528 3607 3681 3663 sunt,

2042 3698 2049 3706 ’
2104 3699 2373 3770 siquidem
2399 3714 2561 3754 omne
2585 3713 2787 3768 corpus
2812 3695 3033 3766 corpori
3074 3694 3346 3759 additum,
3380 3692 3436 3746 in
3484 3706 3686 3761 congc-

2104 3792 2186 3847 rie
2208 3790 2401 3862 majori
2435 3789 2569 3845 illud
2619 3789 2963 3845 demonstrat
2985 3805 3000 3854 ;
3022 3787 3069 3843 si
3118 3785 3300 3841 anima
3338 3799 3541 3854 corpus
3577 3791 3684 3842 est,

2104 3882 2469 3954 quantitatem
2522 3880 2843 3936 continuam
2894 3887 2951 3934 et
2981 3877 3213 3949 ﬁguram
3244 3875 3434 3930 habet.
3470 3872 3688 3942 Corpus

2103 3991 2235 4048 ergo
2260 3985 2547 4046 postquam
2580 3974 2635 4029 in
2653 3972 2857 4028 unione
2874 3980 2993 4027 tota
3017 3969 3306 4040 complexa
3340 3966 3432 4032 sit,
3468 3966 3523 4020 in
3543 3965 3687 4020 mole

2105 4068 2314 4140 majore
2360 4067 2553 4123 eadem
2584 4066 2754 4122 etiam
2798 4063 3205 4129 constituetur;
3249 4059 3397 4132 quod
3426 4058 3574 4113 enim
3611 4058 3689 4111 al-

2107 4158 2212 4215 teri
2243 4159 2477 4215 alterum
2510 4171 2718 4228 corpus
2750 4154 2941 4218 addet,
2971 4163 3033 4208 ut
3064 4167 3288 4223 corpus,
3315 4151 3422 4205 hoc
3454 4156 3511 4204 et
3541 4147 3686 4202 idem

2106 4252 2176 4307 ab
2220 4252 2397 4307 altero
2423 4250 2685 4320 patietur.
2741 4248 2911 4303 Multa
2965 4248 3194 4317 insuper
3242 4250 3372 4299 sunt
3423 4235 3685 4305 absurda,

2107 4354 2249 4415 quae,
2286 4360 2411 4400 cum
2447 4342 2605 4398 valde
2634 4342 2862 4413 quaesita
2901 4337 3226 4412 transgressi
3278 4336 3473 4401 simus,
3529 4333 3690 4388 nobis

2109 4436 2167 4492 in
2204 4436 2461 4507 praasenti
2519 4433 2826 4490 omittenda
2876 4442 3028 4497 sunt,
3076 4445 3315 4500 cumque
3372 4425 3688 4497 supradicta

433 4542 653 4613 ίσχυρον
684 4516 1085 4613 τηςιὺμετέρας
1116 4544 1428 4608 ὑποθέσεως
1448 4562 1461 4574 ο
1491 4544 1630 4599 ἀλλὰ
1668 4516 1845 4599 ταῧτα
1885 4543 2004 4614 μὲν,

2111 4529 2458 4584 abundanter
2488 4526 2867 4582 inﬁrmitatem
2895 4524 3065 4581 vestri
3098 4520 3411 4596 systematis
3462 4519 3691 4573 demon-

430 4639 524 4688 καὶ
552 4638 653 4706 τῆς
696 4634 959 4703 δευτέρας
990 4637 1371 4707 ἀποφαντικῆς
1406 4636 1561 4707 ὑμῶν
1591 4638 1757 4691 ἕνεκα
1802 4637 2011 4709 προτά-

431 4740 590 4792 σεως,
628 4726 898 4798 λεγούσης
954 4727 1036 4781 ὅτι
1086 4727 1147 4781 τὸ
1194 4728 1585 4799 συντιθέμενον
1640 4729 1864 4793 πάντως
1918 4726 2013 4782 καὶ

431 4816 675 4888 ὲμμερὲς
721 4811 863 4869 εἶναι
903 4817 1141 4889 ἀνάγκη,
1175 4822 1271 4871 καὶ
1318 4818 1720 4889 περιγραπτδν,
1770 4818 1830 4885 ἐξ
1862 4812 1923 4874 οὗ
1952 4816 2014 4871 τὸ

429 4910 673 4980 γενναῖον
702 4909 833 4982 ὑμῖν
859 4908 980 4963 ὅλον
1016 4909 1357 4982 ἐπιχείρημα
1393 4910 1825 4967 κατεσκεύαστο.

516 5060 671 5115 Ἐπεὶ
698 5054 792 5113 οὗν
833 5060 925 5113 καὶ
952 5060 1019 5113 τά
1048 5060 1314 5131 εἰρημένα
1346 5059 1623 5130 ἀρκοῦντά
1648 5061 1763 5113 ὲστι
1804 5061 1884 5123 είς
1913 5078 2016 5114 κα-

430 5155 654 5211 τάλυσιν
680 5153 779 5222 τῆς
802 5151 1097 5221 ψαμμαίας
1115 5151 1268 5223 ὑμῶν
1287 5152 1601 5223 οἰκοδομῆς,
1628 5151 1717 5205 διὰ
1741 5151 1859 5204 τόδε
1888 5152 2016 5205 ἐπό-

434 5262 573 5317 μενα
594 5261 663 5315 μυ
675 5243 765 5314 ρία
784 5243 876 5296 καὶ
900 5243 1035 5297 ἄλλα
1056 5243 1233 5314 ἀτοπή
1242 5260 1387 5312 ματα
1415 5245 1534 5306 ταῖς
1553 5241 1853 5311 ὑμετέραις
1879 5242 2014 5297 ὑπο-

432 5333 1075 5403 θέσεσι,παραλείψομεν,
1102 5332 1217 5401 εἴγε
1240 5333 1301 5386 τὸ
1326 5336 1509 5404 νοερὸν
1529 5333 1625 5385 καὶ
1641 5332 2015 5403 πνευματικὸν

432 5428 528 5481 καὶ
561 5426 866 5494 ίσάγγελον,
922 5425 1002 5479 ἔτι
1052 5426 1161 5496 μὴν
1221 5426 1410 5480 καὶτὸ
1447 5425 1568 5480 κατ’
1612 5426 1796 5479 εἰκόνα
1851 5425 2010 5492 Θεοῦ,

433 5519 530 5573 καὶ
562 5518 867 5589 ἐμφύσημα
902 5519 1000 5589 τῆς
1032 5518 1191 5587 δόξης
1217 5519 1309 5572 τοῦ
1336 5518 1812 5587 Παντοκράτορος,
1856 5517 2015 5573 τοῦτο

435 5610 593 5681 ὑμεῖς
635 5609 823 5672 ἁπλῶς
851 5611 1091 5681 ὲμμερὲς
1127 5605 1267 5664 εἶναι
1300 5611 1639 5678 ὑποτίθεσθε,
1665 5612 1801 5665 διότι
1835 5612 2014 5665 συντί-

436 5700 625 5756 θεσθαι
654 5701 1225 5773 ὼμολόγηται.”Εσται
1249 5703 1357 5771 γὰρ
1382 5702 1571 5755 τούτου
1596 5702 1863 5768 δοθέντος,
1887 5703 2011 5758 καθ’

434 5792 581 5865 ὑμᾶς
611 5794 672 5862 ἐξ
701 5796 949 5875 ἀνάγκης
970 5797 1033 5868 ’ἢ
1062 5798 1243 5853 καὶτὰ
1278 5797 1517 5868 συγγενῆ
1549 5796 1643 5851 xal
1676 5796 2007 5870 πρωτότυπα

2110 4617 2429 4675 straverint.
2458 4618 2583 4672 llaec
2606 4623 2735 4671 sunt
2786 4615 3011 4686 quidem
3066 4629 3207 4685 qum,
3254 4608 3511 4667 secundae
3564 4623 3694 4677 pro-

2111 4712 2407 4785 positionis
2464 4710 2641 4782 gratia
2664 4718 2863 4765 vestrm
2897 4707 3225 4778 pmdicatae,
3274 4701 3513 4758 dicentis
3545 4699 3692 4769 quod

2114 4807 2332 4863 unitum
2364 4812 2450 4860 est
2470 4802 2789 4859 necessario
2816 4817 2885 4857 ex
2933 4799 3185 4871 partibus
3231 4796 3564 4855 coalescere,
3610 4801 3692 4844 at-

2111 4914 2221 4969 que
2247 4896 2733 4967 circumscriptum
2780 4908 2924 4957 esse,
2968 4906 3163 4946 omnes
3220 4886 3393 4943 vestri
3443 4881 3693 4955 generosi

2113 4996 2345 5044 conatus
2377 4987 2502 5042 ideo
2522 4990 3010 5055 comparaverunt;

2184 5079 2321 5135 Cum
2343 5092 2474 5148 ergo
2496 5076 2811 5147 supradicta
2846 5074 2910 5129 ad
2956 5069 3393 5128 destructionem
3449 5078 3695 5119 arcnosm

2113 5178 2312 5225 vestrae
2335 5164 2717 5221 mdiﬂcationis
2746 5161 3042 5221 sumciant,
3076 5158 3201 5213 ideo
3249 5156 3537 5209 innumera
3564 5165 3687 5204 con-

2115 5257 2402 5328 sequentia
2425 5254 2644 5322 aliaque
2667 5249 2906 5305 absurda
2962 5250 3321 5319 systematum
3377 5246 3692 5293 vestrorum

2115 5326 2478 5419 negligemus,
2506 5342 2780 5413 siquidem
2805 5339 2950 5410 quod
2979 5332 3373 5396 intellectuale,
3408 5328 3553 5401 quod
3581 5326 3694 5419 spi-

2114 5418 2334 5500 rituale,
2361 5434 2508 5504 quod
2547 5432 2856 5504 angelicum
2887 5470 2902 5493 ,
2928 5430 3039 5483 imo
3080 5424 3227 5496 quod
3262 5431 3347 5479 est
3376 5422 3443 5477 ad
3498 5418 3695 5489 imagi-

2112 5542 2239 5581 nem
2272 5526 2367 5580 Dei
2404 5524 2724 5593 aﬂlatusque
2748 5521 2932 5592 gloriae
2979 5512 3410 5586 Omnipotentis,
3469 5526 3536 5565 ex
3569 5524 3696 5579 par-

2114 5618 2264 5672 tibus
2289 5616 2634 5686 coagulatum
2663 5626 2976 5683 supponere
3003 5625 3102 5664 vos
3154 5623 3267 5662 non
3310 5603 3599 5673 dubitatis,
3628 5615 3697 5655 eo

2114 5707 2259 5779 quod
2290 5707 2435 5762 uniri
2459 5704 2907 5768 eredalur.Nam,
2932 5718 3056 5755 cum
3085 5702 3159 5756 ita
3192 5700 3284 5763 sit,
3304 5697 3372 5752 ad
3396 5697 3502 5751 hoc
3525 5694 3694 5749 deve-

2116 5800 2275 5857 nistis
2308 5808 2369 5855 ut
2395 5799 2510 5855 sive
2534 5796 2846 5871 congenita,
2872 5795 2988 5851 sive
3026 5798 3337 5865 prototypa,
3361 5804 3422 5846 ac
3473 5795 3694 5843 antcce~
