4120 6480
414 399 545 460 ΗΠ

1643 397 1955 458 LEONTII
1995 397 2403 459 BYZANTINI

3544 397 3679 460 1408

406 509 591 564 dentia
644 509 791 564 illius
839 523 934 564 seu
986 510 1201 575 animae,
1258 524 1328 565 ex
1380 507 1633 579 partibus
1685 508 1996 564 coalescere

2111 509 2191 561 ιαί
2216 508 2532 579 προακτικὰ
2556 508 2749 561 τούτου
2777 509 2946 580 ἤγουν
2967 509 3067 580 τῆς
3095 509 3299 580 ψυχῆς,
3316 511 3531 582 ὲμμερῆ
3559 500 3678 564 κατ’

409 601 678 671 reputetis
698 603 853 671 juxta
885 601 1032 654 illam
1060 616 1181 671 quae
1211 601 1430 655 illorum
1462 601 1641 671 imago
1663 598 1995 654 similitudo-

408 708 516 761 que
536 692 797 755 est;sive
830 692 1070 761 partium
1110 692 1358 762 expertia
1412 692 1611 747 dicatis
1640 692 1757 746 haec
1804 690 1992 744 illam-

411 796 519 849 que
553 780 717 834 simul
746 796 874 833 cum
932 780 1063 846 illis,
1110 791 1296 851 partes
1366 788 1579 834 tantum
1610 790 1837 850 propter
1869 794 1995 833 cor-

416 888 546 941 pora
571 872 799 938 dantes;
832 872 1079 928 volentes
1103 873 1218 927 sive
1247 874 1499 929 nolentes
1529 873 1823 927 veritatem
1851 886 1996 941 pra:-

419 964 743 1030 termittitis,
777 966 833 1019 in
858 967 1067 1022 virtute
1100 967 1307 1023 Christi
1362 967 1524 1023 vobis
1561 967 1711 1021 illam
1761 966 1994 1021 demon-

417 1057 718 1112 strabimus
765 1074 889 1127 quae
909 1059 1059 1113 enim
1082 1075 1114 1113 a
1138 1059 1301 1114 nobis
1332 1058 1567 1114 dicenda
1605 1066 1755 1123 sunt,
1809 1057 1896 1112 vel
1928 1057 1998 1113 ad

416 1148 751 1214 docendum,
802 1165 919 1213 vos,
948 1150 995 1204 si
1026 1151 1219 1216 vultis,
1276 1152 1363 1205 vel
1395 1151 1463 1206 ad
1493 1150 1993 1206 condemnandum.

417 1240 617 1294 Totum
653 1256 786 1307 non,
819 1251 880 1295 ut
898 1242 1253 1309 existimatis,
1312 1243 1619 1298 secundum
1664 1252 1872 1313 partes,
1909 1242 1997 1297 vel

417 1348 486 1385 ex
516 1332 789 1401 partibus,
818 1333 1125 1402 perfectum
1155 1349 1374 1405 semper
1410 1334 1687 1406 signiﬁcat
1735 1333 2001 1404 simplici-

423 1432 505 1478 ter
528 1432 583 1478 et
608 1423 874 1491 omnino;
924 1425 1005 1480 sic
1052 1426 1201 1480 enim
1250 1426 1438 1482 omnia
1484 1434 1672 1481 essent
1728 1422 1999 1496 simplicia

424 1518 656 1572 (licenda
684 1518 769 1572 vel
803 1518 1148 1588 imperfecta,
1181 1519 1403 1589 quando
1450 1520 1692 1589 partium
1754 1518 2000 1589 expertia

424 1616 611 1662 essent
663 1624 844 1679 neque
869 1610 1122 1679 partibus
1146 1612 1509 1681 compositam
1567 1626 1725 1666 suam
1758 1610 2001 1664 totalita-

427 1708 534 1754 tem
572 1699 871 1766 haberent;
900 1717 997 1756 seu
1037 1711 1148 1756 tota
1178 1702 1533 1773 perfectaque
1559 1702 1709 1757 dicta
1749 1702 2004 1772 partibus

425 1800 613 1846 essent
642 1793 947 1860 composita
985 1810 1089 1849 nec
1115 1795 1229 1849 ullo
1278 1794 1445 1849 modo
1490 1795 1790 1864 simplicia;
1845 1792 2001 1864 quasi

426 1881 638 1936 nullum
678 1894 1008 1939 cmterorum
1054 1886 1411 1956 simplicium,
1456 1887 1766 1957 perfectum
1821 1893 1999 1950 esset,
2033 1869 2075 1923 Β

424 1990 522 2030 seu
570 1977 893 2032 universum
931 1977 1238 2033 videretur.
1272 1978 1401 2035 Haec
1442 1993 1569 2034 cum
1608 1978 1682 2034 ita
1705 1978 1835 2042 sint,
1884 1976 2004 2046 ipsa

423 2079 608 2125 vestra
632 2080 823 2126 contra
849 2087 954 2126 nos
986 2073 1263 2127 sententia
1309 2086 1418 2127 nec
1452 2071 1659 2126 Deitati
1719 2069 2004 2125 totalitatis

422 2176 492 2215 ex
522 2162 772 2230 partibus
790 2163 1002 2232 experti
1030 2164 1445 2233 simplicitatem
1468 2162 1735 2218 concedet
1763 2180 1777 2228 ;
1810 2176 2004 2217 neces-

422 2268 593 2322 seque
635 2254 745 2309 erit
804 2264 887 2318 ut,
936 2255 1159 2324 aliquod
1203 2254 1573 2324 compositum
1624 2254 1876 2324 partibus
1935 2252 2003 2307 ad

425 2361 581 2400 suam
606 2346 778 2415 ipsius
807 2346 1201 2417 perfectionem
1233 2355 1291 2401 et
1317 2347 1646 2402 totalitatem
1695 2345 2004 2415 exigentes,

421 2453 493 2492 ex
530 2438 799 2493 alterutro
847 2439 1074 2492 omnino
1119 2437 1361 2506 dejicere
1404 2438 1619 2509 cogaris
1660 2453 1755 2492 seu
1781 2452 1849 2491 ex
1877 2436 2008 2490 sim-

428 2528 670 2597 plicitate
699 2545 797 2585 seu
829 2547 897 2585 ex
925 2532 1268 2600 perfectione
1300 2531 1483 2601 ipsum
1522 2531 1764 2600 partium
1812 2544 2010 2598 expers

426 2621 484 2674 in
512 2622 842 2677 excellentia
884 2637 981 2676 sua
1029 2632 1206 2677 totum
1238 2622 1509 2689 dicimus;
1546 2630 1602 2675 at
1629 2630 1715 2676 est
1749 2636 1879 2675 vere
1922 2628 2009 2673 to-

424 2720 564 2775 tum,
606 2711 683 2766 ita
727 2711 875 2773 dico.
924 2728 1089 2780 vere;
1150 2714 1304 2785 juxta
1354 2713 1638 2783 proprium
1696 2725 2009 2766 sermonem

424 2802 754 2871 perfectum,
810 2805 941 2859 licet
993 2805 1227 2875 simplex
1268 2806 1340 2860 sit
1389 2820 1452 2860 ac
1487 2805 1729 2875 partium
1781 2819 2007 2872 expers,

427 2892 667 2964 licetque
697 2896 1156 2967 sitcompositum
1182 2896 1439 2965 partibus
1459 2896 1783 2951 distinctum
1808 2912 1823 2961 ;
1845 2894 2011 2950 modo

427 2998 639 3044 tantum
682 2991 896 3060 integre
921 3006 1086 3046 voces
1140 3006 1269 3046 suas
1300 2989 1508 3045 habere
1538 2988 1824 3054 videatur;
1875 3002 2011 3057 quo-

426 3080 575 3133 niam
606 3081 753 3135 enim
786 3081 902 3136 hace
923 3081 998 3135 ita
1028 3096 1086 3136 se
1122 3081 1351 3145 habent,
1388 3094 1499 3134 non
1554 3094 1691 3135 voce
1725 3079 1888 3133 totius
1912 3079 2013 3132 im-

2094 602 2267 670 αύτὴν
2297 600 2611 670 λογίζεσθαι
2664 602 2874 666 εἰκόνος
2910 602 3120 657 τούτων
3160 602 3329 673 οὔσης
3361 604 3454 657 καὶ
3482 603 3681 674 ὁμοιώ-

2097 711 2235 757 σεως
2261 695 2466 766 ταύτης
2494 712 2510 729 ⁸
2539 694 2572 765 ἢ
2610 695 2797 765 ἀμερῆ
2832 698 3145 766 φάσκοντας
3194 693 3335 753 εἶναι
3379 698 3554 753 ταῦτα
3589 700 3684 752 καὶ

2094 786 2299 856 ταύτην
2330 788 2430 841 σὺν
2459 788 2693 852 ἐκείνοις
2718 789 2819 858 τῆς
2846 791 3151 861 ὲμμερείας
3177 791 3395 860 ἀφιέναι
3416 792 3516 861 τῆς
3541 791 3682 845 κατὰ

2095 879 2163 932 τὰ
2198 878 2445 949 σώματα·
2482 878 2592 932 εἴτε
2644 880 2702 933 δὲ
2756 880 3008 948 ἑκόντες,
3050 883 3161 936 εἴτε
3209 882 3456 947 ἄκοντες,
3497 900 3683 951 παρα-

2098 967 2327 1021 ϐλέπετε
2358 968 2459 1040 τὴν
2494 969 2774 1039 ἀλήθειαν,
2822 972 2989 1041 ἡμεῖς
3039 972 3169 1040 ὑμῖν
3203 974 3262 1025 ὲν
3289 972 3518 1040 δυνάμει
3548 973 3684 1039 X9:-

2100 1061 2230 1116 στοῦ
2269 1062 2477 1134 ταύτην
2516 1063 2892 1132 ὑποδείξομεν·
2933 1064 3089 1117 ἔσται
3113 1065 3276 1135 γὰρῆ
3318 1066 3400 1128 εἰς
3433 1064 3679 1126 σύνεσιν,

2100 1155 2147 1207 εἰ
2181 1154 2512 1225 βούλεσθε,ἢ
2536 1158 2618 1218 εἰς
2651 1156 2750 1227 τὴν
2783 1157 3112 1227 κατάκρισιν
3135 1156 3293 1226 ὑμῶν
3314 1158 3382 1210 τὰ
3410 1155 3686 1225 λεγόμενα

2100 1246 2230 1317 παρ’
2270 1247 2449 1317 ήμῶν.
2498 1248 2572 1301 Τὸ
2616 1248 2739 1303 ὅλον
2790 1249 3025 1319 οὑχ,ὼς
3074 1248 3254 1302 οἴεσθε
3280 1292 3295 1315 ,
3339 1248 3402 1302 τὸ
3443 1247 3584 1302 κατὰ
3615 1249 3686 1301 ea

2104 1339 2267 1410 μέρη,
2298 1338 2332 1411 ἢ
2365 1341 2428 1393 ὲκ
2463 1339 2665 1411 μερῶν,
2698 1339 2905 1393 τέλειον
2945 1339 3034 1394 ἁεὶ
3065 1340 3324 1410 σημαίνει
3368 1339 3558 1402 ἁπλῶς
3587 1338 3685 1392 καί

2102 1432 2351 1493 πάντωςο
2380 1430 2554 1497 οὕτως
2594 1432 2702 1502 γὰρ
2735 1432 2801 1485 ἂν
2832 1431 3015 1485 πάντα
3041 1431 3160 1485 δέον
3207 1426 3276 1502 ἦν
3316 1431 3387 1484 τὰ
3424 1428 3594 1492 ἁπλᾶ,
3646 1429 3681 1498 ἢ

2101 1520 2266 1590 ἀτελῆ
2296 1519 2571 1585 λέγεσθαι,
2598 1521 2783 1591 ἁμερῆ
2812 1521 2963 1586 ὅντα,
2993 1520 3089 1574 καὶ
3126 1522 3189 1573 ὲκ
3237 1519 3424 1591 μερῶν
3461 1536 3685 1588 συγκει-

2107 1615 2275 1685 μένην
2300 1615 2401 1667 οὐκ
2430 1613 2626 1683 ἔχοντα
2658 1613 2759 1684 τὴν
2784 1615 2994 1668 οἰκείαν
3022 1614 3253 1685 ὁλότητα
3270 1630 3283 1643 °
3316 1614 3349 1685 ἥ
3373 1614 3472 1666 ὅλα
3502 1631 3563 1665 τε
3591 1614 3686 1666 καὶ

2102 1706 2286 1759 τέλεια
2310 1705 2605 1776 λεγόμενα,
2644 1705 2878 1760 σύνθετα
2903 1701 3046 1759 εἶναι
3076 1707 3141 1759 ὲκ
3176 1705 3386 1775 μερῶν,
3419 1706 3515 1759 καί
3554 1705 3673 1759 οὐκ⁸

2106 1798 2187 1851 ἐτι
2210 1798 2361 1852 ἁπλᾶ
2383 1814 2396 1829 ’
2423 1796 2500 1861 ὡς
2533 1798 2702 1869 μηδὲν
2727 1797 2911 1852 λοιπὸν
2949 1797 3060 1850 τῶν
3092 1799 3149 1850 ἑν
3182 1798 3448 1867 ἁπλότητι
3478 1797 3685 1851 τέλειον

2105 1888 2247 1943 εἶναι
2270 1928 2286 1953 ,
2334 1890 2367 1960 ἢ
2407 1889 2701 1960 ὀλόκληρον
2733 1888 3045 1957 φαίνεσθαι.
3087 1889 3294 1942 Τούτου
3327 1888 3384 1940 δὲ
3412 1888 3683 1952 δοθέντος,

2105 1981 2201 2037 καὶ
2235 1979 2358 2035 καθ’
2390 1981 2542 2051 ὑμῶν
2586 1980 2740 2034 ἔσται
2792 1980 2864 2034 τὰ
2916 1980 3178 2051 ὑμέτερα,
3230 1979 3369 2049 μηδὲ
3415 1977 3565 2048 αύτῷ
3608 1978 3687 2047 τῷ

2105 2073 2244 2144 Θείῳ
2266 2074 2393 2127 ἄνευ
2418 2073 2517 2143 τῆς
2543 2072 2610 2126 ἐκ
2641 2072 2830 2143 μερῶν
2857 2071 3135 2143 ὁλότητος,
3165 2069 3561 2140 συγχωροῦντα
3585 2069 3688 2139 τὴν

2104 2164 2388 2233 ἁπλότητα
2412 2179 2425 2193 ·
2450 2164 2545 2218 καὶ
2571 2164 2678 2235 γὰρ
2709 2163 3022 2232 ἀναγκαίως
3045 2162 3253 2217 δεῖσθαι
3274 2162 3368 2215 καὶ
3401 2162 3533 2215 αὐτὸ
3563 2178 3690 2213 συν-

2108 2255 2311 2317 θέσεως
2340 2254 2435 2307 καὶ
2467 2253 2651 2325 μερῶν
2700 2254 2838 2325 πρὸς
2883 2254 3164 2308 τελείωσιν
3196 2254 3291 2308 καὶ
3318 2254 3549 2323 ὁλότητα
3586 2255 3688 2308 αὺ-

2107 2346 2201 2399 τοῦ
2218 2345 2645 2417 παριστὰνοντα,
2671 2346 2900 2417 θατέρου
2930 2346 3148 2409 πάντως
3171 2347 3429 2400 ἐκπεσεῖν
3455 2346 3541 2416 είη
3573 2344 3689 2415 βια-

2109 2435 2335 2505 ζόμενα,
2366 2434 2399 2505 ἢ
2425 2434 2520 2488 τοῦ
2562 2433 2733 2488 ἁπλοῦ
2770 2434 2803 2504 ἢ
2833 2434 2927 2487 τοῦ
2957 2434 3187 2500 τελείου,
3222 2434 3341 2487 τόδε
3371 2432 3434 2486 τὸ
3462 2431 3691 2504 ἀμερῶς

2110 2526 2459 2597 ύπερτέλειον
2492 2527 2648 2580 Θείον
2677 2526 2797 2579 ὅλον
2821 2541 2835 2556 ⁸
2871 2526 2988 2580 ἀλλ’
3022 2527 3170 2580 ἔστιν
3204 2526 3421 2597 ἀληθῶς
3470 2525 3614 2590 ὅλον,
3644 2518 3691 2577 ὦ

2108 2610 2281 2681 οὗτοι,
2314 2616 2539 2687 κυρίως,
2563 2615 2624 2668 τὸ
2645 2615 2788 2670 κατὰ
2816 2616 2909 2669 τὸν
2937 2617 3137 2669 οἰκεῖον
3156 2614 3317 2684 λόγον
3339 2613 3691 2685 ἀπηρτισμέ-

2110 2725 2223 2772 νον,
2272 2707 2375 2761 κᾶν
2421 2705 2627 2760 ἁπλοῦν
2660 2707 2746 2776 εἴη
2786 2707 2880 2759 καὶ⁹
2926 2706 3151 2777 ἀμερὲς,
3200 2706 3305 2761 κᾶν
3336 2723 3399 2757 τε
3432 2705 3691 2759 σύνθετον

2112 2801 2208 2853 καὶ
2240 2798 2512 2869 ὲμμερές·
2547 2798 2710 2867 μόνον
2738 2800 2788 2851 εἰ
2820 2797 3124 2861 ἁνελλιπῶς
3156 2797 3302 2867 ἔχειν
3327 2797 3455 2860 τοὺς
3489 2795 3690 2849 ἑαυτοῦ

2111 2892 2301 2961 λόγους
2333 2890 2639 2962 θεωρηθείη
2666 2908 2680 2923 ο
2722 2890 2804 2944 ὅτι
2853 2889 2965 2962 γὰρ
2997 2887 3168 2943 ταῦτα
3199 2888 3375 2951 οὕτως
3417 2888 3564 2958 ἔχει,
3595 2888 3692 2942 καὶ

2111 2984 2214 3038 οὐκ
2247 2981 2531 3052 ἐμποδίζει
2550 2981 2628 3053 τῷ
2656 2982 2800 3051 λόγῳ
2822 2980 2916 3034 τοῦ
2942 2981 3111 3044 ὅλου,
3147 2980 3207 3035 τὸ
3235 2981 3441 3051 ἀμερὲς
3462 2976 3601 3033 εἶναι
3629 2981 3691 3034 τὸ

2115 3074 2496 3145 ὑποκείμενον,
2554 3072 2665 3126 ἰδοὺ
2720 3071 2784 3143 δὴ
2838 3072 3050 3126 τέλειόν
3086 3088 3268 3141 φαμεν
3321 3070 3416 3124 καὶ
3459 3071 3579 3124 ὅλον
3636 3088 3692 3123 τι

426 3170 658 3240 pediunt
707 3173 841 3243 quin
894 3172 1205 3244 subjectum
1263 3172 1337 3227 sit
1365 3171 1617 3241 simplex,
1678 3186 1808 3226 ecce
1861 3170 2009 3224 enim

2114 3162 2277 3231 εἶναι,
2305 3166 2400 3219 καὶ
2428 3164 2490 3218 τὸ
2530 3165 2788 3234 σημεῖον,
2833 3164 2930 3217 καὶ
2962 3164 3063 3233 τὴν
3101 3163 3305 3234 μονάδα
3330 3207 3345 3232 ,
3377 3164 3473 3217 καὶ
3503 3163 3564 3216 τὸ
3595 3162 3694 3217 νῦν

425 3262 734 3332 perfectum
800 3272 1090 3333 totumque
1143 3263 1381 3318 dicimus
1416 3261 1625 3330 aliquid
1676 3275 1821 3326 esse,
1867 3276 2011 3331 pun-

425 3361 598 3418 ctum,
635 3354 922 3418 unitatem,
948 3364 1289 3409 momentum
1323 3352 1587 3423 temporis
1630 3353 1872 3422 partium
1913 3368 2012 3407 ex-

429 3459 558 3514 pers
595 3454 758 3515 atque
780 3446 1138 3507 indivisibile,
1162 3445 1521 3500 Divinitatem
1557 3443 1857 3512 omniaque
1882 3442 2017 3497 sim-

429 3534 766 3603 plicia;non
797 3536 945 3605 quod
973 3536 1186 3608 integre
1226 3536 1480 3605 proprias
1520 3545 1704 3604 partes
1753 3533 2012 3600 habeant,

430 3625 556 3681 ideo
582 3627 689 3681 illis
721 3628 1050 3683 totalitatem
1108 3626 1637 3695 attribuimus;jam
1685 3625 1835 3679 enim
1886 3638 2015 3693 par-

432 3718 572 3771 tium
631 3718 877 3788 expertia
924 3718 1043 3774 haec
1082 3719 1447 3789 agnovimus;
1511 3716 1609 3772 sed
1653 3715 1801 3785 quod
1842 3723 2013 3769 totam

434 3808 669 3878 preprite
695 3809 903 3879 speciei
934 3809 1310 3880 simplicitatis
1350 3809 1579 3873 salvam,
1625 3807 1849 3862 illaesam
1885 3820 2016 3877 per-

429 3899 747 3969 fectamque
794 3916 985 3955 vocem
1029 3901 1255 3963 habent,
1310 3914 1375 3954 ac
1430 3896 1863 3967 unumquodque
1911 3895 2015 3950 ho-

432 4007 584 4057 rum,
609 3992 766 4060 juxta
800 3991 1080 4062 propriam
1104 4000 1389 4056 naturam,
1410 3989 1619 4059 speciei
1642 3989 1856 4059 signum
1883 4002 2020 4057 prae-

431 4081 562 4137 fert.
606 4071 682 4138 De
731 4091 840 4137 toto
904 4098 1039 4154 ergo
1099 4083 1301 4137 aﬁ‘erre
1328 4081 1707 4152 probationes,
1738 4078 2017 4149 quomodo

436 4182 611 4228 totum
662 4176 763 4231 toti
810 4176 957 4231 uniri
990 4176 1176 4247 aliquo
1228 4175 1395 4229 modo
1424 4174 1496 4229 sit
1546 4172 1831 4244 possibile,
1883 4171 2020 4241 quin

2112 3259 2204 3314 τοῦ
2233 3258 2427 3331 χρόνου
2461 3257 2523 3312 τὸ
2562 3257 2770 3330 ἀμερὲς
2820 3258 2918 3313 καὶ
2952 3258 3261 3330 ἀκαριαῖον,
3293 3258 3388 3311 καὶ
3430 3258 3492 3311 τὸ
3525 3257 3691 3321 θεῖον,

2112 3351 2207 3404 καὶ
2226 3349 2300 3403 τὰ
2325 3348 2477 3403 ἁπλᾶ
2500 3348 2698 3402 πάντα·
2725 3349 2819 3402 καί¹
2847 3350 2947 3420 οὐχ
2975 3350 3060 3403 ὅτι
3086 3349 3393 3413 ἁνελλιπῶς
3420 3350 3490 3403 τὰ
3515 3352 3694 3404 οἰκεῖα

2115 3440 2261 3513 μέρη
2310 3440 2532 3511 ἔχουσι,
2578 3440 2669 3494 διὰ
2712 3440 2874 3494 τοῦτο
2913 3441 3126 3505 τούτοις
3175 3441 3563 3512 μαρτυροῦμεν
3592 3444 3695 3513 τὴν

2111 3534 2367 3606 ὅλότητα·
2404 3533 2867 3605 προωμολόγηται
2910 3534 3018 3605 γὰρ
3067 3535 3200 3604 ἡμῖν
3230 3536 3264 3604 ἡ
3297 3531 3506 3587 τούτων
3549 3533 3693 3603 ἁμέ-

2120 3642 2263 3699 ρεια’
2295 3625 2411 3680 ἀλλ’
2458 3626 2541 3679 ὅτι
2586 3625 2707 3679 ὅλον
2756 3625 2942 3695 ἔχουσι
2991 3625 3092 3697 τῆς
3145 3627 3358 3690 οἰκείας
3398 3626 3491 3680 τοῦ
3518 3627 3697 3689 εἴδους

2120 3715 2388 3787 ἁμερείας
2419 3715 2511 3769 τὸν
2552 3715 2712 3785 λόγον
2746 3715 2884 3769 σῶόν
2915 3733 2975 3769 τε
3009 3717 3103 3770 καὶ
3137 3718 3567 3787 ἁπαρὰὁλαπτον
3601 3721 3699 3772 καὶ

2118 3807 2344 3870 τέλειον,
2377 3805 2587 3859 τούτων
2616 3806 2847 3861 ἕκαστον
2866 3846 2883 3872 ,
2916 3806 3056 3862 κατὰ
3089 3806 3189 3878 τὴν
3222 3807 3358 3861 ἰδίαν
3386 3807 3571 3876 φύσιν,
3601 3809 3698 3860 τοῦ

2119 3895 2298 3959 εἴδους
2345 3896 2748 3968 γνωριστήριον
2801 3896 3049 3969 φέρουσι.
3085 3896 3273 3951 Ταῦτα
3311 3898 3408 3969 μὲν
3461 3893 3555 3952 οὖν
3602 3898 3700 3950 καὶ

2121 3990 2250 4059 περί
2291 3987 2352 4041 τὸ
2387 3988 2539 4043 ὅλον
2570 3988 2857 4043 δεικνύντα
2877 4030 2892 4054 ,
2935 3990 3012 4054 ὡς
3042 3990 3137 4044 καὶ
3162 3991 3286 4044 ὅλον
3315 3991 3421 4061 ὅλῳ
3452 3989 3698 4043 συντίθε-

2122 4078 2247 4131 σθαί
2276 4096 2331 4131 τι
2360 4078 2605 4147 δυνατὸν,
2640 4080 2735 4133 καὶ
2771 4080 2872 4133 οὐκ
2918 4080 3160 4151 ἑμμερὲι,
3189 4076 3329 4135 εῖναι
3361 4081 3422 4136 τὸ
3455 4081 3693 4152 λεγόμε-

2132 4186 2223 4223 νον
2253 4169 2424 4238 ὅλον,
2462 4173 2527 4225 ὲκ
2556 4172 2654 4242 τῆς
2685 4171 3009 4239 συνθέσεως,
3034 4173 3272 4244 ἁνᾲγκη.

432 4274 603 4323 totum
621 4267 828 4323 dictum
852 4270 1099 4340 partibus
1131 4267 1561 4334 sitdistinctum,
1594 4283 1662 4323 ex
1704 4256 1971 4337 syntliesi,
2026 4276 2250 4319 necesse
2278 4272 2381 4321 est.

506 4359 773 4416 Similiter
801 4377 867 4416 ex
919 4362 1252 4432 supradictis
1303 4361 1373 4417 de
1416 4360 1789 4430 simplicitate,
1848 4367 2016 4412 totum

2207 4365 2442 4435 Ὁμοίως
2461 4366 2519 4420 δὲ
2540 4368 2654 4430 τοῖς
2673 4364 2988 4437 εἰρημένοις
3021 4365 3151 4437 περί
3168 4363 3264 4418 τοῦ
3286 4364 3551 4437 ἀμεροῦς,
3586 4367 3683 4420 καὶ

435 4470 658 4524 quoque
688 4454 966 4510 inﬁnitum
989 4471 1112 4511 esse
1154 4456 1375 4526 dicique
1395 4463 1651 4525 oportet;
1679 4469 1816 4509 voce
1865 4452 2011 4508 enim

2120 4456 2181 4511 τὸ
2217 4456 2630 4529 ἁπερίγραπτον
2660 4457 2812 4512 ὅλον
2834 4457 2955 4512 δέον
2980 4453 3123 4510 εἰναι
3166 4457 3263 4512 καὶ
3295 4456 3585 4526 λέγεσθαι·
3613 4458 3695 4528 τῷ

440 4548 595 4600 totius
616 4547 816 4615 inﬁniti
846 4563 972 4602 cum
1013 4548 1454 4618 proprietatibus
1483 4547 1739 4601 omnibus
1768 4545 2011 4600 inﬁnita-

2119 4548 2262 4619 λόγῳ
2276 4549 2387 4621 γὰρ
2411 4549 2505 4603 τοῦ
2525 4548 2971 4619 ἁπεριγριίπτου
2993 4549 3143 4604 ὅλου
3172 4548 3312 4619 μετὰ
3334 4549 3444 4601 τῶν
3474 4549 3701 4618 ἰδιωμά-

439 4636 529 4700 tis,
563 4636 879 4707 hujusmodi
904 4636 1208 4706 perfectum
1231 4646 1348 4703 est,
1396 4637 1673 4708 siquidem
1712 4637 1871 4691 aliter
1902 4652 2011 4704 non

2119 4656 2228 4693 των
2253 4641 2473 4695 πάντων
2494 4642 2595 4712 τῆς
2620 4640 3061 4711 ἁπεριγραψίας,
3087 4640 3295 4693 τέλειον
3313 4640 3515 4693 τοιόνδε
3532 4640 3697 4694 ἐστίν·

436 4731 548 4785 erit
577 4730 875 4785 inﬁnitum.
906 4732 1152 4801 Namque
1182 4732 1250 4797 si,
1282 4732 1437 4803 juxta
1470 4739 1709 4785 vestram
1744 4729 2016 4800 hypothe-

438 4822 637 4887 sim,ex
661 4823 974 4893 integritate
996 4823 1235 4892 partium
1261 4825 1437 4879 solum
1465 4822 1789 4893 intelligitur
1817 4829 2016 4885 totum,

437 4928 564 4968 cum
594 4913 832 4983 partium
868 4928 1067 4983 expers
1096 4914 1457 4983 inﬁnitusque
1501 4912 1575 4967 sit
1618 4913 1784 4978 Deus,
1845 4920 2017 4967 totum

439 5019 554 5058 non
592 5002 849 5068 habebit;
881 5003 928 5057 si
958 5012 1144 5058 autem
1175 5012 1348 5058 totum
1394 5018 1507 5057 non
1538 5002 1767 5063 habens.
1814 5002 2020 5057 unione

441 5110 663 5165 quoque
706 5103 966 5160 exuatur,
1037 5093 1473 5165 imperfectionis
1526 5094 1911 5161 accusabitur;
1974 5094 2020 5149 si

441 5203 575 5242 vero
619 5187 827 5258 aliquid
889 5196 1063 5243 totum
1099 5187 1192 5249 sit,
1240 5186 1387 5241 uniri
1440 5201 1661 5257 quoque
1708 5195 1921 5257 potest;
1972 5186 2020 5242 si

443 5298 576 5355 ergo
606 5284 883 5339 inﬁnitum
908 5301 1131 5355 quoque
1181 5285 1332 5340 illius
1360 5285 1549 5344 habet.
1584 5285 1899 5355 iuﬁnitique
1934 5285 2020 5339 in-

448 5378 780 5448 tegritatem,
809 5388 870 5435 ut
897 5379 1093 5433 inﬁniti
1119 5379 1366 5449 quidem,
1421 5386 1679 5447 quantum
1710 5376 1764 5430 in
1816 5378 1911 5432 illo
1937 5387 2021 5432 at-

446 5483 554 5537 que
574 5469 643 5525 de
674 5469 768 5524 illo
796 5470 1059 5540 possibile
1109 5476 1280 5531 esset,
1309 5478 1373 5524 ut
1403 5469 1523 5523 vult
1558 5483 1751 5523 eorum
1802 5479 2023 5523 senten-

449 5557 545 5621 tia,
571 5559 759 5630 sicque
794 5559 936 5614 uniri
983 5568 1158 5613 totum
1188 5557 1399 5628 aliquid
1426 5573 1548 5622 ens,
1577 5557 1865 5612 inﬁnitatis
1893 5558 2025 5613 sim-

450 5649 823 5719 plicitatisque
847 5666 981 5705 voce
1012 5650 1340 5720 perlectum.
1373 5649 1498 5703 Ilaec
1548 5656 1732 5702 autem
1781 5665 1809 5702 a
1864 5650 2027 5704 nobis

456 5748 680 5804 pensata
719 5750 868 5804 sunt,
906 5755 974 5794 eo
1008 5740 1155 5809 quod
1187 5754 1298 5793 non
1343 5747 1491 5792 recte
1542 5748 1707 5790 totum
1760 5739 2027 5809 intelliga-

464 5825 555 5889 tis,
590 5826 724 5882 illud
756 5836 968 5883 tantum
1000 5828 1067 5883 de
1090 5828 1421 5898 corporibus
1445 5827 1744 5884 subsistere
1776 5844 2028 5884 asseren-

2117 4730 2241 4783 ἐπεὶ
2276 4729 2382 4783 οὐκ
2415 4728 2573 4783 ἔσται
2607 4729 2784 4793 ἄλλως
2817 4728 3262 4800 ἁπερίγραπτον.
3293 4730 3357 4784 Εἰ
3399 4730 3511 4801 γὰρ
3560 4730 3705 4783 κατὰ

2116 4822 2215 4893 τὴν
2243 4821 2394 4890 σφῶν
2425 4820 2686 4875 ὑπόθεσιν
2709 4821 2774 4875 ὲκ
2821 4820 2917 4875 τοῦ
2940 4819 3267 4885 ἁνελλιποῦς
3291 4820 3402 4874 τῶν
3432 4821 3616 4892 μερῶν
3641 4820 3706 4874 τὸ

2117 4914 2238 4968 ὅλον
2266 4915 2466 4966 νοεῖται
2499 4912 2698 4983 μόνως,
2731 4914 2855 4966 ἐπεὶ
2885 4913 3106 4984 ἀμερής
3136 4913 3253 4966 ἐστι
3276 4913 3372 4966 καὶ
3396 4912 3704 4984 ἀπερίγρα-

2119 5022 2253 5070 πτος
2281 5006 2310 5058 ὁ
2335 5004 2492 5068 Θεὸς,
2514 5004 2575 5057 τὸ
2590 5004 2713 5057 ὅλον
2751 5004 2850 5073 οὐχ
2869 5003 2982 5068 ἕξει
2998 5019 3012 5034 ³
3041 5003 3118 5075 μὴ
3142 5003 3283 5074 ἔχων
3315 5003 3373 5056 δὲ
3392 5005 3455 5056 τὸ
3476 5004 3618 5067 ὅλον,
3653 5004 3705 5057 εἰ

2120 5098 2216 5151 καί¹
2249 5096 2553 5160 συνθέσεως
2585 5096 2982 5167 ἠλευθέρωται,
3023 5096 3162 5151 ἀλλὰ
3195 5097 3545 5168 ἁτελειότητα
3572 5114 3704 5150 κατ-

2118 5188 2534 5259 ηγορηθήσεται
2554 5204 2568 5219 ο
2587 5190 2637 5241 εἰ
2664 5187 2723 5241 δὲ
2741 5188 2863 5241 ὅλον
2882 5186 2936 5241 τί
2957 5188 3100 5253 ἐστι,
3121 5188 3217 5241 καὶ
3247 5187 3593 5241 συντίθεσθαι
3613 5186 3705 5239 δύ-

2121 5295 2276 5331 ναται
2301 5293 2314 5305 ·
2335 5278 2385 5331 εἰ
2409 5276 2505 5330 οὖν
2543 5278 2639 5332 καὶ
2669 5278 2731 5330 τὸ
2748 5278 3169 5349 ἀπερίγραπτον
3195 5278 3357 5332 αὐτοῦ
3381 5279 3495 5349 ἔχει
3520 5278 3617 5332 καὶ
3644 5280 3708 5332 τὸ

2122 5368 2216 5422 τοῦ
2249 5369 2666 5439 ἀπεριγρὰπτου
2696 5370 3017 5435 ἁνελλιπῶς,
3040 5372 3116 5433 ὡς
3144 5370 3558 5441 ἁπεριγρὰπτου
3578 5370 3707 5441 μέν-

2122 5478 2225 5528 τοι,
2246 5460 2458 5514 δύναιτο
2480 5459 2631 5515 ὅσον
2649 5461 2815 5532 τῷγε,
2830 5463 2922 5517 καὶ
2947 5464 3041 5516 ἐπὶ
3056 5463 3211 5533 τῷδε,
3234 5464 3310 5528 ὡς
3326 5464 3552 5535 δοκεῖτῇ
3573 5465 3711 5517 ἀπο-

2126 5554 2539 5623 φάνσειαὺτῶν·
2571 5557 2668 5608 καὶ
2706 5555 2883 5619 οὕτως
2918 5557 3261 5610 συντίθεσθαι
3285 5558 3405 5611 ὅλον
3441 5576 3494 5611 τι
3522 5557 3603 5620 ὃν,
3629 5557 3710 5627 τῷ

2128 5648 2224 5715 τῆς
2248 5647 2659 5717 ἁπεριγραψίας
2681 5647 2826 5718 λόγῳ
2859 5650 2953 5701 καὶ
2972 5652 3077 5718 ἁμε
3089 5648 3240 5719 ρείας
3275 5649 3705 5719 ἀπηρτισμένον.

2132 5738 2321 5792 Ταῦτα
2350 5740 2406 5793 δὲ
2436 5742 2568 5809 ἡμῖν
2597 5740 3020 5810 κατεξήτασται,
3044 5742 3132 5795 διὰ
3162 5743 3223 5794 τὸ
3254 5743 3329 5813 μὴ
3365 5743 3538 5816 ὀρθῶς,
3570 5741 3707 5795 εἰδέι

2134 5850 2219 5885 ναι
2253 5832 2395 5901 ὑμᾶς
2424 5830 2481 5884 τὸ
2517 5828 2685 5896 ὅλον,
2716 5832 2832 5886 ἀλλ’
2859 5833 2951 5886 ἐπὶ
2981 5834 3250 5906 σωμάτων
3282 5834 3463 5905 μόνον,
3503 5832 3707 5905 μᾶλλον
