4120 6492
452 502 588 567 “09
1407 499 1802 561 ADVERSUS
1838 496 2393 561 NESTORIANOS.
2431 525 2499 538 --
2529 501 2677 562 LIB.
2717 502 2767 562 Ι.
3579 501 3718 565 1410

444 628 505 682 δὲ
537 625 630 679 ἐπὶ
664 620 907 693 συνεχῶν
952 616 1166 674 ποσῶν
1202 616 1379 689 μόνων
1430 614 1736 687 παράθεσιν
1770 613 2029 679 τοπικὴν

2142 620 2233 678 tes,
2266 623 2432 684 atque
2484 614 2759 684 imprimis
2793 614 2861 670 de
2891 614 3174 671 continuis
3207 616 3425 686 quantis
3483 618 3724 687 privatis

453 720 659 789 μορίων
678 716 841 770 τινῶν
866 712 1312 782 συναπτομένων,
1342 709 1436 763 καὶ
1462 709 1611 762 θέσιν
1638 708 1872 777 ἐχόντων
1896 706 2031 777 πρὸς

2142 703 2293 773 juxta
2332 705 2662 773 positionem
2708 705 2930 760 locatam
2982 707 3355 776 portiunculis
3390 709 3723 778 quibusdam

450 811 677 882 ἄλληλα,
713 807 872 861 τοῦτο
898 804 1267 875 λογιζομένων
1300 801 1643 855 συνεστᾶναι.
1680 797 1927 850 Ἐοίκατε
1951 796 2032 860 δὲ,

449 898 495 957 ὦ
525 899 804 970 γεννάδαι,
830 899 895 951 ὲκ
917 897 1017 966 τῆς
1047 895 1188 963 άγαν
1218 894 1339 947 κατ’
1363 891 1618 960 αἴσθησιν
1660 888 2035 958 σπουδαζομέ-

453 1011 549 1063 νης
567 993 699 1063 ὑμῖν
729 988 1101 1061 φυσιολογίας,
1135 986 1215 1049 εἰς
1238 984 1464 1054 τοσήνδε
1494 982 1595 1053 τὴν
1620 979 2036 1047 ἀναισθησίαν

454 1083 938 1153 κατασπασθῆναι.
968 1079 1197 1151 Ἰδωμεν
1226 1078 1332 1149 γὰρ
1353 1076 1449 1131 καὶ
1470 1074 1863 1147 ἀκριϐέστερον
1883 1072 2035 1143 ὅμως

453 1179 513 1233 τὸ
541 1175 957 1244 ἀπερίτραςοον
987 1173 1114 1243 ὑμῖν
1154 1171 1272 1233 πῶς
1314 1170 1533 1237 λέγεται
1558 1167 1637 1239 τῷ
1682 1166 1922 1237 ὲμμερεῖ
1958 1163 2034 1234 μὴ

452 1269 681 1324 δυνατὸν
713 1264 853 1321 εἶναι
885 1262 1267 1319 συντίθεσθαι·
1300 1262 1517 1331 πρῶτον
1546 1259 1643 1329 μὲν
1673 1257 1784 1328 γὰρ
1816 1256 1877 1310 τὸ
1899 1256 2037 1310 ἀπε·-

458 1360 763 1431 ρίγραπτόν
805 1374 858 1410 τι
947 1352 1111 1415 εἶναι,
1162 1350 1612 1420 ἐπιπολαιότερον
1677 1350 1742 1401 ὲκ
1781 1345 2035 1414 τοπικῆς

458 1451 695 1522 σχέσεως
730 1449 972 1518 λέγεται·
1003 1446 1113 1518 ἄρα
1136 1444 1231 1498 οὖν
1251 1443 1348 1499 καὶ
1381 1444 1449 1513 τῇ
1476 1442 1617 1496 κατὰ
1645 1441 1814 1494 τόπον
1844 1438 2035 1491 ὲνώσει

459 1538 823 1614 παρεμποδὼν
860 1539 921 1592 τὸ
963 1536 1407 1607 άπερίγραπτον⁶
1439 1532 1581 1605 αὕτη
1610 1532 1668 1586 δὲ
1703 1529 2037 1601 παράθεσίς

459 1634 599 1698 ἐστι,
639 1632 737 1684 καὶ
767 1631 826 1684 οὐ
852 1629 1102 1692 σύνθεσις
1120 1643 1134 1657 '
1159 1628 1207 1681 εἰ
1240 1627 1340 1697 μὲν
1368 1625 1463 1680 οὖν
1482 1624 1739 1696 τοιαύτην
1771 1620 1911 1677 εἶναι
1940 1623 2038 1676 καὶ

455 1720 555 1793 τὴν
593 1721 787 1774 ένωσιν
816 1720 912 1773 τοῦ
958 1719 1132 1787 Λόγου
1166 1717 1307 1788 πρὸς
1345 1717 1446 1787 τὴν
1482 1714 1663 1787 σάρκα
1701 1714 1881 1769 οἴεσθε
1903 1753 1919 1778 ,
1948 1715 2036 1767 ὅτι

457 1813 901 1878 ὑπερεκτείνεται
922 1810 1152 1882 θατέρου
1176 1811 1237 1863 τὸ
1262 1810 1452 1881 ἕτερον
1482 1807 1866 1879 συντιθέμενον
1898 1808 2035 1860 τῶν·

451 1908 530 1973 δε,
565 1907 663 1960 καὶ
688 1904 809 1959 δέον
840 1906 917 1969 ὡς
948 1906 1018 1959 τά
1055 1903 1221 1957 διπλᾶ
1266 1902 1597 1974 καττύματα
1626 1900 1736 1954 τῶν
1774 1900 2030 1963 πεδίλων,

2142 795 2553 860 unitis.Adeo,o
2572 797 2679 851 viri
2699 798 3045 867 generosi,ex
3072 800 3386 854 ratiociniis
3416 802 3724 857 carissimis

2140 887 2342 942 vestris
2378 904 2501 958 qua:
2531 889 2698 944 nimis
2717 891 2870 960 juxta
2900 905 3097 945 sensus
3116 900 3268 955 sunt,
3297 892 3351 945 in
3396 892 3604 947 hancce
3634 896 3724 947 in-

2140 978 2540 1033 sensibilitatem
2579 981 2910 1051 praecipitati
2947 980 3115 1036 estis!
3170 981 3420 1051 Namque
3459 992 3721 1037 caaterum

2141 1072 2558 1127 accuratissime
2584 1073 2873 1129 videamus
2910 1073 3186 1143 quomodo
3221 1074 3491 1142 inﬁnitum
3546 1077 3725 1145 parti«

2142 1162 2246 1217 bus
2275 1165 2609 1219 coalescenti
2643 1167 2789 1220 uniri
2849 1181 2959 1220 non
2994 1180 3154 1235 posse
3196 1182 3226 1220 a
3273 1167 3431 1221 vobis
3464 1166 3720 1221 dicatur:

2142 1254 2383 1325 primum
2430 1257 2558 1326 quia
2608 1272 2677 1312 ex
2706 1266 2850 1312 statu
2892 1256 3052 1311 locati
3084 1257 3304 1311 tenuius
3355 1272 3477 1312 esse
3520 1258 3725 1311 dicitur

2142 1346 2442 1415 inﬁnitum,
2476 1350 2710 1420 ideoque
2738 1351 2930 1405 unioni
2974 1350 3278 1406 secundum
3325 1350 3507 1406 locum
3552 1352 3723 1420 impe-

2142 1438 2390 1496 dimento
2420 1456 2543 1497 esse
2586 1443 2888 1507 inﬁnitum,
2923 1444 3040 1498 haec
3060 1452 3146 1498 est
3180 1453 3367 1498 autem
3409 1446 3722 1514 juxtaposi-

2143 1530 2236 1599 tio,
2267 1548 2379 1588 non
2414 1550 2546 1590 vero
2578 1536 2740 1603 unio;
2773 1536 2819 1590 si
2852 1551 2985 1606 ergo
3037 1545 3222 1590 autem
3252 1535 3418 1590 Verbi
3464 1535 3725 1590 unionem

2143 1637 2268 1678 cum
2296 1639 2464 1679 carne
2495 1625 2659 1681 talem
2685 1640 2807 1680 esse
2828 1626 3138 1690 senserttis,
3171 1640 3239 1679 eo
3270 1625 3420 1695 quod
3450 1641 3619 1678 unum
3658 1642 3726 1679 ex

2146 1716 2317 1772 unitis
2338 1717 2575 1771 alterum
2606 1726 2851 1786 superat,
2894 1731 2999 1771 nec
3029 1731 3097 1770 ex
3130 1716 3348 1771 duabus
3377 1716 3727 1771 calceamen-

2147 1819 2326 1864 torum
2362 1810 2547 1873 soleis,
2582 1810 2688 1865 sibi
2735 1810 2973 1865 invicem
3014 1808 3187 1864 unitis
3238 1824 3302 1864 ac
3344 1809 3721 1880 juxtapositis,

2144 1917 2310 1956 unam
2336 1903 2543 1957 soleam
2576 1903 2747 1957 altera
2782 1905 2931 1957 solea
2986 1902 3258 1957 excelsior
3282 1917 3347 1957 ac
3394 1902 3614 1973 longior
3645 1903 3727 1956 vi-

454 2001 523 2054 τὰ
548 1999 732 2063 οὕτως
765 1998 1032 2069 ένούμενα
1070 1997 1324 2068 ἀλλήλοις
1359 1995 1454 2049 καὶ
1486 1992 1919 2066 παρατιθέμενα,
1957 1992 2032 2061 μὴ

2142 1991 2253 2047 deri
2282 1991 2469 2057 debet,
2500 2002 2653 2063 patet
2711 2007 2863 2063 ergo,
2898 1993 3119 2062 hucque
3173 1992 3502 2058 devenistis,
3563 1994 3726 2048 unio-

453 2092 681 2162 θάτερον
702 2092 889 2162 ὲξέχον
922 2088 1327 2160 ἀπαιωρεῖσθαι
1373 2086 1471 2141 καὶ
1502 2083 1847 2156 περιττεύειν
1875 2080 2034 2135 θατέ-

457 2203 552 2256 ρου
579 2182 950 2253 καττύματος,
993 2180 1253 2253 πρόδηλοι
1295 2174 1421 2243 οὖν,
1442 2177 1738 2232 κάντεῦθεν
1770 2175 2033 2244 γεγόνατε

454 2278 528 2341 ὡς
560 2278 649 2331 καὶ
698 2276 797 2347 τὴν
828 2277 1026 2328 ἕνωσιν
1052 2273 1149 2328 καὶ
1177 2274 1240 2327 τὸ
1267 2272 1680 2344 ἀπερίγραφον,
1721 2269 1782 2323 οὐ
1811 2268 2036 2338 θεοπρε-

464 2369 608 2435 πῶς,
637 2367 774 2422 ἀλλὰ
806 2365 1060 2437 σώματος
1092 2366 1315 2437 μεγέθει
1348 2363 1705 2434 φαντάζεσθε,
1723 2361 2033 2433 μυριόπηχύ

455 2479 509 2515 τι
554 2462 587 2531 ἢ
643 2460 834 2524 ἁπλῶς
870 2460 1240 2530 άπειρόποσον
1292 2458 1434 2512 κατὰ
1474 2456 1680 2528 μορίων
1720 2456 1842 2510 τινὰ
1890 2455 2037 2508 θέσιν

458 2555 594 2625 πρὸς
619 2555 808 2626 ἕτερον
838 2553 1064 2606 ἔλαττόν
1090 2570 1142 2605 τι
1164 2551 1326 2621 σῶμα
1351 2549 1723 2603 συνάπτεσθαι
1750 2547 2038 2617 λογιζόμε-

457 2665 558 2699 νοι.
595 2644 743 2714 Πλὴν
775 2643 900 2697 οὐδὲ
949 2643 998 2696 εί
1026 2642 1188 2695 τοῦτο
1217 2640 1417 2702 οἴεσθε,
1450 2639 1722 2693 ἐκωλύετο
1759 2638 1826 2693 ἂν
1857 2637 2037 2691 αὐτῶν

457 2728 596 2788 εἶναι
634 2730 974 2801 παράθεσις
1006 2731 1130 2785 καθ’
1155 2732 1321 2801 ὑμᾶς.
1365 2726 1639 2785 Ἐδώκατε
1672 2730 1781 2798 γὰρ
1812 2728 1909 2782 καὶ
1944 2727 2039 2797 μέ·-

458 2843 588 2898 ρους
625 2825 762 2896 πρὸς
800 2825 920 2878 ὅλον
957 2824 1011 2877 τί
1044 2840 1191 2885 τινος
1238 2822 1503 2892 γενέσθαι
1536 2821 1855 2887 σύνθεσιν,
1896 2822 2038 2875 ὥστε

454 2919 553 2971 καὶ
573 2917 668 2970 τοῦ
701 2916 931 2987 βραχέος
960 2915 1100 2986 πρὸς
1146 2914 1206 2968 τὸ
1255 2914 1398 2983 μέγα
1448 2914 1570 2966 ἐστὶ
1604 2912 1911 2983 παράθεσις
1934 2929 1948 2944 ο
1991 2915 2038 2965 εὶ

458 3010 515 3063 δὲ
547 3009 775 3073 εἴποιτε,
799 3009 912 3077 Οὐχ
943 3008 1063 3061 ὅλον
1091 3007 1231 3077 πρὸς
1262 3007 1431 3077 μέρος
1462 3005 1604 3075 αὕτη
1637 3006 1757 3057 ἐστὶ
1794 3007 1826 3075 ή
1865 3006 2040 3075 παρά-

460 3100 608 3162 θεσις
634 3098 827 3165 ὅντως,
855 3097 970 3153 ἀλλ’
1001 3098 1065 3151 ὲκ
1098 3100 1300 3168 μέρους
1327 3095 1491 3150 αὑτοῦ
1522 3096 1646 3149 ὅλου
1670 3095 1810 3164 πρὸς
1831 3096 1953 3150 ὅλον
1979 3097 2039 3150 τὸ

462 3191 649 3262 μέρος,
690 3190 946 3244 σκοπεῖτε
988 3190 1137 3257 ὅμως
1189 3189 1284 3243 καὶ
1321 3188 1524 3253 οὕτως·
1573 3190 1659 3243 ὅτι
1687 3181 1762 3242 ὧν
1788 3188 1855 3241 τὰ
1893 3189 2036 3259 μέρη

2136 2099 2261 2140 nem
2290 2093 2455 2156 atque
2487 2084 2787 2151 inﬁnitum,
2820 2101 2930 2140 non
2987 2095 3048 2141 ut
3072 2086 3231 2141 decet
3252 2086 3599 2141 divinitatem
3626 2086 3719 2141 sed

2136 2178 2301 2233 modo
2324 2178 2598 2249 corporali
2646 2194 2744 2234 vos
2791 2178 3193 2249 imaginamini,
3243 2178 3455 2249 aliquid
3485 2178 3723 2232 maxime

2136 2270 2498 2341 longinquum
2533 2278 2627 2324 aut
2663 2269 2996 2339 simpliciter
3028 2271 3364 2326 immensum
3412 2270 3568 2339 juxta
3594 2286 3725 2339 par~

2138 2368 2222 2415 tes
2252 2359 2492 2429 aliquam
2521 2361 2853 2430 positionem
2885 2360 2949 2414 ad
2982 2362 3219 2416 alterum
3264 2362 3450 2416 minus
3498 2361 3725 2431 aliquod

2137 2468 2341 2522 corpus
2362 2452 2610 2507 additum
2643 2452 3039 2524 excogitantes.
3070 2455 3349 2520 Attamen,
3374 2454 3421 2509 si
3474 2453 3591 2509 haec
3639 2465 3725 2508 est

2138 2546 2412 2601 sententia
2444 2556 2648 2612 vestra,
2686 2547 2908 2600 illorum
2927 2547 3280 2618 juxtapositio
3324 2562 3488 2617 quam
3513 2547 3723 2611 dicitis,

2140 2652 2251 2692 non
2276 2637 2645 2707 impediretur
2671 2654 2686 2703 ;
2716 2638 2986 2693 docuistis
3021 2640 3169 2693 enim
3196 2650 3382 2710 partes
3402 2641 3566 2695 alicui
3627 2641 3725 2696 toti

2140 2730 2429 2802 adjunctas
2458 2730 2695 2802 alicujus
2728 2731 2988 2786 unionem
3012 2732 3151 2797 ﬁeri,
3185 2731 3259 2786 ita
3276 2732 3582 2803 utalicujus
3606 2732 3728 2787 bre-

2140 2820 2227 2875 vis
2256 2820 2325 2875 ad
2360 2820 2584 2891 aliquod
2643 2837 2902 2893 magnum
2964 2822 3061 2875 ﬁat
3099 2823 3471 2893 juxtapositio.
3512 2823 3567 2878 Si
3596 2840 3727 2877 vero

2140 2912 2393 2968 dixeritis
2446 2929 2557 2967 non
2621 2922 2795 2968 totum
2835 2914 2906 2969 ad
2965 2925 3176 2985 partem
3215 2916 3360 2969 hanc
3414 2930 3537 2970 esse
3594 2931 3728 2970 vere

2134 3006 2629 3076 juxtapositionem,
2666 3008 2762 3063 sed
2787 3024 2854 3063 ex
2904 3018 3062 3078 parte
3086 3009 3204 3078 ipsa
3238 3009 3407 3064 totius
3451 3008 3520 3063 ad
3557 3016 3725 3063 totam

2140 3105 2376 3164 partem,
2426 3112 2602 3151 unum
2646 3106 2704 3152 et
2754 3098 2901 3153 idem
2962 3098 3254 3167 spectatis;
3309 3099 3438 3168 quia
3488 3115 3727 3169 quorum

2140 3199 2271 3243 sunt
2297 3198 2481 3259 partes
2514 3188 2702 3256 ﬁnitae,
2735 3190 2934 3245 borum
2961 3199 3020 3244 et
3049 3199 3256 3257 totum;
3293 3192 3369 3245 ita
3402 3198 3463 3245 ut
3514 3192 3561 3245 si
3598 3193 3729 3247 huic

459 3282 834 3356 περιγραπτά,
865 3282 1072 3337 τούτων
1119 3282 1215 3336 καὶ
1264 3282 1328 3335 τὸ
1382 3282 1534 3336 ὅλον·
1566 3282 1707 3335 ὥστε
1749 3282 1797 3335 εί
1831 3281 1928 3335 καὶ
1961 3280 2035 3352 μὴ

503 3376 591 3393 η.
814 3374 841 3388 .-
881 3376 895 3393 .
1012 3392 1015 3393 ,
1094 3377 1116 3393 .
1195 3374 1449 3393 ntus,
1556 3373 1749 3393 ,-...,,,
1817 3373 1897 3393 .,_
1970 3374 2031 3393 .7.

2142 3280 2434 3351 contigerit
2465 3290 2525 3336 ut
2577 3282 2743 3337 alicui
2799 3283 3117 3353 particulari
3151 3299 3263 3337 non
3304 3284 3727 3354 juxtaponatur,

458 3376 595 3445 τῷδέ
629 3393 737 3431 τινι
774 3374 851 3446 τῷ
879 3376 1136 3447 ὲμμερετ,
1184 3374 1301 3430 ἀλλ’
1330 3374 1505 3445 ἑτέρῳ
1549 3373 1778 3445 μείζονι,
1815 3373 1928 3444 ἔχοι
1966 3374 2033 3429 ἂν

2142 3372 2235 3427 sed
2291 3374 2449 3428 alteri
2483 3375 2696 3445 majori,
2732 3384 2906 3430 totum
2960 3391 3183 3445 quoque
3231 3376 3581 3449 juxtapositm
3604 3395 3734 3449 par-

461 3471 622 3539 φύσιν
644 3468 1067 3540 παρατίθεσθαι,
1101 3468 1197 3521 καὶ
1237 3468 1297 3521 τὸ
1325 3467 1421 3521 τοῦ
1446 3466 1852 3538 παρατεθέντος
1879 3467 2032 3520 θείου

464 3560 664 3631 μέρους
695 3559 836 3623 ὅλον,
887 3558 1041 3612 οὐδὲν
1079 3557 1188 3625 ἄρα
1222 3558 1286 3610 ἐκ
1313 3557 1414 3627 τῆς
1447 3554 1701 3625 τοπικῆς
1725 3556 2035 3630 ἀπεριγρα-

458 3652 611 3721 ψίας,
642 3650 803 3722 φύσει
832 3650 1247 3723 ἀπερίγραπτον
1279 3648 1650 3720 δειχθήσεται.

545 3834 883 3907 Ἐρωτητέον
908 3834 967 3889 δὲ
1000 3834 1146 3905 ὑμᾶς
1180 3833 1283 3888 έτιο
1315 3834 1388 3887 Τὸ
1419 3833 1805 3906 ἀπερίγραφον
1851 3834 2033 3897 τοῦτο,

464 3926 628 3997 ἤγουν
655 3928 685 3981 ό
722 3926 878 3991 Θεὸς,
910 3928 1244 3999 περιγράφει
1269 3925 1360 3981 τὸν
1393 3927 1679 3997 κόσμον,ἢ
1711 3924 1772 3978 οὗ
1797 3943 1811 3992 ;
1836 3924 1899 3979 Et
1939 3925 2037 3995 μὲν

460 4020 567 4093 γὰρ
612 4020 674 4073 ού
703 4020 1063 4091 περιγράφει,
1106 4018 1233 4073 οὔτε
1279 4021 1337 4073 ὲν
1384 4018 1533 4090 αὐτῷ
1587 4020 1616 4072 ό
1668 4019 1873 4089 κόσμος
1904 4020 2034 4091 ἄρα,

459 4111 583 4167 οὔτε
621 4112 790 4176 ὅντως
819 4112 1063 4167 ἐλάττων
1092 4111 1259 4165 αὐτοῦ
1301 4111 1616 4179 ἀναγκαίως
1646 4111 1996 4181 δειχθήσεται
2018 4126 2034 4142 ⁶

462 4206 556 4258 καὶ
583 4208 633 4258 τ’
658 4203 796 4258 ἄλλα
822 4204 882 4257 δὲ
909 4203 1209 4274 βλάσφημα
1234 4188 1480 4273 ἕψονται.
1515 4205 1576 4256 Εἰ
1596 4203 1653 4256 δὲ
1678 4203 2034 4276 περιγράφει,

462 4296 585 4350 ἐπεὶ
609 4297 717 4350 πᾶν
746 4296 1010 4367 ὲμμερὲς,
1047 4296 1162 4365 εἴγε
1196 4298 1625 4367 περιγράφεται,
1656 4296 1690 4366 ἢ
1727 4295 1894 4367 μέρος
1934 4295 2042 4349 ὑπὸ

466 4389 687 4459 μέρους,
718 4386 751 4458 ἢ
791 4386 867 4451 ὡς
893 4388 1014 4441 ὅλον
1041 4387 1146 4440 ὑπὸ
1175 4387 1321 4449 ὅλου,
1364 4386 1398 4456 ἢ
1434 4386 1510 4450 ὡς
1556 4386 1723 4457 μέρος
1755 4386 1860 4440 ὑπὸ
1892 4386 2038 4449 ὅλου,

461 4479 494 4545 ἢ
526 4478 600 4541 ὡς
629 4477 749 4531 ὅλον
773 4476 877 4530 ὑπὸ
909 4476 1129 4547 μέρους,
1158 4476 1583 4547 περιγράφεται·
1615 4479 1729 4541 τοῖς
1760 4477 1871 4549 γὰρ
1899 4478 2038 4548 ὑμε-

461 4571 644 4639 τέροις
673 4566 1028 4640 χρησόμεθαο
1062 4567 1179 4622 δέον
1226 4568 1447 4632 πάντως
1494 4569 1717 4640 ὲμμερῆ
1751 4564 1892 4622 εἶναι
1942 4569 2041 4623 καὶ

461 4661 554 4713 τὸν
582 4659 715 4713 Θεὸν
741 4659 834 4712 τὸν
866 4659 1277 4731 περιγράφοντα
1313 4658 1375 4713 τὸ
1418 4659 1895 4731 περιγραφόμενον
1938 4662 2040 4731 ἐμ-

467 4748 654 4822 μερές.
688 4747 878 4803 Ταῦτα
902 4747 959 4801 δὲ
983 4748 1148 4803 πάλιν
1177 4748 1296 4812 πῶς
1315 4748 1507 4819 λέγετε
1531 4748 1782 4819 γίνεσθαι
1802 4766 1818 4816 ;
1838 4750 1901 4803 Εἰ
1930 4750 2041 4822 γὰρ

463 4842 539 4906 ὡς
576 4841 740 4912 σῶμά
762 4858 815 4895 τι
847 4840 1051 4912 μεῖξον,
1082 4841 1144 4895 τὸ
1167 4841 1411 4908 ἔλαττον,
1446 4843 1544 4897 καὶ
1570 4841 1647 4907 ὡς
1672 4843 1722 4896 oi
1752 4844 1882 4907 τοὺς
1910 4861 2040 4899 καν-

465 4937 668 5006 θάρους
724 4936 805 4997 εἰς
856 4934 955 4999 τὰς
1006 4934 1239 5005 κηρίνας
1286 4935 1529 5006 σφαίρας
1588 4936 2042 5002 κατακλείοντες,

463 5025 609 5079 οὕτω
640 5023 978 5096 περιγράφει
1001 5024 1152 5092 Θεὸς,
1188 5024 1355 5088 τόπος
1384 5026 1499 5079 ἐστὶ
1540 5027 1703 5097 μόνον
1721 5027 1830 5080 τῶν
1860 5030 1917 5081 ἐν
1947 5029 2045 5082 αὑ-

463 5117 562 5188 τῷ,
611 5116 707 5171 καὶ
755 5116 981 5187 συνεχές
1007 5134 1062 5171 τι
1093 5117 1291 5172 ποσὸν
1315 5118 1345 5170 ό
1383 5116 1537 5183 Θεὸς,
1571 5117 1733 5189 σῶμά
1761 5137 1823 5173 τε
1856 5123 2044 5189 σωμά-

463 5224 595 5271 των,
629 5208 726 5261 καὶ
756 5207 1028 5278 ὲμμερὴς,
1053 5209 1147 5261 καὶ
1175 5208 1448 5277 σύνθετος,
1484 5210 1579 5263 καὶ
1601 5210 1661 5263 οὐ
1697 5210 1859 5280 μόνον
1894 5213 2048 5266 ἐλευ-

467 5298 800 5369 θερούμενος
828 5298 1132 5362 συνθέσεως
1152 5341 1167 5365 ,
1208 5300 1345 5353 ἀλλὰ
1380 5301 1474 5354 καὶ
1520 5302 1840 5370 ἀναγκαίως
1872 5320 2048 5372 πεφυο

468 5388 580 5452 κὼς
613 5389 958 5459 ἐπιδέχεσθαι
989 5389 1259 5445 σύνθεσιν.
1292 5393 1355 5445 Εί
1382 5392 1439 5445 δὲ
1467 5393 1643 5447 ταῦτα
1669 5396 1810 5464 μετὰ
1845 5396 2049 5467 πολλῆς

468 5481 568 5550 τῆς
600 5480 887 5553 βδελυρίας
929 5479 1155 5551 ἀνόητα,
1194 5482 1395 5553 ἑτέρως
1436 5476 1802 5556 περιγράφειν
1841 5487 1935 5541 τὸν
1959 5488 2045 5541 κό-

474 5590 611 5643 σμον
640 5574 840 5641 λέγοιτ’
868 5572 933 5627 ἂν
967 5573 997 5626 ὁ
1036 5573 1191 5639 Θεὸς,
1224 5574 1258 5644 ἢ
1295 5575 1373 5638 ὡς
1408 5576 1480 5630 τὰ
1509 5576 1738 5647 σώματα
1780 5581 2050 5651 περιγρά-

475 5684 659 5737 φουσι.
694 5669 785 5721 Δεῖ
814 5668 925 5738 γὰρ
958 5664 1174 5737 άληθῶς
1219 5668 1415 5733 εἰπεῖν,
1456 5669 1539 5721 ὅτι
1583 5672 1918 5742 περιγράφει
1952 5672 2052 5742 μὲν

475 5761 545 5815 τά
576 5761 756 5816 πάντα
794 5759 1026 5831 σώματα
1063 5759 1158 5814 καὶ
1204 5758 1491 5830 ἀσώματα,
1520 5762 1618 5833 οὐχ
1658 5764 1735 5826 ὡς
1777 5764 1938 5834 σῶμα
1958 5766 2047 5818 δέ·

477 5852 855 5924 ἀπερίγραφός
877 5851 939 5905 τέ
976 5853 1143 5917 ἐστιν,
1171 5852 1267 5923 οὐχ
1297 5852 1373 5917 ὡς
1405 5852 1564 5924 σῶμα
1591 5854 1666 5925 μὴ
1697 5854 1839 5926 ἔχων
1871 5856 1961 5926 ὑφ’
1990 5852 2052 5912 οὗ

480 5944 852 6017 περιγραφείη
885 5944 1129 6016 μείζονος
1154 5942 1406 6014 σώματος
1425 5958 1438 5976 ·
1465 5946 1561 5999 καὶ
1589 5946 1664 6011 ὡς
1695 5948 1754 6000 έν
1782 5947 1921 6020 κενῷ
1950 5967 2053 6004 που

2139 3462 2212 3519 tis
2262 3463 2465 3519 divinae
2520 3464 2865 3536 (neutiquam
2912 3480 3047 3536 ergo
3093 3480 3162 3520 ex
3216 3466 3375 3523 locati
3435 3467 3730 3537 inﬁnitate)

2139 3556 2469 3612 naturaliter
2517 3556 2794 3614 inﬁnitum
2820 3558 3167 3628 probabitur.

2212 3824 2258 3876 A
2290 3822 2446 3878 vobis
2472 3824 2877 3894 exquirendum
2905 3837 2991 3883 est
3020 3829 3207 3887 adhuc
3248 3848 3261 3885 :
3297 3831 3439 3887 Num
3473 3833 3581 3890 hoc
3606 3835 3731 3890 inli-

2142 3914 2344 3982 nitum,
2378 3930 2477 3971 seu
2509 3917 2676 3983 Deus,
2703 3919 2969 3974 mundum
2992 3920 3207 3988 deﬁnit,
3232 3939 3416 3979 annon
3440 3927 3462 3980 ?
3492 3926 3549 3981 Si
3576 3929 3729 3983 enim

2143 4025 2256 4064 non
2291 4008 2504 4075 deﬁnit,
2557 4026 2662 4066 nec
2693 4027 2826 4082 ergo
2874 4012 2931 4066 in
2982 4014 3103 4084 ipso
3134 4016 3409 4083 mundus,
3460 4034 3564 4074 nec
3596 4035 3729 4075 vere

2144 4104 2328 4158 minor
2356 4103 2480 4175 ipso
2544 4106 2862 4160 necessario
2919 4106 3437 4179 demonstrabitur,
3492 4113 3729 4183 aliaeque

2145 4195 2506 4267 blasphemiae
2528 4207 2860 4268 coquentur.
2893 4200 2949 4256 Si
2971 4210 3157 4257 autem
3182 4202 3397 4270 deﬁnit,
3418 4222 3544 4260 cum
3579 4216 3734 4263 totus

2145 4289 2397 4359 partibus
2419 4298 2656 4356 constet,
2678 4291 2723 4345 si
2752 4302 2933 4346 tamen
2956 4291 3240 4360 deﬁnitur,
3265 4295 3383 4350 sive
3402 4311 3530 4366 pars
3550 4308 3729 4367 parte,

2147 4382 2263 4435 sive
2299 4381 2459 4452 quasi
2497 4390 2683 4437 totum
2720 4390 2836 4437 toto
2862 4423 2876 4448 ,
2932 4383 3049 4439 sive
3089 4386 3247 4455 quasi
3274 4402 3404 4457 pars
3435 4396 3570 4452 toto,
3611 4388 3727 4444 sive

2150 4470 2308 4540 quasi
2340 4480 2515 4526 totum
2539 4483 2718 4543 parte,
2742 4474 3043 4542 deﬁnitur;
3070 4478 3273 4532 vestris
3290 4478 3440 4532 enim
3469 4488 3722 4549 utemur;

2147 4570 2375 4623 omnino
2422 4569 2674 4639 partibus
2720 4577 2975 4624 constare
3020 4569 3186 4624 debet
3220 4570 3406 4636 Deus,
3459 4571 3728 4628 deﬁniens

2070 4690 2117 4747 ι)
2151 4660 2300 4731 quod
2326 4661 2578 4731 partibus
2610 4670 2847 4717 constat.
2882 4662 3008 4717 llaec
3053 4677 3192 4717 vero
3223 4664 3503 4732 quomodo
3534 4680 3728 4721 rursus

2151 4754 2339 4809 dicitis
2369 4752 2523 4809 ﬁeri?
2546 4754 2601 4810 Si
2631 4754 3100 4824 quemadmodum
3132 4770 3336 4826 corpus
3366 4756 3591 4827 aliquod
3612 4773 3729 4813 ma-

2148 4859 2337 4915 gnum,
2391 4845 2615 4916 aliquod
2641 4846 2845 4911 minus,
2882 4862 2948 4901 ac
2990 4854 3249 4918 tanquam
3293 4850 3388 4919 qui
3422 4850 3729 4906 scarabmos

2147 4938 2205 4993 in
2249 4938 2426 5009 globis
2457 4939 2637 4995 cereis
2672 4938 2987 5005 includunt,
3012 4940 3093 4996 sic
3117 4942 3265 4997 Deus
3295 4942 3726 5004 circumscribit,

2146 5030 2304 5086 locus
2329 5019 2542 5087 tantum
2569 5033 2679 5088 erit
2705 5033 2793 5088 bis
2811 5048 2933 5103 qua:
2957 5033 3013 5087 in
3052 5033 3175 5103 ipso
3201 5041 3351 5099 sunt,
3394 5048 3459 5088 ac
3500 5034 3727 5104 aliquod

2148 5132 2408 5194 quantum
2452 5126 2778 5181 continuum
2810 5126 2973 5191 Deus,
2991 5140 3191 5195 corpus
3210 5141 3526 5196 corporum,
3555 5127 3726 5195 parti-

2150 5214 2255 5270 bus
2291 5225 2572 5283 constans,
2597 5216 2943 5285 compositus
2964 5255 2980 5280 ,
3011 5229 3192 5283 neque
3236 5214 3413 5268 solum
3454 5214 3728 5283 composi-

2152 5307 2319 5362 tionis
2354 5308 2637 5374 immunis,
2677 5306 2775 5362 sed
2806 5306 2975 5361 etiam
3014 5308 3332 5360 necessario
3365 5307 3727 5375 compositio-

2149 5414 2275 5454 nem
2306 5400 2621 5455 admittens.
2684 5398 2740 5453 Si
2777 5414 2913 5454 vero
2950 5399 3119 5453 stulta
3162 5399 3279 5453 haec
3328 5399 3515 5453 multa:
3542 5400 3726 5468 impu-

2151 5491 2352 5546 dentia;
2391 5494 2579 5563 juncta
2614 5492 2746 5557 sint,
2786 5491 3054 5546 mundum
3077 5491 3240 5545 aliter
3268 5492 3727 5549 circumscribere

2151 5581 2419 5637 dicendus
2465 5591 2553 5636 est
2586 5582 2733 5636 Deus
2763 5597 2926 5651 quam
2959 5581 3425 5636 circumscribunt
3454 5598 3723 5652 corpora;

2151 5687 2282 5727 vere
2308 5671 2456 5726 enim
2488 5670 2789 5725 dicendum
2824 5678 2930 5735 est,
2952 5670 3106 5724 illum
3128 5671 3351 5740 quidem
3377 5671 3725 5727 circumscri-

2153 5764 2285 5819 bere
2314 5764 2500 5817 omnia
2538 5777 2771 5833 corpora
2810 5771 2976 5833 atque
3024 5763 3412 5833 incorporalia,
3444 5780 3555 5819 non
3595 5782 3728 5820 vero

2156 5866 2218 5911 ut
2247 5870 2484 5925 corpus;
2516 5854 3133 5925 incircumscriptusque
3158 5864 3263 5919 est,
3293 5871 3400 5909 non
3426 5857 3579 5926 quasi
3608 5874 3717 5911 cor-

2156 5967 2259 6022 pus
2295 5965 2405 6003 non
2442 5948 2652 6004 habens
2685 5962 2716 6002 a
2738 5962 2846 6017 quo
2878 5950 3083 6019 majore
3111 5962 3343 6018 corpore
3376 5949 3728 6004 circumscri-
