4120 6478
383 507 518 574 1411

1621 501 1929 563 LEONTII
1969 500 2373 561 BYZANTINI

3506 499 3639 567 1412

382 632 565 694 batur,
590 638 643 683 et
670 636 927 697 tauquam
950 628 1006 681 in
1037 628 1158 681 loco
1185 625 1421 695 quodam
1451 639 1627 678 vacuo
1656 624 1807 677 orbis
1829 622 1956 675 uni-

2065 621 2208 690 τόπῳ
2241 617 2341 674 τοῦ
2370 620 2591 685 παντὸς,
2636 618 2776 691 μέρη
2808 621 2931 675 τινὰ
2975 620 3086 675 τῶν
3116 621 3282 675 αὑτοῦ
3315 639 3638 695 παραιωρη-

380 722 527 776 versi
563 721 827 789 quasdam
876 721 1116 790 partium
1151 733 1373 773 suarum
1410 733 1708 788 suspensas
1740 726 1955 781 tenens,

381 812 476 865 sed
511 820 768 879 tanquam
794 811 998 865 virtute
1028 826 1126 864 sua
1147 826 1366 864 omnem
1385 818 1639 862 naturam
1662 822 1956 877 superans,

382 918 712 972 omnemque
734 903 915 957 locum
944 913 1000 957 et
1029 912 1243 972 tempus
1262 902 1630 968 antecedens;
1659 917 1765 955 nec
1795 901 1961 970 igitur

382 997 608 1066 quidem
638 998 828 1051 unitus
860 998 1019 1068 quasi
1058 1014 1260 1068 corpus
1291 999 1375 1052 vel
1424 998 1673 1067 quaedam
1706 996 1961 1053 divisibi-

381 1081 451 1139 lis
472 1097 669 1142 natura
698 1088 941 1153 unietur,
975 1090 1048 1143 ita
1088 1097 1147 1142 ut
1176 1088 1333 1158 quasi
1367 1104 1495 1159 pars
1528 1090 1611 1143 vel
1640 1097 1838 1153 totum,
1869 1087 1958 1142 di-

381 1179 618 1232 visibilis
648 1179 932 1248 subjectus
986 1189 1312 1249 reputetur;
1361 1180 1458 1233 sed
1489 1178 1958 1249 quemadmodum

381 1285 491 1323 non
521 1270 837 1326 necessario
864 1270 1114 1339 corporis
1139 1271 1667 1340 particulariumque
1722 1271 1957 1325 verbum

382 1359 462 1413 illi
490 1358 747 1414 incubuit
771 1360 839 1415 ad
863 1360 1371 1416 circumscribenda
1396 1377 1516 1431 quae
1546 1362 1796 1431 partibus
1826 1377 1959 1416 con-

385 1461 553 1516 stant,
578 1452 654 1506 ita
685 1452 750 1505 ad
782 1468 839 1507 se
869 1453 1173 1507 uniendum
1206 1469 1328 1508 cum
1357 1454 1603 1519 homine,
1640 1453 1958 1525 hujusmodi

386 1542 778 1612 cogitationem
838 1543 1211 1599 adhaarentem
1256 1545 1361 1599 sibi
1393 1561 1504 1600 non
1550 1546 1737 1601 habet.
1784 1546 1960 1602 Aliter

382 1636 531 1689 enim
568 1651 669 1691 nec
700 1651 960 1707 maguum
1005 1637 1078 1690 ita
1111 1647 1195 1691 est
1233 1638 1472 1703 inllnito,
1506 1639 1551 1694 si
1588 1655 1617 1693 a
1661 1638 1815 1693 ﬁnito
1847 1655 1959 1694 non

383 1727 908 1796 comprehenditur;
932 1727 1037 1782 hoc
1057 1728 1203 1783 enim
1230 1728 1392 1783 datur
1416 1731 1633 1800 corpori
1664 1731 1961 1786 incircum-

382 1816 612 1887 scripto,
643 1818 857 1872 scilicet
894 1819 1140 1886 ccelesti;
1174 1821 1271 1875 sed
1315 1822 1359 1876 si
1402 1821 1457 1875 in
1490 1822 1706 1877 minore
1737 1834 1901 1892 atque
1927 1838 1959 1878 a

382 1924 441 1962 se
485 1909 908 1980 circumscripto
961 1911 1140 1966 libere
1199 1911 1523 1984 inﬁniteque
1582 1922 1732 1969 totus
1784 1915 1958 1984 possit

382 2000 775 2068 comprehendi
829 2001 886 2055 in
928 2002 1081 2057 nullo
1128 2014 1467 2067 eoarctatus,
1517 2005 1572 2059 id
1626 2005 1687 2061 ﬁt
1747 2006 1957 2061 virtute

382 2090 604 2159 quidem
625 2094 967 2147 connaturali
1006 2094 1157 2149 nulla
1178 2095 1228 2149 vi
1255 2094 1529 2149 infinitum
1557 2096 1961 2152 intercludente

382 2188 478 2234 aut
527 2181 1015 2238 circumscribente
1040 2194 1097 2237 ut
1117 2196 1378 2255 operetur
1398 2186 1545 2255 quod
1564 2188 1822 2241 voluerit.
1848 2186 1962 2242 Hoc

381 2280 467 2327 est
492 2273 639 2327 enim
678 2274 824 2344 quod
850 2275 1174 2330 mirabiliter
1218 2276 1385 2330 nimis
1418 2276 1627 2331 dictum
1658 2285 1742 2333 est
1790 2278 1860 2333 ab
1893 2293 1961 2333 eo

384 2366 480 2433 qui
515 2367 716 2419 asserit
746 2366 814 2421 de
842 2366 1064 2421 Christo
1091 2368 1395 2423 secundum
1429 2384 1653 2423 carnem
1683 2386 1699 2424 :
1730 2368 1867 2435 Quia
1903 2372 1960 2425 in

384 2458 495 2524 ipso
542 2457 807 2511 inhabitat
846 2461 1015 2512 omnis
1050 2458 1325 2529 plenitudo
1373 2462 1666 2516 divinitatis
1704 2478 1959 2533 corpora-

387 2547 509 2600 liter
530 2548 573 2599 ².

458 2638 597 2692 Male
622 2654 773 2710 ergo,
808 2655 842 2693 ο
872 2640 1096 2707 miseri,
1129 2641 1198 2697 de
1236 2642 1355 2711 ipso
1396 2643 1509 2697 Deo
1544 2658 1707 2698 omne
1743 2644 1960 2699 unitum

381 2730 645 2800 judicatis
668 2772 683 2795 ,
743 2733 858 2786 sive
894 2742 953 2786 ut
999 2741 1211 2803 partem
1241 2734 1359 2788 sive
1392 2744 1453 2788 ut
1500 2742 1674 2789 totum
1711 2735 1963 2805 partibus

388 2831 651 2877 constans
693 2823 941 2893 profecto
980 2824 1149 2878 uniri.
1201 2824 1523 2881 Sufﬁciebat
1570 2826 1738 2881 etiam
1797 2827 1963 2881 unius

389 2922 605 2968 tantum
645 2930 898 2970 errorum
947 2924 1260 2971 vestrarum
1303 2917 1610 2972 confutatio
1641 2918 1709 2972 ad
1745 2917 1963 2973 destru-

389 3007 625 3061 ctionem
651 3008 896 3061 omnium
922 3018 1228 3063 vestrorum
1261 3008 1653 3074 munitionum,
1686 3008 1961 3080 siquidem

389 3112 499 3150 una
542 3097 667 3151 data
693 3098 952 3164 stultitia,
1007 3114 1201 3156 omnes
1239 3102 1488 3157 stultitiae
1517 3111 1848 3173 sequuntur.
1902 3100 1960 3157 Si

388 3204 520 3243 vero
554 3189 622 3244 de
649 3190 909 3245 omnibus
932 3192 1134 3246 vestris
1162 3194 1637 3263 propositionibus
1656 3195 1961 3266 longiorem

2064 711 2249 781 μένος,
2280 710 2395 764 ἀλλ’
2424 711 2499 775 ὡς
2529 711 2757 781 δυνάμει
2783 712 2965 765 πᾶσαν
2994 711 3156 783 φύσιν
3189 713 3637 785 ὑπερεκπίπτων,

2060 804 2158 857 καὶ
2191 802 2394 867 παντὸς
2437 803 2605 856 τόπου
2666 804 2762 858 καὶ
2808 808 3003 876 χρόνου
3054 806 3637 878 ὁπερεξαπλούμενοςο

2060 894 2184 949 οὔτε
2216 895 2348 965 γοῦν
2378 896 2486 966 ἄρα
2525 896 2907 967 συντιθέμενος
2928 899 3005 961 ὡς
3040 898 3199 971 σῶμα
3227 900 3260 971 ἢ
3289 901 3521 971 μεριστὴ
3555 918 3642 965 τις

2061 988 2229 1057 φύσις
2250 988 2660 1059 συντεθήσεται,
2696 989 2784 1043 ἶνα
2813 989 2888 1053 ὡς
2935 991 3103 1061 μέρος
3142 992 3176 1063 ἢ
3209 992 3351 1059 ὅλον,
3379 993 3639 1063 μεριστὺς

2063 1078 2424 1147 συγκείμενος
2455 1078 2839 1150 λογισθήσεται
2858 1097 2872 1110 ·
2891 1080 3007 1133 ἀλλ’
3028 1081 3087 1137 ὃν
3117 1082 3320 1153 τρόπον
3342 1084 3443 1136 οὐκ
3471 1086 3640 1152 ἁναγο

2062 1170 2234 1234 καίως
2275 1170 2425 1241 αῦτῷ
2455 1171 2679 1240 γέγονεν
2712 1173 2740 1225 ὁ
2781 1171 2879 1225 τοῦ
2914 1171 3169 1243 σώματος
3212 1174 3371 1242 λόγος
3408 1177 3504 1229 καὶ
3536 1177 3637 1247 τῆς

2060 1262 2363 1333 ὲμμερείας
2413 1263 2497 1327 εἰς
2549 1263 2612 1317 τὸ
2656 1264 3023 1337 περιγράφειν
3068 1265 3138 1319 τὰ
3189 1267 3429 1338 ἐμμερῆ,
3462 1267 3637 1331 οὕτως

2059 1352 2181 1406 οὐδὲ
2216 1355 2296 1418 εἱς
2345 1354 2443 1425 τὴν
2478 1356 2616 1427 πρὸς
2655 1356 2943 1429 ἄνθρωπον
2984 1356 3256 1423 σύνθεσιν,
3296 1358 3396 1431 τὴν
3425 1359 3636 1413 τοιάνδε

2060 1447 2317 1501 ὑπόνοιαν
2350 1448 2691 1520 ὲπισύρεται.
2726 1450 2934 1514 ’Ἄλλως
2982 1452 3092 1522 γὰρ
3137 1452 3256 1505 οὐδὲ
3290 1452 3433 1523 μέγα
3461 1451 3636 1517 οὕτως

2058 1540 2137 1612 τῷ
2168 1542 2552 1614 ἀπεριγράφῳ,
2586 1544 2633 1596 εἰ
2678 1543 2739 1596 οὐ
2787 1546 3047 1616 χωρεῖται
3095 1545 3200 1599 ὑπὸ
3242 1545 3337 1599 τοῦ
3370 1563 3637 1617 περιγρα-

2059 1634 2225 1688 πτοῦ·
2262 1636 2359 1689 καὶ
2405 1635 2620 1707 σώματι
2668 1639 2780 1708 γὰρ
2830 1639 3232 1710 ἀπεριγράπτῳ
3261 1639 3442 1693 ἔνεστι
3488 1641 3631 1706 τόδε,

2059 1724 2227 1795 ήγουν
2254 1725 2332 1795 τῷ
2355 1726 2612 1797 οὐρανίῳ·
2646 1727 2759 1781 ἀλλ’
2793 1728 2841 1781 ει
2877 1729 2971 1782 καὶ
3016 1730 3074 1782 ὲν
3102 1729 3183 1799 τῷ
3215 1729 3391 1799 μείονι
3422 1729 3517 1783 καὶ
3538 1746 3635 1783 πε·-

2061 1815 2353 1887 ριγραπτῷ
2416 1817 2510 1870 ὑπ’
2544 1817 2711 1872 αὐτοῦ
2760 1818 3056 1883 ἀκωλύτως
3087 1820 3207 1884 ὅλος
3246 1839 3307 1874 τε
3364 1822 3459 1874 καὶ
3496 1821 3634 1875 ἀπε-

2062 1907 2383 1981 ριγράπτως
2428 1908 2653 1963 δύναιτο
2715 1913 2967 1982 χωρῆσαι
3030 1913 3089 1966 ὲν
3151 1912 3328 1966 οὐδενὶ
3371 1930 3635 1983 στενοχω-

2065 1997 2347 2071 ρούμενος,
2376 1998 2533 2053 τοῦτο
2567 1999 2780 2071 ἀληθῶς
2816 2001 3097 2072 δυνάμεως
3129 2006 3368 2074 φυσικῆς
3401 2003 3461 2057 τὸ
3498 2006 3628 2058 ἀπε-

2063 2088 2367 2160 ρίγραπτον
2398 2089 2575 2143 οὐδενὶ
2604 2089 2777 2161 βιαίῳε
2796 2092 3229 2163 ἀποκλειομένης
3252 2093 3348 2148 καὶ
3375 2110 3441 2147 πε
3450 2111 3636 2165 ριγρα-

2062 2181 2305 2252 φομένης
2336 2184 2580 2253 ἐνεργεῖν
2606 2181 2636 2235 δ
2662 2182 2931 2253 βούλεται.
2962 2182 3133 2237 Τοῦτο
3165 2184 3273 2254 γάρ
3307 2187 3425 2239 ἐστι
3453 2187 3545 2240 καὶ
3574 2187 3637 2241 τὸ

2061 2270 2137 2334 ὡς
2182 2271 2323 2339 ἄγαν
2375 2271 2689 2342 θαυμαστὸν
2747 2274 3038 2347 εἰρημένον
3093 2276 3172 2346 τῷ
3222 2280 3459 2348 φήσαντι
3504 2280 3637 2346 περὶ

2061 2359 2300 2431 Χριστοῦ
2346 2362 2442 2415 τοῦ
2471 2362 2613 2417 κατὰ
2662 2364 2841 2435 σάρκα
2866 2404 2882 2429 ,
2925 2365 3046 2418 Ὅτι
3075 2366 3145 2419 ἐν
3172 2365 3331 2431 αὐτῷ
3375 2368 3643 2423 κατοικεῖ

2063 2450 2185 2507 πᾶν
2210 2453 2276 2507 τὸ
2304 2453 2595 2525 πλήρωμα
2615 2454 2727 2525 τῆς
2757 2459 3041 2525 θεότητος
3068 2458 3442 2528 σωματικῶς.

2130 2635 2333 2698 Κακῶς
2352 2633 2466 2701 οῦν,
2496 2637 2745 2703 τάλανες,
2784 2637 2999 2704 ἀξιοῦτε
3029 2639 3126 2694 καὶ
3155 2640 3246 2693 ἐπὶ
3278 2640 3413 2695 Θεοῦ
3441 2644 3551 2696 πᾶν
3575 2643 3637 2696 τὸ

2065 2727 2470 2796 συντιθέμενον,
2504 2729 2535 2799 ἢ
2565 2730 2640 2792 ὼς
2678 2729 2842 2801 μέρος
2868 2730 2901 2801 ἢ
2934 2730 3009 2794 ὡς
3038 2732 3158 2785 ὅλον
3191 2734 3445 2804 μεριστὸν
3473 2734 3639 2805 δηλα·

2060 2819 2126 2887 δὴ
2152 2818 2520 2874 συντίθεσθαι.
2552 2822 2751 2890 Ἤρκει
2793 2823 2891 2892 μὲν
2920 2818 3014 2876 οῦν
3042 2824 3139 2876 καὶ
3181 2826 3310 2893 μιᾶς
3341 2824 3503 2895 μόνον
3528 2827 3637 2879 τῶν

2062 2910 2345 2983 ὑμετέρων
2386 2913 2707 2983 προτάσεων
2736 2913 2955 2983 ἐλεγχος
2989 2914 3124 2984 πρὸς
3151 2915 3473 2989 καθαίρεσιν
3500 2936 3637 2971 παν-

2060 3003 2153 3065 τὸς
2184 3003 2341 3074 ὑμῶν
2370 3002 2464 3056 τοῦ
2487 3005 2939 3076 ἐπιχειρήματος
2973 3007 3134 3077 εἴπερ
3166 3007 3285 3071 ἑνὸς
3316 3010 3523 3062 ἀτόπου
3551 3010 3637 3064 δο-

2063 3095 2270 3160 θέντος,
2298 3094 2478 3149 πάντα
2516 3097 2694 3150 ἄτοπα
2722 3098 3094 3170 ὡμολόγηται.
3141 3098 3271 3153 Ἰδοὺ
3311 3100 3368 3154 δὲ
3394 3102 3463 3155 δι’
3500 3104 3637 3157 ὅλων

2063 3186 2218 3256 ὑμῶν
2256 3184 2366 3239 τῶν
2395 3188 2733 3259 προτάσεων,
2765 3191 2815 3242 εἰ
2847 3190 2941 3244 καὶ⁹
2968 3192 3310 3262 μακρότερον
3355 3192 3452 3246 τὸν
3485 3193 3640 3262 ἔλεγ-

390 3282 823 3338 confutationem
862 3286 1328 3353 protraxerimus,
1380 3286 1506 3342 ideo
1547 3289 1727 3343 omnis
1789 3289 1961 3343 vestri

2065 3296 2159 3349 χον
2206 3281 2641 3352 παρετείναμεν,
2697 3281 3059 3351 ψευδέστατον
3110 3284 3265 3354 ὑμῶν
3308 3284 3369 3339 τὸ
3428 3288 3639 3357 συμπέ-

391 3375 669 3429 ratiocinii
715 3376 999 3431 conclusio
1051 3376 1346 3433 falsissima
1395 3380 1965 3435 demonstrabitur.ln

390 3465 568 3534 prima
589 3466 758 3532 enim,
798 3468 939 3521 male
968 3468 1326 3524 existimastis
1377 3485 1540 3525 omne
1567 3472 1784 3524 unitum
1817 3473 1967 3527 velut

391 3565 603 3626 partem
643 3565 740 3612 aut
789 3564 965 3613 totum
996 3558 1273 3615 divisibile
1316 3563 1500 3629 uniri;
1552 3564 1825 3634 siquidem
1876 3582 1966 3622 res

393 3663 503 3701 non
552 3648 625 3702 ita
653 3664 711 3704 se
744 3649 949 3704 habere
982 3650 1278 3719 probatum
1304 3653 1493 3719 fuerit,
1522 3657 1801 3722 omnibus,
1843 3674 1966 3727 quae

392 3756 422 3795 a
450 3740 562 3795 Deo
600 3740 855 3795 ordinata
886 3751 1033 3808 sunt,
1080 3758 1148 3797 ex
1191 3758 1304 3798 non
1340 3745 1562 3802 entibus
1605 3748 1965 3805 subsistenti-

390 3830 516 3885 bus.
545 3831 651 3886 Sed
681 3840 738 3887 et
762 3848 991 3904 corpora
1022 3850 1089 3888 ex
1119 3852 1222 3904 quo
1248 3846 1303 3890 et
1334 3847 1535 3905 quanto
1559 3839 1800 3908 perfecta
1839 3849 1967 3896 sunt

391 3926 864 3995 substantialiter,
917 3927 971 3981 in
1014 3944 1248 3997 quorum
1302 3930 1455 3985 nullo
1506 3940 1682 3986 totum
1716 3934 1802 3988 vel
1836 3949 1967 4003 pars

391 4025 519 4071 ante
574 4018 833 4073 unionem
868 4019 1113 4088 ipsorum
1139 4036 1249 4074 non
1279 4030 1461 4090 potest
1491 4022 1623 4085 dici,
1656 4034 1881 4094 propter
1900 4041 1964 4080 ea

391 4124 511 4177 qua:
537 4125 567 4163 a
600 4109 765 4164 nobis
815 4110 1070 4180 superius
1115 4112 1259 4164 dicta
1295 4120 1442 4165 sunt.
1475 4112 1729 4168 Secunda
1778 4126 1965 4170 autem

390 4209 571 4255 vestra
608 4202 916 4271 propositio
949 4203 1413 4267 errat,aﬂlrmans
1445 4212 1617 4260 totum
1651 4207 1719 4262 de
1752 4208 1966 4280 simpli-

390 4294 546 4349 cibus
579 4295 665 4349 vel
698 4294 930 4351 inﬁnitis
966 4312 1075 4350 non
1107 4296 1217 4351 dici
1244 4314 1259 4363 ;
1294 4297 1843 4371 demonstratumque
1881 4311 1967 4357 est

391 4394 681 4453 punctum,
720 4387 1012 4451 unitatem,
1042 4396 1381 4442 momentum
1413 4404 1673 4457 praasens,
1702 4392 1962 4459 animam,

388 4476 573 4531 omnia
600 4477 891 4546 simplicia,
910 4486 1073 4547 atque
1105 4478 1478 4542 divinitatem,
1508 4483 1746 4551 propriis
1770 4483 1968 4538 distin-

398 4567 612 4636 ctisque
645 4568 871 4623 vocibus
898 4569 1174 4623 enuntiari
1218 4572 1402 4624 omnia
1457 4573 1807 4643 partiumque
1843 4590 1964 4630 esse

401 4660 671 4729 expertia,
716 4661 822 4715 etsi
854 4660 1285 4731 uniuscujusque
1317 4678 1427 4716 non
1479 4664 1551 4717 sit
1597 4665 1789 4720 eadem
1830 4666 1962 4720 sim-

400 4751 639 4824 plicitas.

468 4839 523 4893 Si
554 4855 685 4893 vero
708 4855 738 4892 a
771 4840 927 4893 vobis
958 4855 1281 4895 concessum
1330 4840 1498 4897 fuerit
1537 4845 1721 4900 omnia
1751 4845 1963 4917 simpli-

392 4932 479 4987 cia
510 4931 841 4995 necessario,
871 4932 1143 5001 siquidem
1168 4936 1408 5003 partium
1435 4937 1679 5006 expertia
1704 4937 1834 5001 sint,
1861 4953 1964 4994 nec

395 5036 507 5082 tota
543 5027 652 5082 diei
687 5043 791 5082 nec
821 5044 1064 5098 unquam
1093 5029 1148 5083 in
1175 5030 1435 5086 unionem
1458 5033 1756 5087 convenire
1780 5048 1963 5102 posse,

394 5122 634 5177 libenter
677 5137 708 5176 a
741 5121 899 5176 vobis
941 5123 1296 5193 exquiremus
1340 5124 1617 5194 quomodo
1648 5126 1816 5195 igitur
1854 5142 1965 5181 non

394 5212 576 5265 omnia
605 5212 752 5266 entia
778 5211 931 5266 unita
954 5228 1021 5267 ex
1049 5214 1222 5269 unitis
1252 5214 1371 5269 ﬁeri
1406 5231 1728 5271 concessum
1764 5216 1968 5270 fuerit?

395 5302 455 5357 ln
521 5301 799 5357 inﬁnitum
849 5319 1068 5373 quoque
1129 5306 1238 5360 erit
1266 5306 1729 5377 progrediendum
1758 5347 1773 5370 ,
1824 5307 1870 5361 si
1900 5323 1968 5362 ex

396 5393 744 5463 simplicibus
775 5410 889 5449 non
922 5396 1053 5451 (iant
1076 5397 1251 5461 unita,
1276 5398 1548 5467 siquidem
1588 5398 1742 5468 juxta
1772 5413 1870 5453 vos
1899 5413 1966 5452 ex

396 5479 484 5534 his
514 5495 638 5550 qua:
669 5483 922 5551 partibus
952 5494 1144 5537 carent
1172 5498 1283 5537 non
1313 5484 1530 5552 possint
1561 5498 1684 5538 esse
1710 5523 1725 5548 ,
1774 5484 1968 5553 primis

396 5570 589 5635 unitis,
629 5571 773 5626 unde
809 5573 980 5627 unitis
1012 5574 1224 5639 nescio,
1264 5576 1371 5629 nisi
1402 5574 1647 5630 breviter
1683 5576 1847 5630 nobis
1873 5576 1970 5631 de-

398 5671 710 5716 monstrare
734 5662 1041 5718 volueritis.
1070 5664 1174 5719 Sed
1206 5673 1264 5719 et
1303 5664 1578 5721 inﬁnitum
1602 5681 1733 5721 voce
1768 5666 1970 5721 inﬁniti

345 5789 347 5791 .
402 5757 577 5805 ιοιυηι
598 5766 742 5817 esse,
768 5753 924 5821 quasi
954 5753 1168 5809 finitum
1194 5768 1327 5810 voce
1355 5753 1516 5820 ﬁniti,
1544 5754 1836 5824 probatum
1862 5765 1966 5822 est,

477 5925 499 5959 ⁹
530 5924 739 5981 Coloss.
770 5942 825 5995 ιι,
856 5928 906 5985 9.

2068 3386 2254 3441 ρασμα
2279 3370 2545 3425 δέδεικται
2578 3372 2674 3426 τοῦ
2699 3373 2821 3427 ὅλου
2856 3374 3241 3446 συλλογισμοῦ.
3282 3376 3372 3428 Ἑν
3405 3377 3502 3447 μὲν
3529 3377 3639 3449 γάρ

2064 3465 2131 3534 τῇ
2195 3461 2409 3534 πρώτῃ,
2470 3464 2659 3528 κακῶς
2703 3463 2919 3534 ἠξιοῦτε
2973 3467 3084 3520 πᾶν
3131 3465 3520 3537 συντιθέμενον
3562 3468 3639 3529 ὠς

2068 3558 2288 3628 μέροςῆ
2322 3558 2444 3611 ὅλον
2480 3560 2738 3631 μεριστὸν
2769 3561 3115 3616 συντίθεσθαι
3137 3578 3150 3593 ο
3174 3562 3498 3634 ὲλήλεγκται
3528 3564 3639 3634 γὰρ

2065 3649 2162 3720 οὐχ
2199 3649 2373 3713 οῦτως
2401 3649 2594 3720 ἔχοντα
2616 3652 2684 3705 τὰ
2722 3652 3048 3724 πράγματα,
3078 3655 3237 3725 εἴπερ
3269 3656 3333 3708 ὲκ
3361 3656 3434 3726 μὴ
3469 3654 3640 3708 ὄντων

2068 3741 2357 3810 σύγκειται
2390 3743 2507 3797 τόδε
2537 3743 2599 3795 τὸ
2630 3745 2739 3797 πᾶν
2770 3744 2891 3816 θείᾳ
2925 3744 3183 3817 βουλήσει
3221 3746 3599 3819 συναρμοσθέν
3622 3762 3636 3779 ⁸

2066 3833 2203 3886 ἀλλά
2238 3834 2335 3886 καὶ
2363 3834 2433 3889 τά
2473 3833 2703 3904 σώματα
2736 3836 2801 3889 ὲκ
2834 3836 3013 3890 ποιοῦ
3045 3854 3107 3891 τε
3137 3839 3239 3892 καὶ
3270 3838 3470 3893 ποσοῦ
3505 3856 3640 3892 κατα

2065 3926 2371 3995 ηρτισμένα
2406 3926 2555 3979 ἐστὶν
2598 3926 2892 3991 οὐσιωδῶςο
2924 3920 3001 3981 ὧν
3038 3929 3096 4003 έν
3129 3929 3395 4002 οὐδετέρῳ
3425 3930 3485 3983 τὸ
3516 3930 3639 3983 ὅλον

2064 4018 2098 4088 ἢ
2134 4018 2299 4087 μέρος
2328 4016 2439 4087 πρὸ
2462 4018 2561 4087 τῆς
2591 4019 2897 4081 συνθέσεως
2928 4020 3129 4087 αὐτῶν,
3164 4019 3349 4090 λέγειν
3383 4023 3636 4088 δυνατὸν,

2065 4108 2153 4162 διὰ
2184 4107 2254 4161 τὰ
2287 4107 2545 4179 ἀνωτέρω
2574 4109 2708 4178 ἡμῖν
2743 4109 3032 4180 εἰρημένα·
3066 4112 3100 4180 ὴ
3135 4111 3193 4163 δὲ
3221 4110 3453 4183 δευτέρα
3481 4113 3637 4183 ὑμῶν

2068 4200 2328 4272 πρότασις
2367 4200 2574 4255 ἐπλάνα
2617 4201 2904 4271 φάσκουσα
2955 4201 3016 4255 τὸ
3051 4201 3173 4255 ὅλον
3207 4202 3301 4255 ἐπὶ
3335 4204 3559 4273 ἀμερῶν
3600 4206 3634 4275 ἢ

2065 4291 2466 4362 ἀπεριγράφων
2499 4291 2573 4362 μὴ
2610 4291 2908 4360 λέγεσθαι⁶
2958 4292 3054 4345 καὶ
3092 4293 3313 4363 ἐδείχθη
3348 4294 3411 4347 τό
3444 4311 3503 4346 τε
3541 4311 3639 4363 ση-

2068 4384 2237 4451 μεῖον,
2271 4383 2365 4435 καὶ
2411 4384 2443 4452 ὴ
2477 4383 2663 4453 μονὰς,
2711 4384 2808 4437 καὶ
2855 4383 2915 4437 τὸ
2963 4384 3080 4450 νῦν,
3113 4385 3209 4438 καὶ
3236 4384 3407 4454 ψυχὴ,
3441 4386 3536 4437 καὶ
3569 4387 3639 4437 τὰ

2067 4474 2217 4527 ἁπλᾶ
2247 4475 2447 4539 πάντα,
2481 4476 2577 4529 καὶ
2608 4476 2669 4529 τὸ
2699 4476 2875 4540 Θεῐον,
2914 4476 3011 4529 ὅλα
3039 4492 3099 4529 τε
3140 4475 3401 4545 λέγεσθαι
3436 4479 3494 4529 ὲν
3522 4480 3637 4539 τοῖς

2068 4566 2193 4619 καθ’
2228 4566 2400 4620 ἑαυτά
2450 4566 2650 4635 λόγοις,
2698 4567 2793 4620 καὶ
2839 4568 3019 4638 ἀμερῆ
3082 4562 3265 4637 εῖναι,
3316 4569 3364 4621 εἰ
3419 4569 3515 4622 καὶ
3562 4569 3639 4640 μὴ

2068 4658 2332 4722 ὡσαύτως
2362 4659 2598 4714 ἑκάστου
2629 4660 2779 4714 ἐστὶν
2810 4660 2844 4732 ή
2890 4660 3144 4731 ἀμέρεια.

2139 4840 2203 4892 Ei
2225 4838 2282 4891 δὲ
2314 4838 2410 4893 καὶ
2437 4837 2594 4908 ἐδόθη
2620 4840 2748 4908 ὑμῖν
2772 4838 2951 4893 πάντα
2991 4837 3061 4892 τὰ
3089 4840 3241 4893 ἁπλᾶ
3278 4838 3339 4905 ἐξ
3366 4840 3635 4911 ἀνάγκης,

2069 4932 2195 4985 ἐπεὶ
2228 4931 2415 5001 ἀμερῆ
2450 4933 2588 4996 ἐστι,
2633 4932 2771 5003 μήτε
2806 4932 2903 4984 ὅλα
2932 4932 3213 5001 λέγεσθαι,
3241 4933 3377 5002 μήτε
3402 4934 3481 4994 εἰς
3514 4932 3642 4985 σύνο

2072 5025 2222 5077 θεσιν
2261 5021 2520 5094 ἔρχεσθαι
2551 5021 2794 5086 πώποτε,
2829 5022 2999 5092 ἡδέως
3040 5024 3108 5075 ἂν
3136 5022 3414 5092 πυθοίμην
3443 5022 3595 5093 ὑμῶν
3623 5039 3636 5053 ’

2073 5114 2196 5176 Πῶς
2232 5110 2325 5166 οὖν
2376 5113 2479 5167 οὐκ
2531 5116 2597 5167 ὲκ
2644 5112 2917 5166 συνθέτων
2953 5112 3211 5180 γενέσθαι
3245 5113 3312 5167 τὰ
3356 5114 3485 5167 ὅντα
3516 5116 3643 5167 σύν-

2072 5207 2203 5260 θετα
2247 5206 2425 5260 πάντα
2463 5205 2683 5277 δοθείη;
2720 5206 2830 5257 Καὶ
2861 5205 2946 5259 ἐπ’
2974 5206 3201 5275 ἄπειρον
3244 5207 3343 5275 τὴν
3376 5207 3644 5260 ἀνάϐασιν

2073 5300 2311 5369 ποιήσει,
2346 5298 2504 5369 εἴπερ
2546 5297 2622 5368 μὴ
2665 5297 2725 5363 ἐξ
2758 5296 2945 5351 ἁπλῶν
2970 5298 3085 5350 ἐστι
3128 5298 3195 5351 τὰ
3223 5298 3474 5364 σύνθετα,
3506 5300 3644 5355 διότι

2072 5392 2172 5444 οὐκ
2205 5391 2265 5457 ἐξ
2292 5391 2517 5461 ἀμερῶν
2546 5391 2805 5445 δύνανται
2830 5386 2972 5443 εἶναι
3002 5390 3125 5443 καθ’
3155 5389 3324 5462 ὑμᾶς,
3359 5392 3468 5445 τῶν
3492 5395 3645 5464 πρώ-

2072 5501 2181 5537 των
2230 5482 2524 5550 συνθέτων,
2576 5483 2676 5536 οὑκ
2709 5477 2828 5535 οῖδα
2861 5481 2985 5535 ὅθεν
3026 5482 3412 5545 συντεθέντων,
3441 5484 3535 5537 ὲάν
3568 5486 3644 5554 μὴ

2076 5575 2444 5646 παρελθόντες
2476 5575 2608 5644 ἡμῖν
2636 5573 2977 5643 ὐποδεὶξητε.
3030 5572 3193 5626 Ἀλλὰ
3226 5572 3321 5627 καὶ⁸
3358 5573 3419 5627 τὸ
3451 5575 3645 5644 ἀπερί-

2075 5684 2282 5737 γραφον
2308 5667 2386 5737 τῷ
2412 5666 2555 5737 λόγῳ
2582 5668 2678 5719 τοῦ
2703 5665 3087 5737 ἀπεριγράφου
3114 5665 3235 5719 ὅλον
3268 5663 3430 5729 εἶναι,
3458 5665 3646 5735 ῶσπερ

2078 5758 2178 5814 καὶ·
2204 5758 2264 5811 τὸ
2302 5757 2679 5832 περιγραπτὺν
2711 5757 2789 5827 τῷ
2834 5756 2981 5826 λόγῳ
3014 5756 3110 5811 τοῦ
3143 5756 3532 5831 περιγραπτοῦ
3562 5756 3644 5811 δέν
