4120 6448
370 437 506 505 1413

1352 433 1753 497 ADVERSUS
1797 431 2349 498 NESTORIANOS.
2380 458 2448 470 —
2473 436 2623 496 LIB.
2664 435 2715 495 Ι.

3500 430 3636 497 1414

366 552 580 605 δεικται
602 565 615 580 ο
650 548 747 601 καὶ
775 545 1123 602 συντίθεσθαι
1156 540 1249 599 οὖν
1282 544 1603 616 δυνάμενον,
1648 542 1764 611 εῐγε
1785 542 1948 595 τοῦτο

2064 542 2287 614 ideoque
2329 543 2477 599 uniri
2526 559 2729 615 posse,
2780 542 3035 613 quamvis
3095 543 3290 598 unioni
3342 543 3498 600 vobis
3530 547 3638 601 hoc

368 644 500 713 ὑμῖν
536 642 688 694 δοκεῖ
729 640 1037 702 συνθέσεως
1076 634 1215 690 εἶναι
1258 634 1560 689 κωλυτικόν
1586 652 1599 665 ·
1630 633 1727 687 καὶ
1755 633 1835 685 ὅτι
1870 632 1947 694 ὡς

368 732 739 805 περιγράφειν
780 731 842 784 τὸ
883 724 1137 801 ἐμμερές
1172 728 1274 781 οὐκ
1332 727 1689 796 ὲμποδίζεται
1718 726 1778 779 τὸ
1808 726 1947 796 ἀμε-

370 830 484 900 ρὲς,
520 826 696 889 οὕτως
735 826 859 878 οὐδέ
887 823 1257 888 συντίθεσθαι,
1286 822 1428 875 κατά
1460 820 1522 874 τὸ
1550 817 1730 888 ἑαυτῷ
1764 818 1950 889 μέντοι

368 922 591 986 οἰκεῖον,
622 920 719 973 καὶ
763 921 865 971 οὐκ
912 915 1207 988 ἐμμερῶς·
1238 913 1437 968 οὐκοῦν
1489 913 1585 965 καὶ
1636 910 1952 981 μειρακίοις

368 1012 595 1081 εὔδηλον
628 1012 691 1067 τὸ
724 1010 1016 1081 ἀνίσχυρον
1045 1009 1140 1061 τοῦ
1177 1006 1445 1078 ὑμετέρου
1479 1004 1715 1065 ἀσεϐοῦς
1739 1020 1954 1072 συμπε-

373 1105 678 1177 ράσματος,
709 1104 771 1157 τὸ
801 1102 961 1171 λέγον
982 1119 997 1132 ο
1038 1102 1154 1154 Οὐκ
1184 1101 1294 1170 ἄρα
1335 1097 1598 1166 συνετέθη
1624 1099 1652 1150 ὁ
1685 1094 1818 1158 Θεὸς
1847 1093 1953 1147 Λό-

371 1214 466 1264 γος
496 1195 574 1265 τῷ
598 1195 656 1261 ἐξ
677 1193 834 1264 ήμῶν
859 1190 1154 1263 ἀνθρώπῳ.
1190 1188 1345 1242 Οὕτω
1382 1188 1480 1258 μὲν
1507 1182 1601 1239 οὖν
1638 1184 1770 1237 ὡσεὶ
1794 1182 1955 1254 χνοῦς

372 1284 518 1337 κατὰ
564 1283 861 1355 πρόσωπον
906 1282 1110 1350 ἀνέμου
1158 1278 1391 1347 ἐξεχύθη
1424 1278 1519 1330 καὶ¹
1559 1274 1952 1345 διεσκορπίσθη

374 1373 553 1427 πάντα
583 1372 740 1442 ὑμῶν
773 1372 841 1425 τὰ
881 1370 1218 1440 σοφίσματα,
1256 1368 1348 1423 διὰ
1385 1356 1521 1420 τὸέν
1551 1365 1783 1436 ἀπιστίᾳ
1812 1383 1954 1436 συμ-

377 1466 623 1534 παγῆναι
656 1465 748 1517 καὶ
778 1466 836 1517 ἐν
864 1461 1057 1533 ἀγνοίᾳ
1086 1460 1189 1531 τῆς
1219 1458 1507 1529 δυνάμεως
1540 1454 1634 1511 τοῦ
1661 1454 1806 1509 θείου
1833 1455 1957 1527 βου-

376 1558 639 1628 λήματος.

460 1648 621 1714 Ἀλλ’,
649 1642 694 1701 ὦ
719 1640 887 1711 οὗτοι,
913 1646 962 1698 εί
991 1642 1085 1697 καὶ
1117 1643 1307 1714 μηδεὶς
1331 1637 1398 1714 ἦν
1421 1644 1450 1696 ὁ
1475 1641 1630 1711 λόγος
1660 1642 1688 1694 ὁ
1718 1638 1957 1710 ἐλέγχων

377 1742 534 1811 ὑμῶν
560 1740 661 1811 τὴν
690 1739 943 1802 ἀτοπίαν,
970 1738 1080 1808 ἄρα
1107 1754 1171 1805 γε
1202 1736 1379 1800 οὕτως
1410 1738 1614 1790 ἐννοεῖν
1646 1735 1706 1789 οὐ
1737 1733 1959 1805 φρίττο-

381 1852 501 1904 μεν,
534 1834 618 1887 ὃτι
647 1834 676 1885 ὁ
710 1832 784 1903 μή
829 1832 958 1887 ὄντα
988 1830 1118 1883 τάδε
1180 1828 1252 1882 τὰ
1307 1828 1437 1882 ὄντα
1473 1829 1652 1883 πάντα
1711 1828 1806 1881 καὶ
1855 1826 1957 1890 τὰς

375 1893 593 1978 τοιάσδε
628 1893 812 1975 αὑτων
853 1920 1136 1982 συνθέσεις
1171 1917 1408 1989 ἐξευρὼν
1445 1917 1579 1981 Θεὸς
1627 1916 1812 1979 πάσας
1863 1915 1956 1967 καὶ
1988 1893 2030 1948 Β

377 2017 613 2085 ποιήσας
658 2010 798 2067 εἷναί
828 2030 887 2065 τε
921 2011 1084 2077 αὐτὰ,
1117 2011 1213 2065 καὶ
1238 2009 1463 2063 τοιῶσδε
1503 2005 1668 2075 εἶναι,
1694 2008 1794 2063 οὐκ
1828 2006 1957 2077 ἠδύ-

377 2126 511 2163 νατο
554 2106 881 2177 καινοτέραν
930 2106 1053 2158 τινὰ
1087 2104 1183 2157 καὶ
1229 2101 1666 2171 ἀναγκαιοτέραν
1706 2099 1956 2155 σύνθεσιν

376 2200 531 2273 παρά
572 2198 678 2260 τὰς
720 2195 1073 2266 ἐγνωσμένας
1098 2196 1231 2266 ήμῖν
1265 2188 1360 2267 ᾖδε
1402 2192 1829 2262 προϐάλλεσθαι,
1863 2193 1957 2245 καὶ

378 2292 631 2361 ἐφευρεῖν
664 2287 863 2359 ἐαυτῷ,
902 2288 1043 2358 ὑπὲρ
1072 2287 1185 2340 τῶν
1225 2285 1397 2339 όντων
1442 2285 1636 2341 ἑαυτὸν
1673 2284 1954 2339 συνθεῖναι

373 2382 485 2436 τῶν
514 2380 686 2434 ὅντων
716 2380 827 2432 τινὶ
859 2377 1204 2448 βουλόμενος,
1232 2375 1328 2430 καὶ
1357 2377 1458 2447 τὴν
1494 2378 1663 2447 μήπω
1690 2378 1955 2445 ἐντεταγ-

382 2470 551 2541 μένην
579 2472 689 2533 τοῖς
716 2464 869 2522 οὖσιν
898 2467 1216 2537 ἐμφανίσαι.
1249 2467 1373 2530 Πῶς
1404 2461 1516 2531 οὖν,
1541 2468 1592 2520 εί
1614 2467 1773 2520 τοῦτο
1796 2467 1958 2537 διαμ-

378 2562 754 2633 φιϐἀλλοιμεν,
786 2561 907 2629 οὐχὶ
942 2561 1037 2613 καὶ
1081 2559 1150 2612 τά
1202 2559 1368 2613 λοιπά
1401 2560 1579 2613 πάντα
1628 2560 1738 2614 τῶν
1765 2561 1957 2624 ὄντων,

378 2656 442 2708 ἐκ
474 2671 639 2707 τινων
682 2651 1101 2725 προγεγονότων
1146 2648 1308 2714 εἶναι,
1344 2651 1574 2715 εἰκότως
1622 2650 1957 2723 δοξάσομενς

378 2746 454 2798 Οὐ
480 2744 591 2815 γὰρ
618 2738 685 2815 ἦν
733 2743 886 2795 οὔπω
920 2758 1005 2805 τις
1052 2741 1374 2811 ἐγνωσμένη
1414 2742 1522 2795 τινὶ
1563 2740 1813 2804 σύνθεσις
1848 2741 1959 2794 τῶν

377 2836 575 2888 ὄντων’
607 2834 695 2887 ὅτε
739 2832 861 2887 κατ’
895 2832 1074 2903 ἀρχὰς
1119 2832 1240 2903 Θεῷ
1282 2833 1631 2904 ἐμηχανήθη.
1667 2835 1779 2887 Καὶ
1811 2834 1961 2905 ὅμως

376 2923 598 2986 οὐδενὸς
628 2922 810 2976 αὐτῶν
842 2922 1035 2993 πρώην
1075 2921 1248 2985 ὄντος,
1296 2921 1526 2992 ὕστερον
1573 2925 1822 2994 ποιήσειν
1865 2924 1961 2977 τὸν

380 3013 518 3067 Θεὸν
551 3012 621 3066 τὰ
656 3014 833 3066 πάντα
875 3011 1106 3065 σύνθετα
1145 3013 1542 3083 ὁμολογοῦμεν.
1582 3013 1721 3068 Πότε
1764 3014 1822 3067 δέ
1868 3015 1962 3069 καὶ

381 3108 475 3159 ποῖ
503 3105 662 3167 ἄλλος
697 3105 893 3173 γέγονε
929 3104 1188 3175 κόσμοςῆ
1217 3104 1466 3174 ἐπεφάνη
1495 3104 1701 3159 τοιόσδε
1725 3106 1961 3175 Χριστὸς

2050 635 2272 690 obstare
2301 636 2587 702 videatur,
2633 652 2697 691 ac
2721 678 2735 699 ,
2788 636 3249 705 quemadmodum
3280 637 3420 691 nihil
3452 638 3637 693 obstat

2052 727 2184 794 quin
2206 727 2454 795 partibus
2481 735 2740 782 constans
2764 726 3014 796 partibus
3034 737 3262 783 carente
3293 728 3636 795 terminetur,

2054 817 2129 871 ita
2164 833 2267 873 nec
2301 819 2473 874 ullum
2520 819 2702 876 obstat
2730 820 2864 889 quin
2916 819 3167 889 partibus
3200 836 3396 874 carens
3443 837 3641 875 secun-

2054 909 2185 963 dum
2216 910 2365 979 quod
2395 912 2677 980 proprium
2729 918 2813 964 est
2843 909 2949 964 sibi
2976 950 2991 976 ,
3044 926 3149 965 nec
3188 910 3351 964 modo
3384 912 3639 981 partibus

2056 1001 2429 1054 constantium
2460 1002 2717 1067 uniatur;
2750 1000 2978 1058 evidens
3004 1010 3238 1072 estergo
3263 1002 3429 1059 etiam
3454 1004 3638 1074 junio-

2054 1091 2210 1146 ribus
2230 1091 2410 1161 impia:
2429 1100 2627 1147 vestra-
2646 1094 3019 1149 conclusionis
3036 1095 3345 1157 inﬁrmitas.
3368 1096 3634 1150 dicentis:

2053 1183 2172 1238 Non
2204 1199 2334 1254 ergo
2361 1185 2507 1239 Deus
2526 1185 2766 1240 Verbum
2794 1186 3005 1239 homini
3037 1186 3199 1241 alicui
3228 1203 3294 1241 ex
3324 1186 3487 1241 nobis
3518 1186 3641 1240 uni-

2055 1284 2146 1331 tus
2170 1285 2274 1330 εει.
2304 1275 2395 1331 Sic
2433 1292 2565 1347 ergo
2592 1286 2653 1330 ut
2686 1277 2869 1346 pulvis
2901 1286 3025 1331 ante
3061 1276 3255 1333 faciem
3285 1278 3433 1331 venti
3475 1277 3639 1332 dissi-

2055 1378 2258 1439 pantur
2290 1383 2354 1423 ac
2385 1367 2775 1438 disperguntur
2803 1368 2987 1422 omnia
3048 1376 3232 1422 vestra
3282 1369 3637 1440 sophismata,

2055 1475 2123 1514 eo
2157 1458 2305 1528 quod
2332 1460 2387 1513 in
2416 1457 2742 1516 inﬁdelitate
2772 1459 3195 1529 ignorantiaque
3222 1459 3441 1516 virtutis
3466 1460 3640 1514 divini

2055 1551 2273 1605 consilii
2313 1551 2616 1620 composita
2650 1561 2799 1604 sunt.

2128 1642 2218 1711 At,
2248 1657 2281 1696 ο
2311 1658 2410 1697 vos
2437 1683 2451 1707 ,
2482 1641 2587 1696 etsi
2615 1642 2801 1697 nullus
2829 1650 2977 1697 esset
3006 1657 3189 1697 sermo
3229 1644 3517 1701 stultitiam
3550 1659 3643 1697 ve-

2059 1743 2226 1788 stram
2261 1733 2572 1797 conl'utans,
2606 1733 2681 1787 ita
2716 1733 2941 1788 credere
2977 1748 3087 1787 non
3121 1732 3460 1800 dubitamus,
3512 1751 3638 1789 cum

2059 1824 2206 1878 Deus
2236 1839 2356 1894 quae
2394 1838 2505 1877 non
2537 1832 2696 1881 erant
2737 1823 2922 1880 omnia
2970 1824 3288 1880 exsistentia
3335 1840 3639 1893 eorumque

2058 1930 2251 1971 omnes
2303 1914 2617 1986 hujusmodi
2672 1914 2906 1972 uniones
2979 1915 3389 1980 adinvenisset,
3425 1916 3629 1985 illaque

2057 2021 2177 2061 esse
2216 2006 2458 2069 fecisset,
2492 2006 2696 2074 talique
2726 2004 2890 2061 modo
2917 2020 3058 2071 esse,
3097 2006 3277 2075 ipsum
3322 2021 3433 2061 non
3471 2005 3639 2059 fuisse

2057 2097 2418 2166 impotentem
2456 2096 2817 2151 recentiorem
2837 2096 3127 2165 quamdam
3151 2097 3432 2166 magisque
3452 2112 3642 2151 neces-

2058 2188 2256 2241 sariam
2289 2188 2550 2241 unionem
2579 2196 2778 2256 prteter
2808 2201 2901 2241 eas
2933 2202 3054 2255 qua:
3087 2202 3117 2240 a
3146 2187 3308 2243 nobis
3340 2198 3484 2243 noue
3508 2194 3641 2241 sunt

2058 2280 2138 2334 sic
2169 2280 2523 2341 ostendendi,
2556 2278 2775 2349 sibique
2802 2278 3189 2333 adinveniendi
3219 2320 3233 2343 ,
3287 2294 3454 2350 supra
3490 2280 3640 2333 entia

2059 2370 2301 2439 seipsum
2336 2369 2554 2423 cuidam
2597 2369 2807 2423 entium
2841 2368 2987 2422 uniri
3035 2369 3309 2423 volentem
3332 2410 3346 2434 ,
3386 2370 3640 2438 hancque

2058 2461 2321 2514 unionem
2369 2460 2554 2514 adhuc
2608 2459 2912 2514 inauditam
2972 2459 3116 2513 inter
3171 2460 3320 2515 entia
3368 2460 3637 2517 revelare.

2059 2552 2347 2618 Quomodo
2382 2552 2570 2621 igitur,
2598 2552 2642 2606 si
2677 2551 2733 2606 in
2768 2552 2874 2605 hoc
2904 2551 3285 2615 immoremur,
3319 2566 3429 2609 non
3473 2541 3658 2605 etiam'

2061 2642 2247 2697 omnia
2278 2642 2490 2711 reliqua
2534 2642 2783 2708 entium,
2814 2660 2880 2699 ex
2928 2643 3257 2713 quibusdam
3309 2660 3431 2699 esse
3480 2655 3643 2701 antea

2060 2732 2253 2794 factis,
2302 2734 2427 2803 jure
2458 2733 2814 2803 putabimus?
2862 2734 3108 2788 nondum
3152 2735 3299 2791 enim
3354 2752 3641 2805 qumquam

2063 2832 2184 2878 erat
2219 2824 2350 2877 unio
2394 2824 2604 2877 entium
2630 2824 2793 2878 alicui
2836 2833 2987 2889 nota,
3019 2826 3241 2894 quando
3276 2826 3332 2878 in
3368 2826 3643 2896 principio

2062 2915 2272 2968 creavit
2316 2914 2484 2968 Deus.
2532 2913 2781 2983 Cumque
2837 2924 3019 2971 tamen
3072 2916 3211 2970 nihil
3245 2916 3446 2970 horum
3481 2926 3643 2972 antea

2063 3013 2230 3070 esset,
2263 3013 2451 3074 postea
2481 3005 2664 3060 omnia
2691 3005 2842 3059 unita
2878 3004 3150 3059 facturum
3195 3007 3367 3061 Deum
3407 3005 3642 3061 conﬁte-

2063 3113 2207 3152 mur.
2234 3095 2465 3162 Quando
2489 3106 2671 3153 autem
2700 3104 2863 3166 atque
2890 3097 2983 3151 ubi
3008 3098 3151 3153 alius
3173 3097 3351 3152 factus
3374 3107 3458 3153 est
3482 3113 3645 3151 mun-

380 3196 461 3266 τῷ
497 3196 731 3265 κόσμῳ;
768 3194 938 3266 Δῆλον
976 3189 1092 3263 οὖν,
1126 3195 1208 3249 ὅτι
1252 3196 1311 3248 ἐν
1360 3195 1505 3266 ἀρχῇ
1553 3213 1612 3248 τε
1667 3196 1762 3252 καὶ
1788 3197 1851 3249 ἐκ
1886 3196 1959 3265 μὴ

2066 3187 2169 3243 dus
2197 3202 2296 3242 seu
2329 3188 2605 3244 revelatus
2640 3195 2724 3243 est
2770 3188 3085 3258 lmjusmodi
3114 3188 3369 3243 Christus
3396 3189 3645 3246 mundo?

381 3290 573 3353 ὄντων,
636 3289 779 3341 κατά
834 3286 935 3358 τὴν
986 3286 1098 3341 τῶν
1141 3287 1485 3358 Χριστιανῶν
1532 3286 1822 3341 εὐσέϐειαν
1867 3289 1961 3342 καὶ

382 3381 525 3433 κατὰ
549 3380 650 3449 τὴν
690 3378 988 3449 Ἐϐραῖκὴν
1012 3377 1195 3445 δόξαν,
1229 3379 1374 3432 ποιεῖ
1396 3379 1424 3431 ὁ
1455 3378 1589 3440 Θεὸς
1606 3377 1642 3432 ἃ
1669 3376 1920 3448 βούλεται
1943 3396 1957 3410 ο

382 3472 476 3525 καὶ
506 3471 723 3539 φύσεως
751 3470 860 3540 γάρ
904 3469 1068 3533 αὐτὸς
1096 3469 1335 3541 Ποιητής
1362 3469 1461 3531 ὢν,
1508 3470 1628 3532 πῶς
1655 3470 1716 3523 οὐ
1744 3469 1962 3524 δύναιτο

382 3562 451 3615 ἂν
479 3555 619 3613 εἶναι
644 3559 737 3612 καὶ
768 3559 878 3611 τῶν
902 3557 1153 3628 φυσικῶν
1190 3557 1479 3629 καινιστής
1503 3557 1853 3629 ἀθεώρητος;

999 3736 1253 3792 ΚΕΦΑΛ.
1284 3737 1358 3790 B'.

457 3831 572 3887 Πᾶν
606 3848 699 3885 ουν
752 3829 1137 3901 συντιθέμενον
1181 3832 1376 3901 ἑτέρῳ,
1426 3830 1804 3901 περιγραπτόν
1845 3831 1962 3885 ἐστι

385 3924 483 3977 καὶ
510 3924 617 3994 ἐμμ
630 3924 775 3995 ερὲς,
802 3922 988 3986 καθὼς
1024 3922 1273 3993 ἐδιδάχθη
1302 3923 1559 3992 ἀνωτέρω
1581 3940 1594 3953 '
1629 3924 1737 3976 πᾶν
1769 3923 1826 3975 δὲ
1861 3941 1961 3977 πε·-

387 4017 688 4086 ριγραπτὸν
705 4015 800 4074 καὶ
816 4017 959 4086 ἐμμε
971 4014 1079 4087 ρὲς,
1098 4016 1183 4069 ἐτε
1193 4015 1437 4085 ροούσιόν
1458 4018 1574 4069 ἐστι
1590 4014 1667 4084 τῷ
1688 4014 1844 4084 ἀπλῷ
1868 4014 1963 4067 καὶ

384 4108 774 4180 ἁπεριγράφῳ.
807 4107 871 4159 Εἰ
898 4106 955 4162 δὲ
989 4104 1169 4167 τοῦτο,
1195 4106 1256 4157 οὐ
1286 4107 1543 4177 συνετέθη
1578 4108 1605 4159 ό
1626 4106 1760 4168 Θεὸς
1784 4107 1961 4174 Λόγος

384 4197 465 4269 τῷ
487 4199 543 4264 ἐξ
572 4198 728 4267 ἡμῶν
775 4196 1069 4267 ἀνθρώπῳ,
1098 4194 1384 4265 ὁμοούσιος
1434 4195 1509 4249 ὢν
1543 4194 1619 4267 τῷ
1649 4195 1809 4265 ἁπλῷ
1864 4195 1961 4248 καὶ

385 4289 750 4360 ἀπεριγράφῳ
771 4286 946 4357 Πατρί
1054 4285 1353 4349 συντεθεὶς,
1380 4286 1719 4357 ἐτεροούσιός
1737 4287 1854 4338 ἐστι
1886 4284 1963 4356 τῷ

385 4379 544 4450 ἁπλῷ
560 4380 652 4433 καὶ
672 4381 777 4433 ἀπε
787 4378 1040 4449 ριγράφῳ
1063 4377 1263 4447 Πατρὶ,
1287 4378 1422 4448 ὅπερ
1440 4376 1661 4441 ἀσεϐές.
1680 4377 1819 4430 Ἀλλ’
1840 4377 1960 4447 οὐχ,

388 4471 466 4534 ὼς
492 4470 780 4540 ἀπεφάνθη
843 4470 975 4540 παρ’
1010 4468 1185 4539 ὑμῶν,
1227 4472 1336 4523 πᾶν
1364 4470 1545 4523 ότιοῦν
1576 4469 1963 4539 συντιθέμενον

2070 3283 2227 3337 Patet
2254 3298 2405 3353 ergo,
2442 3283 2496 3337 in
2527 3283 2798 3353 principio
2819 3298 2995 3351 exque
3027 3298 3134 3337 non
3170 3281 3413 3346 entibus,
3444 3298 3644 3339 secun-

2070 3375 2200 3429 dum
2220 3375 2384 3429 [idem
2407 3374 2849 3431 Christianorum
2868 3376 3285 3447 doctrinamque
3303 3377 3641 3444 hebraicam,

2070 3467 2249 3522 facere
2266 3467 2438 3521 Deum
2462 3468 2609 3537 quod
2630 3468 2916 3523 vult.Cum
2945 3469 3015 3523 sit
3043 3478 3225 3524 autem
3254 3468 3369 3538 ipse
3393 3468 3642 3535 Creator,

2069 3558 2346 3629 quomodo
2382 3574 2603 3628 quoque
2634 3561 2971 3615 naturalium
3011 3572 3303 3617 renovator
3351 3560 3647 3620 invisibilis

2068 3665 2189 3704 esse
2214 3649 2516 3719 nequiret?

2733 3741 2884 3797 CAP.
2918 3742 2983 3798 ll.

2138 3830 2309 3889 Omne
2334 3831 2502 3905 igitur
2520 3832 2666 3903 quod
2703 3833 2859 3888 alteri
2889 3835 3100 3898 unitur,
3126 3832 3338 3889 finitum
3369 3847 3649 3892 constans-

2068 3940 2176 3994 que
2235 3925 2488 3994 partibus
2514 3934 2641 3988 est,
2700 3925 2855 3994 juxta
2926 3924 3073 3993 quod
3133 3925 3389 3995 superius
3435 3926 3644 3981 dictum

2067 4024 2187 4078 est;
2229 4029 2393 4069 omne
2430 4023 2613 4069 autem
2641 4014 2855 4067 [initum
2886 4014 3248 4084 partibusque
3280 4026 3541 4071 constans
3568 4018 3648 4073 al-

2070 4104 2243 4161 terius
2272 4112 2357 4159 est
2384 4105 2705 4163 substantia:
2737 4120 2802 4160 ac
2846 4105 3079 4174 simplex
3124 4114 3287 4175 atque
3330 4106 3642 4175 infinitum;

2069 4195 2117 4250 si
2147 4210 2279 4250 vero
2303 4195 2428 4259 hoc,
2458 4211 2569 4250 non
2604 4195 2791 4250 unitus
2819 4203 2903 4249 est
2923 4196 3069 4252 Deus
3098 4198 3336 4252 Verbum
3378 4200 3539 4257 alicui
3578 4217 3648 4255 ex

2070 4290 2250 4355 nobis,
2287 4305 2411 4345 cum
2441 4292 2513 4345 sit
2541 4291 3030 4347 consubstantialis
3055 4292 3288 4361 simplici
3320 4293 3645 4363 inﬁnitoque

2070 4381 2221 4436 Patri
2251 4398 2266 4448 ;
2314 4382 2398 4436 sin
2437 4391 2627 4437 contra
2657 4384 2868 4448 unitus,
2912 4398 3022 4437 non
3057 4393 3142 4439 est
3163 4384 3648 4440 consubstantialis

2071 4473 2311 4544 simplici
2352 4474 2679 4544 inﬁnitoque
2714 4474 2883 4540 Patri,
2910 4474 3055 4544 quod
3082 4484 3167 4530 est
3188 4476 3546 4545 blasphemia.
3578 4478 3649 4531 At

390 4563 564 4633 ἑτέρῳ
593 4561 734 4614 κατὰ
762 4560 860 4631 τὴν
889 4561 1105 4613 οξανοῦν
1131 4560 1404 4622 σύνθεσιν,
1439 4559 1818 4631 περιγραπτόν
1848 4560 1961 4612 ἐστι

2068 4581 2201 4631 ηοη,
2228 4577 2287 4620 ιιι
2317 4582 2346 4620 a
2371 4567 2530 4621 nobis
2555 4566 2845 4636 probatum
2882 4575 2966 4621 est
2992 4608 3006 4633 ,
3054 4583 3218 4627 omne
3279 4568 3648 4639 quodcunque

387 4655 485 4711 καὶ
513 4652 779 4723 ἐμμερὲς,
824 4653 899 4715 ὡς
933 4651 1230 4721 ἀπεδείχθη
1284 4650 1542 4721 ἀνωτέρω
1571 4649 1791 4720 ἀληθῶς
1831 4651 1961 4722 παρ’

384 4745 565 4817 ἡμῶν,
598 4745 693 4800 καὶ
732 4744 910 4813 μάτην
950 4743 1175 4805 ἑαυτοὺς
1208 4742 1337 4813 περὶ
1365 4741 1475 4795 τῶν
1520 4740 1796 4795 ἀϐεϐαίων
1824 4740 1964 4811 πλη-

390 4839 697 4909 ροφορεῖτε.
739 4836 862 4889 Ἐπὶ
889 4835 947 4891 δὲ
980 4838 1095 4898 τοῖς
1141 4833 1589 4905 ὡμολογημένοις
1614 4833 1965 4889 κατασκευά-

388 4932 505 4995 ζειν
534 4930 700 5001 ἕτερά
742 4945 864 4982 τινα
897 4927 1033 4999 πρὸς
1083 4927 1357 4993 ἀπόδειξιν
1387 4925 1497 4982 τῶν
1528 4926 1818 4995 ὑμετέρων
1846 4927 1966 4979 ἐπι-

389 5022 749 5095 χειροῦντες,ι
782 5022 977 5075 ταυτὸν
1025 5019 1336 5074 πεπόνθατε
1380 5022 1497 5083 τοῖς
1548 5018 1857 5087 οἰκοδομεῖν
1908 5018 1968 5070 ἐν

388 5114 539 5186 ἀέρι,
562 5113 597 5185 ἢ
632 5114 871 5181 παπύρῳ
906 5110 1257 5182 στηρίζεσθαι
1288 5110 1657 5181 βουλομένοις,
1701 5110 1851 5163 Ἐπεὶ
1875 5104 1969 5162 οὖν

386 5207 457 5259 τά
486 5204 706 5259 ἐναντία
738 5203 939 5273 μᾶλλον
973 5196 1049 5255 ὧν
1083 5201 1354 5256 ὑπέθεσθε
1397 5199 1778 5254 ἀποδέδεικται
1811 5199 1967 5267 ήμῖν,

387 5298 551 5369 δῆλον
585 5298 669 5351 ὅτι
708 5296 805 5350 καὶ
828 5295 899 5349 τὰ
926 5295 1152 5350 ἐναντία
1192 5296 1306 5357 τοῖς
1344 5294 1636 5364 ὑμετέροις
1683 5290 1971 5360 συμπερά-

394 5406 565 5461 σμασι
596 5387 1030 5460 συναχθήσεται·
1057 5388 1106 5439 εἰ
1140 5386 1247 5459 γάρ
1276 5402 1383 5439 τινι
1420 5384 1529 5437 τῶν
1552 5383 1816 5437 ἐναντίων
1838 5383 1970 5437 ’ἐπε-

388 5501 504 5547 ται.
535 5481 734 5555 καὶτῷ
761 5480 991 5553 ἐναντίῳ
1031 5477 1186 5534 τοῦδε
1232 5477 1451 5539 πάντως
1482 5474 1544 5529 τὸ
1579 5475 1819 5533 ἐναντίον
1842 5475 1974 5547 ἐψε-

390 5587 503 5627 ται.

1008 5770 1262 5825 ΚΕΦΑΛ.
1290 5770 1365 5822 Γ’.

467 5864 584 5917 Πᾶν
622 5863 802 5919 ὁτιοῦν
852 5861 1238 5933 συντιθέμενον
1264 5859 1456 5930 ἑτέρῳ,
1492 5857 1830 5925 έτεροούσιόν
1856 5859 1974 5912 ἐστι

2072 4658 2234 4712 alteri
2259 4658 2477 4713 unitum
2513 4659 2665 4729 juxta
2718 4659 3158 4728 qualemcunque
3196 4659 3478 4725 unionem,
3520 4658 3648 4718 tini-

2075 4758 2189 4803 tum
2220 4759 2305 4804 est
2342 4757 2709 4817 constansque
2730 4749 3001 4818 partibus,
3034 4758 3094 4804 ut
3113 4749 3400 4806 evidenter
3429 4765 3460 4806 a
3486 4751 3649 4806 nobis

2074 4840 2332 4911 superius
2354 4842 2787 4897 demonstratum
2813 4848 2918 4905 est,
2948 4840 3263 4911 frustraque
3309 4840 3646 4895 incertorum

2074 4934 2441 5002 vosmetipsos
2474 4934 2738 4991 certiores
2776 4935 2956 4989 facere
2994 4934 3293 4989 enitimini.
3330 4932 3650 5001 Semetipsis

2077 5028 2527 5095 comparantibus
2588 5040 2688 5079 vos
2735 5025 2801 5079 ad
2851 5026 3142 5095 opiniones
3180 5032 3391 5079 vestras
3423 5023 3652 5077 demon-

2077 5114 2353 5180 strandas,
2392 5114 2535 5168 idem
2571 5114 2773 5169 accidit
2821 5129 2886 5167 ac
2937 5113 2992 5167 in
3044 5128 3168 5166 aere
3213 5111 3521 5175 :ediﬁcarc,
3552 5127 3648 5165 seu

2078 5222 2286 5279 papyro
2314 5205 2474 5262 inniti
2506 5205 2839 5260 volentibus.
2869 5203 3003 5258 Cum
3029 5202 3196 5273 igitur
3218 5200 3492 5256 contraria
3534 5217 3650 5255 ma-

2079 5302 2163 5372 gis
2202 5300 2311 5354 illis
2336 5313 2459 5367 qua:
2483 5296 2854 5366 supposuistis
2880 5310 2909 5349 a
2934 5294 3096 5348 nobis
3119 5292 3491 5347 demonstrata
3519 5291 3649 5354 sint,

2080 5400 2231 5462 patet
2258 5390 2424 5445 etiam
2468 5387 2745 5443 contraria
2790 5385 2990 5440 vestris
3035 5381 3486 5441 conclusionibus
3530 5396 3653 5435 esse

2080 5482 2424 5554 colligenda;
2459 5480 2504 5535 si
2530 5479 2678 5534 enim
2710 5476 2931 5547 aliquod
2950 5474 3351 5531 contrariorum
3382 5472 3651 5543 sequitur,

2082 5574 2421 5632 contrarium
2450 5587 2667 5642 quoque
2698 5570 2929 5641 hujusce
2983 5565 3286 5624 certissime
3316 5563 3652 5620 contrarium

2081 5674 2363 5737 sequetur.

2749 5752 2903 5810 CAP.
2935 5750 3023 5807 Ill.

2156 5852 2331 5909 Omne
2388 5846 2755 5920 quodcunque
2801 5843 2959 5901 alteri
3004 5841 3219 5898 unitum
3248 5882 3263 5910 ,
3318 5839 3543 5896 alterius
3574 5847 3657 5894 est
