4120 6448
543 442 680 511 1415

1820 440 2130 501 LEONTII
2171 438 2573 500 BYZANTINI

3656 443 3779 511 i’tlﬁ

541 550 866 609 substantia:
914 565 978 605 ac
1030 549 1265 620 simplex
1322 546 1683 618 inﬁnitusque
1711 548 1914 613 Pater;
1966 563 2123 602 omne

2233 547 2311 616 τῷ
2345 546 2503 615 ἁπλῷ
2534 545 2631 598 καὶ
2666 546 3039 618 ἀπεριγρὰφῳ
3085 548 3296 620 Πατρί·
3326 552 3436 603 πᾶν
3472 551 3526 605 δὲ
3552 553 3781 626 ὲτεροού⁰

541 654 726 701 autem
756 643 986 697 alterius
1023 642 1347 697 substantiae
1381 656 1445 694 ac
1475 641 1709 709 simplex
1763 640 2124 708 inﬁnitusque

542 743 703 795 Pater
725 780 741 804 ,
783 754 893 793 non
927 748 1013 793 cst
1054 738 1278 807 proprie
1308 736 1480 789 Filius
1511 734 1780 803 simplicis
1814 734 2125 802 inﬁnitique

545 832 725 885 Patris
751 849 764 885 :
800 831 847 885 si
874 846 1006 884 vero
1035 846 1197 883 omne
1220 829 1379 883 alteri
1412 829 1629 881 unitum
1658 842 1767 880 non
1791 834 1876 880 est
1902 825 2126 895 proprie

543 921 716 974 Filius
757 920 1028 989 simplicis
1080 936 1145 973 ac
1188 920 1389 973 inliniti
1434 919 1632 983 Patris,
1674 934 1783 972 non
1815 917 2004 972 unitus
2044 925 2129 971 est

546 1013 690 1066 Deus
719 1012 959 1066 Verbum
993 1011 1157 1065 alicui
1190 1027 1255 1065 ex
1284 1010 1466 1075 nobis,
1497 1025 1622 1063 cum
1662 1010 1735 1065 sit
1767 1009 1992 1079 proprie
2038 1008 2127 1062 Fi-

544 1106 652 1158 lius
687 1104 865 1159 Patris
890 1120 903 1169 ;
949 1104 1034 1158 sin
1063 1112 1256 1159 contra
1282 1103 1493 1165 unitus,
1537 1118 1648 1156 non
1673 1110 1758 1156 est
1785 1100 2005 1171 proprie
2030 1098 2130 1153 Pa-

547 1197 648 1251 tris
701 1196 874 1251 Filius
928 1196 1074 1250 Deus
1116 1196 1393 1259 Verbum,
1452 1194 1599 1263 quod
1638 1202 1722 1247 est
1767 1190 2126 1261 blasphemia.

548 1287 883 1341 Eorumdem
915 1287 1117 1342 vestris
1140 1286 1570 1357 repetitionibus
1589 1284 1834 1349 adducti,
1851 1283 2132 1353 loquimur

545 1389 602 1433 ct
626 1395 770 1433 nos:
808 1378 905 1433 sed
939 1394 1010 1432 ne
1057 1379 1215 1433 vobis
1248 1379 1557 1448 displiceat,
1610 1393 1719 1430 non
1769 1390 1932 1430 omne
1969 1374 2130 1430 alteri

549 1471 789 1535 unitum,
817 1472 1047 1525 alterius
1075 1482 1161 1526 est
1184 1471 1505 1526 substantiae
1552 1486 1619 1526 ac
1663 1470 1897 1539 simplex
1940 1467 2128 1522 inﬁni-

551 1575 750 1632 tusque
772 1564 950 1629 Pater,
977 1579 1251 1633 omneque
1271 1574 1513 1618 vestrum
1538 1563 1751 1632 hocque
1780 1562 2129 1617 ratiocinium

549 1658 781 1719 tollitur,
802 1656 976 1725 prima
1000 1658 1121 1727 ejus
1146 1656 1527 1727 propositione
1548 1656 1797 1722 sublata;
1824 1655 1962 1709 nihil
1981 1654 2130 1711 enim

544 1747 768 1803 mdiﬁcii
801 1748 1018 1801 ﬁrmum
1049 1757 1255 1815 manet,
1290 1748 1668 1804 fundamentis
1699 1747 1951 1802 funditus
1969 1762 2130 1801 ever—

549 1839 645 1894 sis.
679 1839 1085 1895 Tantummodo
1141 1849 1327 1895 autem
1384 1840 1528 1910 apud
1569 1840 1781 1909 seipsos
1831 1838 2129 1908 sapientes,

548 1945 689 1998 Stepe
721 1930 950 1984 incertis
999 1931 1214 1996 innixi,
1266 1931 1408 1985 nihil
1463 1931 1610 1985 aliud
1661 1943 1825 1999 agere
1869 1926 2130 1981 videntur

548 2038 713 2090 quam
746 2023 801 2076 in
832 2038 972 2093 aqua
1001 2024 1266 2091 scribere,
1294 2030 1566 2079 attentare
1602 2021 1806 2093 ignem,
1830 2033 2127 2090 acremque

545 2114 862 2170 verberare.

2230 654 2346 690 σιον
2375 637 2452 707 τῷ
2478 637 2636 707 ἁπλῴ
2679 640 2775 691 καὶ
2814 640 3181 711 ἀπεριγράφῳ
3212 642 3409 713 "arpi,
3433 644 3531 698 οὐκ
3555 647 3663 699 ἐστι
3690 667 3782 701 κυ-

2229 731 2362 801 ρίως
2402 731 2529 794 Tib;
2552 731 2649 784 τοῦ
2680 731 2853 785 ἁπλοῦ
2888 734 2984 787 καὶ
3009 726 3396 805 ἀπεριγράφου
3422 738 3628 808 Πατρός
3647 756 3660 769 ·
3688 744 3789 794 πᾶν

2228 824 2336 894 ἄρα
2378 824 2441 877 τὸ
2494 826 2877 896 συντιθέμενον
2911 827 3109 897 ἑτέρῳ,
3150 830 3251 882 οὐκ
3298 829 3416 883 ἐστι
3444 833 3642 901 κυρίως
3674 834 3792 897 Υἱὸς

2227 915 2321 970 τοῦ
2371 915 2544 970 ἁπλοῦ
2594 919 2690 971 καὶ
2734 919 3122 990 ἁπεριγρόιφου
3185 921 3423 994 Πατρός.
3477 924 3537 977 Ei
3585 924 3639 977 δὲ
3692 929 3793 979 πᾶν

2231 1009 2615 1079 συντιθέμενον
2644 1010 2819 1083 ἑτέρῳ
2851 1014 2952 1065 οὐκ
2988 1013 3102 1067 ἔστι
3130 1016 3340 1085 κυρίως
3358 1016 3483 1080 Tib;
3508 1017 3600 1070 τοῦ
3630 1019 3794 1071 ἁπλοῦ

2230 1101 2325 1152 καὶ
2359 1101 2740 1171 ἁπεριγράφου
2777 1105 3010 1172 Πατρός,
3036 1105 3096 1158 οὐ
3133 1106 3393 1176 συνετέθη
3424 1110 3453 1161 ό
3484 1108 3611 1170 Θεὸς
3634 1110 3796 1177 Λόγος

2228 1192 2307 1261 τῷ
2337 1192 2394 1258 ἐξ
2440 1193 2598 1263 ἡμῶν
2649 1194 2926 1266 ἀνθρώπῳ
2981 1198 3188 1267 κυρίως
3244 1198 3508 1271 ὑπάρχων
3555 1200 3678 1265 Υἱὸς
3708 1202 3796 1255 τοῦ

2232 1284 2477 1355 Πατρός·
2508 1284 2541 1354 ἢ
2575 1285 2877 1352 συντεθεὶς,
2925 1288 2988 1341 οὐ
3023 1290 3230 1359 κυρίως
3269 1291 3508 1362 ὑπάρχει
3553 1292 3647 1345 τοῦ
3697 1296 3795 1347 lla--

2229 1377 2359 1448 τρδς
2395 1377 2526 1442 Tib;
2567 1378 2596 1431 ό
2630 1378 2765 1443 Θεὸς
2792 1380 2988 1448 Λόγος,
3014 1382 3155 1453 ὅπερ
3194 1383 3411 1446 ἀσεϐές.
3448 1386 3581 1448 Ταῖς
3611 1386 3798 1457 ὑμετέ-

2236 1485 2357 1538 ραις
2437 1468 2601 1524 πάλιν
2676 1473 3192 1544 συμπεριαγόμενοι
3260 1477 3659 1546 ταυτολογίαις,
3715 1479 3801 1530 καὶ

2231 1563 2395 1632 ἡμεῖς
2436 1579 2648 1635 φαμεν·
2691 1566 2857 1632 Ἀλλ’,
2903 1561 2950 1621 ὦ
2995 1562 3166 1632 οῦτοι,
3198 1570 3259 1622 οὐ
3290 1570 3397 1622 πᾶν
3429 1570 3801 1640 συντιθέμενον

2233 1652 2429 1723 ἑτέρῳ,
2473 1654 2815 1725 ὲτεροούσιόν
2844 1658 2964 1710 ἐστι
3003 1656 3082 1728 τῷ
3122 1657 3278 1728 ἁπλῷ
3316 1657 3413 1711 καὶ
3444 1657 3803 1728 ἀπεριγράφῳ

2235 1745 2413 1815 Πατρί
2432 1763 2447 1778 ο
2472 1747 2568 1799 καὶ
2598 1748 2708 1812 πᾶς
2738 1748 2897 1819 ὑμῶν
2930 1749 3025 1803 καὶ
3058 1751 3087 1803 ό
3119 1750 3311 1821 παρὼν
3347 1751 3656 1821 ἀναιρεῖται
3685 1750 3802 1802 συλο

2232 1836 2518 1907 λογισμὸς,
2556 1840 2655 1909 τῆς
2684 1839 2912 1911 πρώτης
2940 1840 3105 1895 αὐτοῦ
3140 1842 3461 1911 προτάσεως
3486 1841 3805 1908 ἀνατραπεί-

2236 1947 2365 2000 σης-⁸
2395 1931 2551 1985 οὐδὲν
2599 1932 2709 2005 γάρ
2741 1935 3138 1989 ἁκατὰπτωτον
3186 1936 3338 2007 μένει
3390 1935 3487 1989 τοῦ
3528 1934 3777 2005 οἰκοδομή

2236 2039 2430 2092 ματος,
2487 2022 2600 2077 τῶν
2645 2024 2916 2095 θεμελίων
2969 2029 3034 2080 ὲκ
3087 2025 3309 2097 βάθρων
3357 2040 3805 2097 προανατετρςμ-

2233 2114 2432 2183 μένων.
2468 2116 2531 2168 0i
2561 2114 2617 2168 δὲ
2656 2116 2789 2188 παρ’
2818 2118 3033 2182 ἑαυτοῖς
3062 2117 3159 2172 καὶ
3191 2118 3352 2189 μόνον
3382 2118 3658 2189 φρόνιμοι,
3687 2114 3806 2167 πολ-

547 2210 703 2273 λάκις
731 2213 843 2273 τοῖς
875 2207 1155 2269 ἀϐεϐαίοις
1204 2206 1696 2280 ὲνισχυριζὸμενοι,
1729 2206 1885 2263 οὐδὲν
1930 2204 2121 2277 ἕτερον
2158 2206 2378 2263 δοκοῦσι
2411 2211 2610 2277 ποιεῖν,
2638 2211 2673 2284 ἢ
2704 2213 2791 2283 ἐφ’
2851 2212 3046 2279 ὕδατος
3114 2214 3370 2284 γράφειν,
3407 2215 3502 2268 καὶ
3538 2215 3679 2267 κατὰ
3706 2227 3806 2263 πυ-

547 2302 639 2371 ρὸς
670 2302 892 2368 ξαίνειν,
920 2303 1012 2356 καὶ
1040 2304 1119 2367 εἰς
1145 2300 1283 2374 ἀέρα
1310 2300 1540 2371 δαίρειν.

1194 2435 1350 2491 CAP.
1399 2435 1489 2491 1V.

616 2550 793 2607 Omne
838 2550 1211 2621 quodcunque
1257 2552 1419 2605 alteri
1450 2552 1666 2605 unitum
1693 2591 1707 2615 ,
1765 2551 1929 2605 modo
1983 2561 2130 2606 cata-

547 2644 763 2699 chresis
797 2643 1003 2696 dicitur
1028 2682 1042 2703 ,
1104 2642 1377 2711 siquidem
1407 2642 1614 2696 dicitur
1641 2641 1814 2696 Filius
1864 2642 2129 2711 simplicis

550 2734 864 2804 inﬁnitique
888 2734 1102 2800 Patris;
1139 2750 1302 2789 omne
1352 2743 1535 2787 autem
1580 2734 1743 2787 modo
1795 2733 2130 2788 catachresis

548 2827 757 2881 dictum
784 2825 954 2881 Filius
978 2826 1247 2896 simplicis
1281 2826 1593 2895 inﬁnitique
1625 2825 1825 2885 Patris,
1862 2825 2128 2895 simplicis

549 2917 861 2987 inﬁnitique
884 2917 1061 2973 Patris
1089 2918 1310 2987 proprie
1334 2928 1593 2971 creatura
1639 2926 1744 2971 est.
1789 2915 1962 2972 Omne
1997 2930 2129 2987 ergo

547 3010 706 3066 alteri
732 3011 971 3075 unitum,
1006 3010 1230 3081 proprie
1258 3018 1511 3065 creatura
1553 3020 1638 3065 est
1663 3010 1929 3080 simplicis
1952 3008 2130 3063 inﬁni-

550 3106 702 3175 tique
732 3103 947 3169 Patris;
978 3103 1023 3157 si
1068 3114 1252 3157 autem
1285 3102 1390 3157 hoc
1428 3103 1503 3157 ita
1548 3102 1641 3166 sit,
1678 3118 1789 3156 non
1829 3102 2019 3156 unitus
2046 3112 2132 3157 est

2851 2441 3110 2497 ΚΕΦΑΛ.
3163 2440 3239 2497 A'.

2305 2548 2422 2603 Πᾶν
2452 2551 2633 2606 ὁτιοῦν
2680 2554 3068 2625 συντιθέμενον
3110 2557 3307 2630 ἑτέρῳ,
3353 2556 3807 2630 καταχρηστικῶς

2235 2653 2353 2701 πως
2378 2638 2621 2708 λέγεται,
2659 2644 2818 2717 είπερ
2852 2647 2947 2700 καὶ
2978 2646 3197 2715 λέγεται
3226 2649 3352 2713 Tib;
3390 2650 3486 2704 τοῦ
3519 2649 3688 2704 ἁπλοῦ
3718 2648 3805 2702 καὶ

2234 2728 2620 2803 ἀπεριγράφου
2678 2737 2926 2808 Πατρός·
2961 2739 3069 2790 πᾶν
3124 2740 3182 2793 δὲ
3239 2740 3300 2793 τὸ
3353 2740 3805 2813 καταχρηστικῶς

2236 2839 2352 2885 πως
2391 2822 2687 2895 λεγόμενον
2724 2829 2853 2892 Υἱὸς
2904 2827 3000 2882 τοῦ
3059 2830 3232 2885 ἁπλοῦ
3294 2834 3393 2888 καὶΙ
3438 2834 3804 2904 ἁπεριγράφου

2235 2914 2469 2985 Πατρὸς,
2502 2919 2712 2989 κυρίως
2743 2920 2950 2992 κτίσμα
2974 2920 3070 2975 τοῦ
3102 2922 3273 2977 ἁπλοῦ
3314 2928 3414 2979 καὶ
3437 2925 3807 2998 ἀπεριγράφου

2234 3006 2448 3079 Πατρὸς
2478 3011 2737 3083 ὑπάρχει.
2771 3014 2888 3068 Πᾶν
2931 3010 3025 3069 οὖν
3062 3017 3173 3086 ἄρα
3204 3018 3598 3089 συντιθέμενον
3624 3019 3803 3089 ἑτέρῳ.

2236 3102 2445 3172 κυρίως
2474 3104 2686 3175 κτίσμα
2716 3106 2813 3159 τοῦ
2844 3106 3017 3161 ἁπλοῦ
3050 3110 3143 3164 καὶ
3175 3109 3571 3183 ἁπεριγράφου
3608 3110 3807 3180 Πατρὸς

549 3199 694 3254 Deus
718 3197 885 3253 alicui
915 3213 984 3252 ex
1011 3198 1195 3263 nobis,
1217 3212 1343 3252 cum
1367 3197 1438 3251 sit
1472 3195 1719 3251 omnium
1759 3195 1990 3251 Creator
2029 3210 2123 3250 nec

2233 3192 2490 3264 ὑπάρχει.
2528 3196 2592 3250 Ei
2639 3196 2697 3251 δὲ
2728 3198 2889 3253 τοῦτο
2939 3197 2995 3274 ᾗ,
3022 3200 3083 3253 οὐ
3121 3201 3394 3273 συνετέθη
3426 3205 3455 3257 ό
3495 3204 3629 3267 Θεὸς
3655 3201 3729 3271 τῷ
3754 3198 3809 3263 ἐξ

545 3302 799 3348 creatura
819 3291 1029 3354 Patris;
1055 3290 1139 3345 sin
1163 3299 1357 3347 contra
1383 3289 1592 3350 unitus.
1618 3297 1869 3345 creatura
1896 3297 1979 3343 est
2006 3289 2129 3344 sim-

546 3385 707 3453 plicis
744 3400 809 3439 ac
843 3383 1066 3447 infiniti,
1091 3400 1195 3438 nec
1215 3383 1438 3453 proprie
1464 3382 1654 3447 Filius,
1689 3381 1837 3452 quod
1861 3392 1945 3436 est
1977 3382 2126 3437 blas-

546 3476 784 3546 phemia.
816 3474 935 3529 Non
967 3474 1360 3529 demonstratis
1423 3473 1625 3527 vestris
1656 3472 1887 3525 axioniis
1915 3486 2130 3539 semper

545 3581 825 3636 opponere
856 3564 1133 3619 aﬂirmant
1160 3563 1488 3634 simpliciter
1514 3563 1758 3633 aliquam
1798 3558 2130 3631 propositio-

547 3672 673 3711 nem
707 3656 975 3725 ipsorum.
1010 3656 1279 3709 Asserunt
1306 3662 1491 3709 autem
1536 3651 1977 3711 aﬁirmationem,
2007 3648 2130 3701 nul-

546 3750 632 3803 lus
656 3764 788 3819 ergo
821 3748 979 3802 labor
1006 3756 1091 3801 est
1122 3745 1545 3802 contradicenti.
1578 3745 1759 3799 Prima
1782 3750 1939 3798 erant
1965 3755 2129 3811 gene-

545 3856 667 3895 rose
684 3838 1009 3909 proferenda
1027 3837 1204 3903 vobis,
1223 3854 1291 3892 nc
1304 3837 1546 3891 secunda
1564 3836 1801 3905 turpiter
1817 3833 2124 3898 inferretis;

543 3946 671 3986 cum
687 3932 833 3987 enim
852 3932 905 3985 in
924 3931 1117 4001 primis
1131 3930 1415 3986 sententia
1426 3939 1623 3983 vestra:
1643 3928 1905 3983 radicitus
1920 3940 2127 3981 eversa:

544 4024 747 4091 forent,
799 4025 1028 4079 stultum
1078 4022 1364 4079 videretur
1396 4022 1464 4077 de
1509 4019 1767 4075 secundis
1801 4018 2124 4087 plerumque

530 4117 702 4192 vobis
753 4116 1115 4188 respondere,
1160 4113 1434 4184 siquidem
1482 4113 1668 4167 omnia
1710 4120 1910 4173 vestra,
1954 4108 2123 4163 etiam

543 4212 735 4275 hocce,
760 4209 1052 4264 ratiocinia
1082 4208 1134 4261 vi
1165 4207 1355 4278 prima:
1374 4214 1571 4260 vestrae
1594 4201 1823 4259 rationis
1842 4203 2119 4256 nituntur.

537 4304 814 4359 Caeterum
842 4311 1026 4355 autem
1059 4315 1185 4355 cum
1222 4313 1366 4353 unus
1399 4305 1611 4352 tantum
1658 4297 1728 4351 sit
1764 4310 1931 4349 verus
1950 4294 2123 4349 Filius

543 4394 761 4449 inﬁnito
792 4394 943 4448 Patri
1004 4391 1233 4461 ipseque
1276 4391 1348 4445 sit
1380 4389 1592 4454 unitus,
1623 4386 1899 4458 quomodo
1932 4386 2124 4441 catho—

2236 3284 2397 3355 ημῶν
2438 3286 2733 3359 ἀνθρώπῳ,
2756 3291 2994 3360 Κτίστης
3023 3292 3287 3364 ὑπάρχων
3317 3294 3420 3348 τοῦ
3473 3294 3695 3359 παντὸς,
3723 3295 3807 3345 καὶ

2234 3374 2297 3427 οὐ
2344 3376 2550 3447 κτίσμα
2587 3378 2681 3432 τοῦ
2728 3379 2977 3453 Πατρός’
3022 3383 3055 3454 ἢ
3098 3384 3402 3450 συντεθεὶς,
3451 3387 3660 3455 κτίσμα
3703 3384 3808 3436 ἐστὶ

2235 3465 2332 3519 τοῦ
2359 3468 2537 3522 ἁπλοῦ
2583 3470 2681 3525 καὶ
2722 3472 3132 3546 ἀπεριγρὰφου,
3171 3478 3267 3530 καὶ
3294 3478 3401 3550 οὐχ
3432 3479 3564 3542 Tib;
3594 3478 3806 3549 κυρίως,

2234 3558 2368 3629 ὅπερ
2413 3559 2631 3625 ἀσεϐές.
2684 3562 2810 3628 Τοῖς
2859 3565 3274 3631 ἀναποδείκτοις
3315 3569 3479 3641 ὑμῶν
3516 3570 3807 3640 ἀξιώμασιν

2234 3650 2322 3703 ἀεὶ
2373 3652 2706 3707 ἀντιτιθέναι
2752 3658 3167 3725 καταφάσκουσι
3206 3660 3306 3731 μὲν
3335 3663 3538 3728 ἁπλῶς
3571 3681 3689 3717 τινα
3719 3661 3807 3731 τὴν

2233 3741 2509 3812 ἀπόφασιν
2554 3745 2762 3798 αὐτῶν·
2814 3748 3200 3819 ἀποφάσκουσι
3232 3752 3289 3807 δὲ
3326 3755 3433 3826 τὴν
3485 3758 3803 3825 κατάφασιν.

2234 3833 2405 3898 κόπος
2442 3835 2541 3904 μὲν
2571 3838 2750 3903 οὐδεὶς
2794 3839 2874 3911 τῷ
2902 3841 3259 3913 ἁντιλέγοντι.
3293 3847 3433 3902 Δέον
3467 3850 3526 3903 δὲ
3561 3844 3630 3921 ἦν
3654 3850 3803 3920 ὑμᾶς.

2230 3925 2301 3979 τὰ
2342 3926 2538 3997 πρῶτα
2584 3930 2854 3997 γενναίως
2895 3934 3322 4005 προϐάλλεσθαι,
3360 3938 3452 3995 ἵνα
3482 3941 3560 4014 μὴ
3598 3941 3666 3995 τά
3704 3940 3807 3993 δεύ-

2231 4034 2367 4090 τερα
2402 4018 2615 4092 σαθρῶς
2650 4023 2949 4096 ὲπιφέρητε
2970 4042 2985 4058 ο
3013 4029 3137 4083 ἐπεὶ
3173 4028 3283 4101 γὰρ
3312 4031 3376 4087 ἐν
3425 4035 3545 4098 τοῖς
3585 4032 3807 4105 πρώτοις

2229 4111 2295 4165 ἐκ
2319 4110 2486 4181 ῥιζῶν
2519 4114 3016 4187 ἀνατέτραπταιτὰ
3047 4119 3313 4193 ὑμέτερα,
3342 4124 3521 4197 λῆρος
3552 4126 3619 4181 ἂν
3650 4125 3801 4190 δόξειε

2229 4202 2362 4273 περὶ
2404 4202 2513 4256 τῶν
2558 4203 2830 4278 δευτέρων
2874 4210 2970 4263 ἐπὶ
3016 4211 3274 4266 πλεῖστον
3322 4215 3463 4285 ὑμῖν
3511 4216 3804 4288 ἀποκρίνα-

2228 4294 2375 4356 σθαι,
2413 4296 2632 4351 πάντων
2672 4299 2829 4369 ὑμῶν
2862 4301 2972 4356 τῶν
3005 4303 3168 4374 μέχρι
3193 4305 3291 4359 τοῦ
3325 4310 3607 4380 παρόντος
3633 4307 3805 4361 συλλο-

2226 4388 2464 4457 γισμῶν,
2499 4392 2565 4462 τῇ
2609 4391 2705 4445 τοῦ
2737 4392 2960 4461 πρώτου
2998 4397 3152 4468 ὑμῶν
3181 4400 3625 4475 ἐπιχειρήματος
3650 4401 3799 4458 δυνά-

544 4487 662 4541 licae
683 4485 948 4539 doctrinm
967 4480 1457 4537 demonstrandum
1484 4486 1650 4543 esset,
1676 4493 1788 4532 non
1815 4476 1960 4530 uniri
1979 4474 2120 4529 ﬁlios

2229 4493 2319 4545 μει
2360 4479 2891 4553 ὲπιστηριζομένων.
2929 4486 3141 4551 Ἄλλως
3185 4489 3241 4543 δὲ
3288 4492 3414 4555 ἐνὸς
3449 4494 3606 4558 ὄντος
3652 4493 3800 4564 μόνον

541 4578 763 4647 proprie
796 4575 975 4630 dictos
1003 4574 1225 4639 inﬁniti,
1268 4588 1366 4627 seu
1399 4570 1546 4634 ﬁdei,
1570 4586 1788 4625 omnem
1815 4568 2014 4622 Filium
2042 4568 2122 4622 in-

2228 4568 2356 4621 Υἱοῦ
2407 4546 2645 4642 ἀληθοῦς
2792 4546 3158 4651 ἀπεριγράφῳ
3191 4582 3373 4655 Πατρὶ
3393 4546 3663 4641 "cogitati.
3688 4601 3798 4638 cov-

545 4667 705 4732 ﬁniti,
731 4682 856 4721 cum
881 4667 950 4720 sit
982 4665 1224 4736 proprie,
1253 4680 1363 4719 non
1403 4678 1524 4719 esse
1558 4662 1814 4718 unitum?
1844 4660 1959 4716 Etsi
1990 4675 2118 4730 spe-

541 4760 723 4822 cialia,
750 4758 818 4813 de
848 4758 1050 4827 quibus
1081 4772 1181 4812 nec
1210 4757 1424 4826 species
1452 4770 1556 4810 nec
1582 4770 1754 4826 genus
1799 4761 1905 4818 est,
1939 4754 2120 4807 catho-

542 4852 641 4907 Iice
678 4849 1106 4905 demonstranda
1132 4849 1282 4915 sint;
1331 4848 1604 4918 siquidem
1638 4861 1800 4902 omne
1828 4861 2033 4915 corpus
2062 4844 2117 4899 in

541 4944 661 4997 loco
690 4951 794 5007 est,
828 4942 1027 4997 caelum
1065 4956 1284 5012 quoque
1324 4941 1494 5012 igitur
1519 4948 1606 4995 est
1645 4940 1703 4994 in
1734 4940 1879 5003 loco,
1912 4945 1969 4992 et
2011 4937 2119 4991 hoc

541 5036 596 5091 in
626 5034 921 5091 inﬁnitum.
956 5033 1092 5089 Cum
1122 5033 1291 5089 etiam
1343 5033 1556 5088 nullum
1603 5042 1811 5088 astrum
1871 5028 2115 5085 interdiu

537 5129 629 5191 sit,
675 5143 778 5183 nec
808 5125 1038 5186 lucifer.
1074 5126 1205 5181 licet
1246 5125 1412 5181 certis
1446 5123 1787 5194 temporibus
1826 5127 2111 5190 appareat.

535 5220 672 5276 Cum
697 5221 862 5273 etiam
891 5219 1101 5273 nullum
1139 5228 1403 5289 punctum
1436 5232 1667 5288 usquam
1721 5214 1793 5269 sit
1824 5213 1880 5267 in
1930 5210 2115 5265 medio

536 5312 764 5375 circulo,
804 5326 907 5366 nec
948 5326 1079 5381 ergo
1110 5318 1380 5366 centrum.
1418 5309 1705 5377 Quomodo
1757 5320 1979 5376 quoque
2014 5317 2113 5371 ap-

535 5401 730 5471 pcllari
759 5402 965 5455 vellent
990 5401 1247 5456 unionem
1273 5417 1395 5456 cum
1421 5400 1683 5456 ﬁliatione
1717 5406 1825 5450 tam
1848 5390 2111 5452 mirabili,

534 5494 651 5547 sive
685 5495 908 5563 pr0pric
946 5495 1113 5560 dicta,
1145 5497 1259 5561 sive
1302 5495 1466 5549 modo
1499 5489 1836 5550 catachresis
1865 5486 2112 5553 r(Quales

535 5584 685 5638 enim
705 5586 874 5654 quali,
899 5593 957 5638 et
972 5595 1234 5655 quantum
1257 5596 1483 5657 quanto,
1503 5592 1742 5656 quantus
1758 5588 1943 5634 autem
1970 5575 2111 5646 Cyro

538 5675 746 5737 unitus,
779 5675 1025 5746 lapisque
1051 5678 1219 5749 ligno.
1260 5680 1401 5733 Num
1432 5677 1694 5747 quoniam
1740 5670 1907 5726 modo
1956 5676 2110 5721 cata-

537 5762 747 5817 chresis
770 5763 944 5821 Filius
983 5776 1087 5831 est,
1112 5769 1308 5824 inﬁniti
1338 5779 1421 5824 est
1449 5768 1642 5821 unitus
1668 5806 1681 5829 ,
1724 5763 1808 5815 vel
1848 5760 2107 5829 quoniam

540 5865 643 5905 nec
681 5855 844 5909 modo
876 5859 1228 5925 catachresis,
1258 5878 1358 5916 nec
1391 5859 1615 5931 proprio
1671 5853 1872 5909 modo?
1917 5852 1971 5907 Si
2005 5867 2105 5904 au-

2220 4660 2492 4725 τεθέντος,
2530 4663 2648 4727 πῶς
2687 4664 2805 4719 ἐστι
2844 4667 2933 4722 διὰ
2982 4671 3285 4742 καθολικῆς
3324 4676 3666 4745 ἀποφάσεως
3703 4676 3799 4728 δει-

2221 4751 2425 4819 κνύειν,
2447 4754 2528 4808 ὅτι
2555 4756 2616 4808 οὐ
2654 4758 2993 4815 συντίθενται
3026 4763 3076 4816 oi
3102 4764 3311 4835 κυρίως
3347 4768 3459 4821 υἱοὶ
3489 4769 3587 4823 τοῦ
3619 4770 3799 4837 ἀπερι-

2220 4843 2460 4915 γράφου,
2491 4846 2524 4917 ἢ
2556 4846 2645 4901 διὰ
2677 4851 3040 4921 καταφάσεως
3068 4855 3152 4909 ὅτι
3186 4858 3295 4920 πᾶς
3326 4859 3460 4923 Υἱὸς
3487 4862 3581 4915 τοῦ
3612 4863 3796 4929 ἀπερι-

2219 4934 2460 5006 γράφου,
2510 4937 2715 5009 κυρίως
2763 4939 2860 5007 ὢν,
2909 4944 3006 4997 καὶ
3043 4945 3341 5011 ἁσύνθετός
3386 4951 3578 5015 tactv;
3609 4950 3671 5003 Ei
3698 4946 3798 5016 γὰρ

2221 5027 2317 5080 καὶ
2345 5027 2413 5081 τὰ
2452 5029 2638 5094 ίδικῶς
2665 5030 2816 5100 ὄντα,
2844 5034 2930 5104 ἐφ’
2962 5029 3037 5090 ὧν
3068 5038 3169 5091 οὐκ
3200 5037 3354 5094 ἔστιν
3390 5038 3534 5106 εἶδος
3565 5044 3599 5113 ἢ
3628 5042 3793 5110 γένος,

2220 5117 2307 5172 διὰ
2324 5119 2433 5172 τῶν
2464 5123 2727 5177 καθόλου
2761 5124 3029 5180 δεικτέον·
3063 5129 3185 5182 ἐπεὶ
3216 5134 3325 5185 πᾶν
3353 5133 3521 5204 σῶμα
3550 5136 3607 5187 ἐν
3635 5133 3793 5201 τόπῳ,

2221 5212 2317 5265 καὶ
2341 5212 2370 5263 ό
2399 5214 2629 5284 οὐρανὸς
2674 5214 2783 5285 ἄρα
2826 5220 2884 5272 ὲν
2929 5219 3105 5291 τόπῳ,
3132 5224 3228 5276 καὶ
3273 5224 3398 5279 τόδε
3436 5227 3527 5279 ἐπ’
3553 5227 3789 5295 ἄπειρον.

2222 5302 2334 5354 Καὶ
2365 5303 2488 5355 ἐπεὶ
2532 5304 2687 5358 οὐδὲν
2715 5306 2914 5378 ἄστρον
2942 5309 3314 5381 ἡμεροφανὲς,
3342 5314 3472 5368 οὐδὲ
3512 5318 3542 5370 ό
3586 5313 3795 5385 φωσφό-

2222 5408 2335 5459 ρος,
2370 5392 2548 5445 καίτοι
2577 5394 2723 5448 κατά
2750 5397 2971 5462 πλείους
2999 5399 3154 5473 ὤφθη
3204 5406 3457 5474 καιρούς.
3515 5408 3626 5461 Καὶ
3680 5404 3791 5458 ἐπεὶ

2217 5480 2447 5551 οὐδεμία
2474 5485 2678 5555 στιγμὴ
2714 5488 2772 5540 ὲν
2811 5488 2889 5558 τῷ
2915 5494 3202 5565 μεσετάτῳ
3234 5494 3419 5566 πάντη
3444 5497 3542 5550 τοῦ
3576 5496 3789 5557 κύκλου,

2217 5573 2327 5626 οὐδ’
2351 5574 2460 5642 ἄρα
2486 5575 2548 5627 τὸ
2568 5577 2791 5647 κέντρον
2810 5595 2826 5611 ·
2858 5581 2983 5634 τίνα
3024 5583 3082 5637 δὲ
3108 5587 3203 5639 καὶ
3233 5586 3445 5641 θέλοιεν
3474 5590 3621 5660 ἔχειν
3643 5588 3789 5655 λόγον

2219 5663 2472 5727 σύνθεσις
2516 5666 2657 5735 μετὰ
2705 5669 2955 5740 υἱότητος
2980 5673 3437 5745 ἀγχινουστάτου,
3472 5682 3586 5733 εἴτε
3613 5677 3784 5749 κυρία,

2215 5756 2323 5808 εἴτε
2361 5763 2809 5828 καταχρηστική;
2843 5763 2995 5818 ποιὸν
3028 5766 3137 5837 γὰρ
3171 5768 3332 5839 ποιῷ,
3370 5773 3466 5823 καὶ
3506 5772 3671 5825 ποσὸν
3699 5785 3784 5819 που

2220 5849 2317 5923 σῷ,
2359 5853 2453 5906 καὶ
2486 5856 2514 5906 ὁ
2552 5857 2715 5921 acab;
2731 5859 2902 5931 κυρῷ,
2936 5865 3031 5918 καὶ
3065 5863 3213 5935 λίοος
3262 5866 3412 5933 ξύλω
3470 5866 3781 5936 συντιθέμε‹
