4120 6474
378 373 514 437 l-il'l

1323 369 1721 431 ADVERSUS
1761 366 2311 428 NESTORIANOS.
2351 393 2420 404 -·-
2455 369 2599 428 LIB.
2634 371 2679 428 I.

3503 365 3646 430 1418

370 503 483 547 νος.
521 477 674 553 ’Ἄρα
727 481 819 536 me
864 481 925 534 τὺ
981 479 1441 551 καταχρηστικῶς
1494 475 1636 533 εἶναι
1686 481 1812 543 Υἱὸς
1858 480 1952 534 τοῦ

2079 495 2166 534 cm
2191 480 2344 533 nullo
2393 495 2460 535 ex
2487 480 2573 534 bis
2597 478 2779 533 modis
2802 479 3047 549 quaedam
3085 478 3377 540 uniunlur,
3401 491 3504 534 nec
3531 479 3644 534 ullo

370 576 756 648 ἀπεριγράφου
806 572 1091 640 συνετέθη,
1125 571 1158 642 ἢ
1204 571 1326 625 οὐδὲ
1371 571 1460 624 διὰ
1491 571 1554 624 τὸ
1579 589 1952 642 καταχρηστικ-

371 666 505 730 κῶς,
536 665 658 719 οὐδὲ
705 664 796 718 διὰ
842 663 904 717 τὸ
954 663 1194 734 κυρίως;
1260 663 1310 713 εἰ
1369 659 1428 715 δὲ
1456 660 1523 713 δι’
1561 661 1714 712 οὐδὲν
1745 660 1953 713 τούτων

2059 587 2127 626 ex
2159 573 2245 626 his
2271 587 2380 625 non
2421 570 2574 626 unita
2609 571 3031 641 permanebunt,
3077 570 3172 625 sed
3223 569 3348 624 aliis
3398 571 3644 640 propriis

2060 665 2498 734 necessariisque
2542 664 2736 718 unioni
2777 665 3030 720 vocibus.

375 757 687 812 συντίθεταί
719 772 864 820 τινα,
896 754 1022 808 οὐδὲ
1087 754 1178 808 διά
1222 770 1275 806 τι
1311 751 1519 807 τούτων
1569 752 1840 808 ἀσύνθετα
1909 755 2156 824 μείνάιέν
2230 760 2276 810 τ’
2330 758 2418 822 ἂν,
2475 756 2612 811 ἀλλά
2673 757 2742 810 δι’
2792 759 3016 828 ἐτέρους
3069 758 3306 822 οἰκείους
3378 758 3473 812 καὶ
3520 757 3650 809 ἀνα-

372 848 603 917 γκαίους
631 849 699 918 τῇ
730 845 980 900 συνθέσει
1007 843 1223 911 λόγους.

974 983 1022 1035 Κ
1034 983 1226 1035 ΕΦΑΛ.
1271 979 1347 1033 E'.

449 1121 605 1174 Πᾶσα
637 1115 796 1172 οὐσία
844 1114 1223 1185 ἀπερίγραφος
1255 1112 1555 1183 πανταχοῦ,
1588 1113 1684 1167 καὶ
1737 1115 1795 1168 ἐν
1829 1113 1961 1166 ἑκά-

377 1229 488 1280 στῳ
513 1210 608 1263 καὶ
639 1208 724 1277 ἐφ’
744 1209 908 1277 ἑαυτῇ
942 1206 1084 1260 κατὰ
1112 1207 1172 1259 τὸ
1204 1205 1338 1258 αὐτὸ
1372 1206 1468 1259 καὶ
1490 1205 1755 1270 ὡσαύτως
1780 1208 1963 1279 ὑπάρ·

378 1322 464 1373 χει
511 1302 888 1372 ἀπερινοήτως
935 1298 1073 1352 καθὸ
1112 1298 1290 1362 οὐσία,
1326 1300 1447 1352 ἐπεὶ
1477 1296 1636 1352 τοῦτο
1667 1300 1799 1352 ῐδιον
1829 1301 1965 1352 άπε-

381 1396 684 1468 ριγράφου·
726 1394 835 1446 πᾶν
871 1392 929 1446 δὲ
991 1391 1134 1445 κατὰ
1165 1392 1228 1445 τὸ
1261 1392 1396 1444 αὐτὸ
1447 1391 1542 1445 καὶ
1590 1391 1853 1453 ὡσαύτως
1903 1392 1962 1443 ὲν

382 1489 550 1540 πᾶσιν
599 1485 867 1555 ὑπάρχον,
931 1483 1161 1547 ἀλλοίως
1211 1485 1308 1537 καὶ
1348 1483 1577 1546 ἀλλοίως
1619 1483 1680 1536 οὐ
1735 1483 1961 1537 δύναται

383 1575 531 1634 εἶναι
582 1579 640 1633 ἐν
689 1594 796 1630 τινι
831 1576 977 1631 καθά
1011 1576 1199 1631 οὐσία·
1239 1575 1300 1628 τὸ
1327 1574 1436 1645 γὰρ
1468 1576 1755 1642 ὡσαύτως
1802 1576 1960 1630 ἀναι-

385 1669 601 1737 ρετικόν
631 1668 747 1719 ἐστι
777 1664 868 1718 τοῦ
898 1663 1164 1729 ἀλλοίως
1202 1664 1298 1717 καὶ
1332 1663 1615 1728 ἀλλοίως.
1657 1664 1816 1717 Πᾶσα
1853 1663 1963 1732 ἄρα

383 1758 542 1811 οὐσία
569 1757 949 1826 ἀπερίγραφος
983 1755 1044 1807 οὐ
1079 1754 1306 1808 δύναται
1343 1753 1574 1818 ἀλλοίως
1615 1755 1708 1808 καὶ
1735 1754 1965 1817 ἀλλοίως

2725 980 2876 1037 CAP.
2918 982 2980 1036 V.

2059 1122 2064 1126 '
2137 1115 2328 1170 Omnis
2349 1116 2589 1172 essentia
2614 1124 2699 1170 est
2723 1115 2937 1192 inﬁnita
2964 1115 3190 1185 ubique,
3219 1116 3275 1170 in
3309 1132 3647 1187 unoquoque.

2067 1216 2234 1277 atque
2283 1209 2337 1262 in
2387 1208 2685 1276 semetipsa
2737 1207 3041 1261 secundum
3091 1208 3234 1262 idem
3286 1217 3341 1262 et
3391 1209 3650 1264 similiter

2069 1301 2235 1354 modo
2264 1300 2816 1370 incomprehensibili
2852 1309 2913 1354 ut
2948 1301 3208 1365 essentia,
3236 1301 3510 1370 siquidem
3545 1302 3651 1355 hoc

2068 1392 2354 1462 proprium
2395 1402 2477 1446 est
2509 1391 2732 1446 inﬁniti.
2766 1391 2940 1446 Omne
2965 1399 3148 1446 autem
3172 1392 3474 1446 secundum
3503 1393 3647 1446 idem

2068 1499 2132 1538 ac
2162 1483 2418 1538 similiter
2447 1483 2501 1537 in
2529 1482 2789 1537 omnibus
2822 1482 3113 1545 cxsistens,
3165 1483 3328 1537 aliter
3382 1491 3439 1537 et
3491 1483 3651 1537 aliter
3717 1493 3732 1512 ⁸

2066 1585 2186 1625 esse
2222 1571 2416 1640 nequit
2462 1571 2518 1624 in
2552 1571 2739 1639 aliquo
2783 1580 2844 1625 ut
2890 1570 3173 1637 essentia;
3208 1571 3456 1626 similiter
3502 1573 3650 1627 enim

2063 1661 2314 1716 excludit
2340 1661 2497 1716 aliter
2519 1670 2567 1716 et
2602 1661 2781 1717 aliter.
2814 1660 3008 1716 Omnis
3029 1677 3160 1732 ergo
3177 1663 3418 1718 essentia
3438 1662 3652 1718 inﬁnita

2070 1768 2180 1808 non
2211 1760 2393 1823 potest
2422 1754 2584 1808 aliter
2610 1763 2666 1808 et
2688 1754 2852 1808 aliter
2870 1768 2990 1808 esse
3019 1753 3074 1807 in
3093 1753 3280 1824 aliquo
3303 1763 3364 1808 ut
3387 1755 3650 1809 essentia.

380 1845 523 1900 εἶναι
547 1845 604 1899 ἐν
635 1819 907 1899 τίπῖωόδ
940 1845 1123 1899 οὐσία.
1145 1844 1282 1897 Eleis
1303 1844 1485 1911 τοῦτο,
1514 1841 1966 1916 ζητητέον,τΑρα

2073 1844 2128 1899 Si
2157 1860 2288 1900 vero
2319 1845 2424 1900 hoc
2455 1853 2622 1910 esset,
2667 1853 2814 1900 esset
2860 1843 3216 1915 qum-endum
3257 1861 3326 1898 an
3355 1845 3652 1900 essentiam

384 1939 485 2009 τήν
514 1937 704 1990 οὐσίαν
730 1933 825 1989 τοῦ
864 1935 1003 1989 Θεοῦ
1036 1937 1214 2004 Λόγου
1254 1937 1640 2008 περιγραπτὴν
1677 1931 1819 1989 εἶναί
1865 1953 1972 2006 φα-

387 2047 512 2099 μεν,
543 2029 580 2101 ἢ
635 2028 1050 2100 ἀπερίγραφον;
1103 2029 1216 2108 Καὶ
1246 2029 1294 2081 εί
1327 2028 1428 2098 μὲν
1468 2029 1856 2099 περιγραπτὴν
1889 2027 1968 2081 εἵ-

387 2138 609 2192 ποιμεν,
634 2121 904 2192 πρόδηλον
928 2119 990 2174 τὸ
1019 2119 1359 2190 βλάσφημον.
1391 2120 1532 2173 mss
1563 2119 1966 2191 ἀπερίγραφον,

385 2205 420 2282 ἢ
456 2215 590 2268 πᾶσι
627 2211 910 2282 σύγκειται
947 2213 980 2282 ἠ
1008 2211 1168 2265 οὐσία
1195 2211 1290 2263 τοῦ
1337 2210 1473 2264 Θεοῦ
1506 2210 1763 2281 Λόγου,ἣ
1797 2211 1971 2264 οὐδενὶ

389 2304 680 2374 σύγκειται
731 2305 765 2376 ἡ
824 2303 983 2357 οὐσία
1026 2301 1123 2356 τοῦ
1169 2301 1306 2355 Θεοῦ
1357 2303 1569 2370 Λόγου·
1603 2301 1832 2364 ἀλλοίως
1859 2301 1971 2372 γάρ

388 2398 484 2449 καὶ
513 2395 742 2458 ἀλλοίως
758 2394 817 2448 ἐν
844 2411 953 2448 τινι
984 2395 1045 2448 οὗ
1076 2393 1298 2447 δύναται
1317 2391 1457 2448 εἶναι
1481 2392 1618 2446 καθὸ
1643 2392 1824 2456 οὐσία,
1843 2393 1971 2444 ἐπεὶ

389 2490 486 2542 zeal.
510 2487 924 2558 ἀπερίγραφος’
954 2486 1304 2557 ὡμολόγηται
1338 2486 1396 2539 δὲ
1417 2487 1499 2540 ὅτι
1529 2488 1695 2540 πᾶσιν
1742 2485 1804 2538 οὐ
1837 2484 1970 2552 σύγ-

390 2594 601 2634 κειται·
628 2578 752 2633 οὐδὲ
791 2578 900 2650 ἄρα
950 2579 1057 2631 τινὶ
1103 2577 1420 2646 σύγκειται·
1455 2578 1548 2631 καὶ
1603 2576 1893 2629 ἀσεϐοῦσιν
1923 2576 1973 2629 οἱ

391 2673 642 2740 λέγοντες
677 2669 1000 2738 συγκεῖσθαι
1029 2668 1129 2740 τὴν
1176 2668 1367 2723 οὐσίαν
1398 2667 1492 2721 τοῦ
1523 2668 1658 2721 Θεοῦ
1684 2667 1859 2732 Λόγου
1905 2669 1971 2738 τῇ

387 2762 449 2828 ἐξ
504 2761 664 2833 ἡμῶν
705 2763 786 2824 εἰς
829 2759 1038 2814 οἰκείαν
1102 2757 1270 2812 αὐτοῦ
1343 2757 1652 2830 φανέρωσιν
1703 2757 1971 2830 ληφθείσῃ

390 2854 576 2925 σαρκί.
612 2854 818 2915 Ὄντως
847 2853 904 2905 ὲν
935 2851 1118 2922 ἔργοις
1143 2848 1251 2904 τῶν
1295 2851 1497 2921 χειρῶν
1543 2848 1710 2903 αὑτοῦ
1749 2849 1974 2920 συνελή-

391 2945 502 3016 φθη
531 2945 559 2997 ὁ
587 2942 934 3014 ἁμαρτωλὸς,
971 2941 1064 2994 καὶ
1104 2941 1426 3010 ἐπιστρέφει
1457 2942 1484 2993 ὁ
1511 2941 1669 3002 πόνος
1701 2939 1866 2994 αὐτοῦ
1895 2941 1975 3001 εἰς

392 3034 637 3106 κεφαλὴν
671 3031 837 3086 αὐτοῦ
858 3048 872 3062 ο
901 3031 1044 3084 κατὰ
1071 3030 1180 3101 γάρ
1211 3029 1280 3084 τὰ
1309 3030 1404 3083 νῦν
1433 3029 1564 3099 παρ’
1618 3029 1772 3101 ὑμῶν
1823 3030 1976 3101 εἰρη-

393 3126 554 3196 μένα,
584 3127 632 3178 εἰ
678 3122 957 3194 πανταχοῦ
988 3125 1082 3176 καὶ
1129 3125 1187 3176 ἐν
1232 3123 1467 3193 ἑκάστῳ,
1495 3123 1661 3192 ἤγουν
1685 3124 1741 3174 ἐν
1769 3123 1850 3175 ἑνὶ
1880 3122 1974 3176 καὶ

393 3215 561 3268 παντὶ
610 3213 999 3285 περιγραπτῷ,
1050 3213 1146 3266 καὶ
1201 3213 1288 3282 ἐφ’
1341 3214 1509 3284 ἑαυτῇ
1566 3213 1734 3284 ἡγουν
1789 3214 1848 3265 ὲν
1896 3212 1976 3284 τῷ

393 3307 796 3376 ἀπεριγράπτῳ
841 3305 984 3358 κατά
1015 3305 1074 3358 τὺ
1100 3304 1235 3358 αὐτὸ
1261 3306 1356 3357 καὶ
1381 3303 1644 3367 ὡσαύτως
1671 3303 1911 3374 ὑπάρχει
1941 3305 1975 3374 ἡ

395 3398 777 3470 ἀπερίγραφος
794 3396 951 3449 οὐσία
975 3413 988 3427 ο
1013 3395 1287 3450 καὶτοῦτο
1315 3396 1465 3461 ἴδιον,
1496 3395 1570 3460 ὣς
1594 3414 1751 3465 φατε,
1784 3397 1979 3466 ἀπερι-

395 3489 612 3560 γράφου
641 3489 854 3553 οὐσίας,
891 3487 968 3560 μὴ
1008 3489 1212 3557 ἑτέρως
1242 3483 1381 3540 εἶναι
1407 3489 1465 3539 ἐν
1491 3486 1568 3557 τῷ
1615 3484 1976 3557 περιγραπτῷ

397 3583 492 3635 καὶ
521 3580 723 3652 ἑτέρως
776 3580 836 3632 ὲν
878 3580 1068 3651 ἑαυτῇ,
1103 3581 1272 3650 ἤγουν
1318 3581 1375 3632 ὲν
1408 3577 1487 3648 τῷ
1534 3579 1973 3649 ἁπεριγράπτῳ·

397 3675 493 3728 καὶ
540 3673 601 3727 οὐ
650 3673 876 3727 δύναται
919 3673 1150 3736 ἀλλοίως
1179 3668 1321 3724 εἶναι
1361 3674 1420 3724 ὲν
1464 3666 1548 3734 οἷς
1594 3673 1764 3736 ἐστιν,
1793 3673 1843 3724 εἰ
1881 3671 1978 3724 καὶ⁵

397 3764 588 3830 ᾁλλοίά
610 3763 751 3815 εἰσιν
783 3763 989 3827 ἐκεῖνα,
1018 3760 1202 3825 καθὼς
1221 3762 1322 3833 ἤδη
1350 3759 1620 3813 ιῦπέθεσθε
1642 3775 1657 3790 ο
1690 3758 1747 3812 ἑν
1776 3777 1836 3812 τε
1867 3760 1975 3832 γὰρ

396 3857 510 3918 τοῖς
547 3871 615 3907 πε
627 3856 951 3925 ριγραπτοῖς
996 3853 1092 3905 καὶ
1120 3853 1178 3904 ὲν
1209 3853 1380 3924 ἑαυτῇ
1407 3850 1812 3922 ἀπεριγράπτῳ
1839 3849 1975 3922 οὔσῃ

394 3946 596 4017 ὁμοίως
628 3947 763 4010 ἐστὶ,
795 3945 913 4008 πῶς
937 3944 1026 3997 διὰ
1056 3943 1115 3996 τὸ
1148 3944 1562 4014 ἀπερίγραπτον
1601 3938 1762 4010 εἶναι,
1786 3941 1847 3995 οὐ
1885 3941 1977 3996 δυ·

395 4038 554 4090 νατὸν
592 4033 730 4091 εἶναι
755 4038 927 4107 αὐτὴν
953 4037 1010 4091 ἕν
1044 4054 1149 4090 τινι
1175 4034 1539 4107 περιγραπτῷ
1570 4034 1764 4106 πρὼην
1797 4052 1858 4088 τε
1882 4036 1977 4090 καὶ

393 4129 524 4194 νῦν;
557 4130 752 4183 Ἔσται
786 4129 895 4202 γὰρ
920 4128 1063 4184 κατὰ
1088 4129 1150 4182 τὸ
1189 4127 1485 4181 ἀκόλουθον
1519 4130 1631 4190 τοῖς
1661 4127 1974 4198 ὑμετέροις,

391 4220 514 4274 οὐδὲ
551 4223 611 4275 ὲν
665 4223 832 4293 ἑαυτῇ
885 4221 1158 4292 δυναμένη
1212 4216 1374 4285 εἶναι,
1411 4219 1570 4290 εἴπερ
1596 4219 1800 4288 ὁμοίως
1829 4217 1887 4270 ἐν
1914 4235 1974 4270 τε

391 4315 562 4384 ἑαυτῇ
597 4315 691 4368 καὶ
734 4316 792 4366 ὲν
835 4315 949 4377 τοῖς
989 4314 1120 4384 παρ’
1151 4313 1324 4382 αὑτήν
1354 4313 1501 4363 ἐστιν
1525 4328 1538 4342 ο
1573 4311 1793 4381 ἀνάγκη
1824 4310 1881 4363 δὲ
1907 4306 1975 4381 ἧν

395 4406 624 4475 μᾶλλον,
662 4405 779 4474 εἴγε
803 4405 1004 4476 ὁμοίως
1035 4406 1182 4459 ἐστὶν
1208 4405 1268 4458 ἐν
1292 4405 1482 4467 πᾶσιν,
1514 4401 1592 4466 ὡς
1622 4401 1720 4455 καὶ
1757 4404 1816 4456 ὲν
1847 4403 1976 4456 ἐαυ-

391 4501 480 4569 τῇ,
521 4499 690 4570 μηδὲν
728 4496 1120 4567 ἐμποδίζεσθαι
1157 4497 1252 4550 τοῦ
1295 4492 1434 4550 εἶναι
1482 4495 1653 4566 αὐτὴν
1706 4497 1767 4548 ὲν
1815 4512 1976 4566 πηερι-

2069 1935 2165 1990 Dei
2201 1935 2364 1990 Verbi
2395 1934 2604 1989 ﬁnitam
2631 1935 2716 1989 vel
2749 1935 3017 1988 inﬁnitam
3049 1949 3170 1989 esse
3204 1934 3495 1988 dicamus?
3521 1949 3584 1988 ac
3607 1934 3655 1987 si

2073 2025 2281 2080 ﬁnitam
2321 2025 2590 2092 dicimus,
2634 2025 2862 2080 evidens
2890 2034 2975 2080 est
3019 2025 3381 2095 blasphemia.
3433 2023 3489 2078 Si
3518 2040 3656 2079 vero

2071 2115 2382 2182 inﬁnitam,
2435 2117 2552 2171 sive
2602 2116 2861 2171 omnibus
2905 2117 3234 2188 subjiciatur
3284 2133 3399 2172 esst
3452 2117 3525 2171 tia
3554 2117 3654 2171 Dei

2070 2208 2274 2273 Verbi,
2323 2209 2439 2263 sive
2492 2209 2628 2263 nulli
2670 2209 2999 2280 subjiciatur
3026 2210 3272 2264 essentia
3313 2208 3411 2264 Dei
3447 2208 3653 2273 Verbi;

2071 2299 2232 2354 aliter
2257 2299 2406 2354 enim
2434 2310 2491 2355 et
2523 2300 2684 2353 aliter
2705 2300 2760 2354 in
2790 2299 2982 2370 aliquo
3009 2299 3203 2369 nequit
3225 2315 3346 2355 esse
3378 2307 3442 2354 ut
3466 2313 3658 2354 essen-

2072 2389 2186 2455 tia,
2231 2390 2343 2445 imo
2389 2398 2446 2445 et
2488 2391 2744 2456 inﬁnita;
2792 2391 3035 2446 fatentur
3083 2400 3267 2446 autem
3320 2407 3513 2446 omnes
3545 2407 3658 2446 non

2073 2483 2332 2538 omnibus
2351 2483 2583 2554 subjici;
2605 2499 2715 2538 non
2735 2499 2868 2555 ergo
2886 2484 3048 2538 alicui
3069 2483 3384 2555 subjicitur,
3403 2485 3661 2555 blasphe-

2073 2584 2335 2646 mantque
2387 2575 2480 2646 qui
2533 2575 2728 2630 dicunt
2761 2577 3060 2632 essentiam
3099 2577 3196 2631 Dei
3245 2577 3412 2633 Verbi
3459 2586 3662 2632 nostrzc

2074 2666 2229 2721 carni
2294 2666 2360 2720 ad
2409 2666 2496 2721 sui
2531 2667 3034 2723 manifestationem
3091 2678 3384 2738 assumpta:
3437 2669 3657 2739 subjici.

2077 2757 2215 2813 Vere
2251 2755 2515 2828 cperibus
2544 2759 2694 2814 illius
2717 2775 2979 2815 manuum
2999 2760 3266 2816 allevatus
3284 2768 3369 2816 est
3397 2771 3662 2831 peccator

2075 2864 2348 2920 pmnaque
2384 2849 2558 2920 ipsius
2591 2851 2646 2905 in
2682 2850 2857 2921 ipsius
2881 2859 3047 2922 caput
3077 2868 3341 2908 conversa
3365 2861 3450 2908 est
3470 2870 3483 2919 ;
3503 2853 3660 2923 juxta

2071 2941 2222 2994 enim
2251 2957 2373 3011 qua
2403 2957 2502 2996 vos
2531 2958 2679 2997 nunc
2710 2943 2916 3007 dicitis,
2973 2943 3018 2998 si
3050 2944 3257 3014 ubique
3304 2959 3368 2999 ac
3425 2944 3480 2998 in
3523 2961 3662 2999 uno-

2075 3047 2318 3101 quoque,
2362 3034 2478 3088 sive
2512 3033 2567 3087 in
2599 3049 2710 3088 uno
2757 3034 3021 3104 omnique
3053 3034 3238 3102 ﬁnito,
3281 3046 3447 3108 atque
3480 3037 3535 3091 in
3570 3054 3662 3092 se-

2079 3123 2311 3190 metipsa
2338 3122 2456 3176 sive
2484 3122 2541 3176 in
2573 3122 2792 3177 inﬁnito
2822 3124 3127 3178 secundum
3153 3125 3296 3179 idem
3320 3135 3377 3179 et
3406 3125 3663 3180 similiter

2077 3214 2296 3268 exsistit
2327 3214 2538 3269 iulinita
2571 3215 2810 3269 essentia
2839 3232 2853 3281 ;
2883 3215 3098 3285 hocque
3132 3218 3440 3286 proprium,
3481 3227 3543 3272 ut
3572 3219 3661 3272 di-

2074 3302 2221 3367 citis,
2244 3303 2470 3357 inﬁnitae
2497 3303 2772 3370 essentiaz,
2798 3319 2908 3359 non
2929 3305 3090 3360 aliter
3108 3322 3226 3362 esse
3243 3307 3296 3360 in
3319 3308 3474 3362 linito
3491 3317 3660 3378 atque

2076 3394 2238 3448 aliter
2275 3394 2330 3448 in
2368 3396 2666 3464 semetipso
2693 3436 2707 3461 ,
2765 3396 2881 3451 sive
2930 3395 2983 3450 in
3032 3397 3288 3465 inﬁnito;
3345 3415 3448 3454 nec
3477 3409 3661 3470 potest

2076 3486 2238 3542 aliter
2260 3502 2383 3542 esse
2418 3487 2474 3542 in
2501 3487 2704 3558 quibus
2732 3497 2837 3553 est,
2876 3488 2980 3544 etsi
3011 3490 3186 3544 altera
3221 3492 3295 3546 sit
3320 3492 3432 3554 illa,
3467 3493 3660 3563 utjam

2077 3577 2482 3648 supposuistis;
2515 3578 2572 3632 in
2596 3578 2768 3633 ﬁnitis
2783 3579 2931 3634 enim
2958 3594 3021 3634 ac
3045 3580 3099 3634 in
3124 3581 3419 3651 semetipsa
3447 3582 3661 3637 inﬁnita

2078 3671 2335 3725 similiter
2363 3671 2607 3726 essentia
2636 3679 2754 3736 est,
2797 3673 3075 3744 quomodo
3101 3672 3172 3728 ob
3205 3689 3327 3728 esse
3362 3675 3660 3741 inﬁnitum,

2077 3779 2188 3817 non
2221 3773 2306 3818 est
2326 3763 2590 3833 possibile
2625 3763 2743 3817 beri
2771 3772 2830 3818 et
2859 3764 3024 3819 hodie
3053 3780 3174 3820 eam
3219 3781 3341 3821 esse
3381 3766 3435 3820 in
3477 3767 3663 3837 aliquo

2079 3855 2272 3911 ﬁnito?
2327 3855 2490 3910 Juxta
2539 3856 2689 3910 enim
2745 3857 3197 3927 consequentiam
3255 3858 3660 3929 principiorum

2077 3953 2388 4000 vestrorum
2427 3944 2557 4008 erit,
2585 3959 2689 4000 nec
2725 3944 2784 3999 in
2820 3946 3115 4016 semetipsa
3145 3962 3267 4003 esse
3297 3963 3480 4021 posse,
3508 3950 3552 4003 si
3581 3960 3664 4006 est

2078 4035 2337 4090 similiter
2369 4041 2426 4089 et
2464 4036 2520 4088 in
2544 4035 2840 4106 semetipsa
2881 4045 2938 4091 et
2972 4037 3027 4090 in
3061 4037 3149 4092 bis
3174 4055 3297 4108 qua:
3338 4040 3481 4110 apud
3514 4039 3660 4094 illam

2078 4137 2226 4182 sunt.
2259 4127 2496 4182 Necesse
2514 4137 2702 4182 autem
2730 4136 2849 4183 erat
2874 4129 3080 4198 potius,
3109 4130 3382 4200 siquidem
3407 4131 3664 4186 similiter

2077 4225 2163 4272 est
2197 4217 2251 4271 in
2283 4217 2564 4283 omnibus,
2595 4208 2738 4272 sicut
2771 4225 2828 4273 et
2864 4219 2919 4272 in
2968 4220 3286 4290 semetipsa,
3338 4222 3662 4291 neutiquam

2077 4310 2332 4382 impediri
2378 4313 2512 4383 quin
2587 4320 2734 4368 esset
2768 4314 2821 4367 in
2865 4313 3042 4382 ﬁnito,
3077 4315 3170 4369 sed
3229 4317 3369 4370 utin
3421 4316 3660 4383 inﬁnito,

2079 4403 2223 4459 sicut
2256 4413 2312 4459 et
2348 4407 2403 4460 in
2434 4407 2728 4476 semetipsa
2751 4407 3102 4477 simpliciter,
3127 4407 3200 4463 ita
3232 4408 3660 4480 quidem,juxta

2075 4504 2317 4550 vestram
2389 4497 2764 4562 sententiam,
2850 4497 2907 4552 in
2995 4497 3152 4553 ﬁnito
3218 4515 3440 4570 quoque
3492 4509 3664 4554 esset.

389 4589 645 4661 γραπτῷ,
673 4589 791 4643 ἀλλ’
823 4589 899 4654 ὡς
936 4590 994 4642 ὲν
1044 4587 1468 4660 ἀπεριγράπτῳ,
1497 4587 1589 4640 καὶ
1614 4586 1688 4651 ὡς
1716 4588 1774 4638 ἐν
1800 4588 1969 4658 ἑαυτῇ

2079 4587 2244 4642 Aliud
2277 4603 2409 4659 ergo
2439 4605 2469 4644 a
2497 4589 2656 4644 vobis
2690 4605 2855 4660 quam
2892 4591 3062 4646 vultis
3086 4558 3529 4646 demonstratum
3557 4601 3665 4656 est,

391 4682 601 4747 ἁπλῶς,
631 4681 774 4735 οῦτω
817 4699 878 4751 γε
912 4682 1053 4735 κατά
1084 4681 1152 4735 τά
1199 4680 1461 4751 ὑμέτερα,
1497 4679 1593 4732 καὶ
1627 4679 1682 4730 ὲν
1707 4677 1785 4748 τῷ
1812 4695 1970 4748 περι-

390 4771 624 4843 γραπτῷ
654 4767 815 4826 εἶναι.
843 4773 952 4825 Καὶ
977 4772 1290 4826 τούναντίον
1330 4771 1458 4841 ὑμῖν
1495 4768 1790 4840 ἀπεδείχθη
1825 4769 1970 4841 ἥπερ

2077 4677 2133 4732 in
2169 4678 2277 4734 hoc
2299 4689 2466 4749 atque
2498 4681 2553 4734 iu
2579 4681 3028 4750 praecedentibus
3057 4683 3365 4738 ratiociniis
3387 4724 3402 4750 ,
3453 4683 3666 4738 scilicet

2077 4771 2421 4842 impossibile
2451 4789 2573 4830 esse
2600 4773 2756 4828 ﬁnito
2774 4774 3065 4830 inﬁnitum
3097 4777 3272 4831 uuiri.

328 4887 333 4891 -
390 4863 674 4932 βούλεσθε,
703 4863 762 4916 ὲν
799 4864 972 4932 τούτῳ
999 4881 1060 4917 τε
1117 4865 1212 4919 καὶ
1275 4867 1389 4928 τοῖς
1463 4863 1830 4934 προλαϐοῦσιν
1895 4867 2311 4937 ἐπιχειρήμασι.
2369 4867 2465 4922 τοῦ
2520 4868 2594 4922 wh
2635 4869 2861 4924 δυνατὸν
2902 4867 3046 4925 εἶναι
3105 4872 3452 4927 συντίθεσθαι
3509 4888 3665 4943 περι-

389 4955 624 5027 γραπτῷ
660 4956 723 5009 τὸ
759 4955 1201 5028 ἀπερίγραπτον.

463 5050 524 5103 Ei
550 5049 594 5101 δ’
631 5049 724 5104 οὖν
764 5049 854 5102 διὰ
885 5050 944 5103 τὸ
986 5050 1062 5122 μὴ
1108 5051 1338 5114 ἀλλοίως
1370 5052 1466 5104 καὶ
1495 5051 1722 5116 ἀλλοίως
1764 5052 1965 5106 ἐνεῖναί

384 5160 498 5196 τισι
529 5141 793 5196 δύνασθαι
822 5143 882 5195 τὸ
915 5143 1356 5212 ἀίπερίγραπτον,
1401 5142 1574 5206 οὕτως
1616 5143 1674 5195 ἐν
1719 5141 1962 5212 Χριστῷ,

383 5235 463 5296 ὡς
505 5235 598 5288 καὶ
638 5235 695 5287 ὲν
737 5236 905 5289 πᾶσιν
940 5229 1078 5287 εἶναι
1106 5235 1276 5304 αὐτὴν
1300 5233 1555 5302 βιάζεσθε
1577 5249 1591 5264 ο
1625 5234 1732 5304 ἄρα
1759 5229 1852 5287 οὖν
1881 5234 1969 5288 διὰ

385 5327 447 5381 τὸ
479 5328 766 5392 ὡσαύτως
797 5326 1185 5396 ἐμφαίνεσθαι,
1217 5328 1312 5379 καὶ
1331 5327 1422 5394 ἐφ’
1450 5324 1664 5392 ἑαυτῇ,
1697 5325 1772 5388 ὥς
1807 5342 1968 5393 φατε,

386 5420 462 5484 ὡς
505 5421 601 5475 καὶ
643 5423 701 5474 ἐν
743 5423 934 5485 πᾶσιν,
975 5420 1152 5485 οὕτως
1194 5419 1350 5472 ἔσται
1380 5421 1440 5470 ἐν
1478 5417 1654 5480 ὕδατι,
1691 5418 1783 5470 καὶ
1810 5415 1968 5488 λζθῳ,

387 5514 484 5567 καὶ
532 5512 707 5582 φυτῷ,
741 5513 834 5565 καὶ
877 5512 1150 5583 μύρμηκι,
1197 5512 1292 5563 κοιλ⁵
1345 5509 1508 5579 ἱχθύῖ,
1539 5509 1631 5562 καὶ
1668 5509 1840 5579 ἵππῳ,
1876 5510 1971 5562 καὶ

385 5604 685 5676 ἀνθρώπῳ,
717 5607 811 5658 καὶ
844 5603 1084 5674 ἀγγέλῳ,
1129 5605 1221 5656 καὶ
1265 5604 1322 5655 ὲν
1349 5604 1516 5654 πᾶσιν
1544 5601 1618 5665 ὡς
1656 5602 1741 5670 ἐφ’
1776 5603 1965 5672 ἑαυτῇ.

388 5701 450 5752 Εἰ
486 5700 542 5752 δὲ
572 5699 685 5771 οὐχ’
717 5699 919 5770 ὁμοίως
950 5698 1034 5768 ἐφ’
1068 5699 1234 5769 ἑχυτῇ
1274 5697 1367 5750 καὶ
1422 5698 1480 5747 ἐν
1529 5696 1778 5767 μύρμηκί
1827 5698 1963 5759 ἐστι,

382 5791 604 5845 λέλυται
657 5791 716 5844 τὸ
759 5791 1066 5857 ὡσαύτως,
1116 5791 1206 5844 καὶ
1243 5790 1396 5842 ἔσται
1440 5791 1496 5840 ἐν
1553 5787 1775 5859 Χριστῷ
1818 5789 1967 5859 παρὰ

755 5885 1025 5945 ΡΑΤιιοι.
1061 5886 1174 5944 Gn.
1221 5883 1480 5945 LXXXV
1497 5882 1548 5941 l.

337 6020 351 6034 μ
362 6001 397 6028 ί..

2145 5050 2202 5107 Si
2237 5051 2401 5121 igitur
2426 5067 2493 5107 eo
2512 5052 2662 5122 quod
2691 5067 2801 5107 non
2823 5053 2984 5108 aliter
3006 5061 3061 5106 et
3075 5053 3236 5106 aliter
3254 5053 3306 5106 in
3331 5051 3661 5122 quibusdam

2077 5144 2259 5198 inesse
2287 5161 2397 5198 non
2444 5153 2626 5214 potest
2660 5144 2961 5208 inﬁnitum,
2995 5144 3070 5196 ita
3119 5143 3174 5196 in
3217 5142 3464 5205 Christo,
3515 5143 3663 5199 sicut

2074 5245 2133 5291 ct
2163 5237 2216 5290 in
2248 5238 2506 5291 omnibus
2540 5252 2660 5290 eam
2692 5251 2815 5291 esse
2836 5234 3216 5300 contenditis;
3250 5249 3383 5304 ergo
3416 5243 3480 5289 ut
3507 5237 3662 5290 simi-

2076 5330 2199 5382 liter
2229 5337 2489 5398 appareat
2518 5338 2682 5398 atque
2716 5330 2770 5381 in
2799 5329 3098 5397 semetipsa,
3135 5336 3197 5382 ut
3225 5327 3431 5393 dicitis,
3466 5343 3663 5399 quem-

2077 5421 2372 5476 admodum
2446 5420 2597 5476 etin
2637 5419 2917 5484 omnibus,
2979 5419 3059 5474 sic
3111 5417 3221 5474 erit
3278 5419 3333 5473 in
3385 5435 3548 5489 aqua.
3604 5421 3663 5476 in

2077 5511 2283 5582 planta,
2338 5511 2393 5564 in
2435 5509 2683 5575 formica,
2717 5510 2771 5564 in
2806 5509 2978 5579 pisce,
3015 5509 3070 5563 in
3105 5523 3272 5578 equo,
3322 5508 3378 5562 in
3414 5507 3661 5570 homine,

2077 5605 2134 5658 in
2183 5604 2400 5674 angelo,
2441 5613 2606 5673 atque
2641 5602 2698 5657 in
2735 5602 2996 5657 omnibus
3033 5610 3093 5655 u-t
3144 5602 3203 5655 in
3248 5600 3568 5671 semetipsa.
3601 5600 3664 5659 Si

2074 5712 2206 5751 vero
2235 5713 2345 5751 non
2377 5696 2639 5751 similiter
2687 5706 2771 5752 est
2803 5697 2858 5751 in
2892 5695 3190 5765 semetipsa
3223 5704 3279 5748 et
3315 5693 3370 5748 in
3401 5692 3661 5755 formica.

2075 5788 2309 5843 solvitur
2330 5787 2592 5856 similiter,
2615 5789 2831 5858 eritque
2848 5786 2904 5841 in
2925 5784 3146 5842 Christo
3161 5801 3324 5852 supra
3351 5782 3536 5837 omnia
3553 5783 3662 5838 alia

3216 5876 3296 5935 45
