4120 6448
445 427 581 494 1419

1666 390 1975 459 LEONTII
2028 379 2461 449 BYZANTINI.

445 465 538 494 ιιι
554 465 581 490 J

445 542 675 603 cntium.
724 532 951 605 Quando
976 527 1163 586 dicitis
1193 540 1303 580 non
1330 522 1384 577 in
1410 517 1670 575 omnibus
1696 530 1818 570 esse
1842 510 2018 572 credi,
2051 515 2070 566 1

2177 505 2249 566 ιὺς
2292 500 2488 558 ἄλλους
2537 491 2647 547 τῶν
2692 489 2863 542 ὄντων
2902 483 3130 543 πάντας.
3167 475 3312 546 Πρὸς
3341 470 3399 524 δὲ
3427 466 3489 521 τὸ
3515 465 3697 532 λέγειν
3739 486 3749 501 ί

2213 595 2239 605 -
2333 591 2347 605 ο
2431 589 2445 605 ε
2499 586 2511 603 ο
2538 582 2627 605 ηΑ
2643 581 2831 605 ι-.--...
2862 578 2938 605 ι-.
2988 577 3046 605 2...
3071 573 3238 605 ...πρυ-ι
3266 566 3364 605 m’w
3397 562 3563 605 ἔστιν-
3588 555 3697 605 οὐδ’

444 651 547 693 nec
567 648 699 703 ergo
734 630 787 684 in
812 626 996 693 aliquo
1026 634 1148 676 esse
1180 612 1544 685 respondetur
1571 626 1587 675 ;
1619 604 1842 677 quando
1880 616 2015 655 vero

446 725 631 782 dicitis
680 723 736 776 in
765 714 1026 773 omnibus
1055 723 1177 767 esse
1206 708 1424 761 sicutet
1454 702 1511 756 in
1538 697 1858 766 semetipsa,
1886 706 2019 747 eon-

448 816 676 874 trarium
728 806 999 869 audietis,
1040 816 1107 857 eo
1153 798 1302 870 quod
1340 794 1526 866 potius
1578 802 1771 844 omnes
1813 796 2021 839 conve-

448 910 610 963 niunt
690 902 746 957 in
812 895 1110 965 semetipsa
1175 904 1338 953 esse,
1407 884 1637 940 evidens
1702 878 1872 949 igitur
1938 879 2026 926 est

449 999 615 1055 etiam
646 995 701 1049 in
732 989 990 1046 omnibus
1035 997 1157 1039 esse
1195 993 1368 1044 vere;
1416 974 1589 1030 verba
1640 969 1788 1026 enim
1838 971 2025 1020 vestra

452 1091 644 1146 dicunt
674 1087 729 1140 in
759 1080 1016 1138 omnibus
1038 1074 1289 1131 similiter
1316 1084 1458 1133 esse,
1481 1066 1625 1122 sicut
1658 1070 1715 1117 et
1740 1060 1794 1114 in
1825 1063 2030 1113 semet-

454 1180 591 1250 ipsa.
618 1176 715 1231 Vel
741 1173 905 1244 igitur
933 1181 1037 1223 nec
1073 1166 1127 1220 in
1159 1162 1452 1230 semetipsa
1483 1165 1588 1219 est,
1620 1152 1715 1209 sed
1744 1151 1800 1205 in
1828 1154 2031 1203 semet-

455 1271 571 1340 ipsa
600 1242 832 1336 atqueva
863 1256 1166 1325 semetipsa
1197 1243 1697 1319 distinguitur;vel
1729 1242 1783 1295 in
1821 1244 2029 1293 semet—

458 1328 575 1431 ipsa
617 1328 735 1421 est,
765 1364 929 1424 atque
988 1352 1042 1404 in
1075 1349 1260 1416 aliquo
1308 1351 1363 1397 et
1405 1342 1463 1395 in
1498 1336 1753 1393 omnibus
1794 1339 1898 1385 est.
1950 1328 2031 1381 lta

457 1470 593 1510 vero
638 1466 706 1505 ne
743 1464 851 1502 una
882 1446 954 1499 sit
990 1443 1142 1503 unio,
1175 1445 1271 1493 aut
1319 1434 1519 1489 unicus
1568 1426 1764 1483 modus
1807 1418 2034 1477 unionis

404 1526 421 1546 ’
459 1546 794 1605 inveniatur,
832 1537 929 1593 sed
959 1544 1020 1590 ut
1054 1531 1268 1587 inﬁnito
1296 1538 1515 1581 omnem
1563 1518 1790 1574 modum
1837 1512 2034 1583 hujus-

462 1637 610 1692 modi
641 1631 947 1706 agnoscatis
976 1643 1073 1683 vos
1106 1624 1199 1695 qui
1226 1630 1482 1676 amovere
1510 1613 1681 1668 vultis
1705 1606 1871 1665 Verbi
1906 1616 2035 1661 cum

463 1745 627 1786 carne
656 1742 841 1783 veram
875 1731 931 1779 et
974 1715 1429 1793 gloriosissimam
1464 1706 1753 1764 unionem.

1112 1868 1266 1926 CAP.
1296 1865 1387 1921 Vl.

536 2014 710 2070 Omne
735 2007 1108 2080 quodcunque
1123 1998 1283 2055 alteri
1312 1995 1530 2052 unitum
1556 1989 1622 2046 ad
1648 1981 2044 2059 perﬁciendam

470 2120 635 2160 unam
672 2111 925 2157 naturam
982 2096 1097 2151 sive
1143 2101 1200 2148 et
1238 2085 1583 2161 hypostasim
1605 2081 1884 2136 viventem
1911 2114 1927 2139 ,
1986 2072 2048 2125 lit

468 2214 596 2269 pars
635 2196 799 2265 hujus
819 2200 1029 2246 naturae
1052 2202 1146 2242 seu
1176 2179 1522 2254 hypostasis;
1551 2173 1732 2231 omnis
1761 2184 1896 2224 vero
1922 2178 2050 2236 pars

474 2288 637 2343 unius
666 2294 876 2340 natura:
902 2296 998 2338 seu
1030 2274 1345 2349 hypostasis
1376 2268 1613 2326 viventis
1633 2309 1647 2333 ,
1678 2260 1919 2319 naturali
1953 2272 2051 2313 ne-

474 2380 730 2436 cessitate
747 2391 863 2431 com
874 2372 1074 2444 patitur
1095 2383 1221 2424 cum
1238 2374 1391 2436 parte
1408 2375 1644 2433 quacum
1666 2349 2051 2427 hujuscemodi

477 2482 729 2527 naturam
761 2484 858 2523 seu
882 2465 1049 2521 etiam
1080 2457 1420 2532 hypostasim
1449 2452 1703 2526 perfecit.
1728 2450 1842 2505 Nec
1862 2446 2055 2502 volens

480 2562 682 2627 anima,
718 2556 1051 2628 compatitur
1087 2566 1213 2607 eum
1271 2562 1525 2618 corpore.
1582 2538 2056 2610 Quemadmodum

482 2660 660 2709 cessat
710 2649 964 2721 preprias
1014 2640 1372 2713 Operationes
1445 2645 1577 2691 tunc
1620 2648 1749 2688 eum
1807 2627 2058 2684 membra

484 2744 755 2815 corporis,
790 2740 1120 2811 quibuscum
1171 2738 1433 2802 operatur
1464 2729 1594 2783 laesa
1630 2723 1857 2787 fuerint,
1890 2721 1968 2774 ita
2003 2725 2060 2772 et

485 2850 685 2904 corpus
720 2828 955 2886 naturali
1000 2823 1328 2896 necessitate
1368 2818 1548 2889 pcenis
1580 2812 1955 2881 terumnisque
2002 2823 2062 2861 a-

486 2927 651 2981 nimae
704 2922 955 2977 tabescit.
999 2918 1173 2972 Deum
1230 2920 1414 2967 autem
1462 2908 1703 2962 Verbum
1747 2899 2061 2958 necessario

489 3013 725 3084 eompati
755 3025 877 3065 eum
906 3014 1099 3062 nostra
1132 3003 1374 3058 animata
1396 2994 1804 3059 earnedicere,
1840 3004 1951 3044 non
1979 2995 2064 3042 est

486 3109 728 3178 justum;
771 3117 879 3156 non
910 3113 1040 3169 ergo
1071 3095 1262 3151 unitus
1293 3097 1379 3146 est
1411 3090 1555 3144 Deus
1584 3084 1829 3141 Verbum
1894 3079 2063 3133 alicui

2129 740 2206 838 ως
2248 772 2346 827 καὶ
2386 770 2473 839 ἐφ’
2523 767 2718 835 ἑαυτῇ,
2748 759 3063 816 τούναντίον
3101 747 3435 809 ἀκούσεσθε,
3467 746 3552 798 ὅτι
3581 740 3705 793 ἐπεὶ

2134 834 2337 939 μάλλον
2363 834 2520 916 τούδε
2569 834 2919 927 ὡμολόγηται
2946 852 3113 903 πᾶσιν
3139 848 3220 899 ὅτι
3255 844 3314 895 tv
3355 838 3524 905 ἑαυτῇ
3564 834 3705 893 ἐστι,

2136 924 2307 1027 σαφὲς
2336 955 2402 1009 ἂν
2425 954 2540 1023 εἴη,
2556 924 2638 1005 ὅτι
2662 946 2871 1001 Οὐκοῦν
2901 942 2997 997 καὶ
3020 942 3078 993 tv
3100 940 3265 991 πᾶσιν
3286 933 3455 993 ὅντως
3478 926 3616 981 ἐστί’
3640 924 3711 975 τὰ

2133 1014 2244 1117 γὰρ
2287 1014 2349 1109 έξ
2385 1014 2543 1113 ὑμῶν
2583 1055 2747 1110 φασιν
2782 1037 2865 1089 ὅτι
2906 1035 2963 1086 tv
3003 1032 3171 1084 πᾶσιν
3201 1023 3399 1095 ὁμοίως
3431 1018 3600 1080 ἐστὶν,
3633 1014 3713 1075 ὼς

2134 1105 2233 1193 καῖ
2258 1139 2315 1190 tv
2331 1105 2537 1205 έαὺτῇ.
2578 1105 2648 1185 ’Ἦ
2675 1125 2770 1183 οὑν
2793 1126 2916 1180 οὑδὲ
2939 1124 2995 1177 tv
3024 1121 3188 1190 ἑαυτῇ
3215 1120 3382 1179 ἐστιν,
3415 1110 3551 1165 ἀλλά
3579 1105 3713 1176 παρ’

2138 1229 2341 1301 ἑαυτήν
2382 1244 2442 1281 τε
2489 1199 2586 1278 καὶ
2628 1221 2829 1291 ἑαυτῆς
2880 1211 3315 1285 διακεκριμένη,
3362 1204 3397 1275 ἢ
3442 1204 3500 1255 tv
3541 1199 3712 1267 ἑαυτῇ

2140 1323 2259 1375 ἐστι
2296 1290 2401 1372 ’καὶ
2433 1317 2490 1370 ἔν
2534 1333 2639 1368 τινι
2679 1290 2871 1366 καὶγὲν
2902 1307 3067 1362 πᾶσίν
3099 1306 3279 1357 ἐστιν·
3334 1297 3410 1359 ὡς
3444 1290 3719 1365 μηδεμίαν

2141 1409 2284 1467 εἶναι
2318 1410 2351 1480 ἢ
2384 1406 2721 1463 ἐπινοεῖσθαι
2752 1401 2940 1475 λοιπὸν
2992 1399 3183 1471 μόνην,
3220 1390 3361 1447 ἀλλὰ
3403 1389 3584 1441 πᾶσαν
3638 1380 3722 1451 τῷ

2141 1474 2512 1575 ἀπεριγράφῳ
2544 1495 2941 1570 μαρτυρεῖσθαι
2977 1489 3226 1544 σύνθεσιν
3255 1482 3387 1554 παρ’
3425 1478 3579 1549 ὑμῶν
3608 1474 3723 1526 τῶν

2146 1564 2496 1665 βουλομένων
2531 1564 2795 1659 ἀθετῆσαι
2825 1586 2925 1656 τὴν
2968 1580 3185 1652 ἀληθῶς
3225 1576 3320 1630 τοῦ
3360 1572 3536 1641 Λόγου
3582 1564 3725 1636 πρὸς

2145 1686 2243 1758 τὴν
2271 1686 2472 1756 σάρκα,
2497 1680 2852 1753 ὑπερένδοξον
2880 1678 3097 1731 ἕνωσιν.

2733 1805 2987 1889 ΚΕΦΑΛ.
3042 1832 3131 1897 σν.

2219 1975 2338 2029 Πᾶν
2361 1970 2542 2026 ὁτιοῦν
2575 1967 2959 2038 συντιθέμενον
2989 1961 3164 2031 ἑτέρῳ
3197 1959 3279 2021 είς
3308 1954 3371 2010 τὸ
3404 1947 3731 2008 ἀποτελέσαι

2155 2066 2285 2137 μίαν
2314 2063 2478 2134 φύσιν
2506 2062 2540 2132 ἢ
2572 2060 2667 2114 καὶ
2695 2060 2995 2112 ὑπόστασιν
3038 2053 3243 2117 ζῶσαν,
3278 2047 3445 2119 μέρος
3488 2041 3733 2112 εὑρίσκευ

2150 2175 2241 2211 ται
2298 2156 2502 2225 ταύτης
2556 2152 2655 2222 τῆς
2711 2152 2935 2219 φύσεως·
2974 2147 3009 2217 ἢ
3056 2144 3152 2199 καὶ
3193 2138 3584 2198 ὑποστάσεως·
3623 2134 3737 2186 πᾶν

2153 2248 2212 2302 δὲ
2245 2247 2411 2318 μέρος
2435 2246 2565 2315 μιᾶς
2603 2242 2820 2312 φύσεως
2866 2239 2900 2309 ἢ
2962 2236 3060 2289 καὶ
3116 2231 3470 2290 ὑποστάσεως
3531 2225 3735 2293 ζώσης,

2156 2308 2361 2407 φυσικῇ
2399 2308 2627 2405 ἀνάγκῃ.
2665 2308 2979 2399 συμπάσχει
3029 2324 3105 2396 τῷ
3166 2323 3321 2394 μέρει
3372 2316 3491 2388 μεθ’
3542 2308 3604 2368 οὑ
3637 2314 3742 2384 τὴν

2155 2429 2365 2482 τοιάνδε
2420 2426 2584 2497 φύσιν
2634 2423 2668 2495 ἢ
2733 2422 2828 2476 καὶ
2864 2419 3161 2473 ὑπόστασιν
3206 2414 3388 2479 ζῶσαν
3417 2408 3740 2464 ἀπετέλεσε.

2157 2520 2251 2591 Μὴ
2282 2520 2513 2574 θέλουσα
2558 2516 2615 2571 δὲ
2665 2516 2698 2586 ἡ
2736 2512 2903 2584 ψυχὴ.
2968 2509 3280 2580 συμπάσχει
3339 2503 3417 2575 τῷ
3477 2501 3692 2571 σώματι
3723 2514 3740 2528 ο

2158 2612 2233 2676 ὡς
2287 2611 2383 2665 καὶ
2444 2608 2718 2663 παύεσθαι
2783 2606 2890 2659 τῶν
2974 2600 3192 2656 οἰκείων
3247 2593 3543 2668 ἐνεργειῶν
3589 2608 3743 2656 ποτε,

2160 2704 2270 2759 τῶν
2296 2702 2391 2756 τοῦ
2418 2701 2674 2772 σώματος
2709 2696 2909 2768 μελῶν,
2951 2693 3072 2765 μεθ’
3102 2686 3176 2747 ὧν
3218 2689 3456 2759 ἐνεργεῖ,
3506 2684 3744 2756 βλαπτο-

2167 2799 2346 2869 μένων
2379 2813 2396 2829 ο
2428 2795 2629 2865 ὁμοίως
2663 2790 2849 2845 καὶτὸ
2911 2789 3069 2858 σῶμα
3121 2786 3325 2854 φυσικῇ
3367 2780 3583 2849 ἀνάγκῃ
3628 2793 3751 2828 συν-

2162 2891 2387 2961 τήκεται
2415 2889 2534 2949 ταῖς
2559 2883 2758 2946 λύπαις
2791 2881 2891 2950 τῆς
2923 2879 3101 2949 ψυχῆς
3124 2878 3220 2930 καὶ
3267 2875 3388 2935 ταῖς
3435 2870 3747 2941 μερίμναις.

2164 2960 2271 3035 Τὸν
2299 2979 2357 3032 δὲ
2398 2978 2531 3032 Θεὸν
2577 2976 2751 3043 Λόγον
2799 2973 3018 3043 ἀνάγκῃ
3070 2970 3252 3037 λέγειν
3306 2960 3751 3035 συμπεπονθέναι

2165 3074 2231 3143 τῇ
2266 3071 2325 3137 ἐξ
2350 3069 2506 3140 ἡμῶν
2541 3066 2774 3138 ἐμψύχῳ
2808 3064 2996 3135 σαρκὶ,
3025 3061 3085 3114 οὑ
3120 3060 3280 3129 Θέμις
3312 3072 3326 3087 ·
3356 3057 3456 3108 οὐκ
3485 3053 3594 3124 ἄρα
3626 3066 3753 3103 συν·

492 3141 728 3178 ,ιιυιυ...,
771 3141 879 3156 ..υ..
912 3141 1038 3169 ωον
1075 3141 1260 3151 ....----
1298 3141 1375 3146 ---
1413 3141 1440 3144 _
1467 3141 1508 3143 _,
1543 3141 1549 3142 ,

492 3218 523 3255 e
548 3199 710 3253 nobis
735 3196 790 3249 in
819 3194 985 3248 unius
1013 3201 1224 3244 natura:
1274 3200 1369 3240 seu
1428 3178 1734 3252 hypostasis
1760 3174 2066 3232 subsisten-

2177 3141 2332 3255 ετέθη
2362 3162 2389 3213 ὁ
2414 3161 2545 3222 Θεὸς
2570 3157 2742 3225 Λόγος
2764 3155 2843 3225 τῷ
2868 3153 2927 3219 ἐξ
2967 3152 3125 3223 ἡμῶν
3158 3146 3431 3217 ἀνθρώπῳ
3484 3144 3563 3206 είς
3623 3141 3759 3211 μιᾶς

496 3292 626 3345 tiam
654 3307 668 3356 ;
699 3287 743 3342 si
774 3300 906 3341 vero
943 3282 1132 3337 unitus
1160 3285 1265 3341 est,
1303 3283 1361 3330 et
1392 3270 1705 3328 necessario
1739 3280 1935 3338 passus
1961 3270 2070 3325 est,

496 3380 643 3453 quod
675 3385 760 3433 est
786 3372 1150 3445 blasphemia.
1186 3368 1346 3423 Libet
1377 3371 1504 3419 ante
1535 3362 1723 3417 omnia
1758 3373 1858 3411 vos
1896 3356 2073 3410 inter-

498 3485 692 3544 rogare
726 3485 796 3523 an
831 3468 975 3522 idem
1004 3471 1255 3519 naturam
1285 3467 1339 3513 et
1370 3453 1706 3528 hypostasim
1750 3446 2077 3505 existimetis

500 3567 664 3621 etiam
700 3577 820 3623 vos,
852 3556 1009 3628 quasi
1055 3562 1264 3607 naturae
1312 3549 1478 3603 unius
1524 3550 1979 3616 propugnatores.
2017 3535 2076 3590 Si

501 3656 650 3710 enim
677 3653 781 3706 hoc
808 3661 1027 3719 quoque
1058 3659 1157 3699 vos
1183 3640 1389 3704 dicitis,
1417 3654 1487 3692 en
1516 3652 1546 3691 a
1570 3634 1728 3689 vobis
1754 3633 1874 3686 sine
1900 3641 2081 3699 pugna

505 3753 757 3801 errantes
794 3733 1312 3810 deprehendimini,
1342 3729 1679 3797 nominaque
1713 3723 1818 3777 alia
1840 3721 2084 3788 aliasque

507 3851 672 3891 voces
703 3832 943 3904 plurium
969 3825 1397 3899 appellationum
1422 3817 1781 3888 usurpatione
1822 3812 2087 3867 dissimu-

508 3930 718 3991 lantes;
754 3941 784 3979 a
838 3922 996 3978 nobis
1042 3919 1190 3976 enim
1224 3917 1334 3971 cito
1384 3915 1442 3969 in
1495 3911 1602 3966 hoc
1644 3901 2086 3963 confutabimini.

512 4022 699 4076 Primo
732 4026 915 4073 autem
946 4014 1013 4069 de
1039 4027 1173 4068 voce
1201 4006 1515 4071 Trinitatis;
1552 4003 1597 4057 si
1643 4000 1790 4056 enim
1824 3998 1963 4052 idem
1994 3994 2090 4050 ad-

512 4114 734 4169 mittitis
782 4112 891 4165 hazc
929 4122 1074 4172 esse,
1113 4104 1200 4159 vel
1245 4112 1358 4156 tres
1401 4094 1760 4159 substantias,
1795 4090 1882 4145 vel
1926 4102 2092 4143 unam

512 4203 836 4261 existimatis
856 4201 1098 4256 divinam
1121 4191 1481 4268 hypostasim.
1508 4184 1762 4244 Secundo
1783 4198 1936 4246 vero,
1967 4180 2096 4250 quia

514 4298 649 4353 duas
680 4306 905 4351 naturas
934 4306 1035 4346 nos
1063 4288 1320 4353 dicimus,
1339 4284 1475 4339 duas
1502 4294 1722 4352 quoque
1776 4277 2100 4349 hypostases

514 4390 733 4446 Domini
769 4403 872 4443 nos
900 4383 1068 4439 vultis
1102 4382 1329 4445 dicere;
1371 4375 1531 4447 quasi
1562 4387 1672 4427 non
1715 4369 1846 4426 satis
1889 4367 2099 4423 dictum

516 4484 715 4538 fuisset
752 4496 851 4552 pro
883 4486 1067 4533 vestra
1098 4473 1350 4529 doctrina
1376 4469 1445 4524 de
1479 4474 1676 4521 natura
1725 4460 1955 4532 duplici,
1993 4457 2100 4513 nisi

517 4576 681 4629 etiam
712 4571 1012 4627 adderetur
1043 4567 1247 4637 duplex
1274 4559 1602 4634 hypostasis.
1623 4557 1740 4613 Alia
1763 4566 1981 4625 quoque
2003 4564 2102 4604 vos

518 4666 789 4720 extollunt
810 4664 877 4717 de
907 4662 1015 4715 hoe
1036 4659 1184 4713 dicto
1211 4657 1263 4709 in
1294 4653 1519 4724 proprio
1541 4650 1685 4712 loco,
1717 4646 1772 4699 in
1796 4657 1906 4713 quo
1939 4638 2106 4695 simul

520 4772 620 4811 vos
649 4764 703 4809 et
730 4754 822 4823 qui
858 4767 922 4807 ex
948 4755 1102 4821 parte
1142 4756 1268 4801 sunt
1305 4741 1589 4814 Eutychis,
1618 4739 1723 4792 hoc
1747 4733 1905 4788 nobis
1928 4728 2106 4784 medi-

526 4847 716 4903 tamini
746 4845 1014 4905 dicentes,
1042 4849 1297 4895 naturam
1324 4845 1378 4893 et
1406 4831 1744 4907 hypostasim
1773 4826 1918 4881 idem
1941 4820 2108 4892 signi-

526 4940 725 4994 ﬁcare:
759 4936 863 4992 Aut
906 4934 1069 5005 igitur
1104 4931 1236 4985 duas
1286 4942 1488 4999 quoque
1526 4927 1862 4994 hypostases,
1908 4921 2001 4967 aut
2044 4925 2109 4965 ne

526 5040 750 5086 naturas
782 5002 993 5099 quidem
1039 5024 1213 5079 dicite.
1249 5020 1358 5078 Sed
1412 5015 1543 5073 alibi
1573 5013 1641 5069 de
1673 5010 1761 5066 his
1789 5023 1886 5063 vos
1922 5013 1979 5060 et
2027 5002 2108 5057 illi

527 5119 794 5177 confutati
825 5117 981 5174 estis.

571 5420 574 5423 λ
600 5388 656 5444 Si
687 5403 817 5443 vero
848 5386 983 5443 illud
1008 5402 1158 5442 nunc
1183 5383 1514 5441 erubescitis
1548 5379 1756 5440 dicere,
1784 5382 1954 5444 utque
1980 5369 2114 5425 alie-

532 5496 665 5535 num
697 5486 993 5549 utrumque
1022 5478 1321 5549 usurpatis,
1351 5477 1459 5531 hoc
1493 5472 1642 5529 enim
1678 5470 1864 5524 dicere
1894 5464 2115 5519 videtur

534 5574 870 5647 coniunctio;
901 5572 1085 5628 dicitis
1098 5572 1266 5627 enim:
1286 5565 1659 5641 perﬁciendam
1682 5577 1845 5616 unam
1862 5567 2116 5613 naturam

536 5669 638 5723 sive
656 5675 702 5720 et
735 5666 1053 5737 [typostasim
1084 5664 1373 5717 viventem:
1398 5675 1521 5716 cum
1544 5673 1653 5712 non
1678 5653 1929 5709 dixeritis
1953 5665 2115 5704 unam

540 5769 815 5824 naturam,
848 5762 953 5815 sive
993 5758 1335 5829 hypostasim,
1376 5752 1472 5809 sed
1507 5748 1725 5806 cuidam
1771 5743 2117 5817 disjunctivaa

545 5851 918 5921 coniunctioni
971 5845 1337 5919 copulativam
1370 5853 1417 5898 et
1448 5838 1791 5907 addideritis,
1822 5836 1984 5895 nobis
2016 5848 2114 5891 vo-

2177 3249 2391 3319 φύσεως
2422 3247 2455 3319 ἦ
2486 3247 2581 3300 καὶ
2605 3245 2956 3305 ὑποστάσεως
2986 3240 3269 3294 σύστασιν.
3294 3237 3357 3289 Εἰ
3385 3235 3441 3287 δὲ
3471 3231 3757 3301 συνετέθη,

2176 3341 2272 3395 καὶ
2291 3339 2559 3393 πέπονθεν
2590 3337 2827 3409 ἀνάγκῃ,
2858 3336 2995 3403 ὅπερ
3019 3332 3217 3393 ἀσεϐές
3242 3345 3256 3361 ⁸
3298 3328 3471 3398 ἡδέως
3510 3326 3575 3379 ἂν
3606 3324 3761 3394 ὑμῶν

2180 3432 2456 3503 πυθοίμην
2496 3430 2602 3500 πρό
2657 3446 2721 3497 γε
2774 3427 3053 3491 ἁπάντων,
3100 3423 3149 3475 εί
3207 3417 3403 3473 ταυτὸν
3449 3416 3615 3485 φύσιν
3666 3424 3765 3468 και

2182 3523 2479 3577 ὑπόστασιν
2500 3519 2680 3574 οἴεσθε
2702 3518 2795 3572 καὶ
2825 3518 3003 3585 ὑμεῖς,
3064 3514 3255 3582 ὥσπερ
3306 3511 3401 3563 καὶ
3449 3509 3499 3561 οἱ
3546 3507 3766 3575 φύσεως

2187 3615 2316 3685 μιᾶς
2364 3609 2839 3682 ὑπερμαχοῦντες.
2885 3607 2949 3659 Et
2980 3605 3088 3674 γὰρ
3116 3603 3275 3655 τοῦτο
3302 3599 3396 3653 καὶ
3425 3598 3581 3668 ὑμεῖς
3606 3611 3768 3665 φατε,

2186 3706 2261 3759 ἴδε
2314 3703 2542 3774 ἀκονητὶ
2603 3703 2735 3771 ἡμῖν
2793 3695 3188 3769 φωραθήσεσθε
3248 3690 3621 3760 σοφιζόμενοι,
3674 3686 3772 3740 καὶ

2186 3796 2255 3851 τὰ
2299 3795 2619 3868 ὲτερώνυμα
2664 3793 2759 3845 καὶ
2807 3790 3116 3861 ὲτερὸσημα
3169 3785 3258 3839 διὰ
3308 3781 3634 3855 προλήψεως
3661 3778 3778 3832 τῶν

2190 3887 2565 3959 πολυωνύμων
2604 3881 2990 3947 συσκιάζοντες
3017 3896 3031 3911 °
3072 3874 3467 3948 ὲλεγχθήσεσθε
3498 3873 3609 3942 γὰρ
3636 3871 3777 3933 τέως

2192 3980 2324 4049 ἡμῖν
2372 3978 2431 4030 ἐν
2473 3974 2671 4044 τούτῳ.
2722 3971 2945 4043 Πρῶτον
3006 3969 3103 4040 μὲν
3147 3966 3287 4019 κατὰ
3329 3964 3420 4017 τὸν
3472 3960 3783 4030 τριίιδικὸν

2193 4072 2352 4140 λόγον
2382 4086 2397 4100 ·
2453 4068 2502 4121 εἰ
2548 4068 2658 4137 γὰρ
2718 4064 2777 4117 τὸ
2815 4063 2947 4117 αὐτὸ
3003 4057 3289 4129 ἐκδέχεσθε
3350 4055 3477 4109 τάδε
3529 4049 3690 4116 εἶναι,
3742 4050 3780 4121 ἢ

2196 4163 2347 4233 τρεῖς
2376 4159 2479 4222 τὰς
2507 4157 2715 4223 οὐσίας,
2748 4154 2782 4223 ἢ
2826 4153 2957 4223 μίαν
3004 4148 3178 4203 οἴεσθε
3220 4146 3319 4218 τὴν
3354 4145 3506 4199 θείαν
3545 4144 3786 4196 ὑπόστα-

2202 4274 2308 4311 σιν.
2340 4253 2603 4323 Δεύτερον
2628 4249 2707 4314 δὲ,
2733 4248 2814 4301 ὅτι
2839 4247 2933 4300 καὶ
2959 4244 3052 4299 δύο
3086 4242 3276 4311 φύσεις
3311 4239 3470 4310 ἡμῶν
3490 4236 3785 4306 λεγόντων,

2203 4345 2563 4416 εἰσπράττετε
2588 4342 2738 4411 ἡμᾶς
2786 4339 2880 4393 δύο
2929 4337 3110 4405 λέγειν
3160 4334 3256 4388 καὶ
3308 4332 3641 4393 ὑποστάσεις
3692 4328 3791 4382 τοῦ

2206 4439 2415 4510 Κυρίου
2444 4452 2461 4468 ο
2488 4437 2563 4497 ὼς
2592 4435 2691 4487 οὐκ
2734 4430 2960 4493 ἐντελῶς
2989 4427 3280 4498 εἰρημένον
3323 4426 3460 4496 πρὸς
3516 4422 3614 4494 τὴν
3654 4422 3792 4492 ὑμε-

2132 4538 2177 4592 D
2205 4532 2370 4603 τέραν
2395 4528 2551 4593 δόξαν
2573 4524 2667 4580 τοῦ
2692 4521 2871 4578 διττοῦ
2902 4521 3005 4591 τῆς
3035 4520 3275 4589 φύσεως,
3300 4516 3393 4570 ἐὰν
3425 4517 3499 4587 μὴ
3530 4514 3796 4586 πρόσεστι

2213 4622 2391 4678 καὶτὸ
2421 4618 2641 4674 διπλοῦν
2697 4617 2796 4687 τῆς
2843 4613 3215 4675 ὑποστάσεως.
3278 4610 3391 4664 Καὶ
3438 4610 3510 4663 τὰ
3550 4608 3690 4663 ἄλλα
3738 4607 3798 4660 δὲ

2215 4716 2360 4787 ὑμᾶς
2383 4710 2743 4784 θριαμϐεύσει
2772 4706 2841 4761 τά
2889 4706 3019 4778 περὶ
3067 4706 3258 4758 τούτου
3311 4704 3368 4755 tv
3422 4700 3501 4771 τῷ
3560 4700 3677 4766 ἰδίῳ
3718 4700 3801 4750 εί-

2219 4807 2429 4880 ρημένα
2452 4802 2777 4874 κεφαλαίῳο
2832 4800 2890 4853 ὲν
2936 4794 2979 4866 ᾧ
3026 4797 3219 4860 κοινῶς
3280 4796 3436 4866 ὑμεῖς
3490 4810 3549 4845 τε
3597 4792 3695 4844 καὶ
3749 4792 3801 4843 οε

2215 4901 2323 4964 ἀπὸ
2346 4896 2643 4968 Εὑτυχοῦς,
2677 4894 2835 4948 τοῦτο
2873 4894 3007 4963 ἡμῖν
3053 4888 3471 4960 ἑσκαιωρὴσατε
3524 4886 3801 4954 λέγοντες,

2215 4995 2299 5046 ὅτι
2333 4990 2498 5061 φύσις
2533 4988 2629 5042 καὶ
2658 4985 2959 5046 ὑπόστασις
3001 4982 3198 5036 ταυτὸν
3231 4979 3485 5049 σημαίνει
3519 4993 3533 5009 ⁸
3578 4976 3657 5031 “II
3689 4970 3808 5029 οὖν

2217 5084 2325 5139 δύο
2384 5080 2481 5136 καὶ
2525 5081 2631 5145 τὰς
2668 5074 3061 5140 ὑποστάσεις,
3124 5073 3162 5141 ἢ
3217 5071 3381 5141 μὴδη
3430 5069 3538 5135 τὰς
3587 5068 3811 5140 φύσεις

2218 5176 2467 5246 λέγοιτε.
2513 5171 2655 5225 Ἀλλ’
2677 5169 2914 5240 ἑτέρωσε
2956 5168 3054 5239 μὲν
3082 5165 3209 5220 τάδε
3259 5165 3389 5234 ὑμῖν
3428 5180 3489 5216 τε
3534 5162 3814 5225 κάκείνοις

2218 5269 2556 5342 διήλεγκται.

2291 5362 2357 5416 Ei
2400 5361 2457 5413 δὲ
2477 5358 2638 5412 τοῦτο
2668 5356 2762 5411 νῦν
2807 5351 3045 5410 αἰδεῖσθε
3097 5352 3301 5420 λέγειν,
3357 5350 3452 5404 καὶ
3506 5348 3582 5412 ὠς
3620 5348 3814 5417 ἕτερον

2220 5452 2529 5524 λαμϐάνετε
2597 5449 2895 5520 ἑκάτερον·
2944 5447 3105 5500 τοῦτο
3153 5444 3263 5515 γὰρ
3317 5443 3466 5495 δοκεῖ
3509 5444 3814 5512 μαρτυρεῖν

2222 5552 2352 5620 ὑμῖν
2377 5550 2405 5602 ὁ
2434 5546 2527 5600 καὶ
2553 5545 2871 5615 σύνδεσμος,
2913 5541 3259 5609 φασκόντων,
3316 5538 3422 5605 Εἰς
3474 5536 3543 5590 τὸ
3599 5537 3815 5591 ἀποτε-

2222 5642 2399 5698 λέσαι
2436 5638 2580 5710 μίαν
2606 5638 2798 5707 φύσιν
2835 5634 2874 5704 ἢ
2906 5634 3005 5689 καὶ
3032 5635 3384 5690 ὑπόστασιν
3407 5630 3605 5689 ζῶσαν
3629 5643 3644 5658 ο
3687 5629 3813 5681 ἐπεὶ

2224 5737 2323 5789 οὑκ
2377 5732 2638 5803 εἰρήκατε
2691 5730 2842 5799 μίαν
2894 5728 3120 5796 φύσιν,
3186 5724 3390 5777 εἵτουν
3439 5721 3810 5783 ὑπόστασιν,

2224 5823 2361 5881 ἀλλὰ
2387 5819 2728 5914 προσθετικῷ
2759 5835 2865 5874 τινι
2897 5817 3180 5888 συνδέσμῳ
3204 5816 3300 5870 καὶ
3329 5814 3390 5870 τὸ
3430 5812 3619 5885 ἕτερον
3672 5812 3814 5879 ἐπη-
