4120 6448
437 395 568 463 1421

430 512 657 581 γάγετε,
721 514 882 571 τοῦτο
912 515 1093 587 λέγειν
1149 518 1370 590 ἔχοιμεν
1420 527 1559 596 πρὸς
1615 531 1782 600 ὑμᾶς,
1846 534 1922 599 ὡς

428 698 813 754 ἀποτελεῖσθαι
838 702 1196 759 άπετείνεσθε
1230 709 1394 777 μόνον
1425 710 1514 765 διὰ
1540 715 1731 783 τῶνδε,
1760 713 1906 790 εἶχεν
1953 722 2019 776 ἄν

426 804 481 839 τι
522 787 653 857 ὑμῖν
698 791 761 843 τὸ
800 791 1162 866 ἐπιχείρημα.
1214 796 1438 869 Ἐπειδὴ
1483 801 1540 855 δὲ
1572 804 1710 876 πρὸς
1734 787 1861 872 τούς
1889 810 2018 880 μίαν

424 879 523 949 τὴν
554 880 877 949 ὑπόστασιν,
920 886 1015 941 καὶ
1053 888 1115 940 οὐ
1145 888 1244 961 τὴν
1273 891 1456 960 φύσιν,
1484 895 1550 948 ἐκ
1572 897 1671 969 τῆς
1716 900 2018 967 συνθέσεως

420 974 455 1040 ἡ
466 974 571 1041 μᾶς
590 974 1017 1044 ὁμολογοῦντας,
1042 979 1102 1032 τὸ
1119 981 1253 1035 αὐτὸ
1269 984 1521 1051 ἐγκαλεῖν
1539 988 1651 1059 ἀπη
1662 990 2013 1063 ρυθριάσατε,

424 1062 643 1133 πρῶτον
666 1065 787 1134 μὲν,
812 1066 931 1130 πῶς
957 1068 1125 1140 μέρος
1165 1074 1303 1141 φατὲ
1331 1076 1432 1146 τῆς
1469 1077 1717 1133 ἐνουσίου
1771 1062 2014 1139 ὑποστάέ

422 1169 563 1216 σεως
597 1156 708 1208 πᾶν
736 1155 798 1209 τὸ
829 1158 1214 1231 συντιθέμενον
1248 1164 1330 1223 εἰς
1366 1166 1427 1218 τὸ
1452 1167 1783 1225 ἀποτελέσαι
1816 1174 2009 1245 αὐτὴν,

418 1245 765 1318 ἀκοὺσωμεν’
787 1251 889 1321 τῆς
910 1252 1019 1319 γὰρ
1043 1253 1442 1327 ὑποστάσεωςή
1459 1261 1776 1335 ὑπογραφὴ,
1796 1264 1855 1330 ἐξ
1884 1268 2012 1321 Ξδιο-

416 1336 597 1406 τήτων
638 1338 802 1391 τινῶν
850 1341 1005 1411 παρὰ
1050 1342 1118 1396 τὰ
1162 1345 1424 1415 ὁμοουσία
1445 1348 1503 1402 ἕν
1526 1366 1632 1404 τινι
1661 1353 2010 1411 ἐπουσιωδῶν

417 1427 451 1498 ἢ
500 1428 869 1483 ὲπιουσιωδῶν
900 1433 994 1485 καὶ
1022 1435 1447 1506 συμϐεϐηκότων
1475 1443 1658 1510 τινῶν,
1687 1445 2009 1516 ἀχωρίστως

417 1518 643 1593 όντωνῆ
676 1524 1107 1594 ἐπιγενομένων,
1136 1529 1478 1587 συνίσταται.
1512 1533 1651 1588 Οὔτε
1699 1536 1756 1589 δὲ
1809 1539 1868 1592 αἱ
1912 1540 2007 1593 οὐ-

422 1610 533 1664 σίαι
561 1612 673 1666 τῶν
706 1615 984 1671 συνθέτων
1012 1619 1155 1692 μέρη
1177 1621 1287 1675 τῶν
1317 1624 1672 1682 ὑποστάσεών
1709 1631 1817 1684 εἰσι
1847 1647 1863 1662 ·
1895 1633 2006 1688 τῶν

418 1700 528 1771 γάρ
556 1702 778 1768 οὐσιῶν,
809 1706 992 1759 οὐσίαι
1020 1707 1089 1761 τὰ
1112 1710 1254 1782 μέρη
1284 1714 1551 1782 γίνονται,
1600 1718 1660 1771 οὐ
1700 1720 1810 1773 τῶν
1868 1722 2004 1777 ὑπο-

417 1794 683 1861 στάσεων,
722 1797 845 1850 οὐδὲ
879 1799 987 1871 μὴν
1025 1800 1135 1855 τῶν
1165 1805 1591 1878 συμϐεϐηκότων
1620 1829 1673 1865 τι
1712 1812 1823 1868 τῶν
1853 1832 2002 1884 γινο⁹

1373 414 1772 482 ADVERSUS
1812 423 2363 497 NESTORIANOS.
2397 464 2467 476 ·-
2500 442 2645 505 LIB.
2728 448 2779 509 Ι.

3571 466 3709 537 1422

2123 645 2315 693 contra
2348 655 2443 696 eos
2476 645 2571 714 qui
2605 647 2797 704 dicunt
2820 668 2984 708 unam
3012 668 3267 715 naturam
3295 666 3492 722 unione
3513 674 3705 740 perﬁci

2121 726 2540 803 contenderitis,
2571 739 2655 794 sic
2686 743 3027 813 aliquantum
3070 753 3422 812 ratiocinium
3459 774 3706 823 vestrum

2119 821 2345 878 valeret.
2361 824 2498 882 Cum
2520 839 2703 887 autem
2725 835 3018 894 adversum
3042 858 3143 897 nos
3162 862 3323 901 unam
3344 850 3702 923 bypostasim,

2112 1276 2350 1345 primum
2389 1284 2711 1343 audiamus:
2740 1301 2939 1349 natura
2968 1296 3115 1351 enim
3155 1299 3462 1371 hypostasis
3488 1320 3705 1366 constat

2110 1382 2180 1422 ex
2217 1373 2653 1449 proprietatibus
2682 1382 3015 1450 quibusdam
3048 1393 3607 1455 consubstantialium
3644 1404 3703 1457 in

2110 1460 2294 1531 aliquo
2328 1469 2705 1526 essentialium
2737 1484 2834 1529 aut
2863 1480 3021 1547 quasi
3053 1485 3434 1542 essentialium
3484 1506 3547 1545 ac
3575 1495 3727 1563 qui-.

2108 1549 2338 1608 busdam
2377 1558 2760 1625 accidentibus
2790 1564 3258 1637 inseparabilibus
3305 1577 3391 1630 vel
3436 1549 3703 1649 superve-

2107 1643 2411 1703 nientibus.
2460 1651 2575 1707 Nec
2612 1670 2745 1710 vero
2792 1658 3120 1719 substantiae
3172 1668 3457 1724 uuitorum
3513 1684 3701 1743 partes

2104 1744 2236 1791 sunt
2274 1738 2682 1813 bypostaseon;
2726 1750 3162 1810 substantiarum
3194 1760 3341 1815 enim
3378 1738 3701 1823 substantiae

2104 1834 2287 1893 partes
2304 1828 2461 1897 ﬁunt,
2480 1848 2591 1888 non
2606 1835 2995 1907 hypostaseon,
3014 1860 3117 1900 nec
3131 1847 3298 1903 etiam
3315 1851 3535 1922 aliquod
3556 1858 3700 1911 acci-

414 1886 616 1956 μένων,
668 1891 839 1961 χωρὶς
884 1894 983 1962 τῆς
1014 1895 1105 1948 τοῦ
1142 1896 1508 1970 ὑποκειμένου
1540 1903 1894 1977 ἀναιρέσεως,
1922 1908 1986 1975 ὡς

414 1979 579 2018 ηέηηρ·
629 1981 687 2018 ευ
741 2002 845 2018 om.
879 1986 1176 2018 ι’..νηρσιιιωη
1220 1991 1453 2018 .!._L-.--s
1489 2013 1503 2018 -
1542 1997 1654 2018 axx.
1723 2000 1796 2018 om
1887 2003 1901 2018 ι
1982 2005 1986 2016 ι

2104 1886 2122 1893 _
2449 1886 2461 1897 ,
2530 1886 2543 1888 _
2558 1886 2591 1888 κ-
2607 1886 2995 1907 --.η---μωνυη
3015 1886 3298 1903 "una-um
3315 1886 3535 1922 ωιιιυυυ
3556 1886 3697 1911 aust-

2104 1915 2351 1974 dentium
2372 1938 2494 1992 quae
2515 1924 2674 1993 ﬁunt,
2705 1930 2856 1985 salvo
2884 1934 3153 2004 subjecto,
3180 1947 3239 1992 ut
3267 1957 3396 2009 pars
3428 1944 3480 1998 in
3512 1947 3697 2018 aliqua

411 1979 579 2051 μέρος
628 1981 687 2036 έν
741 2002 849 2038 τινι
879 1986 1178 2043 ὑποστάσει
1220 1991 1459 2065 ὑπάρχει
1489 2013 1503 2027 ·
1535 1997 1654 2051 ἀλλ’
1682 2000 1807 2053 οὐδὲ
1841 2003 2005 2058 αὐταὶ

408 2073 464 2125 αἰ
494 2075 725 2140 φυσικαὶ
782 2077 1069 2148 ἰδιότητες,
1123 2081 1199 2141 ὡς
1246 2085 1415 2157 μέρος
1450 2087 1557 2141 εἰσί
1612 2090 1724 2145 τῶν
1768 2094 2006 2149 ὑποστά-

408 2181 548 2218 σεων
606 2159 682 2220 ὧν
733 2169 875 2221 εἰσιν
934 2171 1173 2240 οὐσιῶν,
1233 2176 1372 2231 ἀλλὰ
1417 2182 1511 2235 καὶ
1555 2186 1781 2255 μερικοί¹
1829 2188 1999 2257 λόγοι.

408 2257 470 2310 Εἰ
501 2257 612 2329 γὰρ
642 2260 785 2332 μέρη
809 2262 867 2315 αἰ
918 2262 1181 2335 ἰδιότητές
1216 2270 1324 2321 εἰσι
1374 2275 1474 2343 τῆς
1515 2274 1892 2345 ὑποστάσεως,
1941 2280 2003 2335 τὸ

403 2347 460 2400 δὲ
490 2348 611 2401 ὅλον
644 2352 911 2419 συγγενὲς
968 2359 1083 2419 τοῖς
1133 2359 1326 2413 ἑαυτοῦ
1378 2364 1569 2436 μέρεσι
1627 2368 1723 2421 καὶ
1783 2372 1998 2439 ταυτὸν,

406 2440 498 2492 καὶ
524 2441 677 2494 οὐδὲν
708 2442 865 2510 γένος
890 2446 1043 2515 παρὰ
1065 2449 1243 2502 πάντα
1271 2452 1436 2506 αὐτοῦ
1491 2456 1560 2509 τὰ
1621 2459 1786 2530 μέρη,
1846 2461 1999 2517 ἔσται

405 2532 588 2586 καὶτὸ
622 2534 742 2588 ὅλον
766 2536 867 2607 τῆς
898 2538 1275 2607 ὑποστάσεως,
1322 2546 1522 2619 ἰδιότης
1565 2552 1797 2606 καθόλου
1838 2556 1999 2626 μόνον

402 2623 672 2688 ἀνούσιος.
731 2627 805 2679 Οὐ
858 2628 1020 2699 μόνον
1067 2632 1124 2685 δὲ
1173 2633 1354 2704 τοῦτο,
1384 2638 1520 2693 ἀλλὰ
1561 2644 1656 2695 καὶ
1688 2644 1813 2699 ὲπεὶ
1840 2623 1998 2703 πᾶσα

403 2715 607 2786 ἰδιότης
648 2718 766 2771 ἐστί
807 2720 869 2773 τὸ
904 2721 1026 2774 ὅλον
1058 2723 1159 2794 τῆς
1196 2726 1572 2795 ὑποστάσεως,
1604 2732 1764 2805 εἴπερ
1797 2736 1996 2808 ἰδιότης

398 2807 433 2877 ἦ
497 2808 688 2879 ἐτέρου
750 2811 896 2876 τινὸς
961 2812 1115 2869 ἔσται
1171 2816 1373 2888 ἰδιότης
1404 2837 1419 2851 ·
1473 2824 1566 2876 καὶ
1624 2825 1783 2879 τοῦτο
1831 2807 1995 2883 πάλιν

399 2900 487 2953 ἐπ’
536 2902 766 2976 ἄπειρον
817 2904 1120 2977 ζητητέον·
1162 2910 1196 2980 ἢ
1255 2912 1357 2983 οὐχ
1411 2915 1603 2987 ἐτέρου
1654 2913 1813 2985 οὖσα,
1870 2922 1992 2975 οὐδὲ

401 2993 603 3065 ἰδιότης
643 2995 824 3062 ἔσται,
866 2998 988 3051 οὐδὲ
1036 2999 1339 3068 ὑπόστασις
1389 3005 1519 3077 ἄρα.
1571 3010 1686 3063 Οὐκ
1743 3012 1852 3083 ἄρα
1899 3011 1992 3068 οὖν

340 3093 343 3097 ’
395 3091 517 3144 οὐδὲ
542 3093 598 3145 αἰ
628 3092 831 3158 οὐσίαι,
854 3094 977 3148 οὐδὲ
1004 3095 1076 3148 τὰ
1117 3097 1530 3170 συμϐεϐηκότα,
1582 3104 1705 3157 οὐδὲ
1747 3107 1802 3159 αἱ
1861 3106 1989 3161 ἰδιό-

394 3198 558 3252 τητες
607 3184 665 3236 αἱ
711 3185 998 3250 οὐσιῶδεις
1029 3188 1105 3252 ὼς
1137 3190 1281 3262 μέρη
1312 3193 1421 3244 εἰσί
1450 3195 1550 3264 τῆς
1577 3196 1821 3251 ὲνουσίου
1852 3200 1986 3252 ὑπο-

396 3275 641 3339 στάσεως
677 3293 691 3307 '
723 3277 840 3330 ἀλλ’
870 3280 936 3332 ἐκ
966 3280 1068 3349 τῆς
1098 3281 1309 3346 οὐσίας,
1348 3285 1494 3355 ’περὶ
1551 3287 1651 3358 τὴν
1703 3289 1897 3344 οὐσίαν
1949 3292 1982 3363 ἢ

392 3367 490 3419 καὶ
525 3366 823 3437 ἀλλαχόθεν
850 3371 909 3422 ὲν
939 3371 1078 3442 αὐτῇ
1121 3373 1214 3426 καί
1261 3377 1391 3445 περὶ
1446 3377 1637 3448 αὐτὴν,
1695 3382 1819 3436 τινά
1868 3383 1985 3438 ἐστι

388 3458 516 3513 τάδε
546 3460 692 3523 ἰδίως
725 3462 782 3513 ὲν
813 3461 951 3532 τῷδέ
992 3481 1100 3517 τινι
1162 3466 1535 3539 θεωρούμενα.
1588 3471 1737 3543 Πλὴν
1790 3475 1839 3527 εἰ
1891 3476 1986 3530 καὶ

388 3550 551 3603 τοῦτο
575 3551 707 3621 ὑμῖν
749 3553 1183 3625 συγχωρήσομεν
1217 3558 1298 3626 (οὐ
1353 3560 1462 3630 γὰρ
1515 3562 1806 3616 σπουδαῖον
1857 3567 1985 3637 περί

385 3643 579 3695 τούτου
604 3643 702 3697 νῦν
732 3644 1172 3713 ἀντιτάσσεσθαι,
1206 3650 1302 3703 καί⁸
1339 3651 1415 3714 ὡς
1445 3653 1616 3725 μέρος
1662 3655 1746 3725 εἴη
1807 3657 1865 3709 ὲν
1913 3659 1979 3731 τῇ

386 3736 687 3789 ὑποστάσει
745 3737 945 3791 ἑαυτοῦ
983 3739 1012 3792 ό
1052 3738 1187 3805 Θεὸς
1219 3744 1440 3811 Λόγος),
1470 3745 1768 3801 ἀκόλουθον
1802 3748 1979 3814 ἔσται,

385 3827 613 3898 μείζονα
665 3829 765 3899 τῆς
818 3830 1011 3893 οὐσίας
1065 3832 1165 3903 τῆς
1196 3833 1466 3905 Θεότητος
1531 3838 1715 3911 πάσης
1746 3839 1980 3895 ἕκαστον

380 3918 492 3973 τῶν
520 3919 687 3991 τριῶν
715 3920 890 3989 ἁγίων
916 3922 1231 3993 προσώπων
1254 3925 1330 3991 ὼς
1362 3927 1483 3983 ὅλον
1522 3931 1619 3984 καὶ
1658 3932 1792 3987 αὐτὸ
1844 3936 1978 3987 νοεῖ-

383 4011 534 4066 σθαι.
562 4014 673 4067 Καὶ
701 4013 846 4067 οὑτω
870 4015 969 4086 μὲν
1000 4016 1142 4071 τόδε.

469 4101 533 4155 Ἡ
566 4096 799 4174 δευτέρα
834 4104 895 4157 δὲ
928 4105 1085 4176 ὑμῶν
1117 4109 1382 4179 πρότασις
1410 4111 1599 4180 πάλιν,
1629 4115 1746 4179 πῶς
1775 4114 1890 4188 ἔχει
1915 4118 1977 4171 τὸ

376 4195 644 4267 βέϐαιον;
684 4197 810 4251 ’Ὀτι
871 4201 981 4253 πᾶν
1035 4200 1199 4274 μέρος
1254 4203 1606 4270 ὑποστάσεως
1657 4207 1971 4280 λεγόμενον,

380 4289 733 4361 συμπάσχειν
780 4289 856 4361 τῷ
907 4292 1081 4364 ἑτέρῳ
1119 4294 1336 4365 ἀνάγκη
1365 4312 1381 4328 ο
1443 4299 1539 4351 καὶ
1579 4299 1738 4353 τοῦτο
1762 4302 1850 4355 ἀεὶ
1880 4303 1975 4357 καὶ

378 4382 525 4436 κατὰ
556 4383 735 4438 πάντα
760 4383 1103 4455 ἀδιορίστως.
1138 4387 1250 4458 Τῆς
1285 4389 1394 4460 γὰρ
1443 4389 1537 4443 τοῦ
1591 4393 1797 4465 κόσμου
1842 4396 1972 4450 ὑπο·

377 4474 630 4538 στάσεως
679 4475 776 4528 καὶ
808 4475 1045 4543 φύσεως,
1082 4477 1271 4544 ἵππος,
1297 4480 1392 4533 καὶ
1417 4480 1530 4550 γύψ
1558 4498 1571 4512 ·
1597 4484 1693 4537 καὶ
1713 4486 1773 4537 οὐ
1807 4486 1969 4557 μόνον

2108 2007 2385 2080 hypostasi
2417 2016 2668 2087 exsistit;
2710 2023 2804 2076 sed
2838 2039 2939 2078 nec
2970 2026 3078 2081 illa:
3130 2007 3410 2090 naturales
3443 2007 3695 2109 proprie-

2107 2107 2434 2173 tates,quasi
2455 2123 2584 2177 pars
2607 2122 2737 2167 sunt
2754 2113 3119 2184 hypostaseon
3138 2137 3259 2190 quae
3283 2134 3413 2181 sunt
3434 2107 3697 2189 substan-

2105 2192 2214 2258 tiai,
2250 2196 2347 2250 sed
2374 2205 2431 2252 et
2460 2202 2816 2268 particularia
2848 2209 3016 2263 verba
3046 2228 3059 2276 ;
3096 2214 3142 2267 si
3177 2216 3325 2271 enim
3358 2231 3542 2288 partes
3568 2241 3696 2294 pro-

2107 2286 2374 2354 prietates
2392 2302 2521 2347 sunt
2542 2294 2919 2367 liypostaseos,
2939 2311 3114 2358 totum
3131 2317 3316 2362 autem
3334 2286 3693 2374 eonnaturale

2101 2655 2280 2710 solum
2341 2669 2528 2716 autem
2558 2663 2685 2731 hoc,
2719 2667 2815 2722 sed
2838 2679 2894 2724 et
2921 2687 3047 2727 cum
3072 2677 3254 2732 omnis
3283 2683 3594 2750 proprietas
3620 2687 3694 2744 sit

2102 2755 2279 2802 totum
2331 2750 2662 2823 hypoStasis,
2702 2775 2835 2831 ergo
2868 2766 3180 2835 proprietas
3228 2772 3314 2826 vel
3346 2774 3506 2843 cujus
3550 2778 3691 2833 alte-

2096 2838 2215 2893 rius
2248 2842 2357 2897 erit
2400 2848 2732 2916 proprietas,
2761 2852 2978 2924 hocque
3028 2872 3248 2915 rursum
3305 2863 3361 2918 in
3410 2867 3688 2924 inﬁnitum

2094 2932 2205 2987 erit
2253 2938 2634 3006 quaerendum,
2680 2944 2766 2998 vel
2800 2962 2908 3001 non
2949 2949 3200 3018 alterius,
3236 2970 3339 3010 nec
3385 2966 3517 3014 tunc
3554 2976 3688 3030 pro-

2091 3029 2298 3095 prietas
2325 3033 2451 3099 erit,
2484 3050 2588 3091 nec
2614 3036 2740 3092 ideo
2769 3039 3096 3111 bypostasis.
3124 3046 3241 3102 Non
3265 3064 3401 3121 ergo
3430 3068 3531 3108 nec
3556 3029 3690 3111 sub.

2090 3121 2326 3189 stantiaa,
2367 3141 2471 3181 nec
2492 3129 2818 3197 accidentia,
2849 3149 2953 3190 nec
2976 3140 3343 3209 proprietates
3364 3150 3686 3208 essentiales

2090 3208 2247 3275 quasi
2300 3221 2485 3280 partes
2529 3224 2659 3271 sunt
2697 3208 3091 3282 substantialis,
3124 3230 3452 3304 hypostasis,
3484 3241 3581 3295 sed
3614 3258 3684 3298 ex

2088 3299 2417 3369 substantia,
2451 3307 2519 3363 de
2551 3309 2859 3369 substantia
2887 3317 2972 3371 vel
3020 3328 3076 3374 et
3104 3299 3330 3381 aliunde
3380 3299 3448 3384 in?
3468 3331 3587 3401 ipsa
3615 3351 3682 3391 ac

2088 3389 2156 3445 de
2231 3392 2359 3460 illa,
2412 3399 2662 3467 quaedam
2707 3413 2837 3459 sunt
2878 3409 3288 3476 particularitcr
3332 3418 3389 3473 in
3438 3389 3679 3492 quodam

2085 3483 2457 3545 considerata.
2489 3490 2597 3546 Sed
2620 3494 2727 3549 etsi
2755 3496 2863 3552 hoc
2891 3501 3050 3557 vobis
3078 3512 3537 3579 concesserimus,
3565 3534 3677 3575 non

2086 3580 2272 3631 tamen
2313 3577 2688 3638 festinandum
2735 3597 2820 3643 est
2860 3599 2921 3644 ut
2969 3609 3120 3651 nunc
3170 3599 3238 3654 de
3294 3602 3399 3659 hoc
3444 3619 3674 3667 conten-

2084 3664 2270 3735 datur,
2302 3685 2429 3726 eum
2456 3673 2512 3729 in
2546 3675 2830 3747 hypostasi
2861 3683 3038 3754 ipsius
3070 3700 3219 3746 esset
3250 3702 3507 3767 tanquam
3544 3719 3675 3773 pars

2082 3760 2256 3819 Deum
2290 3767 2556 3825 Verbum.
2580 3772 2991 3847 Consequentia
3042 3786 3181 3852 erit,
3210 3792 3475 3862 majorem
3520 3802 3671 3856 omni

2081 3854 2391 3914 substantia
2465 3862 2787 3923 Divinitatis
2836 3854 3498 3949 unamquamque'trium
3546 3906 3672 3961 per-

2080 3963 2338 4007 sonarum
2367 3964 2682 4014 sanctarum
2707 3970 2766 4016 ut
2787 3972 2962 4020 totum
2992 3977 3048 4023 et
3066 3970 3244 4040 ipsum
3269 3974 3519 4052 intelligi.
3544 3983 3669 4040 Harc

2079 4049 2265 4096 autem
2299 4045 2595 4105 sulﬁeiant.
3568 4096 3569 4099 η
3622 4128 3644 4151 θ

2149 4131 2244 4151 οη
2354 4137 2365 4151 .
2504 4147 2513 4151 -

2148 4131 2401 4191 Secunda
2422 4147 2607 4196 autem
2630 4153 2810 4200 vestra
2828 4153 3155 4220 propositio,
3182 4162 3459 4226 quomodo
3486 4131 3666 4228 valct‘.

2076 4224 2323 4295 scilicet,
2359 4244 2581 4288 omnem
2616 4248 2854 4306 partem,
2902 4257 3027 4313 qua:
3078 4246 3282 4304 dicitur
3333 4253 3664 4325 hypostasis,

2076 4322 2393 4377 necessario
2452 4330 2694 4397 compati
2722 4347 2846 4386 eum
2873 4335 3068 4404 altera,
3096 4339 3313 4411 hocque
3351 4362 3573 4419 semper
3612 4362 3670 4407 et

2077 4407 2131 4463 in
2177 4413 2435 4469 omnibus
2471 4417 2797 4476 indeﬁnite?
2828 4424 3018 4481 Mundi
3060 4444 3194 4486 vero
3224 4407 3538 4505 liypostasis
3568 4458 3668 4497 na-

2077 4506 2324 4572 turaeque
2353 4516 2483 4561 sunt
2514 4524 2694 4579 equus
2726 4524 2782 4570 et
2811 4516 3137 4584 vultur,nec
3169 4525 3347 4579 solum
3368 4544 3495 4584 eum
3527 4547 3667 4589 una-

372 4566 437 4621 οὑ
465 4568 780 4639 συμπάσχει
810 4566 1026 4641 θατέρῳ
1046 4569 1275 4642 θάτερον
1302 4568 1464 4638 εἶδος,
1492 4574 1627 4628 ἀλλὰ
1661 4578 1756 4630 καὶ
1780 4579 1971 4631 εὐσθε-

372 4664 456 4688 ..-ῗ
477 4662 535 4688 -λ
557 4660 790 4688 ...ε--.-η
866 4662 1050 4688 2'__-...
1114 4666 1457 4688 1.-._-_-,_.,L.,
1514 4687 1519 4688 ,
1550 4687 1555 4688 ,
1640 4671 1654 4688 κ
1710 4672 1749 4688 in
1819 4673 1835 4688 ς
1894 4676 1907 4688 ι

2566 4566 2582 4579 ,
2678 4566 2685 4567 ,
2738 4566 2780 4570 η
2853 4566 3137 4584 τημνην
3169 4566 3495 4584 “unus...”
3528 4566 3663 4589 ...κι-

2088 4607 2295 4663 quaque
2345 4613 2689 4671 unaquaaque
2726 4607 2941 4676 species
2995 4626 3106 4665 non
3153 4619 3492 4687 compalitur
3520 4663 3534 4688 ,
3567 4626 3663 4679 sed

372 4664 456 4716 νεῖ
476 4662 538 4714 τὸ
557 4660 810 4731 γύπτιον,
866 4662 1050 4717 ἵππων
1107 4666 1560 4737 ἀναιρουμένωνο
1603 4671 1665 4724 τὸ
1704 4672 1760 4725 δὲ
1819 4673 1968 4728 λεόν-

370 4772 518 4808 τειον
548 4754 779 4809 αὐτόθεν
803 4755 924 4809 οὐδὲ
949 4756 1063 4827 ἔχει
1090 4759 1149 4812 τὸ
1175 4752 1338 4825 εἶναι,
1362 4763 1411 4815 εἰ
1458 4763 1535 4832 μὴ
1587 4764 1674 4819 διὰ
1716 4768 1816 4838 τῆς
1871 4769 1964 4822 τοῦ

372 4845 552 4917 βοείου
587 4845 754 4917 τυχὸν
801 4848 898 4901 καὶ
940 4848 1051 4904 τῶν
1100 4850 1359 4905 τοιούτων
1414 4855 1710 4927 ἐπιϐουλῆς
1752 4899 1768 4925 ,
1828 4857 1964 4923 ζωο-

369 4937 572 5008 φθόρον
586 4956 640 4990 τι
663 4937 723 4992 ὅν
754 4940 849 4994 καὶ
877 4943 1251 5011 σαρκοφάγον.
1269 4944 1335 4998 Τί
1362 4946 1417 4999 δὲ
1450 4947 1517 5002 ἂν
1530 4950 1674 5004 εἴποι
1704 4969 1789 5017 τις
1818 4954 1964 5024 ὅρνι-

368 5029 470 5094 θας
493 5030 845 5097 πεπονθέναι,
866 5034 914 5085 εἰ
952 5037 1160 5088 νοσοῖεν
1193 5038 1247 5089 αἱ
1271 5037 1474 5093 τούτων
1503 5041 1782 5098 ἐπίϐουλοι
1815 5045 1964 5100 ἀλώ-

364 5140 579 5189 πεκες;
637 5123 963 5179 Τούναντίον
1044 5126 1151 5198 γάρ
1232 5129 1382 5184 ἔστιν
1439 5132 1589 5199 ἰδεῖν,
1639 5135 1716 5200 ὡς
1767 5139 1958 5210 ἐτέρου

364 5215 671 5286 πάσχοντος
701 5218 904 5288 μέρους
926 5219 1038 5272 τῶν
1067 5221 1124 5273 ἐν
1146 5220 1225 5291 τῷ
1256 5224 1468 5295 κόσμῳ,
1489 5226 1679 5298 ἕτερον
1709 5230 1923 5285 εὐεκτεί
1942 5250 1955 5263 ο

363 5309 463 5362 καὶ
487 5311 679 5380 ἐτέρου
738 5310 1119 5379 εὐθαλοῦντος,
1180 5314 1368 5386 ἓτερον
1419 5317 1748 5391 δυσπραγεῖ.
1795 5322 1959 5379 Ἀλλά

364 5400 587 5455 καὶτοῦ
616 5401 733 5465 ἑνός
766 5419 914 5467 τινος
969 5403 1263 5475 ἀνθρώπου
1310 5409 1455 5463 κατά
1498 5426 1621 5464 τινα
1667 5411 1958 5478 διδάξαντα

362 5494 535 5563 ἡμᾶς,
570 5493 798 5546 κατὰτὸ
822 5493 928 5559 ἔξω
960 5495 1435 5569 διαφθειρομέιου,
1482 5502 1510 5554 ὁ
1554 5502 1662 5556 ἔσω
1707 5504 1957 5562 ἀνακαιο

360 5584 575 5641 ναῦται
604 5585 796 5657 ἡμέρᾳ
819 5588 920 5641 καί
953 5589 1164 5659 ἡμέρᾳ.
1194 5593 1306 5646 Καὶ
1356 5594 1467 5663 γὰρ
1491 5594 1586 5649 τοῦ
1616 5597 1784 5652 αὐτοῦ
1832 5604 1955 5655 κατ’

358 5680 596 5751 ἀριθμὸν
650 5679 791 5747 ἐνὸς,
844 5682 907 5735 τὸ
967 5683 1067 5753 μὲν
1108 5687 1351 5757 πνεῦμα,
1404 5689 1553 5744 κατὰ
1595 5692 1695 5761 τῆς
1750 5694 1954 5765 σαρκὸς

358 5771 671 5842 ἐπιθυμεῖ·
709 5774 742 5843 ἠ
787 5774 845 5827 δὲ
877 5776 1037 5847 σὰρξ.
1093 5779 1235 5833 κατὰ
1281 5782 1377 5836 τοῦ
1436 5784 1747 5856 πνεύματος
1783 5804 1797 5818 ⁸
1858 5790 1952 5845 καὶ

355 5865 427 5918 τὰ
454 5863 551 5919 τοῦ
575 5866 694 5932 ἐνὸς
714 5867 934 5941 ὁμοφυῆ
968 5870 1146 5944 πάντη
1178 5874 1407 5931 πλεῖστα
1446 5876 1578 5934 ὄντα
1634 5879 1800 5952 μέρη,
1854 5883 1950 5939 άν-

2074 4683 2242 4739 etiam
2298 4690 2443 4743 valet
2494 4694 2796 4762 vulturina,
2839 4700 3002 4767 equis
3052 4702 3363 4763 interfectis
3398 4728 3410 4765 :
3442 4711 3664 4772 leonina

2072 4788 2206 4829 vero
2245 4781 2391 4834 unde
2421 4783 2643 4838 exsistit
2670 4785 2776 4840 nisi
2801 4803 2866 4842 ex
2894 4789 3113 4847 bovinaa
3137 4796 3306 4867 atque
3341 4799 3662 4872 liujusmodi

2071 4868 2387 4937 venatione,
2410 4888 2537 4927 cum
2565 4875 2636 4930 sit
2658 4877 2917 4937 immanis
2942 4898 3005 4938 ac
3033 4888 3340 4945 carnivora.
3363 4893 3505 4958 Quid
3531 4913 3663 4952 vero

2071 4962 2331 5021 dicentur
2362 4969 2474 5038 pati
2498 4971 2778 5039 Volucres,
2808 4977 2874 5041 si,
2906 4979 3100 5049 vulpes
3124 4982 3365 5052 ipsarum
3395 5005 3657 5061 aucupes.

2069 5062 2489 5128 aagrotaveriut?
2508 5064 2861 5124 Contrarium
2889 5073 3035 5127 enim
3064 5075 3363 5134 videndum
3395 5093 3480 5138 est
3511 5104 3522 5139 :
3550 5104 3656 5143 una

2072 5148 2237 5219 hujus
2266 5155 2456 5209 mundi
2480 5166 2635 5226 parte
2670 5160 2977 5227 laborante,
3011 5166 3184 5222 altera
3218 5170 3403 5237 valet;
3436 5190 3659 5247 unaque

2070 5240 2324 5310 ﬂorente,
2374 5248 2546 5302 altera
2590 5261 2821 5306 marcet.
2890 5254 2960 5309 At
3012 5272 3347 5331 unoquoque
3402 5240 3651 5333 homine,

2069 5332 2380 5388 secundum
2426 5337 2572 5405 quod
2619 5355 2721 5395 nos
2766 5345 3107 5413 experimur,
3138 5364 3207 5403 ex
3248 5352 3335 5407 his
3366 5372 3489 5425 quae
3519 5360 3656 5417 foris

2068 5433 2200 5477 sunt
2240 5436 2527 5496 corrupta,
2560 5431 2658 5498 qui
2708 5432 2863 5489 intus
2911 5445 2998 5490 est
3047 5451 3335 5497 renovatur
3370 5446 3435 5500 de
3465 5450 3550 5503 die
3598 5453 3654 5505 in

2065 5514 2225 5569 diem.
2259 5515 2352 5573 Sic
2375 5521 2526 5575 enim
2559 5523 2807 5593 ejusdem
2845 5528 3011 5584 unius
3043 5548 3277 5590 numero
3302 5539 3534 5607 spiritus
3567 5559 3656 5599 se-

2065 5608 2305 5663 cundum
2336 5626 2557 5668 carnem
2584 5617 2949 5686 concupiscit,
2975 5636 3105 5679 caro
3124 5635 3309 5683 autem
3345 5634 3651 5690 secundum

2065 5702 2353 5771 spiritum;
2396 5721 2461 5761 ac
2504 5708 2782 5781 pleraeque
2816 5722 3001 5783 partes
3046 5719 3212 5776 unius
3244 5737 3367 5791 qua:
3398 5726 3649 5796 ejusdem

2063 5805 2275 5852 natura:
2296 5800 2523 5855 omnino
2538 5812 2687 5869 sunt,
2703 5804 2808 5860 sibi
2835 5806 3073 5866 invicem
3098 5814 3491 5887 adversantur;
3524 5837 3648 5891 per-

2063 5905 2171 5960 que
2205 5891 2530 5953 alterutrius
2556 5898 2795 5967 partium
2838 5903 3246 5981 tribulationes,
3281 5912 3453 5971 altera
3502 5915 3645 5975 bene
