4120 6492
510 457 644 519 1423

1788 453 2095 513 LEONTII
2136 449 2539 510 BYZANTINI

3623 437 3745 500 llﬂzl

504 576 689 639 valet;
723 587 847 628 cum
893 585 1057 640 super
1106 567 1361 624 dextrum
1391 568 1537 623 latus
1580 567 1975 631 recumbimus,
2008 566 2082 621 si-

2194 565 2451 617 τίκεινται
2476 560 2726 632 ἀλλήλοις
2750 574 2763 589 °
2802 558 2895 611 καὶ
2921 556 3007 610 διὸ.
3032 554 3130 625 τῆς
3164 553 3393 625 θατέρου
3430 552 3535 607 τῶν
3582 555 3747 625 μερῶν

504 665 743 718 nistrum
804 661 1143 723 allevamus,
1195 658 1527 727 sinistraque
1576 672 1739 710 manu
1795 656 2083 709 laborante

506 754 733 808 dextera
751 752 1002 821 quiescit.
1023 751 1080 804 In
1106 766 1213 804 una
1238 764 1457 819 quoque
1475 747 1775 820 hypostasi,
1789 746 2084 817 liquefacta

506 844 857 915 pinguedine.
888 842 1176 895 firmantur
1198 857 1391 897 carnes
1416 840 1929 895 exercitationibus.
1950 838 2084 892 Ossa

504 952 637 991 vero
671 946 835 1004 atque
876 934 1245 1003 cartilagines,
1278 948 1414 987 caesa
1448 933 1607 1001 pelle,
1645 931 1781 985 nihil
1815 929 2082 992 sentiunt,

506 1030 635 1083 licet
670 1027 723 1079 in
758 1026 952 1080 eodem
984 1026 1094 1079 sint
1127 1039 1357 1093 corpore
1392 1024 1718 1093 composito,
1744 1037 1807 1076 ac
1835 1022 2085 1091 quredam

507 1119 757 1186 corporis
788 1125 991 1185 partes,
1017 1130 1138 1183 qua:
1168 1123 1325 1167 antea
1356 1113 1575 1167 fuerant
1604 1127 1783 1182 passa,
1814 1111 1934 1165 aliis
1964 1126 2088 1165 cor-

508 1208 658 1280 poris
682 1207 1020 1277 patientibus
1043 1205 1315 1276 partibus,
1335 1220 1442 1258 non
1462 1205 1637 1258 solum
1652 1219 1759 1257 non
1776 1203 2085 1272 patiuntur,

509 1300 605 1355 sed
639 1299 803 1354 etiam
838 1297 1010 1367 prima
1048 1297 1304 1366 passione
1336 1296 1663 1359 liberantur,
1692 1304 1753 1348 ut
1784 1293 1971 1347 videre
2004 1303 2089 1347 est

511 1390 568 1443 in
599 1388 777 1457 capite
805 1387 890 1440 vel
923 1387 1097 1440 oculis
1132 1386 1546 1455 aegrotantibus,
1578 1386 1621 1439 si
1657 1384 1892 1454 pedibus
1922 1399 2091 1453 aegro-

511 1480 731 1543 taverit,
778 1478 907 1531 item
947 1478 1001 1530 in
1040 1477 1395 1532 calefaciente
1447 1491 1667 1529 manum
1699 1490 1797 1544 per
1825 1474 1939 1528 oris
1962 1489 2089 1543 pas»-

509 1571 717 1634 siones,
772 1570 1013 1638 itemque
1055 1570 1318 1623 verticem
1346 1568 1565 1622 aurium
1595 1565 1872 1637 passionis
1901 1581 2086 1620 causa.

510 1661 569 1716 Si
619 1676 748 1714 vero
789 1659 905 1713 haec
950 1658 1264 1729 hujusmodi
1311 1658 1548 1727 quadam
1599 1657 1908 1728 sympathia
1958 1672 2085 1711 eve-

509 1753 686 1816 niant,
741 1751 971 1805 alterius
1010 1759 1192 1805 autem
1248 1751 1554 1820 perniciosa
1606 1750 1808 1820 passio,
1861 1748 2092 1803 alterius

510 1844 731 1898 videtur
760 1843 929 1910 salus,
962 1842 1429 1913 quemadmodum
1457 1843 1625 1896 etiam
1658 1842 1726 1896 de
1758 1841 2093 1896 animalibus

510 1937 821 1993 carnivoris
845 1937 1010 1991 modo
1052 1935 1263 1991 dictum
1334 1946 1439 1991 est.
1505 1936 1656 2007 Ignis
1704 1935 1873 1990 etiam
1929 1950 2087 2005 aquae

512 2031 702 2085 unitus
734 2030 789 2083 in
840 2044 1006 2083 unam
1037 2029 1288 2097 corporis
1323 2038 1577 2082 naturam
1613 2043 1680 2083 ac
1724 2028 2086 2098 bypostasim,

512 2124 857 2193 compatiens
891 2119 1049 2190 quasi
1080 2134 1226 2189 pars,
1262 2119 1517 2174 mirabile
1548 2129 1662 2186 est;
1705 2134 1813 2173 non
1857 2134 1990 2188 ergo
2027 2133 2091 2171 a-

514 2214 856 2271 bundantius
898 2212 1096 2269 disseri
1127 2211 1433 2266 adversarii
1481 2211 1795 2266 debilitatio
1845 2212 2090 2280 unioque

513 2306 711 2361 sciant.

2188 656 2443 724 θλίψεως,
2514 653 2577 706 τὸ
2634 652 2820 720 ἕτερον
2880 649 3094 703 εὑεκτεῖ
3124 664 3137 677 ’
3194 645 3608 708 κατακλιθέντες
3650 644 3747 715 γὰρ

2188 749 2277 801 ἐπὶ
2300 746 2480 811 δεξιάν
2511 743 2777 814 πλευρὰν,
2826 743 2923 812 τὴν
2977 740 3136 793 λαιὰν
3187 732 3577 806 ἀνεπαύσαμῖεν
3606 750 3621 764 ⁸
3664 734 3752 788 καὶ

2190 838 2504 909 καμνούσης
2538 837 2639 905 τῆς
2665 836 2821 898 λαιᾶς
2861 833 3061 905 χειρὸς,
3093 833 3128 903 ἡ
3169 828 3320 895 δεξιά
3361 827 3749 884 διαναπαύεται.

2200 931 2361 985 Ἀλλά
2386 931 2567 984 κα¹ιέκ
2597 929 2726 999 μιᾶς
2768 926 3120 988 ὑποστάσεως
3176 922 3335 977 τοῦδέ
3386 938 3549 985 τινος,
3598 936 3754 990 τηκο-

2191 1022 2359 1094 μένης
2399 1021 2655 1091 πιμελῆς,
2714 1019 3032 1090 ἁδρύνονται
3080 1018 3139 1069 αἰ
3199 1016 3403 1086 σάρκες
3450 1015 3507 1067 ὲν
3558 1028 3758 1082 γυμνι-

2190 1114 2347 1176 σίοις.
2401 1114 2564 1165 Ὀστᾶ
2618 1112 2675 1164 δὲ
2728 1112 2821 1165 καὶ
2849 1110 3060 1181 χόνδροι
3094 1106 3494 1179 μαστιζομένου
3523 1104 3614 1159 τοῦ
3641 1104 3757 1175 δέρ-

2192 1223 2386 1276 ματος,
2423 1205 2578 1258 οὑδὲν
2610 1204 2979 1268 αἰσθάνονται,
3026 1203 3207 1255 καίτοι
3238 1204 3297 1254 ὲν
3353 1200 3431 1269 τῷ
3470 1197 3612 1267 αὐτῷ
3641 1195 3761 1251 ὅντα
3801 1255 3807 1261 ι

2190 1298 2271 1351 ἐν).
2299 1296 2539 1365 συνθέτῳ
2566 1296 2779 1367 σώματι
2819 1312 2835 1327 ·
2870 1294 2994 1347 τινὰ
3043 1294 3101 1347 δὲ
3162 1293 3327 1363 μόρια
3381 1290 3475 1344 τοῦ
3525 1289 3762 1359 σώματος

2192 1390 2386 1463 πρώην
2417 1391 2514 1443 καὶ
2543 1388 2897 1451 ἀσθενοῦντα,
2920 1386 3125 1457 ἐτέρων
3152 1384 3247 1438 τοῦ
3302 1383 3467 1437 αὑτοῦ
3521 1380 3766 1452 σώματος

2194 1483 2397 1552 μορίων
2433 1480 2737 1546 παθόντων,
2765 1480 2825 1532 οὑ
2877 1480 3039 1551 μόνον
3080 1478 3141 1531 οὑ
3188 1474 3591 1544 συνεπάθησαν,
3637 1468 3765 1523 ἀλλὰ

2191 1574 2288 1626 καὶ
2314 1572 2711 1641 ἀπηλλάγησαν
2744 1571 2838 1623 τοῦ
2872 1570 3063 1641 πρώην
3096 1569 3307 1631 ἐνόντος
3340 1566 3521 1628 αὐτοῖς
3546 1561 3762 1622 πάθους·

2190 1664 2266 1727 ὡς
2299 1664 2414 1716 ἔστι
2442 1664 2536 1717 ἐπὶ
2564 1663 2671 1715 τῶν
2718 1660 3207 1731 κεφαλαλγούντων
3236 1659 3270 1728 ἢ
3324 1653 3764 1727 ὀφθαλμιώντων,

2192 1758 2241 1809 εἰ
2292 1756 2708 1831 ποδαλγήσαιεν,
2759 1756 2887 1808 ἰδεῖν
2917 1770 2932 1785 ο
2964 1753 3060 1807 καὶ
3093 1752 3187 1805 ἐπὶ
3213 1751 3321 1804 τῶν
3350 1749 3653 1820 καιομένων
3675 1744 3767 1814 τὴν

2124 1883 2166 1939 Β
2192 1850 2354 1918 χεῖρα
2373 1848 2461 1901 διὰ
2483 1850 2551 1901 τά
2582 1848 2843 1916 ὲνστόμια
2873 1846 3023 1915 πάθη
3053 1861 3067 1876 ⁸
3109 1843 3204 1897 καὶ
3237 1843 3297 1896 τὸ
3330 1842 3569 1912 βρέγμα,
3595 1838 3768 1907 λώϐης

2190 1941 2372 2011 χάριν.
2416 1940 2479 1992 Εἰ
2508 1940 2618 2011 γάρ
2676 1939 2770 1994 καὶ
2837 1936 3153 2007 συμπαθείᾳ
3206 1936 3313 1988 τινὶ
3364 1933 3574 2002 γίνεται
3625 1929 3766 1991 τάδε,

2191 2031 2326 2085 ἀλλὰ
2347 2032 2408 2083 τὸ
2435 2032 2620 2103 ἑτέρου
2662 2029 2961 2101 φθαρτικὸν
3020 2028 3227 2091 πάθος,
3277 2025 3467 2092 ἐτέρου
3515 2018 3774 2077 σωστικδν

2193 2124 2445 2192 φαίνεται
2480 2140 2491 2150 ·
2548 2122 2737 2194 ὥσπερ
2768 2122 2860 2175 καὶ
2910 2122 3003 2173 ἐπὶ
3032 2120 3143 2173 τῶν
3173 2119 3328 2183 ζώων
3356 2116 3466 2170 τῶν
3499 2114 3770 2186 σαρκοφά-

2196 2231 2309 2284 γων
2342 2216 2529 2285 εἴρητο
2558 2215 2784 2286 ἀρτίως.
2824 2214 2943 2284 Πῦρ
2976 2212 3032 2265 δὲ
3061 2210 3216 2265 ὕδατι
3258 2208 3515 2262 συντεθὲν
3538 2207 3617 2269 εἰς
3646 2205 3774 2277 μίαν

2197 2307 2451 2378 σώματος
2478 2308 2638 2377 φύσιν
2680 2309 2774 2360 καὶ
2806 2306 3127 2369 ὑπόστασιν,
3164 2300 3485 2372 θαυμαστὸν
3533 2300 3583 2353 εἰ
3641 2314 3773 2366 συμο

513 2404 711 2472 πάσχει
742 2402 817 2464 ὼς
850 2399 1011 2469 μέρος
1040 2413 1055 2428 ·
1083 2397 1257 2451 καἰοὺ
1308 2397 1509 2466 μᾶλλον
1538 2396 1859 2460 πλεονάζειν
1897 2413 1959 2449 τε
2002 2400 2096 2451 καὶ
2133 2403 2503 2458 ἐπιτείνεσθαι
2564 2404 2783 2473 λέγεται
2832 2405 2901 2475 τῇ
2958 2400 3053 2455 τοῦ
3123 2396 3419 2453 ἀντιπάλου
3472 2393 3773 2468 ἀμϐλύτητι

454 2542 459 2545 ,
515 2498 607 2554 καὶ
637 2493 849 2548 ένώσει.
874 2510 885 2522 ⁸

588 2589 646 2644 Si
676 2597 861 2643 autem
923 2599 1034 2639 non
1083 2584 1423 2639 substantias
1477 2584 1644 2653 ipsas,
1696 2584 1783 2638 vel
1832 2585 2094 2639 harumce

516 2679 1099 2751 partes,hypostaseon
1111 2690 1233 2731 esse
1255 2682 1440 2745 partes
1466 2676 1668 2739 dicitis,
1690 2674 1784 2729 sed
1806 2690 1927 2744 qua:
1950 2675 2094 2730 circa

518 2770 883 2826 substantiam
916 2777 1065 2831 sunt,
1094 2765 1373 2835 quomodo
1403 2765 1687 2821 declivitas
1709 2781 1834 2819 eum
1858 2766 2094 2821 caeruleo

514 2863 705 2923 colore
744 2861 829 2915 vel
886 2859 1139 2914 calvities
1176 2873 1301 2913 cum
1352 2858 1527 2912 macie
1562 2859 1800 2927 compati
1856 2857 2094 2927 poterit?

514 2954 776 3023 Quamvis
790 2968 900 3007 non
919 2952 1260 3017 cavillemur,
1280 2950 1373 3005 sed
1392 2951 1732 3017 studeamus,
1751 2952 1910 3005 valde
1933 2951 2095 3006 nobis

517 3049 692 3103 risum
724 3044 979 3101 excitatis
1013 3044 1107 3113 qui
1144 3051 1254 3096 tam
1290 3041 1567 3097 terribiles
1599 3043 1733 3097 estis
1767 3043 1822 3096 in
1855 3042 2092 3097 dicendo

517 3139 721 3209 quique
762 3151 855 3191 res
896 3134 1149 3205 physicas
1196 3141 1304 3187 tam
1343 3133 1773 3203 prosequimini;
1815 3133 2093 3203 quomodo

519 3228 687 3297 igitur
720 3239 946 3279 onmem
981 3232 1192 3293 partem
1231 3222 1543 3293 hypostasis
1568 3238 1693 3277 cum
1728 3224 1898 3277 altera
1937 3238 2089 3277 com-

518 3320 813 3388 patientem
838 3316 1163 3385 simpliciter
1186 3313 1485 3369 inducitis?
1510 3324 1568 3368 ut
1599 3314 1753 3369 nobis
1781 3314 2096 3370 dicentibus

518 3410 573 3462 in
608 3423 772 3461 unam
808 3405 1145 3478 hypostasim
1172 3405 1322 3459 carni
1361 3404 1575 3459 unitum
1607 3405 1775 3460 fuisse
1832 3405 2092 3467 Verbum,

516 3516 642 3556 cum
692 3499 783 3552 illa
810 3497 1048 3566 compati
1074 3496 1376 3551 secundum
1406 3506 1660 3551 naturam
1694 3496 1838 3550 idem
1868 3496 2097 3551 demon-

518 3590 727 3646 stretis.
776 3587 872 3643 His
904 3602 1036 3641 vere
1076 3586 1497 3656 intelligendum
1533 3596 1654 3642 erat
1704 3588 1992 3657 passiones
2028 3604 2094 3643 ex

517 3680 753 3736 diversis
782 3678 1087 3747 composito
1114 3679 1587 3747 supervenientes,
1615 3680 1769 3750 juxta
1797 3679 1943 3749 quod
1974 3695 2097 3749 per-

520 3772 771 3829 miserint
801 3770 1100 3840 unicuique
1123 3772 1265 3841 parti
1288 3772 1481 3826 horum
1504 3772 1711 3841 quibus
1724 3772 2097 3841 componitur,

517 3869 780 3933 evenire;
812 3882 920 3922 non
974 3867 1121 3921 enim
1158 3876 1219 3921 ut
1251 3867 1395 3937 ignis
1434 3883 1629 3921 carnes
1668 3874 1896 3929 cremat,
1932 3867 2012 3922 sic
2041 3876 2097 3921 et

519 3961 778 4015 animam.
810 3958 865 4013 Si
897 3972 1028 4028 ergo
1049 3958 1272 4027 aliquod
1298 3959 1578 4012 unitorum
1616 3958 1770 4012 nullo
1808 3958 1972 4013 modo
2001 3958 2097 4011 ad-

520 4053 766 4112 mitteret
812 4049 1126 4120 passionem
1161 4050 1215 4103 in
1252 4048 1560 4118 composito
1594 4057 1893 4116 receptam,
1945 4056 2096 4115 patet

520 4143 801 4199 subditum
850 4141 1027 4209 ipsum
1060 4140 1305 4210 passibili
1338 4156 1448 4195 non
1478 4155 1599 4195 esse
1631 4155 1944 4208 passurum.
1974 4139 2096 4193 Non

517 4234 663 4288 enim
698 4233 973 4287 amiantus
1003 4231 1129 4286 feno
1158 4231 1354 4284 mistus
1406 4229 1764 4293 cremabitur,
1802 4245 1905 4283 nec
1954 4228 2096 4299 ignis

520 4339 643 4381 cum
691 4325 838 4379 ferro
880 4322 1241 4393 percutietur.
1273 4321 1624 4390 Quaecunque
1660 4335 1758 4389 per
1809 4335 2005 4375 sensus
2038 4328 2095 4374 et

522 4418 578 4472 in
602 4416 959 4473 sensibilibus
977 4415 1381 4485 percipiuntur.
1414 4412 1556 4479 Quid
1580 4412 1746 4482 igitur
1760 4412 1829 4465 de
1849 4413 2093 4466 materiae

521 4510 830 4579 expertium
857 4508 1076 4576 apatbia
1097 4514 1220 4575 post
1242 4520 1478 4576 pugnam
1502 4504 1789 4559 evidenter
1815 4514 2093 4558 reservata

524 4608 671 4655 recte
701 4599 1025 4659 dixerimus,
1054 4597 1317 4667 iudicate.
1349 4595 1550 4664 Sicque
1583 4595 1922 4665 hujusmodi.

588 4691 749 4746 Aliud
789 4700 972 4743 autem
1016 4704 1116 4743 vos
1153 4689 1302 4743 omni
1364 4689 1493 4742 dolo
1534 4688 1726 4756 plenos
1773 4702 1883 4741 non
1912 4686 2091 4741 latuit.

518 4784 911 4841 Nesciebamus
944 4782 1090 4836 enim
1141 4781 1287 4835 unde
1320 4781 1690 4851 paravissetis,
1726 4781 1833 4834 nisi
1875 4794 2095 4834 omnem

521 4878 745 4932 invitam
807 4890 928 4930 esse
955 4873 1318 4945 sympathiam
1355 4875 1678 4929 alterutrius
1710 4874 1879 4942 partis
1912 4874 1981 4927 ad
2012 4873 2095 4927 al-

523 4976 793 5024 terutrum
844 4966 1129 5019 unitorum
1180 4964 1480 5029 dixissetis,
1522 4957 1672 5033 quoﬂ
1717 4978 1785 5019 ex
1831 4972 2093 5019 contextu

518 5058 950 5130 praecedentium
993 5056 1429 5126 propositionum
1461 5066 1777 5113 nostrarum
1829 5058 2095 5113 mentitur

517 5150 790 5206 catholico
840 5149 1034 5203 verbo.
1066 5148 1315 5218 Namque
1352 5166 1582 5218 corpore
1608 5149 1826 5205 deliciis
1859 5148 2097 5205 sensibi-

518 5242 653 5297 lium
684 5240 900 5311 passive
926 5240 1199 5311 subjecto,
1230 5242 1412 5294 anima
1438 5241 1751 5295 voluntarie
1774 5240 2093 5310 huiusmodi

518 5333 804 5402 passiones
834 5347 961 5387 cum
988 5332 1221 5401 corpore
1272 5332 1499 5401 patitur.
1536 5331 1690 5389 Unde
1728 5332 2092 5401 concupiscit,

520 5424 743 5478 festinat
763 5423 1061 5492 omniaque
1093 5424 1205 5492 agit
1232 5422 1298 5476 ad
1322 5422 1428 5477 sibi
1457 5422 1863 5491 comparandas
1893 5424 2092 5493 volup-

524 5513 650 5569 tatis
690 5528 854 5568 causa
884 5513 1203 5567 lasciviorcs
1238 5512 1540 5581 passiones.
1576 5512 1758 5578 Quare
1783 5528 1915 5584 ergo
1945 5524 2096 5584 post—

521 5620 686 5674 quam
732 5606 1133 5670 necessarium,
1170 5604 1256 5658 vel
1294 5603 1474 5669 facile,
1512 5605 1594 5658 vel
1642 5620 1791 5660 mere
1827 5606 2093 5675 possibile

519 5713 587 5751 ex
617 5698 945 5753 necessitate
974 5699 1187 5751 solvere
1215 5698 1616 5763 concluseritis,
1649 5698 1822 5753 Deum
1854 5700 2093 5755 Verbum

528 5802 653 5840 eum
678 5804 840 5843 carne
866 5798 1054 5844 nostra
1086 5790 1325 5844 animata
1354 5804 1702 5859 compassum
1726 5791 1897 5847 fuisse
1932 5793 2095 5848 nobis

526 5876 991 5945 demonstrabitis,
1036 5880 1183 5949 quod
1208 5881 1542 5935 concludere
1568 5884 1669 5937 visi
1699 5883 1920 5940 fuistis?
1942 5885 2095 5940 Licet

2272 2588 2335 2639 Εἰ
2368 2587 2425 2640 δὲ
2453 2588 2515 2640 οὑ
2544 2588 2641 2651 τὰς
2692 2587 2881 2650 οὑσίας
2930 2585 3121 2650 αὑτάς,
3179 2583 3212 2655 ἢ
3276 2582 3345 2637 τὰ
3396 2582 3542 2654 μέρη
3590 2579 3778 2644 τῶνδε,

2200 2679 2391 2747 λέγετε
2424 2680 2564 2751 μέρη
2600 2680 2709 2732 τῶν
2762 2678 3135 2742 ὑποστάσεων,
3189 2675 3327 2729 ἀλλὰ
3378 2675 3449 2729 τά
3499 2674 3629 2745 περί¹
3681 2671 3775 2741 τὴν

2199 2768 2408 2834 οὑσίαν,
2466 2769 2584 2832 πῶς
2631 2764 2743 2821 οἷον
2796 2768 2879 2822 ὅτι
2917 2767 3147 2837 σιμότης
3179 2765 3513 2836 γλαυκότητι
3548 2763 3582 2834 ἢ
3614 2762 3777 2832 φαλα-

2200 2860 2403 2930 κρότης
2438 2861 2715 2931 ἰσχνότητι
2769 2858 3125 2929 συμπέπονθε
3154 2873 3170 2922 ;
3221 2857 3473 2911 πλεῖστον
3499 2858 3631 2928 ἡμῖν
3664 2853 3777 2908 καί·

2198 2969 2281 3005 τοι
2330 2952 2391 3005 οὑ
2438 2952 2750 3017 παίζουσιν,
2776 2951 2911 3005 ἀλλά
2942 2948 3339 3012 σπουδάζουσιν
3358 2945 3664 3017 ὲξεγερεῖτε
3693 2943 3779 3013 γέ-

2199 3042 2345 3097 λωτα
2381 3043 2431 3097 οἱ
2482 3044 2645 3096 δεινοὶ
2679 3042 2811 3113 περὶ
2849 3040 2909 3095 τὸ
2948 3040 3129 3109 λέγειν
3158 3040 3389 3102 καὶτοῖς
3417 3042 3667 3109 φυσικοῖς
3695 3036 3779 3091 ἀεὶ

2200 3134 2522 3204 πράγμασιν
2584 3134 2887 3203 ἑπόμενον
2950 3132 3068 3195 πῶς
3133 3126 3228 3185 οὖν
3283 3130 3631 3202 συμπάσχειν
3675 3129 3778 3182 πᾶν

2203 3226 2367 3297 μέρος
2398 3225 2749 3288 ὑποστάσεως
2797 3224 2875 3294 τῷ
2918 3224 3092 3294 ἑτέρῳ
3153 3222 3506 3289 συνεισάγετε
3559 3220 3775 3285 ἀπλῶς;

2200 3318 2318 3370 Ἵνα
2352 3316 2618 3385 λεγόντων
2641 3316 2801 3386 ἡμῶν
2824 3310 2913 3379 εἰς
2963 3316 3094 3385 μίαν
3154 3315 3458 3369 ὑπόστασιν
3501 3315 3779 3385 συνεληλυ-

2199 3410 2352 3462 θέναι
2404 3408 2497 3461 τὸν
2540 3409 2715 3477 Λόγον
2764 3412 2831 3480 τῇ
2880 3409 3066 3479 σαρκὶ,
3122 3408 3217 3461 καὶ
3268 3408 3620 3481 συμπάσχειν
3649 3408 3779 3477 αὐτῇ

2197 3500 2386 3553 τοῦτον
2420 3500 2564 3553 κατὰ
2597 3501 2759 3571 φύσιν
2783 3500 3128 3567 ἀποδείξητε.
3179 3500 3291 3564 Οὓς
3347 3501 3519 3573 ἐχρῆν
3573 3500 3781 3571 ἀληθῶς

2200 3594 2365 3657 νοεῖν,
2407 3592 2483 3656 ὡς
2536 3592 2606 3645 τὰ
2656 3593 3016 3662 ἐπιγινόμενα
3064 3592 3215 3662 πάθη
3271 3590 3349 3664 τῷ
3408 3596 3476 3648 ὲκ
3518 3594 3782 3666 διαφόρων

2200 3683 2460 3754 συνθέτῳ,
2514 3684 2589 3747 ώς
2639 3684 2843 3754 ἀνῆκεν
2896 3684 3116 3753 ἑκάστῳ
3176 3684 3332 3757 μέρει
3373 3686 3486 3740 τῶν
3523 3689 3581 3740 ὲν
3620 3684 3779 3756 αὑτῷ,

2200 3776 2475 3846 ἐγγίνεται
2504 3794 2519 3809 ·
2556 3776 2617 3829 οὑ
2648 3776 2756 3848 γάρ
2787 3777 2861 3840 ὠς
2888 3778 3045 3848 τήκει
3091 3776 3151 3829 τὸ
3200 3777 3310 3846 πῦρ
3358 3777 3594 3850 σάρκας,
3647 3777 3784 3832 οὑτω

2200 3866 2523 3936 καὶψυχήν.
2560 3867 2623 3919 Εἰ
2663 3863 2756 3918 οὖν
2816 3867 2903 3936 εἴη
2964 3866 3074 3919 τῶν
3134 3867 3502 3924 συντεθέντων
3566 3887 3640 3935 τι,
3695 3867 3782 3923 καὶ

2199 3956 2375 4026 πάντη
2410 3957 2793 4029 ἀπαράδεκτον
2822 3956 2916 4010 τοῦ
2949 3959 3089 4011 κατά
3121 3957 3215 4010 τοῦ
3248 3958 3510 4015 συνθέτου
3564 3960 3784 4033 φερομέ-

2199 4066 2292 4103 νου
2323 4049 2549 4113 πάθους,
2585 4050 2742 4120 δῆλον
2783 4049 2859 4112 ὡς
2898 4051 2993 4103 καὶ
3021 4051 3387 4121 συγκείμενον
3414 4052 3497 4124 τῷ
3534 4051 3777 4125 παθητῷ,

2197 4144 2258 4196 οὑ
2312 4143 2693 4213 συμπείσεται.
2759 4144 2834 4197 Οὑ
2884 4144 2991 4215 γάρ
3045 4144 3139 4198 καὶ
3190 4144 3250 4197 τὸ
3286 4144 3555 4215 ἀμίαντον
3610 4147 3785 4218 χόρτῳ

2200 4235 2509 4305 συμφυρὲν,
2550 4235 2645 4289 καὶ
2671 4235 3010 4305 καυθήσεται
3045 4252 3061 4267 ο
3090 4237 3210 4289 οὐδὲ
3231 4237 3292 4291 τὸ
3322 4238 3438 4310 πῦρ
3472 4239 3552 4310 τῷ
3586 4238 3781 4309 σιδήρῳ

2200 4324 2657 4395 συντυπτήσεται.
2706 4325 2886 4395 Ἀπερ
2930 4324 3025 4377 καί⁸
3079 4325 3146 4379 δι’
3197 4327 3525 4399 αἰσθήσεως,
3578 4330 3671 4384 καὶ
3725 4328 3782 4380 ἐν

2199 4419 2480 4489 αἰσθητοῖς
2523 4420 2741 4490 ὁρᾶται.
2779 4419 2844 4472 Τί
2880 4416 2974 4473 οὖν
2999 4421 3254 4491 εἴποιμεν
3281 4423 3513 4488 εἰκότως
3540 4425 3669 4496 περὶ
3688 4424 3781 4491 τῆς

2196 4511 2305 4563 τῶν
2332 4510 2638 4581 ἀῦλοτέρων
2676 4512 2769 4565 καί
2801 4513 2940 4599 με.τά
2996 4513 3318 4584 συμπλοκὴν
3372 4515 3779 4585 φυλαττομένης

2120 4595 2166 4650 Ι)
2196 4604 2398 4671 σαφοῦς
2428 4603 2719 4668 ἀπαθείας,
2749 4595 3035 4672 λογίσασθε
3065 4623 3080 4637 ο
3099 4606 3191 4659 καὶ
3220 4605 3361 4659 οὑτω
3394 4607 3497 4676 μὲν
3523 4609 3671 4663 τάδε.

2275 4693 2348 4745 Τὸ
2395 4693 2451 4746 δὲ
2483 4694 2694 4764 ἕτερον,
2741 4697 3219 4767 πανουργήοαντες
3252 4699 3353 4751 οὑκ
3384 4698 3608 4754 ἐλάϐετε
3640 4718 3654 4731 ο
3686 4700 3781 4753 οὑκ

2201 4785 2427 4854 οἴδαμεν
2468 4786 2577 4856 γάρ
2616 4786 2739 4839 ὅθεν
2776 4787 2895 4839 τόδε
2943 4789 3472 4856 κατασκευάσαντες,
3506 4792 3647 4864 πλὴν
3679 4793 3779 4845 πᾶν

2205 4893 2305 4929 σαν
2334 4876 2588 4930 ἀκούσιον
2622 4873 2761 4931 εἶναι
2799 4878 2897 4950 τὴν
2927 4882 3271 4950 συμπάθειαν
3301 4881 3531 4954 θατέρου
3583 4887 3778 4956 μέρους

2204 4970 2339 5040 πρὸς
2385 4969 2612 5043 θάτερον
2648 4971 2758 5023 τῶν
2801 4971 3199 5045 συντιθεμένων
3234 4974 3402 5045 ἔφητε
3435 4993 3449 5007 '
3490 4979 3628 5049 ὅπερ
3661 4976 3778 5031 καθ’

2203 5062 2397 5132 εἱρμὸν
2453 5066 2574 5128 ταῖς
2616 5064 3017 5134 προλαϐοῦσαις
3070 5067 3188 5138 ἅμα
3249 5070 3577 5139 προτάσεσιν
3629 5070 3779 5141 ὑμῶν

2205 5154 2557 5222 σεδνψεὺδεται
2608 5154 2914 5218 καθολικῶς
2943 5155 3258 5227 λεγόμενον.
3306 5159 3436 5212 Ἶδοὺ
3460 5161 3572 5233 γάρ
3606 5161 3778 5231 παθη·

2202 5245 2369 5306 τικῶς
2398 5244 2492 5297 τοῦ
2522 5246 2771 5315 σώματος
2801 5247 2913 5309 τοῖς
2945 5246 3131 5316 ἧδουσι
3168 5247 3277 5300 τῶν
3332 5249 3611 5319 αἰσθητῶν
3652 5251 3775 5303 ὑποο

2203 5334 2481 5404 κειμένου,
2542 5336 2576 5405 ἡ
2633 5334 2780 5405 ψυχὴ
2816 5336 3081 5398 ἑκουσίως
3120 5338 3530 5409 συμπάσχειτά
3559 5339 3775 5394 τοιαῦτα

2204 5426 2348 5498 πάθη
2380 5427 2457 5497 τῷ
2487 5426 2700 5499 σώματι
2734 5444 2747 5459 ⁸
2779 5428 2901 5480 ὅθεν
2947 5428 3041 5482 καὶ
3086 5429 3295 5497 ἐφίεται
3349 5432 3442 5484 καὶ
3499 5432 3774 5503 ἐπιτρέχει

2203 5520 2299 5572 καὶ
2327 5518 2504 5572 πάντα
2536 5523 2681 5572 ποιεῖ
2711 5519 2847 5590 πρὸς
2873 5518 3053 5584 τεῦξιν
3083 5520 3191 5573 τῶν
3220 5522 3338 5575 καθ’
3372 5523 3567 5595 ἡδονὴν
3588 5521 3771 5577 παθῶν

2203 5613 2260 5663 ὲν
2281 5614 2394 5674 τοῖς
2425 5611 2862 5680 ἀσελγεστέροις.
2896 5611 2960 5662 Τί
2995 5608 3090 5664 οὖν
3121 5614 3419 5680 ἀναγκαῖον
3466 5613 3499 5683 ἢ
3551 5612 3768 5667 πιθανὸν

2202 5704 2234 5774 ἢ
2265 5704 2435 5773 ψιλῶς
2461 5705 2810 5776 ἐνδεχόμενον
2834 5709 3232 5776 συναγαγόντες
3256 5709 3316 5774 ἐξ
3338 5710 3583 5780 ἀνάγκης
3605 5707 3763 5770 λύειν,

2204 5795 2645 5865 συμπεπονθέναι
2688 5796 2782 5851 τὸν
2834 5797 2969 5853 Θεὸν
3014 5800 3187 5867 Λόγον
3239 5805 3305 5872 τῇ
3359 5801 3419 5866 ἐξ
3458 5800 3616 5871 ἡμῶν
3671 5802 3766 5868 ὲμ-

2201 5886 2357 5958 φύλῳ
2400 5889 2564 5960 σαρκὶ
2612 5890 2759 5959 ἡμᾶς
2804 5889 3139 5959 ἀποδείξετε,
3192 5894 3328 5964 ὅπερ
3366 5893 3618 5963 συνάγειν
3660 5889 3744 5944 ἑδό
