4120 6446
472 464 609 529 1525

1449 455 1848 519 ADVERSUS
1883 451 2431 516 NESTORIANOS.
2459 481 2527 491 --
2564 456 2712 519 LIB.
2755 456 2804 515 Ι.

3604 458 3741 523 1426

468 581 623 647 Eata;
650 573 866 639 Ἔξεστι
891 570 996 642 γάρ
1025 571 1154 641 ὑμῖν
1182 570 1295 634 τοῖς
1310 568 1609 643 ὑμετέροις
1638 568 2052 630 ὲπισκέπτουσι,

2163 568 2306 622 enim
2339 567 2498 624 vobis
2540 569 2744 623 vestris
2772 568 3194 638 providentibus
3239 579 3539 641 nostraque
3590 572 3741 629 dicta

468 669 565 723 καὶ
594 665 761 731 είςτά
794 662 890 717 νῦν
914 661 1045 732 παρ’
1078 660 1237 732 ἡμῶν
1281 660 1550 731 εἰρημένα
1580 658 1862 728 βλέπουσι,
1926 673 2053 710 συν-

406 764 411 771 “
467 756 825 814 αιισθάνεσθαι
852 757 954 825 τῆς
998 752 1281 824 ἀληθείας,
1340 752 1437 805 καὶ
1485 750 1683 805 εἰδέναι
1739 750 1822 804 ὅτι
1873 749 2056 817 πάσης

472 850 571 921 μὲν
629 846 986 908 ὑποστάσεως
1036 842 1097 895 οὐ
1160 841 1593 911 περιττευούσης
1647 838 1864 909 φύσεσι,
1919 838 2056 892 άλλά

466 941 611 997 κατά
664 940 795 1009 μίαν
851 937 975 991 τινὰ
1031 935 1284 989 σύνθετον
1349 934 1517 1003 φύσιν
1574 933 1927 1003 ὑπαρχούσης
1991 933 2056 984 ἐκ

466 1033 740 1104 διαφόρων
768 1030 1075 1099 δυνάμεων,
1111 1026 1375 1098 ἠφυσικὴ
1426 1025 1675 1089 σύνθεσις
1721 1020 1858 1078 οὖσα
1916 1022 2056 1076 κατά

468 1127 667 1188 πάντα,
705 1122 1103 1192 συμπάσχοντα
1149 1118 1218 1172 τὰ
1262 1117 1468 1188 φυσικὰ
1520 1117 1691 1186 αὐτῆς
1746 1116 1885 1187 μέρη
1951 1115 2059 1169 δεί-

469 1235 657 1273 κνυσιν
680 1234 693 1247 ι
727 1214 855 1268 εἰδὲ
886 1216 951 1267 ὲκ
975 1212 1237 1265 πλειόνων
1266 1209 1352 1280 εἴη
1382 1209 1596 1278 φύσεων
1621 1210 1653 1280 ἢ
1682 1208 2055 1272 ὐποστάσεων,

470 1308 613 1363 κατὰ
645 1306 941 1374 ἀναλογίαν
976 1304 1077 1374 τῆς
1108 1303 1427 1373 ὁμοιότητος
1457 1301 1636 1355 αὐτῶν
1664 1301 1799 1372 πρὸς
1823 1299 2059 1370 ἀλλήλας

471 1398 611 1455 εἶναι
638 1400 853 1469 ἀνάγκη
909 1394 1004 1450 καὶ
1048 1396 1148 1458 τὰς
1203 1394 1552 1465 συμπαθείας
1600 1393 1765 1446 τῶνδε
1817 1394 1875 1445 ὲν
1922 1393 2056 1460 αὐτῇ

476 1492 637 1564 μόνον
669 1506 683 1521 ο
717 1490 943 1559 καὶγὰρ
975 1485 1117 1541 οὑτω
1166 1486 1260 1540 καὶ
1306 1486 1404 1547 τὰς
1454 1484 1679 1548 ὲνώσεις
1732 1484 1911 1536 αὐτῶν
1962 1482 2061 1545 τὰς

477 1584 714 1656 φυσικὰς
763 1583 875 1653 ἔχει
903 1598 917 1614 ·
977 1579 1133 1634 οὐδὲν
1158 1578 1269 1648 γάρ
1303 1578 1483 1648 πάντη
1517 1577 1644 1631 ἄνευ
1675 1577 1819 1639 τινὸς
1847 1577 2060 1629 ταυτό-

475 1690 655 1742 τητος
675 1671 771 1726 καὶ
788 1670 1167 1742 συγγενείας,
1189 1668 1522 1722 συνάπτεται
1552 1667 1746 1737 ἑτέρῳ,
1772 1665 1891 1719 οὐδὲ
1922 1682 2061 1734 συμ-

476 1766 677 1836 πάσχει
706 1764 835 1836 ἀρα,
869 1762 993 1817 οὐδὲ
1030 1762 1125 1816 ἐπὶ
1171 1760 1281 1815 τῶν
1334 1760 1580 1830 ἀψύχων.
1608 1758 1830 1829 Ἀμέλει
1881 1757 2062 1812 τοίνυν

474 1856 546 1910 τὰ
572 1856 726 1911 ἁπλᾶ
746 1857 988 1925 στοιχεῖα
1017 1852 1314 1923 λεγόμενα,
1356 1853 1534 1904 εῖτουν
1567 1852 1623 1903 αί
1659 1850 1877 1921 πρῶται
1909 1848 2061 1902 ποιό-

473 1966 638 2023 τητες
688 1947 779 2002 διὰ
828 1916 992 2001 τοῦτο
1052 1916 1166 2000 οὐκ.
1209 1916 1349 1999 εἰσίν
1379 1946 1437 1997 ἑν
1478 1916 1733 2014 ὑπάρξει,
1763 1941 1887 1996 καθ’
1922 1940 2059 1995 αὐτὰ
2093 1916 2135 1971 Β

474 2038 763 2111 ὑφεστῶτα
797 2054 812 2071 ·
867 2037 950 2090 ὅτι
1000 2036 1095 2090 καὶ
1150 2036 1198 2089 εί
1246 2031 1409 2106 ἦσαν,
1476 2033 1725 2104 ἄχρηστα
1775 2031 1842 2085 ἂν
1877 2025 1947 2102 ἦν
1979 2033 2059 2095 είς

469 2130 571 2201 τὴν
598 2127 874 2198 κοσμικὴν
905 2126 1016 2179 τῶν
1048 2126 1322 2195 σωμάτων
1385 2122 1636 2176 σύνθεσιν
1670 2139 1684 2153 ο
1723 2122 1784 2176 οὐ
1833 2122 1945 2192 γὰρ
1991 2117 2058 2193 ἦν

471 2223 656 2285 αὐτοῖς
680 2220 859 2291 πάντη
886 2217 1236 2289 διαφέρουσιν
1260 2215 1507 2287 ἀλλήλων
1527 2215 1644 2278 πῶς
1667 2214 2055 2269 συνάπτεσθαιο

472 2314 727 2385 καθάπερ
752 2312 830 2382 τῷ
851 2312 985 2382 πυρὶ
1014 2311 1107 2363 καὶ
1129 2309 1301 2375 ὕδατι,
1330 2308 1423 2361 καὶ
1443 2310 1513 2379 γῇ
1549 2307 1643 2361 καὶ
1665 2306 1909 2377 ἀέρι,διά
1930 2306 2060 2376 μιᾶς

471 2402 582 2456 τῶν
618 2405 677 2456 ὲν
706 2404 890 2465 αὐτοῖς
924 2402 1229 2470 ποιοτήτων
1263 2398 1515 2469 ἀλλήλοις
1559 2398 1927 2469 κιρναμένων,
1971 2398 2059 2451 ὅτε

472 2495 601 2562 δέοι,
619 2496 715 2548 καὶ
738 2495 824 2548 διὰ
844 2494 943 2564 τῆς
960 2493 1177 2563 ἑτέρας,
1198 2493 1247 2544 εί
1269 2491 1401 2555 δέοι,
1422 2489 1877 2560 διακρινομένων.
1894 2488 2058 2542 Ὅθεν

471 2587 593 2642 οὐδὲ
646 2585 761 2657 πῦρ
812 2585 990 2649 ὕδατι,
1024 2584 1141 2637 οὐδὲ
1170 2585 1240 2653 γῆ
1268 2582 1413 2649 ἀέρι,
1441 2581 1663 2650 ἁμέσως
1726 2580 2055 2634 συντίθεται.

548 2678 791 2750 Ὀμοίως
831 2678 890 2731 δὲ
922 2677 1017 2731 καὶ
1065 2675 1248 2747 ψυχῆς
1301 2676 1397 2728 καὶ
1446 2673 1698 2742 σώματος
1745 2670 1892 2725 ἔστιν
1933 2671 2060 2724 [δεῖν

472 2772 570 2826 καὶ
599 2771 817 2825 πάντων
846 2768 945 2832 τὰς
973 2768 1217 2833 ὲνώσεις,
1247 2766 1353 2819 ὑπὸ
1380 2765 1476 2818 τοῦ
1507 2763 1844 2836 δημιουργοῦ
1883 2763 2058 2833 Λόγου

472 2861 816 2932 τεταγμένας
845 2878 862 2893 ο
899 2860 1016 2913 ἐστι
1042 2859 1152 2929 γάρ
1200 2876 1287 2921 τις
1335 2857 1485 2928 αὐτῷ
1537 2857 1760 2917 πάντως
1817 2856 2056 2926 γνωστὴ,

474 2956 625 3026 ἡμᾶς
646 2955 702 3008 δὲ
731 2952 995 3015 πολλάκις
1020 2950 1384 3014 λανθάνουσα,
1414 2951 1472 3003 ὲν
1496 2951 1630 3001 πᾶσι
1653 2950 1768 3011 τοῖς
1796 2950 2057 3016 κτιστοῖς,

474 3044 740 3117 ὁμοίωσις
772 3060 833 3096 τε
872 3044 967 3096 καὶ
997 3042 1252 3112 διαφορά.
1282 3041 1438 3093 Ἐπεὶ
1489 3038 1583 3093 οὖν
1641 3040 1740 3091 οὐκ
1768 3040 1825 3105 ἐξ
1855 3038 2060 3109 ὁμοιώ-

477 3157 612 3204 σεως
641 3138 737 3193 καὶ
782 3136 1109 3205 συγγενείας
1136 3136 1390 3205 φυσικῆς,
1434 3132 1569 3196 Θεὸς
1599 3132 1766 3204 σαρκὶ
1811 3131 2059 3201 φυσικῶς

475 3231 680 3303 ἥνωται
707 3270 723 3295 ,
787 3227 909 3282 οὐδὲ
971 3227 1287 3298 συμπάσχει
1339 3225 1575 3296 ἀνάγκῃ,
1629 3227 1693 3277 ὲκ
1750 3224 2060 3294 βουλήσεως
2088 3252 2135 3313 c

475 3323 534 3377 δὲ
557 3323 768 3392 ἀγαθῆς
798 3321 891 3374 καὶ
918 3318 1298 3391 εὐεργετικῆς,
1345 3318 1466 3371 κατ’
1520 3315 1767 3369 εὐδοκίαν
1825 3315 2063 3387 προσλα-

478 3416 707 3487 ϐόμενος
765 3414 957 3485 αὐτην.
1006 3413 1141 3494 Ἵνα.
1163 3428 1221 3463 τε
1257 3409 1342 3480 εἴη
1368 3408 1456 3461 διὰ
1477 3409 1578 3477 τῆς
1600 3407 1934 3478 ὁμοιώσεως,
1970 3406 2061 3477 βε-

479 3507 607 3560 ϐαία
638 3508 671 3575 ἡ
702 3504 897 3566 ἓνωσις
947 3498 1115 3556 αὑτοῦ
1164 3500 1302 3571 πρὸς
1345 3500 1537 3569 αὐτὴν,
1595 3502 1688 3551 καὶ
1744 3499 1777 3569 ἡ
1828 3498 1915 3551 διά
1961 3498 2063 3567 τῆς

478 3598 725 3659 ὲνώσεως
748 3597 880 3666 ἡμῖν
907 3594 1216 3664 εὐεργεσία,
1250 3592 1441 3644 ἑαυτὸν
1482 3589 1679 3661 τρέψαι
1724 3590 1844 3642 κατ’
1893 3588 2063 3659 αὐτὴν

476 3692 538 3744 05
566 3690 865 3759 δυνάμενος
898 3702 914 3719 ⁶
943 3686 1067 3740 οὐδὲ
1120 3686 1227 3756 μὴν
1278 3683 1418 3755 πρὸς
1473 3682 1565 3735 τὸν
1612 3682 1806 3734 ἑαυτοῦ
1861 3681 2063 3733 σκοπὸν

477 3784 683 3837 οὑτωσὶ
708 3779 1162 3854 χρησιμουργῶν,
1203 3776 1515 3831 τούναντίον
1559 3773 1917 3837 συναπαθίζει
1961 3774 2062 3827 αὐ-

476 3876 579 3949 τὴν
601 3874 800 3943 ἑαυτῷ,
828 3872 924 3926 καὶ
946 3869 1181 3944 τρεπτὸν
1208 3869 1370 3938 φύσει
1422 3866 1566 3921 κατά
1621 3864 1721 3935 τὴν
1776 3864 2063 3936 κρείττονα

477 3967 689 4039 τροπὴν
716 3967 814 4020 καὶ
846 3964 1007 4033 φύσιν
1034 3961 1274 4030 ἐφάπαξ,
1313 3960 1484 4030 ἧγουν
1506 3958 1587 4022 είς
1607 3957 1706 4027 τὴν
1738 3955 1875 4009 ίδίαν
1896 3952 2061 4007 αὐτοῦ

477 4058 765 4129 ἀτρεψίαν.
823 4056 902 4110 Οὐ
956 4052 1295 4125 τρεπόμενος
1354 4053 1382 4105 ὁ
1436 4050 1707 4121 ἄτρεπτος
1760 4048 1827 4117 τῇ
1878 4046 2063 4115 φύσει,

478 4153 559 4216 είς
586 4152 689 4221 τὴν
712 4149 932 4221 χείρονα
956 4147 1117 4216 φύσιν
1143 4142 1463 4214 έξωμοιώθη
1488 4141 1624 4212 αὐτῇ
1650 4156 1664 4170 ⁸
1689 4140 1784 4193 καὶ
1813 4138 2061 4192 σύνθεσιν

480 4245 718 4315 φυσικὴν
772 4240 957 4303 ἁῖδίως
1013 4238 1191 4308 ἑαυτῷ
1252 4235 1660 4307 μεμηχάνηται,
1725 4231 1902 4302 ἀρχῆς
1965 4230 2063 4301 μὲν

477 4336 641 4409 τῆσδε
679 4334 983 4405 γενομένης
1016 4332 1114 4403 τῆς
1150 4328 1395 4390 ένὼσεως
1432 4327 1532 4397 τῆς
1570 4324 1664 4378 τοῦ
1697 4322 1903 4393 ἀγαθοῦ
1938 4322 2062 4393 βου-

477 4431 576 4500 λῆς
607 4430 703 4482 καὶ
732 4426 983 4488 εὐδοκίας
1013 4441 1026 4454 ·
1065 4423 1299 4495 πέρατος
1342 4420 1400 4473 δὲ
1449 4418 1542 4472 καὶ
1597 4415 2060 4485 ἀποτελέσματος,

478 4523 575 4577 καὶ¹
600 4519 945 4593 βεϐαιώσεως
965 4517 1067 4586 τῆς
1102 4512 1495 4585 ἀφομοιώσεως
1544 4510 1645 4579 τῆς
1689 4506 1825 4579 πρὸς
1875 4504 2057 4570 αὐτὸν,

2160 662 2605 732 inspicientibus,
2653 662 2929 717 assentire
2990 662 3246 727 veritati,
3286 664 3543 734 scireque
3590 666 3741 719 omni

2159 753 2379 825 quidem
2406 752 2684 825 hypostasi
2706 768 2817 808 non
2846 754 3059 809 naturis
3083 754 3451 819 redundante,
3472 755 3568 810 sed
3588 757 3743 826 juxta

2159 846 2455 916 quamdam
2505 861 2673 900 unam
2718 855 2974 901 naturam
3018 847 3231 901 unitam
3282 847 3622 902 subsistente
3675 863 3743 901 ex

2158 938 2462 993 virtutibus
2493 938 2752 1001 diversis,
2779 939 3085 993 naturalem
3117 940 3402 1003 unionem,
3436 956 3559 1009 quae
3586 942 3742 1011 juxta

2159 1032 2344 1086 omnia
2382 1040 2487 1096 est,
2522 1046 2717 1085 omnes
2758 1032 3038 1086 naturales
3076 1032 3251 1101 ipsius
3286 1042 3474 1102 partes
3513 1048 3743 1101 compa-

2162 1124 2363 1177 tientcs
2413 1122 2708 1188 exhibere;
2746 1122 2790 1177 si
2822 1138 2955 1177 vero
2984 1138 3050 1177 ex
3084 1124 3336 1193 pluribus
3366 1124 3579 1178 naturis
3608 1139 3742 1177 con-

2162 1222 2334 1269 staret
2365 1213 2451 1268 vel
2498 1214 2912 1283 hyposlasibus,
2943 1230 3041 1283 pro
3072 1216 3323 1286 analogia
3358 1215 3744 1269 similitudinis

2160 1321 2353 1361 earum
2390 1305 2535 1360 inter
2567 1322 2646 1369 se,
2680 1306 3019 1376 sympathias
3050 1322 3240 1361 earum
3286 1308 3344 1360 in
3377 1307 3493 1376 ipsa
3530 1316 3744 1360 tantum

2163 1398 2509 1453 necessarias
2560 1413 2723 1463 esse;
2778 1397 2985 1451 etenim
3033 1398 3115 1452 sic
3159 1406 3215 1453 et
3267 1399 3502 1453 uniones
3553 1414 3746 1453 earum

2163 1492 2447 1547 naturales
2486 1492 2673 1547 habet.
2708 1491 2856 1545 Nihil
2896 1491 3045 1545 enim
3078 1491 3190 1545 ullo
3227 1491 3391 1544 modo
3425 1491 3543 1545 sine
3593 1492 3747 1543 iden-

2162 1584 2329 1638 dilate
2359 1599 2423 1639 ac
2451 1582 2902 1637 connaturalitate
2928 1583 3090 1637 alteri
3125 1590 3342 1651 aptatur
3370 1597 3469 1637 nec
3499 1596 3625 1635 cum
3653 1582 3748 1634 illo

2165 1676 2520 1745 compatitur,
2545 1692 2649 1730 nec
2677 1691 2801 1730 cum
2828 1675 2895 1729 de
2921 1675 3241 1729 inanimatis
3264 1676 3464 1745 agitur.
3494 1673 3750 1728 Profecto

2166 1769 2334 1839 igitur
2360 1766 2634 1837 simplicia
2663 1766 2887 1821 nomine
2927 1767 3202 1820 elementa
3234 1766 3350 1820 sive
3385 1766 3578 1835 prima:
3607 1780 3748 1834 qua-

2164 1860 2349 1915 litates
2380 1860 2503 1914 ideo
2542 1874 2653 1913 non
2683 1867 2812 1913 sunt
2843 1858 2898 1913 in
2929 1858 3169 1913 essentia
3212 1859 3368 1929 juxta
3399 1860 3515 1927 ipsa
3540 1872 3746 1927 suppo-

2163 1948 2292 2013 sita,
2321 1948 2469 2019 quod
2511 1947 2555 2002 si
2596 1955 2801 2011 essent,
2834 1947 2975 2001 nihil
3009 1947 3345 2002 inservirent
3391 1947 3585 2001 mundi
3620 1961 3746 2000 cor-

2161 2057 2360 2113 porum
2392 2040 2622 2105 unioni;
2657 2038 2796 2093 nihil
2827 2038 2973 2093 enim
3007 2040 3089 2093 eis
3121 2047 3267 2094 esset
3306 2039 3450 2092 inter
3493 2054 3550 2093 se
3586 2038 3747 2094 dill'c-

2162 2133 2435 2199 rentibus,
2475 2132 2623 2187 unde
2650 2132 3025 2187 coalescerent
3057 2150 3071 2184 :
3110 2131 3573 2200 quemadmodum
3610 2132 3747 2201 igni,

2161 2241 2338 2296 aquae,
2374 2234 2535 2280 terra:
2562 2223 2810 2293 aerique,
2844 2221 2917 2277 ob
2949 2238 3115 2277 unam
3143 2222 3388 2293 ipsorum
3422 2224 3746 2293 qualitatem

2162 2319 2208 2373 si
2230 2318 2535 2390 jungenda,
2567 2317 2748 2387 obque
2787 2317 3028 2372 alterum
3065 2316 3110 2371 si
3142 2316 3507 2388 disjungenda
3541 2316 3744 2372 forent.

2160 2411 2319 2467 Unde
2380 2427 2484 2466 nec
2540 2410 2683 2482 ignis
2713 2425 2890 2480 aquae,
2936 2421 3037 2464 nec
3079 2409 3192 2465 aeri
3229 2418 3375 2464 terra
3433 2409 3751 2465 immediate

2164 2502 2451 2556 uniantur.

2235 2672 2387 2727 Idem
2432 2679 2618 2729 autem
2673 2670 2970 2726 dicendum
3010 2671 3078 2726 de
3131 2672 3350 2737 animae,
3396 2671 3464 2727 de
3503 2672 3755 2743 corporis

2162 2762 2342 2833 deque
2358 2763 2605 2818 omnium
2626 2762 2924 2817 unionibus
2940 2779 2969 2816 a
2992 2764 3174 2818 Verbo
3190 2772 3442 2819 creatore
3459 2763 3751 2830 ordinatis;

2165 2854 2270 2925 ipsi
2297 2856 2449 2908 enim
2477 2864 2564 2910 est
2592 2855 2840 2925 perfecte
2866 2855 3172 2925 cognitum,
3197 2855 3348 2925 quod
3378 2870 3480 2910 nos
3502 2856 3749 2925 plerum-

2161 2960 2268 3016 que
2298 2946 2449 3012 latet,
2483 2947 2714 3011 scilicet,
2748 2948 2803 3003 in
2833 2947 3091 3002 omnibus
3121 2947 3413 3011 creaturis,
3445 2947 3751 3002 similitudo

2161 3038 2326 3092 simul
2349 3053 2414 3093 ac
2433 3037 2771 3093 diﬂerentia.
2797 3038 2934 3093 Cum
2953 3038 3125 3110 igitur
3149 3054 3258 3093 non
3284 3054 3354 3092 ex
3380 3039 3759 3094 similitudine

2161 3131 2631 3201 generationeque
2683 3131 2960 3197 naturali,
3008 3132 3153 3187 Deus
3204 3132 3357 3186 carni
3414 3132 3746 3186 naturaliter

2165 3224 2355 3279 unitus
2385 3224 2476 3289 sit,
2509 3240 2612 3280 nec
2639 3226 2954 3281 necessario
2986 3227 3343 3296 compatitur,
3371 3227 3645 3296 siquidem
3679 3244 3753 3282 ex

2166 3314 2307 3368 bona
2325 3314 2683 3385 beneﬁcaque
2702 3316 2983 3371 voluntate
3010 3316 3313 3371 secundum
3338 3317 3755 3386 beneplacitum

2166 3419 2287 3459 eam
2336 3406 2719 3475 assumpserit.
2752 3405 2932 3475 thue
2979 3422 3078 3476 per
3129 3407 3577 3472 similitudinem,
3620 3424 3749 3462 cum

2166 3494 2259 3550 illa
2292 3496 2426 3551 unio
2470 3496 2646 3567 ipsius
2674 3498 2831 3552 ﬁrma
2864 3498 3023 3564 foret,
3062 3514 3268 3569 perque
3300 3500 3448 3555 illam
3483 3501 3749 3556 unionem

2166 3588 2328 3643 nobis
2372 3589 2769 3655 beneﬁcentia;
2803 3606 2927 3646 cum
2956 3593 3112 3662 juxta
3142 3593 3317 3663 ipsam
3344 3596 3587 3665 seipsum
3617 3612 3751 3651 con-

2166 3685 2385 3733 vertere
2428 3680 2706 3749 nequiret,
2743 3696 2849 3735 nec
2901 3682 2983 3736 sic
3025 3682 3251 3751 quidem
3303 3700 3535 3755 scopum
3585 3703 3749 3741 suum

2165 3770 2463 3827 eﬂicaciter
2496 3773 2811 3843 attingeret,
2844 3789 2876 3829 e
2909 3776 3192 3830 contrario
3224 3775 3374 3830 illam
3403 3777 3471 3832 ad
3502 3780 3759 3849 seipsum

2166 3865 2397 3918 assumit
2435 3864 2641 3933 (littera
2688 3882 2700 3917 :
2742 3879 2929 3920 secum
2984 3882 3105 3921 eam
3168 3866 3300 3923 fecit
3330 3869 3749 3939 impassibilem,

2165 3955 2371 4011 oblatus
2398 3966 2471 4010 est
2506 3958 2632 4028 quia
2658 3958 2769 4028 ipse
2800 3958 2962 4012 voluit
2985 3959 3050 4028 ³),
3082 3959 3521 4030 mutabilemque
3549 3972 3746 4020 natura

2161 4048 2317 4119 juxta
2346 4049 2632 4104 meliorem
2670 4050 2896 4105 modum
2934 4059 2991 4106 et
3022 4059 3274 4105 naturam
3324 4054 3493 4107 semel
3547 4062 3603 4108 et
3648 4071 3750 4124 pro

2168 4154 2407 4210 semper,
2438 4154 2536 4195 seu
2578 4140 2635 4194 in
2681 4140 2963 4211 propriam
3008 4140 3179 4211 ipsius
3212 4140 3747 4199 immutabilitatem.

2166 4233 2287 4288 Non
2334 4248 2674 4299 conversus,
2712 4241 2907 4289 natura
2957 4234 3342 4299 immutabilis,
3398 4236 3452 4289 in
3501 4238 3748 4308 pejorem

2165 4333 2420 4380 naturam
2446 4325 2548 4395 ipsi
2576 4324 3417 4395 assimilatusest,unionemque
3441 4329 3749 4383 naturalem

2166 4416 2495 4486 sibimetipsi
2530 4416 2587 4470 in
2618 4426 2949 4487 perpetuum
2980 4417 3281 4482 adinvenit,
3319 4419 3595 4489 principio
3626 4422 3752 4490 qui-

2167 4508 2291 4564 dem
2319 4508 2633 4579 bujusmodi
2652 4508 2875 4563 unionis
2896 4518 3288 4565 consummatae
3319 4510 3551 4565 consilio
3582 4511 3753 4567 benc-

479 4618 578 4685 τῆς
623 4609 974 4680 συντεθείσης
1019 4606 1237 4675 φύσεως
1291 4604 1388 4656 σὺν
1423 4600 1592 4671 αὐτῷ.
1621 4601 1700 4670 Τῇ
1730 4598 1840 4670 γὰρ
1863 4600 1926 4650 ὲκ
1960 4614 2060 4665 φυ-

2163 4602 2469 4672 placitoque
2519 4600 2650 4655 boni
2701 4600 2882 4673 (Dei);
2917 4601 3022 4656 ﬁne
3075 4611 3258 4657 autem
3315 4618 3377 4657 ac
3402 4619 3751 4659 consumma-

483 4704 641 4774 σικῆς
676 4701 1015 4771 ἀγαθότητος
1044 4695 1261 4766 εὐδοκίᾳ
1297 4694 1393 4747 καὶ
1444 4694 1557 4755 τοῖς
1603 4690 1704 4761 τὴν
1742 4689 1906 4754 φύσιν
1966 4689 2063 4741 ἀν-

479 4797 687 4867 ομοίοις
716 4793 837 4847 ὅλον
860 4790 1051 4844 ἑαυτὸν
1081 4791 1226 4859 ἄκρᾳ
1255 4788 1322 4856 τῇ
1357 4784 1656 4853 ἀγαθότητι
1684 4782 2061 4853 χαριζόμενος,

480 4886 698 4943 ἑνοῦται
728 4885 824 4939 νῦν
871 4884 900 4936 ὁ
940 4881 1062 4936 κατ’
1112 4879 1286 4950 ἀρχὰς
1335 4878 1435 4947 τῆς
1490 4876 1722 4937 κτίσεως
1771 4873 1865 4926 καὶ
1915 4872 2064 4942 αὐτῷ

476 4980 556 5050 τῷ
612 4982 789 5048 πάντη
850 4971 1251 5043 ἀντικειμένως
1306 4969 1484 5039 ἔχοντι
1552 4966 1689 5036 πρὸς
1739 4964 1923 5027 αὐτὸν,
1971 4963 2064 5016 τὸν

477 5074 608 5128 ὄντα
632 5069 711 5142 τῷ
737 5068 813 5141 μὴ
834 5069 951 5121 δντι
973 5065 1166 5121 ἑαυτόν
1193 5080 1331 5129 πως,
1352 5061 1430 5125 ὼς
1450 5060 1609 5122 αὐτὸς
1629 5054 1760 5122 οἶδε,
1793 5055 2057 5126 συνάψας.

478 5163 589 5217 Καὶ
611 5163 678 5216 τά
709 5159 827 5223 πῶς
865 5159 1018 5223 ὅντα,
1061 5156 1156 5211 καὶ
1181 5157 1311 5209 πότε
1345 5156 1524 5209 πάντα
1554 5150 1736 5221 ἑαυτῷ
1777 5151 2062 5221 παραστή-

480 5273 602 5322 σας,
626 5252 719 5306 νῦν
745 5252 803 5307 δὲ
830 5249 1170 5322 προϐιϐάσας
1206 5248 1307 5318 ήδη
1340 5247 1421 5309 είς
1458 5247 1518 5298 τὸ
1544 5241 1704 5307 εἶναι,
1736 5241 1831 5294 καὶ
1884 5242 1965 5303 είς
2003 5240 2063 5293 τὸ

476 5347 807 5417 ὑψηλότερον
860 5340 998 5396 εἶναι
1048 5340 1187 5395 αὑτά
1236 5339 1409 5407 ἄγων,
1455 5334 1633 5406 ἐαυτῷ
1679 5334 2012 5402 ὲνυπέστησε
2046 5349 2059 5363 ·

476 5440 659 5494 πάντα
690 5434 1162 5505 ὲγκολπισάμενος
1192 5432 1286 5484 καὶ
1317 5428 1665 5500 περιπράξας
1697 5427 1724 5479 ὁ
1750 5424 1824 5478 ὢν
1856 5422 2055 5494 ἐαυτῷ,

476 5533 566 5588 ἶνα
591 5531 755 5602 μηδὲν
806 5528 887 5580 ἔτι
921 5526 1030 5579 τῶν
1080 5524 1225 5577 ἰδίων
1280 5522 1366 5574 διὰ
1411 5521 1511 5590 τῆς
1564 5520 1789 5589 φθορᾶς,
1856 5519 1934 5580 εἰς
1997 5516 2059 5568 τὸ

478 5624 555 5695 μὴ
587 5623 648 5675 ὃν
681 5619 845 5673 πάλιν
880 5614 1186 5685 ἀνακάμψῃ
1213 5628 1225 5642 ·
1276 5610 1426 5682 μένοι
1456 5611 1511 5663 δὲ
1569 5610 1637 5662 τά
1686 5609 1782 5661 ὅλα
1830 5606 1928 5659 σὺν
1978 5604 2058 5674 τῷ

474 5713 748 5785 ἀφθάρτῳ
788 5709 1068 5780 ἄφθαρτα,
1098 5703 1303 5773 πάσης
1345 5701 1455 5770 τῆς
1513 5702 1765 5767 κτίσεως
1819 5699 2059 5753 ἐλευοε-

550 5889 569 5919 ³
601 5886 703 5945 lsa.
739 5902 851 5951 Llll,
888 5887 939 5939 Τ.

2164 4700 2311 4749 tione
2335 4693 2866 4763 conﬁrmationeque
2889 4694 3304 4750 assimilationis
3323 4697 3443 4767 ejus
3459 4697 3526 4751 ad
3546 4697 3745 4767 ipsum,

2162 4783 2319 4838 unita
2352 4791 2550 4837 natura
2581 4798 2707 4837 cum
2755 4783 2893 4853 ipso.
2928 4784 3354 4855 Beneplacenlia
3400 4786 3550 4840 enim
3585 4796 3748 4841 natu-

2162 4876 2292 4930 ralis
2338 4875 2602 4930 honitatis
2652 4875 3084 4947 diversitateque
3134 4878 3439 4932 secundum
3491 4886 3747 4931 naturam

2162 4968 2405 5035 seipsum
2460 4974 2636 5021 totum
2686 4981 2899 5021 summa
2946 4967 3191 5023 bonitate
3240 4968 3475 5032 donans,
3521 4968 3615 5037 qui
3664 4977 3750 5023 est

2170 5059 2504 5130 principium
2538 5067 2826 5125 creaturae,
2857 5060 2913 5113 in
2946 5069 3194 5130 tempore
3224 5062 3416 5115 unitur
3443 5062 3609 5115 etiam
3643 5062 3745 5129 ipsi

2170 5150 2264 5221 qui
2312 5150 2474 5220 plane
2519 5149 2848 5220 sibimetipsi
2880 5149 3226 5215 adversatur,
3260 5151 3616 5219 semetipsum
3650 5153 3746 5221 qui

2170 5249 2254 5297 est
2284 5257 2409 5295 cum
2444 5256 2510 5295 eo
2545 5241 2639 5310 qui
2670 5256 2781 5295 non
2824 5249 2909 5295 cst
2952 5240 3115 5294 modo
3146 5256 3256 5309 quo
3305 5241 3422 5309 ipse
3469 5241 3573 5295 scit
3610 5257 3746 5295 con-

2166 5334 2423 5403 jungens.
2468 5332 2599 5397 Qum
2624 5339 2807 5385 autem
2849 5330 3035 5399 aliquo
3080 5331 3245 5385 modo
3290 5342 3450 5388 sunt.
3493 5332 3745 5401 aliquan-

2167 5423 2346 5492 doque
2378 5421 2561 5476 omnia
2589 5420 2654 5475 ad
2683 5436 2740 5474 se
2774 5420 3067 5483 advocans,
3097 5436 3244 5475 nunc
3292 5421 3511 5475 tandem
3552 5423 3606 5475 in
3638 5438 3747 5474 esse

2166 5528 2495 5584 promovcns
2526 5522 2689 5582 atque
2722 5513 2789 5567 ad
2820 5512 2985 5567 altius
3011 5528 3119 5566 esse
3146 5514 3437 5579 extollens,
3463 5513 3577 5583 ipsa
3614 5513 3747 5568 sibi-

2167 5605 2385 5674 metipsi
2424 5602 2772 5675 suppositum
2820 5604 2970 5659 fecit.
3003 5604 3107 5671 Qui
3157 5621 3185 5657 a
3226 5620 3286 5661 se
3313 5608 3531 5661 exsistit
3559 5608 3747 5663 omnia

2168 5697 2223 5751 in
2254 5696 2376 5751 sinu
2406 5712 2505 5751 suo
2538 5695 2734 5766 recipit
2766 5704 2931 5767 atque
2968 5696 3319 5767 amplectitur
3346 5715 3414 5754 ne
3441 5698 3744 5770 quidquam
