4120 6444
460 440 592 506 “27

1711 440 2021 501 LEONTII
2063 437 2467 499 BYZANTINI

3579 435 3715 501 1428

456 551 739 620 proprium
789 548 1162 619 corruptionis
1210 562 1376 604 causa
1426 546 1606 602 adhuc
1660 547 1716 601 in
1769 563 1881 602 non
1933 558 2035 602 ens

2134 545 2427 613 ρωοείσης
2453 543 2571 597 ἀπὸ
2595 542 2705 611 τῆς
2736 542 3018 610 δουλείας
3047 543 3159 612 τῆς
3204 542 3431 614 φθορᾶς
3472 546 3543 600 ἐν
3585 549 3717 615 Χρι-

457 656 651 694 l‘Ul‘SllS
680 648 1005 704 revertatur,
1038 648 1097 693 υι
1131 654 1265 693 vero
1301 639 1486 691 omnia
1526 653 1653 692 eum
1702 638 2029 706 incorrupto

456 731 773 800 incorrupta
817 741 1091 797 maneant,
1123 732 1268 784 οηιηὶ
1298 740 1549 785 creatura
1598 730 1823 784 liberata
1855 748 1887 784 a
1915 746 2031 783 ser-

451 822 614 873 vitute
632 822 981 889 corruptionis
1001 822 1056 873 in
1080 820 1285 875 Christo
1312 822 1352 873 ⁸.
1390 821 1606 875 Etenim
1635 835 1664 874 a
1688 820 2029 889 principio...

451 927 576 980 quae
596 912 888 981 speciebus
904 912 1105 967 similia
1126 922 1287 966 erant
1304 912 1600 983 principio,
1624 912 1753 966 dein
1780 927 1900 981 qua:
1926 912 2036 965 illis

451 1004 634 1057 (unnia
687 1005 1064 1058 connaturalia
1118 1015 1277 1060 erant
1333 1004 1652 1074 speciesque
1732 1003 1889 1059 facta:
1963 1003 2031 1057 ad

444 1096 652 1165 justam
688 1094 933 1149 lmtitiam
977 1094 1032 1149 in
1076 1095 1269 1165 primis
1302 1096 1685 1159 liberatarum,
1724 1096 1837 1150 Beo
1880 1095 2030 1149 loeu-

450 1186 615 1255 pletia
655 1195 807 1251 sunt,
840 1188 1043 1256 eritque
1076 1186 1217 1240 Deus
1255 1189 1435 1241 omnia
1466 1189 1523 1241 in
1556 1188 1818 1241 omnibus.

1084 1277 1237 1333 CAP.
1287 1279 1400 1333 VII.

521 1368 695 1423 Omne
734 1366 1107 1437 quodcunque
1165 1366 1325 1422 alteri
1361 1367 1577 1422 unitum
1614 1366 1682 1421 ad
1731 1367 1897 1421 unius
1939 1382 2035 1420 na-

452 1472 591 1517 tura:
615 1469 781 1529 atque
812 1461 1126 1531 hypostasis
1151 1459 1388 1514 viventis
1412 1458 1887 1522 constitutionem,
1909 1473 2035 1527 pars

452 1564 539 1609 est
590 1554 879 1608 evidenter
923 1551 1181 1623 perfecta:
1217 1558 1427 1605 natura:
1465 1551 1549 1604 vel
1582 1559 1638 1605 et
1688 1551 2030 1621 hypostasis;

452 1644 640 1699 omnia
698 1654 881 1698 autem
926 1642 1071 1713 parti
1114 1651 1327 1696 natura:
1378 1642 1463 1697 vel
1506 1652 1563 1696 et
1604 1643 1915 1713 bypostasis
1951 1643 2035 1696 vi-

453 1737 658 1800 ventis,
694 1751 837 1805 opus
884 1744 969 1789 est
1010 1735 1237 1789 omnino
1284 1743 1441 1804 parte
1492 1734 1582 1789 cui
1630 1735 1785 1791 unita
1823 1744 1929 1799 est,
1965 1734 2033 1789 ad

451 1828 730 1898 propriam
766 1826 1142 1897 operationem
1178 1825 1595 1896 perficiendam.
1644 1825 1855 1880 Anima:
1884 1825 2031 1880 enim

450 1935 701 1989 corpore,
743 1916 1075 1987 eorporique
1108 1917 1292 1970 anima
1325 1931 1467 1985 opus
1511 1925 1596 1970 est
1643 1914 1711 1969 ad
1754 1914 2033 1984 propriam

450 2010 886 2080 uniuscujusque
948 2008 1326 2077 operationem
1400 2006 1792 2076 perficiendam
1847 2024 1862 2071 ;
1917 2007 2035 2061 hsce

450 2104 673 2171 quidem
714 2102 781 2156 ad
824 2101 1081 2156 mandata
1135 2100 1323 2154 divina
1371 2098 1755 2169 cognoscenda
1813 2100 2033 2169 Deoque

449 2192 925 2262 complacendnm,
949 2190 1083 2244 illud
1109 2206 1260 2252 vero,
1282 2199 1343 2243 ut
1365 2191 1476 2244 vita
1495 2190 1755 2261 eumipsa
1783 2204 2036 2247 servetur

450 2285 816 2352 omniumque
841 2283 1147 2338 visibilium
1176 2283 1462 2337 meliorem
1490 2282 1909 2337 aestimationem
1938 2283 2037 2336 ha-

451 2377 603 2440 bent,
646 2376 1024 2430 necessarium
1067 2383 1172 2429 est.
1234 2375 1347 2429 Deo
1388 2383 1573 2428 autem
1622 2374 1803 2429 Verbo
1849 2374 2036 2443 aliquo

452 2469 522 2523 ad
576 2470 853 2538 pr0priam
907 2469 1284 2538 operationem
1339 2481 1479 2535 opus
1527 2481 1649 2521 esse
1694 2466 2033 2531 existimare,

452 2576 566 2613 non
604 2567 815 2612 rectum
870 2566 993 2622 est;
1047 2557 1195 2611 haud
1246 2572 1378 2627 ergo
1412 2557 1600 2611 unitus
1642 2566 1727 2611 est
1760 2558 1924 2612 alicui
1967 2574 2036 2613 ex

451 2652 619 2705 nobis
676 2650 730 2703 in
791 2649 956 2703 unius
1002 2661 1215 2703 natura:
1268 2648 1353 2703 vel
1414 2648 1723 2719 bypostasis
1796 2649 2036 2704 viventis

454 2742 937 2799 constitutionem.
983 2739 1043 2793 Si
1077 2754 1209 2794 vero
1263 2738 1452 2793 unitus
1500 2748 1586 2793 est
1621 2778 1637 2803 ,
1683 2736 1873 2807 illique
1917 2738 2035 2808 ipso

451 2836 522 2890 ad
590 2834 873 2905 propriam
928 2832 1308 2902 Operationem
1369 2846 1510 2900 Opus
1560 2839 1683 2895 est,
1746 2829 1893 2899 quod
1951 2836 2036 2884 est

452 2922 815 2993 blasphemia.
849 2921 986 2974 Cum
1041 2920 1215 2990 ipsius
1267 2919 1548 2989 potentiae,
1601 2919 1787 2988 potius
1850 2928 2034 2973 autem

454 3016 811 3086 impotentia},
835 3012 1081 3083 praedicti
1109 3029 1139 3065 a
1165 3011 1324 3066 vobis
1356 3010 1631 3065 ratiocinii
1656 3011 1868 3080 ,potius
1904 3026 2037 3065 vero

453 3107 810 3170 irratiocinii,
843 3108 1097 3175 lprmsens
1146 3103 1217 3157 sit
1255 3114 1660 3173 argumentum,
1703 3108 1852 3170 patet
1900 3100 2036 3155 illud

451 3200 707 3255 similiter
740 3213 862 3252 esse
908 3197 1183 3251 ruiturum
1221 3213 1236 3262 ;
1267 3195 1371 3250 etsi
1399 3194 1620 3249 selectis
1645 3194 1857 3263 aliquot
1884 3193 2037 3247 locu-
2062 3228 2106 3285 ο

452 3293 697 3348 tionibus
730 3308 797 3346 ex
845 3290 932 3344 his
976 3305 1097 3357 quae
1144 3287 1321 3357 prima
1356 3285 1751 3355 sequebantur,
1788 3284 2031 3339 secunda

450 3381 803 3445 induxeritis,
838 3378 1255 3433 multitudinem
1290 3377 1453 3431 nobis
1481 3376 1915 3444 facilitatemque
1944 3391 2033 3428 ar-

450 3480 837 3541 gumentorum
890 3469 1287 3535 ostendentes;
1353 3467 1501 3536 quod
1568 3467 1715 3520 cnim
1776 3466 2034 3520 omnibus

447 3563 750 3619 fatentibus
770 3578 895 3616 eum
927 3562 1104 3616 altero
1132 3562 1488 3631 eompatitur,
1511 3575 1637 3614 cum
1671 3560 1791 3629 ipso
1813 3575 2034 3629 quoque

450 3654 761 3711 secundum
790 3653 926 3723 quid
973 3653 1202 3709 omnino
1246 3654 1559 3723 eongaudet
1584 3673 1601 3708 :
1651 3655 1730 3709 illi
1761 3670 1893 3724 ergo
1928 3654 2033 3709 hoc

450 3760 592 3815 opus
628 3753 716 3798 est
745 3744 816 3798 ob
854 3742 1117 3813 gaudium
1161 3743 1473 3812 proprium.
1516 3744 1574 3799 Si
1620 3744 1788 3814 igitur
1835 3745 2032 3815 hujus-

450 3837 598 3891 modi
628 3835 888 3905 gaudium
921 3843 1182 3903 tanquam
1219 3834 1407 3903 aliqua
1437 3836 1695 3904 operatio
1730 3835 2029 3905 gaudentis

450 3929 705 3992 habetur,
746 3926 890 3982 idem
922 3926 1084 3981 nobis
1129 3934 1186 3981 et
1215 3942 1283 3981 cx
1324 3926 1629 3997 sympathia
1662 3928 2028 3996 praecedente,

449 4034 707 4089 nuncquc
723 4034 785 4073 ex
809 4017 1129 4088 operatione
1144 4016 1415 4072 ambobus
1430 4015 1734 4072 ratiociniis
1758 4016 2045 4093 incertum,

449 4109 677 4163 fecistis.
694 4108 801 4163 Sed
826 4108 879 4160 in
898 4106 1332 4175 pneccdentibus
1348 4121 1449 4160 nec
1468 4114 1652 4175 partes
1667 4122 1787 4161 esse
1804 4108 2033 4161 omnino

449 4200 730 4254 naturales
771 4212 894 4267 quae
936 4205 1066 4251 sunt
1105 4196 1275 4251 unita:
1319 4196 1376 4250 in
1416 4196 1755 4267 hypostasim
1797 4198 2031 4253 demon-

448 4301 682 4345 stratum
729 4297 835 4353 est,
885 4303 991 4343 nec
1045 4287 1227 4343 unitas
1266 4288 1495 4343 omnino
1547 4288 1715 4343 etiam
1760 4291 2028 4360 compati;

448 4398 552 4437 nec
582 4382 1003 4450 compatientes,
1029 4378 1257 4433 omnino
1284 4394 1505 4449 quoque
1534 4381 1849 4435 necessario
1878 4397 2032 4437 com-

449 4472 583 4542 pati.
606 4470 803 4540 Aliquo
822 4469 991 4539 igitur
1028 4478 1350 4524 remanente
1380 4485 1482 4523 nec
1508 4470 1752 4525 resoluto
1772 4470 1827 4524 in
1852 4472 2033 4541 primo

447 4576 632 4623 vestro
655 4572 1000 4635 argumento,
1024 4562 1090 4616 ad
1110 4563 1437 4617 alterutrum
1461 4563 1650 4619 venire
1675 4563 1795 4619 ausi
1826 4562 2027 4630 fuistis,
2063 4557 2107 4614 D

447 4660 656 4715 clarum
692 4672 802 4709 non
836 4663 943 4708 est.

517 4746 806 4815 Quomodo
827 4745 1139 4814 exemplum
1165 4744 1231 4798 ad
1256 4742 1634 4815 cognoscenda
1656 4750 1927 4812 praecepta
1950 4741 2033 4796 di-

446 4844 576 4897 vina
604 4842 825 4908 Deoque
849 4836 1305 4906 eomplaeendum
1335 4835 1531 4889 anima:
1569 4849 1711 4903 opus
1753 4848 1875 4888 esse
1905 4848 2032 4887 cor-

447 4948 582 5002 pore
616 4946 647 4987 a
677 4928 837 4983 vobis
871 4927 1095 4981 allatum
1137 4926 1259 4981 est?
1302 4924 1417 4979 Hoc
1457 4924 1629 4987 enim,
1662 4922 1793 4976 licet
1820 4922 2033 4992 aliquo-

448 5022 612 5077 modo
654 5020 761 5074 dici
814 5018 1007 5087 possit,
1078 5016 1316 5071 feliciter
1366 5012 1514 5067 haud
1561 5012 1864 5078 attulistis;
1920 5028 2032 5066 non

448 5115 626 5169 solum
654 5112 800 5166 enim
826 5109 893 5164 ad
925 5124 1054 5163 vera
1077 5107 1376 5175 divinaque
1413 5102 1861 5173 cognoscendum
1896 5103 2030 5158 illud

449 5214 533 5260 est
557 5205 669 5258 dux
695 5212 861 5272 atque
889 5200 1274 5269 adiumentum
1308 5195 1527 5259 animm,
1560 5194 1654 5249 sed
1707 5195 1873 5249 etiam
1903 5210 2030 5251 cum

449 5295 684 5350 maxime
733 5300 899 5347 nocet
947 5290 1321 5361 spiritualium
1376 5288 1721 5359 spiritualem
1783 5298 2035 5342 contem-

450 5388 751 5459 plationem
780 5385 1131 5440 sensibilium
1159 5381 1551 5451 imaginatione
1571 5380 1930 5447 obnubilans;
1962 5397 2029 5435 ex

448 5496 555 5551 qua
578 5479 829 5549 passione
860 5477 1060 5545 smpius
1081 5488 1303 5545 quoque
1328 5472 1658 5537 ofl'endistis,
1688 5472 1935 5542 quzedam
1959 5487 2025 5525 ex

452 5569 727 5640 mysteriis
772 5568 973 5622 divinis
1006 5573 1454 5635 perscrutantes;
1499 5580 1567 5619 eo
1601 5564 1749 5633 quod
1785 5563 2027 5627 rudium,

453 5660 818 5729 corporalium
852 5670 1017 5727 atque
1044 5655 1360 5727 hujusmodi
1398 5656 1744 5713 sensibilium
1770 5656 2030 5712 scicntia-

534 5838 551 5866 ’⁸
584 5838 737 5889 lium.
782 5852 892 5893 \‘lll.
924 5836 1012 5908 9.1.

2133 637 2281 702 στῷ.
2314 638 2413 690 Διά
2438 636 2547 706 γὰρ
2572 636 2669 705 τῆς
2694 637 2786 689 ἀπ’
2809 637 2984 707 ἀρχῆς
3028 637 3158 690 εὐθυ
3200 676 3216 691 .
3259 678 3277 694 .
3320 677 3336 692 .
3376 640 3444 691 τὰ
3495 639 3716 710 ὁμοειδῆ

2131 732 2198 799 τῇ
2225 730 2473 798 ἀπαρχῇ,
2534 723 2657 780 εἶτα
2707 727 2801 781 καὶ
2856 727 2926 780 τὰ
2981 729 3221 797 συγγενῆ
3279 728 3492 792 τούτοις
3540 730 3718 782 πάντα
3758 768 3773 779 ,

2134 821 2395 890 καὶπρὸς
2444 820 2543 891 τὴν
2588 820 2779 891 χρείαν
2822 824 2923 890 τῆς
2981 820 3323 892 καταλλήλου
3378 822 3719 892 εὐφροσύνης

2132 911 2241 964 τῶν
2268 911 2748 982 ἐλευθερωθέντων
2776 912 3010 981 πρώτως
3033 914 3304 982 γενόμενα
3334 915 3473 986 εἴδη,
3497 916 3721 969 πλουτεῖ

2132 1003 2394 1069 Θεὸν,καὶ
2423 1002 2590 1057 ἐσται
2611 1004 2645 1057 ὁ
2674 1002 2819 1067 Θεὸς
2840 1004 2914 1057 τὰ
2940 1002 3137 1058 πάντα
3164 1004 3234 1058 ἐν
3265 1004 3438 1063 πᾶσι.

2730 1275 2985 1329 ΚΕΦΑΛ.
3032 1276 3109 1331 Ζ’.

2206 1368 2320 1422 Πᾶν
2342 1366 2521 1422 ὁτιοῦν
2544 1368 2928 1439 συντιθέμενον
2955 1370 3131 1441 ἐτέρῳ
3158 1369 3295 1441 πρὸς
3340 1370 3470 1441 μιᾶς
3501 1370 3720 1439 φύσεως

2135 1460 2230 1515 xui.
2269 1460 2622 1524 ὑποστάσεως
2674 1460 2859 1532 ζώσης
2914 1460 3196 1527 σύστασιν,
3240 1461 3407 1532 μέρος
3443 1460 3720 1515 δείκνυται

2135 1553 2235 1623 τῆς
2262 1552 2724 1622 ἀποτελεσθείσης
2753 1553 2970 1621 φύσεως
3003 1554 3035 1623 ἢ
3074 1555 3167 1607 καὶ
3194 1554 3576 1617 ὑποστάσεως’
3608 1556 3721 1608 πᾶν

2133 1644 2190 1697 δὲ
2223 1644 2391 1714 μέρος
2426 1644 2639 1712 φύσεως
2673 1644 2705 1714 ἦ
2750 1645 2845 1696 καὶ
2896 1644 3249 1708 ὑποστάσεως
3299 1642 3503 1717 ζώσης,
3537 1644 3718 1699 δέεται

2136 1735 2360 1798 πάντως
2408 1734 2504 1787 τοῦ
2544 1727 2589 1802 ᾧ
2634 1734 2891 1804 συνετέθη
2947 1735 3172 1806 μέρους,
3204 1735 3341 1807 πρὸς
3393 1737 3722 1807 εὐεργεσίαν

2139 1827 2296 1881 ίδίαν.
2322 1827 2517 1882 Δέεται
2546 1827 2656 1899 γὰρ
2680 1829 2714 1899 ἠ
2740 1827 2886 1898 ψυχὴ
2911 1828 3007 1881 τοῦ
3048 1827 3323 1899 σώματος,
3350 1830 3447 1883 καὶ
3473 1830 3535 1883 τὸ
3558 1831 3719 1901 σῶμα

2069 1899 2107 1952 Β
2135 1922 2235 1990 τῆς
2268 1920 2445 1990 ψυχῆς
2470 1961 2483 1985 ,
2512 1919 2737 1990 θάτερον
2770 1920 3002 1991 θατέρου
3032 1920 3242 1974 οίκείαν
3276 1921 3597 1991 εὐεργεσίαν
3631 1899 3652 1952 ’ἠ
3683 1925 3718 1991 ή

2138 2010 2236 2081 μέν
2264 2011 2402 2079 πρὸς
2434 2010 2672 2081 μάθησιν
2699 2009 2806 2063 τῶν
2838 2009 3001 2063 θείων
3038 2010 3267 2064 ἐντολῶν
3298 2012 3391 2065 καὶ
3418 2012 3721 2083 εὐαρέστη-

2137 2120 2221 2156 σιν
2256 2103 2442 2165 θείαν,
2473 2104 2535 2156 τὸ
2562 2103 2619 2156 δέ
2647 2103 2785 2173 πρὸς
2814 2102 2911 2174 τὴν
2939 2102 3086 2174 ζωὴν
3120 2105 3239 2173 μετ’
3268 2104 3443 2174 αὐτῆς
3482 2106 3581 2177 τῆς
3621 2107 3721 2159 xui.

2133 2194 2243 2246 τῶν
2270 2192 2567 2264 ὁρωμένων
2606 2193 2866 2247 ἁπάντων
2905 2194 3191 2265 κρείττονα
3223 2195 3390 2267 τιμὴν
3420 2196 3589 2267 ἔχειν.
3614 2199 3719 2253 Τὸν

2135 2286 2193 2339 δὲ
2223 2286 2355 2339 Θεὸν
2384 2285 2559 2354 Λόγον
2592 2284 3003 2355 ὑπολαμϐάνειν
3047 2286 3267 2341 δέεσθαί
3296 2304 3444 2349 τινος
3473 2288 3613 2357 πρὸς
3638 2292 3717 2343 οἰ-

2135 2378 2291 2431 κείαν
2322 2377 2664 2446 εὐεργεσίαν,
2702 2377 2761 2430 οὑ
2796 2376 2955 2447 θέμις
2982 2393 2997 2408 ·
3030 2378 3134 2431 οὐκ
3176 2378 3285 2447 ἄρα
3334 2379 3595 2449 συνετέθη
3640 2380 3720 2451 τῷ

2135 2466 2194 2531 ἐξ
2238 2466 2396 2537 ἡμῶν
2424 2466 2698 2537 ἀνθρώπῳ
2743 2466 2825 2529 είς
2869 2468 3000 2537 μιᾶς
3045 2467 3262 2535 φύσεως
3297 2468 3329 2538 ἢ
3366 2469 3720 2534 ὑποστάσεως

2137 2555 2318 2627 ζώσης
2350 2557 2637 2613 σύστασιν.
2664 2557 2728 2611 Ei
2764 2556 2821 2609 δέ
2867 2558 3160 2629 συνετέθη,
3194 2559 3291 2612 καὶ
3338 2559 3519 2614 δέεται
3552 2561 3718 2615 αὑτοῦ

2136 2649 2274 2719 πρὸς
2324 2650 2532 2704 οἰκείαν
2585 2650 2930 2718 εὐεργεσίαν,
2963 2651 3102 2721 ὅπερ
3152 2651 3371 2716 ἀσεϐές.
3417 2652 3570 2706 Ἐπεὶ
3617 2654 3721 2723 τῆς

2136 2741 2310 2810 αὐτῆς
2353 2741 2658 2809 δυνάμεως,
2695 2742 2898 2811 μᾶλλον
2936 2742 2995 2796 δὲ
3026 2744 3361 2813 ἀδυναμίας,
3392 2744 3487 2798 τοῦ
3529 2762 3720 2817 προει-

2137 2852 2207 2906 ρη
2217 2832 2379 2903 μένου
2404 2834 2532 2903 ὑμῖν
2557 2833 2946 2905 συλλογισμοῦ,
2965 2835 3167 2905 μᾶλλον
3194 2836 3252 2889 δὲ
3274 2836 3717 2908 παραλογισμοῦ,

2137 2921 2321 2973 καὶτὸ
2355 2925 2530 2991 παρὸν
2581 2922 2922 2993 ἐπιχείρημα
2975 2926 3113 2987 ἐστι,
3144 2924 3305 2995 δῆλον
3355 2927 3439 2979 ὅτι
3488 2928 3721 2999 καὶτῆς

2137 3013 2331 3082 ὁμοίας
2369 3014 2529 3083 ἔλαχε
2561 3014 3007 3078 καταπτώσεως·
3041 3017 3090 3069 εί
3123 3017 3215 3070 καὶ
3257 3018 3396 3087 μετὰ
3422 3035 3569 3081 τινος
3591 3019 3718 3072 ἀντ-

2138 3104 2374 3175 εκλογῆς
2430 3105 2650 3171 λέξεων,
2674 3108 2738 3161 ἐκ
2764 3107 2873 3160 τῶν
2899 3109 3183 3179 ἑπομένων
3213 3112 3327 3174 τοῖς
3355 3110 3616 3181 πρώτοις,
3648 3113 3719 3166 τὰ

2138 3195 2370 3267 δεύτερα
2427 3197 2776 3266 είσηγάγετε,
2841 3198 3045 3269 πλῆθος
3101 3202 3234 3271 ἡμῖν
3293 3202 3389 3256 καὶ
3449 3204 3717 3275 εὐπορίαν

2138 3290 2590 3360 ἐπιχειρημάτων
2640 3290 3058 3361 ἐμφανίζοντες.
3104 3294 3178 3346 Tb
3230 3295 3340 3368 γάρ
3388 3298 3717 3369 συμπάσχον

2134 3382 2244 3434 τινὶ
2306 3382 2781 3452 ὁμολογουμένως,
2817 3385 2993 3454 τούτῳ
3050 3387 3192 3440 κατά
3250 3406 3302 3441 τι
3354 3390 3574 3453 πάντως
3617 3392 3717 3445 xu‘t

2137 3474 2424 3545 συνήδεται
2453 3490 2468 3505 θ
2506 3474 2665 3527 τοῦτο
2726 3475 2833 3545 ἄρα
2882 3476 2976 3530 καὶ
3018 3477 3191 3531 δεῖται
3257 3479 3424 3533 αὑτοῦ
3481 3482 3570 3536 διά
3615 3484 3718 3553 τὴν

2135 3565 2346 3619 οἰκείαν
2373 3566 2588 3637 ἡδονήν.
2614 3567 2785 3638 Είπερ
2822 3564 2915 3622 οὖν
2942 3570 2975 3640 ἡ
3010 3569 3193 3635 τεῦξις
3217 3571 3318 3641 τῆς
3347 3574 3557 3628 τοιάσδε
3588 3576 3715 3645 ἠδο-

2134 3657 2233 3726 νῆς
2271 3656 2564 3728 εὐεργεσία
2596 3674 2683 3721 τις
2723 3657 2801 3728 τῷ
2835 3659 3083 3729 ἡδομένῳ
3123 3659 3460 3729 λελόγισται,
3490 3664 3552 3716 τὸ
3583 3664 3716 3717 αὐτὸ

2135 3749 2267 3819 ἡμῖν
2295 3748 2359 3801 ἐκ
2384 3766 2445 3802 τε
2483 3749 2585 3818 τῆς
2616 3749 2965 3819 συμπαθείας
2997 3751 3210 3822 πρώην,
3236 3752 3333 3806 καὶ
3358 3753 3455 3807 νῦν
3502 3755 3567 3807 ἐκ
3613 3756 3716 3824 τῆς

2136 3838 2459 3909 εὐεργεσίας
2488 3839 2559 3893 δι’
2592 3839 2923 3912 ἀμφοτέρων
2946 3842 3056 3895 τῶν
3082 3845 3531 3915 ἐπιχειρημάτων
3572 3848 3715 3917 ὴποο

2139 3930 2359 4000 ρήσατε.
2403 3929 2630 3985 Ἀλλίἐν
2664 3932 2762 4001 μὲν
2795 3934 2907 3994 τοῖς
2944 3932 3238 4001 φθάσασιν,
3278 3935 3386 3989 ίδοὺ
3413 3935 3538 3989 οὗτε
3571 3937 3714 4007 μέρη

2134 4017 2277 4077 εἶναι
2324 4020 2543 4087 πάντως
2572 4023 2777 4092 φυσικά
2804 4023 2873 4077 τὰ
2907 4024 3268 4094 συντιθέμενα
3303 4028 3385 4090 είς
3414 4028 3716 4083 ὑπόστασιν

2135 4113 2429 4179 ἐδείκνυτο,
2452 4113 2575 4168 οὔτε
2608 4115 2935 4169 συντεθέντα
2968 4116 3188 4181 πάντως
3219 4119 3313 4172 καὶ
3343 4119 3708 4190 συμπάσχειν·

2135 4203 2260 4258 οὐτε
2314 4205 2730 4277 συμπάσχοντα,
2761 4208 2980 4271 πάντως
3027 4211 3119 4262 καὶ
3152 4210 3431 4275 ἀκουσίως
3493 4215 3712 4283 συμπά-

2138 4314 2309 4367 σχειν,
2346 4298 2503 4361 Τίνος
2558 4298 2654 4352 οὖν
2704 4300 3048 4354 ἀκαταλύτου
3099 4302 3466 4373 φυλαχθέντος
3523 4307 3581 4358 ἐν
3636 4306 3716 4374 τῷ

2138 4388 2344 4459 πρώτῳ
2366 4389 2522 4458 ὑμῶν
2551 4391 2973 4462 ἐπιχειρήματι,
3002 4391 3141 4464 πρὸς
3181 4394 3242 4448 τὸ
3269 4394 3498 4467 θάτερον
3538 4396 3715 4451 ἐλθεῖν

2137 4478 2497 4550 ἐτολμήσατε,
2519 4481 2580 4533 οὐ
2603 4482 2859 4551 φανερόν.

2205 4741 2280 4795 Tb
2320 4740 2376 4794 δὲ
2427 4741 2785 4813 παράδειγμα
2830 4742 2950 4795 τόδε
2995 4743 3057 4797 τὸ
3101 4743 3234 4816 παρ’
3259 4743 3415 4815 ὑμῶν
3452 4743 3534 4797 ὅτι
3577 4744 3716 4814 πρὸς

2137 4833 2377 4904 μάθησιν
2408 4833 2519 4886 τῶν
2550 4833 2711 4887 θείων
2738 4834 2971 4887 ἐντολῶν
3008 4836 3103 4888 καὶ
3138 4836 3499 4907 εὐαρέστησιν
3542 4835 3715 4889 δεῖται

2133 4924 2229 4979 τοῦ
2265 4923 2519 4995 σώματος
2552 4926 2588 4995 ἡ
2614 4924 2760 4996 ψυχὴ
2782 4966 2796 4990 ,
2828 4926 2947 4990 πῶς
2982 4926 3091 4997 ἄρα
3119 4927 3249 4999 ὑμῖν
3282 4930 3496 4999 είρηται
3524 4945 3538 4995 ;
3577 4928 3716 4981 Οὐδὲ

2135 5018 2247 5089 γάρ
2284 5016 2467 5084 τοῦτο,
2526 5018 2705 5071 καίτοι
2747 5036 2866 5081 πως
2891 5018 3150 5087 λέγεσθαι
3183 5020 3499 5091 δυνάμενον,
3532 5021 3715 5085 καλῶς

2137 5108 2295 5175 ὑμεῖς
2344 5109 2693 5179 προηγάγετε
2722 5123 2735 5138 ⁸
2770 5111 2865 5161 καὶ
2918 5110 3027 5180 γὰρ
3082 5110 3144 5163 οὑ
3199 5110 3334 5181 πρὸς
3382 5112 3482 5181 τὴν
3535 5111 3715 5181 μάθη-

2139 5217 2223 5252 σιν
2270 5199 2380 5252 τῶν
2421 5199 2639 5271 ἀληθῶν
2677 5201 2773 5253 καὶ
2822 5201 3003 5265 θείων,
3035 5201 3195 5255 τοῦτὸ
3244 5204 3363 5255 ἐστι
3401 5203 3462 5255 τὸ
3486 5203 3717 5273 ὀδηγοῦν

2138 5288 2233 5343 καὶ
2290 5289 2680 5360 συναιρόμενον
2726 5292 2792 5359 τῇ
2834 5290 2982 5360 ψυχῇ
3009 5306 3025 5323 ’
3056 5290 3174 5344 ἀλλ’
3205 5290 3353 5343 ἐστιν
3395 5292 3485 5344 ὅτε
3526 5294 3620 5345 xui.
3647 5293 3716 5345 τὰ

2142 5381 2378 5449 μέγιστα
2406 5380 2810 5449 παραελάπτει,
2840 5382 2938 5451 τὴν
2965 5382 3071 5434 τῶν
3102 5382 3308 5450 νοητῶν
3344 5382 3543 5451 νοητὴν
3588 5383 3713 5435 ἐπι-

2142 5470 2366 5534 σκιάζον
2396 5470 2631 5541 θεωρίαν
2661 5471 2749 5525 διά
2775 5473 2874 5542 τῆς
2915 5473 3021 5526 τῶν
3052 5472 3329 5543 αἰσθητῶν
3370 5473 3671 5541 φαντασίας
3701 5490 3712 5501 ·

2138 5556 2291 5633 ᾧπερ
2324 5563 2416 5616 καὶ
2446 5564 2785 5635 συχνοτέρως
2813 5570 3181 5635 προσπταίετε
3216 5566 3382 5619 πάθει
3432 5565 3563 5634 περὶ
3607 5564 3717 5617 τῶν

2141 5654 2461 5727 θεοπρεπῶν
2482 5656 2812 5727 ἐρευνῶντές
2832 5676 2954 5713 τινα
2982 5657 3299 5729 μυστηρίων
3318 5672 3333 5687 °
3365 5657 3447 5711 ὅτι
3474 5656 3581 5727 γὰρ
3608 5654 3716 5709 τῶν
