4120 6448
398 460 425 528 1
443 463 535 529 ἱ29

1338 471 1736 533 ADVERSUS
1776 470 2412 533 NESTORIANOS.-
2444 475 2590 537 LIB.
2634 474 2685 536 Ῑ.

3522 472 3661 538 1430

397 580 599 633 ὑλικῶν
636 580 732 633 καὶ
783 597 1113 652 σωματικῶν
1140 581 1235 636 καὶ
1263 583 1370 637 τῶν
1396 589 1519 639 κατ’
1548 586 1805 661 αἴσθησιν
1858 604 1965 657 μα-

2088 603 2194 640 ’11111
2245 590 2495 659 lapides,
2533 592 2716 663 ligna,
2756 592 3014 647 animalia
3040 591 3302 657 ,‘coelum,
3354 590 3472 659 sol,
3522 608 3665 662 aqua

396 674 608 744 θήσεων
655 674 796 727 λίθοι
853 675 947 729 καὶ
1000 674 1135 742 ξύλα
1175 678 1270 730 καὶ
1305 676 1421 742 ζῶα
1467 680 1562 732 καὶ
1602 681 1833 752 οὑρανὸς
1879 680 1973 733 καὶ⁸

394 764 545 836 ἥλιος
573 765 668 818 καὶ
703 764 847 835 ὕδωρ
873 767 968 819 καὶ
1002 766 1113 838 πῦρ
1143 767 1313 833 ἐστιν,
1337 769 1396 822 ἐν
1418 766 1499 833 οἷς
1532 770 1561 822 ὁ
1604 769 1819 835 δλισθος
1862 771 1973 825 τῶν

393 856 609 909 ἀσεϐῶν
665 859 760 910 καὶ
809 859 1245 930 εἰδωλολατρῶν,
1270 860 1379 912 τῶν
1428 861 1596 931 μηδὲν
1651 862 1813 916 πλέον
1863 863 1974 915 τῶν

392 950 689 1019 ὁρωμένων
716 948 1057 1015 δοξασάντων
1091 953 1171 1014 εἰς
1197 951 1537 1018 θεοσέϐειαν,
1567 953 1795 1021 γέγονεν
1816 953 1974 1021 εὔδη-

392 1042 483 1095 λον
509 1044 685 1096 ἆπασι
718 1060 734 1076 ο
762 1044 858 1097 καὶ
891 1044 1030 1115 ὅτιή
1059 1044 1209 1115 ψυχὴ
1230 1045 1292 1098 οὑ
1324 1044 1623 1117 πειθομένη
1663 1048 1729 1117 τῇ
1760 1046 1848 1100 διὰ
1880 1046 1973 1101 τοῦ

394 1134 654 1205 σώματος
678 1135 929 1207 αἰσθήσει
952 1138 1088 1208 μόνῃ
1110 1136 1255 1208 λόγῳ
1284 1130 1434 1211 εὗρε,
1453 1138 1549 1191 καὶ
1577 1139 1637 1191 οὑ
1671 1138 1741 1192 δι’
1765 1138 1975 1205 αἰσθή-

393 1243 551 1294 σεως
594 1228 686 1282 τὸν
735 1228 968 1299 ἀόρατον
1024 1229 1181 1282 τοῦδε
1225 1229 1322 1283 τοῦ
1374 1228 1574 1292 παντὸς
1603 1233 1973 1301 Δημιουργὸν,

394 1320 575 1373 καίτοι
625 1320 700 1392 μὴ
733 1319 969 1389 ὀφθέντα
1013 1323 1269 1394 αἰσθήσει
1300 1325 1605 1397 πώποτε,ἢ
1644 1324 1976 1395 σωματικῶς

394 1412 544 1474 ὅντα.
573 1412 711 1475 ὅλως
744 1414 1009 1482 γνωστὸν.
1041 1416 1164 1470 οὑδέ
1188 1418 1332 1488 ὑμᾶς
1367 1415 1522 1489 οἶμαι
1540 1416 1973 1489 διαμφιϐάλλειν.

395 1503 521 1565 Πῶς
581 1502 634 1555 δὲ
686 1504 782 1555 καὶ
832 1504 893 1557 τὸ
933 1505 1239 1577 ἐπιθυμοῦν
1298 1508 1439 1562 κατὰ
1494 1506 1591 1562 τοῦ
1639 1506 1974 1577 πνεύματος,

314 1608 317 1609 ⁷
394 1597 533 1666 πρὸς
562 1596 800 1675 μάθησιν
828 1598 938 1651 τῶν
980 1598 1145 1654 θείων
1185 1602 1418 1656 ἐντολῶν
1464 1605 1559 1655 καὶ
1589 1601 1975 1673 εὐαρέστησιν,

394 1689 805 1759 συμϐάλλεσθαι
841 1692 989 1763 αὑτῷ
1012 1694 1215 1746 εἴποιτε
1243 1694 1308 1746 ἂν
1338 1693 1535 1764 ὀρθῶς,
1563 1696 1611 1747 εἰ
1662 1695 1736 1764 μή
1770 1711 1825 1746 τι
1870 1693 1978 1763 ἄρα

391 1786 506 1846 τοῖς
536 1783 745 1839 τούτων
772 1786 1038 1849 ἐναντίοις
1077 1786 1138 1839 τὸ
1168 1787 1393 1856 Πνεῦμα
1427 1786 1783 1857 συναίρεσθαι
1815 1785 1978 1856 νομί-

393 1876 537 1943 ζετε,
571 1878 792 1948 ἄδηλον.
836 1879 893 1933 'O
922 1879 979 1932 δὲ
1018 1878 1217 1948 λέγων,
1258 1880 1352 1945 Τίς
1379 1897 1455 1949 με
1480 1880 1733 1948 ῥύσεται
1763 1880 1833 1933 ἐκ
1870 1877 1978 1931 τοῦ

392 1968 672 2039 σώματος
699 1971 807 2024 τοῦ
834 1975 1096 2027 θανάτου
1135 1973 1372 2038 τούτου,
1408 1967 1518 2043 ἆρα
1561 1970 1658 2025 τοῦ
1698 1970 1833 2043 πρὸς
1875 1970 1981 2041 μά-

394 2060 555 2131 θησιν
575 2061 685 2114 τῶν
715 2062 878 2116 θείων
911 2064 1141 2117 ἐντολῶν
1166 2064 1261 2117 καὶ
1288 2064 1655 2136 εὐαρέστησιν
1684 2048 1979 2137 χρειώδουκς

396 2153 663 2225 ρυσθῆναι
690 2156 971 2224 δυσωπεῖ;
1009 2157 1122 2209 Καὶ
1159 2156 1279 2220 πῶς
1308 2157 1365 2209 ἐν
1394 2156 1565 2220 ὁσίοις
1603 2154 1699 2208 καὶ
1738 2154 1979 2208 θεοδιδά-

395 2260 549 2307 κτοις
582 2244 676 2297 καὶ
712 2245 983 2314 φιλοθέοις
1006 2240 1161 2310 οὗτος
1183 2246 1489 2318 ἐπίσημος;
1522 2245 1587 2299 Τί
1617 2244 1674 2299 δὲ
1713 2242 1779 2298 ἂν
1810 2246 1983 2297 εἰποι-

398 2353 500 2406 μεν
528 2337 592 2390 ἐκ
626 2337 735 2390 τῶν
768 2338 1096 2409 καθημέραν
1122 2339 1251 2408 περί⁸
1285 2340 1385 2402 τὰς
1432 2337 1752 2409 σωματικὰς
1782 2338 1980 2406 ἐπιμε-

395 2427 548 2492 λείας
596 2429 757 2501 ήμῶν
800 2430 1194 2501 πνευματικῶν
1240 2431 1535 2501 μαθήσεων
1582 2431 1674 2484 καὶ
1724 2427 1982 2500 πράξεων

395 2523 530 2591 ἡμῖν
585 2523 1056 2594 ἀμϐλυνομένων;
1098 2523 1242 2577 Ἀλλ’
1269 2524 1418 2577 ἔστιν
1484 2521 1703 2594 ἀληθῶς
1754 2522 1882 2575 ἰδεῖν
1915 2521 1979 2575 τὸ

394 2614 659 2668 ἐναντίον.
699 2616 769 2667 Ἢ
808 2614 1069 2685 βούλεσθε
1100 2615 1271 2680 δεῖξαι
1307 2615 1709 2686 κερδαίνουσαν
1738 2615 1838 2685 τὴν
1880 2613 1983 2684 ψυ-

395 2707 498 2777 χὴν
532 2708 618 2761 διὰ
656 2707 944 2777 σώματος;
974 2709 1052 2779 Τῇ
1080 2708 1190 2779 γὰρ
1224 2707 1361 2779 πρὸς
1393 2708 1554 2762 τοῦτο
1585 2709 1736 2779 μάχῃ
1777 2709 1872 2761 καὶ
1913 2709 1981 2777 τῇ

395 2799 588 2852 τούτου
644 2800 888 2872 παιδείᾳ,
926 2800 1120 2872 μισθὸν
1164 2801 1337 2872 ἐαυτῇ
1392 2802 1780 2872 περιποιεῖται,
1818 2799 1983 2870 μέχρι

400 2893 559 2962 μόνον
588 2893 744 2946 τοῦδε
771 2897 871 2964 τῆς
898 2894 1020 2949 κατ’
1048 2894 1181 2948 αὑτὴ
1211 2893 1492 2965 φροντίδος
1520 2892 1853 2963 ἀντεχομένη
1887 2890 1983 2943 τοῦ

400 2986 476 3057 μὴ
502 2986 724 3040 ὀδυνοῦν
753 2988 947 3058 αὑτὴν,
984 2987 1095 3039 τῶν
1134 2986 1280 3039 ἰδίων
1314 2985 1609 3056 ἐνεργειῶν
1639 2982 1979 3054 ἐμποδίζειν.

401 3080 472 3133 Ἢ
512 3079 749 3150 θνῆσκον
795 3079 886 3133 διὰ
928 3080 990 3134 τὸ
1026 3080 1117 3134 ὑπ’
1142 3080 1313 3148 αὑτῆς
1362 3077 1726 3148 ἀπρονόητον,
1762 3076 1983 3129 αὑτονο-

401 3170 533 3241 μίαν
559 3171 659 3242 τῆς
686 3170 895 3235 λύσεως
927 3171 1023 3225 τοῦ
1057 3170 1199 3243 πρὸς
1227 3172 1360 3224 αὑτο
1388 3166 1590 3240 δεσμοῦ
1626 3168 1979 3239 κατηγορεῖν.

2078 680 2330 751 ignisque
2363 690 2467 747 est,
2501 683 2556 737 in
2590 684 2795 753 quibus
2824 700 2986 740 casus
3014 684 3311 754 impiorum
3344 698 3409 738 ac
3439 682 3667 738 idolola-

2081 780 2314 837 trarum,
2354 773 2494 828 nihil
2530 775 2709 846 majus
2752 792 2915 845 quam
2948 776 3234 832 sensibilia
3272 776 3666 831 arbitrantium

2080 862 2147 917 ad
2179 866 2464 935 pietatem,
2488 868 2749 923 omnibus
2776 868 3007 925 evidens
3026 870 3206 924 factus
3250 877 3368 935 est;
3403 868 3666 938 quodque

2079 958 2262 1011 anima
2314 958 2528 1015 ratione
2576 961 2789 1015 invenit
2846 977 2957 1016 non
3012 962 3128 1018 sola
3172 961 3441 1031 corporali
3476 976 3668 1031 perce-

2078 1052 2288 1119 ptione,
2316 1067 2422 1107 nec
2460 1068 2559 1123 per
2580 1055 2940 1107 sensationem
2982 1053 3322 1108 invisibilem
3357 1052 3525 1122 hujus
3552 1050 3669 1104 uni.-

2079 1143 2221 1198 versi
2274 1143 2635 1211 Creatorem,
2689 1146 2820 1201 licet
2865 1160 2978 1200 non
3035 1153 3357 1215 perceptum
3421 1158 3665 1212 unquam

2079 1235 2356 1301 sensibus,
2404 1246 2501 1290 aut
2532 1236 2897 1306 corporaliter
2945 1237 3196 1299 exsistat,
3230 1235 3457 1290 omnino
3481 1234 3670 1304 cogni-

2081 1337 2222 1394 tum,
2258 1344 2361 1385 nec
2409 1344 2510 1384 vos
2548 1330 3022 1399 comprehendere
3064 1328 3340 1384 existimo.
3382 1326 3669 1393 Quomodo

2080 1431 2264 1477 autem
2296 1423 2695 1493 concupiscere
2718 1422 3023 1478 secundum
3058 1421 3337 1492 spiritum,
3372 1417 3441 1472 ad
3464 1432 3669 1486 cogno-

2080 1513 2284 1568 scenda
2328 1513 2514 1569 divina
2546 1515 2804 1570 mandata
2837 1513 3404 1585 complacendumque
3442 1510 3576 1575 Deo,
3602 1509 3670 1563 ad

2082 1604 2261 1674 ipsum
2311 1606 2505 1661 referri
2553 1617 2701 1663 recte
2746 1606 2965 1672 dicetis,
3003 1608 3108 1662 nisi
3153 1606 3295 1661 forte
3350 1607 3407 1661 in
3446 1606 3669 1660 illorum

2082 1699 2379 1755 contrariis
2397 1699 2653 1770 spiritum
2679 1699 2941 1771 adjuvare
2992 1699 3343 1765 existimetis,
3367 1714 3477 1753 non
3497 1705 3668 1768 patet.

2082 1786 2187 1853 Qui
2220 1803 2358 1842 vero
2384 1788 2521 1843 dicit
2551 1806 2563 1842 :
2591 1787 2717 1854 Quis
2746 1805 2829 1843 me
2863 1788 3105 1843 liberabit
3137 1789 3201 1843 de
3244 1803 3465 1857 corpore
3486 1788 3672 1840 mortis

2084 1880 2240 1951 hujus
2282 1880 2338 1935 δί
2391 1897 2525 1936 num
2557 1897 2629 1937 ne
2670 1881 2747 1936 de
2805 1881 2927 1936 utili
2984 1880 3367 1951 cognoscendo
3413 1880 3674 1933 mandata

2086 1970 2272 2025 divina
2304 1973 2527 2043 Deoque
2566 1972 2963 2043 complaeendo
2992 1972 3265 2027 liberetur
3295 1972 3497 2027 timet?
3523 1971 3675 2038 Quo-

2084 2063 2362 2133 modoque
2409 2064 2464 2119 in
2505 2065 2714 2119 sanctis
2765 2064 2863 2119 Dei
2897 2063 3229 2119 docibilibus
3258 2072 3425 2133 atque
3460 2062 3677 2118 devotis

2084 2155 2193 2212 hoc
2227 2158 2567 2228 prmeipuum
2592 2157 2738 2212 fuit?
2784 2156 2927 2222 Quid
2958 2156 3282 2227 nosmetipsi
3328 2156 3578 2211 dicemus
3607 2155 3677 2210 de

2084 2249 2427 2319 quotidianis
2471 2250 2682 2305 nostris
2728 2250 2875 2305 circa
2925 2249 3246 2320 corporales
3294 2264 3460 2305 curas
3512 2248 3675 2318 spiri-

2084 2340 2329 2395 tualibus
2366 2340 2719 2396 documentis
2753 2341 3177 2412 actionibusque
3226 2357 3258 2396 a
3300 2341 3464 2396 nobis
3496 2340 3675 2411 negli-

2084 2440 2280 2502 genter
2310 2432 2517 2503 gestis?
2548 2432 2656 2487 Sed
2683 2434 3030 2488 contrarium
3070 2448 3203 2488 vere
3230 2432 3532 2487 videndum
3567 2440 3675 2487 est.

2085 2521 2195 2574 Aut
2228 2521 2397 2575 vultis
2418 2521 2800 2593 proﬁcientem
2825 2538 2892 2577 ex
2911 2538 3147 2593 corpore
3182 2522 3422 2576 animam
3449 2522 3679 2576 demono

2087 2609 2303 2665 strare?
2341 2609 2629 2665 Adversus
2683 2611 2831 2668 enim
2884 2610 3021 2665 illud
3066 2609 3369 2681 pugnando
3429 2610 3679 2678 illudque

2087 2701 2408 2772 castigando
2446 2702 2762 2758 mercedem
2809 2702 2917 2757 sibi
2944 2712 3247 2773 comparat,
3274 2710 3465 2757 contra
3496 2701 3681 2772 ipsum

2090 2792 2470 2848 tantummodo
2508 2794 2781 2848 meditans
2820 2810 2889 2850 ne
2938 2795 3056 2864 ipsa
3111 2794 3205 2849 det
3260 2810 3472 2865 poenas,
3507 2803 3681 2864 utque

2087 2885 2504 2954 operationibus
2549 2885 2699 2941 illius
2734 2886 3022 2941 obstacula
3067 2886 3284 2942 aﬂ'erat.
3321 2886 3478 2953 Quod
3511 2886 3680 2942 etiam

2086 2985 2318 3031 vocatur
2355 2976 2601 3032 moriens
2642 2993 2711 3032 eo
2754 2978 2903 3047 quod
2936 2978 3029 3033 illa
3058 2994 3171 3033 non
3200 2978 3540 3049 prmviderit,
3572 2993 3677 3033 no-

2087 3084 2213 3123 men
2263 3069 2558 3125 solutionis
2608 3086 2638 3124 a
2678 3070 2901 3125 vinculo
2952 3072 3204 3141 corporis
3255 3071 3518 3126 obtinuit.
3548 3070 3679 3125 Ideo

2086 3160 2312 3230 quidem
2361 3169 2417 3216 et
2456 3177 2559 3218 nos
2609 3162 2664 3217 in
2717 3177 2885 3217 carne
2930 3162 3202 3229 viventes,
3230 3180 3341 3218 non
3372 3162 3681 3219 secundum

398 3262 491 3315 Διδ
517 3262 582 3334 δὴ
609 3263 705 3317 καὶ
748 3264 807 3316 ἐν
848 3264 1014 3335 σαρκὶ
1041 3263 1266 3329 ζῶντες,
1302 3262 1377 3335 μὴ
1422 3260 1567 3316 κατὰ
1607 3259 1785 3331 σάρκα
1826 3276 1984 3331 περι-

2090 3268 2312 3310 carnem
2358 3253 2641 3309 ambulare
2683 3254 2924 3310 ordinati
2968 3270 3180 3310 sumus.

400 3359 593 3411 πατεῖν
628 3356 1118 3429 προστετάγμεθα.

995 3497 1249 3551 ΚΕΦΑΛ.
1306 3498 1385 3552 H'.

470 3630 588 3683 Πᾶν
609 3630 788 3686 ὁτιοῦν
810 3632 1194 3703 συντιθέμενον
1220 3632 1391 3703 ἑτέρῳ
1416 3632 1740 3703 ἐτεροουσίῳ
1757 3634 1837 3697 εἰς
1857 3632 1986 3704 μίαν

401 3718 614 3789 φύσεως
646 3722 678 3792 ἢ
716 3723 1070 3787 ὑποστάσεως
1095 3723 1379 3787 σύστασιν,
1403 3725 1569 3795 μέρος
1594 3726 1691 3795 τῆς
1722 3726 1987 3779 ἀποτελε-

405 3810 631 3881 σθείσης
675 3810 734 3878 ἐξ
769 3812 952 3865 αὑτῶν
986 3814 1200 3882 φύσεως
1238 3813 1551 3867 δείκνυται·
1588 3815 1697 3867 πᾶν
1727 3814 1784 3866 δέ
1819 3814 1989 3884 μέρος

401 3903 743 3974 ἐτεροοὺσιον
770 3907 901 3975 μιᾶς
929 3905 1146 3975 φύσεως
1174 3906 1206 3976 ἢ
1235 3907 1611 3973 ὑποστάσεως,
1641 3907 1704 3960 οὑ
1738 3907 1989 3962 καλεῖται

400 3994 478 4065 τῷ
526 3996 756 4067 ὀνόματι
803 3997 1017 4051 ἐκείνου
1069 3990 1220 4067 ᾧπερ
1272 3996 1599 4065 σύγκειται·
1631 3998 1730 4051 καὶ
1758 3998 1851 4050 ἐπὶ
1891 3996 1987 4051 τοῦ

402 4087 692 4158 ἀνθρώπου
721 4088 853 4157 γὰρ,
886 4090 935 4142 εἰ
964 4090 1061 4143 καὶ
1091 4090 1159 4143 τὰ
1213 4088 1357 4161 μέρη
1401 4088 1567 4142 αὑτοῦ
1614 4089 1862 4143 καλεῖται
1911 4088 1991 4160 τῷ

400 4181 497 4235 τοῦ
525 4182 646 4236 ὅλου
676 4183 904 4252 ὀνόματι
939 4182 1079 4251 μετὰ
1114 4182 1434 4255 προσθήκης
1460 4182 1605 4245 τινὸς
1630 4181 1724 4235 τοῦ
1751 4181 1860 4235 ἔσω
1894 4182 1991 4236 καὶ

402 4274 529 4339 ἔξω,
574 4275 602 4344 ἢ
637 4276 740 4328 οὑκ
787 4274 919 4329 ἄνευ
958 4274 1275 4347 προσθήκης
1318 4275 1570 4329 τοιᾶσδεο
1602 4277 1652 4329 εἰ
1690 4275 1748 4329 δὲ
1795 4275 1890 4328 καὶ
1929 4275 1991 4328 τὸ

403 4364 526 4419 ὅλον
569 4366 680 4418 ἀπὸ
734 4364 934 4436 μέρους
973 4366 1107 4419 ποτέ
1146 4366 1498 4437 σημαίνεται,
1532 4362 1764 4420 ἁλλόῦν
1805 4383 1870 4435 γε
1918 4366 1991 4420 τὰ

410 4454 552 4525 μέρη
581 4453 690 4507 τῶν
712 4454 917 4524 ἐτέρων
946 4453 1129 4525 μερῶν
1158 4455 1261 4507 οὑκ
1277 4454 1507 4525 ἠξίωται
1534 4454 1645 4507 τῶν
1678 4454 1984 4525 ὀνομάτων·

402 4545 528 4599 οὑτε
560 4546 671 4617 γὰρ
701 4545 849 4617 ψυχὴ
880 4545 1020 4616 σὰρξ
1048 4545 1319 4614 καλεῖται,
1350 4543 1473 4599 οὑτε
1506 4545 1645 4616 σὰρξ
1670 4545 1837 4618 ψυχή.
1870 4547 1993 4601 Πᾶν

404 4639 513 4709 ἄρα
543 4611 928 4708 συντιθέμενον
952 4611 1126 4708 ἐτέρῳ
1151 4611 1479 4708 ἐτεροουσίῳ
1506 4611 1590 4702 εἰς
1619 4611 1990 4709 μιίὶςωὺσεως
2019 4611 2069 4671 D

404 4731 438 4800 ἢ
475 4730 571 4783 καὶ
602 4730 955 4789 ὑποστάσεως
984 4728 1273 4795 σύστασιν,
1305 4730 1404 4783 οὑκ
1427 4728 1657 4799 ἠξίωται
1682 4728 1776 4782 τοῦ
1800 4730 1992 4800 ἐτέρου

409 4824 610 4895 μέρους
649 4823 744 4876 τοῦ
777 4822 1063 4892 ὀνόματος.
1099 4822 1161 4874 Εἰ
1195 4822 1251 4875 δὲ
1290 4821 1484 4888 τοῦτο,
1512 4821 1545 4892 ῆ
1576 4821 1637 4875 οὑ
1675 4821 1933 4893 συνετέθη
1964 4822 1993 4875 ὁ

404 4917 539 4979 Θεὸς
569 4917 743 4984 Λόγος
791 4914 871 4985 τῷ
919 4913 980 4980 ἐξ
1027 4914 1186 4986 ημῶν
1213 4911 1510 4984 ἀνθρώπῳ,
1538 4912 1668 4975 Υἱὸς
1696 4912 1990 4983 ἀνθρώπου

403 5008 797 5081 λεγόμενος,ἣ
857 5006 1158 5075 συντεθεὶς,
1189 5005 1314 5060 οῦτε
1371 5004 1535 5069 αὑτὸς
1588 5004 1805 5073 λέγεται
1863 5004 1993 5070 Υἱὸς

403 5099 696 5172 ἀνθρώπου
722 5140 737 5167 ,
790 5098 913 5152 οὑδέ
966 5098 1031 5152 τὸ
1086 5098 1148 5165 ἐξ
1206 5098 1399 5169 ἡμῶν,
1455 5096 1583 5161 Υἱὸς
1634 5095 1795 5165 Θεοῦ,
1855 5096 1992 5169 ὅπερ

402 5193 624 5257 ἀσεϐές.

476 5377 592 5430 Νῦν
653 5377 843 5447 ῶσπερ
886 5377 1267 5448 ἀμελήσαντες
1327 5376 1460 5447 περὶ
1496 5374 1606 5429 τῶν
1642 5376 1987 5446 πραγμάτων

407 5467 614 5537 ζητεῖν,
645 5469 725 5531 εἰς
755 5468 855 5536 τὴν
896 5468 1025 5538 περὶ
1052 5466 1160 5519 τῶν
1190 5466 1440 5537 κλήσεων
1483 5464 1709 5536 ἔρευναν
1746 5481 1989 5535 μετεχω-

410 5556 637 5630 ρήσατε,
670 5562 762 5613 καὶ
789 5560 1104 5630 θαυμαστόν
1142 5576 1193 5611 τι
1220 5559 1367 5629 ἡμᾶς
1408 5556 1689 5620 ὲδιδάξατε
1737 5557 1826 5611 διὰ
1857 5575 1993 5612 παν-

405 5652 500 5716 τὸς
548 5653 705 5706 τοῦδε
746 5654 841 5707 τοῦ
891 5654 1325 5724 ἐπιχειρήματος
1355 5648 1531 5720 ὑμῶν,
1563 5648 1639 5713 ὡς
1692 5649 1895 5719 μᾶλλον
1927 5650 1994 5704 ἂν

406 5745 624 5813 λέγοιτο
660 5746 742 5817 τῷ
785 5745 882 5799 τοῦ
920 5747 1109 5817 ἐτέρου
1139 5744 1367 5815 ὀνόματι
1399 5741 1459 5796 τὸ
1488 5740 1665 5811 πάντη
1707 5742 1872 5797 αὑτοῦ
1903 5760 1988 5798 κε-

486 5928 504 5957 '
542 5928 700 5983 Rom.
736 5943 828 5992 vn,
864 5928 952 5981 “li.

2724 3482 2876 3539 CAP.
2912 3481 3050 3537 Vill.

2159 3616 2334 3673 Omne
2354 3616 2727 3688 quodcunque
2751 3617 2969 3673 unitum
2993 3616 3154 3673 alteri
3171 3615 3404 3671 alterius
3419 3613 3681 3669 substan-

2092 3713 2179 3768 tia:
2210 3713 2265 3767 in
2290 3727 2457 3767 unam
2480 3719 2694 3767 natura:
2720 3710 2808 3764 vel
2845 3707 3157 3781 hypostasis
3190 3704 3681 3768 constitutionem,

2090 3804 2349 3875 perfecta:
2371 3819 2438 3858 cx
2460 3803 2597 3873 ipsis
2618 3808 2835 3856 natura:
2856 3816 2987 3871 pars
3006 3799 3247 3853 videtur.
3272 3796 3467 3853 Omnis
3494 3803 3682 3850 autem

2090 3910 2218 3966 pars
2264 3895 2496 3950 alterius
2536 3892 2865 3950 substantiae
2899 3902 3111 3946 natura:
3151 3890 3318 3943 unius
3358 3888 3447 3943 vel
3476 3895 3534 3942 et
3582 3886 3683 3956 hy-

2090 3987 2351 4059 postasis,
2397 4002 2509 4040 non
2549 3986 2774 4039 nomine
2830 3993 3066 4038 vocatur
3128 3981 3279 4036 illius
3325 3980 3416 4034 cui
3460 3978 3681 4041 unitur;

2092 4082 2272 4152 deque
2310 4080 2460 4135 enim
2516 4078 2762 4142 homine,
2829 4076 2933 4131 etsi
2976 4083 3166 4145 partes
3219 4073 3370 4127 illius
3412 4077 3684 4127 vocentur

2092 4175 2316 4229 nomine.
2354 4174 2526 4229 totius
2563 4180 2691 4245 post.
2719 4172 3158 4227 additamentum
3194 4168 3471 4239 quoddam
3511 4167 3685 4221 inter-

2091 4282 2223 4321 num
2267 4276 2432 4336 atque
2462 4274 2781 4330 externum,
2812 4264 2899 4320 vel
2927 4264 3045 4319 sine
3085 4263 3198 4317 ullo
3231 4258 3547 4332 hujusmodi
3586 4257 3686 4311 ad-

2092 4360 2423 4424 ditamento,
2479 4358 2585 4413 etsi
2639 4372 2771 4412 vero
2822 4364 3001 4411 totum
3053 4370 3122 4411 ex
3164 4360 3325 4424 parte
3383 4349 3683 4421 aliquando

2091 4452 2458 4525 signiﬁcetur,
2504 4452 2601 4508 sed
2652 4451 2901 4523 profecto
2938 4459 3124 4521 partes
3156 4449 3397 4520 partium
3448 4446 3683 4499 aliarum

2093 4561 2206 4601 non
2243 4545 2564 4600 nominibus
2589 4544 2769 4614 digna:
2794 4543 3150 4615 iudicantur;
3178 4556 3291 4596 non
3322 4539 3470 4595 enim
3500 4538 3683 4593 anima

2096 4651 2227 4693 caro
2256 4630 2501 4691 'vocatur
2556 4651 2661 4691 nec
2707 4650 2836 4691 caro
2874 4634 3080 4688 anima.
3130 4631 3304 4687 Omne
3355 4618 3686 4701 ergoalteri

2096 4730 2327 4785 alterius
2385 4728 2712 4784 substantia:
2756 4727 2976 4782 unitum
3020 4726 3076 4781 in
3138 4724 3307 4779 unius
3340 4731 3551 4778 naturzc
3598 4722 3683 4775 vel

2095 4832 2153 4877 ει
2204 4820 2516 4892 hypostasis
2555 4819 3036 4883 constitutionem,
3070 4832 3179 4871 non
3204 4816 3430 4887 dignum
3458 4812 3689 4867 alterius

2096 4914 2273 4985 partis
2328 4911 2555 4966 nomine
2580 4910 2887 4982 iudicatur.
2920 4907 2979 4964 Si
3009 4916 3193 4962 autem
3235 4906 3310 4960 ila
3337 4904 3431 4967 sit,
3457 4902 3543 4956 vel
3574 4916 3684 4954 non

2099 5008 2289 5062 unitus
2325 5014 2410 5061 est
2454 5004 2623 5060 alicui
2657 5019 2726 5059 ex
2772 5001 2934 5057 nobis
2974 5001 3121 5054 Deus
3153 4997 3419 5060 Verbum,
3461 4993 3554 5062 qui
3596 4992 3685 5047 Fi-

2094 5099 2206 5154 lius
2244 5096 2488 5151 hominis
2521 5095 2748 5160 dicitur,
2791 5093 2879 5148 vel
2927 5091 3118 5146 unitus
3162 5096 3268 5151 est,
3302 5102 3405 5141 nec
3447 5086 3561 5155 ipse
3594 5084 3682 5137 di-

2096 5189 2243 5243 citur
2272 5186 2450 5241 Filius
2470 5183 2737 5249 hominis,
2761 5197 2867 5238 nec
2885 5180 3034 5252 quod
3078 5194 3145 5234 ex
3180 5175 3344 5233 nobis
3372 5181 3476 5240 est,
3512 5173 3683 5229 Filius

2094 5280 2215 5344 Dei,
2245 5277 2395 5349 quod
2423 5287 2513 5334 est
2550 5276 2782 5346 impium
2815 5292 2831 5330 :

2165 5372 2323 5427 Nune
2349 5369 2507 5440 quasi
2528 5368 2597 5423 de
2622 5368 2792 5423 rebus
2812 5362 3159 5435 inquirendis
3180 5376 3373 5433 parum
3403 5367 3682 5422 curantes,

2100 5464 2157 5518 in
2186 5462 2616 5534 appellationum
2664 5458 3084 5530 inquisitionem
3124 5453 3421 5515 transistis,
3468 5451 3687 5520 hocque

2101 5556 2251 5611 omni
2282 5564 2469 5610 vestro
2507 5562 2833 5624 argumento
2863 5550 3139 5621 quoddam
3172 5547 3425 5602 mirabile
3448 5560 3551 5599 nos
3584 5542 3686 5598 do—

2102 5647 2319 5715 cuistis,
2349 5646 2507 5717 quasi
2553 5645 2763 5716 aliquid
2806 5643 2980 5716 magis
3024 5641 3306 5697 diceretur
3345 5639 3570 5695 nomine
3604 5636 3687 5691 al-

2104 5740 2277 5800 terius
2307 5756 2338 5797 a
2362 5756 2472 5798 auo
2506 5739 2732 5798 omnino
2762 5738 3005 5793 alienum
3031 5744 3137 5805 est,
3162 5749 3326 5807 quam
3356 5732 3501 5805 quod
3528 5731 3687 5803 jam
