4120 6448
524 431 654 498 1531

1767 437 2077 498 LEONTII
2113 435 2481 498 BYZANTIN
2491 439 2514 497 Ι

3639 437 3658 501 1
3674 439 3776 502 432

519 545 824 615 quidquam
874 543 1036 599 alteri
1087 543 1303 600 unitum
1346 553 1450 600 est.
1496 543 1759 610 Quamvis
1806 561 1907 599 nos
1955 545 2082 599 baut

2205 545 2568 616 χωρισμένον,
2595 545 2626 616 ἢ
2657 544 2714 597 τὺ
2747 544 2888 598 κατά
2912 562 2962 598 τι
2995 544 3144 616 αὑτῷ
3177 563 3554 618 συγκειμενον.
3584 549 3771 603 Καίτοι

520 637 769 691 dicamus
792 635 985 690 eodem
1026 635 1190 689 modo
1225 637 1430 700 vocari,
1480 636 1720 706 licetque
1765 637 1979 690 dicatur
2021 637 2101 690 al-

523 743 733 786 terntra
765 749 890 801 pars
929 733 1219 801 compositi
1255 733 1486 788 alterius
1528 733 1777 800 nomine,
1811 749 2103 803 argumen-

523 825 786 878 tationem
806 833 1040 878 vestram
1079 824 1375 879 ordinatim
1394 825 1696 880 videamus.
1717 825 1909 879 Dicitis
1923 825 2098 878 enim:

519 914 687 968 Omne
723 916 1070 986 quodcunque
1111 918 1323 970 unitum
1347 916 1506 971 alteri
1541 917 1760 971 alterius
1793 918 2101 971 substantim

517 1007 574 1060 in
615 1023 778 1060 unam
831 1018 1039 1063 natum
1094 1007 1177 1063 vel
1218 1017 1267 1062 et
1321 1009 1614 1080 hypostasis
1652 1011 2099 1074 constitutionem,

520 1098 748 1167 perfecto
772 1114 835 1151 ea:
865 1099 989 1167 ipsis
1014 1107 1224 1152 natura:
1252 1116 1377 1167 pars
1402 1101 1625 1153 videtur.
1659 1097 1706 1152 A
1735 1099 1892 1154 nobis
1917 1108 2098 1154 autem

515 1190 627 1260 jam
671 1188 880 1244 dictum
915 1199 999 1245 est
1038 1191 1092 1245 in
1138 1191 1541 1260 superioribus,
1589 1207 1750 1260 quam
1788 1200 1936 1244 recte
1979 1207 2100 1260 qua:

519 1299 587 1336 ex
618 1284 822 1337 unione
870 1299 1032 1338 unam
1075 1294 1329 1339 naturam
1374 1284 1604 1348 faciunt,
1650 1299 1758 1338 non
1793 1283 1974 1346 nobis,
2003 1283 2099 1337 sed

522 1373 612 1428 bis
633 1373 726 1442 qui
761 1383 1012 1427 naturam
1035 1374 1249 1428 Domini
1277 1389 1441 1428 unam
1469 1389 1589 1428 esse
1629 1373 1843 1437 dicunt,
1869 1371 2096 1427 all‘crtis.

519 1463 653 1530 Quae
678 1473 863 1519 autem
885 1482 950 1520 ex
987 1466 1212 1529 unione,
1239 1481 1401 1520 unam
1431 1481 1551 1520 esse
1575 1466 1909 1538 bypostasim
1939 1466 2099 1520 unice

520 1556 912 1611 subsistentem
943 1556 1320 1611 demonstrata
1356 1566 1505 1622 sunt,
1535 1558 1690 1626 quasi
1730 1573 1840 1611 non
1877 1555 2098 1627 proprie

518 1647 722 1716 aliquis
767 1647 979 1702 diceret
1002 1658 1186 1717 partes
1211 1648 1518 1718 hyposlasis
1548 1649 1811 1718 quasdam
1843 1646 2096 1718 proprie-

519 1745 661 1793 tates
689 1739 1144 1803 substantiarum,
1165 1738 1270 1792 etsi
1303 1753 1411 1791 non
1435 1737 1551 1792 sine
1578 1737 1814 1806 propriis
1839 1735 2097 1790 substan-

517 1830 609 1884 tiis
629 1830 744 1884 haec
758 1830 1215 1895 considerentur;
1237 1831 1454 1884 illarum
1479 1829 1626 1899 enim
1655 1828 1906 1882 collectio
1935 1842 2094 1880 unam

515 1918 858 1990 hypostasim
889 1920 1198 1981 constituit,
1232 1935 1355 1989 qua:
1381 1935 1476 1988 per
1520 1919 1667 1989 ipsas
1695 1919 1904 1988 absque
1935 1927 2095 1972 natu-

514 2008 614 2074 ris,
665 2023 770 2063 nec
815 2024 938 2064 esse
977 2025 1080 2063 nec
1126 2009 1230 2064 sibi
1276 2010 1512 2064 invicem
1557 2010 1812 2080 conjungi
1861 2017 2092 2078 queunt.

510 2097 755 2165 Quarum
777 2106 958 2153 autem
989 2100 1230 2154 essentia
1255 2100 1338 2153 vel
1364 2101 1676 2170 conjunctio
1703 2100 1957 2169 specialis
1983 2113 2092 2152 non

509 2197 616 2250 est,
655 2196 713 2242 ut
762 2203 821 2243 se
852 2189 1084 2244 invicem
1118 2189 1523 2254 comitantium,
1567 2189 1842 2259 quomodo
1873 2189 2090 2242 illarum

511 2279 739 2348 propria
784 2279 1025 2334 totalitas
1064 2281 1401 2352 intelligetur
1424 2282 1454 2334 ’ἶ
1487 2281 1810 2350 Quibusque
1843 2280 2088 2339 mutatis,

510 2385 620 2423 non
673 2379 858 2424 autem
914 2372 1174 2427 omnibus
1226 2372 1389 2426 simul
1445 2373 1499 2426 in
1577 2371 1818 2438 atomis,
1895 2371 2089 2425 eadem

507 2461 667 2530 juxta
700 2477 996 2516 numerum
1023 2462 1235 2517 dicetur
1286 2478 1406 2518 esse
1430 2463 1767 2534 hypostasis;
1807 2478 2088 2531 nunquam

508 2568 642 2608 vero
673 2553 817 2606 idem
837 2555 991 2622 juxta
1025 2569 1338 2619 numerum,
1373 2563 1582 2610 mutato
1600 2556 1782 2624 aliquo
1808 2555 1892 2609 sui
1918 2555 2090 2625 ipsius

507 2643 596 2698 vel
647 2643 861 2712 aliquot
907 2645 1178 2714 partibus,
1217 2654 1393 2700 totum
1436 2646 1802 2716 reputabitur.

579 2733 634 2790 Si
669 2743 850 2789 autem
887 2745 1074 2805 partes
1103 2737 1411 2808 hypostasis
1431 2747 1659 2794 naturas
1688 2737 2086 2808 proprietatum

509 2825 683 2896 ipsius
730 2825 935 2890 dicitis,
986 2826 1071 2881 vel
1104 2837 1161 2882 et
1196 2836 1449 2882 naturam
1479 2844 1600 2898 qua:
1637 2829 1707 2882 sit
1761 2836 1932 2882 totum
1971 2841 2088 2881 om-

506 2917 675 2972 nibus
707 2918 959 2986 partibus
989 2926 1251 2973 constans
1294 2920 1534 2974 scientes
1565 2934 1687 2974 esse
1721 2933 1940 2973 omnem
1980 2916 2082 2989 by-

507 3010 796 3077 postasim,
850 3017 1104 3064 naturam
1139 3010 1436 3080 quamdam
1485 3009 1696 3081 (dicite)
1733 3011 1889 3082 juxta
1936 3025 2086 3064 com-

505 3101 822 3156 mistionem
867 3103 1150 3157 unitorum
1200 3103 1410 3158 scilicet
1468 3112 1818 3166 naturarum,
1864 3103 2084 3172 imoque

2205 636 2363 706 ἡμῶν
2419 636 2554 708 μηδὲ
2608 635 2766 689 τοὺτο
2821 636 3107 704 λεγόντων,
3173 638 3248 702 ὡς
3292 640 3493 708 ὁμοίως
3534 640 3774 709 λέγεται,

2204 730 2254 781 εἰ
2311 729 2405 782 καὶ
2449 729 2660 798 λέγοιτο
2689 728 2917 800 θάτερον
2957 729 3126 800 μέρος
3154 728 3247 782 τοῦ
3283 731 3539 785 συνθέτου
3570 732 3648 802 τῷ
3678 732 3772 784 τοῦ

2204 822 2394 894 ἑτέρου
2441 823 2664 893 ὀνόματι
2691 838 2705 853 ·
2741 822 2940 892 ἴδωμεν
2977 822 3035 875 δὲ
3087 821 3321 892 καθεξῆς
3364 821 3462 893 τὴν
3505 823 3774 894 ὑμετέραν

2205 915 2579 984 κατασκευήν.
2613 913 2816 982 Λέγετε
2849 913 2958 984 γάρ
2978 930 2991 943 ·
3026 911 3156 968 Πᾶν
3183 913 3392 966 ὁτιοῦν
3421 914 3773 981 συντιθέμε.

2201 1023 2314 1059 νον
2375 1006 2558 1074 ἑτέρῳ
2606 1007 2964 1074 ἐτεροουσίῳ
3018 1007 3106 1071 εις
3145 997 3294 1074 play:
3339 1006 3579 1074 φύσεως
3606 1005 3644 1072 ἢ
3675 1006 3771 1058 καὶ

2202 1097 2597 1162 ὑποστάσεως
2623 1098 2953 1159 σύστασιν,
2979 1095 3162 1163 μέρος
3206 1093 3316 1162 τῆς
3349 1097 3772 1150 ἀποτελεσθεί-

2202 1200 2320 1253 σης
2349 1186 2418 1250 ἐξ
2451 1186 2651 1248 αὐτῶν
2675 1186 2918 1254 φύσεως
2942 1183 3264 1239 δείκνυται.
3294 1184 3520 1255 Εἴρηται
3553 1186 3653 1254 μὲν
3680 1185 3773 1238 οὑν

2201 1279 2332 1343 ἡμῖν
2388 1277 2488 1348 Ιῐλδη
2538 1279 2596 1331 ἐν
2652 1280 2766 1340 τοῖς
2811 1275 3225 1358 ἔμπροσθενοώς
3255 1277 3323 1328 τὰ
3367 1277 3432 1329 ἐκ
3475 1277 3775 1336 συνθέσεως

2205 1368 2336 1438 μίαν
2361 1369 2523 1436 φύσιν
2555 1367 2832 1433 ποιοῦντα,
2862 1367 2961 1437 οὐχ
3007 1369 3157 1438 ἡμῖν,
3188 1369 3300 1429 τοῖς
3341 1366 3398 1418 δὲ
3452 1366 3580 1436 μίαν
3614 1366 3775 1435 φύσιν

2200 1463 2295 1516 τοὺ
2341 1462 2549 1533 Κυρίου
2589 1461 2832 1530 λέγουσι,
2864 1460 3275 1530 προσαγάγοιτε
3304 1458 3371 1512 ἂν
3414 1460 3658 1521 εἰκότως.
3691 1460 3773 1512 Τὰ

2199 1555 2254 1608 δὲ
2287 1556 2353 1607 ἐκ
2409 1553 2732 1616 συνθέσεως,
2773 1553 2901 1623 μίαν
2939 1545 3079 1606 εἶναι
3123 1553 3223 1620 τὴν
3276 1553 3576 1606 ὑπόστασιν
3613 1551 3773 1621 μόνον

2200 1645 2604 1716 παριστάνοντα
2642 1645 2932 1706 δέδεικται,
2957 1641 3032 1706 ὡς
3063 1643 3125 1696 οὑ
3155 1644 3358 1711 κυρίως
3406 1643 3470 1696 ἄν
3503 1659 3588 1704 τις
3627 1640 3769 1693 εἴποι

2200 1736 2344 1807 μέρη
2370 1736 2721 1799 ὑποστάσεως
2755 1735 3024 1803 ἰδιώματά
3057 1752 3180 1788 τινα
3209 1733 3405 1787 οὐσιῶν
3425 1776 3440 1800 ,
3480 1734 3529 1786 εἰ
3561 1732 3656 1786 καί
3695 1731 3769 1810 μὴ

2199 1828 2327 1882 ἄνευ
2375 1827 2482 1882 τῶν
2540 1827 2683 1880 ἰδίων
2730 1826 2928 1880 οὐσιῶν
2978 1824 3152 1880 ταῦτα
3194 1825 3481 1895 θεωρεῖται
3511 1841 3526 1856 ο
3563 1823 3769 1877 τούτων

2197 1919 2306 1992 γὰρ
2354 1922 2386 1990 ή
2445 1919 2710 1990 άθροισις,
2746 1918 2873 1989 μίαν
2923 1917 3239 1986 παρέστησε
3297 1917 3396 1987 τὴν
3447 1914 3766 1975 ὑπόστασιν,

2199 2010 2320 2064 καθ’
2351 2011 2492 2064 αὐτὰ
2551 2009 2720 2080 χωρὶς
2768 2009 2878 2061 τῶν
2934 2007 3171 2076 φύσεων,
3242 2004 3366 2058 οὔτε
3420 2001 3582 2068 εἶναι,
3643 2001 3767 2055 οὔτε

2195 2102 2448 2172 ἀλλήλοις
2505 2099 2779 2153 συνελθεῖν
2837 2097 3173 2168 δυναμένων.
3201 2087 3302 2148 Ὧν
3358 2096 3414 2149 δὲ
3473 2092 3764 2164 ὕπαρξιςῆ

2196 2192 2511 2255 συνέλευσις
2546 2191 2687 2262 ἰδικὴ
2713 2190 2812 2242 οὐκ
2850 2189 2996 2242 ἔστιν
3016 2229 3030 2250 ,
3060 2188 3156 2242 ἅτε
3185 2187 3364 2248 ἄλλοις
3393 2201 3768 2254 παραπεμπο-

2197 2284 2393 2354 μένων,
2423 2281 2542 2346 πῶς
2592 2282 2657 2336 ἂν
2708 2280 2917 2334 τούτων
2959 2280 3064 2333 ἰδία
3111 2279 3298 2349 όλότης
3336 2281 3629 2345 ὲπινοοῖτο;
3665 2270 3767 2328 Ὧν

2193 2377 2284 2428 καὶ
2330 2372 2730 2443 ἀμειϐομένων,
2762 2373 2860 2442 οὑχ
2897 2372 3014 2442 ἅμα
3056 2370 3115 2424 δὲ
3165 2371 3380 2425 πάντων
3414 2371 3472 2422 έν
3501 2371 3612 2427 τοῖς
3637 2367 3765 2421 ἀτό-

2195 2482 2336 2536 μοις,
2369 2466 2402 2534 ή
2431 2465 2569 2535 αὐτὴ
2593 2465 2712 2518 κατ’
2742 2463 2975 2534 ἀριθμὸν
2998 2462 3219 2531 λέγεται
3254 2456 3395 2514 εἶναι
3425 2461 3727 2523 ὑπόστασις
3747 2476 3761 2492 ο

2191 2557 2444 2610 οὐδέποτε
2476 2555 2533 2608 δὲ
2574 2553 2635 2608 τὸ
2671 2555 2803 2608 αὐτὸ
2834 2555 2955 2608 κατ’
2984 2552 3221 2624 ἀριθμὸν
3253 2553 3374 2606 ὅλον
3401 2550 3766 2622 ἀμειφθέντος

2191 2648 2333 2710 τινὸς
2363 2646 2531 2699 αὐτοῦ
2567 2648 2601 2717 ἦ
2632 2665 2796 2700 τινων
2833 2647 3015 2716 μερῶν
3049 2644 3408 2715 ὑποληπτέον.

2260 2738 2322 2791 Εἰ
2351 2738 2409 2792 δὲ
2459 2737 2599 2808 μέρη
2650 2738 2750 2807 τῆς
2786 2738 3136 2798 ὑποστάσεως
3159 2738 3260 2799 τὰς
3295 2735 3402 2787 τῶν
3439 2731 3560 2787 κατ’
3590 2731 3764 2801 αὐτὴν

2191 2830 2495 2899 ἰδιωμάτων
2527 2830 2722 2900 φύσεις
2761 2829 2973 2898 λέγετε,
3003 2829 3036 2899 ἢ
3071 2829 3163 2881 καί
3187 2829 3249 2880 τὸ
3273 2828 3395 2880 ὅλον
3416 2825 3615 2896 ὁμοίως
3647 2826 3763 2887 τοῖς

2189 2920 2382 2992 μέρεσι
2431 2920 2591 2990 φύσιν
2633 2921 2835 2984 εἰδότες
2861 2922 3039 2974 πᾶσαν
3087 2919 3408 2980 ὑπόστασιν,
3435 2915 3596 2986 φύσιν
3639 2914 3764 2987 τινὰ

2185 3012 2328 3066 κατὰ
2365 3012 2628 3083 σύγχυσιν
2657 3011 2764 3064 τῶν
2799 3010 3218 3083 συν[τε]θεισῶν
3243 3010 3357 3063 τοτε
3389 3008 3624 3074 φύσεων,
3667 3007 3763 3059 καὶ

2186 3105 2309 3157 ἐπεὶ
2359 3105 2615 3174 γέννησιν
2658 3102 2849 3170 ἐτέρας
2901 3102 3052 3172 παρὰ
3103 3102 3200 3164 τάς
3247 3103 3306 3152 ὲν
3353 3101 3417 3170 τῇ
3465 3097 3762 3152 ὑποστάσει

503 3194 874 3249 accessionem
897 3195 1127 3250 alterius
1155 3211 1277 3249 cum
1328 3195 1414 3249 bis
1435 3211 1556 3265 quae
1580 3193 1912 3265 hypostasim
1937 3208 2082 3247 com-

2189 3192 2586 3255 συνελθούσαςο
2623 3191 2655 3263 ἢ
2687 3191 2786 3243 οὐκ
2819 3193 3022 3260 ὁμοίως
3049 3191 3164 3251 τοῖς
3200 3188 3425 3257 μέρεσιν
3447 3184 3665 3247 ἑαυτοῦ,
3699 3185 3770 3245 τὸ¹

502 3293 753 3356 ponunt;
800 3285 888 3339 vel
932 3286 1243 3356 hypostasis
1280 3295 1452 3340 totum
1493 3303 1603 3339 non
1638 3301 1759 3340 esse
1811 3301 1936 3339 cum
1969 3285 2084 3339 suis

503 3377 759 3446 partibus
787 3376 974 3442 dicite,
1012 3379 1282 3448 siquidem
1327 3377 1648 3433 substantiae
1683 3387 1886 3447 partes,
1919 3377 2082 3447 quid-

505 3466 629 3521 dam
660 3484 780 3522 esse
810 3469 1134 3523 substantiae
1158 3485 1356 3539 expers
1389 3470 1636 3534 creditis,
1677 3484 1854 3538 exque
1879 3469 2082 3522 unione

503 3560 922 3615 subsistentium
948 3561 1208 3630 quiddam
1240 3578 1349 3616 non
1379 3561 1690 3617 subsistens
1713 3560 2079 3624 concluditis;

502 3650 652 3705 inter
683 3650 1018 3706 substantias
1053 3653 1200 3706 enim
1237 3660 1295 3708 et
1327 3652 1807 3708 non-substantias
1840 3652 2080 3706 medium

502 3757 614 3796 non
654 3749 758 3797 est.
782 3742 838 3796 Si
876 3758 1010 3797 vero
1059 3743 1241 3798 dicitis
1277 3751 1458 3812 partes
1491 3742 1799 3814 liypostasis
1827 3742 2082 3796 substan-

506 3833 610 3887 tias
640 3833 1113 3902 proprietatesque
1139 3835 1259 3904 ejus
1287 3850 1408 3890 esse
1443 3833 1853 3898 substantiales,
1892 3833 2080 3903 sicque

506 3939 701 3979 rursus
731 3924 841 3978 imo
874 3925 1038 3980 simul
1066 3937 1121 3980 et
1152 3927 1205 3981 in
1235 3925 1430 3981 eodem
1462 3925 1635 3996 ipsam
1671 3939 1792 3979 esse
1823 3925 2079 3980 substan-

507 4013 712 4078 tialem,
754 4029 864 4069 non
913 4024 999 4070 est
1047 4032 1178 4086 ergo
1223 4017 1457 4072 dicenda
1516 4032 1626 4070 non
1678 4017 2076 4081 substantialis,

503 4104 755 4160 alterutri
799 4106 1036 4174 partium
1097 4107 1268 4176 ipsius
1317 4105 1664 4161 solummodo
1718 4115 1892 4161 totum
1958 4107 2079 4176 ejus

501 4203 652 4249 recte
684 4195 1114 4265 comparabitur,
1144 4203 1308 4266 atque
1336 4197 1404 4251 ab
1430 4197 1600 4252 altera
1624 4197 1864 4262 diﬂ'eret,
1888 4199 2076 4267 sicque

501 4284 738 4354 primum
778 4285 887 4340 erit
934 4286 1191 4355 equidem
1230 4288 1462 4342 alterum
1517 4289 1861 4344 numerabile
1910 4297 1964 4344 et
2007 4306 2075 4345 ex

499 4374 806 4431 substantia
835 4376 1083 4446 partibus
1111 4387 1390 4444 constans,
1422 4381 1698 4449 quomodo
1727 4380 1934 4450 aliquid
1964 4397 2074 4436 non

497 4466 862 4522 substantiale
910 4475 1079 4532 esset,
1126 4469 1497 4539 impossibile;
1546 4471 1630 4525 vel
1665 4487 1732 4526 ex
1787 4472 2072 4528 accidente

2186 3286 2304 3338 ὅλον
2334 3285 2434 3354 τῆς
2467 3284 2820 3346 ὑποστάσεως
2851 3277 2990 3335 εἷναι
3028 3281 3238 3350 λέγετε,
3267 3280 3427 3349 εἴπερ
3459 3277 3647 3339 οὐσίας
3690 3275 3763 3328 τὲ

2189 3377 2358 3446 μέρη,
2394 3374 2643 3429 ἀνοὺσιον
2672 3375 2789 3427 τόδε
2831 3392 2885 3427 τι
2911 3369 3049 3428 εἶναι
3084 3372 3357 3443 νομίζετε,
3393 3373 3489 3425 καὶ
3542 3371 3604 3422 ἐκ
3636 3386 3762 3421 συν-

2185 3467 2388 3529 θέσεως
2409 3466 2518 3520 τῶν
2562 3467 2924 3536 ὲνυπάρκτων
2974 3465 3236 3534 συνάγετέ
3280 3481 3334 3516 τι
3365 3462 3714 3532 ἀνύπαρκτον
3741 3477 3757 3492 ο

2187 3559 2351 3630 μέσον
2389 3558 2496 3629 γάρ
2531 3577 2582 3612 τι
2612 3557 2811 3612 οὐσιῶν
2841 3559 2937 3611 καί
2970 3557 3240 3610 ἀνουσίων
3294 3557 3394 3609 οὐκ
3433 3555 3572 3608 ἔστι.
3611 3552 3672 3604 Εἰ
3700 3552 3759 3605 δὲ

2187 3651 2326 3720 μέρη
2362 3649 2464 3720 τῆς
2490 3651 2859 3714 ὑποστάσεως,
2891 3650 2990 3712 τάς
3028 3666 3088 3702 τε
3123 3648 3310 3711 οὐσίας
3333 3648 3429 3700 καὶ
3456 3645 3524 3698 τά
3542 3645 3758 3697 ἐνοὺσια

2185 3742 2453 3812 ἰδιώματα
2481 3728 2654 3812 αὐτῆς
2686 3741 2898 3809 λέγετε,
2947 3740 3040 3793 καί
3085 3738 3230 3793 οὑτω
3263 3738 3424 3793 πάλιν
3467 3737 3589 3790 ἐπεὶ
3641 3734 3758 3803 ἅμα

2180 3834 2274 3888 καὶ
2302 3835 2360 3886 ὲν
2393 3833 2577 3904 ταυτῷ
2608 3833 2841 3902 οὐσιώδη
2879 3849 2939 3886 τε
2985 3828 3124 3886 εἶναι
3174 3829 3346 3901 αὐτὴν
3376 3828 3471 3883 καὶ
3507 3827 3759 3882 ἀνούσιον

2177 3926 2276 3978 οὐκ
2322 3925 2458 3990 ἔστι,
2492 3925 2710 3996 θατέρῳ
2739 3923 2850 3978 τῶν
2882 3923 3068 3997 μερῶν
3107 3925 3302 3978 ἑαυτοῦ
3335 3923 3496 3992 μόνον
3526 3921 3587 3974 τὸ
3634 3919 3759 3972 ὅλον

2179 4017 2350 4088 αὐτῆς
2377 4016 2778 4086 ὁμοιωθήσεται
2828 4016 3077 4081 εἰκότως,
3109 4015 3203 4067 καὶ
3245 4012 3324 4083 τῷ
3374 4012 3548 4081 ἑτέρῳ
3583 4010 3756 4064 διενέ-

2178 4108 2351 4174 ξεται,
2383 4108 2476 4161 καὶ¹
2501 4108 2656 4161 ἔσται
2681 4105 2856 4171 οὕτως
2885 4105 3078 4177 πρῶτα
3108 4107 3208 4178 μὲν
3231 4105 3418 4177 ἕτερον
3452 4102 3755 4174 ἀριθμητὸν

2177 4202 2236 4266 ἐξ
2291 4200 2478 4265 οὐσίας
2521 4217 2580 4253 τε
2619 4201 2728 4254 ἀπὸ
2793 4199 2993 4270 μέρους
3045 4197 3125 4262 ὅν,
3165 4197 3285 4260 πῶς
3341 4195 3593 4250 ἀνοὺσιον
3642 4194 3754 4262 εἴη,

2175 4294 2414 4363 ἄπορον
2450 4291 2481 4362 ἢ
2522 4292 2585 4344 ὲκ
2638 4290 3050 4360 συμϐεϐηκότος
3101 4288 3211 4342 ἀπὸ
3262 4287 3461 4359 μέρους
3498 4285 3560 4339 ὅν
3587 4324 3602 4345 ,
3635 4285 3754 4350 πῶς

2173 4384 2330 4437 οὐσία
2363 4401 2447 4447 τις
2477 4383 2584 4452 εἴη,
2621 4383 2836 4452 ἆδηλον.
2873 4381 3015 4452 Πρὸς
3050 4380 3130 4449 τῷ
3160 4379 3277 4441 καὶ,
3315 4380 3365 4431 εἰ
3412 4377 3478 4430 τὰ
3507 4377 3754 4438 ένοὺσια,

2175 4476 2365 4547 ὥσπερ
2395 4477 2489 4529 καὶ
2520 4475 2575 4528 αἰ
2599 4476 2800 4538 οὐσίαι,
2840 4475 2980 4545 μέρη
3017 4475 3111 4525 καὶ
3145 4472 3284 4526 αὐτὰ
3307 4471 3401 4525 τοῦ
3437 4470 3560 4524 ὅλου
3603 4470 3754 4524 ἐστὶν

497 4566 760 4613 constans
786 4559 1053 4627 partibus,
1079 4561 1352 4629 quomodo
1372 4563 1554 4632 aliqua
1577 4571 1724 4618 esset
1741 4563 2068 4630 substantia,

2186 4568 2239 4620 ὲν
2267 4570 2388 4630 ταῖς
2413 4567 2644 4630 οὐσίαις,
2673 4566 2742 4620 τά
2773 4566 2914 4635 μέρη
2945 4566 3038 4618 τοῦ
3063 4565 3185 4617 ὅλου
3215 4566 3272 4618 ὲν
3316 4566 3538 4636 μέρεσιν
3586 4561 3750 4617 αὐτοῦ

495 4661 607 4701 non
637 4655 803 4716 patet.
833 4649 1105 4703 Praeterea
1139 4649 1184 4704 si
1214 4667 1432 4720 quoque
1477 4651 1854 4707 subslantialia
1880 4669 2073 4722 quem-

496 4737 791 4792 admodum
813 4739 1132 4794 substantim
1157 4749 1286 4794 sunt
1313 4751 1367 4795 et
1391 4743 1505 4810 ipsa
1537 4744 1706 4796 totius
1739 4743 1792 4796 in
1823 4744 2074 4798 substan-

499 4827 590 4881 tiis
621 4837 825 4898 partes,
869 4837 1051 4897 partes
1093 4831 1265 4884 totius
1298 4832 1352 4885 in
1381 4833 1630 4902 partibus
1659 4833 1831 4902 ipsius
1859 4836 1914 4889 in
1944 4835 2070 4890 inﬂ-

496 4921 698 4987 nitum,
723 4937 824 4976 nec
850 4922 903 4976 in
937 4933 1052 4976 toto
1069 4923 1394 4991 simpliciter
1416 4925 1681 4979 exsistere
1707 4927 2065 4996 videbuntur;

493 5013 761 5068 alterutra
810 5015 973 5067 etiam
1003 5023 1176 5083 parte,
1206 5015 1322 5069 sive
1355 5016 1658 5071 substantia
1692 5031 1982 5087 pereunte,
2014 5021 2070 5075 in

493 5112 612 5160 toto
643 5114 838 5158 cetera
877 5120 1096 5176 quoque
1120 5106 1300 5174 perire
1333 5123 1557 5162 necesse
1584 5110 1709 5174 erit,
1742 5111 1856 5164 sive
1887 5120 2072 5180 partes

493 5196 816 5252 essentialcs
854 5211 974 5265 quae
1015 5195 1320 5250 accidentia
1360 5212 1550 5253 omnes
1572 5209 1766 5267 erunt;
1793 5201 1866 5254 ita
1891 5209 1950 5255 ut
1983 5209 2066 5255 to-

493 5296 609 5342 tum
657 5303 878 5358 quoque
903 5287 1298 5358 diSperiturum
1323 5299 1470 5345 esset
1499 5291 1662 5344 simul
1694 5307 1816 5346 cum
1851 5308 1957 5347 una
1999 5309 2067 5347 ex

490 5379 744 5450 partibus
800 5380 934 5435 suis.
990 5381 1126 5447 Quis
1171 5383 1275 5436 hoc
1314 5383 1559 5436 omnium
1606 5384 2064 5439 absurdissimum

490 5487 736 5527 asserere
761 5474 975 5542 posset?
998 5472 1281 5543 Siquidem
1309 5475 1454 5528 enim
1484 5475 1788 5529 substantia
1814 5491 1940 5544 pars
1958 5485 2061 5540 est,

489 5561 904 5632 accidentiaque
937 5580 1083 5632 pars.
1119 5564 1266 5619 Nihil
1295 5575 1477 5619 autem
1523 5567 1632 5620 illis
1676 5568 1912 5636 amplius
1958 5569 2061 5623 toti

489 5662 763 5721 superest,
790 5654 1285 5724 substantialiaque
1326 5665 1455 5710 sunt
1476 5657 1812 5724 accidentia;
1845 5659 2058 5714 sublata

488 5738 658 5811 igitur
679 5743 1006 5806 substantia,
1039 5745 1154 5798 sive
1179 5760 1284 5798 una
1317 5752 1471 5814 parte
1497 5747 1686 5811 totius,
1721 5762 1912 5802 omnes
1941 5748 2060 5802 alia:

491 5841 672 5896 partes
706 5830 1049 5899 auferuntur,
1100 5842 1384 5903 totumque
1415 5851 1546 5904 ergo
1584 5851 1649 5891 ex
1681 5854 1787 5893 una
1818 5840 2058 5910 partium

2177 4659 2444 4729 ὑπάρχειν
2497 4659 2585 4710 ἐπ’
2612 4659 2862 4727 ἄπειρον,
2890 4657 2983 4710 καὶ⁵
3031 4659 3131 4711 οὐκ
3185 4659 3244 4711 ὲν
3287 4657 3366 4728 τῷ
3409 4658 3517 4728 ὅλῳ
3563 4655 3753 4716 ἁπλῶς

2176 4749 2654 4820 θεωρεῖσθαιοέτι
2714 4748 2823 4820 μὴν
2881 4748 2977 4801 καὶ
3036 4748 3270 4819 θατέρου
3328 4748 3550 4819 μέρους,
3583 4748 3751 4818 ἥγουν

2173 4839 2273 4909 τῆς
2327 4840 2517 4902 οὐσίας
2558 4839 2876 4911 φθαρέντος,
2925 4840 2983 4892 ὲν
3023 4839 3100 4910 τῷ
3149 4839 3256 4910 ὅλῳ
3315 4837 3750 4910 συμφθείρεσθαι

2173 4933 2269 4983 καὶ
2290 4929 2355 4983 τὰ
2377 4931 2538 5001 ἔτερα
2569 4932 2802 5000 ἀνάγκη,
2821 4933 2990 5001 ἧγουν
3013 4933 3081 4984 τὰ
3097 4932 3315 4985 ὲνούσια
3343 4931 3483 5001 μέρη
3513 4933 3580 4984 τά
3607 4947 3750 4997 συμ-

2175 5022 2445 5093 ϐεϐηκότα
2485 5023 2681 5076 πάντα·
2701 5021 2895 5076 οὐκοῦν
2930 5023 3025 5076 καὶ
3067 5022 3127 5075 τὸ
3155 5022 3275 5076 ὅλον
3311 5022 3748 5093 συναναιρεῖσθαι

2172 5113 2304 5182 τῷδε
2325 5112 2402 5184 τῷ
2423 5113 2503 5166 ἐνὶ
2525 5113 2633 5166 τῶν
2658 5114 2802 5167 ἰδίων
2829 5116 3031 5186 μερῶν.
3049 5116 3144 5179 Τίς
3176 5117 3240 5168 ἂν
3267 5116 3503 5184 εὐλόγως
3526 5119 3668 5170 εἴποι
3689 5116 3750 5168 τὸ

2173 5204 2390 5256 πάντων
2405 5206 2765 5274 ἁτοπότερον;
2795 5204 2966 5276 Εἴπερ
2984 5206 3091 5277 γὰρ
3117 5209 3148 5276 ἡ
3174 5207 3332 5260 οὐσία
3354 5206 3538 5276 μέρος,
3564 5207 3657 5260 καὶ
3677 5206 3748 5259 τὰ

2173 5293 2562 5364 συμϐεϐηκότα
2593 5294 2758 5365 μέρος
2780 5310 2798 5328 ⁸
2831 5295 3041 5349 τούτων
3069 5295 3126 5348 δὲ
3147 5296 3299 5349 οὐδὲν
3325 5298 3509 5350 πλεῖόν
3533 5299 3648 5351 ἐστι
3667 5297 3745 5367 τῷ

2167 5385 2294 5452 ὅλῳ,
2317 5384 2535 5438 ένοὺσια
2553 5385 2610 5438 δὲ
2645 5386 3035 5458 συμϐεϐηκότα
3059 5428 3074 5451 ,
3098 5389 3495 5460 ἀναιρουμένης
3530 5390 3633 5459 τῆς
3657 5391 3740 5443 οὑ-

2168 5474 2329 5537 σίας,
2354 5473 2521 5543 ἤγουν
2578 5473 2673 5527 τοῦ
2705 5474 2823 5538 ἑνὸς
2860 5476 3062 5547 μέρους
3120 5476 3215 5529 τοῦ
3239 5478 3380 5541 ὅλου,
3409 5476 3586 5530 πάντα
3613 5494 3746 5531 συν-

2167 5569 2474 5636 αναιρεῖται
2507 5566 2574 5620 τὰ
2612 5567 2747 5622 ἄλλα
2791 5572 2952 5640 μέρη,
2994 5570 3088 5623 καὶ
3135 5570 3196 5623 τὸ
3227 5571 3348 5624 ὅλον
3384 5571 3490 5642 ἄρα
3523 5570 3583 5636 ἐξ
3625 5571 3744 5636 ἑνὸς

2164 5659 2364 5728 μέρους
2394 5659 2500 5709 τῶν
2530 5659 2723 5712 ἑαυτοῦ
2755 5661 3071 5715 ἀπόλλυται.
3108 5663 3244 5714 Ποῖα
3277 5658 3370 5715 οὖν
3395 5661 3564 5714 ταῦτα
3598 5663 3737 5733 μέρη

2165 5749 2351 5801 καλεῖν
2386 5748 2653 5817 ἠξιώσατε
2681 5751 3034 5815 ὑποστάσεως
3067 5754 3202 5822 πρὸς
3237 5755 3404 5824 ἡμᾶς,
3431 5754 3590 5824 εἴπερ
3631 5771 3739 5824 μη-

2164 5840 2217 5893 δὲ
2250 5841 2302 5892 ai
2334 5841 2533 5908 οὐσίαι,
2573 5842 2706 5913 μηδὲ
2742 5844 2808 5897 τὰ
2849 5844 3053 5913 φυσικᾶ
3103 5845 3364 5916 ἰδιώματα
3393 5846 3425 5917 ἢ
3455 5845 3738 5918 συμϐᾶϐη-
