4120 6434
340 448 479 520 1433

1318 455 1715 518 ADVERSUS
1753 455 2301 518 NESTORIANOS.
2324 485 2393 493 —
2422 462 2569 522 LIB.
2611 462 2663 522 Ι.

3481 461 3617 527 1134

340 567 474 620 κότα
514 565 591 629 ὡς
623 564 767 636 μέρη
797 564 937 618 είσὶν
969 563 1028 616 ὲν
1070 566 1136 636 τῇ
1171 565 1472 621 ὑποστάσει
1499 584 1513 633 ;
1543 567 1603 621 οὑ
1636 566 1744 637 γάρ
1774 565 1832 619 τὸ
1866 565 1924 619 έν

2036 566 2205 636 ipsius
2244 567 2500 638 disperit.
2533 570 2679 636 Quas
2720 587 2855 640 ergo
2883 582 3065 642 partes
3108 572 3303 643 dignas
3338 574 3618 645 hypostast

333 673 466 719 τινι,
503 657 721 720 πάντως
761 656 857 710 καὶ
886 656 963 718 ὡς
1007 656 1175 727 μέρος
1216 658 1365 712 ἐστὶν
1403 660 1461 713 ἐν
1499 657 1647 728 αὑτῷ
1672 674 1686 689 ο
1726 657 1924 711 πολλαο

339 748 450 817 χῶς
472 748 585 818 γάρ
623 746 692 802 τά
719 746 776 801 ἐν
797 764 925 801 τινι.

2031 660 2175 727 apud
2204 662 2651 731 vosjudieastis?
2687 665 2741 718 Si
2784 681 2886 719 nec
2916 667 3260 729 substantite,
3305 682 3409 722 nec
3452 675 3619 720 natu-

2034 753 2182 807 rales
2226 756 2596 825 pr0prietates
2633 758 2718 812 vel
2748 760 3058 815 accidentia
3090 761 3248 829 quasi
3276 770 3461 830 partes
3509 759 3620 813 sint

340 842 396 896 in
438 841 755 914 hypostasi;
808 856 919 895 non
962 839 1112 895 enim
1141 854 1305 897 omne
1326 841 1479 897 quod
1512 850 1599 897 est
1629 841 1684 896 in
1718 840 1923 912 aliquo,
1964 847 2189 902 omnino
2212 863 2433 918 quoque
2489 859 2573 905 est
2604 853 2760 920 quasi
2790 868 2918 921 pars
2978 854 3033 907 in
3061 853 3186 919 illo;
3226 854 3441 907 diverse
3470 852 3619 906 enim

339 944 471 991 sunt
512 951 636 1005 quae
666 935 723 989 in
757 935 943 1005 aliquo
976 942 1128 989 sunt.

417 1028 540 1082 Ἔτι
569 1027 676 1099 μὴν
711 1028 760 1081 εί
793 1026 930 1098 πρὸς
956 1027 1106 1097 ἡμᾶς
1142 1026 1271 1089 τοὺς
1311 1027 1393 1090 είς
1429 1028 1557 1096 μιᾶς
1580 1026 1932 1088 ὑποστάσεως

340 1119 536 1174 ἕνωσιν
584 1120 746 1191 μόνον
785 1118 1146 1182 πιστεύοντας
1196 1114 1337 1173 εἶναι
1396 1120 1496 1191 τὴν
1543 1119 1795 1173 σύνθεσιν
1823 1118 1932 1171 τῶν

341 1210 561 1280 φύσεων
602 1211 989 1282 ἀντειρήκατε,
1017 1209 1253 1273 πῶς,ὡς
1278 1210 1483 1277 οἴεσθε,
1520 1211 1737 1281 εὐφυῶς
1784 1212 1933 1280 ἡμᾶς

344 1301 864 1374 παρακρουόμενοι,
900 1301 1118 1371 φύσεως
1154 1300 1294 1357 εἶναι
1332 1303 1474 1375 μέρη
1509 1305 1579 1357 τά
1604 1303 1932 1357 συντεθέντα

345 1398 426 1457 εἰς
458 1395 756 1448 ὑπόστασιν
811 1394 1201 1466 ἀπεφήνασθε;
1234 1397 1295 1449 Εἰ
1332 1396 1431 1467 μὲν
1479 1398 1587 1467 γάρ
1613 1396 1690 1459 ὡς
1730 1398 1929 1449 ταυτὸν

345 1483 547 1546 εἰδότες
572 1482 735 1552 φύσιν
763 1501 821 1536 τε
855 1484 950 1536 καὶ
978 1483 1280 1537 ὑπόστασιν
1310 1483 1469 1536 τοῦτό
1499 1500 1665 1551 φατε,
1690 1482 1791 1552 ἤδη
1840 1480 1930 1535 διὰ

347 1576 459 1629 τῶν
504 1578 722 1639 οἰκείως
770 1576 909 1647 πρὸς
968 1575 1130 1631 τοῦτο
1186 1577 1521 1648 είρημένων,
1552 1577 1722 1648 ἠγουν
1759 1578 1819 1630 τὸ
1855 1575 1930 1647 μὴ

346 1667 545 1722 ταυτὸν
582 1670 710 1723 τάδε
744 1664 906 1734 εἶναι,
935 1669 1373 1739 καταὸέὸλησθε.
1401 1670 1464 1722 El
1493 1670 1549 1722 δὲ
1594 1669 1782 1740 ἕτερον
1825 1669 1932 1722 οἰό-

350 1777 505 1830 μενοι
561 1760 744 1829 φύσιν,
780 1760 876 1813 καὶ
928 1761 1116 1831 ἕτερον
1154 1760 1477 1825 ὑπόστασιν,
1508 1760 1660 1830 ὅμως
1712 1761 1820 1813 πᾶν
1870 1759 1930 1811 τὸ

349 1855 733 1926 συντιθέμενον
764 1857 873 1909 εἴτε
907 1858 986 1920 εἰς
1009 1856 1226 1925 φύσεως
1250 1856 1503 1927 όλότητα,
1543 1857 1651 1910 εῐτε
1682 1857 1764 1919 είς
1794 1856 1928 1909 ὑπο-

346 1948 593 2013 στάσεως
631 1949 808 2018 Λόγου
833 1948 1095 2003 σύστασιν
1131 1950 1211 2021 (οὐ
1237 1951 1347 2020 γὰρ
1374 1952 1523 2003 πᾶσα
1554 1948 1803 2011 σύνθεσις
1830 1947 1927 2000 καὶ

346 2043 640 2113 σλναγωγὴ
669 2042 909 2112 φυσικῆς
954 2042 1207 2112 όλότητός
1240 2043 1379 2106 ἐστι,
1413 2040 1577 2111 μέρος
1614 2038 1928 2094 δείκνυσθαι

344 2135 564 2205 φύσεώς
600 2136 785 2204 φατε),
809 2135 969 2202 δῆλον
996 2135 1079 2188 ὄτι
1118 2134 1258 2205 μέρη
1285 2135 1499 2202 φύσεως
1530 2133 1692 2205 τυχὸν
1723 2132 1930 2200 ἅνθρω-

344 2229 507 2291 πείας
536 2227 651 2281 ῐστε
676 2229 773 2282 καὶ
800 2225 1102 2297 ξανθότητα
1139 2227 1237 2280 καὶ
1274 2226 1581 2297 λευκότητα
1625 2226 1720 2278 καὶ
1764 2224 1930 2293 γλαυ-

344 2323 590 2391 κότητα·
623 2320 721 2374 καὶ
765 2319 936 2374 ταῦτα
979 2319 1091 2389 γάρ
1130 2318 1503 2382 ὑποστάσεως,
1537 2319 1585 2369 εἰ
1634 2316 1730 2371 καὶ
1785 2315 1927 2385 μέρη

344 2413 573 2484 φυσικὰ,
609 2412 745 2466 ἀλλὰ
773 2412 992 2483 μερικοὶ
1021 2412 1169 2479 λόγοι
1198 2411 1306 2465 τῶν
1338 2411 1397 2462 ὲν
1433 2411 1569 2479 αὐτῇ
1599 2424 1613 2439 °
1648 2408 1804 2462 ἔσται
1834 2402 1929 2461 οὖν

344 2505 489 2560 κατὰ
532 2505 695 2573 φύσιν
744 2503 1039 2575 συγγενὴς,
1065 2504 1099 2575 ἦ
1128 2520 1188 2556 τε
1224 2502 1400 2571 γύψος
1449 2502 1545 2555 καὶ
1597 2500 1797 2571 χρυσὸς
1836 2500 1931 2554 καὶ

346 2599 595 2654 θάλασσα
621 2596 699 2669 τῷ
731 2596 1059 2667 ἀνθρωπείῳ
1088 2596 1219 2649 εῖδει
1248 2594 1369 2647 κατ’
1395 2592 1605 2657 οὐσίαν,
1634 2593 1700 2645 ὲκ
1729 2591 1931 2662 μέρους

344 2692 542 2764 ἔχοντα
591 2690 729 2762 πρὸς
773 2689 937 2744 αὑτὸν
986 2689 1085 2760 τὴν
1128 2688 1388 2759 τοιαύτην
1419 2689 1478 2740 ἐν
1516 2689 1628 2750 τοῖς
1672 2684 1929 2747 τοιούτοις

343 2781 578 2853 οὑσιώδη
601 2779 919 2853 ὁμοιότητα.
954 2781 1104 2851 Πλὴν
1129 2781 1229 2833 οὑκ
1264 2782 1322 2833 ἐν
1348 2779 1563 2841 τούτοις
1613 2778 1773 2849 μόνον
1804 2777 1933 2846 ὑμῖν

342 2872 406 2927 τὸ
450 2873 672 2937 ἄτοπον,
732 2872 847 2926 ἀλλ’
881 2872 964 2925 ὄτι
1012 2873 1109 2925 καὶ.
1155 2871 1355 2925 εἴπατε
1402 2869 1626 2932 ἁπλῶς,
1657 2869 1727 2922 τὰ
1787 2868 1932 2939 μέρη

343 2964 442 3019 τοῦ
480 2965 629 3029 ὅλου,
654 2966 765 3017 τῶν
794 2963 998 3034 ἑτέρων
1034 2963 1219 3035 μερῶν
1254 2964 1362 3016 τῶν
1402 2964 1501 3016 σὺν
1533 2963 1717 3023 αὐτοῖς
1749 2961 1808 3013 ὲν
1852 2958 1933 3029 τῷ

345 3058 456 3129 ὅλῳ
493 3057 567 3129 μὴ
600 3055 853 3122 ἀξιοῦσθε
897 3056 1004 3109 τῶν
1033 3054 1316 3124 ὀνομάτων
1342 3071 1358 3084 ·
1405 3051 1527 3105 οὔτε
1574 3051 1682 3122 γάρ
1719 3051 1868 3120 ψυχὴ
1897 3050 1931 3119 ἠ

348 3147 489 3221 σάρξ
512 3148 781 3210 καλεῖται,
811 3145 936 3201 οὔτε
968 3149 1003 3217 ἡ
1036 3146 1184 3217 ψυχὴ
1214 3145 1372 3215 σάρξ.
1400 3146 1511 3198 Καὶ
1569 3142 1674 3214 μὴν
1703 3143 1767 3195 τὸ
1809 3142 1931 3195 ὅλον

290 3261 294 3265 '
347 3245 382 3313 ὴ
412 3242 545 3311 ἁγία
573 3240 764 3313 Γραφὴ
798 3239 1024 3294 ἐκάλεσε
1063 3239 1242 3309 σάρκα
1280 3237 1519 3306 λέγουσα
1550 3253 1564 3267 ⁸
1595 3238 1677 3290 Οὐ
1702 3236 1789 3305 μὴ
1828 3252 1928 3287 κα-

345 3336 595 3405 ταμείνῃ
620 3335 685 3387 τὸ
713 3330 949 3401 πνεῦμὰ
968 3347 1089 3401 μου
1114 3331 1184 3383 ἐν
1209 3329 1333 3395 τοῖς
1368 3328 1703 3397 ἀνθρώποις
1731 3369 1747 3394 ,
1778 3327 1930 3381 διότι

346 3430 464 3482 εισι
500 3426 751 3495 σάρκες.
794 3426 883 3479 Ἐν
927 3424 985 3478 δὲ
1026 3422 1103 3495 τῷ
1135 3424 1261 3494 ὅλῳ,
1304 3423 1471 3494 ἧγουν
1515 3421 1592 3490 τῷ
1636 3419 1931 3492 ἀνθρώπῳ,

350 3521 426 3587 ὼς
470 3523 637 3593 μέρος
682 3518 924 3589 δηλονότι
960 3518 994 3588 ἡ
1039 3516 1184 3587 ψυχή
1217 3518 1357 3579 ἐστι,
1404 3512 1642 3584 μάλιστά
1688 3529 1749 3564 τε
1794 3510 1933 3580 αὑτὴ

348 3614 446 3668 νῦν
478 3614 863 3684 κατηγορεῖται
886 3609 1147 3678 γενέσθαι
1190 3607 1347 3678 σάρξ.
1387 3607 1450 3659 Ἢ
1481 3606 1588 3677 γάρ
1621 3604 1757 3676 σάρξ
1810 3604 1934 3657 οὑδὲ

349 3708 417 3761 ἐκ
465 3705 765 3768 κακώσεως
798 3702 1001 3773 ἑαυτῆς
1047 3701 1243 3770 γέγονε
1298 3698 1457 3769 σὰρξ,
1488 3699 1608 3753 οὐδὲ
1651 3699 1937 3767 ἐγκαλοῖτο

350 3800 419 3857 ἂν
446 3802 550 3855 ὑπὸ
581 3799 718 3854 Θεοῦ
749 3800 832 3854 ὅτι
857 3800 1053 3870 γέγονε
1081 3797 1220 3869 σάρξ
1254 3796 1429 3861 οὕτως
1465 3796 1557 3850 ὑπ’
1584 3795 1751 3849 αὑτοῦ
1785 3812 1939 3865 γενο-

353 3891 515 3964 μένη.

420 4063 547 4128 Πῶς
576 4058 670 4118 οὖν
698 4061 800 4117 οὑκ
838 4062 1067 4134 ἠξίωται
1094 4062 1189 4115 τοῦ
1218 4061 1410 4133 ἑτέρου
1446 4060 1650 4133 μέρους
1686 4060 1780 4115 τοῦ
1820 4061 1942 4115 όνό-

353 4174 545 4229 ματος,
573 4159 634 4211 τὸ
679 4157 872 4229 ἕτερον
902 4173 918 4224 ;
949 4156 1047 4209 καὶ
1097 4155 1257 4209 τοῦτο
1287 4154 1422 4208 Θεοῦ
1456 4154 1645 4207 καλεῖν
1685 4153 1942 4218 εἰωθότος

350 4250 500 4305 τάδε.
530 4251 641 4304 Καὶ
669 4244 737 4321 ἦν
770 4249 877 4319 μὲν
911 4250 1088 4302 εἰπεῖν
1121 4248 1204 4301 ὅτι
1252 4248 1349 4318 οὑχ
1389 4247 1592 4317 ὁμοίως
1629 4247 1751 4299 οὐδὲ
1782 4246 1944 4316 φύσει

351 4339 594 4409 λέγεται,
620 4337 736 4407 εἴγε
760 4337 936 4410 ὀρθῶς
952 4336 1229 4401 ἐξετάζειν
1250 4335 1565 4406 ὴϐούλεσθε·
1592 4338 1685 4389 καὶ
1708 4337 1945 4407 συνεφή-

353 4449 526 4503 σαμεν
546 4430 614 4485 ἂν
635 4431 732 4484 καὶ
753 4431 914 4499 ἡμεῖς
928 4428 1086 4483 τοῦτο
1101 4429 1251 4501 ὑμῖν⁸
1266 4427 1388 4482 οὑδὲ
1408 4429 1518 4499 γάρ
1545 4445 1726 4498 φαμεν
1748 4427 1948 4499 ὁμοίως

2107 1025 2404 1092 Ρτωιετοσ,
2438 1029 2485 1083 si
2530 1030 2693 1085 nobis
2734 1032 2789 1086 in
2822 1032 2986 1087 unius
3016 1033 3325 1103 hypostasis
3352 1033 3622 1089 unitatem

2038 1127 2249 1174 tantum
2279 1122 2637 1177 credentibus
2671 1124 2933 1178 unionem
2962 1141 3083 1180 esse
3116 1135 3436 1180 naturarum
3462 1127 3621 1182 dixe-

2036 1210 2182 1275 ritis,
2213 1212 2513 1281 quomodo,
2547 1215 2643 1283 qui
2675 1223 2783 1268 tam
2807 1216 3045 1270 solerter
3068 1232 3172 1270 nos
3194 1216 3479 1285 decepisse
3506 1232 3623 1287 spe-

2038 1302 2196 1362 ratis,
2230 1310 2443 1357 naturae
2478 1312 2663 1371 partes
2687 1319 2809 1358 esse
2835 1306 3018 1359 unitas
3044 1306 3099 1359 in
3129 1306 3465 1376 hypostasim
3493 1321 3625 1375 pro-

2039 1392 2256 1448 bastis?
2294 1393 2350 1448 Si
2379 1395 2551 1460 enim,
2587 1396 2740 1450 velut
2780 1396 2924 1451 idem
2955 1396 3223 1451 habentes
3250 1406 3505 1450 naturam
3535 1407 3623 1453 at-

2036 1502 2144 1555 que
2180 1487 2537 1557 hypostasim,
2568 1489 2672 1542 hoc
2695 1489 2966 1553 dixeritis,
2987 1490 3097 1560 jam
3127 1504 3249 1558 quae
3278 1489 3347 1543 de
3378 1490 3484 1544 hoc
3520 1505 3625 1559 op-

2037 1574 2214 1649 posite
2242 1580 2387 1635 dicta
2438 1591 2587 1646 sunt,
2643 1583 2856 1636 scilicet
2882 1598 2992 1636 non
3025 1583 3171 1637 idem
3205 1597 3327 1636 esse
3372 1582 3489 1637 baze
3521 1582 3626 1635 hu-

2034 1672 2296 1743 jusmodi,
2348 1690 2449 1728 vos
2498 1674 2904 1745 confregerunt.
2944 1674 2999 1729 Si
3031 1690 3165 1728 vero
3194 1675 3421 1728 alteram
3462 1682 3625 1727 natu-

2040 1780 2178 1829 ram,
2202 1766 2435 1819 alteram
2460 1766 2796 1837 hypostasim
2821 1766 3219 1830 existimantes,
3246 1782 3408 1820 omne
3437 1774 3621 1820 tamen

1965 1840 2006 1894 Β
2039 1857 2277 1921 unitum,
2309 1857 2426 1911 sive
2452 1858 2509 1911 in
2567 1866 2780 1911 natura:
2813 1858 3161 1921 totalitatem,
3208 1857 3323 1911 sive
3363 1858 3417 1910 in
3446 1857 3623 1927 hypo-

2026 1948 2192 2003 stasis
2241 1948 2407 2004 Verbi
2438 1949 2915 2013 constitutionem,
2944 1964 3056 2002 non
3090 1948 3239 2002 enim
3276 1948 3458 2002 omnis
3490 1947 3623 2001 unio

2026 2050 2197 2110 atque
2248 2042 2605 2112 congregatio
2652 2041 2926 2096 naturalis
2970 2051 3055 2095 est
3088 2039 3377 2096 totalitatis
3406 2047 3622 2110 partem

2027 2143 2241 2187 natum
2269 2132 2706 2187 demonstratum
2743 2132 2911 2187 fuisse
2934 2132 3209 2196 dixeritis,
3257 2131 3485 2186 evidens
3539 2138 3625 2185 est

2027 2236 2215 2295 partes
2243 2235 2474 2287 natura.
2516 2226 2746 2281 forsitan
2804 2226 3093 2288 humanae,
3145 2225 3358 2279 futuras
3411 2223 3625 2277 scilicet

2029 2319 2376 2378 ﬂavissimas.
2414 2319 2837 2373 candidissimas
2910 2319 3259 2387 maximeque
3321 2316 3620 2379 caeruleas;

2028 2412 2234 2465 etenim
2286 2412 2403 2467 luec
2448 2428 2571 2481 quae
2628 2422 2757 2465 sunt
2798 2412 3143 2481 hypostasis,
3182 2410 3289 2464 etsi
3337 2409 3627 2463 naturales

2031 2515 2236 2575 partes.
2264 2508 2627 2575 particulares
2652 2522 2779 2561 vero
2804 2522 2964 2561 voces
2990 2516 3119 2560 sunt
3143 2506 3196 2558 in
3222 2505 3339 2574 ipsa
3357 2504 3627 2557 exsisten-

2034 2597 2213 2662 tium;
2255 2597 2362 2651 erit
2410 2597 2559 2651 enim
2587 2607 2785 2651 natura
2814 2596 3015 2660 allinis,
3047 2596 3162 2651 sive
3204 2611 3458 2667 gypsum,
3509 2594 3626 2647 sive

2033 2702 2251 2751 aurum,
2296 2688 2412 2743 sive
2458 2704 2610 2743 mare
2661 2689 2751 2753 sit,
2786 2688 3041 2742 humana!
3072 2689 3277 2757 speciei
3303 2690 3457 2757 juxta
3490 2685 3626 2739 sub-

2034 2776 2292 2830 stantiam
2324 2792 2447 2845 quaz
2477 2792 2545 2831 ex
2590 2786 2746 2846 parte
2799 2792 2925 2831 eum
2960 2777 3077 2844 ipsa
3113 2776 3276 2829 talem
3332 2775 3385 2827 in
3424 2773 3628 2826 talibus

2035 2868 2459 2923 substantialem
2493 2866 2916 2922 similitudinem
2958 2865 3205 2920 habebit.
3232 2866 3485 2917 Attamen
3512 2876 3625 2915 non

2033 2978 2099 3017 ex
2136 2962 2243 3016 hoc
2292 2962 2471 3015 solum
2533 2959 2847 3015 absurditas
2890 2958 3053 3013 vobis
3094 2955 3499 3024 exprobratur,
3526 2951 3625 3006 sed

2036 3056 2204 3114 etiam
2252 3055 2401 3125 quod
2452 3054 2780 3124 simpliciter
2835 3050 3153 3106 asseruistis
3205 3050 3379 3104 totius
3418 3052 3628 3115 partes,

1961 3173 2004 3231 ο
2037 3146 2271 3200 aliarum
2311 3145 2576 3215 partium,
2612 3158 2735 3212 qua:
2776 3157 2901 3196 eum
2938 3140 3074 3210 ipsis
3108 3145 3235 3193 sunt
3261 3138 3315 3191 in
3353 3144 3489 3198 toto,
3523 3149 3627 3187 no-

2038 3236 2187 3290 mina
2218 3249 2328 3289 non
2378 3234 2755 3289 admittentes.
2808 3232 2928 3287 Non
2977 3230 3127 3284 enim
3175 3228 3357 3283 anima
3396 3234 3629 3280 vocatur

2032 3342 2183 3391 caro,
2220 3342 2324 3380 nec
2369 3340 2499 3379 caro
2548 3324 2750 3377 anima.
2794 3322 2863 3377 At
2896 3321 3142 3391 profecto
3195 3328 3362 3372 totum
3412 3316 3631 3372 vocavit

2033 3434 2256 3474 carnem
2306 3417 2593 3487 Scriptura
2637 3432 2791 3469 sacra
2831 3414 3023 3469 dicens
3066 3432 3078 3465 ε
3138 3412 3257 3467 Non
3306 3411 3636 3481 permanebit

2033 3510 2252 3579 spiritus
2286 3525 2429 3563 meus
2478 3510 2533 3562 in
2578 3506 2897 3570 hominibus,
2939 3506 3066 3574 quia
3098 3520 3285 3557 carnes
3318 3512 3441 3556 sunt
3470 3502 3513 3557 ⁸.
3572 3503 3630 3555 In

2038 3611 2146 3655 toto
2180 3609 2365 3655 autem
2422 3600 2541 3654 sive
2595 3600 2652 3653 in
2703 3599 2929 3653 homine
2957 3597 3139 3650 anima
3186 3603 3443 3663 tanquam
3501 3609 3629 3662 pars

2037 3693 2324 3749 evidenter
2373 3702 2478 3756 est,
2528 3691 2875 3760 maximeque
2918 3689 3009 3743 hic
3046 3688 3164 3757 ipsa
3207 3687 3457 3757 arguitur
3501 3700 3633 3739 caro

2040 3784 2157 3839 ﬁeri
2187 3802 2200 3837 :
2236 3799 2365 3839 caro
2394 3784 2544 3837 enim
2577 3798 2685 3837 non
2717 3798 2786 3837 ex
2820 3779 3029 3834 malitia
3081 3778 3256 3848 ipsius
3307 3792 3435 3832 caro
3489 3777 3637 3831 facta

2039 3885 2148 3939 est,
2187 3890 2287 3929 nec
2320 3874 2392 3928 ita
2424 3881 2655 3928 vocatur
2681 3889 2711 3927 a
2735 3872 2850 3926 Deo
2879 3868 3143 3940 quoniam
3186 3882 3317 3921 caro
3352 3866 3494 3920 facta
3521 3874 3629 3931 est,

2041 3980 2167 4020 cum
2202 3964 2271 4019 ab
2306 3966 2425 4035 ipso
2449 3965 2524 4018 ita
2558 3963 2700 4018 facta
2730 3963 2819 4018 sit.

2113 4058 2401 4125 Quomodo
2426 4058 2594 4128 igitur
2622 4056 2846 4112 nomine
2877 4053 3106 4110 alterius
3135 4053 3309 4122 partis
3332 4066 3441 4103 non
3468 4049 3634 4118 digna

2039 4150 2285 4222 judicata
2314 4159 2400 4204 est
2421 4150 2633 4204 altera?
2662 4150 2809 4203 Deus
2852 4155 2937 4201 est
2980 4145 3077 4215 qui
3118 4145 3190 4198 ita
3220 4158 3419 4197 vocare
3468 4142 3636 4195 solet.

2046 4242 2460 4311 Dicendumque
2499 4240 2722 4312 quidem
2773 4251 2921 4296 esset
2954 4255 3056 4294 nec
3102 4237 3358 4293 similiter
3386 4251 3490 4289 nec
3529 4250 3635 4287 na-

2049 4335 2306 4389 turaliter
2336 4334 2543 4399 vocari,
2582 4334 2626 4388 si
2659 4341 2839 4387 tamen
2883 4331 3121 4386 fideliter
3155 4327 3475 4398 perquirere
3506 4323 3630 4378 nol-

2050 4428 2211 4494 letis;
2237 4428 2453 4496 hocque
2484 4426 2642 4480 vobis
2668 4440 2769 4480 nos
2801 4424 3288 4479 concessissemus.
3332 4418 3451 4473 Non
3483 4416 3638 4471 enim

351 4523 580 4595 Πατέρα
616 4521 711 4577 τού
744 4522 924 4591 Λόγου
973 4522 1070 4576 καὶ
1096 4522 1197 4591 τῆς
1234 4521 1438 4591 σαρκὸς
1469 4520 1613 4574 κατὰ
1643 4520 1806 4588 φύσιν
1840 4520 1935 4573 τὸν

2047 4520 2305 4575 similiter
2334 4518 2570 4573 dicimus
2595 4518 2813 4572 Patrem
2839 4516 3028 4578 Verbi,
3054 4507 3645 4595 eumdemque_carnis

352 4617 518 4672 αὐτόν
544 4632 558 4649 υ
596 4617 629 4687 ἢ
667 4615 869 4686 ὁμοίως
902 4614 1115 4685 μητέρα
1151 4612 1244 4667 τοῦ
1273 4613 1449 4681 Λόγου
1481 4614 1576 4666 καὶ
1603 4612 1705 4682 τῆς
1735 4611 1940 4683 σαρκὸς

352 4710 496 4764 κατὰ
554 4707 716 4777 φύσιν
751 4702 893 4761 εἶναι
946 4707 1046 4777 τὴν
1098 4704 1291 4775 αὐτὴν,
1322 4706 1447 4758 ὅσον
1506 4704 1649 4758 κατὰ
1698 4704 1790 4758 τὸν
1840 4704 1941 4774 τῆς

353 4800 572 4872 φύσεως
601 4800 804 4871 τρόπον
837 4799 932 4852 καὶ
962 4797 1141 4867 λόγον.
1185 4796 1326 4851 Ἀλλ’
1363 4796 1522 4867 ίσμεν
1572 4797 1656 4850 ὅτι
1700 4796 1795 4849 τοῦ
1845 4796 1943 4865 μὲν

350 4892 462 4944 τῶν
500 4891 705 4962 μερῶν,
747 4890 824 4953 ὡς
853 4890 1053 4952 είπεῖν,
1088 4890 1146 4941 ὲν
1180 4887 1430 4958 Χριστῷ,
1466 4887 1608 4940 κατὰ
1639 4887 1827 4955 φύσιν·
1848 4886 1943 4940 τοῦ

351 4985 412 5037 δὲ
439 4985 582 5038 κατὰ
607 4984 768 5054 χάριν
792 4984 890 5051 τὴν
909 4982 997 5035 διὰ
1026 4984 1123 5050 τῆς
1154 4980 1403 5045 ένὼσεως
1427 4980 1526 5048 τῆς
1555 4981 1688 5052 πρὸς
1711 4980 1771 5033 τὸ
1798 4980 1941 5033 κατὰ

356 5077 540 5148 φύσιν,
576 5078 605 5129 ό
634 5076 795 5139 αὑτὸς
830 5071 911 5139 εἷς
936 5078 1128 5147 Πατήρ
1151 5077 1268 5128 ἐστι
1296 5091 1310 5105 ·
1342 5076 1437 5128 καὶ
1476 5076 1681 5144 ἑτέρως
1712 5074 1808 5127 τοῦ
1843 5074 1943 5145 μὲν

354 5170 500 5224 κατὰ
534 5168 717 5239 φύσιν,
745 5168 840 5221 τοῦ
876 5168 933 5223 δὲ
961 5168 1106 5222 κατὰ
1128 5168 1287 5238 χάριν
1316 5167 1407 5220 διὰ
1432 5166 1532 5235 τῆς
1560 5166 1696 5235 πρὸς
1719 5164 1780 5218 τὸ
1806 5165 1948 5219 κατὰ

354 5258 529 5329 φύσιν
576 5260 857 5326 ἐνὼσεως,
890 5263 924 5331 ἠ
955 5260 1094 5331 αὑτὴ
1155 5261 1253 5329 μία
1302 5260 1485 5330 μήτηρ
1534 5258 1671 5313 ἐστί.
1704 5258 1847 5328 Πλὴν
1888 5258 1949 5310 τὸ

356 5352 735 5424 συμπέρασμα
754 5354 815 5406 τὸ
833 5353 1103 5424 ὑμέτερον
1134 5352 1363 5419 φάσκον,
1394 5352 1477 5404 ὃτι
1520 5351 1590 5404 Ἢ
1611 5346 1705 5403 οὖν
1735 5351 1796 5403 οὑ
1826 5367 1950 5403 συν-

355 5446 520 5516 ετέθη
556 5447 585 5499 ό
619 5446 751 5509 θεὸς
799 5445 972 5513 Λόγος
1003 5442 1081 5514 τῷ
1125 5443 1186 5509 ἐξ
1228 5443 1408 5515 ἡμῶν,
1446 5444 1578 5509 Υἱὸς
1626 5443 1945 5511 ἀνθρώπου

354 5537 649 5607 λεγόμενος
676 5538 749 5600 ὡς
780 5537 878 5608 τῆς
911 5535 1211 5600 συνθέσεως
1241 5534 1694 5607 καταργουμένης
1718 5534 1823 5587 ὑπὸ
1848 5534 1947 5603 τῆς

357 5630 605 5700 κλήσεως
625 5648 638 5662 ·
670 5630 703 5702 ἢ
732 5632 1006 5695 συντεθεὶς
1026 5670 1040 5695 ,
1070 5629 1194 5684 οὔτε
1222 5630 1387 5694 αὐτὸς
1417 5629 1635 5698 λέγεται
1675 5628 1806 5693 υἱὸς
1839 5628 1945 5682 ἀν-

358 5721 620 5791 θρώπου,
649 5723 863 5777 οὐδὲτὸ
914 5722 973 5790 ἐξ
1015 5721 1169 5795 ὑμῶν
1214 5720 1345 5776 Υιὸρ
1380 5719 1567 5788 Θεοῦ,
1605 5719 1842 5793 μάλιστά
1884 5735 1948 5787 γε

440 5906 459 5936 ⁸
483 5907 621 5963 Gen.
664 5922 744 5975 vr,
770 5908 824 5962 5.

2046 4615 2351 4672 secundum
2382 4624 2674 4678 naturam;
2722 4619 2817 4665 aut
2858 4610 3111 4665 similiter
3159 4616 3389 4661 matrem
3420 4584 3635 4663 .Verbi,

2047 4706 2409 4775 eamdemque
2468 4719 2591 4758 esse
2641 4701 2825 4757 carnis
2881 4698 3186 4755 secundum
3228 4703 3515 4757 naluram;
3568 4689 3644 4743 at!

2049 4808 2263 4855 natura:
2285 4797 2509 4852 modum
2543 4796 2684 4851 sicut
2712 4802 2767 4849 et
2792 4792 2860 4847 ad
2884 4807 3072 4847 vocem
3107 4786 3503 4845 attendendum
3530 4790 3643 4837 est.

2051 4889 2157 4945 Sed
2208 4888 2417 4943 scimus
2447 4886 2706 4941 eumdem
2738 4900 2910 4938 unum
2944 4898 3066 4938 esse
3101 4882 3319 4936 Patrem
3378 4877 3541 4930 unius
3569 4888 3638 4928 ex

2053 4980 2141 5035 bis
2167 4980 2439 5050 partibus,
2472 4994 2594 5048 quae
2630 4977 2683 5031 in
2711 4976 2932 5031 Christo
2964 4981 3112 5035 sunt,
3146 4969 3446 5026 secundum
3481 4974 3639 5018 natu-

2051 5091 2193 5139 ram,
2220 5082 2386 5144 atque
2415 5072 2648 5127 alterius
2684 5067 2992 5124 secundum
3020 5063 3249 5135 gratiam
3277 5075 3343 5113 ex
3366 5073 3471 5125 qua
3506 5054 3641 5107 unio

2052 5166 2121 5221 ad
2156 5166 2329 5231 illam,
2364 5178 2485 5232 qua:
2522 5162 2783 5231 estjuxta
2814 5165 3085 5215 naturam,
3124 5152 3265 5205 facta
3313 5156 3430 5211 est;
3469 5145 3637 5199 vicis-

2052 5259 2267 5327 simque
2293 5256 2488 5311 eadem
2523 5268 2631 5308 una
2671 5260 2755 5305 est
2782 5260 2957 5303 mater
2988 5246 3135 5299 illius
3166 5258 3289 5311 qua:
3331 5236 3635 5293 secundum

2053 5358 2313 5405 naturam
2342 5354 2445 5410 est,
2479 5353 2535 5401 et
2562 5344 2710 5398 illius
2735 5356 2857 5410 qua:
2886 5334 3190 5392 secundum
3223 5328 3477 5401 gratiam,
3518 5342 3639 5394 qua:

2054 5442 2289 5503 adeam,
2320 5453 2442 5509 qua:
2480 5444 2565 5491 est
2589 5432 2893 5488 secundum
2918 5436 3193 5490 naturam,
3220 5423 3481 5477 unionem
3511 5432 3637 5487 oper

2055 5543 2173 5588 rata
2202 5538 2309 5586 est.
2344 5529 2600 5585 Attamen
2624 5533 2807 5578 vestra
2832 5518 3114 5577 conclusio
3142 5517 3330 5571 dicens
3357 5512 3442 5567 vel
3474 5511 3642 5580 igitur

2056 5627 2229 5681 Deum
2264 5622 2505 5677 Verbum
2548 5619 2766 5673 unitum
2801 5630 2912 5669 non
2948 5612 3115 5665 fuisse
3170 5606 3334 5662 alicui
3362 5620 3429 5658 ex
3458 5601 3640 5663 nobis,

2057 5716 2267 5774 dictum
2293 5712 2467 5784 ﬁlium
2498 5709 2746 5774 hominis,
2778 5704 2936 5778 quasi
2964 5700 3330 5773 appellatione
3357 5694 3489 5753 uniu
3512 5707 3643 5748 eva-
