4120 6450
503 460 530 526 1
547 459 641 525 £35

1742 458 2053 520 LEONTII
2094 460 2469 524 ΒΥΖΛΝΤΙΝ
2474 463 2503 522 Ι

3639 466 3777 533 Ῑωϐ

501 587 794 642 nosceret;
832 576 915 631 vel
946 577 1186 640 unitum,
1215 589 1318 629 nec
1351 573 1460 629 dicl
1492 571 1689 627 Filium
1732 575 1962 628 hominis
1987 589 2092 628 nec

2201 575 2345 644 ὑμᾶς
2375 575 2606 647 πλείστῃ
2643 575 3044 646 περιπεσόντας
3084 575 3386 649 ἀπροσεξίᾳ
3419 578 3529 634 τῶν
3560 581 3777 636 οίκείων

503 671 809 725 secundum
841 669 1048 738 aliquid
1073 684 1140 722 ex
1169 668 1331 722 nobis
1362 667 1557 721 Filium
1587 666 1705 730 Dei,
1748 666 1804 720 in
1845 666 2085 720 maxima

502 771 814 816 vestrorum
844 761 1055 815 incuria
1087 775 1185 814 vos
1210 760 1523 814 miserrime
1551 757 1860 813 constituit.
1888 757 2084 812 Mirum

502 865 587 908 est
613 855 762 908 enim
803 853 848 906 si
899 869 1000 908 vos
1027 851 1222 906 Filium
1254 854 1477 906 hominis
1522 851 1779 906 eumdem
1811 866 1876 906 ac
1914 850 2087 904 Deum

513 945 728 1000 Verbum
760 946 975 1006 dicatis,
1025 946 1284 1015 quodque
1325 946 1528 1000 iterum
1561 961 1628 999 ex
1655 945 1818 999 nobis
1846 944 2084 1009 exsistit,

503 1036 699 1090 Filium
744 1037 836 1091 Dei
866 1037 1034 1106 (quod
1065 1054 1134 1092 ne
1162 1037 1373 1108 opinari
1409 1036 1632 1106 quidem
1664 1036 1895 1106 impium
1938 1050 2088 1090 nunc

503 1128 902 1198 praedicaretis,
945 1129 990 1182 si
1035 1128 1340 1184 commodis
1367 1127 1612 1198 propriis
1651 1127 1941 1182 consulere
1970 1126 2088 1181 vel-

504 1221 672 1292 letis),
712 1237 1156 1292 unamquamque
1191 1235 1256 1276 ac
1303 1221 1555 1276 eamdem
1605 1220 1904 1290 unicuique
1959 1235 2088 1290 par-

505 1314 642 1367 tium
678 1314 1100 1383 appellationem
1136 1313 1442 1368 tribuentes
1472 1329 1600 1368 cum
1631 1328 1862 1368 summa:
1893 1327 2089 1382 super-

506 1406 611 1462 bia:
649 1408 872 1471 astutia,
921 1422 1032 1460 non
1069 1421 1203 1460 vero
1236 1421 1364 1460 cum
1399 1404 1547 1459 ﬁdeli
1602 1404 1934 1474 prudentia;
1991 1402 2088 1458 sed

508 1509 570 1554 ut
598 1499 809 1554 scilicet
828 1513 894 1551 ex
921 1497 1027 1552 hac
1055 1496 1415 1550 attributione
1433 1495 1674 1550 nominis
1703 1495 1953 1565 probetis
1978 1510 2089 1550 non

510 1591 564 1643 in
593 1588 852 1642 unionem
889 1595 1146 1656 tanquam
1185 1586 1360 1640 totius
1386 1585 1688 1641 convenire
1727 1601 1850 1655 qua:
1872 1594 1932 1640 ut
1957 1601 2090 1656 par-

510 1685 591 1730 tes
623 1675 960 1730 conveniunt
1003 1676 1158 1745 juxta
1185 1675 1588 1744 prmcedentem
1619 1683 1858 1730 vestram
1889 1675 2090 1730 absur-

506 1768 790 1822 dissimam
839 1766 1276 1836 propositionem
1326 1783 1341 1819 :
1381 1764 1738 1836 Quodcunque
1789 1768 2000 1819 unitum
2033 1766 2090 1820 in

507 1876 670 1913 unam
697 1859 1042 1928 Ιιειροδιαδὶηι,
1079 1874 1183 1910 ηοη
1211 1858 1492 1910 admittere
1519 1856 1934 1927 appellationem
1973 1872 2091 1927 qua:

507 1967 629 2003 cum
654 1951 765 2018 ipso
793 1950 980 2002 unitur
1017 1949 1224 2018 partis;
1267 1947 1418 2001 Verbi
1456 1955 1636 2001 autem
1679 1947 2097 2018 appellationem

509 2041 790 2095 admittere
844 2057 1080 2104 carnem,
1109 2039 1338 2109 Filiique
1369 2039 1467 2094 Dei
1511 2039 1708 2093 Filium
1731 2041 1978 2094 hominis.
2028 2041 2098 2093 Αι

507 2135 554 2189 si
584 2149 748 2199 vere,
782 2150 816 2189 o
857 2149 974 2193 vos,
1004 2148 1206 2187 nomen
1243 2131 1575 2197 admittitur,
1623 2131 1996 2202 nequidquam
2029 2131 2098 2186 de

509 2225 714 2279 unione
743 2222 1104 2293 quaerendum
1127 2232 1246 2288 est;
1284 2238 1382 2292 per
1403 2222 1552 2276 illam
1574 2222 1723 2275 enim
1753 2237 2098 2291 unaquaque

511 2318 687 2388 (pars)
746 2315 1053 2371 secundum
1112 2325 1369 2370 naturam
1411 2331 1540 2372 cum
1591 2316 1767 2371 altera
1827 2316 2099 2370 naturalia

509 2407 734 2462 nomina
767 2406 958 2460 intime
997 2406 1329 2476 participat;
1375 2406 1421 2460 si
1461 2414 1645 2460 autem
1675 2422 1788 2459 non
1821 2422 1954 2461 vere
1992 2422 2098 2461 no-

511 2501 776 2560 minatur,
794 2514 897 2553 nec
920 2513 1050 2553 vere
1079 2499 1236 2568 juxta
1265 2513 1364 2552 vos
1383 2497 1518 2566 quin
1541 2497 1606 2551 ad
1635 2496 1874 2552 invicem
1899 2497 2100 2552 unian-

512 2599 603 2645 tur
639 2591 898 2658 impedita
941 2599 1087 2644 sunt.

583 2681 641 2736 Si
698 2681 772 2735 ita
824 2690 932 2734 tam
981 2679 1224 2750 perfecte
1269 2688 1666 2750 compungeret
1707 2695 1806 2736 vos
1855 2682 1998 2736 Deus
2041 2689 2103 2736 ut

513 2773 920 2832 conliteremini
948 2772 1205 2828 eumdem
1238 2772 1437 2826 Filium
1465 2771 1559 2826 Dei
1595 2780 1651 2827 et
1677 2772 1876 2826 Filium
1919 2773 2102 2828 homi-

511 2869 600 2923 nis
640 2866 849 2928 vocari,
901 2883 1012 2920 non
1062 2866 1174 2936 jam
1208 2865 1366 2920 vobis
1399 2865 1841 2930 adversabimur,
1897 2866 1990 2920 sed
2042 2876 2104 2923 ut

511 2959 717 3015 amicos
743 2969 800 3014 et
845 2958 1041 3014 fratres
1074 2973 1172 3013 vos
1205 2958 1677 3027 complectemur;
1725 2958 1771 3014 si
1813 2967 2009 3014 contra
2035 2974 2103 3014 eo

511 3053 659 3124 quod
695 3053 842 3107 Deus
870 3051 1114 3107 Verbum
1144 3066 1256 3105 non
1288 3051 1497 3105 homini
1539 3051 1812 3110 uniretur,
1851 3049 1977 3104 ideo
2019 3049 2105 3104 di-

514 3144 642 3199 citis
669 3157 768 3196 vos
817 3142 994 3197 libere
1040 3156 1200 3211 posse
1239 3141 1561 3195 alterutram
1618 3150 1828 3211 partem
1881 3141 2106 3196 nouiine

513 3233 837 3289 alterutrius
870 3248 1090 3300 vocare,
1142 3233 1290 3302 quod
1335 3249 1446 3288 non
1493 3232 1756 3288 nniantur
1791 3247 1854 3287 ac
1901 3232 2103 3286 distin-

513 3335 787 3396 guantur;
833 3326 875 3380 si
933 3326 1081 3381 enim
1116 3325 1285 3380 unita:
1335 3334 1542 3388 essent,
1577 3335 1636 3378 ut
1670 3324 1847 3378 amba:
1885 3340 2094 3378 conve.

514 3419 736 3474 nientes
761 3418 1080 3488 liujusmodi
1111 3417 1615 3472 communicatione
1669 3418 2104 3488 appellationum

515 3511 889 3574 ﬁrmarentur,
917 3509 1149 3564 evidens
1169 3517 1317 3564 esset
1336 3509 1485 3579 quod
1507 3509 1861 3574 concluditis,
1890 3509 2105 3564 scilicet

514 3601 700 3656 omnia
736 3617 858 3671 quae
913 3600 1280 3656 totalitatibus
1335 3601 1584 3672 ipsorum
1631 3601 1893 3656 distincta
1950 3609 2101 3665 sunt,

513 3695 636 3750 fore
668 3703 730 3748 ut
759 3709 869 3764 quo
898 3693 1021 3763 plus
1039 3694 1106 3748 ab
1141 3693 1377 3750 invicem
1410 3695 1699 3759 distarent,
1723 3709 1791 3749 eo
1811 3694 1936 3761 plus
1986 3694 2104 3748 suis

516 3785 838 3841 nominibus
884 3785 1119 3842 invicem
1149 3785 1413 3856 appellari
1442 3795 1704 3856 possent;
1747 3801 1870 3856 qua:
1916 3793 2102 3840 autem

514 3879 854 3934 conveniunt
929 3886 1094 3948 atque
1178 3878 1450 3935 uniuntur
1523 3879 1740 3934 naturis
1802 3878 1858 3933 in
1935 3893 2101 3940 tutam

516 3971 841 4026 totalitatem
864 4011 878 4036 ,
922 3971 1242 4027 nominibus
1290 3987 1399 4026 non
1434 3970 1691 4041 conjungi
1726 3969 2101 4025 necessarium

512 4077 657 4118 esse.
707 4062 848 4129 Quid
889 4063 995 4118 hoc
1041 4062 1157 4118 risu
1188 4063 1408 4133 dignius
1435 4071 1624 4128 esset,
1677 4062 1723 4117 si
1753 4061 1878 4131 quis
1912 4076 2100 4117 rerum

513 4156 854 4211 existimaret
883 4157 1146 4212 unionem
1178 4155 1297 4212 ﬁeri
1325 4157 1630 4212 secundum
1659 4169 1889 4210 suorum
1922 4154 2100 4209 nomi-

514 4265 645 4304 num
675 4249 1112 4313 distinctionem,
1158 4249 1573 4304 distinctionem
1623 4264 1758 4304 vero
1792 4265 1978 4304 rerum
2009 4264 2099 4304 se-

513 4341 757 4396 cundum
789 4342 1075 4396 nominum
1099 4357 1328 4396 suorum
1354 4341 1648 4396 unionem?
1667 4340 1943 4406 Attamen,
1969 4355 2100 4394 con-

515 4433 686 4488 traria
742 4433 1160 4488 consideremus
1201 4443 1242 4487 :‘
1269 4449 1394 4488 cum
1441 4433 1589 4488 enim
1623 4431 1776 4488 sidus
1804 4447 2096 4488 accensum

513 4525 624 4595 igni
665 4525 875 4610 unitur,
912 4535 1044 4580 tunc
1073 4542 1294 4596 quoque
1353 4525 1494 4596 ignis
1543 4532 1811 4590 vocatur;
1869 4540 1994 4579 cum
2029 4541 2097 4580 ex

2194 667 2513 738 παρίστησι.
2533 667 2856 737 Θαυμαστὸν
2879 667 2990 740 γάρ
3018 670 3067 722 εί
3099 669 3278 740 ὑμεῖς,
3310 671 3449 725 rm
3462 672 3778 741 ἀνθρώπου

2193 759 2285 812 τὸν
2334 760 2501 813 αὑτὸν
2547 760 2645 815 καὶ
2678 760 2831 814 Θεὸν
2872 762 3070 831 Λόγον
3104 762 3281 829 φατέ·
3311 763 3405 815 καὶ
3430 763 3494 815 τὸ
3537 761 3597 827 ἐξ
3622 764 3780 835 ἡμῶν

2195 850 2360 905 πάλιν
2411 846 2677 923 ὑπάρχον,
2702 852 2838 904 Υίὸν
2864 851 3014 906 Θεοῦ
3049 851 3206 923 (ὅπερ
3262 851 3360 906 καὶ
3399 851 3474 924 μὴ
3507 853 3777 918 δοξάζειν,

2195 941 2392 1006 ἀσεϐὲς
2438 941 2534 996 νῦν
2583 943 2913 1014 ὲκηρύξατε,
2967 945 3016 997 εί
3063 944 3172 997 τῶν
3228 944 3514 1015 ὑμετέρων
3567 947 3782 999 ἐπαΐειν

2195 1033 2604 1105 tet-Elates),th
2651 1033 2822 1106 αὐτὴν
2876 1035 3144 1105 ἑκατέραν
3197 1035 3500 1106 ὀνομασίαν
3535 1037 3784 1108 ἐκατέρῳ
3855 1042 3867 1112 ᾖ

2195 1127 2304 1181 τῶν
2331 1127 2516 1197 μερῶν
2545 1125 2948 1198 προσάψαντες,
2967 1128 3066 1179 σὺν
3096 1126 3375 1197 ἀκροτάτῃ
3413 1125 3620 1198 ματαίᾳ
3647 1145 3782 1179 παν-
3853 1136 3864 1198 έ

2195 1220 2395 1291 ουργίᾳ
2444 1220 2536 1273 καὶ
2573 1220 2675 1272 οὐκ
2705 1218 2842 1290 ὀρθῇ
2880 1221 2948 1290 τῇ
2988 1219 3232 1290 διανοίᾳ·
3265 1219 3500 1272 ἀλλ’ἵνα
3545 1220 3680 1289 φησι
3716 1221 3784 1273 ἐκ

2195 1311 2295 1381 τῆς
2324 1309 2762 1372 ἀντιδόσεωςτοῦ
2792 1309 3056 1379 ὀνόματος
3092 1308 3306 1378 δείξητε
3354 1309 3428 1380 μὴ
3469 1311 3548 1372 είς
3594 1309 3784 1362 σύνθε-

2198 1421 2284 1457 σιν
2307 1402 2382 1465 ὡς
2414 1403 2536 1457 ὅλου
2560 1404 2718 1474 ἥκειν
2751 1402 2879 1456 τάδε
2910 1402 2980 1456 τὰ
3009 1402 3083 1466 ὡς
3118 1405 3260 1475 μέρη
3292 1403 3616 1458 συνελθόντα
3639 1405 3784 1457 κατά

2194 1495 2296 1567 τὴν
2354 1494 2779 1566 προεκτεθεῖσαν
2838 1495 2967 1565 ύμῖν
3017 1494 3302 1561 ἀλόγιστον
3348 1495 3646 1564 ἀπόφασιν,
3700 1495 3782 1547 ὅτι

2203 1591 2274 1644 Τὸ
2303 1588 2741 1657 συντιθέμενον
2768 1588 2855 1653 είς
2885 1587 3035 1656 μίαν
3062 1587 3429 1648 ὑπόστασιν,
3457 1588 3570 1641 οὐκ
3600 1586 3783 1654 ἠξίω-

2196 1699 2292 1736 ται
2321 1680 2433 1751 τῆς
2483 1681 2764 1749 κλήσεως
2823 1680 2932 1734 τοῦ
2975 1681 3278 1746 συνόντος
3319 1679 3481 1745 αὐτῷ
3509 1679 3734 1749 μέρους
3765 1696 3783 1712 ·

2196 1775 2445 1841 ἠξίωται
2479 1774 2548 1827 δὲ
2589 1772 2701 1841 τῆς
2739 1789 2803 1827 τε
2845 1773 2953 1827 τοῦ
3001 1773 3199 1841 Λόγου
3248 1772 3287 1840 ἠ
3333 1771 3632 1841 σὰρξ,καί
3676 1771 3785 1824 τοῦ

2197 1864 2334 1918 Υίοῦ
2365 1864 2472 1918 τοῦ
2503 1864 2654 1918 Θεοῦ
2701 1867 2734 1917 ό
2770 1863 2904 1929 Υἱὸς
2933 1863 3039 1916 τοῦ
3068 1862 3404 1929 ἀνθρώπου.
3441 1863 3505 1915 Εἰ
3539 1862 3639 1931 μὲν
3670 1861 3784 1932 γὰρ

2130 1938 2170 1992 Β
2201 1954 2437 2024 άληθῶς,
2468 1950 2513 2008 ὦ
2544 1952 2714 2017 οὗτοι,
2743 1955 2971 2024 ἠξίωται
2997 1952 3089 2006 τοῦ
3119 1953 3384 2021 ὀνόματος
3405 1992 3420 2016 ,
3448 1951 3568 2005 οὐδὲ
3598 1951 3783 2020 ζητεῖν

2199 2046 2280 2099 δεῖ
2307 2065 2359 2100 τι
2386 2047 2514 2116 περὶ
2549 2047 2649 2116 τῆς
2679 2046 2984 2108 συνθέσεως
3008 2062 3022 2076 ο
3057 2045 3339 2098 οίκειωθὲν
3371 2045 3486 2114 γὰρ
3520 2044 3588 2098 δι’
3612 2045 3782 2115 αὐτῆς

2200 2138 2430 2206 θάτερον
2459 2138 2674 2210 θατέρῳ
2706 2139 2849 2191 κατά
2879 2138 3065 2206 φύσιν,
3093 2136 3325 2207 μετέσχε
3357 2138 3453 2189 καὶ
3484 2136 3594 2189 τῶν
3622 2154 3785 2204 φυσι-

2200 2229 2312 2282 κῶν
2348 2228 2666 2300 ὀνομάτωνο
2703 2229 2836 2281 εἰδὲ
2881 2228 2982 2282 οὐκ
3019 2227 3236 2297 ἀληθῶς
3283 2227 3634 2297 ὀνομάζεται,
3662 2226 3785 2281 οὐδὲ

2199 2321 2442 2390 ἀληθῶς,
2469 2321 2614 2375 κατά
2630 2337 2693 2390 γε
2714 2321 2882 2392 ὑμᾶς,
2901 2317 3212 2374 κεκώλυται
3233 2320 3332 2389 τῆς
3360 2317 3662 2382 συνθέσεως
3683 2317 3784 2388 τῆς

2200 2415 2339 2487 πρὸς
2364 2415 2594 2485 ἄλληλα.

2273 2681 2448 2737 Τοῦτο
2492 2679 2628 2750 γοῦν
2664 2681 2800 2736 ait!)
2842 2679 2889 2733 εί
2920 2681 3057 2744 ὅλως
3087 2680 3235 2750 ὑμᾶς
3272 2679 3301 2733 ὀ
3329 2678 3466 2741 Θεὸς
3502 2676 3792 2747 ὁμολογεῖν

2202 2775 2585 2841 κατανύξειεν.
2622 2773 2699 2838 ὡς
2734 2774 2763 2825 ό
2797 2772 2960 2836 αὖτδς
2991 2772 3117 2836 Υἱός
3151 2789 3212 2825 τε
3237 2771 3375 2824 Θεοῦ
3398 2770 3492 2824 καὶ
3526 2769 3654 2830 Υἱὸς
3689 2769 3787 2822 ἀν-

2204 2867 2426 2938 θρώπου
2477 2867 2693 2937 άληθῶς
2756 2865 3115 2936 ὀνομάζεται,
3185 2864 3444 2934 οὐδεμίαν
3503 2862 3585 2916 ἔτι
3645 2861 3785 2934 πρὸς

2202 2961 2349 3032 ὑμᾶς
2399 2961 2720 3014 ἀντίστασιν
2778 2959 3107 3027 ποιούμεθα.
3172 2955 3291 3011 ἀλλ’
3324 2957 3400 3018 ὡς
3455 2955 3645 3025 φίλους
3695 2954 3792 3008 καὶ

2203 3055 2470 3122 ἀδελφοὺς
2495 3051 2881 3122 ἀσπασόμεθσι·
2914 3054 2962 3104 εἰ
2998 3051 3098 3122 μέν
3135 3067 3215 3103 τοι
3245 3051 3304 3102 ὲν
3339 3049 3416 3118 τῷ
3459 3049 3534 3119 μὴ
3569 3048 3792 3114 συγκεῖ-

2206 3147 2328 3203 σθαι
2368 3145 2460 3200 τὸν
2496 3146 2630 3199 Θεὸν
2662 3147 2839 3212 Λόγον
2870 3143 2950 3214 τῷ
2997 3143 3293 3213 ἀνθρώπῳ,
3331 3143 3396 3196 ὲκ
3430 3142 3619 3195 τούτου
3646 3141 3793 3210 ὑμᾶς

2207 3239 2352 3308 ἔχειν
2381 3235 2679 3296 ἀκωλύτως
2726 3234 2863 3303 φατὲ
2911 3233 2972 3287 τὸ
3007 3233 3238 3302 θάτερον
3286 3231 3587 3302 ὀνομάζειν
3623 3231 3793 3300 μέρος

2209 3329 2286 3398 τῷ
2315 3328 2542 3397 θατέρου
2586 3325 2839 3392 ὀνόματι,
2877 3325 2989 3379 τῶν
3030 3324 3344 3378 ἀσυνθέτων
3383 3323 3479 3378 καὶ
3509 3323 3791 3391 διακεκρι-

2210 3421 2388 3490 μένων
2409 3435 2422 3449 ·
2455 3419 2504 3471 εί
2535 3418 2846 3473 συντεθεῖεν
2869 3417 3002 3487 γὰρ,
3034 3416 3134 3484 τῆς
3156 3415 3414 3486 τοιαύτής
3447 3413 3794 3484 μεταδόσεως

2204 3509 2315 3563 τῶν
2358 3509 2644 3578 ὀνομάτων
2692 3509 2862 3577 ἄμφω
2913 3510 2982 3560 τά
3035 3506 3361 3560 συνελθόντα
3406 3502 3792 3574 στηρίζεσθαι,

2202 3599 2366 3668 δῆλον
2399 3599 2476 3663 ὡς
2517 3597 2684 3653 τοῦτο
2723 3597 3028 3665 συνάγοιτε,
3067 3597 3150 3651 ὅτι
3197 3597 3266 3649 τὰ
3301 3595 3480 3649 πάντα
3507 3593 3794 3663 διακεκρι-

2207 3695 2345 3763 μένα
2393 3695 2510 3755 ταῖς
2553 3693 2805 3759 ὀλοτησιν
2839 3689 3044 3753 αὐτῶν,
3096 3689 3220 3742 καθ’
3267 3688 3390 3740 ὅσον
3440 3687 3508 3738 ἂν
3542 3683 3791 3753 ἀλλήλων

2203 3785 2530 3853 ἀφίστανται
2551 3827 2566 3846 ,
2599 3783 2856 3837 τοσοῦτον
2889 3781 3091 3853 μᾶλλον
3121 3779 3356 3834 δύναιντ’
3394 3779 3460 3833 ἂν
3494 3775 3796 3846 συνονομά-

2203 3880 2394 3945 ζεσθαι
2417 3879 2532 3941 τοῖς
2555 3875 2806 3948 ἀλλήλων
2831 3875 3062 3944 ὀνόμασι
3081 3891 3096 3905 ο
3138 3873 3206 3926 τὰ
3229 3874 3286 3927 δὲ
3321 3870 3651 3926 συνελθόντα
3695 3870 3796 3922 καὶ

2203 3973 2542 4043 συγκείμενα
2575 3973 2696 4035 ταῖς
2725 3970 2956 4041 φύσεσιν
2983 3971 3063 4032 εἰς
3092 3969 3222 4039 μίαν
3257 3967 3490 4037 ὁλότητα
3525 3966 3638 4027 τοῖς
3666 3962 3788 4014 ὀνό-

2206 4083 2374 4136 μασιν
2411 4065 2713 4134 ἀναγκαῖον
2746 4062 2820 4133 μὴ
2863 4060 3258 4117 συνάπτεσθαι.
3308 4055 3382 4114 Οἵ)
3407 4059 3459 4113 τί
3495 4058 3560 4113 ἂν
3591 4058 3675 4127 εἴη
3705 4073 3800 4123 γε-

2200 4157 2517 4230 λοιότερον;
2548 4155 2616 4210 Εἴ
2640 4173 2727 4220 τις
2756 4155 2865 4208 τῶν
2892 4154 3237 4225 πραγμάτων
3289 4152 3502 4221 νομίζοι
3537 4149 3638 4220 τὴν
3669 4165 3797 4200 συν-

2201 4250 2414 4304 έλευσιν
2449 4248 2728 4303 ποιεῖσθαι
2761 4247 2862 4317 τὴν
2888 4247 2997 4300 τῶν
3028 4248 3151 4299 κατ’
3180 4246 3321 4299 αὐτὰ
3358 4243 3644 4311 ὀνομάτων
3673 4241 3792 4294 διά·
3825 4314 3834 4319 _

2200 4357 2418 4413 κρισιν⁶
2445 4342 2546 4413 τὴν
2579 4342 2636 4396 δὲ
2674 4340 2951 4410 διάκρισιν
2978 4339 3089 4391 τῶν
3141 4336 3485 4410 πραγμάτων
3504 4377 3518 4401 ,
3553 4335 3653 4406 τὴν
3683 4334 3797 4386 τῶν

2199 4436 2321 4491 κατ’
2352 4436 2494 4490 αὐτὰ
2535 4434 2816 4505 ὀνομάτων
2842 4431 3178 4485 συνέλευσιν.
3222 4429 3418 4482 Καίτοι
3473 4425 3542 4480 τὰ
3576 4425 3801 4479 ἐναντία

2198 4528 2441 4598 ὁρῶμεν.
2487 4526 2621 4580 Ὅτε
2657 4525 2766 4594 γὰρ
2796 4522 2932 4590 πυρὶ
2965 4521 3244 4592 πυρωθεὶς
3276 4520 3305 4572 ὁ
3346 4518 3566 4589 σίδηρος
3595 4514 3800 4584 ὲνωθῇν

515 4631 654 4672 auro
677 4603 807 4670 arca
838 4617 978 4670 facta
1001 4625 1105 4680 est,
1139 4631 1307 4671 aurea
1329 4625 1450 4683 est;
1503 4616 1584 4671 sic
1619 4615 1674 4669 in
1709 4616 1921 4671 caneris
1945 4617 2098 4672 vide-

2206 4621 2326 4674 τότε
2361 4618 2456 4672 καὶ
2489 4616 2600 4688 πῦρ
2629 4615 2962 4684 ὀνομάζεται
2981 4629 2996 4646 ⁸
3033 4613 3130 4667 καὶ
3154 4613 3245 4667 ὅτε
3275 4608 3466 4682 χρυσῷ
3494 4609 3527 4680 ἡ
3563 4603 3802 4669 κιᾶωτδς

516 4723 662 4772 mus,
697 4708 790 4776 qui
825 4707 880 4761 in
912 4707 1037 4762 albo
1069 4708 1229 4763 albus
1256 4715 1361 4762 est.
1392 4707 1554 4762 Juxta
1591 4722 1711 4773 vos,
1744 4723 1870 4761 cum
1896 4708 2107 4778 aliquid

515 4809 815 4864 crematur,
868 4813 1009 4868 aqua
1047 4800 1219 4869 magis
1248 4799 1391 4854 foret
1418 4803 1753 4862 vocandum,
1808 4814 1935 4854 cum
1963 4801 2108 4870 sapit

514 4892 764 4962 quidam,
810 4891 1078 4963 insipiens
1121 4892 1423 4958 dicendus;
1455 4907 1694 4961 cumque
1741 4890 1930 4962 inique
1973 4893 2105 4963 agit,

509 4988 726 5058 justus;
757 4995 888 5041 tunc
915 4985 1062 5040 enim
1094 4985 1212 5041 haec
1240 4984 1622 5057 hujuscemodi
1650 4984 1886 5039 multum
1913 5001 1944 5040 a
1971 5000 2108 5041 con-

516 5077 700 5133 trariis
738 5078 856 5134 suis
885 5076 1126 5143 distant;
1163 5077 1265 5132 etsi
1307 5091 1470 5131 omne
1501 5075 1814 5130 derivatum
1835 5115 1850 5140 ,
1893 5091 1961 5131 ex
1991 5091 2108 5130 me-

516 5171 710 5242 talepsi
741 5180 905 5240 atque
953 5169 1160 5224 unione
1199 5169 1279 5224 rei
1325 5168 1526 5223 habeat
1551 5167 1717 5223 etiam
1763 5183 1988 5222 nomen.
2037 5167 2109 5221 At

511 5277 643 5316 vere
674 5262 912 5315 maxime
947 5260 1334 5330 aegrotantium
1370 5258 1628 5328 delirium
1671 5259 1782 5329 pati
1818 5257 2106 5323 videmini,

513 5367 642 5407 cum
705 5351 1008 5420 srepissime
1075 5351 1547 5421 vehementerque
1596 5348 1933 5420 ﬂagellantes
1977 5365 2108 5404 vos-

513 5443 778 5513 metipsos
801 5458 912 5497 non
932 5440 1207 5497 sentiatis.

1163 5689 1318 5744 CAP.
1359 5686 1454 5742 IX.

587 5817 763 5874 Omne
797 5820 1166 5890 quodcunque
1212 5820 1429 5874 unitum
1477 5814 1638 5870 alteri
1696 5813 1763 5868 ad
1815 5812 2108 5884 perﬁcien-

526 5909 658 5964 dum
689 5925 852 5965 unam
906 5920 1156 5966 naturam
1191 5912 1274 5969 vel
1304 5920 1360 5968 ct
1411 5907 1772 5978 hypostasim,
1821 5922 1951 5978 pars
2007 5905 2102 5961 de-

2212 4710 2597 4784 προσπλασθῇ,
2631 4708 2810 4780 χρυσῆ
2832 4723 2849 4742 ο
2883 4707 2976 4762 καὶ
3005 4707 3062 4760 ὲν
3092 4708 3206 4768 τοῖς
3237 4705 3451 4768 λοιποῖς
3485 4701 3541 4755 δὲ
3575 4699 3799 4771 ὁρῶμεν

2208 4806 2292 4859 ὄτι
2340 4807 2370 4858 ὀ
2405 4805 2465 4857 ὲν
2513 4803 2594 4874 τῷ
2622 4801 2801 4872 λευκῷ
2838 4801 3056 4864 λευκός.
3096 4797 3236 4853 Καθ’
3269 4797 3416 4866 ὑμᾶς
3457 4795 3514 4848 δὲ
3538 4793 3662 4859 ἔδει,
3706 4791 3800 4845 ὅτε

2211 4896 2483 4968 πυροῦταί
2531 4913 2606 4958 τι,
2657 4893 2802 4965 ὕδωρ
2859 4893 3058 4964 μᾶλλον
3099 4888 3382 4944 καλεῖσθαι
3412 4905 3424 4919 ·
3458 4886 3554 4940 καὶ
3587 4885 3676 4938 ὅτε
3711 4899 3800 4946 τις

2213 4989 2505 5060 σωφρονεῖ,
2536 4987 2658 5041 τότε
2678 4985 2980 5048 ἀκόλαστος
3012 4983 3312 5051 λέγεσθαι·
3345 4979 3440 5033 καὶ
3468 4979 3557 5031 ὅτε
3595 4973 3798 5039 ἀδικεῖ,

2210 5082 2420 5146 δίκαιος
2444 5097 2459 5112 ·
2499 5081 2622 5135 τότε
2668 5079 2781 5151 γὰρ
2815 5077 3017 5149 μᾶλλον
3049 5075 3303 5144 διέστηκε
3342 5071 3468 5126 τάδε
3501 5069 3611 5123 τῶν
3643 5069 3802 5122 ἐναν-

2209 5175 2341 5228 τίων
2390 5174 2573 5236 αὐτοῖς
2597 5189 2613 5205 ο
2665 5172 2845 5226 καίτοι
2883 5171 2993 5224 πᾶν
3051 5166 3408 5237 παρώνυμον,
3439 5166 3504 5217 ἐκ
3557 5161 3802 5233 μεταλή-

2209 5266 2357 5338 ψεως
2380 5266 2476 5320 καὶ
2500 5264 2749 5328 ὲνὼσεως
2772 5264 2868 5318 τοῦ
2891 5263 3241 5336 πράγματος,
3271 5259 3397 5330 ἔσχε
3419 5257 3516 5311 καὶ
3535 5254 3801 5324 τοῦνομα.

2223 5360 2368 5412 Ἀλλ’
2399 5359 2569 5422 ὅντως
2602 5359 2824 5412 ἐοίκατε
2854 5357 2917 5410 τὸ
2943 5356 3055 5410 τῶν
3081 5354 3328 5424 ἐσχάτως
3361 5349 3666 5406 νοσούντων
3697 5349 3802 5416 τὴν

2213 5450 2646 5523 παραφροσύνην
2672 5450 3039 5513 πεπονθέναι,
3061 5447 3110 5500 οἳ
3142 5445 3408 5510 πολλάκις
3445 5441 3672 5504 ἑαυτοὺς
3705 5440 3800 5494 καὶ

2213 5545 2462 5616 σφοδρῶς
2494 5546 2752 5609 παίοντες
2773 5544 2875 5598 οὐκ
2899 5542 3272 5597 αἰσθάνονται.

2812 5679 3070 5733 ΚΕΦΑΔ.
3105 5676 3180 5732 ϐ’.

2281 5817 2398 5870 Πᾶν
2429 5815 2609 5870 ὁτιοῦν
2654 5814 3035 5884 συντιθέμενον
3059 5812 3234 5884 ἑτέρῳ
3270 5814 3350 5876 εἰς
3376 5811 3434 5865 τὸ
3459 5807 3788 5864 ἀποτελέσαι

2217 5910 2344 5980 μίαν
2371 5909 2530 5979 φύσιν
2569 5909 2602 5980 ἢ
2639 5909 2732 5963 καὶ
2788 5907 3091 5963 ὑπόστασιν
3115 5948 3129 5975 ,
3174 5906 3340 5978 μέρος
3387 5901 3792 5972 δείκνυταιὶτῐις
