4120 6440
563 424 697 487 1429

1806 428 2118 488 LEONTII
2160 426 2569 489 BYZANTINI

3699 433 3839 496 illi)

555 538 801 597 unionis.
824 539 1009 593 minor
1059 549 1195 607 toto,
1229 542 1309 597 sic
1336 542 1509 607 dicto,
1539 539 1607 594 ad
1643 540 1821 610 ipsum
1852 542 2010 595 unito
2043 541 2139 594 ha-

2252 539 2371 591 κατ’
2402 540 2569 592 αὑτὸν
2605 540 2927 608 συνθέσεως,
2954 543 3192 599 ἐλάττων
3217 544 3311 599 τοῦ
3350 545 3424 610 ὡς
3456 546 3577 601 ὅλου
3609 546 3843 616 λεγομέ-

554 634 797 687 bebitur.
825 634 1174 688 Contrarium
1200 644 1385 689 autem
1414 643 1499 688 est
1524 632 1593 686 de
1624 633 1886 687 omnibus
1920 633 2147 687 entibus

552 726 767 781 caeteris
786 741 931 795 quaa,
955 741 1081 780 cum
1114 728 1224 781 sint
1249 728 1333 782 sui
1358 729 1526 783 totius
1550 738 1757 800 partes.
1786 728 1906 797 ipso
1930 728 2147 781 minora

550 818 831 872 videntur.
862 819 1008 874 Deus
1044 834 1174 874 vero
1209 836 1317 875 non
1353 832 1438 877 est
1474 838 1617 877 unus
1645 822 1917 884 omnium,
1956 820 2053 873 sed
2090 819 2145 872 in

550 911 814 965 omnibus
843 918 899 965 et
932 927 1100 981 super
1140 914 1325 967 omnia
1360 914 1673 969 eminenter
1701 930 1759 969 se
1786 914 1975 968 habet.
2002 912 2148 967 Con—

552 1010 853 1070 sequenter
877 1018 986 1056 non
1006 1004 1162 1073 juxta
1197 1006 1383 1058 omnia
1412 1016 1611 1059 caetera
1642 1005 1885 1060 Verbum
1915 1002 2148 1057 haberet

554 1090 763 1156 unitus,
796 1092 884 1146 vel
911 1100 971 1147 ut
996 1108 1125 1162 pars
1148 1092 1385 1163 alicujus
1416 1093 1586 1147 totius
1624 1092 1999 1162 reputabitur.

620 1270 1103 1325 Considerandum
1130 1279 1216 1326 est
1243 1271 1393 1325 enim
1425 1270 1604 1336 vobis,
1637 1286 1831 1325 omnes
1857 1268 2146 1341 generales

552 1361 998 1431 propositionum
1039 1362 1448 1418 declarationes
1480 1372 1611 1417 tunc
1637 1362 1995 1431 exponendas
2022 1375 2145 1415 esse

553 1469 681 1508 cum
717 1454 949 1523 alicujus
978 1454 1228 1523 ejusdem
1272 1456 1492 1525 generis
1536 1451 1895 1525 ejusdemque
1941 1453 2146 1523 speciei

552 1563 748 1601 eorum
778 1563 901 1617 quae
942 1547 1362 1602 determinanda
1397 1556 1526 1602 sunt
1558 1546 1766 1601 veritas
1810 1546 2143 1615 exquiritur.

555 1640 802 1709 Namque
855 1639 922 1694 ad
964 1640 1422 1694 manifestandam
1474 1648 1730 1694 naturam
1783 1654 1980 1693 eorum
2024 1654 2147 1708 qua:

553 1732 786 1787 alterius
809 1743 937 1788 sunt
966 1734 1169 1803 speciei
1211 1734 1298 1788 vel
1347 1734 1580 1789 alterius
1609 1734 1829 1803 generis
1880 1732 2020 1786 nihil
2062 1732 2149 1785 in-

553 1823 827 1877 servirent
852 1838 953 1877 nec
984 1822 1272 1892 generales
1299 1821 1700 1891 expositiones,
1736 1819 1841 1874 nisi
1886 1828 2147 1888 tanquam

2254 631 2507 706 vou_xa':’
2555 631 2719 685 αὐτὸν
2772 634 3032 687 συνθέτου
3072 637 3486 706 νομισθήσεται.
3518 638 3847 691 Τουναντίον

2253 703 2376 791 μὲνκ
2400 722 2496 775 οὖν
2520 763 2534 787 ,
2570 725 2695 775 ἐπεὶ
2736 726 2916 778 πάντα
2959 726 3026 779 τά
3079 728 3215 781 ἄλλα
3250 729 3358 780 τῶν
3392 730 3564 782 ὅντων
3594 730 3845 783 συντιθέ-

2254 832 2394 884 μενα
2436 816 2513 877 ὡς
2546 816 2691 886 μέρη
2724 835 2782 869 τε
2814 818 2912 870 καὶ
2946 818 3211 872 ἐλάττονα
3249 818 3345 873 τοῦ
3370 822 3574 873 οἰκείου
3602 821 3724 874 ὅλου
3753 838 3848 873 τε-

2250 903 2529 975 θεώρηται
2551 920 2567 938 ⁸
2597 905 2731 970 Θεὸς
2771 908 2827 961 δὲ
2856 910 2954 978 οὐχ
2986 904 3066 973 εἷς
3108 910 3218 963 τῶν
3255 913 3475 965 πάντων
3501 951 3516 976 ,
3548 912 3684 966 ἀλλὰ
3710 914 3849 981 περὶ

2249 998 2451 1063 πάντα,
2486 1000 2582 1052 καὶ
2623 1000 2765 1071 ὑπὲρ
2812 1003 2989 1055 πάντα
3033 1003 3380 1074 ὑπεροχικῶς
3409 1005 3523 1076 ἔχει
3559 1023 3572 1035 ·
3615 1004 3849 1058 ἀκολού-

2250 1090 2360 1155 θως
2396 1092 2514 1145 οὐδὲ
2549 1095 2692 1147 κατά
2721 1095 2899 1148 πάντα
2923 1097 2992 1149 τά
3016 1097 3151 1150 ἄλλα
3191 1098 3285 1150 τὸν
3309 1098 3467 1167 λόγον
3498 1098 3611 1170 ἔχοι
3644 1116 3845 1153 συντε-

2251 1182 2399 1245 θείς·
2436 1183 2468 1253 ἢ
2504 1184 2581 1247 ὠς
2614 1186 2782 1255 μέρος
2811 1187 3196 1258 λογισθήσεται
3222 1188 3344 1241 ὅλου
3386 1190 3553 1251 τινός.

2326 1276 2485 1328 Ἔστι
2518 1277 2624 1349 γὰρ
2674 1278 2820 1347 ὑμᾶς
2857 1280 3238 1345 ἐπισκέπτειν,
3274 1280 3352 1343 ὡς
3383 1282 3555 1333 πᾶσαι
3587 1280 3643 1333 αἱ
3700 1278 3846 1332 καθ-

2250 1366 2376 1421 όλου
2436 1366 2544 1420 τῶν
2620 1368 2938 1439 προτάσεων
2996 1372 3333 1439 ἀποφάνσεις
3366 1373 3489 1425 τότε
3539 1370 3722 1439 ἔχουσι
3781 1370 3848 1422 τὸ

2250 1459 2549 1527 ἀναγκαῖον
2578 1462 2658 1524 εἰς
2698 1462 2997 1528 ἀπόδειξιν,
3034 1464 3197 1534 ἡνίκα
3228 1464 3375 1528 τινὸς
3406 1464 3766 1530 ταυτογενοῦς
3803 1462 3841 1533 ἢ

2250 1552 2594 1616 ταυτοειδοῦς
2620 1555 2731 1607 τῶν
2774 1556 2881 1609 ὑπὸ
2910 1556 3001 1608 τὸν
3046 1555 3469 1627 προσδιορισμδν
3493 1559 3519 1609 ὀ
3549 1555 3704 1623 λόγος
3737 1553 3845 1625 ζη-

2249 1646 2444 1698 τεῖται.
2488 1647 2581 1709 Εἰς
2622 1647 2731 1719 γὰρ
2769 1648 2868 1717 τὴν
2906 1649 3016 1702 τῶν
3059 1649 3379 1718 έτεροειδῶν
3421 1649 3454 1720 ἦ
3508 1647 3845 1719 ἑτερογενῶν

2252 1737 2439 1806 φύσιν,
2488 1738 2639 1791 οὐδὲν
2681 1738 2797 1809 ἔχοι
2840 1738 2907 1792 ἂν
2937 1739 3253 1793 λυσιτελοῦν
3285 1740 3364 1802 είς
3403 1738 3678 1803 ἀπόδειξιν
3715 1738 3846 1791 οὐδὲ

2251 1830 2318 1883 τὰ
2349 1830 2580 1883 καθόλου
2605 1832 2955 1900 ἀποφαντικά
2976 1875 2988 1898 ,
3019 1833 3180 1902 εἴπερ
3220 1832 3295 1902 μὴ
3324 1830 3845 1903 συμπεριλαμϐάνοι

552 1914 759 1984 speciei
782 1915 1031 1986 ejusdem
1066 1915 1361 1984 quaesitum
1388 1912 1967 1984 comprehenderent;
1996 1912 2143 1982 quod

2250 1921 2322 1984 ὡς
2351 1921 2597 1991 ὁμοειδὲς
2623 1924 2684 1975 τὸ
2716 1923 3048 1994 ζητούμενον
3073 1942 3085 1953 ·
3120 1925 3214 1976 καὶ
3249 1924 3519 1977 δείκνυσιν
3552 1924 3584 1993 ἢ
3616 1924 3847 1977 ὑποκεί-

554 2017 688 2063 tunc
724 2008 967 2065 ostendit
1002 2009 1121 2063 sive
1155 2008 1491 2078 subjectum,
1530 2007 1647 2062 sive
1680 2006 1956 2061 excedens
2000 2006 2146 2059 veri-

553 2107 719 2153 tatem
751 2099 1198 2153 connaturalium
1236 2098 1431 2168 ipsius.
1462 2097 1699 2153 Perinde
1725 2113 1789 2151 ac
1812 2097 1855 2151 si
1882 2096 1950 2150 de
1972 2097 2144 2151 Paulo

550 2190 779 2246 homine
813 2192 1141 2259 exquiratur
1175 2208 1243 2246 an
1272 2191 1344 2246 sit
1374 2192 1619 2256 animal;
1682 2190 1958 2261 generalis
2001 2188 2147 2242 aﬂir—

552 2284 722 2338 inalio
754 2284 958 2354 speciei
992 2300 1211 2339 omnem
1239 2283 1521 2337 hominem
1558 2282 1758 2337 animal
1799 2297 1921 2335 esse
1953 2280 2145 2335 dicens

551 2376 621 2430 ad
652 2376 1036 2445 probationem
1064 2374 1278 2445 quaesiti
1314 2374 1629 2429 inserviret.
1657 2372 1923 2429 Similiter
1958 2381 2143 2427 autem

552 2485 678 2521 cum
710 2484 740 2521 ε
776 2468 939 2522 nobis
974 2466 1241 2537 quaeritur
1292 2482 1359 2520 an
1398 2466 1489 2520 hic
1518 2466 1723 2523 Paulus
1768 2465 1972 2519 animal
2007 2463 2143 2518 sub-

553 2559 758 2613 stantia
810 2559 921 2623 sit,
983 2567 1298 2628 opportuna
1343 2566 1492 2611 esset
1547 2556 1842 2610 atlirmatio
1872 2557 2145 2626 generalis

554 2666 719 2705 omne
751 2650 952 2704 animal
986 2650 1351 2704 substantiam
1383 2664 1506 2704 esse
1539 2648 1752 2703 dicens.
1797 2648 1855 2703 Si
1897 2664 2030 2703 vero
2076 2649 2144 2703 de

552 2744 740 2812 aliquo
769 2742 1000 2797 alterius
1035 2741 1254 2811 generis
1288 2741 1371 2794 vel
1428 2738 1633 2809 speciei
1672 2740 1908 2808 quazstio
1934 2739 2141 2808 agitur,

553 2853 749 2893 omnes
783 2836 1179 2892 allirmationcs
1213 2850 1276 2889 ac
1309 2834 1739 2905 denegationes,
1765 2850 1887 2903 quae
1920 2831 2143 2901 aliquod

555 2930 872 3001 hujusmodi
902 2929 969 2984 de
1002 2929 1090 2984 his
1114 2944 1235 2998 qua:
1271 2944 1379 2982 non
1417 2926 1664 2997 eiusdem
1695 2925 1902 2996 speciei
1935 2925 2021 2979 vel
2050 2940 2145 2994 ge-

554 3023 707 3079 neris
723 3031 854 3077 sunt
868 3020 1057 3075 dicere
1077 3020 1425 3084 viderentur,
1443 3019 1635 3073 otiosae
1653 3018 2015 3088 absurdeque
2042 3032 2143 3087 pro

554 3112 787 3182 quaesito
815 3111 1112 3165 habentur.
1149 3109 1387 3165 Perinde
1415 3124 1479 3163 ac
1534 3108 1580 3163 si
1620 3109 1853 3178 quaasito
1907 3125 1977 3163 an
2030 3124 2143 3163 non

2250 2030 2415 2081 μενον
2448 2012 2479 2083 ἦ
2528 2015 2868 2084 παραϐαἴνον
2899 2016 2990 2068 τὸν
3022 2015 3181 2083 λόγον
3225 2016 3333 2069 τῶν
3361 2016 3616 2086 ὁμοφυῶν
3646 2015 3840 2070 αὐτοῦ.

2249 2100 2377 2157 Οῗον
2405 2108 2452 2157 εἰ
2485 2107 2612 2175 περὶ
2653 2106 2868 2159 Παύλου
2899 2107 2993 2160 τοῦ
3023 2106 3316 2173 ἀνθρώπου
3357 2107 3577 2176 ζητοῖτο
3620 2106 3669 2158 εἰ
3698 2105 3846 2169 ζῶόν

2246 2198 2487 2269 ἐστιν,ή
2538 2199 2658 2251 καθ’
2691 2200 2814 2252 ὅλου
2846 2200 3157 2268 κατάφασις
3198 2198 3289 2253 τοῦ
3330 2200 3505 2262 εἴδους
3550 2198 3846 2268 φάσκουσα

2248 2294 2424 2347 πάντα
2452 2292 2741 2362 ἄνθρωπον
2765 2292 2902 2357 ζῶον
2932 2289 3074 2345 εἶναι
3106 2293 3468 2363 χρησιμεύσοι
3490 2291 3555 2345 ἂν
3577 2292 3713 2362 πρὸς
3739 2291 3845 2363 τὴν

2247 2388 2598 2457 κατασκευὴν
2635 2386 2731 2441 τοῦ
2762 2389 3122 2459 ζητουμένου.
3174 2388 3409 2459 Ὁμοίως
3437 2388 3495 2441 δὲ
3532 2387 3625 2441 καὶ
3654 2388 3846 2453 ἐξεταο

2246 2480 2476 2548 ζομὲνου
2520 2482 2652 2551 ἡμῖν
2692 2483 2741 2532 εί
2788 2480 3004 2545 Παῦλος
3043 2475 3198 2544 οὗτος
3228 2481 3289 2533 τὸ
3317 2480 3457 2545 ζῶον
3501 2480 3661 2533 οὐσία
3697 2481 3842 2547 ἐστὶ,

2245 2572 2557 2643 πρόσφορος
2596 2572 2685 2642 εἴη
2734 2573 2801 2626 ἂν
2848 2575 2881 2643 ἡ
2930 2573 3159 2626 καθόλου
3201 2573 3507 2640 κατάφασις
3531 2572 3840 2640 φάσκουσα·

2245 2666 2363 2718 Πᾶν
2396 2665 2535 2729 ζῶον
2574 2666 2752 2720 οὐσία.
2788 2666 2850 2719 Et
2882 2665 2940 2718 δὲ
2973 2665 3327 2734 ἐτερογενοῦς
3348 2682 3495 2728 τινος
3527 2665 3559 2735 ἢ
3603 2666 3844 2735 ἑτεροει-

2244 2754 2369 2818 δοῦς
2416 2755 2647 2827 ζήτησις
2695 2758 3005 2828 πρόκειται,
3055 2758 3226 2808 πᾶσαι
3253 2758 3311 2809 αἰ
3354 2756 3699 2824 καταφάσεις
3744 2757 3844 2810 καὶ

2245 2850 2587 2919 ἀποφάσεις,
2621 2850 2743 2903 ὅσαι
2799 2850 2864 2903 ἂν
2908 2846 3020 2902 εἷεν
3067 2850 3142 2919 μὴ
3179 2851 3312 2919 περὶ
3353 2850 3463 2903 τῶν
3504 2850 3765 2920 ὁμοειδῶν
3802 2850 3841 2922 ἢ

2243 2942 2527 3014 ὁμογενῶν
2560 2942 2677 2995 τόδε
2714 2960 2765 2995 τι
2812 2942 3095 3010 λέγουσαι,
3120 2942 3288 3012 ἀργαὶ
3312 2942 3409 2996 καὶ
3438 2942 3685 3011 ἀνόνητοι
3707 2942 3846 2995 καθ-

2244 3035 2512 3103 εστήκασι
2536 3018 2760 3103 πρὸςτὸ
2798 3033 3152 3102 ζητούμενον.
3180 3030 3307 3085 Οἷον
3330 3032 3663 3103 ζητουμένου
3702 3034 3750 3085 εἰ
3776 3034 3841 3086 οὐ

2245 3127 2461 3195 λογικὸς
2478 3129 2506 3179 ὁ
2538 3126 2769 3189 Παῦλος,
2788 3124 2949 3179 τοῦτό
2969 3144 3052 3189 τις
3082 3126 3403 3189 σπουδάζων
3431 3124 3841 3189 ἀποδεικνύειν,

554 3203 849 3260 rationalis
870 3202 941 3257 sit
969 3203 1192 3265 Paulus,
1225 3202 1330 3257 hoc
1361 3201 1586 3273 quidam
1618 3201 1888 3256 festinans
1908 3200 2140 3254 demon-

2250 3220 2415 3289 ἧγουν
2467 3218 2549 3271 ὅτι
2589 3218 2690 3271 οὐκ
2746 3216 2863 3271 ἔστι
2903 3218 3146 3285 λογικὸς,
3178 3218 3351 3285 λέγοι,
3402 3219 3515 3280 Πᾶς
3560 3217 3706 3280 λίθος
3742 3217 3843 3270 καὶ

555 3307 734 3351 strare
765 3298 881 3351 sive
909 3312 1019 3350 non
1072 3311 1195 3351 esse
1250 3296 1574 3350 rationalem
1600 3336 1614 3359 ,
1664 3294 1876 3349 diceret
1919 3309 2141 3347 omnem

555 3388 797 3458 lapidem
829 3403 1160 3457 omnemque
1208 3387 1605 3457 nigritudinem
1658 3402 1769 3441 non
1806 3403 1929 3442 esse
1972 3387 2142 3441 ratio-

556 3482 726 3545 nalia,
772 3482 909 3535 nihil
952 3482 1065 3535 ullo
1113 3481 1277 3535 modo
1306 3482 1591 3551 proposito
1640 3479 1961 3550 prodesset;
2019 3482 2143 3550 jure

556 3590 690 3644 ergo
742 3573 812 3629 de
863 3574 968 3629 hoc
1028 3574 1340 3637 rideretur,
1388 3589 1516 3628 cum
1572 3573 1874 3643 generatim
1916 3573 2143 3643 quidem

558 3666 795 3721 afﬁrmet
826 3665 1121 3735 quemdam
1174 3680 1287 3720 non
1338 3682 1461 3722 esse
1516 3667 1845 3721 rationalem
1885 3667 1981 3722 sed
2032 3681 2144 3721 nou

556 3757 807 3828 ejusdem
836 3758 1065 3827 speciei.

629 3851 877 3905 Dicimus
902 3853 1066 3921 igitur
1088 3868 1311 3922 quoque
1337 3851 1781 3921 nobismetipsis:
1806 3850 1999 3906 Omnis
2018 3867 2146 3922 pars

558 3961 660 4001 suo
679 3954 795 4002 toto
814 3945 996 4001 minor
1017 3954 1136 4013 est;
1170 3947 1216 4001 si
1245 3955 1430 4001 autem
1462 3945 1722 4001 omnibus
1744 3945 1995 4014 partibus
2024 3960 2147 4014 qua:

559 4038 832 4093 uniuntur
875 4040 1052 4110 majus
1103 4047 1279 4093 totum
1314 4038 1634 4109 agnoscitur
1660 4079 1675 4103 ,
1739 4038 1955 4107 hocque
1998 4036 2146 4107 quod

556 4130 803 4199 ejusdem
842 4130 1063 4201 generis
1117 4130 1433 4201 specieique
1472 4145 1537 4184 ac
1594 4130 1699 4185 illa:
1746 4129 1932 4184 dicitis
1971 4129 2147 4185 Deum

558 4223 801 4278 Verbum
832 4240 975 4286 esse.
1008 4225 1207 4279 merito
1248 4239 1317 4278 ex
1368 4223 1612 4293 generali
1648 4222 2011 4277 allirmatione
2040 4222 2148 4291 ipsi

558 4316 809 4370 eamdem
850 4316 1258 4371 accusationem
1292 4315 1610 4386 imputatis,
1647 4314 1723 4369 ita
1770 4324 1830 4369 ut
1885 4322 2148 4383 tanquam

561 4407 747 4462 omnia
780 4407 1030 4477 ejusdem
1070 4408 1291 4478 generis
1336 4423 1401 4462 ac
1440 4407 1647 4477 speciei
1676 4422 1806 4477 pars
1840 4406 2040 4472 factus,
2074 4407 2149 4461 si-

560 4501 771 4553 militer
819 4500 1178 4570 semetipsum
1216 4500 1422 4555 habere
1456 4498 1601 4570 apud
1635 4515 1806 4554 suum
1847 4509 2021 4554 totum
2057 4514 2149 4553 re-

2250 3314 2399 3365 πᾶσα
2428 3311 2687 3382 μέλανσις
2710 3311 2923 3379 ἄλογος,
2949 3312 3104 3365 οὐδὲν
3126 3310 3359 3374 ούδό).ως
3388 3311 3466 3381 τῷ
3490 3310 3843 3380 προκειμένῳ

2248 3405 2592 3470 συνήγαγεν·
2639 3402 2863 3463 εἰκότως
2902 3397 2995 3455 οὖν
3043 3401 3140 3455 ἐπὶ
3183 3400 3360 3470 τούτῳ
3389 3401 3788 3469 γελασθήσεται
3821 3418 3838 3431 ·

2247 3495 2370 3550 καθ’
2395 3495 2517 3548 ὅλου
2579 3494 2678 3565 μὲν
2723 3495 3098 3564 καταφάσκων
3150 3495 3297 3557 τινὸς
3344 3493 3405 3547 τὸ
3459 3492 3673 3563 ἄλογον,
3721 3492 3824 3546 ἀλλ

2246 3586 2624 3659 ἀνομοειδοῢς.

2319 3852 2628 3915 Φάσκοντες
2663 3847 2755 3906 οὗν
2784 3853 2879 3906 καὶ
2917 3853 3099 3923 ἡμεῖς,
3128 3854 3247 3906 Πᾶν
3279 3852 3465 3923 μέρος,
3494 3851 3715 3905 ἔλαττον
3741 3850 3840 3903 τοῦ

2250 3942 2453 3996 οἰκείου
2478 3942 2622 3994 ὅλου’
2653 3943 2701 3994 εί
2732 3942 2833 4010 μὲν
2864 3944 3083 3997 πάντων
3128 3944 3237 3997 τῶν
3272 3944 3458 4013 μερῶν
3486 3936 3561 3997 ὧν
3592 3943 3841 3996 συντιθε-

2254 4034 2434 4104 μένων
2471 4034 2660 4103 μεῖζον
2684 4034 2745 4086 τὸ
2773 4034 2895 4087 ὅλον
2926 4036 3279 4104 γινώσκεται,
3314 4037 3408 4090 καὶ
3439 4035 3600 4090 τοῦτο
3628 4036 3844 4099 τούτοις

2249 4126 2512 4195 ὁμογενὲς
2546 4127 2640 4179 καὶ
2685 4126 2929 4197 ὁμοειδές
2976 4145 3115 4197 φατε
3162 4124 3304 4183 εἶναι
3340 4130 3431 4184 τὸν
3462 4129 3595 4184 Θεὸν
3639 4130 3841 4198 Λόγον,

2252 4218 2435 4281 καλῶς
2461 4219 2561 4289 τὴν
2589 4220 2653 4272 ἐκ
2677 4220 2775 4289 τῆς
2808 4220 3041 4274 καθόλου
3076 4222 3444 4290 καταφάσεως
3465 4223 3658 4292 ὁμοίαν
3688 4224 3845 4295 αὐτῷ

2252 4313 2592 4383 κατηγορίαν
2635 4313 2903 4381 ὲπάγετε,
2938 4314 3025 4367 ἵνα
3053 4313 3131 4377 ὡς
3172 4314 3349 4370 πάντα
3378 4316 3446 4370 τὰ
3472 4318 3707 4387 ὁμογενῆ
3746 4319 3847 4372 καὶ

2252 4403 2471 4473 ὁμοειδῆ
2524 4404 2689 4476 μέρος
2729 4405 3046 4475 γενόμενος,
3089 4406 3295 4474 ὁμοίως
3340 4406 3488 4477 ἔχειν
3536 4409 3631 4462 καὶ
3676 4408 3846 4473 αὐτὸς

2253 4495 2391 4566 πρὸς
2414 4496 2472 4548 τὸ
2513 4498 2712 4549 οἰκεῖον
2755 4496 2875 4550 ὅλον
2916 4498 3322 4566 λογισθήσεται.
3379 4500 3440 4552 Ei
3481 4500 3539 4552 δὲ
3587 4500 3748 4554 τοῦτο
3778 4502 3846 4553 οὐ

562 4601 808 4662 putetur.
844 4593 898 4649 Si
936 4608 1068 4647 vero
1107 4593 1250 4647 hanc
1272 4593 1677 4662 blasphemiam
1710 4608 1822 4647 non
1860 4592 1981 4646 ausi
2022 4591 2144 4647 fue-

2254 4588 2557 4658 τολμήσετε
2582 4588 2643 4640 τὸ
2683 4588 2841 4642 ἄθεον
2872 4590 3302 4661 ἀπερεύξασθαι,
3326 4592 3416 4645 διὰ
3445 4592 3506 4644 τὸ
3544 4592 3616 4663 μὴ
3648 4593 3846 4663 φέρειν

564 4684 709 4748 ritis,
740 4684 810 4737 ob
842 4686 1151 4753 reprobaus
1181 4700 1282 4740 vos
1308 4694 1697 4754 argumentum
1754 4684 2055 4754 impietatis
2093 4684 2147 4737 in

561 4790 662 4830 vos
697 4784 923 4844 repente
948 4776 1189 4841 irruens,
1220 4776 1369 4830 haud
1400 4783 1552 4830 recta
1575 4776 1791 4831 ratione
1818 4791 1917 4831 vos
1944 4776 2149 4831 dixisse

564 4877 719 4937 patet
746 4885 761 4934 ;
803 4866 1074 4936 siquidem
1119 4868 1173 4921 in
1207 4868 1422 4922 caneris
1452 4866 1801 4921 naturalibus
1825 4866 1933 4923 hoc
1956 4868 2148 4921 catho-

564 4956 671 5011 lice
711 4955 951 5020 sentitis,
975 4955 1333 5026 Verbumque
1370 4956 1423 5009 in
1450 4955 1633 5011 Verbo
1667 4955 1815 5025 quod
1859 4971 2026 5025 supra
2054 4972 2152 5010 na-

565 5057 745 5103 turam
802 5064 1091 5118 supraque
1132 5049 1235 5102 alia
1287 5048 1496 5103 eminet
1540 5056 1688 5102 recte
1736 5047 2146 5103 demonstratis.

562 5141 695 5195 Inde
732 5151 915 5196 autem
946 5142 1017 5197 ob
1042 5141 1412 5197 reverentiam
1460 5141 1665 5196 unione
1697 5141 2055 5195 Divinitatem
2086 5141 2153 5194 li-

563 5235 759 5291 berare
798 5236 1149 5299 simulantes,
1178 5237 1288 5305 jam
1333 5235 1591 5305 injustius
1634 5236 1779 5290 hanc
1812 5234 2148 5303 contempsi-

564 5327 702 5391 stis,
752 5341 879 5379 cum
935 5326 1074 5379 nihil
1132 5342 1297 5396 supra
1333 5328 1548 5397 reliqua
1604 5328 1829 5397 cognita
1867 5326 2151 5396 peculiare

565 5427 823 5471 naturam
860 5416 1011 5472 illius
1042 5417 1249 5473 habere
1276 5418 1665 5483 credideritis;
1710 5416 1836 5472 ideo
1863 5418 2017 5488 juxta
2052 5432 2152 5471 vos

564 5507 681 5578 ipse
712 5523 954 5579 quoque,
984 5509 1175 5565 eadem
1228 5510 1396 5564 verba
1432 5510 1693 5565 omnibus
1723 5511 2040 5579 imponens,
2081 5509 2150 5564 ad

565 5599 827 5653 unionem
854 5616 979 5654 cum
1009 5602 1185 5656 altero
1220 5602 1485 5658 accedere
1515 5614 1723 5672 posset.
1796 5671 1806 5675 _

634 5692 981 5762 Ubiquoque
1004 5704 1133 5748 sunt
1163 5696 1367 5763 quibus
1399 5695 1478 5748 illi
1509 5695 1771 5750 unionem
1796 5695 2154 5766 denegabatis

567 5776 641 5832 ob
673 5778 850 5848 ipsius
894 5789 1149 5836 naturam
1190 5784 1500 5838 absimilem
1554 5794 1719 5854 atque
1765 5801 1932 5855 supra
1967 5787 2151 5841 omnia

570 5866 1106 5939 incomparabilem?
1137 5872 1244 5929 Sed
1277 5881 1450 5943 patet,
1488 5874 1542 5929 in
1576 5875 1781 5943 quibus
1824 5877 2027 5934 dicitur
2068 5879 2152 5933 fa-

2251 4679 2343 4733 τδν
2374 4679 2659 4749 λικμῶντα
2693 4681 2840 4750 ὑμᾶς
2873 4682 3096 4751 ἔλεγχον
3118 4683 3216 4752 τῆς
3251 4684 3508 4747 ἀσεϐείας
3542 4685 3846 4755 παραχρῆ-

2256 4790 2335 4845 μα
2355 4774 2489 4843 ὑμῖν
2520 4775 2964 4845 ἐπισκήπτοντα.
2989 4776 3151 4845 δῆλον
3180 4778 3261 4830 ὅτι
3285 4777 3387 4831 οὐκ
3414 4778 3652 4847 εὐλόγως
3672 4794 3685 4807 ⁸
3720 4779 3850 4831 ἐπεὶ

2252 4867 2310 4917 ἐν
2356 4866 2471 4928 τοῖς
2508 4865 2691 4928 ἄλλοις
2731 4867 3021 4937 πράγμασι
3064 4871 3350 4937 φυσικοῖς,
3394 4868 3556 4921 τοῦτο
3616 4869 3848 4939 βλέπετε

2253 4958 2581 5020 καθολικῶς,
2618 4960 2713 5014 καὶ
2742 4962 2799 5012 ὲν
2830 4960 2907 5030 τῷ
2935 4960 3080 5031 ὑπὲρ
3108 4961 3271 5027 φύσιν
3301 4963 3396 5014 καὶ
3430 4961 3584 5031 παρά
3610 4963 3678 5015 τά
3705 4963 3851 5016 ἄλλα

2254 5051 2365 5104 ὁντι
2393 5052 2482 5104 τὸν
2508 5052 2665 5120 λόγον
2694 5054 2875 5121 Λόγῳ,
2902 5052 3061 5106 τοῦτο
3083 5053 3262 5122 ὀρθῶς
3297 5053 3572 5121 φαίνεσθε.
3606 5054 3852 5106 Αύτὸθεν

2253 5144 2309 5196 δὲ
2335 5146 2384 5197 οἱ
2412 5144 2500 5197 διὰ
2526 5144 2696 5215 τιμὴν
2723 5144 3201 5215 προσποιούμενοι,
3229 5145 3329 5214 τῆς
3360 5144 3661 5208 συνθέσεως
3692 5146 3852 5197 ἐλευ-

2257 5236 2451 5307 θεροῦν
2481 5238 2542 5289 τὸ
2576 5237 2754 5299 Θεῖον,
2776 5238 2879 5307 ἤδη
2914 5236 3033 5291 λίαν
3059 5237 3317 5306 ἀθέσμως
3355 5237 3487 5289 αὐτὸ
3512 5238 3848 5306 ἠτιμάσατε,

2253 5327 2689 5397 οἰόμενοι’μηδὲν
2718 5326 2861 5398 ἔχειν
2888 5328 2988 5395 τὴν
3010 5326 3177 5380 αὑτοῦ
3202 5326 3364 5394 φύσιν
3395 5326 3671 5397 ἐξαίρετον
3695 5330 3853 5397 παρὰ

2253 5421 2321 5470 τὰ
2350 5418 2515 5471 λοιπὰ
2545 5421 2765 5487 γνωστά
2784 5436 2796 5450 ο
2824 5420 2903 5473 διὸ
2925 5419 3141 5472 δύναιτο
3170 5419 3235 5472 ἂν
3270 5418 3391 5472 καθ’
3426 5420 3591 5487 ὑμᾶς,
3625 5420 3852 5489 ὁμοίους

2254 5509 2450 5579 λόγους
2478 5515 2593 5575 τοῖς
2618 5515 2785 5565 πᾶσιν
2816 5512 3303 5583 εἰσπραττόμενος.
3347 5513 3442 5565 καὶ
3474 5510 3609 5584 πρὸς
3655 5512 3852 5563 σύνθε-

2258 5621 2341 5656 σιν
2368 5603 2525 5672 ἥκειν
2564 5605 2657 5657 καὶ
2690 5604 2850 5667 αὐτὸς
2881 5604 2980 5656 σὺν
3010 5602 3203 5672 ἑτέρῳ.

2328 5697 2438 5748 Καὶ
2470 5695 2575 5748 ποῦ
2607 5696 2761 5765 ὑμῶν
2781 5696 2836 5750 αἱ
2859 5694 3224 5766 προκείμεναι
3248 5692 3651 5763 ἀπαγορεύσας
3677 5694 3850 5748 αὐτοῦ

2255 5789 2352 5855 τῆς
2386 5787 2727 5853 συνθέσεως,
2759 5787 2848 5839 διὰ
2872 5786 2933 5839 τὸ
2962 5786 3297 5857 ἀσύγκριτον
3331 5787 3425 5839 καὶ
3455 5786 3850 5855 ἀπαράϐλητον

2258 5878 2421 5935 αὖτοῦ
2455 5880 2554 5950 τῆς
2607 5878 2823 5948 φύσεως
2873 5876 3026 5948 παρά
3064 5877 3281 5942 nam;
3329 5878 3489 5930 Ἀλλὰ
3538 5876 3695 5949 δῆλον
3720 5914 3735 5940 ,
3767 5880 3842 5943 th;
