4120 6464
378 406 507 473 lilii

1356 411 1750 475 ADVERSUS
1790 412 2341 477 NESTORIANOS.
2369 442 2440 452 -
2465 417 2613 478 LIB.
2655 416 2703 478 Ι.

3495 410 3636 479 1442

371 523 467 577 καὶ
497 521 582 591 ἐφ’
611 510 690 575 ὧν
722 519 938 589 λέγοιτό
965 535 1017 573 τι
1061 519 1235 574 ποιεῖν
1262 520 1297 591 ἢ
1327 521 1558 591 πάσχειν
1589 522 1723 586 Θεὸς
1752 523 1781 574 ὁ
1815 524 1928 594 ὑπὲι

2056 540 2181 581 cere
2214 527 2299 582 vel
2327 528 2442 597 pati
2471 528 2617 582 Deus
2643 525 2741 596 qui
2764 539 2933 597 supra
2960 538 3065 582 nos
3085 532 3191 593 est,
3216 540 3327 583 non
3351 527 3498 583 sicut
3530 544 3635 584 nos

368 615 537 686 ἡμᾶς,
568 615 668 685 οὐχ
711 612 914 683 ὁμοίως
948 613 1081 683 ἡμῖν
1108 614 1164 665 ὲν
1190 612 1368 666 τοῖσδε
1419 612 1811 684 θεωρεῖται,,εί
1855 616 1952 668 καὶ

364 709 477 769 τοῖς
508 705 692 769 αὐτοῖς
720 707 854 776 ἡμῖν
880 702 1205 758 ύποὸἀλοιτο
1233 704 1434 773 λόγοις,
1465 705 1627 759 τινῶν
1646 706 1951 777 γινομένων

365 798 485 850 κατ’
515 797 832 867 οἰκονομίαν
861 795 1029 849 αὐτοῦ
1048 836 1063 860 ,
1094 796 1175 860 είς
1204 796 1483 866 σωτηρίαν
1507 796 1950 867 ἡμῶνοδιαφόρῳ

363 889 472 959 γὰρ
499 889 688 960 τρόπῳ
736 887 986 957 ἀναλόγῳ
1031 886 1133 957 τῆς
1169 887 1306 951 ίδίας
1328 887 1563 956 φύσεως.
1595 888 1809 959 ’Ὥσπερ
1838 889 1949 959 γὰρ

363 983 459 1035 καὶ
508 982 705 1052 γεννᾷν
746 978 951 1050 ὁμοίως
986 981 1117 1049 ἡμῖν
1166 977 1462 1048 λεγόμενος
1505 978 1599 1032 καὶ
1628 979 1944 1047 γεννᾶσθαι,

363 1078 461 1146 οὐχ
496 1076 821 1147 ὁμοτρόπως
868 1073 1067 1141 πάντη,
1101 1072 1238 1126 ἀλλά
1280 1073 1373 1126 καὶ
1401 1072 1542 1145 ὑπὲρ
1584 1074 1771 1143 ἡμᾶς·
1802 1071 1947 1126 οὕτω

363 1164 458 1218 καὶ
490 1163 895 1234 συντιθέμενος,
926 1164 984 1215 ὲν
1018 1162 1290 1233 κρείττονι
1312 1162 1456 1233 λόγῳ
1486 1163 1596 1216 τῶν
1628 1162 1749 1216 καθ’
1773 1163 1941 1233 ἡμᾶς.

362 1255 498 1311 Οὐδὲ
528 1257 632 1327 γὰρ
660 1258 717 1309 ὲν
746 1257 859 1318 τοῖς
878 1255 1160 1326 φθαρτοῖς,
1181 1257 1228 1308 εί
1254 1256 1346 1308 καὶ
1370 1256 1582 1323 λέγοιτο
1608 1254 1701 1307 ἐπὶ
1726 1255 1945 1307 πάντων

364 1347 612 1410 σύνθεσις
630 1388 645 1413 ,
670 1348 698 1399 ὁ
724 1347 887 1409 αὐτὸς
931 1346 1089 1414 λόγος
1123 1348 1216 1399 καὶ
1243 1347 1445 1417 τρόπος
1484 1347 1578 1400 ἐπὶ
1606 1346 1788 1416 πάσης
1821 1363 1945 1397 συν-

363 1436 584 1501 θέσεως,
645 1436 763 1491 ἀλλ’
818 1437 1035 1499 οίκείως
1095 1437 1209 1507 ἔχει
1262 1438 1356 1491 ἐπὶ
1412 1439 1650 1508 ἑκάστης
1706 1437 1942 1506 φύσεως.

374 1527 562 1597 Ὑμεῖς
590 1529 647 1581 δὲ
672 1528 766 1581 νῦν
794 1529 870 1591 ὡς
904 1530 1003 1598 τῆς
1034 1529 1204 1599 αὐτῆς
1230 1531 1361 1583 ὄντα
1393 1530 1484 1583 τὸν
1516 1530 1650 1583 Θεὸν
1686 1532 1801 1592 τοῖς
1828 1546 1944 1581 κτι-

364 1622 509 1683 στοῖς
531 1621 739 1683 οὐσίας,
775 1620 878 1674 ὑπὸ
904 1621 1011 1674 τῶν
1042 1622 1223 1674 αὐτῶν
1245 1622 1312 1674 τὰ
1342 1624 1432 1674 καὶ
1463 1621 1671 1685 τούτοις
1704 1620 1940 1689 συμϐαί-

359 1729 541 1776 νοντα,
581 1712 674 1764 καὶ
704 1712 853 1780 αὐτῷ
882 1711 1110 1764 ἕπεσθαι
1137 1710 1408 1781 νομίζετε.
1446 1713 1632 1783 Μόνην
1657 1708 1752 1766 οὖν
1786 1711 1941 1764 ἔσται

356 1806 497 1857 νοεῖν
550 1803 674 1856 καθ’
720 1803 864 1873 ὑμᾶς
921 1802 1136 1873 φύσεως
1190 1802 1341 1865 θείας
1394 1804 1795 1874 μακαριότητα,
1841 1801 1942 1873 τὴν

355 1894 603 1949 ἔκκλισιν
644 1912 703 1948 τε
747 1895 841 1948 καὶ
880 1896 1207 1965 παραίτησιν
1232 1896 1402 1965 αὐτῆς
1434 1897 1533 1966 τὴν
1568 1896 1676 1950 ἀπὸ
1708 1895 1817 1949 τῶν
1845 1895 1936 1948 δο-

355 1987 597 2041 κούντων
624 1987 1024 2060 εὐτελεστέρων
1047 1989 1141 2041 καὶ
1168 1986 1661 2060 ταλαιπωροτέρων
1693 1988 1790 2042 καὶ
1817 1989 1938 2041 ἀτι-

357 2084 605 2154 μοτέρων
649 2082 943 2136 διαθέσεων
968 2122 982 2147 ,
1038 2082 1097 2134 ού
1128 2081 1226 2151 τὴν
1258 2082 1399 2135 κατά
1442 2082 1606 2151 φύσιν
1643 2082 1740 2136 καὶ
1782 2082 1937 2152 ἰσχὺν

350 2174 584 2246 ούσιὼδη
621 2175 730 2228 τῶν
753 2173 1014 2228 τοιούτων
1054 2175 1330 2244 ὑπεροχὴν
1357 2174 1450 2227 καὶ
1472 2173 1809 2245 ἐλευθερίαν,
1840 2174 1938 2226 καὶ

356 2268 421 2322 τδ
442 2269 579 2339 πρὸς
602 2269 701 2331 τὰς
747 2267 1006 2331 τοιαύτας
1046 2268 1409 2331 ταπεινώσεις
1442 2269 1717 2332 οὐσιωδῶς
1761 2269 1935 2339 ἀμέθ-

351 2375 510 2415 ικτον
536 2360 632 2415 καὶ
651 2360 1043 2431 ἀνυπόϐλητον.
1061 2358 1219 2414 Οὕτω
1245 2361 1290 2413 δ’
1316 2356 1410 2415 οὖν
1438 2361 1557 2429 ὥρα
1581 2363 1725 2431 ὑμᾶς
1753 2362 1848 2414 καὶ
1874 2361 1935 2415 τὸ

350 2453 586 2524 ἀόρατον
614 2452 801 2517 αὐτοῦ,
842 2453 920 2523 μὴ
944 2454 1007 2504 ὲκ
1048 2451 1283 2520 φύσεως,
1317 2453 1434 2506 ἀλλ’
1465 2454 1523 2521 ἐξ
1567 2452 1934 2525 ἁποκρύψεώς

348 2563 495 2610 τινος
571 2547 1027 2618 ἀντιφράττοντος
1102 2545 1249 2616 αὐτῷ
1328 2546 1466 2617 πρὸς
1548 2549 1733 2601 πᾶσαν
1809 2546 1935 2618 δψιν

350 2640 680 2694 ὑποπτεύειν
700 2658 711 2670 ·
734 2641 830 2695 καὶ
863 2641 923 2695 τὸ
952 2642 1230 2713 ἄφθαρτον
1262 2641 1371 2713 ἄρα
1404 2641 1582 2704 τοῦδε,
1614 2641 1691 2712 τῷ
1725 2641 1799 2711 μὴ
1824 2660 1932 2695 πα-

350 2732 664 2804 ρεμϐαλεῖν,
690 2733 806 2788 ἀλλ’
832 2734 1198 2805 ἀφεστηκέναι
1229 2733 1340 2787 τῶν
1380 2735 1511 2805 παρ’
1538 2736 1673 2806 ἡμῖν
1705 2734 1931 2805 φθαρτι-

348 2823 461 2876 κῶν
493 2825 693 2890 τόπων,
722 2825 820 2879 καὶ
867 2825 1037 2879 ποιῶν
1082 2825 1271 2879 παθῶν
1304 2843 1363 2879 τε
1396 2827 1492 2879 καὶ
1520 2826 1809 2897 ἐνεργειῶν
1838 2826 1932 2878 καὶ

349 2914 538 2979 ἁπλῶς
593 2917 776 2987 πάσης
829 2918 929 2986 τῆς
961 2916 1081 2971 κατ’
1139 2916 1307 2970 αὑτοῦ
1377 2916 1713 2987 ὲπιόουλῆςο
1770 2916 1931 2969 τοῦτο

348 3004 442 3061 οὖν
490 3008 610 3062 δέον
641 3009 759 3062 ὲστὶ
794 3012 937 3064 νοεῖν
963 3009 1144 3080 ὑμᾶς·
1198 3008 1259 3061 τὸ
1293 3008 1388 3061 καὶ
1434 3009 1739 3079 μειρακίοις
1772 3008 1932 3078 εὔδη-

344 3098 460 3160 λον,
513 3100 589 3164 ὡς
646 3093 723 3155 ὧν
775 3104 829 3155 αἱ
882 3100 1076 3170 φύσεις
1135 3100 1403 3170 διάφοροι,
1472 3100 1677 3175 τούτων
1729 3101 1822 3154 καὶ
1870 3103 1926 3154 αί

347 3190 625 3255 συνθέσεις
649 3208 663 3223 ·
704 3192 799 3245 καὶ
823 3193 893 3247 τά
923 3191 1150 3255 ταύταις
1173 3191 1555 3262 παρεπόμενα,
1582 3191 1839 3261 διάφορα.

417 3283 543 3347 Πῶς
564 3278 657 3337 οὖν
683 3284 730 3336 εί
752 3284 813 3337 τὸ
832 3284 1091 3354 διάφορον
1111 3283 1211 3353 τῆς
1234 3283 1385 3346 θείας
1405 3282 1626 3352 φύσεως
1651 3284 1725 3354 μὴ
1747 3286 1929 3355 ἀρνεῖ-

349 3374 447 3429 σθε
478 3374 615 3444 πρὸς
638 3376 813 3446 ἡμᾶς,
854 3376 914 3429 τὸ
941 3376 1129 3447 ὅμοιον
1156 3376 1258 3446 τῆς
1286 3376 1591 3439 συνθέσεως
1617 3376 1790 3446 αὐτῆς
1818 3378 1928 3429 ἀπ-

347 3469 551 3521 αιτεῖτε
606 3467 733 3521 καθ’
774 3469 958 3538 ἡμᾶς;
1017 3467 1159 3521 Ἀλλ’
1195 3467 1368 3531 ὅντως
1399 3466 1460 3520 τὸ
1489 3467 1665 3531 οὕτως
1701 3466 1925 3521 εὔκολον

345 3556 501 3627 ὑμῶν
557 3558 637 3620 είς
683 3558 944 3612 ἀσέϐειαν
995 3559 1325 3631 φρίξαντες,
1402 3558 1515 3613 δεῖν
1580 3562 1727 3630 ὑμᾶς
1789 3561 1924 3613 ύποο

346 3648 679 3720 μιμνήσκειν
726 3650 1055 3720 νομίζομεν,
1108 3651 1190 3704 ὅτι
1230 3655 1643 3729 γραμματικοῖς
1679 3652 1784 3722 μὲν
1817 3653 1923 3721 φά-

346 3754 537 3793 σκουσι
574 3740 986 3810 σεσημειιῖωθαί
1016 3759 1138 3795 τινα
1166 3741 1314 3808 λέξιν
1344 3744 1402 3796 ὲν
1428 3745 1545 3806 τοῖς
1604 3742 1761 3807 ίδὶοις
1787 3744 1922 3798 καθ-

342 3831 548 3896 ολικοῖς
596 3832 808 3900 κανόσι,
832 3833 1275 3904 παραχωροῦμεν
1320 3834 1415 3887 καὶ
1450 3834 1796 3906 ἀνεχόμεθα,
1849 3835 1922 3906 μὴ

345 3922 699 3993 προτιθέντες
729 3926 827 3995 τῆς
854 3926 1107 3997 χρήσεως
1135 3925 1227 3979 τὸν
1252 3927 1458 3980 κανόνα
1481 3946 1493 3960 ο
1542 3928 1786 3999 προτέρα
1813 3927 1923 3998 γὰρ

341 4015 515 4087 αὕτηο
563 4018 658 4071 καὶ
687 4018 795 4090 γάρ
828 4022 855 4073 ό
878 4020 1063 4073 κανὼν
1086 4023 1183 4091 τῆς
1212 4022 1531 4091 ἀναλογίας,
1568 4025 1633 4077 ὲκ
1660 4025 1760 4094 τῆς
1786 4027 1924 4095 χρή-

343 4127 483 4174 σεως
510 4109 741 4182 ε’ύρηται
767 4111 953 4174 αὐτοῖς
970 4127 983 4140 ·
1018 4112 1113 4164 καὶ
1136 4113 1234 4183 οὐχ
1260 4115 1293 4183 ἠ
1318 4114 1538 4185 χρῆσις,
1562 4117 1627 4169 ὲκ
1645 4116 1739 4169 τοῦ
1763 4117 1924 4171 κανό⁴

341 4219 431 4266 νος
457 4202 749 4273 εἴληπται*
778 4203 874 4255 καὶ
904 4202 1118 4273 βασιλεῖ
1142 4204 1269 4268 τοὺς
1293 4205 1490 4275 νόμους
1520 4206 1917 4279 ύποτάττομεν,

339 4293 402 4347 ού
432 4296 546 4357 τοῖς
575 4294 762 4365 νόμοις
796 4294 886 4347 τὸν
916 4293 1163 4365 βασιλέα.
1195 4296 1300 4349 Τὸν
1327 4297 1383 4350 δὲ
1408 4297 1542 4352 Θεὸν
1571 4299 1662 4351 τὸν
1687 4300 1795 4369 πρὸ
1816 4300 1921 4355 πά-

341 4401 443 4454 σης
487 4402 546 4438 τε
603 4385 870 4450 κτίσεως,
930 4387 1024 4440 καὶ
1080 4388 1263 4457 πάσης
1309 4389 1614 4453 συνθέσεως
1658 4392 1915 4464 εὑρετὴν,

337 4475 511 4540 οὕτως
541 4478 804 4547 ἀξιοῦμεν
840 4478 915 4548 μὴ
946 4477 1209 4532 δύνασθαι
1244 4479 1396 4551 παρά
1427 4483 1554 4545 τοὺς
1584 4483 1754 4537 πάλαι
1783 4484 1918 4538 ταύ-

2054 620 2109 674 in
2145 620 2231 676 his
2258 635 2386 676 eum
2415 619 2618 683 videri,
2655 619 2759 674 etsi
2791 619 2880 674 his
2922 618 3110 674 verbis
3150 633 3181 673 a
3221 619 3387 674 nobis
3424 634 3635 689 suppo-

2051 720 2235 777 natur,
2264 726 2391 766 cum
2416 712 2668 782 quaedam
2688 726 2853 765 causa
2877 719 3080 766 nostra).
3100 711 3296 766 salutis
3311 712 3468 781 juxta
3487 724 3637 766 oeco-

2050 802 2292 856 nomiam
2327 802 2503 872 ipsius
2536 802 2709 868 ﬁunt;
2750 801 2864 871 agit
2896 802 3046 856 enim
3071 801 3294 856 diverso
3323 801 3508 866 modo,
3534 800 3633 856 sed

2050 903 2423 950 consentaneo
2441 895 2678 964 propriae
2692 903 2928 948 naturae.
2947 894 3195 963 Namque
3218 893 3364 948 sicut
3384 894 3647 964 genitum.

2048 992 2351 1055 natumque
2378 984 2551 1039 fuisse
2579 984 2786 1039 dicitur
2821 983 3015 1038 eodem
3062 983 3226 1039 modo
3263 997 3329 1038 ac
3366 997 3489 1047 nos,
3520 996 3633 1036 non

2050 1084 2233 1131 tamen
2262 1077 2492 1131 omnino
2523 1076 2745 1141 eodem,
2777 1076 2873 1132 sed
2909 1087 2965 1131 et
2991 1092 3162 1146 supra
3196 1091 3299 1131 nos
3322 1116 3338 1141 ,
3386 1076 3468 1130 sic
3495 1090 3635 1144 quo-

2047 1183 2155 1239 que
2190 1170 2404 1234 unitus,
2439 1170 2493 1224 in
2520 1171 2750 1225 meliore
2772 1180 2920 1225 sorte
2940 1186 3105 1240 quam
3128 1186 3232 1224 nos
3261 1170 3486 1224 dicitur.
3518 1169 3634 1222 Nec

2044 1262 2194 1317 enim
2224 1263 2532 1318 secundum
2558 1264 2998 1333 corruptionem,
3020 1263 3124 1317 etsi
3144 1278 3241 1332 per
3269 1261 3455 1316 omnia
3486 1260 3631 1315 l‘acla

2043 1351 2216 1407 fuisse
2248 1352 2469 1407 dicatur
2501 1354 2655 1417 unio,
2686 1354 2832 1409 idem
2864 1354 3110 1408 Verbum
3140 1360 3195 1407 et
3226 1367 3464 1421 persona
3498 1366 3632 1420 pro-

2044 1444 2221 1515 priam
2249 1445 2421 1501 habet
2464 1461 2688 1501 omnem
2716 1447 3002 1511 unionem,
3040 1445 3137 1500 sed
3178 1459 3630 1514 unamquamque

2043 1549 2299 1594 naturam
2347 1541 2629 1610 propriam
2678 1540 2864 1595 habet.
2900 1541 3011 1595 Vos
3062 1553 3196 1593 vero
3249 1552 3401 1592 nunc
3452 1537 3630 1590 Deum

2042 1631 2292 1701 ejusdem
2349 1632 2675 1687 substantias
2736 1648 2836 1695 ac_
2876 1640 3164 1687 creaturas
3211 1644 3381 1695 esse,
3448 1642 3629 1698 exque

2044 1721 2238 1778 iisdem
2296 1723 2385 1777 his
2427 1732 2484 1779 et
2540 1724 2616 1777 illi
2673 1724 2985 1779 accidentia
3043 1722 3270 1778 evenire
3341 1720 3630 1775 existima-

2045 1814 2134 1870 tis.
2207 1814 2369 1870 Juxta
2438 1830 2538 1870 vos
2619 1815 2911 1870 beatitudo
2991 1814 3182 1869 divina
3243 1814 3387 1869 nihil
3472 1813 3624 1867 aliud

2041 1904 2149 1960 erit
2172 1920 2339 1975 quam
2372 1905 2615 1975 privatio
2653 1904 3109 1974 desideriumque
3141 1903 3348 1974 ipsius,
3382 1902 3625 1956 obnoxia

2044 1997 2132 2053 bis
2168 2014 2292 2068 qute
2318 1998 2580 2054 videntur
2613 1998 2830 2061 viliora,
2864 1997 3162 2051 humiliora
3196 2005 3362 2065 atque
3401 1994 3624 2065 ignobi-

2039 2088 2215 2156 liora;
2239 2105 2351 2144 non
2376 2099 2559 2145 autem
2582 2106 2646 2145 ea
2669 2106 2793 2160 qua:
2814 2090 2984 2143 habet
3009 2097 3283 2152 naturam,
3313 2085 3620 2156 potentiam

2038 2181 2409 2236 essentialiter
2441 2197 2563 2251 qua:
2611 2180 2928 2253 hujusmodi
2968 2188 3097 2235 sunt
3123 2187 3476 2250 superantem
3504 2218 3518 2242 ,
3549 2176 3621 2231 li-

2036 2270 2331 2336 bertatem,
2363 2272 2624 2342 quodque
2667 2287 2794 2327 cum
2829 2271 3153 2342 huiusmodi
3183 2269 3489 2324 humilibus
3516 2281 3625 2323 nec

2038 2364 2302 2418 constitui
2330 2380 2435 2419 nec
2456 2366 2693 2435 supponi
2717 2372 2920 2434 potest.
2958 2364 3038 2418 lla
3063 2377 3212 2417 nunc
3234 2361 3403 2429 igitur
3430 2360 3626 2416 invisi-

2037 2456 2306 2511 bilitatem
2337 2457 2514 2527 ipsius
2540 2472 2654 2511 non
2701 2473 2769 2512 ex
2811 2467 3008 2512 natura
3057 2470 3204 2520 esse,
3231 2453 3329 2509 sed
3366 2468 3434 2508 ex
3476 2452 3622 2507 facto

2035 2548 2321 2619 cujusdam
2354 2549 2715 2618 semetipsum
2755 2549 2905 2603 omni
2954 2554 3181 2617 aspectu
3235 2542 3628 2601 subtrahentis

2036 2639 2427 2709 suspicamini;
2454 2641 2839 2711 munditiaque
2866 2639 3041 2710 ipsius
3068 2654 3177 2694 non
3196 2645 3341 2694 esset
3363 2651 3428 2691 ex
3449 2635 3621 2697 intus,

2035 2733 2129 2788 sed
2159 2749 2226 2788 ex
2258 2734 2567 2789 remotione
2600 2750 2629 2789 a
2662 2735 2803 2790 locis
2830 2749 2933 2789 nos
2974 2731 3379 2803 polluentibus,
3404 2729 3621 2800 passio-

2032 2822 2237 2889 nibus,
2299 2824 2722 2893 operationibus
2769 2824 3213 2895 simpliciterque
3257 2821 3328 2875 ab
3358 2819 3623 2874 omnibus

2034 2924 2227 2970 contra
2253 2917 2434 2986 ipsum
2464 2919 2673 2988 paratis
2703 2917 2943 2972 insidiis.
2999 2916 3114 2970 Hoc
3140 2923 3226 2970 est
3266 2914 3437 2984 igitur
3468 2911 3620 2982 quod

2032 3008 2343 3080 intelligere
2373 3010 2612 3065 debetis.
2637 3010 2907 3080 Quodque
2927 3009 3095 3064 etiam
3122 3007 3371 3078 parvulis
3387 3005 3620 3061 evidens

2003 3104 2133 3165 'est,
2164 3118 2400 3172 quorum
2430 3102 2940 3182 naturaqdill‘erunt
2968 3102 3169 3156 horum
3210 3113 3433 3170 quoque
3458 3096 3620 3152 unio-

2030 3210 2161 3260 nes;
2192 3209 2423 3263 quaeque
2444 3194 2569 3247 illas
2586 3201 3023 3263 consequuntur.

2099 3283 2390 3350 Quomodo
2420 3284 2587 3354 igitur
2627 3283 2673 3338 si
2730 3282 3102 3337 differentiam
3149 3288 3365 3337 natura:
3413 3280 3624 3336 divina

2028 3387 2140 3427 non
2172 3372 2387 3443 negatis
2419 3371 2582 3426 nobis
2603 3412 2617 3437 ,
2671 3371 3096 3426 similitudinem
3134 3369 3358 3425 unionis
3383 3368 3505 3439 ejus
3532 3367 3621 3421 in-

2028 3464 2238 3518 vocatis
2261 3471 2455 3518 contra
2489 3462 2628 3517 nos?
2661 3461 2767 3517 Sed
2792 3476 2924 3516 vere
2948 3476 3019 3515 ne
3046 3460 3162 3515 cito
3186 3460 3245 3513 in
3271 3458 3616 3528 impietatem

2027 3556 2382 3626 abripiamini
2420 3556 2699 3620 timentes,
2728 3570 2829 3611 vos
2866 3554 3148 3610 recordari
3176 3552 3455 3615 volumus,
3476 3549 3619 3613 seri:

2026 3648 2278 3717 ptorihus
2332 3648 2572 3716 aliquam
2626 3646 2923 3703 lectionem
2981 3645 3039 3699 in
3092 3644 3211 3700 suis
3263 3642 3619 3714 generalibus

2028 3737 2234 3808 regulis
2259 3736 2563 3808 signiﬁcari
2614 3736 3021 3800 asserentibus,
3080 3750 3185 3790 nos
3212 3734 3412 3789 cedere
3447 3740 3617 3802 atque

2028 3829 2317 3900 indulgere
2342 3870 2358 3895 ,
2399 3844 2467 3884 eo
2495 3829 2641 3899 quod
2679 3828 3028 3884 auctoritatis
3062 3827 3307 3898 regulam
3338 3840 3446 3880 non
3483 3839 3615 3894 pro-

2026 3924 2335 3991 posuimus.
2360 3922 2456 3976 llla
2478 3922 2627 3977 enim
2653 3922 2807 3992 prior
2838 3929 2943 3977 est.
2976 3920 3228 3990 Namque
3257 3918 3443 3989 regula
3476 3932 3614 3971 ana-

2025 4014 2182 4085 logiae
2211 4014 2299 4069 his
2328 4030 2397 4069 ex
2419 4014 2748 4071 auctoritate
2773 4013 3052 4068 invenitur
3076 4030 3092 4077 ;
3126 4026 3237 4066 non
3263 4024 3395 4065 vero
3418 4017 3616 4063 aucto-

2025 4107 2162 4161 ritas
2188 4121 2255 4160 ex
2276 4107 2463 4177 regula
2482 4106 2741 4161 sumitur.
2778 4105 2872 4161 Sic
2894 4104 3007 4176 regi
3027 4104 3181 4173 leges
3200 4101 3613 4172 postponiinus,

2024 4215 2136 4254 non
2166 4199 2383 4270 legibus
2414 4214 2621 4270 regem.
2654 4200 2826 4253 Deum
2851 4208 3034 4253 autem
3061 4204 3191 4251 ante
3213 4210 3435 4249 omnem
3457 4209 3615 4249 crea-

2025 4290 2233 4345 tionem
2276 4300 2444 4361 atque
2478 4292 2742 4345 unionem
2789 4290 3159 4353 inventorem,
3187 4296 3389 4357 praeter
3420 4286 3618 4341 solitas

2023 4384 2143 4454 ejus
2166 4384 2336 4454 leges,
2362 4399 2489 4437 cum
2514 4383 2777 4447 voluerit,
2815 4382 2963 4436 uniri
3005 4396 3115 4435 non
3141 4395 3304 4451 posse
3329 4377 3617 4434 existima-

2023 4475 2186 4529 mus?
2214 4476 2309 4531 Vel
2331 4474 2541 4545 aliquid
2565 4475 2848 4529 recentius
2873 4489 2936 4529 ac
2966 4470 3388 4528 eonvcnientius
3415 4468 3614 4524 unioni

335 4585 438 4638 της
461 4569 659 4639 νόμους
686 4568 1023 4639 βουληθέντα
1048 4570 1396 4625 συντίθεσθαι
1414 4575 1508 4639 ;Ἢ
1529 4576 1846 4646 καινότερόν
1862 4595 1915 4631 τι

2032 4576 2210 4621 :ontra
2239 4568 2418 4637 ipsum
2447 4567 2853 4638 pmscrihere?
2880 4566 3172 4634 Quomodo
3222 4579 3446 4635 quoque
3490 4563 3612 4617 haec

336 4660 433 4712 καὶ
467 4659 803 4732 ἰδικώτερον,
838 4663 903 4732 τῇ
938 4660 1058 4713 κατ’
1082 4662 1249 4714 αὐτὸν
1281 4663 1532 4717 συνθέσει
1563 4667 1912 4737 νομοθετεϊν;

333 4752 449 4805 Καὶ
499 4750 617 4815 πῶς
662 4749 839 4804 ταῦτα
886 4750 1049 4803 πάλιν
1097 4752 1199 4804 οὐκ
1246 4753 1327 4815 εἰς
1364 4753 1465 4823 τὴν
1503 4757 1913 4828 προειρημένην

334 4842 482 4912 ὑμᾶς
531 4841 918 4895 ἀποκλείουσιν
966 4841 1191 4908 ἀθεῖαν;
1257 4841 1365 4896 Τοῦ
1418 4845 1555 4915 μηδὲ
1599 4849 1663 4901 ἐκ
1725 4848 1801 4919 μὴ
1826 4849 1915 4901 όν-

332 4934 537 4988 τωνοῦν
568 4934 802 5005 ποιητὴν
832 4928 974 4986 εἶναι
1004 4932 1252 4999 δοξάζειν
1281 4935 1374 4988 τὸν
1400 4936 1493 4990 τοῦ
1520 4939 1723 5005 παντὸς
1748 4943 1917 5013 Δημι-

330 5028 532 5097 ουργὸν
586 5024 679 5077 τὸν
730 5025 824 5078 καὶ
869 5024 1228 5097 σαρκωθέντα
1270 5027 1444 5097 Λόγον
1488 5030 1912 5101 ἀκαταλήπτως.

330 5118 398 5182 Τί
430 5117 487 5170 δὲ
533 5118 630 5171 καλ¹
673 5118 821 5189 μόνῳ
855 5117 1030 5189 τούτῳ
1074 5118 1174 5188 τῆς
1216 5117 1558 5189 θεοπρεποῦς
1608 5123 1914 5190 συνθέσεως

328 5210 666 5281 ὲνεσκέψατε
697 5209 773 5280 τῷ
804 5210 1107 5282 θαυμαστῷ
1128 5255 1143 5277 ,
1190 5212 1240 5263 εί
1272 5212 1382 5282 ἄρα
1414 5214 1607 5283 μηδενὶ
1637 5215 1745 5269 τῶν
1771 5217 1914 5289 ὑπὲρ

328 5300 492 5369 λόγον
544 5302 640 5353 καὶ
692 5300 854 5369 φύσιν
901 5300 1182 5371 ἡμετέραν
1238 5303 1569 5372 πιστεύετε;
1638 5307 1750 5360 Καὶ
1801 5308 1913 5377 γὰρ

329 5394 427 5446 καὶ
453 5392 648 5456 ἄλλους
681 5394 813 5462 ὑμῖν
845 5392 1039 5461 λόγους
1068 5392 1538 5466 παραδοξοτέρους
1566 5399 1912 5468 κηρύττομεν

330 5486 471 5539 κατά
492 5486 650 5555 τήνδε
678 5485 773 5539 καὶ
799 5486 926 5554 περὶ
950 5485 1111 5555 τῆσδε
1133 5485 1233 5555 τῆς
1258 5486 1397 5557 ὑπὲρ
1422 5487 1586 5555 φύσιν
1609 5488 1762 5554 θείας
1783 5491 1911 5544 ἐνώ·

331 5596 505 5641 σεωςο
560 5579 654 5632 καὶ
701 5579 810 5647 γὰρ
862 5577 957 5645 κα).
1007 5578 1248 5646 ἄσπορον
1280 5578 1547 5651 σύλληψίν
1588 5588 1771 5651 φαμεν
1812 5583 1907 5638 τοῦ

329 5671 465 5725 Θεοῦ
494 5671 649 5742 ἡμῶν
684 5672 861 5743 Ἰησοῦ
890 5669 1127 5742 Χριστοῦ
1146 5687 1159 5700 ·
1184 5671 1242 5725 ὃν
1277 5674 1325 5725 εί
1356 5675 1450 5727 καὶ
1482 5673 1768 5745 ἄνθρωπον
1794 5677 1906 5730 οἴε-

331 5762 425 5817 σθε
456 5758 596 5816 εἶναι
653 5762 840 5832 ψιλὸν,
880 5761 1061 5831 πολλῷ
1094 5761 1296 5831 μᾶλλον
1326 5763 1683 5835 ἀπιστότερον
1711 5765 1862 5820 ἔσται
1886 5783 1900 5796 ·

2024 4676 2246 4716 rursum
2307 4676 2407 4716 vos
2458 4660 2513 4715 in
2548 4659 2884 4716 atheismum
2927 4675 3092 4730 quem
3146 4674 3314 4729 supra
3367 4657 3616 4712 diximus

2021 4770 2134 4809 non
2191 4755 2506 4825 dcjieiunt?
2553 4755 2671 4811 Nisi
2706 4771 2775 4811 ex
2807 4756 2984 4811 nihilo
3016 4755 3213 4810 fecisse
3262 4750 3615 4837 credideritis

2022 4848 2267 4903 omnium
2312 4846 2633 4903 Creatorem
2689 4864 2967 4919 supraque
2996 4847 3145 4919 quod
3182 4845 3398 4915 concipi
3431 4851 3612 4915 potest

2024 4939 2370 4996 incarnatum
2399 4941 2568 4996 fuisse
2602 4940 2869 4996 Verbum.
2903 4939 3016 4995 Cur
3064 4954 3196 4995 vero
3236 4936 3291 4993 in
3342 4937 3447 4990 hac
3491 4932 3610 4988 sola

2023 5033 2211 5089 divina
2254 5035 2462 5089 unione
2521 5033 2777 5088 miranda
2811 5032 3145 5097 moramini,
3194 5032 3241 5086 si
3294 5030 3433 5085 forte
3470 5026 3608 5082 nulli

2021 5127 2171 5197 quod
2207 5126 2279 5181 sit
2326 5142 2492 5195 supra
2520 5125 2766 5180 Verbum
2797 5134 3160 5192 naturamque
3189 5128 3436 5175 nostram
3480 5132 3605 5171 cre-

2021 5217 2207 5273 datis?
2263 5217 2486 5272 Etenim
2529 5216 2666 5271 alias
2711 5230 2934 5286 quoque
2999 5214 3263 5269 veritates
3325 5209 3606 5264 mirabiles

2024 5309 2333 5371 secundum
2362 5307 2681 5379 huiusmodi
2706 5322 2873 5377 supra
2901 5312 3153 5361 naturam
3181 5304 3441 5357 unionem
3468 5301 3601 5356 divi-

2018 5416 2145 5456 nam
2188 5400 2368 5469 deque
2402 5400 2571 5455 hacce
2616 5400 2781 5455 vobis
2833 5398 3195 5470 praedicamus
3246 5413 3260 5449 :
3303 5396 3422 5451 sine
3451 5394 3602 5449 enim

2019 5491 2228 5548 semine
2258 5490 2677 5559 conceptionem
2704 5489 2802 5544 Dei
2836 5488 3010 5543 nostri
3057 5486 3189 5542 Jesu
3217 5483 3423 5540 Christi
3462 5481 3603 5536 dici-

2016 5598 2178 5649 mus;
2214 5596 2378 5652 quem
2407 5580 2454 5636 si
2476 5595 2689 5635 merum
2710 5580 2995 5634 hominem
3017 5593 3139 5634 esse
3168 5576 3395 5647 putatis,
3422 5574 3601 5629 multo

2014 5672 2402 5729 incredibilior
2432 5671 2685 5739 eveniet;
2738 5671 3068 5726 naturaliter
3106 5670 3257 5725 enim
3290 5665 3596 5737 loquendo,

2012 5768 2138 5839 quis
2162 5781 2404 5837 unquam
2432 5766 2723 5822 hominum
2755 5765 2873 5821 sine
2904 5764 3117 5822 semine
3154 5770 3457 5833 conceptus
3482 5758 3599 5816 sit?

330 5850 551 5924 φυσικῷ
578 5852 689 5924 γὰρ
716 5850 898 5922 λόγῳ,
934 5850 1020 5914 τίς
1048 5850 1356 5923 ἀνθρώπων
1386 5853 1645 5926 ἀσπόρως
1677 5856 1992 5930 συνελήφθη
2025 5859 2283 5927 mimo-ss;
