4120 6448
517 371 650 437 lllfl

1762 380 2071 441 LEONTII
2109 379 2516 442 BYZANTINI

3632 374 3769 441 14M

581 487 721 553 Quid
749 502 880 557 ergo
922 484 1215 544 diceretis?
1254 488 1539 559 Siquidem
1590 492 1921 546 naturaliter
1970 506 2082 545 non

2260 492 2326 544 Τί
2366 492 2462 545 οὖν
2508 491 2752 557 almus;
2806 491 2965 545 Ἐπεὶ
3018 489 3094 562 μὴ
3141 490 3303 560 φύσει
3351 488 3475 544 τόδε
3517 488 3767 554 δυνατὸν,

514 580 587 633 sit
618 579 1011 648 possibilc,nec
1037 596 1067 634 a
1096 582 1205 635 Deo
1229 582 1346 636 ﬁeri
1380 583 1583 652 possit?
1610 583 1702 637 Vcl
1736 598 1805 637 ne
1853 584 1940 653 pie
1965 600 2085 638 cre-

514 670 755 723 dendum
781 680 950 735 esset,
984 672 1029 725 si
1072 689 1178 741 qua
1212 673 1481 727 naturalia
1512 672 1654 728 facta
1684 674 1817 739 sint,
1853 690 1954 731 nec
1982 674 2084 729 Dei

514 778 633 815 csse
659 778 822 830 opera
855 764 951 816 sed
990 774 1201 819 natura:
1227 774 1392 834 atque
1439 781 1508 820 ex
1565 767 1657 820 illa
1701 766 1905 821 factum
1961 782 2084 824 esse

513 852 880 920 quodcunque
910 853 1109 908 factum
1138 855 1341 909 fuerit?
1379 857 1517 911 Cum
1545 872 1678 910 vero
1710 859 1953 927 potentia
1986 875 2086 913 na-

514 950 652 995 tura;
687 942 888 997 divina:
927 944 1243 1002 immediate
1291 946 1351 999 ﬁt
1383 947 1754 1017 quodcunque
1817 949 1917 1013 ﬁt,
1970 966 2084 1004 non

510 1050 579 1087 ex
613 1035 1027 1103 prazexsistente
1064 1038 1159 1091 sed
1188 1054 1255 1092 ex
1277 1054 1387 1092 non
1420 1048 1569 1103 cnte,
1606 1040 1907 1095 novissime
1941 1042 2086 1095 inter

512 1126 661 1178 entia
704 1137 1103 1181 annumeratur
1154 1137 1319 1197 atque
1356 1130 1694 1199 agnoscitur.
1730 1132 1841 1186 Nec
1880 1148 1949 1186 ex
1996 1132 2085 1186 his

512 1233 633 1285 qua:
657 1219 769 1286 jam
801 1226 930 1271 nota
961 1228 1124 1283 sunt,
1161 1236 1327 1274 voces
1369 1230 1425 1274 et
1465 1220 1795 1290 signiﬁcatio
1829 1238 2083 1276 errorum

512 1305 806 1371 quaerenda
834 1314 984 1367 sunt,
1012 1321 1040 1359 a
1076 1306 1233 1360 vobis
1260 1308 1353 1376 qui
1390 1309 1766 1379 quodcunque
1812 1326 1842 1364 a
1872 1312 1985 1365 Deo
2023 1313 2085 1366 ﬁt

512 1411 756 1450 errorem
790 1412 913 1451 esse
940 1398 1166 1451 omnino
1194 1401 1477 1467 asseritis;
1513 1401 1659 1471 leges
1697 1402 1845 1457 enim
1877 1413 2085 1459 natura:

514 1486 672 1540 facile
702 1502 731 1539 a
756 1488 1073 1555 legislatore
1102 1489 1156 1541 in
1192 1497 1436 1557 tempore
1476 1491 1789 1545 solvuntur.
1837 1493 2084 1562 Namque

514 1576 621 1629 nisi
648 1578 762 1630 lucc
792 1578 866 1631 ita
894 1579 1247 1644 admiseritis,
1280 1581 1391 1649 jam
1435 1596 1548 1635 non
1570 1597 1638 1636 ex
1669 1592 1827 1639 utero
1856 1584 2085 1654 virginis

514 1668 739 1736 aliquod
770 1684 971 1738 corpus
999 1670 1197 1724 exiisse
1230 1671 1655 1738 conﬁteremini,
1679 1673 1829 1738 licet,
1872 1683 1932 1727 ut
1959 1675 2084 1729 vul-

516 1760 607 1820 tis,
642 1775 852 1812 merum
874 1760 1153 1815 hominem
1179 1777 1245 1815 ex
1270 1762 1359 1817 illa
1390 1772 1580 1816 natum
1610 1779 1733 1818 esse
1764 1764 1967 1833 aliquis
1996 1764 2085 1818 di-

514 1858 622 1903 cat.
657 1850 828 1904 Omne
858 1851 1009 1905 enim
1036 1868 1237 1921 corpus
1281 1868 1378 1922 per
1419 1870 1621 1924 corpus
1670 1855 1881 1921 exiens,
1925 1857 2089 1911 alter-
2120 1839 2161 1893 Β

514 1954 701 1996 utrum
728 1944 969 1998 divisum
1002 1945 1269 2000 ostendit.
1303 1946 1409 2001 Sed
1438 1962 1540 2001 nec
1570 1948 1720 2001 sicco
1753 1948 1893 2019 pede
1921 1964 2087 2019 supra

514 2049 662 2089 mare
702 2034 993 2089 ambulans
1026 2037 1258 2092 mortale
1284 2052 1487 2109 corpus
1508 2039 1751 2093 Verbum
1783 2039 2086 2114 habuisset,

514 2124 624 2177 imo
658 2141 725 2179 ne
758 2126 1067 2180 naturalem
1103 2127 1326 2196 quidem
1359 2130 1944 2197 vcrisimilitudincm;
2006 2132 2090 2186 le-

512 2217 667 2271 viora
701 2220 847 2272 enim
883 2220 1230 2289 gravioribus
1256 2262 1269 2282 ,
1320 2237 1431 2276 non
1494 2224 1747 2293 graviora
1789 2224 2090 2279 levioribus

514 2310 765 2365 innatant
802 2313 1154 2381 corporibus.
1186 2314 1299 2368 Nec
1335 2314 1503 2368 etiam
1548 2330 1615 2369 ex
1660 2316 1778 2370 luto
1822 2325 1878 2371 et
1928 2327 2090 2386 sputo

511 2402 661 2455 oculi
688 2418 927 2471 unquam
975 2404 1210 2459 fuissent
1230 2406 1407 2469 uncti,
1435 2421 1535 2460 nec
1558 2406 1743 2461 statim
1766 2408 1919 2463 visus
1946 2424 2090 2464 caseo

512 2511 580 2547 ex
608 2494 893 2548 nativitate
910 2495 1165 2551 redditus
1202 2496 1421 2561 fuisset,
1464 2514 1566 2553 nec
1591 2514 1622 2552 e
1655 2500 1909 2568 sepulcro
1942 2517 2091 2555 mor-

515 2587 595 2639 tui
636 2588 1087 2651 resurrexisscnt,
1123 2603 1226 2642 nec
1259 2589 1312 2641 in
1340 2589 1466 2643 aliis
1498 2590 1777 2646 similibus
1806 2593 2091 2649 miraculis

514 2680 691 2733 virtus
718 2678 922 2734 Christi
958 2683 1044 2735 vel
1084 2692 1402 2738 sanctorum
1449 2684 1593 2741 foret
1635 2688 1965 2755 conﬁtenda,
2012 2690 2091 2746 si-

512 2772 737 2839 quidem
768 2774 1079 2829 rationibus
1103 2776 1449 2832 naturalibus
1493 2780 1847 2850 przccognitis
1888 2783 2089 2852 proba-

514 2863 559 2915 ri
611 2862 928 2931 nequirent.
980 2865 1099 2920 Jam
1136 2866 1304 2935 igitur
1360 2882 1467 2921 non
1513 2868 1583 2923 ob
1633 2884 1787 2923 suam
1832 2873 2090 2928 unionem

513 2962 724 3023 partem
757 2955 1135 3024 imperfectam
1164 2958 1523 3028 perfectionis
1547 2960 1746 3015 divinae
1768 2962 1891 3032 jure
1909 2980 2094 3032 repre-

514 3048 805 3115 hcndetis;
846 3050 988 3105 Deus
1015 3052 1164 3106 enim
1189 3061 1250 3106 ut
1284 3068 1413 3122 pars
1440 3053 1622 3108 dictus
1650 3054 1883 3124 hujusce
1918 3058 2092 3111 totius

2185 582 2309 636 οὐδὲ
2340 581 2445 635 ὑπὸ
2474 581 2609 635 Θεοῦ
2641 582 2923 650 γεγονέναι
2949 581 3205 647 δύναται;
3239 582 3311 634 Ἦ
3344 582 3429 634 δεῖ
3455 581 3770 634 τούναντίον

2187 674 2437 735 εὐσεόὦς
2461 674 2825 741 ὲννοήσαντας
2856 673 2985 727 ίδεῖν
3006 713 3022 737 ,
3078 674 3193 737 ὅτι,
3233 674 3283 726 εί
3317 671 3429 725 τῶν
3462 672 3770 741 γινομένων

2187 764 2351 833 φύσει
2378 760 2448 834 ἦν
2467 802 2483 829 ,
2527 764 2635 817 οὐδ’
2677 765 2744 818 ἂν
2786 764 2923 818 Θεοῦ
2952 763 3226 836 ἐνέργεια,
3262 763 3402 817 ἀλλά
3432 763 3650 831 φύσεως
3673 758 3767 833 ἦν,

2185 859 2283 911 καὶ
2311 860 2375 911 ὲκ
2396 858 2600 929 ταύτης
2622 858 2865 927 ὶγεγόνει
2885 858 2947 911 τὸ
2964 857 3281 927 γινόμενον;
3315 857 3509 910 Ἦνίκα
3535 857 3590 909 δὲ
3618 857 3773 919 θείας

2187 948 2410 1019 ἁμέσως
2459 949 2677 1019 φύσεως
2720 949 2936 1017 γένοιτο
2975 949 3192 1019 ὲπινοίᾳ
3228 949 3292 1002 τὸ
3329 949 3635 1017 γινόμενον,
3670 949 3775 1001 οὐκ

2186 1043 2253 1095 ὲκ
2278 1042 2702 1113 προῦπάρξεως,
2736 1042 2854 1095 ἀλλ’
2880 1042 2946 1095 ὲκ
2981 1041 3057 1112 μὴ
3082 1041 3240 1104 ὄντος
3258 1081 3274 1108 ,
3307 1040 3506 1094 νεωστὶ
3535 1043 3647 1104 τοῖς
3673 1036 3774 1093 οὗ·

2188 1152 2243 1187 σι
2298 1132 2657 1187 συντάττεται
2714 1132 2810 1186 καὶ
2855 1132 3324 1203 συνομολογεῖται.
3382 1132 3494 1186 Καὶ
3541 1132 3603 1184 οὐ
3648 1130 3773 1184 δέον

2187 1226 2253 1278 ἐκ
2281 1225 2391 1277 τῶν
2422 1225 2590 1279 πάλαι
2618 1224 3011 1295 ἐγνωσμένων,
3055 1223 3183 1286 τοὺς
3210 1224 3405 1291 λόγους
3436 1223 3530 1275 καὶ
3555 1222 3653 1293 τὴν
3680 1223 3775 1275 δό-

2189 1315 2285 1380 ξαν
2320 1316 2502 1384 ζητεῖν
2538 1314 2649 1368 τῶν
2682 1314 3007 1383 παραδόξων
3033 1352 3048 1377 ,
3104 1312 3255 1375 ἅπαξ
3292 1312 3368 1382 μὴ
3401 1313 3774 1383 ἀρνουμένους

2186 1408 2267 1461 ὅτι
2316 1408 2432 1461 ἔστι
2472 1424 2525 1460 τι
2576 1407 2672 1460 καὶ
2714 1406 3022 1475 παράδοξον
3051 1404 3301 1473 γίνεσθαι
3331 1404 3437 1457 ὑπὸ
3466 1404 3631 1457 Θεοῦ·
3677 1406 3771 1459 νό-

2190 1515 2281 1568 μοι
2313 1498 2423 1568 γάρ
2459 1497 2676 1568 φύσεως
2723 1495 3094 1551 καταλύονται
3148 1496 3323 1567 ῥᾷστα
3372 1496 3451 1565 τῷ
3500 1495 3770 1565 νομοθέτῃ

2186 1590 2244 1642 ὲν
2279 1588 2490 1661 καιρῷ.
2548 1590 2610 1641 Et
2644 1589 2753 1658 γὰρ
2799 1587 2874 1658 μὴ
2910 1584 3087 1649 οὕτως
3138 1585 3316 1640 ταῦτα
3362 1585 3767 1655 καταδέχεσθε,

2194 1682 2317 1752 ὥρα
2341 1682 2509 1752 ὑμᾶς,
2536 1680 2673 1751 μηδὲ
2696 1680 2795 1749 τὴν
2820 1681 2884 1733 ἐκ
2908 1678 3179 1749 παρθένου
3207 1679 3421 1749 μήτρας
3446 1677 3771 1747 προέλευσιν

2190 1774 2516 1845 προσίεσθαι
2562 1771 2877 1827 οὑτινοσοῦν
2920 1769 3211 1841 σώματος,
3270 1770 3373 1823 κᾶν
3402 1769 3478 1832 ὡς
3510 1769 3771 1838 βούλεσθε

2190 1865 2484 1937 ἀνθρώπου
2532 1864 2693 1936 ψιλοῦ
2747 1881 2833 1927 τις
2876 1858 3019 1917 εἶναι
3058 1863 3209 1929 λέγοι
3243 1862 3347 1932 τὴν
3379 1862 3633 1931 γέννησιν
3670 1860 3773 1929 τὴν

2190 1959 2285 2012 ἀπ’
2316 1959 2508 2028 αὐτῆς.
2546 1958 2663 2011 Πᾶν
2690 1956 2799 2026 γὰρ
2829 1955 2989 2025 σῶμα
3018 1953 3109 2007 διὰ
3136 1951 3389 2023 σώματος
3416 1950 3654 2022 χωροῦν,
3677 1950 3776 2003 θά-

2189 2068 2348 2121 τερον
2370 2050 2533 2114 δείξει
2556 2047 2861 2119 διαιρεθέν·
2892 2044 3009 2099 ἀλλ’
3066 2045 3189 2097 οὐδὲ
3247 2042 3467 2115 ἀϐρόχῳ
3504 2041 3627 2094 ποδὶ
3674 2058 3776 2092 πε-

2192 2142 2376 2209 ζεύειν
2408 2142 2503 2195 ἐπὶ
2526 2141 2804 2209 θαλάσσης
2827 2138 3073 2209 ἀνδρεῖον
3108 2137 3269 2207 σῶμα
3299 2135 3411 2206 ἔχοι
3434 2134 3625 2201 Λόγον,
3648 2134 3775 2185 ἐπεὶ

2194 2232 2331 2304 μηδὲ
2366 2230 2605 2301 φυσικὴν
2638 2227 3010 2299 πιθανότητα’
3071 2226 3140 2280 τὰ
3176 2225 3284 2299 γὰρ
3322 2224 3628 2293 κουφότερα
3660 2223 3776 2283 τοῖς

2194 2322 2541 2393 βαρυτέροις,
2572 2320 2631 2373 οὐ
2659 2320 2728 2373 τὰ
2758 2317 3039 2389 βαρύτερα
3064 2319 3175 2381 τοῖς
3203 2316 3563 2387 κουφοτέροις
3585 2314 3779 2383 ἐπινή-

2192 2433 2347 2485 χεται
2396 2414 2668 2483 σώμασιν.
2734 2411 2877 2465 Ἀλλ’
2913 2412 3035 2464 οὐδὲ
3066 2411 3173 2464 ὑπὸ
3204 2410 3380 2480 πηλοῦ
3415 2410 3508 2462 καὶ
3539 2406 3774 2461 πτυέλου

2191 2507 2505 2577 ὀφθαλμοὺς
2536 2504 2941 2559 δια-πεπλάσθαι
2973 2503 3128 2567 ποτὲ,
3165 2503 3263 2555 καὶ
3297 2505 3434 2572 πρὸς
3461 2502 3561 2570 τὴν
3592 2516 3773 2570 παρα-

2192 2601 2383 2670 χρῆμα
2411 2597 2672 2669 ὁρατικὴν
2701 2598 2989 2667 ἐνέργειαν
3013 2594 3419 2665 ἀπαρτίζεσθαι
3445 2591 3541 2646 τοῦ
3568 2593 3632 2644 ὲκ
3651 2607 3776 2659 γεν-

2192 2692 2362 2762 νητῆς
2396 2690 2597 2759 τυφλοῦ
2619 2730 2633 2754 ,
2683 2690 2803 2743 οὐδὲ
2848 2689 3080 2759 νεκροὺς
3126 2689 3191 2741 ὲκ
3223 2688 3397 2755 τάφου
3427 2683 3770 2742 ἀνίστασθαι,

2192 2783 2315 2837 οὔτε
2353 2784 2411 2837 δέ
2444 2800 2568 2836 τινα
2595 2782 2704 2835 τῶν
2736 2782 2914 2836 ἄλλων
2946 2780 3151 2851 ὁμοίων
3183 2777 3645 2847 θαυματουργιῶν
3679 2774 3774 2827 δύ-

2192 2893 2357 2945 ναμιν
2410 2874 2505 2929 τοῦ
2552 2875 2790 2947 Χριστοῦ
2844 2873 2877 2944 ἢ
2926 2872 3033 2925 τῶν
3069 2871 3244 2939 ἁγίων
3280 2870 3568 2940 ὁμολογεῖν
3603 2867 3772 2930 ἔστιν,

2193 2966 2315 3019 ἐπεὶ
2355 2965 2431 3036 μὴ
2459 2967 2575 3028 τοῖς
2603 2966 2855 3034 φυσικοῖς
2882 2962 3069 3031 λόγοις
3099 2960 3566 3031 προεγνωσμένην
3592 2958 3773 3028 ἔχουσι

2192 3056 2291 3126 τῆς
2324 3054 2507 3118 αἰτίας
2538 3054 2635 3124 τὴν
2668 3052 2971 3116 ἀπόδειξιν.
3031 3050 3270 3115 Οὐκοῦν,
3302 3050 3403 3103 οὐκ
3434 3050 3499 3101 ὲκ
3527 3048 3620 3101 τοῦ
3653 3065 3777 3100 συν-

516 3140 656 3195 uniti
694 3142 918 3195 omnino
951 3143 1285 3208 intellectus,
1317 3144 1395 3199 ita
1446 3153 1617 3208 totum
1650 3147 1873 3216 aliquod
1909 3136 2085 3219 majus

2193 3147 2416 3218 τεθῆναι
2640 3145 2881 3212 εὐλόγως
2931 3144 3030 3214 τῆς
3082 3142 3233 3205 θείας
3277 3140 3619 3210 τελειότητος
3672 3157 3776 3209 με.

512 3231 695 3299 seipse
733 3241 793 3287 ut
839 3241 995 3301 parte
1044 3234 1246 3289 habere
1276 3251 1385 3289 non
1437 3236 1793 3307 intelligetur,
1832 3238 1919 3293 his
1967 3254 2089 3309 quae

513 3332 764 3377 naturam
794 3322 1120 3393 ipsius,qu;e
1140 3324 1400 3380 unionem
1418 3337 1835 3395 consequuntur
1862 3328 2090 3383 vincen-

514 3415 683 3469 tibus.
718 3414 774 3470 Si
797 3417 945 3469 enim
969 3416 1169 3471 divina:
1203 3418 1429 3471 unionis
1453 3418 1692 3472 Verbum
1726 3426 1900 3471 totum
1928 3434 2089 3473 suum

514 3508 692 3576 majus
710 3523 832 3562 esse
856 3523 955 3561 sua
982 3517 1137 3577 parte
1164 3510 1301 3575 vult,
1320 3517 1374 3563 at
1399 3519 1610 3564 natura:
1632 3509 1833 3563 divinae
1850 3511 2103 3565 Verbum’

514 3598 653 3652 nihil
684 3600 803 3668 ipsa
848 3601 1025 3670 majus
1064 3602 1183 3654 vult
1223 3600 1376 3671 ﬁngi.
1412 3600 1550 3665 Quia
1574 3615 1709 3670 ergo
1732 3615 1799 3655 ex
1848 3600 1933 3655 his
1956 3602 2093 3655 duo-

515 3691 621 3745 bus
644 3692 835 3745 Verbis
854 3692 1100 3747 adversis
1122 3693 1306 3761 potius
1326 3708 1490 3761 quam
1512 3694 1745 3747 alterum
1777 3693 2093 3764 frangetur?

514 3784 574 3838 Si
608 3800 740 3837 vero
770 3784 939 3854 igitur
975 3793 1169 3839 natura
1196 3785 1435 3839 vincitur
1465 3785 1595 3839 unio
1615 3824 1630 3849 ,
1676 3800 1784 3839 non
1812 3800 1944 3840 vero
1967 3787 2090 3841 vin-

513 3877 613 3940 eit,
640 3878 917 3946 quomodo
949 3886 1160 3934 natum
1193 3894 1302 3933 non
1345 3878 1708 3932 condonanda
1735 3887 1883 3934 esset
1917 3879 2093 3935 unio?

515 3966 575 4021 Si
601 3975 781 4022 autem
809 3969 881 4023 ita
916 3984 1026 4022 non
1066 3984 1125 4024 se
1153 3969 1339 4032 habet,
1366 3967 1612 4037 profecto
1635 3982 1765 4037 ergo
1789 3982 1957 4037 supra
1991 3985 2092 4023 na-

516 4066 699 4113 turam
736 4060 969 4114 tenenda
998 4069 1084 4115 est
1112 4060 1263 4114 unio.
1299 4060 1455 4115 Patet
1507 4060 1673 4129 igitur
1723 4075 1791 4113 ex
1844 4061 2093 4129 probatis

512 4150 797 4213 omnibus,
834 4159 893 4205 ut
924 4160 1137 4221 partem
1169 4152 1278 4207 dici
1313 4151 1554 4208 Verbum
1574 4192 1591 4219 ,
1620 4166 1729 4206 non
1764 4166 1888 4207 cum
1920 4153 2093 4222 parti-

511 4243 685 4296 culari
719 4242 1173 4313 imperfectione;
1230 4245 1558 4313 unitumque
1581 4282 1595 4306 ,
1630 4259 1763 4309 non,
1792 4252 1853 4298 ut
1886 4244 2091 4309 dicitis,

516 4333 1083 4403 legisubstantiarum
1122 4336 1265 4389 inter
1318 4350 1377 4390 se
1431 4335 1712 4389 unitarum
1766 4334 2091 4405 subjicitur;

517 4443 622 4482 nec
645 4428 830 4482 minus
858 4436 941 4482 est
966 4443 1033 4482 eo
1064 4428 1212 4497 quod
1239 4428 1444 4483 dicitur
1466 4436 1666 4492 totum,
1693 4427 1848 4497 juxta
1871 4425 2093 4481 modum

2195 3239 2354 3308 ρικὴν
2378 3238 2625 3290 ἀτέλειαν
2652 3236 3065 3306 κατηγορήσετε
3083 3252 3097 3266 ·
3132 3236 3160 3287 ό
3191 3235 3299 3304 γὰρ
3325 3234 3400 3298 ὡς
3428 3234 3594 3303 μέρος
3613 3232 3772 3301 λεγό-

2194 3346 2352 3400 μενος
2396 3327 2555 3381 τοῦδε
2610 3327 2706 3381 τοῦ
2757 3327 2881 3379 ὅλου
2934 3326 3197 3379 συνθέτου
3244 3325 3377 3388 Θεὸς
3430 3325 3579 3389 ἅπαξ
3621 3324 3771 3378 νοούο

2197 3438 2393 3493 μενος,
2443 3419 2518 3482 ὡς
2565 3419 2685 3473 ὅλον
2724 3435 2777 3470 τι
2820 3418 3004 3489 μεῖζον
3035 3416 3183 3487 ἔχειν
3213 3414 3410 3470 ἑαυτοῦ
3444 3415 3517 3479 ὼς
3550 3416 3773 3486 μέρους,

2194 3513 2254 3565 οὐ
2300 3510 2628 3581 νοηθήσεται
2654 3526 2665 3537 ·
2725 3508 2835 3561 τῶν
2877 3508 2978 3575 τῆς
3016 3508 3233 3577 φύσεως
3264 3506 3430 3562 αὑτοῦ
3466 3506 3778 3559 ἀκολούθων

2193 3603 2367 3670 λόγων
2415 3600 2725 3667 νικώντων,
2782 3600 2880 3653 καὶ
2927 3599 3055 3663 τοὺς
3106 3601 3205 3670 τῆς
3247 3598 3559 3662 συνθέσεως
3589 3598 3776 3651 αὐτοῦ.

2196 3697 2256 3748 Ei
2306 3696 2415 3765 γὰρ
2468 3694 2563 3747 καὶ
2607 3694 2706 3761 τῆς
2749 3691 3053 3754 συνθέσεως
3094 3693 3196 3760 τῆς
3235 3691 3388 3755 θείας
3417 3692 3445 3743 ὁ
3472 3691 3644 3758 Λόγος
3671 3692 3781 3743 ἀπ-

2195 3788 2356 3849 αιτεῖ,
2400 3784 2586 3855 μεῖζον
2626 3779 2771 3836 εἶναι
2813 3782 2908 3835 τοῦ
2950 3784 3154 3852 μέρους
3197 3782 3258 3835 τὸ
3292 3781 3423 3835 ἴδιον
3456 3784 3602 3845 ὅλον,
3642 3782 3781 3836 ἀλλὰ

2195 3878 2291 3947 τῆς
2320 3876 2534 3945 φύσεως
2568 3875 2669 3944 τῆς
2700 3873 2853 3938 θείας
2887 3874 3115 3927 ἀπαιτεῖ
3140 3873 3315 3941 Λόγος
3338 3912 3354 3935 ,
3408 3872 3577 3943 μηδὲν
3609 3873 3785 3942 αὐτῆς

2196 3967 2381 4037 μεῖζον
2430 3965 2804 4019 ἐπινοεῖσθαιθ
2861 3963 2968 4017 τῶν
3013 3964 3107 4029 δύο
3148 3960 3244 4017 οῦν
3288 3965 3552 4018 ἐναντίων
3582 3964 3783 4033 λόγων,

2191 4058 2277 4121 τίς
2327 4056 2530 4127 μᾶλλον
2577 4056 2657 4127 τῷ
2699 4056 2874 4128 ἑτέρῳ
2918 4056 3405 4125 ἁνατραπήσεται;
3462 4053 3525 4107 Εἰ
3562 4055 3663 4126 μὲν
3691 4052 3786 4108 οὖν

2192 4152 2260 4220 τῇ
2287 4149 2449 4219 φύσει
2481 4150 2888 4218 συναναιρεῖται
2916 4149 2948 4216 ἠ
2980 4147 3252 4211 σύνθεσις,
3273 4146 3334 4199 οὐ
3368 4150 3684 4217 συναναιρεῖ
3702 4148 3781 4209 δὲ,

2197 4242 2315 4305 πῶς
2363 4240 2426 4295 οὐ
2470 4240 2590 4293 δέον
2642 4242 2710 4311 τῇ
2759 4240 2922 4308 φύσει
2971 4241 3331 4310 παραχωρεῖν
3362 4238 3460 4309 τὴν
3492 4239 3783 4304 σύνθεσιν;

2199 4331 2259 4384 Ei
2294 4332 2351 4386 δὲ
2390 4331 2465 4402 μὴ
2494 4330 2672 4395 οὕτως
2696 4331 2809 4401 ἔχει
2835 4371 2850 4396 ,
2912 4331 3071 4401 δῆλον
3124 4332 3201 4395 ὠς
3235 4331 3357 4385 δέον
3390 4334 3613 4403 κρατεῖν
3645 4332 3790 4403 ὑπὲρ

2197 4426 2298 4495 τὴν
2326 4424 2488 4493 φύσιν
2520 4425 2621 4495 τὴν
2648 4423 2923 4477 σύνθεσιν.
2960 4422 3201 4493 Φανερὸν
3230 4417 3327 4476 οὖν
3360 4425 3423 4476 ὲκ
3449 4423 3559 4476 τῶν
3585 4424 3787 4477 ἀποδε-

514 4521 811 4588 quemdam
840 4519 1133 4590 compositi
1175 4519 1632 4590 signiﬁcationis;
1673 4526 1768 4572 aut
1792 4519 2091 4574 secundum

2200 4517 2501 4587 δειγμένων
2529 4516 2771 4579 πάντων,
2806 4514 2883 4575 ὡς
2913 4515 3007 4568 καὶ¹
3041 4515 3208 4585 μέρος
3238 4515 3267 4569 ὁ
3299 4515 3475 4583 Λόγος
3496 4557 3510 4581 ,
3549 4516 3610 4567 οὑ
3648 4516 3790 4583 μετά

512 4620 897 4666 creaturarum
930 4612 1368 4667 mediocritatem
1405 4619 1461 4666 et
1484 4612 1733 4666 habitum
1766 4612 2096 4676 naturalem,

515 4720 675 4777 suam
712 4706 1013 4760 inereatam
1058 4706 1422 4762 substantiam
1459 4706 1815 4777 perfectionis
1871 4706 2099 4762 inﬁnitae

522 4773 756 4851 reirelat.
784 4797 901 4851 Non
936 4814 1070 4869 ergo
1100 4799 1285 4852 minor
1321 4806 1407 4853 est
1435 4799 1622 4870 aliquo
1654 4807 1751 4854 aut
1789 4798 2096 4854 secundum

512 4888 650 4959 quid
682 4889 829 4943 Deus
857 4889 1119 4954 Verbum,
1171 4889 1257 4944 vel
1296 4890 1486 4945 unitus
1511 4930 1524 4955 ,
1579 4890 1666 4944 vel
1714 4904 1823 4942 non
1862 4888 2091 4952 unitus;

513 4988 966 5049 evanescuntque
1018 4981 1183 5037 modo
1236 4981 1369 5036 fumi
1424 4983 1707 5046 resoluta,
1775 4978 2094 5033 insolubilia

516 5081 723 5138 vestra,
751 5081 810 5128 ut
836 5074 1038 5139 dicitis,
1064 5085 1230 5146 atque
1254 5075 1700 5147 inexpugnabilia
1731 5072 2091 5140 sOphismata.

515 5165 616 5221 His
651 5182 782 5236 ergo
825 5182 883 5221 se
930 5167 1265 5223 habentibus
1291 5208 1308 5234 ,
1363 5183 1466 5222 nos
1503 5166 1746 5221 Verbum
1787 5160 2091 5217 secundum

515 5256 689 5325 ipsius
717 5259 1078 5314 substantiam
1107 5260 1176 5315 ad
1197 5270 1441 5316 nostram
1471 5254 1839 5313 substantiam
1876 5253 2093 5307 unitum

510 5349 771 5415 dicimus,
800 5361 969 5419 utque
999 5363 1208 5423 partem
1256 5354 1427 5408 totius
1460 5346 1795 5420 compositi,
1835 5344 1982 5417 quod
2008 5354 2096 5400 est

510 5442 789 5509 Christus,
825 5445 1238 5516 distinguimus,
1266 5443 1636 5515 compositum
1662 5455 1795 5495 vero
1818 5453 1941 5493 esse
1973 5436 2096 5491 uni-

510 5550 636 5587 cam
669 5536 1054 5603 substantiam,
1094 5552 1161 5593 ex
1212 5546 1401 5594 nostra
1437 5535 1756 5606 ipsiusque,
1806 5544 2093 5601 nunquam

515 5620 775 5687 diximus,
812 5624 956 5679 absit
983 5626 997 5678 Ῑ

2205 4609 2438 4679 μερικῆς
2487 4606 2736 4670 ἀτελείας
2782 4606 3042 4674 λέγεται·
3105 4608 3199 4659 καὶ
3251 4606 3673 4677 συντιθέμενος,
3724 4606 3786 4658 οὑ

2201 4698 2388 4761 καθώς
2440 4716 2578 4767 φατε
2627 4697 2704 4767 τῷ
2747 4697 2898 4767 νόμῳ
2947 4698 3059 4751 τῶν
3110 4698 3387 4751 συνθέτων
3430 4699 3631 4752 οὐσιῶν
3677 4698 3791 4750 τῶν

2202 4794 2332 4863 παρ’
2364 4790 2546 4845 αὐτῶν
2576 4790 2941 4844 ὑποϐάλλεται
2962 4805 2978 4821 ⁸
3028 4789 3153 4843 οὔτε
3179 4790 3402 4845 ἔλαττον
3429 4789 3524 4844 τοῦ
3552 4790 3789 4859 λεγομέο

2202 4902 2293 4938 νου
2323 4883 2469 4947 ὅλου,
2502 4884 2645 4935 κατὰ
2671 4900 2793 4935 τινα
2819 4881 3024 4952 τρόπον
3057 4882 3334 4951 σημασίας
3363 4882 3460 4934 τοῦ
3491 4882 3781 4934 συνθέτου·

2201 4977 2234 5048 ἦ
2277 4975 2418 5030 κατὰ
2444 4973 2678 5044 τὴντῶν
2707 4972 2941 5027 κτιστῶν
2972 4973 3314 5044 σμικρότητα
3348 4973 3444 5026 καλ⁸
3470 4973 3659 5043 σχέσιν
3684 4991 3788 5042 φυ-

2203 5069 2405 5135 σικὴν,
2476 5066 2574 5137 τὴν
2634 5064 2832 5119 ἑαυτοῦ
2883 5065 3140 5119 ἄκτιστον
3190 5065 3420 5137 οὐσιώδη
3466 5066 3785 5134 τελειότητα

2201 5160 2595 5214 ἐπιδείκνυται.
2655 5159 2770 5211 Οὐκ
2799 5158 3021 5211 ἔλαττον
3052 5152 3147 5212 οὖν
3172 5158 3281 5226 ἄρα
3310 5157 3453 5219 τινὸς
3489 5157 3522 5227 ἢ
3560 5158 3704 5211 κατὰ
3731 5174 3785 5209 τι

2200 5254 2229 5306 ό
2254 5253 2387 5315 Θεὸς
2415 5251 2589 5319 Λόγος
2608 5289 2623 5313 ,
2681 5250 2806 5303 οὐδὲ
2851 5248 3262 5323 συντιθέμενος,
3298 5250 3419 5302 οὐδὲ
3451 5250 3747 5310 ἀσύνθετος
3766 5266 3781 5279 ·

2198 5344 2293 5397 καὶ
2318 5345 2523 5413 οἴχεται
2543 5342 2697 5413 ὑμῶν
2723 5341 2935 5395 καπνοῦ
2965 5341 3122 5411 δίκην
3148 5342 3471 5397 διαλυθέντα
3495 5343 3563 5395 τὶ
3585 5343 3781 5409 ἄλυτα,

2198 5433 2273 5497 ὡς
2316 5433 2517 5499 οἴεσθε,
2546 5433 2640 5486 καὶ⁹
2687 5432 3178 5499 δυσκαταγώνιστα
3231 5434 3566 5502 σοφίσματα.
3636 5434 3785 5501 Πλὴν

2195 5525 2293 5579 καλ⁸
2339 5524 2547 5578 τούτων
2595 5523 2770 5586 οὕτως
2820 5523 3098 5593 ἐχόντων,
3154 5526 3323 5595 ἡμεῖς
3380 5524 3637 5576 σύνθετον
3685 5525 3787 5592 μὲν

2195 5617 2315 5670 κατ’
2342 5614 2533 5668 οὐσίαν
2583 5614 2682 5686 τὴν
2726 5613 2895 5668 αὐτοῦ
2950 5614 3087 5684 πρὸς
3130 5616 3229 5684 τὴν
3271 5615 3553 5686 ἡμετέραν
3591 5614 3783 5667 οὐσίαν

515 5709 699 5776 φαμὲν
725 5710 817 5764 τὸν
844 5712 1017 5779 Λόγον
1038 5730 1052 5744 ·
1109 5717 1202 5770 καὶ
1233 5716 1309 5779 ὡς
1348 5713 1517 5785 μέρος
1551 5710 1646 5763 τοῦ
1678 5710 1935 5765 συνθέτου
1963 5710 2087 5763 ὅλου
2127 5704 2367 5776 Χριστοῦ
2399 5705 2819 5777 διαστέλλομεν·
2861 5703 3117 5762 σύνθετον
3180 5706 3237 5760 δὲ
3300 5706 3509 5773 οὐσίαν,
3544 5704 3651 5759 ἀπὸ
3681 5705 3781 5773 τῆς

520 5796 687 5851 αὑτοῦ
716 5819 771 5853 τε
802 5804 895 5856 καὶ
924 5802 1023 5871 τῆς
1053 5806 1331 5878 ἡμετέρας
1355 5846 1370 5871 ,
1412 5804 1477 5855 οὗ
1514 5804 1698 5870 φαμέν
1727 5820 1877 5869 ποτε,
1912 5803 1990 5873 μὴ
2017 5799 2247 5870 γένοιτο.

3135 5911 3145 5919 .
3164 5908 3269 5917 ..ς-κ..-
