4120 6448
376 363 515 433 1445

969 480 1221 537 ΚΕΦΛΛ.
1255 481 1356 538 ΙΛ’.

436 569 596 621 Πᾶσα
653 566 752 637 μία
795 566 961 636 φύσις
1029 571 1062 642 ἢ
1115 572 1211 624 καὶ
1262 572 1567 638 ὑπόστασις
1615 574 1957 648 συγκειμένη

365 661 432 713 ἐκ
483 658 670 729 μερῶν
717 659 1115 744 ἐτεροουσίων,
1190 662 1305 733 ἔχει
1351 664 1510 727 τινὰς
1551 666 1858 744 ἐνεργείας,
1893 665 1961 729 ἃς

363 749 477 803 οὐδ’
509 749 798 819 ὁπότερον,
831 748 891 814 ἐξ
918 743 994 804 ὧν
1023 751 1348 822 συνέστηκε,
1384 752 1612 808 δύναται
1645 743 1771 808 καθ’
1796 753 1960 807 ἑαυτὸ

366 842 463 894 καὶ
510 841 684 912 χωρὶς
731 842 834 911 τῆς
870 841 966 895 τοῦ
998 843 1191 912 ἐτέρου
1223 846 1508 915 ἐνεργείας
1535 846 1821 899 ἐκτελέσαι
1850 846 1960 899 τιν)⁵

363 936 553 1006 τρόπῳ
583 933 734 987 ποτέ.
786 931 913 987 Οἷον
941 934 1088 1007 ψυχὴ
1127 936 1224 990 καὶ
1263 937 1445 1009 σῶμα,
1471 938 1686 993 δέονται
1713 939 1959 1009 ἀλλήλων

365 1029 447 1090 είς
480 1027 542 1080 τὸ
571 1026 904 1098 καταρτίσαι
932 1028 1141 1091 πλεῖον,
1171 1030 1532 1100 οἰκοδομῆσαι
1558 1027 1730 1094 οἷκον,
1755 1032 1959 1100 ὐφᾶναι

364 1119 592 1189 χιτῶνα,
617 1119 713 1173 καὶ
736 1120 857 1173 είτι
885 1118 1130 1173 τοιοῦτον
1152 1136 1168 1151 ·
1192 1121 1350 1192 ὅπερ,
1372 1121 1449 1185 ὡς
1476 1120 1652 1188 εἷπον,
1686 1123 1959 1177 ἀδύνατον

367 1213 450 1267 ἐνὶ
488 1212 670 1267 αὐτῶν
714 1213 887 1285 χωρὶς
922 1216 1024 1284 τῆς
1055 1215 1287 1286 θατέρου
1317 1218 1616 1289 συνεργίας
1646 1218 1956 1283 ἐκτελέσαι,

373 1301 443 1354 δι’
483 1300 753 1371 οὑὸήποτε
796 1300 1024 1371 τρόπου.
1083 1303 1149 1357 El
1194 1304 1376 1357 τοίνυν
1429 1304 1530 1375 μία
1570 1304 1753 1374 φύσις,
1788 1307 1821 1377 ἢ
1859 1308 1958 1377 μία

374 1391 679 1453 ὑπόστασις
712 1392 1054 1463 ἀπετελέσθη
1092 1394 1156 1445 ἐκ
1184 1393 1509 1461 συνθέσεως,
1555 1395 1631 1460 ὥς
1664 1414 1820 1465 φασι,
1857 1398 1958 1469 τῆς

366 1482 465 1537 τοῦ
496 1483 634 1536 Θεοῦ
660 1483 838 1553 Λόγου
892 1484 1031 1555 πρὸς
1072 1485 1168 1538 τὸν
1213 1485 1274 1550 ἐξ
1309 1487 1470 1557 ἡμῶν
1500 1488 1814 1559 ἄνθρωπον,
1852 1492 1959 1544 εἰσί

366 1592 519 1637 τινες
544 1576 827 1645 ἐνέργειαι
856 1574 956 1646 τῆς
976 1577 1192 1630 τοιᾶσδε
1217 1579 1437 1647 φύσεως
1465 1582 1558 1633 καὶ
1581 1582 1954 1650 ὑποστάσεως,

365 1663 435 1726 ἃς
480 1664 509 1716 ό
538 1664 671 1726 Θεὸς
696 1665 870 1734 Λόγος
900 1666 1025 1718 καθ’
1053 1668 1247 1721 ἐαυτὸν
1279 1669 1379 1722 οὐκ
1406 1670 1641 1739 ἠδύνατο
1671 1672 1961 1745 πληρῶσαι

367 1772 474 1809 τινι
501 1755 688 1827 τρόπῳ
717 1756 798 1827 (τὸ
820 1757 878 1809 δὲ
901 1758 988 1827 μὴ
1017 1759 1339 1827 δύνασθαι,
1370 1761 1535 1831 διχῶς
1562 1762 1781 1831 λέγεται
1807 1765 1956 1837 παρά

1344 374 1741 442 ADVERSUS
1775 379 2324 449 NESTORIANOS.
2356 410 2425 420 -ο
2460 387 2609 450 LIB.
2654 388 2703 450 Ι.

1986 500 2032 553 Α

2707 496 2860 553 CAP.
2894 495 2988 553 XI.

2130 581 2324 638 Omnis
2355 599 2462 638 una
2492 595 2691 641 natura
2723 588 2808 641 vel
2847 598 2904 644 et
2951 589 3265 661 hypostasis
3292 610 3356 648 ex
3390 600 3642 666 partibus

2059 673 2287 729 alterius
2322 675 2542 745 generis
2575 678 2880 748 composita
2909 721 2924 747 ,
2968 683 3233 750 quasdam
3287 690 3641 755 operationes

2060 761 2271 829 habet,
2319 782 2457 835 quas
2484 776 2679 822 neutra
2718 784 2786 823 ex
2828 770 2916 825 his
2948 787 2979 827 e
3022 774 3226 843 quibus
3256 780 3638 845 constituitur,

2058 858 2364 912 secundum
2412 859 2558 914 idem
2607 861 2839 933 sineque
2868 866 3099 921 alterius
3151 873 3476 939 operatione
3525 876 3641 931 ullo

2060 949 2225 1003 modo
2257 967 2499 1021 unquam
2532 953 2800 1022 perﬁcere
2829 967 3028 1025 potest.
3074 960 3152 1015 lta
3193 964 3389 1019 animm
3424 976 3478 1021 et
3512 984 3639 1022 cor-

2058 1039 2181 1108 pori
2209 1055 2329 1095 sese
2369 1042 2607 1097 invicem
2655 1060 2794 1114 opus
2839 1056 2923 1102 est
2967 1050 3035 1102 ad
3086 1052 3258 1107 multa
3305 1057 3638 1125 peragenda,

2059 1129 2435 1186 :ediﬁcandam
2454 1133 2699 1198 domum,
2735 1138 2976 1193 tunicam
3001 1143 3314 1210 texendam,
3348 1160 3413 1201 ac
3436 1149 3479 1201 si
3504 1150 3638 1218 quid

2059 1220 2413 1290 hujusmodi;
2445 1225 2592 1293 quod
2627 1227 2781 1282 nullo
2814 1244 3056 1299 unquam
3088 1233 3252 1288 modo
3303 1238 3398 1290 uni
3446 1254 3513 1291 ex
3550 1240 3640 1294 his

2060 1309 2180 1365 sine
2197 1312 2521 1369 alterutrius
2536 1318 2861 1385 Operatione
2880 1321 3127 1389 perfecta
3154 1326 3416 1393 possibile
3434 1328 3636 1384 dicam.

2061 1400 2117 1456 Si
2148 1412 2329 1459 tamen
2361 1421 2469 1460 una
2502 1416 2721 1471 natura,
2753 1411 2839 1465 vel
2874 1428 2983 1466 una
3028 1414 3341 1485 hypostasis
3393 1421 3640 1488 perfecta

2061 1495 2135 1551 sit
2162 1512 2230 1551 ex
2258 1498 2486 1564 unione,
2516 1508 2575 1555 ut
2602 1502 2780 1568 aiunt,
2823 1505 2921 1559 Dei
2952 1507 3118 1562 Verbi
3153 1510 3219 1564 ad
3251 1520 3503 1566 naturam
3535 1530 3639 1569 no-

2060 1597 2253 1653 stram,
2276 1599 2406 1645 sunt
2436 1593 2686 1661 qumdam
2716 1598 3402 1672 operationeshujusmodi
3426 1614 3639 1663 natura:

2059 1689 2223 1749 atque
2255 1681 2581 1753 hypostasis,
2626 1701 2765 1754 quas
2796 1688 2943 1742 Deus
2970 1690 3211 1746 Verbum
3254 1710 3354 1765 per
3393 1697 3638 1766 scipsum

2060 1772 2341 1841 complere
2367 1774 2481 1828 ullo
2514 1775 2680 1829 modo
2717 1779 2915 1848 nequit
2957 1781 3198 1853 {nequire
3218 1795 3400 1841 autem
3430 1789 3638 1860 duplici

367 1851 436 1919 τῆ
468 1848 593 1920 θείᾳ
620 1849 812 1920 Γραφῇ
847 1850 943 1902 καὶ
971 1852 1029 1902 ἐν
1058 1854 1125 1921 τῇ
1153 1854 1305 1922 κοινῇ
1339 1852 1629 1925 συνηθείᾳ’
1659 1855 1692 1925 ἢ
1722 1855 1798 1916 ὡς
1826 1856 1953 1910 ἀδύ-

2188 1837 2204 1841 -
2808 1837 2824 1848 ,
2961 1837 2974 1851 ,
3060 1837 3071 1853 ,
3125 1837 3128 1838 ν
3434 1837 3612 1860 nr-.-

2056 1863 2221 1918 modo
2250 1864 2457 1920 dicitur
2496 1867 2551 1921 in
2586 1868 2867 1939 Scriptura
2904 1888 3059 1929 sacra
3084 1888 3459 1948 consuetaque
3484 1881 3612 1937 locu

369 1956 528 1992 νατον
574 1939 668 1992 τὸν
712 1940 846 1994 Θεὸν
893 1940 1239 2010 ψεύσασθαι,
1294 1943 1382 1997 διὰ
1414 1944 1475 1997 τὸ
1501 1947 1953 2017 ἀπερίγραπτονο

366 2030 401 2101 ἢ
450 2031 527 2093 ὡς
562 2031 712 2101 δῶρά
738 2050 798 2085 τε
830 2035 924 2086 καὶ
955 2032 1115 2087 θυσία
1162 2034 1236 2105 μὴ
1263 2035 1568 2106 δυνάμεναι
1602 2038 1746 2091 κατά
1780 2040 1955 2093 συνεί-

365 2122 523 2191 δησιν
555 2123 845 2176 τελειῶσαι
878 2123 970 2177 τὸν
998 2124 1359 2196 λατρεύοντα,
1392 2126 1481 2180 διὰ
1513 2129 1575 2179 τὸ
1608 2129 1833 2194 ἀσθενὲς
1862 2132 1957 2185 καὶ

364 2217 660 2285 ἀνέφικτον
708 2216 930 2269 οἱασοῦν
979 2218 1282 2287 ἐνεργείας,
1322 2221 1368 2272 εἰ
1399 2218 1735 2292 δώσουσιν),
1786 2222 1852 2287 ἃς
1893 2226 1952 2277 οὐ

364 2308 666 2378 δυνάμενος
714 2309 743 2361 6
788 2308 922 2373 Θεὸς
967 2310 1143 2378 Λόγος
1188 2310 1479 2382 πληρῶσαι
1515 2315 1638 2366 καθ’
1664 2314 1848 2383 αὑτὸν,
1886 2320 1953 2389 τῇ

364 2399 460 2453 τοῦ
485 2399 780 2472 ἀνθρώπου
805 2402 1060 2473 ἐνεργείᾳ
1086 2402 1496 2469 ἐξετέλεσεν.Ἢ
1518 2405 1721 2475 ἀσθενῆ
1743 2407 1958 2461 δεικνύ-

364 2506 484 2541 ουσι
517 2490 609 2542 τὸν
635 2490 769 2543 Θεὸν
798 2492 995 2559 Λόγον,
1034 2492 1066 2562 ἢ
1104 2493 1432 2564 πεπραχότα
1461 2494 1532 2547 τὰ
1557 2495 1807 2566 ἀπρεπῆ.
1842 2499 1956 2552 Καὶ

364 2582 415 2633 εί
449 2581 546 2651 μὲν
578 2581 640 2634 τὸ
666 2582 916 2653 πρῶτον,
965 2583 1045 2637 ἔτι
1079 2585 1171 2637 καὶ⁵
1197 2584 1292 2637 νῦν
1323 2585 1351 2637 ό
1384 2586 1571 2657 Πατὴρ
1600 2588 1785 2641 ἀτονεῖ
1818 2590 1955 2660 πρὸς

363 2675 464 2747 τὴν
485 2676 882 2747 ἀποπλήρωσιν
905 2678 1013 2731 τῶν
1038 2679 1261 2732 τοιῶνδε
1287 2680 1607 2751 ἐνεργειῶν,
1636 2681 1710 2753 μὴ
1735 2685 1957 2753 συγκεί-

370 2784 532 2836 μενος
566 2767 643 2837 τῷ
674 2767 734 2831 ἐξ
762 2769 920 2838 ἡμῶν
948 2768 1258 2840 ἀνθρώπῳ·
1310 2771 1407 2824 καὶ
1437 2772 1581 2825 κατὰ
1608 2773 1796 2839 τοῦτο,
1838 2776 1957 2845 μεί-

367 2858 478 2923 ζων
505 2862 533 2913 6
562 2860 691 2923 Υίὸς
720 2860 814 2913 τοῦ
845 2860 1082 2932 Πατρὸς,
1125 2862 1265 2935 ὅπερ
1296 2863 1494 2927 ἀσεϐές
1518 2880 1533 2895 δ
1585 2867 1633 2918 εἰ
1661 2867 1718 2919 δὲ
1748 2868 1809 2920 τὸ
1835 2867 1956 2920 656-

364 2968 547 3022 τερον,
586 2952 853 3024 πρόδηλον
883 2952 944 3005 τὸ
979 2952 1341 3025 βλάσφημον·
1397 2957 1426 3008 ό
1477 2956 1612 3021 Θεὸς
1643 2958 1754 3029 γὰρ
1800 2959 1955 3012 οὐδὲν

365 3045 475 3099 τῶν
506 3050 772 3117 ἀπρεπῶν
805 3049 1223 3121 διαπράττεται,
1260 3050 1385 3104 οὔτε
1419 3051 1546 3105 καθ’
1578 3054 1792 3118 ἑαυτὸν,
1827 3055 1953 3107 οὔτε

369 3138 493 3207 μεθ’
519 3139 733 3210 ἐτέρου.
778 3142 839 3194 Εἰ
869 3141 926 3194 δὲ
957 3142 1241 3215 οὐδέτερον
1268 3143 1458 3197 δοῦναι
1487 3145 1655 3208 ὅσιον,
1691 3146 1813 3199 οὐδέ
1841 3146 1951 3216 ἀρα
1980 3180 2021 3238 C

366 3230 491 3283 οὐδὲ
543 3233 575 3301 ἡ
616 3232 869 3296 σύνθεσις
899 3234 1198 3306 γεγένηται
1228 3236 1322 3289 τοῦ
1353 3236 1491 3289 Θεοῦ
1517 3237 1695 3305 Λόγου
1731 3238 1827 3291 καὶ
1852 3239 1949 3292 τοῦ

366 3322 426 3389 ἐξ
458 3325 489 3394 ή
498 3325 615 3393 μῶν
644 3324 959 3396 ἀνθρώπου.

439 3414 665 3484 Ὀμοιόν
705 3433 758 3469 τι
806 3417 1136 3471 πεπονθέναι
1178 3419 1310 3489 ἡμῖν
1348 3418 1559 3473 δοκεῖτε
1602 3424 1717 3484 τοῖς
1760 3421 1951 3490 ἀφυῶς

365 3506 424 3557 ἐν
453 3508 576 3569 ταῖς
620 3505 853 3571 τοξείαις
895 3508 1004 3562 τῶν
1043 3509 1261 3562 σκοπῶν
1308 3510 1817 3581 ὑπερακοντίζουσι,
1855 3512 1952 3566 καὶ

363 3598 621 3669 ἀτεχνίαν
643 3599 843 3670 μᾶλλον
865 3601 1011 3671 ἤπερ
1041 3601 1328 3672 εὐστοχίαν
1353 3603 1849 3674 ἐπιδεικνυμένοις,
1874 3605 1953 3676 τῷ

368 3688 445 3759 μὴ
476 3689 674 3743 εἰδέναι
731 3691 853 3744 καθ’
901 3686 962 3746 οὗ
991 3709 1051 3745 τε
1080 3693 1176 3746 καὶ
1208 3696 1334 3747 ὅσον
1374 3694 1471 3748 καὶ
1539 3695 1690 3758 ὅπως
1719 3695 1786 3748 τὰ
1821 3696 1951 3766 βέλη

363 3780 487 3834 δέον
526 3783 954 3853 ἀποπέμπεσθαι
977 3801 993 3817 ο
1030 3785 1124 3838 καὶ
1154 3784 1266 3855 γὰρ
1299 3785 1395 3838 καὶ
1434 3786 1494 3839 ἐν
1530 3786 1706 3858 τούτῳ
1749 3788 1951 3857 μᾶλλον

363 3872 504 3942 πρὸς
533 3874 658 3937 τοὺς
688 3874 817 3945 μίαν
846 3875 945 3946 τὴν
977 3875 1141 3945 φύσιν
1177 3876 1440 3943 λέγοντας
1468 3878 1775 3947 ἀντιλέγειν
1812 3882 1922 3935 όνει

365 3962 803 4033 ροπολήσαντες,
834 3964 1024 4035 ὥσπερ
1072 3967 1175 4019 κάν
1207 3965 1286 4037 τῷ
1323 3967 1429 4037 πρὸ
1461 3966 1616 4021 τοῦδε
1661 3970 1951 4042 ἐπιχειρήτ

364 4072 521 4123 ματι,
548 4054 644 4108 νῦν
675 4054 865 4127 ὥσπερ
895 4060 959 4128 τῇ
991 4057 1140 4128 ῥύμῃ
1163 4057 1260 4127 τῆς
1293 4059 1430 4129 πρὸς
1463 4060 1799 4128 φιλονεικίαν
1849 4065 1949 4131 ἐφ-

362 4165 556 4211 εσεως,
582 4150 677 4202 καὶ
727 4149 863 4220 πρὸς
892 4151 1040 4220 ἡμᾶς
1080 4152 1207 4215 τοὺς
1238 4152 1368 4222 μίαν
1399 4153 1660 4223 λέγοντας
1688 4157 1786 4228 τὴν
1814 4159 1950 4212 61:6—

364 4256 554 4293 στασιν
584 4240 681 4293 καὶ
713 4241 837 4312 οὐχὶ
861 4241 959 4313 τὴν
986 4242 1171 4311 φύσιν,
1196 4245 1289 4297 ἐπὶ
1316 4244 1409 4297 τοῦ
1434 4245 1642 4312 Κυρίου
1665 4248 1823 4318 ἡμῶν
1850 4251 1951 4320 Ἰη-

365 4331 464 4384 σοῦ
495 4331 733 4404 Χριστοῦ
769 4333 1152 4405 ἀντιφέρεσθε.
1201 4336 1343 4389 Ἀλλ’
1376 4338 1536 4407 ἡμεῖς
1566 4355 1630 4407 γε
1665 4341 1951 4412 συντόμως

367 4424 525 4493 ὑμῶν
570 4425 670 4495 τὴν
728 4426 1101 4497 κατασκευὴν,
1131 4428 1608 4498 ἀνασκευάσομεν.
1633 4432 1795 4486 Πᾶσα
1840 4435 1951 4504 γάρ

2056 1954 2242 2009 tione:
2267 1957 2355 2010 vel
2374 1967 2435 2011 ut
2458 1958 2799 2028 impossibile
2826 1972 2911 2017 est
2932 1964 3105 2020 Deum
3130 1970 3379 2036 mentiri,
3412 1982 3641 2041 propter

2056 2046 2544 2119 inﬁnitatem;ch
2582 2065 2641 2109 ut
2672 2055 2816 2112 dona
2851 2066 2907 2113 et
2953 2060 3150 2117 hostia:
3191 2080 3313 2132 qua:
3356 2077 3639 2136 nequeunt

2051 2142 2204 2212 juxta
2236 2146 2632 2201 conscientiam
2660 2148 2986 2206 oﬁ‘erentem
3024 2155 3329 2222 perfectum
3378 2157 3557 2213 facere
3590 2161 3636 2225 ⁷,

2054 2242 2284 2302 propter
2298 2234 2677 2292 inﬁrmitatem
2694 2248 2749 2294 et
2766 2241 3016 2297 umbram
3034 2248 3394 2314 operationis,
3418 2252 3639 2319 quando

2054 2324 2565 2397 oﬁ‘eruntur),quas
2583 2331 2979 2388 DcusVerbum
3007 2338 3284 2407 complere
3308 2356 3417 2396 non
3442 2350 3640 2412 potens

2054 2431 2155 2485 per
2184 2417 2451 2487 seipsum,
2486 2427 2698 2475 natura:
2733 2423 2988 2478 humana:
3013 2428 3333 2495 Operatione
3380 2432 3636 2500 perfecit.

2054 2506 2153 2561 Vel
2186 2507 2466 2563 inﬁrmum
2498 2510 2670 2564 Deum
2706 2513 2948 2568 Verbum
2994 2519 3336 2585 ostendunt,
3372 2524 3459 2577 vel
3514 2540 3639 2594 qua:

2055 2611 2164 2650 non
2206 2597 2407 2652 decent
2437 2599 2755 2656 facientem.
2791 2604 2847 2658 Si
2884 2606 3127 2674 primum
3152 2650 3166 2673 ,
3199 2612 3502 2667 etiamnum
3538 2615 3643 2670 Pa-

2057 2694 2162 2752 ter,
2195 2691 2289 2759 qui
2316 2691 2570 2747 humanae
2602 2705 2817 2750 naturae
2846 2713 2957 2751 non
2985 2700 3237 2771 subjacet
3268 2743 3281 2768 ,
3336 2704 3404 2758 ad
3446 2706 3640 2776 hujus-

2056 2778 2205 2831 modi
2240 2782 2597 2848 operationes
2629 2786 2989 2855 complendas
3022 2789 3297 2860 impotens
3317 2804 3434 2859 cst;
3470 2804 3638 2864 atque

2056 2871 2360 2925 secundum
2397 2873 2503 2929 hoc
2527 2916 2541 2941 ,
2583 2878 2758 2947 major
2782 2878 2943 2933 Patre
2979 2881 3151 2937 Filius
3194 2894 3319 2948 est,
3367 2886 3512 2954 quod
3551 2897 3639 2943 est

2054 2961 2286 3031 impium
2310 2982 2323 3017 :
2349 2964 2396 3019 si
2416 2982 2547 3021 vero
2565 2969 2892 3034 secundum,
2911 2971 3139 3029 evidens
3160 2984 3243 3029 est
3258 2976 3635 3046 blasphemia;

2054 3069 2295 3125 namque
2323 3057 2467 3112 Deus
2499 3059 2642 3112 nihil
2670 3060 2817 3129 quod
2846 3076 2956 3115 non
2994 3062 3187 3118 deceat
3217 3064 3367 3130 facit,
3399 3083 3503 3122 nec
3536 3085 3637 3138 per

2054 3146 2319 3216 seipsum,
2366 3164 2471 3203 nec
2519 3164 2645 3204 cum
2677 3151 2873 3207 altero.
2915 3152 2972 3207 Si
3008 3170 3140 3209 vero
3169 3166 3429 3212 neutrum
3471 3160 3636 3214 datur

2053 3247 2328 3305 sanctum,
2355 3257 2465 3294 non
2513 3257 2666 3312 ergo,
2722 3259 2832 3298 non
2865 3245 3000 3300 unio
3035 3246 3178 3303 facta
3216 3258 3301 3304 est
3330 3250 3427 3306 Dei
3463 3253 3630 3309 Verbi

2051 3338 2375 3400 naturaeque
2408 3331 2687 3387 humanae.

2122 3419 2345 3488 Aliquid
2373 3421 2553 3475 simile
2592 3422 2728 3476 mihi
2754 3438 2916 3494 agere
2965 3424 3228 3481 videmini
3254 3428 3439 3499 inepte
3468 3447 3633 3500 supc-
3714 3464 3717 3469 -

2052 3509 2307 3563 rantibus
2329 3525 2557 3580 scapum
2613 3513 2718 3567 tela
2747 3513 3026 3583 jaciendo,
3075 3516 3407 3585 imperitiam
3449 3523 3634 3589 potius

2052 3616 2215 3670 quam
2246 3602 2525 3655 solertiam
2549 3604 2998 3671 ostendentibus,
3023 3606 3099 3662 ita
3130 3616 3190 3662 ut
3220 3610 3473 3663 nesciant
3497 3628 3630 3681 quo,

2052 3698 2321 3759 quantum
2355 3693 2747 3763 quomodoque
2790 3696 2894 3749 tela
2930 3696 3184 3765 jacienda
3217 3698 3367 3753 sint:
3394 3716 3633 3772 namque

2051 3797 2176 3836 cum
2206 3784 2260 3836 in
2284 3784 2392 3839 hoc
2414 3785 2598 3854 potius
2625 3786 3003 3841 asserentibus
3026 3804 3187 3843 unam
3220 3800 3471 3845 naturam
3499 3809 3633 3848 con-

2054 3875 2324 3933 tradicere
2360 3877 2834 3945 somniavissetis,
2890 3881 3121 3951 perinde
3181 3898 3246 3939 ac
3280 3887 3631 3954 praecedente

2051 3983 2397 4044 argumento,
2417 3977 2498 4032 sic
2522 3986 2576 4032 et
2607 3993 2758 4033 nunc
2782 3979 3058 4035 mediante
3083 3983 3457 4039 contentionis
3482 3986 3631 4041 desi-

2051 4065 2230 4132 derio,
2266 4069 2559 4124 adversum
2591 4086 2694 4125 nos
2724 4087 2945 4141 quoque
2971 4089 3135 4127 unam
3164 4075 3504 4145 liypostasim
3527 4094 3631 4132 nec

2050 4166 2307 4213 naturam
2332 4171 2644 4216 asserentes
2679 4161 2734 4215 in
2766 4162 2999 4217 Domino
3033 4178 3226 4219 nostro
3248 4167 3376 4221 Jesu
3409 4167 3632 4223 Christo

2052 4251 2352 4306 irruimini.
2409 4251 2513 4308 Sed
2557 4268 2659 4307 nos
2709 4260 3043 4307 structuram
3079 4264 3319 4309 vestram
3378 4256 3633 4311 breviter

2051 4343 2423 4401 dcstruemus.
2456 4344 2646 4401 Omnis
2675 4345 2823 4400 enim
2853 4347 3104 4414 operatio
3133 4362 3199 4401 ex
3230 4348 3477 4416 potentia
3503 4356 3629 4415 est;

2052 4437 2234 4492 omnis
2256 4447 2442 4492 autem
2475 4438 2723 4507 potentia
2754 4437 3062 4502 unitorum,
3109 4438 3224 4491 sive
3274 4454 3338 4493 ex
3378 4439 3632 4508 partibus

365 4515 644 4585 ἐνέργεια,
666 4518 745 4570 ἐκ
773 4516 1052 4587 δυνάμεώς
1088 4519 1234 4571 ἐστι·
1268 4520 1419 4572 πᾶσα
1470 4519 1528 4571 δὲ
1574 4521 1807 4591 δύναμις
1836 4525 1947 4578 τῶν

2054 4528 2197 4583 inter
2231 4544 2311 4592 se,
2351 4530 2467 4583 sive
2493 4543 2561 4583 ex
2605 4528 2719 4597 ipsa
2758 4527 2964 4582 unione
2997 4528 3053 4581 in
3085 4528 3218 4597 ipsis
3267 4529 3537 4583 subsistit.
3571 4530 3629 4583 Si

368 4606 662 4669 συνθέτων,
691 4605 724 4676 ἢ
757 4610 823 4660 ἐκ
846 4608 953 4660 τῶν
984 4607 1106 4660 κατ’
1133 4608 1273 4660 αὐτὰ
1297 4608 1499 4680 μερῶν,
1532 4611 1565 4682 ἢ
1603 4613 1667 4665 ἐκ
1694 4612 1796 4682 τῆς
1819 4631 1947 4669 συνο

363 4696 572 4759 θέσεως
605 4698 776 4768 αὐτῆς
804 4698 1109 4769 ἐνυπῆρξεν
1160 4699 1364 4762 αὐτοῖς.
1410 4702 1583 4773 Εἴπερ
1626 4698 1720 4757 οὖν
1755 4703 1819 4757 τὸ
1846 4705 1946 4775 μὲν

361 4789 424 4842 ἓν
451 4789 613 4859 μέρος
639 4790 801 4859 τῆσδε
824 4790 925 4860 τῆς
949 4790 1207 4843 συνθέτου
1240 4791 1595 4856 ὑποστάσεως
1611 4796 1777 4859 αὐτός
1798 4796 1950 4850 ἐστιν

360 4882 391 4933 6
423 4880 554 4943 Θεὸς
588 4881 781 4949 Λόγος,
811 4881 907 4933 τοῦ
936 4881 993 4935 δέ
1022 4882 1212 4953 ἐτέρου
1250 4884 1450 4953 μέρους
1481 4884 1577 4937 τοῦ
1621 4887 1719 4939 σὺν
1770 4888 1944 4959 αὐτῷ,

360 4971 459 5023 καὶ
482 4971 580 5041 τῆς
614 4971 809 5024 ἐαυτοῦ
832 4973 889 5026 δὲ
904 4973 1043 5044 πρὸς
1073 4975 1253 5027 ἐκεῖνο
1278 4974 1587 5039 συνθέσεως
1608 4978 1771 5040 αὑτός
1799 4980 1949 5033 ἐστιν

359 5062 561 5126 αἴτιος,
594 5065 703 5117 πᾶν
724 5064 778 5117 δὲ
801 5066 991 5126 αἴτιον,
1032 5067 1217 5135 μεῖζον
1238 5067 1338 5137 τήν
1370 5083 1430 5120 τε
1464 5066 1696 5138 δύναμιν
1726 5070 1820 5123 καὶ
1849 5071 1948 5136 τὰς

358 5160 649 5231 ἐνεργείας
685 5161 825 5232 ὑπὲρ
867 5161 934 5214 τά
969 5160 1079 5214 ἴδια
1109 5162 1354 5216 αἰτιατάθ
1387 5162 1507 5226 πῶς
1542 5163 1602 5216 τὸ
1633 5166 1779 5218 κατά
1810 5167 1948 5237 Χρι-

358 5252 489 5304 στὸν
534 5252 563 5305 ὃ
594 5270 647 5304 τι
686 5251 753 5305 ἄν
806 5269 892 5316 τις
922 5254 1066 5306 είποι
1099 5254 1322 5322 γεγονὸς
1372 5254 1658 5321 σύνθετον,
1715 5259 1945 5328 μείζονα

356 5345 477 5410 ’ἐξει
508 5345 634 5399 τινὰ
663 5346 947 5418 ἐνέργειαν
989 5333 1085 5400 τοῦ
1136 5348 1195 5400 ἐν
1249 5347 1398 5418 αὐτῷ
1432 5350 1553 5419 μὲν,
1583 5351 1740 5422 αἰτίῳ
1777 5352 1834 5405 δὲ
1875 5349 1943 5407 αὖ

355 5437 455 5491 τοῦ
500 5438 723 5509 μέρους,
751 5440 918 5510 ῆγουν
938 5438 1031 5493 τοῦ
1064 5440 1212 5493 θείου
1247 5441 1454 5509 Λόγου;
1503 5442 1640 5495 ’Λλλ’
1662 5445 1785 5497 ἐπεὶ
1812 5446 1946 5517 περὶ

357 5529 560 5585 οὐσιῶν
582 5531 717 5600 ἡμῖν
746 5532 988 5603 παρέσχε
1011 5530 1121 5585 τῶν
1142 5532 1427 5602 ὑμετέρων
1446 5534 1689 5589 ἀτοπιῶν
1719 5538 1752 5606 ὴ
1779 5536 1945 5608 ὑπερ-

358 5618 637 5683 ϐλύζουσα
684 5620 899 5690 ἀλογία,
932 5623 1013 5675 ἐτι
1054 5622 1150 5677 καὶ
1198 5620 1407 5677 τούτων
1463 5622 1637 5688 οὕτως
1686 5626 1941 5711 ἐχόντων,

432 5795 457 5885 ξ
483 5796 695 5854 llebr.x
722 5838 737 5865 ,
770 5800 833 5859 4.

2050 4635 2183 4690 ergo
2233 4628 2289 4673 et
2328 4635 2457 4690 pars
2506 4634 2615 4673 una
2663 4619 2830 4674 unitae
2868 4619 3177 4690 hypostasis
3217 4618 3289 4674 sit
3328 4620 3444 4690 ipse
3487 4622 3634 4675 [Deus

2049 4712 2342 4778 Verbum,
2408 4712 2749 4782 alteriusque
2806 4713 2983 4781 partis
3042 4713 3400 4777 comitantis,
3466 4724 3634 4782 atque

2047 4801 2135 4855 sui
2159 4800 2334 4870 ipsius
2353 4800 2579 4855 uniouis
2601 4815 2726 4855 cum
2756 4799 2849 4855 illa
2873 4799 2993 4869 ipse
3009 4811 3093 4856 est
3121 4816 3307 4868 causa;
3330 4802 3509 4856 omnis
3532 4818 3633 4856 au-

2049 4901 2154 4946 tem
2187 4908 2353 4947 causa
2398 4908 2524 4946 cum
2567 4892 2640 4946 sit
2665 4893 2840 4962 major
2860 4893 3106 4962 potentia
3136 4902 3192 4948 et
3216 4893 3635 4963 operationibus

2046 4984 2287 5040 causalis
2312 4984 2449 5047 suis,
2475 4983 2756 5053 quomodo
2770 4982 3105 5049 Christus,si
3127 4985 3253 5053 quis
3274 5000 3401 5037 eum
3428 4984 3633 5037 dixerit

2044 5077 2305 5142 unitum,
2360 5077 2630 5147 majorem
2670 5075 2903 5130 habebit
2950 5076 3190 5145 aliquam
3250 5076 3631 5144 operationem

2044 5184 2209 5238 quam
2245 5168 2424 5238 partis
2462 5184 2585 5238 qua:
2626 5176 2715 5221 est
2740 5167 2797 5221 in
2832 5167 2975 5236 ipso,
3007 5166 3212 5237 quique
3248 5166 3447 5219 iterum
3479 5165 3632 5219 illius

2042 5269 2130 5315 est
2156 5276 2345 5325 causa,
2376 5260 2493 5314 sive
2525 5259 2695 5315 Verbi
2730 5258 2946 5312 divini?
2991 5257 3059 5311 At
3086 5256 3359 5327 siquidem
3393 5257 3627 5311 stultitia

2050 5349 2421 5405 absurdorum
2454 5358 2767 5404 vestrorum
2795 5363 3025 5402 summa;
3053 5348 3121 5402 de
3157 5348 3481 5403 substantiis
3509 5363 3628 5402 ser-

2050 5458 2274 5497 monem
2304 5442 2569 5505 adduxit,
2619 5440 2923 5496 etiamnum
2954 5440 3042 5494 his
3074 5440 3152 5494 ita
3184 5456 3243 5495 se
3275 5439 3625 5503 habentibus,

2046 5534 2208 5589 nobis
2243 5543 2426 5588 tamen
2455 5532 2561 5587 hoc
2595 5547 2816 5603 quoque
2843 5531 3141 5587 dicendum
3174 5541 3291 5598 est,
3331 5532 3378 5587 si
3413 5522 3632 5586 intellb-

2046 5625 2384 5681 ctuabilibus
2434 5625 2613 5682 oculis
2670 5623 3011 5691 intendatis,
3070 5640 3170 5680 vos
3226 5624 3387 5681 facile
3437 5622 3628 5678 videre
