4116 6444
532 332 664 398 lii?

1792 333 2099 395 LEONTII
2139 332 2547 398 BYZAN’I‘INI

3645 343 3781 410 1448

518 444 747 500 omnino
773 440 1048 514 quomodo
1078 456 1299 513 quoque
1354 443 1488 498 fiant
1515 442 1789 513 pleraeque
1816 452 1872 498 et
1922 444 2079 497 mani-

2199 443 2348 512 ὅμως
2409 445 2504 498 καὶ
2559 442 2718 497 τοῦτο
2771 445 2990 500 λεκτέον
3019 448 3171 520 ὑμῖν,
3200 450 3282 505 ὅτι
3330 451 3379 504 εί
3408 452 3524 517 τοῖς
3565 461 3780 525 νοητοῖς

519 538 672 593 festae
697 538 1045 607 opcrationes
1074 537 1143 591 ab
1174 538 1351 601 unito,
1381 552 1521 606 quas
1552 553 1656 592 nec
1684 537 1829 591 Deus
1862 552 1970 590 non
2006 535 2093 590 in-

517 641 794 694 carnatus,
815 647 917 685 nec
942 631 1108 684 homo
1130 629 1248 684 sine
1266 630 1377 685 Deo
1395 630 1668 700 potuisset
1696 630 1875 684 facere
1899 646 2095 699 quem-

518 723 812 776 admodum
847 738 996 776 nunc
1025 722 1183 777 ﬁunt.
1215 722 1348 776 Nam
1374 738 1481 791 qua
1511 737 1646 775 voce
1691 722 1852 776 nobis
1885 720 2091 784 dicitis,

519 816 689 869 Deum
720 816 927 884 absque
951 831 1114 869 carne
1141 814 1506 885 corporaliter
1534 830 1599 868 ex
1634 814 1758 868 sinu
1786 813 2093 881 incorrupti

514 906 768 974 corporis
796 922 1183 975 processurum
1220 920 1362 968 esse,
1397 920 1463 957 an
1488 920 1691 973 corpus
1733 905 1940 972 absque
1982 903 2093 957 Deo

513 1012 581 1050 ex
614 997 736 1050 sinu
774 997 1076 1065 incorrupti
1109 996 1354 1065 corporis
1392 1012 1630 1065 unquam
1660 995 2095 1065 processurum?

516 1088 651 1154 Quis
693 1099 987 1159 postquam
1022 1090 1091 1144 40
1124 1090 1245 1143 dies
1270 1091 1596 1159 jejunassct,
1630 1105 1737 1143 non
1772 1088 1971 1143 esuriit
1995 1088 2095 1141 ho-

516 1181 639 1234 mo?
669 1181 804 1247 Quis
836 1198 967 1236 vero
992 1191 1118 1237 ante
1152 1186 1236 1236 vel
1267 1191 1393 1252 post
1416 1182 1775 1252 quadraginta
1800 1182 1917 1236 dies
1947 1182 2093 1235 Deus

513 1276 740 1329 omnino
767 1277 1005 1330 esuriit?
1037 1276 1172 1343 Quis
1202 1279 1368 1331 etiam
1396 1278 1791 1333 diceretDeum
1815 1293 1945 1331 vere
1969 1292 2094 1331 cor-

514 1369 780 1436 poraliter
802 1385 968 1439 supra
986 1385 1186 1439 aquam
1215 1370 1450 1438 pedibus
1481 1386 1720 1440 unquam
1743 1369 2092 1425 ambulasse?

513 1461 610 1513 vel
649 1461 945 1513 humanam
980 1462 1186 1530 absque
1218 1462 1329 1515 Deo
1351 1470 1603 1515 naturam
1636 1462 1891 1532 abyssum
1920 1461 2093 1515 maris

514 1563 702 1602 ansam
740 1565 859 1603 esse
893 1552 1150 1605 calcare?
1182 1551 1385 1621 Hisque
1419 1552 1619 1606 similia
1644 1553 1929 1615 miracula,
1954 1568 2091 1622 quo-

514 1656 634 1693 rum
662 1657 764 1694 nec
784 1641 967 1695 divina
987 1650 1181 1696 natura
1202 1643 1408 1711 aliquid
1434 1658 1672 1712 unquam
1703 1643 2087 1712 corporaliter,

511 1746 614 1786 nec
670 1732 906 1787 humana
962 1741 1158 1787 natura
1193 1734 1420 1788 omnino
1455 1735 1706 1803 perfecit.
1758 1734 1814 1789 Si
1858 1750 1991 1805 ergo
2019 1734 2088 1788 ad

2197 536 2496 607 ὀφθαλμοῖς
2534 538 2844 609 ἀτενίσητε,
2878 540 3100 595 εὔκολον
3132 543 3258 597 ἰδεῖν
3287 544 3430 598 πάνυ
3461 546 3539 610 ὡς
3566 549 3660 601 καὶ
3686 566 3781 617 γε-

2196 627 2387 695 γόνασι
2416 628 2667 683 πλεῖσται
2694 631 2785 683 καὶ
2816 633 3013 703 τραναί
3042 651 3186 698 τινες
3216 635 3493 705 ὲνέργειαι
3534 638 3610 708 τῷ
3647 657 3777 693 συν-

2196 718 2359 789 θέτῳ,
2395 719 2462 783 ἃς
2508 718 2633 773 οὔτε
2662 721 2796 775 Θεὸν
2826 723 3097 794 ἄσαρκον,
3132 724 3256 780 οὔτε
3282 728 3574 799 ἄνθρωπον
3600 730 3779 786 ἀθέω-

2194 827 2285 862 τον
2329 806 2399 881 ἦν
2449 811 2674 865 δυνατὸν
2706 811 2895 883 ὥσπερ
2925 814 3019 868 νῦν
3043 816 3301 884 γεγόνασι
3340 820 3776 888 διαπράξασθαι.

2196 902 2312 955 Τίνι
2338 899 2448 971 γὰρ
2477 904 2670 956 εἴπατε
2700 906 2832 974 ήμίν
2864 906 3078 979 λόγῳ,ἣ
3102 909 3235 974 Θεὸς
3264 912 3504 981 ἄσαρκος
3536 930 3780 982 σωματι-

2195 992 2287 1054 κὸς
2333 992 2420 1046 διὰ
2466 996 2675 1065 μήτρας
2709 994 2950 1067 ἁφθόρου
2976 1000 3242 1069 χωρήσει,
3275 1001 3307 1071 ἢ
3344 1002 3505 1072 σῶμα
3533 1002 3777 1057 ἀθέωτω

2193 1081 2282 1135 διὰ
2338 1082 2592 1153 σώματος
2674 1086 2913 1158 ἀφθόρου
2971 1091 3185 1161 μήτρας
3224 1093 3467 1162 χωρήσει
3514 1092 3772 1159 πώποτες

2195 1176 2263 1229 Μ’
2293 1177 2347 1228 δὲ
2384 1176 2595 1248 ἡμέρας
2640 1180 2724 1240 τίς
2772 1182 3097 1251 νηστεύσας,
3118 1184 3218 1236 οὐκ
3244 1185 3535 1238 ἐπείνασεν
3562 1187 3776 1257 ἄνθρω-

2194 1284 2323 1333 πος;
2356 1269 2452 1331 Τίς
2502 1268 2559 1321 δὲ
2611 1269 2803 1340 πρώην
2860 1272 2894 1343 ἢ
2942 1274 3078 1343 μετὰ
3120 1276 3535 1345 τεσσαράκοντα
3560 1280 3778 1350 ἡμέρας

2192 1354 2325 1418 Θεὸς
2364 1357 2501 1421 ὅλως
2534 1358 2856 1427 ὲπείνασεν;
2905 1362 3076 1435 ’Υπὲρ
3114 1364 3306 1431 ὓδατος
3334 1367 3392 1420 δὲ
3419 1368 3503 1432 τίς
3531 1368 3597 1422 ἂν
3625 1370 3774 1424 εἴποι

2192 1446 2324 1500 Θεὸν
2355 1448 2571 1519 ἀληθῶς
2613 1454 2891 1522 σαρκικῶς
2922 1456 3043 1508 ποδὶ
3077 1457 3339 1518 πεζεῦσαι
3366 1477 3535 1526 ποτες
3568 1462 3641 1514 Ἥ
3674 1463 3775 1516 άν-

2194 1538 2472 1610 θρωπείαν
2499 1539 2651 1595 ἀθεεὶ
2694 1542 2859 1611 φύσιν
2896 1545 3101 1615 ῐχνεσιν
3139 1548 3455 1614 άδυθίστοις
3500 1550 3775 1605 θαλάσσια

2192 1630 2335 1683 νῶτα
2350 1630 2771 1702 διαπορεύεσθαι
2792 1651 2807 1699 ;
2828 1636 2937 1689 Καὶ
2957 1638 3025 1691 τὰ
3051 1638 3262 1704 τούτοις
3282 1641 3444 1711 ὅμοια
3462 1642 3771 1713 μεγαλουρ-

2193 1726 2438 1794 γήματα,
2464 1720 2540 1778 ὧν
2573 1728 2692 1780 οὐδὲ
2736 1728 2897 1797 φύσις
2927 1730 3050 1785 θεία
3081 1734 3211 1786 ποτέ
3248 1751 3301 1787 τι
3334 1737 3615 1806 σαρκικῶς
3647 1737 3771 1790 δια-

511 1822 629 1878 Ιιαξο
690 1826 873 1879 omnia
921 1827 1057 1880 nihil
1110 1827 1269 1881 vobis
1307 1836 1389 1881 est
1439 1827 1758 1888 dicendum,
1800 1827 1927 1881 licet
1989 1842 2079 1895 pro

2193 1812 2497 1884 πέπρακεν,
2526 1813 2651 1867 οὕτε
2691 1816 3007 1887 ἀνθρωπεία
3035 1820 3095 1873 τὸ
3134 1822 3355 1876 σύνολον
3385 1823 3768 1897 ἒθαυματούρ-

510 1918 778 1971 memoria
813 1919 1140 1974 alterutrum
1176 1922 1335 1974 vobis
1365 1920 1570 1989 eligere
1623 1938 1635 1972 :
1686 1920 1770 1973 vel
1819 1919 2087 1974 habentes

510 2007 628 2061 haec
665 2017 725 2062 ut
758 2026 886 2065 vere
914 2012 1193 2065 mirabilia
1216 2020 1380 2080 atque
1408 2011 1754 2081 prodigiosa,
1789 2011 1970 2066 dehis
2001 2011 2086 2065 lo-

505 2098 604 2166 qui
633 2098 778 2153 sicut
807 2112 1090 2169 gestorum
1123 2116 1447 2170 magnorum
1484 2109 1825 2169 spectatores
1847 2141 1862 2165 ,
1891 2101 1976 2155 vel
2007 2101 2085 2154 nil

508 2202 765 2261 magnum
794 2191 1085 2257 habentes,
1115 2193 1364 2262 nihilque
1390 2192 1627 2262 amplius
1664 2194 1881 2263 nugari.

1142 2412 1294 2469 CAP.
1333 2413 1448 2468 XII.

580 2545 957 2615 Quodcunque
1004 2549 1164 2601 alteri
1197 2549 1435 2613 unitum,
1474 2548 1571 2602 vel’
1596 2564 1693 2617 per
1730 2547 2085 2617 semetipsum

515 2633 717 2697 anitur,
743 2635 827 2688 vel
859 2650 958 2704 per
980 2635 1233 2688 alterum.
1265 2636 1464 2690 Unitur
1492 2636 1712 2705 quidem
1754 2652 1852 2705 per
1882 2645 2085 2691 semet-

509 2742 687 2795 ipsum
718 2726 863 2781 sicut
920 2727 1101 2781 anima
1146 2727 1403 2796 corpori;
1442 2743 1537 2797 per
1577 2728 1811 2781 alterum
1842 2742 1993 2791 vero,
2024 2733 2085 2779 ut

503 2828 694 2889 partes
717 2820 935 2885 domus,
969 2820 1182 2875 scilicet
1220 2837 1318 2891 per
1359 2821 1661 2875 hominem.
1710 2821 1856 2875 Deus
1895 2830 2082 2875 autem

502 2911 768 2976 Verbum,
815 2928 918 2967 nec
944 2928 1043 2981 per
1071 2912 1424 2981 semetipsum
1454 2912 1700 2976 unietur,
1751 2912 1889 2966 nihil
1932 2912 2080 2966 cnim

502 3019 644 3073 opus
673 3004 779 3058 sibi
812 3014 929 3059 est'
964 3020 1065 3059 nec
1091 3020 1189 3073 per
1216 3005 1470 3068 alterum,
1511 3004 1647 3059 nulli
1676 3004 1823 3058 enim
1856 3003 2082 3058 inferior

500 3104 620 3160 est;
652 3094 924 3164 siquidem
956 3110 1119 3149 omne
1150 3096 1365 3149 unitum
1396 3095 1550 3149 alteri
1596 3110 1708 3149 non
1751 3111 1850 3165 per
1875 3103 2077 3149 semet-

504 3184 706 3255 }isum,
758 3186 854 3240 sed
893 3200 991 3256 per
1016 3187 1269 3252 alterum,
1325 3185 1556 3241 inferius
1601 3186 1678 3240 illi
1719 3185 2077 3241 constituitur

504 3293 603 3345 per
632 3277 778 3346 quod
811 3280 1021 3332 unitur.
1058 3278 1112 3332 Si
1143 3293 1271 3332 vero
1303 3292 1403 3331 nec
1446 3294 1543 3346 per
1574 3278 1815 3347 seipsum
1842 3292 1945 3331 nec
1978 3292 2076 3347 per

424 3428 429 3433 ἢ
500 3369 739 3423 alterum
782 3370 1007 3424 unictur
1055 3370 1200 3425 Deus
1252 3370 1529 3434 Verbum,
1587 3372 1895 3441 asynthetus
1943 3384 2075 3439 ergo

498 3462 637 3525 erit,
666 3478 767 3517 nec
790 3479 915 3517 cum
944 3464 1056 3519 ullo
1090 3480 1329 3534 unquam
1371 3465 1426 3519 in
1470 3465 1729 3519 unionem
1763 3466 2073 3520 conveniet.

500 3553 679 3609 Unius
709 3570 773 3609 ac
795 3555 1039 3623 ejusdem
1068 3556 1249 3626 impia:
1282 3556 1483 3611 radicis
1502 3572 1694 3611 omnes
1725 3557 1894 3611 vestri
1916 3557 2077 3627 stipi-

501 3654 587 3700 tes
628 3646 872 3717 ejusdem
915 3646 1065 3701 modi
1110 3647 1357 3701 stultitiae
1387 3656 1537 3709 sunt,
1569 3649 1743 3702 Deum
1778 3648 1873 3717 qui
1909 3664 2075 3717 supra

498 3738 686 3792 omnia
715 3748 799 3792 est
832 3754 959 3793 cum
993 3740 1253 3794 omnibus
1302 3740 1515 3794 caateris
1559 3740 1797 3795 absurde
1842 3740 2076 3795 confun-

499 3830 703 3885 dendo.
737 3831 794 3885 Si
827 3832 998 3895 enim,
1036 3842 1098 3887 ut
1126 3832 1313 3897 vultis,
1360 3832 1727 3902 quodcunque
1762 3834 1919 3887 alteri
1948 3832 2076 3887 uni-

500 3930 641 3987 tum,
688 3922 772 3977 vel
805 3938 903 3993 per
941 3924 1204 3993 seipsum,
1234 3923 1317 3977 vel
1349 3938 1447 3993 per
1488 3923 1723 3977 alterum
1758 3923 1977 3989 unitur;
2027 3922 2072 3976 si

500 4027 638 4066 vero
677 4012 823 4068 Deus
852 4024 937 4068 est
982 4013 1250 4077 omnium,
1300 4022 1361 4067 ut
1403 4012 1665 4079 creditis;
1708 4028 1775 4067 ex
1832 4012 2071 4083 generali
2108 4054 2115 4055 κ

497 4114 683 4159 vcstra
712 4107 1110 4176 propositione,
1138 4121 1234 4160 vos
1255 4104 1525 4160 erravisse
1549 4104 2068 4160 demonstrabimus.

496 4196 744 4267 Namque
774 4198 880 4253 hoc
908 4213 1126 4267 quoque
1148 4212 1250 4252 nos
1276 4198 1351 4251 ita
1380 4196 1685 4251 diceremus
1712 4212 1726 4251 :
1756 4211 1881 4249 cum
1911 4210 2075 4250 omne

494 4287 705 4359 aliquid
725 4290 854 4358 agit,
874 4289 959 4343 vel
989 4304 1087 4358 per
1114 4288 1375 4357 seipsum,
1390 4288 1475 4341 vel
1498 4302 1593 4357 per
1610 4287 1841 4341 alterum
1862 4286 2070 4357 aliquid

494 4381 812 4450 agit;quod
843 4390 1024 4434 autem
1056 4397 1153 4449 per
1183 4380 1424 4449 seipsum
1449 4380 1578 4449 agit,
1616 4379 1741 4448 ipsi,
1767 4380 1919 4449 juxta
1951 4394 2069 4445 vos,

2189 1922 2381 1975 γήσεν.
2414 1906 2478 1958 Ei
2527 1902 2621 1960 οὗν
2672 1908 2809 1980 πρὸς
2846 1909 3021 1963 ταῦτα
3063 1912 3244 1967 πάντα
3273 1915 3439 1985 μηδὲν
3475 1916 3591 1970 ἐστι
3638 1917 3770 1987 ὑμῖν

2187 1994 2389 2063 λέγειν,
2423 1995 2589 2049 καλὸν
2643 1997 2787 2067 ὑμᾶς
2836 1997 2897 2063 ἐξ
2950 1999 3326 2068 ἐπιγνώσεως,
3376 2004 3604 2075 θάτερον
3650 2006 3771 2059 δια-

2188 2092 2528 2161 πράττεσθαι
2549 2108 2562 2121 °
2605 2094 2638 2163 ἢ
2694 2094 2994 2164 βλέποντας
3022 2096 3090 2149 τὰ
3120 2097 3197 2160 ὡς
3225 2098 3441 2169 άληθῶς
3474 2099 3770 2171 θαυμαστά

2083 2206 2091 2213 υ
2188 2184 2283 2236 καὶ
2318 2182 2557 2247 ἐξαίσια,
2588 2184 2770 2239 λαλεῖν
2799 2186 2975 2251 οὕτως
3008 2186 3084 2251 ὡς
3114 2188 3223 2242 τῶν
3255 2190 3508 2259 μεγάλων
3541 2192 3766 2260 θεατὰς,

2186 2273 2219 2343 ἢ
2242 2272 2316 2345 μὴ
2344 2272 2585 2345 ὁρῶντάς
2612 2292 2663 2327 τι
2696 2275 2859 2346 μέγα,
2896 2276 2969 2347 μὴ
3005 2276 3194 2348 ληρεῖν
3222 2279 3476 2348 περιττά.

2775 2412 3029 2469 ΚΕΦΑΛ.
3069 2414 3171 2467 1Β¹,

2257 2549 2374 2602 Πᾶν
2402 2546 2579 2601 ὁτιοῦν
2607 2548 2965 2617 συγκείμενον
3018 2549 3213 2620 ἑτέρῳ,
3246 2548 3278 2619 ἢ
3330 2547 3397 2602 δι’
3422 2549 3587 2603 ἑαυτὸ
3629 2549 3764 2617 σύγ-

2186 2656 2386 2702 κειται,
2419 2640 2451 2708 ἦ
2504 2639 2571 2691 δι’
2612 2639 2824 2707 ἓτερον.
2860 2638 2975 2692 Καὶ
3036 2639 3321 2706 σύγκειται
3350 2640 3455 2711 μὲν
3483 2640 3548 2693 δι’
3576 2641 3761 2701 ἑαυτὸ,

2184 2727 2295 2782 οἷον
2344 2727 2491 2799 ψυχὴ
2534 2728 2613 2797 τῷ
2668 2728 2908 2799 σώματι·
2941 2729 3008 2782 δι’
3038 2729 3226 2799 ἕτερον
3254 2730 3330 2793 δὲ,
3360 2729 3431 2783 τὰ
3472 2730 3611 2801 μέρη
3661 2730 3763 2797 τῆς

2182 2822 2393 2883 οίκίας·
2443 2820 2510 2874 δι’
2560 2821 2849 2890 ἄνθρωπον
2901 2821 3031 2891 γάρ.
3076 2821 3135 2873 '0
3163 2820 3220 2873 δὲ
3247 2821 3380 2886 Θεὸς
3412 2822 3602 2890 Λόγος,
3636 2820 3762 2875 οὔτε

2183 2913 2250 2967 δι’
2278 2912 2471 2966 ἑαυτὸν
2500 2912 2869 2981 συγκείσεται,
2890 2912 3196 2983 ἀπροσδεὴς
3226 2912 3333 2983 γάρ
3352 2928 3366 2943 ο
3396 2913 3519 2966 οὔτε
3549 2913 3615 2966 δι’
3645 2913 3763 2966 ἓτε-

2187 3022 2299 3076 ρον,
2340 3004 2401 3057 οὖ
2446 3022 2594 3066 τινος
2640 3004 2749 3073 γὰρ
2800 3003 3032 3075 χείρων·
3065 3004 3185 3055 ἐπεὶ
3238 3005 3347 3057 πᾶν
3400 3004 3763 3073 συγκείμενον

2184 3098 2377 3168 ἑτέρῳ,
2407 3096 2467 3149 ού
2520 3096 2586 3148 δι’
2623 3097 2806 3157 ἑαυτὸ,
2835 3095 2971 3149 ἀλλᾶ
3002 3095 3069 3149 δι’
3103 3096 3314 3166 ἕτερον,
3341 3092 3504 3173 ἦττον
3548 3097 3759 3151 ἐκείνου

2179 3189 2485 3257 καθέστηκε
2508 3187 2576 3241 δι’
2601 3189 2736 3261 ὅπερ
2773 3187 3078 3256 σύγκειται.
3112 3188 3174 3240 Εἰ
3197 3188 3253 3241 δὲ
3287 3191 3424 3258 μήτε
3458 3188 3526 3241 δι’
3542 3189 3755 3253 ἑαυτὸν,

2182 3282 2317 3352 μήτε
2339 3280 2405 3331 δι’
2428 3280 2619 3350 ἕτερον
2644 3279 3047 3346 συντεθήσεται
3081 3281 3108 3332 ὁ
3131 3279 3263 3342 Θεὸς
3281 3279 3475 3348 Λόγος,
3498 3281 3760 3335 ἀσύνθε-

2178 3390 2281 3438 τος
2333 3373 2440 3442 ἄρα
2486 3372 2579 3425 καί
2609 3371 2716 3423 τινί
2746 3388 2877 3422 ποτε
2906 3371 2986 3433 είς
3021 3372 3272 3424 σύνθεσιν
3304 3372 3379 3441 μὴ
3428 3375 3759 3443 συντρέχων.

2182 3467 2327 3527 Hii;
2351 3466 2445 3517 καὶ
2471 3464 2569 3532 τῆς
2604 3462 2771 3532 αὐτῆς
2802 3462 3033 3525 ἀσεϐοῦς
3064 3462 3242 3533 ῥίζης,
3269 3464 3484 3517 ἅπαντα
3508 3464 3662 3533 ὑμῶν
3692 3468 3760 3518 τὰ

2181 3556 2571 3627 βλαστήματα,
2621 3556 2718 3607 καὶ
2776 3554 2875 3623 τὴν
2927 3555 3316 3625 όμοιοτροπίαν
3374 3555 3474 3621 τῆς
3526 3557 3759 3618 ἀτοπίας

2176 3650 2395 3718 ἔχοντα,
2429 3648 2486 3699 ὲν
2519 3649 2587 3718 τῇ
2620 3645 2918 3716 παραλόγῳ
2946 3645 3037 3698 τοῦ
3073 3646 3216 3716 ὑπὲρ
3256 3647 3432 3699 πάντα
3481 3646 3617 3700 Θεοῦ
3662 3649 3761 3701 civ

2175 3742 2285 3802 τοῖς
2306 3740 2439 3791 πᾶσι
2455 3738 2771 3806 καταμίξει.
2796 3736 2855 3788 Εἰ
2885 3736 3013 3805 γὰρ,
3034 3736 3108 3799 ὼς
3132 3736 3412 3806 βούλεσθε,
3439 3738 3549 3790 πᾶν
3576 3737 3761 3790 ὁτιοῦν

2178 3831 2537 3899 συγκείμενον
2584 3828 2835 3899 ὲτέρῳ,ἢ
2869 3828 2936 3880 δι’
2977 3829 3136 3881 ἑαυτὸ
3163 3828 3195 3897 ἢ
3227 3829 3294 3881 δι’
3318 3827 3504 3897 ἕτερον
3541 3827 3761 3896 σύγκει-

2176 3938 2297 3975 ταιο
2348 3923 2396 3974 εί
2434 3920 2492 3973 δὲ
2536 3920 2643 3973 τῶν
2682 3920 2900 3973 πάντων
2933 3922 2961 3972 ὁ
2998 3919 3152 3981 Θεὸς,
3186 3918 3262 3980 ὡς
3310 3918 3513 3983 οἴεσθε,
3544 3919 3609 3970 ὲκ
3656 3918 3761 3988 τῆς

2174 4012 2401 4067 καθόλου
2440 4011 2591 4081 ὑμῶν
2634 4010 2950 4079 προτάσεως
2980 4010 3050 4063 τὰ
3074 4011 3172 4080 τῆς
3204 4011 3477 4080 ὑμετέρας
3508 4012 3762 4064 ἀποπλα-

2176 4107 2385 4175 νήσεως
2426 4102 2694 4172 δείξομεν.
2732 4103 3002 4173 Εἶποιμεν
3026 4102 3137 4173 γὰρ
3174 4102 3238 4155 ἂν
3273 4102 3369 4153 καὶ
3398 4104 3555 4170 ἡμεῖς
3580 4102 3760 4165 οὕτως

2171 4198 2332 4252 τοῦτο
2351 4213 2365 4226 ⁸
2414 4197 2567 4250 Ἐπεὶ
2596 4198 2705 4250 πᾶν
2738 4196 2797 4248 τὸ
2823 4196 3010 4249 ποιοῦν
3038 4213 3113 4257 τι,
3136 4195 3168 4265 ἢ
3198 4193 3266 4249 δι’
3300 4195 3511 4265 ἐαυτὸῆ
3535 4195 3605 4247 δι’
3632 4196 3753 4248 ἓτε-

2174 4292 2268 4363 ρόν
2294 4309 2348 4343 τι
2375 4291 2538 4343 ποιεῖ’
2558 4290 2618 4341 τὸ
2646 4290 2704 4342 δὲ
2736 4289 2923 4342 ποιοῦν
2953 4289 3019 4342 δι’
3039 4288 3218 4352 ἑαυτὸ,
3246 4288 3458 4349 ὲπιδεὲς
3482 4286 3578 4340 τοῦ
3606 4304 3760 4354 γινο-

2180 4383 2342 4453 μένου
2374 4381 2496 4434 καθ’
2545 4380 2722 4450 ὑμᾶς’
2755 4380 2849 4434 καὶ
2874 4380 2934 4432 τὸ
2959 4380 3026 4432 δι’
3057 4380 3249 4450 ἔτερόν
3280 4397 3332 4431 τι
3363 4379 3570 4443 ποιοῦν,
3592 4375 3759 4450 ἦττον

494 4486 639 4539 opus
658 4479 743 4525 est
771 4471 863 4524 illo
897 4472 1042 4541 quod
1077 4470 1145 4524 ah
1174 4472 1292 4539 ipso
1318 4470 1520 4525 factum
1555 4480 1673 4537 est;
1699 4472 1955 4542 quodque
1975 4489 2074 4542 per

2178 4475 2387 4529 ἐκείνου
2416 4472 2775 4541 καθέστηκεν,
2810 4471 2885 4534 ὣς
2938 4490 3075 4540 φατε
3102 4488 3114 4500 ·
3156 4471 3289 4534 Θεὸς
3324 4471 3433 4542 ἄρα
3464 4472 3631 4524 ποιῶν
3661 4471 3758 4524 τὸν

494 4561 734 4614 alterum
779 4560 910 4629 agit,
962 4559 1038 4613 illi
1072 4558 1303 4613 inferius
1329 4559 1686 4614 constituitur
1750 4570 1810 4615 ut
1861 4561 2066 4615 dicitis.

497 4652 647 4707 Deus
676 4666 807 4721 ergo
838 4651 1103 4704 mundum
1140 4650 1364 4717 faciens,
1416 4653 1502 4705 vel
1550 4652 1621 4705 ob
1650 4653 1930 4721 propriam
1964 4653 2071 4707 uti-

494 4742 731 4807 litatem,
756 4741 840 4796 vel
871 4741 941 4795 ob
965 4742 1189 4797 alterius
1214 4742 1458 4797 melioris
1486 4742 1716 4807 cultum,
1747 4743 1894 4798 hunc
1917 4744 2065 4798 facit.

493 4832 607 4886 Aut
641 4830 686 4885 si
720 4846 822 4886 nec
856 4846 955 4901 per
980 4830 1242 4900 seipsum,
1274 4847 1376 4886 nec
1406 4848 1505 4901 per
1544 4834 1803 4903 majorem
1832 4834 2068 4889 alterum

494 4924 647 4989 facit,
672 4938 782 4978 non
815 4922 981 4978 faciet
1008 4939 1275 4993 unquam.
1296 4923 1583 4990 Quomodo
1609 4925 1768 4980 vobis
1794 4926 1919 4980 talia
1945 4941 2070 4995 pro-

494 5016 641 5070 ferre
674 5015 887 5080 liceret,
939 5016 1044 5070 nisi
1094 5032 1364 5070 summam
1407 5016 1685 5071 infamiam
1719 5016 2068 5087 elegissetis?

491 5106 552 5162 Si
589 5108 839 5178 providet
873 5116 1057 5163 autem
1079 5108 1301 5177 aliquis,
1328 5110 1411 5164 vel
1440 5126 1538 5181 per
1566 5111 1806 5181 seipsum
1855 5119 1915 5164 ut
1942 5109 2063 5165 ani-

493 5213 579 5252 ma
612 5215 711 5269 pro
745 5215 1000 5271 corpore,
1029 5200 1115 5254 vel
1154 5216 1251 5270 per
1282 5201 1538 5269 alterum,
1572 5214 1632 5257 ut
1664 5203 1807 5258 servi
1836 5216 1933 5272 pro
1967 5200 2065 5254 do-

384 5298 387 5299 '
490 5305 614 5344 mus
632 5291 962 5356 ministerio,
991 5306 1088 5361 per
1109 5306 1267 5347 suum
1292 5292 1594 5347 dominum.
1623 5292 1716 5347 Sic
1741 5308 1871 5362 ergo
1896 5291 2061 5353 Deus,

486 5382 580 5451 qui
616 5397 683 5436 ex
716 5382 913 5437 vestris
944 5382 1104 5437 dictis
1136 5383 1394 5437 omnibus
1426 5382 1696 5452 providet,
1724 5382 1809 5434 vel
1841 5381 1910 5434 ob
1939 5395 2065 5450 pro-

485 5474 663 5543 priam
698 5474 995 5527 utilitatem
1052 5474 1157 5529 hoc
1195 5473 1345 5537 facit,
1395 5473 1609 5543 ipsique
1647 5486 1787 5541 opus
1833 5472 1940 5526 erit
1975 5471 2062 5526 his

486 5562 690 5631 quibus
720 5564 1061 5632 p.0viderit;
1110 5564 1196 5619 vel
1252 5574 1312 5617 ut
1355 5563 1577 5633 quidam
1626 5564 1898 5628 minister,
1948 5577 2059 5615 non

2172 4567 2379 4637 κόσμον
2407 4566 2440 4634 ἢ
2471 4565 2536 4618 δι’
2568 4564 2774 4618 οἰκείαν
2801 4563 3066 4633 χρείαν,ἢ
3097 4562 3186 4616 διὰ
3216 4562 3311 4632 τὴν
3343 4563 3535 4631 ἑτέρου
3570 4561 3759 4631 κρείτ-

2168 4674 2320 4721 τονος
2349 4654 2715 4723 λειτουργίαν,
2743 4655 2932 4708 τοῦτον
2964 4657 3127 4707 ποιεῖ.
3173 4655 3243 4707 Ἦ
3278 4654 3328 4705 εί
3362 4655 3499 4723 μήτε
3521 4654 3588 4705 δι’
3620 4654 3753 4705 ἐαυ-

2167 4750 2280 4812 τὸν,
2317 4749 2455 4819 μήτε
2505 4746 2571 4799 δι’
2613 4747 2802 4811 ἕτερον
2873 4745 3096 4816 μείζονα
3149 4749 3315 4811 ποιεῖ,
3347 4745 3467 4799 οὐδὲ
3530 4745 3754 4814 ποιήσει

2169 4841 2412 4895 πώποτε.
2444 4839 2555 4893 Καὶ
2590 4837 2707 4901 πῶς
2736 4839 2864 4908 ύμῖν
2904 4839 3081 4891 ταῦτα
3125 4837 3309 4903 λέγειν
3336 4836 3506 4904 ἐξείη,
3548 4834 3623 4905 μὴ
3653 4835 3753 4903 τὴν

2169 4927 2482 4999 ἀκροτάτην
2523 4926 2875 4998 αἱρουμένοις
2924 4926 3249 4990 κακοδοξίαν
3307 4926 3752 4995 ὲπιγράφεσθαι;

2180 5019 2347 5073 Ἀλλὰ
2390 5018 2488 5071 καὶ
2532 5017 2591 5069 τὸ
2641 5016 2904 5087 προνοοῦν
2957 5033 3124 5081 τινος,
3155 5016 3278 5088 sese
3311 5016 3468 5070 ἑαυτὸ
3498 5018 3574 5077 ὠς
3602 5016 3751 5087 ψυχὴ

2169 5110 2444 5179 σώματος,
2475 5109 2507 5180 ἢ
2542 5108 2608 5161 δι’
2639 5108 2845 5178 ἓτερον,
2870 5108 2944 5171 ὡς
2966 5109 3065 5175 τῆς
3106 5109 3228 5160 κατ’
3258 5103 3407 5161 οἷκον
3439 5107 3749 5177 ὑπηρεσίας

2165 5204 2215 5256 οί
2243 5202 2597 5270 θεράποντες,
2629 5199 2718 5252 διὰ
2749 5200 2838 5252 τὸν
2870 5200 3002 5252 ἴδιον
3028 5200 3317 5269 δεσπότην.
3352 5200 3462 5252 Καὶ
3492 5199 3624 5260 Θεὸς
3653 5194 3749 5251 οὖν

2165 5292 2308 5346 κατὰ
2354 5292 2421 5344 τά
2472 5290 2529 5356 ἐξ
2569 5289 2722 5358 ὑμῶν
2755 5290 3025 5359 λεγόμενα
3055 5289 3302 5359 προνοῶν
3329 5288 3622 5357 navus)qu
3653 5289 3747 5341 διὰ

2163 5384 2262 5449 τὴν
2310 5380 2506 5435 ἑαυτοῦ
2561 5382 2749 5451 χρείαν
2779 5382 2939 5435 τοῦτο
2970 5384 3133 5445 ποιεῖ,
3166 5382 3262 5434 καὶ
3292 5380 3444 5433 ἔσται
3473 5380 3580 5432 τῶν
3609 5396 3745 5447 προ-

2163 5470 2470 5540 νοουμένων
2524 5470 2615 5522 ὑπ’
2659 5467 2825 5523 αὐτοῦ
2879 5469 3197 5540 ἐπιδεής’ή
3252 5469 3327 5533 ὡς
3364 5468 3596 5537 ὑποδεής
3631 5484 3744 5531 τις,

2163 5563 2260 5631 οὐχ
2314 5561 2430 5623 ἐνὸς
2496 5560 2656 5630 μόνου
2704 5560 3149 5625 δεσπότου,ἀλλὰ
3194 5562 3300 5617 τῶν
3327 5561 3605 5616 ἁπάντων.
3633 5561 3744 5615 Καὶ

487 5657 654 5708 unius
697 5664 905 5709 tantum
964 5656 1195 5719 domini,
1248 5656 1344 5709 sed
1378 5657 1644 5709 omnium.
1699 5655 1789 5710 Sic
1834 5655 2061 5710 inferior

2178 5657 2335 5726 ξττων
2362 5654 2661 5723 φανήσεται
2685 5654 2793 5707 τῶν
2825 5655 3300 5726 προμηθουμένων
3327 5654 3418 5709 ὑπ’
3440 5652 3629 5713 αὐτοῦ,
3649 5654 3745 5708 καὶ

488 5743 577 5798 bis
608 5747 809 5813 quibus
863 5748 931 5801 ab
981 5748 1097 5816 ipso
1157 5748 1479 5816 providctur
1535 5746 1830 5815 videbitur,
1892 5762 2058 5806 corvo

2161 5746 2431 5818 κοράκων,
2468 5746 2560 5800 καὶ
2618 5746 2819 5817 κρίνων
2870 5748 2965 5801 τοῦ
3007 5749 3215 5820 ἀγροῦ,
3253 5751 3349 5803 καὶ
3394 5747 3610 5820 κτηνῶν
3662 5742 3745 5813 οἷς
