4116 6460
380 438 539 500 1449-
1335 432 1733 499 ADVERSUS
1764 431 1950 492 NES'I

2052 428 2316 491 LIANOS.
2341 455 2410 465 --
2441 430 2587 490 LIB.
2629 431 2679 491 Ι.
3518 431 3656 498 1450

375 549 651 621 ὲτοιμαζει
684 549 744 603 ὲν
790 548 968 622 καιρῷ
996 548 1066 603 τὰ
1099 547 1245 601 σιτία
1269 546 1365 600 καὶ
1404 544 1729 618 περιϐόλαια
1749 559 1764 573 ·
1793 539 1950 594 ταῦτα

2066 538 2301 603 scilicet,
2330 538 2461 592 liliis
2495 537 2632 608 agri,
2659 537 3037 607 jumentisque
3063 538 3269 608 quibus
3310 538 3366 593 in
3400 546 3652 611 tempore

375 644 428 697 δὲ
477 642 560 707 τίς
585 641 801 695 ὐποίσει
833 641 904 695 τὰ
929 640 1265 712 βλάσφημας

2064 629 2326 685 alimenta
2350 628 2791 698 vestimentaque
2812 636 2991 701 parat.
3023 628 3158 697 Quis
3183 645 3315 686 vero
3370 632 3508 688 tales
3532 631 3655 688 blao

458 815 598 869 Ἀλλ’
612 815 715 869 οὐκ
735 814 955 869 ὲλάθετε
972 813 1242 869 καὶτοῦτο
1258 813 1422 868 πᾶλιν
1448 812 1631 868 ἑκοντὶ
1667 810 1954 883 παρορῶν-

373 924 487 973 τες,
506 907 716 962 καὶτοῦ
753 907 1056 979 μυστηρίου
1089 908 1189 976 τῆς
1211 905 1361 970 θείας
1390 905 1857 977 ὲνανθρωπήσεως
1892 903 1956 956 τὸ

375 999 882 1069 κεφαλεωδέστερον
906 997 1397 1069 παρασιωπῶντες,
1421 999 1470 1051 oi
1486 997 1578 1050 τὸν
1608 995 1798 1067 ἕτερον
1830 995 1955 1066 τρό-

373 1106 474 1143 πον
504 1090 615 1143 τῶν
647 1090 949 1160 γινομένων
975 1090 1096 1143 οὐδὲ
1119 1089 1256 1151 ὅλως
1284 1089 1365 1150 είς
1389 1089 1610 1159 μνήμην
1628 1086 1949 1154 ἀγαγόντες.

374 1182 475 1245 Ὃς
504 1185 655 1237 ἐστιν
683 1187 712 1236 6
740 1183 885 1236 κατὰ
932 1182 1191 1252 πρόνοιαν
1240 1180 1348 1234 τῶν
1377 1180 1660 1251 χειρόνων.
1694 1181 1723 1233 6
1749 1182 1816 1250 τῇ
1849 1178 1955 1232 ὑπὸ

373 1273 465 1326 τοῦ
491 1275 811 1343 Κρείττονος
836 1272 903 1325 δι’
918 1272 1231 1342 ἀγαθότητα
1253 1269 1521 1341 προῖούσῃ
1549 1268 1848 1338 κηδεμονίᾳ
1868 1284 1953 1335 γι-

374 1364 597 1432 νόμενος
612 1382 626 1395 ο
642 1363 765 1416 καθ’
777 1363 837 1416 ὃν
857 1364 951 1416 καὶ
968 1361 1297 1431 γνωρίζεται
1322 1358 1639 1427 ίδιαίταταῤ
1653 1356 1860 1425 ἁγαθός
1893 1373 1949 1407 τε

375 1457 471 1509 καὶ
526 1454 810 1525 παναλκὴς
857 1454 989 1517 Θεὸς
1028 1452 1123 1506 καὶ
1156 1453 1374 1505 πάντων
1404 1451 1596 1512 αἴτιος.
1639 1450 1739 1501 Διὰ
1765 1448 1952 1501 τοῦτον

374 1547 468 1603 οὖν
498 1548 591 1601 καὶ
620 1546 995 1600 συντεθεῖσθαι
1028 1545 1270 1613 λέγεται,
1301 1543 1394 1595 τὸν
1425 1542 1557 1597 ἴδιον
1586 1541 1789 1597 σκοπὸν
1820 1540 1925 1608 ἀλη

376 1639 482 1703 θὼς
509 1639 613 1691 ὑπὸ
645 1638 752 1691 τῶν
772 1637 1075 1708 ὀρθοδόξων
1096 1639 1227 1708 περὶ
1252 1634 1420 1688 αὑτοῦ
1455 1633 1824 1703 λογιζομένων
1852 1631 1951 1701 τὴν

374 1732 505 1801 περὶ
537 1729 703 1784 αὑτοῦ
739 1730 1023 1799 ἀλήθειαν.
1055 1727 1197 1798 Φησὶ
1226 1726 1530 1797 γὰραύτὸν
1560 1724 1628 1777 τὰ
1649 1722 1828 1792 λόγια,
1868 1724 1950 1775 ὅτι

377 1826 501 1892 Οὐχ
541 1822 860 1892 ἁρπαγμὸν
903 1819 1290 1890 ἡγησάμενος
1339 1821 1408 1872 τὸ
1451 1814 1605 1873 εἶναι
1658 1817 1766 1871 ἶσα
1804 1814 1948 1881 Θεῷ,

2061 721 2342 792 sphemias
2375 720 2674 776 sustinebit
2697 721 2721 775 ?

2133 815 2243 871 Sed
2290 830 2401 870 non
2430 814 2588 870 obliti
2621 815 2756 870 estis
2787 814 2892 870 etsi
2941 814 3255 871 voluntarie
3301 813 3647 885 despiciatis,

2061 921 2432 977 magnumque
2490 907 2813 978 mysterium
2863 906 3065 963 divinae
3122 907 3522 963 incarnationis
3562 917 3647 964 ta-

2062 998 2259 1061 ceatis,
2294 999 2391 1068 qui
2429 998 2664 1054 alterum
2696 999 2924 1053 modum
2955 999 3227 1071 factorum
3276 1014 3387 1054 non
3420 1000 3648 1055 omnino

2062 1090 2118 1143 in
2142 1090 2463 1145 memoriam
2512 1090 2837 1145 revocastis.
2870 1089 2975 1157 Qui
3023 1100 3111 1146 est
3167 1091 3513 1161 providentia
3560 1092 3650 1145 in-

2060 1179 2369 1245 firmorum,
2403 1199 2433 1236 a
2462 1181 2687 1236 meliore
2716 1181 2918 1236 missus
2953 1196 3065 1251 prae
3102 1182 3350 1237 bonitate
3396 1182 3648 1238 Salvator

2059 1272 2367 1327 secundum
2391 1272 2550 1347 hunc
2591 1274 2911 1343 agnoscitur
2939 1274 3085 1329 Deus
3119 1274 3174 1327 in
3213 1274 3408 1344 primis
3444 1275 3645 1341 bonus,

2058 1363 2410 1432 omnipotens
2465 1364 2824 1433 omniumque
2870 1380 3057 1419 causa.
3111 1365 3219 1421 Per
3263 1368 3418 1422 illum
3474 1368 3646 1438 igitur

2059 1455 2194 1508 unio
2222 1454 2427 1509 dicitur
2455 1470 2584 1510 vere
2612 1454 2781 1509 fuisse
2804 1458 3120 1527 praecipuus
3140 1472 3340 1527 scopus
3364 1459 3432 1514 ab
3455 1461 3650 1515 ortho-

2058 1542 2219 1597 doxis
2246 1544 2340 1612 qui
2381 1544 2450 1599 de
2502 1544 2596 1598 illo
2630 1546 2920 1599 veritatem
2976 1546 3370 1615 inquisierunt.
3427 1550 3503 1603 De
3555 1551 3648 1605 illo

2056 1633 2207 1688 enim
2236 1635 2429 1688 dicunt
2461 1635 2685 1690 oracula
2719 1651 2874 1691 sacra
2899 1654 2912 1690 :
2950 1636 3070 1691 Non
3098 1640 3348 1707 rapinam
3378 1642 3648 1697 arbitram

2056 1741 2112 1779 se
2144 1741 2255 1779 esse
2302 1727 2559 1795 aqualem
2618 1726 2742 1790 Deo,
2778 1730 3114 1798 semetipsum
3169 1732 3483 1795 exinanivit,
3532 1734 3646 1802 for.-

2059 1828 2205 1865 mam
2244 1813 2381 1866 servi
2413 1815 2672 1884 accipiens
2694 1814 2738 1870 ⁰.
2785 1815 2928 1882 Quid
2981 1832 3114 1888 ergo
3155 1820 3430 1875 commodi
3463 1822 3648 1876 evenit

370 1915 593 1970 ἑαυτὸν
638 1913 921 1979 ἐκένωσε,
967 1910 1215 1982 μορφὴν
1252 1910 1480 1965 δούλου
1516 1909 1739 1965 λαϐὼν.
1768 1910 1835 1963 Τί
1859 1908 1950 1963 οὖν

2054 1918 2121 1959 ex
2146 1904 2254 1960 hoc
2285 1907 2434 1975 quod
2463 1907 2619 1978 juxta
2669 1923 2897 1977 scopum
2944 1924 3107 1964 suum
3141 1926 3318 1981 usque
3350 1912 3416 1966 ad
3450 1911 3645 1967 exina-

370 2009 646 2079 χρήσιμον
675 2007 739 2059 ὲκ
768 2003 964 2058 τούτου
993 2004 1229 2070 γένοιτο,
1263 2002 1416 2066 τέλος
1445 2001 1588 2057 κατὰ
1615 2001 1708 2055 τὸν
1750 2000 1953 2053 σκοπὸν

372 2098 676 2170 ἐκϐεϐηκὸς
731 2095 829 2150 τοῦ
876 2094 1246 2161 κενωθέντος;
1296 2094 1463 2148 Οὐδὲν
1495 2092 1627 2148 ἄλλο
1668 2091 1807 2163 πλὴν
1857 2090 1952 2144 τοῦ

370 2186 519 2258 ἡμᾶς
554 2188 620 2242 ἐκ
667 2184 911 2248 δουλείας
949 2183 1218 2255 ρυσθῆναι
1266 2182 1361 2246 οὒς
1414 2181 1783 2251 προσελάϐετο
1806 2221 1822 2246 ,
1856 2182 1953 2234 καὶ¹

369 2276 513 2331 εἶναι
547 2278 642 2332 ῐσα
684 2277 824 2346 Θεῷ,
858 2275 999 2330 κατὰ
1030 2275 1129 2347 τὴν
1156 2276 1399 2347 ἀρχῆθεν
1427 2274 1595 2331 αὐτοῦ
1626 2276 1755 2346 περὶ
1794 2274 1951 2344 ἡμῶν

369 2367 640 2433 εὐδοκίαν,
679 2367 775 2421 τοῦ
804 2363 944 2420 εἶναι
975 2366 1097 2419 κατ’
1126 2367 1311 2420 είκόνα
1352 2365 1490 2421 Θεοῦ
1534 2365 1629 2420 καὶ
1662 2365 1947 2435 ὁμοίωσιν.

366 2454 515 2529 *Αρα
540 2457 598 2510 δὲ
628 2455 805 2520 οὓτως
832 2456 1048 2526 ἀληθῶς
1082 2455 1380 2518 διάκεισθε,
1414 2453 1513 2525 τὴν
1541 2453 1755 2508 οίανοῦν
1780 2456 1953 2523 ἐπαρ-

369 2550 494 2605 κίαν
515 2548 778 2603 οὐδέποτε
804 2548 872 2603 ὲκ
890 2548 1001 2602 τῶν
1031 2547 1347 2619 ἀπροσδεῶν
1375 2546 1667 2615 γινομένην
1694 2547 1807 2608 τοῖς
1834 2545 1952 2615 χεί-

372 2659 521 2715 ροσιν
571 2640 810 2713 οίόμενοι
833 2679 849 2704 ,
898 2641 1041 2711 μήτε
1102 2639 1331 2701 ἑαυτοὺς
1410 2636 1545 2708 μηδὲ
1589 2635 1779 2706 ἔτερόν
1828 2652 1951 2689 τινα

371 2734 569 2797 ἰδόντες
605 2732 640 2804 ἢ
672 2732 975 2803 ἀκηκοότες
1002 2729 1225 2786 πώποτε
1263 2729 1356 2784 διὰ
1382 2728 1473 2783 τὸν
1502 2730 1562 2782 ὲν
1598 2728 1788 2800 λάκκῳ
1828 2728 1862 2797 ἢ
1891 2728 1952 2780 ὲν

369 2824 581 2897 βοθύνῳ
611 2824 1087 2878 καταπεπτωκότα
1127 2821 1299 2892 ἄνδρα
1341 2820 1506 2891 τυχὸν
1535 2819 1569 2891 ἢ
1595 2819 1734 2873 κῦνα
1763 2819 1798 2890 ἢ
1825 2817 1951 2871 ἓτε-

368 2915 465 2987 ρόν
499 2932 553 2970 τι
600 2914 818 2985 κτῆνος,
853 2911 1114 2974 πολλάκις
1147 2910 1341 2965 ἑαυτὸν
1387 2910 1671 2979 ὲπαφέντα
1714 2906 1794 2978 τῷ
1834 2924 1952 2961 κιν-

364 3005 529 3077 δύνῳ,
557 3004 645 3059 ῖνα
679 3006 856 3059 ἐκεῖνο
881 3004 1294 3073 ἀνασπάσηται;
1326 3000 1390 3054 Ei
1420 3000 1476 3054 δὲ
1505 2998 1664 3054 τοῦτο
1700 2998 1810 3052 τῶν
1866 2997 1953 3050 ὀσ-

366 3097 576 3169 ημέραι
612 3096 923 3167 γινομένων
952 3097 1068 3158 τοῖς
1098 3094 1173 3165 μὴ
1209 3092 1523 3154 σατανικοῖς
1540 3089 1644 3163 τὴν
1668 3089 1946 3160 πρόθεσιν,

366 3191 465 3247 καὶ
490 3192 610 3254 ταῖς
635 3190 863 3261 φθοραῖς
889 3187 1003 3242 τῶν
1039 3184 1352 3256 ὀλλυμένων
1385 3181 1865 3253 ἑπιτερπομείνοις,
1896 3179 1949 3232 τί

368 3284 437 3340 ἂν
464 3285 715 3355 εἴποιμεν
746 3282 841 3336 ἐπὶ
867 3280 1081 3342 τούτοις
1113 3276 1408 3351 προφανῶς
1435 3274 1776 3344 γινομένοιςς
1800 3268 1951 3345 ’Ἆρά

367 3392 433 3445 γε
454 3376 535 3430 ὄτι
553 3375 634 3429 δι’
656 3374 850 3429 ἑαυτὸν
877 3375 906 3427 6
934 3375 991 3427 ὲν
1014 3369 1288 3442 ἀσφαλείᾳ
1309 3366 1483 3431 ἑστὼς
1505 3363 1950 3420 συνεκινδύνευσε

368 3467 466 3521 καὶ
497 3462 862 3534 συνεσυθίσθη
883 3462 963 3533 τῷ
988 3459 1382 3530 ἀπολλυμένῳ;
1426 3456 1591 3510 Ἀλλὰ
1636 3455 1690 3509 τί
1722 3454 1785 3507 τὸ
1814 3453 1952 3525 χρή-

369 3574 530 3629 σιμον
573 3554 729 3628 αὐτῷ
778 3556 903 3610 ὅσον
948 3554 1045 3607 ἐπὶ
1085 3551 1282 3621 τούτῳ,
1318 3548 1626 3620 σημήνατε.
1657 3548 1721 3601 Ei
1771 3546 1830 3600 δὲ
1874 3544 1952 3609 ὡς

367 3650 642 3723 κρείττονι
660 3647 739 3717 τῷ
765 3644 1117 3718 βοηθουμένῳ
1140 3645 1168 3697 6
1191 3640 1407 3713 βοηθῶν
1433 3638 1799 3709 ἐπεκούρησε,
1823 3635 1952 3723 πολ-

366 3722 524 3805 λάκις
547 3740 647 3811 μὲν
673 3733 768 3793 οὖν
792 3736 887 3791 καὶ
907 3735 1068 3797 κυνὸς
1086 3731 1309 3806 χείρονα
1330 3729 1425 3783 τὸν
1452 3726 1736 3785 σεσωκότα
1761 3722 1951 3778 τοῦτον

366 3834 538 3904 ἄνδρα
581 3831 855 3886 δείκνυσιν
903 3824 1060 3897 ὑμῶν
1088 3826 1118 3878 6
1146 3823 1305 3887 λόγος
1332 3811 1521 3882 οὗτος·
1552 3814 1694 3870 ἀλλὰ
1731 3815 1827 3867 καὶ
1858 3813 1951 3866 τὸν

369 3924 755 3997 παρατυχόντα
806 3918 1034 3992 βασιλέα
1068 3914 1294 3984 ζωῦφίῳ
1337 3911 1460 3966 κατ’
1493 3908 1704 3965 οίκείαν
1736 3907 1952 3977 αἵρεσιν

370 4017 742 4089 ὲπαμύνοντα.
802 4014 865 4068 '0
914 4011 973 4066 δὲ
1020 4012 1111 4064 τὸν
1164 4009 1278 4070 τοῖς
1334 4004 1559 4077 λῃσταῖς
1581 3998 1951 4071 περιπεσόντα

369 4088 717 4183 θεραπεύσας
752 4106 1126 4178 Σαμαρείτης,
1152 4100 1250 4155 καὶ
1278 4090 1866 4183 ἀνακομισάμενοςείς
1891 4088 1952 4141 τὸ

370 4182 667 4273 ὑποζύγιον
690 4205 787 4257 καὶ⁵
807 4198 1052 4270 θητεύων
1085 4194 1183 4248 καὶ
1214 4189 1486 4251 παντοίως
1516 4182 1953 4256 ἐπιμελούμενος

369 4298 467 4350 καὶ
482 4291 905 4367 προσδαπανιῖω,
921 4288 955 4361 ἦ
974 4286 1135 4350 αὐτὸς
1153 4281 1442 4344 πεπονθὼς
1460 4278 1530 4333 τὰ
1546 4277 1757 4367 ἐκείνου
1776 4273 1951 4367 ἐποίει

370 4364 539 4451 τάδε,
564 4382 747 4446 καθώς
785 4396 922 4451 φατε
968 4378 1034 4431 δι’
1080 4374 1274 4430 ἑαυτόν
1304 4389 1364 4426 τε
1398 4370 1493 4426 καὶ
1533 4368 1595 4423 οὐ
1647 4366 1715 4419 δι’
1745 4364 1951 4418 ἐκεῖνον

369 4480 528 4553 ἥλγει
571 4478 667 4530 ἐπὶ
720 4477 844 4537 ταῖς
898 4471 1112 4525 ἐκείνου
1147 4466 1421 4534 πληγαῖς·
1472 4462 1506 4533 ἢ
1545 4459 1620 4523 ὡς
1681 4456 1951 4553 κρείττονι

1976 3227 2021 3288 C

2052 1994 2322 2050 nitionem
2374 1996 2772 2054 descenderit?
2815 1999 3038 2054 Nullum
3088 1999 3238 2055 aliud
3269 2001 3379 2055 nisi
3426 2008 3489 2055 ut
3542 2016 3646 2058 nos

2050 2088 2321 2143 liberaret
2350 2105 2420 2144 ex
2452 2090 2721 2146 servitute
2755 2107 2897 2161 quos
2927 2102 3328 2163 assumpserat,
3379 2094 3647 2162 aequales.

2049 2195 2158 2251 que
2181 2181 2294 2236 Deo
2326 2180 2607 2247 ﬁeremus,
2635 2184 2939 2238 secundum
2963 2185 3261 2255 pristinum
3291 2185 3413 2255 ejus
3442 2185 3497 2239 in
3529 2200 3639 2239 nos

2048 2270 2478 2341 beneplacitum.
2502 2288 2571 2327 ex
2593 2288 2702 2343 quo
2723 2273 2792 2328 ad
2821 2273 3114 2346 imaginem
3148 2282 3205 2328 et
3219 2272 3643 2332 similitudinem

2049 2362 2147 2417 Dei
2181 2363 2464 2419 fueramus
2497 2364 2694 2419 creati.
2720 2363 2807 2419 An
2838 2380 2974 2420 vere
3021 2364 3080 2419 hi
3112 2366 3251 2419 estis
3286 2365 3382 2434 qui
3428 2364 3645 2420 nullum

2049 2454 2319 2509 auxilium
2356 2455 2590 2512 inﬁmis
2632 2456 2901 2512 obvenire
2937 2473 3183 2527 unquam
3214 2475 3280 2514 ex
3322 2459 3411 2513 his
3440 2458 3648 2529 quibus

2048 2545 2189 2599 nihil
2241 2560 2383 2615 opus
2421 2554 2509 2602 est
2536 2547 2798 2613 credatis,
2844 2561 2972 2604 eum
3006 2565 3113 2606 nec
3147 2549 3521 2619 vosmetipsos
3542 2562 3649 2608 nec

2050 2637 2224 2694 ullum
2252 2638 2488 2692 alterum
2520 2637 2780 2693 videritis
2807 2648 2907 2695 aut
2935 2639 3229 2697 audieritis
3279 2656 3545 2711 unquam,
3586 2640 3645 2697 in

2050 2726 2231 2782 lacum
2261 2727 2350 2782 vel
2396 2726 2452 2781 in
2498 2728 2771 2799 gurgitem
2813 2729 2969 2799 lapso
3012 2728 3239 2785 homine
3291 2729 3525 2787 forsitan
3553 2730 3643 2785 vel

2050 2836 2190 2876 eane
2224 2820 2312 2875 vel
2358 2820 2469 2875 alio
2503 2821 2744 2890 quodam
2772 2821 3049 2891 jumento,
3098 2822 3346 2891 seipsum
3392 2820 3646 2892 periculo

2050 2924 2196 2980 saepe
2214 2910 2562 2979 exposuisse,
2595 2918 2659 2965 ut
2692 2910 2824 2965 illud
2852 2911 3216 2968 extraheres?
3245 2912 3302 2967 Si
3325 2911 3431 2968 hoe
3456 2919 3645 2969 autem

2050 3002 2302 3072 quotidie
2357 3001 2550 3057 evenit
2600 3001 2691 3057 his
2737 3001 2836 3071 qui
2867 3016 2983 3057 non
3034 3016 3105 3057 ex
3152 3002 3465 3072 composito
3511 3011 3646 3057 sunt

2051 3093 2336 3158 diabolici,
2370 3093 2687 3163 damnoque
2706 3093 3065 3163 pereuntium
3086 3092 3483 3164 gaudentibus,
3509 3093 3645 3164 quid

2052 3185 2120 3240 de
2143 3184 2231 3239 his
2249 3198 2373 3254 quae
2387 3190 2581 3254 aperte
2603 3182 2743 3238 ﬁunt
2768 3182 3022 3238 dicemus
3041 3183 3065 3237 ?
3082 3183 3166 3238 An
3187 3191 3419 3254 propter
3436 3189 3646 3239 semetv

2053 3278 2235 3347 ipsum
2298 3274 2395 3347 qui
2449 3289 2684 3331 securus
2739 3282 2825 3331 est
2876 3274 3291 3344 periclitabitur
3360 3282 3532 3346 atque
3583 3275 3644 3334 in

2049 3369 2310 3440 abyssum
2334 3382 2462 3423 cum
2491 3375 2762 3438 pereunte
2792 3365 3100 3423 descendet
3123 3365 3147 3421 l
3168 3366 3241 3422 At
3272 3366 3408 3437 quid
3448 3366 3558 3438 ipsi
3582 3366 3641 3424 in

2051 3462 2157 3517 hoc
2189 3459 2490 3521 commodi.
2539 3458 2842 3515 ostendite.
2899 3458 2957 3513 Si
2993 3472 3130 3514 vero
3183 3457 3405 3513 meliori
3450 3456 3645 3528 adjuto

2051 3556 2319 3628 adjuvans
2350 3554 2650 3611 auxiliatos
2679 3554 2876 3619 fueris,
2904 3569 3050 3625 saepe
3076 3553 3302 3625 quidem
3337 3554 3508 3625 igitur
3532 3555 3641 3626 ipsi

2051 3649 2177 3706 cani
2236 3647 2588 3709 inferiorem,
2636 3646 2733 3717 qui
2767 3647 2924 3703 illum
2978 3646 3298 3711 salvaverit,
3359 3646 3644 3704 hominem

2052 3742 2160 3797 hoc
2183 3741 2414 3797 verbum
2446 3747 2695 3797 vestrum
2741 3738 3110 3805 demonstrat,
3142 3739 3241 3795 sed
3274 3739 3443 3795 etiam
3477 3739 3649 3796 forsi~

2053 3843 2145 3890 tan
2179 3848 2367 3904 regem
2391 3831 2488 3902 qui
2513 3831 2669 3903 juxta
2701 3829 3117 3899 beneplacitum
3147 3844 3312 3885 suum
3343 3829 3646 3887 bestiolam

2053 3925 2382 3983 defenderit.
2419 3923 2801 3979 Samaritanus
2833 3936 3055 3993 quoque
3083 3922 3182 3993 qui
3212 3938 3344 3978 eum
3376 3922 3475 3993 qui
3504 3922 3650 3979 inci-

2052 4020 2215 4075 derat
2261 4018 2317 4072 in
2362 4017 2608 4073 latrones
2633 4024 2949 4081 curaverat,
3004 4016 3063 4071 in
3106 4015 3428 4086 jumentum
3479 4032 3645 4072 suum

2053 4111 2414 4180 imposuerat,
2443 4108 2496 4162 in
2519 4107 2793 4163 stabulum
2824 4105 3056 4173 ducens,
3078 4107 3402 4162 omnimodo
3430 4107 3645 4172 levans,

2052 4200 2312 4271 quodque
2345 4212 2512 4268 super
2535 4204 2823 4267 erogatum
2864 4194 3047 4251 fuerat
3083 4195 3307 4251 solvens
3332 4236 3349 4261 ,
3393 4195 3482 4250 vel
3513 4197 3644 4265 quia

2053 4293 2170 4364 ipse
2205 4294 2321 4347 hzcc
2377 4290 2527 4344 illius
2571 4288 2891 4359 patiebatur
2948 4287 3131 4343 haecee
3181 4286 3442 4351 faciebat,
3488 4286 3645 4358 juxta

2052 4386 2199 4458 quod
2228 4384 2415 4439 dicitis
2440 4390 2667 4452 propter
2696 4380 2968 4449 seipsum,
2998 4394 3107 4433 non
3142 4393 3278 4434 vero
3301 4387 3532 4449 propter
3581 4377 3647 4431 ει-

2052 4476 2167 4532 lum
2195 4472 2371 4543 plagis
2401 4471 2510 4526 illis
2542 4478 2880 4525 commotum
2916 4468 3087 4524 fuisse
3113 4485 3128 4533 ;
3165 4472 3249 4524 vel
3279 4475 3338 4523 ut
3364 4469 3643 4538 superiori

368 4546 660 4632 δουλεύων,
694 4563 985 4627 οίκετικῶς
1005 4561 1179 4615 ταῦτα
1204 4559 1420 4629 εῐρηται
1447 4553 1651 4607 ποιεῖν·
1678 4548 1773 4602 καὶ
1797 4546 1950 4600 ἔσται

2056 4567 2329 4630 serviens,
2358 4578 2515 4618 more
2542 4563 2685 4617 servi
2719 4562 2836 4617 haec
2880 4576 3044 4631 agere
3073 4560 3319 4627 dicitur;
3372 4575 3477 4616 nec
3510 4576 3643 4631 erga

368 4666 491 4719 καθ’
529 4664 719 4734 ἓτερον
750 4660 853 4713 οὐκ
878 4657 1133 4725 ἐνάρετος
1158 4651 1279 4705 οὐδὲ
1315 4644 1565 4721 μισθὺνῆ
1599 4638 1950 4734 εὐχαριστίαν

2052 4660 2285 4714 alterum
2348 4656 2610 4711 virtutem
2667 4654 2939 4719 coluerit,
2993 4668 3097 4709 nec
3161 4652 3475 4707 mercedem
3547 4662 3644 4709 aut

368 4752 598 4813 εἰκότως
627 4728 1016 4818 *ὀφειλόμενος
1051 4741 1237 4804 Οὕτως
1266 4739 1310 4793 δ’
1348 4737 1445 4791 οὖν
1489 4735 1713 4788 πάντων
1745 4728 1950 4801 μᾶλλον

366 4844 433 4900 ἂν
464 4844 549 4910 εῖη
577 4842 711 4903 Θεὸς
735 4840 765 4892 6
792 4840 931 4893 πᾶσι
975 4834 1191 4905 βοηθὸς,
1222 4830 1424 4902 χείρων
1479 4826 1719 4881 πάντων.
1768 4820 1949 4910 Ἑλατῖ

363 4908 589 4990 τοῦσθαί
617 4928 779 4996 τε,οὖ
809 4945 954 4991 τινος
988 4927 1024 4994 ἦ
1047 4940 1209 4978 τινων
1238 4918 1605 4973 ὑποπτεύοιτο
1630 4914 1790 4985 μόνον
1820 4908 1944 4962 καθ’

366 5029 510 5097 ὑμᾶς
536 5027 566 5079 6
594 5028 761 5079 πᾶσιν
788 5015 1224 5092 ὲπαρκῶν,ἀλλὰ
1249 5013 1359 5067 τῶν
1408 5012 1565 5064 ὅλων.
1602 5007 1711 5060 Καὶ
1738 5004 1822 5097 τίς
1849 5005 1945 5097 ἀντ

365 5091 545 5188 ἐξεται
575 5119 673 5188 τῆς
700 5091 968 5183 τοσαύτης
994 5106 1295 5179 παρανοίας
1313 5122 1329 5171 ;
1349 5100 1561 5156 Οὐκοῦν
1575 5097 1757 5168 δῆλον.
1774 5093 1848 5188 ᾡς
1880 5091 1951 5144 δι’

362 5186 511 5287 ἡμᾶς
550 5186 647 5265 καῖ
675 5208 817 5278 ὑπὲρ
839 5203 999 5277 ἡμῶν
1023 5202 1154 5273 ἡμῖν
1185 5195 1445 5265 συνετέθη
1478 5195 1507 5246 6
1531 5191 1665 5254 Θεὸς
1693 5186 1875 5259 ἡμῶν.

950 5443 1204 5500 ΚΕΦΑΛ.
1253 5440 1356 5495 ΙΓ⁹.

436 5596 553 5652 Πᾶν
602 5586 784 5645 ὁτιοῦν
832 5579 1221 5651 συντιθέμενον
1279 5573 1476 5645 ἑτέρῳ,
1522 5571 1556 5642 ἦ
1593 5569 1745 5641 μένει
1780 5570 1838 5621 ἐν
1881 5569 1946 5638 τῇ

365 5689 618 5748 συνθέσει
650 5685 719 5753 τῇ
762 5678 900 5750 πρὸς
940 5674 968 5727 ὃ
1014 5668 1279 5738 συνετέθη
1308 5664 1634 5730 ἀδιαλύτως,
1677 5661 1803 5732 ἢού
1850 5661 1947 5731 μέ-

433 5870 457 5903 ⁸
485 5867 726 5939 Philipp.
756 5880 817 5925 ιι,
851 5860 905 5915 6.

683 5959 957 6020 Panos.
989 5949 1106 6010 Gn.
1148 5943 1314 6009 LXX
1331 5939 1482 6003 XVI.

2052 4752 2260 4824 gratias
2287 4751 2411 4821 jure
2443 4748 2614 4802 fuerit
2664 4747 2920 4801 meritus.
2975 4745 3067 4801 Sic
3110 4745 3280 4817 igitur
3322 4746 3449 4818 plus
3477 4760 3643 4816 quam
3710 4816 3718 4824 .

2051 4858 2248 4898 omnes
2299 4841 2445 4895 Deus
2497 4837 2756 4893 omnibus
2810 4836 3194 4902 auxiliaretur,
3254 4836 3516 4890 omnibus
3560 4835 3643 4889 in-
3708 4827 3718 4845 ’

2049 4937 2244 5005 ferior.
2274 4933 2395 4990 Non
2441 4932 2619 4987 solum
2664 4932 2819 5001 juxta
2870 4944 2972 4984 nos
2999 4930 3166 4983 alicui
3197 4928 3283 4983 vel
3336 4927 3642 4997 aliquibus.

2049 5043 2177 5083 cum
2243 5024 2505 5081 omnibus
2562 5022 2886 5085 auxilietur,
2946 5019 3041 5074 sed
3097 5018 3359 5073 omnibus
3411 5017 3644 5072 inferior

2048 5118 2367 5172 haberetur.
2438 5114 2704 5182 Hancque
2780 5110 3051 5166 insaniam
3103 5107 3230 5178 quis
3302 5107 3643 5163 sustinebit?

2053 5210 2213 5267 Patet
2238 5221 2391 5276 ergo,
2422 5203 2568 5259 sicut
2600 5212 2826 5273 propter
2857 5215 2980 5263 nos,
3025 5198 3099 5253 ita
3130 5211 3297 5268 supra
3330 5210 3433 5252 nos
3463 5196 3640 5253 Deum

2054 5306 2311 5354 nostrum
2347 5295 2517 5351 fuisse
2546 5292 2788 5347 unitum.

2674 5422 2827 5480 CAP.
2858 5421 3001 5477 XIII.

2125 5565 2299 5622 Omne
2322 5562 2693 5634 quodcunque
2721 5557 2878 5614 alteri
2907 5556 3147 5622 unitum,
3185 5554 3275 5610 vel
3317 5562 3505 5609 manet
3558 5555 3638 5610 in-

2052 5656 2452 5715 dissolubiliter
2484 5655 2540 5709 in
2567 5653 2773 5709 unione
2795 5666 2903 5722 qua
2932 5649 2998 5704 ad
3037 5648 3274 5703 alterum
3300 5648 3519 5711 unitur,
3553 5648 3639 5704 vel
3670 5660 3679 5670 ‘

3200 5915 3277 5979 Ιιθ
