4116 6454
452 408 577 473 1451

1715 418 2020 482 LEONTII
2058 416 2473 505 BYZANTINI

3570 408 3706 475 1452

448 538 557 577 non
603 531 810 578 manet.
857 523 969 579 Nec
1000 525 1225 593 quidem
1257 537 1445 583 manet
1473 528 1715 598 qualiter
1738 538 1924 597 partes
1952 528 2029 582 ir-

2140 544 2241 580 νει.
2273 526 2385 578 Καὶ
2412 524 2475 578 ού
2523 523 2677 594 μένει
2728 522 2847 592 μὲν,
2898 516 3011 576 οἷον
3049 522 3117 576 τά
3152 521 3299 593 μέρή
3346 520 3456 577 τῶν
3491 520 3705 601 ἀλόγων

447 616 861 671 rationabilium
888 618 1231 683 animalium,
1277 629 1461 674 manet
1486 636 1621 677 vero
1641 622 1881 691 qualiter
1909 637 2033 691 par-

447 714 531 761 tes
586 706 899 772 hominum,
954 718 1077 777 post
1132 712 1598 767 resurrectionem
1655 728 1723 768 ex
1774 715 2030 770 mortuis.

445 795 621 851 Omne
641 806 825 851 autem
855 798 1004 867 quod
1036 797 1507 855 indissolubiliter
1535 811 1743 867 manet,
1773 805 1861 859 vel
1884 804 2032 875 quod

446 885 612 939 etiam
644 899 757 939 non
793 894 1005 949 manet,
1052 886 1110 941 in
1142 886 1349 943 unione
1404 889 1471 944 ad
1514 889 1649 945 illud
1688 892 1779 947 cui
1815 894 2034 949 unitum

446 983 550 1037 est,
580 989 685 1029 nec
725 988 789 1028 ex
842 975 1145 1045 semetipso
1172 986 1381 1041 manet,
1410 977 1506 1032 sed
1528 987 1776 1049 tempore
1812 980 2034 1037 aCrea-

447 1075 566 1119 tore
598 1065 859 1134 imposito
904 1074 1120 1121 natura:
1156 1066 1500 1133 dissolvitur,
1538 1083 1639 1123 nec
1665 1070 1890 1140 propria
1922 1066 2037 1125 vir-

448 1165 566 1211 tute
602 1165 791 1212 manet
820 1156 917 1213 sed
956 1159 1166 1213 virtute
1208 1159 1459 1214 melioris
1483 1160 1769 1230 cujusdam
1799 1176 1864 1216 ac
1898 1178 2037 1232 prae-

447 1249 753 1304 stantioris.
775 1248 1083 1315 Quamdam
1105 1265 1239 1306 vero
1266 1252 1556 1307 meliorem
1581 1253 1694 1307 Deo
1709 1252 1889 1307 Verbo
1914 1268 2037 1309 esse

447 1342 711 1397 virtutem
739 1358 1013 1405 asserere,
1051 1358 1163 1398 non
1182 1344 1396 1414 justum
1439 1354 1555 1410 est;
1591 1360 1703 1399 non
1747 1359 1879 1415 ergo
1914 1345 2037 1399 uni-

448 1443 537 1488 tus
567 1443 654 1489 est
688 1435 835 1489 Deus
868 1433 1105 1489 Verbum
1138 1434 1305 1490 alicui
1339 1449 1407 1489 ex
1435 1435 1618 1490 nobis.
1651 1435 1711 1491 Si
1739 1450 1875 1491 vero
1908 1435 2036 1489 uni-

449 1534 541 1579 tus
572 1532 678 1590 est,
711 1525 799 1581 vel
834 1540 943 1580 non
980 1533 1167 1581 manet
1222 1526 1682 1582 indissolubiliter
1725 1526 1782 1581 in
1830 1526 2038 1581 unione

450 1615 516 1671 ad
545 1616 724 1683 illum,
772 1617 859 1672 vel
895 1632 1147 1681 manens,
1201 1617 1408 1673 virtute
1454 1618 1741 1689 cujusdam
1789 1616 2037 1672 melioris

451 1719 657 1773 manet,
696 1710 845 1778 quod
880 1710 1112 1780 impium
1144 1720 1253 1787 est.

520 1801 882 1870 Loquacitate
902 1810 1085 1856 vestra
1104 1801 1518 1867 hebetescente,
1542 1810 1759 1871 tempus
1774 1811 1858 1856 est
1878 1800 2037 1857 nobis

2135 616 2291 680 ζώων
2315 634 2327 645 ·
2357 616 2516 685 μένει
2547 614 2627 677 δὲ,
2655 608 2768 667 οἷον
2812 612 2883 667 τά
2921 613 3032 667 τῶν
3075 612 3405 684 ἀνθρώπων,
3439 614 3582 684 μετὰ
3608 616 3709 685 τὴν

2133 710 2201 761 ὲκ
2225 707 2437 778 νεκρῶν
2464 706 2785 760 ἀνάστασιν.
2815 704 2933 758 Πᾶν
2956 702 3014 757 δὲ
3044 704 3109 757 τὸ
3138 703 3300 774 μένον
3324 703 3649 769 άδιαλύτως,
3672 705 3709 776 ἢ

2134 799 2229 853 καὶ
2257 798 2333 869 μὴ
2365 797 2547 867 μένον,
2578 798 2638 850 ὲν
2665 798 2733 866 τῇ
2762 795 2901 868 πρὸς
2928 795 3022 849 τὸν
3056 789 3102 865 ᾧ
3128 794 3388 867 συνετέθη
3424 796 3707 861 συνθέσει,

2132 889 2259 943 οὔτε
2281 889 2377 959 ἀφ’
2406 888 2603 943 ἑαυτοῦ
2644 887 2835 959 μένει,
2868 886 3008 942 ἀλλά
3050 886 3194 941 κατὰ
3219 887 3310 941 τὸν
3335 888 3619 942 ἐντεθέντα
3640 891 3710 959 τῇ

2134 984 2298 1054 φύσει
2327 985 2455 1053 ὅρον
2492 982 2599 1037 ὑπὸ
2625 980 2722 1035 τοῦ
2752 979 3102 1051 Δημιουργοῦ
3131 978 3448 1044 διαλύεται,
3486 978 3613 1034 οὔτε
3639 983 3711 1051 τῇ

2133 1075 2315 1146 οίκεία
2346 1074 2578 1143 δυνάμει
2608 1071 2787 1144 μένει,
2814 1072 2957 1126 ἀλλά
2992 1074 3059 1143 τῇ
3095 1070 3411 1143 κρείττονός
3435 1088 3583 1136 τινος
3615 1073 3713 1126 καὶ

2136 1165 2601 1238 ὑπερδεδηκότος’
2623 1163 2719 1218 τοῦ
2742 1163 2800 1218 δὲ
2836 1161 2974 1217 Θεοῦ
3002 1163 3179 1232 Λόγου
3206 1158 3349 1219 εἶναί
3371 1180 3497 1218 τινα
3521 1165 3712 1234 κρείτ-

2133 1275 2265 1313 τονα
2294 1258 2561 1327 δύναμιν,
2617 1256 2681 1310 οὐ
2716 1254 2880 1326 θέμις
2914 1254 3090 1308 εἰπεῖν
3113 1270 3127 1286 ’
3163 1254 3267 1308 οὐκ
3296 1254 3407 1328 ἀρα
3444 1254 3709 1326 συνετέθη

2133 1349 2325 1419 ὀβεὺς
2349 1350 2523 1418 Λόγος
2546 1346 2626 1418 τῷ
2645 1347 2705 1415 ἐξ
2729 1346 2889 1419 ἡμῶν
2912 1345 3210 1419 ἀνθρώπῳ.
3233 1346 3298 1402 Εί
3326 1347 3384 1402 δὲ
3416 1344 3712 1419 συνετέθη,

2142 1442 2176 1512 ἢ
2200 1417 2263 1501 a'o
2307 1442 2457 1513 μένει
2487 1417 2792 1505 ἀδιαλύτως
2823 1442 2882 1494 ὲν
2909 1441 2977 1511 τῇ
3007 1417 3145 1512 inps;
3162 1417 3340 1495 em
3367 1440 3640 1507 συνθέσει,
3669 1417 3709 1511 ἢ

2137 1536 2338 1604 μένων,
2362 1531 2669 1605 κρείττονός
2693 1548 2839 1595 τινος
2857 1530 3087 1602 δυνάμει
3118 1530 3293 1602 μένει,
3323 1531 3462 1605 ὅπερ
3488 1530 3729 1596 deﬁt“

2207 1792 2412 1863 Καιρὸς
2444 1792 2575 1863 ἡμῖν
2592 1791 2691 1862 τῆς
2717 1790 2988 1862 ὑμετέρας
3016 1791 3383 1863 θρασυλογίας
3412 1811 3711 1866 παρακμά-

450 1911 575 1949 cum
610 1893 817 1949 Davide
855 1892 1116 1948 dicendi:
1163 1892 1374 1948 Inimici
1405 1894 1709 1963 defecerunt
1737 1892 2029 1961 frameae“;

2138 1882 2361 1954 ζούσης,
2392 1882 2691 1945 Δαυῖτικῶς
2728 1882 3189 1953 ἐπιφθέγγεσθαιο
3228 1884 3339 1940 Τοῦ
3367 1884 3585 1955 ἐχθροῦ
3612 1886 3714 1952 ἐξ·

452 1986 589 2055 quid
637 1985 788 2040 enim
835 1994 1020 2056 potest
1067 1985 1226 2039 vobis
1260 2000 1327 2038 ex
1364 1984 1709 2039 absurditate
1738 1983 2035 2039 defensio?

452 2078 689 2132 Econtra
723 2076 873 2131 enim
896 2091 999 2132 nos
1020 2075 1333 2132 diceremus
1348 2092 1361 2129 :
1376 2075 1650 2146 siquidem
1671 2076 1858 2130 omnia
1882 2075 2035 2129 unita

451 2186 482 2223 ο
504 2170 743 2239 quodam
800 2168 1021 2238 potiore
1060 2176 1376 2232 servantur,
1411 2168 1499 2223 vel
1536 2176 1783 2239 tempore
1830 2167 2035 2223 dissol-

451 2269 676 2324 vuntur,
710 2258 780 2313 ab
823 2259 912 2313 his
935 2259 1031 2329 qui
1078 2258 1228 2313 haud
1274 2258 1443 2314 dubie
1473 2259 1813 2329 perscrutari
1840 2260 2037 2314 volunt

452 2352 689 2404 maxime
730 2349 836 2404 hoc
864 2348 1256 2418 inquirendum
1283 2358 1369 2405 est
1398 2348 1533 2419 quid
1556 2349 1742 2404 omnia
1779 2348 1933 2403 unita
1965 2348 2039 2404 sit

451 2448 823 2495 servaturum.
857 2438 913 2493 Si
940 2448 1127 2494 autem
1170 2440 1359 2509 aliquo
1384 2440 1550 2495 modo
1583 2439 1719 2495 illud
1750 2439 1812 2494 ﬁt
1839 2439 2036 2495 imme-

452 2529 601 2585 diate
625 2531 873 2600 quidem,
902 2530 1010 2585 alio
1029 2530 1193 2586 modo
1213 2546 1346 2587 vero
1369 2532 1632 2598 mediate,
1660 2547 1760 2602 per
1783 2541 2037 2588 naturam

453 2620 690 2683 scilicet,
715 2626 777 2674 ut
803 2619 1027 2689 quidam
1055 2618 1269 2685 dicunt,
1313 2620 1397 2675 vel
1430 2635 1529 2690 per
1558 2620 1722 2674 aliam
1748 2620 2035 2686 virtutem,

453 2708 703 2763 omnium
757 2718 941 2763 tamen
976 2724 1147 2764 unum
1181 2708 1432 2765 divinum
1472 2709 1717 2766 Verbum
1764 2720 2035 2776 servator,

455 2800 884 2869 moderatoque
931 2808 1039 2865 est,
1069 2799 1345 2870 siquidem
1385 2816 1450 2856 ac
1478 2809 1768 2871 promotor
1798 2809 1918 2868 est;
1960 2802 2037 2857 ita

455 2902 517 2947 ut
544 2901 600 2947 et
628 2892 809 2947 media
826 2892 1131 2963 junctaque
1164 2892 1363 2948 mediis
1390 2893 1477 2948 vel
1510 2892 1775 2948 distincta
1805 2894 2036 2950 ordina-

453 2988 605 3039 tione
637 2984 1123 3055 moderationeque
1143 2983 1317 3054 ipsius
1344 2994 1638 3041 serventur
1656 2995 1821 3057 atque
1841 2986 2039 3042 unian-

455 3074 867 3141 tur.Quomodo
897 3074 1068 3144 igitur
1113 3074 1220 3129 hoc
1246 3074 1483 3130 stultitia
1513 3075 1757 3131 alienum
1783 3076 2038 3131 modera-

456 3178 633 3221 torem
682 3167 751 3222 de
804 3167 979 3237 ipsius
1018 3168 1225 3222 unione
1265 3170 1561 3238 quaerere?
1610 3169 1693 3224 An
1728 3169 1895 3224 etiam
1929 3171 2036 3225 hoc

2132 1975 2351 2030 ἔλιπον
2390 1978 2450 2029 αι
2481 1974 2806 2045 ρομφαῖαι·
2848 1974 2905 2029 τί
2944 1975 3054 2047 γάρ
3098 1975 3165 2048 δὴ
3213 1976 3375 2030 τοῦτο
3406 1978 3552 2048 ὑμᾶς
3584 1978 3712 2049 βού-

2134 2067 2285 2121 λεται
2341 2065 2404 2119 τὸ
2454 2067 2513 2133 ἐξ
2570 2066 2807 2137 ἀπορίας
2844 2066 3182 2137 πρόδλημα;
3234 2067 3555 2122 Τούναντίον
3601 2070 3713 2139 γάρ

2134 2160 2297 2231 ἡμεῖς
2342 2159 2592 2229 εἴποιμεν
2620 2156 2708 2224 ἂν,
2744 2158 2872 2212 ἐπεὶ
2908 2158 3090 2213 πάντα
3121 2157 3193 2213 τά
3221 2158 3583 2231 συντιθέμενα
3607 2160 3715 2214 ὑπό
3760 2207 3771 2211 -

2132 2267 2279 2314 τινος
2312 2249 2558 2320 μείζονος
2582 2249 2926 2321 διατηρεῖται
2953 2249 2985 2320 ἢ
3012 2250 3156 2304 κατά
3188 2249 3384 2321 καιρὸν
3409 2250 3712 2307 διαλύεται·

2134 2341 2295 2395 τοῦτο
2326 2340 2459 2395 αὐτὸ
2490 2341 2728 2411 μάλιστα
2763 2340 3027 2413 ζητητέον
3058 2344 3173 2406 τοῖς
3196 2340 3457 2411 ἀσφαλῶς
3485 2343 3716 2415 έρευνᾷν

2138 2433 2483 2506 βουλομένοις
2503 2433 2562 2487 τί
2582 2432 2645 2486 τὸ
2674 2432 2893 2488 πάντων
2912 2433 3299 2507 διατηρητικδν
3325 2433 3436 2489 τῶν
3469 2434 3716 2490 συντιθε-

2139 2525 2316 2595 μένων
2337 2524 2506 2580 έστίν.
2534 2524 2597 2578 El
2629 2523 2687 2578 δὲ
2708 2526 2786 2596 πῆ
2811 2524 2909 2596 μὲν
2925 2523 3168 2594 ἀμέσως,
3198 2524 3275 2595 πῆ
3304 2524 3364 2578 δὲ
3389 2523 3478 2579 διὰ
3508 2523 3716 2596 μέσων,

2137 2616 2213 2680 ὣς
2258 2616 2574 2687 τινέςφασι,
2604 2616 2822 2687 φύσεως
2866 2616 3028 2687 τυχὸν
3078 2617 3113 2689 ἢ
3169 2615 3364 2689 ἑτέρας
3405 2617 3715 2689 δυνάμεως,

2137 2708 2357 2762 πάντων
2388 2709 2538 2780 ὅμως
2585 2709 2616 2762 ὁ
2659 2707 2802 2773 θεῖος
2835 2708 2997 2779 μόνος
3038 2709 3214 2777 Λόγος
3238 2708 3626 2781 διατηρητικός
3651 2725 3715 2762 τε

2137 2799 2233 2853 καὶ
2261 2799 2585 2871 διοριστικός
2625 2799 2794 2867 ἑστιν,
2829 2800 2953 2853 ἐπεὶ
2986 2799 3082 2853 καὶ⁸
3105 2799 3471 2872 προακτικόςο
3502 2800 3579 2862 ὡς
3617 2801 3716 2854 καὶ

2138 2890 2208 2943 τὰ
2232 2890 2376 2961 μέσα
2401 2890 2496 2944 καὶ
2516 2893 2588 2944 τὰ
2610 2889 2699 2943 διὰ
2738 2889 2849 2943 τῶν
2880 2888 3062 2960 μέσων
3083 2888 3500 2960 συσφιγγόμενα
3529 2888 3565 2960 ἢ
3593 2890 3715 2943 δια-

2137 2982 2435 3052 κρινόμενα
2467 2985 2534 3054 τῇ
2559 2980 2727 3036 αὐτοῦ
2756 2982 2989 3052 διαταγῇ
3010 2998 3071 3035 τε
3103 2983 3199 3036 καὶ
3230 2984 3451 3054 συνοχῇ,
3481 2983 3576 3037 καὶ
3597 2983 3712 3037 δια-

2136 3074 2427 3146 τηρείσθαί
2460 3092 2520 3128 τε
2557 3074 2654 3128 καὶ
2698 3072 3063 3128 συντίθεσθαι.
3098 3072 3225 3137 Πῶς
3251 3074 3354 3127 ούκ
3379 3072 3586 3144 ἠλίθιον
3614 3075 3713 3127 αὐ-

2137 3150 2233 3219 τού
2263 3165 2553 3235 παρόντος,
2583 3164 2669 3218 ἓτε
2680 3181 2771 3235 ρον
2810 3162 2995 3234 ζητεῖν
3036 3163 3270 3233 συνοχέα
3303 3163 3398 3219 ἐπὶ
3421 3164 3522 3234 τῆς
3545 3164 3713 3219 αὐτοῦ

455 3260 673 3315 audetis
701 3260 911 3324 dicere,
946 3260 1042 3329 qui
1076 3275 1141 3314 ea
1171 3275 1293 3329 quae
1327 3260 1545 3330 longius
1584 3276 1616 3316 a
1642 3270 1838 3317 natura
1866 3262 2037 3332 ipsius

2144 3258 2484 3323 συνθέσεως;
2524 3258 2673 3327 Μήτι
2724 3256 2784 3310 δὲ
2821 3251 2934 3326 ἆρα
2977 3254 3137 3307 τοῦτό
3179 3271 3343 3324 φατε,
3387 3254 3473 3310 ὃτι
3504 3255 3574 3310 τὰ
3614 3256 3718 3327 μὲν

456 3359 586 3405 sunt
617 3367 838 3407 servare
860 3360 1063 3422 potest,
1096 3367 1225 3407 eum
1252 3352 1400 3422 quod
1442 3353 1684 3421 propriae
1710 3361 1922 3409 natura;
1959 3353 2042 3423 ip-

456 3444 576 3498 sius
619 3444 837 3497 unitum
868 3453 956 3499 est
989 3443 1281 3499 continere
1324 3459 1436 3498 non
1468 3445 1676 3513 posse?
1724 3444 1866 3510 Quid
1909 3460 2042 3516 ergo

457 3534 565 3589 hoc
613 3534 837 3589 stultius
876 3534 1062 3589 esset?
1119 3532 1177 3590 Si
1207 3548 1340 3589 vero
1393 3542 1687 3605 propterea
1738 3535 1885 3605 quod
1930 3550 2041 3590 non

456 3624 528 3679 ab
558 3625 669 3679 alio
691 3625 907 3695 potiore
931 3632 1205 3691 servatur,
1239 3625 1362 3680 ideo
1381 3641 1495 3681 non
1520 3640 1552 3679 a
1573 3626 1754 3696 seipso
1782 3626 2041 3681 unionem

460 3714 635 3783 ipsius
686 3714 800 3768 ullo
847 3714 1013 3770 modo
1054 3714 1513 3771 indissolubiliter
1534 3717 1747 3771 servari
1791 3717 2040 3785 creditis,

460 3804 587 3860 ideo
631 3804 889 3860 similiter
934 3820 1038 3861 nec
1074 3805 1145 3861 ab
1181 3806 1291 3861 alio
1323 3807 1535 3876 potiore
1584 3806 1787 3862 factum
1829 3807 2041 3876 fuerit;

458 3910 623 3951 omne
657 3894 805 3949 enim
832 3910 934 3950 ens
968 3895 1038 3951 ab
1065 3896 1251 3966 aliquo
1279 3896 1494 3967 potiore
1524 3896 1733 3952 factum
1762 3906 1877 3965 est;
1931 3914 2043 3956 non

457 4002 588 4058 ergo
617 3987 770 4042 illum
798 4002 921 4042 esse
950 3988 1359 4044 conﬁteremini
1389 4006 1404 4054 ;
1437 3988 1578 4043 nihil
1607 3988 1756 4044 enim
1795 3989 1911 4045 Deo
1945 4005 2043 4046 ex-

458 4079 777 4140 cellentius;
797 4093 900 4133 nec
920 4080 1238 4135 necessario
1262 4081 1434 4134 Deum
1458 4080 1746 4147 exsistere,
1769 4081 2041 4151 siquidem

459 4186 569 4225 non
616 4171 972 4240 praestantius
1023 4184 1054 4226 a
1102 4187 1212 4241 quo
1261 4171 1417 4226 fieret
1469 4187 1583 4227 non
1634 4172 1893 4228 habebat.
1948 4174 2041 4229 Vel

456 4262 607 4317 entia
651 4263 804 4333 juxta
841 4271 1082 4317 vestram
1138 4263 1466 4333 sapientiam
1502 4265 1571 4319 ab
1618 4265 1802 4334 aliquo
1828 4267 2042 4335 potiore

459 4354 774 4409 necessario
810 4353 952 4408 facta
988 4354 1160 4409 fuisse
1206 4354 1567 4410 videbuntur.
1618 4354 1892 4411 Horumoe
1918 4371 2038 4411 om-

458 4459 584 4498 nem
640 4442 980 4513 impietatem
1030 4444 1323 4500 metientes
1377 4460 1476 4502 vos
1505 4446 1715 4501 somnio
1751 4447 2042 4504 obvolutos

2142 3348 2479 3421 ποῤῥωτέρω
2503 3365 2608 3401 που
2650 3348 2749 3419 τῆς
2778 3345 2945 3400 αὐτοῦ
2972 3346 3183 3415 φύσεως
3212 3347 3490 3417 διατηρεῖν
3513 3343 3627 3412 οἷός
3652 3364 3717 3401 τε

2143 3438 2210 3492 ἂν
2238 3438 2361 3507 εἴη,
2396 3437 2457 3490 τὸ
2496 3436 2555 3490 δὲ
2597 3438 2664 3506 τῇ
2696 3436 2860 3503 φύσει
2908 3436 3055 3499 ἰδίως
3102 3437 3170 3507 τῇ
3215 3434 3380 3490 αὐτοῦ
3428 3436 3720 3508 ἑνούμενον

2144 3526 2391 3598 συνέχειν
2427 3526 2489 3580 ού
2520 3526 2776 3593 δύναται;
2807 3526 2917 3581 Καὶ
2944 3526 2998 3579 τί
3021 3526 3211 3580 τούτου
3251 3527 3319 3582 ἂν
3360 3528 3444 3599 εῐη
3478 3527 3721 3600 ληρωδέο

2142 3635 2370 3691 στερον;
2399 3620 2464 3673 Εἰ
2490 3620 2548 3673 δὲ
2575 3618 2712 3673 διότι
2743 3618 2820 3690 μὴ
2848 3617 2940 3672 ὑπ’
2964 3618 3127 3673 άλλου
3164 3619 3504 3693 διατηρεϊται
3537 3621 3723 3693 κρείτ-

2140 3726 2315 3774 τονος,
2342 3710 2431 3764 διὰ
2457 3710 2618 3764 τῦοτο
2650 3710 2727 3781 μὴ
2760 3709 2819 3764 δὲ
2865 3711 2957 3779 ὑφ’
3004 3711 3226 3779 ἑαυτοῦ,
3267 3711 3409 3783 μηδὲ
3440 3711 3577 3777 δλως
3604 3712 3723 3766 δια-

2139 3801 2427 3871 τηρεῖσθαι
2470 3800 2570 3872 τὴν
2616 3800 2787 3856 αὐτοῦ
2822 3800 3072 3856 σύνθεσιν
3108 3802 3411 3867 ἀδιαλύτως
3445 3802 3720 3875 νομίζετε,

2139 3890 2343 3961 ὁμοίως
2372 3890 2440 3945 ἂν
2470 3891 2606 3944 διότι
2638 3891 2779 3962 μηδὲ
2827 3892 2921 3945 ὑπ’
2946 3892 3108 3948 άλλου
3140 3894 3337 3963 γέγονε
3367 3894 3719 3965 κρείττονος·

2142 3985 2252 4037 πᾶν
2291 3985 2400 4055 γάρ
2429 3983 2488 4037 ὃν
2517 3985 2622 4038 ὑπό
2657 4002 2803 4050 τινος
2847 3985 3160 4058 κρείττονος
3202 3989 3529 4059 γεγένηται,
3585 3990 3721 4060 μηδὲ

2140 4070 2282 4129 εἶναι
2309 4077 2472 4131 αὐτὸν
2492 4077 2877 4149 ὁμολογήσοιτε
2907 4080 2974 4135 άν
2997 4097 3013 4148 ;
3044 4078 3182 4135 Θεοῦ
3216 4081 3326 4152 γὰρ
3349 4081 3504 4135 οὐδὲν
3532 4083 3723 4153 κρεῖσ-

2142 4184 2255 4221 σον⁹
2288 4169 2383 4221 καὶ
2407 4168 2628 4239 ἀνάγκη⁸
2660 4168 2798 4239 μηδὲ
2833 4167 2976 4224 εἶναι
3034 4170 3188 4238 Θεὸν,
3219 4172 3343 4224 ἐπεὶ
3395 4171 3530 4243 μηδὲ
3558 4170 3723 4240 έσχεν

2141 4260 2232 4330 ὑφ’
2261 4260 2291 4313 ὃ
2318 4259 2413 4313 τοῦ
2450 4260 2761 4332 κρείττονος
2804 4263 3118 4334 γεγένηται.
3143 4266 3215 4317 Ἢ
3252 4263 3382 4318 ὄντα
3428 4266 3571 4317 κατὰ
3617 4264 3719 4335 τὴν

2142 4352 2418 4423 ὑμετέραν
2450 4353 2672 4425 δοκήσει
2699 4354 2919 4424 σοφίαν,
2960 4356 3066 4409 ὑπό
3097 4373 3243 4418 τινος
3284 4356 3596 4427 κρείττονος
3619 4373 3685 4424 γε
3706 4386 3718 4396 -

2142 4443 2405 4514 γενῆοθαι
2426 4444 2662 4515 ἀνάγκη.
2691 4444 2912 4500 Τούτων
2939 4445 2997 4500 δὲ
3021 4447 3120 4514 τὴν
3144 4446 3407 4501 ἀσέϐειαν
3435 4447 3557 4517 δση,
3589 4447 3721 4516 ύμῖν

458 4533 931 4602 derelinquemus.
972 4531 1081 4587 Sed
1112 4533 1229 4589 haec
1253 4534 1544 4590 sufﬁciant.
1589 4537 1648 4591 In
1679 4539 2037 4594 conclusione

2143 4536 2545 4606 καταλείψομεν
2575 4536 2915 4606 άφυπνοῦσιν
2943 4536 3414 4609 ὲκμετρήσασθαι.
3458 4537 3599 4592 ’Δλλ’
3621 4537 3718 4592 οὔ·

458 4640 611 4688 vero,
655 4623 933 4692 quomodo
983 4623 1396 4681 distinctionem
1430 4627 1597 4682 Verbi
1648 4628 1717 4684 ab
1773 4629 1867 4683 illo
1889 4628 2038 4699 quod

460 4714 564 4785 ipsi
608 4713 797 4767 unitur
846 4713 1255 4777 concesseritis,
1316 4715 1688 4788 unionemque
1727 4734 1759 4772 a
1822 4719 2041 4788 potiore

460 4804 580 4859 ﬁeri
610 4803 889 4872 quomodo
934 4804 1285 4871 induxeritis,
1321 4808 1619 4865 nescimus.
1676 4810 1840 4866 lnitio
1889 4813 2039 4866 enim

458 4893 953 4966 argumentationis
1005 4902 1223 4959 vestrae,
1270 4910 1432 4954 omne
1478 4914 1590 4953 non
1643 4914 1894 4965 manens,
1952 4899 2040 4955 vel

461 5003 688 5042 manens
722 4987 777 5041 in
817 4987 1041 5051 unione,
1082 5004 1184 5044 nec
1212 5005 1280 5045 ex
1303 4991 1483 5061 seipso
1532 5008 1779 5055 manere,
1831 5008 1934 5047 nec
1970 5008 2039 5048 cx

459 5080 641 5149 seipso
670 5078 917 5145 dissolvi,
941 5094 975 5134 ο
999 5080 1271 5135 ratiocinii
1298 5082 1642 5152 peritissimi,
1680 5083 2034 5140 asserebatis.

1081 5266 1231 5350 CAP.
1271 5296 1408 5351 xw.

531 5430 586 5485 Si
620 5431 765 5485 Deus
803 5432 1044 5486 Verbum
1076 5440 1288 5487 natura:
1317 5441 1519 5489 nostra:
1556 5433 1808 5490 rationali
1847 5439 2039 5493 unitur

460 5529 719 5590 tanquam
769 5530 957 5577 nostro
1004 5523 1219 5592 corpori
1277 5524 1467 5578 unitur
1497 5525 1681 5580 anima
1732 5528 2038 5593 rationalis,

459 5611 681 5683 quando
712 5622 922 5667 naturae
955 5623 1157 5669 nostrae
1196 5616 1450 5671 rationali
1506 5617 1806 5686 videbitur,
1839 5633 2039 5690 opera-

538 5796 561 5827 ι
595 5795 735 5848 Ρὸςιι.
771 5811 843 5861 ιχ,
884 5799 932 5849 7.

2143 4643 2253 4690 τως
2292 4626 2393 4697 μὲν
2420 4626 2568 4681 τάδε.
2626 4625 2715 4680 Ἐν
2765 4625 2823 4679 δὲ
2869 4626 2948 4698 τῷ
2987 4630 3440 4699 συμπεράσματι,
3471 4627 3593 4692 πῶς
3619 4626 3720 4696 τὴν

2142 4715 2417 4786 διάκρισιν
2436 4715 2529 4769 τοῦ
2546 4715 2721 4784 Λόγου
2752 4716 2860 4771 ἀπὸ
2887 4716 2983 4771 τοῦ
3011 4720 3373 4789 συγκειμένου
3403 4718 3553 4790 αὺτῷ
3583 4734 3722 4789 παρ-

2145 4807 2496 4876 εχωρήσατε,
2538 4806 2641 4877 τὴν
2681 4807 2743 4861 δὲ
2782 4808 3014 4879 συνοχὴν
3038 4849 3055 4875 ,
3084 4810 3191 4863 ὑπὸ
3221 4810 3534 4881 κρείττονος
3578 4806 3720 4863 εἶναι

2148 4898 2538 4968 συνεισάγετε,
2587 4900 2691 4953 οὐκ
2726 4898 2910 4970 ἴσμεν.
2954 4900 3043 4954 Ἐν
3077 4901 3219 4972 ἀρχῇ
3255 4901 3365 4973 γὰρ
3412 4900 3516 4971 τῆς
3544 4917 3719 4953 κατα-

2146 4990 2349 5061 σκευῆς
2376 4991 2553 5061 ὑμῶν,
2584 4993 2694 5046 πᾶν
2722 4992 2785 5045 τὸ
2809 4993 2886 5065 μὴ
2923 4993 3107 5063 μένον,
3132 4992 3166 5063 ἢ
3203 4993 3365 5064 μένον
3397 4994 3458 5046 έν
3483 4994 3550 5063 τῇ
3592 5008 3722 5045 συν-

2144 5080 2314 5147 θέσει,
2337 5080 2463 5136 οῠτε
2494 5082 2592 5151 ἀφ’
2624 5083 2820 5138 ἑαυτοῦ
2862 5084 3068 5154 μένειν,
3098 5084 3225 5137 οὔτε
3258 5084 3354 5154 ἀφ’
3380 5082 3574 5138 ἑαυτοῦ
3603 5082 3723 5137 διαο

2142 5172 2366 5228 λύεσθαι
2397 5174 2615 5243 ἐλέγετε
2646 5174 3213 5244 συλλογιστικώτατοι.

2722 5308 2977 5362 ΚΕΦΑΛ.
3031 5305 3132 5361 1Δ’.

2218 5442 2282 5494 Ei
2316 5441 2598 5510 σύγκειται
2638 5442 2667 5495 ὁ
2705 5441 2839 5508 Θεὸς
2871 5443 3047 5512 Λόγος
3079 5445 3143 5515 τῖ
3197 5442 3258 5508 ἐξ
3298 5443 3455 5515 ἡμῶν
3487 5442 3723 5513 ἐμψύχῳ

2150 5532 2339 5603 σαρκὶ,
2367 5532 2444 5596 ὡς
2480 5531 2769 5601 σύγκειται
2814 5533 2849 5603 ἡ
2889 5532 3084 5604 λογικὴ
3134 5531 3281 5603 ψυχὴ
3326 5531 3403 5602 τῷ
3438 5531 3724 5602 ,ἡμετέρῳ

2150 5623 2383 5695 σώματι,
2410 5627 2510 5697 τῆς
2539 5624 2600 5691 ἐξ
2635 5624 2795 5697 ἡμῶν
2830 5625 3081 5698 ἐμψύχου
3121 5625 3325 5696 σαρκὸς
3358 5624 3721 5679 καθευδοκού-
