4116 6446
389 389 539 455 1453'

1320 377 1725 441 ADVERSUS
1759 376 2316 440 NESTORIANOS.
2347 404 2416 415 --
2442 378 2591 440 LIB.
2636 379 2687 439 Ι.

3534 376 3675 443 1454

381 519 507 576 σης,
537 500 789 571 είργεται
819 494 1017 559 ὁ,Θεδς
1046 492 1223 563 Λόγος
1261 493 1371 548 τῶν
1416 492 1634 546 οίκείων
1675 491 1970 562 ἐνεργειῶν

2091 492 2257 549 Lioncs
2280 509 2410 549 suas
2447 495 2590 549 Deus
2622 492 2862 550 Verbum
2890 493 3103 549 invitus
3133 493 3491 566 operabitur,
3530 497 3676 555 sicut

380 595 725 666 ἀϐουλήτως,
757 589 1019 663 καθάπερ
1046 589 1084 659 ἡ
1132 586 1282 657 ψυχὴ
1313 586 1550 640 παύεται
1595 584 1690 638 τοῦ
1722 586 1972 657 ἐνεργεῖν

380 689 441 755 ἐξ
472 688 749 759 ἀνάγκης,
785 684 885 738 τοῦ
920 680 1181 753 σώματος
1214 682 1295 744 είς
1319 678 1880 749 ’ύπνον’τρεπομένου.
1906 677 1972 731 El

378 781 435 836 δὲ
468 780 547 852 μὴ
587 779 879 848 σύγκειται
922 777 951 829 ὁ
979 774 1114 838 Θεὸς
1141 772 1318 841 Λόγος
1339 773 1408 843 τῇ
1453 771 1513 836 ἐξ
1553 770 1713 841 ἡμῶν
1741 769 1975 841 ἐμψύχῳ

382 870 574 943 σαρκὶ,
624 868 703 932 ὡς
753 867 1042 935 σύγκειται
1072 864 1106 934 ἡ
1138 861 1287 932 ψυχὴ
1319 860 1401 931 τῷ
1434 860 1695 931 ἡμετέρῳ
1730 858 1971 929 σώματι,

382 964 671 1032 σύγκειται
703 960 762 1015 δὲ
793 958 955 1023 ὅλως,
989 955 1233 1009 δότωσαν
1272 955 1405 1024 ἡμῖν
1432 951 1635 1023 δεῖγμα
1656 951 1758 1021 τῆς
1785 949 1971 1004 συνθέ-

383 1074 524 1119 σεως
554 1054 680 1109 καθ’
716 1052 784 1124 ἢν
817 1050 1103 1123 βούλονται
1145 1045 1471 1116 συγκεῖσθαι
1506 1044 1601 1098 τὸν
1628 1042 1766 1098 Θεὸν
1800 1042 1975 1112 Λόγον

381 1146 460 1219 τῷ
494 1145 554 1212 ἐξ
593 1143 755 1216 ἡμῶν
784 1139 1084 1212 ἀνθρώπῳ.
1124 1138 1188 1190 Εἰ
1216 1137 1275 1191 δὲ
1315 1136 1392 1206 μὴ
1419 1134 1718 1206 εὐποροῦσι
1756 1135 1977 1200 τούτου,

384 1238 801 1314 βεϐαιούτωσαν
831 1234 895 1289 τὸ
930 1233 1231 1304 λεγόμενον
1261 1232 1450 1293 αὐτοῖς
1487 1229 1734 1300 γραφικῇ
1766 1243 1978 1298 μαρτυ-

387 1333 482 1405 ρία
503 1345 520 1362 ·
553 1326 853 1400 πιστοτέρα
874 1326 985 1396 γὰρ
1015 1326 1149 1396 ἡμῖν
1180 1320 1322 1393 αὕτη
1349 1321 1533 1391 πάσης
1572 1319 1812 1390 φυσικῆς
1838 1318 1977 1372 ἀπο-

385 1423 634 1489 δείξεως.
671 1420 733 1473 El
767 1417 824 1472 δὲ
855 1415 997 1488 πρὸς
1038 1413 1235 1484 ἐκείνῳ
1270 1413 1366 1466 καὶ
1394 1410 1600 1481 ταύτης
1630 1408 1974 1480 ἀμοιροῦσιν,

388 1516 711 1586 ἀμάρτυρον
742 1512 852 1582 ἄρα
894 1509 956 1563 τὸ
984 1508 1282 1578 λεγόμενον
1317 1505 1526 1569 αὐτοῖς,
1552 1504 1645 1557 καὶ
1668 1501 1978 1573 άπόφανσις

388 1608 522 1679 ψιλή
548 1623 563 1637 ·
604 1604 688 1659 διδ
716 1604 816 1658 καὶ
847 1602 1118 1657 ἀδεικτον·
1148 1596 1339 1670 τὸ,γάρ
1365 1594 1581 1667 φυσικῷ
1600 1594 1746 1665 λόγῳ
1772 1594 1849 1665 μὴ
1878 1594 1981 1647 δει-

390 1701 661 1769 κνύμενον
695 1696 794 1751 καὶ
827 1694 1075 1767 γραφικῇ
1113 1689 1397 1763 μαρτυρίᾳ
1430 1688 1507 1759 μὴ
1559 1686 1977 1759 βεϐαιούμενον,

387 1793 619 1863 πλάσμα
657 1788 755 1843 τοῦ
807 1787 1065 1856 λεγόντος
1095 1785 1183 1854 εἴη
1227 1783 1326 1839 ἀν·
1362 1781 1460 1837 καὶ
1510 1780 1673 1835 τοῦτο
1707 1779 1978 1834 ἀπίθανόν

387 1905 447 1942 τε
497 1886 616 1958 ἅμα
637 1884 731 1937 καὶ
758 1881 979 1945 ἀσεϐές.

366 1992 367 1995 ‘
457 1973 607 2048 'A9a
641 1977 751 2048 γὰρ
792 1972 966 2037 οὕτως
994 1973 1247 2041 ἀνάγκη,
1302 1962 1349 2023 ὧ
1403 1965 1582 2037 σοφοὶ,
1622 1964 1684 2020 τὸ
1735 1963 1879 2019 κατά
1928 1982 1983 2019 τι

388 2072 528 2144 πρὸς
556 2067 824 2141 ὁμοίωσίν
854 2082 1004 2129 τινος
1054 2060 1659 2135 παραλαμϐανόμενον,
1709 2061 1806 2113 καὶ
1841 2057 1985 2112 κατά

389 2165 570 2219 πάντα
602 2161 693 2216 τὸν
724 2156 924 2213 ἑαυτοῦ
952 2155 1116 2225 λόγον
1158 2153 1400 2207 ἐοικέναι
1428 2151 1507 2221 τῷ
1535 2150 1982 2223 παραδείγματι;

389 2255 503 2311 Καὶ
524 2254 640 2317 πῶς
661 2251 728 2307 ἂν
749 2251 831 2304 ἐτι
856 2248 1010 2321 μένοι
1034 2247 1333 2317 λεγόμενον
1364 2243 1723 2314 παράδειγμα
1743 2259 1758 2308 ;
1788 2242 1985 2295 Ἔσται

390 2348 499 2419 γὰρ
530 2346 626 2401 καὶ
652 2344 813 2398 τοῦτο
838 2341 1225 2414 πρωτότυπον,
1250 2337 1327 2410 τῷ
1350 2337 1634 2391 ἀνελλιπεῖ
1657 2337 1758 2405 τῆς
1790 2332 1987 2405 ὁμοιώ-

393 2454 555 2501 σεως·
593 2435 833 2508 μάλιστα
859 2433 919 2488 δὲ
941 2430 1186 2504 ὁπηνίκα
1204 2429 1315 2482 τῶν
1334 2428 1464 2499 περὶ
1487 2427 1589 2499 τὴν
1618 2424 1805 2480 οὐσίαν
1837 2424 1985 2477 ἰδιω-

396 2534 607 2606 μάτων,
645 2532 679 2602 ἢ
715 2532 775 2583 ὲν
802 2527 967 2600 οὐσίᾳ
1008 2523 1488 2598 προσγινομένων,
1531 2521 1623 2575 καὶ
1664 2519 1766 2573 οὐκ
1793 2519 1986 2581 οὐσίας

392 2624 535 2681 εἶναι
565 2625 782 2693 λέγοιτο
815 2619 1108 2693 ὁμοίωσις,
1149 2617 1270 2681 πῶς
1323 2616 1419 2670 καὶ
1461 2614 1533 2669 τὰ
1572 2613 1801 2683 θατέρου
1837 2611 1983 2677 ῐδια,

393 2717 615 2787 θατέρῳ
648 2732 733 2779 τις
766 2711 1094 2783 ὲπισύρεται
1123 2709 1201 2773 ὡς
1231 2708 1376 2763 ίδικά
1400 2724 1415 2775 ;
1441 2706 1637 2761 Ἔσται
1655 2703 1769 2774 γὰρ
1799 2701 1987 2757 λοιπὸν

393 2807 575 2863 κοινά.
611 2804 744 2858 Δέον
763 2802 899 2873 γοῦν
920 2802 1090 2872 ὑμᾶς,
1112 2800 1162 2853 εἰ
1194 2797 1373 2853 ταῦτα
1404 2794 1583 2859 οὕτως
1606 2795 1755 2865 ἔχειν
1783 2791 1986 2857 οἴεσθε,

395 2901 494 2956 καὶ
536 2900 608 2961 τά
658 2896 840 2951 τοιάδε
898 2894 1010 2967 ἄρα
1058 2891 1344 2963 λογίζεσθε
1392 2888 1590 2960 τυχόν·
1620 2887 1745 2941 ἐπεὶ
1786 2888 1845 2940 ἐν
1875 2888 1990 2950 τοῖς

394 2991 619 3062 Δίθίοψι
638 2989 699 3044 τὺ
726 2988 900 3059 μέλαν
926 2984 1103 3050 οὕτως
1141 2983 1389 3056 ὁρατέον,
1419 2982 1495 3045 ὼς
1524 2980 1621 3034 καὶ
1659 2981 1719 3033 έν
1750 2980 1865 3043 τοῖς
1897 2978 1991 3031 κό-

400 3085 575 3158 ραξιν,
615 3085 716 3137 ὅσα
745 3083 861 3144 τοῖς
895 3076 1090 3150 κόραξι
1127 3076 1660 3149 προσμαρτυρεῖται,
1690 3072 1991 3140 ἀναγκαῖον

398 3178 687 3249 προσεῖναι
716 3175 813 3229 καὶ
837 3174 953 3236 τοῖς
974 3170 1246 3240 Αἰθίοψιν.
1272 3168 1447 3238 Εἴπερ
1475 3166 1563 3235 ἐφ’
1583 3158 1660 3219 ὧν
1689 3165 1754 3217 ὲκ
1786 3164 1990 3234 μέρους

395 3270 508 3325 τῶν
529 3265 881 3323 ὲπουσιωδῶν
904 3266 1057 3318 ἐστιν
1080 3261 1363 3334 ὁμοίωσις,
1397 3259 1495 3315 καὶ
1525 3258 1594 3312 τὰ
1614 3256 1779 3311 λοιπά
1810 3258 1989 3311 πάντα

397 3359 664 3423 ὡσαύτως
695 3359 881 3429 ζητεῖν
910 3357 969 3410 ἐν
997 3354 1245 3425 ἑκατέρῳ
1272 3352 1382 3405 τῶν
1410 3350 1613 3422 ὁμοίων
1640 3349 1877 3418 ἀνάγκη·
1902 3347 1991 3401 λέ-

399 3473 558 3526 γεται
587 3454 644 3507 δὲ
674 3451 804 3523 περὶ
835 3449 945 3504 τῶν
983 3448 1261 3520 κοράκων,
1291 3445 1426 3499 ποτὲ
1463 3444 1561 3515 μὲν
1590 3442 1792 3507 αὐτοὺς
1821 3442 1987 3495 ἵπτα-

403 3550 565 3613 σθαι,
600 3545 735 3599 ποτὲ
768 3544 827 3599 δὲ
864 3541 1118 3608 πεζεύειν
1164 3537 1511 3610 ἠρεμοῦντας
1550 3538 1652 3607 τῆς
1701 3535 1988 3605 πτήσεως·

401 3641 603 3698 οὖκοῦν
641 3638 890 3702 καὶτοὺς
946 3634 1214 3698 Αἰθίοπας
1254 3632 1430 3694 οὕτως
1464 3630 1614 3701 ἔχειν
1664 3627 2023 3694 δόξας-τέθη-

415 3734 581 3789 Ἀλλὰ
610 3732 706 3788 καὶ
740 3727 1051 3801 τοῦμπαλιν
1094 3726 1164 3780 τὰ
1191 3724 1303 3778 τῶν
1342 3721 1620 3776 Αίθιὸπων
1653 3722 1771 3784 τοῖς
1800 3718 1994 3790 κόραξι

403 3829 590 3886 πάλιν.
622 3826 889 3895 Λέγονται
919 3822 976 3876 δὲ
1006 3822 1102 3875 καὶ
1142 3821 1191 3873 οἱ
1223 3820 1282 3873 έν
1328 3816 1543 3889 θεάτρῳ
1577 3814 1718 3883 λαοὶ,
1761 3813 1899 3867 οἵτε
1936 3813 1995 3864 έν

404 3920 558 3992 αὐτῷ
612 3918 753 3972 λίθοι
798 3914 998 3987 ὁμοίαν
1026 3912 1173 3983 ἔχειν
1222 3910 1321 3980 τὴν
1358 3908 1689 3981 παράθεσιν,
1728 3905 1826 3959 καὶ
1868 3903 1994 3959 καθ’

402 4015 602 4085 ὁμοίαν
635 4012 831 4065 ἕνωσιν
861 4005 1099 4077 τοπικὴν
1139 4001 1459 4073 συγκεῖσθαι
1489 4000 1739 4072 ἀλλήλοις
1782 3997 1996 4068 ὡμολό-

402 4122 591 4177 γηται.
636 4101 870 4172 Ἕψεται
896 4093 991 4153 οὖν
1019 4096 1115 4150 καὶ
1158 4096 1273 4157 τοῖς
1314 4092 1485 4156 λίθοις
1519 4089 1866 4160 γελαστικὸν,
1899 4087 1997 4142 καὶ

403 4200 524 4261 τοῖς
556 4192 867 4265 ἀνθρώποις
911 4189 974 4243 τὸ
1011 4185 1348 4257 πελεκητόν·
1400 4183 1524 4238 ἐπεὶ
1572 4183 1632 4236 ὲν
1665 4181 1917 4253 θατέροις
1961 4181 1995 4252 ἠ

407 4286 717 4359 παράθεσις
762 4281 925 4354 ὁμοία
958 4278 1210 4350 φαίνεται
1246 4275 1323 4331 ὢν
1354 4276 1454 4345 τῆς
1483 4273 1756 4337 εὐκολίας.
1799 4273 1865 4324 Ὢ
1896 4272 1996 4342 τῆς

405 4379 742 4452 ἀπροσεξίας
783 4378 887 4447 ὅση
905 4376 919 4430 !

491 4473 633 4528 Ἀλλ’
692 4473 785 4527 ἵνα
834 4470 910 4543 μὴ
955 4468 1045 4524 διὰ
1081 4484 1194 4522 των
1245 4462 1530 4538 προτέρων
1559 4459 1997 4531 ἀπελεγχθέντες

2074 585 2260 641 anima
2293 585 2611 642 necessario
2639 600 2804 656 agere
2836 594 3039 650 cessat,
3080 585 3304 655 quando
3332 602 3530 643 somno
3565 596 3680 643 tor-

2074 677 2251 748 pescit
2275 693 2499 749 corpus.
2524 677 2581 733 Si
2613 693 2748 733 vero
2776 678 2926 734 Deus
2954 677 3197 735 Verbum
3222 688 3437 735 natura:
3470 690 3679 736 nostrae

2076 770 2338 825 rationali
2365 785 2477 824 non
2510 769 2726 837 unitur,
2775 779 3038 841 tanquam
3076 772 3299 841 corpori
3330 781 3523 827 nostro
3554 772 3675 827 uni-

2077 872 2169 917 tur
2200 862 2404 927 anima,
2455 862 2648 917 unitur
2676 870 2862 917 autem
2891 861 3160 929 totaliter,
3189 864 3502 933 exemplum
3545 864 3680 919 dent

2076 953 2241 1009 nobis
2298 954 2524 1009 unionis
2569 953 2724 1025 juxta
2780 968 2945 1023 quam
2995 954 3170 1009 Deum
3219 955 3462 1011 Verbum
3508 956 3678 1011 alicui

2076 1061 2145 1101 ex
2190 1045 2354 1101 nobis
2397 1044 2546 1100 uniri
2616 1045 2832 1099 volunt.
2874 1045 2932 1101 Si
2986 1055 3171 1101 autem
3215 1047 3324 1103 hoc
3372 1064 3483 1119 non
3538 1065 3680 1120 pne-
3789 1067 3792 1069 λ

2076 1137 2212 1192 bent
2247 1178 2263 1202 ,
2292 1137 2442 1208 quod
2505 1138 2612 1208 ipsi
2689 1137 2888 1193 dicunt
2970 1139 3261 1209 Scriptura
3300 1140 3675 1198 conﬁrment:

2078 1229 2407 1286 credibilius
2438 1230 2588 1285 enim
2634 1230 2800 1286 nobis
2837 1230 2948 1285 erit
2987 1232 3140 1286 omni
3174 1231 3676 1293 demonstratione.

2080 1323 2138 1378 Si
2168 1339 2301 1378 vero
2328 1322 2385 1377 in
2415 1322 2522 1378 hoc
2552 1322 2687 1377 illud
2720 1338 2943 1393 quoque
2965 1323 3099 1393 ipsis
3128 1324 3304 1388 deest,
3340 1326 3488 1397 quod
3513 1327 3682 1398 igitur

2079 1413 2150 1469 ab
2185 1412 2320 1483 ipsis
2355 1413 2565 1469 dicitur
2607 1413 2763 1469 nullo
2792 1416 2960 1469 modo
2993 1414 3264 1484 probatur
3293 1432 3556 1487 meraque
3593 1427 3683 1474 est

2079 1506 2333 1572 assertio,
2358 1506 2595 1577 ideoque
2616 1507 3024 1569 demonstratio
3046 1524 3156 1562 non
3184 1507 3505 1578 perﬁcitur;
3531 1510 3681 1579 quod

2081 1598 2228 1654 enim
2258 1599 2497 1654 naturali
2538 1600 2754 1655 ratione
2784 1614 2896 1654 non
2927 1600 3348 1657 demonstratur
3380 1618 3486 1659 nec
3527 1603 3681 1659 Scri-

2083 1699 2262 1761 ptura:
2323 1691 2644 1746 testimonio
2716 1690 3123 1759 conﬁrmatur,
3184 1693 3333 1749 ﬁctio
3387 1703 3472 1751 εει
3531 1711 3685 1752 asse-

2084 1781 2567 1854 rentis,illudque
2605 1783 2759 1839 nullo
2809 1784 2977 1841 modo
3025 1785 3132 1842 [ide
3169 1786 3399 1859 dignum
3457 1796 3565 1857 est,
3619 1804 3684 1846 ac

2010 1873 2047 1926 Β
2078 1875 2244 1930 simul
2297 1876 2551 1947 impium.

2155 1967 2239 2021 An
2264 1967 2346 2023 sic
2375 1968 2556 2039 reipsa
2584 1983 2813 2026 necesse
2836 1979 2945 2038 est,
2983 1986 3017 2026 o
3040 1972 3383 2045 philosophi,
3418 1974 3567 2045 quod
3594 1990 3683 2033 se-

2086 2058 2331 2115 cundum
2357 2058 2568 2130 aliquid
2594 2060 2665 2115 ad
2690 2061 3116 2135 similitudinem
3152 2065 3391 2137 alicujus
3417 2065 3677 2130 sumitur,

2086 2149 2387 2219 exemplari
2418 2165 2643 2221 quoque
2681 2153 2991 2208 secundum
3024 2169 3245 2209 omnem
3283 2156 3557 2212 rationem
3592 2155 3682 2212 sui

2087 2243 2269 2297 simile
2298 2243 2521 2298 videri?
2550 2243 2839 2311 Quomodo
2872 2257 3004 2302 tunc
3035 2247 3218 2303 adhuc
3243 2258 3501 2305 maneret
3531 2248 3684 2321 quod

2088 2334 2295 2390 dicitur
2323 2336 2645 2405 exemplar?
2675 2336 2816 2392 lllud
2844 2339 2994 2393 enim
3030 2340 3141 2396 erit
3171 2356 3396 2413 quoque
3424 2352 3685 2416 prototy-

2089 2441 2231 2495 pus,
2291 2425 2347 2480 in
2399 2426 2554 2481 nullo
2601 2426 2894 2484 deﬁciente
2936 2432 3396 2505 comparatione;
3445 2434 3687 2493 maxime

2090 2527 2277 2572 autem
2319 2533 2446 2573 cum
2493 2519 2819 2575 substantia:
2848 2522 3253 2592 proprietatum
3296 2525 3384 2581 vel
3420 2527 3688 2585 acciden-

2095 2611 2232 2666 tium
2266 2627 2372 2667 nec
2394 2612 2721 2669 substantia:
2747 2614 2955 2670 dicitur
2981 2630 3105 2671 esse
3135 2618 3507 2687 comparatio,
3544 2635 3687 2690 quo-

2094 2703 2259 2759 modo
2290 2712 2423 2759 tunc
2445 2704 2777 2761 alterutrius
2797 2707 3027 2778 propria
3053 2708 3312 2765 alterutri
3343 2718 3406 2765 ut
3427 2712 3690 2782 specialia

2092 2797 2518 2853 attribuentur?
2555 2797 2832 2854 Caeterum
2863 2800 3013 2855 enim
3051 2810 3218 2857 erunt
3254 2803 3598 2859 communia.
3628 2803 3688 2860 Si

2094 2894 2212 2949 baac
2243 2910 2378 2965 ergo
2400 2910 2460 2950 se
2484 2894 2559 2949 ita
2586 2895 2797 2951 habere
2832 2897 3188 2965 existimetis,
3225 2899 3344 2955 haec
3368 2900 3688 2971 bujusmodi

2092 2986 2331 3042 fortasse
2362 2988 2572 3043 sentire
2613 2988 2830 3045 debetis
2859 3007 2872 3043 :
2905 2990 3183 3061 siquidem
3239 2992 3296 3047 in
3327 2990 3690 3064 IEtbiopibus

2094 3077 2494 3147 nigritudinem
2523 3078 2718 3134 videre
2744 3088 2830 3135 est
2855 3080 3003 3135 sicut
3018 3090 3074 3135 et
3098 3081 3153 3136 in
3185 3084 3389 3149 corvis,
3422 3099 3690 3154 qumcun-

2095 3185 2206 3240 que
2233 3171 2451 3237 corvis,
2501 3172 2821 3228 necessario
2868 3182 2927 3229 et
2970 3173 3329 3246 Aethiopibus
3382 3178 3690 3235 convenire

2096 3263 2426 3334 probantur.
2454 3262 2594 3319 Cum
2628 3274 2815 3320 autem
2836 3281 3076 3335 quorum
3108 3270 3452 3339 comparatio
3480 3279 3567 3326 est
3588 3271 3693 3327 alii-

2095 3371 2335 3427 quorum
2395 3357 3064 3427 supersubstantialium,
3140 3360 3399 3418 similiter
3463 3379 3692 3435 quoque

2095 3450 2284 3506 omnia
2316 3450 2528 3521 reliqua
2556 3450 2616 3505 in
2645 3466 2983 3521 unoquoque
3008 3452 3276 3508 similium
3308 3470 3559 3525 quaerere
3586 3473 3691 3513 ne-

2095 3561 2249 3602 cesse
2272 3547 2345 3601 sit
2374 3565 2387 3599 :
2420 3546 2489 3601 de
2514 3546 2700 3601 corvis
2720 3555 2907 3601 autem
2931 3547 3140 3604 dicitur
3160 3548 3329 3603 modo
3364 3565 3461 3606 eos
3479 3551 3689 3618 volare,

2095 3638 2264 3693 modo
2301 3638 2542 3709 pedibus
2582 3638 2687 3704 ire,
2723 3638 2910 3693 volatu
2965 3639 3243 3707 demisso;
3301 3657 3372 3697 an
3424 3643 3509 3699 sic
3555 3660 3692 3717 ergo

2095 3729 2386 3801 Ethiopes
2411 3746 2637 3801 quoque
2659 3746 2717 3786 se
2740 3730 2948 3786 habere
2974 3732 3408 3790 existimandum
3432 3738 3555 3792 est?
3581 3738 3690 3795 Sed

2096 3832 2153 3878 et
2194 3822 2343 3893 quod
2394 3822 2616 3877 diverso
2651 3837 2818 3878 sensu
2844 3822 3201 3895 EthiOpibus
3242 3828 3533 3899 proprium
3580 3841 3690 3899 est,

2097 3915 2166 3971 de
2222 3913 2403 3970 corvis
2446 3914 2650 3970 iterum
2700 3914 3001 3970 dicendum
3044 3924 3149 3971 est.
3196 3916 3413 3973 Dicitur
3465 3936 3693 3993 quoque

2098 4014 2458 4078 spectatores,
2501 4006 2597 4076 qui
2624 4016 2756 4062 sunt
2782 4007 2837 4061 in
2876 4008 3117 4073 tbeatro,
3148 4008 3407 4065 similiter
3441 4026 3506 4068 ac
3555 4012 3695 4085 lapi-

2098 4100 2198 4156 des
2225 4110 2396 4165 stare,
2427 4101 2689 4171 unirique
2721 4099 2829 4181 sibi
2847 4100 3086 4156 invicem
3108 4103 3417 4160 secundum
3436 4108 3690 4164 eamdem

2098 4193 2362 4250 unionem
2381 4193 2634 4248 localem.
2648 4192 2901 4247 Facultas
2922 4207 3053 4264 ergo
3070 4193 3349 4263 lapidibus
3375 4197 3485 4253 erit
3502 4199 3693 4256 riden-

2099 4283 2177 4350 di,
2202 4285 2347 4340 sicut
2373 4292 2431 4338 et
2456 4283 2781 4339 hominibus
2805 4283 2981 4339 secari
3008 4300 3023 4350 ;
3056 4283 3332 4354 siquidem
3360 4286 3417 4341 in
3435 4289 3691 4362 utrisque

2100 4375 2249 4432 idem
2278 4375 2473 4432 docilis
2502 4385 2730 4446 apparet
2756 4384 2954 4432 status.
2986 4376 3201 4444 Quanta
3228 4376 3550 4438 absurditas
3577 4385 3590 4439 l

2170 4468 2242 4523 At
2273 4485 2366 4534 ne,
2400 4478 2692 4539 postquam
2733 4468 3120 4538 superioribus
3164 4471 3405 4529 convicti
3447 4474 3690 4546 fueritis,

406 4568 509 4641 ἠδη
535 4566 637 4630 τὰς
662 4562 897 4636 ὑστέρας
941 4560 1099 4633 ὑμῶν
1130 4558 1365 4623 ἀτοπίας
1393 4555 1708 4628 διαλάθητε,
1753 4555 1988 4624 ἐπιμνη-

2100 4560 2416 4617 novissimae
2450 4574 2600 4614 nunc
2623 4568 2821 4615 vestra:
2850 4561 3100 4618 stultitiae
3126 4562 3560 4636 obliviscamini,
3596 4587 3690 4628 re-

408 4661 565 4716 στέον
599 4658 694 4713 καὶ
722 4657 836 4711 τῶν
861 4654 1070 4709 λοιπῶν
1117 4651 1217 4705 τοῦ
1273 4650 1743 4722 ἐπιχειρήματος·
1781 4645 1901 4710 πῶς
1934 4662 1996 4700 τε

405 4752 507 4824 τὴν
532 4749 712 4823 ψυχὴν
740 4749 800 4815 ἐξ
831 4747 1080 4817 ἀνάγκης
1103 4743 1216 4799 τῶν
1244 4743 1467 4798 οίκείων
1494 4739 1813 4812 παυομένην
1844 4741 1999 4810 ὲνερ·

407 4845 576 4915 γειῶν
626 4844 761 4914 ἡμῖν
808 4839 1082 4905 δείκνυτε,
1117 4834 1462 4908 τρεπομένου
1492 4832 1590 4887 τοῦ
1628 4830 1888 4902 σώματος
1915 4832 1997 4894 είς

410 4940 619 5005 ὓπνον;
649 4934 879 5009 Πρῶτον
924 4932 1025 5003 μὲν
1072 4930 1185 5003 γὰρ
1235 4928 1360 4983 οὐδὲ
1417 4925 1677 4997 σώματος
1722 4924 1854 4978 ὄντα
1902 4923 1999 4978 τὸν

410 5032 606 5087 ὕπνον·
653 5029 780 5083 ἐπεὶ
846 5024 986 5097 μηδὲ
1035 5022 1137 5093 τὴν
1168 5021 1505 5094 ἐγρήγορσιν
1532 5017 1710 5083 δεῖξαι
1738 5015 1993 5082 δύνασθε,

407 5128 460 5182 εί
506 5125 583 5198 μὴ
633 5123 743 5194 ἀρα
792 5119 889 5175 καὶ
933 5120 1049 5182 τοῖς
1082 5115 1265 5180 ἄλλοις
1305 5114 1541 5185 ἀψύχοις
1574 5111 1769 5198 τοῦτον
1814 5108 1998 5179 ἐλογί-

407 5196 593 5286 ζεσθε.
642 5212 806 5269 Ἀλλά
832 5211 930 5267 καὶ
958 5207 1280 5278 ἀναγκαίως
1311 5206 1409 5261 καὶ
1430 5205 1600 5270 αὐτὸς
1631 5196 1790 5267 οὗτος
1813 5200 1997 5273 ψυχῆς

410 5312 543 5367 ἴδιόν
566 5328 621 5363 τι
655 5303 797 5363 εἶναι
819 5304 1234 5375 λογισθήσεται,
1269 5300 1303 5370 ἢ
1331 5300 1429 5355 τοῦ
1474 5298 1914 5369 συναμφοτέρου,
1952 5290 1999 5351 ὧ

407 5400 805 5472 φυσικώτατοι.
854 5393 1129 5465 Ἀφείσθω
1173 5391 1231 5445 δὲ
1270 5391 1368 5446 καὶ
1409 5389 1569 5445 τοῦτο
1598 5389 1750 5459 ὑμῖν.
1789 5386 1855 5440 El
1903 5384 2001 5439 καὶ

407 5496 493 5549 ὅτι
537 5492 775 5564 μάλιστα
808 5489 868 5540 έν
904 5488 1023 5551 τοῖς
1061 5483 1251 5548 ὕπνοις
1298 5483 1400 5555 τῆς
1431 5481 1671 5552 φυτικῆς
1710 5480 1999 5550 δυνάμεως

408 5583 511 5656 τῆς
552 5581 739 5655 ψυχῆς
775 5578 1038 5649 πλείστην
1093 5578 1144 5630 οί
1176 5574 1365 5630 πολλοὶ
1393 5572 1681 5639 δοξάζουσι
1710 5572 1810 5644 τὴν
1842 5570 1999 5642 ἐνέρ-

408 5691 591 5745 γειαν,
627 5674 725 5726 καὶ⁵
765 5671 867 5725 οὐκ
907 5667 1056 5722 ἔστιν
1096 5665 1244 5738 ἀργὴ
1285 5664 1411 5718 οὐδὲ
1447 5662 1594 5719 κατά
1621 5662 1741 5715 τόδε
1768 5662 1801 5732 ἡ
1827 5660 1997 5733 ψυχή.

409 5765 487 5823 Τὸ
514 5766 573 5820 δὲ
607 5765 1010 5836 ἀναντίρρητον
1055 5762 1192 5833 ἡμῖν
1228 5757 1593 5832 προϐλητέον,
1620 5757 1704 5811 ὅτι
1729 5757 1828 5827 τῆς
1861 5772 2000 5826 φαν-

408 5860 676 5932 ταστικῆς
717 5857 817 5929 μὲν
856 5855 951 5911 καὶ
982 5855 1150 5925 άγαν,
1188 5851 1326 5917 ἀλλά
1361 5852 1457 5909 καὶ
1500 5853 1600 5924 τῆς
1652 5852 2002 5925 μνημονικῆς

2098 4653 2250 4725 liqua
2299 4652 2610 4725 argumenti
2665 4652 2722 4707 in
2779 4654 3103 4709 memoriam
3166 4659 3477 4716 revocanda
3537 4674 3691 4719 sunt.

2098 4745 2389 4814 Quomodo
2425 4760 2649 4816 quoque
2691 4744 2933 4801 animam
2967 4749 3287 4805 necessario
3323 4766 3456 4809 suas
3490 4769 3694 4826 opera-

2100 4839 2283 4896 tiones
2324 4847 2636 4894 cessantem
2665 4838 2829 4895 nobis
2858 4839 3173 4907 ostenditis,
3216 4857 3453 4915 corpore
3500 4855 3692 4919 torpe-

2100 4938 2291 4988 scente
2326 4930 2567 4986 somno?
2594 4930 2709 4986 Nec
2736 4930 2964 5001 quidem
2995 4931 3241 5002 priorem
3269 4949 3396 4990 esse
3438 4939 3692 5009 corporis

2101 5040 2356 5082 somnum
2383 5066 2398 5091 ,
2445 5024 2722 5096 siquidem
2750 5039 2853 5080 nec
2882 5024 3126 5095 vigiliam
3152 5025 3534 5087 demonstrare
3563 5047 3693 5103 pos-

2099 5118 2244 5185 sitis,
2281 5117 2390 5173 nisi
2425 5133 2649 5188 quoque
2680 5116 2894 5173 caeteris
2923 5116 3307 5173 animantibus
3338 5119 3488 5176 hunc
3525 5124 3691 5177 attri-

2099 5208 2368 5266 bueretis.
2400 5208 2510 5265 Sed
2544 5217 2601 5265 et
2628 5207 2948 5264 necessario
2978 5216 3037 5263 et
3081 5208 3175 5263 hic
3203 5208 3320 5279 ipse
3353 5212 3553 5269 anima:
3595 5217 3694 5271 ali-

2100 5303 2250 5375 quod
2287 5302 2573 5373 proprium
2601 5316 2722 5356 esse
2760 5298 3114 5370 reputabitur
3139 5342 3155 5367 ,
3206 5302 3295 5358 vel
3340 5304 3565 5376 utrique
3592 5349 3608 5374 ,
3655 5326 3692 5364 o

2100 5410 2291 5451 rerum
2343 5394 2678 5449 naturalium
2714 5390 3060 5462 peritissimi.
3112 5390 3229 5449 Hoc
3286 5405 3474 5452 autem
3520 5398 3691 5456 etiam

2102 5487 2211 5543 illis
2237 5484 2611 5557 permittatur.
2644 5484 2763 5540 Etsi
2797 5484 3076 5555 praecipue
3112 5484 3168 5540 in
3209 5489 3419 5545 somnis
3447 5489 3537 5545 bis
3564 5493 3694 5561 qui-

2100 5579 2206 5635 bus
2231 5586 2315 5633 est
2341 5577 2876 5648 animavegetativae
2906 5576 3156 5643 virtutis,
3186 5580 3481 5637 maximam
3508 5582 3694 5641 inesse

2102 5669 2482 5742 operationem
2515 5669 2706 5739 plures
2740 5669 3084 5739 opinentur,
3144 5680 3387 5728 attamen
3440 5688 3553 5729 non
3608 5684 3697 5731 est

2103 5771 2327 5818 actuosa
2349 5760 2534 5817 anima
2552 5776 2656 5817 nec
2691 5760 2820 5817 ideo
2852 5761 3038 5818 anima
3067 5771 3174 5820 est.
3197 5764 3489 5832 Quoddam
3506 5775 3694 5824 autem

2104 5855 2173 5912 de
2208 5870 2319 5927 quo
2340 5854 2571 5911 minime
2603 5852 2976 5913 dubitandum
3001 5863 3087 5913 est
3115 5855 3279 5917 nobis
3309 5865 3397 5915 est
3420 5858 3694 5933 objicien-
