4116 6456
434 384 571 448 1455

1725 373 2044 435 LEONTII
2084 371 2509 435 BYZANTINI

3603 381 3737 447 3456

431 506 586 565 dum,
616 495 829 553 scilicet
861 487 1097 544 multum
1143 477 1586 554 imaginationis,
1631 484 1732 537 sed
1778 491 1836 537 et
1886 496 2016 551 saepc

2147 479 2438 548 πολλάκις,
2494 482 2575 536 ἐτι
2623 483 2682 537 δέ
2722 486 2820 545 καὶ
2859 486 2966 558 τῆς
3010 491 3206 561 νοερᾶς
3234 491 3335 563 τῆς
3359 491 3540 565 ψυχῆς
3570 493 3733 553 δυνά-

434 592 714 651 memoriae
743 628 758 655 ,
810 583 994 640 adhuc
1059 586 1249 635 autem
1297 584 1356 631 et
1392 572 1793 631 intellectualis
1826 575 2030 631 anime

432 684 657 740 virtutis
717 690 909 747 magna
967 668 1222 743 operatio
1282 667 1339 721 in
1399 662 1613 719 somnis
1668 664 2028 735 producitur.

436 779 630 833 Testes
658 782 787 829 sunt
820 762 1099 823 innumeri
1124 760 1345 817 somnia
1364 757 1594 829 quidem
1618 774 1744 828 qua:
1770 759 2030 830 quotidie

435 869 705 928 videmus,
754 872 989 932 quorum
1025 868 1197 909 causa
1240 852 1329 907 vel
1390 849 1589 905 modus
1634 849 1898 911 vivendi,
1932 850 2029 903 vel

438 958 744 1019 meditatio,
777 953 861 1007 vel
894 945 1234 1009 sollicitudo,
1254 944 1341 999 vel
1368 942 1570 1012 aliquis
1594 958 1772 1008 error,
1804 942 1890 997 vel
1914 941 2030 995 alia

436 1062 541 1108 est.
576 1052 633 1105 Si
669 1064 793 1104 rara
821 1058 954 1099 vero
975 1050 1104 1096 sunt
1132 1051 1422 1108 paucaque
1455 1050 1689 1089 numero
1711 1075 1726 1093 .
1775 1042 2027 1088 attamen

438 1155 583 1199 notae
606 1138 980 1212 apparitiones
1004 1131 1236 1194 sanctis,
1265 1128 1579 1184 futurorum
1610 1126 2025 1196 praedictiones,

439 1235 758 1292 sanationes
775 1229 1071 1295 multaeque
1093 1223 1341 1277 rationes
1356 1218 1723 1275 Providentia:
1742 1218 2031 1273 dormien-

441 1330 591 1385 tibus
616 1326 771 1379 liunt.
800 1322 912 1376 Cur
936 1333 1068 1387 ergo
1084 1317 1166 1370 sic
1186 1329 1290 1368 nec
1312 1328 1378 1367 ex
1394 1311 1812 1381 investigatione
1835 1321 2032 1364 actuo—

440 1437 580 1484 sam,
620 1419 839 1485 hocque
870 1428 938 1467 ex
970 1408 1309 1464 necessitate
1335 1446 1349 1471 ,
1412 1405 1468 1459 in
1524 1404 1732 1459 somnis
1784 1403 2027 1457 animam

439 1506 879 1568 demonstratis?
914 1504 993 1558 Eo
1024 1500 1173 1571 quod
1200 1499 1347 1553 enim
1370 1513 1481 1551 non
1511 1512 1705 1552 omnes
1740 1512 1868 1552 suas
1892 1510 2032 1566 ope-

439 1606 683 1661 rationes
705 1603 760 1656 in
794 1598 1006 1655 somnis
1037 1610 1142 1650 nec
1172 1608 1391 1662 semper
1424 1592 1655 1656 revelat,
1676 1606 1872 1645 verum
1915 1598 2025 1654 est,

436 1699 652 1755 scilicet
674 1694 1026 1766 vegetativam
1050 1696 1108 1744 et
1140 1688 1364 1741 localem
1397 1684 1699 1740 motionem
1718 1725 1732 1749 ,
1760 1683 2030 1738 sensibili-

438 1799 603 1845 tatem
626 1797 683 1842 et
710 1783 1175 1855 imaginationem,
1223 1777 1539 1831 memoriam
1566 1784 1624 1830 et
1658 1774 2025 1844 spirituatita-

2148 588 2323 645 μεως,
2356 574 2528 645 πολλὴ
2558 577 2815 649 ἐνέργεια
2842 548 2986 635 κατά
3012 548 3141 647 τοὺς
3404 548 3729 659 π’ρόάγεταῖ.
3757 548 3771 613 ι

2145 667 2264 720 Καὶ
2297 669 2578 741 μάρτυρες
2632 672 2939 744 ἀμέτρητοι
2994 676 3095 747 μέν
3148 679 3205 731 αῖ
3243 679 3355 733 τῶν
3404 682 3738 757 καθημέρας

2140 759 2374 831 ὀνείρων
2403 762 2627 833 ἐποψίαι
2647 806 2662 829 ,
2694 766 2807 820 εῐτε
2840 767 3079 834 δίαιταν,
3134 770 3249 825 εἴτε
3301 774 3584 844 φροντίδα,
3616 777 3737 829 εῐτε

2141 851 2403 923 μελέτην,
2438 854 2549 910 εἴτε
2592 858 2805 930 πλάνην
2837 860 2982 927 τινὰ,
3017 862 3048 933 ἢ
3090 862 3287 934 ἐτέραν
3319 865 3497 937 ἔχοιεν
3522 868 3733 926 αίτίαν.

2138 944 2207 996 Ei
2243 944 2299 998 δὲ
2339 947 2434 999 καὶ
2470 948 2689 1003 σπάνιοι
2724 952 2822 1005 καὶ
2851 953 3233 1027 εὐαρίθμητοι,
3270 957 3413 1029 πλὴν
3446 959 3739 1031 ὡμολογη-

2142 1036 2306 1105 μέναι
2352 1041 2471 1103 τοῖς
2521 1040 2697 1107 ἀξίοις
2754 1046 2852 1098 καὶ
2905 1046 3240 1116 θεοφάνειαι,
3284 1053 3381 1104 καὶ
3420 1052 3739 1122 μελλόντων

2136 1129 2424 1185 ἐκϐάσεων
2455 1135 2814 1205 προρρήσεις,
2844 1137 2942 1192 καὶ
2964 1138 3326 1209 ίατρεῖαι,καὶ
3354 1143 3598 1198 ποικίλαι
3624 1144 3739 1212 τῆς

2138 1219 2407 1290 Προνοίας
2448 1223 2771 1295 κηδεμονίαι
2809 1226 3057 1294 γίνονται
3098 1232 3211 1292 τοῖς
3250 1231 3500 1289 ὑπνοῦσι.
3532 1234 3598 1286 Τί
3630 1234 3738 1288 οὖν

2137 1309 2283 1365 οὕτω
2311 1312 2378 1382 δὴ
2406 1314 2791 1381 ἀϐασανίστως
2820 1319 3023 1391 ἀργὴν,
3053 1321 3148 1374 καὶ
3184 1322 3343 1376 τοῦτο
3368 1324 3429 1390 ἐξ
3456 1324 3735 1396 ἀνάγκης,

2136 1403 2198 1456 ἐν
2228 1406 2343 1468 τοῖς
2368 1404 2560 1471 ὕπνοις
2587 1408 2689 1479 τὴν
2710 1410 2890 1481 ψυχὴν
2915 1412 3270 1483 ἀπεφήνασθε
3293 1432 3307 1478 ;
3335 1414 3460 1469 Ὀτι
3492 1416 3594 1488 μὲν
3616 1417 3737 1490 γάρ

2136 1494 2200 1547 οὐ
2246 1496 2430 1561 πάσας
2475 1497 2646 1569 αὐτῆς
2677 1501 2781 1564 τὰς
2812 1503 3097 1575 ἐνεργείας
3130 1506 3187 1558 ἐν
3216 1508 3331 1570 τοῖς
3376 1506 3570 1569 ὕπνοις
3600 1511 3740 1564 ἐπι-

2135 1585 2417 1643 δείκνυται
2448 1591 2542 1643 καὶ
2577 1591 2831 1659 πάντοτε,
2871 1594 3080 1665 ἀληθές
3110 1598 3267 1652 ἐστι’
3300 1600 3569 1671 φυτικὴν
3590 1603 3735 1675 φέρε

2137 1680 2234 1733 καὶ
2256 1681 2519 1751 τοπικὴν
2551 1684 2769 1757 κίνησιν
2793 1727 2809 1752 ,
2846 1691 3214 1757 αἰσθητικήν
3249 1709 3311 1746 τε
3354 1695 3451 1747 καὶ
3500 1712 3738 1764 φαντα-

2138 1772 2386 1841 στικὴν,
2415 1777 2805 1847 μνημονικὴν
2846 1797 2908 1833 τε
2939 1780 3035 1834 καὶ
3075 1782 3391 1852 γοητικὴν,
3416 1787 3511 1839 καὶ
3546 1787 3738 1857 ἀμφο-

437 1892 563 1947 tem,
591 1896 655 1936 ac
678 1888 974 1946 utramque
1004 1869 1591 1943 concupiscibilitatem.
1627 1868 1735 1927 Sed
1764 1868 1881 1922 ba>c
1922 1881 2016 1921 nec

2130 1865 2298 1935 τέραν
2326 1866 2667 1936 ὀρεκτικήν.
2711 1870 2876 1926 Ἀλλά
2907 1872 3080 1927 ταῦτα
3108 1875 3229 1929 οὐδὲ
3257 1877 3317 1929 ἐν
3349 1877 3734 1952 ἐγρηγορήσει

433 1974 599 2030 simul
641 1973 697 2026 in
739 1969 924 2042 vigilia
958 1965 1101 2022 edici
1132 1979 1236 2019 nec
1268 1976 1491 2032 semper
1530 1959 1837 2016 secundum
1878 1958 2026 2013 idem

435 2068 765 2139 probantur.
794 2064 915 2119 Non
945 2062 1095 2117 enim
1126 2073 1348 2128 semper
1376 2069 1481 2110 nec
1514 2069 1714 2109 omnes
1746 2068 1871 2156 suas
1894 2067 2028 2156 ope-

435 2162 681 2217 rationes
728 2156 979 2228 proferre
1032 2160 1255 2224 potest,
1311 2164 1436 2205 cum
1480 2147 1711 2202 omnino
1757 2146 2028 2247 simplicis

432 2262 647 2308 natura:
668 2264 779 2303 non
805 2248 900 2313 sit,
925 2246 1001 2300 ita
1028 2252 1090 2299 ut
1110 2258 1178 2297 ex
1201 2256 1307 2295 una
1327 2244 1446 2310 ipsa
1466 2253 1686 2308 unaque
1701 2244 2027 2306 operatione

431 2344 616 2400 omnia
640 2341 1053 2413 producantur;
1080 2334 1179 2390 sed
1206 2331 1436 2397 alicubi,
1455 2330 1758 2401 aliquando
1781 2329 2025 2398 aliquas-

430 2452 539 2506 que
556 2432 914 2505 Operationes
933 2427 1066 2499 agit.
1091 2425 1190 2481 Dei
1226 2424 1403 2479 solius
1427 2430 1511 2477 est
1532 2421 1699 2476 simul
1728 2428 1786 2475 et
1803 2433 2025 2474 omnem

430 2529 642 2598 absque
689 2534 943 2594 tempore
981 2516 1266 2591 propriam
1301 2515 1681 2586 operationem
1713 2527 1777 2567 ac
1816 2512 2025 2582 ubique

430 2619 751 2676 ostendere.

499 2709 793 2780 Quomodo
816 2706 987 2778 igitur
1012 2701 1298 2773 exemplar
1329 2706 1480 2755 recte
1512 2696 1861 2768 sumpsistis?
1896 2697 2021 2752 liis-

429 2822 537 2879 que
567 2805 663 2876 qui
687 2802 884 2858 dicunt
920 2798 1120 2853 animae
1150 2794 1413 2849 unionem
1448 2790 1515 2846 ad
1539 2805 1745 2861 corpus
1768 2790 2021 2844 eamdem

428 2913 551 2954 esse
603 2910 670 2951 ac
728 2892 991 2948 unionem
1024 2886 1192 2943 Verbi
1238 2885 1306 2940 ad
1336 2884 1660 2949 hominem,
1713 2883 2020 2938 secundum

427 2990 560 3061 quid
592 2987 763 3058 igitur
802 2997 1030 3055 quoque
1086 2976 1448 3049 supervenire
1477 2975 1717 3031 similem
1773 2986 2018 3029 sanctam

430 3083 690 3139 unionem
705 3080 863 3152 juxta
883 3088 1140 3131 somnum
1164 3073 1278 3126 Deo
1299 3068 1483 3126 Verbo
1506 3068 1714 3123 additis
1733 3068 1757 3121 ?
1783 3066 2018 3135 Quando

425 3175 653 3246 quidem
680 3170 990 3228 assumitur
1015 3162 1383 3236 comparatio,
1424 3178 1524 3233 per
1547 3160 1697 3217 aliud
1727 3158 2017 3229 inquiren-

427 3266 579 3321 tibus
603 3261 904 3319 elucidatio
930 3257 1077 3314 haud
1109 3256 1409 3328 praebetur,
1438 3254 1527 3310 vel
1564 3270 1665 3325 per
1697 3254 1870 3309 solam
1901 3255 2014 3309 ele-

424 3359 668 3415 ctionem
696 3355 932 3411 aliorum
958 3350 1305 3422 cognitorum
1326 3346 1568 3412 unionis,
1615 3347 1755 3401 meri
1784 3347 2015 3403 forsitan

425 3451 675 3513 habitus,
710 3448 799 3503 vel
830 3442 1128 3516 positionis
1158 3439 1372 3504 localis,
1402 3438 1489 3494 vel
1516 3446 1724 3493 mutuae
1767 3437 2012 3503 unionis,

422 3544 512 3599 vel
549 3543 734 3597 mixta:
771 3534 1261 3613 (signiﬁcationem
1293 3530 1441 3586 enim
1474 3537 1689 3585 tantum
1731 3530 1811 3585 rei
1849 3541 2015 3585 natu-

424 3636 619 3693 raliter
648 3650 761 3689 non
812 3631 985 3686 unita:
1028 3642 1154 3698 quae
1205 3626 1375 3679 mixta
1407 3623 1550 3679 facta
1578 3631 1664 3679 est
1714 3623 2015 3679 immobilis

421 3729 775 3785 diversarum
822 3720 1260 3779 substantiarum
1302 3716 1437 3771 unio
1470 3732 1539 3771 ex
1572 3715 1681 3770 hoc
1712 3716 2015 3772 constitue-

422 3818 625 3891 runt);
675 3832 788 3872 non
833 3813 1003 3886 igitur
1033 3827 1132 3883 per
1164 3810 1272 3865 hoc
1295 3849 1309 3874 ,
1361 3808 1547 3863 omnia
1591 3823 1713 3879 quae
1743 3809 2015 3865 uniuntur

421 3913 594 3969 unitis
623 3912 681 3966 in
719 3908 813 3965 tali
845 3906 1089 3969 unione,
1121 3902 1296 3959 verbo
1339 3902 1509 3958 etiam
1550 3901 1862 3970 exprimere
1909 3917 2012 3958 nos

420 4006 656 4080 cogetis.
696 4004 948 4073 Namque
991 3999 1074 4055 sic
1110 4012 1279 4054 carne
1304 3997 1551 4068 patiente
1575 3995 1845 4052 doluisset
1874 3997 2013 4053 Ver-

418 4101 574 4163 bum,
591 4104 898 4162 crescente,
912 4089 1557 4161 crevisset,aliquomodo
1574 4090 2013 4159 operationibus-

419 4209 530 4265 que
558 4191 712 4248 illius
744 4189 942 4244 fuisset
988 4192 1274 4249 extensus,
1317 4183 1609 4239 debilitata
1638 4190 1846 4247 autem,
1902 4183 2010 4237 im-

420 4284 671 4339 minutus
696 4280 895 4337 fuisset
940 4286 1107 4348 atque
1153 4272 1456 4345 impeditus
1481 4312 1495 4338 ,
1546 4280 1610 4327 ut
1639 4272 1693 4327 in
1728 4274 1913 4328 anima
1944 4288 2011 4329 ac

419 4388 655 4446 corpore
695 4369 989 4441 contingit.
1026 4364 1302 4423 Diceretis
1326 4381 1548 4437 quoque
1581 4365 1653 4419 ab
1690 4364 1866 4421 altero
1894 4380 2009 4419 non

418 4482 449 4523 a
473 4465 776 4536 semetipso
795 4463 1013 4519 unitum
1036 4460 1231 4524 fuisse,
1251 4458 1600 4529 invitumque
1622 4459 2004 4529 participasse,

2129 1954 2246 2025 ἅμα
2268 1958 2537 2029 ἐνεργεῖν,
2582 1961 2680 2015 καὶ
2711 1962 2892 2035 πάντη
2925 1965 3069 2019 κατά
3093 1965 3156 2020 τὸ
3192 1966 3327 2020 αὐτὸ
3362 1986 3735 2042 προσμαρτυ·

2131 2051 2330 2119 ρεῖται.
2364 2052 2501 2105 Οὑδέ
2536 2054 2646 2125 γάρ
2680 2056 2900 2127 πέφυκε
2947 2059 3184 2114 πάντοτε
3235 2063 3332 2116 καὶ
3386 2063 3572 2128 πάσας
3620 2064 3735 2131 τάς

2126 2141 2331 2214 ἑαυτῆς
2360 2145 2727 2215 προΐσχεσθαι
2762 2149 3084 2222 ἐνεργείας·
3116 2152 3350 2226 ἐπείπερ
3383 2154 3506 2210 οὐδὲ
3540 2156 3733 2228 ἁπλῆς

2132 2234 2250 2287 ἐστι
2281 2236 2461 2307 πάντη
2498 2238 2741 2307 φύσεως·
2778 2241 2867 2294 ῖνα
2914 2243 3012 2296 καὶ
3057 2245 3188 2315 μιᾶς
3217 2247 3303 2317 ετη
3344 2245 3415 2300 τά
3456 2246 3517 2312 ἐξ
3547 2248 3733 2319 αὐτῆς

2126 2326 2329 2391 πάντα,
2377 2328 2473 2382 καὶ⁵
2511 2328 2648 2398 ὑφέν
2691 2331 3002 2404 ἐνεργείας·
3034 2334 3173 2389 ἀλλά
3212 2352 3288 2407 πη
3320 2336 3414 2391 καί
3446 2355 3579 2392 ποτε
3624 2341 3729 2393 καί

2122 2432 2277 2480 τινας
2304 2420 2539 2491 ἐνεργεῖ.
2566 2421 2705 2475 Θεοῦ
2727 2424 2783 2477 δέ
2816 2425 2985 2495 μόνου
3013 2427 3162 2484 ἐστὶν
3184 2427 3303 2499 ἅμα
3324 2447 3383 2484 τε
3411 2432 3507 2485 καὶ
3534 2432 3731 2488 πᾶσαν

2124 2509 2219 2562 καὶ
2269 2510 2520 2581 ἀχρόνως
2558 2514 2757 2569 ἐαυτοῦ
2803 2518 3094 2591 ἐνέργειαν
3153 2521 3251 2577 καὶ
3300 2522 3535 2579 πάντοτε
3578 2542 3729 2597 προ-

2126 2600 2410 2672 τσχεσθαι.

2196 2694 2324 2759 Πῶς
2350 2692 2445 2752 οὖν
2474 2698 2719 2770 εὐλόγως
2740 2703 2840 2757 τοῦ
2872 2706 3320 2778 παραδείγματος
3342 2710 3678 2767 ἐπελάϐεσθε
3705 2733 3723 2779 ;

2122 2786 2220 2840 καὶ
2249 2791 2361 2852 τοῖς
2385 2789 2639 2860 λέγουσιν
2669 2795 2864 2865 ὁμοίαν
2897 2797 3075 2868 ψυχῆς
3098 2799 3239 2871 πρὸς
3269 2801 3434 2873 σῶμα
3455 2803 3721 2873 γενέσθαι

2119 2878 2220 2950 τὴν
2245 2880 2501 2935 σύνθεσιν
2533 2883 2629 2938 τοῦ
2656 2886 2834 2956 Λόγου
2863 2890 3001 2962 πρὸς
3029 2892 3121 2947 τὸν
3142 2891 3456 2965 ἄνθρωπον,
3491 2897 3637 2951 κατά
3661 2915 3723 2953 τι

2119 2971 2317 3041 ὁμοίαν
2341 2973 2544 3029 οὐκοῦν
2576 2979 2905 3049 συμϐαίνειν
2938 2985 3032 3038 καὶ
3059 2984 3160 3056 τὴν
3199 2986 3365 3055 ἁγίαν
3396 2990 3521 3044 καθ’
3547 2989 3725 3045 ὕπνον

2118 3061 2199 3153 τῷ
2224 3062 2346 3134 Θεῷ
2385 3066 2544 3138 Λόγῳ
2580 3069 2849 3139 ἐπάγετε;
2878 3074 3054 3129 Ὅπου
3076 3092 3141 3145 γε
3177 3082 3276 3131 καὶ
3304 3080 3338 3150 ἡ
3362 3080 3723 3153 παράϐλησις

2119 3152 2218 3222 τῆς
2245 3154 2585 3223 ὁμοιώσεως,
2609 3160 2672 3213 οὐ
2704 3160 2773 3214 δι’
2803 3163 2995 3236 ἔτερόν
3027 3183 3082 3218 τι
3111 3169 3224 3230 τοῖς
3254 3152 3541 3240 είρηκόσιν
3569 3171 3721 3237 ἐξεί-

2120 3242 2315 3316 ληπτο,
2349 3248 2383 3319 ἢ
2413 3247 2500 3303 διά
2530 3250 2701 3322 μόνην
2726 3255 3009 3327 ἀναίρεσιν
3041 3258 3150 3311 τῶν
3195 3260 3560 3333 ἐγνωσμένων
3591 3264 3716 3318 ἐτέο

2120 3355 2231 3409 ρων
2260 3342 2586 3410 συνθέσεως,
2620 3347 2863 3417 σχέσεως
2892 3350 3056 3421 τυχὸν
3080 3351 3266 3423 ψιλῆς,
3289 3354 3322 3426 ἢ
3347 3356 3715 3427 παραθέσεως

2117 3433 2372 3505 τοπικῆς,
2399 3435 2431 3507 ἢ
2456 3435 2821 3512 ἀλλοιωτικῆς
2850 3442 3118 3509 ἐνώσεως,
3142 3446 3175 3515 ἢ
3208 3449 3546 3521 ωγχυτικῆς
3573 3453 3717 3521 κρά-

2118 3539 2257 3587 σεως
2285 3522 2589 3596 (σημασίαν
2632 3531 2742 3603 γάρ
2784 3533 2947 3602 μόνον
2985 3537 3225 3608 φυσικῆς
3252 3538 3569 3612 ἀσυγχύτου
3613 3560 3714 3613 γε-

2091 3616 2353 3687 ,νομένης
2386 3620 2746 3692 συγκράσεως
2771 3624 2867 3677 καὶ
2894 3625 3170 3697 ἀτρέπτου
3194 3630 3309 3684 τῶν
3333 3631 3716 3706 διαφερόντων

2114 3708 2315 3763 οὐσιῶν
2338 3711 2586 3776 ἐνώσεως
2620 3716 2685 3768 ἐκ
2712 3714 2869 3770 τοῦδε
2896 3719 3300 3793 παρέστησαν)ο
3325 3726 3388 3778 οὐ
3426 3726 3519 3781 διά
3548 3728 3713 3784 τοῦτο

2114 3796 2229 3869 οὖν,
2262 3802 2359 3856 καὶ
2390 3805 2570 3859 πάντα
2597 3806 2665 3860 τά
2690 3808 2947 3880 ἡνωμένα
2966 3814 3078 3875 τοῖς
3105 3814 3199 3866 ἐπὶ
3222 3817 3290 3887 τῇ
3312 3818 3495 3889 τοιᾷδε
3515 3820 3713 3875 ἐνώσει

2116 3894 2525 3964 συγκειμένοις,
2551 3898 2647 3952 καὶ
2672 3898 2768 3953 ἐπὶ
2788 3900 2884 3953 τοῦ
2908 3901 3067 3971 λόγου
3097 3903 3281 3973 λέγειν
3304 3909 3458 3978 ἡμᾶς
3487 3912 3715 3983 εἰσπρά-

2116 3982 2233 4047 ξετε
2257 4001 2273 4016 ο
2306 3985 2450 4040 οὕτω
2483 3987 2594 4059 γὰρ
2619 3989 2687 4044 ἂν
2715 3990 2810 4044 καὶ
2840 3994 3163 4067 πασχούσης
3188 3996 3291 4068 τῆς
3324 4001 3574 4071 σαρκὺς⁶,
3614 3982 3714 4057 τὸν

2113 4075 2290 4145 Λόγον
2321 4077 2646 4147 ὀδυνᾶσθαι,
2698 4081 2794 4135 καὶ
2835 4083 3220 4158 αὐξανομένης
3266 4092 3711 4157 συναυξάνεσθαί

2112 4184 2253 4234 πως,
2289 4170 2388 4223 καὶ
2432 4173 2555 4235 ταῖς
2602 4173 2913 4245 ἐνεργείαις
2953 4177 3092 4250 αὐτῇ
3132 4184 3706 4254 συμπαρατείνεσθαι,

2113 4261 2210 4315 καὶ
2227 4262 2706 4336 παρακμαζούσης
2735 4267 3127 4323 συστέλλεσθαι
3154 4272 3252 4325 καὶ
3281 4275 3707 4344 ἐμποδίζεσθαι·

2111 4353 2304 4426 ὥσπερ
2339 4356 2432 4409 ἐπὶ
2466 4356 2651 4428 ψυχῆς
2680 4359 2976 4427 συμϐαίνει
3018 4363 3114 4416 καὶ
3157 4362 3436 4436 σώματος.
3481 4368 3707 4425 Εἵποιτε

2112 4447 2180 4501 ἂν
2212 4448 2307 4501 καὶ
2339 4449 2429 4520 ὑφ’
2457 4450 2648 4521 ἐτέρου
2694 4452 2790 4505 καὶ
2822 4439 2923 4524 οὐχ
2958 4454 3157 4509 ἑαυτοῦ
3205 4460 3557 4531 συντεθῆναι,
3609 4467 3709 4520 καὶ

420 4567 481 4614 ut
507 4560 720 4630 justum
743 4565 850 4623 est,
878 4564 1249 4626 quaecumque
1295 4559 1427 4605 sunt
1471 4549 1657 4605 carnis
1692 4565 1789 4607 seu
1816 4565 2006 4606 neces-

2120 4542 2314 4596 Ξκοντα
2343 4545 2636 4613 μετασχεῖν
2672 4544 2799 4599 καθ’
2822 4545 2947 4601 ὅσον
2989 4546 3149 4619 θέμις
3182 4548 3296 4605 τῶν
3331 4552 3398 4606 ἐκ
3434 4554 3537 4624 τῆς
3571 4574 3708 4628 σαρ-

417 4651 581 4705 sitate
612 4689 627 4715 ,
674 4663 773 4704 seu
835 4646 1128 4710 mercede;
1177 4642 1295 4697 haec
1330 4642 1482 4697 enim
1512 4641 1581 4697 ad
1611 4641 1851 4698 animam
1882 4658 2008 4700 cor-

416 4758 633 4815 pusque
672 4741 972 4813 pertinent.

490 4833 587 4889 His
607 4831 833 4903 quidem
872 4828 1009 4885 illud
1039 4844 1071 4884 a
1098 4829 1259 4886 nobis
1283 4829 1539 4900 superius
1565 4826 2004 4882 demonstratum

415 4936 523 4993 est,
555 4934 816 4996 tanquam
845 4940 957 4980 non
981 4924 1165 4981 simile
1191 4923 1498 4981 secundum
1529 4920 1686 4992 quid,
1721 4935 1826 4976 nec
1847 4921 2005 4989 juxta

414 5018 600 5074 omnia
619 5018 1012 5072 necessarium.
1035 5015 1094 5073 Si
1119 5024 1303 5072 autem
1322 5016 1531 5071 hancce
1551 5011 1815 5068 unionem
1832 5010 2002 5067 Verbi

411 5110 596 5165 omnia
627 5117 1053 5180 consequuntur
1079 5124 1204 5180 qua).
1227 5109 1467 5166 animam
1497 5105 1719 5177 corpori
1761 5104 2001 5166 unitam,

410 5218 480 5259 ne
503 5203 652 5259 uniri
671 5202 1052 5275 quidemillud
1074 5203 1263 5265 dicere
1284 5202 1602 5269 admittitis,
1630 5198 1727 5255 sed
1746 5197 1999 5269 postula-

410 5299 482 5355 tis
511 5310 574 5355 ut
602 5300 687 5355 vel
725 5300 882 5370 juxta
933 5298 1119 5355 omnia
1167 5299 1368 5355 similis
1413 5296 1633 5353 dicatur
1664 5294 1818 5349 illius
1844 5290 1999 5355 unio,

406 5393 517 5458 vel,
546 5392 797 5463 quadam
832 5392 938 5447 alia
962 5393 1119 5464 juxta
1149 5408 1315 5464 quam
1362 5390 1575 5463 pariter
1613 5387 2001 5443 demonstrare

404 5483 564 5539 vobis
592 5484 727 5539 unio
757 5483 925 5539 Verbi
974 5484 1218 5551 videtur,
1248 5480 1531 5540 credenda
1557 5493 1670 5533 non
1701 5490 1847 5539 esse,
1886 5488 1998 5528 non

403 5591 528 5645 quae
548 5590 617 5630 ex
641 5575 1008 5632 similitudine
1038 5584 1483 5648 consequuntur,
1515 5571 1613 5626 sed
1641 5585 1767 5640 qua:
1795 5568 1848 5621 in
1874 5581 2002 5635 pro—

403 5668 523 5736 pria
550 5681 686 5720 voce
724 5678 1066 5737 spectantur.
1100 5669 1348 5724 Primum
1383 5664 1613 5737 quidem
1648 5660 1809 5717 vobis
1842 5659 1998 5714 dice-

405 5773 528 5811 mus
560 5775 575 5810 :
606 5758 743 5812 Date
776 5761 942 5815 nobis
974 5762 1219 5831 aliquam
1248 5770 1508 5815 naturam
1539 5756 1686 5809 inter
1707 5753 1879 5815 entia,
1906 5754 1994 5806 cui

407 5850 563 5904 iuxta
584 5850 771 5909 omnia
811 5852 973 5907 Verbi
1011 5852 1189 5907 divini
1228 5862 1431 5908 natura
1467 5846 1542 5901 sit
1587 5844 1809 5908 similis,
1837 5842 1996 5898 dabi-

2110 4632 2227 4700 κὸς,
2260 4633 2294 4704 ἡ
2344 4632 2433 4688 διὰ
2463 4634 2746 4708 ἀνάγκην,
2781 4636 2815 4708 ἢ
2844 4636 2936 4692 διά
2971 4639 3165 4708 μισθόν
3188 4656 3203 4670 σ
3234 4642 3414 4700 ταῦτα
3454 4645 3566 4718 γὰρ
3606 4649 3707 4703 ἐπὶ

2107 4724 2288 4796 ψυχῆς
2318 4728 2414 4782 καὶ
2450 4729 2705 4798 σώματος
2738 4731 3051 4801 συμϐαίνει.

2178 4820 2278 4873 Διά
2312 4818 2487 4875 ταῦτα
2542 4820 2673 4889 γοῦν
2726 4823 2847 4877 τόδε
2882 4826 3018 4896 ἡμῖν
3067 4829 3584 4898 προαποδέδεικται,
3625 4835 3705 4899 ὡς

2106 4912 2170 4966 οὐ
2208 4912 2270 4965 τὸ
2317 4912 2461 4968 κατά
2491 4930 2543 4967 τι
2586 4915 2794 4984 ὅμοιον,
2826 4918 2925 4972 καὶ
2955 4919 3101 4974 κατά
3129 4922 3241 4974 πᾶν
3277 4917 3421 4978 εἶναι
3461 4925 3524 4979 τὸ
3566 4928 3705 4982 αὐτὸ

2107 5005 2427 5069 ἀναγκαῖον.
2465 5005 2531 5059 Εἰ
2573 5008 2633 5060 δὲ
2673 5012 2855 5063 πάντα
2893 5011 3084 5080 ἕψεται
3118 5016 3187 5085 τῇ
3222 5016 3406 5086 τοιᾲδε
3448 5018 3703 5074 συνθέσει

2105 5096 2202 5150 τοῦ
2228 5098 2404 5166 Λόγου
2430 5099 2533 5154 ὅσα
2558 5100 2650 5154 καὶ
2678 5104 2745 5173 τῇ
2775 5102 2923 5175 ψυχῇ
2959 5106 3322 5179 συντιθεμένῃ
3351 5108 3431 5179 τῷ
3460 5108 3702 5183 σώματι,

2109 5190 2245 5262 μηδέ
2283 5192 2605 5262 συγκεῖσθαι
2657 5195 2822 5249 αὑτὸν
2884 5196 3068 5267 λέγειν
3118 5200 3490 5271 καταδέχεσθε
3530 5219 3545 5234 ·
3583 5205 3702 5259 ἀλλ’

2106 5285 2388 5338 ἀπαιτεῖτε
2420 5285 2454 5357 ἢ
2502 5287 2649 5341 κατὰ
2700 5287 2877 5360 πάντη
2901 5289 3102 5361 ὁμοίαν
3124 5291 3309 5361 λέγειν
3346 5294 3449 5364 τὴν
3480 5295 3700 5358 ἕνωσιν.

2105 5376 2138 5446 ἢ
2172 5376 2367 5447 ἐτέραν
2403 5377 2529 5431 τινὰ
2576 5379 2699 5433 καθ’
2727 5381 2795 5450 ἢν
2821 5381 3266 5452 ἀπαραλλάκτως
3296 5384 3481 5439 ἔοικεν
3531 5388 3565 5458 ἡ
3604 5389 3698 5443 τοῦ

2105 5470 2279 5538 Λόγου
2313 5469 2564 5536 σύνθεσις
2600 5472 2982 5528 ὑποδεικνύειν
3021 5474 3151 5545 ὑμῖν
3198 5476 3275 5540 ὡς
3308 5477 3414 5532 οὐκ
3452 5478 3694 5552 εὐπαρα-

2102 5564 2309 5617 δέκτων
2331 5565 2410 5628 εἰς
2434 5565 2617 5619 πίστιν
2641 5566 2751 5619 τῶν
2781 5567 2884 5621 οὐκ
2908 5567 2968 5634 ἐξ
2998 5569 3302 5641 ἐπαγωγῆς
3335 5570 3447 5625 τῶν
3471 5573 3677 5644 ὁμοίων

2105 5656 2223 5709 ἀλλ’
2253 5657 2311 5709 ἐν
2369 5657 2625 5721 ἰδιάζοντι
2677 5659 2825 5732 λόγῳ
2860 5661 3287 5734 θεωρουμένων.
3320 5663 3553 5735 Πρῶτον
3598 5665 3688 5735 μέι

2104 5750 2267 5803 πάλιν
2316 5749 2555 5820 ἐροῦμεν
2584 5752 2715 5823 ὑμῖν
2742 5770 2755 5783 '
2787 5753 2919 5808 Δότε
2952 5756 3088 5826 ἡμῖν
3136 5773 3262 5810 τινα
3292 5756 3462 5827 φύσιν
3494 5759 3555 5811 ἐν
3582 5760 3693 5823 τοῖς

2102 5838 2254 5896 οὖσιν
2283 5834 2316 5906 ἦ
2350 5842 2492 5897 κατά
2519 5844 2698 5899 πάντα
2723 5845 2872 5902 ἐστὶν
2900 5847 2933 5904 ἡ
2958 5846 3051 5901 τοῦ
3077 5848 3257 5903 Λόγου
3278 5846 3375 5903 τοῦ
3406 5847 3557 5903 θείου
3590 5850 3696 5906 (ειε-
