4116 6442
388 442 526 508 1457

1342 452 1741 514 ADVERSUS
1779 454 2334 519 NESTORIANOS.
2381 482 2451 495 ·-
2490 461 2637 521 LIB.
2681 461 2729 523 Ῐ.

3525 466 3665 533 1458

382 573 470 619 σις
495 555 682 627 ὁμοία,
712 555 811 612 καὶ
847 557 1094 630 δώσομεν
1146 560 1241 614 καὶ
1280 562 1446 633 ἡμεῖς
1476 562 1731 619 σύνθεσιν
1761 565 1795 637 ἥ
1829 566 1968 620 κατά

2076 584 2310 640 musque
2342 580 2400 627 et
2430 588 2535 628 nos
2585 574 2848 630 unionem
2896 589 3021 645 quae
3046 574 3243 633 unioui
3288 574 3467 648 ipsius
3508 577 3666 648 juxta

384 647 565 701 πάντα
595 647 716 702 ἐστὶ
745 651 812 720 τῇ
842 649 964 703 κατ’
992 650 1156 705 αὑτὸν
1192 651 1444 706 συνθέσει
1491 654 1673 724 ὁμοία.
1711 657 1774 709 Εἰ
1805 656 1863 710 δὲ
1895 659 1971 729 μή

382 740 503 791 ἐστι
535 738 702 804 φύσις
747 739 882 811 τῷδε
912 742 1097 811 ὁμοία,
1132 742 1292 813 δῆλον
1328 744 1407 809 ὡς
1434 745 1558 800 οὐδὲ
1591 747 1843 813 σύνθεσις
1874 767 1973 818 φυ-

382 831 511 902 σικὴ
540 832 704 902 ὁμοία
732 834 801 904 τῇ
829 833 1008 888 τοῦδε.
1056 829 1133 889 UB
1179 836 1291 908 γὰρ
1330 838 1431 892 οὑκ
1474 838 1624 894 ἔστιν
1661 841 1850 909 ὅμοιον
1876 842 1972 913 ὅρ-

381 937 545 990 γανον
586 923 854 993 μουσικὸν
881 926 941 979 ὲν
964 928 1079 990 τοῖς
1107 921 1281 992 οὖσιν,
1307 929 1523 1003 ἀνάγκη
1564 931 1777 986 καὶτὸν
1804 932 1974 1003 φθόγ-

376 1031 477 1079 γον
506 1015 727 1073 πάντων
755 1016 865 1072 τῶν
901 1018 1071 1073 ὅντων
1098 1021 1525 1091 παραλλάσσειν.
1555 1026 1693 1096 Ὅρα
1714 1026 1772 1081 δὲ
1802 1027 1971 1099 ὑμᾶς,

377 1108 506 1162 ἐπεὶ
542 1108 618 1181 μὴ
658 1110 1009 1183 εὐποροῦμεν
1050 1112 1242 1185 ἕτερόν
1280 1132 1405 1171 τινα
1432 1116 1606 1185 δεῖξαι
1634 1120 1972 1191 δημιουργὸν

378 1203 445 1255 ἐκ
497 1202 575 1274 μὴ
620 1202 792 1258 όντων
844 1206 1163 1275 προάγοντα
1196 1208 1268 1262 τὰ
1293 1210 1583 1281 γινόμενα,
1635 1212 1713 1285 μὴ
1749 1213 1809 1267 δὲ
1850 1214 1971 1268 τόδε

379 1289 509 1360 περὶ
538 1289 677 1343 Θεοῦ
720 1293 1155 1364 καταδέχεσθαι·
1195 1297 1311 1351 ἀλλ’
1338 1299 1462 1354 οὐδὲ
1494 1301 1718 1373 Πατέρα
1744 1303 1969 1358 τοιῶσδε

377 1382 659 1449 γεννῶντα
711 1383 868 1447 Θεὸν,
908 1387 940 1457 ἢ
987 1388 1118 1443 Υίὸν
1162 1391 1386 1445 τοιῶσδε
1418 1395 1784 1465 γεννώμενον,
1834 1396 1971 1450 Θεὸν

381 1470 684 1525 πιστεύειν·
713 1471 840 1528 οὗτε
870 1474 927 1528 δὲ
968 1477 1205 1536 Χριστὸν
1234 1480 1399 1535 αὑτόν
1433 1498 1499 1550 γε
1536 1482 1629 1537 τὸν
1664 1483 1789 1537 καθ’
1820 1486 1971 1557 ἡμᾶς

380 1563 554 1628 ὅντως
592 1566 875 1635 γενέσθαι·
904 1568 1025 1622 ἀλλ’
1056 1571 1179 1625 οὑδὲ
1214 1572 1309 1627 τὸν
1340 1576 1465 1628 καθ’
1491 1576 1641 1647 ὑμᾶς
1664 1578 1971 1649 διαγραφό-

383 1670 569 1726 μενον·
602 1657 730 1712 ἐπεὶ⁵
773 1659 987 1731 μήποτε
1014 1661 1222 1717 τοιόνδε
1252 1665 1375 1718 τινὰ
1403 1665 1564 1721 ἄλλον
1609 1667 1810 1739 ἔχομεν
1838 1668 1967 1740 ὑμῖν

379 1749 780 1817 ἐπιδείξασθαι,
811 1751 845 1823 ἢ
892 1753 1051 1824 ὑμεῖς
1089 1756 1253 1827 ἡμῖν·
1285 1760 1334 1812 εί
1362 1758 1439 1831 μὴ
1466 1761 1575 1831 ἄρα
1605 1764 1717 1824 τοῖς
1744 1763 1969 1835 προφή-

2076 663 2262 719 omnia
2294 665 2370 721 sit
2401 666 2619 721 similis.
2655 665 2713 722 Si
2751 674 2937 723 autem
2966 681 3079 723 non
3121 678 3207 724 est
3238 676 3438 724 natura
3466 670 3667 726 huicce

2075 755 2297 823 similis,
2328 773 2434 815 nec
2470 761 2732 817 unionem
2765 762 3075 817 naturalem
3108 762 3302 817 unioui
3334 762 3483 818 illius
3506 763 3666 818 simi-

2074 848 2182 904 lem
2210 866 2331 907 csse
2360 860 2531 922 patet.
2560 853 2683 908 Non
2709 853 2859 908 enim
2900 862 2986 910 est
3016 856 3073 910 in
3109 854 3337 911 cutibus
3357 855 3664 927 quidquam

2075 942 2509 999 instrumentum
2564 946 2839 1001 musicum
2886 946 3067 1003 simile
3102 987 3118 1013 ,
3171 962 3516 1017 necesseque
3576 953 3668 1001 est

2075 1044 2269 1092 tonum
2294 1039 2542 1095 omnium
2572 1040 2785 1096 entium
2810 1040 3059 1097 diﬂ‘erre.
3092 1041 3337 1111 Tempus
3368 1050 3455 1096 est
3475 1051 3663 1096 autem

2072 1143 2192 1191 vos,
2219 1128 2496 1199 siquidem
2521 1130 2761 1201 aliquem
2805 1130 2977 1185 alium
3025 1130 3320 1187 ostendere
3352 1139 3663 1186 creatorem

2072 1236 2416 1290 nequeamus
2459 1238 2525 1277 ex
2571 1239 2682 1278 non
2725 1223 2954 1283 cutibus
2996 1231 3182 1278 creata
3212 1223 3659 1285 antecellentem,

2073 1314 2220 1368 haud
2250 1314 2502 1386 profecto
2541 1315 2680 1370 illud
2715 1332 2744 1370 a
2787 1317 2900 1372 Deo
2928 1326 3272 1387 exspectare,
3300 1316 3396 1371 sed
3428 1331 3530 1370 nec
3553 1316 3660 1370 Pa-

2074 1416 2215 1462 trem
2247 1408 2322 1463 ita
2353 1416 2711 1479 generantem
2734 1408 2931 1474 Deum,
2962 1424 3068 1464 nec
3094 1408 3295 1463 Filium
3329 1408 3403 1463 ita
3434 1424 3664 1479 genera-

2072 1508 2211 1565 tum,
2248 1500 2421 1556 Deum
2453 1501 2706 1566 credere,
2750 1515 2856 1555 nec
2889 1499 3174 1557 Christum
3220 1500 3403 1571 ipsum
3435 1500 3662 1571 quidem

2068 1584 2222 1656 iuxta
2254 1606 2357 1647 nos
2385 1591 2632 1657 factum,
2687 1591 2785 1648 sed
2824 1608 2929 1649 nec
2970 1593 3128 1665 juxta
3178 1610 3278 1648 vos
3330 1592 3659 1659 deﬁnitum;

2070 1701 2196 1742 cum
2229 1702 2513 1757 nunquam
2548 1686 2844 1757 quemdam
2893 1687 3130 1743 alterum
3160 1686 3477 1758 hujusmodi
3505 1687 3663 1743 vobis

2070 1778 2482 1834 ostendendum
2512 1794 2617 1835 nos
2644 1779 3031 1846 habuerimus,
3056 1794 3163 1835 nec
3203 1794 3303 1834 vos
3325 1779 3522 1845 nobis;
3552 1779 3657 1835 nisi

375 1855 506 1902 ταις
549 1841 717 1895 αὑτὸν
761 1841 875 1896 ίσον
918 1845 1096 1917 πάντη
1125 1845 1317 1917 λέγετε
1349 1849 1495 1904 κατά
1525 1851 1625 1923 τὴν
1666 1852 1763 1907 νῦν
1796 1849 1965 1909 οὖσαν

390 1927 428 1946 ..
503 1929 527 1946 ..
564 1934 586 1946 ..
632 1931 644 1946 .
831 1933 845 1946 ,
1029 1937 1071 1946 --
1118 1936 1131 1946 .
1195 1939 1208 1946 -
1265 1938 1280 1946 .
1306 1939 1331 1946 _
1463 1941 1473 1946 -
1683 1944 1691 1946 _

2069 1868 2178 1939 jam
2208 1869 2499 1940 prophetis
2527 1871 2758 1927 omnino
2796 1870 3034 1927 similem
3070 1870 3253 1941 ipsum
3292 1870 3659 1941 dicatisjuxta

408 1929 694 2003 ιουδαῖκὴν
743 1933 991 2005 γνώμην.
1029 1936 1141 1990 Καὶ
1184 1938 1372 2003 ἁπλῶς
1403 1941 1584 1997 πάντα
1637 1944 1707 1998 τὰ
1758 1947 1965 2000 σπάνια

2069 1929 2535 2032 praesens-dogma
2564 1960 2903 2018 Iudaeorum.
2937 1929 3136 2017 Omnia
3174 1962 3397 2032 quoque
3449 1929 3662 2030 simpli-

377 2026 475 2078 καὶ
505 2024 852 2097 ὑπερέχοντα
900 2028 1002 2100 τὴν
1034 2028 1199 2100 φύσιν
1239 2033 1432 2088 καὶτὰ
1460 2033 1722 2107 θαύματα
1765 2039 1862 2092 καὶ
1892 2032 1969 2093 ὧν

376 2117 484 2171 οὐκ
517 2118 577 2172 ἐν
620 2119 788 2172 πᾶσιν
814 2119 848 2191 ἡ
876 2120 1079 2189 γνῶσίς
1118 2123 1290 2191 ἐστιν,
1320 2117 1395 2181 ὧν
1441 2144 1503 2181 τε
1532 2127 1611 2200 μὴ
1655 2129 1844 2185 κανὼν
1870 2133 1969 2187 καὶ

377 2206 581 2277 τέχνης
623 2206 783 2276 λόγος
829 2211 1167 2283 περιγράφει
1211 2214 1314 2286 τὴν
1352 2218 1689 2290 ἐπιστήμην,
1725 2221 1758 2293 ἢ
1807 2216 1890 2285 οἷς
1933 2224 1968 2294 ἠ

379 2300 547 2371 πεῖρα
579 2299 656 2371 μὴ
689 2304 980 2373 μαρτυρεῖ,
1017 2304 1241 2360 πάντων
1282 2309 1318 2379 ὴ
1348 2309 1630 2383 ἀναίρεσις
1656 2313 1781 2367 καθ’
1821 2314 1969 2386 ὑμᾶς

380 2392 558 2458 ἔσται,
588 2393 621 2464 ἢ
649 2394 726 2459 ῶς
752 2395 932 2452 είπεῖν
955 2398 1026 2452 δι’
1045 2399 1214 2471 ὑμᾶς.
1244 2402 1358 2456 Καὶ
1385 2403 1439 2457 τί
1463 2405 1672 2461 τούτων
1707 2408 1836 2480 ὑμῖν
1861 2412 1972 2481 χεῖ-

385 2499 478 2556 ρον
511 2485 579 2540 ἄν
612 2503 699 2551 τις
731 2488 1115 2559 ἐγκαλέσειενς
1159 2494 1222 2547 Et
1269 2494 1328 2548 δὲ
1362 2496 1429 2569 δὴ
1462 2498 1601 2563 ὅλως
1631 2500 1728 2555 τοῦ
1762 2518 1968 2574 γραφι-

380 2578 481 2633 κοῦ
509 2579 671 2649 λόγου
697 2582 801 2653 τῆς
825 2584 1192 2653 ζδιδασκαλίας
1227 2587 1563 2662 ἀξιούμενοι,
1591 2596 1970 2665 κατανύγεσθε

381 2672 701 2744 πεισθῆναι,
735 2676 920 2742 καθὼς
951 2677 1048 2733 νῦν
1090 2682 1225 2752 ἡμῖν
1274 2683 1604 2757 ὑπέσχεσθε,
1647 2688 1742 2742 καὶ
1777 2688 1877 2762 τὴν
1906 2693 1971 2746 ἐκ

380 2764 494 2819 τῶν
539 2765 918 2826 θεοπνεύστων
948 2771 1150 2842 λογίων
1190 2778 1508 2850 μαρτυρίαν
1553 2782 1968 2854 παραδέχεσθε,

378 2856 481 2927 όψέ
506 2858 638 2927 γοῦν
668 2861 1028 2931 διεγνωκότες
1069 2866 1155 2921 ὅτι
1185 2868 1477 2941 ἐμώρανεν
1513 2874 1542 2927 ό
1578 2873 1712 2938 Θεὸς
1754 2874 1854 2946 τὴν
1884 2894 1973 2930 σο-

380 2947 515 3018 φίαν
547 2948 641 3003 τοῦ
670 2952 883 3023 κόσμου
910 2955 1128 3024 τούτου,
1167 2960 1398 3031 μυρίαις
1440 2962 1508 3016 ἂν
1551 2964 1700 3034 ὑμᾶς
1744 2965 1971 3039 ἔχοιμεν

378 3041 706 3115 δυσωπῆσαι
738 3049 862 3111 ταῖς
890 3050 1189 3120 χρήσεσινο
1228 3052 1308 3117 ὡς
1349 3054 1487 3109 Θεοῦ
1540 3057 1778 3129 ἀληθοῦς
1829 3061 1972 3133 πρὸς

378 3136 672 3210 ἄνθρωπον
707 3138 884 3215 ἀληθῆ
924 3144 1151 3214 γέγονεν
1195 3147 1419 3220 ἀληθῶς
1450 3153 1484 3223 ἡ
1521 3153 1731 3227 φυσικὴ
1777 3155 1969 3210 σύνθε-

380 3242 469 3339 σις
498 3228 595 3339 τοῦ
640 3232 1119 3339 Δεσπότουιήμῶν
1168 3238 1348 3339 ’ίησοῦ
1384 3243 1625 3313 Χριστοῦ
1650 3261 1666 3278 ο
1710 3247 1774 3300 οὐ
1831 3266 1969 3319 προ·
1995 3279 2038 3339 C

380 3321 699 3393 ὑποστάσης
724 3326 828 3391 τῆς
855 3325 995 3397 πρὸς
1037 3327 1133 3382 τὸν
1172 3329 1349 3399 Λόγον
1386 3333 1634 3400 ἐνώσεως
1669 3336 1771 3407 τῆς
1802 3338 1970 3407 ἁγίας

376 3409 548 3465 αὐτοῦ
580 3412 808 3483 σαρκὸς,
838 3414 957 3469 ἀλλ’
983 3415 1104 3489 ἅμα
1125 3435 1188 3473 τε
1217 3420 1384 3490 φύσις
1417 3424 1512 3477 καὶ
1545 3426 1863 3499 συμφύησις
1890 3428 1969 3499 τῷ

376 3499 655 3571 ὑπερφυεῖ

450 3593 727 3649 Σκεπτᾶον
765 3595 824 3650 δέ
854 3598 951 3653 καὶ
985 3597 1163 3665 οὕτως
1194 3599 1279 3655 ἔτι
1315 3604 1448 3677 περὶ
1492 3605 1689 3661 τούτου
1733 3609 1804 3665 τὰ
1836 3611 1967 3682 παρ’

376 3686 542 3758 ἡμῶν
562 3702 581 3721 ο
616 3687 702 3742 δτι
734 3690 859 3745 τινά
900 3690 1174 3763 ὀργανικὰ
1210 3695 1379 3769 μόρια
1412 3699 1473 3752 ἐν
1510 3700 1645 3771 ἡμῖν
1667 3699 1778 3755 τῶν
1810 3720 1970 3773 φυσι-

377 3779 493 3836 κῶν
530 3797 593 3835 τε
639 3783 736 3836 καὶ
793 3783 1133 3841 εδικωτάτων
1176 3787 1476 3868 ἐνεργειῶν
1526 3794 1636 3847 είσι
1661 3810 1676 3825 ·
1717 3797 1816 3850 καὶ
1867 3796 1967 3868 οὐχ

376 3872 530 3927 ἁπλᾶ
574 3872 785 3946 ὄργανα
834 3875 910 3939 ὡς
950 3874 1155 3942 ἔξωθεν
1189 3866 1571 3953 ἐνεργούμενα
1626 3886 1834 3939 νοοῖντο
1874 3866 1962 3952 ἂν,

376 3963 517 4019 ἀλλά
544 3966 644 4021 καὶ
673 3969 1043 4039 συνεργοῦντα
1078 3974 1196 4036 τοῖς
1221 3974 1282 4026 ἐν
1330 3975 1519 4039 αὐτοῖς
1552 3993 1614 4030 τε
1646 3977 1740 4031 καὶ
1769 3977 1837 4031 δι’
1864 3979 1968 4033 αὑ-

374 4058 487 4113 τῶν
517 4060 811 4132 ἐνεργοῦσι
843 4062 989 4115 κατὰ
1024 4062 1211 4132 φύσιν,
1248 4066 1346 4120 καὶ
1394 4068 1515 4138 μετ’
1545 4068 1727 4123 αὐτῶν
1752 4087 1804 4123 τι
1836 4088 1969 4143 προ-

374 4150 639 4219 άγουσιν·
673 4150 867 4223 ὥσπερ
902 4152 1180 4226 ἀνθρώπῳ
1217 4157 1437 4225 γλῶττα
1489 4160 1584 4213 καὶ
1608 4161 1837 4233 ὑπερῴα
1873 4164 1967 4217 καὶ

372 4244 445 4297 τά
472 4242 643 4297 λοιπά
684 4245 976 4316 φωνητικά
1011 4262 1073 4299 τε
1116 4248 1215 4301 καὶ
1250 4249 1569 4305 διαλεκτικὰ
1614 4251 1648 4323 ἢ
1680 4253 1775 4306 καὶ
1803 4254 1968 4323 γελα-

377 4335 545 4390 στικὰ
577 4337 766 4408 μόρια.
815 4334 970 4390 Ἐπεὶ
997 4333 1092 4393 οὖν
1127 4340 1420 4412 ίδικωτάτη
1445 4345 1547 4415 τῆς
1563 4341 1715 4408 θείας
1745 4344 1967 4413 φύσεως

375 4427 634 4500 ἐνέργεια
685 4428 1040 4502 ὡμολόγηται
1072 4434 1106 4504 ή
1136 4433 1251 4487 τῶν
1283 4434 1513 4507 μηδέπω
1546 4436 1683 4507 μηδὲ
1734 4436 1966 4509 δυνάμει

372 4518 565 4585 ὄντων,
624 4520 742 4575 ἀλλ’
792 4522 926 4578 ἄνευ
967 4523 1189 4594 φύσεώς
1232 4544 1382 4592 τινος
1424 4528 1650 4599 ἁμέσως
1694 4527 1756 4596 ἐξ
1783 4529 1955 4585 αὑτοῦ

2070 2051 2212 2109 citer
2263 2068 2427 2120 rara,
2476 2063 2729 2109 naturam
2772 2053 3206 2118 antecellentia,
3264 2052 3517 2124 prodigia
3568 2051 3661 2107 illa

2069 2160 2309 2215 quorum
2343 2163 2455 2202 non
2480 2147 2640 2218 plana
2669 2149 2913 2219 cognitio
2936 2157 3042 2213 est,
3069 2163 3421 2219 quorumque
3450 2148 3540 2202 lex
3571 2146 3660 2202 vel

2072 2240 2327 2297 technica
2359 2257 2463 2296 vox
2494 2257 2605 2297 non
2640 2243 2929 2298 scientiam
2968 2242 3184 2307 deﬁnit,
3234 2242 3321 2297 vel
3369 2256 3495 2312 quas
3547 2257 3661 2296 non

2070 2335 2270 2405 probat
2300 2337 2664 2407 experientia,
2717 2337 2992 2393 tolluntur
3039 2349 3071 2391 e
3113 2335 3299 2390 medio
3329 2335 3485 2406 juxta
3536 2348 3658 2400 vos,

2070 2426 2157 2481 vel
2192 2427 2354 2483 aliter
2407 2444 2509 2498 per
2558 2444 2679 2484 vos.
2732 2428 2876 2495 Quid
2922 2429 3081 2499 pejus
3130 2426 3292 2482 vobis
3332 2425 3660 2496 exprobrari

2070 2518 2298 2586 posset?
2333 2517 2389 2573 Si
2416 2528 2624 2583 autem,
2654 2529 2948 2590 postquam
2982 2517 3217 2574 verbum
3250 2518 3526 2588 scriptum
3557 2517 3660 2572 do-

2071 2608 2267 2665 ctrinae
2287 2610 2449 2680 plane
2476 2610 2823 2681 receperitis,
2851 2624 3049 2680 parere
3079 2608 3402 2674 renueritis,
3427 2620 3490 2665 ut
3510 2622 3662 2664 nunc

2070 2699 2237 2754 nobis
2278 2700 2609 2768 ostenditis,
2656 2716 2836 2772 exque
2870 2699 3076 2757 divinis
3116 2701 3361 2757 oraculis
3403 2701 3660 2756 testimo-

2071 2791 2230 2845 nium
2267 2792 2537 2862 recipitis,
2574 2802 2726 2849 certe
2778 2802 3070 2865 postquam
3113 2808 3241 2848 sero
3285 2792 3661 2864 cognoveritis

2071 2881 2245 2937 Deum
2263 2883 2591 2953 sapientiam
2619 2884 2786 2955 hujus
2807 2884 3001 2940 mundi
3024 2884 3250 2939 stultam
3278 2883 3485 2943 facere.
3508 2884 3660 2939 mille

2071 2972 2313 3027 oraculis
2370 2988 2470 3029 vos
2522 2974 2855 3030 convincere
2919 2975 3263 3045 poterimus,
3312 2974 3411 3029 Dei
3442 2975 3559 3029 veri
3589 2973 3657 3028 ad

2071 3064 2354 3119 hominem
2373 3081 2566 3121 verum
2585 3081 2717 3122 vere
2743 3066 2943 3122 factam
2971 3066 3143 3122 fuisse
3165 3066 3475 3122 naturalem
3498 3066 3662 3121 unio-

2070 3171 2197 3211 nem
2233 3157 2453 3212 Domini
2502 3156 2678 3212 nostri
2726 3158 2859 3214 Jesu
2903 3157 3154 3226 Christi,
3205 3159 3410 3214 unione
3454 3168 3661 3215 sancta;

2071 3246 2256 3302 carnis
2276 3246 2451 3318 ipsius
2473 3247 2541 3303 ad
2558 3247 2807 3304 Verbum
2826 3264 2939 3304 non
2964 3249 3403 3320 praaexsistente,
3438 3248 3533 3304 sed
3561 3264 3661 3304 na-

2072 3346 2199 3393 tura
2229 3338 2765 3411 participationeque
2798 3348 3016 3397 naturae
3040 3341 3096 3396 in
3130 3356 3199 3397 eo
3227 3341 3324 3412 qui
3354 3356 3523 3412 supra
3554 3356 3659 3396 na-

2071 3441 2251 3488 turam
2277 3440 2355 3487 est
2378 3433 2731 3489 eonsociatis.

2143 3612 2316 3668 Nobis
2344 3619 2528 3668 autem
2554 3611 2738 3668 adhuc
2782 3611 2851 3668 de
2892 3612 3000 3667 hoc
3027 3610 3497 3667 considerandum
3546 3619 3655 3675 est,

2071 3707 2127 3762 in
2161 3706 2323 3761 nobis
2345 3720 2468 3761 esse
2502 3706 2767 3777 quasdam
2791 3713 2977 3777 partes
3001 3706 3289 3777 organicas
3315 3703 3659 3759 naturalium

2069 3800 2509 3871 specialiumque
2554 3800 2980 3870 operationum;
3015 3814 3119 3855 nec
3145 3798 3420 3869 simplicia
3452 3812 3658 3869 organa

2072 3901 2333 3962 tanquam
2371 3891 2620 3948 exterius
2650 3893 2939 3963 operantia
2970 3891 3204 3962 intelligi
3235 3898 3501 3961 possent,
3559 3889 3657 3945 sed

2068 3984 2332 4053 tanquam
2363 3984 2720 4054 cooperantia
2751 4000 2877 4039 cum
2912 3983 3022 4039 illis
3053 3998 3176 4052 quae
3208 3982 3262 4037 in
3297 3982 3432 4050 ipsis
3474 3990 3530 4036 et
3558 3996 3659 4051 per

2070 4079 2187 4150 ipsa
2215 4079 2371 4149 juxta
2394 4086 2650 4133 naturam
2677 4086 3002 4146 operantur,
3030 4090 3269 4144 cumque
3304 4073 3412 4128 illis
3444 4072 3656 4143 aliquid

2069 4172 2404 4243 producunt,
2434 4181 2496 4226 ut
2521 4170 2575 4224 in
2597 4170 2820 4225 homine
2844 4170 3051 4240 lingua.
3080 4168 3323 4239 palatum
3343 4175 3656 4236 cmteraquc

2069 4264 2136 4321 ad
2173 4280 2394 4331 sonum,
2429 4279 2622 4320 vocem
2655 4264 2741 4319 vel
2777 4263 2947 4318 risum
2982 4262 3311 4332 spectantia.
3352 4260 3489 4315 Cum
3521 4275 3654 4330 ergo

2067 4356 2303 4413 maxime
2345 4367 2560 4412 natura
2606 4356 2807 4411 divinae
2848 4354 3071 4425 propria
3101 4362 3434 4423 agnoscatur
3458 4366 3653 4407 eorum

2067 4466 2191 4522 qua:
2219 4449 2468 4505 nondum
2500 4465 2605 4505 nec
2640 4448 2887 4519 potentia
2913 4456 3043 4503 sunt
3065 4446 3320 4517 operatio
3341 4487 3354 4510 ,
3407 4446 3502 4501 sed
3532 4446 3654 4501 sine

2068 4540 2181 4596 ulla
2206 4547 2403 4594 natura
2428 4537 2744 4594 immediate
2774 4553 2842 4594 ex
2884 4538 3005 4609 ipso
3028 4536 3473 4608 provenientium
3500 4551 3648 4591 crea-

376 4611 776 4701 προαγομένων
808 4613 1051 4685 ποίησις,
1084 4618 1175 4671 οῐα
1204 4619 1355 4673 ἐστὶν
1380 4621 1413 4691 ὴ
1443 4620 1554 4675 ἀπὸ
1588 4620 1699 4691 γῆς
1727 4622 1828 4694 τῆς
1864 4622 1965 4676 ἀν-

2072 4631 2170 4699 tio,
2202 4640 2371 4701 prout
2400 4639 2485 4686 est
2526 4645 2591 4686 ex
2638 4638 2788 4685 terra
2841 4630 3025 4685 carnis
3067 4629 3325 4684 humanae
3364 4629 3433 4684 ad
3479 4628 3652 4684 vitam

376 4697 663 4771 θρωπίνης
712 4702 917 4773 σαρκὸς
971 4705 1109 4775 πρὸς
1158 4706 1307 4779 ζωὴν
1352 4708 1552 4775 πλάσις
1590 4710 1822 4783 (ταύτην
1846 4712 1903 4766 δὲ
1934 4712 1964 4766 ὁ

375 4791 659 4865 Δεσπότης
690 4794 850 4865 ἡμῶν
880 4797 976 4850 καὶ
1007 4796 1143 4862 Θεὸς
1179 4799 1393 4872 Ἰησοῦς
1427 4803 1456 4856 ό
1485 4802 1724 4875 Χριστὸς
1752 4803 1967 4859 ἐπεδεί-

376 4880 507 4944 ξατο
535 4882 630 4935 ἐπὶ
662 4882 761 4936 τοῦ
794 4884 860 4937 ἐκ
899 4887 1131 4957 γενετῆς
1164 4888 1397 4959 τυφλοῦ,
1432 4891 1532 4945 καὶ
1584 4893 1676 4947 διὰ
1710 4892 1965 4963 σώματος

371 4969 583 5024 οἰκείου
617 4971 827 5045 ταύτην
858 4974 1158 5049 ἐνήργησε,
1192 4978 1489 5045 δακτύλοις
1518 4981 1837 5053 πηλοποιῶν
1871 4984 1965 5038 καὶ

370 5063 723 5120 διαπλάττων
746 5067 916 5122 αὑτοῦ
935 5071 1061 5134 τοὺς
1078 5072 1416 5145 ὀφθαλμοὺς,
1439 5074 1617 5130 καίτοι
1640 5074 1784 5145 λόγῳ
1818 5075 1964 5147 μόνῳ

369 5157 504 5212 τάδε
533 5161 710 5213 ποιεῖν
738 5159 1075 5233 δυνάμενος)
1100 5178 1113 5192 ο
1143 5164 1303 5231 δῆλον
1353 5165 1430 5230 ὼς
1481 5168 1626 5222 κατά
1662 5168 1827 5239 φύσιν
1865 5169 1964 5241 τὴν

371 5250 559 5325 σάρκα
596 5252 767 5307 αὑτοῦ
817 5271 1107 5327 παριστων
1139 5257 1291 5330 αὐτῷ
1328 5260 1676 5328 συγκεῖσθαι,
1721 5261 1849 5316 τάδε
1879 5262 1964 5316 οὓ-

369 5359 483 5407 τως
516 5346 695 5398 ποιείο
732 5344 873 5400 διότι
903 5347 975 5401 τά
1007 5347 1343 5415 ίδικωτάτως
1383 5350 1551 5406 αὐτοῦ
1597 5352 1699 5425 τῆς
1743 5353 1963 5423 φύσεως

368 5434 527 5499 ὄντα,
558 5436 652 5491 διὰ
692 5438 788 5492 τοῦ
826 5438 1104 5511 σώματος,
1133 5443 1499 5515 ἀνθρωπίνως
1528 5447 1775 5518 ἐνεργῶν
1814 5464 1956 5518 προ-

369 5527 656 5585 ϐάλλεται.
691 5531 908 5603 Ὥσπερ
947 5528 1041 5587 οῦν
1083 5551 1167 5598 τις
1216 5536 1339 5589 οὐδὲ
1371 5536 1608 5607 θελήσας
1636 5538 1861 5594 δύναιτο
1893 5539 1962 5594 ἂν

366 5622 442 5678 δι’
470 5624 709 5695 ὀργάνου
750 5627 899 5692 τινὸς
928 5628 1225 5683 ἀσυνθέτου
1263 5631 1399 5704 πρὸς
1428 5632 1597 5687 αὐτὸν
1630 5632 1783 5698 ὄντος
1818 5635 1964 5689 κατά

370 5714 561 5785 φύσιν,
599 5718 764 5783 αὐτὸς
794 5720 982 5775 λαλεῖν
1030 5722 1063 5794 ἦ
1096 5723 1262 5795 γελᾷν
1308 5726 1406 5779 καὶ
1436 5727 1959 5797 προσδιαλέγεσθαι,

369 5805 550 5872 οὕτως
579 5808 703 5863 οὐδὲ
733 5810 867 5875 Θεὸς
901 5812 977 5885 μὴ
1015 5816 1158 5869 κατὰ
1190 5815 1356 5885 φύσιν
1388 5821 1455 5888 τῇ
1493 5818 1599 5890 ἰδίᾳ
1622 5820 1792 5891 σαρκὶ
1826 5837 1960 5889 συγ-

374 5899 654 5972 κείμενος,
684 5905 783 5971 τὰς
816 5906 1143 5975 ίδικωτάτας
1173 5910 1310 5965 Θεοῦ
1354 5913 1635 5983 ἐνεργείας
1685 5915 1774 5968 διὰ
1824 5896 1959 5988 σείρ-

2067 4721 2279 4791 plasma
2308 4721 2484 4791 (hanc
2514 4730 2697 4776 autem
2728 4720 2998 4775 Dominus
3025 4729 3218 4776 noster
3239 4729 3297 4775 et
3328 4721 3473 4775 Deus
3491 4720 3652 4775 Jesus

2066 4810 2323 4869 Christus
2346 4812 2595 4867 ostendit
2617 4812 2673 4866 in
2689 4826 2756 4867 eo
2776 4811 2871 4882 qui
2903 4827 2972 4867 ex
2990 4811 3280 4866 nativitate
3304 4820 3423 4866 erat
3447 4826 3650 4873 caecus,

2066 4918 2131 4959 ac
2159 4918 2259 4973 per
2286 4917 2448 4957 suum
2472 4917 2678 4972 corpus
2708 4901 2961 4956 exercuit
2980 4943 2995 4967 ,
3026 4900 3216 4971 digitis
3240 4902 3420 4955 lutum
3447 4900 3652 4956 faciens

2066 4994 2383 5064 liuiensque
2413 4994 2605 5049 oculos
2629 4993 2772 5064 ejus,
2798 4993 2905 5048 etsi
2951 4994 3126 5048 verbo
3155 4994 3274 5049 solo
3310 4994 3427 5048 haec
3468 4991 3650 5048 facere

2066 5084 2395 5158 potuisset);
2420 5094 2482 5141 ut
2501 5102 2728 5143 carnem
2750 5102 2907 5143 suam
2928 5086 3081 5157 juxta
3109 5094 3365 5140 naturam
3398 5083 3648 5138 sibimet-

2068 5177 2173 5248 ipsi
2204 5177 2356 5232 uuiri
2382 5176 2723 5244 ostenderet,
2742 5176 2826 5231 sic
2846 5190 2911 5230 ea
2942 5173 3123 5229 facere
3151 5182 3333 5244 patet;
3356 5182 3649 5243 propterea

2066 5285 2190 5339 quae
2213 5277 2345 5324 sunt
2371 5270 2607 5324 maxime
2628 5267 2856 5339 propria
2881 5265 3057 5336 ipsius
3074 5273 3287 5320 natura:
3305 5303 3321 5328 ,
3356 5280 3455 5335 per
3485 5280 3648 5321 suum

2065 5375 2292 5431 corpus,
2328 5361 2570 5415 humano
2600 5360 2765 5415 modo
2790 5374 2959 5427 agens
2982 5358 3254 5428 propalat.
3275 5357 3648 5425 Quemadmo-

2063 5452 2196 5506 dum
2227 5468 2361 5523 crgo
2394 5452 2617 5522 aliquis,
2640 5452 2745 5507 etsi
2772 5453 2958 5517 vellet,
3000 5468 3098 5522 per
3116 5467 3386 5521 organum
3420 5449 3647 5519 aliquod

2064 5560 2176 5603 non
2202 5543 2269 5598 ad
2301 5544 2481 5613 ipsum
2506 5544 2723 5599 unitum
2744 5544 2902 5613 juxta
2926 5553 3202 5607 naturam,
3235 5544 3386 5613 loqui
3435 5542 3519 5597 vel
3575 5542 3644 5595 ri-

2064 5635 2197 5691 dere
2228 5636 2316 5690 vel
2347 5635 2603 5690 conferre
2646 5635 2941 5704 nequiret,
2992 5634 3064 5688 ita
3117 5650 3221 5690 uec
3261 5633 3446 5698 Deus,
3491 5633 3646 5703 juxta

2063 5739 2317 5784 naturam
2361 5728 2599 5799 propria:
2653 5728 2808 5782 carni
2858 5743 2968 5782 non
3018 5726 3245 5790 unitus,
3295 5725 3643 5794 operationcs

2064 5821 2301 5875 maxime
2325 5821 2436 5876 Dco
2466 5819 2721 5890 proprias
2762 5834 2861 5890 per
2909 5834 3132 5874 carnem
3178 5834 3289 5873 non
3336 5817 3645 5873 exhiberet.

2063 5914 2132 5971 At
2160 5931 2287 5972 vere
2322 5915 2439 5971 sola
2466 5923 2709 5987 potestas
2741 5913 2935 5970 divino
2962 5914 3241 5969 mediante
3263 5911 3491 5984 proprio
3528 5927 3640 5967 cor-
