4116 6444
451 462 593 529 1459

1674 438 1677 441 ’
1720 460 2034 524 LEONTII
2074 457 2489 521 BYZANTINI

3600 446 3737 519 1460

449 591 585 646 pore
614 590 684 630 ex
709 582 854 629 terra
900 570 1153 627 carnales
1196 571 1392 627 oculos
1429 571 1756 643 plasmavit,
1790 570 2044 626 vivifica-

2152 570 2241 633 κὸς
2273 569 2339 623 ἄν
2376 567 2691 639 προΐσχετο.
2736 562 2883 619 Ἀλλ’
2924 562 3096 627 ὄντως
3145 560 3269 615 θεία
3309 557 3543 630 δύναμις
3595 561 3734 630 μόνη

450 668 530 722 vit
572 674 740 736 atque
784 664 1157 730 illuminavit,
1209 663 1487 719 mediante
1540 678 1763 733 quoque
1812 661 2040 732 proprio

450 772 688 828 corpore
716 772 747 813 e
780 764 926 811 terra
961 756 1244 812 hominem
1272 756 1341 810 ad
1370 755 1541 810 vitam
1583 755 1863 810 revocavit
1894 768 2043 809 mor-

451 851 635 919 tisque
666 849 975 919 potentiam
1006 848 1301 919 confregit.
1332 847 1583 917 Namque
1619 847 1758 901 nulli
1788 846 1881 900 alii
1910 860 2045 915 ope-

454 942 564 997 rari
592 941 859 1013 possibile
906 950 994 997 est
1034 956 1121 1007 ea,
1153 956 1307 1011 quae,
1354 948 1417 995 ut
1467 941 1730 1010 probaret
1778 938 2044 994 unionem

452 1050 631 1099 suam,
666 1050 767 1104 per
799 1048 1023 1090 carnem
1061 1048 1300 1104 Operans
1320 1033 1467 1089 Deus
1490 1031 1730 1089 Verbum
1762 1029 2044 1086 revelatus

452 1136 539 1183 est
564 1127 747 1183 nobis.

1083 1260 1235 1317 CAP.
1290 1258 1408 1315 XV.

526 1374 691 1433 Omne
720 1373 1093 1445 quodcunque
1127 1373 1348 1428 unitum
1383 1370 1544 1427 alteri
1594 1371 1650 1427 in
1683 1384 1847 1426 unam
1877 1377 2044 1425 natu-

456 1484 529 1524 ra:
555 1470 642 1523 vel
672 1477 727 1521 et
756 1465 1074 1538 hypostasis
1102 1466 1344 1520 viventis
1382 1462 1751 1519 substantiam
1774 1504 1790 1529 ,
1826 1460 2043 1516 exsistit

455 1561 609 1631 juxta
644 1558 856 1628 aliquid
885 1572 1079 1612 eorum
1111 1556 1165 1609 in
1194 1556 1400 1626 quibus
1427 1563 1545 1610 erat
1584 1563 1712 1608 ante
1739 1551 2002 1607 unionem
2026 1567 2042 1618 ;

457 1670 623 1711 omne
657 1662 840 1708 autem
876 1652 1150 1707 exsistens
1172 1652 1329 1721 juxta
1353 1647 1564 1717 aliquid
1593 1661 1786 1702 eorum
1829 1645 1885 1699 in
1916 1643 2045 1715 qui-

458 1748 563 1801 bus
588 1754 730 1807 erat,
754 1744 838 1799 vel
868 1742 1068 1797 melius
1101 1741 1287 1811 seipso
1316 1738 1374 1792 ﬁt
1396 1740 1551 1811 juxta
1582 1738 1824 1807 idipsum
1850 1750 2049 1790 secun-

455 1841 585 1895 dum
621 1838 767 1908 quod
801 1835 1103 1891 exsistebat
1134 1834 1331 1888 horum
1358 1833 1414 1886 in
1443 1832 1646 1902 quibus
1673 1838 1814 1892 erat,
1834 1827 1919 1882 vel
1953 1842 2049 1897 pe-

2106 657 2115 668 ’
2147 661 2263 729 ίδίῳ
2290 660 2509 731 σώματι
2547 658 2655 714 ἀπὸ
2689 659 2794 729 γῆς
2838 655 3134 727 σαρκίνους
3171 652 3487 723 ὀφθαλμοὺς
3529 651 3737 705 ἐπλασε

2143 755 2242 808 καὶ
2271 751 2491 819 ἐξώωσε
2513 752 2610 807 καὶ
2644 750 2930 821 ἐφώτισεν,
2964 749 2999 821 ἢ
3023 748 3119 802 καὶ
3152 746 3269 818 ίδίῳ
3299 744 3514 816 σώματι
3543 746 3607 798 ἐκ
3631 746 3739 816 γῆς

2144 845 2415 915 ἀνέστησε
2433 842 2524 896 τὸν
2547 841 2861 914 ἄνθρωπον,
2888 839 2987 893 καὶ
3002 839 3105 911 τὴν
3128 838 3224 893 τοῦ
3243 837 3480 892 θανάτου
3501 836 3743 906 δύναμιν

2145 935 2504 1005 κατήργησεν
2520 948 2534 963 ο
2559 934 2622 986 οὐ
2644 931 2755 1003 γὰρ
2780 930 2926 1003 ἄλλῳ
2941 929 3119 985 ταῦτα
3144 930 3388 1001 ἐνεργεῖν
3415 926 3668 993 δυνατὸν,
3697 924 3742 982 ἃ

2145 1026 2282 1097 πρὸς
2303 1025 2532 1091 ἔνδειξιν
2548 1025 2649 1095 τῆς
2674 1023 2885 1087 οίκείας
2904 1022 3233 1089 συνθέσεως,
3250 1021 3338 1077 διὰ
3359 1020 3563 1093 σαρκὸς
3577 1022 3737 1091 ἐνερ-

2144 1120 2260 1190 γῶν
2292 1120 2321 1173 ὁ
2351 1117 2485 1183 Θεὸς
2500 1118 2676 1187 Λόγος
2706 1115 2957 1188 ἐγνώσθη
2983 1105 3143 1189 ἢμῖν.

2738 1251 2995 1309 ΚΕΦΛΛ.
3038 1254 3142 1309 IE'.

2216 1373 2336 1427 Πᾶν
2370 1370 2557 1427 ὁτιοῦν
2595 1370 2989 1442 συντιθέμενον
3022 1368 3200 1439 ἐτέρῳ
3232 1365 3314 1429 είς
3344 1364 3477 1436 μίαν
3516 1361 3740 1433 φύσεως

2146 1466 2181 1539 ἢ
2207 1464 2304 1521 καὶ⁵
2334 1465 2691 1528 ὑποστάσεως
2724 1462 2908 1534 ζώσης
2952 1461 3243 1524 σύστασιν,
3276 1455 3559 1523 ἐξίσταται
3588 1453 3742 1509 κατᾶ

2146 1577 2200 1613 τι
2230 1559 2339 1613 τῶν
2381 1561 2440 1612 ὲν
2475 1553 2560 1621 οἷς
2589 1553 2658 1628 ἦν
2690 1556 2801 1627 πρὸ
2844 1556 2945 1626 τῆς
3002 1553 3347 1614 συνθέσεωςο
3384 1550 3496 1603 πᾶν
3536 1546 3595 1600 δὲ
3647 1546 3742 1613 ἐξ·

2151 1652 2446 1721 ιστάμενον
2482 1651 2625 1705 κατά
2652 1667 2709 1702 τι
2729 1651 2841 1702 τῶν
2864 1650 2924 1702 ἐν
2948 1642 3031 1711 οἷς
3059 1642 3152 1717 ἦν,
3180 1645 3213 1717 ἦ
3251 1645 3500 1715 κρεῖττον
3534 1637 3739 1693 ἐαυτοῦ

2148 1745 2365 1813 γίνεται
2406 1744 2527 1797 κατ’
2559 1744 2692 1798 αὐτὸ
2730 1745 2911 1797 ἐκεῖνο
2944 1741 3069 1796 καθ’
3099 1739 3129 1794 ὃ
3178 1738 3375 1807 ἐξέστη
3410 1736 3520 1790 τῶν
3564 1735 3623 1788 ἐν
3653 1727 3741 1795 οἷς

2146 1833 2237 1908 ἦν,
2268 1837 2300 1907 ἦ
2335 1840 2551 1909 χεῖρονο
2588 1837 2681 1889 τὸν
2708 1836 2766 1890 δὲ
2799 1835 2934 1888 Θεὸν
2958 1834 3131 1902 Λόγον
3167 1830 3499 1901 γεγενῆσθαι
3534 1824 3740 1881 ἐαυτοῦ

456 1934 576 2003 ius;
628 1932 801 1985 Deum
838 1940 1026 1984 autem
1066 1927 1307 1983 Verbum
1350 1924 1713 1993 semetipsum
1760 1920 2048 1976 meliorem

2152 1928 2495 2001 κρείττοναῆ
2526 1930 2771 2001 χείρονα,
2803 1929 2863 1982 οὐ
2903 1927 3063 1997 θέμις
3098 1926 3277 1978 εἰπεῖν
3298 1939 3312 1955 ο
3340 1922 3443 1974 οὐκ
3476 1920 3587 1991 ἄρα
3613 1934 3743 1972 συν-

455 2030 663 2086 factum
691 2028 861 2083 fuisse
885 2067 901 2091 ,
926 2042 1039 2082 non
1078 2034 1230 2079 recte
1262 2022 1503 2087 dicitur;
1547 2034 1659 2073 non
1687 2032 1820 2087 ergo
1859 2014 2047 2070 unitus

454 2131 542 2180 est
580 2122 727 2176 Deus
764 2118 1010 2175 Verbum
1043 2123 1245 2171 nostra:
1269 2121 1503 2173 naturae,
1530 2110 1729 2165 melior
1768 2106 1853 2161 vel
1890 2105 2046 2176 pejor

456 2212 755 2281 semetipso
787 2225 899 2264 non
923 2212 1123 2263 factus.
1159 2205 1217 2261 Si
1247 2218 1382 2259 vero
1411 2202 1581 2257 fuerit
1621 2198 1834 2261 unitus,
1862 2194 1949 2249 vel
1990 2193 2048 2247 in

458 2305 662 2362 melius
696 2303 780 2358 vel
833 2301 888 2357 in
932 2301 1093 2372 pejus
1133 2297 1411 2369 profecit,
1454 2292 1603 2365 quod
1656 2300 1745 2347 est
1790 2289 2046 2359 impium.

460 2400 660 2455 Malum
703 2396 852 2452 enim
884 2411 996 2450 non
1018 2392 1263 2448 admittit
1288 2400 1485 2445 natura
1516 2387 1726 2451 divina,
1756 2383 1853 2438 sed
1878 2382 2047 2437 etiam

458 2488 610 2544 omni
654 2500 989 2557 quocunque
1025 2482 1244 2538 exsistit
1275 2478 1497 2543 melior,
1539 2492 1665 2531 cum
1704 2473 1776 2529 sit
1801 2472 2048 2527 omnium

460 2580 870 2653 periectionum
917 2590 1154 2643 summa,
1184 2589 1290 2629 nec
1317 2572 1506 2641 aliquo
1531 2576 1711 2640 egeat.
1750 2566 1818 2621 At
1848 2566 1893 2619 si
1917 2578 2050 2618 vero

460 2671 672 2742 aliquid
694 2670 879 2726 Verbo
906 2668 1065 2722 unito
1083 2674 1209 2737 post
1233 2664 1516 2727 unionem,
1540 2661 1624 2715 vel
1644 2668 1771 2713 ante
1790 2656 2049 2710 unionem

461 2765 745 2821 diversum
769 2762 857 2817 vel
894 2759 1095 2815 melius
1120 2758 1315 2812 fuisset
1340 2771 1462 2820 ens,
1482 2751 1636 2807 brevi
1657 2751 1711 2805 in
1738 2750 1843 2802 hoc
1869 2748 2049 2817 ipsum

460 2855 775 2911 voluntaria
796 2869 895 2909 sua
922 2853 1056 2906 unio
1073 2849 1289 2905 meliori
1310 2847 1474 2902 modo
1501 2842 1913 2903 constituisset;
1938 2854 2050 2893 non

461 2948 611 3005 enim
645 2947 698 3000 in
729 2962 795 3001 ea
824 2946 1011 3016 pejore
1045 2943 1212 2999 modo
1237 2940 1512 3004 subsistit,
1546 2935 1820 3007 siquidem
1849 2948 2052 2988 secun-

461 3042 593 3098 dum
648 3039 1057 3110 bcneplacitum
1102 3036 1279 3107 ipsius
1308 3033 1558 3089 omnium
1589 3043 1864 3084 consensu
1908 3025 2051 3079 facta

461 3130 568 3195 sit;
602 3128 808 3183 nullius
841 3128 991 3183 enim
1028 3127 1097 3182 de
1128 3124 1413 3197 pejoribus
1436 3118 1829 3177 benevolentia
1855 3122 1961 3171 est.
1993 3113 2050 3168 Si

462 3237 596 3277 vero
626 3220 811 3276 omnia
861 3236 930 3275 ex
964 3219 1106 3290 ipso,
1142 3234 1242 3289 per
1297 3216 1480 3286 ipsum
1536 3221 1595 3269 et
1629 3212 1686 3266 in
1740 3210 1861 3279 ipso
1921 3215 2053 3261 sunt

463 3316 691 3387 ipseque
723 3315 797 3369 sit
833 3329 1002 3384 super
1034 3311 1246 3376 omnia,
1279 3316 1408 3365 ante
1443 3322 1509 3363 ac
1542 3313 1669 3377 post
1703 3317 1861 3359 suam
1895 3300 2053 3355 unio-

462 3425 611 3472 nem,
639 3407 772 3479 quid
807 3406 961 3461 aliud
1003 3405 1295 3476 eilingetur
1326 3402 1383 3456 in
1425 3414 1536 3471 quo
1578 3396 1760 3452 factus
1808 3393 1884 3448 sit
1927 3398 2053 3462 post

462 3501 725 3556 unionem
761 3500 959 3554 melior
981 3498 1067 3554 vel
1098 3498 1254 3569 pejor
1281 3495 1370 3551 his
1398 3495 1453 3548 in
1489 3490 1692 3562 quibus
1719 3494 1881 3542 antea
1908 3482 2053 3538 exsi-

463 3595 691 3652 stebat?
731 3593 850 3648 Non
887 3591 1035 3646 enim
1066 3590 1263 3645 liceret
1298 3584 1463 3643 nobis
1498 3583 1567 3637 de
1594 3588 1793 3636 natura
1825 3572 2052 3630 unionis

463 3684 677 3749 testari,
692 3698 813 3737 eam
832 3698 955 3753 qua:
968 3680 1072 3737 sub
1086 3681 1203 3751 ipsa
1217 3685 1348 3734 sunt
1365 3682 1693 3732 convertere
1710 3669 1797 3727 vel
1813 3677 2049 3723 mutare.

464 3774 583 3831 Non
617 3783 803 3829 autem
854 3772 1015 3827 nobis
1070 3781 1284 3827 natura:
1335 3767 1518 3824 omnis
1572 3761 1799 3820 unionis
1848 3772 2051 3821 causae,

462 3863 823 3922 convertendi
875 3861 1238 3931 mutandique
1274 3859 1541 3913 virtutem
1575 3864 1877 3924 agnoscere
1916 3861 2053 3901 con-

463 3959 716 4016 cedetur.
768 3956 886 4013 Nisi
932 3955 1101 4027 igitur
1149 3954 1243 4009 hic
1276 3966 1380 4007 nos
1431 3941 1861 4018 impediveritis,
1913 3937 2051 3993 illud

464 4067 575 4109 non
611 4051 774 4105 aliter
804 4064 835 4104 a
875 4048 1037 4105 nobis
1071 4046 1153 4102 sic
1189 4053 1339 4101 esset
1387 4047 1578 4113 aperte
1632 4035 1789 4092 vobis
1826 4032 2056 4088 demon-

465 4143 779 4207 strandum,
812 4157 977 4213 quam
1013 4155 1114 4195 vos
1144 4138 1201 4193 in
1227 4137 1438 4193 unione
1468 4140 1741 4197 mutante,
1793 4134 2053 4183 movente

465 4246 831 4307 vertentequc
868 4234 1150 4306 propriam
1184 4228 1692 4287 immutabilitatem
1727 4223 1903 4294 ipsius
1932 4234 2054 4275 scr-

466 4331 703 4396 vavisse,
724 4327 1094 4385 substantiam
1130 4323 1495 4380 terminorum
1526 4317 1700 4389 ipsius
1751 4330 1817 4371 ac
1853 4311 2057 4369 verbo-

467 4440 594 4480 rum
624 4421 840 4479 inlinitc
876 4433 1153 4491 supraque
1183 4430 1346 4471 omne
1375 4412 1610 4469 verbum
1638 4409 1790 4464 intus
1824 4419 2054 4461 manen-

469 4525 605 4583 tem,
633 4513 702 4568 ad
724 4512 1097 4583 quodcunque
1122 4508 1366 4564 alienum
1414 4518 1529 4559 non
1554 4508 1874 4559 exeuntem.
1911 4498 2056 4553 Vere

469 4623 604 4679 ergo
638 4616 696 4662 et
724 4606 831 4663 hoc
850 4609 1203 4679 argumento,
1236 4615 1271 4656 ο
1300 4596 1622 4664 miserrimi,
1662 4594 1877 4651 frustra
1906 4588 2055 4647 inni-

475 4698 678 4759 limini.

1094 4978 1248 5035 CAP.
1293 4977 1435 5033 XVI.

546 5099 721 5159 Omne
749 5097 1122 5171 quodcunque
1158 5095 1321 5151 alteri
1355 5093 1609 5158 unitum,
1631 5090 1721 5145 vel
1772 5086 1888 5159 agit
1924 5083 2062 5140 illud

475 5197 567 5253 cui
617 5194 831 5261 unitur,
865 5200 927 5248 ut
972 5193 1153 5247 anima
1185 5204 1409 5259 corpus,
1461 5186 1549 5242 vel
1583 5185 1652 5239 ab
1706 5183 1803 5237 illo
1854 5180 2061 5252 agitur,

478 5298 544 5346 ut
575 5303 783 5354 corpus
816 5287 886 5342 ab
927 5285 1111 5339 anima
1131 5324 1147 5351 ,
1180 5283 1269 5338 vel
1320 5296 1425 5337 nec
1475 5279 1588 5349 agit
1621 5291 1727 5332 nec
1746 5275 1950 5347 agitur,
2003 5278 2066 5327 ut

477 5386 677 5441 domus
703 5388 917 5452 partes;
952 5393 1117 5434 omne
1152 5385 1339 5432 autem
1396 5376 1453 5431 in
1486 5374 1695 5428 unione
1725 5377 1935 5435 actum,
1974 5367 2062 5423 vel

479 5492 591 5533 non
622 5488 811 5546 agens,
839 5487 942 5527 nec
963 5479 1171 5536 aetum,
1190 5468 1403 5524 ratione
1424 5466 1651 5522 omnino
1667 5464 2066 5533 intellectuque

478 5569 731 5631 orbatur,
764 5574 930 5637 prout
959 5578 1163 5634 corpus
1191 5563 1504 5633 domusque
1539 5568 1749 5630 partes.
1782 5557 1839 5613 Si
1893 5557 2065 5628 igitur

479 5662 631 5718 Deus
661 5660 902 5716 Verbum
936 5666 1142 5712 nostra!
1179 5666 1395 5712 natum
1433 5657 1622 5711 unitus
1667 5662 1774 5720 est,
1809 5651 1898 5707 vel
1928 5649 2065 5722 agit,

482 5755 573 5810 vel
608 5754 813 5824 agitur,
844 5752 932 5806 vel
984 5760 1288 5817 neutrum;
1324 5753 1371 5807 si
1404 5749 1663 5820 equidem
1697 5747 1831 5818 agit,
1876 5753 2066 5801 nostra

490 5856 688 5902 natura
711 5844 928 5899 ratione
961 5844 1361 5913 intellectuque
1402 5844 1510 5900 erit
1542 5842 1756 5904 orbata,
1793 5838 1941 5909 quod
1981 5845 2069 5893 est

492 5936 745 6007 impium,
804 5935 1175 6005 surculusque
1228 5935 1344 5991 Arii
1398 5945 1563 6006 atque
1610 5931 1977 6002 Apollinarii;
2020 5931 2067 5988 si

2148 2020 2310 2091 ετέθη
2338 2022 2366 2075 ό
2395 2021 2530 2085 Θεὸς
2556 2020 2734 2089 Λόγος
2768 2018 2849 2089 τῷ
2881 2018 2941 2086 ἐξ
2991 2016 3167 2088 ’ἡμῶν
3222 2014 3519 2085 ἀνθρώπῳ,
3550 2009 3746 2081 κρείτ-

2148 2132 2257 2168 των
2288 2114 2321 2184 ἢ
2351 2114 2553 2186 χείρων
2578 2112 2779 2167 ἐαυτοῦ
2813 2111 2889 2184 μὴ
2919 2110 3235 2181 γενόμενος.
3268 2108 3334 2161 Εἰ
3363 2106 3419 2159 δὲ
3449 2101 3741 2174 συνετέθη,

2149 2206 2463 2279 προέκοψεν
2501 2206 2534 2277 ἢ
2575 2208 2670 2260 ἐπὶ⁵
2704 2206 2766 2260 τὸ
2800 2206 3077 2277 κρεῖττον.
3096 2201 3132 2273 ἦ
3157 2201 3252 2254 ἐπὶ
3277 2199 3339 2252 τὸ
3360 2199 3567 2269 χεῖρον,
3597 2196 3744 2265 ὅπερ

2149 2297 2371 2360 ἀσεϐές.
2409 2296 2531 2351 Τῶν
2570 2296 2681 2367 γὰρ
2716 2294 2984 2367 χειρόνων
3038 2291 3325 2361 ἄδεκτοςὴ
3359 2289 3483 2342 θεία
3533 2285 3701 2357 φύσις
3723 2300 3742 2318 ’

2149 2391 2287 2444 ἀλλά
2320 2391 2417 2446 καὶ
2472 2391 2676 2455 παντὸς
2726 2386 3045 2444 οὑτινοσοῦν
3090 2384 3362 2457 κρείττων
3395 2380 3747 2450 καθέστηκεν

2150 2483 2292 2553 αῦτη
2338 2484 2574 2554 χορηγὸς
2608 2482 2937 2553 ὑπάρχουσα
2974 2480 3235 2533 ἁπάντων
3261 2476 3372 2529 τῶν
3408 2472 3616 2538 καλῶν,
3646 2472 3748 2526 καὶ

2154 2578 2229 2649 μὴ
2258 2578 2489 2648 δεομένη
2520 2577 2689 2640 τινός.
2732 2575 2881 2629 Ἀλλ’
2910 2574 2962 2627 εί
3012 2572 3115 2643 μέν
3160 2588 3215 2624 τι
3250 2565 3320 2641 ἦν
3351 2567 3447 2622 τοῦ
3481 2564 3746 2620 συνθέτου

2150 2672 2327 2739 Λόγου
2358 2670 2497 2741 μετὰ
2530 2669 2633 2740 τὴν
2668 2666 2946 2732 σύνθεσιν,
2977 2667 3011 2737 ἢ
3045 2664 3154 2737 πρὸ
3183 2664 3285 2735 τῆς
3308 2660 3617 2723 συνθέσεως
3647 2656 3748 2711 ἀλ·

2151 2759 2368 2830 λότριον
2411 2759 2444 2829 ἢ
2497 2760 2685 2829 μεῖζον
2732 2752 2896 2822 εἶναι,
2939 2757 3083 2826 τάχα
3137 2753 3204 2808 ἂν
3239 2755 3299 2807 ἐν
3333 2749 3530 2820 ἐκείνῳ
3577 2744 3748 2801 αὐτὸν

2151 2851 2422 2915 ἐξιστῶσα
2486 2852 2520 2921 ἡ
2572 2850 2799 2903 ἑκουσία
2874 2846 3126 2908 σύνθεσις
3202 2842 3372 2898 αὐτοῦ
3430 2839 3745 2909 κατέστησε

2153 2945 2518 3016 κρειττόνως·
2556 2943 2819 3014 χειρόνως
2852 2942 2961 3012 γὰρ
2988 2940 3089 2993 οὐκ
3132 2937 3314 2991 ἐστιν’
3352 2933 3588 3002 ἐπείπερ
3617 2930 3748 2984 κατ’

2153 3036 2403 3090 εὐδοκίαν
2446 3033 2616 3089 αὐτοῦ
2669 3033 2931 3101 γενέσθαι
2975 3028 3375 3101 ὡμολόγηται·
3424 3023 3603 3087 οὐδεὶς
3630 3018 3747 3092 γὰρ

2152 3134 2264 3196 τοῖς
2312 3131 2559 3201 χείροσιν
2601 3128 2898 3183 ἐνευδοκεῖ.
2946 3127 3009 3180 El
3050 3124 3107 3178 δὲ
3139 3123 3321 3178 πάντα
3354 3120 3411 3187 ἐξ
3441 3115 3608 3175 αὑτοῦ
3645 3115 3751 3169 καὶ

2152 3225 2221 3280 δι’
2246 3225 2414 3280 αὑτοῦ
2443 3222 2540 3277 καὶ
2564 3223 2645 3286 εἰς
2676 3220 2843 3275 αὑτὸν
2872 3218 2968 3273 καὶ
2997 3216 3163 3280 αὐτός
3198 3215 3350 3267 ἐστιν
3378 3212 3407 3265 ὁ
3432 3210 3575 3279 ὑπὲρ
3603 3205 3748 3286 πάν-

2079 3283 2122 3343 c
2156 3338 2248 3384 τα,
2279 3320 2375 3372 καὶ
2409 3318 2521 3388 πρὸ
2553 3283 2652 3387 τῆς
2687 3313 2995 3376 συνθέσεως
3030 3310 3127 3366 καὶ
3175 3308 3317 3381 μετά
3358 3304 3460 3377 τὴν
3489 3285 3749 3357 σύνθεσίν

2159 3411 2345 3475 αὐτοῦ,
2386 3410 2441 3463 τί
2482 3410 2671 3479 ἕτερον
2732 3404 3184 3477 ἐπινοηθήσεται,
3234 3401 3294 3454 ἐν
3340 3389 3385 3467 ᾧ
3418 3395 3633 3464 γένοιτο
3678 3391 3749 3448 ἄν

2162 3504 2305 3577 μετὰ
2351 3503 2606 3558 σύνθεσιν
2653 3500 2924 3571 κρείττων
2952 3498 2986 3569 ἢ
3018 3495 3219 3568 χείρων
3264 3491 3375 3545 τῶν
3421 3492 3480 3543 ἐν
3537 3481 3622 3550 οἷς
3676 3479 3749 3556 ἣν

2160 3574 2353 3668 πρώην
2386 3595 2785 3661 ἐξιστάμενοςς
2811 3590 2888 3644 Οὐ
2923 3588 3036 3658 γὰρ
3074 3587 3208 3657 ὑμῖν
3245 3582 3345 3654 μὲν
3390 3579 3514 3645 ὲξδν
3557 3578 3627 3632 ἂν
3658 3574 3745 3668 εἴη

2161 3665 2461 3759 μαρτυρεῖν
2511 3687 2579 3757 τῇ
2614 3672 2803 3753 ~quiem
2844 3681 2945 3751 τῆς
2988 3678 3322 3739 συνθέσεως,
3362 3672 3440 3735 ὡς
3490 3668 3601 3723 τῶν
3649 3665 3748 3721 ὑπ’

2159 3757 2675 3851 αὐτὴνῖτρεπτικήν
2722 3792 2786 3830 τε
2842 3773 2940 3827 καὶ
2970 3766 3341 3836 ἀλλοιωτικήν
3361 3780 3377 3795 ·
3409 3763 3546 3834 ἡμῖν
3569 3757 3628 3813 δέ

2160 3849 2323 3940 φύσει
2351 3849 2447 3923 τοῦ
2480 3870 2665 3941 πάσης
2692 3865 3005 3928 συνθέσεως
3033 3860 3235 3924 αἰτίου,
3264 3857 3327 3911 τὸ
3350 3854 3627 3927 ἄτρεπτον

2162 3938 2526 4019 ἀναλλοίωτον
2562 3938 2959 4027 ἐπιγινώσκειν
3004 3953 3067 4007 οὐ
3116 3945 3645 4020 συγχωρηθήσεται.
3681 3938 3748 3992 Ei

2164 4057 2263 4129 μὲν
2301 4050 2395 4109 οῦν
2420 4052 2617 4107 τούτου
2656 4051 2732 4123 μὴ
2759 4051 2881 4105 κατ’
2908 4045 3158 4113 ἐξουσίαν
3180 4042 3329 4115 ἡμᾶς
3354 4036 3619 4097 κωλύετε,
3646 4032 3749 4085 οὐκ

2161 4125 2340 4213 ἄλλως
2375 4147 2598 4219 ἔχοιμεν
2642 4144 2805 4199 τοῦτο
2851 4141 2981 4214 ὑμῖν
3019 4138 3197 4202 οὕτως
3237 4131 3502 4206 ἐμφανῶς
3546 4125 3751 4182 ἐπιδεί-

2161 4242 2418 4306 κνυσθαι,
2460 4241 2494 4312 ἢ
2522 4238 2672 4316 αὐτῷ
2702 4237 2837 4309 τῷδε
2858 4236 2938 4308 τῷ
2957 4235 3052 4290 καὶ
3080 4236 3148 4305 τῇ
3181 4230 3303 4288 καθ’
3335 4229 3482 4301 ὑμᾶς
3516 4224 3750 4280 ἀλλοιω-

2159 4338 2290 4406 τικῇ
2321 4353 2381 4389 τε
2424 4334 2518 4388 καὶ
2551 4330 2825 4403 ἐξιστώσῃ
2855 4329 2955 4385 καὶ
2983 4325 3267 4399 τρεποῦσῃ
3323 4319 3578 4376 συνθέσει
3611 4316 3750 4369 ὕπο-

2164 4429 2457 4501 βληθεῖσαν
2485 4427 2588 4497 τὴν
2617 4424 2829 4480 οἰκείαν
2871 4420 3142 4493 ἀτρεψίαν
3185 4412 3515 4485 διαφυλάξαι
3554 4406 3748 4501 αὑτοῦ,

2160 4499 2265 4595 τὴν
2308 4520 2503 4576 οὐσίαν
2549 4518 2662 4572 τῶν
2702 4517 2908 4587 ἑαυτῆς
2942 4515 3086 4587 ὅρων
3127 4510 3224 4565 καὶ
3260 4509 3438 4577 λόγων
3461 4499 3751 4573 ἀπεριορί-

2089 4646 2135 4703 D
2166 4593 2309 4680 στως
2341 4613 2439 4669 καὶ
2488 4612 2632 4684 ὑπὲρ
2672 4610 2834 4680 λόγον
2863 4608 3017 4672 ὲντδς
3045 4605 3337 4677 μείνασαν,
3369 4599 3466 4654 καὶ
3498 4593 3751 4703 ἀνεξιτῗι-

2162 4724 2270 4771 τως
2304 4704 2537 4777 ἔχουσαν
2568 4702 2708 4775 πρὸς
2738 4703 2849 4756 πᾶν
2882 4700 2945 4755 τὸ
2985 4700 3159 4769 αὐτῆς
3197 4693 3503 4764 ἀλλότριον.
3537 4684 3751 4777 Οὐκοῦν

2161 4774 2384 4869 ἀληθώς
2419 4794 2517 4850 καὶ
2563 4774 2742 4864 τούτῳ
2782 4792 2905 4846 λίαν
2956 4788 3198 4861 ἀχρείως
3224 4777 3644 4857 προσερείδεσθε
3671 4774 3751 4846 τῷ

2162 4891 2585 4963 ἐπιχειρήματι,
2613 4884 2963 4940 ἀθλιώτατοι.

2764 4998 3019 5055 ΚΕΦΛΛ.
3061 4996 3183 5065 ις’.

2233 5103 2353 5158 Πᾶν
2409 5094 2593 5152 ὁτιοῦν
2613 5093 2785 5166 ἑτέρῳ
2815 5088 3203 5160 συντιθέμενον
3228 5086 3262 5158 ἢ
3295 5084 3418 5154 ἄγει
3444 5080 3509 5136 τὸ
3540 5073 3587 5149 ᾧ
3621 5093 3755 5133 συν-

2163 5192 2400 5256 τίθεται,
2437 5188 2630 5259 ὥσπερ
2660 5187 2695 5258 ἡ
2722 5182 2871 5254 ψυχὴ
2903 5181 2966 5235 τδ
2995 5180 3157 5250 σῶμα
3179 5194 3194 5209 ·
3233 5176 3267 5249 ἢ
3309 5176 3505 5245 ἄγεται
3528 5172 3622 5226 ὑπ’
3649 5170 3755 5225 αὒ-

2163 5285 2282 5351 τοῦ,
2314 5283 2506 5354 ὥσπερ
2528 5280 2591 5334 τὸ
2633 5278 2798 5350 σῶμα
2826 5274 2932 5329 ὑπὸ
2961 5273 3063 5344 τῆς
3098 5270 3315 5341 ψυχῆςο
3358 5267 3393 5339 ἢ
3433 5265 3561 5321 οῦτε
3603 5265 3752 5334 ἄγει,

2165 5376 2291 5432 οὔτε
2324 5375 2540 5441 ἄγεται,
2580 5369 2772 5440 ὥσπερ
2808 5366 2879 5420 τὰ
2924 5364 3069 5436 μέρη
3096 5361 3196 5431 τῆς
3229 5358 3440 5422 οίκίας·
3468 5357 3579 5411 πᾶν
3607 5355 3666 5410 δὲ
3692 5354 3756 5408 τὸ

2167 5471 2225 5524 ἐν
2263 5465 2515 5521 συνθέσει
2542 5462 2836 5533 ἀγόμενον,
2860 5458 2896 5531 ἦ
2940 5458 3080 5529 μήτε
3104 5452 3261 5522 ἄγον,
3293 5453 3433 5522 μήτε
3461 5448 3751 5518 ἀγόμενον,

2168 5560 2329 5615 τοῦτο
2359 5558 2579 5620 πάντως
2622 5554 2819 5623 ἄλογόν
2854 5551 2914 5605 τέ
2951 5552 3069 5602 ἐστι
3120 5546 3215 5600 καὶ
3253 5544 3439 5609 ἄνουν,
3497 5542 3755 5611 καθάπερ

2168 5655 2230 5709 τὸ
2270 5653 2429 5723 σῶμα
2463 5650 2563 5705 καὶ
2610 5647 2682 5701 τὰ
2735 5647 2879 5719 μέρη
2929 5646 3033 5715 τῆς
3064 5642 3265 5705 οἰκίας.
3300 5642 3364 5693 Ei
3409 5639 3596 5692 τοίνυν
3628 5651 3759 5688 συνο

2169 5745 2331 5815 ετέθη
2351 5747 2380 5799 ὁ
2400 5743 2536 5807 Θεὸς
2568 5742 2741 5810 Λόγος
2773 5739 2851 5810 τῷ
2879 5739 2940 5802 ἐξ
2969 5737 3133 5807 ἡμῶν
3168 5731 3465 5805 ἀνθρώπῳ,
3502 5731 3535 5801 ἦ
3566 5730 3689 5797 ἄγει
3718 5726 3751 5796 ἢ

2170 5841 2391 5911 ἄγεται,
2436 5837 2468 5908 ἢ
2515 5835 2636 5889 οὐδὲ
2671 5835 2832 5888 τοῦτο
2872 5832 3222 5902 οὑδέγέκεῖνο·
3250 5829 3345 5881 καὶ
3379 5829 3427 5880 εξ
3461 5826 3564 5897 μὲν
3604 5824 3753 5891 ἄγει,

2170 5932 2327 5986 ἐσται
2377 5931 2406 5983 ό
2454 5928 2513 5995 ἐξ
2556 5925 2714 6000 ήμῶν
2758 5924 3046 5997 ἄνθρωπος
3086 5924 3283 5991 ἄλογός
3338 5938 3397 5975 τε
3430 5921 3527 5977 καὶ
3570 5918 3752 5983 ἄνους,
