4116 6494
426 456 561 523 1461

1388 472 1787 537 ADVERSUS
1824 446 2378 537 NESTORIANOS.
2409 503 2479 513 —
2517 479 2667 539 LIB.
2712 479 2762 538 Ι.

3571 481 3711 547 1462

424 574 562 664 οπερ
591 571 831 639 ἀσεϐὲς,
864 576 959 631 καὶ
1008 577 1300 655 βλάστημα
1338 584 1556 655 Ἀρείου
1612 602 1673 638 τε
1697 583 1800 640 ὀἶαι
1840 586 2003 640 Ἀπο-

2113 602 2246 642 vero
2278 587 2483 659 agitur,
2524 590 2737 645 recidat
2769 606 2834 646 ex
2881 591 2987 649 hoc
3038 590 3385 664 blasphemia
3434 591 3489 646 in
3537 603 3707 663 caput

420 663 703 737 λιναρίουο
757 668 807 721 εί
865 668 923 723 δὲ
976 672 1199 742 ἄγεται,
1256 677 1548 750 τετράφθω
1595 678 1658 732 τδ
1706 680 1771 734 ὲκ
1819 679 2013 735 τούτου

421 754 750 830 βλάσφημον
801 762 883 826 είς
925 765 1174 838 κεφαλὴν
1204 768 1317 823 τῶν
1366 771 1691 839 συγκεῖσθαι
1737 770 2013 841 λεγόντων

419 848 514 902 τὸν
559 850 695 904 Θεὸν
748 853 925 923 Λόγον
962 856 1043 928 τῷ
1079 858 1140 924 ἐξ
1172 861 1331 931 ἡμῶν
1363 860 1662 934 ἀνθρώπῳ.
1707 864 1771 918 Ei
1800 864 1858 919 δὲ
1888 864 2013 919 οὐδὲ

420 940 546 1009 ἄγει
569 942 647 1007 ὡς
667 945 728 997 ὲν
762 946 1039 1016 συνθέσει,
1072 951 1160 1006 διὰ
1192 953 1255 1007 τὸ
1285 953 1362 1026 μὴ
1396 954 1592 1025 ἄλογον
1616 952 1759 1011 εἶναι
1783 956 1875 1011 τδν
1901 958 2013 1013 Κυ-

425 1036 616 1105 ριακὸν
669 1037 991 1109 ἄνθρωπον·
1042 1043 1179 1116 μηδὲ
1232 1044 1396 1100 πάλιν
1443 1047 1793 1116 ἄγεται,διά
1849 1048 1913 1103 τὸ
1946 1051 2012 1103 ὲκ

419 1122 616 1178 τούτου
653 1125 1087 1200 ὡμολογημένον
1155 1132 1504 1207 βλάσφημον,
1553 1137 1677 1191 οὐδὲ
1733 1138 1844 1211 ἄρα
1887 1140 2013 1195 οὐδὲ

424 1213 688 1287 συνετέθη
718 1217 799 1289 τῷ
848 1218 909 1285 ἐξ
957 1222 1117 1292 ἡμῶν
1167 1224 1617 1297 ἀνθρώπῳοπᾶν
1668 1228 1778 1301 γὰρ
1831 1230 2012 1285 ὁτιοῦν

424 1309 816 1380 συντιθέμενον
843 1313 1038 1385 ἑτέρῳ,
1068 1316 1101 1386 ἢ
1136 1316 1264 1387 ἄγει
1293 1318 1327 1391 ἢ
1355 1318 1551 1389 ἄγεται
1596 1321 1630 1393 ἢ
1675 1322 1801 1378 οὐδὲ
1851 1324 2014 1379 τοῦτο

419 1402 545 1456 οὐδὲ
569 1402 772 1470 ἐκεῖνο,
806 1405 994 1472 καθὼς
1024 1409 1279 1481 είπομεν.

490 1493 891 1565 Θαυμάσαντες
943 1498 1096 1565 ὅπως
1136 1500 1239 1563 τάς
1271 1502 1492 1559 τοιάσδε
1536 1504 1649 1562 τῶν
1676 1506 2012 1576 ἀναγκαστι-

422 1584 538 1638 κῶν
562 1587 946 1661 συλλογισμῶν
992 1593 1256 1663 μεθόδους
1288 1596 1675 1669 ἑφευρίσκετε,
1708 1598 2010 1672 εὐξαίμεθα

421 1677 490 1731 ἂν
515 1677 619 1746 τῆς
650 1680 870 1735 τοιᾶσδε
914 1682 1070 1755 ὑμῶν
1096 1685 1373 1753 συνέσεως
1409 1687 1487 1762 μὴ
1525 1690 1719 1761 μαθεῖν
1762 1692 1863 1763 τὴν
1895 1691 2011 1746 δει-

418 1768 642 1839 νότητα.
691 1770 759 1825 Τί
797 1773 908 1846 γάρ
948 1775 1081 1845 ὑμῖν
1126 1778 1210 1841 εἰς
1237 1778 1510 1835 πίστωσιν
1537 1781 1635 1835 τοῦ
1668 1783 1746 1852 μὴ
1785 1786 2009 1853 συγκεῖ-

420 1860 546 1914 σθαι
567 1859 664 1915 τὸν
696 1862 872 1933 Λόγον
903 1869 970 1939 τῇ
1005 1869 1172 1940 σαρκὶ
1221 1869 1409 1941 έχουσι
1451 1871 1523 1927 τά
1569 1874 1841 1945 εἰρημένα
1880 1894 2009 1931 σκο-

418 1952 657 2023 πητέονο
691 1932 814 2021 ἐξὸν
867 1932 980 2031 γάρ
1028 1932 1181 2031 ἡμᾶς
1222 1932 1721 2036 ἀντιστρέψαντιας,
1776 1968 2007 2023 τούναν-
2037 1932 2082 1989 Β

416 2045 532 2099 τίον
556 2048 636 2110 εἰς
658 2045 827 2113 δεῖξιν
855 2049 955 2120 τῆς
977 2051 1306 2123 συνθέσεως,
1324 2057 1441 2121 τοῖς
1472 2057 1764 2131 ὑμετέροις
1787 2060 2006 2132 χρήσα-

418 2137 546 2191 σθαι
571 2138 805 2209 ῥήμασι,
836 2140 1098 2210 λέγοντας
1126 2144 1331 2212 οῦτωςο
1356 2149 1474 2203 Πᾶν
1501 2151 1681 2204 ὁτιοῦν
1722 2151 1800 2223 μὴ
1826 2169 2007 2207 συντι-

418 2227 645 2299 θέμενον
662 2231 909 2304 ὲτέρῳ,ἢ
934 2234 1059 2303 ἄγει
1078 2236 1139 2291 τὸ
1156 2230 1201 2307 ᾧ
1220 2239 1284 2292 οὐ
1313 2240 1620 2309 σύγκειται,
1642 2243 1835 2317 ὥσπερ
1857 2247 1886 2300 ὁ
1904 2245 2004 2299 κύ-

421 2320 616 2390 ϐερνος
640 2322 744 2393 τὴν
774 2323 929 2390 ναῦν,
966 2325 1001 2397 ἢ
1034 2325 1233 2396 ἄγεται
1258 2330 1354 2384 ὑπ’
1380 2332 1571 2397 αὐτοῦ,
1597 2332 1788 2405 ὥσπερ
1812 2336 1845 2406 ἡ
1873 2336 2006 2400 ναῦς

419 2411 527 2465 ὑπὸ
551 2411 644 2466 τοῦ
670 2415 973 2490 κυϐέρνοψ
1010 2418 1044 2492 ἢ
1076 2418 1203 2474 οὔτε
1233 2421 1359 2491 ἄγει
1395 2423 1520 2478 οὔτε
1566 2425 1784 2493 ἄγεται,
1813 2426 2003 2501 ὥσπερ

416 2502 482 2557 τὸ
519 2504 653 2559 Σινᾶ
691 2506 819 2578 ὅρος
849 2508 956 2563 ὑπὸ
988 2510 1090 2582 τῆς
1125 2512 1430 2585 θαλάσσης.
1466 2516 1582 2569 Πᾶν
1602 2516 1659 2569 δὲ
1690 2518 1751 2570 τὸ
1780 2518 2007 2573 ἀσυνθέ-

417 2613 526 2661 τως
552 2596 698 2669 ἔχον,
723 2601 820 2654 καὶ
849 2599 882 2672 ἢ
915 2602 1192 2674 ἀγόμενον
1242 2605 1429 2678 μόνον,
1461 2608 1494 2678 ἢ
1530 2608 1670 2680 μήτε
1699 2608 1832 2678 ἄγον
1865 2611 2005 2681 μήτε

419 2687 713 2759 ἀγόμενον,
744 2690 942 2762 ἄλογόν
970 2694 1031 2746 τέ
1062 2697 1180 2750 ἐστι
1213 2698 1311 2752 καὶ
1334 2700 1522 2763 ἄνουν,
1555 2700 1811 2775 καθάπερ
1838 2701 1907 2755 τὰ
1928 2704 2006 2756 εί-

420 2780 657 2849 ρημένα.
690 2780 754 2835 Ei
788 2783 970 2839 τοίνυν
996 2785 1058 2839 οὐ
1086 2787 1350 2859 συνετέθη
1381 2789 1410 2842 ό
1440 2788 1616 2857 Λόγος
1648 2788 1725 2859 τῷ
1762 2789 1821 2855 ἐξ
1845 2790 2007 2861 ἡμῶν

417 2871 716 2945 ἀνθρώπῳ,
749 2875 845 2928 καὶ
868 2876 1033 2941 αὐτὸς
1079 2877 1114 2948 ἢ
1160 2877 1285 2948 ἄγει
1315 2879 1349 2951 ἢ
1382 2879 1601 2949 ἄγεται,
1636 2880 1670 2951 ἢ
1701 2881 2005 2936 οὐδὲτοῦτο

417 2966 541 3019 οὐδὲ
572 2967 753 3022 έκεῖνο
776 2985 791 3001 ⁸
817 2970 914 3023 καὶ
942 2970 993 3024 εί
1022 2971 1127 3042 μὲν
1162 2972 1312 3041 ἄγει,
1340 2972 1498 3027 ἔσται
1536 2976 1565 3028 ὁ
1600 2974 1661 3039 ἐξ
1703 2974 1865 3046 ἡμῶν
1905 2977 2004 3032 ἄν·

419 3055 640 3127 θρωπος
668 3058 865 3128 ἄλογός
888 3077 950 3113 τε
979 3060 1075 3114 καὶ
1105 3060 1302 3127 ἄνουςο
1355 3063 1405 3116 εί
1447 3061 1507 3115 δὲ
1554 3060 1771 3131 ἄγεται,
1805 3063 2004 3135 τετρᾶ-

416 3146 541 3219 φθω
581 3146 645 3203 τὸ
687 3147 1013 3221 βλάσφημον
1044 3153 1127 3217 είς
1168 3150 1414 3223 κεφαλὴν
1440 3151 1537 3205 τοῦ
1578 3151 1876 3222 δράκοντος
1901 3151 2001 3207 τοῦ

2117 694 2311 734 eorum
2369 681 2464 751 qui
2524 682 2703 751 ipsum
2738 692 2951 740 natura:
3006 694 3212 741 nostra:
3258 685 3477 739 unitum
3534 684 3707 741 fuisse

2117 771 2332 826 dicunt.
2360 772 2415 827 Si
2441 784 2629 828 autem
2658 791 2762 831 nec
2792 777 2904 847 agit
2934 784 3099 847 prout
3128 777 3181 831 in
3209 776 3438 840 unione,
3465 792 3534 831 eo
3558 776 3707 847 quod

2118 864 2438 921 Dominicus
2486 860 2652 921 homo
2686 869 2904 922 ratione
2951 868 3139 923 orbari
3198 884 3311 923 non
3347 876 3567 938 potest,
3602 881 3709 922 nec

2118 956 2321 1012 iterum
2356 959 2540 1029 agitur
2580 968 2805 1031 prOpter
2842 962 3246 1033 blasphemiam
3284 976 3407 1032 qua:
3455 960 3708 1016 omnium

2116 1063 2391 1105 consensu
2449 1067 2517 1106 ex
2564 1051 2672 1107 hoc
2727 1054 3128 1123 consequitur,
3170 1069 3276 1109 nec
3311 1058 3446 1123 ergo
3497 1060 3707 1107 nostra}

2090 1150 2330 1198 natura:
2384 1144 2573 1199 unitus
2602 1154 2724 1210 est;
2763 1160 2926 1200 omne
2957 1146 3106 1200 enim
3138 1145 3513 1216 quodcunque
3543 1144 3704 1200 alteri

2116 1236 2357 1302 unitum,
2389 1238 2474 1293 vel
2520 1237 2653 1309 agit,
2687 1239 2771 1293 vel
2822 1238 3027 1309 agitur,
3059 1239 3147 1293 vel
3191 1246 3479 1307 neutrum,
3534 1245 3705 1308 prout

2115 1323 2380 1382 diximus.
2935 1336 2947 1345 '

2184 1506 2473 1575 Quomodo
2512 1507 2831 1580 hujusmodi
2865 1509 3191 1563 metnodum
3239 1507 3566 1562 instantium
3610 1520 3703 1561 ar-

2113 1607 2501 1672 gumentorum
2539 1600 2841 1657 inveniatis
2886 1601 3174 1665 mirantes,
3210 1599 3424 1655 hancce
3459 1597 3707 1654 solertia:

2110 1696 2310 1745 vestra:
2358 1689 2621 1745 astutiam
2674 1690 2821 1745 haud
2877 1690 3095 1746 discere
3140 1699 3489 1761 oplaremus.
3542 1688 3703 1756 Quod

2111 1782 2263 1839 enim
2297 1798 2326 1837 a
2378 1783 2540 1839 vobis
2580 1783 2791 1839 dictum
2826 1792 2913 1840 est
2954 1784 3023 1839 ad
3073 1783 3425 1855 probandum
3458 1783 3703 1851 Verbum

2111 1876 2263 1932 carni
2279 1891 2388 1931 non
2408 1876 2621 1933 unitum
2646 1877 2837 1943 fuisse,
2868 1877 3323 1947 perpendendum
3349 1884 3434 1932 est
3451 1892 3482 1931 a
3500 1876 3698 1943 nobis;

2108 1984 2349 2039 namque
2396 1970 2529 2025 licet
2576 1970 2741 2025 nobis
2786 1976 3115 2039 retorquere
3149 1969 3439 2024 adversam
3489 1984 3700 2038 propo-

2108 2061 2367 2118 sitionem
2394 2063 2460 2118 ad
2492 2063 2835 2134 probandam
2870 2065 3158 2132 unionem,
3191 2047 3379 2118 verbis
3406 2062 3700 2118 utentibus

2104 2146 2331 2218 vestris,
2397 2152 2588 2223 sicque
2623 2154 2848 2210 dicere:
2884 2153 3061 2210 Omne
3108 2153 3485 2223 quodcunque
3534 2154 3696 2209 alteri

2105 2259 2220 2299 non
2252 2244 2493 2313 unitum,
2532 2246 2620 2301 vel
2659 2246 2772 2316 agit
2808 2245 2944 2301 illud
2976 2246 3067 2301 cui
3105 2260 3217 2301 non
3252 2246 3475 2309 unitur,
3513 2254 3698 2300 utna-

2104 2354 2228 2395 vem
2259 2339 2618 2410 gubernator,
2651 2339 2737 2394 vel
2766 2339 2951 2409 agitur
2981 2338 3052 2394 ab
3078 2338 3196 2404 illo,
3230 2346 3291 2393 ut
3324 2337 3483 2393 navis
3515 2352 3546 2391 a
3592 2354 3698 2409 gu—

2105 2429 2424 2497 bernatore,
2459 2431 2546 2486 vel
2577 2446 2683 2486 nec
2715 2430 2827 2501 agit
2860 2445 2965 2486 nec
2995 2430 3199 2500 agitur,
3232 2436 3296 2484 ut
3327 2428 3477 2484 Sinai
3532 2444 3697 2485 mons

2107 2538 2139 2578 a
2172 2523 2335 2579 mari.
2373 2522 2549 2579 Omne
2582 2532 2768 2578 autem
2809 2538 2923 2577 non
2957 2522 3197 2586 unitum,
3236 2535 3300 2575 ac
3346 2520 3436 2574 vel
3485 2520 3698 2575 solum-

2106 2615 2273 2671 modo
2297 2624 2504 2681 actum,
2532 2614 2620 2670 vel
2648 2629 2752 2670 nec
2784 2629 2953 2685 agens
2982 2628 3085 2668 nec
3114 2623 3324 2677 actum,
3355 2611 3574 2666 ratione
3608 2610 3698 2665 in.-

2108 2704 2445 2774 tellectuque
2478 2710 2650 2769 caret,
2708 2709 2879 2773 prout
2930 2700 3275 2771 supradicta.
3311 2698 3368 2754 Si
3401 2714 3536 2771 ergo
3585 2714 3697 2753 non

2107 2794 2325 2850 unitum
2364 2801 2451 2849 est
2482 2792 2729 2848 Verbum
2781 2800 2984 2848 nostra!
3040 2800 3277 2853 naturae,
3319 2789 3553 2859 ipseque
3607 2789 3698 2844 vel

2107 2884 2243 2956 agit,
2287 2885 2374 2940 vel
2423 2885 2628 2957 agitur,
2665 2884 2753 2940 vel
2787 2891 3086 2950 neutrum;
3141 2882 3187 2937 si
3240 2881 3352 2951 agit
3397 2880 3695 2950 equidem,

2105 2975 2215 3031 erit
2238 2974 2406 3030 homo
2435 2976 2651 3031 ratione
2677 2973 3156 3044 intelligentiaque
3184 2972 3451 3036 orbatus;
3486 2970 3532 3027 si
3561 2986 3698 3026 vero

2104 3066 2308 3136 agitur,
2360 3064 2573 3121 recidat
2602 3064 2948 3135 blasphemia
2988 3064 3043 3118 in
3079 3074 3247 3133 caput
3279 3063 3557 3133 serpentis
3586 3062 3694 3116 hu-

2100 3154 2347 3227 iusmodi
2374 3154 2692 3226 impietates
2716 3155 2876 3211 vobis
2910 3156 3152 3226 primum
3187 3154 3569 3225 praedicantis.
3603 3154 3697 3210 Sic

415 3239 656 3309 πρώτως
682 3241 771 3343 τά.
790 3242 1021 3297 τοιαῦτα
1068 3244 1198 3316 ὑμῖν
1242 3246 1617 3317 ὲνηχήσαντος
1652 3244 2000 3317 ἀσεϐήματα.

2107 3264 2240 3322 ergo
2271 3250 2568 3306 stultitiam
2617 3250 2894 3307 dictorum
2926 3256 3247 3304 vestrorum
3295 3247 3695 3319 intelligentes,

414 3333 680 3397 Συνέντες
711 3330 808 3389 οὖν
837 3334 947 3390 τῶν
968 3335 1144 3402 οὕτως
1162 3338 1287 3409 είρη
1296 3338 1478 3410 μένων
1511 3338 1642 3410 ὑμῖν
1662 3337 1726 3391 τὸ
1746 3337 2000 3411 ἀνόητον,

411 3428 464 3481 εί
518 3427 919 3485 ἑπαναλάϐοιτε
962 3430 1215 3498 ἑαυτοὺς,
1271 3432 1366 3487 καὶ
1416 3431 1530 3488 ἀπὸ
1581 3431 1686 3503 τῆς
1742 3431 2003 3503 δευτέρας

411 3517 572 3590 ὑμῶν
597 3519 947 3591 προτάσεως,
975 3522 1079 3593 τῆς
1118 3526 1473 3597 κατασκευῆς
1509 3523 1701 3579 λοιπὸν
1730 3522 1998 3595 ἄρχοισθε

409 3611 506 3666 τοῦ
558 3612 929 3686 συλλογισμοῦ
983 3613 1130 3671 οὕτω
1178 3615 1437 3687 λέγοντες
1490 3617 1660 3680 ῐσωςο
1687 3616 1772 3671 ὅτι
1822 3618 1901 3671 Td
1931 3616 2003 3670 ἐν

407 3705 701 3761 συνθέσει
758 3708 1044 3778 ἀγόμενα,
1104 3710 1300 3781 ἄλογα
1356 3710 1540 3781 ἴσμεν
1592 3709 1815 3775 πάντα,
1884 3711 2000 3780 οὐχ

406 3797 621 3865 ἁπλῶς
648 3798 750 3854 διὰ
789 3800 858 3855 τὸ
880 3801 1161 3870 ἄγεσθαι,
1189 3803 1353 3859 ἀλλὰ
1378 3803 1479 3859 διὰ
1507 3802 1577 3858 τὸ
1607 3803 1680 3857 ἐν
1705 3802 2000 3858 συνθέσει

407 3895 556 3951 ὄντα
579 3895 852 3968 ἄγεσθαι.
900 3896 1173 3969 Ἐροῦμεν
1207 3899 1305 3953 καὶ
1338 3898 1477 3971 πρὸς
1498 3896 1659 3952 τοῦτο
1682 3913 1697 3929 ·
1729 3892 1878 3968 ’Λρα
1906 3893 2000 3951 οὗν

404 3989 581 4043 ταῦτα
608 3987 698 4043 διὰ
725 3988 790 4043 τὸ
827 3990 887 4045 ὲν
920 3987 1169 4044 συνθέσει
1202 3989 1457 4060 ἄγεσθαι,
1485 3989 1520 4061 ἢ
1551 3989 1614 4043 τὺ
1656 3987 1847 4053 ἁπλῶς
1866 3989 2000 4058 ἄγε-

405 4082 559 4150 σθαι,
585 4082 759 4153 ἄλογα
787 4082 934 4148 ἵστες
959 4082 994 4154 ἢ
1024 4083 1117 4137 διά
1140 4082 1203 4137 τὸ
1228 4085 1296 4156 τῇ
1335 4083 1499 4155 φύσει
1537 4081 1720 4137 αὐτῶν
1761 4082 1850 4137 ἀεὶ
1886 4099 2000 4135 τοι·

402 4172 548 4229 αῦτά
572 4190 697 4228 τινα
722 4168 898 4240 εἴναι;
922 4173 1045 4229 Κᾶν
1077 4174 1187 4247 ἰδίᾳ
1212 4192 1273 4229 τε
1294 4174 1400 4230 κᾶν
1420 4176 1479 4229 tv
1501 4173 1749 4229 συνθέσει
1770 4174 2000 4244 λεγόμε-

401 4282 494 4335 να,
534 4266 631 4321 καὶ
659 4264 1019 4337 θεωρούμενα
1048 4266 1158 4338 εἴη,
1188 4266 1363 4336 ἄλογα
1384 4265 1767 4338 γνωριζόμενα
1797 4265 1903 4320 ὑπό
1937 4282 1998 4319 τε

399 4357 517 4413 τῶν
558 4357 946 4430 συγκειμένων
982 4358 1079 4413 καὶ⁵
1118 4357 1229 4413 τῶν
1262 4357 1338 4430 μὴ
1381 4358 1760 4430 συγκειμένων
1789 4358 1996 4423 αὐτοῖς,

405 4451 566 4524 ίσχὺν
608 4451 670 4507 δὲ
712 4450 855 4516 ὅλως
902 4449 1000 4506 τοῦ
1041 4451 1199 4521 ἄγειν
1229 4450 1373 4507 αὐτά
1422 4451 1661 4522 ἐχόντων
1693 4450 1995 4523 φερόμενα.

400 4545 481 4601 οὐ
511 4544 623 4617 γὰρ
653 4543 716 4598 τὸ
749 4543 918 4615 φύσει
944 4544 1168 4614 λογικὸν
1201 4544 1262 4600 ὲν
1288 4543 1540 4600 συνθέσει
1569 4544 1765 4614 ἄλογον
1798 4545 1997 4614 ἐσόμε-

2105 3340 2151 3397 si
2190 3340 2559 3411 vosmetipsos
2599 3339 3042 3410 reprehendatis,
3093 3348 3262 3409 atque
3310 3339 3382 3394 ob
3422 3339 3695 3409 reliquam

2103 3433 2490 3505 probationem
2534 3432 2793 3489 secundae
2836 3440 3035 3489 vestrae
3080 3432 3479 3503 propositionis
3526 3448 3694 3504 argu-

2104 3536 2352 3582 mentum
2392 3525 2673 3597 incipiatis
2706 3525 2789 3581 sic
2833 3525 3044 3597 pariter
3095 3524 3386 3580 dicentes:
3442 3525 3529 3580 Ea
3573 3541 3695 3595 qua:

2101 3620 2159 3674 in
2187 3620 2382 3673 unione
2414 3626 2539 3674 sunt
2589 3626 2744 3683 acta,
2789 3634 2884 3673 nos
2947 3619 3129 3671 omnia
3159 3618 3367 3671 ratione
3412 3618 3549 3671 scire
3598 3633 3695 3671 ca-

2104 3726 2241 3775 rere,
2273 3727 2379 3765 non
2417 3709 2734 3782 simpliciter
2776 3725 2837 3764 eo
2862 3709 3003 3781 quod
3041 3715 3168 3763 sunt
3218 3716 3362 3774 acta,
3408 3707 3501 3761 sed
3530 3706 3692 3778 quod,

2101 3821 2223 3859 cum
2247 3806 2304 3859 in
2327 3805 2525 3859 unione
2559 3811 2708 3870 sunt,
2733 3809 2990 3875 aguntur.
3018 3801 3101 3856 Ad
3133 3801 3242 3857 hoc
3292 3815 3517 3871 quoque
3547 3798 3692 3853 dici-

2101 3912 2263 3953 mus:
2316 3897 2402 3954 An
2438 3897 2608 3970 igitur
2638 3911 2707 3953 eo
2751 3895 2902 3967 quod
2943 3894 3046 3949 ista
3078 3892 3134 3948 in
3173 3892 3381 3948 unione
3425 3898 3691 3962 aguntur,

2100 3991 2188 4047 vel
2221 3990 2567 4061 simpliciter,
2600 3990 2817 4045 ratione
2845 4001 3037 4044 carere
3067 3984 3261 4042 scitis?
3289 3984 3378 4039 vel
3415 3984 3486 4039 ob
3523 3997 3695 4053 pecu-

2100 4083 2294 4140 liarem
2328 4085 2576 4154 ipsorum
2604 4091 2859 4138 naturam
2892 4079 3145 4153 quaedam
3174 4092 3397 4147 semper
3426 4076 3691 4145 hujusce-

2100 4176 2252 4231 modi
2278 4175 2439 4232 esse?
2468 4174 2624 4231 Licet
2655 4189 2786 4246 ergo
2814 4174 2871 4229 in
2903 4188 3002 4228 sua
3033 4178 3235 4226 natura
3269 4168 3358 4223 vel
3389 4167 3445 4221 in
3480 4165 3697 4221 unione

2100 4265 2360 4322 dicantur
2399 4272 2457 4321 et
2497 4273 2843 4336 spectentur,
2884 4263 3099 4319 ratione
3152 4276 3347 4317 carere
3383 4259 3697 4330 probantur

2100 4354 2170 4411 ab
2205 4356 2295 4411 bis
2325 4370 2449 4426 qua:
2497 4355 2605 4411 sibi
2639 4354 2913 4409 uniuntur
2963 4361 3129 4423 atque
3179 4351 3248 4406 ab
3300 4351 3391 4406 bis
3424 4365 3547 4420 qua:
3577 4364 3691 4404 non

2100 4447 2392 4513 uniuntur,
2422 4445 2727 4517 potentiam
2752 4443 3130 4500 omnimodam
3151 4442 3245 4497 illa
3267 4457 3391 4513 quae
3432 4441 3698 4498 feruntur

2100 4536 2298 4608 agendi
2325 4536 2609 4592 habentia.
2640 4535 2861 4593 Etenim
2893 4535 3043 4607 quod
3076 4544 3279 4591 natura
3306 4534 3579 4589 rationale
3605 4543 3691 4590 est

400 4653 496 4691 vov
543 4635 775 4703 δείξετε,
822 4637 858 4709 ἢ
903 4634 1253 4709 τοῦμπαλινο
1299 4637 1389 4693 διὰ
1430 4635 1531 4709 τὴν
1571 4635 1826 4692 σύνθεσιν
1858 4636 1990 4709 γὰρ,

2103 4626 2348 4683 futurum
2385 4642 2508 4683 esse
2532 4635 2594 4682 ut
2632 4625 2689 4681 in
2725 4626 2929 4682 unione
2966 4626 3183 4681 ratione
3229 4632 3417 4681 careat
3445 4640 3558 4679 non
3587 4624 3692 4679 de-

399 4729 560 4786 οὒδὲν
586 4724 757 4804 ἦττον
784 4729 1006 4801 λογικόν
1032 4732 1206 4786 ἔστιν.

476 4908 540 4964 Εί
586 4908 690 4981 μὲν
728 4905 826 4964 οὖν
871 4908 972 4981 οὐχ
1019 4908 1197 4974 οὕτως
1248 4909 1426 4965 ταῦτα
1456 4906 1599 4964 εἶναι
1648 4906 1989 4974 συντίθεσθε,

396 5001 542 5059 ἀλλά
575 5001 666 5059 διά
696 5000 760 5056 τὸ
810 5002 871 5056 ἐν
903 5004 973 5073 τῇ
1009 5001 1261 5057 συνθέσει
1298 5001 1556 5073 ἄγεσθαι,
1594 5001 1793 5071 ἄλογον
1830 4999 1991 5070 γενέ-

398 5094 527 5149 σθαι
559 5092 624 5148 τὸ
653 5091 817 5164 σῶμα
851 5092 1124 5163 λογίζετε,
1167 5094 1294 5148 καθ’
1320 5093 1486 5148 ἑαυτὸ
1518 5092 1629 5165 ἄρα
1669 5092 1989 5164 γενόμενον,

393 5185 621 5256 λογικὸν
655 5184 773 5239 ῐστε
817 5183 1098 5256 δηλονότι·
1135 5185 1200 5239 τὸ
1230 5185 1290 5238 δὲ
1321 5184 1618 5240 ἀσύνθετον
1646 5183 1784 5256 πρὸς
1810 5182 1992 5255 ψυχὴν

392 5279 691 5353 γινόμενον
743 5277 932 5351 σῶμα,
967 5281 1026 5334 ὲν
1056 5278 1116 5333 δὲ
1148 5281 1217 5351 τῇ
1247 5279 1385 5351 πρὸς
1431 5279 1532 5351 τὴν
1560 5277 1787 5349 λογικὴν
1810 5275 1991 5349 ψυχὴν

394 5373 650 5429 συνθέσει
712 5371 1162 5444 μεταλαμϐάνειν
1190 5372 1292 5443 τῆς
1344 5371 1572 5441 ἀλογίας
1624 5370 1824 5425 οἴεσθε.
1878 5369 1992 5424 Καὶ

390 5467 480 5530 τίς
512 5466 765 5534 ἀνέξεται
800 5465 904 5536 τῆς
937 5464 1199 5537 τοιαύτης
1228 5464 1453 5534 ἀλογίας
1470 5464 1579 5519 τῶν
1607 5462 1782 5518 ταῦτα
1804 5462 1989 5535 οἰομέ-

390 5576 537 5625 νων;
575 5558 700 5614 Ἔτι
731 5558 789 5612 δὲ
819 5560 921 5630 τῆς
971 5557 1278 5621 συνθέσεως
1322 5556 1622 5629 γινομένης
1654 5556 1839 5621 αίτίας
1887 5556 1990 5626 τῆς

390 5650 622 5721 ἀλογίας
650 5650 730 5723 τῷ
758 5650 997 5722 σώματι,
1028 5649 1079 5703 εί
1110 5648 1322 5719 ταύτην
1374 5648 1582 5721 κυρίως
1639 5648 1825 5703 αἰτίαν
1881 5647 1986 5719 τῆς

393 5744 626 5814 ἀλογίας
656 5742 1010 5809 ὑποτίθεσθε,
1048 5742 1145 5797 καλ⁵
1182 5741 1284 5814 τὴν
1310 5741 1492 5814 ψυχὴν
1531 5741 1739 5814 ὁμοίως
1764 5740 1997 5811 ἀλογεῐνυ

395 5835 655 5908 βιάσεσθε
690 5835 779 5901 ἂν,
812 5837 937 5890 ἐπεὶ
972 5836 1071 5891 καὶ
1097 5835 1241 5907 αὐτὴ
1265 5836 1549 5906 συνετέθη.
1603 5836 1665 5889 Ei
1697 5834 1754 5889 δὲ
1776 5835 1983 5904 ἀλογεῖ,

393 5931 493 5986 καὶ
527 5931 671 6002 αὑτὴ
713 5930 951 6002 ἄγεται*
981 5932 1032 5984 εἰ
1078 5929 1135 5985 δὲ
1170 5930 1357 6000 ἄγοιτο
1404 5932 1462 5984 ὲν
1489 5932 1554 6001 τῇ
1590 5928 1862 5997 συνθέσει,
1892 5929 1987 5984 καὶ

2096 4719 2501 4785 monstrabitis,
2518 4720 2608 4775 vel
2634 4719 2757 4776 vice
2781 4733 2964 4786 versa,
2987 4726 3221 4790 propter
3241 4717 3392 4773 enim
3420 4718 3685 4773 unionem
3721 4766 3726 4776 .

2095 4812 2235 4869 nihil
2267 4813 2453 4868 minus
2486 4812 2757 4869 rationale
2787 4820 2892 4869 est.

2164 4904 2221 4962 Si
2252 4914 2437 4961 autem
2478 4906 2651 4978 igitur
2677 4905 2853 4961 "haud
2884 4905 3005 4961 haec
3040 4903 3117 4960 ita
3151 4918 3277 4960 esse
3307 4902 3679 4974 praetenditis,

2094 4996 2192 5052 sed
2239 5012 2314 5053 eo
2357 4996 2509 5067 quod
2558 4995 2615 5051 in
2673 4997 2886 5052 unione
2939 4995 3154 5066 agitur,
3213 5008 3411 5049 carens
3468 4993 3684 5047 ratione
3757 4989 3759 4993 ¹

2094 5101 2299 5157 corpus
2343 5086 2461 5143 fieri
2492 5086 2702 5151 dicitis,
2739 5101 2866 5141 cum
2898 5100 3033 5156 ergo
3063 5083 3211 5155 apud
3239 5097 3299 5139 se
3324 5082 3512 5148 fuerit,
3543 5082 3685 5136 illud

2093 5194 2223 5237 esse
2263 5179 2532 5235 rationale
2569 5178 2860 5235 evidenter
2890 5176 3259 5242 existimatis;
3312 5190 3517 5245 corpus
3545 5190 3681 5230 vero

2094 5286 2206 5327 non
2242 5269 2319 5326 ad‘
2335 5271 2578 5326 animam
2602 5270 2961 5340 coniunctum
2992 5268 3260 5323 exsistere
3295 5282 3479 5337 posse,
3513 5277 3680 5337 atque

2095 5364 2150 5419 m
2199 5364 2405 5420 unione
2449 5364 2517 5418 ad
2548 5363 2789 5418 animam
2835 5361 3164 5416 rationalem
3204 5359 3480 5415 rationem
3513 5360 3713 5420 amit-,

2094 5466 2209 5513 tere
2247 5471 2410 5526 posse
2446 5454 2795 5512 existimatis.
2840 5451 2978 5519 Quis
3005 5466 3139 5523 ergo
3170 5451 3298 5506 talia
3328 5450 3678 5521 opinantium

2092 5554 2385 5612 stultitiam
2420 5552 2759 5610 sustinebit?
2788 5551 2902 5606 [mo
2931 5565 3058 5606 cum
3094 5549 3229 5604 unio
3255 5563 3421 5605 causa
3461 5547 3533 5603 sit
3577 5562 3682 5602 cur

2093 5650 2307 5705 ratione
2364 5657 2551 5703 careat
2605 5660 2829 5716 corpus,
2876 5644 2922 5699 si
2977 5643 3124 5699 hanc
3168 5642 3396 5714 proprie
3444 5640 3680 5696 rationis

2091 5742 2340 5799 absentis
2368 5755 2591 5799 causam
2638 5754 2763 5796 esse
2796 5737 3145 5809 supponatis,
3181 5736 3392 5807 pariter
3450 5750 3677 5805 quoque

2092 5832 2329 5890 animam
2363 5832 2573 5889 ratione
2602 5846 2796 5886 carere
2826 5828 3263 5892 contenderetis,
3312 5826 3588 5898 siquidem
3623 5834 3678 5879 ct

2094 5930 2209 6000 ipsa
2248 5928 2321 5985 sit
2357 5928 2530 5984 unita.
2569 5926 2628 5983 Si
2660 5940 2794 5981 vero
2826 5923 3041 5980 ratione
3087 5932 3261 5989 caret,
3299 5922 3415 5993 ipsa
3454 5935 3676 5993 quoque
