4116 6452
426 390 562 460 Ῑίίὶ3

1695 398 2005 462 LEONTII
2046 398 2454 462 BYZANTINI

3564 399 3701 466 1464

421 510 645 581 agitur;
694 504 741 567 si
790 525 921 566 vero
983 510 1164 581 agitur
1220 508 1274 563 in
1326 507 1554 574 unione,
1626 509 1745 580 ipsa
1791 518 1923 564 tunc
1973 524 2004 563 ιι

2120 511 2247 583 ιύτὴ
2272 513 2363 566 ὑπ’
2387 512 2601 577 οὐδενὸς
2642 513 2834 586 ἐτέρου
2861 513 2895 585 ἢ
2924 513 3030 567 ὑπὸ
3059 512 3157 568 τοῦ
3196 513 3565 585 συγκειμένου
3596 516 3701 568 αὐ-

423 603 577 659 nullo
608 603 789 658 altero
817 602 904 656 vel
936 614 965 654 a
993 614 1227 670 corpore
1272 599 1379 655 sibi
1411 600 1572 656 unito
1605 609 1820 671 agetur.
1853 599 2010 656 Tunc

423 697 531 751 erit
587 711 618 750 a
672 693 833 749 vobis
883 692 1375 748 demonstrandum
1428 694 1770 748 contrarium
1817 708 2011 749 eorum

423 806 546 859 qua:
588 788 825 858 probare
873 787 1213 857 coeperatis,
1270 786 1549 857 quomodo
1594 795 1824 841 econtra
1877 786 2011 840 unio

423 882 645 953 corpori
676 896 841 937 causa
879 881 1050 936 fuerit
1073 897 1174 937 cur
1201 879 1413 950 aliquid
1439 888 1587 950 agat,
1619 895 1717 935 seu
1744 879 2009 944 animam,

424 988 534 1029 non
562 982 744 1029 autem
779 984 991 1045 agatur.
1023 972 1160 1028 Cum
1199 988 1334 1043 ergo
1364 973 1480 1028 haec
1530 973 1605 1027 ita
1636 973 1771 1038 sint,
1804 972 2013 1027 frustra

426 1067 741 1123 admittitur
762 1066 968 1129 anima,
987 1065 1261 1135 siquidem
1288 1051 1484 1119 natura
1515 1078 1614 1120 sua
1640 1074 1697 1120 et
1726 1065 1782 1119 in
1809 1065 2013 1119 unione

425 1176 491 1216 ac
524 1160 734 1229 absque
769 1162 975 1216 unione
1020 1160 1093 1215 sit
1122 1159 1412 1215 evidenter
1444 1160 1751 1226 rationalis,
1784 1174 1893 1215 non
1944 1159 2014 1213 ab

428 1253 503 1317 iis
538 1272 662 1327 qua:
694 1271 857 1327 agere
885 1255 1053 1311 debet
1086 1263 1228 1319 acta,
1259 1254 1357 1309 sed
1391 1269 1514 1323 qua:
1564 1254 1772 1308 scimus
1824 1267 2012 1323 agens.

426 1346 698 1417 Quodque
740 1362 941 1416 corpus
975 1356 1177 1400 natura
1211 1346 1427 1400 ratione
1460 1344 1846 1414 spiritualique
1879 1343 2014 1397 sub-

428 1437 633 1493 stantia
663 1446 851 1492 careat
880 1444 937 1491 et
972 1436 1026 1490 in
1058 1436 1265 1490 unione
1299 1450 1363 1490 ac
1389 1434 1601 1504 absque
1634 1433 1860 1500 unione,
1890 1431 2016 1487 ideo

428 1536 614 1584 actum
652 1528 827 1598 magis
854 1543 957 1583 nos
984 1543 1117 1582 vero
1146 1543 1317 1597 agens
1354 1526 1494 1581 illud
1525 1526 1834 1581 noscimus.

500 1621 597 1679 llis
624 1637 758 1676 vero
793 1621 868 1676 ita
907 1619 1323 1685 demonstratis,
1357 1634 1469 1674 non
1500 1618 1761 1673 unionem
1791 1615 1888 1672 sed
1920 1630 2019 1669 na-

432 1720 610 1769 turam
662 1714 720 1769 in
764 1712 853 1768 bis
890 1727 1015 1783 qua:
1061 1710 1275 1766 ratione
1333 1718 1527 1765 carent
1578 1710 1666 1766 vel
1724 1707 2017 1763 rationalia

431 1814 583 1870 sunt,
630 1819 731 1858 cur
759 1810 923 1874 agant
969 1803 1055 1858 vel
1096 1818 1196 1856 cur
1234 1810 1469 1872 agantur
1493 1816 1616 1857 esse
1640 1814 1885 1864 causam,
1922 1813 2016 1852 ex-

2110 607 2178 675 τῇ
2214 606 2468 677 σώματος
2499 604 2820 679 ἀχθήσεται.
2854 607 2967 661 Καὶ
3013 606 3169 661 ἔσται
3201 607 3332 677 ὑμῖν
3361 606 3427 661 rb
3455 606 3702 661 ἐναντίον

2110 694 2513 762 ἀποδεικνύειν,
2564 688 2641 751 ὧν
2690 695 2930 769 ἧρξασθε
2991 696 3450 763 κατασκευάζειν,
3500 697 3577 762 ὼς
3622 698 3702 768 τῷ

2113 785 2330 857 σώματι
2362 788 2678 843 τούναντίον
2713 790 2746 859 ή
2780 788 3030 853 σύνθεσις
3074 787 3171 842 τοῦ
3220 788 3378 858 ἄγειν
3407 805 3481 855 τι,
3529 789 3703 860 ῆγουν

2112 877 2211 947 τὴν
2249 877 2450 949 ψυχὴν,
2482 879 2579 933 καὶ
2608 879 2671 933 ού
2703 877 2797 933 τοῦ
2828 878 3086 948 ἄγεσθαι,
3120 880 3321 949 γέγονε
3347 880 3521 934 αἰτία.
3554 881 3703 934 Ούκ-

2112 968 2207 1021 οῦν
2230 969 2353 1023 ἐπεὶ
2386 969 2564 1023 ταῦτα
2606 968 2799 1037 οὕτως,
2838 975 3072 1042 μάταιον
3124 974 3346 1043 φρονεῖν
3376 971 3475 1042 τὴν
3500 971 3702 1043 ψυχὴν,

2111 1062 2315 1133 δηλαδὴ
2343 1063 2421 1133 τῷ
2452 1062 2614 1134 φύσει
2668 1058 2811 1118 εἶναι
2860 1065 3091 1134 λογικὴν
3140 1064 3199 1119 ἐν
3222 1081 3280 1118 τε
3328 1066 3394 1135 τῇ
3451 1064 3705 1120 συνθέσει

2115 1154 2212 1208 καὶ
2243 1154 2371 1208 ἄνευ
2406 1156 2741 1219 συνθέσεως·
2771 1156 2873 1208 οὐκ
2907 1156 3187 1227 ἀγομένην
3233 1171 3294 1209 τε
3352 1157 3447 1209 ὑπ’
3475 1156 3707 1210 ἐκείνων

2114 1246 2150 1300 ἃ
2177 1247 2444 1315 πέφυκεν,
2490 1246 2677 1315 ἄγειν·
2722 1246 2840 1300 ἀλλ’
2870 1247 3112 1316 ἄγουσαν
3154 1246 3297 1301 αὐτὰ
3318 1248 3564 1318 οἴδαμεν.
3591 1248 3708 1302 Καὶ

2114 1337 2176 1390 τὸ
2209 1337 2367 1407 σῶμα
2394 1338 2451 1390 δὲ
2480 1338 2613 1392 διότι
2639 1337 2836 1406 ἄλογον
2862 1339 3005 1393 κατά
3043 1336 3209 1410 φύσιν
3230 1338 3324 1392 καὶ
3347 1338 3556 1409 ἄψυχόν
3585 1339 3709 1391 ἔστι

2115 1427 2175 1481 ιν
2202 1444 2263 1481 τε
2297 1432 2363 1501 τῇ
2398 1430 2648 1485 συνθέσει
2702 1434 2801 1486 καὶ
2855 1434 2985 1487 ἄνευ
3050 1431 3375 1499 συνθέσεως,
3433 1432 3712 1503 ἀγόμενον

2120 1520 2323 1593 μᾶλλον
2350 1522 2445 1577 καὶ
2474 1523 2575 1577 ούκ
2604 1524 2738 1593 ἄγον
2765 1523 3136 1595 γινώσκομεν.

2190 1608 2410 1667 Τούτων
2450 1614 2508 1668 δὲ
2559 1614 2735 1679 οὕτως
2765 1615 3118 1681 δεικνύντων,
3156 1616 3240 1670 ὅτι
3268 1614 3427 1687 ούχή
3456 1614 3713 1681 σύνθεσις

2118 1704 2231 1759 ἀλλ’
2267 1708 2301 1777 ἡ
2343 1706 2505 1775 φύσις
2556 1708 2617 1761 τό
2657 1725 2717 1760 τε
2768 1707 2963 1777 ἄλογον
3000 1706 3033 1777 ἢ
3068 1708 3291 1777 λογικὸν
3339 1702 3483 1763 εἷναί
3512 1726 3567 1762 τι
3609 1707 3710 1763 τοῦ

2120 1798 2277 1868 ἄγειν
2314 1800 2347 1873 ἢ
2383 1800 2619 1869 ἄγεσθαι
2646 1802 2781 1857 αὐτὸ
2822 1802 2998 1856 αἴτιόν
3027 1805 3197 1870 ἐστιν,
3230 1802 3549 1869 ἐξεταστέον
3576 1804 3715 1874 ἡμῖν

429 1898 765 1969 quirendum
796 1904 1054 1968 superest
1095 1894 1257 1950 nobis
1286 1912 1354 1949 ex
1390 1894 1533 1965 juris
1560 1891 1923 1957 abundantia,
1953 1906 2021 1945 an

2125 1890 2312 1945 λοιπὸν
2362 1892 2429 1945 ὲκ
2481 1893 2826 1964 περιουσίας,
2859 1894 2957 1950 καὶ
2982 1896 3033 1949 εἰ
3062 1894 3172 1948 τῶν
3198 1892 3440 1964 λογικῶν
3473 1897 3506 1965 ή
3547 1894 3715 1965 φύσις

429 1992 844 2048 rationabilium
898 1990 1188 2047 naturain
1243 1989 1505 2043 omnibus
1551 2003 1738 2059 agere,
1779 2002 1811 2041 a
1860 1985 2019 2041 nullo

429 2095 563 2138 vero
598 2097 844 2153 unquam
882 2081 969 2153 agi
1000 2080 1227 2145 debeat,
1279 2087 1341 2134 ut
1385 2080 1629 2135 sciamus
1660 2086 1845 2132 utrum
1889 2090 2021 2130 vere

430 2172 755 2232 Dominicus
781 2176 971 2240 homo,
1002 2173 1278 2244 siquidem
1298 2189 1329 2227 a
1357 2171 1541 2228 Verbo
1573 2171 1775 2242 agitur,
1809 2169 2022 2239 absque

432 2266 719 2323 intellectu
757 2282 823 2322 ac
854 2266 1071 2322 ratione
1120 2266 1193 2321 sit
1242 2263 1734 2319 demoustrandus.
1789 2260 1845 2316 Si
1890 2274 2021 2331 ergo

431 2360 659 2429 quidem
699 2374 812 2413 non
834 2358 1017 2428 agitur
1045 2372 1150 2412 nec
1183 2356 1434 2421 omnino,
1476 2370 1581 2411 nec
1610 2353 1757 2409 servi
1783 2368 1814 2407 a
1846 2350 2024 2405 domi-

432 2452 541 2516 nis,
577 2464 682 2505 nec
712 2449 964 2506 civitasa
1002 2447 1165 2510 duce,
1200 2462 1304 2501 nec
1340 2445 1545 2500 milites
1578 2444 1649 2499 ab
1687 2444 2023 2513 imperatore

434 2540 545 2597 acti
591 2549 725 2597 sunt
755 2541 844 2594 vel
877 2554 1120 2608 unquam
1158 2545 1428 2608 agentur;
1477 2535 1582 2592 etsi
1635 2533 1800 2589 etiam
1845 2546 2022 2601 usque

434 2633 502 2688 ad
535 2640 772 2687 mortem
810 2630 906 2685 illo
932 2629 1164 2700 iubente
1197 2628 1342 2683 trahi
1380 2627 1711 2692 videantur;
1751 2640 1854 2679 nec
1886 2637 2024 2693 quo-

436 2739 546 2797 que
569 2725 767 2779 animat
790 2731 1130 2787 sanctorum,
1154 2736 1258 2776 nec
1285 2719 1488 2791 angeli,
1511 2734 1614 2775 nec
1644 2717 1894 2772 Virtutes
1920 2728 2025 2769 nec

434 2817 740 2888 quidquam
787 2815 1079 2870 beatorum
1115 2812 1374 2867 ordinum
1423 2810 1701 2866 exercitus
1750 2804 2024 2863 rationale

434 2908 521 2965 vel
554 2908 846 2979 splrituale
873 2907 929 2962 in
958 2906 1069 2961 ullo
1098 2920 1129 2960 a
1160 2904 1276 2959 Deo
1307 2910 1585 2974 ageretur,
1622 2909 1791 2972 prout
1810 2897 2025 2969 sagaci-

435 3009 519 3058 tas
546 3011 730 3058 vestra
761 3001 883 3055 vult
928 3000 1331 3055 demonstrare.
1381 2997 1475 3053 Vel
1522 2996 1739 3067 agitur,
1781 3003 2024 3062 tuncque

434 3092 665 3148 omnino
724 3092 940 3147 ratione
994 3089 1226 3146 destitui
1277 3088 1709 3144 demonstratur.
1775 3083 2025 3154 Namque

435 3181 542 3241 hoc
562 3183 765 3240 dedisti
788 3193 1049 3255 tanquam
1074 3181 1351 3238 ratiocinii
1378 3189 1789 3253 argumentum,
1813 3176 2026 3233 scilicet

2121 1984 2276 2051 ἄγειν
2336 1985 2403 2055 δὴ
2448 1986 2593 2041 κατά
2647 1988 2829 2041 πάντα
2890 1988 3158 2058 πέφυκεν,
3194 1987 3431 2058 ἄγεσθαι
3478 1988 3537 2043 δὲ
3584 1988 3713 2043 κατ’

2121 2076 2271 2130 οὐδὲν
2299 2076 2583 2141 οὐδέποτε,
2618 2078 2707 2133 ἵνα
2751 2078 2971 2149 γνῶμεν
3008 2080 3058 2133 εί
3096 2078 3289 2146 ὅντως,
3336 2079 3499 2152 εἴπερ
3523 2080 3715 2149 ἄγοιτο

2122 2168 2228 2222 ὑπὸ
2280 2168 2373 2223 τοῦ
2424 2169 2625 2239 Λόγου,
2661 2172 2690 2225 ὁ
2730 2171 3013 2243 Κυριακὸς
3059 2172 3368 2244 ἄνθρωπος,
3414 2174 3580 2237 ἄνους
3614 2176 3715 2228 καὶ

2120 2263 2312 2332 ἄλογος
2364 2263 2737 2335 δειχθήσεται.
2788 2264 2851 2321 Et
2889 2267 2990 2337 μὲν
3019 2262 3116 2321 οῦν
3177 2268 3280 2321 οὐκ
3334 2268 3535 2335 ἄγεται
3586 2268 3717 2321 οὐδὲ

2120 2354 2279 2421 ὅλως,
2325 2352 2450 2409 οὔτε
2498 2355 2833 2425 θεράποντες
2873 2358 2980 2412 ὑπὸ
3026 2358 3317 2425 δεσπότου,
3342 2360 3405 2413 οὐ
3434 2360 3590 2424 πόλις
3618 2360 3717 2413 ὑπ’

2122 2449 2409 2522 ἄρχοντος,
2442 2449 2543 2521 οὐχ
2587 2451 2811 2505 ὁπλῖται
2852 2451 2960 2506 ὑπὸ
2988 2450 3084 2504 τοῦ
3118 2452 3431 2523 στρατηγοῦ
3461 2451 3719 2522 ῆχθησαν

2124 2543 2157 2615 ἢ
2221 2544 2554 2614 ἀχθήσονται
2606 2542 2857 2598 πώποτε’
2892 2543 3076 2598 καίτοι
3120 2544 3217 2598 καὶ
3267 2543 3434 2615 μέχρι
3473 2543 3717 2598 θανάτου

2123 2634 2202 2705 τῷ
2231 2635 2445 2689 ἐκείνου
2495 2634 2727 2705 νεύματι
2762 2633 3159 2705 καθελκόμενοι
3184 2633 3422 2707 ὁρῶνται
3447 2651 3461 2665 ·
3501 2633 3623 2689 οῦτε
3656 2636 3719 2689 δὲ

2092 2740 2095 2741 ⁷
2123 2727 2299 2798 ψυχαὶ
2336 2727 2498 2781 ὁσίων
2529 2724 2657 2782 οὔτε
2717 2728 2943 2798 ἄγγελοι
2977 2727 3103 2782 οὔτε
3128 2727 3403 2798 Δυνάμεις
3436 2728 3471 2799 ἦ
3499 2745 3553 2781 τι
3576 2728 3720 2791 ὅλως

2124 2820 2225 2890 τῆς
2264 2819 2373 2872 τῶν
2408 2812 2773 2891 άγιόπρεπῶν
2822 2819 3035 2884 τάξεων
3097 2818 3383 2888 φάλαγγος
3432 2818 3653 2886 λογικὸν
3682 2818 3717 2888 ἢ

2126 2910 2312 2983 νοερὸν
2342 2910 2450 2966 ὑπὸ
2492 2910 2629 2965 Θεοῦ
2662 2912 2851 2981 ἄγοιτο
2893 2910 2961 2965 ἂν
2991 2909 3115 2964 κατ’
3144 2910 3321 2977 οὐδὲν,
3353 2910 3430 2975 ὡς
3462 2909 3719 2980 βούλεται

2125 3002 2399 3057 δεικνύειν
2431 3003 2501 3057 τά
2534 3003 2636 3073 τῆς
2659 2989 3281 3074 ὑμτέραίάγχινοίας.
3324 3003 3398 3056 Ἢ
3421 3002 3716 3071 ἀγόμενον,

2128 3097 2324 3167 ἄλογον
2352 3096 2629 3152 δείκνυται
2678 3098 2883 3168 πάντη.
2916 3096 3206 3149 Δεδώκατε
3263 3094 3375 3167 γὰρ
3411 3094 3575 3148 τοῦτο
3603 3093 3717 3147 ὥσ-

2052 3231 2095 3289 C
2129 3206 2237 3261 περ
2274 3190 2582 3261 τεκμήριον
2615 3189 2863 3259 λογικοῦ,
2891 3189 2953 3243 rb
2977 3187 3065 3259 μὴ
3096 3187 3350 3259 ἄγεσθαι
3372 3186 3601 3254 ἁπλῶς,
3638 3189 3719 3259 μὴ

432 3274 745 3348 simpliciter
784 3292 890 3332 non
937 3276 1048 3345 agi,
1104 3289 1214 3329 non
1269 3273 1462 3329 addito
1507 3271 1656 3343 quod
1709 3270 2021 3326 addendum

2127 3284 2465 3355 προσθέντες
2511 3283 2742 3348 δεόντως
2800 3283 2864 3337 τὸ
2920 3282 3003 3353 μὴ
3042 3281 3197 3337 κατὰ
3222 3282 3425 3336 πάντα
3461 3281 3719 3346 tiret-Jov-

434 3378 592 3427 erat:
625 3387 732 3425 non
772 3371 829 3425 in
877 3368 1120 3423 omnibus
1163 3366 1459 3422 necessario
1496 3365 1604 3437 agi.
1655 3364 1747 3420 Sic
1798 3363 2022 3434 quidem

438 3457 559 3517 haec
612 3470 798 3516 vestra
852 3460 1107 3530 pulchra,
1172 3475 1206 3514 ο
1255 3457 1472 3528 optimi,
1530 3466 1876 3529 argumenta,
1925 3472 2023 3512 vos

439 3551 578 3609 risui
600 3552 691 3609 his
718 3552 814 3624 qui
844 3567 975 3609 vere
998 3551 1404 3607 ratiocinantur
1432 3551 1675 3607 tradunt.

1057 3682 1209 3739 CAP.
1236 3683 1402 3740 XVII.

510 3815 668 3883 Quod
699 3824 898 3871 natura
937 3817 1285 3888 impassibile
1316 3830 1421 3881 εει,
1452 3815 1702 3887 passibili
1739 3812 1887 3870 uniri
1909 3830 2021 3870 non

436 3917 619 3978 potest
643 3925 658 3973 ;
686 3924 810 3979 quae
834 3906 984 3964 enim
1019 3908 1077 3963 in
1106 3908 1369 3964 unionem
1399 3908 1591 3962 venire
1616 3905 1881 3961 videntur
1933 3905 2021 3960 vel

438 3998 777 4071 impassibile
818 4001 1155 4073 participare
1203 3999 1475 4066 dicemus,
1503 4000 1589 4055 vel
1625 3998 1887 4069 passibile
1910 4013 2020 4053 non

436 4093 572 4163 pati,
599 4093 697 4149 sed
724 4093 899 4150 videri
930 4103 1144 4149 tantum
1171 4094 1598 4165 suspicaremur.
1649 4091 1706 4148 Si
1754 4106 1885 4161 ergo
1928 4107 2024 4146 na-

440 4192 563 4240 tura
597 4186 784 4241 divina
833 4186 889 4241 in
922 4187 1172 4257 patiente
1218 4200 1451 4255 corpore
1496 4192 1665 4250 esset,
1718 4184 1807 4239 vel
1856 4183 2025 4254 igitur

437 4292 542 4333 nec
574 4279 691 4349 ipsa
722 4278 1085 4349 impassibilis
1115 4278 1405 4342 remansit,
1459 4277 1548 4332 vel
1607 4292 1711 4332 nec
1737 4292 1868 4332 caro
1895 4291 2023 4331 vere

437 4370 543 4424 fuit
571 4386 753 4440 passa.
804 4370 1117 4425 Mirandum
1168 4376 1255 4425 est
1287 4368 1448 4425 sisic
1488 4368 1805 4441 cogitemini
1854 4378 1913 4424 ut
1938 4368 2023 4421 lo-

436 4460 695 4531 quimini,
722 4478 756 4517 o
787 4460 1222 4531 sapientissimi;
1274 4475 1439 4515 nemo
1474 4462 1623 4516 enim
1680 4458 1815 4515 illud
1863 4459 2021 4524 dicit,

2123 3377 2274 3443 σίως
2314 3376 2586 3446 ἄγεσθαι.
2632 3377 2744 3431 Καὶ
2764 3374 2941 3429 ταῦτα
2982 3374 3085 3447 μὲν
3128 3374 3199 3434 τὰ
3233 3374 3426 3446 κομψά
3453 3374 3637 3445 ὑμῶν,
3668 3368 3718 3430 ὦ

2126 3469 2415 3539 βέλτιστοι,
2446 3470 2856 3542 ἐπιχειρήματα
2906 3468 3365 3543 συλλογιζόμενα,
3408 3468 3588 3533 οῦτως
3632 3471 3717 3533 εἰς

2122 3562 2335 3631 γέλωτα
2367 3562 2517 3632 ὑμᾶς
2553 3563 2668 3627 τοῖς
2698 3561 2869 3627 ὅντως
2902 3563 3146 3631 λογικοῖς
3174 3562 3522 3635 προτιθέασι.

2724 3696 2976 3753 ΚΕΦΔΔ.
3008 3699 3109 3753 lZ'.

2193 3834 2265 3888 Tb
2284 3833 2445 3904 φύσει
2469 3834 2705 3900 ἀπαθὲς,
2749 3834 2980 3906 παθητῷ
3011 3836 3338 3905 συγκεῖσθαι
3362 3836 3427 3891 οὐ
3454 3837 3715 3895 δύναται⁹

2122 3924 2232 3979 τῶν
2287 3926 2402 3997 γάρ
2439 3927 2523 3990 είς
2572 3927 2636 3981 rb
2672 3924 2928 3981 σύνθετον
2968 3928 3221 3997 γίνεσθαι
3265 3933 3634 4001 φαινομένων,
3681 3932 3716 4005 ἢ

2126 4018 2311 4071 καὶτὸ
2337 4018 2551 4081 ἀπαθὲς
2607 4022 2901 4090 μετασχεῖν
2933 4021 3185 4091 λέξομεν,
3229 4021 3263 4093 ἦ
3310 4022 3453 4093 μηδὲ
3514 4023 3578 4078 τὸ
3612 4040 3717 4079 πα-

2127 4109 2291 4179 θητὸν
2322 4109 2680 4178 πεπονθέναι,
2726 4109 2867 4166 ἀλλά
2918 4112 3080 4184 μόνον
3110 4113 3294 4169 δοκεῖν
3318 4114 3713 4186 ὑπολάϐοιμεν.

2126 4204 2190 4257 Ei
2218 4198 2311 4257 οὖν
2345 4203 2468 4257 θεία
2513 4203 2678 4273 φύσις
2706 4199 2777 4277 ἦν
2820 4207 2878 4259 ὲν
2919 4202 2999 4277 τῷ
3040 4206 3312 4277 πάσχοντι
3347 4207 3589 4278 σώματι,
3611 4211 3717 4280 ἄρα

2126 4296 2160 4367 ἢ
2192 4297 2286 4350 καὶ
2318 4295 2457 4369 αὑτὴ
2490 4298 2593 4351 οὐκ
2638 4298 2859 4369 ἀπαθὴς
2910 4298 3247 4371 μεμένηκεν,
3286 4300 3320 4375 ἢ
3355 4302 3478 4356 οὐδὲ
3508 4305 3542 4374 ἡ
3581 4304 3717 4374 σάρξ

2128 4384 2346 4456 ἀληθῶς
2414 4385 2677 4440 πέπονθε.
2735 4385 3065 4456 Θαυμαστὸν
3136 4386 3393 4453 είοῦτως
3465 4392 3716 4460 φρονεῖτε

2127 4470 2318 4549 ὥσπερ
2359 4474 2457 4527 καὶ
2501 4474 2737 4539 λαλεῖτε,
2781 4466 2827 4529 ὦ
2869 4476 3214 4545 σοφώτατοιο
3254 4478 3315 4531 ού
3368 4478 3479 4551 γάρ
3522 4479 3586 4549 δή
3632 4496 3716 4545 τις

435 4563 543 4608 nec
564 4567 632 4608 ex
657 4553 885 4608 omnino
914 4554 1121 4618 stultis,
1152 4552 1370 4608 scilicet
1411 4568 1538 4607 cum
1582 4552 1799 4622 corpori
1831 4552 2021 4605 nnitur

2125 4567 2282 4621 τοῦτό
2316 4582 2473 4638 φησι,
2496 4566 2618 4621 οὐδὲ
2642 4567 2750 4621 τῶν
2772 4568 2951 4640 πάντη
2969 4568 3216 4639 ἠλιθίων,
3243 4570 3319 4635 ὡς
3339 4570 3463 4624 ἐπεὶ
3497 4571 3715 4640 σύγκει-

437 4644 642 4710 anima,
663 4645 828 4700 simul
854 4660 978 4700 cum
1004 4645 1098 4700 illo
1115 4645 1356 4710 concidi,
1380 4644 1623 4700 calefieri
1648 4659 1711 4699 ac
1726 4643 2021 4707 viviﬁcari,

436 4731 569 4786 licet
590 4748 701 4786 non
731 4732 805 4787 sit
828 4734 1079 4803 ejusdem
1111 4736 1343 4804 apathiw
1375 4750 1441 4790 ac
1461 4734 1739 4801 divinitas,
1798 4734 1893 4790 sed
1943 4734 2028 4788 in-

437 4823 700 4879 distincte
746 4841 877 4896 erga
924 4825 1125 4881 divina:
1155 4837 1369 4881 natura:
1416 4827 1693 4899 apathiam
1739 4828 2023 4885 diﬂ‘erens.

435 4912 558 4968 Non
592 4914 670 4969 ita
702 4924 924 4983 tamen;
962 4930 1088 4970 cum
1134 4932 1245 4972 non
1290 4917 1408 4988 ipsa
1436 4920 1763 4977 concidatur
1796 4931 2028 4992 propter

437 5003 640 5076 ipsum,
690 5023 796 5065 nec
845 5023 1048 5079 corpus
1094 5008 1270 5079 ipsius
1322 5027 1452 5068 vere
1502 5015 1720 5071 concidi
1763 5015 1851 5071 vel
1880 5013 2026 5069 vivi-

437 5097 592 5153 ﬁcari
644 5102 943 5171 quisquam
986 5101 1221 5159 diceret.
1264 5104 1462 5162 Anima
1507 5118 1694 5165 autem
1736 5108 2029 5179 passiones

438 5206 563 5261 qua:
593 5192 673 5245 illi
702 5192 1009 5249 obveniunt
1034 5195 1198 5251 aliter
1224 5199 1542 5269 experitur;
1570 5218 1681 5257 non
1708 5202 1859 5256 enim
1889 5215 2027 5254 con-

437 5284 683 5340 cisuram
741 5286 830 5342 vel
854 5287 1189 5346 divisionem
1238 5294 1494 5361 membri,
1524 5295 1629 5350 etsi
1673 5293 1923 5348 dolorem
1970 5291 2028 5345 in

436 5376 547 5436 illis
576 5395 737 5451 passa
759 5391 847 5438 est
887 5384 1089 5440 anima.
1118 5376 1234 5442 Sed
1275 5398 1403 5444 ante
1436 5390 1643 5453 omnia,
1679 5388 1815 5444 illud
1867 5386 2031 5443 vobis

370 5494 381 5505 ι
436 5470 855 5541 denuntiamus,
900 5478 1136 5545 scilicet,
1188 5496 1313 5536 cum
1363 5498 1431 5539 eo
1466 5485 1614 5553 quod
1667 5480 2030 5554 impassibilis

435 5564 534 5629 sit,
574 5576 787 5624 naturae
818 5571 1068 5639 passibili
1091 5589 1202 5628 non
1235 5575 1382 5631 uniri
1412 5577 1586 5633 Deum
1611 5574 1855 5632 Verbum
1877 5575 2031 5630 dica-

437 5657 532 5722 tis,
560 5658 634 5713 ita
662 5670 723 5716 ut
752 5662 922 5718 nullis
951 5664 1085 5735 ipsis
1123 5667 1507 5726 accidentibus
1536 5670 1894 5741 passionibus
1936 5667 2026 5722 di-

437 5750 645 5805 vinitas
673 5752 729 5807 in
762 5755 878 5825 ipsa
902 5756 1168 5815 derelicta
1192 5763 1480 5832 subsistat,
1506 5767 1657 5821 illam
1681 5767 1869 5837 potius
1895 5779 2026 5820 con-

443 5844 694 5898 temnere
734 5858 899 5915 quam
948 5850 1275 5920 gloriﬁcare.
1313 5857 1371 5915 Si
1404 5859 1555 5915 enim
1594 5860 1742 5929 quod
1793 5874 1903 5914 non
1955 5858 2027 5915 sit

2127 4676 2218 4713 ται
2248 4658 2395 4730 ψυχὴ
2424 4659 2503 4730 τῷ
2531 4659 2790 4731 σώματι,
2836 4662 3057 4726 πάντως
3094 4663 3190 4717 καὶ
3228 4664 3591 4736 συντέμνεται
3625 4666 3719 4719 καὶ

2130 4748 2495 4804 συνθάλπεται
2537 4751 2634 4803 καὶ
2678 4742 3028 4822 συμψύχεται
3059 4769 3073 4781 ’
3126 4752 3308 4806 καίτοι
3347 4755 3410 4807 οὺ
3446 4755 3719 4825 τοσαύτην

2127 4841 2420 4896 ἀπάθειαν
2444 4843 2920 4915 μεμαρτυρημένη
2955 4844 3079 4898 ὅσον
3098 4844 3159 4897 rb
3192 4844 3361 4910 θεῖον,
3398 4846 3514 4899 ἀλλ’
3546 4849 3719 4915 ἀσυγ-

2128 4930 2333 5004 κρίτως
2373 4931 2511 5001 πρὸς
2548 4930 2610 4984 rb
2647 4932 2748 5001 τῆς
2798 4933 2949 4997 θείας
2999 4931 3215 5003 φύσεως
3260 4935 3491 5003 ἀπαθὲς
3525 4936 3718 5007 διαφέ-

2130 5036 2319 5090 ρουσα,
2344 5020 2421 5073 Οὐ
2461 5018 2646 5089 μέντοι
2667 5038 2680 5049 ·
2722 5022 2847 5074 ἐπεὶ
2881 5021 2958 5094 μὴ
2988 5023 3130 5095 αὑτὴ
3167 5024 3430 5096 τέμνεται
3452 5026 3541 5079 διά
3575 5028 3715 5095 τόδε,

2128 5111 2251 5164 οῦδὲ
2285 5110 2347 5165 τὸ
2375 5110 2583 5181 ταύτης
2614 5113 2775 5184 σῶμα
2801 5114 3020 5185 άληθῶς
3055 5116 3357 5186 τέμνεσθαι
3388 5118 3721 5191 ῆψύχεσθαι

2129 5202 2274 5255 εἴποι
2301 5220 2385 5267 τις
2408 5202 2495 5257 ἄν.
2530 5202 2693 5274 Ψυχὴ
2720 5204 2777 5257 δὲ
2799 5204 2911 5258 τῶν
2952 5206 3035 5271 είς
3062 5208 3242 5260 έκεῖνο
3280 5210 3587 5279 γινομένων
3616 5231 3720 5266 πα-

2130 5295 2260 5357 Θῶν,
2296 5296 2500 5364 ἑτέρως
2546 5296 3045 5367 ἀντιλαμϐάνεταιο
3083 5298 3205 5353 οὐδὲ
3256 5303 3369 5374 γὰρ
3406 5304 3506 5375 τὴν
3546 5306 3720 5377 τομὴν

2130 5386 2162 5460 ἢ
2199 5388 2467 5461 διαίρεσιν
2500 5388 2594 5441 τοῦ
2623 5390 2877 5459 ὀργάνου,
2914 5391 2963 5443 εί
2989 5393 3086 5445 καὶ
3116 5392 3232 5465 τὴνξ
3250 5394 3444 5466 ὀδύνην
3476 5399 3570 5451 ἐπὶ
3599 5399 3694 5452 τού

2128 5497 2243 5544 τοις
2268 5479 2540 5534 πέπονθεν
2576 5480 2609 5551 ἡ
2641 5480 2811 5554 ψυχή.
2855 5481 3001 5554 Πλὴν
3044 5483 3267 5538 πάντων
3297 5486 3503 5555 μᾶλλον
3542 5492 3721 5545 έκεῖνο

2130 5575 2260 5646 ὑμῖν
2284 5591 2485 5645 φαμεν,
2509 5574 2585 5638 ὡς
2628 5577 2677 5627 εἰ
2702 5576 2790 5629 διὰ
2838 5575 2900 5629 rb
2934 5576 3095 5648 φύσει
3126 5577 3337 5644 ἀπαθὲς
3373 5580 3447 5651 μὴ
3476 5584 3750 5652 συντίθε-⁵

2130 5666 2256 5722 σθαι
2290 5669 2357 5738 τῇ
2401 5667 2618 5739 παθητῇ
2661 5668 2821 5737 φύσει
2859 5668 3047 5739 λέγετε
3088 5670 3181 5724 τὸν
3221 5671 3356 5726 Θεὸν
3393 5673 3588 5742 Λόγον,
3631 5675 3745 5728 ἵνα.

2133 5763 2208 5834 μή
2231 5780 2283 5817 τι
2309 5760 2418 5815 τῶν
2446 5760 2856 5831 συμϐαινόντων
2881 5762 3019 5834 αὐτῇ
3052 5763 3243 5818 παθῶν
3274 5766 3638 5837 καταλειφθὲν
3661 5770 3720 5823 ἐν

2133 5859 2271 5930 αὐτῇ
2301 5856 2512 5927 ὑποστῇ
2557 5854 2619 5908 rb
2642 5854 2788 5910 θεῖον
2810 5897 2824 5924 ,
2859 5857 3064 5929 μᾶλλον
3098 5858 3233 5914 αὐτὸ
3257 5859 3625 5933 καθυϐρίζετε
3658 5862 3718 5917 ἐν
