4116 6448
354 433 496 501 1465

1322 428 1724 491 ADVERSUS
1763 428 2321 487 NESTURIANUS.
2353 451 2418 462 —
2451 431 2597 489 LIB.
2638 396 2720 491 ιζ

3474 408 3480 415 ’
3513 436 3648 497 1466

348 548 561 611 τούτοις
580 583 599 611 ,
639 543 788 617 ἥπερ
806 538 1084 610 δοξάζετε.
1113 540 1178 594 Εί
1207 538 1319 609 γὰρ
1349 537 1411 590 τὸ
1466 538 1542 608 μὴ
1573 537 1948 607 συμπαρεῖναι

2056 532 2203 588 inter
2228 534 2374 605 ligna
2404 551 2528 604 quae
2554 536 2947 605 percutiuntur
2982 552 3093 593 non
3128 553 3293 608 posse
3322 539 3500 611 frangi
3526 542 3647 595 exi-

349 641 471 703 ταϊς
522 636 680 700 ὕλαις
705 636 827 699 ταῖς
867 632 1244 699 τυπτομέναις
1283 629 1593 701 ἄθραυστος
1654 629 1683 681 ὁ
1728 628 1947 697 ἀδάμας

351 730 661 801 νομίζεται,
698 727 803 781 οὐκ
863 725 931 780 ἂν
964 725 1081 795 έχοι
1127 724 1190 776 τὸ
1231 722 1541 792 ἄθραυστον
1583 718 1728 775 κατὰ
1761 719 1945 789 φύσιν,

352 821 474 877 ἀλλ’
508 821 576 873 ἐκ
618 816 1039 889 συμϐεϐηκότος
1089 813 1236 869 κατὰ
1288 812 1470 883 φυγὴν
1511 812 1609 866 καὶ
1642 812 1950 865 ἀπόστασιν

349 913 451 985 τὴν
480 909 700 968 ἀπὸτοῦ
733 908 1050 980 θραύοντος,
1069 905 1224 960 ἔσται
1252 903 1405 975 αὐτῷ
1427 906 1489 955 τὸ
1516 902 1618 972 τῆς
1646 901 1950 972 άθραυσίας

354 1004 661 1075 ἐξαίρετον.
688 1000 845 1054 Οὕτω
880 998 937 1051 δὲ
966 997 1193 1052 δυνατὸν
1222 994 1310 1065 εἴη
1355 995 1451 1047 καὶ
1488 994 1589 1065 τὴν
1617 991 1774 1046 ὕελον
1804 992 1951 1063 ἔχειν

354 1099 516 1151 τοῦτο
544 1096 607 1150 τὸ
634 1092 941 1166 ἐξαίρετον,
976 1092 1073 1145 καὶ
1105 1091 1215 1144 πᾶν
1240 1089 1430 1159 ἓτερον
1457 1087 1568 1142 τῶν
1602 1086 1952 1158 σαθροτάτων

360 1189 659 1258 σωμάτων.
701 1186 837 1239 Τότε
883 1184 940 1238 δὲ
981 1182 1186 1254 μᾶλλον
1222 1180 1284 1234 τὸ
1320 1180 1439 1244 ἐνὸς
1486 1179 1696 1242 ἀπαθὲς
1746 1181 1812 1231 ὲκ
1847 1178 1952 1247 φύ-

361 1298 501 1343 σεως
522 1278 981 1349 γνωρισθήσεται,
1011 1276 1061 1328 εί
1089 1276 1204 1335 τοῖς
1234 1270 1632 1341 πληττομένοις
1658 1269 1954 1342 άπλήκτως

364 1371 795 1441 συμπλήττοιτο.
819 1367 928 1419 Καὶ
953 1364 1125 1427 οὕτως
1147 1361 1523 1432 δοκιμασθεὶς,
1556 1360 1783 1424 είκότως
1816 1362 1953 1415 θαυ-

363 1464 590 1536 μάζοιτο
612 1463 677 1517 ἂν
712 1463 741 1515 ό
768 1461 1003 1530 ἀδάμας,
1033 1457 1265 1528 δοκιμὴν
1290 1456 1390 1526 τῆς
1421 1454 1617 1509 ἑαυτοῦ
1650 1455 1866 1524 φύσεως
1896 1454 1954 1505 ὲν

362 1560 431 1627 τῇ
473 1556 694 1627 βασάνῳ
740 1554 837 1608 τοῦ
892 1552 1222 1624 πράγματος
1270 1550 1666 1619 παρεχόμενος.
1719 1546 1954 1616 Ὁμοίως

362 1648 472 1719 γὰρ
518 1647 613 1701 καὶ
646 1646 708 1699 τὸ
746 1645 1040 1714 λεγόμενον
1074 1642 1339 1713 ἀμίαντον
1359 1681 1374 1706 ,
1408 1642 1532 1710 οὐχὶ
1562 1638 1641 1710 τῷ
1671 1639 1748 1710 μὴ
1781 1654 1955 1709 προσ-

362 1740 573 1811 ομιλείν
603 1741 670 1810 τῇ
703 1736 909 1809 πυρείᾳ
937 1734 1099 1805 φύσει
1134 1735 1502 1805 μαρτυρεῖται
1526 1732 1590 1784 τὸ
1627 1730 1905 1785 ᾶκαυστον
1930 1745 1944 1760 ⁸

359 1833 529 1907 (οὔτω
558 1832 669 1904 γὰρ
696 1830 765 1885 ἂν
796 1832 980 1884 πᾶσαν
1013 1828 1148 1899 ὓλην
1179 1828 1274 1882 καὶ⁸
1310 1827 1403 1880 τὸν
1436 1825 1632 1898 χόρτον
1652 1822 1840 1887 αὐτὸν,
1864 1822 1954 1875 δυ-

2054 626 2312 682 stimatur
2361 627 2606 692 adamas,
2647 629 2795 698 quod
2848 645 2957 684 non
2990 631 3165 700 possit
3194 631 3373 702 frangi
3430 648 3496 687 ex
3548 648 3648 686 na-

2056 728 2180 771 tura
2213 732 2325 771 non
2354 717 2543 783 habet,
2570 718 2669 773 sed
2696 734 2766 773 ex
2803 720 3112 786 accidente,
3139 730 3272 791 puta
3305 721 3432 791 fuga
3464 736 3647 775 remo-

2057 806 2319 877 tioneque
2351 824 2384 862 a
2409 808 2721 879 frangente,
2769 810 2879 863 erit
2916 811 2969 865 ei
2997 812 3311 881 specialitas
3359 828 3471 865 non
3512 826 3649 865 con-

2054 897 2368 955 fractionis.
2410 900 2546 954 Item
2575 900 2829 955 eamdem
2877 903 3278 971 specialitatem
3311 910 3499 973 posset
3548 903 3647 956 ha-

2056 990 2191 1046 bere
2240 991 2472 1051 vitrum,
2535 1006 2812 1062 omneque
2874 994 3258 1063 putrissimum
3323 1008 3643 1064 corporum.

2056 1081 2212 1137 Tunc
2238 1083 2411 1153 magis
2442 1082 2724 1152 quoddam
2772 1099 2979 1153 corpus
3027 1086 3374 1155 impassihile
3425 1103 3495 1142 ex
3545 1102 3647 1140 na-

2056 1184 2181 1230 tura
2212 1185 2567 1247 agnoscetur,
2601 1177 2647 1232 si
2674 1194 2800 1232 cum
2828 1180 3115 1247 percussis
3148 1197 3256 1235 non
3280 1184 3647 1251 percutiatur.

2056 1267 2261 1338 Sicque
2290 1268 2584 1338 probatum
2632 1270 3043 1325 admirarentur
3093 1273 3462 1340 adamantem,
3517 1290 3648 1345 pro-

2055 1364 2337 1418 bationem
2381 1379 2496 1420 suae
2537 1365 2714 1435 ipsius
2766 1378 2979 1423 naturae
3033 1369 3088 1422 in
3136 1372 3517 1439 experimento
3568 1373 3650 1426 rei

2055 1460 2414 1530 praebentem.
2450 1460 2721 1516 Similiter
2749 1478 2970 1532 quoque
3003 1465 3282 1520 amiantus
3314 1506 3328 1531 ,
3354 1482 3466 1520 non
3501 1467 3649 1537 quod

2056 1551 2145 1607 his
2170 1568 2293 1622 qua:
2328 1552 2582 1607 comburi
2608 1563 2841 1623 possunt
2872 1570 2980 1609 non
3009 1559 3398 1625 permiscetur,
3432 1558 3559 1612 ideo
3593 1574 3651 1613 se

2057 1644 2312 1699 comburi
2345 1645 2579 1714 nequire
2629 1647 2869 1717 probat;
2905 1648 3017 1719 (sic
3042 1650 3192 1703 enim
3226 1665 3391 1706 omne
3438 1651 3649 1722 lignum

2058 1734 2349 1805 ipsumque
2382 1735 2570 1791 fenum
2602 1753 2714 1791 non
2748 1753 2907 1808 posse
2939 1740 3195 1795 comburi
3229 1741 3337 1796 dici
3387 1741 3648 1813 posset;)

2058 1824 2155 1879 sed
2189 1824 2339 1893 quod
2378 1841 2524 1880 unus
2565 1826 2822 1897 interque
2857 1829 3109 1885 ardentia
3150 1846 3381 1901 corpora
3409 1832 3650 1902 positus,

362 1902 524 1980 νατὸν
562 1902 651 1995 εἴη
693 1922 878 1991 λέγειν
906 1920 1179 1991 άφλεκτον
1201 1918 1248 1990 ·)
1284 1918 1401 1972 ἀλλ’
1445 1918 1531 1971 ὅτι
1563 1918 1658 1970 κα)⁸
1702 1914 1822 1968 ὲνὸν
1855 1912 1953 1967 καὶ

2056 1933 2167 1972 non
2194 1918 2303 1972 illis
2358 1918 2755 1985 inflammatur,
2808 1920 2934 1975 ideo
2978 1923 3179 1977 merito
3209 1924 3364 1978 illum
3396 1924 3654 1979 homines

367 2014 761 2085 συντιθέμενον
806 2014 922 2076 τοίς
969 2010 1284 2081 καιομένοις
1317 2006 1588 2079 σώμασιν,
1617 2006 1676 2059 οὐ
1711 2002 1954 2075 συμφλέ-

359 2125 519 2179 γεται
544 2106 778 2171 τούτοις,
797 2106 888 2159 διὰ
910 2102 1069 2158 τοῦτο
1094 2102 1228 2155 αὐτὸ
1248 2100 1474 2162 είκότως
1506 2094 1950 2169 ὲκπληττόμεθα.

362 2200 488 2255 Ὅτι
521 2199 623 2270 μὲν
652 2193 748 2252 οὖν
784 2198 819 2267 ἡ
856 2194 1154 2264 δεσποτικὴ
1188 2192 1325 2263 σάρξ
1365 2189 1669 2256 πέπονθεν,
1707 2188 1818 2243 ίδού
1856 2188 1953 2241 καὶ

360 2299 395 2368 ἡ
428 2295 686 2365 αἴσθησις
733 2294 849 2356 τοῖς
891 2291 1198 2353 αὐτόπταις
1243 2285 1669 2359 ἐμαρτύρησενο
1713 2286 1797 2338 ὅτι
1842 2282 1953 2337 δὲό

359 2389 535 2459 Λόγος
564 2387 627 2440 ού
669 2383 1090 2457 συμπέπονθεν,
1126 2382 1161 2451 ἡ
1185 2380 1441 2451 ἐνέργεια
1476 2375 1646 2430 αὐτοῦ
1685 2374 1745 2429 εν
1780 2390 1840 2428 τε
1872 2372 1953 2443 τῷ

362 2481 598 2551 πάσχειν
625 2479 719 2532 καὶ
746 2475 890 2548 μετὰ
934 2474 999 2529 τὸ
1039 2472 1216 2535 πάθος
1260 2470 1363 2540 τῆς
1403 2468 1606 2540 σαρκὸς
1640 2464 1809 2519 αὐτοῦ
1851 2481 1953 2518 πε-

363 2569 880 2642 πληροφορήκασιν.
918 2565 995 2619 Οὐ
1038 2562 1149 2635 γὰρ
1192 2561 1260 2616 ἂν
1294 2558 1488 2614 παθὼν
1524 2558 1623 2612 καί¹
1652 2554 1832 2610 θανὼν
1858 2552 1954 2608 καὶ

363 2662 525 2725 αὐτὸς
549 2663 617 2732 τῇ
651 2658 894 2731 θανούσῃ
927 2655 1094 2725 φύσει
1127 2655 1300 2725 ἧγουν
1346 2654 1414 2722 τῇ
1445 2648 1769 2721 ἀνθρωπεία
1808 2644 1955 2717 ζωὴν

361 2756 587 2817 ἔδωκεν,
621 2752 819 2807 ἑαυτὸν
851 2748 1164 2819 ἀναστῆσαι
1206 2743 1658 2815 μαρτυρούμενος
1709 2738 1952 2810 ἀληθῶς.

362 2848 502 2904 Κατ’
531 2847 663 2904 ἄλλο
702 2845 804 2917 μὲν
848 2838 944 2897 οὖν
981 2857 1037 2893 τι
1064 2837 1296 2906 τέθνηκε
1339 2835 1451 2889 τῶν
1498 2837 1557 2888 ὲν
1595 2831 1747 2902 αὐτῷ
1771 2848 1786 2863 ·
1831 2830 1954 2885 κατ’

362 2940 493 2996 ἄλλο
532 2939 590 2995 δέ
619 2957 673 2993 τι
703 2936 816 2991 τῶν
845 2932 1012 2989 αύτοῦ
1035 2972 1053 2999 ,
1082 2929 1193 2997 ζῶν
1229 2929 1324 2982 καὶ
1369 2927 1434 2980 οὐ
1472 2925 1652 2981 θανὼν
1680 2923 1953 2996 Χριστὸς,

362 3034 559 3089 ἑαυτὸν
587 3030 881 3101 ἀνέστησε.

928 3160 1187 3217 ΚΕΦΑΛ.
1230 3158 1341 3212 1Η’.

2051 2011 2350 2065 mirantur.
2408 2010 2647 2067 Carnem
2698 2013 2925 2083 quidem
2982 2013 3200 2070 Domini
3260 2015 3431 2088 igitur
3478 2016 3651 2072 fuisse

2051 2117 2268 2173 passam
2290 2102 2437 2158 oculi
2464 2103 2653 2159 testari
2678 2113 2945 2174 possunt;
2970 2103 3220 2161 Verbum
3236 2122 3371 2163 vero
3391 2123 3503 2163 non
3523 2123 3652 2179 pas-

2052 2210 2175 2250 sum
2191 2210 2334 2261 esse,
2351 2195 2532 2251 virtus
2553 2196 2696 2267 ejus,
2717 2195 2773 2249 in
2798 2196 3055 2266 passione
3079 2206 3314 2268 postque
3334 2200 3651 2268 passionem

2051 2289 2239 2345 carnis
2261 2304 2401 2355 suae,
2443 2288 2845 2344 manifestavit.
2882 2290 3002 2345 Non
3027 2292 3176 2345 enim
3202 2291 3465 2361 patiendo
3486 2301 3652 2361 atque

2052 2379 2345 2434 moriendo
2388 2380 2610 2434 mortali
2656 2390 2872 2435 natura:
2917 2396 3015 2437 seu
3048 2382 3306 2437 humanae
3341 2382 3514 2437 vitam
3557 2383 3655 2438 de-

2052 2470 2249 2536 disset,
2299 2470 2410 2525 nisi
2440 2470 2683 2541 seipsum
2715 2474 3110 2529 suscitaturum
3140 2489 3270 2529 vere
3326 2475 3655 2530 testificatus

2053 2561 2274 2617 fuisset.
2311 2561 2476 2618 Juxta
2514 2563 2666 2618 aliud
2696 2564 2922 2633 quidem
2966 2566 3157 2637 igitur,
3199 2567 3412 2637 aliquid
3451 2567 3653 2621 horum

2053 2669 2178 2724 quae
2200 2654 2257 2708 in
2289 2654 2411 2724 ipso
2440 2663 2602 2710 erant
2621 2666 2906 2712 mortuum
2949 2667 3065 2725 est;
3093 2660 3250 2731 juxta
3293 2674 3430 2714 vero
3478 2658 3651 2725 aliud,

2054 2742 2267 2814 aliquid
2325 2744 2523 2815 ipsius,
2567 2745 2766 2802 vivens
2814 2755 3017 2803 etnon
3073 2750 3317 2806 moriens
3371 2749 3649 2815 Christus,

2055 2836 2303 2906 seipsum
2332 2837 2713 2894 resuscitavit.

2666 3147 2817 3205 CAP.
2852 3150 3041 3205 XVIII.

441 3304 516 3360 Τὸ
550 3300 877 3370 συντεθῆναι
924 3296 1018 3350 τὸν
1066 3293 1201 3347 Θεὸν
1236 3292 1411 3359 Λόγον
1460 3287 1539 3359 τῷ
1580 3286 1640 3354 ἑξ
1677 3284 1835 3357 ἡμῶν
1859 3285 1953 3340 άν-

2128 3282 2275 3339 Deus
2304 3284 2549 3340 Verbum
2598 3284 2847 3340 uniendo
2896 3302 2956 3341 se
3000 3294 3217 3341 naturae
3265 3295 3469 3342 nostra:
3493 3287 3651 3360 juxta

367 3398 573 3471 θρώπῳ
615 3394 740 3449 καθ’
788 3388 1027 3462 ὑμᾶς,ἢ
1074 3385 1239 3440 αὐτὸν
1293 3383 1457 3455 μόνον
1495 3376 1952 3471 εὐηργέτησεν,η

366 3468 457 3546 τὸν
491 3485 536 3560 ᾧ
585 3485 851 3555 συνετέθη
891 3481 1202 3549 ἄνθρωπον,
1251 3477 1303 3547 ἢη
1332 3474 1685 3546 ἀμφοτέρους
1723 3471 1841 3542 ἅμα
1864 3509 1880 3536 ,
1917 3468 1953 3539 ἢ

365 3583 475 3639 οὐδ’
503 3581 697 3637 ἑαυτὸν
727 3577 850 3632 οὐδὲ
884 3576 1120 3637 ἐκεῖνον,
1150 3570 1266 3624 ἀλλ’
1308 3568 1459 3639 ἡμᾶς
1486 3565 1686 3628 αὐτοὺς
1736 3562 1953 3633 μόνους,

366 3678 402 3749 ἢ
430 3676 564 3730 Θεὸν
596 3672 694 3727 καὶ
727 3671 895 3741 ἡμᾶς.
932 3667 1037 3720 Τὸν
1053 3664 1112 3718 δὲ
1147 3663 1207 3727 ἐξ
1228 3662 1386 3734 ἡμῶν
1415 3657 1596 3729 ἐαυτῷ
1627 3654 1956 3749 συντεθέντα

369 3745 657 3839 άνθρωπον
698 3760 976 3833 οὐδαμῶς,
1014 3758 1049 3829 ἢ
1082 3756 1246 3810 αὐτόν
1302 3769 1365 3806 τε
1408 3751 1505 3805 καὶ⁸
1537 3750 1685 3820 ἡμᾶς
1735 3746 1878 3818 ἅμα,
1918 3745 1953 3815 ἢ

366 3864 517 3935 ἡμᾶς
567 3876 628 3913 τε
682 3858 780 3912 καὶ
827 3854 922 3908 τὸν
989 3850 1050 3916 ἐξ
1107 3847 1268 3920 ἡμῶν
1327 3844 1659 3917 ἄνθρωπον,
1705 3841 1842 3895 Θεὸν
1896 3839 1956 3935 δε

366 3930 490 4009 οὐδὲ
538 3952 698 4015 ὅλως.
747 3946 890 4002 Ἀλλ’
917 3947 966 3999 εί
1013 3943 1114 4015 μὲν
1160 3941 1254 3995 τὸν
1295 3938 1427 3992 Θεὸν
1466 3935 1874 4007 εὐηργέτησεν,
1920 3930 1954 4001 ἢ

365 4048 459 4101 τὸν
492 4041 537 4114 ᾧ
571 4042 838 4111 συνετέθη
886 4037 1177 4107 ἄνθρωπον
1223 4033 1420 4102 μόνον,
1473 4028 1507 4100 ἢ
1542 4029 1634 4081 τὸν
1678 4026 1812 4080 Θεὸν
1861 4024 1957 4078 καὶ

364 4139 461 4193 τὸν
483 4136 773 4209 ἄνθρωπον
811 4129 1033 4194 κοινῶς,
1066 4127 1213 4199 ἡμᾶς
1247 4126 1307 4179 δὲ
1340 4121 1559 4186 οὐκέτι,
1593 4118 1712 4182 πῶς
1742 4120 1805 4172 οὐ
1830 4118 1959 4189 ψευ-

367 4233 459 4295 δὲς
485 4230 547 4284 τὸ
568 4228 638 4283 δι’
669 4228 820 4300 ἡμᾶς
852 4224 946 4278 καὶ
973 4222 1063 4276 διὰ
1086 4220 1187 4292 τὴν
1220 4217 1503 4288 ἡμετέραν
1535 4211 1815 4283 σωτηρίαν
1864 4228 1924 4263 σε
1943 4237 1957 4250 -

370 4322 717 4397 σαρκῶσθαι,
767 4321 861 4374 καὶ
889 4314 1220 4385 τεθνηκέναι
1263 4312 1359 4364 τὸν
1408 4309 1616 4379 Κύριον
1654 4306 1818 4377 ἡμῶν
1852 4306 1959 4397 Ἰηέ

369 4396 499 4471 σοῦν
536 4413 775 4485 Χριστόν
798 4427 813 4477 ;
840 4412 906 4465 Et
924 4409 982 4462 δὲ
1010 4407 1160 4479 ἡμᾶς
1189 4404 1391 4466 αὐτοὺς
1425 4400 1608 4472 μόνον,
1630 4400 1665 4472 ἢ
1698 4398 1834 4452 Θεὸν
1863 4396 1958 4451 καὶ

369 4512 540 4583 ἡμᾶς,
574 4508 668 4562 τὸν
688 4506 747 4560 δὲ
785 4504 846 4570 ἐξ
879 4501 1040 4574 ἡμῶν
1077 4499 1365 4583 ἄνθρωπον
1408 4492 1664 4563 οὐδαμῶς
1684 4531 1700 4557 ,
1745 4490 1864 4553 πῶς
1894 4489 1955 4546 οὐ

370 4581 657 4675 κρείττους
684 4600 846 4670 ἡμεῖς
884 4592 1269 4667 βελτιωθέντες
1297 4581 1359 4643 οὗ
1383 4583 1547 4660 ἦμεν,
1572 4585 1670 4640 τοῦ
1707 4586 1768 4651 ἐξ
1797 4583 1955 4675 ἡμῶν
1990 4606 2032 4659 υ

369 4674 659 4763 ἀνθρώπου
718 4685 985 4759 μηδαμῶς
1037 4685 1103 4737 ὲκ
1156 4682 1257 4752 τῆς
1297 4678 1368 4734 δι’
1414 4676 1580 4732 αὐτοῦ
1637 4674 1954 4746 οἰκονομίας

369 4783 857 4858 εὐεργετηθέντοςς
896 4780 972 4834 Οὐ
1019 4778 1129 4848 γὰρ
1174 4773 1431 4843 ἀνενδεὴς
1465 4770 1589 4824 οὐδὲ
1634 4772 1663 4825 ὀ
1701 4768 1763 4833 ἐξ
1798 4767 1955 4839 ἡμῶν

369 4880 658 4951 ἅνθρωπος
700 4874 1073 4934 παντάπασιν,
1115 4868 1239 4923 ἐπεὶ
1292 4867 1389 4920 καὶ
1437 4863 1674 4926 κτιστὸς,
1727 4863 1789 4916 οὐ
1848 4862 1957 4932 μὴν

368 4972 507 5027 ἀλλὰ
524 4972 621 5026 καὶ
647 4968 893 5040 παθητὸς
925 4965 1022 5019 καὶ
1053 4960 1296 5033 φθαρτὸς
1319 4954 1388 5032 ἦν
1411 4957 1552 5011 κατά
1575 4958 1707 5020 τοὺς
1732 4954 1952 5023 σοφούςο

366 5070 418 5123 εί
446 5066 501 5120 δὲ
530 5065 625 5120 καὶ
651 5064 744 5119 τὸν
787 5061 921 5116 Θεὸν
965 5060 1061 5113 καὶ
1094 5056 1187 5110 τὸν
1230 5054 1289 5122 ἐξ
1328 5052 1488 5125 ἡμῶν
1538 5050 1825 5120 ἄνθρωπον
1860 5049 1957 5101 καὶ

371 5160 516 5230 ἡμᾶς
548 5156 773 5223 αὐτοὺς,
812 5151 931 5217 πῶς
966 5152 1027 5205 οὐ
1059 5146 1329 5222 προσδεὴς
1372 5146 1401 5197 ὁ
1440 5143 1572 5207 Θεὸς
1607 5142 1783 5210 Λόγος
1821 5139 1951 5194 καθ’

366 5252 537 5323 ἡμᾶς,
571 5249 668 5303 καὶ⁵
692 5246 836 5301 κατὰ
865 5245 959 5298 τὸν
987 5242 1048 5307 ἐξ
1076 5238 1240 5312 ἡμῶν
1278 5236 1565 5309 ἄνθρωπον
1594 5231 1746 5302 αὐτῷ
1770 5248 1956 5285 συντε-

365 5344 562 5411 θέντας
607 5341 672 5395 Ei
727 5338 785 5393 δὲ
831 5338 983 5409 ἡμᾶς
1009 5351 1070 5387 τε
1106 5331 1202 5385 καὶ
1228 5330 1322 5384 τὸν
1364 5328 1427 5393 ἐξ
1467 5325 1628 5399 ἡμῶν
1667 5324 1956 5397 ἄνθρωπον

364 5433 738 5507 εὐηργέτησεν
776 5429 842 5485 τὸ
894 5425 1221 5496 συντεθῆναι
1244 5422 1336 5476 τὸν
1358 5421 1494 5475 Θεὸν
1537 5418 1711 5487 Λόγον
1763 5416 1842 5489 τῷ
1895 5415 1956 5481 ἐξ

362 5527 525 5599 ἡμῶν
561 5522 841 5597 ἀνθρώπῳ
883 5519 1008 5576 καθ’
1042 5518 1211 5588 ὑμᾶς,
1256 5514 1390 5568 Θεὸν
1434 5513 1491 5566 δὲ
1520 5511 1632 5566 οὐδ’
1662 5510 1801 5574 ὅλως
1831 5508 1954 5564 ἐπεὶ

364 5620 461 5674 καὶ
488 5619 665 5689 πάντη
700 5614 977 5686 ἀνενδεὴς,
1016 5611 1046 5665 ὁ
1077 5608 1401 5682 βουλόμενος
1431 5601 1722 5675 παρελθὼν
1747 5601 1956 5669 λεγέτω

363 5714 501 5784 ἡμῖν
548 5711 603 5764 τί
655 5710 721 5763 τὸ
771 5704 1215 5778 προσγενόμενον
1255 5696 1632 5769 εὐεργέτημω
1677 5695 1712 5766 ἢ
1768 5692 1846 5765 τῷ
1894 5693 1955 5760 ἐξ

366 5803 525 5875 ἡμῶν
561 5801 836 5874 ἀνθρώπῳ
873 5798 908 5870 ἧ
933 5814 1041 5851 τινι
1060 5794 1172 5849 τῶν
1197 5790 1513 5862 κτισμάτων
1543 5790 1608 5843 ὲκ
1635 5787 1738 5857 τῆς
1763 5784 1954 5839 συνθέ-

368 5911 505 5959 σεως
524 5892 619 5948 τοῦ
639 5890 776 5948 Θεοῦ
799 5890 975 5960 Λόγου
991 5888 1087 5944 καὶ
1105 5884 1202 5941 τοῦ
1221 5882 1282 5951 ἐξ
1300 5881 1459 5956 ἡμῶν
1479 5877 1796 5952 ἀνθρώπου·
1814 5877 1955 5950 ὅπερ

2053 3392 2175 3441 vos,
2198 3377 2287 3431 vel
2321 3377 2425 3432 soli
2472 3377 2807 3447 sibimetipsi
2853 3378 3153 3442 benefecit,
3191 3379 3279 3434 vel
3314 3379 3527 3434 homini
3562 3382 3653 3435 cui

2057 3469 2253 3523 unitus
2291 3477 2399 3534 est,
2448 3471 2535 3524 vel
2580 3470 2807 3540 utrique
2840 3471 3029 3537 simul,
3061 3471 3151 3526 vel
3185 3487 3291 3527 nec
3319 3472 3652 3542 sibimetipsi

2057 3577 2164 3617 nec
2194 3562 2296 3627 illi,
2343 3562 2440 3617 sed
2472 3562 2893 3633 nobismetipsis
2920 3563 3074 3629 solis,
3111 3564 3196 3619 vel
3242 3565 3355 3620 Deo
3381 3573 3440 3620 et
3468 3564 3650 3619 nobis.

2062 3651 2395 3721 Neutiquam
2419 3667 2556 3707 vero
2590 3652 2803 3706 homini
2832 3651 3165 3723 sibimetipsi
3202 3656 3381 3717 unito,
3430 3655 3516 3709 vel
3547 3655 3654 3724 ipsi

2055 3746 2329 3816 nobisque
2372 3745 2559 3812 simul,
2601 3745 2688 3800 vel
2721 3745 2884 3801 nobis
2910 3756 2967 3801 et
2996 3746 3210 3801 homini
3238 3763 3305 3803 ex
3344 3747 3508 3803 nobis
3561 3763 3653 3802 as-

2057 3846 2302 3908 sumpto,
2342 3838 2455 3893 Deo
2484 3853 2618 3893 vero
2648 3853 2759 3893 non
2795 3839 3059 3894 totaliter.
3090 3838 3163 3895 At
3190 3839 3234 3894 si
3269 3839 3496 3909 quidem
3538 3840 3653 3894 Deo

2056 3930 2419 3994 benefecerit,
2463 3930 2549 3984 vel
2580 3929 2794 3984 homini
2831 3930 2934 3985 soli
2964 3931 3056 3984 cui
3085 3930 3276 3985 unitus
3326 3930 3516 3995 fuerit,
3562 3930 3651 3985 vel

2057 4022 2171 4076 Deo
2186 4031 2243 4076 et
2268 4020 2480 4075 homini
2512 4020 2911 4085 communiter,
2945 4021 3108 4075 nobis
3133 4036 3268 4075 vero
3299 4020 3649 4090 neutiquam,

2057 4114 2337 4185 quomodo
2364 4129 2477 4168 non
2511 4124 2660 4169 esset
2695 4112 2893 4168 falsum
2927 4121 3154 4184 propter
3182 4129 3286 4169 nos
3329 4120 3386 4169 et
3424 4123 3654 4184 propter

2057 4216 2304 4262 nostram
2331 4206 2568 4261 salutem
2626 4206 2971 4260 incarnatum
3006 4208 3198 4270 fuisse,
3236 4221 3471 4277 esseque
3500 4223 3651 4261 mor-

2060 4309 2216 4356 tuum
2241 4300 2537 4355 Dominum
2576 4306 2831 4353 nostrum
2852 4298 3039 4353 Jesum
3065 4297 3393 4353 Christum?
3434 4297 3491 4353 Si
3520 4313 3653 4353 vero

2058 4392 2221 4447 nobis
2251 4391 2386 4462 ipsis
2426 4397 2662 4453 tantum,
2712 4389 2797 4444 vel
2833 4388 2944 4443 Deo
2975 4399 3033 4444 et
3080 4389 3265 4454 nobis,
3328 4389 3653 4459 neutiquam

2060 4500 2193 4540 vero
2222 4484 2436 4538 homini
2467 4499 2537 4538 ex
2559 4482 2721 4537 nobis
2743 4491 3049 4553 assumpto,
3077 4482 3358 4552 quomodo
3388 4498 3499 4537 non
3538 4498 3657 4538 me-

2059 4577 2231 4632 liores
2254 4577 2405 4633 evasi
2432 4591 2658 4632 eramus
2687 4574 2782 4629 illo
2812 4575 2903 4629 cui
2940 4590 3009 4629 ex
3055 4574 3221 4629 nobis
3258 4582 3546 4644 assumpto
3571 4574 3659 4628 ni-

2061 4670 2140 4723 hil
2178 4668 2435 4725 beneficii
2489 4683 2558 4723 ex
2596 4667 2906 4723 oeconomia
2957 4682 3058 4723 sua
3111 4667 3485 4722 devenisset?
3532 4666 3656 4725 Non

2058 4762 2207 4817 enim
2237 4771 2358 4816 erat
2386 4761 2475 4816 cui
2519 4760 2736 4815 nullum
2788 4774 2931 4829 opus
2964 4758 3161 4814 fuisset
3190 4758 3357 4813 homo
3395 4773 3463 4813 ex
3492 4757 3657 4813 nobis

2058 4855 2213 4911 omni
2256 4856 2423 4910 modo
2456 4863 2794 4925 assumptus,
2848 4853 3124 4924 siquidem
3174 4861 3326 4908 esset
3372 4864 3652 4915 creatura,

2057 4935 2161 5005 nec
2194 4962 2309 5003 non
2341 4946 2625 5019 passibilis
2656 4947 3018 5016 mortalisque
3041 4947 3200 5017 juxta
3253 4944 3553 5015 sapientes.
3593 4944 3650 4999 Si

2058 5056 2193 5097 vero
2236 5055 2460 5111 quoque
2499 5040 2635 5102 Deo,
2660 5038 2873 5093 homini
2931 5054 3000 5092 ex
3042 5038 3207 5091 nobis
3268 5044 3553 5105 assumpto
3585 5050 3651 5091 ac

2058 5131 2496 5203 nobismetipsis,
2533 5131 2814 5201 quomodo
2834 5131 2947 5184 Deo
2964 5129 3148 5184 Verbo
3164 5142 3274 5182 non
3289 5142 3433 5197 opus
3454 5126 3651 5182 fuisset

2057 5225 2220 5280 nobis
2256 5224 2580 5293 hominique
2646 5237 2715 5276 ex
2780 5221 2939 5275 nobis
2990 5227 3275 5289 assumpto
3328 5219 3419 5274 cui
3459 5218 3651 5274 unitus

2057 5317 2183 5372 est?
2224 5316 2281 5371 Si
2312 5330 2445 5370 vero
2478 5314 2642 5368 nobis
2690 5312 3016 5381 hominique
3046 5327 3114 5366 ex
3158 5309 3318 5366 nobis
3360 5318 3649 5378 assumpto

2057 5409 2401 5465 benefecerit
2458 5408 2591 5461 unio
2639 5406 2738 5460 Dei
2787 5404 2956 5461 Verbi
3008 5403 3221 5457 homini
3258 5417 3326 5457 ex
3363 5401 3526 5457 nobis
3554 5417 3648 5457 as-

2058 5510 2277 5573 sumpto
2316 5502 2474 5572 juxta
2515 5514 2635 5561 vos,
2662 5498 2775 5552 Deo
2796 5512 2932 5552 vero
2954 5512 3065 5551 non
3101 5494 3348 5550 totaliter
3373 5494 3646 5565 siquidem

2056 5594 2198 5649 nihil
2228 5592 2307 5647 illi
2356 5607 2497 5664 cpus
2534 5600 2641 5657 est,
2676 5590 2774 5661 qui
2797 5589 3056 5654 voluerit,
3090 5588 3274 5644 obiter
3320 5587 3472 5643 dicat
3509 5586 3647 5657 quid

2058 5684 2315 5743 beneficii
2361 5683 2667 5754 praestitum
2713 5681 2807 5749 sit,
2857 5681 2973 5737 sive
3004 5681 3217 5737 homini
3266 5696 3333 5736 ex
3364 5680 3528 5737 nobis
3556 5695 3648 5737 as-

2059 5789 2302 5853 sumpto,
2349 5779 2467 5834 sive
2500 5777 2720 5833 cuidam
2758 5785 3137 5833 creaturarum
3180 5790 3248 5830 ex
3293 5774 3500 5830 unione
3546 5772 3645 5829 Dei

2056 5876 2223 5934 Verbi
2272 5872 2625 5944 hominisque
2669 5886 2738 5929 ex
2786 5870 2948 5929 nobis
2990 5869 3284 5941 assumpti,
3334 5866 3482 5940 quod
3532 5882 3645 5926 non
