4116 6442
588 388 726 454 1467

1872 404 2177 469 LEONTII
2220 411 2623 476 ΒΥΖΛΝΤΙΝΙ

3710 438 3833 506 1468

584 520 805 581 poterat
838 510 1074 565 transire
1106 511 1161 565 in
1192 510 1374 581 ipsum
1415 522 1472 569 et
1513 530 1615 570 nos
1644 517 1851 587 absque
1883 522 2141 576 essential

586 602 649 624 ___.
689 613 935 624 ὤμω-.
990 604 1223 624 gub”-
1281 604 1450 624 ._-.__-
1504 623 1510 624 ,
1582 608 1595 620 .
1762 609 1816 624 η.

2272 527 2347 624 pii)
2382 528 2617 624 ἠδύνατο
2642 533 2945 593 διαϐαίνειν
2973 541 3056 605 είς
3095 560 3154 597 τε
3193 546 3354 604 αὐτὸν
3388 552 3483 604 καὶ
3517 553 3681 624 ἡμᾶς,
3714 558 3831 611 ἄνευ

582 602 650 657 ad
688 613 949 673 utrosque
989 604 1227 659 invicem
1280 604 1455 674 ipsius
1501 608 1727 663 unione.
1762 609 1819 663 Si
1860 625 1991 666 vero
2022 614 2163 669 nihil

580 695 877 749 dicendum
908 696 1115 750 habent
1158 696 1485 767 (sufﬁciebat
1508 700 1658 754 enim
1694 701 2029 759 intercessus
2057 706 2161 759 ho-

583 785 748 839 minis
791 802 859 839 ex
914 786 1073 840 nobis
1127 789 1417 858 assumpti,
1463 791 1549 844 vel
1606 791 2014 861 beneplacitum
2062 796 2159 852 Dei

580 876 745 929 Verbi
777 877 1051 946 hujusque
1079 878 1228 932 modi
1258 880 1480 935 unionis
1510 880 1750 938 dualitas
1774 892 1835 938 ut
1856 886 2018 941 nobis
2043 903 2164 942 om-

577 966 666 1022 nis
694 968 1071 1037 cujuscunque
1122 970 1378 1025 beneficii
1420 988 1584 1028 causa
1613 986 1833 1041 essent.
1867 978 2159 1049 ipsumque

578 1062 934 1114 ostenderent
977 1077 1170 1116 rursus
1203 1062 1485 1132 Optimum
1531 1066 1938 1139 Dominumque
1978 1071 2160 1127 omnis

577 1162 865 1219 creatura},
908 1153 965 1207 in
1001 1169 1293 1223 personam
1330 1156 1427 1211 Dei
1464 1157 1649 1223 Verbi,
1686 1175 1797 1229 quo
1829 1163 1969 1216 nihil
2000 1179 2160 1219 vene-

578 1244 813 1298 rabilius
841 1245 988 1313 quod
1026 1246 1082 1298 in
1125 1254 1382 1300 naturam
1418 1257 1661 1303 creatam
1700 1251 1907 1307 intrare
1936 1256 2155 1324 possit),

575 1338 855 1408 quomodo
901 1340 1176 1409 superflua
1220 1348 1279 1393 et
1326 1354 1467 1394 vana
1494 1356 1603 1395 non
1631 1346 1739 1398 erit
1765 1345 1861 1400 Dei
1891 1346 2056 1403 Verbi
2087 1349 2156 1404 ad

576 1442 831 1485 naturam
882 1440 1126 1484 nostram
1178 1431 1311 1486 unio
1354 1433 1703 1501 praedicata?
1753 1438 1861 1492 Sed
1906 1440 1952 1494 si
2017 1441 2156 1497 nihil

576 1521 773 1576 inutile
818 1538 921 1577 nec
951 1539 1151 1576 vanum
1182 1524 1295 1594 agit
1327 1524 1493 1591 Deus,
1538 1542 1649 1581 non
1677 1543 1809 1600 ergo
1847 1530 1994 1586 Deus
2020 1532 2155 1587 Ver-

575 1614 708 1669 bum
742 1625 952 1671 natura:
988 1626 1189 1671 nostra:
1227 1617 1417 1672 unitus
1450 1626 1556 1673 est.

643 1794 762 1849 Prae
792 1795 1219 1866 cogitationibus
1244 1800 1542 1867 angustatl,
1590 1798 1777 1852 omnia
1802 1814 2033 1869 quaeque
2064 1799 2153 1855 fila

569 1888 732 1943 nobis
782 1889 1115 1954 volveratis,
1156 1890 1454 1958 phrasibus
1509 1905 1659 1944 nunc
1701 1891 1979 1945 evolvitis.

571 1980 705 2034 illud
736 1981 1070 2035 moneamini
1114 1997 1128 2034 :
1165 1981 1228 2034 In
1262 1980 1597 2051 multiloquio
1630 1998 1735 2036 non
1772 1982 1937 2035 deerit
1970 1999 2156 2052 pecca-

569 2079 681 2123 tum
704 2071 769 2124 ¹⁶.
813 2070 943 2137 Quae
972 2072 1120 2126 enim
1164 2070 1343 2137 vobis,
1380 2072 1659 2142 inquistis,
1691 2073 1856 2143 hujus
1883 2074 2153 2145 multipli-

568 2163 651 2218 cis
684 2162 976 2218 divisiunis
1002 2174 1121 2219 erat
1151 2164 1363 2219 utilitas
1390 2166 1412 2218 ?
1443 2165 1569 2230 Cui,
1609 2165 1817 2235 quibus
1844 2174 1902 2220 et
1925 2166 2016 2221 cui
2051 2166 2155 2222 be-

567 2256 907 2326 neplacitum
951 2259 1275 2313 (economize
1328 2258 1530 2313 divina:
1581 2258 1997 2328 profuit?Cum
2052 2274 2156 2316 nos

566 2358 760 2418 aperte
790 2357 955 2419 atque
997 2350 1268 2405 audenter
1299 2352 1405 2406 hoc
1450 2352 1610 2406 vobis
1665 2353 1995 2422 simpliciter
2039 2354 2152 2408 cla-

567 2458 805 2507 mamus,
852 2457 964 2495 non
1004 2451 1234 2511 propter
1265 2442 1507 2511 aliquem
1555 2442 1610 2495 in
1650 2442 1756 2497 hoc
1805 2442 2155 2499 benefactum

569 2540 680 2586 tam
704 2533 1013 2587 studiosum
1040 2532 1283 2586 divinam
1307 2541 1560 2585 naturam
1589 2542 1793 2587 nostra:
1811 2533 1960 2587 uniri
1984 2534 2156 2590 fuisse

567 2625 889 2693 dignatam;
944 2623 1050 2677 hoc
1089 2622 1237 2676 enim
1290 2621 1479 2676 dicere
1528 2623 1616 2676 vel
1660 2624 1907 2693 cogitare
1950 2623 2098 2677 absit
2124 2638 2155 2677 a

566 2730 901 2785 quocunque
953 2713 1179 2767 homine
1236 2714 1357 2783 pio!
1409 2712 1517 2767 Sed
1583 2722 1809 2782 propter
1855 2714 2154 2767 maximum

565 2805 913 2860 solummodo
977 2804 1329 2858 benefactum
1400 2803 1577 2875 ipsius
1634 2804 1690 2857 in
1744 2819 1890 2869 nos,
1974 2804 2156 2860 incar-

564 2896 720 2951 natio
770 2896 946 2966 ipsius
980 2894 1123 2950 facta
1151 2905 1269 2961 est;
1305 2894 1380 2948 ita
1438 2903 1500 2949 ut
1538 2893 1684 2949 facta
1725 2894 1895 2950 fuerit
1942 2895 2154 2951 homini

564 2989 853 3044 Dominico
885 2994 1143 3057 tanquam
1168 2985 1495 3041 delibationi
1517 2984 1770 3044 humanae
1799 3001 2010 3053 massae,
2041 2987 2157 3057 pri-

565 3079 847 3150 mogenito
904 3079 1207 3133 multorum
1250 3076 1488 3132 fratrum
1553 3076 1835 3148 capitique
1898 3078 2153 3148 corporis

565 3171 847 3235 Ecclesiae,
900 3169 1168 3242 primario
1238 3168 1503 3239 primaria
1556 3169 1937 3238 assumptione
1985 3178 2152 3240 atque

563 3261 905 3328 immediate,
943 3261 1150 3316 unione
1201 3260 1583 3331 omnipotente
1638 3260 1818 3331 ipsius
1868 3260 1939 3316 ad
1996 3261 2146 3316 illam
2176 3245 2222 3307 ε

563 3368 663 3423 per
681 3351 1018 3423 hypostasim
1046 3352 1105 3406 in
1133 3359 1389 3407 naturam
1411 3352 1715 3422 propriam,
1731 3354 2038 3409 secundum
2064 3354 2145 3410 di-

563 3445 731 3499 vitias
753 3443 1073 3513 apotheosis
1100 3442 1540 3515 [deificationis],
1559 3459 1661 3514 pro
1678 3444 1885 3500 unione
1900 3444 2052 3500 illius
2071 3443 2143 3500 ad

563 3539 769 3603 Deum;
798 3544 857 3592 ut
895 3536 953 3591 in
999 3546 1257 3593 caeteram
1282 3537 1579 3592 humanam
1608 3552 1847 3593 massam
1878 3545 2143 3593 caeteros-

559 3645 672 3700 que
704 3629 904 3685 l'ratres
941 3644 1011 3684 ex
1044 3628 1257 3685 semine
1282 3629 1597 3698 Abraham,
1636 3639 1804 3700 atque
1842 3629 1900 3685 in
1936 3644 2142 3700 corpus

563 3719 862 3785 Ecclesia,
918 3718 1288 3786 secundario,‘;
1324 3718 1746 3789 participatione
1789 3717 2141 3788 mediateque

563 3811 829 3867 transiret
845 3809 1151 3867 secundum
1205 3810 1509 3881 potentiam
1566 3811 1690 3881 ejus
1732 3825 1832 3881 per
1876 3811 2139 3866 unionem

555 3908 715 3979 juxta
748 3915 1003 3960 naturam
1038 3904 1108 3960 ad
1159 3904 1401 3975 primum
1460 3911 1806 3974 assumptum
1858 3918 1928 3959 ex
1976 3903 2139 3959 nobis

561 3996 842 4053 hominem
888 3996 1261 4061 Dominicum,
1313 4004 1579 4065 tanquam
1625 4008 1692 4049 ex
1739 3994 1914 4067 ipsius
1934 4010 2133 4059 massa,

556 4090 661 4144 etsi
678 4088 1093 4153 delibationem,
1110 4096 1368 4158 tanquam
1383 4085 1609 4141 fratrem
1636 4085 2005 4157 unigenitum,
2031 4086 2137 4141 etsi

558 4183 984 4253 primogenitum
1020 4180 1307 4251 ipsiusque
1345 4179 1620 4249 corporis,
1648 4180 1753 4234 etsi
1780 4186 1946 4248 caput
1974 4178 2137 4235 nobis

555 4271 832 4338 dividens,
875 4286 1048 4327 unum
1095 4269 1303 4326 factum
1336 4267 1696 4323 mediatorem
1727 4268 1824 4324 Dei
1856 4276 1914 4324 et
1957 4268 2138 4324 homi-

552 4378 714 4430 num,
737 4362 1019 4419 hominem
1040 4360 1318 4419 Christum
1334 4360 1521 4418 Jesum
1540 4360 1835 4417 Dominum
1858 4368 2131 4416 nostrum.

625 4646 686 4703 Si
707 4646 892 4703 adhuc
916 4645 1189 4712 dixeritis,
1207 4654 1407 4702 natura
1426 4653 1731 4714 assumpta,
1756 4645 1970 4701 nullum
1990 4662 2132 4717 opus

552 4734 725 4793 fuisse
773 4737 886 4791 Deo
933 4737 1021 4791 cui
1076 4752 1145 4791 ex
1193 4736 1286 4791 illa
1334 4736 1474 4790 nihil
1515 4735 1807 4806 profuerit,
1849 4747 2016 4809 atque
2062 4753 2133 4794 ex

554 4829 651 4884 illo
679 4829 890 4899 aliquid
928 4828 1220 4884 dedecoris
1265 4836 1323 4883 et
1352 4827 1714 4899 turpitudinis
1742 4829 1796 4884 in
1830 4829 2008 4900 ipsum
2039 4847 2131 4888 re-

550 4921 825 4987 dundare,
851 4921 1009 4977 vobis
1039 4921 1293 4983 dicemus
1320 4939 1335 4977 :
1384 4921 1502 4976 haec
1524 4929 1610 4976 est
1637 4933 1849 4978 naturae
1877 4923 2132 4979 humanae

548 5013 850 5080 deificatio,
897 5030 997 5084 per
1044 5029 1211 5083 quam
1246 5012 1560 5085 huiusmodi
1593 5013 1896 5069 bonitatem
1923 5014 2127 5070 libera-

548 5105 769 5176 lemque
816 5104 1116 5175 potentiam
1151 5103 1394 5175 seipsum
1446 5103 1653 5160 habere
1691 5105 1900 5159 mundo
1940 5113 2127 5160 osten-

550 5207 695 5259 tans,
734 5197 906 5267 magis
935 5212 1002 5251 ac
1025 5196 1200 5267 magis
1230 5195 1569 5266 gloriﬁcatur
1595 5202 1651 5251 et
1671 5204 1886 5250 amatur
1912 5196 1983 5251 ab
2008 5211 2125 5251 om-

546 5284 715 5340 nibus
740 5285 838 5355 qui
861 5284 1024 5340 nobis
1040 5293 1265 5355 propter
1284 5301 1387 5340 nos
1420 5286 1610 5339 unitus
1628 5293 1715 5341 est
1742 5286 1888 5341 Deus
1899 5295 2120 5355 noster;

547 5375 774 5441 haecque
816 5387 903 5431 est
931 5386 1114 5431 tamen
1154 5392 1319 5432 causa
1344 5375 1501 5448 juxta
1534 5376 1822 5431 stultitiam
1857 5387 2122 5444 vestram,

544 5482 646 5523 cur
674 5484 778 5523 nec
805 5484 907 5537 per
933 5469 1177 5538 seipsum
1208 5474 1455 5537 tempore
1486 5467 1678 5537 prima:
1714 5469 2008 5525 creationis
2036 5471 2123 5540 ip-

544 5573 667 5612 sum
702 5559 981 5614 hominem
1022 5565 1315 5614 creaturus
1341 5557 1557 5614 fuisset.
1612 5558 1719 5614 Sed
1766 5561 2122 5630 quemadmo-

542 5646 673 5703 dum
711 5664 747 5704 e
774 5658 920 5704 terra
948 5651 1033 5704 vel
1063 5648 1225 5719 aquis
1251 5648 1490 5707 educere
1528 5652 1723 5706 statuit
1756 5652 1967 5722 plantas
1992 5653 2121 5710 her-

611 5824 658 5856 "
685 5828 849 5886 Prov.
873 5848 950 5898 ιιι,
986 5833 1066 5886 19.

2266 614 2369 708 τῆς
2393 618 2685 686 οὐσιὼδους
2722 626 2892 680 αὐτοῦ
2932 631 3071 700 πρὸς
3116 634 3385 707 ἀλλήλους
3428 614 3747 708 συνθέσεως.
3774 648 3833 700 El

2265 706 2321 803 δὲ
2354 709 2504 803 οὐδὲν
2528 710 2747 781 ἔχουσιν
2775 719 2951 771 είπεῐν
2994 724 3178 794 (ἢρκει
3208 706 3316 800 γὰρ
3340 732 3373 799 ἡ
3402 735 3649 801 μεσιτεία
3670 706 3760 790 τοῦ
3781 740 3836 803 ὲξ

2264 801 2423 896 ἡμῶν
2444 804 2740 877 ἀνθρώπου
2782 812 2817 882 ἦ
2850 830 2911 865 τε
2944 815 3165 872 εὐδοκία
3196 821 3291 874 τοῦ
3335 824 3470 879 Θεοῦ
3509 828 3705 896 Λόγου,
3746 801 3837 884 καί

2260 893 2601 990 τῆςᾼτοιᾶσδε
2641 901 2946 968 συνθέσεως
2970 906 3093 977 δίχα
3111 948 3127 974 ,
3157 912 3252 965 καὶ
3281 915 3414 984 ἡμῖν
3440 893 3727 987 παραίτιον
3752 939 3839 990 γε·

2261 984 2451 1078 νέσθαι
2478 991 2685 1055 παντὸς
2712 995 3025 1053 οὑτινοσοῦν
3063 984 3533 1078 εὐεργετήματος,
3561 1012 3656 1065 καὶ
3682 984 3839 1070 αὐτὸν

2260 1077 2544 1177 ἀποδεῖξαι
2608 1084 2773 1140 πάλιν
2815 1090 3103 1160 κρείττονα
3151 1098 3245 1150 καὶ
3294 1102 3575 1173 Δεσπότην
3622 1105 3836 1177 ἀπάσης

2257 1171 2395 1265 ὁμοῦ
2434 1174 2538 1243 τῆς
2577 1177 2833 1244 κτίσεως,
2890 1184 2971 1247 είς
2998 1187 3297 1258 πρόσωπον
3327 1193 3422 1247 τοῦ
3470 1171 3610 1249 Θεοῦ
3638 1171 3831 1265 Λόγου,

2257 1258 2432 1336 οὗπερ
2467 1268 2622 1323 οὐδὲν
2653 1273 2980 1345 τιμιώτερον
3005 1316 3022 1341 ,
3056 1281 3137 1344 είς
3162 1284 3392 1355 κτιστὴν
3427 1288 3596 1357 φύσιν
3627 1258 3832 1345 διςιϐαίζ

2256 1374 2372 1413 νειν
2399 1359 2742 1433 δυνάμενον),
2782 1366 2901 1429 πῶς
2934 1369 3037 1422 οὐκ
3080 1370 3233 1427 ἐσται
3264 1378 3499 1449 περιττὴ
3527 1382 3622 1434 καὶ
3653 1382 3831 1437 είκαία

2255 1450 2351 1505 τοῦ
2389 1452 2526 1546 Θεοῦ
2556 1456 2734 1525 Λόγον
2760 1458 2896 1529 πρὸς
2916 1462 3010 1516 τὸν
3039 1464 3099 1529 ἐξ
3128 1467 3286 1537 ἡμῶν
3314 1470 3623 1542 ἄνθρωπον,
3653 1475 3689 1546 ή
3715 1477 3831 1530 ἑπι-

2256 1543 2609 1640 φημιζομένη
2652 1547 2941 1617 σύνθεσις;
2983 1554 3127 1609 Ἀλλ’
3170 1559 3220 1611 εί
3264 1562 3445 1633 μάτην
3478 1581 3537 1616 τε
3567 1543 3828 1640 καὶνείκῆ

2258 1637 2461 1728 ποιεῐγό
2494 1638 2629 1702 Θεὸς
2652 1640 2809 1696 οὐδὲν
2832 1683 2847 1709 ,
2877 1645 2991 1699 οὐδ’
3016 1647 3126 1720 ἀρα
3156 1652 3423 1725 συνετέθη
3447 1656 3476 1709 ὁ
3504 1655 3637 1721 Θεὸς
3669 1637 3836 1728 Λόγος

2254 1724 2335 1796 τῷ
2364 1727 2423 1791 ἐξ
2446 1728 2601 1800 ήμῶν
2625 1731 2923 1804 ἀνθρώπῳ.

2330 1818 2456 1882 Τοῖς
2478 1822 2749 1892 νοήμασιν
2778 1825 3255 1895 ἀποστενωθέντες
3279 1826 3369 1888 οἷά
3398 1852 3521 1890 τινα
3544 1836 3711 1909 ἐρίων
3736 1856 3835 1911 μη-

2024 1891 2153 2002 ill-30
2183 1906 2225 1962 Β
2255 1908 2475 1980 ρύματα
2501 1891 2925 1982 καταξαίνοντες
2945 1920 3103 1991 ἡμῖν,
3122 1891 3247 1977 νυνί
3262 1928 3384 1991 ταῖς
3404 1891 3612 1993 λέξεσιιν
3634 1891 3836 2002 ἐμπλα-

2254 2002 2503 2095 τύνεσθε.
2543 2007 2635 2061 Διὸ
2680 2008 2773 2072 τὸ,
2837 2011 2935 2066 Ἐκ
2971 2018 3349 2087 πολυλογίας
3394 2024 3506 2076 οὐκ
3570 2024 3831 2095 ἐκφεύξῃ

2254 2090 2571 2185 ἁμαρτίαν,
2596 2095 2934 2185 Ϋὲπαϊοιτε.Τ
2940 2100 2956 2152 ί
2978 2102 3089 2174 γάρ
3112 2104 3348 2177 sum,
3381 2111 3596 2185 είπατε,
3630 2090 3833 2185 ταύτης

2254 2180 2413 2251 χρεία
2461 2177 2530 2252 ἦν
2553 2184 2658 2255 τῆς
2691 2186 3050 2261 πολυσχιδοῦς
3095 2182 3446 2265 διαιρέσεωςς
3483 2199 3580 2263 Είς
3624 2177 3833 2257 τίνα

2254 2274 2350 2326 καὶ
2388 2273 2540 2339 τίνας
2576 2278 2671 2331 καὶ
2714 2279 2841 2334 τίνα
2873 2282 3071 2351 γέγονε
3120 2285 3191 2339 τά
3219 2288 3321 2357 τῆς
3368 2289 3696 2363 εὐεργεσίας
3738 2295 3834 2364 τῆς

2254 2365 2409 2430 θείας
2440 2369 2788 2441 οίκονομίας;
2824 2372 3018 2445 Ἥμῶν
3053 2378 3403 2445 εὐσυνόπτως
3431 2384 3524 2437 καὶ⁵
3551 2387 3833 2457 παρρησίᾳ

2252 2458 2411 2512 τοῦτο
2440 2461 2570 2531 ὑμῖν
2616 2463 2803 2530 ἅπλῶς
2838 2465 3112 2536 βοώντων,
3140 2470 3223 2525 ὃτι
3261 2472 3324 2526 οὐ
3362 2474 3453 2528 διά
3479 2492 3606 2530 τινα
3639 2480 3722 2541 είς
3745 2478 3833 2531 αὐ-

2252 2551 2353 2621 τὴν
2380 2554 2763 2611 συντείνουσαν
2812 2558 3136 2632 εὐεργεσίαν
3168 2564 3202 2636 ή
3233 2563 3353 2620 θεία
3398 2566 3564 2636 φύσις
3601 2572 3673 2641 τῇ
3703 2571 3830 2641 ἠμε-

2252 2642 2389 2713 τέρᾳ⁸
2433 2646 2752 2717 συντεθῆναι
2798 2651 3164 2719 κατεδέξατοο
3216 2655 3377 2711 τοῦτο
3422 2658 3534 2729 γὰρ
3570 2659 3755 2728 λέγειν
3793 2660 3826 2730 ἢ

2253 2735 2395 2787 νοεῖν
2422 2736 2498 2806 μὴ
2540 2737 2752 2804 γένοιτό
2813 2756 2921 2793 τινι
2952 2742 3061 2795 τῶν
3087 2742 3393 2799 θεοσεϐὦν·
3427 2748 3563 2803 ἀλλὰ
3601 2751 3692 2805 διὰ
3733 2750 3827 2820 τὴν

2253 2824 2313 2892 ἐξ
2332 2825 2504 2897 αὐτῆς
2536 2829 2616 2892 είς
2643 2829 2792 2899 ἡμᾶς
2819 2833 2980 2901 μόνον
3042 2835 3309 2907 μεγίστην
3337 2840 3689 2910 εὐεργεσίαν,
3738 2844 3826 2909 γέ-

2252 2932 2409 2985 γονεν
2425 2918 2599 2988 αὐτῆς
2630 2921 2665 2990 ἡ
2687 2922 3102 2995 ὲνανθρώπησις
3118 2944 3133 2959 ·
3174 2927 3315 2982 ὥστε
3351 2932 3602 3000 γενέσθαι
3628 2935 3710 3006 τῷ
3734 2935 3826 3005 μὲν

2254 3008 2523 3081 Κυριακῷ
2544 3010 2818 3084 ἀνθρώπῳ
2846 3013 2921 3080 ὡς
2950 3016 3173 3089 ἀπαρχῇ
3200 3018 3295 3073 τοῦ
3320 3022 3667 3092 ἀνθρωπίνου
3732 3043 3826 3095 φυ-

2254 3097 2501 3169 ράματος
2540 3101 2639 3155 καὶ
2688 3105 3020 3177 πρωτοτόκῳ
3052 3109 3164 3163 τῶν
3192 3111 3403 3165 πολλῶν
3437 3115 3686 3184 ἀδελφῶν
3737 3116 3826 3170 καὶ

2251 3190 2462 3262 κεφαλῇ
2499 3190 2596 3246 τοῦ
2625 3192 2728 3263 τῆς
2775 3195 3102 3268 Ἐκκλησίας
3142 3200 3416 3272 σώματος,
3458 3204 3695 3276 πρώτως
3735 3206 3825 3261 καὶ

2249 3282 2610 3354 πρωτοδόχως
2637 3286 2732 3340 καὶ
2786 3286 3010 3358 ἀμέσως
3065 3290 3155 3345 διά
3191 3292 3316 3347 καθ’
3364 3294 3667 3350 ὑπόστασιν
3696 3297 3824 3368 πρὸς

2248 3373 2413 3428 αὐτὸν
2438 3378 2917 3451 συνανακρατικῆς
2940 3379 3189 3445 ἑνώσεως
3215 3384 3411 3457 αὐτῆς,
3447 3387 3529 3452 είς
3583 3388 3688 3461 τὴν
3727 3389 3821 3443 ίδι-

2248 3464 2351 3537 κὴν
2390 3466 2556 3537 φύσιν
2605 3468 2796 3537 αὐτοῦ,
2835 3470 2927 3525 τὸν
2956 3472 3187 3529 πλοῦτον
3228 3476 3325 3547 τῆς
3384 3477 3725 3544 ἑκθεώσεως,
3761 3480 3820 3533 ὲκ

2244 3558 2347 3625 τῆς
2385 3558 2527 3629 πρὸς
2554 3559 2689 3615 Θεὸν
2717 3563 2998 3631 συμφυΐας
3016 3579 3031 3595 ο
3056 3565 3137 3629 είς
3167 3564 3227 3618 δὲ
3254 3565 3315 3619 τὸ
3351 3566 3537 3621 λοιπὸν
3593 3571 3696 3639 τῆς
3734 3569 3819 3622 ἀν-

2246 3648 2601 3722 θρωπότητος
2621 3652 2854 3724 φύραμα
2883 3655 2980 3709 καὶ
3009 3655 3138 3722 τοὺς
3167 3657 3390 3724 λοιποὺς
3421 3659 3685 3729 ἀδελφοὺς
3700 3661 3818 3724 τοὺς

2244 3740 2312 3795 ὲκ
2340 3742 2656 3814 σπέρματος
2686 3745 2960 3817 Ἀϐραὰμ,
3010 3748 3107 3802 καὶ
3143 3748 3207 3803 τὸ
3255 3750 3415 3822 σῶμα
3451 3752 3551 3822 τῆς
3595 3753 3817 3822 Ἐκκλη-

2246 3834 2389 3899 σίας,
2417 3833 2691 3905 δευτέρως
2711 3836 2808 3889 καὶ
2839 3838 3263 3910 μεταληπτικῶς
3294 3845 3390 3896 καὶ⁵
3416 3843 3679 3913 ὲμμέσως
3704 3844 3815 3899 δια·

2243 3924 2404 3995 ϐῆναι
2427 3924 2497 3979 τά
2523 3926 2624 3993 τῆς
2668 3926 3004 3998 ὐπεργεσίας
3035 3930 3125 3985 διὰ
3153 3931 3257 4003 τῆς
3316 3934 3460 3988 κατά
3491 3934 3658 4003 φύσιν
3691 3934 3813 3988 ἑνώ-

2243 4033 2403 4081 σεως,
2429 4016 2531 4087 τῆς
2559 4018 2698 4089 πρὸς
2722 4021 2816 4072 τὸν
2844 4020 3063 4090 πρῶτον
3098 4023 3533 4096 εὐεργετηθέντα
3579 4028 3639 4095 ἐξ
3665 4026 3813 4098 ὴμῶν

2240 4109 2522 4181 κυριακὸν
2536 4108 2843 4179 ἄνθρωπον,
2876 4112 2952 4177 ὡς
2989 4115 3054 4168 ἐκ
3082 4115 3176 4168 τοῦ
3203 4116 3368 4171 αὐτοῦ
3418 4120 3743 4191 φυράματος
3766 4119 3813 4172 εί

2239 4203 2336 4256 καὶ
2352 4202 2629 4273 ἀπαρχὴν,
2662 4204 2757 4256 καὶ
2784 4204 2861 4264 ὡς
2895 4204 3125 4276 ἀδελφὸν
3171 4210 3436 4279 μονογενῆ
3466 4211 3515 4263 εί
3544 4214 3643 4265 καὶ
3670 4228 3811 4283 πρω-

2238 4293 2480 4357 τότοκον,
2542 4294 2638 4349 καὶ
2673 4295 2767 4348 τοῦ
2806 4295 2974 4350 αὐτοῦ
3030 4298 3283 4369 σώματος
3341 4302 3391 4354 εί
3426 4302 3521 4356 καὶ
3576 4303 3809 4372 κεφαλὴν

2237 4384 2368 4437 ὅντα
2385 4384 2479 4438 τὸν
2504 4388 2906 4455 μεσιτεύσαντα
2934 4390 3089 4460 ἡμῖν,
3116 4390 3213 4444 ἕνα
3237 4392 3466 4462 μεσίτην
3482 4394 3810 4464 τυγχάνοντα

2237 4474 2374 4528 Θεοῦ
2408 4478 2501 4529 xal.
2527 4477 2853 4549 ἀνθρώπων,
2885 4480 3172 4550 ἄνθρωπον
3213 4484 3451 4555 Χριστὸν
3488 4483 3698 4557 Ἰησοῦν
3721 4485 3808 4539 τὸν

2163 4598 2208 4654 D
2237 4566 2443 4637 Κύριον
2475 4569 2655 4639 ἡμῶν.

2308 4656 2378 4710 Εἴ
2402 4674 2467 4727 γε
2487 4654 2582 4713 οῦν
2606 4675 2767 4728 φατε,
2810 4660 2894 4716 ὅτι
2923 4662 3021 4727 Τίς
3053 4661 3150 4719 οῦν
3178 4665 3337 4737 χρεία
3387 4661 3459 4739 ἦν
3491 4667 3805 4739 συντεθῆναι

2236 4747 2331 4803 τὸν
2384 4748 2552 4820 μηδὲν
2597 4750 3031 4825 εὐεργετηθέντα
3080 4755 3215 4811 Θεὸν
3262 4760 3330 4829 τῇ
3388 4758 3804 4832 εὐεργετηθείσῃ

2237 4836 2422 4907 φύσει,
2445 4838 2543 4893 καὶ
2568 4841 2636 4894 εκ
2659 4840 2852 4896 τούτου
2885 4842 3094 4909 ἀδοξεῖν
3110 4846 3204 4900 καὶ
3232 4846 3634 4919 ἀτιμάζεσθαις
3656 4848 3806 4921 ἐροῦ-

2240 4942 2340 4998 μεν
2370 4928 2537 4999 ὐμῖν,
2556 4928 2633 4994 ὡς
2673 4930 2740 4984 Ἦ
2770 4931 2881 4987 τῶν
2904 4932 3380 5007 εὐεργετουμένων
3418 4938 3638 5003 θεώσις,
3662 4934 3803 5011 δι’ἧς

2230 5017 2499 5090 τοσαύτην
2524 5019 2839 5093 ἀγαθότητα
2875 5024 2971 5078 καὶ
3020 5025 3250 5096 δύναμιν
3280 5027 3633 5102 εὐεργετικὴν
3664 5032 3802 5101 ἔχειν

2230 5107 2424 5164 ἑαυτὸν
2452 5109 2827 5182 θριαμϐεύσας
2860 5114 2939 5185 τῷ
2971 5116 3185 5187 κόσμῳ,
3216 5118 3417 5189 μᾶλλον
3464 5121 3562 5173 καὶ
3608 5121 3800 5191 μᾶλλον

2228 5198 2512 5265 δοξάζεταί
2547 5219 2609 5254 τε
2658 5203 2754 5257 καὶ⁵
2789 5206 3071 5274 ἀγαπᾶται
3101 5210 3255 5281 παρά
3300 5212 3519 5267 πάντων
3548 5213 3578 5265 ὁ
3624 5227 3800 5265 συντεσ

2229 5290 2342 5355 θεὶς
2365 5293 2497 5363 ἡμῖν
2524 5292 2594 5346 δι’
2614 5294 2762 5365 ἡμᾶς
2783 5296 2917 5361 Θεὸς
2935 5299 3092 5369 ἡμῶν
3111 5317 3126 5333 ο
3156 5303 3253 5356 καὶ
3274 5302 3411 5375 αὕτη
3440 5304 3541 5374 μὲν
3565 5306 3599 5376 ἡ
3633 5306 3795 5369 αίτία,

2226 5382 2377 5452 ὅμως
2397 5385 2538 5438 κατά
2559 5387 2766 5458 ταύτην
2795 5388 2950 5458 ὑμῶν
2969 5391 3068 5463 τὴν
3091 5393 3373 5462 ἀπόνοιαν,
3397 5396 3523 5451 οὐτε
3541 5398 3798 5469 δημιουρ-

2228 5478 2347 5544 γεῖν
2380 5476 2485 5529 ἔδει
2517 5477 2679 5531 αὐτὸν
2700 5479 2771 5533 δι’
2824 5482 3020 5535 ἑαυτοῦ
3050 5487 3188 5540 κατά
3217 5488 3316 5559 τὴν
3367 5489 3592 5559 πρώτην
3630 5488 3796 5543 κτίσιν

2224 5566 2316 5620 τὸν
2336 5567 2621 5638 ἄνθρωπον
2638 5586 2654 5602 ·
2686 5570 2803 5625 ἀλλ’
2828 5571 3017 5646 ὥσπερ
3041 5579 3107 5647 τῇ
3133 5580 3203 5650 γῇ
3231 5579 3263 5650 ἢ
3309 5582 3422 5644 τοῖς
3452 5581 3606 5634 ὕδασι
3634 5594 3793 5650 προσ-

2225 5658 2445 5714 έταττεν
2500 5660 2793 5735 ἐξαγαγεῖν
2822 5665 2969 5736 φυτὰ
3011 5669 3110 5725 καὶ
3137 5669 3369 5744 βοτάνην
3394 5672 3613 5745 χόρτου,
3650 5671 3792 5725 σπεῖ-
