4116 6472
351 446 490 513 1469

1301 456 1696 550 ADVERSUS
1734 460 2281 523 NES’I‘ORIANOS.
2319 488 2391 500 -
2421 464 2567 525 LIB.
2596 464 2626 525 Ι

3482 468 3621 537 1470

348 577 440 629 ρον
462 558 686 630 σπέρμα
718 557 861 651 κατά
886 559 1063 629 γένος,
1100 562 1193 616 καὶ
1223 562 1404 635 ψυχὰς
1447 566 1695 637 ἑρπετῶν
1718 569 1926 636 ζωσῶν,

2049 590 2271 644 Jamque
2333 575 2445 629 feni
2497 574 2762 631 facientes
2808 592 2997 632 semen
3026 579 3178 649 juxta
3212 594 3390 651 genus
3432 599 3619 649 suum,

338 652 434 706 καὶ
458 652 528 705 τὰ
553 651 719 705 λοιπά
740 668 754 682 ·
786 650 959 716 οὕτως
982 652 1089 707 ἔδει
1151 656 1246 708 καὶ
1280 656 1376 710 νῦν
1425 657 1600 729 ἑτέρῳ
1633 660 1784 730 μέσῳ
1808 661 1933 731 ξτὴν

338 742 701 813 δημιουργίαν
718 743 1113 815 ἐπιτρέψαντα,
1143 747 1218 816 μὴ
1249 748 1443 802 ἑαυτὸν
1469 750 1561 803 διὰ
1580 751 1681 820 τῆς
1704 752 1934 824 αὐτουρ-

338 836 468 902 γξας
499 834 600 904 τῆς
639 834 998 905 ἀνθρωπίνης
1034 837 1308 907 ποιήσεως
1338 838 1695 909 καθυϐρίζειν
1715 858 1727 872 ·
1754 841 1835 896 ἔτι
1874 844 1932 897 δὲ

343 925 481 996 μηδὲ
511 928 633 979 κατ’
681 927 868 980 εἰκόνα
900 927 1039 982 ίδίαν
1067 930 1162 982 καὶ
1192 931 1454 1001 ὁμοίωσιν
1472 932 1663 987 τοῦτον
1689 952 1935 1005 προαγα-

341 1019 482 1086 γείν,
517 1018 612 1073 καὶ
638 1018 732 1071 τὸν
766 1017 898 1072 ῑδιον
919 1020 1251 1091 χαρακτῆρα
1279 1023 1339 1076 ὲν
1365 1021 1446 1095 τῷ
1499 1024 1671 1095 χοῖκῷ
1702 1026 1933 1080 καταϐι-

338 1108 528 1173 ϐάζειν
561 1109 846 1181 φυράματι
869 1126 886 1144 ⁵
942 1110 1025 1165 ἔτι
1060 1111 1118 1165 δὲ
1155 1113 1393 1181 μάλιστα
1425 1115 1563 1185 μηδὲ
1598 1115 1778 1187 ψυχὴν
1827 1116 1935 1180 ζῶ-

338 1216 441 1253 σαν
474 1200 569 1253 καὶ
620 1199 797 1273 πνοὴν
853 1201 1001 1272 ζωῆς
1054 1202 1137 1274 τῷ
1187 1204 1302 1275 ἰδίῳ
1350 1205 1710 1277 ἑμφυσήματι
1731 1206 1932 1262 ἐνιέναι

337 1291 508 1361 αὐτῷ,
541 1292 637 1346 καὶ
662 1290 956 1358 ὲνοικίζειν
988 1294 1183 1348 ἑαυτὸν
1210 1295 1271 1361 ἐξ
1310 1297 1490 1367 ἀρχῆς
1519 1297 1599 1369 τῷ
1622 1298 1799 1370 πηλῷ,
1836 1300 1933 1353 καὶ

337 1383 530 1455 ὥσπερ
552 1384 849 1457 ἀρραϐῶνα
873 1385 976 1456 τῆς
1005 1387 1144 1457 πρὸς
1181 1388 1345 1442 αὐτὸν
1408 1389 1719 1455 συνθέσεως
1764 1408 1933 1445 κατα-

340 1478 632 1534 ϐάλλεσθαι
662 1481 728 1534 ὲκ
765 1480 868 1551 τῆς
898 1480 1108 1545 οἰκείας
1130 1480 1350 1550 φύσεως
1374 1483 1510 1556 πρὸς
1543 1485 1646 1555 τὴν
1688 1484 1799 1538 ἀπὸ
1828 1486 1934 1556 γῆς

342 1573 526 1641 σάρκα
562 1588 576 1601 ·
613 1574 676 1627 οὐ
700 1573 809 1642 γὰρ
828 1574 893 1644 δὴ
923 1573 1014 1627 διά
1044 1591 1166 1628 τινα
1197 1574 1409 1629 οἰκείαν
1446 1576 1933 1648 εὐεργεσίαν,οὒδὲ

339 1664 467 1717 τάδε
500 1664 817 1736 πέπρακεν·
869 1667 919 1718 εί
969 1666 1027 1719 δὲ
1075 1666 1270 1732 ταῦτα,
1304 1666 1502 1739 ἑτέραν
1557 1668 1656 1739 μὲν
1702 1667 1933 1739 δυνάμει

342 1755 568 1823 μείζονα
594 1752 663 1826 ἦν
700 1755 793 1809 τοῦ
813 1757 991 1810 ποιεῖν
1010 1771 1025 1787 ο
1061 1756 1123 1810 ού
1153 1756 1261 1828 γὰρ
1291 1757 1354 1828 δή
1376 1775 1431 1811 τι
1451 1756 1625 1821 οὕτως
1648 1757 1800 1821 θείας
1834 1757 1936 1828 φύε

340 1865 482 1912 σεως
514 1851 1015 1922 χαρακτηριστικόν
1075 1853 1249 1917 ἐστιν,
1308 1852 1385 1917 ὡς
1439 1854 1502 1907 τὸ
1543 1854 1652 1907 τῶν
1698 1855 1934 1922 λογικῶν

2042 666 2255 721 animas
2307 682 2531 737 quoque
2594 668 2901 721 viventium
2963 670 3248 739 reptilium
3278 680 3337 726 et
3385 683 3619 741 caetera;

2042 757 2122 812 sic
2161 773 2271 812 non
2304 757 2359 812 in
2392 758 2571 828 ipsum
2598 758 2667 813 ad
2702 760 2935 814 alterum
2991 761 3232 815 medium
3282 762 3622 819 creationem

2040 858 2455 904 convertentem
2490 860 2718 920 propter
2754 867 2895 921 opus
2922 868 3084 906 suum
3117 853 3345 909 factura:
3370 855 3624 910 humanm

2041 937 2480 993 redundaturum
2530 950 2651 993 erat
2699 939 2981 1006 dedecus;
3033 956 3137 996 nec
3183 942 3350 996 etiam
3398 958 3520 998 cum
3552 944 3623 999 ad

2042 1028 2336 1100 imaginem
2393 1045 2549 1084 suam
2600 1046 2664 1085 ac
2709 1031 3133 1087 similitudinem
3180 1032 3334 1087 illum
3393 1034 3621 1099 faceret,

2041 1119 2499 1191 imprimeretque
2526 1121 2904 1178 characterem
2936 1138 3096 1178 suum
3127 1123 3183 1178 in
3238 1124 3412 1178 infimi
3446 1141 3625 1181 massa

2040 1212 2176 1278 luti;
2211 1225 2313 1266 nec
2336 1212 2389 1265 in
2411 1211 2606 1283 primis
2629 1228 2754 1267 cum
2784 1215 3022 1269 animam
3040 1216 3316 1271 viventem
3342 1217 3628 1287 spiritum—

2040 1317 2148 1373 que
2178 1302 2305 1357 vitae
2344 1318 2445 1357 suo
2496 1303 2681 1358 alilatu
2722 1304 2777 1357 in
2836 1319 2967 1359 eum
3014 1304 3315 1375 inspiraret
3361 1322 3529 1376 seque
3558 1321 3627 1361 ex

2040 1393 2318 1464 principio
2348 1393 2466 1447 luto
2496 1393 2857 1459 immisceret,
2887 1396 3046 1465 quasi
3076 1395 3300 1451 unionis
3353 1395 3423 1450 ad
3471 1396 3628 1450 illum

2038 1501 2105 1542 ex
2154 1487 2378 1556 propria
2424 1495 2623 1541 natura
2656 1487 2723 1541 ad
2777 1503 2999 1544 carnem
3034 1503 3102 1544 ex
3155 1498 3298 1544 terra
3354 1496 3629 1558 sumptam

2041 1578 2410 1633 arrhabonem
2471 1578 2725 1646 tradens;
2759 1595 2868 1635 non
2916 1582 3064 1636 enim
3116 1588 3343 1651 propter
3389 1580 3630 1650 aliquem

2039 1684 2201 1725 suum
2229 1671 2580 1727 benefactum
2600 1688 2705 1728 nec
2737 1672 2865 1728 talia
2893 1673 3207 1744 hujusmodi
3236 1682 3496 1743 operatus
3523 1680 3628 1727 est.

2042 1761 2099 1817 Si
2124 1777 2257 1817 vero
2307 1763 2423 1817 haec
2469 1764 2544 1817 ita
2598 1779 2657 1818 se
2695 1764 2956 1829 habeant,
2998 1765 3135 1819 alias
3167 1764 3391 1834 quidem
3424 1766 3631 1836 majora

2042 1860 2172 1907 sunt
2195 1852 2401 1906 virtute
2432 1867 2597 1922 quam
2620 1868 2821 1923 opere;
2857 1854 3009 1908 nulla
3035 1852 3185 1908 enim
3214 1861 3299 1909 est
3320 1854 3395 1908 ita
3431 1853 3631 1908 divinae

337 1940 497 2007 ζώων
528 1942 947 2014 δημιουργικὸν,
985 1942 1108 1996 καθ’
1138 1942 1167 1996 ὃ
1190 1943 1409 1997 πάντων
1437 1944 1549 1997 τῶν
1578 1944 1818 1998 κτιστῶν
1841 1946 1938 1998 καὶ

2049 1954 2252 1998 natura:
2279 1953 2408 1999 nota
2431 1944 2765 2012 evidentior,
2795 1947 2939 2001 sicut
2971 1947 3230 2001 animalia
3252 1946 3463 2000 ratione
3485 1962 3631 2016 pra:-

338 2049 428 2085 νοε
436 2033 550 2104 ρῶν
573 2035 601 2087 ό
635 2033 796 2104 μόνος
832 2034 1078 2106 Κτίστης
1111 2033 1221 2089 τῶν
1248 2035 1459 2105 νοητῶν
1490 2053 1553 2090 τε
1580 2038 1675 2091 καὶ
1701 2036 1936 2106 λογικῶν

341 2122 566 2176 πάντων
592 2123 970 2177 διαστέλλεται
989 2139 1003 2154 ⁸
1040 2124 1094 2178 τί
1122 2125 1255 2195 ὑμῖν
1281 2126 1387 2180 ἀπε
1397 2130 1625 2197 μφαῖνον
1650 2128 1828 2195 ἔδοξεν
1854 2129 1939 2192 είς

338 2214 411 2269 τά
431 2213 534 2284 τῆς
564 2213 799 2279 κτίσεως
814 2213 910 2268 τοῦ
937 2214 1231 2286 ἀνθρώπου
1259 2217 1450 2288 μηδενὶ
1471 2218 1645 2290 ἑτέρῳ
1666 2219 1775 2273 τῶν
1806 2221 1938 2291 παρ’

338 2307 507 2361 αὑτὸν
545 2307 640 2361 καὶ
673 2308 764 2361 ὑπ’
795 2309 959 2361 αὐτὸν
994 2307 1163 2371 ὅντως
1211 2309 1685 2381 ὲγχειρισάμενος,
1725 2311 1821 2366 καὶ
1844 2310 1939 2364 νῦν

338 2400 412 2453 τά
438 2401 535 2471 τῆς
557 2400 896 2464 ἀνακτίσεως
935 2400 1101 2454 αὐτοῦ
1136 2401 1518 2471 αὐτουργικῶς
1544 2402 1707 2467 αὐτὸς
1737 2401 1938 2455 ὑπεδύ-

342 2508 517 2557 σατο;
553 2491 634 2546 ἔτι
659 2492 718 2546 δὲ
746 2492 802 2545 τί
846 2492 913 2547 ἂν
950 2492 1159 2546 εἴποιτε
1200 2494 1484 2557 Μωῦσέως
1530 2494 1763 2563 ἄγγελον
1820 2513 1941 2549 συν-

342 2583 634 2654 οδοιπόρον
665 2584 762 2637 καὶ
796 2583 992 2655 ὁδηγὸν
1035 2584 1173 2655 πρὸς
1216 2584 1314 2656 τὴν
1338 2583 1445 2655 γῆν
1476 2585 1577 2655 τῆς
1607 2584 1943 2654 ἐπαγγελίας

342 2675 407 2742 ἐξ
430 2674 712 2744 Αἰγύπτου
766 2676 843 2747 μὴ
894 2675 1335 2747 καταδεχομένου
1380 2676 1572 2731 λαϐεῖν
1602 2716 1618 2741 ,
1668 2676 1763 2731 τοῦ
1802 2676 1938 2730 Θεοῦ

338 2767 505 2821 τοῦτο
535 2768 917 2840 προτείνοντος
949 2767 1101 2839 αὐτῷ
1119 2786 1136 2835 ;
1156 2767 1303 2821 Ἀλλ’
1330 2769 1379 2823 εἰ
1411 2770 1510 2840 μὲν
1538 2768 1701 2831 αὐτὸς
1728 2786 1943 2840 συμπο-

344 2859 519 2934 ρεύσῃ
546 2859 668 2930 μεθ’
698 2860 879 2931 ἡμῶν,
923 2860 1221 2932 φήσαντος,
1282 2860 1491 2913 ὲπείτοι
1515 2878 1579 2930 γε
1610 2860 1712 2914 οὐκ
1734 2860 1946 2931 ἀναϐη-

343 2954 591 3025 σόμεθα·
651 2955 749 3009 κα)⁴
803 2956 902 3027 τῆς
949 2954 1292 3026 θεοπρεποῦς
1359 2954 1782 3026 φιλανθρωπίας
1838 2953 1943 3007 τοῦ

346 3042 562 3114 ἀγαθοῦ
589 3043 809 3098 πάντων
828 3044 1061 3114 Κυρίου,
1090 3043 1184 3097 καὶ
1211 3040 1373 3097 τοῦτο
1419 3042 1744 3111 διακονῆσαι
1801 3041 1946 3096 κατά

346 3135 454 3206 τὴν
479 3134 575 3189 τοῦ
613 3134 747 3190 ἰδίου
776 3135 1112 3207 θεράποντος
1136 3133 1417 3202 ἀπόφασιν
1457 3131 1906 3203 καταδεξαμένης
1926 3149 1942 3165 ο

350 3228 485 3283 καὶὸ
504 3228 684 3299 φήσας
710 3226 768 3281 δὲ
790 3226 1101 3298 προφήτης⁸
1120 3227 1244 3279 Οὐκ
1260 3225 1537 3295 ἅγγελος,
1558 3223 1696 3278 ἀλλ’
1714 3222 1898 3289 αὐτὸς
1913 3224 1947 3277 ὀ

347 3319 566 3387 Κύριος
595 3320 832 3373 ἔσωσεν
862 3317 1044 3388 ἡμᾶς,
1080 3317 1197 3381 πῶς
1228 3317 1290 3371 οὐ
1316 3315 1438 3369 καθ’
1470 3316 1615 3386 ὑμᾶς
1631 3314 1811 3368 ταῦτα
1839 3314 1941 3386 ήδη

347 3411 620 3479 ἀπαξιοῦν
644 3412 977 3485 ἡγούμενος,
1013 3411 1107 3466 τὸν
1166 3409 1335 3483 μηδὲν
1386 3409 1472 3472 είς
1527 3408 1739 3461 οἰκείαν
1785 3405 1949 3477 φύσιν

350 3504 687 3576 ὠνούμενον,
715 3506 815 3575 τὴν
874 3504 1153 3576 ἡμετέραν
1214 3501 1488 3572 σωτηρίαν
1521 3501 1590 3556 δι’
1612 3498 1808 3555 ἑαυτοῦ
1858 3499 1954 3553 ἀν-

363 3599 747 3671 επαισχύντως
774 3595 1129 3671 ἐργάξεσθαι,
1149 3595 1265 3651 ἀλλ’
1314 3595 1375 3649 οὐ
1411 3596 1561 3666 μέσῳ
1588 3593 1697 3648 τινὶ
1719 3592 1953 3662 διακόνῳ

354 3690 659 3763 κεχρῆσθαι
684 3692 765 3753 είς
801 3689 901 3761 τὴν
934 3688 1057 3742 καθ’
1080 3688 1229 3759 ἡμᾶς
1253 3687 1384 3757 παρ’
1405 3684 1571 3739 αὐτοῦ
1601 3684 1949 3757 εὐεργεσίαν,

355 3782 435 3853 πῆ
465 3782 577 3838 τῶν
604 3781 805 3850 λογίων
833 3780 1235 3851 διεμαρτύρετο
1257 3781 1315 3846 ;ό
1339 3780 1448 3850 γάρ
1474 3775 1744 3847 αἰσχύνης
1777 3793 1953 3830 κατα-

356 3875 642 3948 φρονήσας
663 3874 899 3928 θανάτου
928 3871 1190 3943 σταυροῦ,
1214 3870 1377 3935 αὐτὸς
1406 3864 1560 3933 οὗτος
1582 3864 1675 3940 ἦν,
1700 3868 1842 3923 κατὰ
1862 3868 1953 3921 τὸν

372 3967 698 4021 ’Δπόστολον
716 3965 807 4019 τὸν
836 3964 1201 4030 θεοδίδακτον,
1226 3964 1297 4018 ἐν
1320 3960 1528 4032 μορφῇ
1560 3959 1712 4018 Θεοῦ
1758 3960 1949 4029 ὑπάρ-

361 4074 490 4130 χων
512 4056 614 4111 καί
641 4056 861 4111 ἑαυτὸν
891 4058 992 4125 οὐχ
1011 4054 1099 4108 ἓτε
1110 4069 1201 4124 ρον
1233 4051 1500 4116 κενώσας.

434 4149 497 4202 Εἰ
528 4147 587 4202 δὲ
640 4146 790 4201 ἔστιν
848 4146 995 4217 ὑμᾶς
1049 4143 1292 4206 εύσεσῶς
1325 4141 1653 4206 ἀνοίξαντας
1709 4140 1784 4194 τά
1837 4132 1954 4195 ὦτα

359 4241 744 4313 ἀνοιγομένοις
760 4240 1000 4311 χείλεσιν
1025 4236 1376 4292 ὑποτίθεσθαι
1410 4237 1508 4289 καὶ
1570 4234 1779 4306 ἑτέρως
1806 4252 1863 4288 τι
1892 4233 1954 4287 τὸ

359 4334 800 4408 προσγενόμενον
856 4331 1208 4405 εὐεργέτημα
1237 4332 1394 4400 ἡμῖν,
1428 4329 1525 4383 καὶ
1552 4328 1633 4399 τῷ
1686 4325 1954 4398 Κυριακῷ

365 4425 668 4498 ἀνθρώπῳ,
694 4426 797 4481 οὐκ
821 4426 951 4481 ἀνευ
1009 4423 1112 4494 τῆς
1147 4423 1286 4496 πρὸς
1313 4420 1407 4475 τὸν
1443 4420 1603 4488 λόγον
1649 4419 1954 4483 συνθέσεως

364 4520 557 4583 αὐτοῦ,
590 4520 692 4574 οὐκ
720 4518 952 4590 ἠδύνατο
1007 4515 1304 4570 διαὸαίνειν
1350 4516 1431 4578 εἰς
1468 4515 1643 4585 ἡμᾶς,
1707 4514 1807 4568 σὺν
1833 4510 1954 4582 Θεῷ

362 4611 445 4683 τῷ
470 4612 688 4685 Σωτῆρι
726 4610 885 4683 ἡμῶν
932 4606 1419 4681 ἀποκρινούμεθα·
1453 4606 1547 4661 καὶ
1591 4604 1784 4678 χρείαν
1813 4599 1956 4658 εἶναι

364 4705 589 4769 πάντως
618 4705 885 4775 φήσομεν,
919 4704 1018 4758 καὶ
1063 4700 1382 4770 ἀναγκαίως
1426 4698 1686 4768 γενέσθαι
1715 4696 1804 4751 διὰ
1855 4696 1954 4767 τῆς

365 4796 508 4868 πρὸς
552 4796 718 4851 αὐτὸν
770 4795 1078 4859 συνθέσεως
1134 4794 1234 4864 τὴν
1290 4791 1570 4864 ἡμετέραν
1619 4790 1954 4846 ἀνανέωσινο

366 4887 561 4959 ὥσπερ
588 4888 699 4959 γάρ
734 4886 790 4940 εί
814 4903 897 4950 τις
925 4886 991 4940 ἔκ
1019 4902 1164 4950 τινος
1197 4884 1485 4938 δακτυλίου
1532 4883 1807 4954 σφραγῖδα
1830 4884 1961 4937 ἀνα-

365 4979 766 5050 τυταυσάμενος
796 4981 854 5033 ὲν
883 4978 1046 5049 φύσει
1071 4976 1239 5046 ἁγνοῦ
1268 4975 1466 5046 κηροῦ,
1500 4974 1706 5046 ταύτην
1733 4974 1790 5028 δὲ
1819 4973 1959 5028 κατὰ

365 5071 476 5141 γῆς
493 5068 769 5124 πεσοῦσαν
795 5070 892 5124 καὶ
920 5069 1067 5123 κόνει
1094 5066 1584 5139 προσπλασθεῖσαν
1633 5065 1846 5131 λοιπὸν,
1909 5065 1959 5119 εἰ

372 5162 716 5234 θεασάμενος
739 5162 893 5234 εὖροι
921 5162 1011 5215 διά
1051 5161 1145 5215 τὸν
1180 5159 1572 5231 ὲμπλασθέντα
1602 5158 1736 5231 χοῦν
1770 5160 1835 5212 ὲκ
1860 5158 1961 5229 τῆς

369 5257 480 5327 γῆς
503 5254 902 5326 ἀμαυρώτατον
929 5253 1035 5325 ήδη
1060 5251 1358 5322 γενόμενον
1382 5252 1479 5305 καὶ
1528 5249 1870 5322 ἀγνώριστον
1898 5249 1961 5302 τὸ

370 5348 604 5417 εναγχος
629 5347 840 5401 ἔνδοθὲν
862 5344 941 5415 τῷ
964 5343 1123 5416 κηρῷ
1139 5345 1439 5415 ἐκμαγεῖον
1469 5342 1565 5397 τοῦ
1611 5343 1965 5414 χαρακτῆρος

370 5437 471 5495 τοῦ
520 5437 837 5500 δακτυλίου,
870 5437 1197 5508 βουλόμενος
1246 5435 1306 5489 δὲ
1339 5435 1618 5508 τρανῶσαι
1655 5435 1823 5488 πάλιν
1873 5434 1969 5487 καὶ

373 5529 795 5601 ἀνανεῶσαιτὴν
828 5528 1022 5599 πρώην
1045 5526 1391 5581 τυπωθεϊσαν
1415 5527 1687 5597 σφραγῖδα
1711 5526 1813 5595 τὴν
1835 5540 1968 5594 συγ-

379 5621 751 5690 καλυφθεῖσαν
768 5621 862 5674 ἐπὶ
899 5624 965 5691 τῇ
993 5617 1396 5690 συναναφύρσει
1426 5617 1522 5671 τοῦ
1556 5619 1679 5690 χοὸς
1703 5620 1773 5690 τῇ
1804 5633 1962 5687 γενο-

383 5714 525 5787 μένῃ
552 5713 693 5785 πρὸς
728 5712 920 5783 κηρὸν,
954 5711 1047 5765 τὸν
1100 5709 1389 5765 δακτύλιον
1421 5710 1589 5767 πάλιν
1622 5709 1810 5777 αὑτὸν,
1860 5709 1956 5778 ἀφ’

457 5890 499 5923 ¹¹
536 5889 642 5945 lsa.
671 5905 818 5958 unt,
848 5888 903 5945 9.
983 5888 1025 5922 ¹¹
1056 5887 1297 5959 Philipp.
1329 5904 1390 5955 ιι,
1416 5887 1472 5944 7.

2038 2036 2155 2091 dita
2189 2052 2402 2102 creare,
2435 2052 2563 2092 cum
2605 2037 2675 2091 ab
2719 2039 2980 2093 omnibus
3012 2039 3399 2108 corporalibus
3428 2054 3491 2092 ac
3518 2038 3631 2109 spi-

2041 2126 2337 2181 ritualibus
2361 2125 2514 2180 solus
2542 2125 2773 2181 Creator
2803 2127 3257 2181 intellectualium
3296 2142 3360 2182 ac
3386 2127 3632 2182 rationa-

2039 2216 2233 2271 bilium
2257 2216 2636 2286 dignoscatur.
2659 2216 2801 2283 Quid
2827 2218 2986 2274 vobis
3006 2234 3116 2273 non
3146 2218 3448 2273 verisimile
3477 2217 3633 2273 vide-

2042 2316 2134 2362 tur
2165 2307 2223 2361 in
2270 2307 2515 2363 hominis
2565 2310 2845 2364 creatione
2896 2311 2942 2365 si
2994 2310 3132 2364 nulli
3186 2310 3346 2364 alteri
3378 2324 3546 2379 supra
3575 2316 3635 2364 et

2043 2398 2187 2454 infra
2214 2399 2368 2453 illum
2404 2398 2616 2467 favens,
2649 2417 2801 2456 nunc
2843 2401 3291 2457 reformationem
3337 2401 3488 2456 illius
3516 2401 3635 2470 ipse

2041 2491 2399 2562 susceperit?
2431 2491 2576 2558 Quid
2631 2493 2813 2548 adhuc
2843 2493 3125 2558 diceretis,
3167 2492 3350 2564 Moyse
3379 2492 3635 2563 angelum

2043 2584 2303 2639 comitem
2349 2583 2661 2653 ducemque
2686 2584 2901 2639 itineris
2929 2584 2997 2638 ad
3023 2592 3226 2639 terram
3251 2581 3638 2654 promissionis

2044 2690 2169 2730 cum
2196 2690 2265 2729 ex
2307 2673 2543 2746 Egypto
2566 2676 2744 2730 exiret
2783 2677 2940 2746 sequi
2987 2676 3233 2743 nolente,
3272 2676 3495 2747 quando
3531 2675 3639 2729 hoc

2044 2767 2428 2839 adjumentum
2476 2767 2584 2837 ipsi
2628 2767 2884 2823 mittebat
2909 2768 3098 2822 Deus?
3128 2765 3234 2823 Sed
3287 2766 3333 2822 si
3374 2767 3489 2839 ipse
3515 2764 3641 2835 qui-

2045 2861 2171 2916 dem
2196 2859 2488 2915 nobiscum
2518 2859 2908 2925 ambulaverit,
2942 2860 3062 2930 ipso
3078 2859 3244 2914 etiam
3269 2867 3637 2927 contestante,

2048 2968 2235 3008 nonne
2280 2951 2692 3008 ascendemus?
2728 2951 2959 3019 Quando
2992 2952 3178 3006 divina
3208 2951 3455 3007 charitas
3504 2951 3641 3008 boni

2046 3043 2297 3098 omnium
2330 3043 2429 3098 Dei
2458 3043 2625 3098 etiam
2646 3043 2753 3099 hoc
2788 3042 3104 3099 ministrare
3131 3042 3311 3099 invito
3337 3057 3438 3098 suo
3475 3058 3641 3099 servo

2047 3135 2306 3206 dignatus
2338 3134 2525 3189 fuerit.
2559 3134 2696 3190 Cum
2739 3135 2942 3189 dixerit
2972 3135 3244 3206 pr0pheta
3270 3151 3285 3189 :
3333 3133 3449 3189 Non
3478 3151 3642 3205 ange—

2051 3226 2156 3291 lus,
2191 3226 2282 3281 sed
2306 3227 2420 3297 ipse
2442 3226 2699 3281 Dominus
2722 3227 2948 3281 salvavit
2974 3245 3065 3281 nos
3089 3228 3131 3259 ¹¹
3160 3244 3175 3294 ;
3220 3226 3499 3297 quomodo
3527 3241 3641 3282 non

2046 3316 2205 3388 juxta
2251 3331 2352 3371 vos
2404 3315 2522 3371 haec
2574 3315 3002 3388 dedignaturum
3041 3316 3154 3386 jam
3212 3315 3458 3380 duxisse,
3489 3315 3643 3370 hunc

2050 3423 2163 3464 non
2191 3408 2248 3463 in
2271 3423 2372 3463 sua
2398 3420 2597 3464 natura
2616 3409 2986 3479 redemptum,
3018 3418 3263 3464 nostram
3283 3409 3516 3463 salutem
3540 3423 3643 3479 per

2051 3499 2295 3568 scipsum
2336 3514 2439 3554 nec
2472 3499 2893 3555 erubescentem
2931 3499 3172 3569 operari,
3210 3499 3306 3554 sed
3339 3498 3493 3553 nullo
3524 3514 3644 3553 me-

2054 3589 2266 3646 diatore
2292 3590 2549 3646 ministro
2578 3605 2739 3645 usum
2762 3607 2885 3646 esse
2919 3592 2974 3645 in
3002 3590 3293 3646 benefacta
3318 3590 3463 3660 quod
3486 3590 3645 3662 juxta

2054 3702 2157 3741 nos
2197 3685 2265 3740 ad
2292 3685 2445 3740 illum
2474 3686 2695 3752 attinet,
2731 3687 2980 3756 quaedam
3006 3688 3229 3741 oracula
3259 3697 3453 3743 testata
3483 3687 3645 3743 sunt?

2054 3777 2272 3833 Etenim
2321 3777 2719 3847 turpitudinem
2778 3780 2975 3833 mortis
3023 3778 3208 3833 crucis
3264 3790 3644 3844 contemnens,

2054 3865 2148 3920 hic
2192 3865 2310 3936 ipse
2360 3877 2480 3921 erat
2513 3868 2666 3937 juxta
2712 3867 2997 3923 doctorem
3028 3869 3353 3939 Apostolum
3387 3871 3442 3923 in
3472 3871 3646 3941 [arma

2055 3952 2155 4009 Dei
2184 3956 2519 4028 seipsumque
2550 3972 2661 4011 non
2679 3957 2914 4014 alterum
2944 3958 3271 4014 exinaniens
3299 3961 3364 4013 ".

2128 4136 2187 4195 Si
2244 4152 2345 4193 vos
2379 4137 2473 4208 pie
2533 4136 2602 4193 ad
2648 4137 2795 4194 labia
2853 4147 3046 4195 nostra
3097 4147 3287 4209 aperta
3324 4143 3542 4194 vestras
3591 4146 3650 4195 et

2057 4246 2224 4286 aures
2267 4230 2627 4301 aperueritis,
2678 4232 2846 4287 aliter
2897 4246 3120 4303 quoque
3168 4231 3505 4301 qumsieritis
3547 4247 3649 4286 cur

2056 4322 2232 4395 gratia
2274 4323 2438 4378 nobis
2464 4338 2751 4388 concessa,
2793 4323 3121 4394 hominique
3176 4323 3487 4386 Dominico,
3536 4338 3649 4378 non

2055 4414 2177 4470 sine
2212 4415 2389 4485 ipsius
2432 4415 2639 4471 unione
2676 4415 2745 4471 ad
2793 4415 3058 4482 Verbum,
3094 4415 3248 4470 nullo
3270 4414 3435 4470 modo
3463 4415 3519 4469 in
3548 4430 3652 4471 nos

2058 4510 2299 4566 transire
2328 4510 2594 4581 potuerit,
2620 4526 2747 4566 cum
2768 4511 2883 4566 Deo
2908 4518 3099 4566 nostro
3124 4510 3407 4566 Salvatore
3423 4526 3652 4581 respon-

2059 4603 2317 4659 debimus
2352 4621 2367 4657 :
2414 4602 2893 4658 Restaurationem
2928 4609 3175 4656 nostram
3202 4613 3259 4657 et
3285 4601 3653 4657 necessariam

2058 4695 2286 4752 omnino
2315 4710 2460 4762 esse,
2481 4695 2906 4764 necessarioque
2934 4693 3053 4750 fieri
3081 4710 3182 4765 per
3217 4694 3477 4750 unionem
3502 4693 3568 4749 ad
3584 4694 3655 4749 il-

2057 4789 2172 4844 lum
2221 4788 2496 4844 dicemus.
2547 4786 3027 4855 Quemadmodum
3064 4786 3212 4841 enim
3242 4786 3285 4841 si
3311 4787 3437 4857 quis
3470 4785 3656 4855 aliquo

2059 4880 2264 4937 annulo
2299 4880 2540 4951 sigillum
2572 4878 2631 4934 in
2664 4894 2805 4949 pura
2860 4893 2990 4935 cera
3036 4877 3402 4948 impresserit.
3440 4876 3657 4945 hocque

2060 4970 2116 5025 in
2164 4977 2370 5024 terram
2433 4967 2639 5023 cadens
2686 4967 2888 5023 deinde
2942 4967 3171 5038 pulvere
3233 4964 3657 5035 superindutum

2060 5059 2262 5128 fuerit;
2286 5060 2332 5116 si
2350 5060 2463 5132 jam
2488 5059 2561 5114 ob
2595 5066 2973 5131 tegumentum
3021 5056 3231 5113 sordidi
3263 5055 3507 5127 pulveris
3561 5054 3662 5109 ob-

2061 5161 2337 5211 scuratam
2410 5168 2514 5207 nec
2553 5152 2666 5221 jam
2752 5148 3156 5221 agnoscendam
3211 5148 3354 5203 hanc
3403 5146 3459 5201 in
3516 5146 3662 5201 inte-

2061 5246 2213 5303 riore
2263 5262 2393 5302 cera
2439 5244 2864 5316 impressionem
2914 5242 3076 5314 sigilli
3122 5240 3315 5297 annuli
3344 5239 3660 5305 invenerit;

2075 5347 2209 5394 tunc
2251 5337 2444 5393 volens
2502 5350 2766 5406 apparere
2806 5333 3006 5388 iterum
3050 5330 3459 5400 restaurarique
3508 5328 3667 5400 prius

2074 5430 2222 5502 quod
2244 5430 2577 5499 impressum
2598 5428 2782 5482 fuerat
2806 5425 3071 5497 sigillum,
3094 5423 3190 5480 sed
3210 5422 3357 5494 quod
3380 5422 3663 5478 obtectum

2070 5521 2179 5577 fuit
2209 5528 2528 5592 tegumento
2551 5517 2799 5590 pulveris
2822 5532 2962 5572 cerae
2985 5516 3182 5582 additi,
3217 5515 3484 5570 annulum
3514 5513 3665 5569 hunc

2069 5614 2278 5670 iterum
2331 5626 2443 5683 quo
2490 5612 2761 5682 impressa
2808 5608 2977 5663 fuerit
3014 5608 3169 5679 prior
3212 5607 3414 5678 imago,
3447 5606 3502 5660 in
3537 5620 3666 5661 cera

2060 5706 2386 5780 superponit
2420 5713 2479 5763 et
2499 5704 2880 5763 accommodat
2897 5703 3246 5773 validiusque
3274 5697 3450 5770 inﬁgit
3467 5698 3668 5753 iterum
