4116 6456
502 413 629 476 1471

1772 427 2079 489 LEONTII
2118 430 2524 490 BYZANTINI

3619 434 3637 495 l
3654 434 3755 496 472

493 532 552 585 in
604 532 705 584 hac
732 545 856 584 cera
890 531 994 587 hoc
1026 532 1286 603 sigillum,
1325 535 1611 601 nitidiore,
1642 538 1985 593 accuratiore
2010 556 2064 595 ac

2174 534 2236 593 οῦ
2262 539 2543 595 τετύπωτο
2566 538 2661 593 καὶ
2694 538 2941 611 πρώηνή
2970 538 3155 605 είκὼν,
3182 542 3241 594 ἐν
3270 540 3348 611 τῷ
3387 541 3545 614 κηρῷ
3574 545 3756 609 ἐνθεὶς

491 621 821 689 perfectiore
872 623 1230 693 impressione
1265 626 1397 680 ferri
1423 627 1479 681 in
1526 643 1638 697 quo
1664 628 1878 699 signum
1907 631 2069 685 cada-

495 719 605 773 tur,
635 722 798 781 atque
835 712 889 766 in
919 714 1021 768 bac
1051 715 1273 771 sordida
1296 733 1444 781 cera,
1474 735 1584 772 non
1616 720 1844 774 alterius
1879 720 2070 777 formae

489 803 699 869 capaci,
744 804 897 872 prior
929 814 1107 860 tamen
1139 808 1317 862 forma
1370 824 1565 863 rursus
1598 810 1954 879 imprimitur.
1988 812 2067 868 Ita

491 910 711 962 quoque
759 896 905 949 Deus
958 907 1209 952 naturam
1264 900 1560 954 humanam
1606 901 1677 954 ad
1722 917 1877 955 suam
1928 903 2066 958 ima-

489 985 668 1053 ginem
700 996 963 1051 creatam,
994 989 1088 1043 sed
1118 1007 1241 1059 qua:
1266 993 1619 1046 terrestribus
1649 992 1814 1046 rebus
1839 993 2069 1047 obvolu-

490 1086 566 1139 ta,
614 1078 866 1147 imaginis
908 1080 1108 1134 divina:
1144 1082 1615 1150 pulchritudinem
1648 1083 2063 1147 obscuraverat,

488 1166 821 1220 studiosiore
844 1168 1258 1239 etiicacioreque
1293 1172 1465 1241 gratia
1490 1188 1587 1226 sua
1614 1174 1915 1227 secundum
1948 1173 2062 1242 pri-

489 1255 687 1313 stinam
738 1257 859 1326 ejus
904 1260 1374 1327 pulchritudinem
1410 1278 1533 1331 qua:
1584 1270 1665 1316 est
1701 1262 1887 1316 divina
1916 1264 2071 1317 simi-

488 1346 686 1411 litudo,
712 1365 905 1405 rursus
937 1352 1274 1417 reformavit,
1300 1354 1549 1408 divinum
1576 1356 1747 1424 ipsius
1775 1355 2071 1410 indumen-

487 1444 604 1491 tum
651 1442 897 1494 terrestri
940 1451 1089 1498 veste
1143 1445 1519 1513 superindutis
1547 1445 1778 1511 donans,
1805 1446 2070 1515 spiritua-

485 1527 705 1599 lemque
758 1549 885 1587 eum
932 1534 1051 1603 ipso
1105 1537 1366 1591 unionem
1416 1538 1471 1592 in
1532 1538 1619 1593 his
1656 1538 1754 1608 qui
1805 1538 1860 1593 in
1902 1554 2069 1594 carne

486 1621 682 1676 vivunt
723 1640 982 1693 operans.

2177 632 2271 685 καὶ
2318 630 2561 698 συνάψας
2618 630 2978 700 σφοδρότερον
3026 632 3205 702 ἐνίησι
3250 633 3331 704 τῷ
3386 633 3536 705 αὐτῷ
3586 638 3758 690 πάλιν

2175 718 2331 789 κηρῷ
2360 717 2450 771 τὸν
2478 718 2706 786 ἐναγχος
2736 718 3063 790 χαρακτῆρα
3095 719 3237 789 μετὰ
3280 722 3619 793 τρανοτέρας
3649 726 3760 794 τῆς·

2174 809 2532 879 παραθέσεως
2559 809 2655 862 καὶ
2687 808 3080 879 προσενώσεως
3114 811 3210 865 καὶ
3240 810 3629 881 ἐμϐατεύσεως
3653 816 3760 883 τῆς

2172 898 2568 965 διαπλαπικῆς
2597 897 2812 967 φύσεως
2856 898 2951 951 τοῦ
2982 898 3201 969 σιδήρου
3255 900 3375 953 καθ’
3418 901 3478 954 ὃν
3509 903 3539 955 ό
3576 920 3761 974 χαρα-

2173 988 2314 1058 κτὴρ
2344 988 2610 1055 ἔγκειται,
2632 987 2727 1041 καὶ
2758 987 3022 1055 γεωθέντι
3052 988 3129 1058 τῷ
3176 990 3331 1060 κηρῷ
3363 992 3460 1044 καὶ
3522 993 3623 1045 οὐκ
3660 993 3764 1045 εὑ-

2172 1080 2497 1151 παραδέκτῳ
2519 1081 2788 1151 γινομένῳ
2813 1081 2912 1149 τῆς
2942 1082 3444 1152 μεταμορφώσεως,
3480 1084 3635 1153 ὅμως
3655 1085 3764 1155 τὴν

2172 1172 2445 1243 προτέραν
2496 1168 2649 1234 αὖθις
2692 1172 2907 1243 μορφὴν
2956 1172 3393 1227 διατυπώσεται·
3445 1174 3592 1230 οὕτω
3659 1178 3766 1232 καὶ

2172 1265 2305 1328 Θεὸς
2330 1265 2427 1337 τὴν
2458 1263 2580 1318 κατ’
2632 1265 2818 1317 είκόνα
2876 1263 3073 1317 ἑαυτοῦ
3108 1266 3419 1320 κτίσθεϊσαν
3465 1266 3766 1339 ἀνθρωπό-

2171 1374 2330 1425 τητα,
2367 1357 2460 1409 καὶ
2504 1359 2566 1427 τῇ
2591 1356 2700 1410 τῶν
2726 1356 2932 1426 γηΐνων
2963 1357 3295 1428 περιπλοκῇ,
3339 1359 3402 1411 τὸ
3449 1359 3548 1429 τῆς
3600 1359 3767 1423 θείας

2172 1448 2382 1511 εἰκόνος
2412 1446 2607 1512 κάλλος
2636 1447 3068 1519 ἀμαυρώσασαν,
3102 1446 3192 1501 διά
3238 1449 3338 1519 τῆς
3363 1450 3563 1503 ἐαυτοῦ
3590 1451 3766 1504 πάλιν

2172 1538 2433 1601 ἐνδόσεως
2452 1539 2841 1609 ἐκτενεστέρας
2866 1540 2960 1593 καὶ
2991 1538 3438 1611 δραστικωτέρας
3500 1542 3641 1611 πρὸς
3693 1543 3766 1595 τὸ

2172 1631 2402 1701 ἀρχαῖον
2428 1628 2599 1699 αὐτῆς
2629 1632 2725 1685 ἀπ’
2748 1630 2914 1685 αὐτοῦ
2934 1631 3154 1696 κάλλος,
3186 1633 3215 1686 δ
3244 1633 3439 1687 ἐστιτὸ
3466 1635 3567 1704 τῆς
3594 1634 3764 1697 θείας

481 1714 799 1782 ὁμοιώσεως
827 1717 1357 1791 ἀνετυπώσατο,τὴν
1384 1720 1570 1792 θεῖκὴν
1604 1723 1799 1775 ἑαυτοῦ
1862 1721 2232 1793 χαρισάμενος
2300 1721 2622 1792 συμπλοκὴν
2686 1723 2802 1785 τοῖς
2846 1724 2913 1794 τῇ
2983 1723 3146 1793 γηῖνῃ
3201 1724 3764 1795 προσπεπλασμένοις

485 1808 665 1878 στολῇ,
691 1813 787 1863 καὶ
813 1813 911 1884 τὴν
940 1814 1132 1868 ἕνωσιν
1164 1815 1329 1869 αὐτοῦ
1382 1817 1480 1886 τὴν
1526 1817 1902 1887 πνευματικὴν
1933 1818 2048 1879 τοῖς
2085 1816 2189 1885 τὴν
2216 1817 2489 1889 σαρκικὴν
2555 1817 2868 1887 σύμφυρσιν
2932 1818 3199 1871 παθοῦσιν
3227 1820 3533 1890 ἐνεργήσας
3558 1836 3572 1852 ·
3609 1832 3761 1875 πάνο

479 1901 769 1973 τοδυνάμῳ
807 1904 915 1977 γὰρ
947 1907 1267 1977 ἀγαθότητι,
1303 1909 1466 1973 αὐτὸς
1494 1912 1573 1975 είς
1602 1912 1953 1974 ἐαυτὸνητοὺς
1981 1912 2235 1980 λογικοὺς
2255 1912 2284 1965 ό
2312 1911 2469 1980 λόγος
2500 1912 2896 1967 ἀνεκαλέσατο.

1090 2041 1243 2098 CAP.
1300 2043 1446 2098 XIX.

560 2148 765 2222 Corpus
797 2154 995 2209 anima:
1031 2158 1404 2212 essentialitcr
1450 2159 1688 2225 unitum,
1717 2159 1785 2214 ab
1834 2159 1951 2229 ipsa
1981 2158 2061 2212 vi-

479 2252 591 2297 tam
624 2244 1123 2318 sensibilitatemque
1154 2257 1463 2315 mutuatur;
1508 2266 1710 2320 corpus
1737 2259 1919 2305 autem
1953 2251 2062 2305 Do-

482 2332 616 2386 mini
656 2335 1025 2390 essentialiter
1083 2338 1300 2391 unitum
1353 2340 1505 2410 juxta
1540 2356 1656 2403 vos,
1710 2341 1843 2410 quid
1876 2340 2060 2397 dicitis

482 2426 860 2494 acquisivisse,
916 2430 1315 2484 sensibilitatem
1360 2432 1447 2486 vel
1497 2434 1750 2487 motum?
1808 2433 1915 2488 Sed
1944 2434 2061 2488 haec

480 2532 551 2571 ex
605 2518 785 2573 anima
818 2520 1001 2575 habet.
1041 2521 1611 2591 lmpassibilitatemne
1636 2532 1799 2593 atque
1834 2525 2060 2579 immor-

485 2608 792 2664 talitatem?
834 2611 942 2666 Sed
996 2613 1099 2667 hoc
1130 2630 1195 2667 ex
1232 2616 1639 2671 resurrectione
1679 2618 1935 2672 habuisse
1964 2634 2060 2673 vos

482 2700 689 2765 dicitis,
724 2704 1188 2772 quemadmodum
1238 2723 1428 2761 omnes
1464 2708 1713 2762 homines
1747 2718 1873 2762 sunt
1902 2709 2059 2763 habi-

485 2793 615 2845 turi.
642 2791 870 2858 Quando
894 2794 1058 2864 igitur
1080 2796 1389 2851 substantia
1414 2798 1505 2852 Dei
1532 2814 1639 2851 non
1667 2808 1813 2853 esset
1837 2799 2061 2854 inferior

484 2884 681 2936 anima:
708 2884 1032 2940 substantia:
1059 2902 1183 2940 cum
1218 2903 1323 2941 una
1360 2888 1529 2942 multa
1556 2888 1633 2942 illi
1666 2890 2057 2955 communicet,

483 2974 797 3044 nulliusque
844 2976 916 3030 sit
962 2978 1131 3031 altera
1179 2989 1324 3033 notae
1392 2980 1655 3034 melioris.
1686 2981 1881 3034 Annon
1927 2996 2060 3034 vero

484 3065 670 3121 dicitis
705 3068 824 3122 sine
865 3070 1074 3124 semine
1119 3070 1287 3125 fuisse
1316 3070 1651 3125 formatum?
1679 3073 1786 3127 Sed
1824 3074 1928 3128 hoc
1955 3073 2062 3127 fuit

484 3158 701 3227 signum
737 3159 962 3215 virtutis
1009 3161 1249 3230 Spiritus
1296 3163 1494 3228 sancti,
1541 3178 1651 3218 non
1683 3163 2060 3220 substantialis

485 3247 707 3302 unionis
726 3248 889 3303 Verbi
915 3248 1310 3305 demonstratio
1337 3268 1350 3305 :
1379 3251 1677 3321 Antequam
1706 3254 1845 3306 enim
1878 3270 2062 3307 conve-

485 3338 910 3401 nirent,inventa
935 3348 1007 3391 est
1031 3340 1083 3392 in
1103 3347 1252 3392 utero
1274 3339 1467 3393 habens
1484 3341 1545 3393 de
1562 3340 1763 3411 Spiritu
1788 3348 1971 3395 sancto
1994 3342 2056 3395 ¹³.

486 3426 592 3481 Sed
644 3428 891 3497 prodigia
942 3438 1107 3499 atque
1156 3431 1425 3485 virtutes?
1469 3431 1575 3486 Sed
1616 3440 1673 3487 et
1720 3431 1807 3487 his
1856 3434 2064 3503 majora

486 3517 741 3572 fecerunt
782 3520 1039 3588 apostoli,
1089 3521 1242 3591 juxta
1278 3520 1453 3591 ipsius
1505 3522 1721 3575 Domini
1752 3521 1962 3575 dictum
1993 3521 2063 3576 ad

486 3606 654 3678 ipsos.
696 3608 801 3662 Sed
827 3609 1169 3679 dignitatem,
1199 3611 1628 3667 dominationem
1656 3630 1945 3683 nomenque
1975 3630 2066 3667 su-

488 3716 581 3769 per
630 3717 782 3754 omne
819 3717 1007 3754 nomen
1032 3703 1096 3733 ¹³⁶
1138 3703 1213 3756 illi
1244 3703 1471 3757 datum?
1497 3704 1709 3774 Cuique
1739 3706 1843 3760 hoc
1876 3706 2065 3761 datum

485 3798 572 3845 est
615 3790 686 3844 ob
737 3791 1082 3847 essentialem
1128 3794 1388 3848 unionem
1446 3809 1571 3848 eum
1624 3795 1737 3849 Deo
1792 3796 1965 3850 Verbo
1996 3796 2064 3849 ad

487 3882 722 3937 melius?
754 3881 964 3951 Cuique
1008 3884 1223 3939 meliori
1264 3885 1479 3939 unitum
1517 3894 1603 3940 est
1640 3886 1921 3941 Verbum?
1954 3886 2064 3942 Sed

487 3973 641 4028 carni
695 3989 791 4028 seu
841 3984 1050 4030 natura:
1097 3986 1319 4031 nostrae.
1356 3977 1598 4032 Primum
1644 3977 1811 4047 igitur
1840 3978 2064 4047 quidem

486 4079 553 4118 ex
596 4080 706 4133 quo
765 4066 1056 4122 audivistis
1106 4067 1296 4121 datum
1345 4069 1446 4137 ipsi
1501 4068 1786 4139 dignitatis
1838 4084 2061 4135 nomen,

487 4164 741 4222 naturam
776 4156 1141 4223 substituitis;
1191 4159 1437 4213 secundo
1467 4176 1597 4214 vero
1624 4160 1712 4214 his
1747 4160 1841 4230 qui
1872 4160 2065 4216 dicunt

486 4246 807 4315 dignitatem
855 4247 1232 4303 indistinctam
1294 4266 1415 4305 esse
1466 4251 1727 4306 unionem
1778 4266 1845 4306 ex
1897 4268 2063 4307 carne

485 4348 673 4393 nostra
709 4338 777 4393 ad
832 4339 1006 4394 Deum
1052 4341 1320 4405 Verbum,
1372 4356 1483 4395 non
1518 4351 1701 4396 autem
1755 4341 2062 4396 naturalem

484 4432 950 4501 conjunctionem,
972 4432 1370 4499 adversamini;
1392 4434 1557 4488 tertio
1574 4433 1619 4488 si
1640 4433 1876 4505 dignitas
1898 4444 2064 4503 atque

484 4522 791 4577 dominatio
833 4523 1074 4580 hominis
1125 4541 1192 4579 ex
1243 4525 1404 4580 nobis
1450 4526 1716 4596 assumpti
1759 4541 1867 4579 non
1907 4526 2063 4581 adest

486 4612 564 4668 illi
620 4631 686 4668 cx
735 4616 968 4685 propriae
1018 4617 1341 4673 substantia:
1393 4618 1699 4682 voluntate,
1749 4617 2063 4674 dilectionis

2750 2045 3003 2098 ΚΕΦΑΛ.
3043 2045 3147 2099 18'.

2236 2156 2309 2210 Τὸ
2335 2156 2494 2227 σῶμα
2523 2158 2645 2210 κατ’
2670 2156 2859 2211 οὐσίαν
2891 2155 3249 2226 συγκείμενον
3293 2157 3362 2228 τῇ
3408 2154 3584 2227 ψυχῇ,
3618 2174 3763 2228 κερ-

2121 2302 2128 2314 ,
2164 2246 2335 2300 δαίνει
2360 2249 2425 2301 ἐκ
2452 2248 2657 2317 ταύτης
2682 2247 2743 2299 τὸ
2772 2246 2871 2318 ζῇν
2908 2247 3004 2300 καὶ
3032 2246 3092 2299 τὸ
3115 2244 3531 2301 αἱσθάνεσθιιν
3585 2245 3648 2300 τὸ
3694 2246 3764 2301 δὲ

2167 2338 2328 2407 σῶμα
2377 2338 2471 2392 τοῦ
2525 2338 2731 2409 Κυρίου
2764 2338 3018 2392 συντεθὲν
3066 2337 3341 2401 οὐσιωδῶς
3393 2338 3515 2392 καθ’
3578 2338 3759 2408 ὑμᾶς,

2165 2432 2355 2483 εἴπατε
2375 2430 2427 2482 τί
2452 2429 2882 2501 προσεκτήσατο,
2912 2428 3225 2495 αἴσθησιν,
3251 2426 3281 2498 ἢ
3306 2427 3553 2499 κίνησινς
3585 2429 3760 2482 Ἀλλὰ

2164 2520 2338 2573 ταῦτα
2369 2518 2513 2591 εἶχεν
2534 2522 2599 2572 ἐκ
2620 2520 2720 2589 τῆς
2748 2518 2929 2589 ψυχῆς
2946 2536 2960 2550 ο
2989 2518 3106 2571 ἀλλ’
3129 2517 3397 2572 ἀπάθειαν
3415 2520 3509 2573 καὶ
3539 2518 3761 2589 ἀφθαρ-

2167 2611 2324 2677 σίαν;
2354 2609 2490 2663 ἀλλά
2543 2608 2703 2662 τοῦτο
2755 2608 2814 2672 ἐξ
2854 2607 3208 2671 ἀναστάσεως
3242 2609 3539 2680 ἐσχηκέναι
3585 2608 3757 2676 φατὲ,

2166 2703 2308 2756 καθά
2342 2702 2437 2755 καὶ
2472 2702 2672 2764 πάντες
2694 2699 2980 2770 μέλλουσιν
3003 2698 3149 2770 ἔχειν
3185 2702 3234 2753 οἱ
3268 2699 3548 2770 ἄνθρωποι
3573 2714 3587 2728 ·
3628 2698 3760 2761 πῶς

2165 2792 2257 2849 οὖν
2288 2794 2346 2847 οὐ
2381 2794 2625 2865 χείρωνὴ
2651 2792 2809 2845 οὐσία
2835 2790 2928 2844 τοῦ
2958 2790 3094 2844 Θεοῦ
3122 2791 3219 2860 τῆς
3249 2791 3515 2861 ψυχικῆς,
3564 2788 3682 2858 εἴγε
3713 2792 3752 2858 ἠ

2168 2886 2267 2957 μὲν
2295 2884 2505 2937 πιλλῶν
2532 2882 2680 2954 αὐτῷ
2706 2882 3085 2953 μεταδίδωσιν,
3122 2884 3155 2954 ἠ
3196 2881 3252 2935 δὲ
3286 2883 3498 2945 οὐδενὸς
3555 2881 3755 2951 κρείτ-

2164 2994 2317 3039 τονος
2340 2974 2755 3046 γνωρίσματοςς
2792 2969 2902 3043 ἆρα
2934 2973 2991 3026 δέ
3032 2974 3107 3044 μὴ
3132 2974 3192 3026 τὸ
3233 2974 3362 3028 ἀνευ
3390 2974 3599 3041 σπορᾶς
3629 2972 3759 3024 δια-

2166 3066 2474 3123 πεπλάσθαι
2506 3064 2640 3135 φατέ
2663 3082 2678 3131 ;
2701 3064 2866 3119 Ἀλλά
2888 3063 3045 3118 τοῦτο
3067 3065 3348 3136 ἐνεργείας
3368 3063 3431 3117 σύ
3440 3063 3639 3135 μ6ολον
3654 3061 3758 3116 τοῦ

2165 3159 2321 3229 ἁγίου
2354 3158 2691 3229 Πνεῦματος,
2706 3158 2806 3211 οὑκ
2822 3158 2883 3211 οὐ
2892 3156 3114 3221 σιώδους
3130 3158 3450 3229 συμπλοκῆς
3461 3157 3555 3211 τοῦ
3571 3158 3755 3225 Λόγου

2164 3251 2488 3322 τεκμήριον.
2525 3250 2675 3317 Πρὶν
2703 3247 2740 3315 ἣ
2767 3247 2877 3317 γὰρ
2911 3248 3234 3303 συνελθεῖν
3265 3249 3511 3314 αὐτοὺς,
3534 3246 3757 3315 εὑρέθη

2165 3343 2237 3396 ἐν
2264 3340 2479 3411 γαστρί
2506 3340 2737 3409 ἔχουσα
2760 3338 2827 3392 ἐκ
2867 3340 3213 3409 Πνεύματος
3245 3340 3419 3410 ἁγίου
3440 3356 3454 3370 ·
3482 3338 3621 3393 ἀλλά
3654 3356 3761 3409 ση-

2167 3434 2296 3503 μεῖα
2326 3430 2422 3484 καὶ
2452 3430 2743 3499 δυνάμεις;
2776 3428 2911 3482 ἀλλά
2946 3430 3040 3482 καὶ
3067 3430 3274 3483 τούτων
3300 3420 3526 3500 μείζονα
3557 3430 3754 3500 ἐποίη-

2166 3541 2264 3576 σαν
2289 3522 2338 3575 οἱ
2378 3520 2688 3587 ἀπόστολοι,
2719 3520 2861 3574 κατά
2905 3522 3005 3591 τὴν
3034 3520 3199 3575 αὐτοῦ
3232 3520 3326 3574 τοῦ
3358 3521 3571 3591 Κυρίου
3610 3520 3757 3591 πρὸς

2165 3616 2361 3679 αὐτοὺς
2377 3613 2712 3681 ἐπαγγελίαν
2733 3628 2747 3643 ·
2780 3612 2897 3666 ἀλλ’
2928 3613 3084 3678 ἀξίαν
3126 3614 3220 3667 καὶ
3254 3612 3598 3677 δεσποτείαν,
3653 3612 3756 3666 καὶ

2166 3708 2353 3778 ὄνομα
2368 3706 2433 3760 τὸ
2450 3706 2601 3775 ὑπὲρ
2627 3704 2749 3761 πᾶν
2766 3706 2953 3774 ὄνομα
2971 3705 3123 3758 δοθὲν
3142 3704 3319 3774 αὑτῷς
3340 3705 3437 3757 καὶ
3458 3704 3565 3757 τίνι
3586 3702 3755 3772 ἐδόθη

2163 3799 2428 3855 τοῦτοδιὰ
2457 3800 2559 3869 τῆς
2579 3798 2716 3869 πρὸς
2749 3797 2808 3850 τὸ
2854 3799 3100 3867 κρεῖττον
3150 3794 3447 3859 οὐσιώδους
3500 3794 3756 3858 ἐνώσεως

2164 3891 2283 3965 Θεῷ
2312 3892 2504 3963 Λόγῳ;
2537 3892 2631 3944 καὶ
2662 3889 2771 3942 τίνι
2800 3888 3068 3960 κρείττονι
3092 3886 3274 3960 ήνώθη
3315 3888 3345 3940 ό
3375 3886 3575 3955 Λόγος;
3611 3886 3756 3940 ἀλλά

2168 3984 2331 4054 σαρκὶ
2363 3984 2531 4053 ἤγουν
2564 3979 2837 4052 ἀνθρώπῳ
2864 3979 2941 4049 τῷ
2975 3979 3034 4045 ἐξ
3067 3978 3258 4049 ἡμῶν·
3282 3977 3478 4031 οὐκοῦν
3529 3977 3755 4048 πρῶτον

2168 4073 2266 4144 μὲν
2300 4072 2410 4126 ίδοὺ
2439 4071 2502 4125 τὸ
2535 4071 2633 4141 τῆς
2666 4069 2821 4134 ἀξίας
2848 4068 3139 4131 ἀκούοντες
3187 4068 3360 4139 δνομα
3388 4068 3541 4122 δοθὲν
3572 4068 3751 4137 αὐτῷ,

2163 4163 2262 4234 τὴν
2310 4160 2473 4230 φύσιν
2504 4161 2885 4228 ἀντεισάγετε·
2917 4159 3170 4230 δεύτερον
3220 4159 3278 4213 δέ
3321 4163 3439 4223 τοῖς
3494 4159 3755 4228 λέγουσιν

2163 4255 2321 4321 ἀξίαν
2351 4254 2681 4323 ἀσύγκριτον
2710 4249 2851 4306 εἶναι
2876 4252 2972 4323 τὴν
2997 4252 3191 4305 ἐνωσιν
3212 4252 3311 4322 τῆς
3336 4252 3395 4317 ἐξ
3422 4252 3579 4321 ἡμῶν
3618 4268 3756 4321 σαρ-

2163 4347 2257 4408 κὸς
2280 4345 2415 4417 πρὸς
2450 4344 2541 4397 τὸν
2572 4344 2706 4397 Θεὸν
2733 4344 2927 4412 Λόγον,
2960 4343 3057 4398 καλ⁸
3113 4343 3174 4397 οὐ
3210 4342 3450 4413 φυσικὴν
3470 4342 3751 4423 σύνθεσξν,

2164 4437 2321 4507 ὑμεῖς
2350 4434 2708 4506 ἀντιφέρεσθε
2735 4450 2752 4467 ο
2786 4434 2968 4506 τρίτον
2995 4434 3098 4505 είή
3155 4434 3283 4501 ἀξία
3322 4436 3418 4488 καὶ
3455 4435 3753 4488 δεσποτεία

2162 4529 2254 4581 τοῦ
2282 4528 2339 4594 ἐξ
2368 4528 2525 4597 ἡμῶν
2557 4524 2871 4597 ἀνθρώπου,
2918 4526 3018 4579 οὐκ
3053 4528 3117 4579 ἐκ
3154 4524 3255 4596 τῆς
3293 4526 3504 4588 οἰκείας
3557 4524 3753 4587 οὐσίας

2164 4620 2453 4689 πρόσεστιν
2476 4616 2626 4686 αὐτῷ
2659 4616 2955 4687 θελήσεως,
2984 4617 3209 4687 ἀγάπης
3237 4617 3343 4687 ἀρα
3369 4618 3464 4670 καὶ
3492 4616 3753 4679 εὐδοκίας

482 4722 615 4778 ergo
642 4708 1148 4779 benevolentiaque
1179 4710 1384 4765 donum
1404 4726 1523 4765 esse
1547 4710 1689 4764 hanc
1706 4725 1930 4765 necesse
1955 4718 2058 4775 est,

2165 4712 2408 4781 χάρισμα
2420 4705 2557 4761 εἶναι
2588 4707 2761 4778 αὐτὴν
2780 4707 3017 4777 ἀνάγκη,
3044 4708 3144 4761 οὐκ
3159 4707 3453 4771 οὐσιώδους
3475 4707 3751 4772 ἐνὼσεως,

483 4814 597 4853 non
640 4800 945 4855 essentialis
980 4803 1201 4858 unionis
1233 4803 1475 4869 donum;
1507 4802 1779 4872 siquidem
1822 4802 1959 4856 nihil
1991 4817 2060 4856 ex

485 4891 657 4946 unitis
691 4892 844 4961 juxta
881 4893 1247 4950 substantiam
1279 4894 1599 4966 dignitatem
1638 4894 1929 4964 quamdam
1972 4893 2057 4948 vel

482 4980 916 5043 dominationem
960 4984 1037 5039 illi
1096 4987 1265 5040 donet
1305 4986 1394 5040 cui
1449 4985 1660 5039 unitur.
1722 4983 1831 5039 Sed
1876 4999 2058 5039 nonne

483 5073 971 5144 impeccubilitatem
1015 5076 1256 5131 hominis
1304 5075 1580 5131 Dominici
1612 5075 1806 5130 dicunt
1856 5074 2061 5145 proba-

484 5166 689 5220 tionem
731 5183 851 5222 esse
895 5168 1207 5223 essentialis
1245 5167 1313 5223 ad
1352 5168 1593 5222 Verbum
1626 5167 2060 5233 unionis?Quo—

484 5258 649 5311 modo
681 5273 812 5327 ergo
852 5258 919 5313 ad
966 5258 1229 5329 Spiritum
1267 5266 1518 5313 sanctum
1552 5259 1659 5313 hoc
1704 5258 1873 5313 refert
1901 5273 2059 5313 sacra

485 5350 770 5422 Scriptura
804 5352 1027 5408 dicens:
1049 5351 1150 5418 Qui
1183 5370 1275 5425 per
1305 5352 1563 5424 Spiritum
1592 5361 1848 5407 teternum
1878 5352 2061 5423 (aliter

484 5440 746 5509 sanctum)
770 5442 1103 5511 semetipsum
1136 5441 1323 5495 obtulit
1365 5440 1769 5495 immaculatum
1793 5440 1957 5509 ξι)εοῖ
1986 5441 2062 5495 Ae

483 5533 700 5603 spiritus
741 5532 855 5603 (sic)
899 5533 1025 5588 Iesu
1071 5534 1375 5588 emundabit
1405 5536 1779 5588 conscientiam
1822 5542 2060 5587 nostram

485 5623 551 5677 ab
581 5622 821 5696 operibus
841 5626 1063 5679 mortuis
1099 5624 1162 5679 ιι.
1198 5626 1267 5681 Et
1304 5626 1438 5681 alibi
1470 5644 1483 5680 :
1512 5625 1869 5695 Iusti/Beatum
1901 5633 1977 5679 est
2004 5625 2060 5677 in

561 5817 608 5849 “
632 5816 821 5873 Matth.
855 5834 896 5883 ι,
932 5818 1019 5874 18.
1096 5820 1161 5853 ⁸³·
1193 5818 1431 5891 Philipp.
1460 5838 1517 5884 ιι.
1545 5821 1597 5879 9.
1679 5825 1720 5856 ¹⁸
1754 5823 1921 5879 Hebr.
1960 5839 2035 5890 ix,
2071 5822 2158 5880 M.

2160 4798 2417 4871 δώρημα·
2454 4798 2577 4852 ἐπεὶ
2638 4798 2804 4868 μηδὲν
2844 4798 2955 4852 τῶν
3005 4798 3127 4852 κατ’
3176 4799 3367 4853 οὐσίαν
3420 4799 3749 4869 ἡνωμένων,

2162 4891 2319 4956 ἀξίαν
2344 4890 2465 4943 τινά
2487 4888 2583 4942 καὶ
2615 4889 2934 4942 δεσποτείαν
2960 4889 3217 4960 δωρεῖται
3242 4884 3396 4960 ᾧπερ
3421 4890 3488 4943 ἂν
3505 4891 3713 4961 ἥνωται
3730 4907 3748 4923 ⁸

2160 4985 2276 5039 ἀλλ’
2308 4980 2415 5054 ἆρα
2444 4981 2520 5053 μὴ
2549 4981 2608 5034 τὸ
2645 4980 3068 5050 ἀναμάρτητον
3090 4980 3188 5033 τοῦ
3221 4980 3505 5053 Κυριακοῦ
3532 4981 3753 5052 ἀνθρώ-

2166 5093 2270 5130 που
2294 5076 2514 5144 λέγουσι
2531 5075 2830 5144 τεκμήριον
2847 5072 2948 5141 τῆς
2980 5072 3272 5137 οὑσιώδους
3304 5073 3549 5145 πρὸςτὸν
3572 5074 3751 5142 Λόγον

2164 5167 2448 5231 ἐνώσεως;
2478 5164 2575 5218 καὶ
2603 5164 2720 5227 πῶς
2742 5164 2835 5217 ἐπὶ
2864 5165 2925 5216 τὸ
2953 5164 3180 5235 Πνεῦμα
3206 5165 3268 5218 τὸ
3299 5165 3455 5233 ἆγιον
3482 5166 3751 5235 ἀναφέρει

2163 5260 2365 5331 τοῦτοὴ
2386 5258 2505 5312 θεία
2522 5258 2714 5330 Γραφὴ
2734 5257 2990 5326 λέγουσα,
3012 5260 3116 5324 ’ος
3139 5257 3238 5311 διὰ
3256 5259 3753 5327 Πνεύματοςαίω-

2161 5351 2295 5404 νίου
2308 5349 2527 5404 ἑαυτὸν
2553 5348 2970 5418 προσήνεγκεν
2990 5349 3234 5419 ἄμωμον
3257 5348 3335 5415 τῷ
3365 5350 3488 5415 Θεῷ
3513 5392 3527 5414 ,
3547 5352 3649 5405 καὶ
3677 5352 3751 5405 τὸ

2163 5440 2405 5510 Πνεῦμα
2438 5441 2644 5508 Ἰησοῦ
2682 5440 2954 5510 καθαριεῖ
2991 5440 3107 5509 τὴν
3153 5442 3520 5507 συνείδησιν
3579 5442 3752 5511 ἡμῶν

2160 5532 2280 5587 ἀπὸ
2328 5530 2558 5602 νεκρῶν
2605 5531 2840 5601 ἐρτων;
2878 5534 2972 5587 καὶ
3014 5532 3273 5603 ἀλλαχοῦ,
3302 5533 3650 5601 Ἐδικαιώθη
3679 5536 3752 5588 ἐν

2160 5625 2460 5696 Πνεύματι
2478 5640 2499 5693 ;
2530 5624 2725 5680 οὐκοῦν
2752 5624 2831 5697 τῷ
2867 5624 3147 5698 Πνεύματι
3172 5626 3231 5682 ἐν
3283 5621 3328 5698 ᾧ
3374 5627 3747 5695 δεδικαίωται,
