4116 6448
329 366 467 433 1473

1291 369 1690 432 AIWERSUS
1728 370 2281 436 NESTORIANOS.
2312 400 2380 411 -
2408 376 2556 436 LIB.
2595 375 2648 436 Ι.

3470 370 3601 435 H74

328 478 423 534 καὶ
454 475 517 532 οὗ
551 474 631 547 τῷ
657 475 803 546 λόγῳ
827 474 887 528 ὲν
908 466 954 545 ᾧ
984 474 1047 530 τὺ
1074 476 1199 529 κατ’
1225 476 1414 531 οὐσίαν
1434 492 1451 510 ο
1478 477 1638 532 ἔσται
1666 478 1724 533 δὲ
1746 479 1912 544 οὕτως

2020 482 2224 555 Spiritu
2268 486 2333 538 ".
2368 483 2577 555 Spiritu
2603 497 2736 553 ergo
2762 482 3096 554 justitieatus
3122 487 3228 549 est,
3274 496 3384 538 non
3418 482 3601 541 Verbo

327 569 421 625 καὶ
443 568 507 623 οὗ
555 568 965 640 προαιρετικὸν,
992 567 1110 621 ἀλλ’
1146 567 1409 633 οὐσιῶδες
1445 568 1509 623 τὺ
1552 568 1914 642 κατόρθωμα.

397 746 613 817 Ὠσπερ
656 747 707 801 οί
742 747 842 812 τὰς
890 748 1137 818 μεγάλας
1184 751 1465 822 πυρκαϊὰς
1510 751 1770 818 ἐξάπτειν
1790 753 1913 808 ἑθέ-

327 839 530 902 λοντες,
560 839 658 893 καὶ
679 840 758 913 τῷ
790 844 1079 915 παμφάγῳ
1110 845 1244 915 πυρὶ
1272 844 1591 916 νικώμενοι,
1627 849 1768 916 μετά
1813 849 1916 920 τὴν

327 930 427 1000 τῆς
473 930 770 1002 ἁδροτέρας
800 931 934 1002 ὕλης
961 934 1210 1005 δαπάνην
1246 936 1647 1007 μαραγγιῶσαν
1679 937 1782 1009 ἤδη
1818 941 1917 994 αὒ-

326 1024 440 1087 τοῖς
466 1024 567 1094 τὴν
606 1022 782 1092 φλόγα
832 1023 1121 1095 θεώμενοι,
1181 1025 1279 1080 καὶ
1310 1026 1385 1097 μὴ
1430 1027 1761 1099 διαρκοῦσαν
1814 1030 1917 1101 τὴν

329 1114 462 1186 ὓλην
498 1116 580 1180 είς
606 1116 930 1187 παραμονὴν
953 1115 1050 1170 τοῦ
1078 1117 1525 1190 σπουδαζομένου
1555 1120 1911 1191 κεκτημένοι,

330 1207 722 1277 καρφολογίαις
776 1208 889 1261 τισὶ
937 1208 1146 1279 ταύτην
1200 1208 1260 1275 ἐξ
1306 1212 1545 1282 ἀπορίας
1592 1212 1915 1283 ἐπιτρέψειν

328 1298 746 1363 σπουδάζουσιν,
776 1297 865 1353 ἴνα
901 1299 977 1369 μὴ
999 1299 1224 1364 τελείως
1249 1301 1435 1364 αὐτοῖς
1462 1302 1496 1373 ἠ
1525 1301 1752 1373 λαμπὰς
1780 1304 1915 1357 ἀπο⁹

328 1390 617 1445 σϐέννυται
638 1407 653 1421 ο
687 1389 833 1444 οὕτω
859 1389 924 1462 δὴ
960 1391 1055 1444 καὶ
1091 1392 1253 1462 ὑμεῖς
1290 1392 1386 1445 νῦν
1409 1392 1509 1463 τῆς
1562 1392 1674 1447 τῶν
1704 1393 1911 1463 προτά-

328 1496 471 1534 σεων
512 1480 666 1549 ὑμῶν
694 1478 1133 1547 ἐξαναλωθείσης
1162 1480 1345 1551 πάσης
1387 1480 1719 1551 ὑλαιοτάτης
1776 1493 1911 1550 συρ-

328 1571 651 1641 φετολογίας
695 1572 775 1643 τῷ
814 1573 910 1627 τοῦ
973 1572 1206 1642 ψεύδους
1247 1573 1570 1644 ἀναλωτικῷ
1626 1574 1763 1645 πυρὶ
1813 1573 1913 1644 τῆς

325 1661 610 1733 ἀληθείας,
642 1662 1020 1733 βαττολογίαις
1050 1664 1163 1718 τισὶ
1216 1664 1376 1735 μόνον
1402 1664 1503 1736 τὴν
1548 1665 1912 1719 ὲκκαυθεῖσαν

325 1755 455 1827 ὑμῖν
506 1754 645 1827 ἔριν,
702 1755 839 1827 πρὸς
888 1756 1034 1827 ὑμᾶς
1092 1757 1521 1828 παρυφάπτετε·
1586 1756 1749 1811 ποίαν
1800 1757 1911 1829 γὰρ

2020 575 2077 630 in
2124 592 2236 647 quo
2269 576 2574 632 secundum
2623 575 2990 632 substantiam
3040 576 3239 630 inerat.
3277 576 3369 632 Sic
3414 585 3600 632 autem

2016 666 2126 721 erit
2158 682 2269 721 non
2316 666 2491 721 libera
2545 665 2642 720 sed
2676 666 2988 721 essentialis
3025 667 3324 721 rectitudo.

2087 758 2560 826 Quemadmodum
2592 761 2629 814 ii
2660 760 2754 829 qui
2778 759 3057 830 ingentem
3081 759 3266 829 ignem
3286 759 3600 815 accendere

2016 850 2231 915 volunt,
2288 866 2438 915 cum,
2487 859 2813 920 consumpta
2859 851 3011 904 omni
3058 851 3313 916 materia,
3338 852 3443 905 sibi
3485 852 3597 921 iam

2016 941 2463 1011 languescentem
2502 941 2776 995 ﬂammam
2832 941 3100 1007 videant,
3141 942 3459 997 devorantis
3505 944 3594 996 in-

2016 1035 2198 1089 cendii
2226 1035 2424 1090 ardore
2456 1035 2721 1105 superati,
2747 1035 3009 1103 quoniam
3039 1034 3107 1088 ad
3131 1034 3390 1089 alendum
3411 1037 3593 1103 ignem

2016 1140 2128 1185 non
2170 1125 2417 1193 suppetit
2450 1140 2549 1194 par
2583 1125 2872 1188 materies,
2908 1124 3234 1194 colligendis
3268 1125 3491 1193 stipulis
3522 1123 3595 1178 ob

2017 1213 2257 1283 inopiam
2289 1212 2422 1267 dant
2460 1228 2683 1283 operam
2723 1213 2929 1283 quibus
2974 1213 3194 1268 ﬂamma
3220 1216 3500 1268 nutriatur
3525 1229 3598 1269 ne

2014 1305 2241 1359 omnino
2292 1306 2480 1360 lumen
2503 1306 2909 1375 exstinguatnr,
2962 1304 3035 1358 ita
3068 1313 3124 1358 et
3166 1320 3267 1359 vos
3293 1345 3306 1369 ,
3344 1321 3411 1360 eo
3448 1304 3596 1374 quod

2014 1395 2270 1452 immanis
2300 1405 2610 1451 vestrorum
2655 1406 3111 1467 argumentorum
3154 1412 3319 1467 agger
3350 1397 3601 1451 veritatis

2015 1489 2142 1559 igne
2187 1488 2606 1544 mendaciorum
2660 1488 2831 1542 edace
2876 1488 3098 1558 penitus
3139 1488 3465 1558 absumptus
3490 1498 3596 1552 est,

2016 1578 2220 1648 ineptis
2266 1587 2477 1635 tantum
2535 1579 2984 1635 cavillationibus
3043 1578 3286 1649 iurgium
3335 1580 3601 1634 adversus

2013 1687 2115 1727 nos
2140 1672 2443 1742 incoeptum
2470 1672 2617 1727 alitis
2644 1690 2657 1725 :
2684 1671 2963 1742 quomodo
2989 1672 3195 1726 etenim
3227 1672 3597 1726 universalem

2015 1765 2435 1820 similitudinem
2486 1764 2715 1820 inducet
2757 1764 2850 1819 illa
2889 1765 3231 1835 comparatio
3264 1764 3514 1834 corporis
3542 1772 3600 1818 et

320 1823 458 1918 ἡμῖν
513 1823 766 1918 ἀνάγκην
796 1823 986 1913 ἐπάξει
1021 1823 1320 1920 καθολικῆς
1348 1851 1669 1920 ὁμοιότητος
1702 1852 1736 1921 ἠ
1770 1823 1909 1921 πρός

2015 1857 2209 1911 animae
2237 1856 2441 1911 avobis
2462 1856 2516 1910 in
2544 1855 2768 1910 modum
2795 1823 3034 1925 exempli
3064 1855 3263 1911 allata?
3289 1823 3427 1909 Illud
3445 1855 3597 1908 enim

322 1957 377 1993 τι
408 1938 505 1993 τοῦ
557 1938 1005 2011 παραδείγματος
1029 1941 1130 2011 τῆς
1160 1940 1339 2011 ψυχῆς
1380 1941 1476 1996 καὶ
1503 1940 1599 1995 τοῦ
1657 1941 1912 2011 σώματος

324 2028 388 2095 ἐξ
414 2029 856 2101 ὑμῶνείρημένη
897 2031 1233 2102 παράθεσις;
1251 2026 1404 2103 τΑρει.
1429 2031 1538 2102 γάρ
1569 2030 1735 2085 πάλιν
1762 2030 1911 2101 ὑμᾶς

321 2121 821 2195 ὑπομνήσομεν,ὼς
851 2122 1011 2177 τοῦτο
1039 2124 1371 2194 ὴγνοήσατε,
1395 2117 1441 2179 ὦ
1473 2122 1798 2195 σοφώτατοι,
1827 2126 1910 2178 ὅτι

320 2216 385 2270 οὐ
418 2215 641 2280 πάντως
673 2208 752 2270 ὧν
774 2215 832 2269 αἱ
857 2215 1143 2279 συνθέσεις
1164 2216 1223 2270 αἱ
1248 2216 1411 2270 αὐταὶ
1442 2216 1585 2270 κατά
1614 2234 1669 2269 τι
1702 2215 1912 2270 τούτων

323 2310 420 2365 καὶ
442 2312 498 2364 αἱ
524 2309 803 2381 ἐνέργειαι
853 2310 910 2364 αἱ
941 2309 1107 2363 αὐταὶ
1159 2311 1357 2374 πᾶσαι,
1392 2310 1427 2381 ἢ
1473 2309 1545 2364 τά
1589 2309 1765 2372 άλλως
1789 2309 1914 2363 ἑπό·

326 2418 500 2471 μενα;
530 2400 644 2454 ἀλλ’
675 2400 779 2454 οὐκ
802 2398 958 2469 οἶμαι
980 2398 1143 2453 τοῦτο
1189 2399 1338 2469 ὑμᾶς
1371 2399 1493 2453 ὅλον
1542 2397 1908 2469 ἠγνοηκέναιο

320 2492 465 2563 ἀνὴρ
484 2489 594 2563 γάρ
614 2490 770 2562 ἀνδρὶ
795 2490 1117 2548 κατάῙτόπον
1143 2491 1352 2561 ἥνωται
1378 2490 1471 2546 τὸν
1495 2490 1554 2545 ὲν
1589 2489 1912 2561 Ἐκκλησίᾳο

322 2581 423 2637 καὶ
470 2582 646 2653 ψηφὶς
692 2580 890 2653 ψηφίδι
920 2581 1123 2652 ὁμοίως
1176 2582 1321 2637 κατά
1364 2583 1534 2636 τόπον
1591 2581 1801 2652 ἥνωται
1855 2582 1914 2634 ὲν

320 2674 464 2744 αὐτῇ
485 2690 500 2704 ⁸
534 2673 630 2728 καὶ
658 2672 738 2743 τῷ
769 2673 868 2744 μὲν
896 2674 932 2743 ἡ
965 2672 1218 2733 σύνθεσις
1247 2674 1280 2744 ἢ
1315 2674 1647 2745 παράθεσις,
1692 2673 1914 2743 ὁμιλίαν

320 2781 387 2818 τε
418 2765 514 2818 καὶ
542 2764 754 2835 θέρμην
787 2762 887 2835 τὴν
908 2763 968 2830 ἔξ
993 2763 1241 2834 ἀλλήλων
1267 2763 1365 2818 καὶ
1390 2765 1459 2818 τά
1475 2764 1641 2819 λοιπά
1673 2763 1915 2835 ἀμφοτέ-

323 2872 443 2927 ροις
468 2854 788 2927 χαρίζεται·
840 2853 953 2909 τῶν
1006 2853 1065 2908 δὲ
1114 2856 1149 2926 ἠ
1194 2854 1446 2919 σύνθεσις
1483 2856 1640 2909 οὐδὲν
1669 2854 1913 2909 τοιοῦτον

320 2947 730 3001 ἑπιδείκνυταιο
754 2945 877 3000 δέον
922 2945 983 2999 δὲ
1015 2946 1163 3017 ὑμᾶς
1210 2941 1280 3018 ἦν
1329 2946 1491 3000 τοῦτο
1532 2945 1912 3012 ὲπισκέπτειν,

318 3039 402 3105 ὡς
422 3032 498 3094 ὧν
522 3039 577 3093 αί
606 3037 801 3108 φύσεις
830 3037 930 3108 οὐχ
982 3037 1041 3091 αί
1076 3036 1269 3101 αὑταὶ,
1292 3038 1415 3091 οὐδὲ
1451 3039 1506 3091 αί
1552 3037 1871 3109 μεταδόσεις
1895 3053 1910 3068 ·

2008 1949 2169 2003 vobis
2192 1947 2246 2003 in
2272 1948 2594 2003 memoriam
2617 1947 3002 2003 revocabimus
3053 1946 3210 2017 quasi
3245 1946 3597 2017 ignoraretis,

2009 2038 2425 2109 sapientissimi,
2474 2052 2587 2092 non
2625 2036 2855 2092 omnino
2888 2036 3104 2092 scilicet
3146 2037 3597 2108 coniunctionem

2010 2133 2253 2198 illarum,
2286 2147 2410 2203 qua:
2450 2130 2756 2187 secundum
2798 2128 2931 2198 quid
2959 2128 3171 2183 similes
3200 2136 3349 2192 sunt,
3372 2143 3493 2182 esse
3517 2125 3597 2181 si-

2009 2221 2170 2276 miles
2188 2230 2313 2276 actu
2343 2228 2438 2275 aut
2459 2235 2651 2275 earum
2672 2229 2869 2273 caetera
2894 2217 3271 2272 consectaria?
3286 2218 3394 2273 Vos
3411 2225 3597 2271 autem

2011 2313 2237 2368 minime
2258 2327 2460 2367 censeo
2485 2312 2601 2366 hare
2624 2310 2810 2365 omnia
2842 2309 3165 2379 ignorasse:
3192 2309 3281 2363 vir
3302 2308 3449 2362 enim
3476 2308 3601 2361 viro

2012 2403 2318 2460 secundum
2365 2403 2549 2457 locum
2591 2400 2650 2455 in
2689 2400 2935 2455 Ecclesia
2969 2396 3327 2469 coniungitur
3366 2408 3423 2453 et
3458 2397 3603 2467 lapis

2010 2495 2218 2565 lapidi:
2248 2494 2356 2550 viri
2379 2502 2563 2549 autem
2588 2492 2907 2563 coniunctio
2927 2531 2941 2555 ,
2977 2505 3073 2545 seu
3111 2489 3471 2560 iuxtapositio
3522 2488 3603 2543 fa-

2011 2587 2390 2641 miliaritatem
2441 2600 2539 2640 seu
2578 2584 2909 2640 charitatem
2974 2590 3227 2636 mutuam
3286 2590 3343 2635 et
3401 2590 3599 2636 caetera

2012 2675 2335 2746 huiusmodi
2389 2675 2448 2729 in
2498 2673 2736 2728 alterum
2788 2671 2984 2743 gignit,
3025 2669 3272 2740 lapidum
3302 2684 3438 2724 vero
3465 2684 3602 2724 con-

2007 2767 2226 2839 iunctio
2266 2765 2407 2820 nihil
2440 2764 2621 2820 simile
2654 2762 2833 2834 parit;
2879 2760 3015 2816 illud
3057 2771 3243 2816 autem
3290 2760 3452 2815 vobis
3482 2766 3604 2813 erat

2012 2856 2378 2928 spectandum
2396 2870 2635 2926 quorum
2666 2870 2776 2909 non
2805 2855 3012 2910 eaedem
3044 2861 3256 2907 natum
3289 2866 3479 2906 eorum
3505 2865 3603 2904 ne-

2012 2964 2122 3021 que
2162 2948 2384 3004 easdem
2414 2961 2539 3003 esse
2575 2946 3159 3010 communicationes;
3193 2942 3464 3013 siquidem
3506 2955 3602 2995 ne-

2009 3057 2118 3113 que
2140 3050 2271 3097 sunt
2300 3038 2503 3096 eaedem
2526 3038 2922 3109 proprietates,
2954 3053 3059 3092 nec
3077 3036 3283 3092 eaedem
3310 3034 3602 3089 facultates

322 3130 450 3185 ὶπεὶ
484 3130 620 3201 μηδὲ
652 3131 708 3183 αἱ
745 3128 1034 3200 ποιότητες
1072 3128 1130 3181 αἱ
1159 3128 1323 3182 αὐταί
1358 3130 1498 3182 είσιν
1522 3168 1539 3193 ,
1577 3128 1712 3200 μηδὲ
1737 3130 1792 3182 αἱ
1813 3129 1905 3182 δυ-

2015 3144 2109 3189 aut
2146 3134 2428 3205 potentiae,
2459 3134 2675 3190 etiamsi
2704 3132 3127 3205 coniunctiones
3153 3130 3361 3187 eaedem
3392 3144 3602 3199 suppoo

318 3222 516 3293 νάμεις
536 3222 570 3292 ἦ
598 3222 654 3275 αἱ
687 3220 960 3291 ἐνέργειαι
984 3219 1228 3289 γένοιντο
1244 3217 1312 3273 ἂν
1344 3220 1403 3273 αἱ
1430 3220 1618 3285 αὑταὶ,
1649 3221 1699 3274 εἰ
1730 3222 1825 3273 καὶ
1846 3222 1903 3274 αί

2015 3235 2222 3281 nantur
2242 3244 2256 3281 :
2289 3236 2629 3297 quapropter
2648 3227 2997 3298 postulamus
3014 3233 3075 3280 ut
3096 3224 3261 3279 nobis
3276 3221 3603 3277 ostendatur

322 3314 605 3378 συνθέσεις
633 3312 745 3368 εἷεν
797 3315 854 3368 αἱ
898 3313 1061 3368 αὐταί
1097 3330 1215 3377 πως
1251 3311 1568 3384 νοούμεναυ
1596 3310 1771 3367 ταῦτα
1815 3307 1908 3366 οὖν

321 3408 463 3480 πρὸς
491 3408 554 3461 τὸ
587 3409 841 3462 ἀπαιτεῖν
868 3408 1017 3477 ἡμᾶς
1044 3405 1279 3477 φυτικὴν
1315 3406 1463 3477 ζωὴν
1500 3406 1599 3460 καὶ
1649 3405 1905 3476 αἴσθησιν

317 3502 554 3572 τοπικὴν
600 3502 665 3553 ἐκ
692 3498 787 3553 τοῦ
820 3499 981 3567 λόγου
1024 3497 1197 3563 δεῖξαι
1240 3500 1308 3569 τῇ
1358 3499 1524 3568 σαρκὶ
1576 3497 1901 3567 γενομένην,

2013 3319 2183 3374 vitam
2210 3320 2601 3389 vegetativam,
2648 3334 2872 3375 sensum
2920 3326 2977 3375 et
3014 3318 3249 3375 localem
3298 3316 3600 3370 motionem

2012 3426 2082 3466 ex
2132 3410 2315 3466 Verbo
2378 3410 2535 3465 carni
2584 3410 2904 3481 provenire,
2942 3410 3073 3482 quia
3139 3410 3261 3465 haec
3298 3406 3486 3463 omnia
3534 3421 3602 3461 ex

2011 3499 2197 3555 anima
2228 3502 2451 3573 corpori
2491 3503 2789 3574 coniuncta
2833 3503 3115 3559 eveniant.

314 3590 459 3646 διότι
481 3588 656 3643 ταῦτα
684 3589 750 3643 ὲκ
778 3587 958 3658 ψυχῆς
989 3587 1201 3656 πέφυκε
1246 3586 1492 3654 γίνεσθαι
1518 3584 1907 3658 συντιθεμένης
1942 3587 2020 3659 τῷ
2048 3589 2284 3662 σώματι.

406 3678 628 3751 Ἐπειδὴ
679 3679 736 3733 δὲ
762 3681 812 3732 εί
867 3678 962 3733 καὶ
1017 3677 1094 3749 μὴ
1123 3677 1192 3732 τά
1221 3678 1321 3750 τῆς
1341 3677 1547 3749 ψυχῆς,
1588 3677 1703 3732 ἀλλ’
1758 3679 1910 3749 ὅμως

317 3770 429 3828 κάν
448 3771 638 3843 ἔτερόν
661 3788 715 3825 τι
760 3770 892 3825 ίδεῖν
926 3770 1037 3824 τῶν
1073 3770 1229 3841 παρά
1288 3769 1385 3824 τοῦ
1427 3768 1592 3837 λόγου
1619 3771 1689 3841 τῇ
1741 3769 1911 3841 σαρκὶ

315 3862 759 3935 κερδαινομένων
788 3863 935 3932 ἡμᾶς
958 3861 1341 3929 είσπράττετε,
1364 3862 1501 3930 εἴγε,
1536 3861 1612 3925 ὥς
1634 3877 1797 3930 φατε,
1832 3860 1909 3932 μὴ

322 3955 514 4029 μέλλοι
541 3955 721 4027 πάντη
750 3954 1012 4024 ἀνόνητος
1044 3952 1224 4024 ταύτῃ
1252 3948 1394 4006 εἶναι
1427 3953 1527 4021 τῆς
1550 3951 1704 4015 θείας
1726 3949 1912 4005 συνθέ-

319 4067 467 4114 σεως
500 4050 527 4103 ἐ
545 4049 769 4122 τρόπος,
813 4048 980 4120 μηδέν
1008 4066 1063 4103 τι
1088 4048 1197 4102 τῶν
1221 4047 1323 4119 τῆς
1345 4048 1525 4119 ψυχῆς
1557 4048 1590 4118 ἡ
1617 4048 1758 4118 ὑπὲρ
1779 4045 1912 4100 ταύ-

315 4158 426 4213 την
457 4143 598 4213 αὐτῇ
628 4140 973 4214 δωρούμενος
995 4157 1012 4175 ο
1062 4141 1223 4196 τοῦτο
1244 4142 1366 4211 ίγάρ
1394 4139 1643 4210 βούλεται
1688 4140 1845 4210 ὑμῶν
1876 4140 1911 4212 ὴ

319 4234 488 4304 ῥῆσις
510 4232 817 4303 φάσκουσα,
845 4231 930 4285 ὅτι
960 4232 1024 4287 El
1055 4232 1325 4286 ἀπάθειαν
1372 4232 1469 4286 καὶ
1500 4231 1810 4302 ἀφθαρσίαν
1843 4233 1911 4302 τῇ

318 4325 574 4381 συνθέσει
606 4326 1083 4398 μαρτυρήσοιμεν,
1125 4326 1470 4396 ψευδόμεθαο
1507 4324 1665 4378 τοῦτο
1708 4324 1819 4395 γὰρ
1853 4323 1912 4391 ἐξ

314 4418 680 4482 ἀναστάσεως
710 4418 1006 4489 ἐσχηκέναι
1027 4420 1056 4473 ὁ
1084 4419 1367 4491 Κυριακὺς
1389 4417 1677 4490 ἄνθρωπος
1700 4435 1916 4491 μεμαρ-

314 4510 559 4583 τύρηται
580 4528 594 4542 ·
623 4510 930 4565 ἀκούσεσθε
951 4510 1082 4584 παρ’
1114 4512 1273 4583 ἡμῶν
1302 4512 1397 4565 καὶ
1428 4512 1557 4583 περὶ
1577 4510 1730 4566 τοῦδε
1759 4510 1908 4577 τάδε,

313 4605 377 4660 oi
412 4604 522 4658 τῶν
552 4604 713 4659 θείων
741 4604 961 4675 δωρεῶν
992 4604 1406 4671 ἀνεπίσκεπτοι,
1426 4606 1509 4659 ὅτι
1540 4605 1652 4659 Καὶ
1685 4603 1917 4658 πλεῖστά

314 4697 432 4752 εἱσι
463 4696 535 4751 τά
561 4698 628 4751 ἐκ
657 4695 752 4750 τοῦ
791 4696 972 4765 Λόγου
1015 4698 1085 4768 τῇ
1126 4697 1292 4768 σαρκὶ
1318 4697 1625 4767 δωρήματα
1668 4698 1764 4750 καὶ
1821 4696 1917 4767 μέ-

2084 3683 2224 3739 Cum
2255 3694 2442 3741 autem
2477 3700 2509 3740 a
2547 3684 2712 3739 nobis
2749 3683 2985 3754 exigatis
3022 3692 3120 3748 ut,
3166 3682 3275 3738 nisi
3319 3696 3441 3752 qua:
3473 3689 3605 3736 sunt

2012 3775 2254 3842 animae,
2295 3775 2448 3830 aliud
2491 3783 2676 3831 tamen
2727 3774 2863 3845 quid
2919 3788 3284 3845 agnoscamus
3339 3788 3370 3827 a
3419 3772 3605 3827 Verbo

2013 3881 2237 3922 carnem
2266 3868 2582 3938 accepisse,
2630 3881 2702 3921 ne
2733 3866 2964 3921 omnino
2988 3907 3003 3931 ,
3055 3874 3117 3920 ut
3170 3863 3358 3919 dicitis
3384 3905 3400 3929 ,
3446 3863 3499 3919 ei
3532 3864 3606 3917 sit

2012 3959 2227 4015 inutilis
2260 3960 2448 4015 divina
2478 3960 2632 4025 unio,
2664 3960 2710 4015 si
2743 3975 2927 4030 neque
2965 3975 3029 4015 ea
3063 3974 3187 4029 quae
3221 3960 3420 4013 animae
3452 3965 3603 4021 sunt,

2013 4065 2197 4120 neque
2224 4051 2332 4107 alia
2360 4067 2485 4122 quae
2520 4066 2689 4122 super
2714 4066 2836 4106 eam
2858 4094 2873 4118 ,
2902 4050 3031 4105 inde
3061 4049 3216 4105 carni
3256 4056 3554 4119 suppetant
3590 4064 3603 4101 :

2015 4143 2152 4199 illud
2181 4144 2332 4199 enim
2377 4144 2484 4199 sibi
2529 4144 2651 4198 vult
2679 4142 2733 4197 id
2764 4141 2913 4213 quod
2949 4141 3166 4206 dicitis,
3212 4156 3318 4195 nos
3350 4138 3605 4205 mentiri,

2016 4234 2515 4305 impassibilitatem
2578 4241 2636 4288 et
2718 4231 3306 4303 incorruptibilitatem
3382 4228 3608 4283 unionis

2017 4336 2280 4398 tanquam
2320 4341 2503 4383 causa:
2536 4326 2887 4391 tribuentes,
2933 4339 3061 4379 cum
3094 4338 3161 4378 ex
3192 4320 3607 4377 resurrectione

2016 4418 2135 4474 hate
2154 4417 2418 4473 habuisse
2449 4416 2729 4471 hominem
2761 4416 3111 4471 Dominicum
3147 4415 3309 4485 plane
3334 4420 3550 4468 constet
3591 4428 3606 4466 :

2017 4527 2048 4567 a
2082 4511 2245 4567 nobis
2277 4511 2539 4576 audietis,
2573 4509 2901 4566 odonorum
2924 4508 3023 4563 Dei
3051 4506 3252 4578 ignari,
3285 4506 3459 4561 multa
3485 4520 3609 4560 esse

2019 4613 2079 4659 et
2121 4603 2584 4674 praestantissima
2619 4603 2766 4657 dona
2799 4618 2828 4657 a
2863 4601 3045 4657 Verbo
3084 4600 3239 4655 carni
3285 4601 3529 4655 collata:
3562 4599 3610 4655 si

2016 4698 2223 4754 etenim
2254 4705 2310 4753 et
2331 4696 2834 4767 impassibilitatem
2856 4703 2913 4750 et
2938 4694 3525 4765 incorruptibilitatem
3545 4708 3614 4747 ex

316 4804 523 4859 γισταο
558 4790 607 4843 εἱ
631 4788 743 4858 γὰρ
781 4788 880 4843 καὶ
905 4786 1004 4859 τὴν
1042 4788 1317 4843 ἀπάθειαν
1344 4790 1440 4843 καὶ
1473 4789 1571 4860 τὴν
1600 4788 1912 4860 ἀφθαρσίαν

2018 4792 2430 4849 resurrectione
2469 4790 2703 4856 habuit,
2748 4804 2861 4843 non
2900 4789 3028 4860 pius
3063 4803 3128 4843 ac
3161 4803 3357 4843 omnes
3382 4803 3486 4843 nos
3515 4787 3616 4841 ho-

314 4884 388 4949 ἐξ
441 4884 796 4949 ἀναστάσεως
847 4884 1163 4951 ἐπεδέξατο,
1190 4884 1336 4938 καθά
1385 4884 1588 4950 πάντες
1642 4884 1914 4955 μέλλομεν

311 4978 471 5048 ἔχειν
507 4978 558 5030 οἱ
593 4976 896 5047 ἂνθρωποι,
924 4976 1063 5030 ἀλλά
1094 4978 1189 5031 καὶ
1217 4975 1328 5047 πρὸ
1369 4977 1746 5041 ἀναστάσεως,
1777 4977 1914 5031 πᾶσι

311 5070 439 5131 τοῖς
472 5071 689 5132 πιστοῖς
716 5067 788 5122 τά
831 5067 974 5141 ὑπὲρ
1004 5067 1317 5139 ἄνθρωπον,
1355 5069 1526 5140 ἧγουν
1564 5069 1915 5139 θαυματουρ-

313 5157 462 5231 γικά
495 5158 799 5231 δεδώρηται
815 5160 1138 5231 χαρίσματα
1157 5177 1172 5192 ·
1208 5161 1303 5214 καὶ
1321 5160 1708 5233 ἀναμαρτησία
1731 5159 1789 5214 δὲ
1819 5162 1916 5215 καὶ

315 5250 547 5318 ἐξουσία
576 5251 746 5323 πολλή
778 5269 838 5305 τε
870 5252 966 5307 καὶ
1000 5252 1261 5317 ποικίλως
1291 5252 1711 5324 μαρτυρηθέντα
1749 5251 1911 5323 αὐτῇ,

316 5341 495 5411 πόθεν
523 5343 925 5415 προσγενέσθαι
945 5347 1012 5416 τῇ
1039 5345 1204 5417 σαρκὶ
1225 5345 1477 5416 εἴποιμεν
1502 5345 1639 5416 αὐτῇ
1664 5362 1680 5411 ;
1714 5345 1775 5398 οὐ
1801 5345 1913 5414 γάρ

314 5440 398 5492 ἂν
443 5436 638 5500 ἁπλῶς
672 5453 760 5501 τις
789 5436 935 5490 είποι
989 5437 1122 5491 αὐτὸ
1151 5436 1316 5491 τοῦτο
1372 5438 1433 5491 τὸ
1464 5439 1522 5490 ὲν
1565 5438 1913 5508 ὑποκειμένῳ

315 5528 703 5601 θεωρούμενον
735 5531 992 5601 πρᾶγμα,
1038 5530 1132 5584 καὶ
1162 5530 1237 5602 μὴ
1300 5530 1435 5583 αὐτὸ
1469 5529 1703 5601 βεϐηκὸς
1757 5530 1912 5585 νοού-

318 5637 516 5696 μενον,
544 5623 714 5694 ηγουν
734 5624 834 5693 τὴν
872 5623 1194 5688 ἀνάστασιν,
1224 5622 1387 5693 φύσιν
1420 5621 1558 5679 εἷναί
1580 5641 1704 5677 τινα
1758 5624 1915 5693 ὲνερ-

316 5716 566 5786 γητικὴν
594 5716 869 5788 ὲγέρσεως
890 5717 988 5771 καὶ
1016 5716 1289 5782 ἀπαθείας
1327 5718 1423 5772 καὶ
1447 5716 1759 5789 ἀφθαρσίας
1807 5714 1914 5771 σώ-

405 5835 449 5869 ¹⁸
482 5835 501 5890 l
536 5835 682 5890 Tim.
716 5852 797 5901 Ill,
846 5835 933 5891 l6.

2021 4885 2201 4940 mines
2227 4899 2420 4940 sumus
2449 4884 2720 4948 habituri,
2746 4890 2990 4938 attamen
3017 4890 3073 4936 et
3105 4889 3234 4936 ante
3254 4880 3619 4935 resurrectio-

2022 4994 2148 5034 nem
2184 4977 2445 5032 omnibus
2502 4976 2762 5032 ﬁdelibus
2821 4990 2887 5030 ea
2934 4990 3055 5045 quae
3114 4988 3285 5042 super
3334 4971 3625 5048 hominen.

2021 5079 2173 5135 sunt,
2206 5070 2324 5126 sive
2353 5068 2796 5140 tbaumaturgica
2835 5066 2980 5123 dona
3005 5066 3235 5136 largitus
3262 5072 3382 5130 cst,
3410 5063 3590 5131 impec
3615 5049 3625 5139 ξ

2021 5161 2277 5217 cabilitas
2304 5175 2526 5231 quoque
2551 5168 2607 5215 et
2645 5173 2839 5229 magna
2874 5156 3120 5227 potentia
3159 5154 3314 5209 varia
3374 5152 3610 5207 manife-

2023 5262 2167 5309 stata
2194 5294 2209 5318 ,
2253 5252 2403 5307 unde
2442 5251 2596 5306 carni
2645 5250 2757 5304 huc
2790 5248 3090 5304 accessisse
3141 5244 3427 5301 dicemus?
3492 5244 3611 5299 Non

2019 5347 2169 5401 enim
2216 5344 2549 5415 insipienter
2593 5342 2878 5399 diceretur
2922 5339 3057 5394 illud
3087 5348 3301 5394 tantum
3341 5336 3490 5407 quod
3528 5345 3616 5391 est

2019 5436 2396 5493 essentialiter
2418 5435 2476 5489 in
2500 5432 2753 5503 subiecto
2777 5475 2793 5500 ,
2838 5447 2952 5486 non
2978 5438 3166 5486 autem
3201 5431 3353 5501 quod
3391 5442 3447 5484 et
3479 5444 3612 5497 sup-

2020 5534 2323 5599 poneretur
2363 5542 2464 5596 per
2494 5524 2755 5581 accidens
2778 5524 3069 5593 accedere,
3101 5523 3286 5593 qualis
3314 5531 3399 5579 cst
3428 5536 3616 5575 resur-

2023 5622 2228 5686 rectio,
2259 5620 2372 5673 vim
2407 5618 2701 5689 quamdam
2728 5632 2853 5673 esse
2882 5616 3225 5672 etrectricem
3246 5615 3614 5671 resurrectio-

2022 5713 2111 5769 nis
2128 5754 2142 5780 ,
2172 5710 2632 5784 impass'tbilitatis
2652 5718 2709 5767 et
2727 5708 3164 5781 incorruptionis
3184 5708 3433 5779 corporis
3450 5707 3614 5764 Chri-
