4116 6448
539 365 678 432 14³15

1801 364 2108 427 LEONTII
2145 364 2549 426 BYZANTINI

3649 363 3784 429 1476

527 478 633 543 sti;
657 492 766 531 non
797 474 948 530 enim
981 473 1155 529 nisiin
1173 472 1502 528 substantiis
1532 472 1816 529 invenitur
1837 475 2105 544 quidquid

2215 492 2383 544 ματος
2434 472 2692 544 Χριστοῦ·
2743 472 2902 541 μόνον
2940 470 3050 542 7&9
3081 473 3202 536 ταῖς
3239 473 3454 538 οὐσίαις
3483 473 3782 545 ἑνθεωρού-

528 568 848 632 essentiale,
905 565 1212 620 accidentia
1250 573 1434 619 autem
1465 567 1520 619 in
1547 581 1738 628 carne,
1773 576 1832 620 ut
1852 575 1983 621 sunt
2016 569 2102 621 in-

529 657 849 720 carceratio,
885 654 1138 719 elevatio,
1163 654 1477 708 humiliatio
1493 662 1548 708 et
1566 655 1802 720 similia;
1827 671 1948 724 quae
1976 655 2106 710 facit

529 747 837 800 substantia
865 755 920 799 et
945 746 998 799 in
1033 745 1338 798 substantia
1374 745 1491 800 ﬁeri
1519 755 1770 814 possunt,
1798 762 1901 800 nec
1921 755 2104 801 tamen

529 837 736 904 scripta
785 836 964 890 facere
1010 843 1105 888 aut
1149 835 1418 904 quidquid
1469 837 1614 891 alius
1663 852 1731 891 ex
1783 837 2007 907 scriptis
2047 838 2105 892 in

529 928 855 982 substantiis
901 943 1140 996 unquam
1178 936 1440 998 poterunt
1475 945 1490 982 :
1523 945 1648 983 nam
1681 946 1861 1001 neque
1891 930 2104 995 Lazari,

529 1036 722 1089 nequa:
745 1020 870 1073 tilia:
918 1020 1076 1084 Jairi,
1117 1029 1212 1074 aut
1245 1031 1573 1076 ca:terorum
1622 1025 1960 1079 resurrectio
2003 1025 2106 1079 ali-

529 1111 661 1178 quid
695 1111 748 1162 in
780 1112 861 1164 eis
891 1127 956 1164 ex
991 1126 1048 1164 se
1089 1111 1294 1164 ell‘ecit.

597 1201 886 1265 Quomodo
910 1218 1042 1270 ergo
1074 1201 1260 1255 dicitis
1291 1202 1407 1257 hch
1451 1218 1517 1257 ex
1559 1205 1967 1260 resurrectione
2007 1205 2106 1259 ba-

529 1288 716 1344 buisse
742 1290 1020 1344 hominem
1045 1291 1390 1344 Dominicum
1409 1291 1432 1344 ?
1448 1292 1503 1346 Si
1523 1293 1670 1346 enim
1702 1309 1732 1348 a
1757 1310 1816 1348 se
1833 1311 1941 1349 non
1959 1296 2108 1349 exsi-

530 1380 698 1434 stenti
749 1381 977 1445 habuit,
1007 1383 1118 1452 jam
1163 1398 1271 1435 non
1312 1383 1662 1451 reputabitur
1690 1400 1882 1439 eorum
1907 1395 1963 1440 et
1999 1386 2107 1441 sibi

531 1480 588 1525 et
619 1472 779 1526 nobis
811 1473 979 1528 fuisse
1001 1490 1186 1538 causa,
1221 1474 1315 1544 qui
1346 1484 1464 1528 erat
1492 1485 1546 1529 et
1582 1477 1725 1530 Deus
1745 1485 1896 1542 erat,
1927 1493 2107 1545 neque

531 1563 678 1619 Deus
702 1581 829 1619 eum
879 1567 1265 1631 rcsuscitassc;
1291 1567 1337 1620 si
1365 1576 1545 1621 autem
1569 1570 1843 1623 exsistens
1872 1569 2105 1638 aliquid,

532 1654 637 1710 hoc
684 1666 804 1711 erat
852 1669 909 1712 et
953 1661 1200 1728 quaedam
1245 1660 1326 1713 vis
1351 1675 1542 1714 eorum
1574 1661 1825 1715 effectrix
1848 1672 1905 1716 et
1943 1677 2107 1716 causa

531 1746 990 1816 impassibilitatis
1010 1759 1066 1805 et
1086 1751 1651 1820 incorruptibilitatis,
1677 1755 1806 1823 quia
1833 1754 1978 1808 nulla
2003 1754 2107 1808 alia

2209 565 2371 633 μενόν
2383 562 2437 618 τί
2457 566 2592 626 ἐστι,
2605 563 2699 616 καὶ
2713 559 3106 630 ὲπιωμσαῖνον
3121 563 3285 634 αὐτῇ,
3312 563 3505 632 ὥσπερ
3520 565 3615 616 καὶ
3631 566 3664 634 ή
3686 581 3785 616 κα-

2205 655 2483 718 τάκλεισις
2503 655 2596 709 καὶ
2627 653 2836 722 ὖψωσις
2861 654 2957 707 καὶ
2977 653 3305 718 ταπείνωσις
3329 656 3423 708 καὶ
3443 656 3508 708 τά
3537 656 3781 710 τοιαῦτα·

2206 744 2379 799 ταῦτα
2412 746 2518 814 7&9
2551 744 2707 797 οὐσία
2744 743 2844 812 μέν
2873 760 2958 806 τις
2985 746 3297 817 ὲνεργήσοι,
3353 745 3450 798 καὶ
3478 747 3558 808 εἰς
3594 745 3787 800 οὐσίαν

2207 836 2526 907 ὲνεργηθείη
2551 838 2618 891 ἀν
2640 854 2654 869 ⁸
2683 836 2824 892 αὐτὰ
2845 838 3027 907 μέντοι
3083 839 3207 894 οὔτε
3227 841 3419 904 ὲαυτά,
3443 838 3567 893 οὔτε
3597 841 3788 912 ἕτερόν

2207 945 2262 981 τι
2304 928 2362 993 ἐξ
2399 928 2607 981 ἑαυτῶν
2653 929 2709 982 ὲν
2749 929 2956 993 οὐσίαις
3029 933 3318 1003 ὲνεργήσοι
3361 931 3617 986 πώποτε·
3663 933 3786 986 οὐδὲ

2207 1019 2315 1090 γάρ
2343 1020 2376 1088 ή
2408 1019 2660 1091 Λαζάρου
2685 1020 2806 1073 οὐδὲ
2827 1021 2927 1091 τῆς
2951 1023 3143 1086 παιδὸς
3159 1025 3388 1094 Ἰαείρου
3426 1023 3586 1094 ἡτῶν
3607 1023 3788 1077 ἀλλων

2208 1111 2508 1174 ἀνάστασίς
2523 1128 2576 1163 τι
2599 1111 2898 1180 πεποίηκεν
2926 1113 3006 1176 είς
3023 1114 3222 1177 αὐτοὺς
3237 1114 3375 1185 αὕτη
3390 1115 3551 1167 αὐτου
3560 1114 3787 1184 ργικῶς.

2279 1201 2404 1262 Πῶς
2455 1197 2551 1255 οῦν
2599 1202 2657 1268 ἐξ
2721 1203 3069 1268 ἀναστάσεως
3124 1205 3298 1259 ταῦτα
3351 1205 3647 1276 ἐσχηκέναι
3693 1205 3789 1258 τὸν

2208 1294 2487 1364 κυριακὸν
2516 1293 2802 1362 ἄνθρωπόν
2836 1311 3007 1364 φατες
3045 1296 3094 1348 εἰ
3129 1295 3238 1366 7&9
3294 1296 3358 1348 ἐκ
3393 1294 3487 1348 τοῦ
3536 1296 3790 1365 ἀνυπάρ-

2209 1401 2342 1437 κτου
2371 1384 2699 1453 πράγματος
2728 1384 2903 1438 ταῦτα
2932 1385 3157 1454 γέγονεν
3191 1385 3362 1455 αὐτῷ,
3391 1386 3490 1456 οὐχ
3537 1387 3566 1438 6
3611 1385 3792 1455 ὑπάρ-

2209 1493 2318 1546 χων
2351 1476 2445 1528 καὶ
2497 1474 2572 1528 ὢν
2618 1476 2752 1539 Θεὸς
2803 1476 3010 1532 τούτων
3054 1477 3228 1540 αἴτιος
3259 1479 3391 1547 ήμῖν
3422 1493 3480 1529 τε
3511 1477 3605 1530 καὶ
3635 1476 3788 1546 αὐτῷ

2207 1566 2613 1637 λογισθήσεται,
2677 1568 2800 1621 οὐδὲ
2855 1570 2884 1622 6
2934 1567 3068 1630 Θεὸς
3115 1568 3278 1622 αὑτὸν
3333 1567 3600 1636 ἐγείρειν·
3649 1568 3698 1618 εἰ
3729 1566 3786 1619 δὲ

2209 1659 2455 1729 ὑπάρχον
2485 1659 2538 1713 τί
2566 1661 2704 1726 ἐστι,
2749 1660 2842 1713 καὶ
2869 1659 3030 1729 φύσις
3058 1660 3208 1713 ἐστὶν
3243 1662 3276 1730 ή
3300 1658 3476 1712 ταῦτα
3511 1659 3788 1728 ποιήσασα

2209 1751 2304 1805 καὶ
2335 1752 2603 1824 λεγομένη
2650 1753 2922 1817 ἀπαθείας
2958 1751 3053 1806 καὶ
3101 1752 3411 1824 ἀφθαρσίας
3445 1747 3585 1806 εἶναι
3626 1771 3790 1825 χαρι-

530 1847 726 1893 natura
770 1856 892 1896 esse
943 1851 1124 1912 potest
1173 1843 1367 1897 horum
1401 1845 1652 1900 effectrix
1687 1860 1886 1916 praeter
1934 1848 2104 1901 Deum

2210 1842 2367 1911 στική
2393 1857 2407 1872 °
2451 1841 2576 1895 ἐπεὶ
2616 1841 2713 1912 οὑχ
2762 1843 2924 1912 ἑτέρα
2955 1841 3118 1911 φύσις
3160 1841 3316 1896 ἔσται
3339 1842 3546 1896 τούτων
3575 1858 3791 1916 παρεκ-

531 1930 662 1999 (ηοη
693 1933 841 1987 enim
866 1935 1109 1989 hominis
1131 1942 1237 2000 est,
1265 1936 1409 1989 sicut
1440 1936 1649 1990 dictum
1673 1939 1778 2006 est)
1812 1955 1825 1988 :
1865 1939 1990 2006 quis
2020 1948 2106 1993 est

529 2021 695 2078 homo
725 2025 820 2094 qui
851 2024 997 2078 vivet
1027 2035 1085 2080 et
1107 2042 1216 2080 non
1244 2026 1454 2082 videbit
1473 2037 1728 2095 mortem,
1757 2030 1958 2099 eripiet
1982 2030 2104 2084 ani-

530 2129 675 2167 mam
710 2131 864 2169 suam
904 2116 972 2170 de
1003 2132 1167 2170 manu
1207 2117 1408 2172 inferi?
1452 2119 1600 2174 Deus
1639 2135 1806 2176 verus
1853 2121 1960 2176 erit
2008 2122 2103 2192 qui

529 2202 648 2258 hare
674 2207 857 2259 omnia
888 2205 1047 2272 facit;
1079 2217 1135 2262 et
1166 2207 1294 2262 inde
1324 2208 1482 2263 vobis
1503 2209 1612 2264 erit
1637 2210 1940 2282 intelligere
1976 2228 2103 2266 eum

528 2292 699 2348 fuisse
722 2310 915 2350 eorum
962 2312 1184 2352 causam
1214 2307 1269 2351 et
1295 2309 1577 2354 auctorem
1598 2342 1613 2366 ,
1647 2301 2106 2372 impassibilitatis

529 2386 739 2440 scilicet
785 2395 843 2442 et
899 2389 1464 2459 incorruptibilitatis,
1500 2393 1648 2462 quod
1683 2410 1816 2449 vere
1863 2395 2104 2464 seipsum

529 2475 826 2530 suscitasse
858 2477 1096 2542 dicatur,
1132 2480 1226 2548 qui
1265 2496 1462 2550 nempe
1491 2482 1632 2536 dixit
1661 2500 1674 2536 :
1709 2484 1823 2554 Ego
1852 2501 1970 2538 sum
1996 2488 2104 2540 vita

530 2573 580 2616 et
611 2567 924 2619 resurrectio
951 2567 995 2597 ¹⁶
1041 2569 1451 2636 (ιυοᾱΝθτίιυηι
1480 2586 1578 2625 vos
1604 2572 1840 2628 maxime
1861 2577 1995 2630 estis
2015 2592 2104 2631 as-

529 2657 785 2724 pernati;
833 2674 934 2729 ego
960 2668 1140 2714 tamen
1184 2661 1284 2714 tibi
1319 2661 1446 2716 dico
1474 2663 1607 2732 quid
1645 2667 2052 2723 ostendendum
2089 2687 2104 2724 :

529 2751 628 2806 sed
671 2751 854 2808 edocti
903 2769 933 2807 a
985 2755 1165 2809 Verbo
1209 2757 1624 2813 accidentaliter
1657 2762 1947 2827 sensibili,
1999 2780 2106 2819 una

531 2855 656 2894 cum
707 2858 899 2897 sorore
947 2843 1162 2908 Lazari,
1220 2845 1471 2900 sensibili
1519 2849 1768 2916 corporis
1796 2851 2106 2906 voluntarie

529 2933 684 2987 surdi
710 2935 844 2990 estis
871 2953 883 2987 :
910 2935 1075 3000 sicut,
1109 2936 1222 2990 ait:
1256 2937 1424 2991 Pater
1465 2942 1686 2994 suscitat
1717 2951 1951 2996 mortuos
1977 2982 1993 3007 ,
2032 2946 2108 2998 sic

532 3021 674 3077 Filio
725 3034 1035 3096 potestatem
1069 3029 1208 3080 dedit
1246 3039 1477 3084 mortuos
1511 3033 1767 3086 suscitare
1798 3035 1860 3087 '7.
1904 3034 2108 3106 Sicrgo

530 3110 648 3166 haec
681 3114 838 3168 vobis
868 3115 936 3169 ad
959 3116 1297 3171 credendum
1335 3119 1469 3174 satis
1505 3130 1654 3185 sunt,
1691 3131 1886 3178 caetera
1911 3126 2107 3180 saltem

530 3203 768 3258 audietis
799 3220 994 3260 eorum
1031 3223 1153 3277 quae
1202 3225 1230 3262 a
1278 3211 1438 3265 vobis
1465 3224 1596 3267 sunt
1626 3213 1772 3269 dicta
1804 3233 1817 3268 :
1850 3215 1896 3271 si
1934 3218 2104 3284 enim,

528 3295 989 3361 quemadmodum
1021 3313 1215 3354 omnes
1245 3300 1499 3356 homines
1539 3307 1900 3361 resurrecturi
1936 3317 2105 3374 sunt,

529 3383 610 3438 sic
636 3389 938 3442 resurrexit
959 3389 1244 3454 Dominus,
1277 3407 1378 3446 cur
1408 3409 1636 3449 necesse
1680 3395 1784 3450 fuit
1805 3413 1930 3452 eum
1954 3398 2107 3467 prius

530 3481 856 3548 resurgere?
895 3481 952 3534 Si
984 3482 1135 3536 enim
1179 3492 1238 3536 ut
1271 3499 1372 3539 nos
1410 3489 1754 3551 resurrexit,
1790 3496 1847 3542 et
1875 3505 1976 3544 nos
2004 3490 2105 3559 ipsi

528 3571 731 3624 ut'ille
788 3587 1159 3643 resurgemus,
1221 3576 1352 3644 quid
1401 3593 1540 3646 opus
1595 3578 1699 3634 fuit
1747 3582 1869 3651 ejus
1901 3598 2107 3651 prame-

528 3662 668 3717 cissc
700 3667 1264 3722 resurrectionem?Si
1292 3678 1470 3723 tamen
1492 3686 1602 3724 non
1629 3682 1855 3742 propter
1869 3690 1988 3729 eam
2006 3692 2106 3731 nos

530 3751 636 3821 ipsi
667 3755 1005 3824 resurgimus
1027 3765 1083 3812 et
1107 3773 1174 3812 eo
1209 3759 1354 3828 quod
1392 3759 1509 3830 ipsa
1540 3763 1854 3831 praecessit;
1895 3764 1989 3818 illo
2019 3773 2106 3820 et-

529 3845 679 3898 enim
709 3860 818 3898 non
850 3857 1170 3917 resurgente
1196 3889 1210 3914 ,
1261 3851 1354 3920 qui
1391 3867 1517 3906 eum
1561 3863 1620 3906 ut
1649 3869 1750 3908 nos
1779 3855 2101 3921 suscitavit,

529 3951 632 3992 nos
675 3953 895 4006 quoque
927 3940 1220 3996 suscitaret
1251 3951 1310 3996 ut
1359 3959 1512 4007 eum,
1545 3959 1612 3998 ex
1646 3945 1699 3998 vi
1735 3949 2106 4004 communiter

529 4029 586 4084 in
611 4031 866 4086 omnibus
890 4033 1191 4088 exsistente
1216 4042 1273 4089 et
1311 4035 1459 4090 illius
1489 4036 1689 4103 simili;
1719 4037 1794 4093 ita
1821 4040 1990 4110 igitur
2023 4042 2107 4111 ip-

2204 1934 2331 2004 τικὴ
2375 1933 2512 2004 πλὴν
2556 1934 2692 1987 Θεοῦ
2727 1951 2740 1965 ’
2786 1934 2908 1988 οὔτε
2952 1935 3060 2004 7&9
3103 1935 3393 2006 ἀνθρώπου
3425 1936 3569 2003 τόδε,
3606 1937 3790 2001 καθὼς

2206 2026 2454 2094 εἴρηται·
2485 2023 2569 2089 τίς
2604 2027 2754 2079 ἐστιν
2794 2027 3083 2098 ἄνθρωπος
3132 2027 3193 2090 ὃς
3250 2026 3476 2096 ζήσεται
3539 2029 3635 2081 καὶ
3684 2031 3790 2083 οὐκ

2205 2116 2396 2185 ὄψεται
2423 2117 2675 2184 θάνατον,
2703 2117 2928 2188 ῥύσεται
2971 2119 3070 2190 τήν
3118 2119 3298 2190 ψυχὴν
3325 2119 3491 2174 αὐτοῦ
3519 2121 3582 2174 ὲκ
3603 2120 3790 2191 χειρὸς·

2205 2207 2334 2278 ᾅδου
2359 2224 2376 2274 ;
2405 2207 2537 2271 Θεὸς
2565 2207 2820 2279 ἀληθινὸς
2851 2209 3005 2264 ἔσται
3053 2209 3116 2262 τδ
3163 2209 3333 2263 τῶνδε
3373 2213 3656 2280 ποιητικὸν
3692 2213 3784 2266 αίο

2204 2315 2319 2352 τιον
2340 2315 2354 2329 ·
2387 2299 2482 2352 καὶ
2516 2299 2669 2353 ἔσται
2698 2299 2915 2371 ἀληθῶς
2944 2299 3195 2354 ἐντεῦθεν
3242 2301 3372 2354 ἰδεῖν
3401 2301 3547 2372 ὑμᾶς
3583 2303 3658 2365 ὡς
3686 2303 3787 2356 αύ-

2204 2390 2297 2452 τὸς
2337 2384 2406 2461 ἧν
2451 2392 2479 2443 6
2519 2389 2689 2443 τῶνδε
2745 2391 2940 2458 αἴτιος,
2973 2392 3070 2445 καὶ
3103 2391 3229 2445 τάδε
3268 2391 3464 2457 ποιῶν,
3489 2393 3659 2461 ήγουν
3683 2393 3789 2462 τὴν

2205 2482 2474 2538 ἀπάθειαν
2500 2484 2596 2537 καὶ
2621 2481 2934 2554 ἀφθαρσίαν
2953 2499 2968 2514 ο
3004 2484 3163 2555 εἰπερ
3193 2484 3355 2547 αὐτὸς
3387 2485 3582 2538 ἑαυτὸν
3615 2486 3790 2549 ὅντως

2205 2574 2512 2644 ἀναστῆσαι
2555 2575 2794 2643 λέγεται,
2827 2576 2855 2628 6
2889 2577 2985 2630 καὶ
3027 2579 3207 2647 φήσας
3227 2593 3241 2607 ·
3286 2577 3428 2646 Ἐγώ
3455 2580 3570 2648 εἰμι
3602 2580 3641 2647 ἠ
3670 2578 3787 2648 ζωὴ

2206 2666 2306 2720 καί
2340 2668 2378 2735 ἠ
2413 2665 2753 2735 ἀνάστασις
2780 2707 2795 2731 ,
2831 2663 2900 2740 ἦς
2953 2669 3152 2739 μᾶλλον
3205 2669 3364 2739 ὑμεῖς
3412 2670 3597 2740 φωνῆς
3645 2687 3795 2739 παρ-

2206 2757 2727 2829 ηκούσατεοκαίτοι,
2749 2759 2892 2828 Ἐγὼ
2943 2761 3058 2830 εἰμι
3085 2761 3114 2812 6
3148 2759 3326 2813 λαλῶν
3366 2777 3472 2824 σοι,
3515 2761 3793 2815 δεικτικὸν

2207 2850 2266 2903 δν
2289 2867 2303 2881 ·
2339 2851 2434 2903 καὶ
2463 2851 2528 2903 ὲκ
2553 2849 2649 2903 τοῦ
2685 2852 2832 2904 κατά
2856 2849 2958 2922 τὴν
2980 2851 3302 2922 προσφορὰν
3334 2851 3593 2922 αἰσθητοῦ
3626 2851 3790 2921 λόγου

2210 2941 2568 3012 ὲνηχούμενοι
2621 2941 2762 3011 μετά
2802 2943 2904 3011 τῆς
2958 2941 3195 3012 ἀδελφῆς
3240 2943 3494 3014 Λαζάρου
3545 2944 3794 3014 αἰσθητῷ

2211 3034 2425 3103 σώματι
2473 3033 2652 3087 ἑκοντὶ
2701 3033 3016 3103 κωφεύετε·
3045 3034 3257 3105 ὥσπερ,
3291 3036 3446 3106 φησὶ,
3491 3036 3546 3088 '0
3585 3037 3790 3104 πατὴρ

2210 3126 2422 3195 ἐγείρει
2460 3126 2602 3191 τοὺς
2631 3127 2906 3194 νεκροὺς,
2944 3126 3044 3180 καὶ
3070 3126 3261 3192 οὕτως
3300 3127 3400 3180 καί
3429 3126 3509 3192 τῷ
3543 3126 3654 3191 Υίῷ
3690 3127 3793 3180 δέ·-

2208 3218 2399 3271 δωκεν
2443 3217 2736 3282 ἐξουσίαν
2779 3217 3037 3286 ἐγείρειν
3079 3218 3220 3284 τοὺς
3271 3219 3548 3285 νεκρούς.
3580 3217 3644 3272 Εἰ
3686 3220 3795 3289 μὲν

2207 3306 2299 3362 οὖν
2333 3309 2496 3379 ἀρκεῖ
2533 3309 2706 3362 ταῦτα
2736 3309 2864 3380 ύμῖν
2891 3311 2972 3373 εἰς
3009 3310 3294 3376 πίστωσιν,
3332 3309 3456 3362 ὲπεί
3482 3309 3566 3363 τοί
3598 3327 3662 3378 γε
3691 3311 3794 3364 καὶ

2207 3402 2409 3471 ἐτέρων
2466 3401 2768 3454 ἀκούσεσθε
2816 3401 3129 3471 λεγομένων
3169 3402 3322 3470 ύμῖνο
3377 3404 3426 3454 εἰ
3476 3403 3587 3472 7&9
3643 3402 3795 3456 καθά

2207 3493 2407 3556 πάντες
2465 3493 2750 3562 μέλλουσιν
2808 3492 2954 3564 ἔχειν
2998 3494 3048 3545 οἰ
3094 3493 3393 3564 ἄνθρωποι,
3443 3494 3568 3564 ἔσχε
3619 3494 3716 3548 καὶ
3763 3496 3795 3547 6

2207 3585 2413 3655 Κύριος
2443 3585 2546 3655 τὴν
2579 3585 2903 3647 ἀνάστασιν,
2933 3584 3017 3648 τίς
3061 3586 3093 3655 ή
3137 3585 3296 3654 χρεία
3331 3585 3426 3637 τοῦ
3459 3585 3625 3639 αὐτὸν
3659 3585 3796 3639 ἀνα-

2208 3678 2403 3747 στῆσαι
2431 3676 2646 3746 πρῶτον
2669 3693 2682 3740 ;
2704 3677 2754 3729 εἰ
2777 3676 2886 3746 γὰρ
2915 3676 3010 3730 καὶ
3037 3676 3202 3740 αὐτὸς
3227 3677 3352 3730 καθ’
3381 3679 3531 3747 ἡμᾶς
3561 3677 3789 3746 ἀνέστη,

2205 3769 2300 3820 καὶ
2339 3769 2502 3837 ἡμεῖς
2537 3767 2658 3820 κατ’
2696 3767 2858 3820 αὑτὸν
2896 3767 3259 3836 ἀνιστάμεθα,
3292 3769 3377 3832 τίς
3415 3769 3449 3838 ή
3500 3769 3664 3839 χρεία
3695 3769 3793 3821 τοῦ

2207 3857 2573 3928 προγενέσθαι
2608 3857 2776 3910 αὑτοῦ
2819 3859 2918 3929 τὴν
2963 3860 3300 3926 ἀνάστασιν;
3334 3859 3492 3930 εἰπερ
3517 3862 3680 3930 ἡμεῖς
3715 3860 3791 3931 μὴ

2206 3951 2272 4003 δι’
2301 3951 2469 4018 αὐτῆς
2499 3949 2844 4020 ἀνιστάμεθα
2865 3966 2880 3981 ο
2914 3951 3009 4003 καὶ
3055 3950 3132 4021 τῷ
3183 3951 3546 4021 προγενέσθαι
3579 3953 3748 4020 αὑτήν
3773 3968 3790 3983 ο

2209 4042 2303 4096 καὶ
2338 4041 2503 4095 αὑτοῦ
2534 4043 2643 4112 γὰρ
2689 4043 2763 4112 μὴ
2801 4042 3156 4107 ἀναστάντος,
3196 4043 3225 4095 6
3271 4044 3585 4113 ἀναστήσας
3623 4042 3791 4095 αῦτδν

528 4138 650 4176 sum
675 4139 742 4177 ex
766 4127 1066 4195 semetipso
1095 4127 1464 4182 resurrexisse
1498 4138 1780 4185 ostensum
1799 4142 1884 4187 est
1921 4141 1977 4188 et
2006 4150 2105 4190 nos

2210 4135 2332 4188 καθ’
2364 4136 2533 4204 ήμᾶς,
2572 4135 2767 4206 ἀνιστᾷ
2801 4134 2868 4189 ἂν
2896 4137 3043 4206 ἡμᾶς
3077 4135 3199 4188 κατ’
3225 4135 3388 4188 αὑτὸν
3425 4136 3515 4188 διὰ
3545 4135 3646 4203 τῆς
3674 4152 3794 4188 κοι-

527 4231 595 4270 ex
628 4217 832 4271 unione
860 4219 1044 4272 carnis
1073 4227 1126 4272 et
1161 4219 1328 4274 Verbi
1361 4235 1671 4290 resurgere.

2211 4225 2319 4288 νῶς
2371 4227 2428 4278 ὲν
2471 4225 2642 4279 ἆπασι
2702 4227 2996 4297 γινομένης
3039 4227 3134 4281 καὶ
3185 4227 3379 4297 ὁμοίας
3435 4227 3600 4278 αὐτοῦ
3635 4227 3794 4296 ἐνερ-

526 4307 682 4375 γείας
705 4325 718 4338 ·
745 4306 888 4361 οὕτω
922 4308 1021 4376 μὲν
1053 4302 1144 4360 οὖν
1183 4307 1448 4361 δέδεικται
1484 4310 1649 4362 αὐτοῦ
1693 4328 1754 4364 τε
1788 4314 1820 4382 ή
1854 4314 2152 4379 ἀνάστασις
2189 4315 2581 4385 αύτοενέργεια
2643 4311 2809 4383 εἰναι,
2839 4317 2937 4370 καὶ
2965 4317 3124 4388 ήμῶν
3192 4318 3257 4370 ὲκ
3322 4316 3628 4380 συνθέσεως
3691 4319 3791 4388 τῆς

528 4403 666 4472 πρὸς
694 4401 783 4454 τὸν
807 4400 980 4468 Λόγον
1012 4402 1111 4471 τῆς
1139 4401 1341 4471 σαρκὸς
1364 4401 1683 4468 ἀνάστασις.

596 4495 758 4550 Nunc
795 4494 1260 4549 considerandum
1284 4495 1432 4549 aliud
1455 4513 1485 4551 a
1517 4497 1675 4554 vobis
1703 4499 1909 4554 dictum
1932 4542 1946 4567 ,
1979 4518 2105 4556 nam

2281 4502 2591 4573 Σκοπητέον
2620 4501 2676 4555 δὲ
2705 4502 2893 4556 λοιπὸν
2931 4502 3028 4556 καὶ
3068 4502 3130 4556 τὸ
3165 4501 3255 4555 ita
3267 4518 3358 4570 ρον
3385 4501 3447 4554 τὸ
3473 4499 3603 4571 παρ’
3633 4500 3791 4571 ὑμῶν

528 4587 680 4657 quod
711 4595 797 4641 est
819 4587 1073 4642 mirabile
1099 4587 1153 4640 in
1179 4587 1366 4641 divina
1396 4589 1515 4659 ejus
1545 4591 1856 4656 nativitate,
1880 4592 1946 4647 ad
1976 4592 2104 4662 Spi-

529 4679 697 4733 ritum
715 4687 962 4735 sanctum
978 4677 1193 4732 refertis
1210 4687 1267 4733 et
1293 4681 1411 4750 ejus
1428 4680 1642 4751 signum
1669 4698 1790 4738 esse
1816 4686 2058 4740 censetis
2082 4701 2099 4750 ;

2208 4593 2499 4664 εἰρημένον
2519 4607 2534 4622 ·
2569 4593 2630 4646 τὸ
2661 4591 2768 4664 7&9
2799 4593 3104 4664 παράδοξον
3133 4593 3232 4662 τῆς
3255 4591 3593 4662 θεοπρεποῦς
3622 4589 3791 4644 αὐτοῦ

2207 4687 2536 4757 γεννήσεως,
2576 4686 2669 4738 ἐπὶ
2691 4686 2752 4738 τὸ
2782 4685 2939 4754 ἅγιον
2975 4685 3200 4756 Πνεῦμα
3233 4685 3487 4752 ἀνάγετε,
3521 4685 3616 4738 καὶ
3648 4685 3790 4753 σύμ-

527 4787 639 4826 non
673 4779 856 4829 autem
891 4770 1088 4840 pignus
1119 4771 1496 4828 substantialis
1525 4776 1748 4830 unionis
1783 4775 1948 4831 Verbi
1977 4796 1992 4844 ;
2024 4778 2105 4832 di-

2211 4777 2366 4830 6ολον
2401 4774 2542 4830 εἶναι
2579 4777 2787 4847 ταύτην
2816 4777 3007 4831 τούτου
3031 4777 3310 4846 νομίζετε,
3343 4777 3440 4828 καὶ
3472 4777 3572 4828 οὐκ
3597 4775 3792 4828 οὐσιῶ-

528 4862 637 4918 cite
666 4861 832 4932 igitur
865 4877 983 4925 vos,
1043 4879 1144 4917 cur
1180 4864 1398 4920 tandem
1429 4865 1484 4919 in
1513 4867 1626 4919 sola
1659 4867 1780 4935 ejus
1826 4868 2112 4924 nativitate

530 4953 666 5008 illud
704 4953 1032 5019 sitfactum,
1077 4971 1186 5025 qua
1217 4956 1284 5009 de
1311 4972 1498 5020 causa,
1535 4957 1848 5012 istiusmodi
1887 4958 2106 5028 signum

529 5045 671 5101 hanc
702 5046 874 5100 solam
905 5046 1250 5101 nativitatem
1280 5063 1403 5102 esse
1436 5049 1697 5114 voluerit,
1742 5050 2017 5118 siquidem
2039 5067 2108 5104 ex

527 5140 731 5194 vestris
753 5138 1044 5210 principiis
1102 5139 1413 5204 habemus,
1463 5153 1699 5207 quorum
1757 5141 2106 5196 insociabiles

528 5240 760 5297 naturae,
822 5231 915 5285 illa
965 5245 1077 5285 non
1132 5245 1293 5298 posse
1344 5230 1597 5285 eamdem
1648 5233 2106 5302 compositionem

529 5321 796 5389 recipere.
833 5319 993 5374 Nunc
1041 5319 1238 5388 igitur,
1302 5335 1371 5373 ex
1417 5328 1604 5374 vestro
1664 5337 1845 5391 nuper
1896 5323 2107 5392 prolato

530 5410 838 5481 principio,
873 5411 980 5464 hoc
1004 5410 1219 5464 axioma
1263 5420 1453 5466 contra
1484 5412 1645 5467 tinem
1674 5429 1705 5468 a
1734 5415 1890 5470 vobis
1924 5417 2109 5470 inten-

532 5510 647 5556 tum
679 5516 949 5572 ponemus
994 5519 1008 5555 :
1046 5517 1282 5570 quorum
1329 5518 1529 5574 nempe
1579 5504 2108 5576 incompossibiliter

531 5590 760 5646 diversa:
811 5600 940 5647 sunt
992 5592 1329 5662 nativitatis,
1367 5612 1561 5651 eorum
1593 5615 1873 5670 nunquam
1900 5599 2107 5655 caulem

608 5770 652 5800 "
676 5767 832 5824 Joan.
855 5785 913 5835 ll,
939 5771 1029 5825 25.
1108 5773 1146 5803 ¹⁷
1174 5773 1332 5828 Joan.
1372 5791 1426 5840 v,
1454 5775 1544 5828 ει.

2212 4869 2336 4932 δους
2369 4868 2691 4938 συμπλοκῆς
2742 4868 2837 4922 τοῦ
2880 4869 3056 4937 Λόγου
3095 4869 3401 4939 τεκμήριον
3425 4883 3437 4896 ·
3467 4867 3662 4920 εἴπατε
3693 4867 3791 4921 οὖν

2214 4963 2348 5032 ἡμῖν
2377 4961 2568 5025 ὅντως,
2604 4956 2648 5012 ῶ
2678 4953 2848 5026 οὗτοι,
2879 4960 2966 5012 διά
3005 4960 3057 5012 τί
3081 4960 3174 5012 ἐπὶ
3202 4959 3302 5027 τῆς
3332 4958 3524 5011 τούτου
3553 4961 3650 5010 καὶ
3699 4959 3792 5027 μό-

2213 5067 2303 5103 νου
2357 5049 2667 5119 γεννήσεως
2715 5048 2874 5102 τοῦτο
2920 5047 3262 5119 γεγένηται;
3313 5048 3408 5100 καὶ
3434 5047 3597 5100 διὰτί
3632 5047 3790 5116 τήνδε

2211 5140 2308 5212 τὴν
2360 5139 2520 5193 αὑτοῦ
2578 5139 2835 5208 τοιαύτην
2865 5140 3143 5209 γέννησιν,
3171 5139 3231 5191 τὸ
3259 5137 3463 5190 τοιόνδε
3520 5137 3790 5207 σύμϐολον

2210 5233 2582 5304 κατηρτίσατο
2614 5234 2809 5302 μὸνον;
2841 5232 2937 5286 καὶ
2968 5231 3078 5302 7&9
3102 5232 3165 5284 ὲκ
3193 5229 3305 5282 τῶν
3336 5229 3619 5298 ὑμετέρων
3646 5230 3790 5299 λημ-

2213 5326 2400 5396 μάτων
2439 5325 2657 5396 ἔχομεν,
2687 5326 2770 5378 ὅτι
2824 5316 2899 5379 ὧν
2949 5323 3300 5394 ἀσυγκρίτως
3348 5322 3703 5392 διαφέρουσιν
3731 5319 3789 5400 αἱ

2211 5418 2427 5488 φύσεις,
2457 5418 2668 5480 τούτοις
2706 5419 2767 5470 ού
2796 5417 3022 5470 δυνατὸν
3043 5416 3143 5486 τὴν
3179 5414 3349 5485 αὐτὴν
3382 5413 3635 5466 σύνθεσιν
3666 5417 3792 5465 ἐπι-

2212 5508 2566 5578 συμϐαίνειν*
2608 5506 2702 5561 νῦν
2733 5503 2827 5561 οὖν
2882 5507 3014 5576 ὑμῖν
3061 5505 3151 5558 διά
3185 5504 3246 5558 τὸ
3276 5504 3540 5573 ὑμέτερον
3587 5503 3792 5571 ἀρτίως

2211 5599 2375 5671 θέμα,
2409 5600 2671 5664 ἐναντίως
2711 5599 2811 5670 μὲν
2863 5597 2942 5670 τῷ
2995 5594 3184 5667 σκοπῷ
3231 5595 3350 5649 τόδε
3396 5593 3527 5647 αὐτὸ
3571 5593 3792 5663 ἀξίωμα
