4116 6458
358 394 492 462 1677

1306 394 1705 457 ADVERSUS
1742 392 2291 455 NESTORIANOS.
2334 416 2404 430 -
2442 395 2588 458 LI‘B.
2630 395 2679 457 Ι.

3487 395 3627 461 M78

354 505 626 578 φήσομεν,
661 502 745 557 δτι
776 519 852 557 ων
889 503 947 556 αἱ
976 502 1264 575 γεννήσεις
1292 503 1541 574 διάφοροι
1564 504 1938 576 άσυγγρίτως,

2047 514 2209 559 erunt
2239 514 2451 562 natura:
2476 524 2489 560 :
2525 507 2655 577 quia
2691 507 2759 563 ad
2796 523 2966 563 unum
2991 522 3158 564 nemo
3181 507 3424 580 ambiget
3449 526 3513 565 ea
3543 512 3628 567 in-

351 596 610 652 οὑδέποτε
632 595 689 647 αί
720 594 884 648 αὑταὶ
916 594 1107 665 φύσεις
1136 596 1463 665 γενήσονται
1485 610 1501 626 ⁸
1532 596 1615 649 ὅτι
1651 594 1762 666 γὰρ
1786 594 1846 648 τδ
1877 595 1938 648 ἐν

353 687 610 757 ἁνομίαις
637 687 1014 758 συλληφθῆναι
1046 687 1385 759 ἀσύγκριτον
1420 686 1534 758 ἔχει
1561 687 1623 740 τὸ
1654 688 1935 759 διάφορον.

352 779 457 833 οὑκ
498 777 801 849 ἁμφιϐάλοι
836 779 903 833 ἂν
935 779 1058 832 οὑδὲ
1097 779 1237 843 ὅλως
1272 796 1360 842 τις
1386 780 1499 833 τῶν
1525 778 1697 833 ὄντων
1721 794 1736 809 ⁸
1775 777 1857 832 ἔτι
1881 778 1939 833 δὲ

354 872 453 926 καὶ
493 870 670 935 οὑτως
721 870 885 925 πάλιν
934 869 1207 942 ἐροῦμενο
1259 872 1324 926 Et
1368 871 1429 925 τὸ
1477 872 1678 941 ἐκοτῆς
1713 872 1936 943 σαρκὸς,

357 961 497 1035 σάρξ
533 963 690 1015 ἐστι’
725 960 787 1015 τὸ
820 961 878 1014 δέ
906 962 971 1015 ἐκ
1000 961 1094 1015 τοῦ
1127 961 1469 1033 Πνεύματος,
1507 963 1734 1033 Πνεῧμά
1779 964 1896 1017 ἐστι
1922 979 1938 995 ·

357 1050 497 1121 σὰρξ
527 1050 585 1105 δέ
619 1050 715 1104 καὶ
760 1049 986 1121 Πνεῦμα
1014 1051 1076 1104 ού
1104 1052 1206 1122 τῆς
1256 1052 1427 1123 αὐτῆς
1468 1053 1656 1117 οὐσίας
1678 1070 1690 1084 ·
1722 1055 1832 1119 πᾶς
1882 1055 1941 1108 δὲ

355 1142 649 1214 ἄνθρωπος
678 1140 816 1213 σὰρξ
838 1142 905 1195 ἐκ
928 1142 1131 1214 σαρκός
1151 1158 1166 1173 ·
1200 1143 1285 1197 διὸ
1308 1143 1406 1198 καὶ
1433 1144 1499 1198 ἐκ
1522 1144 1726 1215 σαρκὸς
1748 1147 1942 1217 όμοου-

359 1234 491 1297 σίως
524 1231 834 1304 σαρκωθεὶς
868 1232 1171 1306 ἐγεννήθη*
1210 1235 1240 1288 ό
1284 1234 1344 1288 δέ
1382 1236 1586 1307 Κύριος
1635 1237 1797 1307 ἡμῶν
1836 1238 1942 1309 Ἰη-

360 1326 487 1390 σοῦς
520 1328 586 1379 ἐκ
612 1324 929 1395 Πνεύματος
965 1326 1124 1395 ἁγίου
1156 1327 1249 1380 καὶ
1285 1328 1502 1399 Μαρίας
1527 1328 1627 1400 τῆς
1661 1329 1940 1401 Παρθένου

360 1415 469 1469 τῶν
501 1414 860 1487 ἐτεροουσίων
894 1415 1197 1488 σαρκωθεὶς
1238 1419 1511 1491 ἐγεννήθη
1533 1437 1549 1453 ο
1580 1417 1818 1485 πῶςόὖν
1840 1422 1941 1475 οὑκ

360 1507 659 1570 οὑσιὼδους
689 1507 1011 1579 συμπλοκῆς
1050 1506 1146 1579 τοῦ
1180 1509 1358 1577 Λόγου
1392 1513 1758 1584 τεκμήριον,ἠ
1791 1513 1943 1568 τοιά-

360 1599 421 1653 δε
454 1599 708 1671 γέννησις
736 1599 796 1653 ἐν
892 1600 955 1653 τὸ
984 1600 1079 1654 τοῦ
1106 1601 1265 1670 ἁγίου
1296 1602 1613 1674 Πνεύματος
1646 1605 1939 1676 σύμϐολον,

359 1690 439 1755 ὡς
468 1690 754 1762 ἐνομίζετε
796 1690 955 1762 ὑμεῖς
985 1692 1206 1762 γέγονε;
1237 1694 1334 1748 καὶ
1370 1695 1433 1749 τὸ
1458 1691 1552 1749 οὖν
1579 1698 1645 1750 ὲκ
1688 1697 1939 1767 Πνεύμα-

2042 597 2509 666 compossibiliter
2532 598 2758 654 diﬂ‘erre
2789 614 2911 668 qua:
2946 600 3005 654 in
3037 599 3308 670 oppositis
3333 601 3627 658 continen-

2042 697 2166 755 tur;
2197 689 2279 744 sic
2296 705 2519 759 quoque
2540 706 2762 745 rursum
2778 691 3058 746 dicemus:
3088 691 3134 746 si
3162 690 3311 761 quod
3341 708 3411 747 ex
3435 707 3624 761 carne,

2040 796 2171 837 caro
2204 792 2310 847 est,
2342 782 2488 852 quod
2529 792 2711 838 autem
2742 798 2809 837 ex
2843 784 3066 854 spiritu,
3099 784 3330 855 spiritus
3358 794 3628 850 est;caro

2039 887 2176 926 vero
2208 881 2263 927 et
2292 874 2524 944 spiritus
2546 890 2656 929 non
2679 883 2811 929 sunt
2829 876 3077 947 ejusdem
3102 878 3398 945 essentiaa;
3443 880 3628 934 omnis

2041 974 2229 1019 autem
2262 964 2431 1020 homo
2466 980 2535 1020 ex
2568 982 2757 1031 carne,
2784 983 2851 1022 eo
2893 968 3042 1038 quod
3073 970 3630 1026 consubstantialiter

2039 1070 2109 1111 ex
2146 1072 2314 1111 carne
2345 1057 2418 1112 sit
2444 1057 2685 1128 genitus.
2712 1059 2979 1114 Dominus
3027 1070 3212 1116 autem
3250 1070 3442 1116 noster
3466 1062 3631 1117 Jesus

2042 1163 2073 1203 e
2104 1148 2314 1219 Spiritu
2340 1160 2535 1205 sancto
2562 1159 2618 1205 et
2649 1151 2817 1206 Maria
2852 1152 3079 1222 Virgine
3120 1168 3230 1207 non
3260 1152 3507 1223 ejusdem
3531 1169 3629 1209 na—

2042 1242 2624 1308 turaaincarnatusest;
2640 1243 3059 1315 quomodoergo
3075 1245 3456 1300 substantialis
3472 1246 3628 1301 unio-

2040 1321 2130 1387 nis
2153 1334 2310 1388 verbi
2336 1334 2554 1405 signum
2585 1351 2696 1390 non
2722 1345 2869 1391 esset
2895 1337 3206 1392 istiusmodi
3229 1337 3487 1392 nativitas
3511 1377 3527 1403 ,
3569 1337 3625 1392 in

2041 1439 2149 1494 qua
2175 1423 2417 1495 Spiritus
2438 1427 2613 1481 sancti
2646 1426 2888 1497 signum,
2918 1438 2980 1483 ut
2998 1428 3159 1483 vobis
3188 1429 3391 1498 placet,
3421 1428 3626 1482 factum

2040 1523 2125 1570 est
2148 1517 2172 1570 ?
2193 1516 2274 1571 Ex
2303 1517 2502 1587 spiritu
2537 1534 2660 1575 esse
2687 1528 2745 1574 et
2774 1519 3029 1589 spiritum
3065 1535 3187 1575 esse
3216 1519 3383 1574 simul
3417 1535 3482 1575 ac
3506 1534 3631 1574 car-

2041 1624 2192 1675 nem,
2222 1610 2328 1665 hoc
2360 1610 2514 1665 illum
2544 1612 2876 1676 constituit;
2909 1613 3141 1683 spiritus
3163 1622 3347 1667 autem
3381 1612 3548 1677 Deus,
3573 1620 3630 1666 et

2040 1700 2311 1756 Dominus
2339 1701 2614 1771 spiritus:
2676 1712 2977 1773 conceptus
3010 1712 3095 1759 est
3134 1704 3283 1759 enim
3314 1703 3381 1758 de
3418 1702 3627 1773 Spiritu

359 1798 455 1847 τος
502 1784 600 1837 καὶ
630 1782 858 1853 Πνεῦμα
894 1778 1037 1837 εἷναι
1092 1786 1233 1855 μετὰ
1289 1785 1387 1840 τοῦ
1437 1788 1535 1843 καὶ
1584 1790 1784 1861 σάρκα,
1818 1791 1941 1845 τόδε

2047 1802 2268 1859 sancto,
2306 1808 2418 1847 non
2468 1793 2616 1848 enim
2661 1794 2985 1865 simpliciter
3041 1796 3104 1848 de
3134 1797 3327 1862 spiritu
3378 1794 3627 1858 dicitur;

361 1873 695 1944 παρίστησιν
718 1873 883 1928 αὐτόν
904 1889 920 1905 ⁸
950 1874 1177 1947 Πνεῦμα
1201 1877 1259 1932 δέ
1292 1878 1321 1931 ό
1349 1878 1483 1942 Θεός
1502 1895 1517 1911 ο
1545 1881 1641 1934 καὶ
1659 1859 1701 1935 to
1735 1882 1941 1951 Κύριος

2047 1885 2140 1941 illa
2164 1900 2299 1940 vero
2334 1885 2445 1941 sint
2470 1886 2617 1941 dicta
2651 1886 2720 1941 de
2750 1902 2815 1942 ea
2863 1902 2985 1957 qua:
3026 1886 3298 1941 mirabilis
3330 1886 3487 1940 vobis
3516 1899 3629 1939 non

359 1963 423 2018 τὸ
444 1963 669 2035 Πνεῦμα
697 1965 836 2018 ἐστι·
867 1965 1177 2038 συνελήφθη
1208 1967 1319 2041 γὰρ
1346 1970 1409 2022 ἐκ
1430 1969 1741 2042 Πνεύματος
1760 1974 1939 2042 ἁγίου·

2047 1977 2294 2043 videtur,
2320 1977 2507 2033 divina
2542 1977 2846 2033 Salvatoris
2884 1977 3064 2033 nostri
3098 1977 3412 2032 nativitate.

360 2058 424 2114 οὑ
469 2059 582 2131 γάρ
623 2057 814 2123 ἁπλῶς
844 2060 1186 2131 πνεύματος
1224 2061 1474 2135 είρηται·
1503 2064 1680 2119 ταῦτα
1717 2067 1817 2136 μὲν
1850 2068 1944 2124 οὖν
1981 2070 2077 2126 καὶ
2104 2070 2234 2141 περὶ
2262 2071 2361 2143 τῆς
2390 2071 2450 2125 οὑ
2495 2070 2760 2143 δοκούσης
2794 2071 2924 2142 ὑμῖν
2984 2070 3289 2137 παραδόξου
3356 2068 3508 2133 θείας
3534 2067 3630 2124 τοῦ

363 2151 616 2223 Σωτῆρος
648 2152 682 2222 ή
690 2151 811 2222 μῶν
838 2154 1169 2224 γεννήσεως.

432 2240 508 2293 Τὸ
558 2238 616 2293 δέ
663 2239 856 2311 ιτερον
901 2240 1003 2310 τῆς
1049 2239 1324 2311 ὑμετέρας
1360 2240 1636 2311 διαϐολῆς,
1667 2242 1725 2297 ἐν
1826 2262 1945 2311 πως

359 2331 464 2395 τὰς
511 2331 846 2401 θεοσημείας
908 2332 1004 2386 τοῦ
1057 2332 1320 2387 δεσπότου
1368 2333 1445 2397 ὡς
1498 2334 1652 2388 οὐδὲν
1705 2334 1850 2406 ἔχειν
1877 2337 1948 2391 δι’

361 2422 574 2487 οίκείας
604 2421 940 2489 ἀποδείξεως
968 2424 1475 2495 παρεγχαρὰσσειν.
1518 2463 1534 2479 .
1577 2464 1594 2480 .
1635 2425 1762 2480 ὅθεν
1814 2428 1947 2497 ὑμῖν

361 2513 526 2568 τοῦτο
566 2514 641 2585 μὴ
697 2513 856 2569 Θεοῦ.
900 2552 915 2568 .
960 2552 977 2569 .
1033 2513 1233 2579 Ἡδέως
1297 2514 1365 2570 ἂν
1414 2516 1576 2571 τοῦτο
1630 2517 1946 2589 πυθοίμεθα

363 2606 497 2678 παρ’
524 2605 710 2677 ὑμῶν·
732 2602 875 2679 Ἆρά.
904 2623 970 2675 γε
1004 2606 1270 2677 βασιλέως
1307 2607 1719 2681 λοιδορήσαντος
1738 2610 1773 2682 ἢ
1794 2611 1953 2666 ἀπει-

365 2699 632 2771 λήσαντος
664 2698 811 2770 λόγῳ
856 2699 1005 2769 μόνῳ
1053 2700 1186 2767 τινὶ,
1216 2700 1327 2754 τῶν
1372 2701 1432 2756 δὲ
1482 2702 1673 2757 τούτου
1706 2706 1948 2759 ὑπασπι-

367 2791 511 2845 στῶν
553 2789 688 2860 παρ’
720 2787 863 2843 αὑτὰ
894 2789 988 2843 καὶ
1041 2789 1367 2854 αἰκιζόντων
1400 2791 1664 2856 πολλάκις
1708 2792 1742 2864 ἢ
1795 2794 1950 2847 ἁναιο

370 2881 612 2955 ρούντων
664 2881 758 2935 τὸν
814 2880 1143 2954 ὑϐρισθέντα
1197 2882 1305 2937 ὑπὸ
1354 2883 1450 2937 τοῦ
1502 2886 1711 2957 Κυρίου
1746 2886 1949 2952 αὐτῶν,

367 2976 493 3029 ἐπεὶ
520 2972 770 3045 μείζονες
802 2976 860 3029 αί
902 2973 1110 3045 πληγαὶ
1158 2975 1360 3042 αὐτῶν,
1407 2977 1626 3046 μείζους
1660 2978 1693 3049 ἢ
1732 2979 1951 3049 ὁμοίους

365 3066 478 3137 ἄρα
509 3064 751 3129 καὶτοὺς
780 3065 1067 3136 ὑπηρέτας
1088 3066 1183 3119 τοῦ
1214 3067 1478 3136 βασιλέως
1503 3067 1757 3138 εῐποιμεν
1778 3066 1940 3138 είναι;

366 3159 531 3215 πάλιν
567 3159 626 3212 ἐν
656 3158 999 3228 εὐεργεσίαις
1041 3158 1215 3212 ταῦτα
1268 3160 1505 3230 δρῶντες
1546 3160 1940 3231 συμϐαίνοντα,

2119 2248 2190 2303 Ει
2243 2248 2313 2305 de
2354 2249 2528 2304 altera
2570 2258 2755 2304 vestra
2785 2248 3062 2304 calumnia
3088 2289 3104 2315 ,
3146 2248 3202 2304 in
3234 2264 3343 2320 qua
3378 2252 3630 2323 magistri

2046 2339 2525 2395 manifestationes
2550 2381 2564 2406 ,
2603 2347 2867 2410 tanquam
2911 2341 3052 2396 nihil
3096 2340 3368 2397 habentes
3395 2360 3504 2413 quo
3532 2360 3634 2414 per

2046 2432 2304 2501 proprias
2333 2439 2493 2487 notas
2522 2432 2992 2503 signarentur.....
3030 2433 3177 2488 unde
3230 2435 3391 2489 vobis
3417 2452 3525 2490 non
3563 2452 3630 2490 ex

2048 2525 2279 2579 Deo.....
2302 2525 2409 2580 hoc
2438 2540 2469 2580 a
2489 2525 2649 2580 vobis
2667 2525 2865 2581 vellem
2887 2541 3157 2595 quaerere,
3174 2528 3443 2591 utruin,si
3466 2543 3631 2597 quem

2049 2630 2081 2669 a
2106 2629 2234 2686 rege
2262 2616 2438 2670 verbo
2469 2624 2633 2671 tenus
2656 2617 2879 2686 probris
2908 2625 2967 2672 et
2996 2618 3166 2672 minis
3213 2617 3471 2673 affectum
3512 2619 3635 2674 vul-

2049 2718 2313 2765 nerarent
2335 2716 2431 2763 aut
2454 2709 2621 2764 etiam
2645 2709 3034 2766 interimerent
3062 2711 3201 2781 regii
3233 2712 3500 2767 satellites
3523 2754 3538 2778 ,
3565 2728 3635 2767 eo

2050 2798 2199 2869 quod
2232 2800 2460 2854 istorum
2497 2799 2815 2855 acerbiores
2859 2810 3047 2856 essent
3092 2800 3234 2856 ictus
3258 2843 3273 2865 ,
3320 2802 3637 2859 diceremus

2051 2892 2291 2961 majores
2323 2894 2629 2947 autsallcm
2667 2893 2910 2962 aequales
2945 2893 3059 2963 regi
3090 2893 3361 2948 satellites
3389 2894 3413 2947 Ἰ
3440 2894 3635 2948 Denuo

2053 2981 2296 3049 idipsum
2340 2984 2398 3037 in
2448 2983 2755 3038 benefactis
2810 2985 2927 3039 ﬁeri
2950 2984 3225 3049 videntes,
3266 3001 3390 3039 cum
3414 2985 3632 3040 scilicet

2048 3070 2189 3140 quia
2216 3086 2343 3141 rege
2361 3072 2639 3142 colloquio
2654 3081 2867 3127 tantum
2893 3082 2951 3128 et
2974 3087 3231 3127 sermone
3251 3072 3511 3143 dignatus
3525 3080 3632 3141 est,

2047 3174 2176 3214 eum
2212 3160 2541 3215 muneribus
2584 3160 2753 3217 variis
2778 3167 2834 3216 et
2856 3161 3166 3216 honoribus
3186 3165 3468 3216 cumulant
3496 3163 3633 3234 regii

368 3253 447 3317 ὡς
503 3245 657 3322 ᾧτινι
708 3252 869 3320 λόγου
903 3251 1067 3323 μόνου
1102 3253 1427 3319 μεταδίδωσι
1454 3254 1550 3308 καὶ
1589 3255 1880 3325 συντυχίας
1915 3255 1945 3307 ό

2048 3249 2312 3315 ministri,
2336 3252 2571 3321 majores
2611 3267 2734 3307 esse
2780 3251 3167 3307 benefactores
3188 3253 3471 3308 ministros
3507 3268 3637 3308 cen-

282 3404 289 3409 _
370 3345 650 3416 βασιλεὺς,
706 3343 860 3414 δῶρά
899 3360 961 3396 τε
1014 3344 1240 3399 ποικίλα
1296 3347 1393 3400 καὶ
1438 3347 1599 3417 τιμαὶ
1635 3347 1790 3418 παρὰ
1840 3346 1948 3401 τῶν

370 3438 628 3507 ὑπηκόων
657 3436 753 3491 τοῦ
794 3434 1059 3507 βασιλέως
1086 3437 1513 3509 προσφέρονται,
1558 3438 1813 3508 μείζονας
1860 3439 1952 3491 εὑ-

370 3527 601 3598 εργέτας
662 3522 808 3582 εἶναι
865 3527 1112 3597 φήσομεν
1167 3529 1294 3591 τοὺς
1350 3529 1730 3602 ὑπηκόουςςῆ
1780 3529 1950 3594 δντως

368 3620 489 3675 δέον
515 3620 715 3675 εἰδέναι
738 3620 869 3683 τοὺς
896 3620 1026 3692 περὶ
1050 3620 1243 3674 τούτου
1271 3620 1755 3690 διαγινώσκοντας,
1788 3622 1952 3676 πόθεν

370 3715 405 3785 ή
434 3712 577 3785 ἁρχὴ
602 3712 698 3767 τοῦ
726 3713 1022 3785 γενομένου
1057 3717 1153 3767 καὶ
1180 3713 1325 3778 τίνος
1357 3714 1644 3785 δυνάμεως
1675 3714 1949 3786 ἐνέργεια,

369 3806 470 3861 καὶ
520 3806 603 3870 τίς
635 3809 669 3878 ἡ
714 3805 923 3860 τούτων
958 3806 1193 3878 πρώτως
1238 3807 1389 3861 αίτία
1421 3807 1947 3879 παρασκευαστική;

368 3900 421 3952 εί
463 3898 571 3969 γὰρ
608 3898 684 3969 μὴ
730 3896 946 3961 τούτοις
984 3897 1378 3969 ἐπισκέψομεν,
1422 3899 1516 3953 καὶ
1569 3898 1671 3971 τὴν
1713 3898 1952 3969 μάστιγα

367 3982 509 4042 εἶναι
541 3987 767 4059 μείζονα
800 3987 1053 4059 εἴποιμεν
1079 3988 1147 4043 ἂν
1190 3989 1284 4044 τοῦ
1309 3991 1550 4061 ἡνιόχου,
1583 3989 1680 4043 καὶ
1709 3989 1771 4043 τὸ
1797 3988 1951 4059 βέλος

366 4080 465 4135 τοῦ
490 4079 735 4147 τοξότου,
769 4081 866 4135 καὶ
905 4082 999 4134 τὸν
1048 4081 1297 4153 μαθητὴν
1342 4082 1438 4135 τοῦ
1472 4082 1823 4147 διδασκάλου,
1857 4082 1953 4134 καὶ

366 4174 537 4238 πόδας
582 4175 677 4227 ἐπὶ
713 4173 983 4245 κεφαλὴν,
1004 4175 1065 4228 τὸ
1094 4175 1160 4244 δὴ
1186 4174 1499 4245 λεγόμενον,
1528 4174 1908 4246 άνατρέψομεν
1928 4190 1943 4207 ⁶

273 4314 277 4318 .
367 4265 546 4328 ἄλλως
574 4264 633 4319 δέ
673 4264 865 4319 πάλιν·
903 4265 967 4318 El
1009 4265 1133 4319 καθ’
1168 4266 1313 4337 ὑμᾶς
1367 4266 1480 4320 ίσον
1521 4266 1683 4320 αὑτὸν
1742 4267 1953 4329 ἑαυτοῖς

366 4358 420 4411 οἱ
454 4357 745 4412 ἀπόστολοι
790 4357 958 4411 αὑτοῦ
1006 4360 1183 4430 γήϊνοι
1224 4358 1378 4423 δντες
1405 4358 1816 4428 διεγνώκεισαν,
1858 4360 1954 4413 καὶ

369 4449 535 4513 αὐτὸς
585 4449 616 4501 ὁ
672 4449 881 4503 τούτων
928 4451 1028 4505 καὶ
1096 4450 1255 4522 ἡμῶν
1312 4450 1519 4522 Κύριος
1550 4490 1566 4515 ,
1639 4450 1758 4514 πῶς
1816 4449 1953 4521 μηδέ

2048 3343 2337 3398 seremus?
2362 3344 2554 3398 Nonne
2580 3359 2705 3399 vere
2730 3344 3194 3400 considerandum
3226 3345 3295 3401 iis
3313 3346 3408 3415 qui
3439 3344 3507 3400 de
3530 3346 3638 3402 hoc

2044 3435 2297 3505 judicare
2327 3435 2560 3500 volunt,
2588 3435 2735 3490 unde
2767 3436 2899 3491 facti
2934 3436 3271 3506 principium
3297 3476 3313 3501 ,
3343 3438 3634 3507 cujusnam

2049 3526 2312 3596 potentiae
2344 3526 2399 3581 vi
2428 3536 2647 3593 ortum,
2697 3527 2824 3597 quis
2852 3528 3051 3583 horum
3087 3528 3301 3598 primus
3348 3544 3513 3584 causa
3556 3529 3640 3586 ef-

2050 3617 2285 3673 ﬁciens?
2312 3618 2426 3673 Nisi
2454 3620 2662 3675 etenim
2690 3619 2758 3674 ad
2791 3620 2907 3675 haac
2925 3621 3298 3686 attendamus,
3323 3621 3640 3677 diceremus

2049 3707 2281 3779 ﬂagrum
2315 3709 2506 3781 auriga
2540 3720 2826 3780 praestare,
2851 3712 3103 3782 sagittam
3135 3712 3441 3783 sagittario,
3470 3708 3641 3771 disci?

2051 3798 2243 3867 pulum
2285 3799 2552 3869 magistro
2580 3808 2658 3866 et,
2688 3809 2750 3855 ut
2779 3801 2852 3856 ita
2883 3802 3064 3856 dicam
3089 3842 3104 3866 ,
3135 3803 3307 3873 capiti
3342 3803 3513 3873 pedes
3539 3818 3641 3857 an-

2051 3899 2346 3947 tevertere.
2384 3892 2545 3948 Nunc
2597 3903 2781 3948 autem
2836 3895 3042 3949 aliter:
3074 3895 3141 3961 si,
3185 3903 3248 3950 ut
3286 3895 3638 3962 existimatis,

2050 3984 2174 4056 ejus
2200 3984 2463 4055 discipuli
2488 4026 2503 4052 ,
2528 3986 2625 4056 qui
2658 4002 2725 4041 ex
2756 3994 2905 4041 terra
2930 3996 3088 4043 erant
3114 4028 3130 4052 ,
3157 4003 3284 4043 cum
3315 3989 3419 4043 sibi
3448 4004 3638 4059 mqua-

2050 4076 2158 4131 lem
2192 4077 2535 4144 habuissent,
2565 4094 2737 4149 quare
2772 4094 2897 4134 cum
2928 4095 3120 4135 eorum
3150 4089 3205 4135 et
3228 4090 3419 4136 noster
3453 4082 3641 4136 Domi-

2051 4184 2158 4223 nus
2202 4169 2471 4225 vetuisset
2502 4186 2572 4225 ne
2602 4187 2766 4242 quem
2801 4171 2857 4225 in
2887 4172 3053 4226 terris
3088 4180 3355 4225 vocarent
3389 4181 3485 4227 aut
3535 4187 3605 4241 pa

2052 4270 2214 4329 trem,
2245 4272 2341 4319 aut
2373 4263 2720 4333 magistrum,
2750 4274 2845 4318 aut
2869 4266 3185 4331 Dominum,
3216 4272 3311 4319 aut
3333 4273 3640 4333 praecepto-

2052 4370 2194 4420 rem,
2246 4356 2323 4411 illi
2380 4371 2506 4410 eum
2539 4357 2718 4426 ipsum
2739 4357 3031 4421 vocabant,
3062 4356 3354 4410 Dominum
3380 4364 3438 4410 et
3463 4356 3637 4410 Deum

2052 4457 2110 4504 et
2142 4450 2581 4519 praeceptorem?
2633 4448 2740 4505 Sed
2783 4449 2875 4504 ille
2924 4450 3043 4519 ipse
3073 4449 3171 4519 qui
3204 4449 3279 4503 ita
3314 4449 3396 4503 eis
3423 4464 3637 4519 praece—

368 4542 587 4612 πατέρα
677 4542 812 4614 μηδέ
883 4543 1049 4614 ρσϐϐὶ
1106 4543 1247 4613 μηδὲ
1320 4543 1511 4615 κύριον
1585 4544 1620 4614 ἢ
1702 4542 1946 4614 καθηγη-

2055 4547 2234 4609 perat,
2287 4555 2409 4609 quae
2446 4539 2517 4595 ab
2554 4539 2637 4595 eis
2670 4540 3002 4596 dicebantur
3036 4549 3096 4595 ut
3147 4548 3299 4595 recte
3343 4540 3451 4595 sibi
3479 4541 3639 4595 attri-

367 4633 470 4705 σξὴν
517 4632 708 4689 καλεῖν
766 4652 891 4689 τινα
947 4635 1058 4689 τῶν
1132 4635 1227 4689 ἐπὶ
1275 4635 1382 4707 γῆς
1440 4634 1945 4707 προσταττομένης,

370 4725 579 4797 Κύριον
634 4724 798 4781 αὑτὸν
851 4727 948 4781 καὶ
1007 4726 1141 4783 Θεὸν
1183 4728 1415 4782 ἐκάλουν
1464 4728 1561 4782 καὶ
1589 4726 1948 4794 διδάσκαλον;

382 4818 547 4875 una
577 4819 672 4874 καὶ
692 4821 721 4873 ό
740 4819 916 4875 ταῦτα
937 4820 1121 4884 αὐτοῖς
1152 4819 1486 4893 προστάξας,
1509 4821 1586 4886 ὡς
1606 4821 1789 4885 καλῶς
1819 4819 1951 4892 παρ’

368 4909 554 4966 αὑτῶν
609 4911 736 4966 τάδε
814 4911 1088 4983 λεγόμενα
1151 4912 1303 4985 αὑτῷ
1357 4913 1689 4985 ἀπεδέχετο,
1740 4912 1946 4967 εἰπών·

384 5000 575 5071 Ὑμεῖς
604 5000 855 5071 φωνεῖτέ
884 5018 985 5072 με,
1033 5005 1068 5057 ὁ
1108 5003 1326 5072 Κύριος
1352 5003 1452 5057 καί
1486 5005 1521 5057 ό
1552 5002 1949 5069 διδάσκαλος,

366 5092 472 5147 καί
498 5090 700 5160 καλῶς
734 5092 976 5163 λέγετεο
1022 5092 1143 5163 ειμι
1174 5093 1286 5163 γάρ
1311 5109 1326 5124 ο
1367 5091 1566 5147 οὑκοῦν
1599 5092 1769 5162 σαφὲς
1797 5091 1873 5157 ὡς
1903 5093 1952 5145 εί

2055 4629 2187 4684 buta
2216 4629 2473 4700 probavit
2495 4629 2730 4685 dicens:
2766 4629 2861 4684 Vos
2914 4632 3112 4684 vocatis
3154 4646 3275 4685 me:
3322 4628 3548 4684 Domine
3587 4638 3637 4685 et

2052 4708 2327 4794 Magister,
2358 4732 2406 4776 et
2428 4723 2556 4777 bene
2578 4722 2749 4777 dicitis
2778 4739 2797 4778 :
2830 4740 2947 4777 sum
2974 4724 3168 4777 etenim
3188 4725 3243 4790 ’νς
3276 4722 3424 4778 unde
3464 4723 3641 4793 liquet

2054 4816 2101 4870 si
2128 4815 2332 4870 similia
2355 4824 2414 4870 et
2432 4814 2601 4870 etiam
2627 4815 2837 4885 majora
2866 4815 2935 4869 ab
2967 4815 3035 4870 iis
3062 4825 3361 4886 agerentur
3389 4831 3486 4870 eos
3510 4830 3643 4870 con-

2053 4907 2231 4963 fessos
2250 4922 2370 4963 esse
2384 4922 2494 4961 non
2513 4922 2580 4962 ex
2596 4907 2715 4978 pari
2734 4908 2982 4978 potentia
3006 4906 3175 4961 fuisse
3190 4906 3353 4970 facta,
3375 4906 3470 4961 sed
3485 4906 3553 4959 ab
3572 4921 3641 4960 eo

2056 5011 2317 5069 tanquam
2348 5014 2379 5054 a
2410 4999 2667 5065 Domino,
2689 5014 2720 5054 a
2750 5014 2809 5055 se
2837 5008 3023 5054 autem
3050 5006 3309 5068 tanquam
3335 5013 3366 5052 a
3390 4998 3566 5053 servis
3584 5006 3641 5052 et

2055 5089 2350 5145 ministris.

366 5188 469 5240 καὶ
499 5184 572 5239 τὰ
601 5184 797 5255 αὑτὰἢ
826 5185 921 5239 καὶ
949 5184 1173 5256 μείζονα
1206 5186 1359 5257 παρὰ
1385 5185 1496 5239 τῶν
1557 5186 1739 5241 αὐτῶν
1787 5186 2016 5255 ἐγίνετο,
2054 5184 2153 5255 οὐχ
2209 5184 2413 5255 ὁμοίως
2465 5184 2587 5238 οὐδὲ
2624 5180 2683 5246 ἐξ
2735 5182 2940 5253 ὁμοίων
2968 5180 3219 5251 γίνεσθαι
3246 5179 3638 5252 ὡμολόγησανο

364 5278 485 5335 ἁλλ’
522 5278 588 5332 ἐκ
618 5276 775 5331 τοῦδε
828 5278 952 5348 μὲν,
984 5278 1061 5341 ὡς
1109 5278 1320 5350 Κυρίου
1351 5278 1554 5345 αὐτῶν,
1585 5280 1652 5332 ὲκ
1698 5277 1867 5332 τῶνδε
1895 5277 1951 5330 δὲ
1987 5276 2063 5343 ὡς
2094 5275 2297 5331 δούλων
2324 5275 2489 5331 αὑτοῦ
2520 5277 2614 5330 καὶ
2642 5274 2996 5347 λειτουργῶν.

438 5373 589 5445 Πλὴν
614 5374 709 5428 καὶ
738 5374 947 5429 τούτων
994 5375 1074 5438 είς
1123 5373 1347 5444 ἔλεγχον
1375 5372 1476 5443 τῆς
1505 5372 1813 5443 ἁποτομίας
1839 5372 1951 5426 τῶν

364 5464 679 5534 εἰρημένων
729 5464 881 5536 ὑμῖν.
930 5503 944 5519 .
988 5502 1003 5518 .
1046 5462 1129 5516 ἔτι
1183 5462 1381 5533 μαθεῖν
1441 5462 1594 5533 ὅμως
1647 5459 1952 5533 βουλόμεθα

364 5556 502 5627 παρ’
532 5556 711 5628 ὑμῶν,
742 5556 847 5611 ποῦ
892 5556 926 5628 ἢ
972 5555 1106 5610 πότε
1134 5548 1281 5610 οὗτοι
1313 5556 1362 5609 εί
1393 5556 1489 5609 καὶ
1508 5554 1577 5608 τὰ
1609 5553 1770 5611 αὐτὰ.
1812 5592 1831 5613 .
1870 5592 1887 5607 .
1934 5592 1950 5610 .

368 5649 516 5709 κατὰ
542 5648 635 5704 τὸν
674 5649 838 5705 αὑτὸν
871 5650 1075 5722 τρόπον
1104 5647 1256 5720 αὑτῷ
1284 5647 1459 5703 ταῦτα
1491 5647 1881 5721 προεϐάλοντο,
1913 5648 1948 5717 ἢ

446 5827 467 5859 ⁷
490 5826 651 5882 Joan.
692 5842 812 5893 xm,
847 5827 933 5882 l3.

2126 5372 2422 5437 Praeterea,
2452 5369 2520 5425 ad
2558 5369 3036 5425 conﬁrmationem
3060 5381 3253 5422 eorum
3280 5380 3403 5435 quae
3424 5379 3455 5419 a
3478 5363 3640 5419 vobis

2056 5461 2437 5517 dicuntur.....
2473 5476 2505 5515 a
2529 5459 2689 5515 vobis
2709 5461 2877 5516 etiam
2915 5458 3131 5513 discere
3170 5456 3408 5511 velimus
3456 5454 3550 5509 ubi
3585 5464 3643 5511 et

2057 5554 2283 5625 quando
2314 5553 2394 5610 illi
2422 5553 2469 5609 si
2493 5553 2803 5608 eadem.....
2832 5550 3027 5607 eodem
3057 5548 3224 5604 modo
3252 5564 3318 5605 ac
3344 5549 3447 5619 ipsi
3480 5547 3633 5603 face-

2059 5652 2204 5713 rent,
2240 5644 2325 5700 vel
2346 5659 2405 5702 sc
2432 5641 2673 5715 mquales
2705 5641 2785 5699 illi
2818 5641 2874 5697 in
2904 5640 2985 5698 eis
3017 5654 3140 5713 quae
3166 5655 3334 5712 supra
3362 5638 3646 5695 hominem
