4116 6454
480 375 619 441 1479

1754 372 2061 434 LEONTII
2099 374 2509 439 ΒΥΖΑΝΤῙΝῙ

3630 371 3773 436 1480

471 494 655 550 erant,
698 481 1000 537 haberent?
1033 480 1130 536 ille
1176 479 1324 536 enim
1352 480 1685 535 auctoritate
1721 491 1778 535 et
1803 489 2069 551 potestate

2181 483 2382 552 ὁμοίως
2409 483 2565 555 αὐτῷ
2608 484 2667 537 ἐν
2706 485 2825 546 τοῖς
2866 481 3011 551 ὑπὲρ
3044 481 3334 552 ἄνθρωπον
3362 484 3770 555 ἐγνωρίζοντος

472 575 956 650 propria,propria
977 588 1200 644 quoque
1236 574 1488 644 jussione
1524 574 1703 628 dixit:
1734 573 1884 638 Volo,
1920 590 2076 627 mun-

473 672 604 725 dare
634 670 694 735 ⁸;
737 668 815 722 illi
851 674 1036 720 autem
1073 682 1087 718 :
1127 665 1192 719 In
1228 667 1434 719 nomini
1462 665 1589 719 Iesu
1638 665 1833 721 Christi
1888 664 2071 719 Naza-

475 764 613 826 reni,
645 761 935 824 dicebant,
991 775 1147 829 surge
1176 769 1224 813 et
1258 758 1543 823 ambula’;
1597 773 1727 813 ecce
1780 756 2073 813 manifeste

473 854 881 910 con.itebantur
915 853 1037 923 ejus
1084 866 1209 905 esse
1241 851 1568 920 potentiam,
1606 850 1691 905 sui
1736 858 1922 904 autem
1966 848 2075 903 mi-

474 961 507 998 n
534 944 797 998 steriam:
848 958 974 1012 quae
1017 941 1168 996 enim
1195 956 1295 1010 per
1330 940 1607 994 mirabilia
1650 939 2076 1003 ministrabant,

475 1034 581 1088 hoc
628 1048 695 1087 ex
751 1032 859 1086 ﬁde
919 1032 975 1085 in
1014 1046 1179 1085 suum
1226 1031 1546 1095 Dominum,
1585 1030 1693 1084 hoc
1720 1031 1867 1085 enim
1896 1031 2077 1084 solum

473 1123 834 1193 satagebant;
885 1121 1021 1190 quin
1057 1121 1169 1173 imo
1199 1120 1438 1174 ubinam
1488 1118 1781 1189 proprium
1806 1120 1906 1174 Dei
1940 1121 2075 1175 cah-

475 1212 925 1276 ractcristicum,
980 1210 1323 1264 creationem
1367 1209 1626 1274 scilicet,
1677 1209 1825 1263 sicut
1868 1210 1983 1280 ipsc
2018 1209 2074 1265 in

472 1320 679 1359 caecum
704 1319 733 1357 a
767 1303 1061 1357 nativitate
1088 1343 1103 1366 ,
1145 1302 1222 1355 illi
1264 1316 1487 1371 quoque
1518 1302 1914 1371 protulerunt?
1969 1300 2074 1367 Qui

471 1392 622 1445 enim
650 1391 908 1445 vitaliora
941 1400 998 1445 et
1031 1392 1192 1460 plura
1248 1391 1498 1459 corporis
1548 1391 1775 1445 humani
1826 1393 2075 1447 membra

472 1497 503 1535 e
532 1484 650 1535 luto
683 1482 863 1546 finxit,
895 1481 942 1535 is
991 1497 1090 1551 per
1130 1496 1303 1534 unum
1338 1482 1651 1537 membrum
1684 1484 1927 1538 ostendit
1954 1525 1969 1549 ,
2016 1499 2077 1539 se

484 1574 714 1629 ﬁnxisse
781 1590 848 1627 ex
910 1573 1028 1626 luto
1092 1572 1337 1628 hominis
1396 1589 1602 1645 corpus
1657 1590 1688 1630 a
1750 1577 2075 1651 principio;

472 1666 600 1735 quis
667 1666 883 1720 amicus
946 1664 1325 1734 apostolorum
1384 1674 1480 1719 aut
1513 1666 1910 1736 prophetarum
1952 1683 2080 1737 pro—

476 1757 603 1810 tulit
646 1756 805 1819 alios,
858 1770 927 1809 ne
979 1754 1159 1808 dicam
1188 1755 1430 1823 scipsum
1459 1796 1473 1821 ,
1516 1771 1547 1809 a
1600 1757 1836 1811 mortuis
1897 1757 2074 1812 susci—

2176 573 2206 623 6
2246 571 2348 639 μὲν
2396 573 2506 644 γάρ
2563 572 2826 643 αὐθεντίᾳ
2871 573 2967 626 καὶ
3011 571 3231 644 ἐξουσίᾳ
3279 571 3390 644 ἰδίᾳ
3434 577 3533 629 καὶ
3577 577 3776 646 οἰκείῳ

2185 666 2596 735 προστάγματι,
2627 665 2803 733 ἔλεγε
2833 665 3016 731 Θέλω,
3036 666 3462 733 καθαρίσθητι·
3492 661 3636 721 οὗτοι
3664 669 3725 722 δέ
3756 686 3774 700 ο

2188 756 2291 810 Ἐν
2309 756 2389 821 τῷ
2421 758 2668 824 ὀνόματι
2701 757 2897 823 Ἰησοῦ
2942 757 3201 825 Χριστοῦ
3237 759 3346 813 τοῦ
3402 758 3775 826 Ναζωραίου,

2180 847 2406 917 ἕτειραι
2426 849 2525 902 καὶ
2568 848 2898 916 περιπάτει,
2930 849 3215 917 λέγοντες’
3248 850 3357 904 ἰδοὺ
3390 851 3581 920 σαφῶς
3623 852 3781 905 ἐκεί-

2177 956 2272 992 νου
2319 935 2461 994 εἶναι
2506 940 2605 1013 τὴν
2647 942 2952 1013 ἐνέργειαν,
2997 942 3181 995 αὐτῶν
3207 941 3267 995 δὲ
3302 943 3404 1011 τὴν
3454 943 3779 1014 ὑπουργίαν

2181 1033 2417 1103 μάλιστα
2447 1032 2767 1103 ὡμολόγουν
2787 1050 2801 1063 ⁸
2842 1034 2937 1086 καὶ
2967 1033 3104 1086 αὐτὸ
3132 1033 3243 1104 γάρ
3271 1032 3409 1095 ὅλως
3437 1034 3503 1085 τὸ
3532 1034 3624 1086 ὑπ’
3660 1035 3773 1087 αὐ-

2175 1125 2285 1178 τῶν
2316 1124 2748 1195 διακονούμενον
2782 1125 2872 1179 διὰ
2902 1123 3011 1177 τῶν
3037 1123 3335 1193 θαυμάτων
3360 1126 3393 1195 ἡ
3435 1127 3515 1188 εἰς
3541 1125 3635 1179 τὸν
3665 1129 3775 1178 Δε-

2179 1217 2387 1284 σπότην
2408 1217 2588 1270 αὐτῶν
2614 1218 2797 1280 πίστις
2816 1212 2906 1287 ἦν,
2927 1216 2955 1268 ὃ
2972 1216 3067 1269 καὶ
3100 1216 3262 1285 μόνον
3282 1216 3645 1281 ἐσπουδάζετο
3662 1218 3777 1270 αὐ-

2176 1309 2319 1370 τοῖς·
2349 1306 2431 1377 έτι
2459 1306 2586 1378 μὴν,
2613 1308 2719 1361 ποῦ
2748 1308 2811 1360 τὸ
2845 1306 2991 1371 ἰδίως
3016 1306 3155 1360 Θεοῦ
3181 1308 3684 1379 χαρακτηριστικδν
3707 1310 3777 1361 τὸ

2176 1398 2572 1469 δημιουργικὸν
2592 1398 2752 1466 λέγω,
2777 1398 2929 1452 ὥσπε
2938 1415 2968 1469 ρ
2989 1398 3153 1460 αὐτὸς
3172 1397 3333 1453 τοῦτο
3347 1401 3428 1461 εἰς
3446 1398 3539 1452 τὸν
3562 1401 3628 1452 ἐκ
3638 1416 3774 1467 γεν-

2176 1492 2345 1562 νητῆς
2373 1491 2592 1561 τυφλὸν,
2615 1491 2711 1543 καὶ
2731 1484 2879 1544 οὗτοι
2898 1489 3279 1556 ἐπεδείξαντος
3307 1489 3336 1541 6
3355 1489 3463 1558 γὰρ
3484 1491 3549 1543 ἐκ
3586 1489 3771 1560 πηλοῦ

2175 1583 2235 1635 τὸ
2262 1583 2521 1654 καιριώτε
2528 1600 2621 1654 ρον
2640 1583 2732 1635 καὶ
2750 1581 3139 1650 ποικιλώτερον
3158 1582 3325 1653 μέρος
3346 1582 3453 1634 τῶν
3480 1583 3539 1634 ἐν
3556 1582 3653 1635 ἀνθ
3660 1602 3773 1652 ρω-

2177 1676 2315 1745 πείῳ
2350 1674 2569 1745 σώματι
2604 1674 2842 1738 πλάσας,
2888 1674 2957 1727 δι’
2997 1674 3117 1737 ἐνὸς
3159 1675 3351 1744 μορίου
3390 1674 3766 1746 παρέστησεν,

2175 1766 2251 1828 ῶς
2283 1765 2447 1830 αὐτὸς
2472 1762 2542 1836 ἦν
2561 1767 2656 1819 καὶ
2683 1768 2711 1819 6
2738 1764 2918 1819 λαϐὼν
2942 1765 3072 1835 χοῦν
3102 1764 3214 1819 ἀπὺ
3240 1765 3343 1835 τῆς
3369 1767 3473 1837 γῆς
3504 1767 3563 1833 ἐξ
3588 1767 3769 1837 ἀρχῆς

474 1850 637 1902 tare?
665 1847 967 1917 Cujusnam
998 1847 1144 1901 inter
1181 1862 1279 1901 eos
1315 1849 1410 1917 qui
1448 1863 1617 1918 super
1647 1858 1853 1903 terram
1898 1859 2068 1914 sunt,

2175 1824 2270 1911 καὶ
2299 1824 2512 1922 πλάσας
2548 1861 2641 1911 τὸν
2682 1824 2975 1930 ἄνθρωπον
2997 1874 3011 1889 ⁸
3045 1858 3126 1922 τίς
3170 1858 3228 1912 δέ
3261 1824 3510 1930 αθτῶννῆ

471 1956 677 2010 corpus
720 1941 778 1993 in
816 1940 1073 2009 sepulcro
1111 1939 1499 2009 incorruptum
1542 1942 1896 2010 permansit?
1935 1941 2071 2008 Quis

360 2035 365 2043 '
472 2030 800 2084 manifestus
829 2028 935 2083 fuit
953 2038 1211 2099 tanquam
1230 2037 1559 2099 potestatem
1579 2032 1810 2097 habens,
1828 2032 2069 2102 ponendi

470 2123 709 2177 animam
756 2137 914 2176 suam
975 2130 1073 2176 aut
1114 2123 1319 2177 iterum
1357 2139 1478 2177 eam
1533 2125 1828 2180 sumendi?
1875 2126 2069 2182 Nonne

471 2216 715 2283 tandem,
743 2231 869 2270 sero
903 2215 1097 2270 saltem
1122 2254 1137 2281 ,
1184 2216 1425 2273 audietis
1471 2216 1749 2273 dicentem
1784 2236 1798 2272 :
1829 2219 1959 2285 Quis
1990 2228 2069 2273 est

470 2308 625 2362 homo
648 2308 739 2376 qui
769 2309 902 2360 vivet
931 2316 982 2360 et
1025 2323 1133 2361 non
1161 2307 1355 2361 videbit
1381 2319 1627 2376 mortem,
1656 2318 1801 2363 eruet
1830 2311 2069 2363 animam

471 2415 626 2452 suam
689 2396 754 2450 de
804 2413 967 2451 manu
1020 2398 1237 2467 inferi?
1295 2398 1561 2464 Quisnam
1614 2413 1810 2453 eorum
1884 2400 2069 2455 dictus

470 2497 557 2544 est
597 2489 857 2543 habuisse
904 2496 1234 2559 potestatem
1283 2491 1597 2559 imperandi
1643 2491 1931 2562 Spiritibus
1959 2493 2065 2547 im-

472 2578 717 2642 mundis,
767 2586 863 2631 aut
892 2578 1076 2632 ventis
1111 2586 1168 2631 et
1199 2579 1379 2633 mari?
1426 2580 1539 2633 Aut
1577 2581 1866 2651 cujusnam
1898 2581 2067 2637 verba

473 2666 824 2721 mirabantur
849 2681 1042 2721 omnes
1068 2674 1330 2736 tanquam
1361 2682 1431 2722 ex
1464 2676 1741 2738 potestate
1763 2670 2065 2739 loquentis,

473 2774 585 2813 non
615 2766 675 2811 ut
698 2757 883 2820 caeteri
918 2757 1334 2827 loquebantur?
1377 2760 1475 2814 Vel
1511 2760 1765 2830 quisnam
1806 2761 1908 2816 fuit
1936 2777 2069 2832 apo-

473 2850 744 2904 stolorum
776 2857 872 2903 aut
900 2849 1302 2919 prophetarum
1352 2867 1465 2922 quo
1509 2851 1805 2918 moriente,
1864 2854 2067 2909 caelum

471 2950 531 2997 et
566 2950 735 3007 terra,
758 2942 840 2997 sol
870 2949 928 2996 et
981 2942 1132 3007 luna,
1185 2941 1308 2997 dies
1347 2951 1405 2998 et
1452 2959 1584 3010 nox,
1634 2944 1746 2999 vivi
1774 2952 1830 2999 et
1863 2944 2067 2999 mortui

472 3035 734 3090 commoti
768 3042 1053 3089 suntetex
1069 3034 1310 3103 propriis
1341 3034 1545 3091 ﬁnibus
1565 3046 1624 3091 ct
1653 3036 1792 3092 locis
1822 3052 2068 3093 recesse-

2172 1948 2280 2001 τῶν
2307 1950 2550 2021 ἐτέρους,
2582 1949 2701 2002 ἀλλ’
2741 1950 2894 2019 ὅμως
2927 1951 3143 2017 ἑαυτὸν,
3181 1953 3247 2004 ἐκ
3272 1951 3486 2022 νεκρῶν
3523 1952 3769 2023 ἀναστῆ-

2173 2058 2263 2094 σαι
2306 2042 2547 2113 ἠδυνήθη
2575 2060 2590 2108 ;
2632 2041 2666 2112 ἢ
2701 2041 2848 2106 τίνος
2881 2042 3211 2112 ἀδιάφθορον
3236 2043 3299 2097 τὸ
3329 2044 3492 2115 σῶμα
3529 2046 3640 2098 τῶν
3666 2047 3770 2099 ἐπὶ

2168 2133 2269 2202 τῆς
2298 2133 2405 2203 γῆς
2437 2136 2496 2187 ἐν
2533 2134 2691 2205 τάφῳ
2720 2134 2945 2202 γέγονεν
2974 2151 2990 2201 ;
3022 2134 3055 2205 ἢ
3099 2134 3185 2199 τίς
3209 2134 3356 2206 ἔχειν
3383 2135 3633 2200 ἐξουσίαν
3659 2138 3769 2207 τῆς

2169 2224 2485 2288 ἀποθέσεως
2513 2226 2612 2295 τῆς
2640 2225 2839 2280 ἑαυτοῦ
2875 2225 3057 2296 ψυχῆς
3101 2228 3198 2280 καὶ
3229 2228 3514 2299 ἁπολαϐἦς
3544 2246 3765 2301 μεμαρ-

2168 2315 2231 2368 τύ
2241 2333 2399 2387 ρηται
2423 2334 2438 2383 ;
2469 2318 2589 2372 οὐδέ
2608 2318 2907 2371 ἀκούσεσθε
2924 2318 3022 2388 ὀψὲ
3055 2318 3189 2387 γοῦν
3208 2319 3341 2373 πότε
3367 2319 3464 2373 τοῦ
3488 2319 3768 2388 λέγοντος,

2173 2406 2271 2473 Τίς
2291 2409 2425 2461 ἐστι
2444 2409 2755 2479 ἄνθρωπος
2773 2410 2840 2476 ὃς
2856 2409 3120 2477 ζήσεται,
3152 2411 3252 2465 καὶ
3280 2413 3395 2466 οὐκ
3419 2413 3630 2481 ὄψεται
3658 2412 3770 2467 θά-

2168 2517 2378 2564 ναιόν,
2389 2502 2641 2568 ῥύσεται
2663 2503 2780 2570 τὴν
2803 2504 3021 2574 ψυχὴν
3042 2504 3232 2559 αὑτοῦ
3254 2505 3323 2559 ἐκ
3340 2508 3543 2575 χειρὸς
3572 2505 3724 2574 ᾅδου
3743 2522 3768 2567 :

2168 2590 2251 2653 τίς
2280 2591 2337 2645 δὲ
2372 2592 2556 2646 αὐτῶν
2585 2594 2672 2646 ἐπ’
2702 2593 2951 2659 ἐξουσίας
2992 2597 3310 2650 ἐπιτάσσειν
3338 2600 3451 2661 τοῖς
3480 2597 3768 2669 πνεύμασι

2168 2684 2283 2745 τοῖς
2308 2683 2664 2755 ἀκαθάρτοις,
2689 2686 2723 2756 ἢ
2757 2686 2845 2740 ἐπ’
2876 2685 3131 2752 ἐξουσίας
3180 2689 3444 2761 ἐπιτιμᾷν
3481 2692 3595 2753 τοῖς
3630 2692 3768 2745 ἀνέ-

2172 2790 2294 2844 μοις
2326 2775 2424 2828 καὶ
2451 2778 2518 2845 τῇ
2559 2775 2809 2853 θαλάσσῃ
2836 2780 3095 2852 εἷρηταις
3132 2783 3165 2854 ἢ
3199 2782 3348 2849 τινος
3373 2783 3564 2857 ἐτέρου
3592 2785 3767 2839 ἐθαυ-

2171 2865 2353 2937 μάσθη
2394 2867 2423 2920 6
2478 2866 2637 2938 λόγος
2687 2871 2771 2925 ὅτι
2818 2872 2908 2925 ἐπ’
2940 2870 3297 2947 ἐξουσίαςῆν,
3330 2878 3425 2930 καὶ
3460 2878 3559 2949 οὐχ
3600 2877 3678 2941 ῶς
3711 2879 3767 2932 οἱ

2167 2958 2277 3012 τῶν
2316 2958 2556 3025 λοιπῶν;
2591 2960 2738 3027 τίνος
2781 2962 2841 3016 δὲ
2880 2964 2992 3019 τῶν
3038 2966 3355 3020 ἀποστόλων
3398 2968 3765 3041 ἢπροφητῶν

2168 3047 2609 3119 ἀποθνήσκοντος
2651 3051 2884 3121 οὐρανὸς
2932 3055 3026 3109 καὶ⁸
3068 3058 3167 3127 γῆ,
3202 3056 3357 3127 ἣλιος
3404 3059 3501 3112 καὶ
3536 3060 3761 3132 σελήνη,

474 3127 639 3181 runt?
668 3126 917 3193 Quonam
976 3134 1241 3182 nascente
1283 3127 1438 3182 visus
1466 3136 1552 3183 est
1580 3137 1773 3199 partus
1823 3130 1942 3184 sine
1982 3144 2069 3183 se-

2172 3140 2355 3211 ήμέρα
2403 3143 2497 3195 καὶ
2545 3142 2663 3208 νὺξ,
2694 3146 2881 3216 νεκροὶ
2930 3148 3025 3201 καὶ
3074 3126 3280 3215 ζῶντες
3307 3126 3761 3224 συνεσείσθησαν,

474 3220 644 3284 mine,
685 3220 857 3274 stellae
896 3218 999 3273 sub
1029 3219 1170 3274 caelo
1198 3234 1417 3284 cursus,
1472 3219 1790 3275 canentium
1840 3221 2066 3291 angelo-

476 3326 599 3365 rum
629 3309 866 3365 chorus?
911 3309 1180 3375 Quisnam
1234 3324 1431 3365 eorum
1474 3310 1532 3363 in
1566 3310 1778 3363 carnali
1830 3326 2065 3381 corpore

474 3419 540 3459 ea
570 3418 692 3474 quae
725 3402 1024 3472 spirituum
1055 3410 1188 3457 sunt
1221 3401 1470 3457 ostendit
1493 3441 1508 3466 ,
1560 3401 1795 3472 virginis
1833 3403 2065 3474 integri-

477 3503 643 3550 tatem
679 3494 958 3548 nascendo
1013 3509 1124 3547 non
1179 3494 1433 3549 minuens
1476 3502 1534 3549 et
1578 3511 1745 3566 super
1804 3494 2067 3551 ﬂuctibus

477 3586 865 3658 perambulans
889 3626 904 3649 ,
928 3585 985 3639 in
1010 3600 1247 3656 corpore
1273 3596 1465 3642 autem
1510 3586 1810 3658 spirituali,
1850 3595 1907 3641 et
1945 3603 2068 3657 qua:

475 3686 607 3732 sunt
636 3677 821 3733 carnis
847 3677 1099 3746 protulit,
1143 3678 1402 3734 manibus
1458 3679 1802 3734 sensibiliter
1847 3687 2069 3733 contre-

476 3776 679 3831 ctatus,
728 3782 912 3822 escam
945 3782 1167 3837 quoque
1218 3780 1344 3839 post
1396 3770 1865 3825 resurrectionem
1910 3784 2067 3825 suam

477 3858 762 3928 postulans
792 3867 850 3913 et
872 3858 1230 3927 manducans,
1255 3861 1361 3916 etsi
1383 3876 1493 3915 non
1515 3862 1843 3918 nutritionis
1866 3878 2062 3918 causa:

478 3963 576 4017 per
615 3948 732 4002 haac
760 3947 946 4002 omnia
974 3948 1365 4005 demonstrans
1396 3966 1455 4006 se
1484 3952 1773 4022 utriusque
1829 3963 2063 4019 naturae,

477 4037 785 4106 corporalis
814 4052 1012 4109 nempe
1046 4048 1102 4094 et
1131 4039 1462 4109 spiritualis,
1490 4056 1614 4097 esse
1638 4051 1945 4109 auctorem,
1970 4044 2066 4115 qui

476 4127 663 4181 omnia
692 4128 824 4183 facit
852 4137 909 4183 et
948 4138 1300 4194 transmutat,
1346 4146 1565 4200 semper
1589 4133 1815 4187 creandi
1846 4142 2064 4203 potens,

479 4216 535 4270 in
554 4218 701 4271 omni
727 4227 875 4273 statu
916 4217 1193 4273 naturali:
1228 4219 1307 4273 illi
1332 4227 1544 4273 tantum
1572 4222 1666 4290 qui
1701 4222 1909 4291 aliquid
1934 4223 2068 4277 fecit

478 4309 613 4364 illud
649 4320 868 4365 mutare
903 4310 1067 4365 facile
1101 4318 1189 4365 est
1216 4329 1231 4377 ;
1260 4313 1387 4381 quis
1407 4321 1591 4368 autem
1616 4328 1813 4369 eorum
1842 4316 1937 4386 qui
1964 4317 2069 4371 hu-

478 4416 654 4455 manae
693 4410 907 4456 tantum
962 4411 1125 4457 erant
1170 4414 1416 4468 naturae,
1453 4403 1658 4459 dicitur
1689 4406 1839 4462 solus
1872 4407 1927 4462 in
1956 4424 2067 4464 c03-

477 4493 591 4547 lum
622 4495 940 4550 ascendisse
976 4506 1075 4550 aut
1106 4512 1137 4551 e
1173 4499 1315 4552 caelo
1346 4498 1747 4555 descendisse?
1792 4501 1938 4556 unde
1964 4517 2067 4556 no—

2172 4493 2344 4586 τούτιρ
2388 4519 2536 4589 μόνῳ
2572 4520 2669 4573 καὶ

478 4584 566 4639 bis
594 4586 648 4639 in
673 4596 914 4641 mentem
947 4604 1059 4642 non
1084 4589 1283 4643 incidit
1308 4590 1360 4643 id
1384 4592 1551 4661 impie
1574 4600 1842 4657 statuere,
1863 4608 2064 4663 nempe

477 4676 730 4732 eamdem
768 4693 890 4734 esse
921 4687 979 4733 et
1016 4680 1305 4735 hominum
1332 4690 1390 4735 et
1419 4683 1818 4752 omnipotentis
1843 4685 2061 4741 Domini

478 4767 822 4822 edendorum
857 4770 1251 4827 miraculorum
1281 4782 1632 4843 potestatem.

2168 3232 2264 3284 καὶ
2306 3230 2417 3285 τῶν
2458 3233 2678 3288 οἰκείων
2720 3236 2862 3305 ὅρων
2896 3240 2993 3291 καὶ
3017 3238 3200 3293 τόπων
3234 3240 3539 3312 ἐξέστησαν
3566 3261 3582 3307 ;
3611 3243 3765 3310 τίνος

2168 3323 2226 3377 δὲ
2243 3326 2301 3378 ἐν
2317 3328 2384 3397 τῇ
2403 3328 2660 3398 γεννήσει
2698 3328 2941 3401 ἄσπορος
2974 3331 3165 3404 ῶράθη
3205 3334 3384 3398 τόκος,
3404 3336 3636 3408 ἀστέρος
3664 3339 3762 3393 ἀπ’

2165 3416 2398 3487 οὐρανοῦ
2442 3418 2671 3490 δρόμος,
2702 3421 2951 3490 ἀγγέλων
2997 3423 3294 3494 ὑμνολόγος
3319 3428 3521 3498 χορός;
3568 3430 3653 3493 τίς
3703 3430 3764 3484 δὲ

2165 3509 2346 3562 αὐτῶν
2376 3511 2435 3564 ἐν
2454 3511 2553 3581 μὲν
2569 3511 2647 3582 τῷ
2665 3514 2912 3585 σαρκικῷ
2944 3515 3160 3587 σώματι
3182 3518 3251 3571 τὰ
3295 3522 3641 3589 πνευματικά
3660 3524 3760 3575 ἐπο

2175 3597 2445 3666 εδείξατο,
2488 3602 2687 3672 ὑμένος
2724 3604 2884 3659 τοῦτο
2903 3606 3235 3671 διαϐιϐάζων
3279 3607 3634 3681 παρθενικοῦ,
3669 3615 3765 3667 καὶ

2166 3690 2377 3744 ὑδάτων
2432 3694 2820 3763 ἐπιπολάζων;
2851 3698 2910 3751 ἐν
2934 3698 2993 3753 δέ
3022 3698 3101 3770 τῷ
3130 3704 3488 3775 πνευματικῷ
3519 3705 3758 3776 σώματι,

2166 3781 2234 3833 τά
2268 3783 2508 3853 σαρκικά
2559 3787 2915 3857 προεϐάλετο,
2946 3791 3135 3862 χερσὶν
3179 3794 3465 3865 αἰσθηταῖς
3494 3797 3762 3869 ψηλαφώ-

2170 3886 2366 3940 μενος;
2396 3875 2493 3927 καὶ
2524 3874 2709 3947 βρωτά
2740 3879 2880 3949 μετά
2912 3880 3016 3951 τὴν
3045 3883 3346 3937 ἀνάστασιν
3376 3887 3482 3940 ὑπὸ
3505 3887 3616 3943 τῶν
3652 3907 3760 3959 μα-

2168 3960 2346 4032 θητῶν
2379 3967 2761 4037 προσιέμενος,
2804 3971 2900 4024 καὶ
2943 3972 3163 4040 ἐσθίων,
3200 3977 3249 4029 εί
3289 3976 3387 4030 καὶ
3425 3978 3501 4048 μὴ
3552 3982 3758 4049 τρεφό-

2170 4070 2329 4122 μενος
2356 4075 2371 4124 ;
2397 4059 2616 4123 δεικνὺς
2650 4062 2742 4116 διὰ
2771 4063 3000 4130 τούτων,
3028 4068 3114 4121 ὅτι
3139 4070 3241 4138 τῆς
3274 4072 3547 4143 σαρκικῆς
3579 4090 3639 4126 τε
3662 4075 3758 4128 καὶ

2173 4152 2555 4221 πνευματικῆς
2595 4153 2811 4222 φύσεως
2845 4157 3013 4222 αὑτός
3040 4160 3191 4213 ἐστιν
3240 4162 3270 4215 6
3306 4164 3537 4234 ποιητής
3567 4182 3630 4217 τε
3659 4166 3757 4219 καὶ

2168 4244 2645 4313 κατασκευαστὴς,
2698 4248 2794 4300 καὶ
2843 4250 3016 4303 ποιῶν
3062 4251 3241 4305 πάντα
3287 4254 3383 4307 καὶ
3414 4258 3757 4325 μετασκευά-

2169 4332 2299 4399 ζων,
2350 4337 2445 4390 καὶ
2493 4336 2936 4411 θαυματουργείν
2984 4343 3072 4396 ἀεὶ⁵
3117 4345 3440 4414 δυνάμενος,
3481 4347 3540 4398 ἐν
3581 4345 3756 4400 ἅπασι

2168 4428 2279 4489 τοῖς
2322 4430 2574 4495 φυσικοῖς
2619 4433 3045 4502 καταστήμασι·
3096 4433 3174 4504 τῷ
3220 4434 3329 4507 γὰρ
3381 4435 3628 4489 ποιοῦντί
3678 4453 3752 4499 τι,

2720 4521 2783 4575 τὸ
2832 4526 3266 4593 μετασκευάζειν
3304 4526 3456 4591 αὐτὸ,
3499 4526 3753 4580 εὔκολον·

2169 4605 2255 4669 τίς
2298 4607 2357 4659 δὲ
2401 4611 2481 4672 εἰς
2529 4611 2760 4682 οὐρανὸν
2803 4614 3168 4685 ἀναϐέϐηκεν,
3216 4617 3248 4687 ἢ
3285 4618 3350 4672 ἐκ
3383 4617 3479 4672 τοῦ
3521 4619 3755 4690 οὐρανοῦ

2170 4697 2615 4769 καταϐεϐηκέναι
2692 4704 2852 4773 μόνος
2931 4710 3405 4780 μεμαρτύρηται,
3477 4711 3586 4762 τῶν
3657 4712 3757 4782 τῆς

2168 4788 2519 4863 ἀνθρωπίνης
2541 4793 2713 4863 μόνης
2744 4797 2913 4851 ὄντων
2953 4800 3169 4869 φύσεως
3193 4816 3207 4865 ;
3234 4801 3429 4855 οὐκοῦν
3456 4802 3757 4856 οὐδὲτοῦτο

483 4865 610 4935 ὑμῖν
662 4864 723 4916 τὸ
761 4864 955 4927 ἀσεϐὲς
995 4868 1348 4936 παραστῆσαι
1386 4868 1528 4923 κατά
1581 4885 1806 4943 γνωμην
1834 4872 2153 4948 ἐκϐέϐηκεν,
2193 4881 2269 4947 ὡς
2322 4886 2359 4955 ὴ
2400 4887 2542 4958 αὑτὴ
2594 4890 2703 4945 τῶν
2742 4910 2802 4946 τε
2844 4864 3008 4949 ὁσίαξν
3076 4895 3305 4967 ἀνδρῶν,
3342 4902 3438 4953 καὶ
3500 4901 3600 4970 τῆς
3654 4904 3755 4954 Αε..

482 4961 745 5031 σποτικῆς
779 4960 1029 5025 ἐξουσίας
1056 4963 1090 5032 ή
1119 4962 1537 5036 θαυματουργία
1573 4968 1713 5021 ἐστί.

552 5057 669 5112 lloc
702 5058 851 5112 aliud
886 5058 1069 5113 dicitis
1090 5061 1240 5130 quod
1271 5061 1617 5133 dignitatem,
1639 5064 2075 5125 dominationem

480 5158 539 5205 et
576 5165 779 5204 nomen
812 5166 980 5221 super
1012 5168 1177 5208 omne
1202 5169 1404 5209 nomen
1442 5167 1610 5227 atque
1645 5168 1847 5213 caetera
1877 5160 2065 5217 omnia

2246 5075 2320 5129 Τὸ
2354 5075 2413 5132 δὲ
2442 5077 2630 5151 ἕτερον
2656 5075 2733 5136 ὧν
2771 5084 2908 5152 φατέ
2952 5085 3093 5149 ἐστι,
3126 5087 3189 5140 τὸ
3231 5087 3331 5159 τὴν
3369 5088 3525 5154 ἀξίαν
3555 5093 3649 5145 ml.
3675 5092 3759 5145 6e-

2175 5168 2432 5223 σποτείαν
2476 5173 2573 5225 καὶ
2600 5173 2773 5244 ὄνομα
2800 5176 2861 5229 τὸ
2895 5177 3037 5249 ὑπὲρ
3075 5181 3183 5233 πᾶν
3212 5180 3403 5249 ὄνομα,
3437 5181 3535 5234 καὶ
3562 5184 3631 5237 τὰ
3650 5183 3758 5237 λοι-

483 5258 515 5295 a
548 5241 728 5295 Verbo
763 5242 882 5311 ipsa
906 5243 1124 5298 meliori
1146 5246 1301 5300 carni
1331 5245 1537 5302 fuerint
1568 5248 1727 5315 data,
1775 5265 1878 5306 nec
1916 5267 2057 5322 opus

2172 5257 2241 5311 ιτά
2264 5260 2332 5329 τῇ
2364 5263 2526 5331 σαρκὶ
2557 5262 2664 5315 ὑπὸ
2695 5241 2789 5317 τοῦ
2820 5241 3131 5336 κρείττιινος
3168 5241 3341 5340 αὐτῆς
3375 5241 3550 5338 λόγου
3595 5271 3755 5343 δοθῆ-

486 5333 557 5385 sit
585 5347 650 5386 ea
700 5332 895 5387 unioni
937 5336 1216 5392 ascribere
1236 5379 1252 5403 ,
1302 5338 1523 5395 sincere
1550 5341 1775 5411 quidem
1808 5359 1910 5399 nos
1943 5361 2071 5415 pro-

487 5423 710 5478 fitcmur
738 5424 857 5479 haec
882 5424 1067 5482 omnia
1108 5444 1138 5483 a
1168 5430 1352 5485 Verbo
1382 5448 1506 5488 esse
1537 5432 1665 5489 data
1702 5453 1715 5488 :
1759 5450 1857 5491 vos
1885 5445 2069 5494 tamen

487 5517 595 5572 hoc
620 5517 1125 5588 interrogabimus:
1176 5538 1298 5593 quae
1327 5524 1383 5578 in
1428 5527 1602 5581 altero
1642 5536 1840 5584 natura
1884 5529 2074 5587 insunt

487 5617 546 5663 et
582 5607 743 5662 alteri
775 5612 1277 5682 communicantur,
1303 5631 1435 5670 num
1497 5625 1628 5672 tunc
1656 5618 1738 5675 sic
1767 5622 2076 5677 communi-

564 5783 585 5812 ⁸
616 5786 811 5842 Matth.
833 5805 953 5843 vm.
981 5790 1017 5844 Ξ

1109 5792 1131 5823 °
1168 5790 1283 5848 Aet.
1316 5808 1396 5858 Ill,
1424 5790 1505 5847 6.‘
1554 5797 1595 5827 θ’
1631 5794 1771 5851 Psal.
1806 5813 1993 5863 vam,
2022 5798 2111 5853 49.

2176 5366 2285 5415 ναι,
2325 5351 2419 5404 καὶ
2456 5352 2532 5423 μὴ
2567 5354 2687 5408 δέον
2734 5351 2877 5411 εἶναι
2911 5357 3161 5412 συνθέσει
3188 5358 3365 5414 ταῦτα
3401 5362 3753 5433 προσλογιζε⁴

2180 5442 2327 5498 σθαι.
2394 5444 2634 5517 ’Δληθῶς
2689 5449 2787 5519 μὲν
2821 5446 2918 5505 οὖν
2964 5452 3030 5503 ἐκ
3081 5450 3176 5505 τοῦ
3206 5453 3383 5520 Λόγου
3421 5454 3660 5509 δίδοσθαι
3689 5458 3759 5510 τὲ

2178 5532 2445 5602 εἰρημένα
2478 5535 2875 5607 συντιθέμεθα·
2913 5539 3054 5610 πλὴν
3083 5539 3245 5596 τοῦτο
3285 5543 3431 5613 ὑμᾶς
3481 5545 3759 5616 ἐρωτήσοο

2184 5639 2315 5695 μενο
2343 5625 2482 5680 Τάδε
2509 5627 2576 5681 τὰ
2606 5627 2736 5684 ὄντα
2768 5631 2890 5686 τινὰ
2920 5634 2979 5687 ἐν
3009 5632 3144 5703 τῷδέ
3169 5650 3276 5688 τινι
3324 5636 3570 5704 φυσικῶς
3603 5654 3756 5698 ποτε,
