4116 6446
383 359 515 425 1481

1372 348 1770 412 ADVERSUS
1808 344 2340 407 NESTORIANOS
2389 372 2459 379 —
2486 346 2632 407 LIB.
2676 348 2725 411 Ι.

3513 344 3651 407 1482

378 476 477 530 καὶ
529 472 607 540 τῷ
653 469 711 523 δέ
755 486 863 522 τινι
915 462 1312 537 μεταδίδονται,
1339 462 1429 514 ὅτε
1481 459 1793 520 ἀσυνθέτως
1848 456 1963 526 ἔχει

2090 464 2266 509 :autur
2294 469 2420 509 cum
2455 455 2547 510 ille
2580 456 2673 525 qui
2702 455 2771 511 iis
2798 464 2951 512 caret
2972 467 3264 528 separatur
3291 457 3361 513 ab
3381 464 3449 513 eo
3472 459 3566 528 qui
3591 473 3659 513 ea

379 567 519 638 πρὸς
541 563 635 617 τὸν
665 561 881 632 ἔχοντα,
905 562 934 613 6
973 557 1049 628 μὴ
1074 556 1215 626 ἔχων
1257 553 1397 608 αὐτὰ
1425 552 1569 606 κατά
1597 551 1779 620 φύσιν,
1810 549 1844 619 ἢ
1875 548 1966 602 ὅτε

379 657 515 729 πρὸς
555 655 705 708 τόνδε
740 651 999 718 συνετέθη
1024 666 1039 714 ;
1064 646 1130 700 Τί
1167 646 1366 717 δήποτε
1400 638 1516 709 οὖν,
1550 641 1763 696 πολλῶν
1796 640 1967 694 ὄντων

380 750 491 803 τῶν
536 746 853 801 ἀσυνθέτων
899 742 1036 813 πρὸς
1063 740 1156 792 τὸν
1195 738 1391 808 ἔχοντα
1427 735 1554 791 τάδε
1587 733 1854 804 φυσικῶς,
1886 732 1968 786 ἐνὶ

387 843 535 913 μόνῳ
560 838 697 909 τῷδε
729 836 1004 899 δέδονταις
1046 831 1154 885 ίδοὺ
1182 831 1293 900 γὰρ
1320 830 1378 882 ὲν
1408 827 1816 899 παραδείγματι
1844 824 1968 895 βλέ-

381 950 580 1003 πομεν,
616 930 692 992 ὡς
741 928 908 999 ἡνίκα
962 925 1104 978 κατά
1150 921 1313 991 φύσιν
1356 921 1583 990 συντεθῇ
1641 917 1703 971 τὸ
1734 917 1844 987 πῦρ
1892 914 1970 983 τῷ

382 1031 612 1099 σιδήρῳ,
658 1025 783 1079 τότε
833 1018 1235 1090 πεπυρωμένος
1280 1014 1498 1081 λέγεται
1545 1014 1574 1065 6
1623 1011 1862 1081 σίδηρος,
1908 1009 1971 1099 τδ

381 1098 557 1191 δνομα
595 1120 689 1172 καὶ
738 1116 837 1186 τὴν
877 1115 952 1177 ὼς
1004 1112 1071 1166 ἀν
1114 1122 1200 1173 τις
1232 1108 1376 1161 εἴποι
1418 1104 1574 1172 ἀξίαν
1609 1100 1847 1172 φυσικὴν
1875 1098 1969 1153 τοῦ

384 1216 578 1285 πυρὸς,
612 1215 677 1266 ἐκ
713 1212 814 1281 τῆς
847 1208 1151 1268 συνθέσεως
1185 1200 1676 1274 προσκτησάμενος
1704 1214 1717 1226 ·
1758 1198 1852 1251 καὶ
1881 1197 1972 1249 ὅτε

384 1311 500 1381 φῶς
535 1307 614 1377 τῷ
645 1307 800 1360 ὕδατι
827 1300 1119 1373 εἰσκραθὲν
1151 1297 1311 1352 τοῦτο
1342 1294 1574 1363 φωτίσει
1625 1290 1767 1345 κατὰ
1791 1288 1975 1381 σύνθεῗ

386 1378 493 1463 σιν,
519 1396 933 1468 πεφωτισμένον
957 1390 1298 1462 ὀνομάζεται
1326 1388 1472 1457 ὕδωρ
1492 1402 1505 1415 ·
1541 1384 1639 1439 καὶ
1665 1384 1755 1436 ὅτε
1785 1378 1973 1452 χρυσῷ

387 1490 771 1561 ὲπιχριόμενος
818 1484 1019 1554 ένωθῇ,
1050 1482 1173 1535 τότε
1227 1478 1460 1551 χρύσεος
1499 1473 1756 1545 ἀνδριάς·
1782 1472 1872 1525 ὅτε
1916 1469 1974 1523 δὲ

388 1584 468 1654 τῷ
502 1582 792 1651 σκεπάρνῳ
818 1579 898 1641 είς
926 1576 1211 1645 ἐνέργειαν
1243 1571 1406 1640 μόνον
1436 1568 1642 1640 χρῆται
1679 1566 1708 1618 6
1741 1565 1972 1654 τέκτων,

388 1652 448 1727 οῦ
471 1672 612 1726 κατά
642 1669 894 1723 σύνθεσιν
922 1665 1163 1735 φυσικὴν
1190 1659 1343 1731 αὺτῷ
1375 1658 1679 1731 ἡνωμένος,
1711 1655 1830 1708 τότε
1852 1652 1976 1706 οὐδὲ

387 1766 448 1819 τὸ
487 1765 662 1835 ὖνομα
704 1761 827 1816 οὐδὲ
869 1759 968 1829 τὴν
1014 1756 1174 1822 ἀξίαν
1215 1752 1381 1808 αὐτοῦ
1422 1750 1748 1823 μεταδίδωσι
1781 1747 1857 1819 τῷ
1885 1747 1977 1817 ὀρ-

2068 546 2402 601 naturaliter
2432 547 2627 611 habet,
2673 563 2744 602 an
2798 563 2926 602 cum
2983 549 3033 603 ci
3074 550 3467 621 coniungitur?
3500 550 3659 616 Quo—

2070 640 2236 695 modo
2265 650 2474 707 autem,
2501 656 2626 695 cum
2656 650 2738 695 tot
2758 642 2871 697 sint
2892 645 3136 712 separati
3162 645 3231 699 ab
3256 660 3324 699 eo
3345 645 3441 715 qui
3470 660 3535 699 ca
3557 659 3659 699 na-

2070 734 2324 788 turaliter
2342 734 2623 798 habet,illi
2647 734 2749 789 soli
2776 734 2903 790 data
2933 734 3169 791 fuissent
3188 736 3376 802 ?Quod
3409 736 3463 789 in
3481 751 3662 790 exem-

2072 824 2178 895 plis
2212 824 2640 881 videmuszcum
2666 842 2865 897 nempe
2892 828 3034 899 ignis
3058 830 3365 885 secundum
3404 839 3660 885 naturam

2073 918 2223 973 ferro
2278 918 2670 989 coniungitur,
2704 928 2837 975 tunc
2887 922 3118 992 ignitum
3177 923 3384 978 dicitur
3420 924 3660 990 ferrum,

2073 1010 2301 1065 nomine
2327 1018 2384 1064 et
2408 1051 2423 1077 ,
2462 1020 2523 1065 ut
2548 1010 2621 1065 ita
2652 1012 2832 1066 dicam
2859 1050 2874 1077 ,
2925 1015 3166 1070 naturali
3203 1016 3473 1087 dignitate
3519 1016 3662 1087 ignis

2073 1112 2300 1172 accepta
2325 1103 2379 1156 vi
2407 1104 2857 1173 coniunctionis;
2902 1106 3159 1162 similiter
3195 1122 3323 1162 eum
3365 1109 3461 1163 lux
3505 1123 3663 1179 aqua:

2078 1194 2325 1250 immista
2350 1210 2472 1251 eam
2508 1196 2786 1251 illuminat
2811 1196 2863 1250 vi
2893 1199 3321 1267 coniunctionis,
3352 1200 3663 1257 illuminata

2075 1285 2283 1342 dicitur
2311 1302 2485 1357 aqua;
2519 1303 2739 1342 necnon
2784 1296 2840 1345 et
2869 1305 2994 1345 cum
3027 1301 3206 1346 statua
3242 1308 3376 1347 auro
3404 1291 3661 1357 illinitur,

2077 1386 2210 1431 tunc
2252 1387 2445 1433 aurata
2469 1379 2704 1446 dicitur;
2738 1390 2865 1435 cum
2897 1390 3083 1437 autem
3124 1384 3275 1438 ascia
3306 1385 3661 1441 instrumenti

2078 1476 2292 1523 tantum
2326 1471 2382 1524 in
2421 1471 2648 1526 modum
2689 1473 2867 1527 utitur
2892 1473 3088 1539 faber,
3124 1490 3236 1529 non
3276 1477 3327 1531 ei
3360 1477 3665 1533 secundum

2076 1571 2335 1615 naturam
2365 1562 2699 1632 CODjUDCtUS
2721 1604 2735 1627 ,
2773 1573 2908 1619 tunc
2930 1578 3111 1636 neque
3144 1582 3346 1622 nomen
3372 1583 3534 1623 suum
3562 1584 3663 1623 ne-

2077 1664 2186 1718 que
2237 1648 2562 1719 dignitatem
2615 1651 2989 1708 instrumento
3037 1655 3451 1721 communicat,
3485 1671 3669 1727 neque

2079 1741 2149 1796 ab
2178 1741 2552 1798 instrumento
2584 1744 2789 1814 accipit
2818 1745 3165 1802 artifex.Sed
3194 1762 3377 1818 neque
3410 1763 3505 1804 rex
3531 1790 3546 1814 ,
3570 1756 3669 1804 aut

388 1824 596 1925 γάνῳ,’
625 1853 659 1922 ἢ
703 1850 834 1918 παρ’
876 1824 1043 1902 αῦτοῦ
1106 1843 1479 1916 μεταλήψεται
1520 1842 1549 1894 6
1590 1836 1976 1911 ἐργαζόμενος.

2090 1831 2469 1888 nobilissimus
2498 1835 2736 1905 quisque
2755 1876 2769 1902 ,
2804 1836 2848 1891 si
2877 1854 3048 1893 unum
3077 1855 3107 1895 e
3134 1841 3251 1896 suis
3280 1841 3457 1895 servis
3494 1858 3670 1913 quan-

401 1946 545 2002 Ἀλλ’
561 1944 671 1998 οὐδ’
703 1944 733 1996 6
771 1940 1044 2013 βασιλεὺς,
1078 1938 1113 2009 ἢ
1155 1935 1386 2007 εὐγενής
1433 1950 1518 1997 τις
1546 1929 1827 1987 ὁντιναοῦν
1863 1926 1976 1981 τῶν

386 2038 609 2095 οἰκείων
665 2035 1016 2106 θεραπόντων
1069 2031 1117 2084 εί
1165 2026 1552 2100 προσλάϐοιτο,
1585 2023 1682 2078 καὶ
1735 2018 1975 2076 οίαισοῦν

389 2131 567 2198 ἀξίαις
594 2128 840 2200 τιμήσει,
867 2122 1011 2179 κατά
1047 2121 1211 2192 φύσιν
1243 2120 1300 2174 δὲ
1326 2117 1478 2188 αὐτῷ
1507 2116 1583 2188 μὴ
1676 2112 1976 2183 συγκείμε-

389 2243 502 2289 νος,
533 2222 656 2277 οῦτε
690 2221 751 2275 τὸ
795 2220 986 2289 ὄνομα,
1036 2213 1160 2269 οὔτε
1208 2214 1306 2284 τὴν
1344 2211 1502 2277 ἀξίαν
1533 2211 1630 2264 καὶ
1655 2206 1976 2262 δεσποτείαν

392 2320 492 2390 τὴν
529 2314 838 2388 βασιλικὴν,
869 2311 995 2365 οὔτε
1028 2310 1127 2381 τὴν
1153 2307 1438 2377 εὐγένειαν
1467 2303 1635 2358 αὐτοῦ
1664 2301 1815 2390 τῷδε
1840 2314 1977 2367 συγ-

392 2410 696 2485 χωρήσειεν
718 2422 731 2437 ·
762 2404 884 2458 οὐδὲ
920 2403 1028 2472 γὰρ
1061 2399 1286 2454 δυνατόν
1311 2400 1460 2450 ἐστιν
1475 2393 1598 2448 οὐδὲ
1626 2393 1675 2445 εί
1710 2389 1975 2485 βούλοιτο,

393 2479 587 2573 ἓὥσπερ
634 2498 731 2553 οὖν
779 2494 1158 2562 ὑποδείξομεν,
1188 2492 1315 2544 ὅσον
1347 2488 1416 2541 ἂν
1467 2482 1807 2539 καλλωπίσοι
1850 2479 1977 2573 τινὰ

393 2597 505 2652 τῶν
534 2571 683 2648 ίδίων
709 2592 914 2653 ἵππων,
941 2586 1228 2658 ἄνθρωπον
1262 2579 1425 2635 αὐτὸν
1446 2576 1735 2647 ὀνομάζειν
1761 2571 1979 2643 ἀληθῶς

396 2687 534 2743 εἶναι
574 2679 1002 2755 ὡμολογημένου
1037 2676 1323 2747 ὀνόματος,
1358 2671 1453 2726 καὶ
1486 2671 1546 2724 οὐ
1574 2669 1669 2723 δύο
1701 2668 1810 2720 τῶν
1841 2665 1980 2736 ὑπὲρ

396 2786 577 2840 πάντα
604 2781 675 2834 τὰ
707 2776 911 2850 φυσικά
942 2773 1183 2845 ὀνόματα
1205 2790 1218 2802 ·
1256 2772 1386 2843 τρία
1416 2768 1527 2839 γὰρ
1560 2766 1655 2820 καὶ
1690 2762 1804 2835 οὐχ’
1836 2762 1894 2815 ἓν
1930 2760 1980 2815 εί

394 2876 465 2929 τά
505 2867 849 2927 ὑποστατικά
893 2865 1014 2919 θεῖα
1068 2862 1165 2917 καὶ
1204 2860 1542 2931 ὑπερέχοντα
1580 2857 1653 2925 φῇ
1684 2870 1789 2918 τις,
1831 2852 1883 2905 τί
1914 2851 1982 2905 ἂν

396 2968 527 3024 ἄλλο
548 2966 706 3021 τοῦτο
736 2963 888 3016 ἔσται
920 2960 953 3031 ἢ
984 2958 1013 3011 6
1045 2957 1179 3019 Θεὸς
1200 2955 1295 3009 καὶ
1318 2953 1521 3022 Κύριος
1551 2951 1581 3003 6
1603 2947 1799 3018 φύσει;
1829 2946 1857 2999 ὃ
1896 2943 1985 2998 θέ-

399 3075 484 3112 σει
513 3058 623 3127 veg
659 3052 783 3109 οὔτε
836 3050 981 3121 μόνῳ
1027 3047 1177 3118 αὐτῴ
1220 3042 1486 3117 χαρισθὲν
1531 3039 1658 3094 οὔτε
1700 3039 1841 3109 ὑπὲρ
1874 3038 1983 3127 πᾶν

398 3126 757 3218 δνομάίὲστι·
793 3140 1007 3196 πολλῶν
1037 3140 1206 3192 όντων
1239 3135 1383 3189 κατά
1415 3151 1469 3187 τι
1502 3130 1819 3200 λεγομένων
1846 3126 1984 3182 θεῶν

398 3262 459 3298 τε
487 3244 579 3297 καὶ
609 3240 815 3311 κυρίων
861 3238 922 3289 ὲν
958 3231 1171 3304 οὐρανῷ
1200 3247 1263 3283 τε
1306 3229 1400 3283 καὶ
1430 3228 1523 3297 γῇ.
1570 3225 1631 3277 Ei
1674 3218 1767 3276 οὖν
1799 3218 1986 3289 ἕτερος

400 3336 561 3391 τοῦτο
610 3332 767 3387 λάϐοι
805 3328 958 3401 παρὰ
998 3327 1090 3379 τὸν
1129 3323 1299 3384 ὅντως
1349 3319 1510 3389 φύσει
1556 3316 1712 3378 Θεὸν,
1767 3312 1986 3380 ἀνάγκη

402 3430 553 3485 ἐστὶν
585 3424 923 3499 ἢάνώνυμον
960 3422 1139 3491 μεῖναι
1159 3417 1250 3471 τὸν
1279 3411 1514 3485 δόντα,ἥ
1548 3414 1606 3464 ἐν
1651 3408 1865 3479 θατέρῳ
1894 3403 1992 3499 a6:

402 3521 511 3576 τῶν
541 3496 752 3590 ψευδῶς
782 3514 1013 3585 όνομάζε
1024 3512 1148 3565 σθαι
1177 3508 1364 3562 λοιπὸν
1389 3504 1552 3559 τοῦτο
1575 3520 1590 3534 ·
1616 3503 1650 3574 ἦ
1676 3501 1786 3573 γὰρ
1808 3502 1873 3553 ὲκ
1896 3496 1991 3551 τοῦ

404 3612 740 3685 προσφάτως
768 3608 899 3663 αὐτὸ
920 3602 1293 3674 λαμῦάνοντος
1316 3593 1659 3667 έτεροουσίου
1687 3593 1861 3655 ὄντος,
1896 3590 1993 3644 καὶ

404 3681 466 3758 οῦ
507 3702 712 3773 κυρίως
764 3698 899 3755 αὐτὸ
950 3693 1319 3765 κτησαμένου,
1367 3686 1578 3759 ψευδῶς
1631 3681 1992 3755 κέκληται’ῆ

406 3798 500 3850 ἐπὶ
536 3795 628 3849 τοῦ
682 3790 874 3864 πρώην
918 3786 1134 3859 ἔχοντος
1193 3784 1347 3848 αὐτὸ,
1379 3782 1480 3835 οὐκ
1526 3774 1745 3848 ἀληθῶς
1772 3776 1993 3844 λέγεται

406 3889 614 3952 λοιπὸν,
633 3884 709 3950 ὡς
734 3882 931 3937 νεωστί¹
950 3876 1433 3949 ἀποκτησαμένου,
1457 3871 1554 3926 καὶ
1583 3870 1656 3942 μὴ
1686 3869 1991 3940 μείναντος,

412 3980 548 4051 μηδὲ
601 3978 659 4030 ὲν
692 3976 760 4047 τῇ
796 3972 904 4043 ἰδίᾳ
935 3971 1096 4039 φύσει
1147 3966 1242 4020 τοῦ
1280 3965 1565 4036 ὀνόματος.
1612 3961 1726 4014 Πᾶν
1755 3958 1864 4029 γὰρ
1895 3973 1997 4025 φυ-

411 4073 562 4125 σικὸν
596 4069 785 4138 κύριον
832 4065 1026 4135 δνομα,
1066 4063 1196 4132 μιᾶς
1246 4060 1340 4113 καὶ
1384 4058 1445 4111 οὐ
1485 4056 1579 4110 δύο
1630 4053 1847 4124 φύσεων
1877 4051 1996 4104 δια-

411 4166 594 4236 φόρων
645 4161 829 4217 ὲστίν’
876 4159 909 4231 ἢ
950 4151 1047 4211 οὖν
1087 4156 1148 4209 οῦ
1185 4152 1394 4223 κυρίως
1440 4151 1535 4204 καὶ
1578 4146 1796 4219 ἀληθῶς
1839 4142 1999 4196 τοῦτο

409 4256 659 4311 δεδόσθαι
681 4251 900 4321 λέγεται
934 4266 1064 4314 τινι,
1099 4248 1131 4319 ἢ
1159 4249 1207 4300 εί
1238 4244 1487 4315 ἀψευδῶς
1518 4240 1748 4303 δέδοται,
1782 4240 1847 4290 ἐκ
1870 4251 1997 4289 συν-

414 4352 617 4412 θέσεως
665 4345 832 4401 αὒτοῦ
866 4343 958 4396 τοῦ
1000 4340 1192 4395 τούτου
1225 4339 1390 4409 μόνου
1422 4333 1639 4402 ἀληθῶς
1666 4327 2001 4401 ὀνομαζομέ-

416 4460 508 4495 νου
544 4441 666 4495 κατ’
693 4439 827 4493 αὐτὸ
865 4437 958 4490 καὶ
1007 4434 1142 4505 πρὸς
1169 4433 1230 4484 τὸ
1265 4430 1468 4501 ἑτέρως
1493 4425 1776 4495 μετεδόθη.
1807 4421 1996 4484 Οῦτως

2084 1925 2380 1996 tiscunque
2420 1927 2729 1985 honoribus
2778 1931 3170 1997 cumulaverit,
3217 1949 3321 1989 nec
3371 1943 3553 1990 tamen
3587 1936 3667 1991 illi

2082 2019 2474 2089 coniungatur,
2502 2035 2741 2087 nomen,
2769 2031 2865 2076 aut
2910 2022 3264 2094 dignitatem.
3318 2036 3415 2081 aut
3459 2027 3668 2099 regiam

2082 2117 2412 2178 potestatem
2441 2153 2454 2176 ,
2486 2121 2584 2167 aut
2614 2113 2964 2170 nobilitatem
2995 2116 3074 2169 illi
3102 2116 3390 2185 impertire
3424 2134 3669 2189 unquam

2084 2210 2304 2269 posset;
2358 2217 2468 2256 non
2515 2204 2665 2258 enim
2705 2205 2970 2274 possibile
3001 2215 3108 2271 est,
3140 2208 3243 2261 etsi
3277 2208 3429 2271 velit,
3457 2209 3539 2262 uti
3573 2224 3667 2265 os~

2087 2289 2399 2357 tendemu's,
2449 2296 2861 2362 quantumlibet
2887 2311 3060 2351 unum
3090 2310 3122 2351 e
3145 2298 3264 2352 suis
3291 2299 3451 2368 cquis
3497 2299 3668 2355 deco—

2086 2388 2191 2446 ret,
2221 2382 2375 2436 illum
2405 2398 2607 2439 vocare
2637 2385 2921 2441 hominem
2949 2402 3167 2450 verum,
3199 2388 3471 2458 siquidem
3496 2405 3671 2445 unum

2085 2475 2262 2529 solum
2287 2476 2454 2531 modo
2485 2493 2692 2534 nomen
2723 2489 3044 2550 receptum,
3076 2496 3189 2537 non
3218 2493 3403 2538 autem
3429 2482 3540 2537 duo
3569 2498 3673 2553 pro

2087 2566 2174 2622 his
2204 2584 2328 2638 qua:
2354 2579 2486 2625 sunt
2503 2586 2671 2641 super
2695 2571 2882 2627 omnia
2904 2574 3181 2629 naturalia
3202 2576 3456 2643 nomina;
3476 2577 3523 2631 si
3546 2577 3676 2647 quis

2085 2660 2234 2716 enim
2254 2670 2506 2731 tres,non
2538 2672 2724 2721 autem
2755 2682 2921 2721 unam
2956 2684 3248 2737 personam
3283 2671 3675 2739 praestantissi-

2088 2768 2231 2810 mam
2260 2755 2315 2809 in
2344 2756 2549 2811 divinis
2586 2758 2753 2824 dicat,
2789 2759 2921 2828 quid
2947 2761 3057 2815 nisi
3082 2761 3177 2831 qui
3205 2771 3402 2816 natura
3427 2763 3573 2819 Deus
3590 2770 3679 2819 est

2088 2857 2147 2900 et
2183 2845 2493 2901 Dominus?
2521 2846 2679 2912 Quod
2709 2847 3026 2917 adoptionis
3056 2859 3159 2916 est,
3196 2866 3377 2920 neque
3406 2852 3508 2907 soli
3538 2868 3675 2907 con-

2089 2937 2261 3003 venit,
2319 2954 2500 3009 nequc
2556 2948 2643 2995 est
2691 2955 2861 3009 super
2910 2956 3075 2996 omne
3127 2957 3352 3009 nomen,
3406 2959 3533 2998 cum
3566 2944 3680 2999 sint

2097 3029 2259 3082 multi
2290 3030 2347 3083 in
2372 3030 2531 3084 caelis
2557 3038 2614 3084 et
2644 3030 2698 3084 in
2735 3040 2885 3086 terra
2913 3032 3219 3087 secundum
3250 3033 3385 3102 quid
3415 3034 3549 3090 dicti
3585 3036 3677 3091 dei

2090 3130 2148 3176 et
2163 3121 2406 3188 domini;
2430 3123 2474 3177 si
2494 3123 2664 3194 igitur
2683 3137 2886 3179 nomen
2911 3125 3050 3179 illud
3074 3125 3309 3195 quilibet
3322 3127 3465 3182 alius
3479 3135 3681 3197 praeter

2092 3230 2284 3269 verum
2298 3214 2471 3269 Deum
2485 3231 2586 3268 usu
2595 3224 2969 3284 rpet,necesse
2981 3225 3067 3270 est
3079 3217 3165 3271 vel
3185 3217 3303 3272 sine
3316 3218 3540 3275 nomine
3553 3236 3680 3276 esse

2090 3321 2216 3361 eum
2242 3306 2335 3375 qui
2358 3305 2533 3371 dedit,
2558 3306 2644 3361 vel
2672 3305 2728 3360 in
2773 3307 3042 3362 alterutro
3074 3309 3307 3364 mendax
3328 3326 3450 3366 esse
3475 3328 3681 3368 nomen

2091 3397 2226 3453 illud
2251 3415 2266 3463 ;
2296 3397 2569 3468 siquidem
2599 3409 2695 3453 aut
2727 3398 2773 3453 is
2811 3399 2907 3469 qui
2942 3414 3135 3454 recens
3161 3402 3405 3471 accepit,
3433 3418 3557 3459 cum
3609 3407 3684 3461 sit

2096 3492 2333 3547 diversa:
2386 3498 2621 3555 naturae,
2676 3506 2779 3546 nec
2832 3490 3057 3562 proprie
3093 3491 3281 3558 habet,
3335 3494 3684 3551 mendaciter

2090 3584 2429 3645 nominatur;
2457 3583 2551 3653 qui
2577 3591 2758 3638 autem
2789 3583 3099 3654 antiquitus
3124 3584 3543 3657 babuerat,iam
3571 3603 3684 3643 non

2091 3688 2224 3728 vere
2274 3674 2614 3737 nominatur,
2665 3672 2870 3743 quippe
2901 3672 2998 3742 qui
3041 3689 3222 3743 nuper
3251 3674 3535 3741 alienavit,
3579 3692 3685 3733 nec

2094 3766 2147 3820 in
2180 3766 2403 3835 propria
2438 3766 2681 3819 nominis
2715 3775 2913 3819 natura
2949 3765 3275 3835 permansit.
3330 3765 3505 3822 Omne
3529 3770 3680 3824 enim

2093 3856 2378 3926 proprium
2402 3865 2458 3910 ct
2487 3856 2737 3910 naturale
2768 3871 2991 3919 nomen,
3026 3856 3192 3911 unius
3225 3866 3437 3912 tantum
3469 3869 3684 3915 natura:

2094 3965 2298 4004 nomen
2339 3955 2451 4013 cst,
2488 3964 2599 4001 non
2646 3956 2832 4001 autem
2878 3947 3112 4001 duarum
3140 3948 3483 4005 diversarum
3515 3958 3681 4005 natu-

2098 4056 2320 4106 rarum;
2358 4039 2505 4095 unde
2554 4039 2641 4094 vel
2683 4054 2795 4093 non
2847 4048 3033 4110 potest
3064 4040 3172 4095 dici
3206 4042 3430 4111 proprie
3463 4051 3520 4098 et
3551 4058 3684 4097 vere

2098 4132 2264 4187 alicui
2295 4148 2416 4187 esse
2454 4133 2676 4197 datum,
2703 4132 2790 4186 vel
2826 4132 2869 4187 si
2907 4133 3131 4201 proprie
3158 4132 3347 4186 datum
3388 4141 3506 4199 est,
3545 4151 3685 4189 non-

2098 4224 2205 4279 nisi
2237 4241 2306 4279 ex
2336 4223 2729 4294 coniunctione
2762 4222 2913 4277 illius
2944 4225 3037 4292 qui
3072 4224 3223 4277 solus
3250 4240 3376 4278 vere
3405 4239 3473 4279 eo
3497 4226 3682 4281 nomi-

2101 4327 2281 4383 natur,
2307 4333 2434 4372 cum
2465 4317 2575 4370 alio
2604 4316 2848 4382 diverso,
2883 4315 3072 4371 datum
3096 4324 3201 4371 est.
3239 4317 3332 4372 Sic
3361 4318 3509 4373 enim
3542 4329 3600 4375 et
3626 4319 3685 4375 in

2099 4410 2297 4464 eodem
2340 4409 2564 4478 proprio
2598 4408 2823 4461 nomine
2866 4414 2924 4461 et
2950 4408 3115 4462 simul
3159 4407 3214 4461 in
3249 4408 3358 4462 alio
3389 4410 3515 4474 erit,
3551 4426 3683 4480 pro-

417 4536 524 4605 γὰρ
558 4534 651 4587 καὶ
680 4532 759 4585 ἔτι
784 4529 863 4599 τῷ
892 4499 1437 4598 αὑτῷ-ἐνυπάρχοντι
1458 4519 1682 4589 ὀνόματι
1706 4517 1803 4569 καὶ
1832 4517 1889 4568 ὲν
1921 4514 1987 4584 τᾷ

2104 4512 2226 4572 pter
2281 4517 2407 4556 eum
2458 4500 2553 4570 qui
2600 4500 2655 4554 in
2710 4500 2831 4569 ipso
2860 4499 3036 4553 factus
3066 4509 3151 4554 est
3187 4522 3202 4553 ς
3234 4515 3344 4555 non
3374 4502 3521 4555 enim
3555 4518 3686 4566 vere

418 4629 588 4693 έτέρτρ
633 4625 810 4688 ἔσται,
858 4620 948 4675 διά
991 4620 1083 4673 τὸν
1132 4616 1430 4685 γενόμενον
1475 4614 1533 4665 ὲν
1583 4607 1767 4679 αὐτῷ’
1799 4608 1860 4661 οὐ
1892 4609 2001 4675 γάρ

419 4719 535 4772 ἐστί
593 4735 646 4770 τι
695 4715 797 4785 τῆς
845 4711 1061 4783 φύσεως
1131 4709 1301 4777 ὄνομα
1370 4702 1585 4775 ἀληθῶς
1643 4698 2003 4770 ὀνομάζεσθαι

418 4805 740 4880 ἀποχωροῦν
787 4805 881 4858 τοῦ
942 4802 1074 4856 ἰδίου
1100 4797 1464 4867 ὑποκειμένου
1487 4809 1500 4823 ⁸
1536 4793 1738 4863 ὁμοίως
1769 4792 1825 4845 δὲ
1859 4791 1952 4844 καὶ
1976 4791 2006 4843 6

417 4901 515 4969 τῆς
549 4898 704 4966 ἀξίας
733 4896 828 4950 καὶ
852 4890 1171 4954 δεσποτείας
1202 4888 1361 4957 λόγος
1414 4884 1509 4939 καὶ
1542 4885 1609 4938 τά
1647 4883 1809 4938 λοιπὰ
1829 4882 2007 4936 πάντα

418 4996 639 5047 νοεῖται.
1133 5054 1135 5056 η

505 5086 659 5138 Ἐπεὶ
692 5077 785 5137 οῦν
809 5082 897 5134 διὰ
924 5080 1099 5134 ταῦτα
1123 5077 1257 5146 ἡμῖν
1295 5073 1393 5145 μὲν
1420 5073 1484 5125 ὲκ
1513 5070 1616 5139 τῆς
1655 5069 1871 5138 φύσεως
1918 5066 2007 5118 δο-

424 5180 587 5247 θῆναι
639 5176 735 5229 καὶ
766 5173 827 5226 τὸ
872 5173 972 5238 τῆς
1003 5170 1160 5237 ἀξίας
1204 5167 1397 5237 δνομα,
1434 5164 1527 5217 καὶ
1551 5161 1712 5231 φύσιν
1739 5154 1876 5213 εἶναι
1909 5158 2009 5222 τὴν

426 5268 586 5331 ἀξίαν
614 5266 719 5319 ἐπί
759 5262 919 5325 Θεοῦ,
955 5261 1018 5314 οὐ
1057 5260 1167 5330 γὰρ
1206 5253 1501 5324 ὲπίκτητόν
1542 5268 1665 5305 τινα
1690 5248 2008 5320 περιϐολὴν,

429 5365 458 5416 ὑ
469 5367 557 5434 μίν
594 5362 651 5416 δὲ
685 5361 760 5422 ὼς
789 5358 985 5417 ἔοικεν,
1013 5352 1135 5422 οῦχὶ
1160 5350 1334 5404 ταῦτα
1362 5347 1537 5407 οὕτως
1562 5343 1706 5414 ἔχειν
1737 5341 2008 5434 φαίνεται,

430 5428 619 5505 είπατε
654 5448 707 5501 τί
769 5446 1003 5518 μάλιστα
1054 5438 1308 5512 βούλεσθε
1374 5437 1526 5506 ἡμᾶς
1577 5434 1758 5497 νοεῖν,
1792 5428 2011 5501 ἀληθῶς

427 5538 595 5595 οὖσαν
625 5540 725 5607 τὴν
748 5535 891 5590 κατά
918 5532 1155 5604 Χριστὸν
1178 5529 1339 5595 ἀξίαν
1361 5526 1457 5579 καὶ
1484 5522 1808 5578 δεσποτείαν
1838 5520 1933 5573 καὶ
1954 5520 2013 5571 τὸ

428 5632 605 5700 ὄνομα
638 5646 651 5660 ο
695 5628 792 5680 καὶ
823 5624 1058 5693 εἰδῶμεν
1085 5622 1133 5673 εί
1168 5619 1244 5689 μὴ
1277 5617 1495 5678 πάντως
1525 5615 1648 5667 ὅσον
1673 5611 1740 5665 ἂν
1770 5611 1847 5683 τῷ
1879 5611 2014 5682 μᾶλ-

431 5723 521 5774 λον
548 5718 807 5789 ὑπερέχοι
832 5716 902 5768 τά
933 5714 1053 5767 καθ’
1080 5711 1249 5791 ἡμᾶς,
1278 5708 1337 5761 τὸ
1356 5706 1648 5776 λεγόμενον
1677 5704 1809 5774 παρ’
1838 5704 1864 5753 ὑ
1874 5702 2012 5771 μῶν,

435 5813 559 5867 ἐπεὶ
594 5809 729 5874 εἶδος
759 5807 918 5861 τοῦτο
945 5807 1049 5860 οὐκ
1079 5802 1423 5867 ἐξαλλάσσει.
1490 5797 1602 5849 Καὶ
1633 5796 1743 5866 γὰρ
1774 5795 1841 5849 ἀν
1873 5794 2016 5849 οὕτω

756 5900 1029 5959 ΡΛτιιοι.
1074 5896 1194 5953 Gn.
1230 5888 1572 5954 LXXXVI.

2106 4595 2215 4650 dici
2248 4594 2301 4649 id
2334 4602 2516 4663 potest
2558 4604 2761 4647 nomen
2816 4601 3027 4647 naturae
3056 4593 3205 4663 quod
3233 4609 3263 4648 a
3295 4595 3521 4664 proprio
3558 4597 3690 4651 sub-

2100 4687 2250 4757 iecto
2304 4685 2586 4751 discedit;
2642 4685 2902 4739 similiter
2960 4694 3147 4740 autem
3207 4686 3567 4756 iudicandum
3618 4687 3689 4745 de

2107 4776 2371 4848 dignitate
2393 4784 2451 4832 et
2468 4782 2740 4848 potestate
2769 4785 2936 4846 atque
2967 4776 3197 4846 paribus
3232 4778 3468 4833 caeteris.

2179 5050 2317 5106 Cum
2340 5048 2505 5118 igitur
2528 5045 2687 5100 nobis
2708 5043 2961 5098 videatur
2975 5058 3041 5097 ex
3066 5052 3261 5097 natura
3290 5043 3410 5097 dari
3435 5051 3493 5098 et
3518 5058 3694 5111 ipsum

2112 5141 2399 5211 dignitatis
2446 5153 2670 5199 nomen,
2723 5134 3049 5205 dignitatem
3096 5143 3283 5188 autem
3327 5149 3359 5187 a
3416 5136 3526 5189 Deo
3573 5152 3696 5193 esse

2113 5246 2401 5300 naturam;
2424 5247 2532 5287 non
2554 5229 2702 5284 enim
2728 5227 3062 5296 acquisitum
3088 5227 3382 5297 quemdam
3400 5228 3698 5292 amictum;

2113 5329 2275 5383 vobis
2300 5341 2433 5381 vero
2463 5338 2572 5377 non
2618 5320 2713 5383 ita,
2741 5326 2803 5372 ut
2853 5317 3048 5387 liquet,
3076 5317 3297 5371 videtur
3323 5332 3335 5367 :
3363 5317 3531 5373 dicite
3567 5333 3703 5388 ergo

2115 5420 2248 5492 quid
2290 5418 2513 5476 tandem
2545 5430 2647 5471 nos
2678 5411 2862 5469 velitis
2891 5424 3119 5465 censere
3146 5410 3213 5464 de
3236 5424 3366 5463 vera
3385 5408 3590 5464 Christi
3614 5409 3703 5463 di-

2116 5515 2323 5585 gnitate
2370 5520 2428 5566 et
2478 5516 2789 5580 potestate,
2835 5504 2969 5576 quid
3017 5502 3086 5557 de
3144 5516 3279 5557 vero
3321 5503 3543 5556 nomine
3603 5520 3683 5557 :e

2119 5607 2359 5663 sciamus
2391 5620 2462 5657 an
2514 5618 2624 5657 non
2674 5597 3083 5671 quammasime
3140 5602 3363 5665 praestet
3415 5593 3563 5664 quod
3603 5608 3705 5647 nos

2119 5698 2359 5753 dicimus
2384 5692 2645 5748 omnibus
2672 5706 2794 5760 qua!
2831 5706 2861 5743 a
2901 5687 3060 5742 vobis
3106 5686 3388 5750 dicuntur,
3430 5685 3703 5755 siquidem

2123 5790 2331 5862 species
2370 5787 2462 5842 illa
2488 5800 2598 5841 non
2630 5791 2897 5838 mutatur.
2934 5779 3027 5836 Sic
3050 5779 3198 5835 enim
3232 5776 3414 5834 omnis
3437 5778 3603 5835 homo
3631 5778 3702 5831 ab

3207 5870 3284 5929 Ιιῗ
