4116 6456
510 363 646 429 1583

502 478 655 532 omni
730 474 955 530 homine
1014 488 1216 543 genere
1268 470 1523 526 dill'erret
1575 484 1589 521 :

502 576 821 625 samtorum
846 568 1089 621 virorum
1140 565 1374 619 similem
1413 576 1533 617 esse
1568 560 1882 624 Christum,
1922 572 2087 628 quem

503 676 607 715 nos
624 674 816 714 verum
844 658 1016 712 Deum
1038 666 1095 710 et
1123 655 1217 709 Dei
1244 654 1483 707 viventis
1512 651 1710 705 Filium
1736 649 2085 714 conﬁtemur,

507 749 854 821 supponitis?
882 746 1235 803 Audiendum
1260 759 1391 814 ergo
1414 742 1692 811 quomodo
1720 741 1810 795 hic
1842 741 1897 794 in
1923 740 2088 795 Chri-

504 855 589 897 sto
606 841 1004 913 dignationem,
1035 853 1145 891 non
1181 845 1366 890 autem
1405 834 1711 888 naturalem
1734 832 2087 901 compositio-

508 949 629 987 nem
666 947 788 986 esse
816 928 1079 1000 arguatis,
1103 926 1199 997 qui
1222 925 1545 996 dignitatem
1566 938 1634 978 ex
1661 923 1946 977 voluntate
1964 938 2087 978 esse

506 1024 712 1077 dicitis.
743 1021 1014 1089 Quoniam
1038 1019 1245 1074 etenim
1272 1034 1339 1072 ex
1361 1014 1749 1071 benevolentia
1781 1022 1911 1068 sunt
1936 1022 1990 1068 et
2020 1029 2087 1068 ea

506 1116 624 1184 ipsa
659 1129 784 1184 qua:
815 1114 883 1167 ad
915 1110 1351 1167 incarnationem
1386 1107 1684 1177 pertinent,
1726 1105 1853 1159 ideo
1891 1104 2086 1173 digna-

504 1209 582 1262 tio
599 1205 845 1276 quaedam
870 1204 1157 1259 eritomne
1189 1201 1418 1255 donum.
1445 1197 1552 1253 Sed
1571 1197 1636 1251 ad
1668 1196 1785 1251 haec
1810 1195 2083 1253 dicimus:

504 1299 644 1366 Quia
689 1297 1013 1368 dignitatem
1065 1292 1412 1349 arbitramini
1456 1291 1727 1343 honorem
1788 1287 2083 1357 quemdam

501 1407 623 1447 esse
652 1406 720 1445 ex
745 1405 813 1444 eo
839 1388 985 1458 quod
1007 1402 1077 1442 ex
1100 1386 1385 1441 voluntate
1414 1382 1580 1436 detur
1603 1398 1618 1445 ;
1639 1393 1974 1450 reponemus
1985 1392 2086 1432 nos

502 1491 647 1537 Ictus
671 1495 889 1550 quoque
920 1486 976 1534 et
1005 1487 1229 1532 catenas
1260 1482 1317 1529 et
1351 1473 1583 1527 mulctas
1610 1470 1794 1541 pravis
1820 1469 1998 1525 servis
2030 1476 2087 1523 et

501 1573 720 1628 civibus
742 1586 808 1624 ex
837 1569 1118 1623 voluntate
1152 1582 1183 1620 a
1214 1563 1454 1619 dominis
1486 1571 1542 1617 et
1565 1560 1980 1632 magistratibus
2005 1559 2087 1615 in-

480 1661 615 1732 ‘ﬂigi
650 1680 662 1715 :
691 1661 837 1716 unde
856 1676 924 1715 ex
952 1658 1152 1714 vestris
1187 1654 1508 1719 sententiis,
1535 1652 1665 1723 quia
1698 1667 1767 1706 ex
1795 1651 2084 1706 voluntate

500 1753 846 1823 procedant,
894 1764 1074 1821 preme
1134 1749 1264 1818 ipsa:
1321 1744 1666 1817 dignationes
1717 1757 1840 1797 esse
1891 1756 2085 1795 cense-

500 1846 729 1900 buntur.
766 1844 955 1913 Neque
985 1840 1254 1897 recusetis
1284 1840 1403 1893 haec
1429 1839 1501 1893 ob
1519 1838 1745 1892 nimiam
1769 1833 2086 1890 absurdita-

502 1949 611 1994 tem
640 1939 849 2003 dicere,
882 1936 1192 2007 praesertim
1247 1934 1400 2005 quia,
1450 1948 1575 1988 cum
1615 1930 1877 2003 ponimus
1919 1937 2087 1984 natu-

500 2032 672 2087 ralem
707 2030 994 2093 unionem,
1026 2028 1073 2083 si
1119 2026 1435 2082 diceremus
1463 2040 1584 2079 eam
1616 2040 1727 2079 non
1758 2039 1827 2078 ex
1848 2022 2089 2077 benevo-

498 2123 667 2177 lentia
705 2132 761 2177 et
803 2120 1150 2176 humanitate
1184 2132 1305 2172 esse
1335 2115 1527 2186 optimi
1564 2114 1685 2179 Dei,
1733 2129 1847 2168 non
1879 2113 2086 2167 absone

497 2211 845 2267 aﬂirmaretis
896 2226 1007 2264 non
1055 2222 1176 2263 esse
1223 2206 1508 2268 unionem,
1566 2218 1691 2257 cum
1731 2217 1844 2255 non
1881 2216 1950 2256 ex
1986 2199 2087 2255 Dei

497 2304 879 2361 benevolentia
936 2300 1243 2357 inearnatio
1272 2298 1632 2369 procederet;
1691 2310 1843 2349 nunc
1900 2302 2086 2348 autem

497 2396 663 2451 altius
684 2409 849 2464 quam
874 2408 974 2447 vos
1020 2391 1122 2461 ipsi
1159 2393 1461 2443 clamamus
1505 2386 1806 2441 maximum
1836 2398 1958 2439 esse
1989 2382 2088 2438 bo-

495 2485 688 2541 nitatis
733 2491 1119 2553 argumentum
1175 2479 1323 2550 quod
1379 2477 1699 2549 huiusmodi
1756 2476 1891 2531 unio
1915 2477 1990 2532 sit
2018 2492 2086 2531 ex

475 2574 887 2639 benevolentia
922 2591 935 2627 :
974 2573 1148 2643 probe
1183 2570 1392 2625 etenim
1419 2569 1625 2624 scimus
1679 2584 1794 2624 non
1847 2567 2087 2623 invidio-

498 2683 622 2724 sum
673 2681 795 2722 esse
824 2663 1043 2719 Numen
1080 2662 1332 2717 divinum
1383 2659 1531 2730 quod
1566 2660 1727 2715 nobis
1758 2675 1869 2713 non
1905 2659 2083 2714 solum

495 2769 845 2811 communem
881 2760 977 2806 aut
1006 2750 1291 2823 profanam
1317 2749 1593 2805 concessit
1615 2749 1957 2820 dignitatem,
1985 2747 2083 2804 sed

496 2846 806 2902 naturalem
845 2856 901 2899 et
948 2843 1189 2915 ingentis
1229 2842 1395 2913 pretii
1422 2858 1438 2894 :
1465 2856 1576 2894 non
1607 2838 1756 2894 enim
1789 2838 1939 2893 aliud
1980 2837 2085 2892 bo~.

495 2952 652 3002 num,
697 2935 795 2992 sed
828 2936 1072 3006 seipsum
1130 2934 1295 2989 nobis
1342 2931 1648 2987 concessit.
1693 2930 1852 2998 Quod
1890 2930 2080 3001 siqua

495 3038 693 3083 natura
727 3028 897 3083 ditior
945 3034 1041 3081 aut
1068 3026 1268 3080 melior
1296 3031 1478 3095 potest
1523 3023 1742 3094 concipi
1770 3038 1935 3093 quam
1981 3023 2079 3079 Dei

496 3128 719 3183 natura,
746 3118 801 3173 id
840 3118 1004 3173 nobis
1034 3117 1205 3173 dicite
1230 3125 1287 3171 et
1309 3115 1463 3170 vobis
1490 3114 1920 3171 consentiemus.

640 3210 657 3245 \

569 3296 678 3353 Sed
728 3296 1014 3366 quoniam,
1053 3294 1143 3349 his
1164 3294 1321 3360 victi,
1375 3294 1556 3349 adhuc
1602 3302 1787 3349 autem
1831 3304 2081 3352 extremo

496 3387 695 3458 spiritu
732 3386 1093 3449 reluctantes,
1115 3400 1260 3439 vera:
1289 3384 1508 3454 pietatis
1541 3385 1781 3440 sermoni
1812 3399 1923 3439 non
1950 3400 2083 3440 con-

468 3536 471 3539 λ
498 3480 738 3544 sentitis,
763 3479 857 3535 sed
874 3479 1037 3533 nobis
1056 3477 1338 3532 allirmatis
1354 3477 1770 3548 impeccantiam
1789 3476 2082 3547 iu,Christo

498 3572 733 3628 Domino
762 3581 954 3626 nostro
984 3570 1205 3625 unionis
1226 3584 1335 3623 non
1375 3584 1495 3624 esse
1525 3569 1764 3640 signum,
1786 3568 1841 3623 id
1861 3581 2081 3639 quoque

496 3664 785 3720 vobiscum
817 3662 1182 3733 inquiremus.
1206 3661 1266 3716 In
1289 3661 1491 3731 quibus
1514 3670 1757 3731 potestas
1790 3662 2078 3732 peccandi,

498 3757 555 3811 in
582 3756 693 3810 illis
718 3755 987 3808 miramur
1021 3753 1440 3823 impeccantiam
1475 3770 1489 3806 :
1524 3768 1637 3807 non
1679 3753 1827 3808 enim
1870 3754 2082 3822 simpli-

494 3847 638 3903 citer
672 3845 970 3900 dicendum
998 3844 1146 3914 quod
1187 3843 1551 3914 impeccantia
1599 3843 1671 3897 sit
1714 3841 2080 3898 admiratione

496 3942 683 4011 digna.
715 3938 1011 3993 Videamus
1037 3953 1172 4008 ergo
1195 3935 1343 3991 unde
1376 3944 1664 4005 peccatum
1699 3952 1713 3989 :
1754 3950 1938 3990 nonne
1963 3936 2080 3991 evi-

494 4029 693 4083 denter
751 4041 820 4081 ex
856 4027 1112 4081 libertate
1179 4025 1412 4096 singulis
1462 4025 1785 4079 hominibus
1830 4026 2075 4096 propria,

491 4116 959 4187 quemadmodum
983 4126 1041 4171 et
1059 4114 1314 4187 iustitia?
1338 4114 1447 4169 nisi
1478 4114 1628 4168 enim
1649 4130 1718 4169 ex
1741 4116 1995 4171 libertate
2021 4125 2077 4172 et

491 4206 765 4263 electione
796 4216 1021 4276 peccata
1046 4216 1105 4260 et
1134 4204 1386 4275 justitiaz,
1408 4213 1469 4259 ut
1494 4206 1679 4260 omnia
1695 4216 1894 4261 caetera
1914 4209 2077 4262 omit-

493 4308 710 4365 tamus,
766 4299 1004 4369 injustus
1033 4307 1184 4353 esset
1232 4297 1484 4367 quisquis
1528 4313 1655 4352 eum
1712 4298 1935 4368 puniret
1978 4301 2073 4370 qui

490 4390 699 4459 absque
749 4390 1011 4443 libertate
1049 4396 1375 4459 peccasset,
1411 4397 1506 4443 aut
1535 4388 1789 4445 mercede
1832 4390 2073 4447 alliceret

1743 354 2052 415 LEONTII
2093 354 2499 416 BYZANTINI

1642 468 1863 521 cuinam
1916 466 2079 536 igitur

2191 468 2300 529 πᾶς
2323 466 2607 535 ἄνθρωπος
2630 464 2832 529 παντὸς
2853 464 3144 537 ἀνθρώπου
3172 462 3509 535 ἐτεροούσιος
3533 463 3768 532 γένοιτο,

3625 353 3767 416 ΗΜ

2191 559 2337 612 κατά
2399 558 2523 611 τίνα
2566 553 2706 613 εἶναι
2748 558 2857 611 τῶν
2885 558 3047 612 ὁσίων
3074 555 3379 626 ἀνθρώπων
3409 557 3502 609 τδν
3533 556 3771 627 Χριστὸν

2190 649 2326 716 ἡμῖν
2353 647 2445 700 τὸν
2471 646 2639 710 ὅντως
2657 646 2794 701 Θεὺν
2814 648 2909 701 καὶ
2940 647 3069 700 Υίὸν
3100 644 3237 699 Θεοῦ
3264 645 3465 709 ζῶντος
3484 645 3769 717 ὡμολογη-

2193 739 2354 809 μένον
2378 738 2730 804 ὐποτίθεσθες
2760 740 3013 793 Ἔνεστιν
3032 738 3125 792 οῦν
3147 738 3439 807 ἀκηκοέναι
3455 738 3600 801 ὃπως
3612 736 3773 803 ἀξίαν

2189 830 2330 885 εἶναι
2358 830 2452 884 καὶ
2489 831 2549 884 οὐ
2598 830 2850 884 σύνθεσιν
2898 831 3137 901 φυσικὴν
3165 828 3368 899 ταύτην
3398 828 3495 882 ἐπὶ
3530 826 3772 898 Χριστοῦ

2189 919 2635 986 κατασκευάζετε
2692 921 2969 991 λέγοντες,
3010 921 3085 985 ὡς
3115 922 3149 991 ὴ
3204 920 3331 986 ἀξία
3380 921 3448 973 ἐκ
3495 918 3772 990 θελήσεως

2190 1011 2416 1068 δίδοται.
2473 1012 2628 1066 Ἐπεὶ
2659 1008 2753 1067 οὖν
2813 1012 3038 1083 εὐδοκία
3065 1013 3359 1081 γεγένηται
3428 1012 3525 1065 καὶ
3553 1012 3622 1066 τὰ
3665 1012 3774 1082 τῆς

2188 1104 2507 1173 οἰκονομίας
2526 1141 2543 1166 ,
2570 1104 2795 1167 πάντως
2826 1103 2955 1167 ἀξία
2987 1120 3074 1166 τις
3110 1104 3266 1157 ἔσται
3294 1103 3357 1157 τὸ
3383 1104 3560 1159 δοθέν.
3608 1102 3775 1156 Ἀλλά

2187 1194 2285 1247 καὶ
2313 1192 2453 1264 πρὸς
2478 1191 2639 1247 τοῦτό
2672 1210 2855 1263 φαμεν
2878 1208 2894 1223 ⁶
2924 1193 3009 1247 ὃτι
3040 1193 3142 1261 μὲν
3181 1197 3256 1256 ὡς
3303 1196 3472 1267 τιμήν
3502 1212 3625 1248 τινα
3656 1195 3774 1248 οἶε-

2189 1285 2282 1338 σθε
2310 1286 2409 1355 τὴν
2435 1283 2594 1349 ἀξίαν
2626 1284 2716 1339 διὰ
2745 1284 2807 1339 τὸ
2838 1286 2904 1340 ἐκ
2928 1284 3201 1358 θελήσεως
3229 1286 3499 1351 δεδόσθαι,
3533 1287 3775 1359 ἐροῦμεν

2187 1375 2317 1445 ὑμῖν
2366 1376 2449 1428 ὅτι
2498 1375 2593 1428 καὶ
2640 1374 2850 1445 πληγαὶ
2909 1376 3004 1428 καὶ
3068 1375 3229 1428 πέδαι
3266 1375 3364 1429 καὶ
3407 1375 3629 1446 ἀτιμίαι
3658 1378 3776 1438 τοῖς

2187 1465 2521 1536 κακούργοις
2577 1465 2821 1530 οἰκέταις
2855 1470 2953 1520 καὶ
2995 1465 3259 1537 δημόταις
3296 1469 3362 1521 ἐκ
3393 1467 3666 1540 θελήσεως
3690 1469 3777 1521 δί-

2184 1559 2367 1611 δονται
2396 1558 2508 1611 τῶν
2532 1558 2753 1611 οίκείων
2780 1559 3065 1629 ἀρχόντων
3092 1560 3189 1614 καὶ
3211 1561 3491 1615 δεσποτῶν
3510 1578 3525 1592 ο
3562 1561 3641 1633 τῷ
3674 1557 3773 1618 οὖν

2186 1652 2312 1705 καθ’
2347 1650 2493 1721 ὑμᾶς
2517 1650 2666 1722 λόγῳ
2693 1652 2814 1705 ἐπεὶ
2840 1653 2906 1705 ἐκ
2940 1651 3217 1723 θελήσεώς
3264 1655 3384 1707 ἐστι
3412 1654 3592 1708 ταῦτα
3619 1655 3773 1708 δεδο-

2191 1742 2347 1814 μένα,
2398 1743 2548 1808 ἀξίαι
2602 1743 3022 1814 λογισθήσονται
3086 1746 3182 1797 καὶ
3233 1745 3417 1815 τιμαί.
3447 1746 3539 1816 Μὴ
3567 1745 3625 1799 δὲ
3656 1748 3770 1818 γὰρ

2189 1836 2348 1891 τοῦτο
2381 1836 2510 1905 ύμῖν
2539 1839 2620 1901 εἰς
2665 1836 2899 1891 ἀτοπίαν
2944 1836 3128 1908 πλήρη
3168 1838 3504 1910 παροράσθω
3536 1838 3720 1909 λέγειν
3754 1857 3769 1871 ’

2189 1927 2367 1993 ἄλλως
2401 1945 2462 1981 τε
2496 1930 2547 1981 εἰ
2582 1928 2850 1998 λεγόντων
2877 1928 3038 2000 ἡμῶν
3066 1931 3168 2001 τὴν
3214 1931 3457 2004 φυσικὴν
3489 1930 3771 1997 σύνθεσιν,

2193 2018 2271 2089 μὴ
2296 2020 2422 2073 κατ’
2454 2020 2704 2074 εὐδοκίαν
2727 2020 2822 2073 καὶ
2854 2018 3270 2091 φιλανθρωπίαν
3299 2022 3466 2075 αὐτοῦ
3498 2021 3592 2076 τοῦ
3634 2041 3775 2077 παν-

2172 2109 2396 2179 ηαγάθου
2454 2110 2592 2166 Θεοῦ
2646 2110 2854 2183 ταύτην
2909 2111 3122 2181 ἔφαμεν
3168 2112 3444 2181 γενέσθαι,
3477 2114 3652 2185 εἴχετε
3704 2114 3775 2168 ἃν

2188 2202 2337 2267 εἰκὸς
2370 2204 2437 2257 ἐκ
2464 2202 2561 2257 τοῦ
2589 2202 2668 2275 μὴ
2698 2203 2823 2257 κατ’
2856 2203 3102 2258 εὐδοκίαν
3132 2198 3272 2261 εῖναι
3305 2206 3406 2275 τὴν
3430 2206 3772 2276 οἰκονομίαν.

2168 2296 2269 2367 ,μὴ
2301 2294 2554 2349 σύνθεσιν
2607 2290 2753 2349 εἶναι
2798 2294 3251 2350 διαϐεϐαιοῦσθαι
3290 2312 3305 2327 ο
3340 2296 3436 2350 νῦν
3499 2297 3556 2351 δέ
3609 2296 3777 2351 τοῦτο

2186 2389 2319 2445 αὐτὸ
2378 2386 2738 2459 ὐπερϐοῶμεν
2776 2387 2931 2458 ὐμῶν
2975 2387 3052 2451 ὡς
3083 2388 3423 2459 ἀγαθότητος
3458 2387 3773 2460 ἀκροτάτην

2186 2480 2411 2549 ἔνδειξιν
2468 2479 2607 2551 ἔχει,
2636 2479 2698 2533 τὸ
2764 2480 2884 2534 κατ’
2914 2479 3166 2534 εὐδοκίαν
3224 2476 3365 2533 εἶναι
3412 2481 3512 2551 τὴν
3556 2482 3771 2534 τοιάνδε

2186 2572 2479 2626 σύνθεσιν·
2510 2570 2687 2633 οὓτως
2730 2569 2840 2642 γὰρ
2904 2568 3064 2641 ίσμεν
3112 2570 3397 2635 παντελῶς
3444 2572 3676 2642 ἄφθονον
3709 2574 3773 2626 τὸ

2190 2663 2367 2728 Θείον,
2402 2661 2479 2726 ὼς
2539 2661 2787 2715 εὐδοκεῖν
2824 2662 2886 2715 οὐ
2916 2661 3334 2733 συμϐεϐηκυίας
3386 2661 3507 2717 οὐδὲ
3550 2664 3775 2717 ἀνοσίου

2182 2755 2329 2818 τινὸς
2362 2753 2520 2819 ἀξίας
2566 2752 2892 2827 μεταδοῦναι
2944 2755 3079 2826 ἡμῖν
3117 2755 3313 2826 μόνον,
3342 2755 3480 2811 ἀλλά
3527 2758 3769 2830 φυσικῆς

2183 2845 2283 2900 καὶ
2312 2845 2547 2917 ταύτης,
2582 2846 2645 2900 οὐ
2679 2847 2780 2916 τῆς
2807 2846 3081 2920 τυχούσης
3102 2864 3119 2880 ο
3146 2850 3246 2920 οὐχ
3272 2849 3462 2921 ἐτέρου
3488 2851 3598 2922 γὰρ
3623 2851 3767 2919 ἀγα-

2186 2938 2307 3004 θοῦ,
2339 2938 2455 2993 ἀλλ’
2483 2938 2679 2993 ἐαυτοῦ
2725 2941 2862 3010 ἡμῖν
2894 2941 3008 3005 τοῖς
3044 2940 3213 2995 αὐτοῦ
3255 2942 3629 3011 μεταδέδωκεν
3660 2960 3675 2975 ’
3703 2938 3766 2999 οῦ

2180 3032 2238 3087 τί
2264 3031 2331 3087 ἂν
2370 3033 2455 3101 εῐη
2481 3031 2670 3085 λοιπὸν
2714 3034 2817 3103 τὴν
2860 3032 3077 3087 οἱανοῦν
3118 3033 3280 3103 φύσιν
3308 3034 3699 3107 ἀφθονωτέραν
3730 3038 3765 3110 ἦ

2101 3154 2147 3214 c
2180 3122 2542 3192 ἀγαθωτέραν
2573 3120 2718 3176 Θεοῦ
2744 3123 2949 3178 ἐννοεῖν
2976 3122 3322 3195 συγχωροῦν,
3342 3125 3535 3180 εῐπατε
3565 3126 3763 3199 ὑμεῖς,

2185 3216 2280 3268 καὶ
2315 3216 2373 3267 ἐν
2402 3213 2584 3284 τούτῳ
2615 3214 2747 3283 ὑμῖν
2768 3216 3231 3287 συμφωνήσομεν.

2267 3306 2406 3361 Ἀλλ’
2445 3304 2571 3358 ἐπεὶ⁹
2621 3305 2719 3360 καὶ
2775 3305 2913 3377 πρὸς
2975 3306 3134 3361 τοῦτο
3192 3307 3632 3378 καταϐληθέντες
3681 3309 3765 3363 ἔτι

2183 3397 2617 3470 ψυχορραγικῶς
2645 3399 3017 3471 ἀσπαίροντες
3048 3398 3149 3453 οὐκ
3178 3400 3447 3454 ἐνδιδόατε
3474 3400 3552 3472 τῷ
3573 3402 3768 3473 ἀληθεῖ

2182 3484 2283 3553 τῆς
2353 3484 2642 3549 εὐσεϐείας
2697 3485 2882 3557 λόγῳ,
2918 3486 3055 3540 ἀλλά
3110 3487 3207 3541 καὶ
3260 3489 3323 3542 τὸ
3378 3489 3764 3561 ἀναμάρτητον

2186 3576 2323 3646 ἡμῖν
2353 3574 2415 3628 οὐ
2442 3574 2597 3639 θείας
2620 3575 2872 3641 ἐνὼσεως
2903 3571 3047 3632 εἶναι
3086 3578 3360 3649 σύμϐολον
3392 3582 3484 3634 ἐπὶ
3533 3581 3629 3635 τοῦ
3662 3586 3763 3637 Δε-

2183 3665 2386 3722 σπότου
2454 3667 2616 3738 ἡμῶν
2676 3667 2917 3740 Χριστοῦ
2973 3669 3412 3735 διαϐεϐαιοῦσθε.
3448 3673 3543 3727 καὶ
3602 3674 3766 3728 τοῦτο

2182 3758 2313 3827 ὑμῖν
2344 3758 2796 3830 συνεξετάσομεν.
2840 3759 2928 3814 Ἐν
2958 3757 3040 3825 οἷς
3071 3761 3175 3832 μὲν
3204 3758 3296 3817 οὖν
3323 3764 3442 3819 ἐστι
3473 3765 3535 3818 τὸ
3576 3767 3762 3838 ἀμαρ-

2180 3849 2389 3917 τάνειν,
2412 3852 2470 3904 ἐν
2503 3850 2716 3917 τούτοις
2738 3851 3085 3924 θαυμάζεται
3111 3855 3205 3910 καὶ
3228 3856 3289 3909 τὸ
3326 3858 3721 3931 ἀναμάρτητον
3746 3875 3760 3891 ⁸

2180 3937 2305 3991 ἐπεὶ⁸
2338 3938 2462 3993 οὐδὲ
2492 3940 2696 4012 κυρίως
2729 3942 3019 3996 ἐπαινετὸν
3041 3943 3223 4014 λέγειν
3257 3947 3320 4000 τὸ
3352 3950 3759 4021 ἀναμάρτητον.

2181 4029 2340 4095 Τίνος
2368 4029 2462 4085 οῦν
2512 4031 2714 4101 ἴδωμεν
2738 4034 2772 4105 ἡ
2812 4034 3075 4106 ἁμαρτία,
3102 4036 3134 4108 ἢ
3166 4036 3324 4109 δῆλον
3353 4040 3430 4105 ὡς
3459 4042 3554 4095 τοῦ
3593 4044 3758 4099 καθέ-

2179 4136 2385 4174 καστον
2437 4120 2548 4175 τῶν
2599 4121 2905 4193 ἀνθρώπων
2948 4123 3341 4197 αὐτεξουσίως
3405 4132 3595 4188 τούτου
3649 4137 3759 4208 γὰρ

2176 4212 2272 4264 καὶ
2300 4214 2334 4283 ἡ
2367 4211 2683 4285 δικαιοσύνη
2710 4231 2724 4245 ·
2767 4216 2817 4269 εἰ
2840 4217 2950 4290 γὰρ
2992 4219 3066 4291 μὴ
3099 4220 3193 4274 τοῦ
3246 4222 3389 4278 κατά
3433 4228 3758 4300 προαίρεσιν

2179 4305 2276 4358 καὶ
2299 4304 2386 4373 ἐφ’
2415 4308 2552 4377 ἡμῖν
2583 4310 2638 4362 αἰ
2673 4310 2947 4381 ἁμαρτίαι
2975 4329 3037 4366 τε
3064 4314 3161 4367 καὶ
3185 4314 3241 4367 αί
3265 4316 3633 4386 δικαιοσύναι,
3667 4322 3755 4374 ἵνα

2178 4395 2361 4449 πάντα
2392 4396 2848 4470 παραλείψωμεν,
2881 4400 3066 4465 ἄδικος
3095 4403 3123 4454 ὁ
3153 4404 3401 4470 κολάζων
3431 4408 3523 4461 τόν
3552 4427 3613 4463 τε
3652 4412 3755 4464 οὐκ

489 4494 619 4533 eum
650 4478 747 4550 qui
776 4493 887 4533 non
922 4493 990 4532 ex
1032 4493 1091 4532 se
1147 4477 1289 4533 bene
1325 4477 1726 4548 egisset.Quod
1782 4480 1830 4561 si
1862 4481 2069 4550 absque

2179 4486 2236 4552 ἐξ
2284 4488 2478 4542 ἑαυτοῦ
2531 4490 2941 4563 ἁμαρτάνοντα,
2974 4496 3066 4549 καὶ
3098 4499 3374 4571 γεραίρων
3409 4502 3502 4556 τὸν
3533 4503 3635 4557 οὐκ
3657 4506 3753 4575 ἀφ’

470 4574 663 4649 dubio
694 4582 752 4627 et
780 4581 1066 4643 peccatum
1104 4580 1160 4626 et
1183 4572 1399 4643 justitia
1453 4588 1522 4627 ex
1551 4572 1807 4629 libertate
1860 4584 2069 4629 natura:

491 4673 694 4720 nostra:
723 4663 969 4734 propria,
1015 4664 1378 4733 impeccantia
1404 4679 1538 4719 vero
1566 4665 1683 4720 sive
1709 4666 1924 4737 justitia
1960 4667 2069 4720 Do-

490 4757 628 4812 mini
654 4756 829 4812 nostri
848 4756 877 4811 J
888 4771 986 4810 esu
1020 4754 1227 4811 Christi
1256 4772 1284 4811 a
1319 4756 1529 4827 Spiritu
1578 4768 1771 4813 sancto
1800 4774 1921 4815 esse
1946 4774 2071 4830 per-

490 4849 740 4915 hibetur,
800 4863 1027 4903 necesse
1074 4856 1247 4903 estut
1300 4850 1674 4905 conﬁteamini
1720 4850 1777 4906 in
1806 4852 1926 4923 eius
1974 4866 2071 4921 p0-

489 4948 691 4996 testate
722 4939 891 4995 fuisse
943 4939 1091 5010 quod
1116 4941 1299 5011 justus
1340 4942 1550 5006 fuerit,
1600 4942 1745 4998 sicut
1787 4943 1844 4997 in
1882 4950 2069 4997 nostra

470 5041 577 5093 .est
608 5030 986 5102 potest-ate.Si
1015 5041 1205 5086 autem
1235 5031 1291 5087 id
1332 5033 1481 5104 quod
1530 5034 1587 5089 in
1628 5042 1829 5088 nostra:
1872 5033 2071 5088 animae

490 5133 760 5194 potestate
779 5134 863 5179 est
896 5134 952 5180 et
974 5126 1200 5196 iustitia:
1228 5138 1432 5181 nostrae
1452 5125 1709 5188 causa,in
1734 5124 1938 5180 Christi
1968 5141 2068 5180 na-

489 5225 613 5271 tura
637 5216 805 5271 l‘uisse
825 5216 1031 5272 scimus
1073 5217 1342 5288 Spiritum
1373 5227 1646 5281 sanctum,
1676 5217 1771 5286 qui
1796 5232 1959 5272 verus
1985 5227 2070 5273 est

490 5308 655 5373 Deus,
670 5309 949 5377 quomodo
979 5309 1417 5373 evidentissime,
1444 5309 1574 5365 licet
1593 5308 1772 5374 inviti,
1798 5325 1909 5364 non
1933 5325 2067 5365 con-

485 5399 682 5455 ceditis
735 5399 975 5455 divinam
1019 5408 1273 5455 naturam
1321 5400 1377 5455 in
1412 5400 1631 5456 Christo
1671 5417 1771 5471 per
1802 5402 2065 5473 Spiritum

483 5498 734 5545 sanctum
775 5488 983 5545 fuisse?
1020 5492 1115 5560 qui
1160 5506 1338 5560 nuper
1369 5506 1534 5560 prave
1574 5492 1863 5561 ponebatis
1911 5494 2062 5548 illum

484 5581 646 5635 nobis
679 5582 916 5637 similem
965 5596 1126 5647 esse,
1202 5598 1353 5637 nunc
1404 5599 1539 5637 vero
1575 5582 1631 5637 in
1680 5583 1817 5640 facie
1870 5585 1939 5640 ab
1998 5602 2064 5641 eo

483 5671 748 5737 convicti,
797 5687 925 5727 eum
957 5688 1126 5742 super
1172 5688 1273 5728 nos
1306 5689 1428 5728 esse
1457 5675 1661 5730 debere
1696 5677 1925 5749 intelligi
1969 5677 2062 5748 qui

485 5761 647 5818 nobis
687 5762 886 5820 similis
932 5764 1243 5820 videbatur.
1280 5766 1438 5834 Quod
1485 5769 1692 5824 etenim
1744 5770 1949 5839 partito
2007 5770 2063 5825 in

2172 4580 2368 4634 ἐαυτοῦ
2428 4581 2951 4655 δικαιοπραγοῦντα.
2985 4588 3049 4643 Et
3093 4586 3188 4644 οὖν
3245 4591 3748 4669 ὡμολογημένωςή

2172 4674 2419 4745 ἁμαρτία
2472 4692 2533 4729 τε
2570 4676 2668 4730 καὶ
2702 4677 2735 4747 ἡ
2769 4678 3085 4751 δικαιοσύνη
3117 4682 3181 4735 ἐκ
3226 4684 3323 4739 τοῦ
3358 4686 3443 4754 ἐφ’
3465 4689 3632 4758 ήμίν,
3658 4693 3752 4744 καὶ

2170 4764 2268 4857 τοῦ
2316 4767 2461 4821 κατὰ
2502 4768 2667 4836 φύσιν
2704 4770 2864 4840 ἡμῶν
2894 4770 3270 4841 αὐτεξουσίου,
3301 4776 3363 4829 τὸ
3399 4778 3456 4830 δὲ
3498 4779 3750 4851 ἀναμάρ-

2176 4874 2341 4930 τητον
2390 4860 2564 4930 ἦγουν
2616 4861 2824 4917 δίκαιον
2880 4862 2973 4916 τοῦ
3032 4867 3309 4922 Δεσπότου
3362 4870 3520 4939 ἡμῶν
3574 4873 3750 4942 Ἰησοῦ

2170 4951 2407 5023 Χριστοῦ
2457 4954 2523 5006 ἐκ
2588 4953 2908 5025 Πνεύματος
2961 4958 3119 5026 ἀγίου
3184 4962 3623 5034 μεμαρτύρηται,
3657 4966 3752 5020 καὶ

2172 5040 2303 5110 ὑμῖν
2356 5042 2569 5115 ἀνάγκη
2635 5045 2753 5098 ἐστὶ
2806 5046 2966 5101 τοῦτο
2990 5045 3130 5103 εἶναι
3163 5052 3348 5118 αὐτοῦ,
3376 5053 3440 5106 τὸ
3491 5055 3751 5123 αὐτεξούκ

2174 5149 2317 5199 σιον,
2351 5132 2411 5199 ἐξ
2471 5127 2645 5207 οὗπερ
2706 5135 2998 5209 ἐδικαιώθη
3035 5154 3051 5169 ·
3086 5139 3274 5213 ὥσπερ
3337 5144 3432 5198 καὶ
3490 5147 3647 5216 ἡμεῖς
3686 5149 3749 5200 ἐκ

2171 5223 2268 5276 τοῦ
2309 5223 2428 5279 καθ’
2454 5227 2603 5296 ἡμᾶς
2650 5226 3025 5292 αὐτεξουσίου.
3060 5232 3123 5285 Ei
3151 5231 3209 5285 δέ
3243 5234 3383 5306 ὅπερ
3425 5236 3520 5306 τῆς
3550 5239 3750 5307 ἡμετέ-

2173 5330 2273 5385 ρας
2320 5314 2537 5383 φύσεώς
2577 5317 2697 5370 ἐστι
2748 5318 3100 5384 αὐτεξούσιον
3138 5324 3232 5376 καὶ
3263 5325 3365 5395 τῆς
3399 5326 3750 5400 δικαιοσύνης

2168 5404 2327 5475 ἡμῶν
2352 5406 2547 5472 αἴτιον,
2583 5409 2744 5462 τοῦτο
2770 5410 2870 5481 τῆς
2909 5413 3148 5482 Χριστοῦ
3176 5414 3391 5483 φύσεως
3420 5418 3580 5489 ῑσμεν
3610 5416 3749 5474 εἶναι

2165 5494 2228 5547 τὸ
2266 5495 2493 5565 Πνεῦμα
2541 5496 2602 5549 τὸ
2646 5497 2826 5566 ἅγιον,
2860 5500 3017 5554 τοῦτο
3055 5502 3109 5555 δὲ
3147 5502 3365 5573 ἀληθῶς
3391 5506 3522 5571 Θεὸς
3557 5509 3742 5578 ἀληθι-

2168 5586 2278 5651 νὸς,
2301 5588 2417 5651 πῶς
2436 5590 2557 5659 οὐχὶ
2585 5591 2903 5660 σαφέστατα
2923 5594 3054 5664 ἡμῖν
3074 5635 3088 5659 ,
3109 5595 3200 5648 καὶ
3218 5598 3461 5664 ἄκοντες,
3485 5602 3585 5671 τὴν
3598 5602 3746 5655 θείαν

2166 5679 2328 5747 φύσιν
2364 5680 2453 5733 διὰ
2484 5680 2574 5734 τοῦ
2601 5681 2919 5751 Πνεύματος
2943 5686 3001 5738 ὲν
3033 5687 3254 5759 Χριστῷ
3279 5685 3418 5744 εἶναι
3441 5691 3742 5758 δεδώκατες

2165 5772 2214 5825 oi
2252 5771 2443 5843 πρώην
2494 5774 2596 5843 μὲν
2630 5774 3109 5847 ὑπολαμϐάνοντες
3140 5780 3371 5853 ἀνομίαν
3398 5823 3413 5847 ,
3446 5783 3532 5837 ὅτι
3558 5784 3746 5854 ὅμοιός
