4116 6448
379 372 516 438 1485

1382 367 1782 430 ADVERSUS
1819 368 2367 430 NESTORIANOS.
2409 394 2476 405 —
2500 370 2646 431 LIB.
2690 370 2738 429 Ι.

3504 365 3638 428 1486

377 489 527 540 ἔστιν
558 483 690 554 ὑμῖν
717 497 732 513 ο
764 481 1118 553 ἐλεγχθέντες
1147 481 1205 537 δὲ
1241 482 1382 536 κατὰ
1406 481 1700 548 πρόσωπον
1731 478 1825 532 νῦν
1864 478 1954 532 ὑπ’

2071 481 2222 534 nobis
2269 481 2407 534 ratio
2449 478 2686 550 perﬁcit,
2726 477 2777 532 id
2811 477 2864 531 in
2892 475 3112 531 Christo
3164 489 3336 546 prope
3368 483 3637 531 rationem

379 573 547 630 αὑτοῦ
579 573 662 628 ὅτι
698 573 839 643 ὑπὲρ
865 573 1014 643 ἡμᾶς
1044 568 1114 643 ἦν
1137 571 1430 641 νοούμενος
1449 571 1478 624 ὁ
1505 569 1628 622 καθ’
1652 569 1802 639 ἡμᾶς
1830 567 1963 621 θεω-

379 663 738 734 ρούμενος.⁸⁹0
763 663 869 733 γὰρ
900 663 957 714 ἐν
992 654 1176 732 ἠμῖνό
1206 661 1532 732 ἡγεμονικὸς
1567 659 1724 728 λόγος
1758 675 1960 730 κατορ-

379 756 463 810 θοῖ
493 753 760 826 μερικῶς,
786 752 947 806 τοῦτο
975 753 1261 817 παντελῶς
1285 754 1314 806 ὁ
1344 752 1485 815 θεῖος
1501 754 1675 821 Λόγος
1720 751 1854 823 πρὸς
1884 751 1962 820 τῷ

374 848 632 922 ¹ίιμετέρῳ
657 847 754 904 καὶ
786 847 940 900 τοῦδε
967 847 1062 900 καί
1100 846 1211 899 τῶν
1265 845 1472 899 λοιπῶν
1527 845 1968 916 ἡγεμονευόντων

377 939 436 991 ὲν
491 935 716 1007 Χριστῷ
757 933 1142 1006 κατώρθωσεν.
1176 933 1302 987 Εἴτε
1354 929 1448 988 οὑν
1481 932 1554 997 ώς
1609 932 1970 1004 συνυπάρχων

2065 577 2312 624 nostram
2338 578 2392 624 et
2425 584 2555 640 erga
2583 583 2704 623 eam
2741 567 2913 636 ipsam
2943 576 3000 621 et
3029 581 3159 636 erga
3180 575 3410 621 caeteras
3430 567 3640 636 princi-

2062 659 2210 728 pales
2237 658 2546 724 facultates,
2579 658 2818 712 Verbum
2851 656 3100 711 divinum
3133 655 3448 710 omnimode
3480 656 3644 726 perli-

2064 749 2267 804 ciebat.
2331 749 2521 820 Itaque
2551 749 2667 802 sive
2694 758 2754 803 ut
2795 747 3025 818 Spiritui
3053 757 3244 803 sancto
3276 747 3638 810 coexsistens,

2064 842 2181 897 sive
2204 849 2261 897 et
2291 857 2436 896 unus
2469 841 2709 910 Spiritus
2735 851 2960 896 sanctus
3003 841 3121 912 ipse
3141 842 3307 896 fuerit
3336 842 3538 906 dictus,
3574 855 3643 896 ex

2064 941 2264 988 natura
2310 933 2560 1004 quidem,
2613 947 2723 988 non
2752 942 2935 988 autem
2981 949 3050 988 ex
3079 948 3340 1004 persona,
3367 933 3486 1005 ipse
3528 949 3642 990 suae

375 1029 453 1100 τῷ
498 1028 640 1096 ἁγίῳ
675 1025 974 1097 Πνεύματι,
1012 1025 1125 1079 εἴτε
1176 1026 1272 1078 καὶ
1299 1025 1375 1088 ώς
1402 1023 1626 1094 Πνεῦμα
1667 1022 1823 1091 ἅγιον
1850 1022 1958 1077 ἀπὸ

2071 1023 2310 1097 iustitiae,
2341 1039 2453 1078 non
2487 1024 2650 1089 alius,
2671 1033 2868 1079 auctor
2898 1023 3024 1079 fuit.

375 1118 478 1188 τῆς
530 1114 746 1186 φύσεως
797 1113 1115 1186 λεγόμενος,
1157 1114 1259 1168 οὑκ
1303 1112 1410 1167 ἀπὸ
1452 1113 1550 1183 τῆς
1602 1111 1993 1180 ὑποστάσεως,
2029 1116 2192 1181 αὑτὸς
2233 1115 2428 1170 ἑαυτοῦ
2473 1117 2572 1185 τῆς
2637 1115 2988 1186 δικαιοσύνης
3040 1117 3140 1188 οὑχ
3205 1116 3392 1188 ἔτερος
3446 1116 3643 1180 αἴτιος.
3711 1138 3718 1145 '

967 1231 1015 1283 K
1027 1228 1223 1284 ΕΦΛΛ.
1268 1229 1353 1282 Κ’.

458 1322 520 1377 .0
547 1322 721 1390 Λόγος
745 1321 773 1373 ὁ
802 1319 969 1386 θεῖος,
995 1317 1263 1389 ᾶτρεπτός
1285 1318 1402 1370 ἐστι
1435 1315 1534 1387 τὴν
1560 1314 1858 1370 ὑπόστασιν
1883 1314 1961 1378 ὡς

378 1416 478 1470 atat
507 1415 606 1486 τὴν
640 1414 880 1484 φύσιν,ἢ
909 1413 1030 1483 οὑχί
1063 1428 1080 1444 ο
1116 1413 1165 1466 εἰ
1203 1411 1304 1483 μὲν
1333 1407 1426 1466 οὖν
1451 1411 1592 1482 οὑχί,
1627 1409 1748 1464 οὑδὲ
1779 1409 1956 1480 πάντη

382 1506 612 1571 ἁπλοῦς,
651 1505 773 1559 οὐδὲ
805 1503 1083 1576 ἄφθαρτός
1139 1519 1297 1573 φασι,
1322 1501 1440 1556 ἀλλ’
1472 1501 1596 1555 οὐδὲ
1651 1501 1802 1564 Θεός.
1836 1500 1960 1553 Ἔτι

385 1600 495 1671 μὴν
524 1599 617 1652 καί
649 1599 678 1650 ό
736 1597 928 1668 Πατὴρ
972 1597 1067 1650 καὶ
1119 1595 1182 1649 τὸ
1230 1593 1458 1667 Πνεῦμα
1490 1594 1552 1648 τὸ
1602 1593 1778 1663 ἅγιον,
1801 1594 1850 1646 εἰ
1883 1592 1958 1663 μὴ

382 1693 493 1762 ἄρα
523 1692 725 1761 ἑτέρως
749 1689 1146 1760 ὑφεστήκασιν,
1179 1689 1294 1751 τοῖς
1325 1687 1512 1750 αὑτοῖς
1559 1685 1959 1757 ὑπενεχθήσον-

2692 1229 2844 1286 CAP.
2886 1230 3007 1285 XX.

2140 1319 2383 1376 Verbum
2419 1320 2670 1377 divinum
2713 1329 2801 1378 est
2845 1321 3189 1377 immutabile
3223 1323 3405 1393 quoad
3453 1337 3645 1392 perso-

2064 1428 2189 1468 nam
2212 1413 2358 1468 sicut
2388 1421 2446 1468 et
2462 1413 2646 1483 quoad
2676 1422 2958 1477 naturam,
2985 1415 3074 1468 vel
3100 1428 3247 1480 non;
3280 1415 3427 1483 quod
3449 1415 3494 1469 si
3513 1430 3648 1482 non,

2064 1519 2246 1574 neque
2302 1519 2435 1576 ergo
2490 1505 2746 1575 simplex,
2809 1521 2991 1577 neque
3049 1505 3508 1576 incorruptibile,
3562 1507 3650 1561 in-

2063 1597 2282 1664 quiunt,
2325 1596 2424 1651 sed
2474 1611 2656 1666 neque
2680 1598 2850 1652 Deus.
2879 1597 3083 1653 Verum
3111 1598 3281 1653 etiam
3310 1607 3368 1653 et
3408 1599 3570 1653 Pater
3589 1607 3648 1652 et

2067 1685 2309 1755 Spiritus
2338 1686 2705 1749 sanctus,nisi
2731 1687 2896 1742 aliter
2922 1687 2991 1743 de
3021 1688 3089 1742 iis
3109 1689 3202 1754 sit,
3239 1689 3436 1743 iisdem
3476 1689 3650 1760 subji-

383 1802 474 1839 ται
499 1801 514 1816 ·
546 1783 779 1854 δυνάμει
807 1782 916 1851 γάρ
942 1779 1175 1851 τρεπτοὶ
1204 1779 1300 1834 καὶ
1327 1779 1482 1832 αὑτοὶ
1510 1778 1610 1841 τὰς
1633 1777 1960 1840 ὑπόστασεις

2071 1777 2318 1845 cientur;
2351 1785 2612 1848 poterunt
2638 1779 2788 1834 enim
2832 1779 3014 1849 quoad
3053 1795 3318 1850 personas
3353 1780 3651 1836 mutabiles

386 1849 768 1946 νοηθήσονται.
802 1849 864 1926 Εἰ
886 1849 957 1926 *δέ
981 1849 1045 1940 γε
1072 1870 1160 1926 διὰ
1192 1871 1254 1924 τὸ
1277 1870 1506 1940 ἐναργὲς
1545 1868 1647 1938 τῆς
1677 1867 1958 1933 ἀσεϐείας,

2071 1871 2300 1941 concipi.
2353 1870 2410 1926 Si
2459 1886 2634 1937 vero,
2702 1882 2929 1942 propter
2981 1849 3208 1927 nimiam
3266 1873 3646 1943 impietatem,

385 1969 496 2030 πᾶς
541 1983 627 2029 τις
669 1965 926 2037 ὁμολογεῖ
967 1963 1238 2035 ἄτρεπτον
1268 1962 1364 2016 καὶ
1389 1959 1513 2015 καθ’
1545 1960 1842 2014 ὑπόστασιν
1871 1959 1963 2012 τὸν

382 2060 578 2126 Λόγον,
614 2057 732 2122 πῶς
761 2056 822 2121 ἐξ
867 2055 1044 2124 ἁπλῆς
1074 2054 1327 2108 σύνθετον
1359 2052 1471 2118 ἕξει
1499 2053 1596 2123 τὴν
1619 2051 1917 2105 ὑπόστασιν
1943 2065 1960 2117 ;

396 2148 558 2202 ’Λλλὰ
584 2148 701 2212 πῶς
731 2147 791 2201 τὸ
822 2143 1029 2200 ἁπλοῦν
1059 2146 1157 2217 τῆς
1190 2144 1539 2206 ὑποστάσεως
1564 2145 1763 2196 νοεῖται
1793 2143 1959 2214 ὑμῖν;

383 2243 440 2299 αἱ
471 2243 582 2313 γὰρ
614 2240 965 2305 ὑποστάσεις,
994 2238 1187 2309 φύσεις
1220 2237 1328 2291 εἰσὶ
1357 2236 1496 2307 μετὰ
1532 2236 1839 2306 ἰδιωμάτων
1869 2251 1883 2266 ⁸
1913 2235 1962 2288 εἰ

387 2336 488 2405 μὲν
517 2330 610 2389 οὖν
635 2333 715 2404 τῷ
748 2332 874 2404 μίαν
903 2349 963 2385 τε
986 2331 1132 2402 ἔχειν
1157 2329 1316 2399 φύσιν
1333 2329 1429 2382 καὶ
1450 2327 1508 2380 ἓν
1541 2327 1739 2397 ἰδίωμα
1761 2326 1963 2380 ἁπλοῦν

383 2428 485 2500 τὴν
546 2427 848 2481 ὑπόστασιν
905 2425 1094 2488 ἁπλῶς
1125 2422 1389 2493 οίεσθε,ἢ
1448 2421 1644 2491 φύσεις
1681 2423 1778 2492 μὲν
1834 2423 1962 2486 ὅσας

383 2521 560 2592 τύχοι,
597 2519 794 2590 ἰδίωμα
823 2517 880 2572 δὲ
933 2517 994 2571 ἓν
1056 2517 1218 2588 μόνον
1248 2513 1479 2577 άπλοὺν,
1511 2513 1635 2568 οὑτε
1666 2513 1764 2584 μία
1810 2513 1963 2568 ἔσται

385 2612 536 2676 τινὸς
592 2611 740 2681 άπλῆ
802 2609 1106 2671 ὑπόστασις
1157 2607 1279 2661 οὐδὲ
1327 2607 1433 2660 τῶν
1483 2604 1644 2658 θείων
1681 2603 1862 2658 αὑτῶν
1891 2607 1966 2663 ’,ό

387 2703 581 2773 Πατήρ
607 2717 668 2754 τε
702 2701 812 2771 γὰρ
848 2698 1024 2767 Λόγου
1055 2696 1176 2750 ἐστί
1213 2697 1494 2766 γεννήτωρ
1528 2696 1623 2749 καὶ
1668 2695 1963 2769 άγέννητος
2002 2681 2034 2710 ⁵

387 2797 483 2849 καὶ
523 2793 865 2865 ὲκπορευτὴς
907 2790 1228 2862 Πνεύματος
1260 2789 1416 2858 ἁγίου
1435 2805 1450 2821 ·
1479 2790 1576 2844 καί
1601 2790 1631 2842 ό
1660 2789 1810 2855 Υἰὸς,
1837 2807 1961 2859 γεν-

385 2887 548 2958 νητὸς
577 2886 672 2941 καὶ
699 2885 873 2954 Λόγος
898 2883 994 2938 καί
1014 2881 1459 2954 διαπορθμευτὴς
1483 2881 1578 2936 τοῦ
1607 2883 1766 2951 ἁγίου
1787 2883 1962 2937 Πνεύ-

387 2995 558 3048 ματος
582 2992 597 3007 ο
642 2977 679 3031 ει
731 2979 850 3031 ἐστι
906 2977 1128 3031 πλείονα
1180 2977 1328 3030 ἁπλᾶ
1365 2977 1634 3046 ἰδιώματα
1670 2976 1769 3048 τῆς
1795 2977 1963 3046 αὑτῆς

388 3069 744 3133 ὑποστάσεως
778 3068 838 3134 ἐξ
858 3062 934 3123 ὧν
959 3067 1079 3139 ἅμα
1115 3067 1356 3131 πάντων,
1388 3068 1481 3121 καὶ
1526 3067 1590 3121 τὸ
1620 3067 1679 3120 ἓν
1710 3066 1964 3121 σύνθετον

390 3165 587 3233 ἰδίωμα
615 3165 841 3228 νοεῖται,
864 3163 964 3233 τῆς
994 3162 1324 3233 πατρικῆςῆ
1359 3161 1538 3231 υίῖκῆς
1587 3161 1960 3224 ὑποστάσεως.
1992 3178 2034 3237 ο

387 3257 452 3309 Εἰ
475 3255 532 3308 δὲ
555 3254 634 3326 τῷ
664 3254 827 3324 φύσιν
856 3254 953 3325 μὲν
985 3254 1113 3323 μίαν
1139 3252 1303 3323 ἔχειν,
1329 3251 1598 3322 ἰδιώματα
1627 3252 1683 3304 δὲ
1705 3252 1854 3306 άπλᾶ
1875 3253 1976 3306 ὅσα

385 3347 453 3402 ἂν
476 3346 650 3417 τύχοι,
671 3347 724 3398 τί
756 3346 822 3400 ἂν
837 3345 1086 3416 διαφέροι
1112 3347 1257 3418 άπλῆ
1305 3345 1607 3408 ὑπόστασις
1665 3344 1844 3414 άπλῆς
1875 3343 1977 3413 φύ-

389 3431 765 3502 σεως,λέξατε.
784 3436 847 3489 Εἰ
868 3435 925 3488 δὲ
941 3436 1113 3499 οὐδὲν,
1133 3437 1346 3504 ἀνάγκη
1361 3433 1682 3507 άρα,ῶσπερ
1705 3434 1802 3505 τὴν
1815 3434 1978 3488 ἀσύν-

388 3525 540 3580 θετον
567 3531 727 3595 φύσιν
746 3527 804 3578 ὲν
829 3524 905 3596 τῷ
936 3524 1010 3597 μὴ
1039 3527 1135 3578 σὺν
1167 3525 1333 3596 ἑτέρᾳ
1360 3523 1520 3594 φύσει
1551 3524 1792 3594 ἡνῶσθαι
1821 3524 1974 3578 νοοῦ-

392 3634 512 3686 μεν,
536 3617 710 3681 οὕτως
732 3619 828 3672 καὶ
841 3617 938 3688 τὴν
956 3617 1250 3670 ἀσύνθετον
1265 3617 1583 3680 ὑπόστασις,
1602 3618 1658 3669 ὲν
1676 3614 1752 3685 τῷ
1776 3616 1850 3687 μὴ
1871 3615 1968 3668 σὺν

389 3707 553 3778 ἑτέρᾳ
577 3707 874 3760 ὑποστάσει
891 3705 1151 3776 ἡνῶσθαι,
1169 3705 1349 3777 ὀρθῶς
1369 3704 1632 3771 δοξάζειν.
1651 3704 1978 3758 Ὑποστάσει

389 3797 448 3851 δὲ
474 3799 776 3852 ὑπόστασιν
806 3797 1097 3868 ἑνωθῆναι,
1127 3797 1227 3868 οὑχ
1263 3797 1421 3867 ἡμεῖς
1457 3796 1574 3850 ἀλλ’
1605 3797 1764 3865 ὑμεῖς
1799 3814 1937 3867 φατε
1959 3813 1973 3827 ο

389 3890 530 3945 ὥστε
561 3890 655 3944 καὶ
685 3891 844 3961 ὑμεῖς
879 3890 1065 3959 λέγετε
1105 3889 1354 3944 σύνθεσιν
1381 3887 1736 3943 ὑποστάσεων
1763 3906 1775 3920 ο
1810 3888 1973 3959 ἡμεῖς

389 3984 498 4054 γὰρ
533 3985 723 4056 ὥσπερ
766 3985 858 4038 τὸν
895 3986 955 4037 ὲν
995 3984 1213 4055 καμίνῳ
1251 3981 1575 4052 πυρωθέντα
1617 3981 1836 4053 σίδηρον
1875 3983 1976 4053 οὑχ

391 4075 694 4128 ὑπόστασιν
715 4075 1042 4128 άποσπᾶσαι
1073 4073 1194 4127 τινὰ
1232 4071 1466 4143 μερικὴν
1500 4075 1563 4125 ὲκ
1605 4072 1698 4126 τοῦ
1747 4071 1974 4143 πυρείου

389 4166 588 4229 εῖδους,
607 4165 746 4219 ἀλλὰ
768 4166 933 4234 φύσιν
961 4165 1121 4235 μόνον
1153 4167 1210 4217 ἐν
1236 4166 1303 4234 τῇ
1340 4163 1446 4234 ἰδίᾳ
1473 4163 1775 4217 ὑποστάσει
1805 4179 1973 4234 προσ-

389 4257 647 4322 δέξασθαι
679 4275 694 4289 ο
730 4258 884 4328 μένει
910 4257 1020 4329 γὰρ
1047 4257 1310 4320 ὡσαύτως
1341 4255 1636 4326 ἀνελλιπὴς
1667 4257 1700 4326 ἡ
1733 4255 1827 4308 τοῦ
1873 4275 1973 4308 πυ-

395 4349 487 4421 ρὸς
507 4352 566 4402 ὲν
590 4352 656 4420 τῇ
689 4349 907 4420 καμίνῳ
939 4348 1241 4412 ὑπόστασις
1266 4347 1360 4401 καὶ
1393 4347 1531 4416 μετὰ
1561 4346 1661 4418 τὴν
1685 4346 1781 4400 τοῦ
1830 4347 1976 4416 σιδή-

394 4456 490 4512 ρου
513 4439 763 4511 πύρωσιν
786 4455 802 4471 ο
819 4438 963 4492 οὑτω
983 4438 1165 4509 φαμὲν
1187 4438 1278 4491 τὸν
1297 4437 1468 4502 Λόγον
1491 4437 1555 4490 ὲκ
1578 4437 1679 4505 τῆς
1705 4437 1977 4509 ἡμετέρας

2065 1963 2247 2018 omnis
2278 1962 2446 2018 homo
2485 1963 2780 2019 conﬁtetur
2817 1965 3160 2020 immutabile
3180 1973 3236 2019 et
3257 1966 3438 2035 quoad
3473 1965 3649 2036 hypo-

2065 2053 2237 2109 stasin
2275 2069 2396 2110 esse
2419 2052 2664 2109 Verbum
2690 2053 2934 2109 divinum
2961 2094 2976 2119 ,
3005 2054 3284 2124 quomodo
3310 2069 3379 2108 ex
3407 2053 3648 2123 simplici

2066 2146 2424 2216 compositam
2455 2145 2681 2201 habebit
2705 2147 3040 2217 personam?
3066 2146 3174 2203 Sed
3208 2147 3486 2217 quomodo
3517 2163 3647 2217 per-

2065 2250 2216 2291 sona:
2235 2236 2647 2308 simplicitatem
2689 2237 3033 2309 intelligitis?
3059 2239 3312 2294 Persona:
3345 2239 3492 2294 enim
3518 2249 3650 2295 sunt

2064 2335 2279 2384 natum
2330 2343 2456 2382 cum
2508 2328 2986 2398 proprietatibus;
3045 2329 3093 2383 si
3139 2343 3274 2400 ergo
3337 2331 3646 2400 simplicem

2067 2433 2360 2487 personam
2391 2433 2458 2473 ex
2479 2433 2548 2473 eo
2574 2418 2787 2488 putatis
2815 2419 2965 2489 quod
2997 2433 3162 2473 unam
3197 2420 3366 2475 habet
3395 2430 3648 2475 naturam

2069 2519 2127 2562 et
2158 2525 2324 2564 unam
2371 2510 2796 2580 proprietatem,
2831 2510 2918 2566 vel
2968 2518 3051 2566 tot
3086 2519 3314 2567 naturas
3336 2521 3471 2582 quot
3509 2514 3654 2568 acci-

2066 2597 2230 2664 derit,
2264 2605 2425 2654 unam
2469 2615 2603 2656 vero
2644 2609 2858 2657 tantum
2911 2609 2971 2656 et
2999 2602 3306 2672 simplicem
3340 2605 3651 2674 proprieta-

2067 2697 2198 2757 tem,
2217 2691 2367 2746 nulla
2387 2691 2494 2746 erit
2524 2693 2848 2765 cujusquam
2882 2706 3119 2762 persona
3150 2693 3382 2764 simplex
3403 2734 3418 2760 ,
3436 2694 3530 2750 sed
3554 2710 3651 2750 ue-

2066 2800 2173 2855 que
2201 2799 2266 2839 ex
2303 2784 2441 2854 ipsis
2477 2785 2734 2855 personis
2787 2784 2992 2840 divinis
3024 2803 3037 2839 :
3089 2800 3327 2857 namque
3358 2787 3522 2842 Pater
3567 2794 3655 2841 est

2065 2879 2283 2951 genitor
2305 2876 2495 2944 Verbi,
2532 2878 2808 2949 ingenitus
2837 2876 2954 2947 ipse
2984 2885 3041 2932 et
3069 2878 3309 2947 spirator
3336 2879 3512 2934 sancti
3537 2879 3657 2949 Spi-

2066 2973 2238 3036 ritus;
2275 2969 2316 3023 F
2321 2969 2449 3023 ilius
2482 2977 2667 3023 autem
2694 2967 2914 3039 genitus
2934 2975 2993 3023 et
3014 2967 3256 3024 Verbum
3281 2977 3338 3023 et
3368 2985 3467 3039 per
3486 2986 3651 3040 quem

2067 3059 2313 3132 procedit
2373 3058 2615 3128 Spiritus
2650 3076 2664 3112 :
2699 3074 2822 3129 quae
2873 3069 3006 3114 sunt
3067 3059 3320 3130 plurimae
3375 3063 3655 3132 simplices

2073 3151 2441 3220 proprietates
2478 3147 2730 3218 ejusdem
2762 3163 3016 3218 personae
3043 3151 3248 3219 quibus
3290 3153 3550 3209 omnibus
3579 3149 3655 3210 si-

2082 3237 2194 3294 mul
2231 3238 2558 3309 intelligitur
2583 3254 2687 3293 una
2728 3247 2979 3294 constare
3015 3241 3322 3310 proprietas
3350 3246 3656 3315 composita

2078 3347 2176 3388 seu
2205 3332 2385 3388 Patris
2413 3346 2509 3386 seu
2538 3331 2661 3386 Filii
2692 3346 2961 3401 persona.
3005 3332 3061 3388 Si
3089 3342 3277 3388 autem
3305 3350 3372 3390 ex
3411 3351 3478 3392 eo
3506 3339 3656 3409 quod

2080 3437 2248 3478 unam
2281 3429 2500 3476 tantum
2549 3428 2827 3486 naturam,
2881 3429 2963 3476 tot
2991 3430 3175 3478 autem
3209 3423 3490 3494 simplices
3528 3442 3658 3496 pro-

2077 3514 2342 3585 prietates
2369 3520 2506 3582 quot
2564 3511 2849 3577 acciderit,
2904 3511 2960 3567 in
3011 3528 3122 3584 quo
3167 3513 3389 3571 diﬂ‘erct
3419 3516 3653 3588 simplex

2078 3621 2314 3677 persona
2349 3620 2380 3659 a
2409 3603 2654 3674 simplici
2698 3613 2914 3669 natura,
2947 3603 3139 3660 dicite.
3176 3605 3232 3661 Si
3282 3608 3437 3663 nullo
3469 3610 3654 3676 modo,

2077 3713 2307 3754 necesse
2325 3698 2436 3753 erit
2458 3697 2925 3767 quemadmodum
2953 3697 3372 3769 incompositam
3400 3711 3654 3758 naturam

2077 3806 2197 3847 esse
2230 3789 2591 3860 intelligimus
2640 3804 2761 3859 quae
2790 3803 2915 3844 cum
2954 3790 3108 3844 nulla
3138 3791 3245 3845 alia
3271 3802 3468 3848 natura
3519 3809 3656 3850 con-

2074 3881 2344 3953 iungitur,
2372 3881 2453 3935 sic
2478 3895 2705 3935 censere
2728 3880 3152 3950 incompositam
3183 3897 3476 3951 personam
3505 3886 3656 3941 illam

2076 3989 2199 4030 esse
2229 3987 2352 4042 quae
2377 3986 2500 4026 cum
2531 3971 2678 4025 nulla
2707 3971 2810 4024 alia
2853 3986 3083 4040 persona
3112 3975 3486 4045 conjungitur.
3515 3978 3652 4033 Per-

2078 4082 2267 4122 sonam
2295 4071 2478 4119 autem
2524 4079 2650 4118 cum
2691 4079 2923 4134 persona
2950 4065 3207 4136 conjungi
3251 4082 3362 4120 non
3391 4083 3513 4132 nos,
3559 4070 3657 4124 sed

2080 4175 2177 4212 vos
2208 4157 2412 4218 dicitis,
2444 4155 2591 4210 unde
2621 4155 2806 4210 dicitis
2836 4171 3199 4226 personarum
3218 4158 3480 4214 unionem
3514 4177 3528 4214 :
3558 4177 3661 4217 nos

2078 4264 2234 4310 vero,
2267 4249 2411 4303 sicut
2441 4247 2647 4302 ferrum
2673 4247 2728 4300 in
2753 4247 2972 4302 camino
3010 4264 3118 4303 non
3149 4249 3386 4306 dicimus
3413 4252 3654 4322 aliquam

2081 4355 2149 4396 ex
2213 4346 2369 4410 parte
2395 4353 2690 4408 personam
2725 4337 2794 4392 ab
2831 4338 2972 4410 ignis
3009 4341 3193 4410 specie
3254 4341 3496 4406 auferre,
3559 4343 3656 4398 sed

2081 4441 2334 4486 naturam
2375 4438 2586 4484 tantum
2614 4430 2669 4484 in
2703 4444 2857 4484 suam
2896 4446 3190 4501 personam
3229 4433 3518 4503 recipere;
3563 4450 3658 4489 re-

394 4533 609 4602 φύσεως
643 4535 723 4596 εἰς
742 4533 842 4604 τὴν
881 4532 1016 4585 ἰδίαν
1048 4531 1348 4586 ὑπόστασιν
1386 4531 1970 4602 προσλαϐέσθαιφύσιν

2072 4531 2258 4579 manet
2286 4523 2433 4578 enim
2453 4523 2667 4592 integra
2690 4522 2742 4576 in
2763 4522 2979 4578 camino
3006 4523 3186 4595 ingnis
3209 4541 3467 4595 persona,
3490 4529 3655 4582 etiam

397 4626 572 4695 ίδικήν
588 4642 712 4678 τινα
736 4641 748 4654 ·
767 4622 908 4677 κατὰ
947 4623 1048 4695 τὴν
1084 4623 1385 4676 ὑπόστασιν
1414 4618 1506 4676 οὖν
1535 4624 1655 4686 ταῖς
1679 4622 1905 4689 φύσεσιν
1934 4623 1969 4692 ἡ

395 4718 666 4781 σύνθεσις,
695 4716 795 4768 εἰτ’
811 4713 906 4768 οὖν
929 4714 1125 4779 ἓνωσις
1147 4717 1180 4785 ἡ
1204 4714 1343 4785 πρὸς
1373 4714 1630 4787 ἀλλήλας
1656 4713 1781 4767 οὔτε
1801 4713 1858 4767 δὲ
1872 4713 1974 4782 φύ-

394 4827 479 4872 σις
517 4808 775 4872 σύνθετος
822 4810 887 4862 ὲκ
917 4807 1085 4864 τῶνδε
1127 4808 1373 4877 γέγονεν.
1402 4807 1475 4858 Οὑ
1515 4807 1624 4879 γὰρ
1656 4808 1797 4860 κατά
1831 4805 1960 4874 σύγ-

391 4917 549 4969 χυσιν
610 4899 1000 4970 συνετέθησαν,
1032 4895 1155 4951 οὔτε
1217 4898 1515 4960 ὑπόστασις
1569 4897 1816 4963 σύνθετος
1841 4913 1854 4926 ·
1887 4898 1971 4951 ὅτι

388 4992 490 5044 οὐκ
519 4991 579 5056 ἐξ
605 4991 962 5044 ὑποστάσεων
982 5007 996 5022 ο
1033 4990 1146 5044 ἀλλ’
1170 4989 1613 5062 ἁσυνθετώτερον
1652 4991 1848 5060 ἰδίωμα
1870 4991 1973 5060 τῆς

388 5081 486 5134 τοῦ
516 5082 690 5148 Λόγου
719 5082 943 5151 γέγονεν
986 5082 1362 5147 ὑποστάσεως,
1393 5081 1658 5136 πλειόνων
1675 5084 1976 5152 ἐπισωρευ-

391 5171 598 5226 θέντων
652 5175 710 5226 ὲν
775 5175 912 5246 αὑτῇ
968 5174 1076 5226 τῶν
1123 5173 1308 5226 ἁπλῶν
1372 5173 1677 5244 ἰδιωμάτων
1715 5173 1852 5244 μετὰ
1879 5172 1979 5242 τὴν

394 5265 691 5335 σάρκωσιν·
716 5266 852 5335 ὅπερ
867 5265 987 5318 οὑδὲ
1013 5264 1286 5327 σύνθετον,
1312 5265 1433 5318 οὐδὲ
1447 5263 1688 5335 τρεπτὴν
1707 5262 1979 5317 δείκνυσιν

391 5353 517 5408 οὔτε
555 5356 656 5426 τὴν
699 5356 862 5425 φύσιν
905 5355 1030 5408 οὗτε
1073 5357 1174 5426 τὴν
1202 5355 1506 5408 ὑπόστασιν
1529 5354 1716 5407 αὑτοῦ.

2075 4624 2198 4686 post
2244 4614 2377 4670 ferri
2423 4614 2886 4680 combustionem,
2941 4616 3015 4670 ita
3051 4616 3288 4672 dicimus
3321 4617 3556 4674 Verbum
3588 4637 3659 4676 ex

2074 4717 2260 4762 nostra
2290 4715 2489 4761 natura
2530 4705 2588 4760 in
2620 4722 2776 4762 suam
2804 4722 3097 4776 personam
3127 4710 3408 4781 prepriam
3440 4727 3658 4768 assum-

2076 4799 2255 4870 psisse
2281 4797 2576 4868 quamdam
2611 4797 3002 4868 particularem
3055 4809 3335 4856 naturam.
3369 4802 3657 4874 Composi-

2076 4891 2152 4944 tio
2185 4889 2352 4960 igitur
2380 4904 2448 4944 ex
2479 4887 2694 4942 naturis
2719 4903 2818 4958 per
2843 4904 3158 4959 personam,
3191 4893 3305 4947 sive
3334 4894 3464 4948 unio
3493 4895 3658 4949 unius

2077 4981 2144 5036 ad
2180 4981 2430 5041 alteram.
2464 4996 2571 5034 non
2617 4990 2800 5034 autem
2843 4997 2909 5036 ex
2945 4983 3026 5037 eis
3060 4983 3200 5038 facta
3233 4993 3318 5038 est
3352 4989 3657 5055 composita

2075 5079 2305 5134 natura,
2342 5070 2470 5140 quia
2509 5085 2617 5124 non
2661 5085 2760 5139 per
2805 5072 3186 5126 confusionem
3223 5076 3654 5144 conjunguntur,

2076 5181 2259 5235 neque
2295 5163 2597 5233 composita
2641 5178 2892 5231 persona,
2941 5164 3070 5232 quia
3119 5181 3226 5219 non
3261 5181 3326 5219 ex
3379 5168 3654 5236 personis,

2080 5256 2176 5312 sed
2230 5253 2648 5325 incompositior
2702 5255 2842 5308 facta
2887 5265 2973 5309 est
3041 5257 3353 5325 proprietas
3407 5273 3657 5326 persona:

2087 5348 2276 5413 Verbi,
2317 5348 2573 5418 pluribus
2614 5349 2781 5403 etiam
2823 5347 2880 5401 in
2943 5363 3064 5401 eam
3127 5351 3402 5419 congestis
3443 5352 3658 5422 simpli-

391 5451 552 5508 cibus
627 5450 1062 5520 proprietatibus
1128 5461 1253 5521 post
1299 5449 1776 5516 incarnationem,
1826 5446 1972 5518 quod
2037 5460 2217 5516 neque
2237 5444 2596 5514 compositam
2634 5457 2814 5514 neque
2841 5442 3157 5497 mutabilem
3196 5460 3376 5514 neque
3402 5456 3655 5505 naturam

391 5556 571 5613 neque
601 5558 890 5613 personam
931 5543 1129 5613 arguit.

987 5657 1234 5709 ΚΕΦΛΛ.
1263 5655 1394 5712 KA'.

481 5767 662 5837 Ἀλλὰ,
697 5771 854 5840 φασὶ,
889 5771 984 5825 καὶ
1025 5769 1143 5824 τόδε
1175 5770 1223 5822 οἰ
1258 5771 1434 5823 πάντα
1479 5768 1635 5837 λόγον
1663 5769 1742 5832 εἰς
1777 5766 1976 5837 ἀθέτη-

2715 5648 2867 5705 CAP.
2917 5649 3057 5703 XXI.

2154 5763 2262 5820 Sed
2287 5763 2396 5819 hoc
2425 5780 2643 5835 quoque
2678 5764 2871 5818 dicunt
2905 5766 2996 5833 qui
3028 5766 3079 5819 in
3122 5767 3531 5824 evacuationcm
3569 5770 3656 5825 in-
