4116 6484
454 414 584 478 1481

1702 412 2014 473 LEONTII
2048 412 2453 471 BYZANTINI

3586 404 3723 473 1588

451 525 787 583 carnationis
822 523 984 578 Verbi
1021 522 1205 575 omnia
1232 534 1553 593 argumenta
1585 531 2029 592 pcrscrutantur,

2154 538 2218 572 rw
2276 521 2372 588 τῆς
2427 518 2752 589 σαρκώσεως
2796 519 2890 573 τοῦ
2925 518 3072 573 θείου
3104 519 3277 588 Λόγου
3315 521 3722 593 διερευνῶντες.

450 618 718 673 nimirum
776 630 941 669 omne
974 622 1150 667 totum
1176 628 1243 667 ex
1287 613 1525 667 diversis
1554 614 1807 683 partibus
1849 614 2033 669 coale-

451 726 611 766 scens
647 708 793 764 aliud
818 714 1065 776 apparet,
1100 706 1251 760 aliud
1278 722 1500 776 quoque
1531 707 1845 777 concipitur
1876 706 1945 760 ab
1972 707 2038 761 iis

450 816 519 854 ex
549 800 752 869 quibus
798 806 1044 853 constat.
1104 796 1160 852 Si
1222 797 1391 867 igitur
1440 813 1508 851 ex
1557 797 1788 852 homine
1839 807 1894 852 et
1926 798 2038 853 Deo

450 890 729 955 Christus,
754 906 857 945 nec
888 905 1054 943 verus
1082 890 1250 954 Deus,
1278 905 1382 943 nec
1406 904 1572 943 verus
1604 890 1770 943 homo
1792 900 1875 943 est
1900 906 1913 943 :
1940 888 2037 944 sed

454 984 693 1054 primum
735 982 852 1053 ipsa
892 981 1203 1052 argumenti
1228 982 1394 1052 hujus
1424 981 1557 1035 falsa
1591 990 1676 1036 est
1693 981 2037 1053 suppositio:

452 1077 653 1132 accidit
676 1076 824 1130 enim
855 1084 916 1130 ut
948 1083 1122 1129 totum
1154 1090 1186 1128 e
1222 1074 1456 1129 diversis
1488 1084 1773 1138 constans,
1814 1090 1917 1130 nec
1951 1074 2040 1129 di.

451 1171 600 1225 citur
647 1184 752 1224 nec
796 1167 1110 1237 concipitur
1170 1164 1319 1221 aliud
1364 1165 1434 1219 ab
1483 1180 1811 1236 unaquaque
1857 1174 2039 1236 parte,

451 1265 537 1319 vel
580 1271 807 1333 propter
832 1259 1246 1331 praevalentiam
1274 1257 1560 1328 cujusdam
1588 1257 1759 1327 partis
1802 1257 1859 1311 in
1891 1272 2041 1312 com-

452 1356 748 1427 positione,
772 1354 916 1409 sicut
953 1351 1197 1408 dicimus
1218 1351 1344 1405 olus
1368 1359 1497 1404 ante
1526 1349 1833 1404 coctionem
1863 1360 1921 1405 et
1962 1349 2041 1405 si-

453 1448 660 1503 militer
687 1447 811 1501 olus
860 1454 1152 1517 postquam
1214 1459 1338 1499 cum
1381 1443 1643 1512 pluribus
1672 1442 2044 1498 condimentis

454 1550 694 1598 coetum.
732 1545 837 1603 est,
896 1546 954 1591 et
985 1536 1197 1607 pariter
1244 1534 1481 1590 similam
1523 1546 1580 1590 et
1625 1534 1923 1605 legumina,
1954 1534 2042 1589 vel

454 1633 585 1703 quia
613 1647 722 1686 non
753 1629 981 1685 omnino
1009 1627 1215 1683 diversi
1263 1627 1483 1698 generis
1511 1625 1720 1682 factum
1744 1635 1829 1681 est
1864 1635 2039 1681 totum

455 1732 715 1780 constans
764 1721 1016 1793 partibus
1068 1719 1303 1775 diversae
1354 1718 1580 1789 quidem
1643 1718 1871 1789 speciei,
1930 1733 2042 1772 non

455 1826 638 1872 autem
667 1814 871 1870 diversi
905 1812 1147 1885 generis.
1179 1812 1272 1867 Sic
1321 1826 1422 1882 par
1479 1826 1743 1866 numerus
1772 1819 1827 1866 et
1863 1811 2042 1880 impar

454 1912 510 1966 in
555 1926 727 1964 unum
790 1917 966 1963 totum
999 1907 1399 1968 coalescentes,
1445 1912 1680 1975 septem,
1714 1903 1874 1959 verbi
1918 1908 2042 1973 gra-
2075 1882 2114 1936 Β

458 2003 551 2068 tia,
577 2011 633 2056 et
665 2010 808 2065 octo,
841 2016 951 2055 non
983 1999 1253 2070 priebent,
1285 1997 1339 2050 in
1374 1995 1715 2067 quindecim,
1748 2010 2041 2052 numerum

384 2142 389 2152 .
455 2094 736 2148 diversum
792 2093 863 2147 ab
931 2090 1127 2161 impari
1178 2088 1342 2145 simul
1403 2098 1460 2143 et
1513 2087 1673 2159 pari,
1722 2091 1819 2143 sed
1866 2089 2046 2158 impar

454 2186 658 2241 dicitur
691 2201 800 2240 non
830 2199 990 2239 secus
1015 2198 1079 2237 ac
1120 2182 1290 2237 altera
1332 2197 1401 2235 ex
1430 2180 1549 2235 suis
1575 2179 1829 2251 partibus
1856 2198 1868 2233 :
1898 2179 2046 2235 unde

456 2279 535 2333 nil
570 2278 625 2332 in
659 2292 748 2341 eo,
791 2276 1023 2345 perinde
1066 2291 1131 2329 ac
1165 2290 1270 2329 nec
1311 2274 1367 2327 in
1401 2282 1637 2344 septem,
1672 2273 1899 2344 imparis
1944 2288 2047 2327 nu-

460 2370 597 2425 meri
645 2368 784 2423 ﬁnes
808 2366 1313 2422 excedit.Evidens
1354 2366 1521 2437 igitur
1570 2373 1676 2431 est,
1730 2365 1787 2419 iu
1843 2365 2047 2435 quibus

459 2468 660 2529 praeter
734 2458 1113 2513 diversitatem
1184 2456 1466 2527 partium,
1523 2464 1754 2526 apparet
1810 2456 1869 2510 in
1931 2463 2047 2510 toto

460 2552 600 2605 ratio
633 2550 837 2605 diversi
898 2548 1156 2619 generis,
1216 2548 1539 2602 necessario
1612 2547 1875 2602 mutanda
1925 2562 2047 2602 esse

457 2644 713 2699 notiones
738 2651 793 2696 et
818 2641 1171 2696 deﬁnitiones
1197 2651 1253 2694 et
1280 2640 1507 2695 nomina
1527 2679 1543 2703 ,
1604 2639 1751 2709 quod
1783 2655 1813 2693 a
1844 2639 2049 2710 princi-

459 2737 549 2806 pio
605 2751 702 2790 eos
750 2735 934 2789 latuit.
960 2734 1103 2789 Vere
1162 2733 1330 2803 igitur
1379 2732 1585 2786 dicitur
1636 2733 1814 2803 impar
1871 2741 2047 2787 totum

457 2827 847 2897 compositum,
902 2825 1220 2896 quindecim
1276 2825 1489 2881 scilicet
1522 2825 1665 2880 sicut
1723 2833 1778 2879 et
1817 2834 2053 2894 septem,

458 2928 514 2973 et
547 2920 599 2971 in
630 2934 728 2972 sua
750 2917 1021 2973 totalitate
1042 2926 1237 2987 septem
1270 2916 1449 2985 impar
1468 2930 1600 2970 vere
1628 2916 2056 2985 comprehendit

458 3025 566 3063 non
613 3010 1011 3064 adulteratum.
1043 3008 1250 3063 Eodem
1284 3006 1449 3062 modo
1501 3023 1649 3062 nunc
1696 3008 1830 3062 mihi
1873 3009 2052 3079 cogita

459 3102 701 3157 Verbum
770 3117 899 3157 vere
960 3103 1131 3155 Deum
1188 3116 1311 3155 esse
1342 3141 1357 3165 ,
1411 3108 1468 3155 et
1514 3116 1734 3155 carnem
1792 3117 1922 3156 vere
1956 3102 2055 3154 ho-

2139 615 2220 667 ὅτι
2256 615 2363 667 πᾶν
2400 614 2462 665 τὸ
2504 614 2568 665 ἐκ
2598 612 2874 682 διαφόρων
2924 612 3109 683 μερῶν
3159 615 3520 686 συγκείμενον
3578 617 3721 680 ὅλον,

2139 703 2327 774 ἕτερόν
2353 721 2412 757 τε
2452 705 2669 775 ὁρᾶται,
2710 706 2805 757 καὶ
2859 704 3066 775 ἑτέρως
3117 705 3443 776 ὀνομάζεται
3472 708 3622 779 παρὰ
3653 708 3727 763 τὰ

2141 795 2201 859 ἐξ
2232 787 2307 848 ὧν
2340 794 2511 848 ἐστιν.
2546 796 2609 848 Εί
2629 790 2723 849 οὖν
2750 797 2814 849 ὲκ
2855 795 2994 849 Θεοῦ
3026 799 3122 851 καὶ
3156 799 3445 870 ἀνθρώπου
3473 800 3729 866 σύνθετος

2140 888 2169 940 ό
2193 886 2448 957 Χριστὸς,
2476 884 2600 939 οὔτε
2635 886 2769 950 Θεδς
2798 886 3035 958 ἀληθῶς,
3068 887 3193 941 οὒτε
3225 889 3535 961 ἄνθρωπος.
3563 891 3729 963 Πρῶ-

2141 993 2233 1029 τον
2270 976 2371 1047 μὲν
2399 972 2493 1030 οὖν
2526 979 2623 1031 καὶ
2642 977 2801 1031 τοῦδε
2826 977 3029 1049 ψευδὴς
3058 980 3092 1050 ἡ
3124 979 3436 1048 ἁπόφασις’
3476 982 3731 1055 ἔστιγὰρ

2144 1068 2232 1138 ἐφ’
2256 1062 2332 1121 ὧν
2360 1068 2633 1140 διαφόρων
2692 1071 2877 1142 μερῶν
2922 1073 3113 1145 όλότης
3140 1074 3434 1145 γενομένη,
3464 1076 3564 1130 οὐκ
3593 1075 3729 1147 ἄλλη

2145 1162 2278 1233 παρ’
2307 1162 2551 1233 ἑκάτερα
2606 1162 2675 1216 τὰ
2724 1165 2866 1236 μέρη
2908 1166 3083 1237 αὐτῆς
3116 1170 3320 1221 νοεῖται
3351 1167 3383 1238 ἢ
3413 1168 3654 1236 λέγεται,
3694 1169 3729 1241 ἢ

2143 1255 2212 1308 δι’
2237 1255 2596 1327 ἐπικράτειαν
2638 1256 2868 1329 θατέρου
2891 1259 3004 1312 τῶν
3033 1259 3219 1331 μερῶν
3246 1263 3305 1315 ὲν
3333 1264 3402 1333 τῇ
3435 1262 3685 1315 συνθέσει
3713 1277 3730 1293 ⁸

2144 1348 2335 1421 ὥσπερ
2391 1349 2577 1420 φαμὲν
2615 1350 2679 1403 τό
2720 1367 2780 1403 τε
2809 1350 3049 1421 άνεφθον
3084 1352 3339 1424 λάχανον,
3371 1356 3467 1408 καὶ
3497 1354 3558 1407 τὸ
3590 1356 3734 1426 μετὰ

2148 1437 2301 1511 μίξιν
2351 1439 2653 1509 καρυκείας
2683 1438 2950 1494 πλειόνων
3012 1440 3217 1512 ὲψηθὲν
3250 1443 3453 1513 ὁμοίως
3499 1444 3737 1513 λάχανον

2145 1532 2240 1584 καὶ
2299 1531 2583 1602 σεμίδαλιν
2632 1532 2726 1585 καὶ
2779 1531 2850 1587 τὰ
2886 1533 3128 1605 ὄσπριαο
3160 1535 3195 1604 ἦ
3228 1535 3317 1590 διὰ
3368 1535 3432 1589 τδ
3459 1535 3539 1607 μὴ
3588 1533 3738 1592 εἶναι

2145 1624 2281 1686 ὅλως
2309 1622 2499 1695 ἕτερόν
2522 1641 2573 1678 τι
2595 1618 2738 1688 εἶδος
2766 1626 3053 1696 γινόμενον
3086 1627 3151 1681 ὲκ
3171 1627 3282 1681 τῶν
3320 1629 3604 1699 ὁμογενῶν
3632 1630 3732 1683 τοῦ

2148 1716 2407 1770 συνθέτου
2443 1717 2627 1788 μερῶν
2651 1721 2758 1772 τῶν
2780 1720 3184 1788 ἀνομοιοειδῶν.
3212 1721 3311 1775 Διά
3332 1739 3415 1775 τοι
3447 1722 3556 1793 γὰρ
3576 1722 3739 1776 τοῦτο

2148 1809 2244 1864 καὶ
2271 1807 2459 1879 ἄρτιον
2490 1810 2661 1882 μέρος
2694 1810 2956 1883 ἀριθμοῦ,
2981 1815 3077 1866 καὶ
3123 1814 3382 1885 περιττὸν
3410 1814 3739 1869 συντεθέντα

2146 1904 2224 1965 είς
2262 1902 2389 1973 μίαν
2441 1901 2693 1973 ὁλότητα,
2722 1905 2751 1957 6
2803 1904 2944 1958 ἑπτὰ
2992 1905 3158 1976 τυχὸν
3218 1907 3366 1960 καὶὸ
3420 1904 3597 1973 ὀκτὼ,
3635 1907 3741 1978 οὐχ

2146 1997 2335 2067 ἕτερον
2364 1991 2508 2059 εἶδος
2534 1995 2777 2068 ἀριθμοῦ
2804 1997 2961 2068 παρά
2988 2015 3050 2051 τε
3094 2000 3185 2052 τὸν
3214 2000 3403 2071 άρτιον
3429 2001 3522 2054 καὶ
3548 2017 3742 2071 περιτ-

2144 2089 2237 2140 τὸν
2291 2087 2555 2157 ἐποίησαν
2609 2090 2669 2141 ὲν
2723 2088 3209 2144 δεκαπέντε·άλλ’
3260 2092 3466 2163 ὁμοίως
3523 2093 3743 2165 θατέρῳ

2145 2179 2257 2233 τῶν
2276 2178 2470 2233 ἑαυτοῦ
2496 2179 2681 2251 μερῶν
2696 2179 2989 2252 λεγόμενον
3007 2183 3283 2252 περιττόν·
3308 2184 3611 2240 διότιοὺδὲν
3633 2204 3742 2240 πα-

2151 2270 2221 2342 ρὰ
2243 2271 2335 2324 τὸν
2364 2273 2492 2343 ὅρον
2515 2270 2610 2326 τοῦ
2645 2272 2905 2343 περιττοῦ
2928 2273 3050 2327 οὐδὲ
3076 2274 3135 2327 ὲν
3160 2274 3311 2343 αὐτῷ
3352 2274 3530 2344 ὤφθη,
3550 2275 3756 2346 ὥσπερ.

2148 2364 2269 2417 οὐδὲ
2299 2366 2357 2416 ὲν
2381 2364 2459 2434 τῷ
2481 2363 2717 2435 ὲδδόιμῳ.
2735 2365 2902 2435 Δῆλον
2929 2360 3025 2419 οὖν
3050 2366 3125 2429 ὡς
3141 2369 3227 2436 ἐφ’
3253 2360 3328 2421 ῶν
3351 2367 3486 2437 πρὸς
3513 2367 3592 2440 τῷ
3618 2368 3743 2421 δια-

2153 2456 2305 2528 φόρῳ
2325 2456 2434 2510 τῶν
2459 2456 2827 2511 συνελθόντων
2852 2458 3037 2527 μερῶν
3063 2460 3159 2513 καὶ
3185 2460 3374 2532 ἕτερος
3393 2460 3568 2521 εἴδους
3583 2461 3752 2531 λόγος

2152 2550 2211 2603 ὲν
2244 2547 2324 2618 τῷ
2342 2550 2449 2620 ὅλῳ
2473 2551 2643 2619 φανῇ,
2668 2550 2789 2603 τότε
2824 2549 3179 2615 ἐξαλλάσσειν
3203 2552 3417 2625 ἀνάγκη
3442 2553 3574 2606 τάτε
3634 2554 3752 2625 δρι-

2156 2640 2258 2695 στὰ
2321 2640 2417 2694 καὶ
2464 2641 2589 2705 τοὺς
2639 2642 2906 2711 ὁρισμοὺς
2942 2642 3039 2696 καὶ
3093 2644 3162 2696 τὰ
3192 2642 3437 2711 ὀνόματα
3460 2683 3475 2707 ,
3511 2644 3651 2715 ὅπερ
3684 2642 3748 2709 ἐξ

2106 2718 2121 2733 ’
2157 2730 2333 2801 ἀρχῆς
2373 2729 2675 2800 ἠγνόησαν.
2712 2731 2947 2800 Λέγεται
2979 2728 3073 2788 οὗν
3106 2735 3363 2805 περιττὸς
3404 2734 3620 2806 άληθῶς
3647 2736 3754 2790 καὶ

2156 2823 2184 2876 6
2206 2823 2507 2877 δεκαπέντε
2533 2822 2788 2888 σύνθετος
2813 2824 2958 2890 ὅλος,
2982 2826 3058 2890 ὡς
3083 2826 3111 2879 6
3137 2827 3368 2898 ἕϐδομος
3390 2844 3405 2858 ·
3434 2828 3529 2882 καὶ
3558 2829 3747 2900 περιέ-

2157 2932 2241 2987 χει
2272 2915 2331 2969 δὲ
2360 2917 2419 2969 ὲν
2449 2917 2515 2987 τῇ
2547 2916 2726 2986 οἰκείᾳ
2745 2918 2961 2989 ὁλότητι
2990 2919 3208 2990 ἀληθῶς
3243 2921 3499 2991 περιττὸν
3542 2920 3723 2990 φυλατ

2157 3010 2385 3079 τόμενον
2411 3008 2502 3062 τὸν
2530 3009 2671 3063 ἑπτὰ
2694 3012 2752 3064 ὲν
2778 3011 2978 3081 ἐαυτῷ.
3012 3011 3203 3075 Οὕτως
3237 3009 3332 3067 οὖν
3391 3030 3483 3084 μοι
3513 3015 3624 3066 νόει
3652 3012 3748 3065 τόν

2157 3116 2217 3153 τε
2274 3099 2448 3168 Λόγον
2496 3099 2630 3153 Θεὸν
2665 3101 2858 3168 ὅντως,
2892 3103 2988 3158 καὶ
3018 3103 3118 3174 τὴν
3144 3104 3324 3177 σάρκα
3351 3104 3637 3177 ἄνθρωπον
3660 3105 3751 3157 δν.

462 3194 691 3255 minem,
745 3202 801 3248 et
851 3193 1133 3248 Christum
1169 3208 1236 3245 ex
1276 3190 1480 3257 Verbo,
1519 3206 1628 3245 non
1653 3206 1720 3245 ex
1750 3200 1971 3253 natura,
2001 3201 2052 3246 ct

2160 3206 2298 3253 τωςο
2332 3190 2430 3244 καὶ
2456 3191 2693 3262 Χριστὸν
2724 3193 2818 3247 τὸν
2850 3193 2994 3248 κατὰ
3017 3194 3191 3265 Λόγον
3220 3195 3285 3250 οὐ
3310 3195 3471 3266 φύσιν
3504 3212 3518 3226 ·
3546 3195 3642 3251 καὶ
3656 3196 3758 3250 τὸν

463 3303 589 3341 eum
650 3301 777 3341 vere
816 3287 985 3341 Deum
1016 3294 1073 3340 ct
1102 3283 1405 3339 hominem.

1075 3490 1229 3546 CAP.
1278 3490 1448 3546 XXII.

540 3583 926 3653 Si,inquiunt,
960 3582 1272 3636 naturalem
1315 3582 1576 3638 unionem
1617 3592 1673 3638 et
1700 3598 1797 3639 vos
1826 3585 2057 3639 conﬁte-

2160 3282 2381 3355 άληθῶς
2406 3282 2549 3339 Θεὸν
2570 3284 2666 3338 καὶ
2686 3284 2992 3358 ἄνθρωπον.

2743 3494 2997 3551 ΚΕΦΑΛ.
3056 3495 3189 3553 ΚΒ’.

2232 3584 2294 3636 Εἰ
2323 3579 2439 3647 οὖν,
2474 3584 2627 3653 φασὶ,
2652 3586 2745 3639 καὶ
2774 3587 2933 3658 ὑμεῖς
2961 3591 3199 3660 φυσικὴν
3215 3592 3315 3663 τὴν
3337 3592 3536 3649 ἕνωσιν
3557 3594 3752 3666 ὁμολο-

467 3678 626 3741 mini,
663 3676 862 3744 inquo
910 3675 1080 3745 igitur
1136 3674 1371 3730 diﬂ‘ertis
1414 3691 1442 3729 a
1497 3674 1812 3730 Severianis
1857 3675 1950 3745 qui
1979 3674 2052 3729 di-

2160 3680 2330 3745 γεῖτε,
2357 3678 2409 3731 τί
2459 3677 2786 3749 διαφέρεσθε
2836 3680 2977 3751 πρὸς
3036 3683 3167 3748 τοὺς
3194 3685 3323 3755 περὶ
3351 3686 3593 3758 ὴϐἦρον
3621 3687 3761 3758 μίαν

469 3776 605 3822 cunt
634 3780 797 3818 unam
838 3772 1051 3817 tantum
1098 3778 1220 3818 esse
1266 3763 1479 3819 Christi
1529 3764 1831 3817 naturam?
1871 3763 2052 3818 Omnis

2164 3770 2326 3839 φύσιν
2355 3769 2614 3839 λέγοντας
2646 3770 2887 3840 Χριστοῦ
2916 3790 2931 3837 ;
2960 3774 3117 3828 Πᾶσα
3149 3775 3258 3848 γὰρ
3291 3777 3498 3849 φυσικὴ
3555 3778 3755 3843 ἑνωσις

469 3858 619 3911 enim
650 3855 917 3909 naturalis
950 3854 1102 3918 unio,
1148 3862 1399 3908 naturam
1437 3854 1728 3923 quamdam
1775 3853 1941 3908 eiiicit
1974 3852 2061 3908 di-

470 3964 687 4005 versam
734 3964 765 4001 a
816 3947 1030 4001 naturis
1056 3946 1258 4011 unitis;
1281 3945 1633 4015 etsiquidem
1668 3944 1834 4000 homo
1862 3952 2060 3999 natura

472 4058 583 4097 una
624 4049 731 4105 est,
764 4039 1025 4110 quoniam
1072 4037 1241 4091 homo
1274 4053 1382 4090 non
1430 4036 1636 4105 plures,
1666 4050 1845 4105 neque
1887 4034 2060 4090 solius

472 4135 692 4199 animm,
720 4148 898 4202 neque
922 4131 1099 4187 soiius
1128 4128 1379 4198 corporis
1398 4136 1617 4192 natura,
1656 4142 1837 4197 neque
1861 4126 2055 4181 ambo-

473 4241 597 4280 rum
628 4223 924 4294 separatim
960 4221 1326 4293 proprietates
1361 4218 1642 4273 naturales
1674 4217 1731 4272 in
1760 4233 1817 4272 se
1843 4218 2010 4272 habet
2046 4233 2061 4272 :

476 4317 782 4372 mortalitas
804 4316 1012 4371 etenim
1056 4315 1109 4368 in
1148 4312 1394 4375 homine,
1420 4326 1530 4365 non
1564 4319 1747 4365 autem
1770 4309 1824 4364 in
1856 4310 2059 4377 anima,

473 4411 571 4466 sed
594 4426 775 4480 neque
806 4408 1028 4479 prOpl‘ic
1056 4407 1111 4461 in
1130 4420 1387 4475 corpore.
1408 4404 1602 4459 Nonne
1622 4444 1637 4468 ,
1686 4419 1895 4473 quaeso,
1926 4403 2059 4459 ferri

472 4510 524 4554 et
562 4500 705 4570 ignis
738 4507 1062 4553 naturarum
1101 4507 1186 4551 est
1216 4494 1395 4549 unio?
1440 4503 1496 4549 et
1522 4495 1577 4548 iu
1625 4494 1751 4549 lana
1790 4496 2058 4566 sanguine

2168 3862 2333 3931 φύσιν
2359 3863 2483 3916 τινὰ
2517 3863 2647 3933 μίαν
2671 3864 2825 3934 παρὰ
2850 3869 2949 3932 τὰς
2986 3868 3291 3935 ένωθείσας
3339 3872 3583 3927 δείκνυσι
3603 3891 3618 3905 ο
3647 3874 3755 3943 φύ-

2166 3972 2251 4019 σις
2297 3957 2462 4027 γὰρὸ
2508 3956 2799 4028 ἄνθρωπος
2864 3962 3001 4031 μία*
3066 3962 3144 4027 ὼς
3195 3964 3485 4037 ἄνθρωπος
3540 3967 3635 4021 καὶ
3690 3968 3753 4021 οὐ

2165 4047 2423 4110 πλείους*
2457 4047 2580 4101 οὔτε
2629 4049 2832 4119 ψυχῆς,
2862 4050 2988 4105 οὗτε
3054 4054 3311 4127 σώματος
3379 4058 3566 4127 μόνου,
3626 4058 3753 4113 οὔτε

2163 4136 2334 4205 ἄμφω
2362 4138 2495 4202 τοὺς
2520 4138 2713 4207 λόγους
2738 4140 2935 4211 μόνους
2957 4142 3159 4215 ἔχουσα
3182 4148 3310 4211 τοὺς
3362 4149 3661 4218 φυσικούς’
3690 4151 3755 4205 τὺ

2165 4228 2274 4300 γὰρ
2300 4229 2495 4299 θνητὸν
2526 4233 2582 4286 ἐν
2631 4232 2908 4306 ἀνθρώπῳ
2931 4236 3053 4307 μὲν,
3086 4238 3213 4293 οὔτε
3245 4241 3301 4295 δὲ
3326 4243 3384 4297 ὲν
3425 4243 3595 4317 ψυχῇ,
3627 4244 3752 4301 οὔτε

2162 4320 2221 4371 ὲν
2240 4318 2455 4387 σώματι
2489 4321 2596 4393 ἰδίᾳ
2617 4322 2754 4377 ὲστί.
2791 4324 2858 4377 Τί
2884 4322 3001 4392 οὖν,
3028 4323 3074 4382 ὦ
3099 4324 3268 4395 οὗτοι,
3290 4332 3388 4385 καὶ
3408 4334 3581 4404 πυρὸς
3613 4336 3753 4406 πρδς

2164 4410 2382 4481 σίδηρον
2415 4412 2516 4466 οὐκ
2544 4412 2661 4468 ἔστι
2686 4414 2799 4469 τῶν
2820 4416 3036 4486 φύσεων
3061 4421 3294 4487 ἓνωσιςς
3323 4425 3417 4478 καὶ
3449 4426 3543 4479 ἐπὶ
3578 4427 3751 4482 πόκου

2163 4505 2526 4575 αἰμοϐαφοῦς,
2545 4509 2606 4561 οὐ
2633 4510 2744 4565 τῶν
2764 4511 2965 4569 οὐσιῶν
2989 4516 3023 4585 ἡ
3050 4516 3341 4589 συμπλοκὴ
3364 4519 3473 4572 τῶν
3506 4536 3754 4590 σωματι-

474 4592 668 4654 tincta,
719 4604 903 4643 nonne
954 4586 1356 4657 ﬁtconjunetio
1389 4586 1757 4655 corporalium
1806 4587 2052 4642 substan-

2164 4595 2277 4649 κῶν
2306 4616 2321 4664 ;
2354 4599 2463 4652 Καὶ
2498 4600 2581 4664 τίς
2633 4602 2748 4657 ἐστι
2780 4606 2812 4675 ἡ
2840 4607 3105 4677 γενομένη
3158 4586 3450 4681 καινοτέρα
3502 4586 3663 4680 φύσις
3694 4614 3753 4664 ὲν

476 4680 715 4733 tiarum?
747 4679 921 4732 Dicite
948 4686 1133 4731 autem
1163 4691 1413 4746 quaenam
1438 4690 1579 4730 nova
1612 4676 1667 4730 in
1695 4677 1846 4733 hisce
1867 4688 2063 4733 natura

474 4787 574 4840 per
607 4772 919 4824 naturalem
946 4767 1402 4837 compositionem
1434 4769 1667 4839 emergit
1705 4786 1720 4823 :
1752 4772 1884 4841 quid
1915 4772 2061 4827 enim

472 4862 620 4915 aliud
650 4861 761 4922 hic,
799 4870 855 4915 et
888 4868 1013 4929 post
1049 4859 1465 4914 substantialem
1490 4861 1769 4927 unionem,
1795 4863 1901 4918 nisi
1940 4872 2063 4917 tan-

474 4966 590 5009 tum
642 4954 845 5008 ferrum
891 4953 1123 5023 ignitum
1180 4961 1237 5007 et
1304 4952 1428 5007 lana
1481 4964 1803 5022 cruentata,
1854 4966 1911 5011 et
1940 4958 2064 5014 duae

475 5048 724 5102 naturai?
755 5046 861 5101 Sed
892 5045 1118 5107 scitote,
1156 5046 1200 5100 si
1237 5056 1417 5101 tamen
1440 5048 1545 5103 hoc
1560 5049 1717 5104 vobis
1739 5050 2059 5119 persuaderi

473 5140 667 5209 possit,
697 5138 1021 5193 multimodo
1041 5153 1163 5193 esse
1188 5148 1244 5193 et
1275 5139 1384 5194 dici
1415 5141 1725 5195 naturalem
1750 5141 2009 5197 unionem
2045 5162 2057 5196 :

472 5232 554 5286 sic
586 5233 735 5286 enim
774 5232 979 5286 dicitur
1018 5232 1283 5286 naturalis
1321 5232 1454 5287 unio
1477 5233 1843 5302 quorumdam
1881 5234 2063 5290 diver-

472 5339 681 5388 sorum,
730 5338 840 5378 non
889 5332 1074 5378 autem
1110 5331 1465 5389 naturarum,
1514 5325 1609 5379 sed
1646 5334 1827 5380 tamen
1861 5342 2060 5382 secun-

472 5415 604 5469 dum
640 5414 932 5485 quamdam
979 5423 1236 5469 naturam
1263 5414 1421 5485 cujus
1445 5414 1667 5484 aliquod
1695 5416 2059 5474 substantiale

473 5506 806 5577 principium
839 5523 1033 5563 eorum
1068 5507 1325 5577 producit
1365 5509 1660 5574 unionem,
1696 5508 1841 5565 sicut
1870 5510 2059 5566 divina

472 5607 666 5652 natura
700 5599 1012 5653 divinarum
1044 5613 1434 5667 personarum,
1490 5607 1547 5653 et
1594 5600 1797 5656 mentis
1860 5611 2056 5656 natura

466 5699 808 5760 potestatum
862 5692 1080 5755 animae,
1126 5699 1184 5746 et
1218 5692 1359 5762 ignis
1401 5700 1597 5746 natura
1656 5694 2055 5764 proprietatum

468 5786 614 5854 ignis
653 5782 1131 5839 substantialium.
1160 5786 1345 5839 Altera
1372 5796 1557 5840 autem
1589 5787 1797 5842 dicitur
1830 5798 2027 5842 natura
2047 5819 2059 5829 -

468 5873 537 5931 lis
568 5878 720 5940 unio,
757 5877 809 5930 id
848 5887 932 5930 est
986 5876 1291 5933 similitudo
1315 5919 1330 5944 ,
1390 5878 1695 5935 secundum
1751 5881 2058 5935 naturalem

2164 4689 2364 4751 τοῖσδε.
2391 4693 2606 4759 εἴπατε,
2643 4694 2731 4750 διὰ
2760 4698 2861 4769 τὴν
2886 4698 3125 4770 φυσικὴν
3155 4700 3335 4755 αὐτῶν
3360 4702 3607 4757 σύνθεσιν
3646 4720 3659 4733 ·
3697 4705 3753 4758 τί

2165 4783 2274 4855 γὰρ
2305 4784 2432 4839 ἄλλο
2476 4786 2605 4841 τάδε
2658 4790 2753 4843 καὶ
2784 4791 2923 4860 μετὰ
2953 4792 3053 4865 τὴν
3082 4794 3319 4867 οὐσιώδη
3341 4795 3559 4861 ἕνωσιν,
3592 4798 3642 4850 εί
3675 4800 3751 4869 μὴ

2168 4875 2387 4947 σίδηρος
2442 4881 2876 4951 πεπυρωμένος,
2912 4885 3008 4939 καὶ
3040 4887 3209 4949 πόκος
3244 4888 3628 4959 ὴματωμένος,
3656 4889 3751 4943 δύο

2166 4981 2226 5017 τε
2259 4964 2451 5033 φύσεις
2480 4966 2779 5036 ὡσαύτως;
2806 4972 2948 5024 Ἀλλ’
2978 4975 3113 5039 ἴστε,
3136 4977 3297 5047 εἰπερ
3322 4976 3575 5030 πείθεσθε
3608 4996 3749 5048 μαν-

2167 5055 2447 5121 θάνοντες,
2509 5058 2587 5124 ὡς
2646 5061 2937 5132 πολλαχῶς
2984 5064 3273 5136 θεωρεῖται
3324 5070 3421 5122 καὶ
3462 5067 3749 5140 λέγεταιὴ

2165 5148 2369 5220 φυσικὴ
2415 5150 2614 5215 ἓνωσις
2637 5169 2649 5184 ·
2682 5155 2715 5223 ὴ
2776 5155 2876 5226 μὲν
2909 5159 3017 5227 γὰρ
3051 5157 3274 5226 λέγεται
3304 5160 3512 5232 φυσικὴ
3553 5160 3749 5226 ἓνωσις

2164 5238 2342 5293 ἄλλων
2365 5240 2529 5293 τινῶν
2552 5243 2647 5296 καὶ
2671 5244 2731 5297 οὐ
2763 5244 2978 5316 φύσεων
3008 5244 3145 5303 οὖσα
3169 5267 3182 5280 ·
3215 5252 3358 5306 κατά
3373 5268 3495 5306 τινα
3531 5252 3631 5323 μέν
3662 5270 3749 5307 ται

2165 5330 2353 5397 φύσιν,
2409 5330 2605 5397 ἓνωσις
2630 5350 2643 5363 ·
2683 5334 2804 5406 ἅμα
2835 5337 2890 5390 δὲ
2945 5338 3040 5392 καὶ
3071 5342 3289 5409 φύσεως
3320 5342 3570 5396 οὑσιώδει
3603 5343 3748 5415 λόγῳ

2162 5419 2336 5489 αὐτῆς
2362 5421 2464 5489 τὴν
2493 5421 2690 5475 ἕνωσιν
2721 5425 2890 5479 τῶνδε
2919 5427 3205 5496 ὑφιστῶσα
3229 5445 3243 5458 °
3276 5424 3390 5482 οἷον
3420 5432 3453 5501 ἡ
3485 5429 3605 5484 θεία
3640 5432 3744 5500 φύ-

2164 5529 2250 5574 σις
2278 5511 2387 5566 τῶν
2422 5512 2582 5567 θείων
2612 5514 2986 5584 ὑποστάσεων,
3049 5522 3145 5573 καλ.
3174 5522 3207 5591 ἡ
3233 5521 3335 5591 τῆς
3374 5522 3554 5592 ψυχῆς
3585 5522 3748 5590 φύσις

2162 5604 2257 5655 ἐπὶ
2278 5603 2387 5656 τῶν
2416 5603 2668 5674 ψυχικῶν
2697 5608 3001 5680 δυνάμεων,
3057 5614 3152 5666 καὶ
3176 5613 3208 5682 ἡ
3248 5612 3344 5665 τοῦ
3374 5614 3546 5686 πυρὸς
3582 5614 3745 5684 φύσις

2162 5695 2271 5749 τῶν
2334 5697 2612 5752 οὐσιωδῶν
2643 5700 2812 5754 αὐτοῦ
2871 5704 3199 5774 ποιοτήτων.
3219 5704 3413 5778 Ἑτέρα
3438 5707 3495 5760 δὲ
3527 5706 3745 5773 λέγεται

2164 5787 2374 5859 φυσικὴ
2396 5789 2613 5855 ἒνωσις,
2644 5791 2678 5864 ἦ
2705 5794 2845 5847 κατὰ
2878 5794 2940 5847 τὸ
2974 5796 3207 5864 φυσικὸν
3231 5793 3371 5861 εἶδος
3400 5798 3510 5851 τῶν
3552 5797 3741 5868 διαφόο

2165 5900 2275 5951 ρων
2301 5883 2656 5939 ὑποστάσεων
2675 5886 2935 5956 ὁμοίωσις
2959 5903 2972 5916 ο
3003 5883 3118 5941 οἷον
3146 5889 3379 5958 ἀγγέλου
3406 5890 3544 5963 πρὸς
3572 5890 3743 5958 ἄγγε-
