  <div class='ocr_page' id='page_1' title='image "/cluster/home/n/w/nwhite01/storage/ocr_20150623/86:pt.1/coo.31924054869874/752.png"; bbox 0 0 4116 6458; ppageno 0'>
   <div class='ocr_carea' id='block_1_1' title="bbox 411 404 546 472">
    <p class='ocr_par' dir='ltr' id='par_1_1' title="bbox 411 404 546 472">
     <span class='ocr_line' id='line_1_1' title="bbox 411 404 546 472; baseline 0.015 -2"><span class='ocrx_word' id='word_1_1' title='bbox 411 404 546 472; x_wconf 75' lang='lat' dir='ltr'><strong>H89</strong></span> 
     </span>
    </p>
   </div>
   <div class='ocr_carea' id='block_1_2' title="bbox 1380 416 2737 491">
    <p class='ocr_par' dir='ltr' id='par_1_2' title="bbox 1380 416 2737 491">
     <span class='ocr_line' id='line_1_2' title="bbox 1380 416 2737 491; baseline 0.009 -13"><span class='ocrx_word' id='word_1_2' title='bbox 1380 416 1778 481; x_wconf 80' lang='lat' dir='ltr'><strong>ADVERSUS</strong></span> <span class='ocrx_word' id='word_1_3' title='bbox 1814 419 2362 488; x_wconf 68' lang='lat' dir='ltr'><strong>NESTORIANOS.</strong></span> <span class='ocrx_word' id='word_1_4' title='bbox 2389 454 2459 464; x_wconf 89' lang='lat'><strong>—</strong></span> <span class='ocrx_word' id='word_1_5' title='bbox 2496 429 2642 491; x_wconf 80' lang='lat' dir='ltr'><strong>LIB.</strong></span> <span class='ocrx_word' id='word_1_6' title='bbox 2687 430 2737 490; x_wconf 73' lang='lat' dir='ltr'><strong>I.</strong></span> 
     </span>
    </p>
   </div>
   <div class='ocr_carea' id='block_1_3' title="bbox 3532 432 3667 497">
    <p class='ocr_par' dir='ltr' id='par_1_3' title="bbox 3532 432 3667 497">
     <span class='ocr_line' id='line_1_3' title="bbox 3532 432 3667 497; baseline 0.022 -4"><span class='ocrx_word' id='word_1_7' title='bbox 3532 432 3667 497; x_wconf 66' lang='lat' dir='ltr'><strong>Ulli)</strong></span> 
     </span>
    </p>
   </div>
   <div class='ocr_carea' id='block_1_4' title="bbox 379 521 1982 614">
    <p class='ocr_par' dir='ltr' id='par_1_4' title="bbox 379 521 1981 603">
     <span class='ocr_line' id='line_1_4' title="bbox 379 521 1981 603; baseline 0.007 -28"><span class='ocrx_word' id='word_1_8' title='bbox 379 523 519 580; x_wconf 78' lang='grc' dir='ltr'>ιλον.</span> <span class='ocrx_word' id='word_1_9' title='bbox 559 521 656 578; x_wconf 74' lang='grc' dir='ltr'><strong>καὶ</strong></span> <span class='ocrx_word' id='word_1_10' title='bbox 712 523 883 577; x_wconf 78' lang='grc' dir='ltr'>τππου</span> <span class='ocrx_word' id='word_1_11' title='bbox 914 523 1055 596; x_wconf 69' lang='grc' dir='ltr'>πρὸς</span> <span class='ocrx_word' id='word_1_12' title='bbox 1085 524 1252 580; x_wconf 78' lang='grc' dir='ltr'>ῑππον</span> <span class='ocrx_word' id='word_1_13' title='bbox 1284 541 1298 559; x_wconf 74' lang='grc' dir='ltr'><strong><em>ο</em></strong></span> <span class='ocrx_word' id='word_1_14' title='bbox 1319 529 1498 598; x_wconf 44' lang='grc' dir='ltr'>,ἑτέρα</span> <span class='ocrx_word' id='word_1_15' title='bbox 1526 531 1583 584; x_wconf 84' lang='grc' dir='ltr'><strong>δέ</strong></span> <span class='ocrx_word' id='word_1_16' title='bbox 1615 533 1730 585; x_wconf 80' lang='grc' dir='ltr'>ἐστι</span> <span class='ocrx_word' id='word_1_17' title='bbox 1773 534 1981 603; x_wconf 82' lang='grc' dir='ltr'>φυσικὴ</span> 
     </span>
    </p>
   </div>
   <div class='ocr_carea' id='block_1_5' title="bbox 2086 521 3670 614">
    <p class='ocr_par' dir='ltr' id='par_1_5' title="bbox 2087 538 3670 614">
     <span class='ocr_line' id='line_1_5' title="bbox 2087 538 3670 614; baseline 0.007 -24"><span class='ocrx_word' id='word_1_18' title='bbox 2087 538 2322 605; x_wconf 78' lang='lat' dir='ltr'><strong>Speciem</strong></span> <span class='ocrx_word' id='word_1_19' title='bbox 2347 579 2362 603; x_wconf 94' lang='lat'><strong>,</strong></span> <span class='ocrx_word' id='word_1_20' title='bbox 2391 556 2748 610; x_wconf 89' lang='lat' dir='ltr'><strong>personarum</strong></span> <span class='ocrx_word' id='word_1_21' title='bbox 2773 540 3140 606; x_wconf 81' lang='lat' dir='ltr'><strong>diversarum,</strong></span> <span class='ocrx_word' id='word_1_22' title='bbox 3173 550 3234 598; x_wconf 76' lang='lat' dir='ltr'><strong>u‘t</strong></span> <span class='ocrx_word' id='word_1_23' title='bbox 3267 544 3443 614; x_wconf 78' lang='lat' dir='ltr'><strong>angeli</strong></span> <span class='ocrx_word' id='word_1_24' title='bbox 3474 545 3541 599; x_wconf 90' lang='lat' dir='ltr'><strong>ad</strong></span> <span class='ocrx_word' id='word_1_25' title='bbox 3568 562 3670 600; x_wconf 90' lang='lat' dir='ltr'><strong>an-</strong></span> 
     </span>
    </p>
   </div>
   <div class='ocr_carea' id='block_1_6' title="bbox 401 615 1982 695">
    <p class='ocr_par' dir='ltr' id='par_1_6' title="bbox 401 615 1982 695">
     <span class='ocr_line' id='line_1_6' title="bbox 401 615 1982 695; baseline 0.008 -27"><span class='ocrx_word' id='word_1_26' title='bbox 401 615 632 679; x_wconf 72' lang='grc' dir='ltr'>ενωσις,</span> <span class='ocrx_word' id='word_1_27' title='bbox 695 617 729 686; x_wconf 80' lang='grc' dir='ltr'>ἡ</span> <span class='ocrx_word' id='word_1_28' title='bbox 773 615 1046 689; x_wconf 83' lang='grc' dir='ltr'>διαφόρων</span> <span class='ocrx_word' id='word_1_29' title='bbox 1093 617 1309 688; x_wconf 78' lang='grc' dir='ltr'><strong>φύσεων</strong></span> <span class='ocrx_word' id='word_1_30' title='bbox 1361 621 1443 684; x_wconf 88' lang='grc' dir='ltr'><strong>είς</strong></span> <span class='ocrx_word' id='word_1_31' title='bbox 1509 622 1728 692; x_wconf 85' lang='grc' dir='ltr'>φύσεως</span> <span class='ocrx_word' id='word_1_32' title='bbox 1788 625 1982 695; x_wconf 86' lang='grc' dir='ltr'>γέννη-</span> 
     </span>
    </p>
   </div>
   <div class='ocr_carea' id='block_1_7' title="bbox 405 709 1982 792">
    <p class='ocr_par' dir='ltr' id='par_1_7' title="bbox 405 709 1982 792">
     <span class='ocr_line' id='line_1_7' title="bbox 405 709 1982 792; baseline 0.009 -30"><span class='ocrx_word' id='word_1_33' title='bbox 405 725 490 762; x_wconf 97' lang='grc' dir='ltr'><strong>σιν</strong></span> <span class='ocrx_word' id='word_1_34' title='bbox 542 709 870 782; x_wconf 78' lang='grc' dir='ltr'><strong>καινοτέρας</strong></span> <span class='ocrx_word' id='word_1_35' title='bbox 930 710 1282 777; x_wconf 74' lang='grc' dir='ltr'><strong>συνέλευσις·</strong></span> <span class='ocrx_word' id='word_1_36' title='bbox 1339 715 1530 788; x_wconf 83' lang='grc' dir='ltr'>ὥσπερ</span> <span class='ocrx_word' id='word_1_37' title='bbox 1583 720 1618 789; x_wconf 78' lang='grc' dir='ltr'>ἡ</span> <span class='ocrx_word' id='word_1_38' title='bbox 1669 719 1769 790; x_wconf 86' lang='grc' dir='ltr'>τῆς</span> <span class='ocrx_word' id='word_1_39' title='bbox 1801 720 1982 792; x_wconf 82' lang='grc' dir='ltr'>ψυχῆς</span> 
     </span>
    </p>
   </div>
   <div class='ocr_carea' id='block_1_8' title="bbox 402 799 1980 879">
    <p class='ocr_par' dir='ltr' id='par_1_8' title="bbox 402 799 1980 879">
     <span class='ocr_line' id='line_1_8' title="bbox 402 799 1980 879; baseline 0.006 -26"><span class='ocrx_word' id='word_1_40' title='bbox 402 800 498 854; x_wconf 78' lang='grc' dir='ltr'>καὶ</span> <span class='ocrx_word' id='word_1_41' title='bbox 549 799 648 855; x_wconf 88' lang='grc' dir='ltr'><strong>τοῦ</strong></span> <span class='ocrx_word' id='word_1_42' title='bbox 705 800 958 870; x_wconf 86' lang='grc' dir='ltr'>σώματος</span> <span class='ocrx_word' id='word_1_43' title='bbox 1022 803 1226 872; x_wconf 76' lang='grc' dir='ltr'>φύσις,</span> <span class='ocrx_word' id='word_1_44' title='bbox 1297 807 1378 869; x_wconf 83' lang='grc' dir='ltr'><strong>εἰς</strong></span> <span class='ocrx_word' id='word_1_45' title='bbox 1426 807 1715 879; x_wconf 79' lang='grc' dir='ltr'>ἀνθρώπου</span> <span class='ocrx_word' id='word_1_46' title='bbox 1787 810 1980 878; x_wconf 83' lang='grc' dir='ltr'>φύσιν,</span> 
     </span>
    </p>
   </div>
   <div class='ocr_carea' id='block_1_9' title="bbox 404 891 1984 972">
    <p class='ocr_par' dir='ltr' id='par_1_9' title="bbox 404 891 1984 972">
     <span class='ocr_line' id='line_1_9' title="bbox 404 891 1984 972; baseline 0.007 -26"><span class='ocrx_word' id='word_1_47' title='bbox 404 891 502 946; x_wconf 79' lang='grc' dir='ltr'>καὶ</span> <span class='ocrx_word' id='word_1_48' title='bbox 573 891 687 946; x_wconf 86' lang='grc' dir='ltr'><strong>τῶν</strong></span> <span class='ocrx_word' id='word_1_49' title='bbox 745 892 787 946; x_wconf 83' lang='grc' dir='ltr'>δ’</span> <span class='ocrx_word' id='word_1_50' title='bbox 840 894 1123 965; x_wconf 82' lang='grc' dir='ltr'><strong>στοιχείων</strong></span> <span class='ocrx_word' id='word_1_51' title='bbox 1198 902 1281 961; x_wconf 84' lang='grc' dir='ltr'><strong>είς</strong></span> <span class='ocrx_word' id='word_1_52' title='bbox 1367 900 1569 972; x_wconf 74' lang='grc' dir='ltr'>σαρκὸς</span> <span class='ocrx_word' id='word_1_53' title='bbox 1633 902 1820 971; x_wconf 83' lang='grc' dir='ltr'>φύσιν,</span> <span class='ocrx_word' id='word_1_54' title='bbox 1888 903 1984 957; x_wconf 77' lang='grc' dir='ltr'>καὶ</span> 
     </span>
    </p>
   </div>
   <div class='ocr_carea' id='block_1_10' title="bbox 400 985 1983 1065">
    <p class='ocr_par' dir='ltr' id='par_1_10' title="bbox 400 985 1983 1065">
     <span class='ocr_line' id='line_1_10' title="bbox 400 985 1983 1065; baseline 0.008 -28"><span class='ocrx_word' id='word_1_55' title='bbox 400 985 664 1039; x_wconf 77' lang='grc' dir='ltr'>πλειόνων</span> <span class='ocrx_word' id='word_1_56' title='bbox 698 985 847 1038; x_wconf 87' lang='grc' dir='ltr'>ποῶν</span> <span class='ocrx_word' id='word_1_57' title='bbox 876 988 956 1049; x_wconf 84' lang='grc' dir='ltr'>εἰς</span> <span class='ocrx_word' id='word_1_58' title='bbox 984 987 1339 1060; x_wconf 81' lang='grc' dir='ltr'>ὲμπλάστρου</span> <span class='ocrx_word' id='word_1_59' title='bbox 1372 990 1538 1059; x_wconf 85' lang='grc' dir='ltr'>φύσιν</span> <span class='ocrx_word' id='word_1_60' title='bbox 1570 1011 1585 1026; x_wconf 80' lang='grc' dir='ltr'><strong><em>ο</em></strong></span> <span class='ocrx_word' id='word_1_61' title='bbox 1615 995 1740 1065; x_wconf 79' lang='grc' dir='ltr'>ἥτις</span> <span class='ocrx_word' id='word_1_62' title='bbox 1770 995 1864 1048; x_wconf 80' lang='grc' dir='ltr'>καὶ</span> <span class='ocrx_word' id='word_1_63' title='bbox 1895 995 1983 1050; x_wconf 90' lang='grc' dir='ltr'>λέ-</span> 
     </span>
    </p>
   </div>
   <div class='ocr_carea' id='block_1_11' title="bbox 399 1075 1979 1157">
    <p class='ocr_par' dir='ltr' id='par_1_11' title="bbox 399 1075 1979 1157">
     <span class='ocr_line' id='line_1_11' title="bbox 399 1075 1979 1157; baseline 0.007 -28"><span class='ocrx_word' id='word_1_64' title='bbox 399 1093 558 1144; x_wconf 81' lang='grc' dir='ltr'>γεται</span> <span class='ocrx_word' id='word_1_65' title='bbox 587 1075 1159 1151; x_wconf 82' lang='grc' dir='ltr'>δημιουργική.Ἀλλη</span> <span class='ocrx_word' id='word_1_66' title='bbox 1191 1080 1250 1134; x_wconf 86' lang='grc' dir='ltr'>δὲ</span> <span class='ocrx_word' id='word_1_67' title='bbox 1279 1081 1499 1151; x_wconf 83' lang='grc' dir='ltr'>λέγεται</span> <span class='ocrx_word' id='word_1_68' title='bbox 1528 1085 1739 1157; x_wconf 71' lang='grc' dir='ltr'>φυσικὴ</span> <span class='ocrx_word' id='word_1_69' title='bbox 1761 1085 1979 1150; x_wconf 79' lang='grc' dir='ltr'>ἒνωσις,</span> 
     </span>
    </p>
   </div>
   <div class='ocr_carea' id='block_1_12' title="bbox 401 1167 1978 1250">
    <p class='ocr_par' dir='ltr' id='par_1_12' title="bbox 401 1167 1978 1250">
     <span class='ocr_line' id='line_1_12' title="bbox 401 1167 1978 1250; baseline 0.006 -29"><span class='ocrx_word' id='word_1_70' title='bbox 401 1170 435 1238; x_wconf 79' lang='grc' dir='ltr'>ἡ</span> <span class='ocrx_word' id='word_1_71' title='bbox 467 1167 593 1221; x_wconf 79' lang='grc' dir='ltr'>καθ’</span> <span class='ocrx_word' id='word_1_72' title='bbox 632 1168 935 1225; x_wconf 81' lang='grc' dir='ltr'>ὑπόστασιν</span> <span class='ocrx_word' id='word_1_73' title='bbox 960 1169 1091 1240; x_wconf 87' lang='grc' dir='ltr'>μίαν</span> <span class='ocrx_word' id='word_1_74' title='bbox 1128 1172 1394 1228; x_wconf 83' lang='grc' dir='ltr'>πλειόνων</span> <span class='ocrx_word' id='word_1_75' title='bbox 1433 1174 1652 1245; x_wconf 82' lang='grc' dir='ltr'>φύσεων</span> <span class='ocrx_word' id='word_1_76' title='bbox 1699 1177 1978 1250; x_wconf 80' lang='grc' dir='ltr'>συνδρομὴ</span> 
     </span>
    </p>
   </div>
   <div class='ocr_carea' id='block_1_13' title="bbox 401 1259 1981 1342">
    <p class='ocr_par' dir='ltr' id='par_1_13' title="bbox 401 1259 1981 1342">
     <span class='ocr_line' id='line_1_13' title="bbox 401 1259 1981 1342; baseline 0.007 -27"><span class='ocrx_word' id='word_1_77' title='bbox 401 1263 497 1316; x_wconf 80' lang='grc' dir='ltr'>καὶ</span> <span class='ocrx_word' id='word_1_78' title='bbox 546 1264 626 1325; x_wconf 84' lang='grc' dir='ltr'><strong>είς</strong></span> <span class='ocrx_word' id='word_1_79' title='bbox 647 1261 814 1332; x_wconf 78' lang='grc' dir='ltr'>φύσιν</span> <span class='ocrx_word' id='word_1_80' title='bbox 839 1264 989 1334; x_wconf 85' lang='grc' dir='ltr'>μίαν·</span> <span class='ocrx_word' id='word_1_81' title='bbox 1013 1259 1124 1319; x_wconf 69' lang='grc' dir='ltr'>οἷον</span> <span class='ocrx_word' id='word_1_82' title='bbox 1140 1268 1173 1336; x_wconf 83' lang='grc' dir='ltr'>ἡ</span> <span class='ocrx_word' id='word_1_83' title='bbox 1196 1267 1290 1320; x_wconf 90' lang='grc' dir='ltr'><strong>τοῦ</strong></span> <span class='ocrx_word' id='word_1_84' title='bbox 1307 1269 1449 1323; x_wconf 83' lang='grc' dir='ltr'>κατὰ</span> <span class='ocrx_word' id='word_1_85' title='bbox 1473 1269 1630 1340; x_wconf 82' lang='grc' dir='ltr'>τήνδε</span> <span class='ocrx_word' id='word_1_86' title='bbox 1649 1271 1747 1341; x_wconf 84' lang='grc' dir='ltr'>τὴν</span> <span class='ocrx_word' id='word_1_87' title='bbox 1768 1271 1981 1342; x_wconf 80' lang='grc' dir='ltr'><strong>ἡμέραν</strong></span> 
     </span>
    </p>
   </div>
   <div class='ocr_carea' id='block_1_14' title="bbox 402 1352 1978 1432">
    <p class='ocr_par' dir='ltr' id='par_1_14' title="bbox 402 1352 1978 1432">
     <span class='ocr_line' id='line_1_14' title="bbox 402 1352 1978 1432; baseline 0.008 -28"><span class='ocrx_word' id='word_1_88' title='bbox 402 1352 580 1422; x_wconf 81' lang='grc' dir='ltr'>φωτὸς</span> <span class='ocrx_word' id='word_1_89' title='bbox 634 1353 732 1407; x_wconf 78' lang='grc' dir='ltr'>καὶ</span> <span class='ocrx_word' id='word_1_90' title='bbox 761 1353 923 1424; x_wconf 81' lang='grc' dir='ltr'><strong>ἀέρος</strong></span> <span class='ocrx_word' id='word_1_91' title='bbox 966 1355 1074 1409; x_wconf 85' lang='grc' dir='ltr'><strong>τῶν</strong></span> <span class='ocrx_word' id='word_1_92' title='bbox 1115 1356 1333 1426; x_wconf 82' lang='grc' dir='ltr'>φύσεων</span> <span class='ocrx_word' id='word_1_93' title='bbox 1379 1360 1668 1432; x_wconf 83' lang='grc' dir='ltr'>συμπλοκή</span> <span class='ocrx_word' id='word_1_94' title='bbox 1700 1378 1713 1392; x_wconf 88' lang='grc'><strong>·</strong></span> <span class='ocrx_word' id='word_1_95' title='bbox 1751 1361 1847 1416; x_wconf 80' lang='grc' dir='ltr'>καὶ</span> <span class='ocrx_word' id='word_1_96' title='bbox 1881 1363 1978 1416; x_wconf 86' lang='grc' dir='ltr'><strong>τοῦ</strong></span> 
     </span>
    </p>
   </div>
   <div class='ocr_carea' id='block_1_15' title="bbox 403 1439 1980 1522">
    <p class='ocr_par' dir='ltr' id='par_1_15' title="bbox 403 1439 1980 1522">
     <span class='ocr_line' id='line_1_15' title="bbox 403 1439 1980 1522; baseline 0.01 -31"><span class='ocrx_word' id='word_1_97' title='bbox 403 1439 577 1511; x_wconf 76' lang='grc' dir='ltr'>πυρὸς</span> <span class='ocrx_word' id='word_1_98' title='bbox 629 1441 724 1494; x_wconf 76' lang='grc' dir='ltr'>καὶ</span> <span class='ocrx_word' id='word_1_99' title='bbox 775 1443 996 1514; x_wconf 78' lang='grc' dir='ltr'>σιδήρου</span> <span class='ocrx_word' id='word_1_100' title='bbox 1043 1445 1238 1512; x_wconf 71' lang='grc' dir='ltr'>ένωσις</span> <span class='ocrx_word' id='word_1_101' title='bbox 1289 1449 1495 1520; x_wconf 76' lang='grc' dir='ltr'>φυσικὴ</span> <span class='ocrx_word' id='word_1_102' title='bbox 1551 1449 1818 1522; x_wconf 81' lang='grc' dir='ltr'>λεγομένη</span> <span class='ocrx_word' id='word_1_103' title='bbox 1847 1493 1862 1519; x_wconf 91' lang='grc'><strong>,</strong></span> <span class='ocrx_word' id='word_1_104' title='bbox 1903 1453 1980 1518; x_wconf 86' lang='grc' dir='ltr'>ὼς</span> 
     </span>
    </p>
   </div>
   <div class='ocr_carea' id='block_1_16' title="bbox 403 1532 1996 1615">
    <p class='ocr_par' dir='ltr' id='par_1_16' title="bbox 403 1532 1996 1615">
     <span class='ocr_line' id='line_1_16' title="bbox 403 1532 1996 1615; baseline 0.009 -31"><span class='ocrx_word' id='word_1_105' title='bbox 403 1533 546 1585; x_wconf 76' lang='grc' dir='ltr'>κατὰ</span> <span class='ocrx_word' id='word_1_106' title='bbox 575 1532 674 1596; x_wconf 79' lang='grc' dir='ltr'>τὰς</span> <span class='ocrx_word' id='word_1_107' title='bbox 708 1533 902 1602; x_wconf 80' lang='grc' dir='ltr'>φύσεις</span> <span class='ocrx_word' id='word_1_108' title='bbox 937 1537 1119 1593; x_wconf 82' lang='grc' dir='ltr'>αὐτῶν</span> <span class='ocrx_word' id='word_1_109' title='bbox 1151 1539 1244 1592; x_wconf 76' lang='grc' dir='ltr'>καὶ</span> <span class='ocrx_word' id='word_1_110' title='bbox 1273 1540 1334 1593; x_wconf 85' lang='grc' dir='ltr'><strong>οὑ</strong></span> <span class='ocrx_word' id='word_1_111' title='bbox 1368 1542 1514 1594; x_wconf 81' lang='grc' dir='ltr'>κατά</span> <span class='ocrx_word' id='word_1_112' title='bbox 1547 1559 1672 1597; x_wconf 83' lang='grc' dir='ltr'>τινα</span> <span class='ocrx_word' id='word_1_113' title='bbox 1697 1546 1996 1615; x_wconf 44' lang='grc' dir='ltr'>συμϐεὸηι,</span> 
     </span>
    </p>
   </div>
   <div class='ocr_carea' id='block_1_17' title="bbox 405 1623 1982 1710">
    <p class='ocr_par' dir='ltr' id='par_1_17' title="bbox 405 1623 1982 1710">
     <span class='ocr_line' id='line_1_17' title="bbox 405 1623 1982 1710; baseline 0.01 -34"><span class='ocrx_word' id='word_1_114' title='bbox 405 1623 536 1677; x_wconf 85' lang='grc' dir='ltr'>κότα</span> <span class='ocrx_word' id='word_1_115' title='bbox 570 1624 753 1689; x_wconf 77' lang='grc' dir='ltr'>αὐτοῖς</span> <span class='ocrx_word' id='word_1_116' title='bbox 785 1626 922 1681; x_wconf 82' lang='grc' dir='ltr'>οὖσα</span> <span class='ocrx_word' id='word_1_117' title='bbox 953 1627 1150 1710; x_wconf 82' lang='grc' dir='ltr'>ἓνωσις</span> <span class='ocrx_word' id='word_1_118' title='bbox 1195 1631 1396 1688; x_wconf 80' lang='grc' dir='ltr'>αὐτῶν.</span> <span class='ocrx_word' id='word_1_119' title='bbox 1431 1633 1555 1698; x_wconf 88' lang='grc' dir='ltr'>Πῶς</span> <span class='ocrx_word' id='word_1_120' title='bbox 1585 1629 1679 1689; x_wconf 82' lang='grc' dir='ltr'><strong>οῦν</strong></span> <span class='ocrx_word' id='word_1_121' title='bbox 1702 1638 1982 1708; x_wconf 84' lang='grc' dir='ltr'>παρατρέ-</span> 
     </span>
    </p>
   </div>
   <div class='ocr_carea' id='block_1_18' title="bbox 401 1716 1980 1801">
    <p class='ocr_par' dir='ltr' id='par_1_18' title="bbox 401 1716 1980 1801">
     <span class='ocr_line' id='line_1_18' title="bbox 401 1716 1980 1801; baseline 0.011 -34"><span class='ocrx_word' id='word_1_122' title='bbox 401 1733 590 1786; x_wconf 79' lang='grc' dir='ltr'>χοντες</span> <span class='ocrx_word' id='word_1_123' title='bbox 621 1716 696 1788; x_wconf 80' lang='grc' dir='ltr'>μή</span> <span class='ocrx_word' id='word_1_124' title='bbox 753 1720 994 1774; x_wconf 81' lang='grc' dir='ltr'>συνιέναι</span> <span class='ocrx_word' id='word_1_125' title='bbox 1038 1721 1163 1776; x_wconf 80' lang='grc' dir='ltr'>καθ’</span> <span class='ocrx_word' id='word_1_126' title='bbox 1193 1723 1259 1794; x_wconf 75' lang='grc' dir='ltr'>ἢν</span> <span class='ocrx_word' id='word_1_127' title='bbox 1298 1725 1477 1796; x_wconf 85' lang='grc' dir='ltr'>φαμὲν</span> <span class='ocrx_word' id='word_1_128' title='bbox 1509 1725 1706 1780; x_wconf 81' lang='grc' dir='ltr'>ἕνωσιν</span> <span class='ocrx_word' id='word_1_129' title='bbox 1734 1728 1980 1801; x_wconf 65' lang='grc' dir='ltr'>ἒρυσικὴν</span> 
     </span>
    </p>
   </div>
   <div class='ocr_carea' id='block_1_19' title="bbox 396 1805 1976 1892">
    <p class='ocr_par' dir='ltr' id='par_1_19' title="bbox 396 1805 1976 1892">
     <span class='ocr_line' id='line_1_19' title="bbox 396 1805 1976 1892; baseline 0.01 -34"><span class='ocrx_word' id='word_1_130' title='bbox 396 1805 493 1859; x_wconf 82' lang='grc' dir='ltr'><strong>τοῦ</strong></span> <span class='ocrx_word' id='word_1_131' title='bbox 521 1807 697 1876; x_wconf 84' lang='grc' dir='ltr'>Λόγου</span> <span class='ocrx_word' id='word_1_132' title='bbox 728 1811 829 1881; x_wconf 84' lang='grc' dir='ltr'>τὴν</span> <span class='ocrx_word' id='word_1_133' title='bbox 855 1813 1139 1884; x_wconf 79' lang='grc' dir='ltr'>σάρκωσιν</span> <span class='ocrx_word' id='word_1_134' title='bbox 1167 1816 1348 1886; x_wconf 82' lang='grc' dir='ltr'>ἡμεῖς,</span> <span class='ocrx_word' id='word_1_135' title='bbox 1378 1817 1503 1870; x_wconf 75' lang='grc' dir='ltr'>καθ’</span> <span class='ocrx_word' id='word_1_136' title='bbox 1530 1818 1599 1888; x_wconf 77' lang='grc' dir='ltr'>ἢν</span> <span class='ocrx_word' id='word_1_137' title='bbox 1628 1819 1807 1873; x_wconf 75' lang='grc' dir='ltr'>ἄτοπα</span> <span class='ocrx_word' id='word_1_138' title='bbox 1843 1821 1976 1892; x_wconf 84' lang='grc' dir='ltr'>ὑμῖν</span> 
     </span>
    </p>
   </div>
   <div class='ocr_carea' id='block_1_20' title="bbox 2086 629 3670 704">
    <p class='ocr_par' dir='ltr' id='par_1_20' title="bbox 2086 629 3670 704">
     <span class='ocr_line' id='line_1_20' title="bbox 2086 629 3670 704; baseline 0.008 -22"><span class='ocrx_word' id='word_1_139' title='bbox 2086 629 2290 699; x_wconf 80' lang='lat' dir='ltr'><strong>gelum,</strong></span> <span class='ocrx_word' id='word_1_140' title='bbox 2335 631 2464 701; x_wconf 87' lang='lat' dir='ltr'><strong>equi</strong></span> <span class='ocrx_word' id='word_1_141' title='bbox 2506 630 2584 686; x_wconf 87' lang='lat' dir='ltr'><strong>ad&#39;</strong></span> <span class='ocrx_word' id='word_1_142' title='bbox 2619 648 2862 702; x_wconf 90' lang='lat' dir='ltr'><strong>equum;</strong></span> <span class='ocrx_word' id='word_1_143' title='bbox 2917 634 3090 688; x_wconf 89' lang='lat' dir='ltr'><strong>altera</strong></span> <span class='ocrx_word' id='word_1_144' title='bbox 3137 650 3360 704; x_wconf 92' lang='lat' dir='ltr'><strong>quoque</strong></span> <span class='ocrx_word' id='word_1_145' title='bbox 3399 639 3670 696; x_wconf 77' lang='lat' dir='ltr'><strong>naturalis</strong></span> 
     </span>
    </p>
   </div>
   <div class='ocr_carea' id='block_1_21' title="bbox 2086 721 3666 786">
    <p class='ocr_par' dir='ltr' id='par_1_21' title="bbox 2086 721 3666 786">
     <span class='ocr_line' id='line_1_21' title="bbox 2086 721 3666 786; baseline 0.006 -13"><span class='ocrx_word' id='word_1_146' title='bbox 2086 721 2243 786; x_wconf 92' lang='lat' dir='ltr'><strong>unio,</strong></span> <span class='ocrx_word' id='word_1_147' title='bbox 2275 724 2664 779; x_wconf 74' lang='lat' dir='ltr'><strong>concurrentia</strong></span> <span class='ocrx_word' id='word_1_148' title='bbox 2698 725 2914 780; x_wconf 92' lang='lat' dir='ltr'><strong>scilicet</strong></span> <span class='ocrx_word' id='word_1_149' title='bbox 2955 725 3300 781; x_wconf 85' lang='lat' dir='ltr'><strong>diversarum</strong></span> <span class='ocrx_word' id='word_1_150' title='bbox 3339 736 3666 782; x_wconf 86' lang='lat' dir='ltr'><strong>naturarum</strong></span> 
     </span>
    </p>
   </div>
   <div class='ocr_carea' id='block_1_22' title="bbox 2085 810 3666 884">
    <p class='ocr_par' dir='ltr' id='par_1_22' title="bbox 2085 810 3666 884">
     <span class='ocr_line' id='line_1_22' title="bbox 2085 810 3666 884; baseline 0.004 -21"><span class='ocrx_word' id='word_1_151' title='bbox 2085 810 2152 864; x_wconf 81' lang='lat' dir='ltr'><strong>ad</strong></span> <span class='ocrx_word' id='word_1_152' title='bbox 2185 811 2604 880; x_wconf 83' lang='lat' dir='ltr'><strong>productionem</strong></span> <span class='ocrx_word' id='word_1_153' title='bbox 2635 813 2918 884; x_wconf 79' lang='lat' dir='ltr'><strong>cujusdam</strong></span> <span class='ocrx_word' id='word_1_154' title='bbox 2947 829 3103 869; x_wconf 73' lang='lat' dir='ltr'><strong>nova:</strong></span> <span class='ocrx_word' id='word_1_155' title='bbox 3125 824 3354 878; x_wconf 76' lang='lat' dir='ltr'><strong>natum,</strong></span> <span class='ocrx_word' id='word_1_156' title='bbox 3378 815 3522 870; x_wconf 86' lang='lat' dir='ltr'><strong>sicut</strong></span> <span class='ocrx_word' id='word_1_157' title='bbox 3551 816 3666 870; x_wconf 87' lang='lat' dir='ltr'><strong>ani-</strong></span> 
     </span>
    </p>
   </div>
   <div class='ocr_carea' id='block_1_23' title="bbox 2086 905 3664 973">
    <p class='ocr_par' dir='ltr' id='par_1_23' title="bbox 2086 905 3664 973">
     <span class='ocr_line' id='line_1_23' title="bbox 2086 905 3664 973; baseline 0.003 -18"><span class='ocrx_word' id='word_1_158' title='bbox 2086 917 2188 956; x_wconf 72' lang='lat' dir='ltr'><strong>mze</strong></span> <span class='ocrx_word' id='word_1_159' title='bbox 2215 910 2272 956; x_wconf 92' lang='lat' dir='ltr'><strong>et</strong></span> <span class='ocrx_word' id='word_1_160' title='bbox 2297 905 2547 973; x_wconf 89' lang='lat' dir='ltr'><strong>corporis</strong></span> <span class='ocrx_word' id='word_1_161' title='bbox 2573 913 2769 960; x_wconf 86' lang='lat' dir='ltr'><strong>natura</strong></span> <span class='ocrx_word' id='word_1_162' title='bbox 2797 905 2866 960; x_wconf 89' lang='lat' dir='ltr'><strong>ad</strong></span> <span class='ocrx_word' id='word_1_163' title='bbox 2889 906 3130 962; x_wconf 87' lang='lat' dir='ltr'><strong>hominis</strong></span> <span class='ocrx_word' id='word_1_164' title='bbox 3163 915 3415 960; x_wconf 83' lang='lat' dir='ltr'><strong>naturam</strong></span> <span class='ocrx_word' id='word_1_165' title='bbox 3453 908 3664 962; x_wconf 88' lang='lat' dir='ltr'><strong>consti-</strong></span> 
     </span>
    </p>
   </div>
   <div class='ocr_carea' id='block_1_24' title="bbox 2087 993 3666 1066">
    <p class='ocr_par' dir='ltr' id='par_1_24' title="bbox 2087 993 3666 1066">
     <span class='ocr_line' id='line_1_24' title="bbox 2087 993 3666 1066; baseline 0.002 -20"><span class='ocrx_word' id='word_1_166' title='bbox 2087 993 2368 1060; x_wconf 85' lang='lat' dir='ltr'><strong>tuendam,</strong></span> <span class='ocrx_word' id='word_1_167' title='bbox 2396 1004 2452 1050; x_wconf 89' lang='lat' dir='ltr'><strong>et</strong></span> <span class='ocrx_word' id='word_1_168' title='bbox 2475 1003 2714 1066; x_wconf 88' lang='lat' dir='ltr'><strong>quatuor</strong></span> <span class='ocrx_word' id='word_1_169' title='bbox 2743 997 3145 1052; x_wconf 85' lang='lat' dir='ltr'><strong>elementorum</strong></span> <span class='ocrx_word' id='word_1_170' title='bbox 3173 997 3241 1051; x_wconf 89' lang='lat' dir='ltr'><strong>ad</strong></span> <span class='ocrx_word' id='word_1_171' title='bbox 3282 997 3468 1052; x_wconf 83' lang='lat' dir='ltr'><strong>carnis</strong></span> <span class='ocrx_word' id='word_1_172' title='bbox 3499 1007 3666 1050; x_wconf 80' lang='lat' dir='ltr'><strong>natu-</strong></span> 
     </span>
    </p>
   </div>
   <div class='ocr_carea' id='block_1_25' title="bbox 2086 1089 3654 1160">
    <p class='ocr_par' dir='ltr' id='par_1_25' title="bbox 2086 1089 3654 1160">
     <span class='ocr_line' id='line_1_25' title="bbox 2086 1089 3654 1160; baseline 0.001 -20"><span class='ocrx_word' id='word_1_173' title='bbox 2086 1102 2224 1152; x_wconf 91' lang='lat' dir='ltr'><strong>ram,</strong></span> <span class='ocrx_word' id='word_1_174' title='bbox 2246 1096 2302 1142; x_wconf 92' lang='lat' dir='ltr'><strong>et</strong></span> <span class='ocrx_word' id='word_1_175' title='bbox 2327 1089 2566 1157; x_wconf 90' lang='lat' dir='ltr'><strong>plurium</strong></span> <span class='ocrx_word' id='word_1_176' title='bbox 2591 1089 2886 1144; x_wconf 87' lang='lat' dir='ltr'><strong>herbarum</strong></span> <span class='ocrx_word' id='word_1_177' title='bbox 2917 1089 2985 1144; x_wconf 88' lang='lat' dir='ltr'><strong>ad</strong></span> <span class='ocrx_word' id='word_1_178' title='bbox 3028 1090 3312 1160; x_wconf 83' lang='lat' dir='ltr'><strong>emplastri</strong></span> <span class='ocrx_word' id='word_1_179' title='bbox 3352 1099 3606 1144; x_wconf 91' lang='lat' dir='ltr'><strong>naturam</strong></span> <span class='ocrx_word' id='word_1_180' title='bbox 3641 1107 3654 1142; x_wconf 92' lang='lat'><strong>:</strong></span> 
     </span>
    </p>
   </div>
   <div class='ocr_carea' id='block_1_26' title="bbox 2083 1178 3666 1248">
    <p class='ocr_par' dir='ltr' id='par_1_26' title="bbox 2083 1178 3666 1248">
     <span class='ocr_line' id='line_1_26' title="bbox 2083 1178 3666 1248; baseline 0 -17"><span class='ocrx_word' id='word_1_181' title='bbox 2083 1193 2204 1248; x_wconf 66' lang='lat' dir='ltr'><strong>quae</strong></span> <span class='ocrx_word' id='word_1_182' title='bbox 2239 1178 2369 1234; x_wconf 92' lang='lat' dir='ltr'><strong>unio</strong></span> <span class='ocrx_word' id='word_1_183' title='bbox 2410 1179 2616 1233; x_wconf 89' lang='lat' dir='ltr'><strong>dicitur</strong></span> <span class='ocrx_word' id='word_1_184' title='bbox 2656 1181 3051 1245; x_wconf 88' lang='lat' dir='ltr'><strong>constitutiva;</strong></span> <span class='ocrx_word' id='word_1_185' title='bbox 3097 1180 3266 1234; x_wconf 89' lang='lat' dir='ltr'><strong>altera</strong></span> <span class='ocrx_word' id='word_1_186' title='bbox 3297 1195 3430 1234; x_wconf 88' lang='lat' dir='ltr'><strong>vero</strong></span> <span class='ocrx_word' id='word_1_187' title='bbox 3459 1178 3666 1233; x_wconf 89' lang='lat' dir='ltr'><strong>dicitur</strong></span> 
     </span>
    </p>
   </div>
   <div class='ocr_carea' id='block_1_27' title="bbox 2082 1270 3662 1341">
    <p class='ocr_par' dir='ltr' id='par_1_27' title="bbox 2082 1270 3662 1341">
     <span class='ocr_line' id='line_1_27' title="bbox 2082 1270 3662 1341; baseline -0.001 -17"><span class='ocrx_word' id='word_1_188' title='bbox 2082 1270 2353 1324; x_wconf 82' lang='lat' dir='ltr'><strong>naturalis</strong></span> <span class='ocrx_word' id='word_1_189' title='bbox 2390 1270 2546 1333; x_wconf 89' lang='lat' dir='ltr'><strong>unio,</strong></span> <span class='ocrx_word' id='word_1_190' title='bbox 2567 1287 2691 1325; x_wconf 94' lang='lat' dir='ltr'><strong>cum</strong></span> <span class='ocrx_word' id='word_1_191' title='bbox 2711 1271 2922 1326; x_wconf 86' lang='lat' dir='ltr'><strong>scilicet</strong></span> <span class='ocrx_word' id='word_1_192' title='bbox 2945 1272 3130 1341; x_wconf 89' lang='lat' dir='ltr'><strong>plures</strong></span> <span class='ocrx_word' id='word_1_193' title='bbox 3167 1279 3377 1325; x_wconf 72' lang='lat' dir='ltr'><strong>natura:</strong></span> <span class='ocrx_word' id='word_1_194' title='bbox 3405 1270 3458 1324; x_wconf 92' lang='lat' dir='ltr'><strong>in</strong></span> <span class='ocrx_word' id='word_1_195' title='bbox 3497 1285 3662 1324; x_wconf 88' lang='lat' dir='ltr'><strong>unam</strong></span> 
     </span>
    </p>
   </div>
   <div class='ocr_carea' id='block_1_28' title="bbox 2082 1361 3666 1433">
    <p class='ocr_par' dir='ltr' id='par_1_28' title="bbox 2082 1361 3666 1433">
     <span class='ocr_line' id='line_1_28' title="bbox 2082 1361 3666 1433; baseline -0.001 -17"><span class='ocrx_word' id='word_1_196' title='bbox 2082 1376 2361 1425; x_wconf 86' lang='lat' dir='ltr'><strong>naturam,</strong></span> <span class='ocrx_word' id='word_1_197' title='bbox 2409 1363 2716 1418; x_wconf 89' lang='lat' dir='ltr'><strong>secundum</strong></span> <span class='ocrx_word' id='word_1_198' title='bbox 2760 1378 3074 1433; x_wconf 87' lang='lat' dir='ltr'><strong>personam,</strong></span> <span class='ocrx_word' id='word_1_199' title='bbox 3130 1363 3468 1423; x_wconf 81' lang='lat' dir='ltr'><strong>coalescunt,</strong></span> <span class='ocrx_word' id='word_1_200' title='bbox 3519 1361 3666 1416; x_wconf 86' lang='lat' dir='ltr'><strong>sicut</strong></span> 
     </span>
    </p>
   </div>
   <div class='ocr_carea' id='block_1_29' title="bbox 2083 1448 3662 1522">
    <p class='ocr_par' dir='ltr' id='par_1_29' title="bbox 2083 1448 3662 1522">
     <span class='ocr_line' id='line_1_29' title="bbox 2083 1448 3662 1522; baseline -0.003 -17"><span class='ocrx_word' id='word_1_201' title='bbox 2083 1452 2398 1522; x_wconf 90' lang='lat' dir='ltr'><strong>conjunctio</strong></span> <span class='ocrx_word' id='word_1_202' title='bbox 2431 1461 2645 1507; x_wconf 65' lang='lat' dir='ltr'><strong>naturae</strong></span> <span class='ocrx_word' id='word_1_203' title='bbox 2696 1450 2838 1506; x_wconf 88' lang='lat' dir='ltr'><strong>lucis</strong></span> <span class='ocrx_word' id='word_1_204' title='bbox 2882 1460 2939 1506; x_wconf 90' lang='lat' dir='ltr'><strong>et</strong></span> <span class='ocrx_word' id='word_1_205' title='bbox 2980 1459 3191 1505; x_wconf 67' lang='lat' dir='ltr'><strong>naturae</strong></span> <span class='ocrx_word' id='word_1_206' title='bbox 3217 1450 3367 1505; x_wconf 82' lang='lat' dir='ltr'><strong>aeris</strong></span> <span class='ocrx_word' id='word_1_207' title='bbox 3409 1449 3476 1502; x_wconf 90' lang='lat' dir='ltr'><strong>ad</strong></span> <span class='ocrx_word' id='word_1_208' title='bbox 3517 1448 3662 1503; x_wconf 90' lang='lat' dir='ltr'><strong>diem</strong></span> 
     </span>
    </p>
   </div>
   <div class='ocr_carea' id='block_1_30' title="bbox 2081 1540 3665 1614">
    <p class='ocr_par' dir='ltr' id='par_1_30' title="bbox 2081 1540 3665 1614">
     <span class='ocr_line' id='line_1_30' title="bbox 2081 1540 3665 1614; baseline -0.001 -18"><span class='ocrx_word' id='word_1_209' title='bbox 2081 1543 2530 1612; x_wconf 88' lang='lat' dir='ltr'><strong>producendum;</strong></span> <span class='ocrx_word' id='word_1_210' title='bbox 2563 1543 2704 1614; x_wconf 81' lang='lat' dir='ltr'><strong>ignis</strong></span> <span class='ocrx_word' id='word_1_211' title='bbox 2731 1544 2895 1598; x_wconf 88' lang='lat' dir='ltr'><strong>etiam</strong></span> <span class='ocrx_word' id='word_1_212' title='bbox 2931 1551 2988 1598; x_wconf 92' lang='lat' dir='ltr'><strong>et</strong></span> <span class='ocrx_word' id='word_1_213' title='bbox 3013 1541 3149 1598; x_wconf 88' lang='lat' dir='ltr'><strong>ferri</strong></span> <span class='ocrx_word' id='word_1_214' title='bbox 3171 1541 3436 1596; x_wconf 85' lang='lat' dir='ltr'><strong>naturalis</strong></span> <span class='ocrx_word' id='word_1_215' title='bbox 3460 1540 3665 1594; x_wconf 88' lang='lat' dir='ltr'><strong>dicitur</strong></span> 
     </span>
    </p>
   </div>
   <div class='ocr_carea' id='block_1_31' title="bbox 2084 1631 3660 1704">
    <p class='ocr_par' dir='ltr' id='par_1_31' title="bbox 2084 1631 3660 1704">
     <span class='ocr_line' id='line_1_31' title="bbox 2084 1631 3660 1704; baseline 0 -18"><span class='ocrx_word' id='word_1_216' title='bbox 2084 1633 2236 1698; x_wconf 92' lang='lat' dir='ltr'><strong>unio,</strong></span> <span class='ocrx_word' id='word_1_217' title='bbox 2275 1631 2405 1703; x_wconf 86' lang='lat' dir='ltr'><strong>quia</strong></span> <span class='ocrx_word' id='word_1_218' title='bbox 2435 1634 2514 1698; x_wconf 87' lang='lat' dir='ltr'><strong>fit,</strong></span> <span class='ocrx_word' id='word_1_219' title='bbox 2567 1649 2675 1688; x_wconf 92' lang='lat' dir='ltr'><strong>non</strong></span> <span class='ocrx_word' id='word_1_220' title='bbox 2709 1649 2809 1704; x_wconf 86' lang='lat' dir='ltr'><strong>per</strong></span> <span class='ocrx_word' id='word_1_221' title='bbox 2859 1632 3044 1704; x_wconf 76' lang='lat' dir='ltr'><strong>aliqua</strong></span> <span class='ocrx_word' id='word_1_222' title='bbox 3087 1649 3282 1688; x_wconf 89' lang='lat' dir='ltr'><strong>eorum</strong></span> <span class='ocrx_word' id='word_1_223' title='bbox 3332 1631 3660 1695; x_wconf 80' lang='lat' dir='ltr'><strong>accidentia,</strong></span> 
     </span>
    </p>
   </div>
   <div class='ocr_carea' id='block_1_32' title="bbox 2081 1722 3662 1795">
    <p class='ocr_par' dir='ltr' id='par_1_32' title="bbox 2081 1722 3662 1795">
     <span class='ocr_line' id='line_1_32' title="bbox 2081 1722 3662 1795; baseline -0.002 -16"><span class='ocrx_word' id='word_1_224' title='bbox 2081 1724 2178 1779; x_wconf 91' lang='lat' dir='ltr'><strong>sed</strong></span> <span class='ocrx_word' id='word_1_225' title='bbox 2219 1740 2317 1795; x_wconf 90' lang='lat' dir='ltr'><strong>per</strong></span> <span class='ocrx_word' id='word_1_226' title='bbox 2348 1726 2492 1795; x_wconf 88' lang='lat' dir='ltr'><strong>ipsas</strong></span> <span class='ocrx_word' id='word_1_227' title='bbox 2521 1741 2714 1780; x_wconf 89' lang='lat' dir='ltr'><strong>corum</strong></span> <span class='ocrx_word' id='word_1_228' title='bbox 2747 1733 2972 1779; x_wconf 87' lang='lat' dir='ltr'><strong>naturas</strong></span> <span class='ocrx_word' id='word_1_229' title='bbox 3011 1741 3024 1777; x_wconf 90' lang='lat'><strong>:</strong></span> <span class='ocrx_word' id='word_1_230' title='bbox 3076 1722 3354 1793; x_wconf 89' lang='lat' dir='ltr'><strong>quomodo</strong></span> <span class='ocrx_word' id='word_1_231' title='bbox 3388 1737 3520 1792; x_wconf 90' lang='lat' dir='ltr'><strong>ergo</strong></span> <span class='ocrx_word' id='word_1_232' title='bbox 3572 1738 3662 1777; x_wconf 88' lang='lat' dir='ltr'><strong>re-</strong></span> 
     </span>
    </p>
   </div>
   <div class='ocr_carea' id='block_1_33' title="bbox 2080 1813 3662 1891">
    <p class='ocr_par' dir='ltr' id='par_1_33' title="bbox 2080 1813 3662 1891">
     <span class='ocr_line' id='line_1_33' title="bbox 2080 1813 3662 1891; baseline -0.002 -23"><span class='ocrx_word' id='word_1_233' title='bbox 2080 1825 2315 1891; x_wconf 83' lang='lat' dir='ltr'><strong>nuentes</strong></span> <span class='ocrx_word' id='word_1_234' title='bbox 2341 1815 2648 1886; x_wconf 81' lang='lat' dir='ltr'><strong>intelligere</strong></span> <span class='ocrx_word' id='word_1_235' title='bbox 2686 1814 2990 1870; x_wconf 90' lang='lat' dir='ltr'><strong>secundum</strong></span> <span class='ocrx_word' id='word_1_236' title='bbox 3020 1828 3316 1884; x_wconf 88' lang='lat' dir='ltr'><strong>quamnam</strong></span> <span class='ocrx_word' id='word_1_237' title='bbox 3354 1813 3662 1866; x_wconf 88' lang='lat' dir='ltr'><strong>naturalem</strong></span> 
     </span>
    </p>
   </div>
   <div class='ocr_carea' id='block_1_34' title="bbox 397 1883 1982 1984">
    <p class='ocr_par' dir='ltr' id='par_1_34' title="bbox 397 1883 1975 1984">
     <span class='ocr_line' id='line_1_34' title="bbox 397 1883 1975 1984; baseline 0.01 -34"><span class='ocrx_word' id='word_1_238' title='bbox 397 1900 782 1971; x_wconf 76' lang='grc' dir='ltr'>συρῤἀψουσιν</span> <span class='ocrx_word' id='word_1_239' title='bbox 821 1903 898 1967; x_wconf 83' lang='grc' dir='ltr'>ὡς</span> <span class='ocrx_word' id='word_1_240' title='bbox 934 1883 1042 1959; x_wconf 79' lang='grc' dir='ltr'><strong>καὶ</strong></span> <span class='ocrx_word' id='word_1_241' title='bbox 1072 1883 1568 1979; x_wconf 27' lang='grc' dir='ltr'>τοϊςνΣεϐηρίταις,</span> <span class='ocrx_word' id='word_1_242' title='bbox 1600 1910 1742 1964; x_wconf 87' lang='grc' dir='ltr'>κατά</span> <span class='ocrx_word' id='word_1_243' title='bbox 1770 1883 1975 1984; x_wconf 72' lang='grc' dir='ltr'>ταύτην</span> 
     </span>
    </p>
   </div>
   <div class='ocr_carea' id='block_1_35' title="bbox 2086 1883 3662 1984">
    <p class='ocr_par' dir='ltr' id='par_1_35' title="bbox 2086 1901 3662 1964">
     <span class='ocr_line' id='line_1_35' title="bbox 2086 1901 3662 1964; baseline -0.002 -7"><span class='ocrx_word' id='word_1_244' title='bbox 2086 1905 2342 1961; x_wconf 93' lang='lat' dir='ltr'><strong>unionem</strong></span> <span class='ocrx_word' id='word_1_245' title='bbox 2388 1905 2555 1960; x_wconf 84' lang='lat' dir='ltr'><strong>Verbi</strong></span> <span class='ocrx_word' id='word_1_246' title='bbox 2593 1904 3030 1958; x_wconf 86' lang='lat' dir='ltr'><strong>incarnationem</strong></span> <span class='ocrx_word' id='word_1_247' title='bbox 3081 1901 3432 1964; x_wconf 80' lang='lat' dir='ltr'><strong>confitemur,</strong></span> <span class='ocrx_word' id='word_1_248' title='bbox 3468 1917 3662 1956; x_wconf 86' lang='lat' dir='ltr'><strong>secun-</strong></span> 
     </span>
    </p>
   </div>
   <div class='ocr_carea' id='block_1_36' title="bbox 396 1989 1977 2071">
    <p class='ocr_par' dir='ltr' id='par_1_36' title="bbox 396 1989 1977 2071">
     <span class='ocr_line' id='line_1_36' title="bbox 396 1989 1977 2071; baseline 0.009 -28"><span class='ocrx_word' id='word_1_249' title='bbox 396 1989 704 2062; x_wconf 82' lang='grc' dir='ltr'>ἐνδέχονται</span> <span class='ocrx_word' id='word_1_250' title='bbox 752 1993 874 2048; x_wconf 84' lang='grc' dir='ltr'>τόδε</span> <span class='ocrx_word' id='word_1_251' title='bbox 926 1997 1220 2069; x_wconf 84' lang='grc' dir='ltr'>λεγόμενον</span> <span class='ocrx_word' id='word_1_252' title='bbox 1274 2001 1368 2053; x_wconf 79' lang='grc' dir='ltr'>καὶ</span> <span class='ocrx_word' id='word_1_253' title='bbox 1409 1999 1501 2068; x_wconf 76' lang='grc' dir='ltr'>ὑφ’</span> <span class='ocrx_word' id='word_1_254' title='bbox 1538 2000 1739 2071; x_wconf 76' lang='grc' dir='ltr'>ήμῶνς</span> <span class='ocrx_word' id='word_1_255' title='bbox 1775 2004 1892 2057; x_wconf 83' lang='grc' dir='ltr'>ἀλλ’</span> <span class='ocrx_word' id='word_1_256' title='bbox 1918 2008 1977 2058; x_wconf 82' lang='grc' dir='ltr'>ὲν</span> 
     </span>
    </p>
   </div>
   <div class='ocr_carea' id='block_1_37' title="bbox 394 2083 1978 2168">
    <p class='ocr_par' dir='ltr' id='par_1_37' title="bbox 394 2083 1978 2168">
     <span class='ocr_line' id='line_1_37' title="bbox 394 2083 1978 2168; baseline 0.011 -34"><span class='ocrx_word' id='word_1_257' title='bbox 394 2083 569 2136; x_wconf 81' lang='grc' dir='ltr'>τοῖσδε</span> <span class='ocrx_word' id='word_1_258' title='bbox 626 2085 834 2141; x_wconf 74' lang='grc' dir='ltr'>οὑτωσὶ</span> <span class='ocrx_word' id='word_1_259' title='bbox 885 2090 1315 2162; x_wconf 87' lang='grc' dir='ltr'>καταλελυμένοι</span> <span class='ocrx_word' id='word_1_260' title='bbox 1353 2132 1368 2157; x_wconf 90' lang='grc'><strong>,</strong></span> <span class='ocrx_word' id='word_1_261' title='bbox 1415 2091 1508 2146; x_wconf 82' lang='grc' dir='ltr'><strong>καί</strong></span> <span class='ocrx_word' id='word_1_262' title='bbox 1558 2111 1610 2147; x_wconf 82' lang='grc' dir='ltr'><strong>τι</strong></span> <span class='ocrx_word' id='word_1_263' title='bbox 1676 2094 1978 2168; x_wconf 85' lang='grc' dir='ltr'>δεινότερον</span> 
     </span>
    </p>
   </div>
   <div class='ocr_carea' id='block_1_38' title="bbox 398 2174 1975 2255">
    <p class='ocr_par' dir='ltr' id='par_1_38' title="bbox 398 2174 1975 2255">
     <span class='ocr_line' id='line_1_38' title="bbox 398 2174 1975 2255; baseline 0.01 -29"><span class='ocrx_word' id='word_1_264' title='bbox 398 2174 697 2248; x_wconf 73' lang='grc' dir='ltr'>πρόϐλημα</span> <span class='ocrx_word' id='word_1_265' title='bbox 759 2179 904 2234; x_wconf 82' lang='grc' dir='ltr'>κατὰ</span> <span class='ocrx_word' id='word_1_266' title='bbox 971 2182 1070 2253; x_wconf 82' lang='grc' dir='ltr'><strong>τῆς</strong></span> <span class='ocrx_word' id='word_1_267' title='bbox 1139 2183 1416 2255; x_wconf 72' lang='grc' dir='ltr'>ἡμετέρας</span> <span class='ocrx_word' id='word_1_268' title='bbox 1475 2182 1717 2250; x_wconf 86' lang='grc' dir='ltr'>πίστεως</span> <span class='ocrx_word' id='word_1_269' title='bbox 1771 2188 1975 2242; x_wconf 79' lang='grc' dir='ltr'>τοιόνδε</span> 
     </span>
    </p>
   </div>
   <div class='ocr_carea' id='block_1_39' title="bbox 397 2265 584 2334">
    <p class='ocr_par' dir='ltr' id='par_1_39' title="bbox 397 2265 584 2334">
     <span class='ocr_line' id='line_1_39' title="bbox 397 2265 584 2334; baseline 0.027 -17"><span class='ocrx_word' id='word_1_270' title='bbox 397 2265 584 2334; x_wconf 69' lang='grc' dir='ltr'>φασίν.</span> 
     </span>
    </p>
   </div>
   <div class='ocr_carea' id='block_1_40' title="bbox 970 2364 1406 2423">
    <p class='ocr_par' dir='ltr' id='par_1_40' title="bbox 970 2364 1406 2423">
     <span class='ocr_line' id='line_1_40' title="bbox 970 2364 1406 2423; baseline 0.011 -6"><span class='ocrx_word' id='word_1_271' title='bbox 970 2364 1222 2423; x_wconf 79' lang='grc' dir='ltr'><strong>ΚΕΦΑΛ.</strong></span> <span class='ocrx_word' id='word_1_272' title='bbox 1281 2367 1406 2422; x_wconf 83' lang='lat' dir='ltr'><strong>Kl&#39;&quot;.</strong></span> 
     </span>
    </p>
   </div>
   <div class='ocr_carea' id='block_1_41' title="bbox 469 2451 1975 2525">
    <p class='ocr_par' dir='ltr' id='par_1_41' title="bbox 469 2451 1975 2525">
     <span class='ocr_line' id='line_1_41' title="bbox 469 2451 1975 2525; baseline 0.003 -18"><span class='ocrx_word' id='word_1_273' title='bbox 469 2451 592 2508; x_wconf 83' lang='grc' dir='ltr'><strong>Ὀτι</strong></span> <span class='ocrx_word' id='word_1_274' title='bbox 623 2454 655 2525; x_wconf 85' lang='grc' dir='ltr'><strong>ή</strong></span> <span class='ocrx_word' id='word_1_275' title='bbox 689 2453 812 2509; x_wconf 88' lang='grc' dir='ltr'>καθ’</span> <span class='ocrx_word' id='word_1_276' title='bbox 843 2455 1142 2510; x_wconf 79' lang='grc' dir='ltr'>ὑπόστασιν</span> <span class='ocrx_word' id='word_1_277' title='bbox 1185 2457 1455 2525; x_wconf 81' lang='grc' dir='ltr'>σύνθεσις,</span> <span class='ocrx_word' id='word_1_278' title='bbox 1491 2462 1670 2514; x_wconf 87' lang='grc' dir='ltr'>εῐτουν</span> <span class='ocrx_word' id='word_1_279' title='bbox 1714 2459 1810 2513; x_wconf 87' lang='grc' dir='ltr'><strong>τοῦ</strong></span> <span class='ocrx_word' id='word_1_280' title='bbox 1840 2457 1975 2513; x_wconf 86' lang='grc' dir='ltr'>Θεοῦ</span> 
     </span>
    </p>
   </div>
   <div class='ocr_carea' id='block_1_42' title="bbox 398 2545 1974 2624">
    <p class='ocr_par' dir='ltr' id='par_1_42' title="bbox 398 2545 1974 2624">
     <span class='ocr_line' id='line_1_42' title="bbox 398 2545 1974 2624; baseline 0.018 -36"><span class='ocrx_word' id='word_1_281' title='bbox 398 2546 536 2615; x_wconf 79' lang='grc' dir='ltr'>πρὸς</span> <span class='ocrx_word' id='word_1_282' title='bbox 582 2545 891 2617; x_wconf 76' lang='grc' dir='ltr'>ἄνθρωπον,</span> <span class='ocrx_word' id='word_1_283' title='bbox 923 2547 956 2618; x_wconf 81' lang='grc' dir='ltr'>ἢ</span> <span class='ocrx_word' id='word_1_284' title='bbox 988 2548 1128 2620; x_wconf 84' lang='grc' dir='ltr'>ὑπὲρ</span> <span class='ocrx_word' id='word_1_285' title='bbox 1160 2549 1323 2619; x_wconf 84' lang='grc' dir='ltr'>φύσιν</span> <span class='ocrx_word' id='word_1_286' title='bbox 1352 2551 1472 2606; x_wconf 75' lang='grc' dir='ltr'>ἐστὶ</span> <span class='ocrx_word' id='word_1_287' title='bbox 1497 2553 1598 2624; x_wconf 84' lang='grc' dir='ltr'>τῆς</span> <span class='ocrx_word' id='word_1_288' title='bbox 1631 2551 1909 2624; x_wconf 80' lang='grc' dir='ltr'><strong>θεότητος,</strong></span> <span class='ocrx_word' id='word_1_289' title='bbox 1941 2551 1974 2623; x_wconf 82' lang='grc' dir='ltr'>ἢ</span> 
     </span>
    </p>
   </div>
   <div class='ocr_carea' id='block_1_43' title="bbox 397 2636 1976 2713">
    <p class='ocr_par' dir='ltr' id='par_1_43' title="bbox 397 2636 1976 2713">
     <span class='ocr_line' id='line_1_43' title="bbox 397 2636 1976 2713; baseline 0.004 -23"><span class='ocrx_word' id='word_1_290' title='bbox 397 2636 551 2708; x_wconf 85' lang='grc' dir='ltr'>παρὰ</span> <span class='ocrx_word' id='word_1_291' title='bbox 601 2637 785 2705; x_wconf 84' lang='grc' dir='ltr'>φύσιν,</span> <span class='ocrx_word' id='word_1_292' title='bbox 821 2637 854 2711; x_wconf 79' lang='grc' dir='ltr'>ἢ</span> <span class='ocrx_word' id='word_1_293' title='bbox 881 2640 1023 2694; x_wconf 82' lang='grc' dir='ltr'>κατὰ</span> <span class='ocrx_word' id='word_1_294' title='bbox 1051 2640 1212 2710; x_wconf 83' lang='grc' dir='ltr'>φύσιν</span> <span class='ocrx_word' id='word_1_295' title='bbox 1243 2681 1260 2708; x_wconf 94' lang='grc'><strong>,</strong></span> <span class='ocrx_word' id='word_1_296' title='bbox 1291 2643 1408 2713; x_wconf 72' lang='grc' dir='ltr'>εἴγε</span> <span class='ocrx_word' id='word_1_297' title='bbox 1451 2643 1622 2708; x_wconf 79' lang='grc' dir='ltr'>δντως</span> <span class='ocrx_word' id='word_1_298' title='bbox 1669 2643 1785 2698; x_wconf 75' lang='grc' dir='ltr'>ἐστι</span> <span class='ocrx_word' id='word_1_299' title='bbox 1812 2660 1824 2676; x_wconf 86' lang='grc'><strong>·</strong></span> <span class='ocrx_word' id='word_1_300' title='bbox 1857 2643 1976 2697; x_wconf 84' lang='grc' dir='ltr'>ἀλλ’</span> 
     </span>
    </p>
   </div>
   <div class='ocr_carea' id='block_1_44' title="bbox 394 2731 1976 2808">
    <p class='ocr_par' dir='ltr' id='par_1_44' title="bbox 394 2731 1976 2808">
     <span class='ocr_line' id='line_1_44' title="bbox 394 2731 1976 2808; baseline 0.004 -25"><span class='ocrx_word' id='word_1_301' title='bbox 394 2731 446 2784; x_wconf 84' lang='grc' dir='ltr'><strong>εί</strong></span> <span class='ocrx_word' id='word_1_302' title='bbox 479 2731 578 2800; x_wconf 81' lang='grc' dir='ltr'>μὲν</span> <span class='ocrx_word' id='word_1_303' title='bbox 617 2731 758 2801; x_wconf 83' lang='grc' dir='ltr'>ὑπὲρ</span> <span class='ocrx_word' id='word_1_304' title='bbox 784 2732 948 2801; x_wconf 81' lang='grc' dir='ltr'>φύσιν</span> <span class='ocrx_word' id='word_1_305' title='bbox 981 2732 1121 2796; x_wconf 80' lang='grc' dir='ltr'>αῦτη</span> <span class='ocrx_word' id='word_1_306' title='bbox 1149 2737 1289 2799; x_wconf 78' lang='grc' dir='ltr'>ἐστὶ,</span> <span class='ocrx_word' id='word_1_307' title='bbox 1331 2737 1581 2808; x_wconf 73' lang='grc' dir='ltr'>μείζονάς</span> <span class='ocrx_word' id='word_1_308' title='bbox 1602 2755 1661 2790; x_wconf 90' lang='grc' dir='ltr'><strong>τε</strong></span> <span class='ocrx_word' id='word_1_309' title='bbox 1689 2737 1976 2808; x_wconf 83' lang='grc' dir='ltr'>δυνάμεως</span> 
     </span>
    </p>
   </div>
   <div class='ocr_carea' id='block_1_45' title="bbox 395 2820 1976 2902">
    <p class='ocr_par' dir='ltr' id='par_1_45' title="bbox 395 2820 1976 2902">
     <span class='ocr_line' id='line_1_45' title="bbox 395 2820 1976 2902; baseline 0.005 -27"><span class='ocrx_word' id='word_1_310' title='bbox 395 2820 558 2894; x_wconf 78' lang='grc' dir='ltr'>ἔργον</span> <span class='ocrx_word' id='word_1_311' title='bbox 573 2824 653 2888; x_wconf 74' lang='grc' dir='ltr'><strong>είς</strong></span> <span class='ocrx_word' id='word_1_312' title='bbox 681 2823 852 2896; x_wconf 80' lang='grc' dir='ltr'>αὐτὴν</span> <span class='ocrx_word' id='word_1_313' title='bbox 881 2826 1101 2895; x_wconf 87' lang='grc' dir='ltr'>γέγονε,</span> <span class='ocrx_word' id='word_1_314' title='bbox 1121 2828 1217 2881; x_wconf 72' lang='grc' dir='ltr'>καὶ</span> <span class='ocrx_word' id='word_1_315' title='bbox 1242 2829 1322 2892; x_wconf 86' lang='grc' dir='ltr'><strong>είς</strong></span> <span class='ocrx_word' id='word_1_316' title='bbox 1350 2829 1412 2883; x_wconf 84' lang='grc' dir='ltr'>τὸ</span> <span class='ocrx_word' id='word_1_317' title='bbox 1435 2829 1577 2902; x_wconf 81' lang='grc' dir='ltr'>ὑπὲρ</span> <span class='ocrx_word' id='word_1_318' title='bbox 1606 2830 1777 2898; x_wconf 78' lang='grc' dir='ltr'>αὐτὴν</span> <span class='ocrx_word' id='word_1_319' title='bbox 1808 2829 1976 2901; x_wconf 79' lang='grc' dir='ltr'><strong>ηὐξή-</strong></span> 
     </span>
    </p>
   </div>
   <div class='ocr_carea' id='block_1_46' title="bbox 397 2915 1976 2992">
    <p class='ocr_par' dir='ltr' id='par_1_46' title="bbox 397 2915 1976 2992">
     <span class='ocr_line' id='line_1_46' title="bbox 397 2915 1976 2992; baseline 0.006 -26"><span class='ocrx_word' id='word_1_320' title='bbox 397 2915 488 2986; x_wconf 85' lang='grc' dir='ltr'><strong>θη,</strong></span> <span class='ocrx_word' id='word_1_321' title='bbox 517 2917 612 2970; x_wconf 76' lang='grc' dir='ltr'><strong>καὶ</strong></span> <span class='ocrx_word' id='word_1_322' title='bbox 635 2916 734 2970; x_wconf 82' lang='grc' dir='ltr'>οὒκ</span> <span class='ocrx_word' id='word_1_323' title='bbox 762 2917 977 2988; x_wconf 79' lang='grc' dir='ltr'>ἀληθῶς</span> <span class='ocrx_word' id='word_1_324' title='bbox 1002 2918 1412 2992; x_wconf 89' lang='grc' dir='ltr'>παντοδύναμος</span> <span class='ocrx_word' id='word_1_325' title='bbox 1446 2920 1608 2991; x_wconf 86' lang='grc' dir='ltr'>αῦτη,</span> <span class='ocrx_word' id='word_1_326' title='bbox 1641 2922 1763 2975; x_wconf 82' lang='grc' dir='ltr'>οὐδὲ</span> <span class='ocrx_word' id='word_1_327' title='bbox 1795 2922 1976 2976; x_wconf 83' lang='grc' dir='ltr'>πάντα</span> 
     </span>
    </p>
   </div>
   <div class='ocr_carea' id='block_1_47' title="bbox 395 3004 1978 3083">
    <p class='ocr_par' dir='ltr' id='par_1_47' title="bbox 395 3004 1978 3083">
     <span class='ocr_line' id='line_1_47' title="bbox 395 3004 1978 3083; baseline 0.005 -27"><span class='ocrx_word' id='word_1_328' title='bbox 395 3004 556 3074; x_wconf 78' lang='grc' dir='ltr'>λόγον</span> <span class='ocrx_word' id='word_1_329' title='bbox 584 3005 948 3078; x_wconf 81' lang='grc' dir='ltr'>ὑπερέχουσα.</span> <span class='ocrx_word' id='word_1_330' title='bbox 984 3010 1046 3062; x_wconf 79' lang='lat' dir='ltr'><strong>Ei</strong></span> <span class='ocrx_word' id='word_1_331' title='bbox 1071 3009 1127 3063; x_wconf 85' lang='grc' dir='ltr'>δὲ</span> <span class='ocrx_word' id='word_1_332' title='bbox 1162 3009 1316 3082; x_wconf 85' lang='grc' dir='ltr'>παρὰ</span> <span class='ocrx_word' id='word_1_333' title='bbox 1345 3011 1509 3080; x_wconf 82' lang='grc' dir='ltr'>φύσιν</span> <span class='ocrx_word' id='word_1_334' title='bbox 1535 3010 1671 3083; x_wconf 84' lang='grc' dir='ltr'>αῦτη</span> <span class='ocrx_word' id='word_1_335' title='bbox 1703 3012 1843 3077; x_wconf 76' lang='grc' dir='ltr'>ἐστὶ,</span> <span class='ocrx_word' id='word_1_336' title='bbox 1867 3012 1978 3082; x_wconf 77' lang='grc' dir='ltr'>χείο</span> 
     </span>
    </p>
   </div>
   <div class='ocr_carea' id='block_1_48' title="bbox 394 3089 1976 3174">
    <p class='ocr_par' dir='ltr' id='par_1_48' title="bbox 394 3089 1976 3174">
     <span class='ocr_line' id='line_1_48' title="bbox 394 3089 1976 3174; baseline 0.004 -25"><span class='ocrx_word' id='word_1_337' title='bbox 394 3113 508 3167; x_wconf 88' lang='grc' dir='ltr'><strong>ρων</strong></span> <span class='ocrx_word' id='word_1_338' title='bbox 527 3113 587 3150; x_wconf 87' lang='grc' dir='ltr'><strong>τε</strong></span> <span class='ocrx_word' id='word_1_339' title='bbox 616 3089 788 3168; x_wconf 61' lang='grc' dir='ltr'>αὐτῆς</span> <span class='ocrx_word' id='word_1_340' title='bbox 809 3099 1023 3166; x_wconf 87' lang='grc' dir='ltr'>γέγονε,</span> <span class='ocrx_word' id='word_1_341' title='bbox 1043 3100 1140 3154; x_wconf 79' lang='grc' dir='ltr'>καὶ</span> <span class='ocrx_word' id='word_1_342' title='bbox 1162 3101 1374 3173; x_wconf 78' lang='grc' dir='ltr'>τρεπτὴ</span> <span class='ocrx_word' id='word_1_343' title='bbox 1400 3102 1688 3167; x_wconf 83' lang='grc' dir='ltr'>δέδεικται,</span> <span class='ocrx_word' id='word_1_344' title='bbox 1718 3104 1813 3156; x_wconf 74' lang='grc' dir='ltr'>καὶ</span> <span class='ocrx_word' id='word_1_345' title='bbox 1839 3104 1976 3174; x_wconf 82' lang='grc' dir='ltr'>πρὸς</span> 
     </span>
    </p>
   </div>
   <div class='ocr_carea' id='block_1_49' title="bbox 394 3187 2045 3278">
    <p class='ocr_par' dir='ltr' id='par_1_49' title="bbox 394 3187 2045 3278">
     <span class='ocr_line' id='line_1_49' title="bbox 394 3187 2045 3278; baseline 0.005 -37"><span class='ocrx_word' id='word_1_346' title='bbox 394 3187 592 3258; x_wconf 66' lang='grc' dir='ltr'>ὕφεσιν</span> <span class='ocrx_word' id='word_1_347' title='bbox 620 3191 969 3263; x_wconf 80' lang='grc' dir='ltr'><strong>κατηνέχθη·</strong></span> <span class='ocrx_word' id='word_1_348' title='bbox 998 3196 1047 3247; x_wconf 84' lang='grc' dir='ltr'><strong>εί</strong></span> <span class='ocrx_word' id='word_1_349' title='bbox 1103 3193 1159 3248; x_wconf 85' lang='grc' dir='ltr'>δὲ</span> <span class='ocrx_word' id='word_1_350' title='bbox 1220 3194 1360 3248; x_wconf 80' lang='grc' dir='ltr'>κατὰ</span> <span class='ocrx_word' id='word_1_351' title='bbox 1414 3193 1579 3265; x_wconf 79' lang='grc' dir='ltr'>φύσιν</span> <span class='ocrx_word' id='word_1_352' title='bbox 1621 3195 1759 3268; x_wconf 86' lang='grc' dir='ltr'>αῦτη</span> <span class='ocrx_word' id='word_1_353' title='bbox 1805 3196 1973 3261; x_wconf 72' lang='grc' dir='ltr'>ἐστὶν,</span> <span class='ocrx_word' id='word_1_354' title='bbox 2003 3223 2045 3278; x_wconf 76' lang='lat' dir='ltr'><strong><em>C</em></strong></span> 
     </span>
    </p>
   </div>
   <div class='ocr_carea' id='block_1_50' title="bbox 395 3280 1974 3360">
    <p class='ocr_par' dir='ltr' id='par_1_50' title="bbox 395 3280 1974 3360">
     <span class='ocr_line' id='line_1_50' title="bbox 395 3280 1974 3360; baseline 0.004 -25"><span class='ocrx_word' id='word_1_355' title='bbox 395 3280 522 3336; x_wconf 75' lang='grc' dir='ltr'>οὔτε</span> <span class='ocrx_word' id='word_1_356' title='bbox 549 3283 736 3355; x_wconf 84' lang='grc' dir='ltr'>χάριτι</span> <span class='ocrx_word' id='word_1_357' title='bbox 764 3285 798 3356; x_wconf 83' lang='grc' dir='ltr'>ἡ</span> <span class='ocrx_word' id='word_1_358' title='bbox 835 3286 1110 3357; x_wconf 84' lang='grc' dir='ltr'>σάρκωσις</span> <span class='ocrx_word' id='word_1_359' title='bbox 1133 3287 1228 3342; x_wconf 88' lang='grc' dir='ltr'><strong>τοῦ</strong></span> <span class='ocrx_word' id='word_1_360' title='bbox 1258 3289 1455 3357; x_wconf 85' lang='grc' dir='ltr'>Λόγου,</span> <span class='ocrx_word' id='word_1_361' title='bbox 1488 3287 1611 3343; x_wconf 72' lang='grc' dir='ltr'>οὔτε</span> <span class='ocrx_word' id='word_1_362' title='bbox 1667 3290 1827 3360; x_wconf 85' lang='grc' dir='ltr'>μόνον</span> <span class='ocrx_word' id='word_1_363' title='bbox 1881 3289 1974 3344; x_wconf 80' lang='grc' dir='ltr'><strong>τοῦ</strong></span> 
     </span>
    </p>
   </div>
   <div class='ocr_carea' id='block_1_51' title="bbox 397 3373 1975 3454">
    <p class='ocr_par' dir='ltr' id='par_1_51' title="bbox 397 3373 1975 3454">
     <span class='ocr_line' id='line_1_51' title="bbox 397 3373 1975 3454; baseline 0.004 -25"><span class='ocrx_word' id='word_1_364' title='bbox 397 3373 530 3429; x_wconf 85' lang='grc' dir='ltr'>Υίοῦ</span> <span class='ocrx_word' id='word_1_365' title='bbox 554 3417 570 3442; x_wconf 91' lang='grc'><strong>,</strong></span> <span class='ocrx_word' id='word_1_366' title='bbox 591 3375 730 3432; x_wconf 83' lang='grc' dir='ltr'>ἀλλὰ</span> <span class='ocrx_word' id='word_1_367' title='bbox 760 3379 854 3432; x_wconf 77' lang='grc' dir='ltr'>καὶ</span> <span class='ocrx_word' id='word_1_368' title='bbox 885 3378 982 3432; x_wconf 89' lang='grc' dir='ltr'><strong>τοῦ</strong></span> <span class='ocrx_word' id='word_1_369' title='bbox 1019 3380 1232 3453; x_wconf 74' lang='grc' dir='ltr'>Πατρδς</span> <span class='ocrx_word' id='word_1_370' title='bbox 1269 3380 1364 3434; x_wconf 71' lang='grc' dir='ltr'>καὶ</span> <span class='ocrx_word' id='word_1_371' title='bbox 1395 3381 1490 3435; x_wconf 88' lang='grc' dir='ltr'><strong>τοῦ</strong></span> <span class='ocrx_word' id='word_1_372' title='bbox 1523 3382 1840 3454; x_wconf 79' lang='grc' dir='ltr'>Πνεῦματος</span> <span class='ocrx_word' id='word_1_373' title='bbox 1882 3383 1975 3438; x_wconf 91' lang='grc' dir='ltr'><strong>τοῦ</strong></span> 
     </span>
    </p>
   </div>
   <div class='ocr_carea' id='block_1_52' title="bbox 396 3466 1978 3545">
    <p class='ocr_par' dir='ltr' id='par_1_52' title="bbox 396 3466 1978 3545">
     <span class='ocr_line' id='line_1_52' title="bbox 396 3466 1978 3545; baseline 0.006 -26"><span class='ocrx_word' id='word_1_374' title='bbox 396 3466 583 3534; x_wconf 76' lang='grc' dir='ltr'>ἁγίου.</span> <span class='ocrx_word' id='word_1_375' title='bbox 620 3469 687 3522; x_wconf 91' lang='grc' dir='ltr'><strong>Τί</strong></span> <span class='ocrx_word' id='word_1_376' title='bbox 735 3469 793 3523; x_wconf 82' lang='grc' dir='ltr'>δὲ</span> <span class='ocrx_word' id='word_1_377' title='bbox 843 3468 952 3542; x_wconf 76' lang='grc' dir='ltr'>ἄρα</span> <span class='ocrx_word' id='word_1_378' title='bbox 982 3472 1072 3524; x_wconf 63' lang='grc' dir='ltr'>καὶ</span> <span class='ocrx_word' id='word_1_379' title='bbox 1111 3471 1255 3526; x_wconf 86' lang='grc' dir='ltr'>κατὰ</span> <span class='ocrx_word' id='word_1_380' title='bbox 1286 3472 1448 3542; x_wconf 82' lang='grc' dir='ltr'>φύσιν</span> <span class='ocrx_word' id='word_1_381' title='bbox 1490 3469 1649 3537; x_wconf 82' lang='grc' dir='ltr'>οὖσα,</span> <span class='ocrx_word' id='word_1_382' title='bbox 1682 3474 1850 3528; x_wconf 86' lang='grc' dir='ltr'>πάλαι</span> <span class='ocrx_word' id='word_1_383' title='bbox 1878 3475 1978 3545; x_wconf 81' lang='grc' dir='ltr'>μὲν</span> 
     </span>
    </p>
   </div>
   <div class='ocr_carea' id='block_1_53' title="bbox 393 3555 1978 3634">
    <p class='ocr_par' dir='ltr' id='par_1_53' title="bbox 393 3555 1978 3634">
     <span class='ocr_line' id='line_1_53' title="bbox 393 3555 1978 3634; baseline 0.005 -26"><span class='ocrx_word' id='word_1_384' title='bbox 393 3557 498 3609; x_wconf 74' lang='grc' dir='ltr'>οὐκ</span> <span class='ocrx_word' id='word_1_385' title='bbox 523 3555 762 3626; x_wconf 70' lang='grc' dir='ltr'>ἐγένετο,</span> <span class='ocrx_word' id='word_1_386' title='bbox 793 3558 888 3612; x_wconf 89' lang='grc' dir='ltr'><strong>νῦν</strong></span> <span class='ocrx_word' id='word_1_387' title='bbox 913 3559 971 3614; x_wconf 81' lang='grc' dir='ltr'>δὲ</span> <span class='ocrx_word' id='word_1_388' title='bbox 1004 3559 1274 3631; x_wconf 74' lang='grc' dir='ltr'>ἐπράχθη,</span> <span class='ocrx_word' id='word_1_389' title='bbox 1307 3561 1383 3624; x_wconf 87' lang='grc' dir='ltr'>ὡς</span> <span class='ocrx_word' id='word_1_390' title='bbox 1416 3560 1641 3625; x_wconf 82' lang='grc' dir='ltr'>ἀτελοῦς</span> <span class='ocrx_word' id='word_1_391' title='bbox 1662 3562 1786 3616; x_wconf 88' lang='grc' dir='ltr'>τότε</span> <span class='ocrx_word' id='word_1_392' title='bbox 1813 3561 1978 3634; x_wconf 77' lang='grc' dir='ltr'>οὔσης</span> 
     </span>
    </p>
   </div>
   <div class='ocr_carea' id='block_1_54' title="bbox 394 3650 1979 3726">
    <p class='ocr_par' dir='ltr' id='par_1_54' title="bbox 394 3650 1979 3726">
     <span class='ocr_line' id='line_1_54' title="bbox 394 3650 1979 3726; baseline 0.004 -23"><span class='ocrx_word' id='word_1_393' title='bbox 394 3650 499 3720; x_wconf 84' lang='grc' dir='ltr'>τῆς</span> <span class='ocrx_word' id='word_1_394' title='bbox 521 3650 759 3721; x_wconf 84' lang='grc' dir='ltr'>φύσεως,</span> <span class='ocrx_word' id='word_1_395' title='bbox 792 3651 890 3706; x_wconf 74' lang='grc' dir='ltr'>καὶ</span> <span class='ocrx_word' id='word_1_396' title='bbox 920 3653 985 3706; x_wconf 81' lang='grc' dir='ltr'>ὲκ</span> <span class='ocrx_word' id='word_1_397' title='bbox 1015 3651 1108 3706; x_wconf 90' lang='grc' dir='ltr'><strong>τοῦ</strong></span> <span class='ocrx_word' id='word_1_398' title='bbox 1145 3652 1376 3722; x_wconf 78' lang='grc' dir='ltr'>δυνάμει</span> <span class='ocrx_word' id='word_1_399' title='bbox 1410 3655 1490 3717; x_wconf 87' lang='grc' dir='ltr'><strong>είς</strong></span> <span class='ocrx_word' id='word_1_400' title='bbox 1515 3653 1576 3706; x_wconf 80' lang='grc' dir='ltr'>τὸ</span> <span class='ocrx_word' id='word_1_401' title='bbox 1599 3654 1852 3726; x_wconf 79' lang='grc' dir='ltr'>ἐνεργείᾳ</span> <span class='ocrx_word' id='word_1_402' title='bbox 1884 3654 1979 3709; x_wconf 89' lang='grc' dir='ltr'><strong>νῦν</strong></span> 
     </span>
    </p>
   </div>
   <div class='ocr_carea' id='block_1_55' title="bbox 401 3742 1977 3814">
    <p class='ocr_par' dir='ltr' id='par_1_55' title="bbox 401 3742 1977 3814">
     <span class='ocr_line' id='line_1_55' title="bbox 401 3742 1977 3814; baseline 0.004 -21"><span class='ocrx_word' id='word_1_403' title='bbox 401 3742 804 3814; x_wconf 71' lang='grc' dir='ltr'>προαχθείσηςς</span> <span class='ocrx_word' id='word_1_404' title='bbox 837 3743 899 3797; x_wconf 77' lang='lat' dir='ltr'><strong>Et</strong></span> <span class='ocrx_word' id='word_1_405' title='bbox 929 3743 987 3796; x_wconf 81' lang='grc' dir='ltr'>δὲ</span> <span class='ocrx_word' id='word_1_406' title='bbox 1041 3743 1220 3798; x_wconf 85' lang='grc' dir='ltr'>πάντα</span> <span class='ocrx_word' id='word_1_407' title='bbox 1269 3742 1450 3798; x_wconf 80' lang='grc' dir='ltr'>ἄτοπά</span> <span class='ocrx_word' id='word_1_408' title='bbox 1507 3745 1624 3798; x_wconf 79' lang='grc' dir='ltr'>ἐστι</span> <span class='ocrx_word' id='word_1_409' title='bbox 1675 3746 1768 3798; x_wconf 77' lang='grc' dir='ltr'><strong>ἐπὶ</strong></span> <span class='ocrx_word' id='word_1_410' title='bbox 1817 3744 1977 3809; x_wconf 87' lang='grc' dir='ltr'>Θεοῦ,</span> 
     </span>
    </p>
   </div>
   <div class='ocr_carea' id='block_1_56' title="bbox 397 3833 1981 3907">
    <p class='ocr_par' dir='ltr' id='par_1_56' title="bbox 397 3833 1981 3907">
     <span class='ocr_line' id='line_1_56' title="bbox 397 3833 1981 3907; baseline 0.003 -21"><span class='ocrx_word' id='word_1_411' title='bbox 397 3835 526 3887; x_wconf 73' lang='grc' dir='ltr'>ἄνευ</span> <span class='ocrx_word' id='word_1_412' title='bbox 558 3834 616 3888; x_wconf 80' lang='grc' dir='ltr'>δὲ</span> <span class='ocrx_word' id='word_1_413' title='bbox 661 3833 868 3888; x_wconf 88' lang='grc' dir='ltr'>τούτων</span> <span class='ocrx_word' id='word_1_414' title='bbox 921 3833 1174 3888; x_wconf 84' lang='grc' dir='ltr'>ὲνοῦσθαι</span> <span class='ocrx_word' id='word_1_415' title='bbox 1211 3833 1406 3906; x_wconf 81' lang='grc' dir='ltr'>φύσεις</span> <span class='ocrx_word' id='word_1_416' title='bbox 1444 3835 1545 3888; x_wconf 84' lang='grc' dir='ltr'>οὐκ</span> <span class='ocrx_word' id='word_1_417' title='bbox 1579 3834 1750 3898; x_wconf 76' lang='grc' dir='ltr'>ἔστιν,</span> <span class='ocrx_word' id='word_1_418' title='bbox 1787 3835 1819 3907; x_wconf 79' lang='grc' dir='ltr'><strong>ἦ</strong></span> <span class='ocrx_word' id='word_1_419' title='bbox 1857 3837 1981 3890; x_wconf 79' lang='grc' dir='ltr'>ἀτό-</span> 
     </span>
    </p>
   </div>
   <div class='ocr_carea' id='block_1_57' title="bbox 399 3925 1978 4000">
    <p class='ocr_par' dir='ltr' id='par_1_57' title="bbox 399 3925 1978 4000">
     <span class='ocr_line' id='line_1_57' title="bbox 399 3925 1978 4000; baseline 0.003 -23"><span class='ocrx_word' id='word_1_420' title='bbox 399 3942 518 3989; x_wconf 80' lang='grc' dir='ltr'><strong>πως</strong></span> <span class='ocrx_word' id='word_1_421' title='bbox 545 3926 776 3996; x_wconf 79' lang='grc' dir='ltr'>ἥνωται,</span> <span class='ocrx_word' id='word_1_422' title='bbox 806 3925 838 3997; x_wconf 87' lang='grc' dir='ltr'>ἢ</span> <span class='ocrx_word' id='word_1_423' title='bbox 879 3927 979 3997; x_wconf 79' lang='grc' dir='ltr'>οὐχ</span> <span class='ocrx_word' id='word_1_424' title='bbox 1007 3926 1232 3997; x_wconf 63' lang='grc' dir='ltr'>ἥνωται,</span> <span class='ocrx_word' id='word_1_425' title='bbox 1273 3927 1431 3998; x_wconf 76' lang='grc' dir='ltr'>φησὶ,</span> <span class='ocrx_word' id='word_1_426' title='bbox 1460 3927 1583 3980; x_wconf 85' lang='grc' dir='ltr'>καθ’</span> <span class='ocrx_word' id='word_1_427' title='bbox 1617 3927 1916 3982; x_wconf 83' lang='grc' dir='ltr'>ὑπόστασιν</span> <span class='ocrx_word' id='word_1_428' title='bbox 1946 3929 1978 4000; x_wconf 78' lang='grc' dir='ltr'>ἡ</span> 
     </span>
    </p>
   </div>
   <div class='ocr_carea' id='block_1_58' title="bbox 401 4016 1979 4092">
    <p class='ocr_par' dir='ltr' id='par_1_58' title="bbox 401 4016 1979 4092">
     <span class='ocr_line' id='line_1_58' title="bbox 401 4016 1979 4092; baseline 0.004 -22"><span class='ocrx_word' id='word_1_429' title='bbox 401 4016 526 4072; x_wconf 86' lang='grc' dir='ltr'>θεία</span> <span class='ocrx_word' id='word_1_430' title='bbox 574 4019 738 4088; x_wconf 80' lang='grc' dir='ltr'>φύσις</span> <span class='ocrx_word' id='word_1_431' title='bbox 777 4019 942 4091; x_wconf 72' lang='grc' dir='ltr'>ἑτέρᾳ</span> <span class='ocrx_word' id='word_1_432' title='bbox 967 4019 1152 4088; x_wconf 86' lang='grc' dir='ltr'>φύσει.</span> <span class='ocrx_word' id='word_1_433' title='bbox 1188 4019 1374 4074; x_wconf 84' lang='grc' dir='ltr'>Ταῦτα</span> <span class='ocrx_word' id='word_1_434' title='bbox 1399 4019 1466 4074; x_wconf 78' lang='grc' dir='ltr'>ἂν</span> <span class='ocrx_word' id='word_1_435' title='bbox 1497 4020 1672 4086; x_wconf 75' lang='grc' dir='ltr'>οὕτως</span> <span class='ocrx_word' id='word_1_436' title='bbox 1707 4017 1876 4092; x_wconf 73' lang='grc' dir='ltr'>εἶχεν,</span> <span class='ocrx_word' id='word_1_437' title='bbox 1906 4022 1979 4087; x_wconf 83' lang='grc' dir='ltr'><strong>εί,</strong></span> 
     </span>
    </p>
   </div>
   <div class='ocr_carea' id='block_1_59' title="bbox 401 4108 1981 4187">
    <p class='ocr_par' dir='ltr' id='par_1_59' title="bbox 401 4108 1981 4187">
     <span class='ocr_line' id='line_1_59' title="bbox 401 4108 1981 4187; baseline 0.004 -25"><span class='ocrx_word' id='word_1_438' title='bbox 401 4108 590 4174; x_wconf 85' lang='grc' dir='ltr'>ἁπλῶς</span> <span class='ocrx_word' id='word_1_439' title='bbox 645 4111 849 4176; x_wconf 78' lang='grc' dir='ltr'>παντὸς</span> <span class='ocrx_word' id='word_1_440' title='bbox 905 4113 1234 4183; x_wconf 76' lang='grc' dir='ltr'>πράγματος</span> <span class='ocrx_word' id='word_1_441' title='bbox 1259 4113 1550 4185; x_wconf 82' lang='grc' dir='ltr'>γινομένου</span> <span class='ocrx_word' id='word_1_442' title='bbox 1570 4157 1584 4180; x_wconf 85' lang='grc'><strong>,</strong></span> <span class='ocrx_word' id='word_1_443' title='bbox 1617 4113 1782 4182; x_wconf 81' lang='grc' dir='ltr'>φύσις</span> <span class='ocrx_word' id='word_1_444' title='bbox 1815 4111 1884 4187; x_wconf 82' lang='grc' dir='ltr'>ἦν</span> <span class='ocrx_word' id='word_1_445' title='bbox 1917 4115 1981 4169; x_wconf 74' lang='grc' dir='ltr'><strong>τὺ</strong></span> 
     </span>
    </p>
   </div>
   <div class='ocr_carea' id='block_1_60' title="bbox 399 4204 1976 4275">
    <p class='ocr_par' dir='ltr' id='par_1_60' title="bbox 399 4204 1976 4275">
     <span class='ocr_line' id='line_1_60' title="bbox 399 4204 1976 4275; baseline 0.002 -19"><span class='ocrx_word' id='word_1_446' title='bbox 399 4204 669 4275; x_wconf 79' lang='grc' dir='ltr'>προσεχὲς</span> <span class='ocrx_word' id='word_1_447' title='bbox 701 4207 875 4259; x_wconf 67' lang='grc' dir='ltr'>αἴτιον</span> <span class='ocrx_word' id='word_1_448' title='bbox 898 4221 912 4235; x_wconf 78' lang='grc'><strong><em>⁸</em></strong></span> <span class='ocrx_word' id='word_1_449' title='bbox 942 4205 1004 4258; x_wconf 82' lang='grc' dir='ltr'><strong>τὺ</strong></span> <span class='ocrx_word' id='word_1_450' title='bbox 1042 4204 1152 4275; x_wconf 84' lang='grc' dir='ltr'><strong>γὰρ</strong></span> <span class='ocrx_word' id='word_1_451' title='bbox 1188 4205 1264 4274; x_wconf 85' lang='grc' dir='ltr'>μὴ</span> <span class='ocrx_word' id='word_1_452' title='bbox 1302 4205 1563 4274; x_wconf 82' lang='grc' dir='ltr'>νήχεσθαι</span> <span class='ocrx_word' id='word_1_453' title='bbox 1597 4205 1720 4260; x_wconf 82' lang='grc' dir='ltr'>καθ’</span> <span class='ocrx_word' id='word_1_454' title='bbox 1759 4205 1976 4273; x_wconf 77' lang='grc' dir='ltr'>ὕδατος,</span> 
     </span>
    </p>
   </div>
   <div class='ocr_carea' id='block_1_61' title="bbox 399 4296 1981 4371">
    <p class='ocr_par' dir='ltr' id='par_1_61' title="bbox 399 4296 1981 4371">
     <span class='ocr_line' id='line_1_61' title="bbox 399 4296 1981 4371; baseline 0.001 -19"><span class='ocrx_word' id='word_1_455' title='bbox 399 4296 434 4368; x_wconf 85' lang='grc' dir='ltr'><strong>ἥ</strong></span> <span class='ocrx_word' id='word_1_456' title='bbox 465 4297 539 4370; x_wconf 84' lang='grc' dir='ltr'>μὴ</span> <span class='ocrx_word' id='word_1_457' title='bbox 568 4296 848 4370; x_wconf 78' lang='grc' dir='ltr'>κυδιστᾷν,</span> <span class='ocrx_word' id='word_1_458' title='bbox 873 4297 906 4369; x_wconf 79' lang='grc' dir='ltr'><strong>ἢ</strong></span> <span class='ocrx_word' id='word_1_459' title='bbox 935 4297 1276 4352; x_wconf 72' lang='grc' dir='ltr'>καλωϐατεῖν</span> <span class='ocrx_word' id='word_1_460' title='bbox 1299 4296 1447 4351; x_wconf 87' lang='grc' dir='ltr'>τόνδε</span> <span class='ocrx_word' id='word_1_461' title='bbox 1476 4297 1600 4352; x_wconf 80' lang='grc' dir='ltr'>τινὰ</span> <span class='ocrx_word' id='word_1_462' title='bbox 1651 4300 1742 4353; x_wconf 79' lang='grc' dir='ltr'>τὸν</span> <span class='ocrx_word' id='word_1_463' title='bbox 1769 4298 1981 4371; x_wconf 76' lang='grc' dir='ltr'>ἄνθρω-</span> 
     </span>
    </p>
   </div>
   <div class='ocr_carea' id='block_1_62' title="bbox 401 4389 1980 4462">
    <p class='ocr_par' dir='ltr' id='par_1_62' title="bbox 401 4389 1980 4462">
     <span class='ocr_line' id='line_1_62' title="bbox 401 4389 1980 4462; baseline 0.002 -19"><span class='ocrx_word' id='word_1_464' title='bbox 401 4407 524 4457; x_wconf 87' lang='grc' dir='ltr'>πον,</span> <span class='ocrx_word' id='word_1_465' title='bbox 553 4390 608 4444; x_wconf 86' lang='grc' dir='ltr'><strong>τί</strong></span> <span class='ocrx_word' id='word_1_466' title='bbox 633 4389 700 4444; x_wconf 85' lang='grc' dir='ltr'>ἂν</span> <span class='ocrx_word' id='word_1_467' title='bbox 737 4391 882 4444; x_wconf 78' lang='grc' dir='ltr'>εἴποι</span> <span class='ocrx_word' id='word_1_468' title='bbox 903 4407 988 4454; x_wconf 86' lang='grc' dir='ltr'><strong>τις</strong></span> <span class='ocrx_word' id='word_1_469' title='bbox 1022 4391 1105 4445; x_wconf 82' lang='grc' dir='ltr'>ὅτι</span> <span class='ocrx_word' id='word_1_470' title='bbox 1143 4391 1285 4462; x_wconf 79' lang='grc' dir='ltr'>ὑπὲρ</span> <span class='ocrx_word' id='word_1_471' title='bbox 1316 4389 1478 4461; x_wconf 82' lang='grc' dir='ltr'>φύσιν</span> <span class='ocrx_word' id='word_1_472' title='bbox 1513 4390 1664 4461; x_wconf 84' lang='grc' dir='ltr'><strong>αύτῷ</strong></span> <span class='ocrx_word' id='word_1_473' title='bbox 1687 4393 1807 4445; x_wconf 78' lang='grc' dir='ltr'>ὲστί</span> <span class='ocrx_word' id='word_1_474' title='bbox 1838 4409 1852 4456; x_wconf 90' lang='grc'><strong>;</strong></span> <span class='ocrx_word' id='word_1_475' title='bbox 1884 4393 1980 4446; x_wconf 72' lang='grc' dir='ltr'>καὶ</span> 
     </span>
    </p>
   </div>
   <div class='ocr_carea' id='block_1_63' title="bbox 405 4464 1980 4557">
    <p class='ocr_par' dir='ltr' id='par_1_63' title="bbox 405 4464 1980 4557">
     <span class='ocr_line' id='line_1_63' title="bbox 405 4464 1980 4557; baseline 0.003 -21"><span class='ocrx_word' id='word_1_476' title='bbox 405 4483 516 4554; x_wconf 77' lang='grc' dir='ltr'>μὴν</span> <span class='ocrx_word' id='word_1_477' title='bbox 565 4484 813 4556; x_wconf 78' lang='grc' dir='ltr'>ὁμοφυὴς</span> <span class='ocrx_word' id='word_1_478' title='bbox 864 4482 1014 4554; x_wconf 78' lang='grc' dir='ltr'>αὐτῷ</span> <span class='ocrx_word' id='word_1_479' title='bbox 1057 4483 1184 4538; x_wconf 84' lang='grc' dir='ltr'>τάδε</span> <span class='ocrx_word' id='word_1_480' title='bbox 1232 4483 1464 4554; x_wconf 84' lang='grc' dir='ltr'>πράττει</span> <span class='ocrx_word' id='word_1_481' title='bbox 1495 4499 1512 4513; x_wconf 71' lang='grc' dir='ltr'><strong>ο</strong></span> <span class='ocrx_word' id='word_1_482' title='bbox 1542 4484 1658 4537; x_wconf 84' lang='grc' dir='ltr'>ἀλλ’</span> <span class='ocrx_word' id='word_1_483' title='bbox 1689 4486 1773 4539; x_wconf 88' lang='grc' dir='ltr'>ὃτι</span> <span class='ocrx_word' id='word_1_484' title='bbox 1828 4464 1980 4557; x_wconf 58' lang='grc' dir='ltr'>παρά</span> 
     </span>
    </p>
   </div>
   <div class='ocr_carea' id='block_1_64' title="bbox 2080 1993 3665 2068">
    <p class='ocr_par' dir='ltr' id='par_1_64' title="bbox 2080 1993 3665 2068">
     <span class='ocr_line' id='line_1_64' title="bbox 2080 1993 3665 2068; baseline -0.003 -18"><span class='ocrx_word' id='word_1_485' title='bbox 2080 1996 2211 2050; x_wconf 91' lang='lat' dir='ltr'><strong>dum</strong></span> <span class='ocrx_word' id='word_1_486' title='bbox 2243 1997 2391 2051; x_wconf 87' lang='lat' dir='ltr'><strong>illam</strong></span> <span class='ocrx_word' id='word_1_487' title='bbox 2419 2011 2582 2068; x_wconf 87' lang='lat' dir='ltr'><strong>quam</strong></span> <span class='ocrx_word' id='word_1_488' title='bbox 2625 1996 2832 2051; x_wconf 75' lang='lat' dir='ltr'><strong>insulse</strong></span> <span class='ocrx_word' id='word_1_489' title='bbox 2873 1994 3155 2050; x_wconf 81' lang='lat' dir='ltr'><strong>vobiscum</strong></span> <span class='ocrx_word' id='word_1_490' title='bbox 3180 2003 3236 2049; x_wconf 91' lang='lat' dir='ltr'><strong>et</strong></span> <span class='ocrx_word' id='word_1_491' title='bbox 3264 2009 3388 2048; x_wconf 93' lang='lat' dir='ltr'><strong>cum</strong></span> <span class='ocrx_word' id='word_1_492' title='bbox 3414 1993 3665 2047; x_wconf 86' lang='lat' dir='ltr'><strong>Severia—</strong></span> 
     </span>
    </p>
   </div>
   <div class='ocr_carea' id='block_1_65' title="bbox 2079 2086 3660 2157">
    <p class='ocr_par' dir='ltr' id='par_1_65' title="bbox 2079 2086 3660 2157">
     <span class='ocr_line' id='line_1_65' title="bbox 2079 2086 3660 2157; baseline -0.003 -14"><span class='ocrx_word' id='word_1_493' title='bbox 2079 2089 2166 2144; x_wconf 92' lang='lat' dir='ltr'><strong>nis</strong></span> <span class='ocrx_word' id='word_1_494' title='bbox 2191 2097 2666 2153; x_wconf 87' lang='lat' dir='ltr'><strong>commentantur,</strong></span> <span class='ocrx_word' id='word_1_495' title='bbox 2698 2090 2866 2144; x_wconf 90' lang='lat' dir='ltr'><strong>verba</strong></span> <span class='ocrx_word' id='word_1_496' title='bbox 2901 2097 3090 2143; x_wconf 88' lang='lat' dir='ltr'><strong>nostra</strong></span> <span class='ocrx_word' id='word_1_497' title='bbox 3122 2087 3443 2157; x_wconf 84' lang='lat' dir='ltr'><strong>accipiunt?</strong></span> <span class='ocrx_word' id='word_1_498' title='bbox 3471 2086 3565 2142; x_wconf 93' lang='lat' dir='ltr'><strong>sed</strong></span> <span class='ocrx_word' id='word_1_499' title='bbox 3604 2086 3660 2139; x_wconf 92' lang='lat' dir='ltr'><strong>in</strong></span> 
     </span>
    </p>
   </div>
   <div class='ocr_carea' id='block_1_66' title="bbox 2080 2179 3660 2237">
    <p class='ocr_par' dir='ltr' id='par_1_66' title="bbox 2080 2179 3660 2237">
     <span class='ocr_line' id='line_1_66' title="bbox 2080 2179 3660 2237; baseline -0.002 -3"><span class='ocrx_word' id='word_1_500' title='bbox 2080 2180 2232 2237; x_wconf 91' lang='lat' dir='ltr'><strong>hisce</strong></span> <span class='ocrx_word' id='word_1_501' title='bbox 2254 2181 2334 2237; x_wconf 88' lang='lat' dir='ltr'><strong>sic</strong></span> <span class='ocrx_word' id='word_1_502' title='bbox 2363 2181 2601 2236; x_wconf 85' lang='lat' dir='ltr'><strong>conﬂicti</strong></span> <span class='ocrx_word' id='word_1_503' title='bbox 2630 2183 2746 2235; x_wconf 69' lang='lat' dir='ltr'><strong>haec</strong></span> <span class='ocrx_word' id='word_1_504' title='bbox 2775 2180 3111 2236; x_wconf 88' lang='lat' dir='ltr'><strong>terribiliora</strong></span> <span class='ocrx_word' id='word_1_505' title='bbox 3143 2179 3196 2234; x_wconf 91' lang='lat' dir='ltr'><strong>in</strong></span> <span class='ocrx_word' id='word_1_506' title='bbox 3221 2179 3384 2234; x_wconf 85' lang='lat' dir='ltr'><strong>fidem</strong></span> <span class='ocrx_word' id='word_1_507' title='bbox 3417 2188 3660 2234; x_wconf 85' lang='lat' dir='ltr'><strong>nostram</strong></span> 
     </span>
    </p>
   </div>
   <div class='ocr_carea' id='block_1_67' title="bbox 2077 2273 2640 2345">
    <p class='ocr_par' dir='ltr' id='par_1_67' title="bbox 2077 2273 2640 2345">
     <span class='ocr_line' id='line_1_67' title="bbox 2077 2273 2640 2345; baseline 0.002 -19"><span class='ocrx_word' id='word_1_508' title='bbox 2077 2273 2255 2345; x_wconf 87' lang='lat' dir='ltr'><strong>jacula</strong></span> <span class='ocrx_word' id='word_1_509' title='bbox 2286 2273 2640 2343; x_wconf 80' lang='lat' dir='ltr'><strong>detorquent.</strong></span> 
     </span>
    </p>
   </div>
   <div class='ocr_carea' id='block_1_68' title="bbox 2677 2362 3060 2421">
    <p class='ocr_par' dir='ltr' id='par_1_68' title="bbox 2677 2362 3060 2421">
     <span class='ocr_line' id='line_1_68' title="bbox 2677 2362 3060 2421; baseline -0.008 0"><span class='ocrx_word' id='word_1_510' title='bbox 2677 2364 2830 2421; x_wconf 81' lang='lat' dir='ltr'><strong>CAP.</strong></span> <span class='ocrx_word' id='word_1_511' title='bbox 2870 2362 3060 2419; x_wconf 78' lang='lat' dir='ltr'>XXIII.</span> 
     </span>
    </p>
   </div>
   <div class='ocr_carea' id='block_1_69' title="bbox 2148 2451 3665 2525">
    <p class='ocr_par' dir='ltr' id='par_1_69' title="bbox 2148 2451 3665 2525">
     <span class='ocr_line' id='line_1_69' title="bbox 2148 2451 3665 2525; baseline -0.003 -15"><span class='ocrx_word' id='word_1_512' title='bbox 2148 2453 2483 2525; x_wconf 82' lang='lat' dir='ltr'><strong>Conjunctio</strong></span> <span class='ocrx_word' id='word_1_513' title='bbox 2509 2454 2815 2510; x_wconf 91' lang='lat' dir='ltr'><strong>secundum</strong></span> <span class='ocrx_word' id='word_1_514' title='bbox 2849 2469 3160 2525; x_wconf 89' lang='lat' dir='ltr'><strong>personam,</strong></span> <span class='ocrx_word' id='word_1_515' title='bbox 3190 2468 3286 2507; x_wconf 91' lang='lat' dir='ltr'><strong>seu</strong></span> <span class='ocrx_word' id='word_1_516' title='bbox 3325 2451 3456 2505; x_wconf 88' lang='lat' dir='ltr'><strong>unio</strong></span> <span class='ocrx_word' id='word_1_517' title='bbox 3487 2451 3580 2505; x_wconf 92' lang='lat' dir='ltr'><strong>Dei</strong></span> <span class='ocrx_word' id='word_1_518' title='bbox 3608 2457 3665 2506; x_wconf 88' lang='lat' dir='ltr'><strong>et</strong></span> 
     </span>
    </p>
   </div>
   <div class='ocr_carea' id='block_1_70' title="bbox 2081 2545 3666 2617">
    <p class='ocr_par' dir='ltr' id='par_1_70' title="bbox 2081 2545 3666 2617">
     <span class='ocr_line' id='line_1_70' title="bbox 2081 2545 3666 2617; baseline -0.001 -17"><span class='ocrx_word' id='word_1_519' title='bbox 2081 2547 2321 2602; x_wconf 88' lang='lat' dir='ltr'><strong>hominis</strong></span> <span class='ocrx_word' id='word_1_520' title='bbox 2342 2587 2356 2610; x_wconf 95' lang='lat'><strong>,</strong></span> <span class='ocrx_word' id='word_1_521' title='bbox 2382 2547 2468 2601; x_wconf 85' lang='lat' dir='ltr'><strong>vel</strong></span> <span class='ocrx_word' id='word_1_522' title='bbox 2496 2556 2580 2602; x_wconf 90' lang='lat' dir='ltr'><strong>est</strong></span> <span class='ocrx_word' id='word_1_523' title='bbox 2596 2562 2762 2617; x_wconf 87' lang='lat' dir='ltr'><strong>supra</strong></span> <span class='ocrx_word' id='word_1_524' title='bbox 2783 2557 3032 2601; x_wconf 90' lang='lat' dir='ltr'><strong>naturam</strong></span> <span class='ocrx_word' id='word_1_525' title='bbox 3060 2545 3485 2609; x_wconf 89' lang='lat' dir='ltr'><strong>divinitatis,ch</strong></span> <span class='ocrx_word' id='word_1_526' title='bbox 3511 2554 3666 2599; x_wconf 88' lang='lat' dir='ltr'><strong>extra</strong></span> 
     </span>
    </p>
   </div>
   <div class='ocr_carea' id='block_1_71' title="bbox 2079 2638 3666 2703">
    <p class='ocr_par' dir='ltr' id='par_1_71' title="bbox 2079 2638 3666 2703">
     <span class='ocr_line' id='line_1_71' title="bbox 2079 2638 3666 2703; baseline -0.001 -12"><span class='ocrx_word' id='word_1_527' title='bbox 2079 2647 2356 2703; x_wconf 89' lang='lat' dir='ltr'><strong>naturam,</strong></span> <span class='ocrx_word' id='word_1_528' title='bbox 2409 2638 2494 2692; x_wconf 93' lang='lat' dir='ltr'><strong>vel</strong></span> <span class='ocrx_word' id='word_1_529' title='bbox 2540 2638 2844 2692; x_wconf 91' lang='lat' dir='ltr'><strong>secundum</strong></span> <span class='ocrx_word' id='word_1_530' title='bbox 2872 2646 3152 2702; x_wconf 90' lang='lat' dir='ltr'><strong>naturam,</strong></span> <span class='ocrx_word' id='word_1_531' title='bbox 3207 2638 3250 2692; x_wconf 91' lang='lat' dir='ltr'><strong>si</strong></span> <span class='ocrx_word' id='word_1_532' title='bbox 3305 2644 3485 2690; x_wconf 85' lang='lat' dir='ltr'><strong>tamen</strong></span> <span class='ocrx_word' id='word_1_533' title='bbox 3532 2651 3666 2689; x_wconf 88' lang='lat' dir='ltr'><strong>vere</strong></span> 
     </span>
    </p>
   </div>
   <div class='ocr_carea' id='block_1_72' title="bbox 2079 2728 3667 2802">
    <p class='ocr_par' dir='ltr' id='par_1_72' title="bbox 2079 2728 3667 2802">
     <span class='ocr_line' id='line_1_72' title="bbox 2079 2728 3667 2802; baseline -0.003 -17"><span class='ocrx_word' id='word_1_534' title='bbox 2079 2730 2324 2799; x_wconf 78' lang='lat' dir='ltr'><strong>exsistit;</strong></span> <span class='ocrx_word' id='word_1_535' title='bbox 2357 2731 2454 2786; x_wconf 91' lang='lat' dir='ltr'><strong>sed</strong></span> <span class='ocrx_word' id='word_1_536' title='bbox 2496 2731 2541 2785; x_wconf 87' lang='lat' dir='ltr'><strong>si</strong></span> <span class='ocrx_word' id='word_1_537' title='bbox 2593 2746 2760 2802; x_wconf 89' lang='lat' dir='ltr'><strong>supra</strong></span> <span class='ocrx_word' id='word_1_538' title='bbox 2809 2739 3083 2795; x_wconf 89' lang='lat' dir='ltr'><strong>naturam,</strong></span> <span class='ocrx_word' id='word_1_539' title='bbox 3138 2729 3191 2782; x_wconf 92' lang='lat' dir='ltr'><strong>in</strong></span> <span class='ocrx_word' id='word_1_540' title='bbox 3238 2744 3300 2783; x_wconf 90' lang='lat' dir='ltr'><strong>ea</strong></span> <span class='ocrx_word' id='word_1_541' title='bbox 3346 2728 3667 2798; x_wconf 83' lang='lat' dir='ltr'><strong>supervenit</strong></span> 
     </span>
    </p>
   </div>
   <div class='ocr_carea' id='block_1_73' title="bbox 2078 2819 3665 2896">
    <p class='ocr_par' dir='ltr' id='par_1_73' title="bbox 2078 2819 3665 2896">
     <span class='ocr_line' id='line_1_73' title="bbox 2078 2819 3665 2896; baseline -0.003 -16"><span class='ocrx_word' id='word_1_542' title='bbox 2078 2841 2218 2896; x_wconf 91' lang='lat' dir='ltr'><strong>opus</strong></span> <span class='ocrx_word' id='word_1_543' title='bbox 2251 2825 2473 2896; x_wconf 86' lang='lat' dir='ltr'><strong>majoris</strong></span> <span class='ocrx_word' id='word_1_544' title='bbox 2513 2825 2794 2895; x_wconf 71' lang='lat' dir='ltr'><strong>potentire,</strong></span> <span class='ocrx_word' id='word_1_545' title='bbox 2822 2833 2879 2879; x_wconf 91' lang='lat' dir='ltr'><strong>et</strong></span> <span class='ocrx_word' id='word_1_546' title='bbox 2907 2839 3073 2892; x_wconf 87' lang='lat' dir='ltr'><strong>super</strong></span> <span class='ocrx_word' id='word_1_547' title='bbox 3106 2839 3164 2877; x_wconf 91' lang='lat' dir='ltr'><strong>se</strong></span> <span class='ocrx_word' id='word_1_548' title='bbox 3191 2830 3351 2877; x_wconf 84' lang='lat' dir='ltr'><strong>aucta</strong></span> <span class='ocrx_word' id='word_1_549' title='bbox 3371 2830 3486 2885; x_wconf 86' lang='lat' dir='ltr'><strong>est;</strong></span> <span class='ocrx_word' id='word_1_550' title='bbox 3519 2819 3665 2875; x_wconf 86' lang='lat' dir='ltr'><strong>unde</strong></span> 
     </span>
    </p>
   </div>
   <div class='ocr_carea' id='block_1_74' title="bbox 2079 2912 3662 2987">
    <p class='ocr_par' dir='ltr' id='par_1_74' title="bbox 2079 2912 3662 2987">
     <span class='ocr_line' id='line_1_74' title="bbox 2079 2912 3662 2987; baseline -0.006 -14"><span class='ocrx_word' id='word_1_551' title='bbox 2079 2935 2186 2974; x_wconf 90' lang='lat' dir='ltr'><strong>non</strong></span> <span class='ocrx_word' id='word_1_552' title='bbox 2220 2926 2306 2974; x_wconf 87' lang='lat' dir='ltr'><strong>est</strong></span> <span class='ocrx_word' id='word_1_553' title='bbox 2330 2918 2700 2987; x_wconf 89' lang='lat' dir='ltr'><strong>omnipotens,</strong></span> <span class='ocrx_word' id='word_1_554' title='bbox 2729 2930 2833 2970; x_wconf 89' lang='lat' dir='ltr'><strong>nec</strong></span> <span class='ocrx_word' id='word_1_555' title='bbox 2864 2930 3083 2969; x_wconf 91' lang='lat' dir='ltr'><strong>omnem</strong></span> <span class='ocrx_word' id='word_1_556' title='bbox 3125 2913 3392 2966; x_wconf 84' lang='lat' dir='ltr'><strong>rationem</strong></span> <span class='ocrx_word' id='word_1_557' title='bbox 3425 2912 3662 2983; x_wconf 72' lang='lat' dir='ltr'><strong>excedit.</strong></span> 
     </span>
    </p>
   </div>
   <div class='ocr_carea' id='block_1_75' title="bbox 2077 3003 3664 3076">
    <p class='ocr_par' dir='ltr' id='par_1_75' title="bbox 2077 3003 3664 3076">
     <span class='ocr_line' id='line_1_75' title="bbox 2077 3003 3664 3076; baseline -0.006 -10"><span class='ocrx_word' id='word_1_558' title='bbox 2077 3011 2134 3066; x_wconf 93' lang='lat' dir='ltr'><strong>Si</strong></span> <span class='ocrx_word' id='word_1_559' title='bbox 2181 3020 2364 3065; x_wconf 89' lang='lat' dir='ltr'><strong>autem</strong></span> <span class='ocrx_word' id='word_1_560' title='bbox 2396 3017 2551 3064; x_wconf 81' lang='lat' dir='ltr'><strong>extra</strong></span> <span class='ocrx_word' id='word_1_561' title='bbox 2579 3017 2856 3072; x_wconf 86' lang='lat' dir='ltr'><strong>naturam,</strong></span> <span class='ocrx_word' id='word_1_562' title='bbox 2887 3008 3067 3076; x_wconf 85' lang='lat' dir='ltr'><strong>seipsa</strong></span> <span class='ocrx_word' id='word_1_563' title='bbox 3101 3005 3283 3058; x_wconf 89' lang='lat' dir='ltr'><strong>minor</strong></span> <span class='ocrx_word' id='word_1_564' title='bbox 3318 3003 3456 3058; x_wconf 89' lang='lat' dir='ltr'><strong>facta</strong></span> <span class='ocrx_word' id='word_1_565' title='bbox 3490 3011 3575 3057; x_wconf 86' lang='lat' dir='ltr'><strong>est</strong></span> <span class='ocrx_word' id='word_1_566' title='bbox 3608 3013 3664 3057; x_wconf 85' lang='lat' dir='ltr'><strong>et</strong></span> 
     </span>
    </p>
   </div>
   <div class='ocr_carea' id='block_1_76' title="bbox 2079 3096 3660 3172">
    <p class='ocr_par' dir='ltr' id='par_1_76' title="bbox 2079 3096 3660 3172">
     <span class='ocr_line' id='line_1_76' title="bbox 2079 3096 3660 3172; baseline -0.006 -15"><span class='ocrx_word' id='word_1_567' title='bbox 2079 3103 2361 3157; x_wconf 88' lang='lat' dir='ltr'><strong>mutabilis</strong></span> <span class='ocrx_word' id='word_1_568' title='bbox 2378 3109 2626 3172; x_wconf 81' lang='lat' dir='ltr'><strong>apparet.</strong></span> <span class='ocrx_word' id='word_1_569' title='bbox 2659 3109 2712 3155; x_wconf 90' lang='lat' dir='ltr'><strong>et</strong></span> <span class='ocrx_word' id='word_1_570' title='bbox 2738 3101 2792 3154; x_wconf 92' lang='lat' dir='ltr'><strong>in</strong></span> <span class='ocrx_word' id='word_1_571' title='bbox 2815 3098 3262 3154; x_wconf 87' lang='lat' dir='ltr'><strong>extenuationem</strong></span> <span class='ocrx_word' id='word_1_572' title='bbox 3287 3096 3509 3166; x_wconf 86' lang='lat' dir='ltr'><strong>delapsa</strong></span> <span class='ocrx_word' id='word_1_573' title='bbox 3536 3105 3660 3160; x_wconf 81' lang='lat' dir='ltr'><strong>est;</strong></span> 
     </span>
    </p>
   </div>
   <div class='ocr_carea' id='block_1_77' title="bbox 2079 3188 3665 3264">
    <p class='ocr_par' dir='ltr' id='par_1_77' title="bbox 2079 3188 3665 3264">
     <span class='ocr_line' id='line_1_77' title="bbox 2079 3188 3665 3264; baseline -0.006 -13"><span class='ocrx_word' id='word_1_574' title='bbox 2079 3195 2121 3251; x_wconf 79' lang='lat' dir='ltr'><strong>si</strong></span> <span class='ocrx_word' id='word_1_575' title='bbox 2144 3196 2447 3264; x_wconf 82' lang='lat' dir='ltr'><strong>vcrojuxta</strong></span> <span class='ocrx_word' id='word_1_576' title='bbox 2480 3201 2756 3256; x_wconf 86' lang='lat' dir='ltr'><strong>naturam,</strong></span> <span class='ocrx_word' id='word_1_577' title='bbox 2786 3207 2966 3261; x_wconf 91' lang='lat' dir='ltr'><strong>neque</strong></span> <span class='ocrx_word' id='word_1_578' title='bbox 2997 3206 3061 3245; x_wconf 89' lang='lat' dir='ltr'><strong>ex</strong></span> <span class='ocrx_word' id='word_1_579' title='bbox 3089 3188 3266 3260; x_wconf 84' lang='lat' dir='ltr'><strong>gratia</strong></span> <span class='ocrx_word' id='word_1_580' title='bbox 3299 3188 3463 3244; x_wconf 86' lang='lat' dir='ltr'><strong>Verbi</strong></span> <span class='ocrx_word' id='word_1_581' title='bbox 3487 3189 3665 3242; x_wconf 89' lang='lat' dir='ltr'><strong>incar-</strong></span> 
     </span>
    </p>
   </div>
   <div class='ocr_carea' id='block_1_78' title="bbox 2086 3280 3662 3355">
    <p class='ocr_par' dir='ltr' id='par_1_78' title="bbox 2086 3280 3662 3355">
     <span class='ocr_line' id='line_1_78' title="bbox 2086 3280 3662 3355; baseline -0.006 -14"><span class='ocrx_word' id='word_1_582' title='bbox 2086 3285 2256 3348; x_wconf 92' lang='lat' dir='ltr'><strong>natio,</strong></span> <span class='ocrx_word' id='word_1_583' title='bbox 2278 3300 2458 3355; x_wconf 89' lang='lat' dir='ltr'><strong>neque</strong></span> <span class='ocrx_word' id='word_1_584' title='bbox 2481 3285 2654 3338; x_wconf 90' lang='lat' dir='ltr'><strong>solius</strong></span> <span class='ocrx_word' id='word_1_585' title='bbox 2673 3283 2819 3346; x_wconf 86' lang='lat' dir='ltr'><strong>Filii,</strong></span> <span class='ocrx_word' id='word_1_586' title='bbox 2838 3282 2933 3337; x_wconf 84' lang='lat' dir='ltr'><strong>sed</strong></span> <span class='ocrx_word' id='word_1_587' title='bbox 2952 3290 3007 3335; x_wconf 91' lang='lat' dir='ltr'><strong>et</strong></span> <span class='ocrx_word' id='word_1_588' title='bbox 3028 3280 3662 3350; x_wconf 83' lang='lat' dir='ltr'><strong>PatrisetSpiritussan-</strong></span> 
     </span>
    </p>
   </div>
   <div class='ocr_carea' id='block_1_79' title="bbox 2085 3372 3663 3445">
    <p class='ocr_par' dir='ltr' id='par_1_79' title="bbox 2085 3372 3663 3445">
     <span class='ocr_line' id='line_1_79' title="bbox 2085 3372 3663 3445; baseline -0.004 -13"><span class='ocrx_word' id='word_1_589' title='bbox 2085 3378 2190 3432; x_wconf 90' lang='lat' dir='ltr'><strong>cti:</strong></span> <span class='ocrx_word' id='word_1_590' title='bbox 2215 3377 2309 3432; x_wconf 90' lang='lat' dir='ltr'><strong>sed</strong></span> <span class='ocrx_word' id='word_1_591' title='bbox 2332 3385 2388 3431; x_wconf 91' lang='lat' dir='ltr'><strong>et</strong></span> <span class='ocrx_word' id='word_1_592' title='bbox 2409 3391 2532 3441; x_wconf 89' lang='lat' dir='ltr'><strong>cur,</strong></span> <span class='ocrx_word' id='word_1_593' title='bbox 2557 3374 2602 3430; x_wconf 89' lang='lat' dir='ltr'><strong>si</strong></span> <span class='ocrx_word' id='word_1_594' title='bbox 2623 3375 2691 3430; x_wconf 88' lang='lat' dir='ltr'><strong>sit</strong></span> <span class='ocrx_word' id='word_1_595' title='bbox 2715 3376 2869 3445; x_wconf 83' lang='lat' dir='ltr'><strong>juxta</strong></span> <span class='ocrx_word' id='word_1_596' title='bbox 2892 3383 3168 3437; x_wconf 90' lang='lat' dir='ltr'><strong>naturam,</strong></span> <span class='ocrx_word' id='word_1_597' title='bbox 3188 3387 3299 3426; x_wconf 90' lang='lat' dir='ltr'><strong>non</strong></span> <span class='ocrx_word' id='word_1_598' title='bbox 3330 3381 3489 3426; x_wconf 83' lang='lat' dir='ltr'><strong>antea</strong></span> <span class='ocrx_word' id='word_1_599' title='bbox 3522 3372 3663 3426; x_wconf 85' lang='lat' dir='ltr'><strong>facta</strong></span> 
     </span>
    </p>
   </div>
   <div class='ocr_carea' id='block_1_80' title="bbox 2084 3467 3660 3542">
    <p class='ocr_par' dir='ltr' id='par_1_80' title="bbox 2084 3467 3660 3542">
     <span class='ocr_line' id='line_1_80' title="bbox 2084 3467 3660 3542; baseline -0.004 -14"><span class='ocrx_word' id='word_1_600' title='bbox 2084 3482 2186 3537; x_wconf 88' lang='lat' dir='ltr'><strong>est,</strong></span> <span class='ocrx_word' id='word_1_601' title='bbox 2212 3471 2306 3527; x_wconf 89' lang='lat' dir='ltr'><strong>sed</strong></span> <span class='ocrx_word' id='word_1_602' title='bbox 2327 3487 2498 3534; x_wconf 90' lang='lat' dir='ltr'><strong>nunc,</strong></span> <span class='ocrx_word' id='word_1_603' title='bbox 2515 3471 2672 3542; x_wconf 87' lang='lat' dir='ltr'><strong>quasi</strong></span> <span class='ocrx_word' id='word_1_604' title='bbox 2698 3479 2894 3525; x_wconf 88' lang='lat' dir='ltr'><strong>natura</strong></span> <span class='ocrx_word' id='word_1_605' title='bbox 2921 3471 3078 3541; x_wconf 90' lang='lat' dir='ltr'><strong>prius</strong></span> <span class='ocrx_word' id='word_1_606' title='bbox 3101 3469 3421 3539; x_wconf 86' lang='lat' dir='ltr'><strong>imperfecta</strong></span> <span class='ocrx_word' id='word_1_607' title='bbox 3444 3467 3660 3526; x_wconf 83' lang='lat' dir='ltr'><strong>fuisset.</strong></span> 
     </span>
    </p>
   </div>
   <div class='ocr_carea' id='block_1_81' title="bbox 2083 3560 3663 3635">
    <p class='ocr_par' dir='ltr' id='par_1_81' title="bbox 2083 3560 3663 3635">
     <span class='ocr_line' id='line_1_81' title="bbox 2083 3560 3663 3635; baseline -0.004 -15"><span class='ocrx_word' id='word_1_608' title='bbox 2083 3574 2141 3620; x_wconf 81' lang='lat' dir='ltr'><strong>et</strong></span> <span class='ocrx_word' id='word_1_609' title='bbox 2178 3580 2326 3620; x_wconf 91' lang='lat' dir='ltr'><strong>nunc</strong></span> <span class='ocrx_word' id='word_1_610' title='bbox 2371 3565 2440 3620; x_wconf 89' lang='lat' dir='ltr'><strong>de</strong></span> <span class='ocrx_word' id='word_1_611' title='bbox 2471 3564 2720 3635; x_wconf 86' lang='lat' dir='ltr'><strong>potentia</strong></span> <span class='ocrx_word' id='word_1_612' title='bbox 2754 3563 2824 3618; x_wconf 90' lang='lat' dir='ltr'><strong>ad</strong></span> <span class='ocrx_word' id='word_1_613' title='bbox 2880 3573 3065 3618; x_wconf 88' lang='lat' dir='ltr'><strong>actum</strong></span> <span class='ocrx_word' id='word_1_614' title='bbox 3121 3561 3407 3616; x_wconf 85' lang='lat' dir='ltr'><strong>transierit</strong></span> <span class='ocrx_word' id='word_1_615' title='bbox 3437 3560 3460 3613; x_wconf 88' lang='lat'><strong>?</strong></span> <span class='ocrx_word' id='word_1_616' title='bbox 3485 3560 3592 3614; x_wconf 90' lang='lat' dir='ltr'><strong>Sed</strong></span> <span class='ocrx_word' id='word_1_617' title='bbox 3619 3561 3663 3613; x_wconf 86' lang='lat' dir='ltr'><strong>si</strong></span> 
     </span>
    </p>
   </div>
   <div class='ocr_carea' id='block_1_82' title="bbox 2085 3652 3665 3723">
    <p class='ocr_par' dir='ltr' id='par_1_82' title="bbox 2085 3652 3665 3723">
     <span class='ocr_line' id='line_1_82' title="bbox 2085 3652 3665 3723; baseline -0.004 -13"><span class='ocrx_word' id='word_1_618' title='bbox 2085 3659 2270 3712; x_wconf 87' lang='lat' dir='ltr'><strong>omnia</strong></span> <span class='ocrx_word' id='word_1_619' title='bbox 2294 3657 2409 3712; x_wconf 70' lang='lat' dir='ltr'><strong>lucc</strong></span> <span class='ocrx_word' id='word_1_620' title='bbox 2446 3657 2502 3711; x_wconf 91' lang='lat' dir='ltr'><strong>in</strong></span> <span class='ocrx_word' id='word_1_621' title='bbox 2535 3656 2648 3712; x_wconf 84' lang='lat' dir='ltr'><strong>Deo</strong></span> <span class='ocrx_word' id='word_1_622' title='bbox 2690 3664 2821 3710; x_wconf 89' lang='lat' dir='ltr'><strong>sunt</strong></span> <span class='ocrx_word' id='word_1_623' title='bbox 2843 3655 3104 3719; x_wconf 89' lang='lat' dir='ltr'><strong>absurda,</strong></span> <span class='ocrx_word' id='word_1_624' title='bbox 3141 3669 3244 3707; x_wconf 91' lang='lat' dir='ltr'><strong>nec</strong></span> <span class='ocrx_word' id='word_1_625' title='bbox 3271 3652 3665 3723; x_wconf 88' lang='lat' dir='ltr'><strong>possintaliter</strong></span> 
     </span>
    </p>
   </div>
   <div class='ocr_carea' id='block_1_83' title="bbox 2086 3745 3662 3822">
    <p class='ocr_par' dir='ltr' id='par_1_83' title="bbox 2086 3745 3662 3822">
     <span class='ocr_line' id='line_1_83' title="bbox 2086 3745 3662 3822; baseline -0.006 -17"><span class='ocrx_word' id='word_1_626' title='bbox 2086 3751 2344 3822; x_wconf 81' lang='lat' dir='ltr'><strong>conjungi</strong></span> <span class='ocrx_word' id='word_1_627' title='bbox 2369 3760 2602 3816; x_wconf 70' lang='lat' dir='ltr'><strong>naturae,</strong></span> <span class='ocrx_word' id='word_1_628' title='bbox 2623 3750 2708 3804; x_wconf 91' lang='lat' dir='ltr'><strong>vel</strong></span> <span class='ocrx_word' id='word_1_629' title='bbox 2733 3748 2972 3804; x_wconf 88' lang='lat' dir='ltr'><strong>absurde</strong></span> <span class='ocrx_word' id='word_1_630' title='bbox 2991 3747 3365 3818; x_wconf 80' lang='lat' dir='ltr'><strong>conjungitur,</strong></span> <span class='ocrx_word' id='word_1_631' title='bbox 3381 3745 3662 3816; x_wconf 81' lang='lat' dir='ltr'><strong>inquiunt,</strong></span> 
     </span>
    </p>
   </div>
   <div class='ocr_carea' id='block_1_84' title="bbox 2087 3838 3664 3911">
    <p class='ocr_par' dir='ltr' id='par_1_84' title="bbox 2087 3838 3664 3911">
     <span class='ocr_line' id='line_1_84' title="bbox 2087 3838 3664 3911; baseline -0.004 -14"><span class='ocrx_word' id='word_1_632' title='bbox 2087 3843 2172 3899; x_wconf 85' lang='lat' dir='ltr'><strong>vel</strong></span> <span class='ocrx_word' id='word_1_633' title='bbox 2212 3843 2438 3898; x_wconf 91' lang='lat' dir='ltr'><strong>omnino</strong></span> <span class='ocrx_word' id='word_1_634' title='bbox 2482 3858 2592 3896; x_wconf 92' lang='lat' dir='ltr'><strong>non</strong></span> <span class='ocrx_word' id='word_1_635' title='bbox 2643 3841 2998 3911; x_wconf 84' lang='lat' dir='ltr'><strong>conjungitur</strong></span> <span class='ocrx_word' id='word_1_636' title='bbox 3028 3849 3227 3893; x_wconf 89' lang='lat' dir='ltr'><strong>natura</strong></span> <span class='ocrx_word' id='word_1_637' title='bbox 3271 3838 3458 3892; x_wconf 80' lang='lat' dir='ltr'><strong>divina</strong></span> <span class='ocrx_word' id='word_1_638' title='bbox 3505 3839 3664 3892; x_wconf 89' lang='lat' dir='ltr'><strong>alteri</strong></span> 
     </span>
    </p>
   </div>
   <div class='ocr_carea' id='block_1_85' title="bbox 2089 3929 3664 3999">
    <p class='ocr_par' dir='ltr' id='par_1_85' title="bbox 2089 3929 3664 3999">
     <span class='ocr_line' id='line_1_85' title="bbox 2089 3929 3664 3999; baseline -0.002 -13"><span class='ocrx_word' id='word_1_639' title='bbox 2089 3941 2320 3988; x_wconf 70' lang='lat' dir='ltr'><strong>naturae.</strong></span> <span class='ocrx_word' id='word_1_640' title='bbox 2361 3932 2470 3988; x_wconf 91' lang='lat' dir='ltr'><strong>Sed</strong></span> <span class='ocrx_word' id='word_1_641' title='bbox 2520 3935 2593 3988; x_wconf 88' lang='lat' dir='ltr'><strong>ita</strong></span> <span class='ocrx_word' id='word_1_642' title='bbox 2647 3940 2795 3987; x_wconf 90' lang='lat' dir='ltr'><strong>esset</strong></span> <span class='ocrx_word' id='word_1_643' title='bbox 2845 3933 2916 3997; x_wconf 90' lang='lat' dir='ltr'><strong>si,</strong></span> <span class='ocrx_word' id='word_1_644' title='bbox 2978 3931 3084 3987; x_wconf 89' lang='lat' dir='ltr'><strong>hoc</strong></span> <span class='ocrx_word' id='word_1_645' title='bbox 3130 3929 3454 3999; x_wconf 86' lang='lat' dir='ltr'><strong>simpliciter</strong></span> <span class='ocrx_word' id='word_1_646' title='bbox 3498 3930 3664 3994; x_wconf 88' lang='lat' dir='ltr'><strong>facto,</strong></span> 
     </span>
    </p>
   </div>
   <div class='ocr_carea' id='block_1_86' title="bbox 2087 4023 3667 4092">
    <p class='ocr_par' dir='ltr' id='par_1_86' title="bbox 2087 4023 3667 4092">
     <span class='ocr_line' id='line_1_86' title="bbox 2087 4023 3667 4092; baseline -0.003 -13"><span class='ocrx_word' id='word_1_647' title='bbox 2087 4034 2285 4079; x_wconf 89' lang='lat' dir='ltr'><strong>natura</strong></span> <span class='ocrx_word' id='word_1_648' title='bbox 2331 4033 2478 4080; x_wconf 87' lang='lat' dir='ltr'><strong>esset</strong></span> <span class='ocrx_word' id='word_1_649' title='bbox 2529 4040 2697 4081; x_wconf 88' lang='lat' dir='ltr'><strong>causa</strong></span> <span class='ocrx_word' id='word_1_650' title='bbox 2735 4023 3050 4079; x_wconf 90' lang='lat' dir='ltr'><strong>immediata</strong></span> <span class='ocrx_word' id='word_1_651' title='bbox 3085 4040 3098 4076; x_wconf 90' lang='lat'><strong>:</strong></span> <span class='ocrx_word' id='word_1_652' title='bbox 3135 4037 3374 4092; x_wconf 85' lang='lat' dir='ltr'><strong>namque</strong></span> <span class='ocrx_word' id='word_1_653' title='bbox 3423 4037 3532 4076; x_wconf 90' lang='lat' dir='ltr'><strong>non</strong></span> <span class='ocrx_word' id='word_1_654' title='bbox 3567 4039 3667 4075; x_wconf 83' lang='lat' dir='ltr'><strong>na-</strong></span> 
     </span>
    </p>
   </div>
   <div class='ocr_carea' id='block_1_87' title="bbox 2089 4115 3667 4188">
    <p class='ocr_par' dir='ltr' id='par_1_87' title="bbox 2089 4115 3667 4188">
     <span class='ocr_line' id='line_1_87' title="bbox 2089 4115 3667 4188; baseline -0.001 -17"><span class='ocrx_word' id='word_1_655' title='bbox 2089 4127 2202 4172; x_wconf 83' lang='lat' dir='ltr'><strong>tare</strong></span> <span class='ocrx_word' id='word_1_656' title='bbox 2233 4117 2288 4171; x_wconf 93' lang='lat' dir='ltr'><strong>in</strong></span> <span class='ocrx_word' id='word_1_657' title='bbox 2323 4119 2501 4187; x_wconf 87' lang='lat' dir='ltr'><strong>aquis,</strong></span> <span class='ocrx_word' id='word_1_658' title='bbox 2531 4133 2640 4172; x_wconf 92' lang='lat' dir='ltr'><strong>non</strong></span> <span class='ocrx_word' id='word_1_659' title='bbox 2674 4117 2728 4171; x_wconf 90' lang='lat' dir='ltr'><strong>in</strong></span> <span class='ocrx_word' id='word_1_660' title='bbox 2770 4123 2939 4188; x_wconf 88' lang='lat' dir='ltr'><strong>caput</strong></span> <span class='ocrx_word' id='word_1_661' title='bbox 2973 4117 3194 4182; x_wconf 87' lang='lat' dir='ltr'><strong>saltare,</strong></span> <span class='ocrx_word' id='word_1_662' title='bbox 3230 4127 3327 4172; x_wconf 88' lang='lat' dir='ltr'><strong>aut</strong></span> <span class='ocrx_word' id='word_1_663' title='bbox 3359 4115 3414 4170; x_wconf 92' lang='lat' dir='ltr'><strong>in</strong></span> <span class='ocrx_word' id='word_1_664' title='bbox 3447 4115 3667 4170; x_wconf 92' lang='lat' dir='ltr'><strong>rudenti</strong></span> 
     </span>
    </p>
   </div>
   <div class='ocr_carea' id='block_1_88' title="bbox 2088 4208 3670 4280">
    <p class='ocr_par' dir='ltr' id='par_1_88' title="bbox 2088 4208 3670 4280">
     <span class='ocr_line' id='line_1_88' title="bbox 2088 4208 3670 4280; baseline -0.001 -16"><span class='ocrx_word' id='word_1_665' title='bbox 2088 4210 2371 4265; x_wconf 87' lang='lat' dir='ltr'><strong>ambulare</strong></span> <span class='ocrx_word' id='word_1_666' title='bbox 2408 4211 2618 4266; x_wconf 90' lang='lat' dir='ltr'><strong>huncce</strong></span> <span class='ocrx_word' id='word_1_667' title='bbox 2663 4210 2968 4275; x_wconf 90' lang='lat' dir='ltr'><strong>hominem,</strong></span> <span class='ocrx_word' id='word_1_668' title='bbox 3015 4209 3294 4280; x_wconf 91' lang='lat' dir='ltr'><strong>quomodo</strong></span> <span class='ocrx_word' id='word_1_669' title='bbox 3353 4208 3479 4279; x_wconf 89' lang='lat' dir='ltr'><strong>quis</strong></span> <span class='ocrx_word' id='word_1_670' title='bbox 3520 4208 3670 4262; x_wconf 87' lang='lat' dir='ltr'><strong>dicat</strong></span> 
     </span>
    </p>
   </div>
   <div class='ocr_carea' id='block_1_89' title="bbox 2090 4301 3669 4374">
    <p class='ocr_par' dir='ltr' id='par_1_89' title="bbox 2090 4301 3669 4374">
     <span class='ocr_line' id='line_1_89' title="bbox 2090 4301 3669 4374; baseline -0.001 -18"><span class='ocrx_word' id='word_1_671' title='bbox 2090 4303 2205 4357; x_wconf 71' lang='lat' dir='ltr'><strong>hsce</strong></span> <span class='ocrx_word' id='word_1_672' title='bbox 2259 4318 2424 4373; x_wconf 88' lang='lat' dir='ltr'><strong>supra</strong></span> <span class='ocrx_word' id='word_1_673' title='bbox 2473 4311 2726 4358; x_wconf 91' lang='lat' dir='ltr'><strong>naturam</strong></span> <span class='ocrx_word' id='word_1_674' title='bbox 2780 4305 2901 4374; x_wconf 87' lang='lat' dir='ltr'><strong>ejus</strong></span> <span class='ocrx_word' id='word_1_675' title='bbox 2966 4304 3135 4358; x_wconf 80' lang='lat' dir='ltr'><strong>esse?</strong></span> <span class='ocrx_word' id='word_1_676' title='bbox 3193 4302 3468 4373; x_wconf 90' lang='lat' dir='ltr'><strong>siquidem</strong></span> <span class='ocrx_word' id='word_1_677' title='bbox 3525 4301 3669 4356; x_wconf 84' lang='lat' dir='ltr'><strong>alius</strong></span> 
     </span>
    </p>
   </div>
   <div class='ocr_carea' id='block_1_90' title="bbox 2089 4393 3669 4465">
    <p class='ocr_par' dir='ltr' id='par_1_90' title="bbox 2089 4393 3669 4465">
     <span class='ocr_line' id='line_1_90' title="bbox 2089 4393 3669 4465; baseline -0.002 -16"><span class='ocrx_word' id='word_1_678' title='bbox 2089 4394 2334 4465; x_wconf 86' lang='lat' dir='ltr'><strong>ejusdem</strong></span> <span class='ocrx_word' id='word_1_679' title='bbox 2373 4403 2582 4449; x_wconf 76' lang='lat' dir='ltr'><strong>natura:</strong></span> <span class='ocrx_word' id='word_1_680' title='bbox 2612 4395 2728 4450; x_wconf 72' lang='lat' dir='ltr'><strong>hzec</strong></span> <span class='ocrx_word' id='word_1_681' title='bbox 2756 4395 2888 4450; x_wconf 85' lang='lat' dir='ltr'><strong>facit</strong></span> <span class='ocrx_word' id='word_1_682' title='bbox 2913 4413 2926 4449; x_wconf 90' lang='lat'><strong>:</strong></span> <span class='ocrx_word' id='word_1_683' title='bbox 2959 4403 3053 4450; x_wconf 88' lang='lat' dir='ltr'><strong>aut</strong></span> <span class='ocrx_word' id='word_1_684' title='bbox 3077 4404 3230 4450; x_wconf 83' lang='lat' dir='ltr'><strong>extra</strong></span> <span class='ocrx_word' id='word_1_685' title='bbox 3257 4393 3669 4448; x_wconf 80' lang='lat' dir='ltr'><strong>naturam?sed</strong></span> 
     </span>
    </p>
   </div>
   <div class='ocr_carea' id='block_1_91' title="bbox 2090 4485 3672 4556">
    <p class='ocr_par' dir='ltr' id='par_1_91' title="bbox 2090 4485 3672 4556">
     <span class='ocr_line' id='line_1_91' title="bbox 2090 4485 3672 4556; baseline -0.002 -16"><span class='ocrx_word' id='word_1_686' title='bbox 2090 4485 2236 4556; x_wconf 88' lang='lat' dir='ltr'><strong>quod</strong></span> <span class='ocrx_word' id='word_1_687' title='bbox 2275 4501 2340 4540; x_wconf 90' lang='lat' dir='ltr'><strong>ea</strong></span> <span class='ocrx_word' id='word_1_688' title='bbox 2378 4502 2488 4540; x_wconf 91' lang='lat' dir='ltr'><strong>non</strong></span> <span class='ocrx_word' id='word_1_689' title='bbox 2533 4485 2685 4549; x_wconf 86' lang='lat' dir='ltr'><strong>facit,</strong></span> <span class='ocrx_word' id='word_1_690' title='bbox 2732 4502 2839 4540; x_wconf 90' lang='lat' dir='ltr'><strong>non</strong></span> <span class='ocrx_word' id='word_1_691' title='bbox 2884 4487 3070 4540; x_wconf 90' lang='lat' dir='ltr'><strong>minus</strong></span> <span class='ocrx_word' id='word_1_692' title='bbox 3112 4501 3180 4540; x_wconf 93' lang='lat' dir='ltr'><strong>eo</strong></span> <span class='ocrx_word' id='word_1_693' title='bbox 3220 4493 3306 4540; x_wconf 86' lang='lat' dir='ltr'><strong>est</strong></span> <span class='ocrx_word' id='word_1_694' title='bbox 3341 4485 3543 4550; x_wconf 87' lang='lat' dir='ltr'><strong>homo;</strong></span> <span class='ocrx_word' id='word_1_695' title='bbox 3573 4493 3672 4538; x_wconf 84' lang='lat' dir='ltr'><strong>aut</strong></span> 
     </span>
    </p>
   </div>
   <div class='ocr_carea' id='block_1_92' title="bbox 404 4571 1982 4650">
    <p class='ocr_par' dir='ltr' id='par_1_92' title="bbox 404 4571 1977 4650">
     <span class='ocr_line' id='line_1_92' title="bbox 404 4571 1977 4650; baseline 0.003 -21"><span class='ocrx_word' id='word_1_696' title='bbox 404 4574 569 4642; x_wconf 85' lang='grc' dir='ltr'>φύσιν</span> <span class='ocrx_word' id='word_1_697' title='bbox 594 4593 609 4642; x_wconf 91' lang='grc'><strong>;</strong></span> <span class='ocrx_word' id='word_1_698' title='bbox 634 4576 728 4629; x_wconf 80' lang='grc' dir='ltr'>καὶ</span> <span class='ocrx_word' id='word_1_699' title='bbox 757 4575 866 4646; x_wconf 81' lang='grc' dir='ltr'>μὴν</span> <span class='ocrx_word' id='word_1_700' title='bbox 911 4575 1062 4629; x_wconf 80' lang='grc' dir='ltr'>οὐδὲν</span> <span class='ocrx_word' id='word_1_701' title='bbox 1091 4571 1256 4648; x_wconf 84' lang='grc' dir='ltr'>ἦττον</span> <span class='ocrx_word' id='word_1_702' title='bbox 1284 4575 1570 4647; x_wconf 78' lang='grc' dir='ltr'>ἄνθρωπός</span> <span class='ocrx_word' id='word_1_703' title='bbox 1603 4579 1719 4632; x_wconf 83' lang='grc' dir='ltr'>ἐστι</span> <span class='ocrx_word' id='word_1_704' title='bbox 1773 4579 1868 4633; x_wconf 77' lang='grc' dir='ltr'><strong>καὶ</strong></span> <span class='ocrx_word' id='word_1_705' title='bbox 1902 4579 1977 4650; x_wconf 82' lang='grc' dir='ltr'>μὴ</span> 
     </span>
    </p>
   </div>
   <div class='ocr_carea' id='block_1_93' title="bbox 2086 4571 3670 4650">
    <p class='ocr_par' dir='ltr' id='par_1_93' title="bbox 2086 4576 3670 4647">
     <span class='ocr_line' id='line_1_93' title="bbox 2086 4576 3670 4647; baseline -0.002 -15"><span class='ocrx_word' id='word_1_706' title='bbox 2086 4576 2386 4632; x_wconf 87' lang='lat' dir='ltr'><strong>secundum</strong></span> <span class='ocrx_word' id='word_1_707' title='bbox 2420 4577 2716 4631; x_wconf 85' lang='lat' dir='ltr'><strong>naturam?</strong></span> <span class='ocrx_word' id='word_1_708' title='bbox 2749 4576 2845 4630; x_wconf 92' lang='lat' dir='ltr'><strong>sed</strong></span> <span class='ocrx_word' id='word_1_709' title='bbox 2893 4577 3174 4647; x_wconf 88' lang='lat' dir='ltr'><strong>quomodo</strong></span> <span class='ocrx_word' id='word_1_710' title='bbox 3216 4576 3311 4646; x_wconf 90' lang='lat' dir='ltr'><strong>qui</strong></span> <span class='ocrx_word' id='word_1_711' title='bbox 3352 4593 3461 4631; x_wconf 90' lang='lat' dir='ltr'><strong>non</strong></span> <span class='ocrx_word' id='word_1_712' title='bbox 3497 4584 3670 4640; x_wconf 85' lang='lat' dir='ltr'><strong>natat,</strong></span> 
     </span>
    </p>
   </div>
   <div class='ocr_carea' id='block_1_94' title="bbox 404 4666 1986 4742">
    <p class='ocr_par' dir='ltr' id='par_1_94' title="bbox 404 4666 1986 4742">
     <span class='ocr_line' id='line_1_94' title="bbox 404 4666 1986 4742; baseline 0.003 -22"><span class='ocrx_word' id='word_1_713' title='bbox 404 4667 662 4737; x_wconf 70' lang='grc' dir='ltr'>πράττων</span> <span class='ocrx_word' id='word_1_714' title='bbox 715 4666 841 4721; x_wconf 82' lang='grc' dir='ltr'>τάδε</span> <span class='ocrx_word' id='word_1_715' title='bbox 865 4684 879 4697; x_wconf 87' lang='grc'>·</span> <span class='ocrx_word' id='word_1_716' title='bbox 911 4667 1028 4722; x_wconf 83' lang='grc' dir='ltr'>ἀλλ’</span> <span class='ocrx_word' id='word_1_717' title='bbox 1078 4667 1162 4721; x_wconf 86' lang='grc' dir='ltr'>ὃτι</span> <span class='ocrx_word' id='word_1_718' title='bbox 1219 4669 1362 4722; x_wconf 82' lang='grc' dir='ltr'>κατὰ</span> <span class='ocrx_word' id='word_1_719' title='bbox 1393 4670 1594 4740; x_wconf 82' lang='grc' dir='ltr'>φύσιν;</span> <span class='ocrx_word' id='word_1_720' title='bbox 1630 4668 1726 4724; x_wconf 73' lang='grc' dir='ltr'>καὶ</span> <span class='ocrx_word' id='word_1_721' title='bbox 1758 4669 1877 4734; x_wconf 85' lang='grc' dir='ltr'><strong>πῶς</strong></span> <span class='ocrx_word' id='word_1_722' title='bbox 1910 4670 1986 4742; x_wconf 86' lang='grc' dir='ltr'>μὴ</span> 
     </span>
    </p>
   </div>
   <div class='ocr_carea' id='block_1_95' title="bbox 404 4759 1987 4832">
    <p class='ocr_par' dir='ltr' id='par_1_95' title="bbox 404 4759 1987 4832">
     <span class='ocr_line' id='line_1_95' title="bbox 404 4759 1987 4832; baseline 0.003 -19"><span class='ocrx_word' id='word_1_723' title='bbox 404 4759 705 4831; x_wconf 80' lang='grc' dir='ltr'>νηχόμενος</span> <span class='ocrx_word' id='word_1_724' title='bbox 737 4760 770 4831; x_wconf 80' lang='grc' dir='ltr'><strong>ἢ</strong></span> <span class='ocrx_word' id='word_1_725' title='bbox 807 4759 1102 4826; x_wconf 82' lang='grc' dir='ltr'>κυὸιστῶν,</span> <span class='ocrx_word' id='word_1_726' title='bbox 1134 4760 1168 4832; x_wconf 76' lang='grc' dir='ltr'>ἢ</span> <span class='ocrx_word' id='word_1_727' title='bbox 1201 4761 1537 4816; x_wconf 79' lang='grc' dir='ltr'>καλωϐατῶν</span> <span class='ocrx_word' id='word_1_728' title='bbox 1568 4763 1628 4816; x_wconf 80' lang='grc' dir='ltr'><strong>έν</strong></span> <span class='ocrx_word' id='word_1_729' title='bbox 1675 4764 1790 4827; x_wconf 74' lang='grc' dir='ltr'>τοῖς</span> <span class='ocrx_word' id='word_1_730' title='bbox 1843 4762 1987 4817; x_wconf 87' lang='grc' dir='ltr'>κατὰ</span> 
     </span>
    </p>
   </div>
   <div class='ocr_carea' id='block_1_96' title="bbox 405 4851 1988 4925">
    <p class='ocr_par' dir='ltr' id='par_1_96' title="bbox 405 4851 1988 4925">
     <span class='ocr_line' id='line_1_96' title="bbox 405 4851 1988 4925; baseline 0.004 -22"><span class='ocrx_word' id='word_1_731' title='bbox 405 4851 570 4920; x_wconf 82' lang='grc' dir='ltr'>φύσιν</span> <span class='ocrx_word' id='word_1_732' title='bbox 593 4851 747 4906; x_wconf 80' lang='grc' dir='ltr'>οὐδὲν</span> <span class='ocrx_word' id='word_1_733' title='bbox 777 4851 999 4905; x_wconf 72' lang='grc' dir='ltr'>ἔλαττον</span> <span class='ocrx_word' id='word_1_734' title='bbox 1025 4853 1213 4920; x_wconf 72' lang='lat' dir='ltr'><strong>Eam;</strong></span> <span class='ocrx_word' id='word_1_735' title='bbox 1249 4854 1458 4908; x_wconf 81' lang='grc' dir='ltr'>Οὐκοῦν</span> <span class='ocrx_word' id='word_1_736' title='bbox 1493 4855 1683 4924; x_wconf 77' lang='grc' dir='ltr'>σαφῶς</span> <span class='ocrx_word' id='word_1_737' title='bbox 1713 4854 1856 4909; x_wconf 73' lang='grc' dir='ltr'>κατὰ</span> <span class='ocrx_word' id='word_1_738' title='bbox 1887 4857 1988 4925; x_wconf 81' lang='grc' dir='ltr'>τὴν</span> 
     </span>
    </p>
   </div>
   <div class='ocr_carea' id='block_1_97' title="bbox 404 4943 1988 5019">
    <p class='ocr_par' dir='ltr' id='par_1_97' title="bbox 404 4943 1988 5019">
     <span class='ocr_line' id='line_1_97' title="bbox 404 4943 1988 5019; baseline 0.003 -23"><span class='ocrx_word' id='word_1_739' title='bbox 404 4943 654 4998; x_wconf 75' lang='grc' dir='ltr'>εὐδοκίαν</span> <span class='ocrx_word' id='word_1_740' title='bbox 703 4945 820 4998; x_wconf 64' lang='grc' dir='ltr'>ἔστι</span> <span class='ocrx_word' id='word_1_741' title='bbox 853 4945 978 4998; x_wconf 80' lang='grc' dir='ltr'>τάδε</span> <span class='ocrx_word' id='word_1_742' title='bbox 1022 4945 1122 5016; x_wconf 85' lang='grc' dir='ltr'>τῆς</span> <span class='ocrx_word' id='word_1_743' title='bbox 1181 4945 1435 5017; x_wconf 82' lang='grc' dir='ltr'>φύσεως,</span> <span class='ocrx_word' id='word_1_744' title='bbox 1483 4950 1578 5001; x_wconf 81' lang='grc' dir='ltr'>καὶ</span> <span class='ocrx_word' id='word_1_745' title='bbox 1605 4949 1667 5002; x_wconf 84' lang='grc' dir='ltr'><strong>ού</strong></span> <span class='ocrx_word' id='word_1_746' title='bbox 1719 4947 1863 5003; x_wconf 80' lang='grc' dir='ltr'>κατὰ</span> <span class='ocrx_word' id='word_1_747' title='bbox 1889 4947 1988 5019; x_wconf 79' lang='grc' dir='ltr'>τὴν</span> 
     </span>
    </p>
   </div>
   <div class='ocr_carea' id='block_1_98' title="bbox 407 5035 1990 5110">
    <p class='ocr_par' dir='ltr' id='par_1_98' title="bbox 407 5035 1990 5110">
     <span class='ocr_line' id='line_1_98' title="bbox 407 5035 1990 5110; baseline 0.002 -21"><span class='ocrx_word' id='word_1_748' title='bbox 407 5035 570 5104; x_wconf 87' lang='grc' dir='ltr'>φύσιν</span> <span class='ocrx_word' id='word_1_749' title='bbox 591 5035 686 5090; x_wconf 84' lang='grc' dir='ltr'><strong>τοῦ</strong></span> <span class='ocrx_word' id='word_1_750' title='bbox 702 5037 1049 5102; x_wconf 75' lang='grc' dir='ltr'>εὐδοκοῦντος</span> <span class='ocrx_word' id='word_1_751' title='bbox 1072 5038 1184 5110; x_wconf 78' lang='grc' dir='ltr'>ἔχει</span> <span class='ocrx_word' id='word_1_752' title='bbox 1211 5039 1309 5110; x_wconf 82' lang='grc' dir='ltr'>τὴν</span> <span class='ocrx_word' id='word_1_753' title='bbox 1335 5039 1514 5093; x_wconf 73' lang='grc' dir='ltr'>αἰτίαν</span> <span class='ocrx_word' id='word_1_754' title='bbox 1538 5040 1790 5110; x_wconf 81' lang='grc' dir='ltr'>πρώτως.</span> <span class='ocrx_word' id='word_1_755' title='bbox 1815 5040 1990 5093; x_wconf 84' lang='grc' dir='ltr'>Τινῶν</span> 
     </span>
    </p>
   </div>
   <div class='ocr_carea' id='block_1_99' title="bbox 405 5127 1988 5202">
    <p class='ocr_par' dir='ltr' id='par_1_99' title="bbox 405 5127 1988 5202">
     <span class='ocr_line' id='line_1_99' title="bbox 405 5127 1988 5202; baseline 0.002 -21"><span class='ocrx_word' id='word_1_756' title='bbox 405 5127 517 5199; x_wconf 72' lang='grc' dir='ltr'><strong>γὰρ</strong></span> <span class='ocrx_word' id='word_1_757' title='bbox 547 5127 814 5182; x_wconf 75' lang='grc' dir='ltr'>ἐναντίων</span> <span class='ocrx_word' id='word_1_758' title='bbox 862 5129 1010 5201; x_wconf 83' lang='grc' dir='ltr'>ἀρχὴ</span> <span class='ocrx_word' id='word_1_759' title='bbox 1055 5131 1150 5182; x_wconf 66' lang='grc' dir='ltr'>καὶ</span> <span class='ocrx_word' id='word_1_760' title='bbox 1181 5130 1424 5198; x_wconf 81' lang='grc' dir='ltr'>ἐξουσία,</span> <span class='ocrx_word' id='word_1_761' title='bbox 1450 5132 1483 5202; x_wconf 84' lang='grc' dir='ltr'>ἡ</span> <span class='ocrx_word' id='word_1_762' title='bbox 1513 5132 1708 5201; x_wconf 84' lang='grc' dir='ltr'>γνώμη</span> <span class='ocrx_word' id='word_1_763' title='bbox 1743 5133 1862 5186; x_wconf 74' lang='grc' dir='ltr'>ἐστὶ</span> <span class='ocrx_word' id='word_1_764' title='bbox 1892 5132 1988 5185; x_wconf 71' lang='grc' dir='ltr'>καὶ</span> 
     </span>
    </p>
   </div>
   <div class='ocr_carea' id='block_1_100' title="bbox 405 5216 1986 5291">
    <p class='ocr_par' dir='ltr' id='par_1_100' title="bbox 405 5216 1986 5291">
     <span class='ocr_line' id='line_1_100' title="bbox 405 5216 1986 5291; baseline 0.004 -21"><span class='ocrx_word' id='word_1_765' title='bbox 405 5219 506 5289; x_wconf 83' lang='grc' dir='ltr'>οὐχ</span> <span class='ocrx_word' id='word_1_766' title='bbox 538 5221 572 5288; x_wconf 87' lang='grc' dir='ltr'>ἡ</span> <span class='ocrx_word' id='word_1_767' title='bbox 629 5216 811 5287; x_wconf 86' lang='grc' dir='ltr'>φύσις.</span> <span class='ocrx_word' id='word_1_768' title='bbox 853 5219 997 5272; x_wconf 82' lang='grc' dir='ltr'>Ἀλλ’</span> <span class='ocrx_word' id='word_1_769' title='bbox 1031 5218 1194 5290; x_wconf 82' lang='grc' dir='ltr'>αῦτη,</span> <span class='ocrx_word' id='word_1_770' title='bbox 1228 5221 1386 5290; x_wconf 77' lang='grc' dir='ltr'>φησὶ,</span> <span class='ocrx_word' id='word_1_771' title='bbox 1439 5224 1473 5291; x_wconf 78' lang='grc' dir='ltr'>ἡ</span> <span class='ocrx_word' id='word_1_772' title='bbox 1505 5221 1701 5285; x_wconf 79' lang='grc' dir='ltr'>ἓνωσις</span> <span class='ocrx_word' id='word_1_773' title='bbox 1725 5222 1820 5275; x_wconf 88' lang='grc' dir='ltr'><strong>τοῦ</strong></span> <span class='ocrx_word' id='word_1_774' title='bbox 1849 5221 1986 5276; x_wconf 88' lang='grc' dir='ltr'>Θεοῦ</span> 
     </span>
    </p>
   </div>
   <div class='ocr_carea' id='block_1_101' title="bbox 407 5310 1990 5385">
    <p class='ocr_par' dir='ltr' id='par_1_101' title="bbox 407 5310 1990 5385">
     <span class='ocr_line' id='line_1_101' title="bbox 407 5310 1990 5385; baseline 0.003 -22"><span class='ocrx_word' id='word_1_775' title='bbox 407 5310 532 5363; x_wconf 85' lang='grc' dir='ltr'>καθ’</span> <span class='ocrx_word' id='word_1_776' title='bbox 561 5311 708 5381; x_wconf 78' lang='grc' dir='ltr'>ἡμᾶς</span> <span class='ocrx_word' id='word_1_777' title='bbox 759 5313 961 5382; x_wconf 77' lang='grc' dir='ltr'>φυσικῇ</span> <span class='ocrx_word' id='word_1_778' title='bbox 1013 5311 1262 5366; x_wconf 82' lang='grc' dir='ltr'>συνθέσει</span> <span class='ocrx_word' id='word_1_779' title='bbox 1295 5313 1633 5385; x_wconf 80' lang='grc' dir='ltr'>ἀπετελέσθη</span> <span class='ocrx_word' id='word_1_780' title='bbox 1661 5329 1676 5342; x_wconf 72' lang='grc' dir='ltr'><strong>ο</strong></span> <span class='ocrx_word' id='word_1_781' title='bbox 1704 5313 1903 5385; x_wconf 83' lang='grc' dir='ltr'>γνώμῃ</span> <span class='ocrx_word' id='word_1_782' title='bbox 1931 5315 1990 5368; x_wconf 79' lang='grc' dir='ltr'>δὲ</span> 
     </span>
    </p>
   </div>
   <div class='ocr_carea' id='block_1_102' title="bbox 411 5403 1986 5477">
    <p class='ocr_par' dir='ltr' id='par_1_102' title="bbox 411 5403 1986 5477">
     <span class='ocr_line' id='line_1_102' title="bbox 411 5403 1986 5477; baseline 0.003 -21"><span class='ocrx_word' id='word_1_783' title='bbox 411 5404 518 5476; x_wconf 66' lang='grc' dir='ltr'>ἰδίᾳ</span> <span class='ocrx_word' id='word_1_784' title='bbox 550 5403 714 5473; x_wconf 83' lang='grc' dir='ltr'>φύσις</span> <span class='ocrx_word' id='word_1_785' title='bbox 743 5403 842 5474; x_wconf 82' lang='grc' dir='ltr'>οὐχ</span> <span class='ocrx_word' id='word_1_786' title='bbox 884 5405 1273 5459; x_wconf 82' lang='grc' dir='ltr'>ὑποτέτακται.</span> <span class='ocrx_word' id='word_1_787' title='bbox 1314 5407 1390 5459; x_wconf 77' lang='grc' dir='ltr'><strong>Οὐ</strong></span> <span class='ocrx_word' id='word_1_788' title='bbox 1423 5408 1534 5477; x_wconf 71' lang='grc' dir='ltr'><strong>γὰρ</strong></span> <span class='ocrx_word' id='word_1_789' title='bbox 1585 5407 1710 5459; x_wconf 67' lang='grc' dir='ltr'>ἐπεὶ</span> <span class='ocrx_word' id='word_1_790' title='bbox 1765 5407 1986 5460; x_wconf 80' lang='grc' dir='ltr'>εὐδοκία</span> 
     </span>
    </p>
   </div>
   <div class='ocr_carea' id='block_1_103' title="bbox 409 5495 1989 5568">
    <p class='ocr_par' dir='ltr' id='par_1_103' title="bbox 409 5495 1989 5568">
     <span class='ocr_line' id='line_1_103' title="bbox 409 5495 1989 5568; baseline 0.001 -18"><span class='ocrx_word' id='word_1_791' title='bbox 409 5498 530 5550; x_wconf 74' lang='grc' dir='ltr'>ἐστὶ</span> <span class='ocrx_word' id='word_1_792' title='bbox 585 5495 806 5559; x_wconf 78' lang='grc' dir='ltr'>πολλοῖς</span> <span class='ocrx_word' id='word_1_793' title='bbox 859 5496 1212 5567; x_wconf 82' lang='grc' dir='ltr'>ἀδαμαντίνῳ</span> <span class='ocrx_word' id='word_1_794' title='bbox 1243 5499 1275 5563; x_wconf 78' lang='grc' dir='ltr'><strong>ἢ</strong></span> <span class='ocrx_word' id='word_1_795' title='bbox 1320 5498 1492 5568; x_wconf 85' lang='grc' dir='ltr'>ἀερίῳ</span> <span class='ocrx_word' id='word_1_796' title='bbox 1521 5498 1734 5568; x_wconf 86' lang='grc' dir='ltr'>σώματι</span> <span class='ocrx_word' id='word_1_797' title='bbox 1764 5501 1989 5568; x_wconf 82' lang='grc' dir='ltr'>συγκεῖ-</span> 
     </span>
    </p>
   </div>
   <div class='ocr_carea' id='block_1_104' title="bbox 411 5589 1986 5662">
    <p class='ocr_par' dir='ltr' id='par_1_104' title="bbox 411 5589 1986 5662">
     <span class='ocr_line' id='line_1_104' title="bbox 411 5589 1986 5662; baseline 0.003 -21"><span class='ocrx_word' id='word_1_798' title='bbox 411 5589 548 5643; x_wconf 84' lang='grc' dir='ltr'>σθαι.</span> <span class='ocrx_word' id='word_1_799' title='bbox 570 5589 754 5643; x_wconf 80' lang='grc' dir='ltr'>αῦτῶν</span> <span class='ocrx_word' id='word_1_800' title='bbox 778 5590 877 5660; x_wconf 79' lang='grc' dir='ltr'>τὴν</span> <span class='ocrx_word' id='word_1_801' title='bbox 908 5589 1068 5658; x_wconf 86' lang='grc' dir='ltr'>φύσιν</span> <span class='ocrx_word' id='word_1_802' title='bbox 1093 5589 1192 5660; x_wconf 81' lang='grc' dir='ltr'>τῆς</span> <span class='ocrx_word' id='word_1_803' title='bbox 1220 5590 1418 5660; x_wconf 74' lang='grc' dir='ltr'>ψυχῆς,</span> <span class='ocrx_word' id='word_1_804' title='bbox 1437 5591 1539 5662; x_wconf 76' lang='grc' dir='ltr'>ήδη</span> <span class='ocrx_word' id='word_1_805' title='bbox 1564 5593 1654 5646; x_wconf 80' lang='grc' dir='ltr'>καὶ</span> <span class='ocrx_word' id='word_1_806' title='bbox 1681 5593 1986 5660; x_wconf 78' lang='grc' dir='ltr'>σύγκειται·</span> 
     </span>
    </p>
   </div>
   <div class='ocr_carea' id='block_1_105' title="bbox 411 5677 1991 5757">
    <p class='ocr_par' dir='ltr' id='par_1_105' title="bbox 411 5677 1991 5757">
     <span class='ocr_line' id='line_1_105' title="bbox 411 5677 1991 5757; baseline 0.003 -22"><span class='ocrx_word' id='word_1_807' title='bbox 411 5681 528 5735; x_wconf 80' lang='grc' dir='ltr'>ἀλλ’</span> <span class='ocrx_word' id='word_1_808' title='bbox 559 5682 730 5745; x_wconf 77' lang='grc' dir='ltr'>ὅντως</span> <span class='ocrx_word' id='word_1_809' title='bbox 779 5682 956 5745; x_wconf 72' lang='grc' dir='ltr'>οὕτως</span> <span class='ocrx_word' id='word_1_810' title='bbox 1010 5683 1122 5754; x_wconf 80' lang='grc' dir='ltr'>ἔχει</span> <span class='ocrx_word' id='word_1_811' title='bbox 1191 5683 1337 5748; x_wconf 86' lang='grc' dir='ltr'>τάδε,</span> <span class='ocrx_word' id='word_1_812' title='bbox 1361 5684 1448 5754; x_wconf 76' lang='grc' dir='ltr'><strong>ἐφ’</strong></span> <span class='ocrx_word' id='word_1_813' title='bbox 1478 5677 1554 5737; x_wconf 80' lang='grc' dir='ltr'>ὧν</span> <span class='ocrx_word' id='word_1_814' title='bbox 1580 5685 1761 5755; x_wconf 80' lang='grc' dir='ltr'>ἥττων</span> <span class='ocrx_word' id='word_1_815' title='bbox 1783 5687 1933 5739; x_wconf 69' lang='grc' dir='ltr'>ἐστὶν</span> <span class='ocrx_word' id='word_1_816' title='bbox 1960 5687 1991 5757; x_wconf 79' lang='grc' dir='ltr'>ἡ</span> 
     </span>
    </p>
   </div>
   <div class='ocr_carea' id='block_1_106' title="bbox 411 5775 1987 5847">
    <p class='ocr_par' dir='ltr' id='par_1_106' title="bbox 411 5775 1987 5847">
     <span class='ocr_line' id='line_1_106' title="bbox 411 5775 1987 5847; baseline 0.003 -20"><span class='ocrx_word' id='word_1_817' title='bbox 411 5775 630 5829; x_wconf 75' lang='grc' dir='ltr'>εὐδοκία</span> <span class='ocrx_word' id='word_1_818' title='bbox 685 5777 752 5846; x_wconf 79' lang='grc' dir='ltr'><strong>τῇ</strong></span> <span class='ocrx_word' id='word_1_819' title='bbox 781 5776 1013 5847; x_wconf 82' lang='grc' dir='ltr'>δυνάμει</span> <span class='ocrx_word' id='word_1_820' title='bbox 1070 5777 1168 5846; x_wconf 83' lang='grc' dir='ltr'>τῆς</span> <span class='ocrx_word' id='word_1_821' title='bbox 1216 5777 1432 5845; x_wconf 79' lang='grc' dir='ltr'>φύσεως</span> <span class='ocrx_word' id='word_1_822' title='bbox 1465 5777 1560 5830; x_wconf 85' lang='grc' dir='ltr'><strong>τοῦ</strong></span> <span class='ocrx_word' id='word_1_823' title='bbox 1583 5777 1934 5842; x_wconf 81' lang='grc' dir='ltr'>εὐδοκοῦντος</span> <span class='ocrx_word' id='word_1_824' title='bbox 1973 5796 1987 5811; x_wconf 88' lang='grc'><strong>·</strong></span> 
     </span>
    </p>
   </div>
   <div class='ocr_carea' id='block_1_107' title="bbox 411 5866 1987 5942">
    <p class='ocr_par' dir='ltr' id='par_1_107' title="bbox 411 5866 1987 5942">
     <span class='ocr_line' id='line_1_107' title="bbox 411 5866 1987 5942; baseline 0.003 -22"><span class='ocrx_word' id='word_1_825' title='bbox 411 5866 535 5921; x_wconf 68' lang='grc' dir='ltr'>οὐδὲ</span> <span class='ocrx_word' id='word_1_826' title='bbox 561 5869 668 5940; x_wconf 79' lang='grc' dir='ltr'>γὰρ</span> <span class='ocrx_word' id='word_1_827' title='bbox 697 5870 745 5923; x_wconf 85' lang='grc' dir='ltr'><strong>οί</strong></span> <span class='ocrx_word' id='word_1_828' title='bbox 771 5868 924 5934; x_wconf 78' lang='grc' dir='ltr'>πεζοὶ</span> <span class='ocrx_word' id='word_1_829' title='bbox 955 5869 1236 5936; x_wconf 84' lang='grc' dir='ltr'>πτηνῶσαι</span> <span class='ocrx_word' id='word_1_830' title='bbox 1260 5871 1486 5934; x_wconf 73' lang='grc' dir='ltr'>ἑαυτοὺς</span> <span class='ocrx_word' id='word_1_831' title='bbox 1516 5869 1778 5942; x_wconf 79' lang='grc' dir='ltr'>ἰσχύομεν</span> <span class='ocrx_word' id='word_1_832' title='bbox 1803 5871 1987 5942; x_wconf 78' lang='grc' dir='ltr'>φύσει,</span> 
     </span>
    </p>
   </div>
   <div class='ocr_carea' id='block_1_108' title="bbox 2088 4667 3673 4738">
    <p class='ocr_par' dir='ltr' id='par_1_108' title="bbox 2088 4667 3673 4738">
     <span class='ocr_line' id='line_1_108' title="bbox 2088 4667 3673 4738; baseline -0.001 -14"><span class='ocrx_word' id='word_1_833' title='bbox 2088 4686 2196 4724; x_wconf 92' lang='lat' dir='ltr'><strong>non</strong></span> <span class='ocrx_word' id='word_1_834' title='bbox 2233 4669 2288 4723; x_wconf 94' lang='lat' dir='ltr'><strong>in</strong></span> <span class='ocrx_word' id='word_1_835' title='bbox 2337 4678 2503 4738; x_wconf 89' lang='lat' dir='ltr'><strong>caput</strong></span> <span class='ocrx_word' id='word_1_836' title='bbox 2542 4669 2743 4735; x_wconf 89' lang='lat' dir='ltr'><strong>saltat,</strong></span> <span class='ocrx_word' id='word_1_837' title='bbox 2791 4677 2888 4724; x_wconf 91' lang='lat' dir='ltr'><strong>aut</strong></span> <span class='ocrx_word' id='word_1_838' title='bbox 2938 4668 3310 4732; x_wconf 88' lang='lat' dir='ltr'><strong>funeincedit,</strong></span> <span class='ocrx_word' id='word_1_839' title='bbox 3335 4683 3444 4722; x_wconf 90' lang='lat' dir='ltr'><strong>non</strong></span> <span class='ocrx_word' id='word_1_840' title='bbox 3489 4667 3673 4722; x_wconf 86' lang='lat' dir='ltr'><strong>minus</strong></span> 
     </span>
    </p>
   </div>
   <div class='ocr_carea' id='block_1_109' title="bbox 2087 4758 3674 4830">
    <p class='ocr_par' dir='ltr' id='par_1_109' title="bbox 2087 4758 3674 4830">
     <span class='ocr_line' id='line_1_109' title="bbox 2087 4758 3674 4830; baseline -0.001 -15"><span class='ocrx_word' id='word_1_841' title='bbox 2087 4775 2209 4830; x_wconf 66' lang='lat' dir='ltr'><strong>quae</strong></span> <span class='ocrx_word' id='word_1_842' title='bbox 2239 4769 2369 4814; x_wconf 89' lang='lat' dir='ltr'><strong>sunt</strong></span> <span class='ocrx_word' id='word_1_843' title='bbox 2401 4759 2708 4814; x_wconf 88' lang='lat' dir='ltr'><strong>secundum</strong></span> <span class='ocrx_word' id='word_1_844' title='bbox 2754 4768 3008 4815; x_wconf 89' lang='lat' dir='ltr'><strong>naturam</strong></span> <span class='ocrx_word' id='word_1_845' title='bbox 3051 4761 3160 4814; x_wconf 84' lang='lat' dir='ltr'><strong>alia</strong></span> <span class='ocrx_word' id='word_1_846' title='bbox 3202 4759 3468 4814; x_wconf 84' lang='lat' dir='ltr'><strong>habebit?</strong></span> <span class='ocrx_word' id='word_1_847' title='bbox 3500 4758 3674 4813; x_wconf 86' lang='lat' dir='ltr'><strong>Mani-</strong></span> 
     </span>
    </p>
   </div>
   <div class='ocr_carea' id='block_1_110' title="bbox 2089 4851 3672 4922">
    <p class='ocr_par' dir='ltr' id='par_1_110' title="bbox 2089 4851 3672 4922">
     <span class='ocr_line' id='line_1_110' title="bbox 2089 4851 3672 4922; baseline -0.002 -15"><span class='ocrx_word' id='word_1_848' title='bbox 2089 4853 2225 4908; x_wconf 90' lang='lat' dir='ltr'><strong>feste</strong></span> <span class='ocrx_word' id='word_1_849' title='bbox 2291 4851 2459 4922; x_wconf 80' lang='lat' dir='ltr'><strong>igitur</strong></span> <span class='ocrx_word' id='word_1_850' title='bbox 2503 4852 2621 4908; x_wconf 59' lang='lat' dir='ltr'><strong>hac</strong></span> <span class='ocrx_word' id='word_1_851' title='bbox 2681 4863 2812 4907; x_wconf 90' lang='lat' dir='ltr'><strong>sunt</strong></span> <span class='ocrx_word' id='word_1_852' title='bbox 2885 4853 3195 4908; x_wconf 90' lang='lat' dir='ltr'><strong>secundum</strong></span> <span class='ocrx_word' id='word_1_853' title='bbox 3265 4852 3672 4922; x_wconf 85' lang='lat' dir='ltr'><strong>beneplacitum</strong></span> 
     </span>
    </p>
   </div>
   <div class='ocr_carea' id='block_1_111' title="bbox 2090 4942 3672 5012">
    <p class='ocr_par' dir='ltr' id='par_1_111' title="bbox 2090 4942 3672 5012">
     <span class='ocr_line' id='line_1_111' title="bbox 2090 4942 3672 5012; baseline -0.001 -16"><span class='ocrx_word' id='word_1_854' title='bbox 2090 4953 2319 5008; x_wconf 54' lang='lat' dir='ltr'><strong>natura},</strong></span> <span class='ocrx_word' id='word_1_855' title='bbox 2341 4959 2449 4996; x_wconf 88' lang='lat' dir='ltr'><strong>non</strong></span> <span class='ocrx_word' id='word_1_856' title='bbox 2481 4942 2533 4997; x_wconf 93' lang='lat' dir='ltr'><strong>in</strong></span> <span class='ocrx_word' id='word_1_857' title='bbox 2563 4953 2758 4998; x_wconf 86' lang='lat' dir='ltr'><strong>natura</strong></span> <span class='ocrx_word' id='word_1_858' title='bbox 2790 4943 3171 4998; x_wconf 87' lang='lat' dir='ltr'><strong>benevolentis</strong></span> <span class='ocrx_word' id='word_1_859' title='bbox 3192 4959 3414 4998; x_wconf 82' lang='lat' dir='ltr'><strong>causam</strong></span> <span class='ocrx_word' id='word_1_860' title='bbox 3442 4943 3672 5012; x_wconf 90' lang='lat' dir='ltr'><strong>primam</strong></span> 
     </span>
    </p>
   </div>
   <div class='ocr_carea' id='block_1_112' title="bbox 2091 5035 3673 5108">
    <p class='ocr_par' dir='ltr' id='par_1_112' title="bbox 2091 5035 3673 5108">
     <span class='ocr_line' id='line_1_112' title="bbox 2091 5035 3673 5108; baseline -0.001 -18"><span class='ocrx_word' id='word_1_861' title='bbox 2091 5037 2318 5091; x_wconf 87' lang='lat' dir='ltr'><strong>habent.</strong></span> <span class='ocrx_word' id='word_1_862' title='bbox 2347 5036 2608 5108; x_wconf 73' lang='lat' dir='ltr'><strong>Regimen</strong></span> <span class='ocrx_word' id='word_1_863' title='bbox 2638 5036 2784 5092; x_wconf 90' lang='lat' dir='ltr'><strong>enim</strong></span> <span class='ocrx_word' id='word_1_864' title='bbox 2808 5045 3129 5106; x_wconf 81' lang='lat' dir='ltr'><strong>etpotcstas</strong></span> <span class='ocrx_word' id='word_1_865' title='bbox 3148 5051 3333 5090; x_wconf 83' lang='lat' dir='ltr'><strong>rerum</strong></span> <span class='ocrx_word' id='word_1_866' title='bbox 3363 5035 3673 5090; x_wconf 88' lang='lat' dir='ltr'><strong>contraria-</strong></span> 
     </span>
    </p>
   </div>
   <div class='ocr_carea' id='block_1_113' title="bbox 2092 5125 3671 5194">
    <p class='ocr_par' dir='ltr' id='par_1_113' title="bbox 2092 5125 3671 5194">
     <span class='ocr_line' id='line_1_113' title="bbox 2092 5125 3671 5194; baseline -0.003 -12"><span class='ocrx_word' id='word_1_867' title='bbox 2092 5143 2235 5194; x_wconf 90' lang='lat' dir='ltr'><strong>rum,</strong></span> <span class='ocrx_word' id='word_1_868' title='bbox 2261 5129 2516 5184; x_wconf 88' lang='lat' dir='ltr'><strong>voluntas</strong></span> <span class='ocrx_word' id='word_1_869' title='bbox 2537 5137 2642 5192; x_wconf 86' lang='lat' dir='ltr'><strong>est,</strong></span> <span class='ocrx_word' id='word_1_870' title='bbox 2661 5145 2770 5182; x_wconf 91' lang='lat' dir='ltr'><strong>non</strong></span> <span class='ocrx_word' id='word_1_871' title='bbox 2793 5136 3013 5183; x_wconf 83' lang='lat' dir='ltr'><strong>natura.</strong></span> <span class='ocrx_word' id='word_1_872' title='bbox 3040 5127 3280 5191; x_wconf 87' lang='lat' dir='ltr'><strong>Sed,ait,</strong></span> <span class='ocrx_word' id='word_1_873' title='bbox 3310 5127 3398 5180; x_wconf 88' lang='lat' dir='ltr'><strong>illa</strong></span> <span class='ocrx_word' id='word_1_874' title='bbox 3421 5125 3557 5180; x_wconf 86' lang='lat' dir='ltr'><strong>unio</strong></span> <span class='ocrx_word' id='word_1_875' title='bbox 3576 5125 3671 5178; x_wconf 86' lang='lat' dir='ltr'><strong>Dei</strong></span> 
     </span>
    </p>
   </div>
   <div class='ocr_carea' id='block_1_114' title="bbox 2095 5217 3672 5289">
    <p class='ocr_par' dir='ltr' id='par_1_114' title="bbox 2095 5217 3672 5289">
     <span class='ocr_line' id='line_1_114' title="bbox 2095 5217 3672 5289; baseline -0.003 -16"><span class='ocrx_word' id='word_1_876' title='bbox 2095 5220 2382 5276; x_wconf 86' lang='lat' dir='ltr'><strong>nobiscum</strong></span> <span class='ocrx_word' id='word_1_877' title='bbox 2403 5219 2641 5274; x_wconf 88' lang='lat' dir='ltr'><strong>naturali</strong></span> <span class='ocrx_word' id='word_1_878' title='bbox 2657 5219 3046 5289; x_wconf 89' lang='lat' dir='ltr'><strong>conjunctione</strong></span> <span class='ocrx_word' id='word_1_879' title='bbox 3067 5218 3169 5272; x_wconf 85' lang='lat' dir='ltr'><strong>fuit</strong></span> <span class='ocrx_word' id='word_1_880' title='bbox 3187 5217 3427 5288; x_wconf 87' lang='lat' dir='ltr'><strong>perfecta</strong></span> <span class='ocrx_word' id='word_1_881' title='bbox 3444 5233 3458 5270; x_wconf 90' lang='lat'><strong>:</strong></span> <span class='ocrx_word' id='word_1_882' title='bbox 3476 5225 3672 5270; x_wconf 88' lang='lat' dir='ltr'><strong>natura</strong></span> 
     </span>
    </p>
   </div>
   <div class='ocr_carea' id='block_1_115' title="bbox 2093 5307 3677 5383">
    <p class='ocr_par' dir='ltr' id='par_1_115' title="bbox 2093 5307 3677 5383">
     <span class='ocr_line' id='line_1_115' title="bbox 2093 5307 3677 5383; baseline -0.006 -15"><span class='ocrx_word' id='word_1_883' title='bbox 2093 5323 2275 5368; x_wconf 89' lang='lat' dir='ltr'><strong>autem</strong></span> <span class='ocrx_word' id='word_1_884' title='bbox 2309 5313 2547 5383; x_wconf 71' lang='lat' dir='ltr'><strong>promis:</strong></span> <span class='ocrx_word' id='word_1_885' title='bbox 2584 5311 2851 5366; x_wconf 85' lang='lat' dir='ltr'><strong>voluntati</strong></span> <span class='ocrx_word' id='word_1_886' title='bbox 2889 5327 2998 5366; x_wconf 92' lang='lat' dir='ltr'><strong>non</strong></span> <span class='ocrx_word' id='word_1_887' title='bbox 3034 5311 3303 5380; x_wconf 88' lang='lat' dir='ltr'><strong>subjacet.</strong></span> <span class='ocrx_word' id='word_1_888' title='bbox 3350 5307 3677 5364; x_wconf 79' lang='lat' dir='ltr'><strong>Volentibus</strong></span> 
     </span>
    </p>
   </div>
   <div class='ocr_carea' id='block_1_116' title="bbox 2092 5403 3675 5475">
    <p class='ocr_par' dir='ltr' id='par_1_116' title="bbox 2092 5403 3675 5475">
     <span class='ocr_line' id='line_1_116' title="bbox 2092 5403 3675 5475; baseline -0.003 -15"><span class='ocrx_word' id='word_1_889' title='bbox 2092 5406 2238 5460; x_wconf 91' lang='lat' dir='ltr'><strong>enim</strong></span> <span class='ocrx_word' id='word_1_890' title='bbox 2263 5405 2519 5475; x_wconf 87' lang='lat' dir='ltr'><strong>plurimis</strong></span> <span class='ocrx_word' id='word_1_891' title='bbox 2537 5405 2777 5458; x_wconf 90' lang='lat' dir='ltr'><strong>animam</strong></span> <span class='ocrx_word' id='word_1_892' title='bbox 2806 5419 2960 5458; x_wconf 90' lang='lat' dir='ltr'><strong>suam</strong></span> <span class='ocrx_word' id='word_1_893' title='bbox 2998 5403 3256 5473; x_wconf 80' lang='lat' dir='ltr'><strong>conjungi</strong></span> <span class='ocrx_word' id='word_1_894' title='bbox 3290 5418 3414 5457; x_wconf 90' lang='lat' dir='ltr'><strong>cum</strong></span> <span class='ocrx_word' id='word_1_895' title='bbox 3442 5417 3675 5472; x_wconf 86' lang='lat' dir='ltr'><strong>corpore</strong></span> 
     </span>
    </p>
   </div>
   <div class='ocr_carea' id='block_1_117' title="bbox 2094 5496 3674 5564">
    <p class='ocr_par' dir='ltr' id='par_1_117' title="bbox 2094 5496 3674 5564">
     <span class='ocr_line' id='line_1_117' title="bbox 2094 5496 3674 5564; baseline -0.001 -14"><span class='ocrx_word' id='word_1_896' title='bbox 2094 5497 2448 5552; x_wconf 79' lang='lat' dir='ltr'><strong>adamantina</strong></span> <span class='ocrx_word' id='word_1_897' title='bbox 2461 5505 2554 5550; x_wconf 92' lang='lat' dir='ltr'><strong>aut</strong></span> <span class='ocrx_word' id='word_1_898' title='bbox 2569 5496 2830 5560; x_wconf 68' lang='lat' dir='ltr'><strong>mthereo,</strong></span> <span class='ocrx_word' id='word_1_899' title='bbox 2852 5511 2962 5550; x_wconf 92' lang='lat' dir='ltr'><strong>non</strong></span> <span class='ocrx_word' id='word_1_900' title='bbox 2985 5505 3068 5550; x_wconf 89' lang='lat' dir='ltr'><strong>est</strong></span> <span class='ocrx_word' id='word_1_901' title='bbox 3091 5497 3146 5550; x_wconf 90' lang='lat' dir='ltr'><strong>in</strong></span> <span class='ocrx_word' id='word_1_902' title='bbox 3165 5511 3358 5550; x_wconf 91' lang='lat' dir='ltr'><strong>eorum</strong></span> <span class='ocrx_word' id='word_1_903' title='bbox 3379 5502 3674 5564; x_wconf 85' lang='lat' dir='ltr'><strong>potestate;</strong></span> 
     </span>
    </p>
   </div>
   <div class='ocr_carea' id='block_1_118' title="bbox 2097 5587 3679 5658">
    <p class='ocr_par' dir='ltr' id='par_1_118' title="bbox 2097 5587 3679 5658">
     <span class='ocr_line' id='line_1_118' title="bbox 2097 5587 3679 5658; baseline -0.001 -16"><span class='ocrx_word' id='word_1_904' title='bbox 2097 5591 2169 5643; x_wconf 91' lang='lat' dir='ltr'><strong>ita</strong></span> <span class='ocrx_word' id='word_1_905' title='bbox 2197 5597 2378 5642; x_wconf 85' lang='lat' dir='ltr'><strong>autem</strong></span> <span class='ocrx_word' id='word_1_906' title='bbox 2412 5597 2517 5652; x_wconf 88' lang='lat' dir='ltr'><strong>est,</strong></span> <span class='ocrx_word' id='word_1_907' title='bbox 2549 5588 2679 5658; x_wconf 89' lang='lat' dir='ltr'><strong>quia</strong></span> <span class='ocrx_word' id='word_1_908' title='bbox 2705 5589 2957 5643; x_wconf 86' lang='lat' dir='ltr'><strong>voluntas</strong></span> <span class='ocrx_word' id='word_1_909' title='bbox 2982 5587 3164 5641; x_wconf 76' lang='lat' dir='ltr'><strong>minor&quot;</strong></span> <span class='ocrx_word' id='word_1_910' title='bbox 3195 5596 3282 5641; x_wconf 84' lang='lat' dir='ltr'><strong>est</strong></span> <span class='ocrx_word' id='word_1_911' title='bbox 3305 5595 3525 5645; x_wconf 64' lang='lat' dir='ltr'><strong>natura!</strong></span> <span class='ocrx_word' id='word_1_912' title='bbox 3558 5596 3679 5656; x_wconf 83' lang='lat' dir='ltr'><strong>pot-</strong></span> 
     </span>
    </p>
   </div>
   <div class='ocr_carea' id='block_1_119' title="bbox 2095 5681 3680 5751">
    <p class='ocr_par' dir='ltr' id='par_1_119' title="bbox 2095 5681 3680 5751">
     <span class='ocr_line' id='line_1_119' title="bbox 2095 5681 3680 5751; baseline -0.004 -14"><span class='ocrx_word' id='word_1_913' title='bbox 2095 5694 2287 5738; x_wconf 82' lang='lat' dir='ltr'><strong>estate.</strong></span> <span class='ocrx_word' id='word_1_914' title='bbox 2321 5681 2438 5735; x_wconf 84' lang='lat' dir='ltr'><strong>Non</strong></span> <span class='ocrx_word' id='word_1_915' title='bbox 2468 5681 2616 5736; x_wconf 89' lang='lat' dir='ltr'><strong>enim</strong></span> <span class='ocrx_word' id='word_1_916' title='bbox 2645 5697 2771 5735; x_wconf 91' lang='lat' dir='ltr'><strong>cum</strong></span> <span class='ocrx_word' id='word_1_917' title='bbox 2804 5681 3088 5751; x_wconf 86' lang='lat' dir='ltr'><strong>pedestres</strong></span> <span class='ocrx_word' id='word_1_918' title='bbox 3119 5681 3313 5744; x_wconf 88' lang='lat' dir='ltr'><strong>simus,</strong></span> <span class='ocrx_word' id='word_1_919' title='bbox 3334 5691 3530 5734; x_wconf 90' lang='lat' dir='ltr'><strong>natura</strong></span> <span class='ocrx_word' id='word_1_920' title='bbox 3555 5694 3680 5748; x_wconf 85' lang='lat' dir='ltr'><strong>pos-</strong></span> 
     </span>
    </p>
   </div>
   <div class='ocr_carea' id='block_1_120' title="bbox 2097 5770 3682 5844">
    <p class='ocr_par' dir='ltr' id='par_1_120' title="bbox 2097 5770 3682 5844">
     <span class='ocr_line' id='line_1_120' title="bbox 2097 5770 3682 5844; baseline -0.005 -12"><span class='ocrx_word' id='word_1_921' title='bbox 2097 5793 2288 5832; x_wconf 88' lang='lat' dir='ltr'><strong>sumus</strong></span> <span class='ocrx_word' id='word_1_922' title='bbox 2313 5793 2413 5831; x_wconf 88' lang='lat' dir='ltr'><strong>nos</strong></span> <span class='ocrx_word' id='word_1_923' title='bbox 2442 5776 2542 5830; x_wconf 86' lang='lat' dir='ltr'><strong>alis</strong></span> <span class='ocrx_word' id='word_1_924' title='bbox 2581 5777 2880 5838; x_wconf 90' lang='lat' dir='ltr'><strong>instruere,</strong></span> <span class='ocrx_word' id='word_1_925' title='bbox 2915 5773 3168 5844; x_wconf 85' lang='lat' dir='ltr'><strong>quamvis</strong></span> <span class='ocrx_word' id='word_1_926' title='bbox 3209 5773 3442 5826; x_wconf 87' lang='lat' dir='ltr'><strong>volitare</strong></span> <span class='ocrx_word' id='word_1_927' title='bbox 3491 5770 3682 5842; x_wconf 83' lang='lat' dir='ltr'><strong>cupia-</strong></span> 
     </span>
    </p>
   </div>
   <div class='ocr_carea' id='block_1_121' title="bbox 2101 5863 3679 5936">
    <p class='ocr_par' dir='ltr' id='par_1_121' title="bbox 2101 5863 3679 5936">
     <span class='ocr_line' id='line_1_121' title="bbox 2101 5863 3679 5936; baseline -0.005 -12"><span class='ocrx_word' id='word_1_928' title='bbox 2101 5886 2242 5926; x_wconf 85' lang='lat' dir='ltr'><strong>mus.</strong></span> <span class='ocrx_word' id='word_1_929' title='bbox 2276 5869 2383 5924; x_wconf 83' lang='lat' dir='ltr'><strong>Sed</strong></span> <span class='ocrx_word' id='word_1_930' title='bbox 2430 5869 2483 5923; x_wconf 90' lang='lat' dir='ltr'><strong>in</strong></span> <span class='ocrx_word' id='word_1_931' title='bbox 2516 5869 2627 5924; x_wconf 87' lang='lat' dir='ltr'><strong>Deo</strong></span> <span class='ocrx_word' id='word_1_932' title='bbox 2667 5867 2924 5922; x_wconf 85' lang='lat' dir='ltr'><strong>voluntas</strong></span> <span class='ocrx_word' id='word_1_933' title='bbox 2959 5875 3014 5922; x_wconf 88' lang='lat' dir='ltr'><strong>ct</strong></span> <span class='ocrx_word' id='word_1_934' title='bbox 3048 5873 3245 5921; x_wconf 86' lang='lat' dir='ltr'><strong>natura</strong></span> <span class='ocrx_word' id='word_1_935' title='bbox 3273 5863 3521 5936; x_wconf 89' lang='lat' dir='ltr'><strong>ejusdem</strong></span> <span class='ocrx_word' id='word_1_936' title='bbox 3549 5871 3679 5917; x_wconf 82' lang='lat' dir='ltr'><strong>sunt</strong></span> 
     </span>
    </p>
   </div>
  </div>
