4116 6450
522 412 544 475 l
565 410 652 473 ιεη

1784 415 2091 473 LEONTEI
2137 414 2445 473 BY-ZAN'I‘I
2460 414 2539 479 NI
2624 414 2627 419 ’

3643 404 3782 468 1492

518 522 809 593 potestatis
833 530 888 576 et
920 521 1239 579 concordes.
1274 522 1479 576 Eorqu
1521 523 1684 594 igitur
1724 538 1846 591 qua:
1888 523 1943 576 in
1976 524 2093 593 ejus

2201 522 2294 575 καί
2328 538 2409 573 τοι
2443 518 2758 589 βουλόμενοι
2788 517 3044 570 ἵπτασθαι
3070 534 3082 547 ·
3111 514 3206 568 τοῦ
3241 514 3298 568 δὲ
3328 512 3467 567 Θεοῦ
3500 514 3598 586 ἦτε
3626 516 3786 567 εὐδο-

517 631 774 676 naturam
814 622 971 684 ﬁunt,
1009 618 1233 688 propria
1279 618 1535 673 voluntas
1570 634 1737 672 causa
1770 626 1858 675 est
1896 619 2096 671 volun-

517 714 646 767 tatis
688 712 883 781 ipsius,
931 710 1140 765 scilicet
1170 711 1358 766 volens
1391 720 1600 765 naturae
1632 710 1781 766 circa
1828 709 2091 779 seipsam,

516 802 632 871 ipsa
649 816 811 855 causa
834 810 946 866 est;
974 815 1151 869 neque
1172 801 1353 854 minor
1373 809 1639 869 quantum
1656 800 1724 854 ad
1745 808 2093 870 potestatem,

514 909 696 962 neque
732 893 905 961 major
930 893 1184 947 voluntas
1211 901 1408 946 natura
1432 893 1485 946 in
1511 893 1623 947 Deo
1655 892 1893 962 simplici
1922 909 1935 944 :
1978 908 2097 947 om-

513 984 605 1036 nia
642 982 790 1036 enim
826 997 1167 1051 quaecunque
1203 980 1421 1046 voluit,
1473 982 1739 1036 Dominus
1771 982 1902 1036 fecit
1930 1000 1941 1034 :
1974 996 2096 1051 quae

512 1083 696 1127 autem
742 1088 852 1127 non
898 1074 1060 1139 iiunt,
1100 1089 1167 1127 ex
1210 1089 1278 1127 eo
1306 1089 1416 1127 non
1458 1072 1597 1127 ﬁunt
1641 1072 1789 1143 quod
1838 1074 1950 1127 Deo
1984 1090 2094 1127 non

511 1164 743 1234 placuit.
805 1165 998 1219 Potest
1048 1180 1181 1235 ergo
1235 1181 1579 1237 quaecunque
1638 1166 1909 1237 placuerit
1980 1165 2095 1219 haec

511 1255 695 1310 facere
725 1264 781 1310 et
814 1256 1075 1311 voluntas
1113 1264 1169 1312 et
1200 1268 1395 1313 natura
1439 1259 1645 1325 divina,
1697 1266 1754 1313 et
1791 1257 1933 1313 facta
1964 1258 2097 1313 sim-

512 1346 733 1415 pliciter
785 1346 1165 1401 demonstrant
1221 1349 1320 1403 Dei
1377 1350 1753 1414 voluntatem,
1804 1348 1933 1403 licet
1986 1363 2095 1403 non

512 1438 626 1493 sint
655 1454 823 1507 supra
856 1446 1128 1504 naturam,
1176 1456 1354 1511 neque
1392 1452 1547 1497 extra
1588 1451 1867 1505 naturam,
1916 1455 2095 1509 neque

515 1528 827 1583 secundum
851 1536 1132 1584 naturam.

1116 1644 1269 1701 CAP.
1301 1642 1493 1697 XXIV.

581 1756 825 1812 Verbum
850 1774 1015 1813 verus
1048 1759 1213 1822 Deus,
1252 1757 1558 1827 simplicem
1592 1755 1801 1811 habens
1835 1754 2096 1810 substan-

2198 613 2290 663 κία
2317 611 2413 663 καὶ
2436 612 2468 679 ἡ
2501 608 2683 677 φύσις,
2710 606 3049 676 ίσοδύναμος,
3080 606 3175 658 καὶ
3191 606 3501 675 σύμφωνος.
3537 605 3659 658 Τῶν
3687 603 3788 659 οὗν

2196 703 2506 771 γενομένων
2551 704 2630 764 είς
2655 698 2756 771 τὴν
2789 697 2956 752 αὐτοῦ
2986 698 3169 766 φύσιν,
3200 698 3233 768 ἡ
3267 697 3376 750 ἰδία
3412 696 3656 759 εὐδοκία,
3693 698 3788 750 αἰ-

2196 793 2287 847 τία
2316 794 2413 863 τῆς
2443 793 2691 855 εὐδοκίας
2727 791 2922 861 αὐτῆς,
2947 790 3023 853 ὡς
3048 789 3345 843 εὐδοκοῦσα
3375 788 3516 859 αὐτὴ
3548 791 3581 860 ἠ
3616 790 3786 859 φύσις

2197 884 2324 954 περὶ
2346 884 2564 955 ἑαυτῆς,
2594 882 2732 952 αῦτη
2761 882 2910 935 ἐστὶν
2935 882 3105 937 αἰτία.
3136 880 3275 934 Οῦτε
3295 876 3389 935 οὖν
3408 882 3628 952 χείρων,
3658 882 3789 935 οὐδὲ

2196 976 2463 1047 κρείττων
2497 975 2639 1029 κατὰ
2660 974 2891 1043 δύναμιν
2917 973 3138 1027 εὐδοκία
3168 974 3270 1045 τῆς
3306 973 3527 1041 φύσεως
3562 974 3653 1027 ἐπὶ
3680 972 3784 1027 τοῦ

2196 1067 2333 1121 Θεοῦ
2362 1066 2457 1120 τοῦ
2490 1066 2659 1121 ἁπλοῦ
2688 1081 2704 1097 ο
2732 1066 2911 1119 πάντα
2942 1065 3045 1135 γὰρ
3072 1066 3173 1118 ὅσα
3215 1064 3484 1135 ἠθέλησεν
3510 1066 3539 1118 ὁ
3565 1064 3780 1133 Κύριος

2197 1159 2421 1229 ἐποίησε
2462 1176 2472 1190 ·
2517 1161 2613 1213 καὶ
2641 1159 2743 1212 ὅσα
2779 1157 2854 1228 μὴ
2912 1157 3154 1227 ποιῆται,
3193 1156 3326 1227 μηδὲ
3363 1156 3602 1209 εὐδοκεῖν
3640 1156 3778 1209 τάδε

2196 1250 2449 1321 πρώτως.
2488 1251 2724 1305 Δύναται
2750 1245 2842 1304 οὖν
2886 1251 3061 1302 ποιεῖν
3112 1248 3250 1311 ὅλως
3285 1248 3629 1318 εὐδοκήσασά
3659 1266 3715 1300 τι
3742 1249 3783 1319 ἠ

2199 1340 2317 1395 θεία
2356 1341 2520 1412 βουλὴ
2547 1340 2793 1412 ὥσπερὴ
2840 1340 3040 1409 φύσις·
3067 1339 3163 1392 καὶ
3213 1339 3355 1409 μήτε
3402 1339 3544 1392 κατὰ
3592 1338 3789 1407 φύσιν,

2200 1434 2337 1503 μήτε
2366 1433 2506 1503 ὑπὲρ
2540 1432 2723 1502 φύσιν,
2754 1434 2889 1503 μήτε
2919 1431 3070 1502 παρὰ
3100 1430 3262 1500 φύσιν
3291 1429 3421 1483 ὄντα
3450 1470 3466 1495 ,
3499 1430 3788 1485 δεικνύναι

2196 1524 2287 1577 τὸν
2320 1523 2644 1579 εὐδοκοῦντα
2671 1524 2804 1577 Θεὸν
2830 1523 3021 1586 ἁπλῶς
3055 1526 3120 1577 ὲκ
3142 1521 3319 1576 τοῦδε.

2777 1655 3031 1709 ΚΕΦΛΛ.
3074 1655 3203 1707 ΚΝ.

2266 1770 2398 1834 Θεὸς
2427 1770 2679 1842 ἀληθινὸς
2711 1772 2739 1823 ό
2768 1769 2962 1836 Λόγος,
3008 1767 3192 1837 ἁπλῆν
3236 1764 3377 1835 ἔχων
3417 1765 3607 1819 οὐσίαν
3639 1766 3787 1821 κατὰ

512 1848 667 1914 tiam,
712 1851 1017 1905 secundum
1047 1850 1413 1905 substantiam
1459 1850 1660 1905 Patris.
1704 1848 1762 1905 Si
1805 1864 1938 1918 ergo
1973 1864 2093 1902 car-

2198 1862 2296 1933 τὴν
2326 1862 2513 1916 οὐσίαν
2540 1862 2633 1915 τοῦ
2682 1862 2917 1932 Πατρός.
2957 1861 3021 1913 ει
3058 1860 3175 1930 ἔχει
3200 1854 3295 1913 οῦν
3344 1859 3443 1930 τὴν
3478 1861 3657 1930 σάρκα
3699 1862 3788 1923 εἰς

510 1956 637 1995 nem
661 1942 714 1997 in
741 1958 898 1997 suam
921 1944 1283 1998 substantiam
1301 1942 1515 2012 recipit,
1538 1950 1598 1997 ut
1616 1941 1874 2013 [Egyptio
1892 1942 2092 2011 placet,

510 2048 544 2087 a
576 2049 704 2087 vera
744 2035 1152 2105 appellatione,
1193 2034 1355 2089 sicuti
1400 2049 1431 2087 a
1470 2049 1600 2087 vera
1643 2042 1843 2088 natura
1884 2031 2091 2088 deﬁcit.

512 2129 619 2184 Sed
660 2146 883 2186 carnem
913 2132 1107 2185 nonin
1150 2130 1519 2185 substantiam
1548 2130 1713 2186 Verbi
1748 2138 1807 2185 ut
1847 2129 1971 2185 talis
1999 2145 2093 2183 re-

511 2221 671 2290 cipit,
701 2222 796 2277 sed
829 2224 884 2277 in
916 2239 1079 2277 unam
1128 2238 1318 2277 earum
1363 2238 1431 2277 ex
1477 2224 1680 2293 quibus
1720 2231 1938 2278 constat
1972 2222 2093 2291 ejus

511 2330 784 2383 persona,
849 2332 976 2371 cum
1034 2316 1289 2371 Christus
1333 2317 1405 2370 sit
1454 2315 1692 2385 duplicis
1747 2314 2089 2369 substantiaa.

510 2405 618 2465 Sed
665 2408 709 2462 si
758 2418 985 2478 prepter
1039 2408 1145 2463 hoc
1179 2409 1342 2464 Verbi
1390 2409 1700 2464 substantia
1737 2408 1799 2462 ﬁt
1845 2408 2026 2462 aliena
2061 2423 2092 2461 a

510 2499 763 2568 personis
790 2500 1136 2570 simplicibus
1169 2501 1274 2555 sibi
1324 2500 1908 2565 consubstantialibus,
1939 2500 2087 2570 quod

510 2605 661 2644 nunc
677 2602 906 2660 apparet
934 2591 989 2645 in
1010 2592 1312 2661 composita
1346 2608 1603 2663 persona,
1622 2607 1750 2645 cum
1775 2592 2085 2647 substantia

512 2678 717 2745 carnis,
742 2689 890 2737 certe
914 2682 1145 2737 Joannis
1174 2684 1357 2737 anima
1385 2683 1489 2737 fuit
1508 2683 1739 2738 alterius
1766 2682 2092 2737 substantiae

512 2785 578 2825 ac
608 2771 818 2841 proprii
847 2772 1035 2827 fratris
1071 2773 1261 2829 Jacobi
1287 2774 1491 2838 anima,
1523 2789 1647 2829 cum
1683 2773 1776 2828 hic
1809 2773 1991 2844 gladio
2022 2773 2090 2828 ab

513 2859 727 2918 llerode
754 2863 913 2935 longe
935 2875 1061 2920 ante
1090 2866 1243 2920 illum
1264 2876 1491 2920 necatus
1513 2866 1682 2921 fuerit
1702 2882 1715 2918 :
1735 2866 1918 2920 anima
1942 2865 2090 2920 enim

510 2948 701 3012 Jac'obi
762 2968 886 3029 post
944 2968 1177 3014 mortem
1233 2960 1287 3013 in
1346 2961 1587 3031 simplici
1644 2976 1883 3031 persona
1940 2960 2090 3025 luit,

510 3049 740 3105 Joannis
770 3056 956 3105 autem
996 3050 1177 3105 anima
1200 3050 1381 3105 adhuc
1422 3051 1478 3108 in
1512 3052 1813 3123 composita
1855 3066 2093 3122 persona

512 3138 830 3193 videbatur.

1115 3256 1267 3311 CAP.
1318 3256 1485 3312 XXV.

585 3347 828 3404 Verbum
884 3350 1189 3405 secundum
1242 3366 1535 3421 personam
1591 3350 1917 3418 immensus,
1964 3366 2095 3406 caro

515 3448 701 3496 autem
732 3441 1037 3496 secundum
1069 3457 1359 3512 personam
1395 3442 1817 3498 mensurabilis.
1841 3441 1945 3509 Qui
1996 3443 2093 3497 Dei

514 3540 573 3586 et
614 3531 796 3587 carnis
836 3532 1098 3587 unionem
1148 3532 1453 3589 secundum
1490 3548 1787 3605 personam
1830 3532 2094 3599 aiIirmat,

518 3622 611 3678 ille
642 3620 729 3678 vel
756 3623 929 3677 Deum
959 3624 1014 3677 in
1041 3624 1570 3703 mensurabilitatem
1608 3623 1790 3680 carnis
1831 3622 2093 3686 demittit,

517 3717 604 3771 vel
640 3731 861 3771 carnem
891 3716 958 3771 ad
991 3717 1419 3772 immensitatem
1446 3715 1544 3771 Dei
1573 3716 1819 3782 extollit;
1860 3715 1956 3771 sed
1988 3715 2095 3769 nisi

518 3808 628 3862 hoc
650 3816 745 3861 aut
777 3806 870 3861 illo
893 3807 1058 3881 modo
1085 3806 1198 3871 ﬁat,
1226 3822 1335 3861 non
1368 3806 1627 3877 possibile
1654 3812 1740 3860 est
1769 3805 1941 3859 Deum
1968 3820 2093 3859 cum

522 3914 686 3957 carne
721 3898 1024 3953 secundum
1050 3914 1340 3969 personam
1376 3898 1544 3953 uniri.
1570 3897 1628 3951 Si
1654 3896 1824 3950 Verbi
1859 3898 2097 3951 immen-

516 3993 762 4056 sitatem,
792 4000 853 4046 ut
880 3991 1062 4046 carnis
1095 3991 1629 4047 mensurabilitatem
1666 3989 1734 4044 ad
1770 3988 2093 4044 continuam

517 4084 887 4153 quantitatem
913 4083 1151 4154 quodam
1187 4084 1351 4139 modo
1389 4083 1584 4148 refers,
1608 4092 1757 4138 recte
1795 4100 2096 4154 argumen-

518 4182 666 4230 tatus
704 4191 796 4241 es;
832 4175 876 4229 si
915 4183 1099 4229 autem
1146 4175 1306 4229 aliter
1347 4175 1678 4229 immensum
1727 4174 1992 4237 Verbum,
2036 4183 2097 4229 ut

518 4274 649 4333 puta
692 4273 983 4336 potestate,
1020 4264 1411 4320 mensurabilis
1446 4274 1629 4319 autem
1667 4281 1821 4330 caro,
1864 4282 1978 4321 non
2010 4276 2097 4322 est

517 4357 818 4412 absurdum
885 4358 1229 4427 superiorem
1288 4366 1616 4429 potestatem
1688 4372 1813 4411 cum
1878 4358 2096 4414 minore

520 4448 684 4502 uniri.

1116 4560 1267 4615 CAP.
1302 4560 1492 4615 XXVI.

585 4650 837 4705 lncreata
872 4650 1038 4705 Verbi
1071 4666 1328 4721 persona,
1360 4659 1547 4706 creata
1593 4653 1779 4708 carnis
1802 4670 2038 4724 persona
2073 4672 2090 4720 ;

514 4741 615 4797 sed
659 4757 765 4796 nec
805 4751 986 4812 potest
1028 4742 1277 4798 inereato
1305 4746 1469 4799 modo
1500 4760 1631 4799 caro
1663 4746 1847 4800 Verbo
1892 4746 2042 4801 uniri
2076 4786 2093 4814 ,

514 4847 622 4888 nec
655 4832 821 4887 modo
849 4841 1039 4887 creato
1068 4832 1311 4888 Verbum
1338 4834 1512 4889 carni.
1547 4834 1866 4890 Secundum
1898 4852 2096 4906 quam-

514 4939 645 4980 nam
678 4924 849 4995 igitur
888 4940 1183 4995 personam
1225 4927 1357 4981 unio
1402 4926 1544 4982 facta
1576 4937 1681 4992 est,
1728 4943 1852 4998 qua:
1899 4942 2099 4982 secun-

516 5018 648 5071 dum
696 5032 991 5087 personam
1042 5018 1185 5074 facta
1232 5020 1353 5073 est?
1404 5018 1529 5075 Non
1578 5033 1768 5073 rerum
1813 5018 2096 5073 unitarutn

515 5109 944 5178 praadicamenta
960 5110 1153 5166 eadem
1171 5120 1300 5167 sunt
1321 5112 1547 5167 omnino
1563 5127 1627 5165 ac
1652 5110 1827 5180 ipsius
1852 5110 2093 5165 unionis.

520 5199 660 5256 Unio
685 5201 854 5272 igitur
890 5203 1197 5258 secundum
1242 5220 1322 5265 se.
1373 5218 1554 5273 neque
1584 5209 1768 5256 creata
1797 5216 1980 5271 neque
2012 5201 2098 5254 in—

516 5300 703 5347 ereata
749 5302 870 5360 est;
921 5310 1106 5365 neque
1156 5297 1362 5351 ctenim
1419 5294 1651 5359 creatio,
1709 5308 1888 5364 neque
1940 5293 2094 5358 unio,

517 5386 876 5452 substantia;
911 5396 1179 5442 creaturae
1207 5396 1395 5441 autem
1437 5393 1495 5440 et
1532 5386 1779 5440 increata
1838 5387 1984 5441 inter
2036 5403 2095 5443 se

519 5477 709 5541 unita,
766 5477 1088 5532 substantiae
1141 5487 1329 5532 essent
1359 5494 1375 5529 :
1408 5476 1875 5546 quemadmodum
1925 5478 2097 5549 igitur

517 5568 653 5637 quin
699 5568 1153 5637 permanentibus
1202 5568 1404 5623 animis
1452 5582 1685 5638 corpora
1715 5568 1882 5623 nobis
1916 5569 1971 5624 in
2006 5586 2094 5625 re-

518 5662 865 5715 surrectione
900 5661 1115 5716 reddita
1158 5662 1304 5715 uniri
1355 5662 1434 5716 nil
1484 5661 1760 5732 prohibet,
1795 5662 1876 5717 sic
1916 5679 2096 5733 neque

518 5752 651 5820 quin
668 5753 851 5807 Verbo
867 5754 1278 5807 anteexsistenti
1301 5762 1359 5808 ut
1377 5754 1643 5818 increato,
1661 5770 1837 5824 nuper
1856 5766 2096 5811 creatam

522 5859 767 5908 carnem,
803 5844 1128 5913 simpliciter
1145 5854 1365 5914 propter
1387 5846 1556 5902 Verbi
1584 5847 2095 5916 priecxsistentiam.

2122 4572 2172 4631 ι)

2195 1955 2405 2020 οὐσίαν,
2433 1955 2614 2018 καθὼς
2628 1955 2705 2025 τῷ
2735 1954 3016 2025 Αἰγυπτίῳ
3049 1954 3226 2017 δοκεῖ,
3258 1953 3355 2006 τοῦ
3400 1953 3656 2022 ἀληθινοῦ
3683 1954 3787 2023 ὴλ-

2195 2047 2504 2117 λοτρίωται,
2546 2048 2736 2119 ὥσπερ
2774 2047 2875 2117 τῆς
2920 2046 3157 2115 φύσεως.
3183 2044 3359 2108 οὕτως
3401 2046 3499 2097 καὶ
3523 2045 3623 2113 τῆς
3650 2045 3790 2113 κλήο

2194 2154 2355 2201 σεως.
2396 2136 2537 2190 ’Λλλ’
2576 2138 2677 2190 οὐκ
2718 2138 2798 2200 είς
2854 2135 3043 2188 οὐσίαν
3089 2135 3187 2205 τὴν
3224 2132 3299 2196 ὡς
3344 2132 3523 2199 Λόγου
3572 2130 3788 2201 γυμνοῦ

2194 2229 2305 2299 ἔχει
2340 2228 2438 2300 τὴν
2479 2232 2679 2301 σάρκα,
2724 2227 2839 2282 ἀλλ’
2887 2228 2966 2290 εἰς
3008 2224 3199 2278 οὐσίαν
3254 2224 3353 2291 τὴν
3399 2222 3475 2287 ὡς
3511 2222 3639 2293 μίαν
3673 2222 3787 2275 τῶν

2192 2323 2290 2392 τῆς
2323 2322 2677 2384 ὑποστάσεως
2714 2319 2903 2383 αὐτοῦ,
2941 2316 3034 2370 τοῦ
3069 2316 3163 2370 καὶ
3190 2315 3433 2369 διουσίου
3464 2314 3617 2376 όντος
3649 2314 3789 2381 Χρι-

2195 2413 2341 2469 στοῦ.
2377 2413 2439 2467 Εἰ
2471 2414 2528 2466 δὲ
2554 2414 2642 2468 διὰ
2660 2413 2780 2466 τόδε
2810 2394 3171 2480 ἠλλοτρίωται
3214 2409 3247 2478 ἡ
3291 2407 3384 2460 τοῦ
3415 2407 3592 2475 Λόγου
3621 2406 3788 2459 οὐσία

2190 2506 2300 2561 τῶν
2329 2506 2633 2577 όμοουσίων
2690 2505 2829 2575 αὐτῇ
2875 2501 3063 2557 ἁπλῶν
3110 2501 3491 2565 ὑποστάσεων,
3540 2498 3676 2551 διότι
3720 2498 3787 2550 ὲν

2194 2599 2433 2670 συνθέτῳ
2474 2599 2769 2651 ὑποστάσει
2808 2596 2903 2650 νῦν
2941 2596 3079 2665 μετὰ
3110 2595 3210 2665 τῆς
3235 2594 3425 2657 οὐσίας
3448 2593 3548 2662 τῆς
3573 2590 3781 2663 σαρκὸς

2191 2692 2404 2761 ὁρᾶται.
2438 2689 2547 2760 ἄρα
2589 2706 2653 2756 γε
2692 2688 2787 2741 καὶ
2832 2687 3079 2741 Ἰωάννου
3114 2689 3146 2755 ή
3178 2687 3326 2757 ψυχή
3360 2701 3493 2737 ποτε
3523 2680 3786 2751 ἐτεροού-

2194 2798 2307 2845 σιος
2328 2777 2395 2853 ἦν
2436 2781 2570 2851 πρὸς
2595 2779 2693 2850 τὴν
2726 2779 2820 2834 τοῦ
2856 2780 2987 2833 ἰδίου
3018 2779 3253 2847 ἀδελφοῦ
3292 2777 3552 2832 Ἰακώϐου
3578 2776 3783 2847 ψυχὴν,

2191 2876 2251 2928 ὃν
2279 2873 2597 2944 προανεῖλεν
2626 2872 2790 2926 αὐτοῦ
2831 2874 3079 2945 μαχαίρᾳ
3118 2875 3146 2926 ό
3189 2870 3439 2944 Ἡρώδης
3465 2870 3655 2924 πάλαι·
3687 2869 3789 2923 καὶ

2191 2967 2359 3038 γὰρὴ
2406 2967 2503 3037 μὲν
2545 2965 2799 3020 Ἰακώϐου
2832 2966 3003 3036 ψυχὴ,
3051 2969 3109 3019 ἐν
3154 2966 3304 3036 ἁπλῇ
3348 2964 3650 3018 ὑποστάσει
3682 2962 3787 3031 γέ-

2190 3076 2315 3129 γονε
2349 3058 2488 3129 μετὰ
2518 3058 2768 3113 θάνατον·
2810 3061 2844 3131 ὴ
2902 3059 2960 3112 δὲ
3023 3058 3277 3113 Ἰωάννου
3325 3058 3383 3111 ὲν
3438 3056 3678 3126 συνθέτῳ
3712 3049 3788 3127 ἦν

2196 3155 2275 3209 ἔτι
2304 3154 2608 3225 φαινομένη
2647 3153 2968 3208 ὑποστάσει.

2773 3262 3024 3317 ΚΕΦΛΛ.
3067 3262 3165 3315 ΚΕ
3182 3298 3200 3316 .

2278 3353 2337 3407 Ὀ
2370 3352 2542 3423 Λόγος
2576 3354 2699 3407 καθ’
2730 3352 3031 3407 ὑπόστασιν
3077 3352 3340 3421 ἄμετρος,
3391 3351 3424 3421 ἡ
3459 3347 3600 3420 σὰρξ
3651 3347 3785 3402 καθ’

2198 3445 2495 3499 ὑπόστασιν
2548 3444 2846 3515 ἔμμετρος.
2883 3444 2942 3497 '0
2992 3444 3092 3514 τὴν
3138 3441 3264 3496 καθ’
3297 3440 3598 3495 ὑπόστασιν
3648 3440 3790 3494 Θεοῦ

2197 3540 2291 3593 καὶ
2324 3538 2523 3609 σαρκὸς
2554 3535 2897 3608 δογματίζων
2927 3535 3144 3599 ἕνωσιν,
3179 3534 3213 3606 ἢ
3261 3535 3351 3587 τὸν
3379 3532 3513 3586 Θεὸν
3539 3533 3791 3603 κάμπτει

2198 3632 2277 3694 εἰς
2302 3629 2362 3681 τὸ
2384 3628 2699 3699 σύμμετρον
2720 3628 2822 3696 τῆς
2850 3626 3080 3698 σαρκὸς,
3107 3626 3139 3697 ἢ
3162 3626 3262 3696 τὴν
3291 3624 3471 3696 σάρκα
3505 3625 3789 3680 ἀποτείνει

2199 3722 2278 3784 είς
2329 3720 2389 3773 τὸ
2436 3720 2675 3790 ἄμετρον
2722 3717 2817 3772 τοῦ
2870 3717 3026 3771 Θεοῦ·
3067 3718 3204 3788 μήτε
3254 3717 3365 3787 γὰρ
3412 3716 3606 3770 τούτου
3647 3718 3790 3785 μήτε

2198 3813 2410 3867 ἐκείνου
2460 3812 2773 3881 γινομένου,
2807 3809 3073 3865 ἀδύνατον
3104 3810 3268 3881 σαρκὶ
3311 3809 3436 3863 καθ’
3481 3809 3791 3862 ὑπόστασιν

2199 3904 2467 3974 ἑνωθῆναι
2499 3903 2589 3956 τὸν
2627 3902 2782 3957 Θεόν.
2835 3900 2897 3953 Εἰ
2934 3900 2995 3953 τὸ
3026 3902 3267 3971 ἄμετρον
3301 3898 3397 3952 τοῦ
3429 3898 3607 3966 Λόγου
3644 3898 3792 3953 κατά

2198 4013 2251 4050 τι
2284 3995 2449 4049 ποσὸν
2480 3993 2703 4064 συνεχὲς
2743 3994 2881 4055 νοεῖς
2917 3992 3107 4063 ὥσπερ
3140 3992 3236 4045 καὶ
3279 3990 3339 4043 τὸ
3377 3990 3654 4061 ἔμμετρον
3685 3988 3793 4058 τῆς

2200 4087 2432 4157 σαρκὸς,
2478 4085 2653 4157 ὀρθῶς
2698 4084 3046 4153 συνελογίσω’
3080 4084 3130 4136 εί
3159 4083 3215 4136 δὲ
3248 4083 3450 4152 ἑτέρως
3483 4081 3724 4152 ἄμετρος
3753 4084 3786 4134 ὁ

2200 4181 2391 4247 Λόγος,
2421 4178 2587 4248 ἤγουν
2618 4179 2683 4247 τῇ
2713 4176 2964 4246 δυνάμει,
3004 4175 3037 4245 ή
3068 4174 3125 4228 δὲ
3176 4173 3313 4244 σάρξ
3365 4172 3667 4243 ἔμμετρος,
3696 4173 3794 4225 οὐ-

2198 4271 2290 4323 δὲν
2308 4270 2506 4322 ἄτοπον
2532 4268 2632 4339 τὴν
2664 4266 3040 4338 ὑπερέχουσαν
3070 4264 3301 4336 δύναμιν
3331 4263 3587 4318 ὲνοῦσθαι
3620 4262 3791 4317 ὲλάτο

2201 4378 2335 4413 τονι.

2775 4561 3027 4615 ΚΕΦΛΛ.
3068 4557 3214 4627 κατ’.

2272 4656 2562 4717 Ἂκτιστος
2591 4653 2686 4707 τοῦ
2705 4654 2877 4723 Λόγου
2901 4656 2933 4724 ὴ
2962 4653 3283 4717 ὑπόστασις,
3302 4652 3497 4722 κτιστὴ
3523 4651 3622 4722 τῆς
3655 4667 3791 4721 σαρ-

2195 4746 2291 4812 κὸς
2320 4748 2354 4818 ἡ
2382 4746 2700 4809 ὑπόστασιςθ
2723 4744 2847 4799 οὐτε
2877 4748 2911 4816 ἡ
2939 4746 3075 4817 σὰρξ
3102 4744 3375 4807 ἁκτίστως
3398 4743 3622 4797 δύναται
3652 4744 3790 4796 ἐνω-

2198 4838 2356 4907 θῆναι
2388 4836 2469 4907 τῷ
2497 4838 2676 4906 Λόγῳ,
2700 4836 2824 4890 οὐτε
2864 4839 2893 4890 ό
2917 4837 3089 4905 Λόγος
3124 4836 3361 4899 κτιστῶς
3392 4834 3618 4888 δύναται
3647 4834 3789 4887 ἐνω-

2198 4930 2358 5002 θῆναι
2393 4931 2459 5000 τῇ
2492 4928 2677 5001 σαρκί.
2708 4928 2865 4983 Κατὰ
2900 4924 3165 4984 ποίανοῦν
3194 4928 3499 4981 ὑπόστασιν
3531 4928 3785 4995 γέγονεν,

2197 5025 2231 5094 ἡ
2260 5021 2383 5076 καθ’
2417 5023 2713 5075 ὑπόστασιν
2752 5021 2976 5087 ἓνωσις;
3002 5020 3083 5075 Τὰ
3122 5020 3232 5075 τῶν
3286 5018 3594 5089 ἑνουμένων
3652 5035 3792 5072 κατ-

2195 5114 2548 5186 ηγορήματα,
2578 5113 2698 5183 οὐχὶ
2734 5112 2908 5165 ταῦτα
2931 5112 3024 5166 καὶ
3057 5114 3157 5183 τῆς
3206 5111 3449 5173 ἑνὼσειίκ
3486 5113 3609 5164 εστι
3646 5110 3792 5164 πάν-

2197 5206 2565 5268 τως.Ἔνωσις
2582 5204 2679 5274 μὲν
2702 5200 2798 5257 οὖν
2823 5203 2945 5257 καθ’
2968 5204 3159 5274 αὐτὴν,
3191 5203 3313 5256 οὔτε
3344 5202 3624 5268 άκτιστος,
3657 5202 3786 5257 οὐτε

2199 5298 2389 5366 κτιστή
2426 5297 2509 5361 τίς
2547 5299 2718 5350 ἐστιν·
2745 5297 2845 5366 ἥτε
2873 5296 2983 5366 γὰρ
3020 5296 3202 5359 κτίσις
3237 5296 3388 5367 καὶὴ
3433 5295 3653 5361 ἒνωσις,
3684 5296 3789 5349 οὐκ

2198 5390 2395 5443 οὐσίαι·
2418 5389 2765 5459 κτίσματαδὲ
2802 5390 2895 5443 καὶ
2929 5388 3162 5443 ἄκτιστα
3190 5389 3459 5459 ἐνούμενα
3500 5388 3625 5442 καθ’
3652 5387 3790 5440 ὑπό-

2202 5498 2409 5542 στασιν,
2451 5482 2630 5534 οὐσίαι
2659 5481 2803 5544 τινὲς
2866 5481 2931 5533 ἂν
2962 5477 3092 5533 εἷεν⁸
3135 5479 3327 5551 ὥσπερ
3360 5476 3453 5534 οὖν
3486 5479 3789 5551 προούσαις

2198 5574 2321 5636 ταῖς
2351 5573 2549 5643 ψυχαῖς
2580 5571 2830 5625 ἐνοῦσθαι
2861 5570 2930 5625 τά
2960 5575 3017 5625 ὲν
3057 5575 3123 5642 τῇ
3152 5572 3448 5625 ἀναστάσει
3481 5573 3614 5641 ἡμῖν
3645 5571 3788 5623 ἁπο-

2198 5664 2450 5735 διδόμενα
2476 5666 2705 5734 σώματα
2734 5666 2795 5719 οὐ
2827 5664 3151 5731 κεκώλυται,
3177 5664 3351 5728 οὕτως
3409 5665 3534 5719 οὐδὲ
3568 5664 3646 5735 τῷ
3682 5666 3787 5732 ἐφ·-

2199 5757 2720 5821 οσονοῦν,άκτίστως
2746 5758 3151 5829 προῦπάρχοντι
3176 5757 3356 5827 Λόγῳ,
3375 5758 3435 5809 τὸ
3452 5756 3788 5829 προσφάτως

2204 5847 2519 5919 κτιζόμενον
2549 5848 2645 5918 τῆς
2687 5848 2909 5919 σαρκὸς,
2943 5848 3029 5901 διὰ
3062 5848 3160 5919 τὴν
3189 5845 3541 5919 προὺπαρξιν
3571 5842 3783 5905 ἁπλῶς.
