4116 6448
361 410 493 476 1493

1318 418 1707 478 ADVERSUS
1742 415 2294 479 NESTORIANOS.
2330 442 2399 454 -
2430 419 2575 478 LIB.
2620 444 2665 480 ι.

3474 417 3615 489 1498

366 527 427 581 Et
470 526 526 579 δὲ
558 524 648 578 διὰ
684 524 783 595 τὴν
824 524 919 578 τοῦ
966 524 1221 579 ἀκτίστου
1250 525 1355 595 φὴς
1407 526 1545 596 πρὸς
1600 526 1661 579 τὸ
1706 525 1925 580 κτιστδν

2051 525 2197 591 Quod»
2221 526 2265 580 si
2301 528 2453 581 dicas
2499 526 2893 595 impedimento
2928 542 3049 581 esse
3093 525 3471 581 diversitatem
3506 545 3608 583 na-

348 618 691 688 ἑτεροφυΐαν,
736 618 837 671 οὐκ
885 617 993 688 ἄρα
1036 614 1130 671 οὖν
1179 618 1300 671 οὑδὲ
1339 619 1503 689 ἑτέρα
1545 619 1843 682 ὑπόστασις
1870 618 1929 684 ἐξ

350 708 675 778 άνομοφυῶν
730 708 915 763 ἔσται·
949 710 1043 762 καί
1080 727 1160 763 τοι
1216 712 1364 762 πᾶσα
1427 708 1744 781 σύνθεσιςή
1805 708 1931 763 καθ’

350 800 650 854 ὑπόστασιν
671 800 729 865 ἐξ
758 800 1148 868 ἀνομοουσίων,
1178 801 1405 871 οὐδεμία
1434 800 1493 854 δὲ
1523 800 1583 866 ἐξ
1602 801 1928 871 όμοουσίων,

351 891 491 961 πλὴν
515 893 565 943 εί
596 890 672 961 μὴ
722 889 833 948 τῶν
877 891 1221 961 ὁμοιομερῶν
1262 891 1347 963 είη
1379 908 1464 954 τις
1491 892 1926 963 συλλογή.”Ωστε

356 981 556 1051 μᾶλλον
584 983 651 1034 ἐκ
680 981 781 1052 τῆς
803 983 1142 1052 ἀνομοφυῖας
1178 982 1301 1036 καθ’
1330 983 1626 1037 ὑπόστασιν
1654 984 1933 1037 ὑποπτευ-

350 1075 480 1128 τέαν
507 1071 648 1128 εἶναι
673 1073 773 1146 τὴν
798 1073 993 1129 ἱνωσιν
1021 1072 1116 1128 τοῦ
1148 1074 1324 1144 Λόγου
1370 1075 1466 1128 καὶ
1504 1075 1607 1146 σῆς
1638 1076 1860 1147 σαρκός.

912 1276 1169 1331 ΚΕΦΑΛ.
1223 1272 1351 1332 ΚΖ’.

429 1390 501 1444 Ἦ
547 1390 778 1462 διαφορά
824 1391 919 1445 τοῦ
980 1392 1236 1445 ἀκτίστου
1289 1391 1385 1445 καὶ
1428 1391 1524 1445 τοῦ
1572 1389 1792 1446 κτιστοῢ
1829 1390 1930 1463 τὴν

366 1482 488 1536 καθ’
524 1482 822 1535 ὑπόστασιν
849 1482 1097 1550 φυσικῶς
1126 1482 1323 1537 κωλύει
1352 1483 1565 1537 ἕνωσινο
1598 1485 1631 1554 ἠ
1659 1483 1778 1537 καθ’
1805 1482 1937 1536 ὑπό-

360 1591 547 1627 στασιν
576 1573 770 1637 ἕνωσις
793 1573 930 1627 Θεοῦ
985 1575 1084 1628 καὶ
1132 1575 1357 1647 σαρκὸς,
1389 1575 1647 1630 ἀκτίστου
1682 1576 1779 1630 καὶ¹
1812 1592 1935 1629 κτι-

360 1666 485 1720 στοῦ
545 1667 758 1737 ἀναιρεῖ
800 1666 900 1737 τὴν
940 1666 1223 1737 διαφοράν.
1260 1666 1319 1721 '0
1367 1668 1477 1737 ἀρα
1518 1668 1937 1738 ἀναθεματίζων

356 1756 484 1819 τοὺς
515 1756 590 1827 μὴ
618 1755 1019 1825 ὁμολογοῦντας
1052 1756 1153 1827 τὴν
1200 1755 1324 1809 καθ’
1368 1757 1665 1810 ὑπόστασιν
1707 1756 1933 1822 ἕνωσιν,

2035 627 2284 673 turarum
2320 619 2463 673 inter
2495 620 2798 673 increatum
2830 626 2886 672 et
2918 627 3228 673 creaturam
3248 658 3263 681 ,
3314 617 3465 672 nulla
3494 620 3609 689 jam

2032 710 2139 764 erit
2185 724 2421 779 persona
2467 708 2703 764 diversis
2736 718 2996 763 constans
3037 725 3050 762 :
3087 716 3145 763 et
3192 717 3375 764 tamen
3426 712 3610 764 omnis

2034 802 2166 857 unio
2192 801 2495 857 secundum
2522 817 2815 871 personam
2844 817 2911 855 ex
2937 800 3179 855 diversis
3203 801 3284 865 lit,
3321 802 3473 856 nulla
3513 818 3610 855 au-

2034 902 2145 949 tem
2184 908 2252 948 ex
2296 891 2885 954 consubstantialibus,
2916 891 3022 945 nisi
3052 892 3126 943 sit
3159 892 3418 946 collectio
3452 894 3610 948 simi—

2034 983 2168 1038 lium
2224 983 2486 1053 partium.
2556 982 2713 1039 Unde
2781 982 2968 1051 potius
3030 982 3457 1051 conjectandum
3521 988 3610 1035 est

2035 1078 2297 1133 unionem
2326 1077 2495 1132 Verbi
2543 1085 2601 1132 et
2631 1077 2815 1131 carnis
2858 1074 3165 1130 secundum
3203 1092 3496 1145 personam
3542 1091 3609 1129 ex

2034 1170 2272 1227 diversis
2300 1184 2445 1225 esse.
2738 1172 2749 1181 '

2618 1280 2773 1336 CAP.
2803 1280 3020 1336 XXVII.

2104 1394 2406 1450 Diversitas
2440 1394 2671 1449 increati
2724 1402 2780 1447 ct
2827 1400 3096 1447 creaturae
3126 1391 3383 1446 unionem
3418 1405 3612 1445 secun-

2036 1487 2166 1543 dum
2198 1501 2486 1557 personam
2529 1484 2861 1539 naturaliter
2897 1482 3168 1552 impedit;
3199 1484 3296 1537 Dei
3335 1491 3393 1536 et
3429 1480 3614 1535 carnis

2036 1583 2342 1639 secundum
2396 1597 2693 1652 personam
2755 1580 2886 1635 unio
2928 1577 3307 1633 diversitatem
3359 1576 3503 1630 tollit
3532 1576 3615 1629 in-

2037 1673 2204 1728 creati
2236 1681 2291 1727 et
2320 1680 2608 1727 creaturae.
2642 1670 2751 1736 Qui
2782 1685 2914 1740 ergo
2938 1684 3035 1723 eos
3063 1665 3494 1722 anathematizat
3521 1665 3616 1735 qui

2039 1763 2298 1818 unionem
2326 1762 2632 1817 secundum
2660 1776 2951 1831 personam
2991 1774 3101 1813 non
3138 1756 3497 1820 conﬁtentur,
3525 1757 3617 1809 ille

356 1847 484 1909 τοὺς
512 1846 911 1916 ὁμολογοῦντας
941 1846 1201 1900 ἀκτίστου
1232 1847 1327 1901 καὶ
1358 1846 1579 1901 κτιστοῦ
1608 1847 1706 1918 τὴν
1739 1847 1929 1916 διαφο-

2051 1871 2131 1910 :os
2168 1856 2379 1926 pariter
2424 1854 2858 1908 anathematizat
2904 1852 2999 1922 qui
3048 1850 3425 1905 diversitatem
3474 1849 3619 1901 inter

362 1937 481 2007 ράν,
515 1936 925 2007 ἀναθεματίζει.
968 1938 1066 1991 Διά
1095 1937 1147 1991 τί
1185 1938 1242 1992 δὲ
1287 1939 1396 2009 ἀρα
1440 1938 1640 1992 κωλύει
1668 1938 1764 2009 τὴν
1809 1937 1931 1992 καθ’

358 2027 657 2080 ὑπόστασιν
680 2027 872 2079 ἕνωσιν
901 2026 1147 2097 φυσικῶς
1178 2028 1271 2080 ἐπὶ
1294 2027 1389 2081 τοῦ
1414 2028 1671 2081 ἀκτίστου
1700 2026 1795 2081 καὶ
1820 2043 1936 2080 κτι-

362 2117 490 2172 στοῦ
516 2120 549 2189 ἡ
578 2118 829 2189 διαφορά.
879 2118 942 2170 Ei
972 2118 1071 2187 μὲν
1100 2118 1209 2190 γάρ
1240 2121 1305 2190 τῇ
1331 2119 1562 2189 θατέρου
1596 2117 1936 2190 προῦπάρξει

358 2210 435 2274 ώς
457 2209 531 2281 μὴ
558 2210 856 2281 δυναμένου
879 2210 1023 2275 τινὸς
1048 2211 1418 2266 συνάπτεσθαι
1443 2214 1509 2282 τῇ
1547 2213 1623 2282 μὴ
1656 2227 1938 2282 συμπροσ-

363 2302 591 2374 ελθούσῃ
638 2302 789 2373 αὐτῷ
827 2305 907 2363 είς
940 2304 1002 2356 τὸ
1047 2298 1188 2357 εἶναι
1224 2303 1407 2374 φύσει,
1437 2303 1547 2375 ἄρα
1590 2321 1654 2372 γε
1703 2304 1826 2358 οὑδὲ
1860 2306 1939 2377 τῷ

366 2394 659 2448 πλασθέντι
683 2394 901 2465 πρῶτον
921 2394 1136 2466 σώματι
1171 2395 1361 2466 Ἀδὰμ,
1378 2396 1441 2450 τὸ
1463 2395 1606 2449 θεῖον
1634 2396 1940 2467 ἐμφύσημα

368 2486 490 2539 καθ’
517 2485 813 2541 ὑπόστασιν
838 2485 1043 2558 mboq-
1080 2488 1129 2540 εἰ
1165 2488 1223 2541 δὲ
1252 2488 1390 2559 αὑτὴ
1419 2488 1559 2552 ὅλως
1584 2490 1617 2558 ἡ
1648 2488 1792 2543 κατά
1835 2488 1940 2559 φύ-

373 2594 510 2642 σεως
534 2578 693 2644 λόγου
734 2576 1059 2651 παραλλαγὴ
1094 2580 1240 2633 ποιεῖ
1271 2580 1333 2632 τδ
1357 2578 1677 2646 ἀσύμϐατον
1702 2580 1783 2643 είς
1810 2581 1946 2634 ἕνω-

373 2670 715 2736 σινιτούτοις,
756 2669 880 2723 οὐδὲ
910 2671 1020 2741 ἀρα
1040 2688 1094 2725 τι
1134 2670 1273 2736 ζῶον
1305 2671 1458 2726 ἔσται
1487 2672 1547 2739 ἐξ
1576 2673 1813 2744 ἀοράτου
1849 2673 1946 2726 καὶ

372 2764 572 2832 ὁρατῆς
602 2760 849 2830 φύσεως,
886 2761 921 2831 ἢ
953 2761 1155 2833 θνητῆς
1200 2763 1298 2817 καὶ
1346 2762 1640 2825 ἀθανάτου.
1693 2764 1939 2835 φθαρτῆς

375 2854 471 2906 καὶ
514 2851 827 2924 ἀφθάρτου·
867 2846 979 2906 οἷον
1038 2856 1067 2906 6
1118 2853 1405 2924 ἄνθρωπος
1442 2856 1471 2906 6
1520 2855 1584 2907 ὲκ
1635 2854 1815 2925 ψυχῆς
1855 2856 1949 2909 καὶ

378 2944 628 3015 σώματος
656 2938 736 3008 εἷς
765 2942 840 2997 ὣν
868 2945 966 3014 τὴν
993 2943 1115 2998 καθ’
1156 2944 1477 2997 ὑπόστασιν.
1507 2944 1570 2997 Ei
1602 2943 1659 2996 δὲ
1690 2945 1834 2997 είποι
1866 2960 1949 3006 τις

375 3038 475 3107 οὐχ
501 3036 689 3101 ἁπλῶς
719 3035 817 3108 τὴν
837 3036 1126 3107 διαφοράν,
1154 3036 1292 3090 ἀλλά
1323 3035 1422 3103 τὴν
1446 3036 1588 3103 ἄγαν
1616 3030 1757 3089 εἶναι
1780 3035 1951 3088 κωλυ-

377 3128 537 3201 τικὴν
574 3129 673 3199 τῆς
710 3127 959 3191 ἑνώσεως
1004 3127 1096 3181 τοῦ
1144 3127 1364 3182 κτιστοῦ
1417 3127 1550 3197 πρὸς
1581 3127 1644 3180 τὸ
1668 3126 1948 3191 ἀκτιστον,

2037 1948 2344 2001 increatum
2417 1954 2473 1999 et
2541 1952 2855 1999 creaturam
2921 1948 3250 2013 agnoscunt.
3314 1938 3426 1993 Cur
3484 1952 3618 1991 vero

2038 2039 2298 2093 unionem
2344 2037 2653 2092 naturalem
2698 2035 3002 2091 secundum
3046 2047 3340 2102 personam
3389 2030 3620 2100 impedit

2037 2130 2331 2185 diversitas
2370 2128 2602 2183 increati
2633 2135 2691 2183 et
2744 2126 2960 2182 creati?
3001 2123 3290 2194 Siquidem
3329 2161 3344 2185 ,
3393 2133 3621 2192 propter

2038 2221 2526 2293 prasexsistentiam
2585 2219 2928 2282 alterutrius,
2961 2217 3117 2288 quasi
3134 2233 3247 2271 non
3290 2224 3474 2285 posset
3516 2215 3622 2268 ali-

2039 2311 2175 2381 quid
2215 2320 2431 2364 natura‘.
2476 2325 2587 2364 non
2626 2309 2789 2364 simul
2832 2308 2901 2363 ad
2941 2308 3327 2364 exsistentiam
3374 2306 3625 2361 adductae

2043 2401 2213 2465 uniri,
2258 2415 2389 2471 ergo
2426 2416 2530 2455 nec
2565 2400 2787 2467 corpori
2834 2398 3010 2452 Adam
3057 2398 3213 2467 prius
3250 2397 3487 2450 formato
3527 2396 3624 2450 Dei

2044 2490 2340 2546 insulllatio
2373 2490 2528 2544 unita
2562 2497 2682 2561 est;
2720 2489 2766 2542 si
2796 2497 2981 2542 autem
3024 2486 3144 2557 ipsa
3189 2486 3489 2541 diversitas
3526 2501 3627 2538 na-

2046 2591 2294 2636 turarum
2338 2579 2572 2650 impedit
2621 2578 2849 2634 omnino
2903 2578 3168 2631 unionem
3198 2617 3213 2641 ,
3264 2576 3479 2629 nullum
3521 2574 3630 2629 erit

2045 2674 2248 2729 animal
2283 2671 2548 2729 invisibili
2576 2672 2752 2725 altera
2784 2679 2840 2725 et
2869 2670 3045 2725 altera
3070 2668 3303 2734 visibili,
3327 2666 3546 2721 mortali
3573 2674 3631 2721 et

2047 2766 2364 2829 immortali,
2383 2763 2731 2834 corruptibili
2756 2772 2813 2817 et
2835 2761 3244 2831 ineorruptibili
3275 2769 3469 2815 natura
3498 2775 3632 2813 con-

2048 2872 2220 2922 stans,
2256 2858 2419 2926 quale
2444 2866 2531 2911 est
2563 2856 2731 2910 homo
2774 2869 2845 2908 ex
2893 2854 3080 2907 anima
3111 2861 3169 2907 et
3206 2868 3443 2921 corpore
3487 2866 3631 2905 unus

2050 2950 2352 3006 secundum
2387 2961 2702 3017 personam.
2734 2945 2892 3011 Quod
2924 2945 2971 2998 si
3006 2944 3133 3013 quis
3154 2944 3323 3005 dicat,
3354 2958 3467 2996 non
3499 2941 3628 2995 sim-

2052 3041 2271 3111 pliciter
2295 3036 2697 3101 diversitatem,
2722 3035 2824 3089 sed
2849 3036 2969 3105 ejus
3000 3034 3343 3088 nimietatem
3362 3033 3629 3101 impedire

2056 3132 2317 3187 unionem
2345 3127 2575 3183 increati
2592 3137 2649 3182 et
2676 3126 2869 3189 creati,
2892 3134 3043 3181 certe
3075 3125 3242 3194 igitur
3261 3124 3434 3177 multo
3460 3122 3632 3192 magis

378 3194 747 3292 apavoﬁv'xal.
792 3218 893 3291 τὴν
922 3219 1173 3273 ἐπίτασιν
1210 3219 1309 3290 τῆς
1355 3194 1673 3289 ὁμοιότητος
1728 3218 1950 3289 μᾶλλον,

2057 3220 2439 3283 similitudinis
2461 3220 2759 3274 intensitas
2793 3218 2963 3274 multa
3002 3215 3306 3273 secundum
3340 3229 3631 3285 personam

378 3310 635 3381 ἡνωμένα
666 3313 843 3365 ποιεῖν
888 3328 1011 3363 τινα
1055 3309 1167 3363 δέοι
1216 3309 1340 3363 καθ’
1402 3310 1718 3363 ὑπόστασιν·
1763 3309 1817 3362 τί
1862 3305 1957 3363 οὖν

383 3406 584 3476 μᾶλλον
607 3406 791 3475 ὅμοιον
810 3402 889 3475 τῷ
917 3401 1132 3473 σώματι
1170 3401 1412 3473 Ἐφραῒμ
1442 3401 1584 3454 κατά
1607 3400 1699 3454 τὸν
1728 3400 1958 3470 φυσικὸν

381 3497 538 3566 λόγον
581 3495 769 3561 αὑτοῦ,
805 3497 839 3567 ἠ
865 3494 1013 3567 ψυχὴ
1039 3495 1228 3557 αὑτοῦ,
1259 3495 1292 3565 ἦ
1324 3496 1384 3548 τὸ
1412 3493 1573 3566 σῶμα
1602 3493 1693 3548 τοῦ
1722 3494 1957 3562 ἀδελφοῦ

381 3584 545 3640 αὑτοῦ
575 3586 877 3657 Μανασσῆς
908 3587 957 3638 εί
990 3585 1049 3638 δὲ
1080 3584 1139 3637 τὸ
1161 3584 1323 3656 σῶμα
1352 3585 1593 3649 πάντως,
1621 3583 1742 3648 πῶς
1762 3588 1828 3656 τῇ
1855 3585 1959 3656 μὲν

380 3678 622 3749 ἀνομοίῳ
665 3676 830 3732 αὐτοῦ
870 3676 1017 3748 ψυχῇ
1067 3676 1276 3747 ἥνωται
1332 3676 1453 3730 καθ’
1489 3676 1809 3740 ὑπόστασιν,
1863 3675 1958 3729 τοῦ

380 3770 440 3824 δὲ
476 3772 661 3840 ὁμοίου
695 3768 947 3838 σώματος
998 3768 1149 3838 αὐτῷ
1198 3770 1263 3839 τῇ
1302 3767 1465 3837 φύσει
1509 3766 1794 3839 διώρισται
1836 3767 1960 3821 καθ’

386 3863 727 3916 ὑπόστασινῖ
761 3862 981 3916 Εἰποιεν
1006 3862 1057 3915 οί
1091 3861 1431 3932 βουλόμενοι.

949 3973 1202 4027 ΚΕΦΑΛ.
1258 3973 1392 4026 KH'.

458 4069 521 4121 Εί
576 4069 644 4139 ἢν
678 4063 821 4138 εἶχεν
866 4070 895 4121 6
942 4067 1077 4131 Θεὸς
1110 4067 1281 4135 Λόγος
1317 4065 1488 4136 χωρὶς
1540 4064 1789 4130 ἑνώσεως
1822 4064 1962 4119 ἰδίαν

384 4162 706 4225 ὑπόστασιν,
741 4160 836 4215 νῦν
864 4160 963 4213 οὑκ
1004 4158 1117 4230 ἔχει
1141 4160 1169 4213 ό
1198 4160 1392 4227 Λόγος,
1424 4160 1637 4230 ἐτράπη
1670 4159 1780 4231 ἄρα
1805 4160 1837 4229 ἡ
1867 4157 1961 4212 τοῦ

384 4254 560 4323 Λόγου
591 4253 907 4315 ὑπόστασιςο
933 4253 1034 4322 τῆς
1053 4251 1111 4305 δὲ
1134 4251 1229 4306 τοῦ
1250 4252 1424 4319 Λόγου
1452 4251 1805 4315 ὑποστάσεως
1827 4268 1931 4322 τρα
1946 4281 1961 4291 -

387 4348 603 4418 πείσης,
648 4344 710 4409 ἐξ
745 4346 992 4413 ἀνάγκης
1022 4342 1114 4396 καὶ
1158 4344 1187 4395 6
1229 4344 1326 4413 τῆς
1354 4342 1585 4411 Τριάδος
1614 4344 1961 4413 τραπήσεται

388 4440 583 4507 Λόγος.
628 4437 791 4491 Ἀλλὰ
837 4439 936 4507 τὴν
982 4436 1151 4507 αὐτὴν
1198 4434 1333 4505 ἔχει,
1371 4432 1511 4503 μετά
1541 4433 1643 4503 μέν
1678 4451 1761 4487 τοι
1797 4450 1967 4503 προσ-

2060 3316 2220 3373 unire
2285 3313 2573 3368 deberet:
2628 3318 2814 3363 utrum
2862 3317 3047 3363 autem
3095 3306 3313 3377 corpori
3369 3304 3630 3375 Ephraim

2051 3411 2209 3482 juxta
2256 3404 2538 3461 naturales
2593 3403 2769 3473 ipsius
2802 3401 3173 3472 proprietates
3202 3399 3461 3462 similius,
3508 3399 3634 3451 ani-

2061 3514 2221 3555 mane
2251 3499 2372 3569 ejus
2415 3511 2483 3550 an
2531 3509 2735 3564 corpus
2758 3492 2947 3547 fratris
2989 3492 3267 3546 Manasses
3299 3508 3312 3544 :
3350 3491 3396 3545 si
3431 3503 3635 3559 corpus

2059 3590 2439 3653 omnino,cnr
2462 3602 2594 3658 ergo
2626 3584 2827 3640 animas
2863 3583 3119 3639 dissimili
3152 3582 3457 3637 secundum
3504 3597 3635 3649 per-

2060 3694 2251 3734 sonam
2283 3677 2497 3732 unitum
2543 3682 2648 3739 est,
2670 3671 2701 3728 a
2744 3687 2977 3742 corpore
3021 3680 3202 3725 autem
3238 3679 3431 3724 natura
3467 3668 3634 3723 simili

2060 3769 2364 3828 secundum
2405 3780 2695 3837 personam
2744 3764 2849 3818 fuit
2906 3762 3264 3832 separatum?
3299 3762 3494 3815 Dicant
3538 3757 3634 3828 qui

2063 3864 2259 3920 velint.

2625 3972 2778 4027 CAP.
2811 3970 3055 4026 XXVIII.

2133 4070 2191 4125 Si
2221 4069 2464 4125 Verbum
2512 4068 2658 4123 Deus
2701 4079 2867 4134 quam
2898 4073 3026 4115 ante
3090 4060 3353 4114 unionem
3403 4055 3639 4110 habebat

2062 4164 2343 4235 propriam
2375 4174 2689 4230 personam,
2734 4170 2882 4210 nunc
2911 4168 3030 4208 eam
3066 4167 3177 4206 non
3209 4150 3395 4214 habet,
3431 4155 3639 4201 mutata

2062 4265 2147 4311 est
2174 4255 2337 4313 Verbi
2370 4268 2638 4324 persona;
2673 4250 2770 4305 sed
2807 4255 3017 4301 mutata
3045 4243 3211 4300 Verbi
3249 4256 3506 4311 persona.
3537 4255 3637 4293 ne-

2064 4348 2307 4405 cessario
2336 4345 2621 4401 Trinitatis
2642 4342 2888 4399 Verbum
2922 4333 3371 4392 mutabitur.Sed
3386 4331 3639 4388 eamdem

2068 4440 2233 4495 habet
2265 4448 2323 4493 et
2366 4444 2490 4507 post
2515 4433 2887 4489 accessionem
2923 4425 3299 4499 personalium
3338 4421 3645 4493 proprieta-

386 4530 568 4601 θήκην
603 4528 714 4581 τῶν
753 4543 811 4580 τε
846 4524 1227 4581 ὑποστατικῶν
1258 4524 1566 4594 ἰδιωμάτων
1599 4523 1699 4592 τῆς
1730 4525 1950 4594 σαρκὸς,

2066 4544 2182 4588 tum
2210 4532 2393 4586 carnis
2419 4543 2542 4598 quae
2585 4534 2671 4582 est
2714 4526 2770 4578 in
2816 4538 2907 4585 eo,
2954 4536 3078 4591 quae
3111 4527 3194 4574 est
3219 4518 3375 4587 ejus,
3426 4527 3643 4569 necnon

386 4622 488 4692 τῆς
522 4621 580 4673 ὲν
612 4618 763 4689 αὐτῷ
798 4635 858 4672 τε
902 4620 995 4671 καὶ
1025 4617 1189 4671 αὑτοῦ
1227 4620 1322 4670 καὶ
1351 4616 1445 4670 τοῦ
1477 4618 1578 4687 τῆς
1606 4615 1745 4687 πρὸς
1777 4617 1957 4689 σάρκα

390 4712 638 4774 ὲνώσεως
666 4710 842 4780 Λόγου
884 4710 1175 4779 ἰδιώματος
1202 4708 1388 4771 αὑτοῦ,
1409 4707 1505 4761 νῦν
1530 4709 1651 4760 ἐνου
1660 4706 1825 4777 μένου
1870 4706 1964 4760 τοῦ

390 4803 591 4872 Λόγοψ
620 4804 715 4856 καὶ
747 4803 855 4872 γάρ
884 4805 941 4856 ὲν
969 4800 1047 4871 τῷ
1076 4801 1175 4870 τῆς
1210 4800 1564 4863 ὑποστάσεως
1595 4798 1760 4853 αὐτοῦ
1826 4799 1968 4869 λόγῳ

390 4896 485 4948 καὶ
508 4894 587 4965 τῷ
621 4895 720 4964 τῆς
757 4894 960 4965 σαρκὸς
1008 4893 1437 4964 προσλήμματι,
1472 4892 1663 4956 οὐσίας
1711 4892 1809 4962 μέν
1846 4892 1963 4945 ἐστι

387 4985 530 5055 πρὸς
555 4984 653 5055 τὴν
682 4984 849 5038 αὑτοῦ
883 4984 1068 5038 οὐσίαν
1101 4983 1372 5047 σύνθεσις,
1408 4983 1604 5054 ἰδίωμα
1644 4983 1701 5037 δὲ
1733 4984 1969 5037 ὑποστα-

392 5076 565 5141 τικὸν,
610 5078 704 5130 καὶ
729 5076 846 5129 τόδε
878 5076 1193 5143 συνεισάγει
1223 5075 1302 5145 τῷ
1341 5075 1618 5147 προσώπῳ
1643 5074 1739 5129 τοῦ
1777 5075 1965 5139 αὐτοῦ,

392 5168 730 5239 διακριτικὸν
766 5169 858 5221 καὶ
897 5168 1326 5238 αὑτογενόμενον
1362 5167 1542 5234 τοῦτο,
1580 5169 1689 5223 ἀπὸ
1733 5169 1831 5238 τῆς
1861 5185 1969 5222 πα-

394 5257 592 5327 τρικῆς
622 5257 893 5326 ὁμοφυῒας
925 5257 1019 5310 καὶ
1048 5254 1149 5325 τῆς
1178 5254 1271 5307 τοῦ
1304 5255 1621 5326 Πνεύματος
1654 5253 1748 5308 τοῦ
1782 5253 1965 5322 ἁγίου,

397 5352 507 5403 τῶν
536 5348 739 5419 ὁμοίων
766 5350 939 5419 αὑτῷ.

983 5464 1234 5516 ΚΕΦΛΛ.
1266 5463 1395 5515 ΚΘ.

474 5561 590 5615 Κ...
624 5560 732 5613 τῶν
763 5559 922 5612 θείων
962 5557 1314 5610 ὑποστάσεων
1347 5554 1449 5607 ἀ...
1481 5552 1529 5605 εί
1559 5551 1615 5603 δὲ
1657 5549 1969 5621 adamatam.

400 5651 543 5705 ὥστε
568 5653 775 5718 όΛόγος
788 5650 970 5705 οὐκέτι
996 5646 1182 5712 όεῖς...
1202 5645 1441 5718 ὓπαρξιν
1464 5644 1628 5715 τριῶν
1644 5641 1865 5709 ἄλλωνξὺ
1876 5658 1973 5693 πο-

406 5744 646 5798 στάσεων
677 5743 898 5798 δύναται
936 5741 1305 5811 πιστευθῆναι·
1341 5739 1480 5810 πλὴν
1513 5735 1607 5793 οὖν
1648 5738 1971 5803 ὑπόστασιν,

402 5837 455 5890 τί
493 5836 748 5909 νοοῦμεν;
790 5839 850 5892 Ei
888 5838 1003 5909 ’μὲν
1033 5836 1141 5907 γὰρ
1174 5835 1248 5907 τῷ
1276 5835 1355 5891 ἑνὶ
1399 5834 1542 5905 μόνῳ
1584 5830 1836 5903 ίδιώματι
1864 5828 1972 5882 διε-

2067 4636 2126 4682 et
2179 4622 2535 4695 proprietatis
2601 4617 2826 4673 nnionis
2888 4613 3057 4669 Verbi
3111 4626 3237 4666 cum
3302 4622 3481 4695 carne;
3520 4614 3646 4695 post

2070 4693 2330 4769 unionem
2368 4709 2573 4765 Verbi:
2605 4706 2813 4761 etenim
2844 4703 2898 4757 in
2939 4701 3154 4756 ratione
3185 4711 3435 4767 personas
3471 4693 3647 4763 ipsius

2069 4817 2126 4863 et
2158 4804 2535 4874 assumptione
2562 4800 2767 4862 carnis,
2793 4798 2952 4852 adest
2974 4791 3294 4863 conjunctio
3326 4786 3646 4843 substantia:

2070 4916 2197 4955 cum
2229 4899 2350 4970 ejus
2387 4894 2718 4956 substantia,
2746 4890 3057 4961 proprietas
3088 4893 3272 4940 autem
3296 4876 3643 4951 personalis,

2069 5001 2127 5049 et
2167 4993 2273 5046 hoc
2320 4990 2379 5042 in
2428 5001 2585 5043 suam
2615 4996 2913 5056 personam
2949 4975 3271 5033 intromittit
3297 4986 3408 5040 quo
3434 4970 3645 5023 discer—

2070 5093 2237 5140 natur
2264 5091 2319 5137 et
2339 5087 2625 5149 separetur
2654 5092 2683 5131 a
2706 5070 2872 5129 simili
2898 5077 3094 5124 natura
3118 5062 3298 5119 Patris
3325 5068 3381 5115 et
3404 5058 3647 5127 Spiritus

2070 5173 2246 5230 sancti
2273 5170 2377 5227 sibi
2410 5165 2695 5223 similium.

2668 5449 2819 5505 CAP.
2852 5442 3047 5499 XXIX.

2150 5588 2164 5603 .
2201 5589 2214 5601 .
2252 5586 2267 5599 .
2298 5583 2312 5598 .
2340 5585 2354 5599 .
2387 5543 2707 5599 Divinarum
2740 5540 3216 5607 personarum....‘.
3249 5524 3294 5581 si
3324 5531 3506 5578 autem
3533 5534 3647 5574 car-

2078 5639 2337 5695 nalia.....
2376 5636 2453 5689 ita
2501 5642 2560 5686 ut
2613 5630 2857 5686 Verbum
2892 5627 3004 5696 jam
3040 5636 3149 5676 non
3211 5617 3285 5672 sit
3335 5621 3649 5670 unum......

2077 5727 2456 5787 cxsistcntiam
2482 5724 2646 5778 trium
2672 5722 2904 5775 aliarum
2936 5727 3298 5787 personarum
3322 5715 3504 5779 potest
3533 5718 3653 5759 creo

2080 5825 2210 5879 dcte
2241 5839 2257 5879 :
2291 5819 2389 5877 sed
2436 5827 2621 5874 tamen
2651 5813 2784 5888 quid
2821 5822 3110 5884 personam
3158 5798 3561 5875 intelligainns?
3593 5793 3652 5853 Si
