4116 6450
491 424 630 489 1435

1753 418 2059 480 LEONTII
2100 418 2468 477 ΒΥΖΛΝΤΙΝ
2478 418 2502 476 Ι

3599 412 3737 476 1696

486 534 635 609 enim
696 528 811 585 sola
876 526 1431 583 consubstantialium
1502 526 1837 597 proprietate
1900 524 2056 579 diffe-

2161 521 2377 575 στῶσαν
2403 522 2510 574 τῶν
2552 518 2922 590 όμοουσῖων...
2965 518 3110 589 ἁπλῆ
3158 518 3425 589 φανείη...
3475 517 3553 587 τῷ
3595 514 3737 573 εἶναι

489 631 727 676 rant.....
763 620 995 689 simplex
1034 618 1434 673 videretur.....
1470 634 1538 673 eo
1582 618 1730 688 quod
1779 618 2061 687 ingenitus

488 715 674 768 sit.....
706 711 802 766 sed
835 720 890 765 et
914 726 981 767 eo
1004 711 1152 780 quod
1185 713 1258 765 sit
1284 711 1501 781 genitor
1537 710 1696 765 Verbi
1738 719 1794 763 et
1822 710 2062 779 spirator

487 804 726 874 Spiritus
746 802 942 865 sancti,
968 802 1084 871 ipse
1116 818 1222 857 non
1257 802 1599 871 procedens;
1639 802 1847 871 pariter
1876 810 2059 854 autem

484 903 541 948 et
588 892 829 961 Spiritus
880 893 1069 961 plures
1116 901 1245 946 sunt
1290 892 1678 961 proprietates.
1725 891 1843 945 Non
1891 891 2063 960 igitur

483 985 867 1054 multiplicitas
912 985 1285 1054 personalium
1335 985 1737 1054 proprietatum
1786 984 2064 1053 composi-

485 1084 596 1129 tam
627 1075 792 1129 ellicit
835 1075 1142 1145 simplicem
1179 1075 1609 1144 proprietatem;
1644 1075 1741 1130 sed
1776 1075 1905 1130 licet
1933 1075 2061 1144 quis

453 1181 551 1219 ,εχ
585 1165 838 1235 pluribus
863 1166 1114 1235 personis
1156 1181 1317 1219 unam
1358 1181 1645 1234 personam
1680 1166 1938 1235 componi
1968 1182 2060 1219 ar-

486 1259 907 1328 hitretur,quod
936 1274 1036 1312 nos
1055 1258 1201 1313 absit
1230 1259 1437 1322 dicere,
1466 1260 1561 1328 qui
1592 1258 1819 1313 minime
1842 1260 2061 1314 censui-

486 1365 612 1405 mus
646 1365 868 1405 carnem
916 1350 1068 1420 prius
1112 1350 1283 1406 fuisse
1352 1350 1644 1404 formatam
1685 1358 1742 1403 et
1788 1358 1977 1418 postea
2031 1366 2061 1404 a

487 1440 669 1494 Verbo
698 1450 1055 1509 assumptam,
1088 1440 1232 1494 sicut
1257 1439 1413 1495 vobis
1444 1441 1643 1509 placet,
1681 1440 1777 1496 sed
1807 1458 1873 1496 ex
1909 1443 2063 1511 prin-

488 1530 635 1600 cipio
666 1546 779 1593 sua)
804 1532 1140 1585 exsistentiaé
1166 1532 1219 1585 in
1255 1547 1550 1601 personam
1580 1532 1745 1587 Verbi
1780 1532 1949 1587 fuisse
1978 1535 2059 1588 in-

488 1622 732 1687 ductam,
761 1622 903 1675 unde
926 1620 1197 1685 Christus,
1230 1638 1395 1692 quem
1415 1639 1511 1677 vos
1537 1623 1721 1693 potius
1749 1639 1815 1679 ex
1845 1624 2063 1681 duabus

486 1710 740 1781 personis
773 1710 826 1764 in
866 1709 1140 1780 duplicem
1169 1728 1457 1781 personam
1488 1712 1767 1784 eﬂingitis,
1803 1715 1913 1781 vel,
1951 1733 2059 1770 non

485 1814 902 1874 componentes,
964 1806 1236 1861 simulatis
1288 1808 1591 1868 unionem;
1644 1810 1789 1865 unde
1850 1812 2054 1867 Christi

428 1891 435 1897 ’
484 1905 679 1951 natura
708 1912 815 1951 non
845 1899 1078 1968 amplius
1094 1900 1259 1953 habet
1279 1899 1345 1953 ad
1368 1901 1537 1956 Deum
1557 1912 1867 1974 respectum
1891 1921 2051 1974 quam

483 1998 807 2043 caaterorum
835 1989 1118 2059 hominum
1149 2003 1344 2046 natura
1368 2010 1382 2059 ;
1414 2008 1594 2064 neque
1615 2011 1714 2049 cur
1743 1995 1834 2049 ille
1857 1995 2058 2049 media-

484 2090 570 2132 tor
593 2096 733 2133 unus
761 2080 977 2135 dicatur
1001 2070 1098 2135 Dei
1124 2092 1180 2137 et
1210 2082 1495 2139 hominum
1523 2084 1709 2139 dicere
1733 2084 1984 2155 potestis.

1077 2192 1230 2249 CAP.
1269 2194 1435 2249 XXX.

550 2302 608 2357 Si
642 2303 749 2357 alia
790 2312 936 2358 esset
976 2304 1144 2360 Verbi
1196 2322 1433 2375 persona
1471 2306 1592 2364 sine
1636 2323 1801 2365 carne
1848 2320 1907 2365 et
1946 2311 2069 2365 alia

480 2409 604 2449 cum
631 2410 796 2449 carne
829 2396 1072 2465 propria,
1099 2398 1414 2452 necessario
1442 2414 1662 2468 quoque
1685 2400 1836 2455 aliud
1860 2401 2056 2456 fuisset

479 2485 723 2539 Verbum
769 2487 1091 2555 aliquando,
1135 2487 1286 2542 aliud
1328 2498 1511 2544 autem
1544 2500 1731 2560 postea
1761 2510 1773 2545 :
1802 2493 2056 2561 sequitur

478 2576 626 2631 enim
675 2577 989 2631 necessario
1037 2592 1285 2646 personae
1324 2579 1706 2639 mutationem.
1763 2580 1912 2636 illius
1958 2583 2053 2651 qui

479 2682 769 2737 personam
783 2666 949 2721 habet
968 2667 1226 2721 mutatio.
1256 2667 1421 2721 Aliud
1440 2669 1766 2740 intelligitur
1784 2679 1842 2725 et
1859 2671 1928 2726 de
1941 2688 2057 2725 mu-

478 2758 685 2812 tatione
714 2765 925 2812 natura:
966 2767 1023 2813 et
1066 2757 1134 2813 de
1180 2759 1543 2828 acquisitione
1565 2760 1711 2816 etde
1740 2764 2054 2817 accessione

477 2849 841 2919 quorumdam
894 2849 1363 2907 substantialium.
1396 2850 1625 2906 Siclana
1659 2862 1745 2908 est
1784 2853 1974 2908 eadem
1999 2862 2055 2907 et

477 2956 587 2995 non
601 2940 727 3005 alia,
739 2944 853 2998 sive
872 2940 1097 3007 sitalba,
1113 2952 1172 2999 ut
1183 2950 1266 2996 est
1279 2943 1741 3007 naturaliter.sive
1752 2952 2053 3014 purpurata

477 3033 643 3088 fuerit
681 3037 946 3106 sanguine
992 3039 1334 3094 conchas"...
1370 3038 1602 3092 visa.....
1652 3044 1714 3091 ut
1752 3037 2052 3093 secundum

478 3129 841 3184 substantiam
891 3138 949 3184 et
999 3146 1410 3200 personam.....
1442 3130 1649 3186 habere
1706 3130 1774 3184 ad
1828 3129 2052 3200 sangui-

477 3237 722 3278 nem.....
778 3224 923 3278 sicut
973 3239 1249 3279 omne.....
1300 3239 1586 3295 genus.....
1636 3224 1744 3278 alia
1798 3239 2042 3294 ergo.....
2076 3211 2122 3270 C

476 3328 713 3383 persona
756 3314 1157 3385 intelligeretur
1198 3315 1480 3370 incarnata
1507 3330 1537 3369 a
1561 3330 1672 3369 non
1713 3315 1994 3370 incarnata
2031 3334 2044 3370 :

477 3420 587 3461 non
615 3407 761 3460 enim
792 3406 958 3462 Verbi
1002 3408 1233 3462 mutatio
1273 3408 1394 3478 ejus
1424 3406 1733 3461 incarnatio
1759 3447 1775 3471 ,
1807 3407 1903 3462 sed
1932 3416 2052 3461 tan-

480 3508 594 3552 tum
636 3498 683 3551 si
723 3498 964 3552 Verbum
995 3513 1117 3553 esse
1141 3505 1414 3565 cessaret;
1443 3498 1591 3567 quod
1614 3507 1797 3553 autem
1822 3498 2051 3553 desierit

476 3604 700 3645 carnem
730 3605 839 3644 non
878 3590 1172 3644 habere....
1211 3605 1361 3644 nunc
1390 3590 1791 3644 incarnatio....
1818 3590 2049 3644 Filio....

476 3679 726 3735 divinum
749 3689 894 3736 esset
918 3682 1465 3737 attributum....non
1494 3690 1678 3736 autem
1711 3696 1821 3735 non
1848 3681 2052 3736 habere

477 3786 816 3827 carnem.....
847 3772 1013 3827 Verbi
1046 3787 1313 3841 personze.
1351 3772 1446 3827 Sic
1484 3772 1632 3826 enim
1673 3780 1730 3827 et
1776 3773 1956 3835 Pater,
1996 3780 2053 3827 et

479 3860 720 3933 Spiritus
764 3873 1005 3925 sanctus,
1048 3872 1103 3917 et
1131 3864 1305 3934 angeli
1335 3871 1392 3918 et
1432 3863 1628 3918 anima:
1657 3864 1811 3917 verba
1843 3873 2048 3927 essent,

474 3971 585 4011 non
620 3970 780 4011 secus
832 3971 896 4010 ac
953 3955 1503 4026 Filius;negativum
1555 3964 1738 4009 autem
1787 3953 2051 4024 primario

475 4048 963 4125 praedicamentum
993 4046 1316 4103 substantiae
1357 4046 1552 4116 ipsius,
1591 4046 1922 4102 secundario
1949 4062 2051 4101 au-

475 4150 587 4194 tem
629 4154 879 4209 persona:
908 4139 1101 4208 ipsius,
1145 4147 1371 4207 propter
1403 4137 1762 4193 substantiam
1788 4137 1899 4208 jam
1933 4137 2051 4206 pri-

474 4234 599 4290 dem
637 4235 710 4289 ita
739 4233 1125 4304 praedicatam;
1167 4248 1314 4287 nunc
1338 4246 1473 4286 vero
1519 4230 1589 4285 de
1624 4230 1931 4286 substantia
1970 4232 2050 4286 sic

474 4323 826 4393 praedicatur,
860 4338 971 4377 non
1004 4330 1186 4378 autem
1213 4320 1541 4391 simpliciter
1561 4327 1619 4373 et
1640 4321 1802 4375 unice
1835 4320 1903 4375 de
1926 4336 2051 4390 per-

354 4420 367 4429 ‘
473 4430 629 4477 sena,
657 4414 786 4484 quia
837 4414 955 4468 haec
999 4413 1054 4467 in
1103 4428 1163 4468 se
1210 4413 1424 4481 recepit
1472 4411 1635 4466 aliam
1683 4412 2048 4467 substantiam

471 4520 595 4575 qua:
621 4504 859 4559 carnalis
908 4504 1355 4574 przedicatur;et
1410 4505 1528 4573 ipsa
1568 4503 1717 4557 valet
1769 4511 1830 4556 ut
1878 4503 2044 4559 Verbi

2162 615 2473 684 ἀγεννήτως
2500 615 2646 681 ἀφ...
2671 610 2808 664 ἀλλὰ
2839 613 2931 663 καὶ
2966 610 3044 681 τῷ
3080 611 3398 680 γεννητικὸς
3436 611 3530 663 τοῦ
3559 612 3735 679 Λόγου

2161 701 2322 769 εἶναι,
2371 706 2465 757 καὶ
2503 703 2892 773 ὲκπορευτικδς
2938 702 3034 756 τοῦ
3088 703 3443 771 Πνεύματος,
3487 704 3583 756 καὶ
3642 706 3736 757 ἁν-

2160 798 2514 864 εκπόρευτος·
2545 796 2746 865 ὁμοίως
2778 795 2835 848 δὲ
2864 797 2958 847 καὶ
3000 796 3318 865 Πνεύματος
3338 835 3354 858 ,
3407 795 3581 848 πλείω
3619 798 3736 849 ὲστὶ

2160 888 2228 941 τά
2260 888 2389 942 ἴδια.
2415 889 2528 941 Οὐκ
2551 887 2659 957 ἄρα
2672 886 2764 940 οὖν
2792 890 2820 940 ὁ
2848 888 3186 956 πλεονασμὸς
3214 887 3322 940 τῶν
3355 887 3737 940 ὑποστατικών

2166 979 2493 1050 ἰδιωμάτων,
2550 977 2806 1032 σύνθετον
2854 980 3000 1031 ποιεῖ
3030 979 3129 1047 τὴν
3178 978 3361 1047 άπλῆν
3408 978 3730 1031 ὑπόστασιν·

2163 1071 2278 1125 ἀλλ’
2312 1072 2470 1142 εἰπερ
2496 1072 2560 1124 ἐκ
2586 1070 2848 1124 πλειόνων
2886 1072 3237 1124 ὑποστάσεων
3270 1071 3401 1140 μίαν
3432 1070 3735 1123 ὑπόστασιν

2162 1180 2246 1226 τις
2273 1163 2588 1231 συγκεῖσθαι
2628 1162 2918 1233 ὑπόθηται,
2961 1163 3098 1232 ὅπερ
3142 1164 3272 1233 ἡμῖν
3315 1161 3618 1216 ἀπευκτέον
3650 1162 3734 1214 λέ-

2162 1270 2301 1323 γειν·
2336 1255 2469 1325 μηδὲ
2517 1255 2907 1325 διαπλασοῆναι
2937 1255 3038 1325 τὴν
3089 1253 3290 1323 σάρκα,
3340 1249 3458 1305 εἶτα
3499 1254 3738 1324 προσλη-

2164 1344 2359 1414 φθῆναι
2401 1344 2481 1414 τῷ
2523 1345 2681 1415 Λόγῳ
2724 1344 3009 1413 ἐννοήσασί
3051 1360 3204 1404 ποτε,
3238 1341 3428 1413 ὥσπερ
3462 1343 3622 1412 ὑμεῖς
3652 1343 3738 1395 δο-

2165 1434 2377 1500 ξάζετε,
2410 1434 2525 1487 ἀλλ’
2549 1432 2610 1498 ἐξ
2653 1434 2825 1505 ἀρχῆς
2858 1433 3144 1505 ὑπάρξεως
3181 1434 3351 1503 αὐτῆς
3381 1434 3474 1486 ἐπὶ
3511 1433 3611 1501 τῆς
3638 1431 3734 1487 τού

2163 1527 2337 1597 Λάγου
2384 1525 2936 1598 προσωποπσιηθῆναι
2978 1525 3331 1587 ὑποστάσεως
3360 1526 3439 1587 εἰς
3469 1525 3733 1596 Χριστόν·

2164 1620 2222 1673 ὃν
2254 1621 2411 1690 ὑμεῖς
2460 1619 2663 1689 μᾶλλον
2701 1620 2762 1671 ὲκ
2805 1618 2897 1671 δύο
2929 1617 3282 1670 ὑποστάσεων
3310 1616 3509 1669 τιθεῖτε
3545 1617 3626 1677 εἰς
3654 1614 3734 1667 δι-

2167 1712 2307 1782 πλῆν
2334 1711 2652 1764 ὑπόστασιν·
2689 1710 2746 1782 ἢ,
2771 1710 2845 1780 μὴ
2881 1709 3184 1771 συνθέντες,
3211 1704 3598 1779 προσποιεῖσθε
3634 1706 3733 1775 τὴν

2164 1803 2376 1857 ἕνωσιν·
2413 1803 2567 1857 οὐδὲν
2615 1802 2847 1873 ἐχούσης
2900 1802 3086 1855 πλεῖον
3133 1801 3242 1854 τῶν
3274 1798 3476 1852 λοιπῶν
3524 1799 3733 1869 ἀνδρῶν

2159 1897 2257 1966 τὴν
2285 1895 2422 1965 πρὸς
2458 1894 2589 1947 Θεὸν
2615 1894 2799 1964 σχέσιν
2825 1896 2924 1965 τῆς
2958 1893 3053 1946 τοῦ
3099 1890 3335 1962 Χριστοῦ
3361 1889 3603 1959 φύσεως·
3640 1890 3733 1942 καὶ

2160 1986 2322 2040 πόθεν
2356 1980 2509 2048 οὗτος
2551 1986 2712 2056 μόνος
2757 1978 2834 2047 εἷς
2868 1984 3096 2054 μεσίτης
3127 1982 3262 2036 Θεοῦ
3302 1983 3395 2036 καὶ
3428 1979 3733 2052 ἀνθρώπων

2156 2079 2392 2151 εἴρηται,
2424 2078 2604 2146 λέγειν
2630 2078 2726 2148 οὐχ
2751 2077 2923 2141 ἕξετε.

2754 2190 3009 2244 ΚΕΦΑΛ.
3050 2192 3129 2245 Λ¹.

2225 2308 2288 2360 El
2315 2304 2447 2377 άλλη
2485 2300 2554 2376 ἦν
2587 2306 2621 2375 ἡ
2644 2303 2941 2366 ὑπόστασις
2969 2302 3063 2356 τοῦ
3091 2303 3266 2371 Λόγου
3301 2303 3469 2373 χωρὶς
3504 2300 3727 2370 σαρκὸς,

2155 2399 2252 2453 καὶ
2307 2398 2442 2467 άλλη
2486 2399 2583 2451 τοῦ
2634 2396 2808 2465 Λόγου
2847 2397 2881 2466 ή
2916 2396 3216 2459 ὑπόστασις
3271 2396 3407 2465 μετὰ
3453 2395 3554 2465 τῆς
3592 2394 3730 2457 ἰδίας

2156 2492 2381 2562 σαρκὸς,
2415 2491 2508 2544 καὶ
2536 2492 2565 2543 6
2593 2491 2766 2558 Λόγος
2795 2489 2854 2553 ἐξ
2887 2490 3130 2559 ἀνάγκης
3161 2489 3319 2551 ἄλλος
3346 2485 3415 2560 ἦν
3452 2505 3602 2551 ποτε,
3634 2487 3730 2540 καὶ⁵

2155 2584 2311 2648 ἄλλος
2354 2582 2491 2652 μετὰ
2543 2581 2716 2636 ταῦτα
2749 2595 2763 2609 ⁸
2790 2580 3075 2636 ἀκολουθεῖ
3105 2582 3216 2653 γὰρ
3242 2584 3307 2652 τῇ
3337 2580 3603 2651 ὲναλλαγῇ
3631 2580 3729 2647 τῆς

2157 2674 2530 2738 ὑποστάσεως,
2557 2676 2589 2744 ἡ
2621 2674 2890 2744 ἐναλλαγὴ
2912 2672 3005 2727 τοῦ
3038 2672 3253 2742 ἔχοντος
3279 2672 3379 2743 τὴν
3404 2672 3725 2725 ὑπόστασιν.

2155 2769 2229 2821 T6
2247 2768 2403 2823 ἄλλο
2428 2767 2523 2820 καὶ
2545 2766 2665 2818 κατ’
2690 2765 2993 2835 ἐναλλαγὴν
3015 2764 3230 2833 φύσεως
3247 2766 3471 2829 νοεῖται,
3490 2764 3584 2817 καὶ
3606 2763 3729 2816 κατ’

2155 2860 2443 2928 ἐπίκτησιν
2482 2859 2575 2911 καὶ
2627 2858 2769 2912 κατὰ
2801 2856 3116 2928 παραϐολήν
3162 2874 3284 2910 τινα
3315 2856 3423 2909 τῶν
3462 2859 3728 2909 ὲπουσιωε

2153 2950 2363 3005 δῶν.Ἦ
2400 2950 2499 3020 μὲν
2530 2945 2624 3003 οὖν
2654 2950 2791 3019 αὑτὴ
2822 2949 2992 3012 πόκος
3013 2949 3131 3001 ἐστὶ
3157 2947 3251 3001 καὶ
3282 2948 3384 3000 οὐκ
3404 2946 3558 3018 άλλη·
3599 2947 3633 3017 ἦ
3666 2963 3725 2999 τε

2155 3044 2321 3115 λευκὴ
2346 3043 2589 3112 φυσικῶς
2631 3043 2692 3096 τὸ
2726 3042 2947 3113 χρῶμα,
2981 3041 3134 3111 καὶή
3169 3040 3237 3093 δι’
3264 3040 3493 3110 αἵματος
3533 3040 3728 3109 κόχλου

2158 3136 2411 3208 πορφύρα
2436 3135 2764 3206 γινομένη...
2784 3134 3106 3208 ὁρωμένη...
3132 3135 3209 3197 ὡς
3242 3132 3384 3185 κατὰ
3412 3133 3511 3203 τὴν
3538 3133 3728 3185 οὐσίαν

2154 3230 2249 3285 καὶ¹
2304 3230 2601 3284 ὑπόστασιν
2648 3231 2844 3297 όμοι...
2890 3227 3034 3297 ἔχειν
3083 3225 3221 3296 πρὸς
3271 3219 3415 3295 αἷμα
3467 3225 3725 3279 λοιπὸν...

2152 3323 2341 3394 ὥσπερ
2380 3321 2441 3375 τὸ
2486 3322 2594 3374 πᾶν
2632 3319 2777 3389 τῷ...
2827 3336 2964 3373 πο...
2993 3314 3201 3381 εἶδος...
3234 3316 3371 3386 άλλη
3399 3312 3559 3381 οὖν...
3591 3317 3728 3370 ὑπό-

2155 3432 2343 3478 στασις
2374 3416 2544 3466 νοοῖτο
2578 3412 2645 3466 ἂν
2676 3414 2709 3483 ἡ
2752 3413 3149 3481 σεσαρκωμένη
3172 3410 3309 3479 πρὸς
3334 3409 3434 3480 τὴν
3463 3409 3728 3480 ἄσαρκόν·

2151 3507 2214 3561 οὐ
2238 3507 2345 3578 γὰρ
2376 3504 2553 3576 τροπὴ
2586 3504 2761 3571 Λόγου
2787 3505 2821 3576 ἡ
2860 3503 3139 3573 σάρκωσις
3162 3500 3352 3567 αὑτοῦ,
3389 3500 3503 3553 ἀλλ’
3532 3503 3565 3571 ἡ
3600 3500 3730 3554 62.0-

2151 3598 2267 3667 για·
2298 3599 2396 3667 τῆς
2420 3595 2781 3665 δὲ-άσαρκίας
2807 3593 2971 3647 αὑτοῦ
2992 3593 3274 3665 τροπὴν...
3303 3594 3729 3663 σεσαρκωμένου

2151 3688 2312 3741 νῦν...
2348 3686 2441 3739 τοῦ
2481 3683 2683 3738 Υἱοῦ...
2718 3683 2837 3754 Θείη
2885 3684 2950 3735 ἂν
2980 3684 3013 3752 ἡ
3047 3681 3421 3752 κατηγορία...
3457 3681 3577 3751 οὑχὶ
3608 3681 3665 3734 δὲ
3692 3683 3727 3751 ή

2152 3778 2393 3848 άσαρκία
2432 3775 2597 3830 τοῦ...
2637 3776 2736 3844 τῆς
2782 3773 2875 3827 τοῦ
2926 3774 3101 3840 Λόγου
3157 3773 3532 3835 ὑποστάσεως.
3567 3772 3727 3826 Οὕτω

2152 3870 2258 3941 γάρ
2290 3869 2356 3923 ἂν
2402 3868 2497 3921 καὶ
2541 3868 2570 3919 6
2604 3866 2792 3937 Πατὴρ
2833 3866 2929 3918 καὶ
2970 3865 3032 3919 τὸ
3078 3866 3303 3937 Πνεῦμα
3328 3868 3391 3920 τὸ
3431 3867 3605 3933 ἆγιον,
3635 3866 3733 3918 καὶ

2151 3960 2373 4030 ἄγγελοι
2403 3960 2495 4012 καὶ
2514 3957 2702 4028 ψυχαὶ,
2729 3957 2900 4025 λόγοι
2925 3955 2990 4010 ἂν
3009 3952 3142 4019 εἷεν,
3170 3956 3314 4010 κατὰ
3336 3957 3426 4009 τὸν
3451 3954 3595 4008 Υἱόν·
3615 3955 3730 4007 ἔστι

2151 4054 2211 4108 δὲ
2259 4051 2594 4123 ἀποφατικὸν
2620 4051 2739 4120 τῆς¹
2771 4048 2962 4113 οὑσίας
2988 4048 3155 4102 αὑτοῦ
3179 4050 3549 4120 κατηγόρημα
3579 4045 3732 4117 πρώ-

2150 4165 2280 4211 τως,
2310 4145 2583 4215 δευτέρως
2611 4143 2668 4197 δὲ
2695 4142 2788 4195 καὶ
2813 4141 2913 4211 τῆς
2947 4142 3300 4206 ὑποστάσεως
3330 4139 3493 4194 αὑτοῦ
3525 4138 3613 4193 διὰ
3633 4139 3732 4208 τὴν

2150 4238 2339 4293 οὐσίαν
2391 4236 2564 4290 πάλαι
2612 4233 2785 4296 οὕτως
2839 4233 3357 4304 κατηγορουμένην·
3395 4231 3493 4285 καὶ
3537 4230 3633 4284 νῦν
3672 4230 3730 4282 δὲ

2149 4330 2251 4399 τῆς
2307 4327 2406 4397 μὲν
2440 4325 2628 4389 οὐσίας
2665 4322 2833 4378 αὑτοῦ
2878 4322 3141 4387 ὡσαύτως
3176 4325 3589 4394 κατηγορεῖται’
3630 4323 3730 4391 τῆς

2149 4421 2204 4474 δὲ
2239 4419 2586 4480 ὑποστάσεως
2617 4417 2716 4486 οὑχ
2749 4416 2934 4480 ἁπλῶς
2969 4418 3147 4471 εῐτουν
3184 4417 3361 4483 μόνως
3412 4429 3729 4483 κατηγορη-

2153 4510 2396 4579 θήσεται·
2437 4506 2573 4559 διότι
2605 4505 2902 4571 ὑπεδέξατο
2933 4504 3071 4576 αὕτη
3102 4509 3159 4558 ὲν
3184 4506 3351 4576 ἑαυτῇ
3396 4504 3490 4558 καὶ¹
3530 4502 3728 4573 ἑτέραν

474 4549 594 4575 .,......
624 4549 858 4559 ......_..e
910 4549 1355 4574 ,...-..v..--.,e-
1412 4549 1528 4573 τ--
1580 4549 1716 4557 η.--
1773 4549 1830 4556 _-
1897 4549 2044 4559 .-..,.

474 4606 705 4660 natura;
737 4595 1067 4650 secundario
1110 4595 1164 4648 in
1207 4610 1440 4664 persona
1480 4594 1599 4665 eius
1645 4595 1926 4665 proprium
1959 4606 2042 4650 at-

2156 4549 2378 4579 ...,........
2439 4549 2572 4559 -.-η
2609 4549 2901 4571 -.η-η---
2934 4549 3071 4576 ..-η
3103 4549 3154 4558 -,
3184 4549 3351 4576 -..μη
3398 4549 3490 4558 .-__
3531 4549 3718 4573 ---τῃ

2156 4598 2340 4654 οὐσίαν
2386 4598 2506 4667 ἥτις
2548 4596 2785 4665 σαρκικὴ
2820 4590 2960 4647 εἶναι
2992 4596 3411 4665 κατηγορεῖται·
3445 4594 3538 4647 καὶ
3570 4590 3729 4644 δύνα-

475 4687 744 4741 tributum
795 4686 1095 4744 causabat:
1131 4686 1213 4739 sic
1252 4695 1309 4739 et
1348 4693 1547 4738 natura
1590 4685 1822 4754 hujusce
1865 4687 2048 4743 carnis

2156 4706 2243 4742 ται
2276 4688 2368 4740 καὶ
2409 4687 2547 4754 αὑτὴ
2585 4684 2774 4755 ὥσπερ
2805 4686 2838 4754 η
2890 4685 3052 4753 φύσις
3084 4684 3178 4737 τοῦ
3218 4685 3417 4752 Λόγου·
3451 4683 3725 4752 δευτέρως

474 4778 805 4834 secundario
823 4777 1198 4846 ineaminligit
1219 4777 1501 4846 pr0prium
1525 4778 1874 4845 attributum,
1892 4780 1947 4834 id
1962 4791 2047 4836 est

2156 4782 2361 4850 ἐπῆγεν
2399 4783 2457 4833 ὲν
2504 4783 2568 4850 τῇ
2614 4778 2907 4832 ὑποστάσει
2954 4779 3125 4847 αὑτῆς
3182 4777 3242 4830 τὸ
3300 4778 3402 4846 τῆς
3455 4773 3727 4846 άσαρκίας

473 4869 928 4933 incarnationem,
954 4868 1108 4939 quasi
1122 4883 1355 4937 persona
1372 4867 1511 4923 facta
1532 4868 1701 4924 fuerit
1722 4870 1772 4924 ei
1801 4873 2043 4942 propria;

2156 4875 2285 4928 ἴδιον
2311 4873 2690 4941 κατηγόρημα,
2720 4871 2863 4924 οὕτω
2890 4871 2986 4924 καὶ
3013 4873 3047 4939 ὴ
3079 4870 3241 4939 φύσις
3262 4870 3425 4939 τῆσδε
3459 4869 3559 4936 τῆς
3595 4883 3727 4936 σαρ-

470 4960 566 5017 sed
598 4976 710 5015 non
745 4960 849 5015 fuit
892 4960 1033 5015 alius
1061 4968 1223 5015 antea
1254 4972 1312 5013 et
1332 4960 1475 5014 alius
1500 4968 1721 5029 postea,
1749 4962 1846 5017 sed
1872 4964 2041 5028 idem,

2156 4966 2247 5029 κὸς
2281 4963 2446 5017 αὑτοῦ
2499 4963 2846 5033 ὲπιῤῥίπτειν
2879 4963 3015 5032 αὐτῇ
3049 4962 3318 5029 δευτέρως
3367 4960 3467 5031 τὴν
3522 4957 3726 5027 ἑαυτῆς

467 5062 525 5108 at
547 5054 709 5107 aliter
743 5062 798 5108 et
814 5053 977 5108 aliter
992 5069 1262 5123 apparens
1296 5053 1553 5124 Verbum,
1586 5055 1859 5126 siquidem
1891 5061 2045 5130 prius

2156 5055 2504 5125 κατηγορίαν,
2540 5055 2615 5116 ὡς
2663 5053 2796 5116 ἰδέας
2826 5053 3179 5116 ὑποστάσεως
3210 5053 3305 5106 καὶ
3348 5052 3523 5122 αὐτῆς
3568 5066 3725 5117 γενο-

468 5161 701 5215 persona
717 5146 1061 5201 solummodo
1076 5146 1367 5204 invisibilis
1396 5161 1533 5215 erat,
1554 5168 1700 5207 nunc
1715 5163 1896 5208 autem
1916 5154 2046 5209 visi-

2156 5149 2344 5220 μένης,
2376 5146 2543 5216 ἧγουν
2576 5145 2675 5216 τὴν
2710 5144 3018 5215 σάρκωσιν·
3046 5144 3162 5198 ἀλλ’
3196 5144 3297 5196 οὐκ
3338 5142 3498 5202 ἄλλος
3530 5140 3629 5211 μὲν
3657 5134 3726 5209 ἦν

475 5238 602 5293 bilis
622 5248 705 5293 est
720 5240 883 5293 etiam
903 5239 1351 5308 proptervisibile
1366 5242 1500 5297 illud
1519 5245 1662 5314 quod
1679 5245 1730 5299 in
1744 5261 1801 5300 se
1818 5250 2040 5319 recepit.

2156 5238 2319 5295 πάλαι
2332 5237 2424 5289 καὶ
2440 5236 2595 5298 ἄλλος
2622 5235 2761 5306 μετὰ
2785 5232 2977 5287 ταῦτα·
3011 5233 3124 5287 ἀλλ’
3156 5235 3184 5287 6
3208 5233 3370 5297 αὐτὸς
3404 5231 3526 5301 μὲν,
3550 5229 3725 5291 ἄλλως

475 5337 531 5391 δὲ
566 5332 657 5385 καὶ
711 5331 886 5393 ἄλλως
918 5332 1317 5402 ὲμφαινόμενος
1361 5334 1389 5386 6
1425 5336 1617 5403 Λόγος·
1644 5339 1766 5391 ἐπεὶ
1810 5340 1978 5395 πάλαι
2014 5343 2112 5413 μὲν
2156 5336 2313 5408 μόνον
2364 5330 2592 5401 ἀόρατος
2648 5323 2717 5398 ἦν
2763 5325 2901 5397 αὕτη
2935 5328 2969 5396 ἡ
3004 5325 3337 5393 ὑπόστασις.
3393 5323 3490 5379 νῦν
3532 5324 3591 5378 δὲ
3630 5327 3726 5379 καὶ

472 5423 642 5495 ὁρατὴ
670 5425 756 5477 διὰ
786 5425 847 5477 τὸ
872 5426 1066 5495 ὁρατὸν
1095 5427 1172 5487 εἰς
1216 5425 1415 5495 ἑαυτὴν
1444 5428 1803 5500 πρόσλημμα.

1052 5516 1203 5571 CAP.
1261 5517 1453 5572 XXXI.

2738 5528 2987 5581 ΚΕΦΛΑ.
3020 5528 3147 5580 AA'.

539 5627 596 5682 Si
630 5629 795 5682 homo
837 5638 923 5683 est
978 5640 1297 5699 utrumque,
1333 5630 1476 5685 Deus
1505 5633 1716 5687 scilicet
1763 5644 1819 5689 et
1854 5635 2039 5696 homo,

2220 5638 2282 5691 Ei
2317 5636 2605 5706 ἀμφότερά
2640 5638 2787 5689 ἐστιν
2838 5637 2865 5689 6
2911 5634 3229 5707 ἄνθρωπος,
3284 5635 3575 5707 ἄνθρωπος
3628 5636 3723 5688 καὶ

470 5719 619 5772 sicut
665 5718 902 5773 Verbum
958 5720 1105 5774 Deus
1171 5729 1473 5791 utrumque
1522 5732 1627 5787 est,
1688 5726 2039 5781 manifestum

2156 5728 2301 5791 Θεὸς,
2332 5727 2527 5797 ὥσπερ
2562 5723 2657 5781 οὖν
2700 5727 2792 5779 καὶ
2831 5727 2859 5777 6
2889 5727 3021 5789 Θεὸς
3051 5727 3221 5795 Λόγος
3255 5728 3423 5797 ἄμφω
3452 5728 3591 5791 ἐστὶ,
3623 5726 3722 5794 δῆο

472 5819 577 5873 est,
616 5810 758 5865 Sltlll
807 5811 973 5865 homo
1022 5826 1133 5866 non
1186 5822 1270 5867 est
1326 5820 1522 5868 natura
1568 5814 1751 5881 Deus,
1807 5818 1887 5872 sic
1940 5835 2042 5874 nec

2156 5820 2236 5874 λον
2285 5821 2366 5873 ὃτι
2418 5818 2606 5891 ὥσπερ
2649 5820 2708 5872 οῦ
2766 5818 2926 5887 φύσει
2980 5820 3109 5884 Θεὸς
3139 5821 3167 5872 6
3202 5819 3516 5890 ἄνθρωπος,
3548 5818 3720 5880 οὕτως
