4116 6440
381 393 515 461 1497

1309 396 1705 458 ADVERSUS
1744 391 2295 456 NESTORIANOS.
2334 417 2405 427 -
2443 392 2589 453 LIB.
2634 392 2684 452 Ι.

3500 382 3640 448 1498

374 512 497 566 οὐδὲ
526 511 555 563 6
593 506 764 577 Λόγος
794 507 951 580 φύσει
983 506 1289 579 ἄνθρωπος’
1323 510 1372 562 εἰ
1416 510 1473 564 δὲ
1513 510 1590 580 μὴ
1621 511 1802 580 φύσει,
1840 510 1951 564 οὐδ’
1980 508 2002 566 1

2102 505 2295 559 erbum
2321 513 2517 558 natura
2537 518 2658 558 esse
2674 500 2983 557 hominem:
3003 501 3049 556 si
3082 508 3263 555 autem
3285 514 3395 554 non
3416 509 3637 559 natura.

380 604 490 674 ἄρα
518 600 837 655 ὑποστάσει.
863 596 1011 669 Ἀρα
1039 595 1132 653 οὖν
1155 601 1273 653 εῐτι
1301 601 1375 672 μὴ
1400 602 1559 670 φύσει
1591 603 1808 667 ταυτὸν,
1836 602 1958 655 οὑδὲ

2102 613 2163 650 ec
2188 604 2338 652 certe
2361 595 2665 651 secundum
2693 608 3008 663 personam.
3037 591 3192 658 Quod
3225 606 3337 645 non
3377 598 3464 646 est
3494 589 3645 643 idem

382 694 716 759 ὑποστάσεις
746 692 800 746 τί
832 689 926 747 οὖν
962 694 1087 745 ἐπεὶ
1110 692 1203 745 τοῦ
1229 694 1398 747 ἵππου
1427 696 1461 764 ἡ
1495 694 1641 765 ψυχὴ
1672 695 1733 748 οὑ
1763 693 1961 747 ταυτὸν

2102 697 2279 751 atura,
2328 701 2513 740 nonne
2567 683 2872 739 secundmn
2921 697 3213 753 personam
3256 696 3377 735 esse
3422 678 3646 750 potest?

382 788 451 857 τῇ
480 784 645 867 φύσει
681 784 777 838 τοῦ
829 785 1084 853 σώματος
1132 786 1324 849 αὑτοῦ,
1358 787 1517 858 εἴπερ
1554 789 1588 858 ἠ
1628 788 1725 857 μὲν
1757 805 1964 857 κινητι-

2062 779 2205 845 Quid
2254 778 2440 833 enim?
2481 777 2609 847 equi
2640 778 2823 831 anima
2861 792 2970 830 non
3018 784 3104 831 est
3142 774 3287 829 idem
3336 782 3532 827 natura
3581 786 3645 825 ac

387 865 560 951 κδςνῇ,
591 878 625 947 ἡ
663 876 720 929 δὲ
759 875 1036 947 ἀκίνητος·
1073 876 1194 929 οὑδὲ
1237 878 1344 949 ἄρα
1388 880 1453 948 τῇ
1495 878 1822 944 ὑποστάσει;
1855 879 1966 932 Καὶ

2102 886 2266 940 orpus
2316 872 2457 940 ejus,
2508 885 2635 923 cum
2697 867 2843 923 istud
2899 870 2972 922 sit
3026 867 3253 931 mobile,
3306 865 3397 919 illa
3460 871 3646 918 autem

388 968 512 1022 ἐπεὶ
548 968 607 1021 οὑ
655 968 855 1020 ταυτὸν
899 969 968 1038 τῇ
1024 966 1184 1035 φύσει
1234 968 1349 1037 φῶς
1389 970 1500 1024 Καὶ
1550 970 1681 1041 ἀὴρ,
1731 971 1852 1024 οὑδὲ
1898 973 1964 1042 τῇ

392 1060 691 1203 ξποστάσει
721 1060 779 1113 ὲν
816 1057 1004 1128 ἡμέρᾳ
1041 1058 1100 1111 ἓν
1142 1061 1300 1124 εἰσιν,
1334 1060 1471 1113 ἀλλὰ
1497 1058 1779 1132 διώρισται
1807 1058 1969 1132 ἀλλή-

425 1167 521 1203 ων.

425 1167 521 1207 ων.

984 1266 1233 1319 ΚΕΦΛΛ.
1267 1266 1389 1320 AB'.

480 1355 624 1425 Ἐγώ
650 1357 769 1428 εἰμι
802 1356 899 1411 καὶ
929 1358 1028 1410 οὑκ
1055 1357 1391 1427 ἠλλοίωμαι,
1429 1357 1528 1429 βοᾷ
1555 1357 1583 1409 6
1610 1357 1773 1422 Θεόςο
1810 1356 1976 1428 σαρκὶ

408 1448 531 1503 καθ’
564 1448 863 1502 ὑπόστασιν
907 1448 1112 1519 ἥνωται
1148 1450 1177 1501 6
1211 1450 1405 1517 A670;,
1450 1448 1548 1520 βοᾷ
1581 1451 1609 1502 6
1640 1449 1936 1517 Αἰγύπτιος
1959 1464 1973 1479 ο

404 1544 434 1597 6
460 1541 751 1613 δεχόμενος
781 1541 875 1594 τὸν
903 1540 1172 1611 Κύριλλον
1200 1541 1581 1611 ἀληθεύσαντα
1606 1542 1707 1611 ﬂ).
1737 1540 1978 1610 ψεύστην

406 1635 551 1687 ποιεῖ
599 1634 692 1687 τὸν
734 1632 887 1687 Θεόν.
933 1633 991 1686 '0
1020 1629 1114 1686 οὖν
1144 1632 1316 1701 Λόγος
1359 1632 1469 1703 ἄρα
1498 1631 1784 1702 ὲνούμενος
1816 1632 1981 1698 σαρκὶ

406 1725 512 1779 κᾶν
564 1724 700 1796 μένῃ
749 1725 946 1803 Λόγος,
982 1724 1339 1793 ἁλογοῦνται·
1381 1724 1414 1794 ἦ
1457 1723 1532 1794 μὴ
1571 1721 1747 1793 μένων
1781 1722 1978 1789 Λόγος.

401 1816 508 1873 κᾶν
534 1818 633 1887 οὑχ
661 1817 873 1870 ἑνοῦται
904 1816 1089 1885 σαρκὶ,
1122 1817 1244 1870 τότε
1266 1815 1578 1887 ἠλλοίωται.
1612 1815 1675 1867 El
1702 1815 1809 1886 γὰρ
1836 1816 1869 1884 ἡ
1893 1814 1979 1866 ἕνη-

406 1927 541 1995 ωσις
585 1909 871 1972 ἀλλοίωσις
903 1910 1053 1963 ἐστιν
1084 1909 1275 1973 ἁπλῶς
1296 1948 1312 1975 ,
1370 1911 1519 1964 πᾶσα
1543 1910 1691 1981 ψυχὴ
1717 1909 1981 1963 ὲνωθεῖσα

409 2001 626 2074 σώματι
656 2002 964 2072 ἠλλοίωται.

994 2113 1245 2171 ΚΕΦΑΛ.
1281 2113 1405 2169 AI".

481 2208 555 2264 Σὺ
604 2209 635 2261 6
682 2206 849 2270 αὑτὸς
891 2201 974 2270 εἴ,
1020 2205 1118 2277 βοᾷ
1153 2206 1183 2258 6
1210 2205 1500 2276 προφήτης
1529 2204 1659 2275 περὶ
1686 2204 1782 2257 τοῦ
1808 2204 1946 2257 Θεοῦ
1967 2220 1984 2237 ·

415 2299 636 2371 ἀντιϐοᾷ
671 2301 701 2353 6
728 2297 1027 2366 Αἰγύπτιος
1058 2296 1136 2366 τῷ
1164 2298 1423 2369 προφήτῃ
1450 2299 1566 2358 τοῖς
1589 2296 1854 2365 δόγμασι’
1889 2296 1987 2355 Σὺ.

413 2395 443 2447 6
470 2392 631 2454 αὐτὸς
665 2391 766 2445 οὑκ
799 2386 851 2443 εἱ
869 2404 885 2421 ⁸
923 2390 1155 2457 γέγονας
1182 2388 1292 2460 γὰρ
1320 2388 1443 2442 καθ’
1474 2387 1774 2441 ὑπόστασιν
1802 2387 1990 2459 ἔτερος

413 2484 443 2538 6
469 2484 568 2539 οὐκ
594 2479 684 2553 ἧς.
716 2484 861 2553 ’Λρα
886 2482 981 2535 οὖν
1010 2481 1401 2534 κατακαέντων
1429 2481 1500 2535 τὰ
1528 2481 1756 2551 σώματα
1780 2480 1992 2534 πολλῶν

418 2577 718 2648 μαρτύρων
746 2614 761 2639 ,
833 2577 952 2638 ταῖς
1004 2574 1063 2627 δὲ
1116 2574 1315 2645 ψυχαῖς
1374 2574 1470 2627 καὶ
1518 2576 1632 2637 τοῖς
1683 2574 1993 2645 πνεύμασιν

415 2668 646 2732 ἑαυτοὺς
698 2666 1143 2736 ἐμφανιζόντων,
1197 2665 1292 2721 καὶ
1339 2665 1810 2737 θαυματουργίαις
1837 2665 1993 2719 πλεί-

418 2776 571 2824 σταις
617 2759 844 2821 ἑαυτοὺς
873 2759 1004 2829 ἡμῖν
1033 2759 1129 2812 καὶ⁵
1155 2758 1277 2811 νυν)⁸
1302 2756 1512 2822 ζῶντας
1543 2757 1993 2821 συνιστανόντων,

418 2852 667 2921 εἴποιμεν
697 2850 880 2913 αὑτοῖς
898 2864 913 2879 ⁸
933 2849 1123 2920 Ὑμεῖς
1154 2851 1202 2903 οἱ
1228 2850 1384 2903 αὑτοὶ
1412 2851 1512 2903 οὐκ
1537 2850 1661 2911 ἐστέ
1685 2867 1698 2881 ·
1732 2850 1997 2918 γεγόνατε

419 2942 530 3014 γὰρ
549 2941 674 2997 καθ’
705 2941 1005 2996 ὑπόστασιν
1033 2942 1267 3013 ἄσαρκοι
1294 2942 1323 2995 6
1346 2941 1447 2995 οὑκ
1469 2937 1587 3013 ἧτε.
1622 2943 1733 2996 Καὶ
1757 2941 1920 2995 αὑτὸν
1941 2940 1999 2994 δὲ

422 3033 657 3105 Χριστὸν
679 3034 708 3085 6
753 3035 829 3103 μὴ
867 3032 1157 3101 γινώσκων
1192 3032 1377 3087 οὐκέτι
1413 3033 1558 3086 κατὰ
1588 3032 1789 3102 σάρκα,
1826 3035 1875 3085 εἰ
1906 3034 1999 3085 καὶ

423 3126 565 3195 ἔγνω
590 3124 742 3189 ποτὲ,
780 3120 891 3196 ἆρά
920 3142 985 3193 γε
1010 3127 1111 3179 οὐκ
1137 3124 1321 3192 αὑτὸν,
1352 3125 1466 3178 ἀλλ’
1492 3125 1680 3195 ἕτερον
1706 3122 1995 3193 γινώσκεις

2068 962 2365 1017 immobilis
2390 979 2403 1014 :
2433 977 2613 1016 nonne
2636 971 2821 1017 tamen
2836 958 3142 1016 secundum
3168 955 3498 1028 personam?
3528 954 3649 1009 Non

2070 1055 2216 1109 idem
2250 1063 2447 1109 natura
2469 1055 2565 1108 lux
2588 1063 2645 1109 et
2679 1070 2793 1118 aer,
2815 1069 2993 1123 neque
3029 1051 3332 1108 secundum
3358 1061 3651 1120 personam

2072 1149 2129 1204 in
2174 1148 2265 1203 die
2318 1163 2490 1202 unum
2538 1156 2688 1211 sunt,
2731 1146 2826 1201 sed
2870 1146 2940 1200 ab
2989 1145 3227 1199 invicem
3276 1142 3562 1198 diﬂ‘erunt.

2643 1257 2795 1313 CAP.
2842 1255 3061 1310 XXXII.

2144 1352 2259 1423 Ego
2292 1366 2413 1405 sum
2435 1358 2492 1405 et
2517 1366 2627 1405 non
2660 1358 2865 1414 mutor,
2892 1349 3093 1402 clamat
3112 1348 3289 1411 Deus;
3342 1343 3496 1399 carni
3525 1358 3657 1397 con-

2072 1442 2322 1516 iungitur
2341 1443 2582 1498 Verbum
2612 1441 2915 1497 secundum
2938 1453 3254 1508 personam,
3279 1437 3479 1490 clamat
3495 1432 3659 1505 A‘Igy-

2079 1535 2228 1605 ptius
2264 1552 2277 1587 :
2309 1534 2403 1603 qui
2438 1532 2705 1603 Cyrillum
2756 1545 2886 1584 vera
2919 1527 3196 1582 dicentem
3242 1523 3466 1592 recipit,
3498 1535 3658 1575 men-

2080 1625 2273 1681 dacem
2299 1624 2429 1678 facit
2452 1624 2645 1677 Deum.
2674 1620 2730 1675 Si
2766 1620 2934 1688 igitur
2958 1617 3220 1679 Verbum,
3241 1613 3391 1669 carni
3416 1610 3656 1666 unitum.

2082 1725 2326 1771 remanet
2349 1713 2611 1775 Verbum,
2640 1710 2882 1764 absurde
2907 1708 3212 1777 loquuntur
3235 1722 3250 1770 ;
3279 1703 3322 1758 si
3342 1710 3527 1757 autem
3551 1713 3662 1752 non

2085 1814 2334 1863 remanet
2386 1805 2647 1870 Verbum,
2702 1800 2956 1872 quamvis
3002 1814 3113 1853 non
3159 1796 3309 1851 carni
3383 1792 3659 1854 uniretur,

2084 1908 2352 1955 mutatum
2383 1905 2487 1953 est.
2523 1896 2581 1950 Si
2607 1896 2754 1950 enim
2789 1893 2917 1947 unio
2950 1889 3273 1959 simpliciter
3300 1894 3385 1941 est
3409 1881 3659 1945 mutatio,

2084 1992 2265 2049 omnis
2312 1989 2492 2045 anima
2526 1987 2742 2058 corpori
2802 1986 2957 2040 unita
3001 1990 3270 2037 mutatur.

2648 2115 2801 2171 CAP.
2850 2111 3093 2168 XXXIII.

2158 2207 2240 2262 Tu
2268 2206 2411 2261 idem
2441 2221 2522 2273 es,
2562 2204 2762 2260 clamat
2799 2203 3089 2273 propheta,
3124 2199 3192 2255 de
3231 2199 3344 2253 Deo
3390 2196 3665 2266 loquens:

2088 2306 2277 2353 contra
2291 2296 2611 2365 prophetam
2627 2294 2826 2348 clamat
2844 2290 3127 2361 Egyptius
3146 2284 3499 2357 dogmatibus
3517 2281 3667 2336 suis:

2088 2390 2210 2445 Non
2242 2388 2389 2443 idem
2430 2402 2490 2442 es
2517 2403 2531 2440 :
2566 2386 2746 2439 factus
2776 2399 2836 2438 es
2868 2384 3016 2438 enim
3049 2379 3352 2436 secundum
3382 2389 3671 2445 personam

2092 2481 2264 2545 alius,
2294 2488 2350 2535 et
2400 2475 2548 2547 quod
2584 2491 2695 2530 non
2734 2488 2879 2528 eras.
2923 2467 3305 2526 Concrematis
3343 2462 3675 2534 corporibus

2093 2573 2230 2636 suis,
2285 2569 2446 2625 multi
2507 2573 2779 2637 martyres
2820 2579 2880 2618 se
2930 2560 3131 2616 animis
3169 2558 3593 2614 manifestarunt
3620 2561 3678 2607 ei.

2093 2664 2348 2736 pluribus
2369 2659 2650 2716 miraculis
2667 2658 2820 2711 vivos
2844 2655 3004 2709 nobis
3023 2642 3144 2708 sese
3159 2652 3521 2707 ostenderunt
3543 2664 3558 2714 ;
3595 2645 3679 2700 eis
3775 2712 3785 2720 _

2095 2760 2385 2815 dicerem:
2440 2754 2551 2809 Vos
2592 2750 2758 2805 iidem
2806 2764 2917 2803 non
2968 2745 3135 2811 estis;
3184 2742 3317 2799 facti
3363 2741 3511 2798 enim
3546 2738 3682 2794 estis

2097 2849 2401 2906 secundum
2471 2856 2764 2914 personam
2839 2839 3048 2909 absque
3111 2834 3476 2905 corporibus,
3531 2829 3679 2900 quod

2096 2954 2209 2995 non
2233 2935 2423 2993 eratis.
2451 2932 2555 3000 Qui
2582 2936 2767 2985 autem
2788 2927 3073 2983 Christum
3095 2938 3205 2978 non
3226 2920 3381 2976 novit
3404 2920 3461 2972 in
3490 2930 3678 2973 carne.

2100 3032 2144 3087 si
2193 3028 2415 3100 quando
2459 3032 2653 3095 postea
2694 3018 2998 3091 cognoscit,
3052 3031 3238 3071 nonne
3283 3010 3540 3069 eumdem
3583 3006 3679 3061 sed

2102 3123 2270 3177 alium
2313 3114 2651 3189 cognoscet?
2680 3112 2813 3179 Quis
2851 3111 3004 3165 hisce
3046 3104 3411 3164 assentictur?
3440 3102 3683 3158 Verbum

426 3186 537 3271 Καὶ
552 3214 634 3275 τίς
661 3216 689 3267 6
706 3186 881 3268 τοῖσδε
897 3186 1278 3286 συντιθέμενος
1292 3186 1317 3279 ;’
1338 3215 1397 3268 '0
1417 3186 1702 3283 Λόγοςόὗν
1718 3186 1865 3285 ’σὰρξ
1886 3186 2002 3279 i76-

2105 3214 2271 3285 igitur
2299 3186 2429 3265 caro
2456 3207 2662 3262 factum
2681 3212 2788 3267 est,
2815 3209 2873 3257 et
2903 3201 3048 3256 idem
3068 3208 3155 3255 est
3181 3208 3240 3254 et
3267 3196 3463 3253 eodem
3495 3191 3680 3249 modo.

430 3325 571 3376 νετο,
607 3307 705 3361 καὶ
734 3309 762 3361 6
792 3306 953 3371 αὑτός
978 3307 1096 3360 ἐστι
1124 3306 1221 3361 καὶ
1246 3305 1442 3370 οὕτως.

998 3421 1253 3476 ΚΕΦΔΛ.
1287 3422 1409 3474 ΛΔ’.

499 3519 563 3572 EI
590 3516 738 3573 κατὰ
763 3517 864 3590 τὴν
889 3515 1133 3586 ἄσαρκον
1161 3512 1457 3566 ὑπόστασιν
1482 3508 1768 3581 ὁμοούσιος
1788 3511 1817 3564 6
1833 3509 2006 3577 Λόγος

429 3608 510 3680 τῷ
539 3608 747 3678 Πατρὶ,
802 3606 965 3677 δῆλον
1006 3605 1087 3657 ὅτι
1118 3604 1260 3656 κατὰ
1285 3600 1382 3672 τὴν
1411 3598 1679 3670 ἔνσαρκον
1708 3598 2008 3652 ὑπόστασιν

434 3699 774 3771 έτεροούσιος
805 3700 834 3753 6
857 3698 1032 3765 Λόγος
1062 3693 1141 3765 τῷ
1166 3691 1359 3764 Πατρί.
1405 3693 1470 3745 El.
1497 3690 1576 3762 τῷ
1609 3690 1683 3763 μὴ
1707 3689 1853 3761 ἔχειν
1885 3689 2008 3743 καθ’

434 3791 732 3845 ὑπόστασιν
764 3786 1052 3858 ἡνωμένην
1080 3783 1258 3854 σάρκα
1288 3779 1437 3851 αὑτῷ
1454 3819 1469 3844 ,
1516 3779 1695 3849 τούτῳ
1719 3773 1788 3848 ἦν
1811 3775 2010 3847 ὁμοού-

435 3901 550 3948 σιος
568 3885 596 3936 6
612 3883 784 3952 Λόγος
793 3880 870 3951 τῷ
886 3879 1060 3949 “arpi.
1079 3877 1178 3948 τὴν
1199 3876 1519 3937 ὑπόστασιν,
1536 3872 1763 3933 δεόντως
1781 3870 1843 3934 ἐξ
1856 3869 2013 3941 ὑμῶν

435 3977 846 4048 ἁπορηθήσεται
892 3973 1031 4027 τόδε.
1100 3971 1162 4023 EI
1194 3970 1253 4023 δὲ
1281 3968 1362 4039 τῷ
1392 3967 1468 4039 μὴ
1492 3963 1632 4021 εἶναι
1663 3965 1821 4035 φύσει
1854 3965 2011 4035 σὰρξ,

436 4069 572 4124 ἀλλὰ
602 4068 735 4130 Θεὸς
760 4066 860 4138 τὴν
880 4064 1068 4119 οὐσίαν
1096 4063 1124 4115 6
1150 4062 1321 4130 Λόγος
1349 4058 1525 4129 τούτῳ
1551 4057 1700 4111 εστὶν
1730 4055 2016 4127 ὀμοούσιος

438 4164 516 4234 τῷ
536 4162 656 4231 Θεῷ
681 4162 875 4231 Πατρὶ,
910 4159 1006 4213 καὶ
1037 4156 1327 4227 ὲνούμενος
1356 4156 1464 4225 ἄρα
1491 4154 1658 4224 σαρκὶ
1679 4195 1694 4218 ,
1726 4152 1829 4205 οὑκ
1857 4150 2017 4221 ἐτρά-

438 4273 516 4327 πη
546 4254 647 4327 τὴν
674 4254 768 4308 τοῦ
795 4250 930 4306 Θεοῦ
958 4251 1147 4321 φύσιν·
1178 4250 1274 4303 κει)⁸
1300 4247 1458 4319 δῆλον
1484 4246 1560 4310 ώς
1585 4245 1681 4299 καὶ
1707 4243 2018 4314 μεμένηκεν

338 4417 352 4424 ρ
438 4346 722 4418 ὁμοούσιος
754 4347 789 4416 ἠ
815 4342 907 4397 τοῦ
930 4342 1103 4411 Λόγου
1136 4340 1437 4401 ὑπόστασις
1470 4336 1607 4406 πρὸς
1638 4334 1729 4387 τὸν
1759 4332 1980 4402 Πατέρα
2000 4346 2013 4359 ·

439 4439 732 4510 γεγένηται
786 4437 843 4490 δὲ
900 4435 1069 4496 ὅντως
1147 4432 1242 4486 καὶ
1303 4427 1644 4500 ἐτεροούσιος
1723 4425 1860 4496 πρὸς
1924 4423 2018 4477 τὸν

2670 3403 2823 3459 CAP.
2877 3398 3119 3455 XXXIV.

2180 3500 2237 3557 Si
2275 3497 2577 3556 secundum
2606 3510 2899 3566 personam
2932 3492 3115 3548 carnis
3140 3497 3416 3560 expertem
3434 3485 3580 3542 Patri
3609 3482 3686 3537 si-

2112 3594 2241 3649 mile
2294 3600 2381 3647 est
2422 3588 2719 3654 Verbum,
2748 3584 3102 3640 manifestum
3143 3590 3229 3637 est
3274 3579 3576 3636 secundum
3603 3577 3689 3631 in-

2114 3691 2389 3740 camatam
2429 3694 2584 3735 suam
2616 3691 2915 3748 personam
2959 3673 3230 3729 dissimile
3268 3686 3391 3726 esse
3425 3669 3594 3724 Patri.
3632 3664 3691 3720 Si

2113 3791 2182 3831 ex
2220 3789 2289 3830 eo
2335 3772 2482 3844 quod
2507 3785 2730 3828 carnem
2779 3767 3086 3824 secundum
3112 3779 3402 3836 personam
3433 3761 3537 3817 sibi
3566 3760 3691 3813 uni—

2118 3880 2229 3926 tam
2281 3882 2393 3923 non
2437 3866 2670 3920 haberet
2709 3862 2973 3925 Verbum,
3010 3859 3134 3915 ideo
3180 3867 3301 3914 erat
3342 3856 3491 3911 Patri
3517 3853 3695 3908 simile

2118 3960 2427 4018 secundum
2478 3971 2789 4029 personam,
2846 3955 2953 4008 hoc
2997 3951 3159 4006 vobis
3196 3959 3344 4004 recte
3372 3946 3693 4017 negabitur.

2119 4057 2179 4113 Si
2213 4066 2398 4109 autem
2447 4068 2517 4108 ex
2571 4066 2638 4106 eo
2691 4048 2839 4119 quod
2892 4054 3091 4101 natura
3145 4058 3256 4097 non
3292 4048 3377 4095 est
3406 4052 3556 4100 caro,
3598 4033 3696 4089 sed

2121 4150 2268 4204 Deus
2306 4141 2773 4205 substantialiter,
2811 4138 2965 4194 carni
3002 4135 3219 4191 unitum
3273 4133 3328 4187 in
3371 4129 3558 4184 divina
3600 4142 3699 4180 na-

2124 4248 2249 4295 tura
2290 4252 2400 4292 non
2453 4241 2731 4289 mutatum
2775 4238 2880 4296 est,
2929 4235 2987 4282 et
3035 4223 3385 4280 manifestum
3437 4228 3522 4275 est
3572 4233 3700 4288 per-

2122 4346 2315 4387 sonam
2358 4328 2525 4383 Verbi
2576 4324 2908 4380 remansisse
2960 4320 3107 4375 Patri
3160 4316 3434 4378 similem,
3494 4311 3703 4366 factum

2123 4432 2310 4478 autem
2365 4420 2599 4475 diversa:
2649 4424 2861 4470 naturae
2906 4418 3132 4483 propter
3174 4408 3403 4463 alteram
3452 4412 3706 4457 naturam

439 4532 640 4599 αὑτὸν,
688 4530 756 4586 δι’
779 4529 971 4600 ἐτέρας
1003 4527 1186 4598 μέντοι
1218 4522 1583 4593 ἐγγενομένης
1611 4520 1746 4591 αὑτῇ
1780 4518 2002 4588 φύσεως

2123 4515 2229 4571 sibi
2282 4512 2621 4584 adiunctam.

1025 4641 1279 4697 ΚΕΦᾹΛ.
1312 4640 1438 4697 AE'.

514 4740 582 4795 El
617 4738 692 4810 μὴ
722 4736 1019 4791 ὑπόστασιν
1048 4734 1115 4806 ἣν
1142 4730 1286 4803 εἶχεν
1319 4733 1432 4802 ἔχει
1460 4733 1487 4785 6
1513 4730 1686 4797 Λόγος
1707 4769 1722 4794 ,
1757 4726 1880 4781 οὑδὲ
1910 4726 2021 4797 ἄρα
2066 4773 2075 4785 ,

445 4829 607 4893 αὑτός
633 4829 781 4881 ἐστιν
813 4824 841 4879 6
868 4820 955 4895 ἦν.
999 4822 1138 4876 Ἀλλ’
1164 4822 1275 4892 ἔχει
1304 4820 1405 4892 τὴν
1431 4819 1603 4887 αὑτὴν
1633 4814 1895 4883 ἀνελλιπῆ
1925 4813 2021 4882 μὲν

444 4922 559 4981 τοῖς
588 4916 876 4989 προτέροις
906 4913 1190 4983 ἰδιώμασιο
1243 4910 1385 4980 μετὰ
1415 4909 1517 4980 μέν
1545 4925 1626 4961 τοι
1655 4908 1749 4960 καὶ
1776 4902 2020 4976 προσθή-

447 5029 551 5083 κης
582 5010 785 5080 ἑτέρων
811 5006 1118 5076 ἰδιωμάτων
1142 5044 1159 5073 ,
1211 5002 1631 5075 διακρινομένην
1658 4999 1752 5053 νῦν
1784 4998 1892 5052 ἀπὸ
1916 4996 2026 5081 τῶν

447 5069 774 5175 ὁμοουσίων.
932 5069 946 5076 ⁷
1144 5069 1152 5073 ⁷
1341 5069 1353 5075 ⁷
1464 5069 1474 5073 ⁷
1585 5069 1595 5073 ⁷
1990 5069 2004 5081 ’

1034 5211 1285 5267 ΚΕΦΑΛ.
1317 5209 1458 5275 AG".

535 5306 719 5373 ’Λξίαν
765 5304 862 5359 καὶ
895 5302 1182 5357 αὑθεντίαν
1247 5299 1345 5354 καὶ
1389 5293 1709 5350 δυναστείαν
1762 5291 1857 5345 τοῦ
1889 5284 2027 5343 Θεοῦ

452 5399 627 5469 Λόγου
666 5396 892 5452 δύναται
927 5395 1070 5465 ἔχειν
1106 5392 1134 5443 6
1162 5390 1482 5460 ἄνθρωπος’
1524 5386 1620 5439 καὶ
1648 5383 1709 5436 τὸ
1749 5381 1849 5453 τὴν
1878 5379 2031 5444 τάξιν

454 5492 678 5561 ἐπέχειν
724 5490 847 5545 ὅλου
890 5488 984 5542 τοῦ
1017 5484 1154 5540 Θεοῦ
1183 5484 1360 5553 Λόγου
1392 5480 1493 5552 τὴν
1520 5477 1819 5531 ὑπόστασιν
1906 5475 2031 5529 ἁδύ-

536 5672 608 5746 (l)
646 5673 868 5757 “Severi
892 5665 1720 5757 Mon‘ophysi‘tarum“cloryph‘mi
1759 5663 2029 5743 ineditum

459 5736 618 5815 opus,
645 5743 971 5812 inscriptum
998 5736 1302 5810 Φιλαλήθης
1330 5753 1427 5791 seu
1466 5736 1754 5807 Κύριλλος,
1786 5750 1891 5805 ego
1914 5736 2035 5801 qui-

460 5816 587 5872 dem
612 5816 668 5870 in
692 5814 949 5870 manibus
973 5811 1151 5867 habeo
1177 5827 1190 5865 ε
1218 5818 1597 5864 verumtamen
1625 5806 1866 5863 Severus
1888 5801 2032 5858 haud

2710 4621 2862 4677 CAP.
2903 4616 3123 4673 XXXV.

2192 4721 2248 4777 Si
2284 4734 2449 4790 quam
2484 4729 2774 4787 personam
2822 4711 3063 4767 habebat
3096 4708 3363 4770 Verbum,
3400 4706 3547 4758 hanc
3593 4717 3707 4756 non

2116 4814 2227 4885 jam
2266 4811 2603 4873 habet,'non
2643 4815 2728 4861 est
2764 4804 2908 4859 idem
2943 4804 3055 4874 jam
3081 4799 3229 4871 quod
3274 4805 3415 4853 erat.
3448 4794 3553 4851 Sed
3584 4808 3713 4848 eam

2124 4904 2306 4959 adhuc
2335 4902 2505 4956 habet
2545 4899 2661 4955 suis
2701 4896 2986 4968 prioribus
3010 4890 3447 4964 proprietatibus
3499 4885 3710 4956 pollen-

2136 5003 2268 5059 tem,
2314 4992 2411 5048 sed
2452 5007 2579 5046 cum
2628 4988 2945 5043 accessione
2988 4985 3222 5039 aliarum
3272 4978 3713 5050 proprietatum,

2135 5086 2191 5141 in
2239 5086 2344 5140 hoc
2393 5098 2613 5154 quoque
2641 5080 2958 5135 distinctam
3002 5092 3032 5130 a
3070 5071 3455 5129 consimilibus
3503 5068 3637 5122 suis.

2694 5193 2844 5247 CAP.
2906 5187 3144 5243 XXXVI.

2204 5291 2558 5364 Dignitatem,
2610 5284 2995 5341 auctoritatem
3061 5289 3120 5335 et
3164 5284 3493 5350 potestatem
3543 5273 3717 5328 Verbi

2136 5384 2234 5439 Dei
2285 5390 2467 5452 potest
2500 5379 2665 5433 homo
2710 5375 2935 5437 habere,
2967 5371 3063 5426 sed
3102 5366 3440 5439 impossibile
3478 5373 3562 5420 est
3586 5380 3718 5434 per-

2138 5489 2328 5531 sonam
2347 5486 2564 5529 omnem
2594 5468 2757 5525 Verbi
2782 5467 2879 5522 Dei
2917 5462 3293 5520 zelsitudinem
3325 5469 3534 5524 tenere,
3562 5471 3716 5512 crea-

2138 5659 2244 5713 l‘uit
2278 5667 2402 5711 ortu
2434 5654 3089 5727 Egyptius,quanquam
3136 5646 3192 5703 in
3235 5661 3301 5702 ea
3357 5658 3577 5717 quoque
3621 5655 3719 5698 re.-

2140 5730 2300 5801 gione
2324 5729 2422 5784 diu
2458 5728 2613 5782 vixit.
