4116 6488
400 425 421 488 1
442 426 539 490 £99
1639 424 1946 485 LEONTII
1986 427 1998 483 1

2104 427 2165 483 EA
2178 425 2395 485 NTINI
3534 419 3667 484 1500

395 534 483 573 Ius
505 518 652 573 enim
670 515 857 579 homo,
884 513 1187 570 incrcatum
1206 523 1388 570 autem
1402 515 1546 569 Deus
1566 515 1989 583 Verbum.Quod

2104 532 2283 569 νατονο
2347 516 2565 579 κτιστὸς
2616 516 2714 587 μὲν
2752 517 2861 587 γὰρ
2909 517 2936 570 6
2968 516 3257 587 ἄνθρωπος
3280 556 3296 581 ,
3333 516 3586 580 ᾶκτιστος
3616 521 3673 572 ἑὲ

393 610 629 665 maxime
660 606 985 661 incredibile
1015 615 1121 673 est,
1146 607 1433 677 supponis,
1470 608 1667 672 amice,
1713 608 1760 663 si
1802 617 1986 664 tamen

2104 613 2114 662 ὃ
2138 610 2268 673 Θεὸς
2285 610 2476 677 Λόγος.
2498 610 2571 662 Τὸ
2595 610 2727 679 γοῦν
2753 610 3114 682 ἀπιστότερον
3140 611 3396 681 ὑποτίθη.
3427 605 3472 665 ὧ
3494 603 3669 675 οῦτοςσ

393 703 535 757 dicis
578 698 726 771 quod
789 700 1129 765 naturalem,
1181 714 1293 753 non
1346 699 1767 764 accidentalem,
1818 701 1985 755 Verbi

2104 705 2247 774 εἴπερ
2280 704 2390 774 γὰρ
2436 701 2536 772 τὴν
2571 701 2807 772 φυσικὴν
2831 740 2847 764 ,
2902 702 2965 754 οὐ
3002 703 3111 773 γὰρ
3151 702 3472 772 ἐπίκτητον,
3507 705 3673 774 ἐρεῖς,

395 791 718 861 dignitatem
771 800 826 844 et
849 789 1233 843 auctoritatem
1269 796 1324 843 et
1354 789 1654 858 potentiam
1690 790 1856 845 homo
1889 806 1988 861 po-

2104 791 2182 845 :m3
2215 791 2391 859 Λόγου
2429 791 2527 861 τὴν
2565 789 2725 854 ἀξίαν
2758 791 2854 843 καὶ
2881 788 3171 845 αὑθεντίαν
3204 790 3300 844 καὶ
3326 790 3673 857 δυναστείαν,

397 892 504 937 test
552 874 778 945 habere,
804 888 860 935 et
892 896 1022 935 vere
1058 881 1244 935 locum
1282 888 1472 936 tenere
1508 882 1680 936 totius
1711 882 1877 937 Verbi
1903 883 1989 937 di-

394 969 530 1032 vini,
556 969 688 1023 licet
718 968 951 1023 diversae
974 968 1046 1022 sit
1076 978 1306 1033 natura,
1333 978 1389 1023 et
1410 978 1607 1025 natura
1625 987 1733 1026 non
1752 971 1980 1028 diﬂ‘erre

396 1060 464 1114 ab
509 1062 755 1116 increato
806 1061 990 1117 Verbo
1045 1064 1371 1118 naturaliter
1408 1065 1554 1120 Deo.
1598 1066 1841 1121 Verbum
1878 1082 1979 1121 au-

397 1164 505 1210 tem
536 1156 683 1210 Deus
727 1157 783 1210 in
828 1172 985 1210 suam
1017 1172 1308 1227 personam
1349 1157 1612 1214 inducere
1647 1174 1759 1213 non
1796 1167 1982 1225 posset

394 1260 649 1305 naturam
686 1251 985 1305 humanam
1022 1269 1036 1305 :
1071 1253 1256 1322 itaque
1286 1253 1451 1307 homo
1481 1252 1688 1319 divina,
1724 1268 1837 1309 non
1878 1269 1981 1308 au-

398 1350 506 1394 tem
560 1342 706 1396 Deus
754 1342 993 1396 humana
1050 1343 1302 1413 recipere
1331 1345 1559 1414 posset?

2087 883 2187 953 τὴν
2222 881 2314 936 τοῦ
2345 882 2492 935 θείου
2523 880 2700 949 Λόγου
2734 880 2960 935 δύναται
2988 880 3135 952 ἔχειν
3160 882 3191 934 6
3220 883 3506 953 ἄνθρωπος
3528 899 3542 913 ο
3583 884 3676 937 καὶ

2088 976 2259 1039 ὅντως
2303 974 2458 1039 τάξιν
2506 972 2724 1043 ἐπέχειν
2752 973 2878 1027 ὅλου
2907 973 3002 1027 τοῦ
3029 973 3166 1027 Θεοῦ
3194 975 3376 1043 Λόγου
3399 1013 3414 1038 ,
3465 974 3561 1028 καί
3592 992 3677 1029 τοι

2088 1066 2284 1136 ἑτέρας
2336 1065 2411 1119 ὣν
2455 1064 2706 1134 φύσεως·
2766 1065 2864 1120 καὶ
2908 1065 3129 1129 κτιστὸς
3169 1063 3246 1120 ὢν
3286 1068 3354 1136 τῇ
3389 1063 3548 1133 φύσει
3581 1065 3676 1118 τοῦ

2088 1159 2344 1212 ἀκτίστου
2395 1157 2532 1211 Θεοῦ
2578 1157 2761 1226 Λόγου
2834 1158 2912 1230 μὴ
2962 1157 3248 1229 διαφέρειν
3297 1157 3393 1211 τοῦ
3441 1158 3675 1227 φυσικοῦ

2089 1250 2249 1305 Θεοῦ.
2284 1251 2342 1304 '0
2373 1249 2461 1304 δὲ’
2483 1250 2616 1315 Θεὸς
2644 1250 2817 1320 Λόγος
2864 1250 2940 1322 μὴ
2967 1249 3195 1305 δύναται
3229 1251 3311 1313 είς
3341 1248 3441 1320 τὴν
3469 1249 3677 1302 οἰκείαν

2093 1343 2391 1396 ὑπόστασιν
2452 1340 2776 1410 ὑφιστάνειν
2831 1339 2930 1410 τὴν
2983 1340 3148 1409 φύσιν
3196 1338 3291 1393 τοῦ
3345 1336 3675 1412 ἀνθρώπου,

397 1434 505 1503 ἄρα
555 1433 667 1505 γὰρ
716 1437 744 1487 6
797 1434 897 1506 μὲν
947 1434 1273 1506 ἄνθρωπος,
1331 1433 1443 1502 οἷός
1470 1455 1529 1490 τε
1560 1437 1920 1508 ὑποδέχεσθαι
1959 1438 2030 1492 τά
2053 1437 2207 1491 θεῖαι
2271 1437 2373 1492 όδὲ
2398 1434 2674 1505 Θεὸς,οὑχ
2693 1429 2807 1497 οἶός
2845 1450 2905 1488 τε
2945 1432 3310 1504 ὑποδέχεσθαι
3355 1431 3425 1485 τὰ
3464 1427 3677 1501 ἀνθρώ-

399 1543 531 1579 πινα
554 1543 572 1591 ;

974 1642 1125 1699 CAP.
1154 1644 1418 1702 XXXVII.

474 1728 617 1783 Deus
643 1737 699 1783 et
726 1728 907 1785 anima
925 1740 975 1785 et
996 1748 1219 1803 corpus,
1241 1752 1340 1805 per
1358 1736 1621 1792 unionem
1652 1737 1983 1803 naturalem,

2681 1640 2940 1694 ΚΕΦΛΛ.
2974 1640 3096 1693 ΛΖ¹.

2163 1734 2297 1799 Θεὸς
2351 1734 2445 1789 καὶ
2484 1733 2633 1804 ψυχὴ
2679 1733 2778 1787 καὶ
2820 1732 2981 1802 σῶμα
3032 1731 3155 1785 καθ’
3180 1731 3379 1785 ἕνωσιν
3413 1732 3676 1803 φυσικὴν,

402 1838 505 1877 nec
527 1824 689 1888 Deus,
712 1839 816 1879 nec
836 1824 1001 1881 homo
1022 1836 1135 1894 est;
1162 1828 1323 1895 adde,
1344 1829 1532 1901 solum,
1561 1838 1617 1885 et
1649 1830 1799 1901 quod
1824 1831 1986 1886 decet

2104 1826 2210 1882 δῦτε
2243 1827 2394 1891 Θεὸς,
2447 1824 2572 1879 οὔτε
2616 1816 2903 1896 ἄνθρωπός
2928 1825 3065 1878 ἐστι.
3108 1823 3349 1895 Πρόσθες
3378 1823 3441 1877 τὸ
3460 1822 3674 1893 μόνον,

405 1931 476 1970 ne
516 1932 760 1972 recuses.

943 2032 1095 2088 CAP.
1142 2033 1434 2090 XXXVI".

474 2118 630 2184 Quod
680 2127 879 2177 natura
920 2132 1006 2177 est
1036 2122 1397 2194 impossibile,
1426 2126 1627 2181 asserit
1659 2126 1989 2199 IEgyptius;

405 2218 461 2263 et
489 2210 636 2279 quod
678 2228 709 2266 a
762 2214 1047 2270 voluntate
1079 2216 1842 2286 dependet,anathematizat.
1882 2219 1992 2276 Sed

407 2302 556 2370 quod
607 2304 752 2359 Deus
799 2307 993 2371 voluit,
1055 2308 1162 2363 hoc
1214 2309 1318 2364 fuit
1359 2311 1596 2366 maxime
1650 2312 1995 2368 conveniens

409 2396 797 2464 superoptimze
835 2398 932 2451 Dei
993 2408 1226 2466 naturae,
1275 2402 1522 2471 seipsum
1575 2403 1736 2458 nobis
1784 2404 1998 2458 scilicet

409 2482 629 2539 dedisse
677 2485 733 2540 in
788 2497 977 2564 nostra
1037 2501 1255 2557 natura,
1314 2493 1524 2551 donum
1583 2497 1996 2553 excellentissi-

412 2591 587 2632 mum.

971 2695 1123 2751 CAP.
1176 2695 1423 2755 XXXIX.

484 2806 541 2860 Si
588 2814 799 2862 natura:
844 2807 1135 2866 diiIicultas
1191 2813 1424 2883 impedit
1480 2815 1617 2885 quin
1670 2816 1835 2873 Verbi
1899 2820 1995 2875 Dei

413 2912 648 2966 persona
695 2899 977 2955 hominem
1033 2904 1197 2958 modo
1225 2904 1468 2961 increato
1494 2907 1600 2961 sibi
1633 2909 1833 2965 habeat
1865 2912 1995 2966 uni-

414 2997 553 3051 tum.
593 2996 650 3043 et
700 2990 747 3044 si
798 3007 906 3045 non
953 2992 1087 3047 sinit
1122 2993 1409 3065 Egyptius
1442 2997 1721 3054 hominem
1781 3017 1849 3056 ex
1900 3003 1997 3057 Dei

413 3080 767 3149 providentia
806 3083 1129 3153 dignitatem
1170 3086 1339 3142 Verbi
1371 3088 1622 3155 induere,
1657 3090 1804 3147 inter
1831 3102 1998 3148 natu-

2094 1921 2189 1975 καὶ
2212 1920 2350 1990 ἄφες
2379 1918 2441 1973 τὸ
2467 1918 2609 1972 δέον.

2676 2028 2937 2083 ΚΕΦΛΛ.
2974 2026 3109 2079 AH'.

2179 2124 2238 2178 '0
2279 2122 2580 2190 Αἰγύπτιος
2634 2121 2697 2173 τὸ
2744 2120 2975 2189 φυσικὸν
3020 2118 3289 2173 ἀδύνατον
3332 2117 3675 2189 δογματίζει,

2096 2215 2190 2269 καὶ
2242 2213 2304 2268 τὸ
2349 2210 2714 2281 οἰκονομικῶς
2760 2210 2984 2263 δυνατὸν
3037 2208 3452 2278 ἀναθεματίζει,
3517 2208 3675 2261 ’Λλλᾶ

2094 2309 2156 2361 τὸ
2179 2303 2558 2375 οίκονομηθὲν,
2590 2302 2752 2356 τοῦτο
2780 2302 2914 2354 αὐτὸ
2938 2297 3007 2371 ἦν
3032 2303 3101 2371 τῇ
3126 2299 3249 2370 θείᾳ
3276 2300 3487 2371 πρέπον
3510 2300 3680 2369 ὑπερ-

2097 2396 2427 2467 αγαθωτάτῃ
2458 2394 2641 2464 φύσει,
2693 2394 2755 2445 τὸ
2785 2394 2865 2455 εἰς
2888 2392 2987 2464 τὴν
3016 2390 3175 2462 ἡμῶν
3202 2388 3365 2460 φύσιν
3401 2389 3679 2461 ὑπερφυὲς

2096 2493 2228 2562 ἡμῖν
2256 2489 2504 2560 χάρισμα
2531 2485 2727 2540 ἑαυτὸν
2755 2482 3134 2554 δωρήσασθαι.

2698 2684 2950 2740 ΚΕΦΛΛ.
2984 2682 3114 2738 ΛΘ’.

2172 2804 2236 2858 ΕΞ
2268 2801 2331 2855 τὸ
2361 2800 2633 2862 ἀκτὶστως
2663 2797 2812 2868 ἔχειν
2840 2798 2933 2851 τὸν
2959 2795 3251 2867 ἄνθρωπον
3283 2794 3378 2848 τοῦ
3406 2794 3544 2849 Θεοῦ
3572 2794 3680 2848 Λό-

2099 2912 2197 2965 γου
2227 2894 2328 2963 τὴν
2356 2891 2656 2945 ὑπόστασιν
2710 2891 2743 2961 ἡ
2782 2888 3065 2959 ἀμηχανία
3092 2887 3191 2958 τῆς
3218 2886 3437 2956 φύσεως
3466 2888 3566 2941 οὑκ
3593 2888 3679 2959 ἑᾷ,

2099 2989 2195 3042 καὶ
2221 2986 2284 3040 τὸ
2313 2986 2432 3039 κατ’
2458 2982 2776 3053 οἰκονομίαν
2808 2980 2954 3051 ἔχειν
2979 2980 3074 3033 τὸν
3101 2979 3393 3050 ἄνθρωπον
3423 2979 3518 3032 τοῦ
3542 2978 3679 3031 Θεοῦ

2100 3080 2277 3148 Λόγου
2325 3077 2425 3148 τὴν
2466 3075 2626 3140 ἀξίαν
2663 3077 2692 3128 6
2728 3074 3026 3142 Λίγύπτιος
3052 3073 3153 3126 οὑκ
3181 3074 3246 3143 ἐᾷ
3268 3113 3283 3137 ,
3342 3071 3546 3142 μεταξὺ
3572 3071 3684 3140 ἄρα

416 3186 533 3224 ram
571 3182 629 3226 et
655 3171 989 3244 Egyptium,
1026 3184 1177 3231 certe
1221 3177 1385 3232 homo
1435 3180 1571 3234 nihil
1622 3182 1789 3237 habet
1831 3184 1997 3240 Verbi

2104 3172 2202 3241 τῆς
2228 3170 2443 3239 φύσεως
2472 3168 2568 3221 καὶ
2594 3165 2690 3219 τοῦ
2718 3165 3019 3234 Αἰγυπτίου
3037 3206 3053 3230 ,
3093 3163 3246 3217 οὐδὲν
3276 3162 3389 3233 ἔχει
3420 3161 3516 3215 τοῦ
3545 3162 3681 3215 Θεοῦ

416 3263 613 3329 divini,
656 3280 837 3335 neque
889 3281 1203 3336 personam,
1256 3284 1439 3339 neque
1494 3271 1840 3341 dignitatem.
1893 3274 2001 3330 Sed

417 3356 583 3410 habet
627 3356 924 3413 increatam
978 3360 1147 3417 Verbi
1204 3361 1377 3417 divini
1433 3378 1723 3432 personam
1763 3374 1821 3423 et
1873 3384 2002 3438 per-

416 3463 608 3503 sonam
638 3458 979 3505 constantem
1010 3467 1077 3507 ex
1099 3467 1197 3508 sua
1221 3462 1406 3510 creata
1430 3465 1626 3512 natura
1648 3474 1773 3513 cum
1797 3460 1999 3526 Verbo,

415 3546 473 3592 et
506 3538 670 3592 homo
703 3548 789 3594 est
817 3540 913 3609 qui
961 3550 1049 3596 est
1081 3540 1137 3595 in
1180 3541 1402 3599 Christo
1433 3562 1447 3599 :
1498 3546 1669 3603 habet
1697 3552 1847 3604 enim
1877 3566 2005 3620 per-

416 3643 605 3682 sonam
648 3629 880 3685 alterius
932 3632 1179 3689 increato
1226 3635 1391 3690 modo
1430 3648 1487 3693 et
1519 3639 1588 3694 ab
1620 3648 1829 3696 aeterno
1861 3658 2003 3712 prae-

415 3721 810 3785 exsistentem;
860 3732 917 3778 et
967 3734 1192 3795 propter
1238 3728 1408 3783 alium
1462 3731 1558 3798 qui
1626 3732 1681 3785 in
1737 3733 1855 3802 ipsa
1919 3744 2003 3790 est

417 3822 637 3868 creatus
654 3821 711 3868 et
736 3817 1075 3884 temporalis,
1106 3817 1159 3872 id
1184 3828 1269 3875 est
1292 3822 1587 3890 possibile;
1614 3822 1709 3878 sed
1736 3838 1856 3878 eam
1880 3840 2005 3895 per-

418 3919 614 3959 sonam
665 3915 876 3960 natura:
934 3924 1047 3962 sure
1096 3910 1263 3965 modo
1303 3911 1552 3968 increato
1596 3914 1755 3969 etab
1794 3926 2003 3971 αξιοι·ηο

420 3994 721 4063 possidere,
774 3996 906 4050 huic
957 3997 1050 4052 alii
1106 4006 1303 4054 natura
1356 4010 1566 4068 creato,
1620 4004 1999 4073 impossibile:

420 4101 657 4155 namque
706 4096 904 4143 natura
959 4090 1232 4159 partialis,
1293 4095 1573 4161 posterius
1620 4094 1853 4152 formata
1900 4114 2004 4153 nec

420 4176 669 4242 ejusdem
724 4179 1013 4247 temporis,
1074 4179 1129 4234 id
1178 4190 1284 4247 est,
1348 4183 1640 4238 oculorum
1689 4194 1888 4241 natura
1945 4187 2001 4241 in

421 4284 567 4324 caeco
616 4279 767 4336 nato,
826 4271 883 4326 in
934 4274 1054 4345 ejus
1086 4276 1558 4343 pmexsistentem
1604 4288 1860 4336 naturam
1898 4282 2003 4337 fuit

422 4371 665 4431 recepta,
695 4370 752 4417 et
786 4379 912 4419 vere
941 4375 1130 4434 postea
1164 4375 1223 4420 ut
1259 4369 1379 4438 ejus
1418 4384 1544 4439 pars
1571 4372 1833 4440 sumitur,
1874 4373 2003 4428 licet

421 4452 693 4521 completa
741 4453 857 4508 visa
905 4454 1076 4509 fuerit
1124 4472 1232 4511 una
1288 4473 1522 4527 persona
1574 4462 1824 4532 ejusdem
1870 4472 2001 4519 ante

420 4542 586 4597 etiam
640 4560 735 4599 eos
767 4546 1051 4611 formatos,
1086 4549 1406 4619 imperfecta
1440 4554 1665 4623 quidem
1701 4555 1805 4611 sub
1855 4570 1997 4625 quo-

2104 4544 2455 4605 ὑποστάσεως
2496 4541 2821 4603 ἀνελλιποῦς
2861 4542 2992 4612 ὅλης
3028 4540 3420 4612 θεωρουμένης
3453 4542 3548 4595 καὶ
3578 4541 3685 4611 πρὸ
3784 4544 3825 4568 ’⁸

421 4631 547 4684 dam
584 4643 834 4701 respectu
862 4647 1087 4706 propter
1116 4640 1478 4707 privationem
1510 4645 1777 4699 naturalis
1808 4647 1999 4715 partis,

421 4737 543 4790 quae
583 4723 816 4791 privatio
846 4729 1015 4796 magis
1042 4729 1308 4786 rationem
1334 4748 1581 4802 personis
1603 4736 1725 4806 ejus
1764 4736 2003 4792 faciebat

423 4812 633 4881 augeri,
685 4816 945 4883 quoniam
985 4820 1328 4877 manifestius
1355 4838 1477 4878 eam
1528 4840 1560 4879 a
1610 4826 2003 4883 consimilibus

425 4902 752 4955 secernebat
813 4904 904 4960 illa
968 4907 1321 4979 ademptione
1384 4913 1789 4982 proprietatum
1858 4917 1999 4987 ejus.

420 4990 706 5062 Completa
730 4995 896 5066 igitur
917 5014 1107 5053 earum
1124 5012 1317 5057 natura
1342 5018 1440 5071 per
1463 5019 1592 5059 suas
1619 5015 1826 5075 partes,
1854 5009 2004 5065 nulla

426 5082 659 5155 indiguit
706 5102 941 5157 persona
992 5106 1059 5145 ex
1115 5093 1232 5147 suis
1284 5094 1747 5163 proprietatibus;
1780 5114 1892 5153 non
1920 5109 2006 5155 est

424 5186 555 5242 ergo
606 5175 943 5245 impossibile
991 5183 1432 5249 praeexsistentes
1478 5201 1743 5255 personas
1795 5190 2005 5261 aliquid

427 5279 528 5331 per
550 5265 959 5335 adjunctionem
985 5272 1041 5325 in
1070 5288 1128 5327 se
1173 5274 1445 5344 recipere,
1477 5280 2002 5354 quomodoeunque,

426 5354 542 5409 sive
580 5357 744 5412 modo
776 5371 985 5427 creato,
1037 5363 1155 5418 sive
1189 5363 1457 5433 increato,
1498 5370 1898 5438 praexsistant.

1066 5564 1215 5623 CAP.
1257 5568 1367 5625 XL.

498 5647 555 5703 Si
586 5653 895 5709 secundum
930 5658 1555 5720 consubstantiatiouem
1601 5665 1907 5725 divinitatis
1952 5677 2008 5725 ct

427 5740 615 5795 carnis
664 5743 847 5799 Filius
880 5744 987 5800 fuit
1023 5763 1167 5805 unus
1222 5752 1416 5819 Filius,
1458 5756 1689 5812 evidens
1734 5768 1820 5814 est
1876 5774 2004 5815 eum

431 5838 560 5885 ante
578 5836 1198 5897 consubstantiatiouem
1224 5859 1334 5900 non
1354 5845 1523 5904 fuisse
1548 5849 1785 5906 Verbum
1808 5867 2001 5918 unum,

2107 3263 2283 3331 Λόγου
2333 3263 2363 3316 6
2405 3260 2729 3331 ἄνθρωπος,
2780 3256 2902 3310 οὗτε
2935 3257 3034 3326 τὴν
3062 3254 3394 3321 ὑπόστασιν,
3433 3254 3555 3309 οὔτε
3585 3254 3685 3324 τὴν

2107 3356 2287 3421 ἀξίαν.
2327 3352 2471 3407 Ἀλλ’
2499 3353 2612 3422 ἔχει
2642 3351 2743 3422 τὴν
2770 3350 3028 3403 ἄκτιστον
3054 3347 3355 3403 ὑπόστασιν
3384 3347 3480 3400 τοῦ
3508 3346 3683 3415 Λόγου

2109 3451 2207 3504 καὶ
2259 3448 2359 3519 τῆς
2405 3446 2630 3516 κτιστῆς
2682 3441 2847 3496 αὑτοῦ
2899 3440 3117 3511 φύσεως
3167 3440 3337 3493 οὖσαν
3384 3439 3685 3493 ὑπόστασιν

2111 3543 2209 3596 σὺν
2259 3540 2336 3611 τῷ
2381 3539 2572 3609 Λόγῳ,
2623 3537 2719 3591 καὶ
2747 3538 2777 3589 6
2803 3534 3096 3606 ἄνθρωπος
3132 3534 3161 3586 6
3192 3535 3250 3586 έν
3278 3531 3531 3604 Χριστῷ·
3570 3531 3685 3601 ἔχει

2113 3634 2215 3706 μὲν
2264 3632 2373 3702 γὰρ
2421 3630 2698 3690 ἀκτίστως
2751 3628 2848 3680 κα)⁸
2908 3625 3156 3696 ἀχρόνως
3208 3623 3686 3696 προῦποκειμένην

2108 3724 2231 3780 τινὰ
2272 3722 2572 3778 ὑπόστασιν
2622 3720 2815 3790 ἑτέρου
2840 3737 2852 3750 ·
2912 3718 3009 3773 καὶ
3038 3716 3116 3788 τῷ
3145 3717 3317 3789 ἑτέρῳ
3346 3715 3425 3787 τῷ
3450 3715 3686 3778 κτιστῶς

2109 3816 2204 3871 καὶ
2245 3814 2517 3885 ὲγχρόνως
2560 3814 2618 3865 ὲν
2654 3812 2792 3882 αὐτῇ
2827 3808 3157 3873 ὑποστάντι,
3204 3808 3431 3862 δυνατόν
3456 3824 3470 3837 ·
3530 3806 3685 3860 ἀκτίς

2111 3924 2251 3966 στως
2291 3905 2349 3958 δὲ
2396 3904 2567 3972 αὐτὴν
2613 3902 2708 3955 καὶ
2750 3902 3000 3971 ἀχρόνως
3041 3899 3348 3969 κτήσασθαι
3383 3898 3685 3952 ὑπόστασιν

2107 3999 2207 4066 τῆς
2238 3995 2456 4063 φύσεως
2486 3989 2684 4046 ἑαυτοῦ
2714 3990 2851 4061 τῷδε
2881 3990 2959 4061 τῷ
2985 3989 3191 4061 κτιστῷ
3217 3989 3331 4043 ὄντι
3366 3989 3466 4061 τὴν
3495 3988 3681 4058 φύσιν,

2108 4087 2398 4141 ἀδύνατον
2432 4083 2529 4137 καὶ
2561 4081 3045 4153 μεταγενεστέρως
3071 4081 3180 4153 γὰρ
3206 4080 3371 4135 αὑτοῦ
3402 4080 3685 4135 κτισθεῖσα

2109 4178 2202 4233 καὶ
2255 4176 2318 4230 οὑ
2372 4175 2674 4246 σύγχρονος
2724 4169 2861 4228 οὖσα
2914 4172 3079 4243 φύσις
3130 4173 3331 4245 μερικὴ
3380 4175 3414 4243 ἡ
3455 4173 3687 4240 τῶνόφο

2109 4268 2330 4339 θαλμῶν
2371 4266 2466 4322 τοῦ
2510 4268 2575 4320 ὲκ
2609 4265 2883 4336 γεννητῆς
2908 4262 3115 4333 τυφλοῦ
3150 4265 3229 4329 είς
3257 4264 3359 4336 τὴν
3386 4264 3685 4318 ὑπόστασιν

2107 4361 2274 4418 αὑτοῦ
2325 4362 2426 4429 τὴν
2460 4357 2944 4432 προῦποκειμένην
2977 4357 3186 4429 ὑπέστη
3209 4374 3223 4389 ο
3274 4359 3368 4411 καὶ
3408 4358 3485 4421 ὡς
3519 4359 3685 4428 μέρος

2105 4453 2276 4522 αὐτῆς
2323 4450 2543 4522 ἀληθῶς
2583 4450 2645 4503 τὸ
2676 4449 2868 4502 λοιπὸν
2897 4449 3190 4518 θεωρεῖται
3215 4466 3231 4481 ·
3285 4449 3382 4503 καί
3430 4466 3515 4502 τοι
3554 4451 3685 4517 μιᾶς

2108 4635 2275 4691 τῶνδε
2324 4636 2424 4706 τῆς
2468 4635 2624 4689 τοῦδε
2645 4652 2659 4666 ν
2717 4633 2968 4698 ὲλλιποῦς
2999 4634 3055 4688 δὲ
3086 4635 3162 4698 ὡς
3192 4635 3335 4688 κατά
3364 4652 3486 4687 τινα
3512 4636 3685 4703 Λόγον

2111 4728 2323 4798 φύσεως
2350 4728 2445 4780 καὶ
2470 4726 2700 4795 φυσικοῦ
2730 4726 2935 4797 μέρους
2960 4726 3252 4797 στέρησιν-
3283 4725 3405 4795 ἥτις
3430 4725 3688 4798 στέρησις

2110 4820 2205 4873 καὶ
2250 4815 2567 4881 πλεονάζειν
2616 4817 2819 4887 μᾶλλον
2864 4818 2957 4872 τὸν
2991 4818 3164 4885 Λόγον
3202 4817 3301 4886 τῆς
3332 4817 3689 4878 ὑποστάσεως

2110 4909 2276 4964 αὑτοῦ
2322 4908 2495 4963 ἐποίει
2529 4909 2852 4981 τρανότερον
2881 4908 3263 4979 διοριζομένης
3315 4909 3410 4961 καὶ
3438 4907 3575 4979 τῷδε
3608 4907 3686 4978 τῷ

2110 5001 2373 5071 ἐξαιρέτῳ
2402 5002 2460 5054 ὲν
2481 5003 2596 5065 τοῖς
2624 5001 2916 5071 ίδιώμασιν
2942 5002 3113 5071 αὐτῆς
3138 5000 3248 5053 ἀπὸ
3272 5000 3380 5053 τῶν
3403 4999 3685 5069 ὁμοφυῶν.

2111 5092 2505 5164 Τελειωθείσης
2533 5093 2666 5162 γοῦν
2700 5092 2883 5147 αὐτῶν
2912 5093 3015 5161 τῆς
3046 5092 3261 5162 φύσεως
3293 5094 3404 5155 τοῖς
3437 5091 3686 5162 μέρεσιν,

2111 5185 2212 5238 οὐκ
2260 5182 2475 5237 ἐνέὶιπέ
2519 5202 2574 5237 τι
2624 5184 2929 5248 ὑπόστασις
2978 5185 3093 5247 τοῖς
3143 5182 3430 5253 ίδιώμασιν
3475 5182 3684 5251 αὑτῆςσ

2111 5278 2213 5332 οὐκ
2260 5277 2523 5331 ἀδύνατον
2568 5278 2679 5348 ἄρα
2726 5277 2871 5331 κατά
2916 5276 3212 5347 πρόσθεσιν
3255 5293 3307 5329 τι
3361 5277 3442 5338 είς
3488 5274 3693 5337 ἑαυτὰς

2112 5368 2458 5441 ἐπιδέχεσθαι
2486 5369 2585 5432 τὰς
2610 5368 2885 5440 προοΰσας
2916 5369 3245 5433 ὑποστάσεις
3273 5366 3545 5433 ὁπωσοῦν,
3578 5368 3691 5420 είτε

2115 5462 2348 5527 κτιστῶς
2379 5463 2491 5516 εἴτε
2517 5448 2792 5527 ἀκτίστως
2824 5464 3095 5533 προῆσαν.

2711 5582 2961 5635 ΚΕΦΑΛ.
2995 5581 3085 5635 Μ’.

2184 5671 2247 5724 Εί
2301 5670 2444 5725 κατά
2486 5670 2590 5738 τὴν
2633 5669 2991 5724 συνουσίωσιν
3036 5667 3292 5738 θεότητος
3339 5666 3435 5721 καὶ
3472 5665 3687 5735 σαρκὸς

2114 5753 2195 5822 εἷς
2232 5758 2359 5821 Υἱὸς
2410 5757 2439 5809 6
2481 5757 2607 5820 Υἱὸς
2627 5799 2641 5823 ,
2692 5757 2851 5829 δῆλον
2881 5759 2965 5810 ὅτι
2990 5758 3100 5827 πρὸ
3123 5757 3222 5826 τῆς
3250 5754 3683 5817 συνουσιώσεως,

2114 5851 2216 5904 οὐκ
2245 5845 2311 5921 ἦν
2337 5844 2416 5912 εἷς
2444 5850 2472 5902 6
2498 5850 2687 5919 Λόγος,
2723 5848 2845 5902 οὔτε
2874 5849 3029 5915 Θεὸς,
3058 5848 3183 5903 οὔτε
3210 5848 3357 5912 Υίός.
3399 5846 3561 5900 Ἀλλά
3587 5850 3686 5903 καὶ
