4116 6454
450 385 575 454 1501

1419 398 1813 463 ADVERSUS
1851 405 2395 470 NESTORIANOS.
2419 436 2487 446 -
2516 412 2662 471 LIB.
2705 411 2754 471 Ι.

2709 258 2737 291 δ

3568 414 3590 476 1
3601 417 3705 479 502

440 504 549 575 πρὸ
592 502 691 572 τῆς
722 499 1133 565 συνουσιώσεως
1169 501 1304 567 Θεὸς
1332 505 1425 558 καὶ
1452 507 1578 571 Υἱὸς
1604 510 1632 561 6
1656 512 1830 579 Λόγος
1852 530 1865 544 ο
1922 531 1992 567 κα

2118 534 2299 587 neque
2326 518 2522 581 Deum,
2554 534 2733 588 neque
2770 518 2989 576 Filium.
3028 519 3135 576 Sed
3166 530 3293 578 ante
3332 525 3701 581 consubstan-

439 598 531 651 ἐπὶ
579 595 743 665 τῆσδε
789 594 1029 665 ὁμοίως,
1084 596 1181 649 καὶ
1222 597 1357 661 Θεὸς
1393 601 1488 652 καὶ
1520 601 1650 666 Υἱὸς
1684 605 1780 657 καὶ
1822 607 2019 673 Λόγος.

438 691 515 743 Ού
549 689 659 760 γὰρ
689 689 784 741 ἐπὶ⁵
817 689 1093 758 ἀναιρέσει
1128 689 1237 742 τῶν
1266 689 1437 744 ὄντων
1466 694 1641 765 αὐτῷ,
1676 696 1815 750 ἀλλά
1844 715 2020 768 προσ-

436 781 630 850 κτήσει
663 780 773 833 τῶν
801 780 903 833 ούκ
930 780 1180 847 ἐνόντων,
1218 780 1409 851 γέγονε
1437 785 1676 855 Χριστὸς
1703 788 1731 841 6
1757 788 1892 853 Θεὸς
1914 789 2017 843 A6—

433 890 529 943 γος
563 873 658 926 καὶ
688 872 816 935 Υἱὸς
843 871 938 924 τοῦ
968 872 1202 943 Πατρός.

996 1090 1251 1147 ΚΕΦΑΛ.
1285 1091 1427 1147 MA'.

511 1181 573 1237 '0
617 1182 752 1247 Θεὸς
792 1184 968 1253 Λόγος
1019 1183 1318 1253 γνωμικῶς
1357 1184 1583 1242 δύναται
1626 1185 1896 1257 ένωθῆναι
1942 1191 2010 1259 τῇ

2124 606 2411 661 tiationem
2444 607 2689 661 Verbum
2722 608 2828 661 fuit
2856 609 3001 663 Deus
3035 619 3091 664 et
3141 611 3335 676 Filius,
3360 623 3415 667 et
3449 630 3548 683 per
3578 631 3702 671 eam

2122 695 2269 750 Deus
2325 705 2382 751 et
2460 698 2632 752 Filius
2702 706 2762 753 et
2843 700 3109 756 Verbum.
3204 702 3323 757 Non
3385 706 3534 759 enim
3599 723 3701 777 per

2120 788 2526 858 ademptionem
2560 805 2752 845 eorum
2783 808 2904 861 qua:
2939 792 3198 860 habebat,
3229 795 3324 849 sed
3357 811 3456 866 per
3502 799 3698 867 acqui-

2116 880 2375 935 sitionem
2429 896 2621 936 eorum
2648 898 2771 952 quae
2797 898 2907 937 non
2943 884 3203 951 habebat,
3256 887 3403 942 Deus
3434 887 3695 957 Verbum,

2116 971 2297 1027 Patris
2347 972 2541 1039 Filius,
2598 974 2778 1029 factus
2819 984 2903 1030 est
2947 976 3222 1034 Christus.

2734 1087 2888 1144 CAP.
2944 1089 3083 1145 XLI.

2184 1178 2429 1235 Verbum
2451 1179 2597 1234 Deus
2615 1180 2897 1236 voluntate
2931 1191 3112 1252 potest
3134 1183 3281 1239 uniri
3308 1194 3519 1240 natura:
3546 1200 3696 1241 crea-

431 1277 626 1347 κτιστῇ
673 1273 876 1343 φύσει,
935 1274 1181 1343 φυσικῶς
1198 1274 1267 1329 ,δὲ
1313 1275 1375 1329 ού
1407 1274 1668 1331 δύναται’
1733 1277 1857 1331 οὐδὲ
1902 1278 1992 1350 γὰι

2115 1282 2203 1335 ιω,
2252 1280 2449 1327 natura
2502 1281 2687 1326 autem
2741 1289 2852 1327 non
2905 1282 3130 1344 ροιεειι
3179 1292 3290 1330 non
3338 1278 3487 1331 enim
3535 1294 3691 1334 suam

430 1364 616 1419 ἔκτισε
654 1366 754 1436 τὴν
783 1366 979 1421 ἑαυτοῦ
1010 1365 1205 1435 φύσιν,
1260 1365 1385 1420 οὔτε
1435 1368 1807 1441 μεθαρμόζειν
1838 1370 1992 1442 αύτὴη

2112 1369 2363 1415 naturam
2425 1362 2711 1428 condidit,
2760 1379 2864 1419 nec
2912 1372 3095 1434 potest
3140 1382 3261 1421 eam
3329 1368 3385 1422 in
3437 1379 3690 1425 naturam

429 1457 511 1520 είς
558 1456 755 1528 ἑτέραν
800 1457 995 1510 ούσίαν
1043 1456 1292 1511 δύναται.
1343 1452 1496 1528 Ἀρά
1545 1476 1609 1528 γε
1660 1459 1737 1524 ὡς
1783 1459 2008 1531 μείζονα

427 1548 737 1620 δυναμένης
782 1549 947 1603 αὐτοῦ
981 1549 1082 1617 τῆς
1113 1546 1340 1620 γνώμης
1391 1549 1534 1620 ὑπὲρ
1578 1549 1677 1621 τὴν
1712 1549 1878 1619 φύσιν
1911 1551 2006 1604 δύ-

426 1658 587 1695 ναται
612 1639 926 1709 γνωμικῶς,
948 1641 983 1695 ἀ
1005 1640 1065 1693 ού
1088 1639 1311 1694 δύναται
1336 1640 1603 1709 φυσικῶς,
1623 1641 1655 1712 ἦ
1677 1640 1753 1705 ὡς
1771 1640 2003 1712 ἥττονας

430 1731 491 1785 Εἰ
509 1730 612 1801 μὲν
638 1729 748 1802 γὰρ
777 1729 855 1794 ὡς
881 1730 1128 1801 μείζονα,
1157 1732 1185 1784 6
1207 1730 1284 1800 τῷ
1312 1730 1648 1802 ἰσχυροτέρῳ
1674 1730 1782 1784 τῶν
1804 1732 2002 1785 ἑαυτοῦ

421 1822 591 1892 ἤγουν
643 1824 710 1893 τῇ
758 1821 950 1894 γνώμῃ
1005 1824 1072 1894 τῇ
1119 1825 1315 1893 κτιστῇ
1351 1824 1515 1892 φύσει
1560 1820 1884 1893 συναφθεὶς,
1922 1823 2001 1895 τῷ
2033 1866 2076 1923 Β

419 1913 803 1985 ἐλαττοτέρῳ,
860 1916 1032 1985 ἤγουν
1078 1917 1144 1986 τῇ
1192 1914 1394 1983 φύσει,
1446 1915 1799 1987 εύκολότερον
1854 1934 1996 1986 συμ-

418 2005 765 2077 πλακήσεται
789 2021 805 2037 ο
845 2005 895 2058 εἰ
941 2005 999 2058 δὲ
1045 2005 1122 2070 ὡς
1162 2006 1388 2077 ἤττονα,
1427 2007 1590 2077 δῆλον
1620 2008 1786 2061 πάλιν
1816 2008 1892 2070 ώς
1919 2007 1998 2078 τῷ

416 2097 796 2169 ἀσθενεστέρῳ
825 2099 935 2152 τῶν
962 2098 1159 2153 ἑαυτοῦ
1187 2115 1241 2152 τι
1271 2100 1446 2170 ῥᾷστα
1476 2099 1994 2171 καταπραξάμενος,

415 2189 494 2259 τῷ
539 2188 963 2261 δραστικωτέρῳ
1017 2190 1084 2244 ἂν
1133 2189 1383 2260 μειζόνος
1429 2191 1587 2245 τοῦδε
1620 2190 1789 2246 αὑτοῦ
1827 2209 1995 2261 περι-

416 2282 744 2352 γενήσεται·
786 2282 879 2334 καὶ
925 2280 1067 2335 οὕτω
1100 2280 1201 2352 μὲν
1230 2282 1357 2335 τάδε
1377 2298 1392 2314 ο
1428 2282 1530 2335 οὐκ
1564 2281 1752 2336 ἔκτισε
1782 2282 1841 2336 δὲ
1873 2282 1996 2335 οὐδὲ

420 2373 755 2444 μεθαρμόζει
791 2374 890 2445 τὴν
924 2373 1121 2428 ἑαυτοῦ
1155 2374 1318 2445 φύσιν
1351 2374 1380 2426 6
1408 2373 1543 2439 Θεός
1566 2392 1580 2406 ο
1620 2374 1730 2446 ἄρα
1758 2391 1825 2443 γε
1853 2372 1997 2444 γνώ-

417 2483 527 2537 μην
579 2467 719 2538 ἔχων
775 2466 911 2520 ποτὲ
965 2465 1121 2520 τοῦδε
1194 2466 1228 2537 ἢ
1288 2466 1411 2520 οὐδὲ
1463 2464 1692 2538 γνώμην
1742 2463 1996 2536 ἐσχηκὼς

411 2558 642 2616 τοιάνδε.
676 2559 750 2611 Τὸ
779 2558 882 2629 μὲν
903 2558 1012 2628 γὰρ
1040 2557 1223 2612 κτίσαι
1248 2557 1467 2622 ἐαυτὸν,
1498 2559 1592 2613 καὶ
1617 2559 1992 2628 ἀνεπινόητον·

412 2649 474 2703 τὸ
518 2649 578 2703 δέ
633 2649 1019 2721 μεθαρμόσαι,
1073 2650 1306 2717 ἄλογονο
1371 2650 1477 2704 πού
1530 2651 1643 2721 γὰρ
1704 2650 1996 2720 ὑφεστῶσα

289 2743 302 2752 ’
410 2743 446 2815 ἤ
470 2741 662 2813 γνώμη
689 2742 856 2796 αὑτοῦ
886 2743 1065 2796 κτίσει
1090 2742 1153 2796 τὸ
1173 2743 1480 2815 γνωμικόν;
1508 2742 1627 2806 πῶς
1648 2742 1707 2797 δὲ
1730 2745 1759 2798 6
1778 2744 1840 2798 ὲν
1860 2745 1994 2797 πᾶσι

414 2834 789 2906 μακαριότησι
822 2833 898 2887 ὢν
921 2875 937 2900 ,
988 2833 1219 2906 γνώμην
1250 2834 1366 2900 ἕξει
1401 2836 1773 2909 μεταστρέψαι
1802 2837 1994 2890 ἐαυτὸν

407 2930 489 2993 είς
518 2928 582 2982 τὸ
612 2931 793 2998 χεῖρον
821 2944 836 2993 ;
878 2927 938 2980 τὸ
967 2929 1218 2998 κρεῖττον
1243 2926 1352 2999 γὰρ
1387 2930 1489 2983 ούκ
1519 2928 1694 2982 ἔστιν.
1723 2930 1867 2998 ’Δρα
1898 2924 1993 2981 οὖν

405 3021 507 3074 ὅσα
560 3022 594 3093 ἤ
641 3020 807 3089 φύσις
862 3019 1013 3091 αύτῷ
1053 3019 1316 3083 δύναται,
1356 3020 1534 3074 ταῦτα
1565 3019 1715 3089 αὐτῷ
1745 3018 1861 3090 ἔχει
1899 3018 1994 3071 καὶ

404 3117 438 3185 ἡ
467 3113 659 3185 γνώμη
690 3116 865 3167 ποιεῖν
894 3112 1056 3167 αὐτόν
1075 3127 1089 3143 ⁶
1122 3113 1219 3166 καὶ
1244 3112 1344 3165 ὅσα
1370 3113 1404 3181 ἡ
1432 3110 1629 3182 γνώμη
1655 3110 1791 3181 ἔχει,
1817 3110 1990 3163 ταῦτα

2111 1452 2275 1507 aliam
2323 1462 2717 1522 transmutare,
2772 1467 2966 1511 utrum
3022 1459 3152 1529 quia
3200 1460 3373 1531 magis
3402 1462 3547 1517 valet
3571 1463 3692 1533 ejus

2106 1547 2365 1601 voluntas
2417 1562 2581 1618 quam
2612 1557 2832 1615 natura,
2872 1551 3154 1607 voluntate
3205 1561 3384 1621 potest
3428 1570 3550 1623 (luat
3580 1571 3705 1627 non_

2107 1644 2291 1706 potest
2323 1638 2626 1692 secundum
2663 1647 2941 1704 naturam,
2964 1656 3031 1695 an
3053 1640 3182 1711 quia
3205 1642 3426 1699 minus?
3460 1642 3515 1699 Si
3539 1646 3688 1700 enim

2104 1727 2235 1797 quia
2260 1728 2450 1798 magis,
2482 1729 2578 1798 qui
2600 1730 2893 1798 potentiori
2929 1746 2996 1785 ex
3018 1732 3155 1797 suis,
3182 1733 3234 1786 id
3253 1741 3358 1797 est,
3379 1734 3687 1801 voluntate,

2105 1817 2211 1871 sibi
2237 1826 2478 1871 creatam
2505 1818 2664 1873 unire
2694 1826 2971 1884 naturam,
3001 1820 3226 1885 minori,
3261 1820 3314 1875 id
3329 1829 3433 1885 est,
3466 1832 3685 1888 natura,

2101 1908 2319 1965 facilius
2357 1911 2579 1965 unietur
2603 1926 2619 1976 ;
2647 1909 2692 1964 si
2726 1919 2911 1965 autem
2936 1912 3067 1980 quia
3096 1912 3301 1977 minus,
3331 1911 3687 1967 manifestum

2098 2007 2182 2055 est
2218 1999 2419 2054 iterum
2464 1999 2620 2055 illum
2670 2000 2817 2069 quod
2862 2000 3121 2057 inferiore
3161 2017 3230 2057 ex
3266 2003 3383 2057 suis
3424 2002 3685 2058 facillime

2097 2091 2316 2156 fecerit,
2352 2091 2409 2147 id
2456 2091 2758 2163 potentiori
2808 2093 2986 2148 multo
3030 2095 3206 2165 magis
3237 2093 3461 2160 eﬂiciet,
3501 2105 3560 2150 et
3602 2095 3686 2152 sic

2098 2186 2167 2242 de
2215 2186 2303 2241 his
2338 2204 2352 2241 :
2392 2202 2506 2244 non
2552 2188 2805 2242 condidit
2858 2188 3006 2243 Deus
3050 2203 3208 2243 suam
3264 2197 3541 2254 naturam,
3578 2204 3685 2245 nec

2098 2286 2465 2347 transmutat;
2529 2281 2629 2336 sed
2674 2280 2890 2345 habuit,
2936 2282 3025 2337 vel
3084 2297 3196 2337 non
3262 2282 3461 2337 habuit
3514 2284 3681 2338 talem

2095 2372 2463 2428 voluntatem.
2528 2373 2598 2428 Se
2665 2374 3004 2438 condidisse,
3051 2375 3395 2446 impossibile
3440 2376 3683 2446 cogitatu

2095 2476 2217 2533 est;
2275 2482 2335 2523 se
2375 2474 2770 2532 transmutare,
2800 2467 3106 2523 absurdum
3146 2485 3159 2521 ι
3197 2468 3292 2522 ubi
3318 2468 3468 2523 enim
3500 2468 3684 2523 subsi-

2095 2558 2234 2614 dens
2275 2559 2530 2614 voluntas
2577 2559 2901 2613 volitionem
2955 2558 3211 2630 eﬂinget?
3243 2560 3526 2629 quomodo
3577 2576 3682 2615 au-

2098 2660 2207 2706 tem
2230 2651 2325 2721 qui
2347 2650 2497 2705 omni
2519 2650 2787 2706 felicitate
2808 2651 3033 2721 gaudet,
3077 2651 3418 2707 voluntatem
3453 2652 3684 2708 habebit

2095 2759 2153 2800 se
2181 2744 2237 2799 in
2268 2744 2425 2814 pejus
2454 2743 2816 2798 immutandi?
2855 2744 3054 2799 melius
3075 2745 3225 2799 enim
3258 2761 3369 2800 non
3401 2754 3506 2801 est.
3529 2745 3684 2811 Qum-

2094 2852 2315 2906 cunque
2342 2850 2474 2906 ergo
2517 2844 2701 2905 potest
2736 2836 2857 2905 ejus
2902 2836 3178 2901 voluntas,
3210 2836 3327 2891 haec
3366 2837 3550 2891 omnia
3578 2852 3680 2891 vo-

2091 2928 2275 2982 luntas
2322 2927 2443 2997 ejus
2488 2936 2573 2981 est
2602 2927 2786 2981 facere
2819 2944 2834 2993 ;
2875 2936 2933 2981 et
2980 2927 3129 2996 quod
3160 2928 3413 2982 voluntas
3442 2928 3565 2999 ejus
3592 2938 3679 2983 est

2091 3019 2296 3083 facere,
2333 3019 2439 3074 hoc
2482 3019 2605 3089 ejus
2654 3026 2837 3089 potest
2882 3027 3110 3080 natura;
3169 3035 3280 3073 non
3335 3019 3481 3074 enim
3530 3019 3677 3074 inter

2092 3128 2150 3167 se
2179 3121 2393 3167 certant
2416 3112 2471 3166 iu
2501 3113 2613 3167 Deo
2661 3113 2821 3182 plane
2858 3110 3269 3181 simplicissimo
3312 3122 3371 3167 ct
3412 3111 3675 3167 immuta-

406 3208 502 3263 καὶ
526 3208 559 3278 ἡ
584 3206 746 3277 φύσις
769 3205 936 3260 αὐτοῦ
962 3204 1187 3260 δύναται
1211 3206 1415 3258 ποιεῖν.
1441 3204 1516 3257 Ού
1538 3203 1646 3276 γὰρ
1668 3203 1992 3274 διαμάχεται

2095 3205 2193 3260 bili
2246 3205 2360 3259 Deo
2413 3204 2647 3274 optimo,
2695 3204 2953 3258 voluntas
2999 3218 3055 3259 et
3099 3214 3330 3269 natura;
3392 3205 3577 3275 itaque
3625 3206 3673 3261 si

404 3302 464 3356 ἐν
495 3300 573 3372 τῷ
606 3300 782 3372 πάντῃ
814 3298 1172 3368 ἀπλουστάτῳ
1210 3296 1307 3351 καὶ
1333 3298 1612 3368 ἀδιαφόρῳ
1649 3295 1840 3366 ἀγαθῷ
1868 3294 1987 3366 Θεῴ

402 3392 598 3464 γνώμη
643 3393 738 3446 καὶ
781 3390 975 3460 φύσιςο
1028 3389 1169 3442 ὥστε
1202 3388 1250 3441 εί
1278 3386 1573 3459 γνωμικῶς
1601 3386 1825 3441 δύναται
1858 3401 1985 3440 συν-

404 3484 642 3555 αφθῆναι
674 3485 827 3554 ἡμῖν,
870 3480 1051 3552 πολλῷ
1083 3480 1286 3552 μᾶλλον
1315 3478 1583 3549 φυσικῶς.
1635 3479 1697 3531 Ἦ
1750 3480 1848 3549 μὲν
1876 3477 1987 3549 γάρ

404 3575 566 3645 φύσις
612 3574 709 3628 καὶ
753 3575 787 3645 ἤ
826 3572 1079 3643 ἡμετέρα
1100 3613 1115 3637 ,
1168 3568 1351 3641 ἀγαθὴ
1381 3568 1479 3623 καὶ
1502 3568 1854 3640 ἀδιάϐλητος,
1887 3568 1985 3621 καὶ

403 3667 462 3733 ἐξ
489 3666 654 3721 αὐτοῦ
674 3683 688 3697 ⁸
722 3669 755 3737 ἠ
785 3666 842 3719 δὲ
869 3663 1064 3735 γνώμη
1092 3664 1187 3717 καὶ
1216 3664 1271 3717 αι
1293 3662 1453 3733 ἡμῶν
1478 3662 1746 3732 ἁμαρτίαι
1772 3660 1988 3714 διιστῶ-

403 3777 487 3813 σιν
516 3759 619 3814 ἀνά
652 3758 817 3829 μέσον
844 3756 1004 3829 ἡμῶν
1028 3756 1124 3811 καὶ
1147 3754 1337 3810 αὐτοῦ·
1367 3753 1594 3825 γνώμην
1614 3754 1711 3808 οὖν
1730 3751 1984 3824 ἐσχηκὼς

400 3853 496 3907 καὶ
543 3852 675 3906 αὐτὸ
723 3849 880 3904 τοῦτο
922 3849 1092 3920 ἤγουν
1130 3847 1193 3901 τὸ
1235 3845 1599 3917 συναρμόζειν
1629 3847 1795 3917 ἑτέρᾳ⁸
1821 3845 1981 3917 οὐσίᾳ

398 3944 499 4016 τὴν
549 3941 745 3997 ἑαυτοῦ
798 3940 998 4011 φύσιν,
1048 3939 1151 3993 οὐκ
1194 3938 1563 4009 ἀδυνατήσεν
1619 3937 1839 4009 εύδοκίᾳ
1888 3936 1982 3990 οὖν

398 4031 565 4087 αὐτοῦ
596 4032 691 4087 ἆτε
722 4030 884 4101 φύσει
915 4027 1123 4099 ἀγαθοῦ
1143 4069 1159 4095 ,
1195 4029 1297 4099 τὴν
1330 4027 1566 4100 φυσικὴν
1591 4027 1758 4082 αὑτοῦ
1788 4028 1982 4082 ἕνωσιν

398 4126 534 4199 πρὸς
560 4126 730 4198 ἡμᾶς,
762 4124 942 4193 ὀρθῶς
971 4139 1176 4193 φαμενο

980 4237 1233 4292 ΚΕΦΑΛ.
1267 4235 1411 4291 ΜΒ¹.

466 4350 530 4404 Εἰ
573 4348 668 4403 τοῦ
704 4346 840 4401 Θεοῦ
892 4344 1248 4417 βουληθέντος
1285 4343 1499 4414 δέχεται
1533 4342 1699 4397 αὐτοῦ
1742 4344 1776 4415 ή
1806 4343 1974 4413 φύσις

397 4439 752 4511 προσθήκην,
790 4434 1014 4490 δύναται
1045 4434 1155 4506 ἀρα
1183 4434 1277 4489 καὶ
1305 4432 1534 4504 μείωσιν
1559 4433 1815 4501 δέξασθαι
1844 4434 1975 4506 βου·
2026 4478 2029 4481 ι

2090 3298 2372 3354 voluntate
2406 3305 2589 3367 potest
2612 3296 2775 3352 nobis
2797 3297 2971 3361 uniri,
3000 3298 3175 3352 multo
3211 3296 3384 3369 magis
3442 3310 3671 3354 natura:

2088 3395 2279 3443 nostra
2320 3387 2594 3457 siquidem
2632 3397 2852 3452 natura,
2904 3388 3049 3443 bona
3093 3396 3149 3442 et
3187 3388 3399 3459 integra
3443 3404 3509 3443 ex
3554 3389 3673 3460 ipso

2087 3488 2192 3545 est,
2234 3480 2491 3535 voluntas
2539 3487 2723 3535 autem
2764 3490 2821 3536 et
2848 3490 3071 3551 peccata
3102 3497 3205 3537 nos
3249 3482 3319 3536 ab
3352 3497 3420 3537 eo
3448 3498 3674 3551 separa-

2086 3580 2320 3639 verunt;
2378 3573 2719 3627 voluntatem
2772 3572 2943 3643 igitur
2987 3572 3200 3627 habens
3230 3573 3412 3639 istam,
3463 3573 3517 3628 id
3562 3583 3669 3637 est.

2086 3679 2242 3720 suam
2302 3672 2555 3718 naturam
2588 3663 2682 3718 alii
2731 3671 2943 3718 naturae
2985 3664 3377 3734 conjungendi,
3428 3679 3537 3718 non
3569 3666 3672 3719 im—

2086 3755 2337 3826 possibili
2369 3754 2676 3822 tenebitur;
2710 3754 2945 3825 ideoque
2990 3770 3060 3810 ex
3105 3756 3227 3825 ejus
3257 3755 3667 3822 benevolentia,

2086 3848 2141 3903 id
2185 3856 2271 3903 est
2319 3848 2472 3903 illius
2502 3848 2597 3918 qui
2632 3857 2827 3903 natura
2856 3848 3036 3903 bonus
3073 3856 3180 3912 est,
3235 3858 3385 3904 recte
3413 3849 3533 3920 ejus
3563 3866 3665 3905 na-

2086 3939 2322 3995 turalem
2374 3940 2665 3996 nobiscum
2723 3940 2988 3997 unionem
3025 3940 3410 4011 praedicamus.

2679 4232 2833 4289 CAP.
2887 4231 3055 4287 XLII.

2151 4353 2209 4410 Si
2261 4353 2376 4409 Deo
2429 4351 2668 4415 volente,
2715 4352 2836 4422 ejus
2877 4357 3076 4405 natura
3133 4349 3383 4407 additum
3429 4350 3658 4421 recipit,

2079 4454 2261 4519 potest
2320 4446 2489 4501 etiam
2535 4445 2775 4511 volente,
2812 4445 3239 4500 diminutionem
3291 4443 3580 4514 recipere:
3612 4443 3661 4499 si

395 4534 653 4606 ληθέντος
680 4532 847 4586 αὑτοῦ
870 4547 886 4563 ·
946 4531 997 4586 εί
1026 4530 1083 4583 δὲ
1114 4528 1373 4583 ἀδύνατον
1403 4528 1463 4581 τὸ
1487 4528 1739 4599 δεύτερον
1758 4570 1775 4595 ,
1832 4528 1965 4583 ἀδύ-

2092 4548 2255 4596 ιιιιεω
2276 4537 2614 4609 impossibile
2644 4538 2940 4608 posterius,
2962 4553 3092 4609 ergo
3123 4546 3179 4592 et
3201 4537 3359 4607 prius
3384 4554 3397 4590 :
3426 4536 3523 4592 sed
3551 4551 3664 4591 non

394 4640 553 4677 νατον
583 4622 694 4694 ἄρα
722 4622 816 4675 καὶ
840 4620 902 4674 τὸ
928 4619 1165 4691 πρῶτον.
1184 4618 1324 4673 Ἀλλ’
1353 4619 1469 4690 οὐχ’
1494 4620 1529 4691 ἡ
1556 4618 1741 4689 φύσις,
1773 4620 1806 4690 ἡ
1837 4619 1970 4673 ὑπό-

397 4732 583 4780 στασις
625 4714 683 4768 δὲ
730 4711 1050 4784 προσθήκην
1088 4710 1382 4775 ἐπεδέξατο
1421 4712 1453 4780 ἠ
1491 4709 1586 4764 τοῦ
1611 4711 1822 4779 Λόγου·
1876 4713 1973 4767 καὶ

394 4806 553 4861 τοῦτο
622 4804 721 4874 οὐχ
773 4802 1169 4866 ὑποστάσεως,
1224 4801 1361 4856 ἀλλά
1409 4800 1519 4855 τῶν
1567 4803 1643 4865 ὡς
1686 4802 1972 4871 στοιχείων

394 4895 750 4957 ὑποστάσεως
779 4891 1087 4963 νοουμένων
1122 4890 1453 4961 ἰδιωμάτων,
1475 4890 1564 4944 διὰ
1586 4892 1688 4961 τῆς
1713 4892 1851 4964 πρὸς
1874 4891 1975 4960 φύ-

397 5005 482 5042 σιν
513 4986 710 5058 ἑτέραν
757 4983 1007 5047 ἐνώσεως
1054 4982 1157 5054 τῆς
1192 4982 1383 5046 οὐσίας
1412 4982 1579 5037 αὐτοῦ
1610 4984 1973 5055 ἐπιγενηθέν-

394 5097 505 5131 των
552 5080 725 5150 αύτῇο
780 5076 1073 5147 ἀφαίρεσιν
1124 5074 1235 5128 τῶν
1283 5074 1593 5144 ίδιωμάτων
1644 5075 1819 5146 αὐτῆς
1865 5075 1977 5130 τῶν

396 5170 582 5225 ἀϊδίων
635 5171 731 5224 καὶ
778 5167 1018 5222 ἔκπαλαι
1080 5166 1156 5238 μὴ
1204 5166 1643 5237 καταδεχομένης
1702 5167 1779 5232 ὡς
1825 5167 1975 5233 ἅπαξ

397 5261 645 5316 ἀϊδίων·⁷
673 5259 795 5313 ἐστὶ
823 5260 880 5313 δὲ
912 5260 1011 5313 καὶ
1038 5257 1210 5324 ἄλλα,
1251 5250 1328 5311 ὧν
1361 5256 1671 5327 ἐπαύξησις
1702 5258 1803 5329 μέν
1831 5260 1973 5327 ἐστι,

399 5353 460 5405 ού
510 5351 618 5422 μὴν
665 5350 761 5405 καὶ
803 5351 1066 5420 μείωσις·
1121 5349 1184 5403 τὸ
1214 5348 1325 5419 γάρ
1362 5347 1737 5404 ἁπλούστατον
1772 5345 1887 5404 οἷον
1915 5350 1978 5404 τὸ

401 5461 469 5515 ση
482 5447 655 5513 μεῖον,
690 5441 1067 5512 ἐπαυξηθῆναι
1099 5442 1198 5513 μὲν
1228 5441 1317 5496 διὰ
1343 5440 1673 5506 συνθέσεως,
1709 5442 1941 5496 δυνατόν
1962 5458 1976 5475 ’

404 5534 703 5605 μειωθῆναι
738 5534 796 5587 δὲ
841 5532 1095 5604 ἐνεργείᾳ.
1124 5532 1334 5605 ἀμερὲς
1362 5532 1424 5586 ὃν
1455 5532 1532 5597 ὡς
1558 5533 1669 5587 τῶν
1698 5534 1977 5606 μεριστῶν

400 5626 653 5696 ἔσχατον,
681 5624 967 5679 ἀδύνατον.

981 5736 1233 5790 ΚΕΦΑΛ.
1263 5737 1398 5793 MI".

477 5829 537 5881 Et
580 5828 715 5897 ὁμοῦ
763 5828 896 5892 Θεὸς
924 5829 1015 5883 καὶ
1041 5829 1329 5900 ἄνθρωπος
1357 5833 1384 5885 6
1421 5831 1655 5901 Χριστος
1679 5872 1694 5898 ,
1729 5829 1975 5901 δηλονότι

2075 4639 2293 4696 natura,
2335 4629 2477 4683 bene
2502 4644 2633 4683 vere
2671 4643 2907 4698 persona
2937 4628 3105 4683 Verbi
3134 4627 3384 4682 additum
3412 4627 3659 4699 recepit;

2076 4736 2180 4778 nec
2213 4733 2483 4791 personae,
2513 4719 2632 4781 sed,
2662 4726 2721 4773 ut
2748 4719 2823 4773 ita
2859 4718 3063 4783 dicam,
3097 4720 3500 4774 elementorum
3529 4735 3659 4789 per-

2076 4826 2244 4876 sonae,
2286 4825 2383 4866 seu
2442 4808 2876 4879 intelligihilium
2952 4809 3355 4879 proprietatum
3414 4809 3517 4879 ipsi
3561 4826 3664 4879 per

2076 4901 2334 4955 unionem
2354 4898 2673 4954 substantia:
2687 4913 2811 4952 cum
2833 4898 3008 4953 altera
3027 4906 3222 4953 natura
3239 4899 3623 4969 adjunctarum
3642 4915 3659 4967 ;

2076 4990 2285 5046 nullam
2328 4995 2512 5045 autem
2560 5004 2626 5044 ex
2656 4988 2773 5043 suis
2803 4988 3029 5043 aatemis
3056 4988 3496 5058 proprietatibus
3528 5004 3661 5058 per-

2077 5082 2241 5149 didit,
2284 5082 2414 5152 quia
2443 5089 2662 5136 teternre
2689 5087 2892 5146 erant;
2944 5078 3041 5134 sed
3084 5087 3214 5133 sunt
3253 5080 3503 5147 quaedam
3538 5081 3661 5136 aliae

2078 5188 2202 5242 quae
2248 5170 2457 5241 augeri,
2494 5186 2606 5225 non
2642 5169 2817 5223 minui
2861 5179 3131 5238 possunt;
3169 5170 3318 5239 quod
3347 5170 3497 5224 enim
3528 5170 3662 5224 sim-

2077 5264 2460 5336 plicissimum,
2513 5270 2576 5317 ut
2606 5271 2691 5317 est
2716 5263 2953 5333 signum,
2990 5263 3179 5333 augeri
3216 5270 3400 5332 potest
3433 5278 3530 5333 per
3555 5263 3658 5317 ad—

2077 5356 2276 5421 ditum,
2316 5354 2492 5410 minui
2526 5362 2710 5408 autem
2742 5362 2999 5423 tanquam
3035 5353 3285 5408 inﬁmum
3318 5370 3504 5409 rerum
3533 5371 3661 5425 qua:

2078 5448 2329 5518 partibus
2379 5451 2639 5501 constant
2693 5460 2805 5501 non
2862 5454 3068 5514 potest,
3127 5446 3258 5516 quia
3311 5458 3497 5517 partes
3546 5461 3660 5504 non
3738 5490 3745 5495 ς

2079 5538 2264 5594 habet.

2671 5734 2822 5791 CAP.
2874 5737 3057 5795 XLIII.

2153 5828 2210 5886 Si
2257 5828 2509 5884 Christus
2547 5830 2689 5887 Deus
2747 5830 2911 5885 simul
2955 5842 3011 5886 et
3041 5832 3207 5887 homo
3266 5843 3372 5898 cst,
3416 5832 3653 5888 manife-
