4116 6488
414 422 551 487 1503

1644 412 1954 473 LEONTII
1994 410 2400 472 ΒΥΖΛΝΤΙΝΙ

3557 385 3690 452 15114

410 552 529 596 tum
578 546 664 592 est
711 533 989 591 Christum
1044 531 1318 601 imperare
1367 529 1531 583 simul
1577 536 1633 583 et
1666 528 1897 582 servire.
1936 527 1990 580 Si

2111 528 2231 595 ipou
2260 522 2513 586 δεσπόζει
2543 519 2639 573 καὶ
2666 514 2986 579 δεσπόζεται
3008 513 3038 563 6
3057 509 3311 581 Χριστός.
3347 508 3409 562 ΕΞ
3444 509 3499 561 δὲ
3522 509 3555 577 ή
3574 507 3687 560 δια-

410 646 546 686 vero
576 644 686 683 non
730 634 817 682 est
868 627 922 679 in
952 624 1174 678 Christo
1201 620 1487 675 distinctio
1522 619 1669 674 inter
1706 618 1999 687 imperium

410 730 470 777 et
503 719 809 781 servitium,
838 718 917 769 sic
950 715 1163 768 tollitur
1204 711 1521 767 differentia
1572 710 1716 764 inter
1736 710 1909 763 Deum
1945 716 2003 762 et

413 812 710 868 hominem.
752 809 927 863 Simul
959 806 1184 877 quidem
1218 814 1275 859 et
1317 806 1373 858 in
1421 802 1614 858 eadem
1646 817 1881 871 persona
1916 817 2004 855 se-

413 902 653 957 cundum
678 901 986 955 naturalem
1011 913 1165 952 suam
1194 895 1571 951 conditionem
1593 893 1768 948 servit
1805 908 2001 963 usque-

416 994 547 1047 dum
607 993 903 1062 impleatur
953 989 1237 1043 humilitas
1268 1002 1391 1057 qute
1444 985 1510 1040 ad
1563 985 2003 1054 redemptionem

416 1084 686 1155 pertinet;
723 1082 840 1145 sed,
867 1082 913 1135 si
948 1081 1120 1141 idem,
1149 1095 1259 1133 non
1292 1080 1347 1132 in
1379 1076 1587 1132 eisdem
1610 1076 1697 1130 sui
1722 1076 2001 1146 partibus:

418 1185 614 1230 natura
662 1175 810 1229 enim
867 1171 1053 1227 carnis
1106 1186 1219 1225 sum
1244 1170 1422 1224 Pilato
1451 1168 1643 1232 servit,
1679 1178 1876 1222 natura
1902 1182 2005 1220 au-

419 1276 527 1320 tem
565 1262 727 1319 Verbi
783 1262 1052 1325 omnium,
1097 1269 1153 1315 et
1193 1261 1358 1314 etiam
1403 1259 1709 1313 cmlestium
1743 1257 2009 1312 Dominus

420 1366 506 1412 est
534 1354 825 1420 Christus;
880 1363 1161 1424 postremo
1210 1363 1416 1416 autem,
1468 1350 1772 1405 secundum
1817 1350 2010 1404 huma-

420 1449 647 1502 nitatem
669 1447 833 1501 etiam
864 1446 998 1500 dicit
1033 1462 1046 1498 :
1084 1445 1267 1507 «Data
1290 1452 1373 1498 est
1408 1442 1538 1497 mihi
1564 1442 1745 1497 omnis
1769 1452 2012 1512 potestas

419 1535 479 1593 in
506 1538 645 1591 caelo
675 1544 731 1591 et
755 1536 809 1589 in
836 1543 1000 1589 terra.
1043 1553 1062 1584 ι

1023 1645 1177 1701 CAP.
1226 1642 1412 1699 XLIV.

492 1762 550 1819 Si
572 1762 735 1818 simul
794 1762 940 1817 Deus
983 1770 1040 1815 et
1078 1762 1245 1814 homo
1275 1760 1555 1823 Christus,
1577 1758 1771 1813 eodem
1801 1758 2012 1812 honore

2104 618 2249 688 φορά
2269 616 2366 671 τοῦ
2388 613 2675 675 δεσπόζειν
2696 608 2900 664 καὶτοῦ
2918 604 3281 668 δεσπόζεσθαι
3300 604 3357 655 ὲν
3373 601 3452 671 τῷ
3469 600 3692 673 Χριστῷ

2102 711 2204 763 οὑκ
2248 707 2399 772 ἔστι,
2452 704 2547 759 καὶ
2591 701 2730 756 Θεοῦ
2780 700 2889 773 ἄρα
2932 700 3028 752 καὶ
3063 694 3355 766 ἀνθρώπου
3386 692 3692 760 ἀναιρεῖται

2104 801 2138 869 ή
2171 797 2429 868 διαφορά.
2483 795 2595 848 Ka't
2625 792 2735 864 γὰρ
2770 790 2908 862 ὁμοῦ
2940 790 3036 843 καί⁵
3065 790 3123 840 ὲν
3148 784 3335 855 ταυτῷ
3361 782 3691 844 δεσπόζεται

2102 894 2169 962 τῇ
2211 891 2416 959 φυσικῇ
2452 886 2608 951 τάξει
2657 885 2765 947 ἓως
2802 879 3256 953 συμπληρώσεως
3291 877 3391 945 τῆς
3422 873 3568 927 κατὰ
3590 874 3693 943 τὴν

2104 981 2422 1051 οἰκονομίαν
2454 976 2866 1039 ταπεινώσεωςο
2915 972 3033 1027 ἀλλ’
3065 972 3127 1025 οὑ
3162 970 3304 1024 κατὰ
3327 966 3389 1021 τὸ
3416 966 3549 1019 αὑτὸ
3581 965 3692 1019 τῶν

2106 1072 2272 1127 αὑτοῦ
2329 1070 2518 1142 μερῶν
2569 1070 2597 1121 ό
2640 1067 2827 1130 αὑτός.
2880 1066 2960 1137 Τῇ
3012 1064 3121 1134 γὰρ
3156 1057 3318 1130 φύσεί
3357 1060 3457 1129 τῆς
3489 1057 3695 1129 σαρκὸς

2107 1165 2307 1229 αὑτοῦ,
2364 1165 2462 1217 καὶ
2504 1163 2611 1216 ὑπὸ
2640 1160 2877 1215 Πιλάτου
2908 1156 3238 1221 δεσπόζεται
3264 1170 3277 1184 ·
3338 1156 3406 1224 τῇ
3439 1152 3498 1205 δὲ
3532 1151 3697 1221 φύσει

2107 1260 2202 1313 τοῦ
2258 1260 2316 1311 ἐν
2361 1256 2512 1327 αὑτῷ
2561 1255 2736 1323 Λόγου
2798 1252 3062 1315 πάντων,
3119 1248 3215 1302 καὶ
3267 1245 3378 1300 τῶν
3426 1245 3697 1317 οὐρανίων

2108 1352 2136 1403 6
2160 1349 2319 1411 αὑτὸς
2352 1346 2598 1419 κυριεύει
2628 1344 2864 1410 Χριστός
2887 1360 2909 1373 '
2955 1341 3183 1412 ὕστερον
3211 1338 3269 1393 δὲ
3311 1339 3407 1392 καὶ
3449 1337 3593 1391 κατά
3634 1335 3698 1390 τὸ

2109 1440 2446 1513 ἀνθρώπινον
2463 1439 2594 1509 φησί
2609 1454 2654 1490 ⁸(
2678 1436 2870 1507 Ἐδόθη
2891 1453 2982 1508 μοι
2999 1435 3148 1488 πᾶσα
3166 1430 3384 1498 ἐξουσία
3406 1432 3462 1483 ὲν
3482 1429 3699 1503 οὐρανῷ

2109 1536 2202 1588 καὶ
2238 1534 2330 1587 ἐπὶ
2353 1533 2475 1602 γῆς.
2518 1552 2536 1584 ι

2687 1642 2940 1698 ΚΕΦΑΛ.
2973 1642 3107 1696 ΜΔ’.

2183 1759 2245 1811 Ei
2285 1758 2426 1828 ὁμοῦ
2463 1758 2595 1821 Θεὸς
2625 1758 2723 1811 καὶ
2749 1757 3037 1828 ἅνθρωπος
3062 1759 3090 1809 6
3115 1755 3352 1828 Χριστὸς
3374 1795 3390 1819 ,
3424 1755 3698 1826 ὁμότιμος

422 1854 625 1924 dignus
670 1854 833 1907 homo
875 1862 1040 1921 atque
1077 1852 1258 1916 Deus;
1312 1851 1410 1905 sed
1462 1851 1507 1905 si
1550 1850 1745 1905 eodem
1795 1849 2007 1903 honore

2111 1851 2219 1923 ἄρα
2260 1853 2289 1904 6
2332 1852 2623 1924 ἄνθρωπος
2655 1852 2732 1922 τῷ
2757 1851 2879 1922 Θεῷ
2902 1868 2918 1883 ο
2976 1852 3026 1904 εί
3055 1851 3114 1905 δὲ
3150 1850 3225 1923 μὴ
3251 1850 3515 1921 ὁμότιμος
3543 1852 3571 1904 6
3597 1850 3695 1905 άν-

421 1956 587 2017 atque
624 1946 770 2000 Deus
798 1961 908 2000 non
941 1955 1027 2000 est
1074 1944 1279 2015 dignus
1316 1944 1506 2006 homo,
1551 1942 1752 1997 merito
1793 1942 2007 2011 respuit

421 2036 706 2107 Egyptius
729 2035 1108 2090 adorationem
1131 2051 1146 2100 ;
1172 2034 1218 2088 si
1241 2042 1426 2087 autem
1451 2032 1671 2103 dignus,
1698 2031 2009 2085 necessario

422 2128 707 2192 aduratur,
731 2136 788 2181 et
814 2127 982 2197 impie
1012 2126 1177 2181 docet
1198 2124 1505 2196 Egyptius.
1535 2122 2008 2191 Quemadmodum

424 2234 551 2273 cum
601 2219 897 2273 adoramus
949 2219 1118 2273 Deum
1149 2226 1212 2272 ut
1239 2216 1574 2272 adorandam
1599 2224 1875 2279 naturam,
1898 2231 2009 2269 non

424 2320 512 2367 est
558 2326 698 2381 opus
722 2310 930 2381 triplici
974 2310 1297 2365 adoratione
1332 2317 1445 2364 tres
1482 2308 1697 2363 divinas
1744 2322 2010 2376 personas

424 2403 678 2465 adorare,
726 2403 823 2458 sed
869 2418 979 2457 una
1033 2410 1248 2456 tantum
1279 2400 1599 2455 adoratione
1633 2398 1896 2453 aduratur
1922 2406 2009 2451 to-

424 2494 610 2548 talitas
653 2493 747 2548 Dei
802 2502 1001 2548 natura
1044 2492 1335 2557 adorandi,
1382 2492 1459 2546 ita
1501 2499 1586 2546 est
1623 2498 1893 2560 quantum
1941 2487 2009 2543 ad

425 2585 911 2649 incarnationem;
958 2583 1003 2636 si
1057 2583 1125 2637 ad
1180 2597 1476 2652 personam
1528 2579 1692 2636 Verbi
1740 2580 2010 2635 incarnati

425 2675 804 2731 adorationem
829 2674 1144 2730 referimus.
1174 2690 1285 2728 non
1310 2682 1395 2728 est
1423 2672 1797 2728 necessarium
1824 2671 2011 2726 dicere

423 2767 573 2837 quod
626 2767 731 2822 hoc
784 2768 839 2821 in
889 2766 1113 2822 Christo
1166 2767 1251 2821 vel
1289 2767 1422 2821 illud
1468 2766 1751 2831 aduratur,
1785 2765 1881 2822 sed
1913 2780 2012 2836 per

424 2857 809 2911 adorationem
865 2855 1036 2910 unius
1092 2870 1377 2925 personae,
1432 2871 1542 2909 una
1591 2854 1777 2919 Verbi,
1844 2856 2011 2910 etiam

426 2944 721 3008 incarnati,
786 2960 1021 3015 persona
1080 2944 1363 3009 aduratur,
1414 2945 1459 2998 si
1502 2944 1702 2998 adoras
1757 2955 2009 2999 naturam

425 3036 613 3101 Verbi,
647 3037 865 3091 Patrem
895 3052 1121 3106 quoque
1167 3044 1225 3090 et
1272 3036 1543 3106 Spiritum
1577 3047 1828 3091 sanctum
1865 3038 1921 3092 in
1946 3053 2013 3092 eo

425 3128 661 3194 adoras;
717 3128 811 3182 ubi
851 3137 1036 3183 autem
1087 3128 1249 3183 Pater
1307 3138 1362 3183 et
1402 3127 1645 3198 Spiritus
1684 3130 1739 3183 in
1785 3129 2012 3184 adorata

425 3222 651 3277 Unitate
702 3222 1071 3276 intenduntur
1111 3264 1127 3287 ,

424 3327 556 3368 caro
585 3328 653 3369 eo
695 3312 860 3367 modo
894 3320 955 3365 ut
993 3312 1257 3366 adoretur
1306 3321 1565 3381 tanquam
1614 3311 1680 3366 ad
1729 3312 2007 3368 Unitatem

425 3404 729 3474 pertinens.
756 3404 990 3474 Oportet
1036 3420 1171 3474 ergo
1204 3403 1382 3458 tribus
1406 3404 1710 3473 :cqualibus
1738 3404 2015 3458 adoratio-

425 3490 592 3551 nibus
646 3504 761 3550 tres
812 3494 1030 3549 divinas
1078 3510 1345 3564 personas
1390 3495 1620 3549 adorare
1657 3512 1669 3549 :
1700 3494 1886 3549 divina
1911 3510 2011 3548 au-

426 3596 537 3642 tem
597 3602 749 3652 caro,
805 3587 935 3657 quia
991 3602 1183 3642 carum
1234 3586 1537 3652 divinitati,
1592 3587 1869 3657 particeps
1926 3596 2012 3642 est

424 3690 621 3735 natura
676 3679 977 3733 secundum
1032 3694 1347 3749 personam,
1396 3678 1659 3733 videlicet
1708 3694 1899 3733 earum
1953 3679 2009 3734 in

425 3787 536 3825 una
576 3770 996 3839 comprehensa,
1053 3778 1110 3824 ct
1159 3785 1316 3824 sacra
1365 3769 1669 3823 divinitatis
1723 3769 1777 3822 in
1830 3778 2004 3838 poste-

426 3876 550 3915 rum
586 3861 816 3929 recepit,
870 3860 1146 3914 adoranda
1193 3870 1281 3915 est
1339 3859 1393 3912 in
1442 3859 1582 3913 Filio
1632 3875 1776 3924 uno;
1814 3859 1870 3913 in
1911 3876 2011 3913 no-

426 3952 575 4006 mine
625 3951 772 4005 enim
803 3952 932 4007 Jesu
966 3967 1130 4006 omne
1168 3968 1308 4022 genu
1338 3951 1627 4019 ﬂectetur;
1665 3951 1792 4022 quia
1829 3954 1879 4007 ei
1909 3954 2009 4008 da-

426 4052 545 4098 tum
578 4052 664 4097 est
694 4058 898 4097 nomen
949 4043 1096 4113 quod
1145 4052 1225 4098 est
1277 4059 1443 4112 super
1485 4060 1649 4098 omne
1680 4059 1903 4110 nomen,
1955 4044 2009 4099 id

426 4143 514 4190 est
560 4134 887 4197 divinitatis,
916 4134 1243 4189 naturaliter
1271 4143 1359 4189 est
1391 4134 1760 4197 adorandum,
1790 4144 2008 4190 servata

426 4226 649 4297 quidem
705 4227 943 4281 naturali
996 4226 1317 4281 diversitate
1350 4227 1471 4296 ejus
1524 4226 1618 4296 qui
1651 4226 1872 4296 propria
1908 4242 2009 4280 na-

428 4317 625 4373 turalia
653 4317 877 4371 donavit
902 4326 957 4372 et
978 4318 1097 4387 ejus
1119 4316 1212 4386 qui
1239 4317 1479 4371 donatus
1501 4326 1607 4381 est,
1631 4325 1687 4371 et
1719 4316 1999 4371 divinitati

427 4414 485 4462 et
531 4405 905 4461 divinisantis.

1037 4531 1188 4587 CAP.
1230 4531 1394 4587 XLV.

2110 1944 2328 2015 θρωπος
2352 1944 2434 2015 τῷ
2460 1944 2605 2015 Θεῷ,
2636 1944 2862 2008 δικαίως
2888 1944 3175 1998 διαϐάλλει
3207 1946 3235 1998 6
3261 1943 3564 2012 Αἰγύπτιος
3595 1944 3697 2015 τήν

2112 2036 2604 2107 συμπροσκύνησιν
2628 2051 2644 2068 ⁸
2683 2038 2735 2090 εί
2762 2036 2819 2089 δὲ
2854 2036 3145 2107 ὁμότιμος,
3181 2035 3240 2103 ἐξ
3269 2036 3522 2108 ἀνάγκης
3552 2053 3697 2105 συμ-

2110 2130 2526 2198 προσκυνεῖται,
2555 2128 2651 2182 καὶ
2677 2128 2867 2181 άσεϐεῖ
2894 2128 2923 2179 6
2950 2126 3511 2198 Αίγύπτιος.Ὥσπερ
3534 2128 3700 2199 ἡνίκα

2109 2218 2184 2282 ὡς
2215 2218 2380 2288 φύσιν
2409 2222 2797 2291 προσκυνητὴν
2824 2218 3243 2290 προσκυνοῦμεν
3273 2219 3427 2281 Θεὸν,
3449 2220 3509 2272 οὑ
3536 2219 3701 2288 χρεία

2109 2307 2259 2377 τρισὶ
2318 2308 2749 2379 προσκυνήμασι
2814 2309 2914 2371 τὰς
2963 2310 3116 2379 τρεῖς
3166 2307 3319 2372 θείας
3366 2308 3700 2373 ὑποστάσεις

2112 2402 2484 2470 προσκυνεῖν,
2544 2399 2684 2453 ἀλλὰ
2739 2401 2842 2470 μιᾷ
2876 2401 3250 2470 προσκυνήσει
3296 2400 3553 2472 ήόλότης
3598 2399 3699 2453 τοῦ

2112 2488 2490 2559 προσκυνητοῦ
2521 2486 2657 2543 Θεοῦ
2693 2489 2852 2557 φύσει
2884 2488 3327 2560 προσκεκύνηται
3347 2529 3362 2553 ,
3394 2488 3571 2553 οὕτως
3602 2488 3700 2542 ἐπὶ

2112 2580 2216 2649 τῆς
2248 2580 2564 2651 οἰκονομίας
2588 2597 2603 2613 ο
2661 2582 2713 2634 εί
2738 2581 2814 2645 ὡς
2841 2581 3142 2635 ὑποστάσει
3173 2584 3240 2652 τῇ
3272 2580 3370 2635 τοῦ
3397 2581 3572 2649 Λόγου
3600 2580 3698 2635 τοῦ

2115 2671 2544 2744 σεσαρκωμένου
2568 2672 2944 2744 προσάγοιμεν
2964 2672 3063 2745 τὴν
3085 2671 3479 2745 προσκύνησιν,
3497 2672 3559 2725 οὑ
3576 2673 3698 2726 δέον

2111 2782 2165 2817 τι
2196 2763 2375 2833 λέγειν
2401 2763 2590 2835 ἕτερον
2612 2764 2787 2835 ἑτέρῳ
2809 2765 3353 2837 συμπροσκυνεῖσθαι
3375 2767 3432 2818 ὲν
3449 2765 3694 2836 Χριστῷ,

2113 2856 2252 2910 ἀλλὰ
2302 2857 2435 2923 μιᾶς
2487 2855 2843 2920 ὑποστάσεως
2896 2858 3270 2930 προσκυνήσει
3318 2858 3586 2928 τιμᾶσθαι
3632 2860 3700 2912 τὸ

2113 2951 2208 3004 τοῦ
2239 2950 2417 3018 Λόγου
2449 2948 2743 3020 πρόσωπον
2774 2948 2854 3013 ἒν,
2889 2950 2938 3002 εί
2971 2949 3067 3003 καὶ
3098 2949 3443 3020 σεσάρκωται
3463 2966 3477 2979 '
3514 2951 3562 3002 εί
3595 2950 3699 3019 μέν

2112 3062 2195 3100 τοι
2245 3043 2323 3107 ὡς
2373 3042 2537 3111 φύσιν
2586 3043 2918 3112 προσκυνεῖς
2963 3041 3063 3111 τὴν
3105 3041 3201 3094 τοῦ
3245 3042 3452 3110 Λόγου,
3492 3042 3584 3097 καὶ
3617 3039 3700 3109 τῷ

2115 3134 2293 3206 Πατρὶ
2323 3137 2651 3205 προσκυνεῖς
2690 3135 2747 3186 ὲν
2782 3133 2935 3204 αὐτῷ
2968 3133 3065 3187 καὶ
3092 3132 3171 3204 τῷ
3199 3133 3515 3204 Πνεύματι·
3564 3133 3699 3189 ἔνθα

1188 3221 1265 3276 ibi
1348 3237 1460 3275 non
1520 3222 2008 3291 comprehenditur

2113 3227 2171 3281 δὲ
2220 3226 2412 3297 Πατὴρ
2468 3226 2562 3279 καὶ
2610 3225 2840 3295 Πνεῦμα
2888 3225 3242 3296 ὲνθεωρεῖται
3282 3229 3349 3297 τῇ
3382 3226 3586 3280 Μονάδι
3624 3230 3695 3298 τῇ

2116 3318 2611 3391 προσκυνουμένῃ,
2665 3315 2803 3388 σὰρξ
2846 3317 2973 3387 τῇδε
3018 3318 3079 3370 οὑ
3122 3318 3573 3389 συμπεριέχεται,
3607 3320 3700 3373 ἵνα

2114 3412 2208 3464 καὶ
2256 3410 2332 3473 ὡς
2379 3409 2545 3480 τῆσδε
2590 3404 2724 3462 οὖσα
2762 3409 2862 3478 τῆς
2893 3408 3138 3472 Μονάδος
3171 3410 3697 3481 συμπροσκυνῆται.

2115 3502 2245 3555 Δέον
2270 3496 2365 3555 οὖν
2377 3502 2525 3573 τρισὶ
2555 3500 2655 3571 μὲν
2680 3499 2967 3571 ὁμοτίμοις
2996 3500 3404 3573 προσκυνήσεσι
3427 3501 3527 3565 τὰς
3547 3503 3700 3572 τρεῖς

2113 3590 2443 3654 ὑποστάσεις
2476 3588 2577 3653 τὰς
2608 3588 2762 3653 θείας
2797 3590 3162 3659 προσκυνεῖνο
3198 3591 3267 3658 τῇ
3302 3586 3421 3658 θεία
3448 3587 3505 3642 δὲ
3532 3589 3700 3657 σαρκὶ

2110 3684 2186 3747 ὡς
2235 3680 2606 3751 συνθεωθείσῃ
2655 3680 2849 3743 αὑταῖς
2889 3678 3013 3733 καθ’
3045 3678 3343 3733 ὑπόστασιν
3385 3677 3565 3745 φύσει,
3599 3678 3700 3732 άτε

2112 3776 2171 3828 εν
2222 3774 2323 3845 μιᾷ
2354 3772 2523 3826 τῶνδε
2576 3770 2985 3842 περιεχομένῃ,
3045 3770 3142 3823 καὶ
3190 3770 3258 3823 τὰ
3302 3768 3401 3839 τῆς
3443 3768 3700 3839 θεότητος

2114 3864 2235 3936 ίερὰ
2274 3864 2461 3917 λοιπὸν
2508 3861 2954 3933 προσδεχομένη,
2998 3861 3523 3931 συμπροσκυνητέον
3555 3861 3703 3914 κατὰ

2110 3958 2201 4012 τὸν
2229 3958 2327 4012 ἓνα
2355 3956 2483 4010 Υίόν
2502 3971 2517 3985 ·
2552 3958 2610 4009 ὲν
2638 3957 2749 4026 γάρ
2776 3953 2854 4026 τῷ
2882 3954 3108 4022 ὀνόματι
3138 3952 3316 4024 Ἰησοῦ
3347 3953 3557 4024 κάμψει
3588 3953 3702 4007 πᾶν

2112 4052 2241 4120 γόνυ
2259 4067 2275 4083 ο
2312 4051 2436 4105 ἐπεὶ
2465 4050 2561 4103 καὶ
2587 4048 2736 4119 αὑτῷ
2769 4048 3102 4119 κεχάρισται
3129 4047 3299 4118 δνομα
3327 4049 3389 4101 τὸ
3419 4049 3561 4118 ὑπὲρ
3591 4050 3702 4100 πᾶν

2110 4143 2319 4212 ὄνομα,
2374 4142 2544 4213 ήγουν
2596 4141 2658 4193 τὸ
2700 4141 2799 4211 τῆς
2844 4140 3133 4209 θεότητος,
3170 4139 3331 4209 φύσει
3361 4138 3421 4193 ὃν
3453 4157 3700 4211 προσκυ-

2113 4234 2311 4306 νητόν·
2374 4232 2792 4304 φυλαττομένης
2843 4233 2944 4302 τῆς
2992 4233 3257 4303 διαφορᾶς
3297 4233 3398 4303 τῆς
3438 4233 3699 4304 φυσικῆς,

2114 4328 2208 4379 καὶ
2234 4324 2407 4387 οὕτως
2446 4324 2540 4401 τοῦ
2567 4325 2941 4395 χαρισαμένου
2972 4324 3041 4378 τὰ
3070 4323 3179 4376 ίδια
3202 4324 3411 4393 φυσικὰ
3443 4324 3581 4395 πρὸς
3606 4324 3703 4377 τὸν

2112 4418 2488 4489 λαμϐάνοντα,
2534 4417 2630 4470 καὶ
2658 4416 2752 4471 τοῦ
2782 4416 3080 4481 θεωθέντος
3113 4417 3251 4490 πρὸς
3279 4416 3369 4472 τὸν
3394 4418 3698 4472 θεὼσαντα.

2705 4529 2960 4584 ΚΕΦΑΛ.
2994 4528 3132 4583 ΜΕ’.

499 4625 559 4681 Si
594 4639 728 4681 caro
759 4640 869 4680 non
894 4633 980 4679 est
1001 4624 1288 4696 cujusdam
1313 4624 1519 4680 diversi
1546 4640 1575 4680 a
1599 4626 1780 4681 Verbo
1810 4636 2006 4683 natura

2188 4626 2250 4679 Ei
2284 4627 2316 4698 ή
2350 4626 2511 4696 φύσει
2544 4625 2684 4698 σάρξ
2716 4626 2817 4680 οὑκ
2847 4624 2995 4678 ἐστιν
3025 4624 3215 4696 ἑτέρου
3242 4624 3390 4688 τινὸς
3421 4626 3575 4694 παρὰ
3606 4623 3704 4678 τὸν

316 4728 319 4731 ·
427 4715 562 4779 Deo,
592 4713 689 4768 sed
713 4721 799 4768 est
822 4713 985 4768 Verbi
1015 4713 1135 4778 Dei,
1170 4713 1461 4769 manifeste
1487 4714 1553 4768 ad
1578 4714 1744 4767 alium
1770 4717 2012 4785 pertinet

428 4822 558 4863 caro
582 4819 745 4872 quam
781 4804 849 4859 ad
886 4804 1127 4861 Verbum
1162 4804 1433 4859 naturalis
1459 4804 1786 4860 divinitatis.
1822 4807 2015 4863 Diver-

427 4911 504 4950 εει»
544 4894 767 4965 quidem
798 4902 1012 4948 natura:
1042 4902 1149 4959 est,
1181 4894 1277 4949 sed
1304 4894 1373 4948 ad
1410 4909 1699 4965 personam
1750 4897 2010 4966 pertinet.

428 4980 671 5042 Verbum
713 4986 862 5042 enim
911 4986 1068 5058 prius
1113 4987 1233 5042 sine
1267 5002 1454 5052 carne,
1483 5002 1633 5042 nunc
1668 4987 2013 5046 incarnatum

411 5078 780 5136 conﬁtemur.

1024 5188 1181 5245 CAP.
1228 5189 1414 5245 XLVI.

500 5293 557 5349 Si
594 5294 755 5364 plene
804 5291 1026 5362 recipis,
1071 5290 1344 5361 Egyptie,
1384 5290 1626 5345 divinam
1668 5291 1765 5347 Dei
1813 5292 1867 5346 in
1907 5292 2011 5347 ho-

425 5387 579 5441 mine
634 5384 1061 5446 habitationem,
1092 5399 1276 5439 cesses
1319 5382 1593 5438 afﬁrmare
1620 5384 1715 5439 Dei
1746 5394 1802 5439 et
1830 5385 2012 5440 carnis

427 5479 734 5537 secundum
777 5493 1067 5549 personam
1111 5478 1373 5535 unionem
1411 5497 1423 5532 :
1481 5495 1539 5534 se
1588 5479 1736 5534 enim
1773 5480 2007 5535 invicem

420 5571 730 5626 excludunt
785 5570 1051 5625 habitatio
1109 5580 1166 5625 et
1212 5570 1515 5625 secundum
1570 5586 1860 5639 personam
1911 5588 2011 5627 na-

424 5664 630 5719 =tnralis
680 5664 835 5718 unio.
895 5664 951 5718 Si
1010 5665 1316 5733 personalis
1359 5664 1640 5720 diceretur
1690 5666 1854 5721 etiam
1909 5666 2007 5720 ha.

422 5754 649 5817 ’hitatio,
693 5755 746 5808 id
781 5764 885 5821 est,
912 5770 1162 5824 personae
1190 5756 1242 5809 in
1271 5772 1503 5825 persona
1535 5756 1821 5818 habitatio,
1860 5766 2008 5811 recte

421 5845 743 5913 iiaquereris
774 5863 786 5898 ε
818 5846 962 5900 sicut
997 5845 1057 5899 ﬁt
1086 5856 1142 5901 et
1171 5845 1263 5911 dc,
1296 5846 1432 5917 legis
1466 5846 1669 5901 tabulis
1705 5863 1828 5917 quae
1851 5862 2008 5917 sepa-

2114 4719 2247 4773 Θεδν
2286 4718 2460 4787 Λόγον
2508 4715 2692 4786 φύσει,
2730 4716 2868 4770 ἀλλὰ
2899 4715 2993 4769 τοῦ
3023 4714 3159 4769 Θεοῦ
3195 4715 3370 4784 Λόγου
3393 4756 3409 4781 ,
3451 4714 3705 4784 δηλονότι

2117 4810 2303 4881 έτέρου
2334 4810 2511 4879 Λόγου
2545 4807 2664 4862 εστὶ
2696 4809 2737 4878 ή
2766 4806 2904 4877 σὰρξ
2939 4808 3090 4878 παρὰ
3124 4806 3215 4859 τὸν
3245 4809 3450 4877 φυσικῇ
3483 4806 3704 4877 θεότητι

2115 4906 2308 4972 Λόγον.
2354 4902 2578 4972 Ἐτέρας
2609 4900 2710 4970 μὲν
2740 4899 2957 4970 φύσεως
2988 4900 3138 4952 ἐστὶν
3160 4939 3175 4963 ,
3226 4898 3365 4952 ἀλλὰ
3395 4898 3490 4951 τοῦ
3522 4915 3699 4968 προσ-

2117 4992 2367 5048 ώπου.’0
2420 4992 2594 5061 Λόγος
2635 4990 2744 5064 γὰρ
2776 4990 3022 5061 άσαρκος
3051 4990 3239 5053 πάλαι,
3279 4989 3375 5044 νῦν
3403 4990 3461 5043 δὲ
3492 5006 3700 5060 σεσαρ-

2122 5085 2367 5155 κωμένος
2393 5084 2767 5156 ὡμολόγηται.

2686 5192 2940 5247 ΚΕΦΛΛ.
2976 5192 3127 5259 Μετ’.

2191 5300 2254 5353 Εἰ
2301 5300 2439 5364 ὅλως
2471 5300 2736 5370 ἀποδέχῃ,
2771 5292 2817 5352 ὦ
2848 5298 3136 5368 Αἰγύπτιε,
3173 5297 3310 5352 Θεοῦ
3341 5299 3399 5352 ἐν
3428 5297 3705 5370 ἀνθρώπῳ

2120 5391 2271 5444 θείαν
2294 5391 2587 5459 ἐνοίκησιν,
2606 5389 2816 5444 παῦσαι
2841 5389 2977 5443 Θεοῦ
3006 5388 3100 5441 καὶ
3128 5388 3329 5459 σαρκὸς
3355 5386 3705 5457 δογματίζων

2118 5482 2219 5552 τὴν
2248 5481 2370 5535 καθ’
2400 5482 2700 5535 ὑπόστασιν
2726 5482 2923 5535 ἕνωσιν
2944 5497 2959 5511 ο
3018 5479 3266 5549 ἀλλήλων
3292 5480 3402 5551 γάρ
3430 5482 3569 5533 είσιν
3601 5480 3703 5532 άν-

2118 5572 2391 5641 αιρετικαὶ
2438 5573 2471 5641 ἠ
2505 5572 2779 5640 ὲνοίκησις
2810 5571 2903 5626 καὶ
2932 5573 2966 5641 ή
2998 5571 3120 5623 καθ’
3148 5571 3453 5624 ὑπόστασιν
3486 5572 3698 5641 φυσικὴ

2118 5664 2332 5727 ἓνωσις.
2411 5666 2475 5717 Εἰ
2533 5665 2872 5737 ὑποστατικὴ
2920 5665 3133 5731 λέγοιτο
3186 5663 3283 5717 καὶ
3335 5663 3368 5732 ἡ
3420 5663 3703 5733 ένοίκησις

2118 5758 2284 5826 ἤγουν
2315 5757 2390 5820 ὡς
2416 5758 2765 5821 ὑποστάσεως
2796 5758 2876 5822 εἰς
2908 5758 3209 5811 ὑπόστασιν
3241 5755 3584 5824 ὲνοικούσης,
3610 5754 3700 5807 ὃν⁴

2116 5862 2223 5910 τως
2255 5848 2360 5916 φής
2379 5864 2393 5877 ·
2448 5846 2637 5917 ὥσπερ
2665 5848 2758 5900 καὶ
2791 5847 2884 5901 ἐπὶ
2912 5847 3020 5901 τῶν
3046 5844 3169 5900 καθ’
3194 5843 3365 5908 αὑτάς
3396 5844 3494 5915 μὲν
3516 5843 3701 5913 ῦπαρ-
