4116 6450
366 373 387 438 1
399 375 507 440 505

1359 373 1759 436 ADVERSUS
1800 371 2351 435 NESTORIANOS.
2381 398 2450 431 τ·-
2480 372 2626 433 LIB.
2674 372 2721 432 Ι.

3514 371 3656 437 1506

363 486 577 560 χουσῶν
623 485 852 539 πλακῶν
894 483 989 539 τοῦ
1033 484 1200 557 νόμου
1238 484 1762 558 ἰδιοπεριγράπτως,
1793 501 1955 555 περισ

2069 483 2222 538 ratim
2278 492 2410 539 sunt
2456 481 2759 553 inscriptae,
2821 480 2919 538 sed
2977 479 3141 535 simul
3195 478 3250 535 in
3290 494 3417 534 arca
3472 482 3657 536 conti-

364 576 801 650 λαμὸανομένων
833 575 892 629 δὲ
924 575 1194 630 πάντοθεν
1229 576 1336 629 ὑπὸ
1365 578 1464 645 τῆς
1492 574 1731 629 κιϐωτοῦ
1754 615 1770 639 ,
1807 574 1921 644 ἔχει
1939 615 1951 626 .

369 670 427 724 Ei
482 669 540 723 δὲ
601 668 836 738 οὑσιακῇ
893 665 1093 741 ὲνώσει
1142 664 1475 738 καθορῶμεν
1532 665 1633 737 τὴν
1683 666 1960 734 ἐνοίκησιν

365 762 556 833 ῶσπερ
603 763 633 815 6
674 759 851 830 λέγων
888 760 1019 830 περὶ
1054 760 1154 829 τῆς
1189 759 1389 812 ἑαυτοῦ
1416 757 1622 829 ψυχῆς,
1657 757 1740 811 ὅτι
1768 755 1960 826 ἐξῆλθε

369 856 463 910 καὶ
510 852 756 923 ἀπῆλθεν
804 852 901 906 ἀπ’
934 851 1069 922 ἐμοῦ
1122 851 1315 923 ῶσπερ
1359 853 1388 905 6
1430 849 1719 905 καταλύων
1750 847 1960 919 σκηνὴν

367 949 579 1020 πήξας,
626 947 742 1011 πῶς
775 946 1052 1002 κωλύεται
1085 951 1118 1019 ἠ
1150 949 1273 1004 καθ’
1305 949 1608 1002 ὑπόστασιν
1640 947 1835 1010 ἓνωσις
1867 944 1961 998 ἐπὶ

380 1038 628 1103 Ἐζεκίου
678 1037 951 1102 νοεῖσθαι,
1008 1037 1231 1106 φύσεως
1267 1039 1428 1108 φύσει
1462 1035 1825 1104 ἑνοικούσης;
1862 1034 1960 1088 ἀν-

370 1130 591 1202 θρωπος
637 1129 695 1183 δὲ
748 1129 845 1183 καὶ
897 1127 1037 1200 σὰρξ
1087 1130 1135 1183 δ’
1164 1129 1294 1193 Υἱὸς
1344 1129 1441 1183 καὶ
1472 1130 1647 1197 Λόγος
1687 1124 1783 1179 τοῦ
1822 1123 1960 1179 Θεοῦ

372 1224 490 1287 πῶς
516 1222 758 1292 λέγεται,
781 1222 859 1293 τῷ
886 1222 987 1292 τῆς
1009 1223 1344 1294 ἐνοικήσεως
1368 1221 1559 1285 ἁπλῶς
1582 1220 1774 1290 Λόγῳ;
1805 1220 1834 1272 6
1852 1217 1962 1290 γάρ

372 1314 621 1379 ὲνοικῶν,
650 1314 714 1368 οὑ
739 1314 841 1385 τῆς
866 1312 962 1367 τοῦ
988 1314 1376 1384 ὲνοικουμένου
1409 1311 1785 1383 προσηγορίας
1814 1310 1964 1382 εὑρί-

376 1424 569 1462 σκεται
602 1406 829 1477 Κύριος.

958 1517 1213 1574 ΚΕΦΔΛ.
1235 1515 1369 1572 ΜΖ’.

450 1638 513 1689 Εἰ
536 1635 629 1690 τὸν
658 1633 1069 1706 παντοδύναμον
1117 1632 1278 1703 φύσει
1315 1631 1491 1701 Λόγον
1527 1631 1625 1686 καὶ
1649 1631 1955 1706 όιναμάρτη⁹

374 1749 467 1786 τον
493 1729 749 1784 κοινωνὸν
776 1728 935 1799 ἔσχεν
969 1728 1002 1798 ἡ
1043 1726 1182 1799 σάρξ
1202 1726 1303 1797 τῆς
1338 1726 1475 1791 ἰδίας
1510 1726 1819 1797 ὑπάρξεως,
1849 1724 1967 1789 πῶς

2062 584 2290 631 nentur.
2348 575 2404 630 Si
2442 584 2629 630 autem
2680 573 3020 629 conferimus
3068 572 3418 628 substantiali
3464 574 3659 628 unioni

2061 666 2548 734 inhabitationem,
2608 667 2755 723 sicut
2779 666 2874 737 qui
2925 667 2994 721 de
3040 681 3139 722 sua
3165 667 3349 721 anima
3389 665 3525 721 dicit
3552 683 3566 720 :
3592 681 3661 722 ex

2061 778 2151 817 me
2209 763 2348 817 exiit
2405 771 2464 817 et
2500 761 2741 816 excessit
2766 761 2927 831 quasi
2951 760 3046 830 qui
3079 760 3497 815 tabernaculum
3525 775 3662 814 con-

2060 853 2311 907 volutum
2366 852 2501 923 ligat
2536 870 2549 907 :
2579 851 2717 922 quid
2773 851 3095 921 prohibebit
3135 851 3270 921 quin
3308 851 3367 906 in
3422 850 3661 906 Ezechia

2062 943 2372 999 secundum
2409 957 2704 1013 personam
2752 942 2885 996 unio
2916 941 3271 1011 concipiatur
3300 950 3362 996 ut
3393 942 3664 997 habitatio

2062 1044 2277 1090 naturae
2314 1036 2370 1089 in
2410 1035 2653 1089 natura?
2702 1033 2994 1100 Quomodo
3051 1034 3270 1093 ratione
3301 1034 3663 1091 habitationis

2062 1127 2395 1197 simpliciter
2428 1126 2637 1182 dicitur
2670 1127 2836 1181 homo
2886 1134 2944 1181 et
2976 1140 3128 1189 caro,
3160 1125 3406 1181 Verbum
3435 1127 3530 1181 Dei
3570 1127 3664 1182 Fi-

2064 1220 2226 1277 lius?
2273 1219 2379 1287 Qui
2423 1219 2575 1275 enim
2632 1218 2928 1285 inhabitat,
2985 1234 3099 1274 non
3136 1229 3222 1275 cst
3263 1221 3532 1276 Dominus
3565 1236 3668 1275 no-

2066 1310 2237 1368 minis
2277 1310 2432 1366 illius
2480 1308 2538 1365 in
2587 1324 2699 1380 quo
2747 1318 2857 1365 est.

2660 1532 2815 1591 CAP.
2865 1533 3072 1591 XLVII.

2141 1650 2199 1707 Si
2236 1659 2432 1707 natura
2454 1649 2810 1720 omnipotens
2830 1658 2887 1705 et
2911 1650 3273 1720 impeccabile
3288 1650 3532 1708 Verbum
3553 1666 3668 1708 suae

2071 1743 2409 1799 exsistentite
2441 1742 2655 1798 socium
2709 1741 2908 1797 habuit
2952 1757 3107 1808 caro,
3136 1742 3417 1811 quomodo
3450 1743 3669 1799 dicetur

375 1821 516 1893 αὕτη
552 1818 620 1873 ἂν
653 1818 741 1891 εἰη
788 1818 1177 1890 ἀναμάρτητος
1223 1816 1524 1888 λεγομένη;
1576 1816 1611 1888 ἢ
1663 1817 1798 1871 ποία
1840 1816 1963 1889 νίκη

2074 1834 2194 1904 ipsa
2216 1831 2620 1903 impeccabilis?
2639 1831 2725 1886 vel
2750 1847 3000 1901 quaenam
3023 1832 3142 1904 ejus
3167 1832 3394 1889 victoria
3414 1834 3481 1889 de
3499 1835 3666 1901 malo,

373 1914 538 1985 τῆσδε
564 1911 716 1985 ,πρὸς
776 1910 874 1984 τὴν
903 1912 1103 1966 κακίαν
1130 1909 1333 1965 τοιόνδε
1362 1909 1634 1981 λαϐούσης
1657 1909 1874 1981 βοηθὸν,
1908 1909 1966 1963 ὃν

374 2007 498 2061 οὑδὲ
528 2006 646 2060 ἔστι
675 2006 999 2077 νικηθῆναι;
1028 2004 1185 2058 τοῦδε
1215 2004 1325 2076 γάρ
1359 2003 1427 2059 ἂν
1456 2003 1553 2058 καὶ
1584 2003 1645 2058 οὑ
1674 2002 1841 2073 τῆσδε
1879 2003 1964 2075 εἴη

374 2100 437 2153 τὸ
458 2098 817 2171 κατόρθωμα.
841 2091 991 2168 *Αρα
1024 2092 1119 2151 οὖν
1148 2098 1197 2150 οἰ
1226 2096 1549 2161 πεποιθότες
1591 2098 1686 2150 ὲπὶ
1713 2098 1782 2167 τῇ
1808 2095 1968 2150 δυνά·

381 2211 473 2265 μει
527 2191 708 2247 αὐτῶν
742 2190 839 2245 καὶ
877 2190 971 2244 ἐπὶ
997 2190 1077 2261 τῷ
1124 2189 1324 2261 πλήθει
1370 2190 1467 2243 τοῦ
1503 2188 1737 2243 πλούτου
1785 2188 1968 2243 αὑτῶν

380 2284 727 2358 καυχώμενοι
756 2285 857 2338 οὑκ
889 2282 1360 2355 ὲξομολογήσεσθε
1391 2284 1489 2338 σὺν
1527 2285 1660 2355 ἡμῖν
1687 2284 1770 2336 ὅτι
1817 2281 1971 2337 ἀδελ⁸

383 2381 481 2449 φὺς
508 2380 569 2433 οὑ
622 2377 938 2451 λυτροῦται.
970 2377 1094 2431 οὑδὲ
1144 2375 1483 2449 λυτρώσεται
1527 2375 1846 2446 ἁνθρωποςς
1877 2376 1972 2428 καὶ

381 2470 463 2524 ὅτι
490 2470 589 2524 οὑκ
628 2472 687 2524 ὲν
722 2469 867 2540 ἰσχύϊ
896 2467 1092 2522 ἑαυτοῦ
1126 2467 1350 2531 δυνατὸς
1400 2467 1562 2539 ἀνὴρ,
1600 2466 1739 2521 ἀλλά
1765 2464 1972 2536 Κύριος

380 2565 582 2636 ἀσθενῆ
608 2565 828 2635 ποιήσει
875 2563 969 2616 τὸν
1014 2562 1289 2618 ἀντίδικον
1322 2560 1490 2617 αὑτοῦ
1527 2560 1733 2631 Κύριος
1778 2558 1968 2627 ἆγιος·

381 2657 678 2723 ἀκούσατε,
700 2651 745 2711 ὦ
772 2648 941 2722 οὗτοι,
974 2655 1070 2709 τοῦ
1092 2655 1369 2726 λέγοντοςο
1394 2656 1487 2725 Μὴ
1512 2652 1814 2724 καυχάσθω
1837 2654 1866 2705 6
1896 2655 1976 2706 ἰσ-

381 2750 549 2823 χυρὸς
579 2751 637 2803 ὲν
661 2751 728 2820 τῇ
762 2747 907 2819 ἰσχύϊ
931 2747 1102 2801 αὑτοῦ
1124 2764 1140 2779 ο
1191 2749 1285 2802 καὶ
1322 2745 1497 2816 γνῶτε
1530 2745 1614 2799 ὃτι
1640 2744 1701 2797 τὸ
1734 2743 1855 2797 καθ’
1878 2743 1977 2797 αὑ-

380 2843 481 2915 τὴν
507 2841 786 2912 ἁμαρτίας
821 2841 1192 2910 κατακρατεῖν
1230 2839 1578 2909 ἀὸοηθήτως,
1612 2836 1828 2906 φύσεώς
1860 2836 1976 2889 ἐστι

386 2936 557 3006 μόνης
604 2935 704 3005 τῆς
761 2934 1152 3004 ἀναμαρτήτου
1178 2949 1192 2965 ο
1234 2931 1357 2987 καθ’
1384 2933 1453 3005 ἢν
1491 2932 1540 2985 εἰ
1586 2932 1807 3001 εἴημεν,
1864 2930 1978 2985 θεοὶ

384 3030 555 3084 πάλαι
584 3027 650 3081 ἂν
677 3027 829 3089 ὄντες
862 3025 1209 3097 ἐδείχθημεν.
1274 3024 1548 3096 Πταιστῆς
1597 3023 1654 3077 δὲ
1685 3024 1838 3087 ὄντες
1875 3023 1979 3092 φύ-

2070 1939 2194 1995 qua:
2226 1924 2394 1978 talem
2440 1922 2643 1977 habuit
2672 1922 2983 1994 adjutorem
3012 1923 3107 1993 qui
3138 1924 3288 1979 vinci
3311 1940 3422 1980 non
3450 1926 3670 1997 possit?

2069 2016 2139 2070 ad
2171 2016 2351 2081 illum,
2382 2029 2494 2071 non
2518 2022 2703 2069 autem
2733 2014 2800 2069 ad
2828 2030 2950 2068 eam
2978 2014 3281 2085 pertineret
3304 2016 3428 2072 laus
3463 2021 3665 2073 omnis.

2070 2105 2266 2160 Nonne
2291 2103 2387 2174 qui
2419 2104 2474 2158 in
2505 2119 2602 2158 sua
2628 2112 2901 2174 potestate
2931 2104 3211 2160 confiditis
3236 2114 3293 2161 et
3323 2106 3379 2161 in
3411 2106 3669 2162 multitu-

2075 2197 2206 2252 dine
2280 2196 2599 2250 divitiarum
2662 2210 2885 2250 suarum
2967 2197 3281 2267 gloriamini
3327 2200 3670 2256 :nohiscum

2072 2286 2439 2342 cotitebimini
2482 2284 2630 2354 quod
2661 2285 2836 2341 frater
2868 2301 2979 2339 non
3022 2287 3265 2354 redimit,
3300 2304 3405 2344 nec
3435 2290 3673 2346 redimet

2073 2381 2279 2435 homo?
2299 2379 2367 2434 Et
2389 2379 2538 2449 quod
2562 2394 2673 2434 non
2700 2394 2797 2434 sua
2820 2378 3146 2434 fortitudine
3163 2390 3361 2451 potens
3377 2393 3463 2437 est
3481 2383 3670 2449 homo,

2074 2473 2171 2527 sed
2198 2472 2346 2542 quod
2365 2472 2635 2527 Dominus
2660 2470 2918 2526 infirmus
2936 2470 3102 2527 faciet
3128 2472 3511 2530 adversarium
3529 2476 3673 2547 ejus,

2075 2563 2346 2618 Dominus
2376 2570 2621 2628 sanctus,
2680 2562 2837 2619 audit
2886 2562 3165 2618 dicentem
3205 2581 3218 2617 :
3267 2581 3377 2619 non
3407 2566 3676 2636 glorietur

2076 2656 2238 2713 fortis
2294 2657 2353 2712 in
2404 2656 2734 2713 fortitudine
2786 2673 2923 2726 sua;
2975 2668 3034 2714 et
3065 2658 3266 2715 scitote
3315 2662 3465 2731 quod
3513 2678 3580 2719 ex
3613 2678 3675 2719 se

2078 2749 2197 2820 ipsa
2228 2751 2347 2806 sine
2386 2749 2670 2821 adjutorio
2692 2749 3046 2821 iniquitatem
3077 2768 3411 2822 supcrares;
3447 2771 3558 2809 non
3600 2756 3675 2812 sit

2078 2843 2187 2899 nisi
2218 2852 2429 2898 naturae
2454 2844 2855 2913 impeccabilis,
2881 2861 3046 2914 quam
3078 2846 3123 2900 si
3148 2846 3503 2913 haberemus,
3532 2848 3679 2906 Deos

2078 2948 2200 2989 esse
2226 2933 2339 3004 jam
2370 2934 2589 3003 pridem
2630 2948 2731 2988 nos
2765 2942 3064 2989 constaret.
3094 2935 3304 2989 Lahilis
3332 2944 3515 2991 autem
3545 2954 3675 2993 cum

2080 3025 2254 3081 simus
2280 3034 2493 3079 naturae
2526 3032 2669 3080 eteo
2695 3025 2817 3094 ipso
2850 3024 3014 3080 facile
3037 3026 3264 3081 obnoxii
3300 3028 3523 3084 insidiis
3553 3031 3678 3101 ejus

386 3139 547 3185 σεως.
578 3119 675 3174 καὶ
724 3117 980 3175 ἐντεῦθεν
1012 3118 1459 3172 εὑεπιόούλευτοι
1505 3115 1853 3179 καθεστῶτες
1899 3113 1966 3186 τᾷ

2082 3115 2176 3186 qui
2205 3130 2307 3169 nos
2334 3122 2511 3170 tentat
2531 3114 2586 3168 in
2609 3123 2899 3184 peccatum
2924 3115 3212 3183 inducere,
3243 3134 3385 3189 opus
3405 3120 3679 3178 habemus

387 3213 705 3285 πειράζοντι
741 3211 838 3265 καὶ
888 3212 969 3274 είς
989 3210 1092 3282 τὴν
1130 3208 1383 3281 ἐνεργείᾳ
1435 3208 1710 3280 ἁμαρτίαν
1738 3206 1966 3262 κατασύ-

2080 3207 2369 3280 potestatis
2400 3208 2687 3279 cujusdam
2717 3225 2840 3279 qua:
2876 3220 3081 3267 nostra;
3136 3222 3350 3269 naturae
3386 3214 3680 3271 imbecilli-

389 3323 557 3376 ροντι,
622 3303 866 3359 εὑκολοι⁸
915 3302 1203 3372 δυνάμεώς
1242 3319 1388 3365 τινος
1419 3300 1849 3372 ὲμφωλευούσης
1906 3301 1966 3373 τῇ

2081 3308 2249 3355 tatem
2278 3299 2537 3371 ‘adjuvet,
2584 3316 2653 3356 ne
2711 3301 3057 3361 insidiatoris
3096 3306 3460 3377 subjicinmur
3522 3320 3682 3380 pote-

387 3396 662 3469 ἀδυναμίᾳ
690 3396 791 3466 τῆς
813 3397 1090 3467 ἡμετέρας
1118 3393 1336 3464 φύσεως
1354 3392 1637 3464 ἐδεόμεθα,
1658 3393 1747 3446 ἵνα
1770 3391 1845 3463 μὴ
1878 3408 1966 3445 κα-

2081 3390 2239 3458 stati,
2292 3406 2417 3461 quae
2469 3390 2670 3445 mortis
2715 3390 2967 3459 stimulo,
3020 3393 3074 3448 id
3119 3403 3225 3461 est,
3275 3406 3524 3466 peccato,
3578 3414 3682 3456 nos

388 3486 914 3554 ταδυναστευθῶμεν
955 3486 1083 3540 Ιὺπδ
1111 3486 1232 3557 ιτῆς
1283 3484 1673 3555 ἀντικειμένης
1700 3484 1833 3553 ἡμῖν
1858 3482 1966 3535 ἑπι-

2081 3500 2333 3556 pungens
2373 3498 2477 3539 nos
2531 3484 2673 3539 mori
2709 3483 2949 3541 faciebat
2996 3494 3055 3542 et
3102 3487 3525 3550 immortalitate
3564 3495 3682 3565 pri-

391 3579 585 3634 6ούλου
640 3578 945 3650 δυνάμεως,
984 3579 1020 3649 ἦ
1073 3595 1157 3642 τις
1204 3576 1287 3649 τῷ
1338 3576 1551 3648 κέντρῳ
1598 3574 1692 3629 τοῦ
1743 3576 1966 3629 θανάτοι

2081 3577 2268 3644 vabat,
2296 3592 2408 3631 non
2433 3586 2621 3633 autem
2662 3578 2903 3648 quodam
2936 3580 3104 3637 modo
3134 3581 3290 3639 foras
3327 3586 3680 3655 substantiae,

392 3672 559 3743 ἡγουν
597 3673 665 3742 τῇ
710 3669 957 3742 ἁμαρτίᾳ
1003 3670 1156 3740 ἡμᾶς
1177 3668 1666 3739 ὲπικεντρίζουσα,
1725 3664 1966 3736 θνήσκειι

2083 3669 2181 3726 sed
2204 3684 2387 3740 neque
2413 3677 2761 3740 opportune;
2790 3672 3123 3735 immortalis
3141 3675 3290 3730 enim
3318 3687 3404 3733 est
3430 3679 3522 3736 ille
3552 3683 3682 3739 mali

391 3764 565 3818 ἐποίει
615 3765 711 3819 καὶ
756 3764 856 3834 τῆς
889 3761 1194 3825 ἀθανασίας
1246 3760 1496 3831 ὲστὲρειο
1530 3759 1626 3813 καὶ
1679 3757 1840 3813 τοῦτο
1880 3757 1966 3810 οὑ)

2085 3762 2346 3818 inventor
2398 3768 2455 3816 et
2508 3761 2763 3817 cordium
2812 3772 3133 3820 nostrorum
3165 3767 3415 3836 invasor,
3472 3783 3685 3830 natura:

392 3856 676 3928 ἐξωτέρως
704 3873 825 3919 πως
861 3855 962 3926 τῆς
1007 3854 1220 3919 οὐσίας,
1258 3853 1382 3909 οὑδὲ
1414 3852 1802 3926 προσκαίρωςο
1847 3850 1966 3905 ἀθά-

2084 3865 2272 3911 autem
2324 3863 2531 3910 nostra;
2569 3856 2792 3926 pr0pria
2848 3868 2971 3914 erat
3022 3858 3348 3928 inﬁrmitas;
3386 3865 3515 3934 jure
3549 3882 3683 3936 ergo

392 3948 552 4011 νατός
580 3964 642 4002 τε
689 3946 799 4019 γὰρ
854 3948 883 4003 6
915 3945 1149 4018 εὑρετὴς
1175 3943 1275 4016 τῆς
1329 3945 1534 4008 κακίας
1563 3939 1718 4008 οὗτος
1748 3943 1845 3998 καὶ
1872 3942 1966 3997 τῶι

2085 3960 2142 4007 et
2194 3951 2399 4007 merito
2424 3962 2643 4006 natura:
2676 3960 2880 4007 nostra;
2912 3951 3068 4008 unita
3114 3960 3201 4008 est
3238 3962 3435 4009 natura
3454 3955 3686 4027 justitiae

393 4040 632 4113 καρδιῶν
666 4040 823 4110 ἡμῶν
861 4038 1043 4093 αὑτῶν
1096 4036 1520 4108 ὲμόατευτικός·
1549 4037 1647 4106 τῆς
1678 4034 1895 4105 φύσεώς
1923 4052 1966 4089 τε

2087 4052 2289 4114 potens
2340 4050 2397 4098 et
2442 4042 2724 4108 salutaris,
2763 4043 2821 4098 in
2870 4059 3035 4098 unam
3068 4059 3223 4100 suam
3257 4060 3553 4115 personam
3584 4065 3698 4109 nos.

394 4132 565 4202 αὐτῆς
584 4133 717 4203 ἡμῖν
749 4125 817 4201 ἦν
847 4131 881 4200 ὴ
912 4127 1194 4183 ἀσθένεια.
1230 4127 1472 4191 Εἰκότως
1508 4123 1602 4181 οὖν
1635 4130 1701 4198 τῇ
1734 4144 1795 4180 τε
1824 4126 1962 4195 φύσε

2088 4134 2388 4204 recipiens,
2419 4148 2491 4189 ne
2538 4133 2595 4188 in
2628 4142 2882 4189 naturam
2923 4142 3191 4200 nostram,
3226 4136 3337 4207 jam
3370 4136 3515 4193 intra
3544 4155 3687 4209 pcr-

396 4224 557 4296 ήμῶν
588 4225 623 4294 ἡ
651 4223 789 4294 πρὸς
821 4220 1172 4292 δικαιοσύνην
1191 4220 1557 4292 δυναμοποιὺς
1592 4220 1692 4273 καὶ
1717 4221 1966 4291 σωτήριος

2089 4242 2279 4283 sonam
2335 4227 2486 4281 illam
2522 4226 2818 4292 inclusam,
2862 4242 2975 4283 non
3005 4228 3181 4297 possit
3229 4228 3703 4287 seintromittcre-

396 4318 559 4388 φύσις
611 4316 954 4386 συνεπλάκη,
1013 4318 1094 4380 εἰς
1138 4315 1270 4387 μίαν
1317 4314 1621 4369 ὑπόστασιν
1655 4314 1756 4384 τὴν
1784 4313 1966 4382 ἑαυτῆς

2090 4318 2268 4374 hostis
2301 4325 2518 4383 noster,
2566 4318 2618 4373 ei
2653 4318 3021 4388 personaliter
3052 4319 3293 4388 quodam
3327 4321 3493 4376 modo
3527 4322 3706 4378 iulia--

395 4407 545 4477 ἡμᾶς
578 4404 668 4459 διά
703 4406 802 4476 τῆς
828 4405 1086 4477 ἀπαρχῆς
1114 4403 1569 4476 προσλαὸομένηο
1611 4403 1689 4466 ὡς
1725 4404 1792 4459 ἂν
1848 4406 1966 4475 μήτε

2089 4411 2296 4474 bitans,
2322 4417 2382 4463 ut
2416 4409 2721 4464 etiamnum
2753 4409 2809 4464 in
2827 4410 3241 4479 energumenis,
3283 4426 3424 4468 neve
3476 4413 3704 4469 nudam.

396 4501 693 4573 ἑνδοτέρως
734 4500 897 4571 τῆσδε
949 4501 1028 4563 εἰς
1081 4498 1182 4571 τὴν
1230 4498 1394 4568 φύσιν
1442 4499 1603 4570 ἡμῶν
1659 4499 1966 4570 ἐμϐατεύειτ

2091 4516 2379 4572 nunquam
2434 4502 2681 4571 reperiat
2728 4511 2976 4560 nostram
3009 4510 3290 4568 naturam,
3342 4504 3397 4558 in
3428 4519 3497 4558 ea
3526 4504 3688 4560 habi-

397 4592 508 4662 ἔχοι
542 4594 570 4647 6
598 4590 793 4663 ὲχθρὺς
817 4591 942 4646 καθ’
978 4591 1281 4647 ὑπόστασιν
1323 4591 1677 4662 ὲγγινόμενός
1703 4608 1855 4656 πως·
1896 4587 1966 4647 οἷς

2096 4604 2247 4651 tante
2270 4594 2523 4650 custodis
2556 4594 2736 4649 nostri
2770 4610 3027 4665 persona,
3059 4611 3182 4665 quae
3212 4605 3411 4651 natura
3450 4607 3535 4653 est
3563 4598 3701 4655 dia-~

397 4686 537 4742 κάπί
564 4685 674 4739 τῶν
712 4684 1126 4755 ἐνεργουμένων
1158 4684 1321 4755 μέχρι
1356 4684 1473 4751 νῦν,
1504 4687 1641 4756 μήτε
1669 4684 1862 4757 καιρὸν
1890 4703 1966 4756 γυ

2095 4689 2225 4745 bolo
2270 4699 2328 4744 et
2357 4695 2588 4759 peccato
2611 4697 2669 4743 et
2697 4688 2859 4744 morti
2900 4688 3167 4759 impervia
3188 4707 3208 4742 :
3235 4690 3330 4745 illa
3378 4691 3547 4763 igitur
3579 4693 3689 4749 hu-

399 4779 661 4849 μνὼσεως
685 4777 787 4845 τῆς
824 4777 1102 4848 ἡμετέρας
1133 4776 1285 4849 εὖροι
1320 4777 1450 4831 ποτὲ
1493 4777 1733 4846 φύσεως,
1756 4780 1815 4833 ὲν
1848 4779 1966 4851 αὐτῇ

2096 4782 2362 4838 manitate
2417 4782 2698 4852 propriam
2755 4797 2912 4837 suam
2975 4797 3199 4837 carnem
3267 4784 3688 4854 impeccahilem

400 4871 774 4942 ὑφεστηκυίας
829 4873 896 4942 τῇ
935 4868 1032 4923 τοῦ
1090 4869 1328 4939 φύλακος
1373 4869 1532 4939 ἡμῶν
1572 4871 1893 4936 ὑποστάσει,
1951 4874 1966 4925 i

2093 4871 2258 4937 fecit;
2311 4879 2369 4925 et
2412 4880 2737 4941 peccatores
2792 4871 2845 4925 ei
2898 4872 3430 4941 consubstantiales,
3467 4874 3703 4930 hicim-

398 4964 518 5016 ἐστι
546 4960 710 5031 φύσει
762 4960 839 5032 τῷ
876 4978 939 5014 τε
989 4959 1224 5030 διαϐόλῳ
1253 4961 1349 5015 καὶ
1379 4964 1446 5032 τῇ
1494 4962 1742 5036 ἁμαρτίᾳ
1786 4966 1883 5018 καὶ
1910 4965 1966 5035 τι]

2095 4963 2480 5036 peccabilitate
2541 4963 2852 5033 Spiritualis
2909 4963 3224 5018 sanctitatis
3280 4972 3337 5019 et
3397 4964 3453 5019 in
3501 4964 3707 5020 futuro:

398 5053 618 5124 θανάτῳ
654 5051 985 5116 ἀνεπίϐατος
1006 5068 1020 5083 ο
1048 5053 1117 5122 τῇ
1146 5050 1327 5122 τοιᾷδε
1360 5047 1454 5104 οὖν
1501 5051 1775 5123 ὑπερφυεῖ
1800 5051 1966 5121 φιλαν

2096 5048 2283 5113 secum
2304 5056 2795 5126 impeccabilitatis
2815 5055 3061 5126 perfecta
3088 5055 3338 5110 donavit.
3384 5057 3555 5111 Deum
3585 5059 3695 5128 igi-

399 5148 623 5220 ορωπίᾳ
673 5148 773 5220 τὴν
832 5146 967 5202 ἰδίαν
1002 5147 1183 5218 σάρκα
1212 5146 1600 5217 ἀναμάρτητον
1641 5145 1950 5217 κατέστησε

2096 5161 2186 5205 tur
2204 5149 2471 5213 Verbum,
2500 5148 2652 5219 quod
2678 5149 2760 5205 sic
2787 5148 2952 5203 nobis
3003 5147 3443 5219 redemptionem
3479 5150 3705 5206 invenio:

399 5240 496 5293 καὶ
536 5237 663 5305 τοὺς
694 5237 1017 5309 όμοουσίους
1055 5236 1193 5307 αὐτῇ
1229 5233 1611 5305 ἁμαρτωλοὺς,
1637 5234 1829 5289 ἐνθάδε
1887 5236 1966 5308 τῆ(

2090 5250 2357 5300 aeternam
2402 5241 2798 5312 glorificamus.

399 5326 788 5398 ἀναμαρτήτου
862 5324 1245 5395 πνευματικῆς
1286 5321 1616 5388 οὑσιώσεως,
1667 5325 1726 5378 ὲν
1775 5326 1855 5397 τῷ
1919 5328 2168 5398 μέλλοντι
2222 5333 2322 5387 σὺν
2371 5332 2548 5403 αὐτῇ,
2600 5331 2837 5401 ἠξίωσεν
2890 5329 3235 5402 ἀπεράντως.
3289 5332 3350 5387 '0
3403 5329 3498 5390 οὖν
3558 5336 3709 5401 Θεὸς·

402 5426 577 5496 Δόγος
598 5424 826 5479 αἰωνίαν
862 5425 995 5496 ἡμῖν
1026 5422 1296 5495 λύτρωσιν
1346 5423 1650 5494 εὑράμενος
1679 5425 1856 5493 οὑτως
1901 5430 2208 5499 δοξάζεται.

986 5538 1239 5591 ΚΕΦΑΛ.
1276 5538 1417 5592 MH'.

2682 5542 2835 5600 CAP.
2879 5543 3117 5601 XLVIII.

476 5651 588 5705 Καὶ
619 5650 738 5705 τόδε
767 5651 831 5720 δὴ
859 5652 991 5715 ἴσως
1022 5650 1089 5705 ἂν
1119 5652 1251 5723 ἡμῖν
1307 5652 1643 5725 ἀπορήσοιεν
1681 5656 1730 5709 οἰ
1768 5655 1867 5727 τὴν
1891 5657 1966 5711 τοὶ

2169 5662 2238 5717 Et
2286 5662 2391 5717 hoc
2427 5660 2613 5718 forsan
2668 5660 2831 5717 nobis
2896 5671 3166 5734 reponent
3213 5662 3308 5733 qui
3344 5641 3532 5720 Verbi:
3565 5677 3704 5718 cum

402 5742 576 5811 Λόγου
601 5743 739 5815 πρὸς
760 5743 861 5816 τὴν
893 5744 1073 5815 σάρκα
1103 5743 1298 5798 ἕνωσιν
1330 5744 1505 5817 ἀληθῆ
1537 5745 1661 5800 καθ’
1688 5747 1966 5802 ὑπόστασιε

2100 5766 2268 5807 carne
2351 5767 2540 5808 veram
2628 5752 2937 5807 secundum
3024 5768 3322 5824 personam
3421 5764 3699 5825 respuunt

402 5832 749 5905 ἀρνούμενοι.
775 5875 788 5893 .
807 5877 820 5891 .
849 5837 914 5891 ἄν
937 5836 1168 5907 ἄπειρον
1198 5838 1359 5907 φύσει
1386 5839 1538 5910 παρά
1572 5839 1635 5894 τὸ
1658 5840 1845 5910 φύσει,
1866 5840 1966 5897 καθ

2105 5844 2488 5903 unionem.....
2518 5853 2719 5901 natura
2751 5846 3055 5915 inﬁnitum,
3093 5856 3292 5917 praeter
3324 5848 3472 5918 quod
3497 5856 3707 5904 natura
