4116 6448
456 384 591 463 1597

1689 375 2005 438 LEONTII
2047 374 2451 435 BYZANTINI

3576 362 3711 424 15(‘8

450 506 562 557 est.
610 494 917 551 secundum
978 507 1278 564 personam
1347 489 1500 546 uniri
1557 487 1923 558 impossibile.
1973 484 2033 539 Si

2148 484 2439 537 Βπόστασιν
2464 482 2719 537 ένοῦοθαι
2746 480 3027 537 ἀδύνατον.
3063 477 3186 532 Εἴτε
3215 474 3276 544 γὲ
3294 491 3325 545 ρ
3353 472 3579 564 ἄπειρός
3595 473 3712 523 ἐστι

452 588 602 641 enim
635 584 848 640 inﬁnita
902 592 987 637 est
1016 584 1073 636 in
1113 590 1352 650 utroque
1402 590 1658 650 persona,
1690 593 1803 632 non
1851 582 2033 647 potest

453 676 694 739 ﬁnitum,
760 674 814 728 id
863 682 949 728 est
994 688 1146 736 caro,
1205 673 1261 726 in
1335 686 1456 726 eam
1513 679 1684 726 totam
1771 677 2033 739 penetra-

456 785 551 831 re;
627 769 673 823 si
751 776 938 823 autem
1008 766 1184 832 ﬁnita,
1261 775 1436 821 totum
1516 765 1574 819 in
1633 778 1693 819 se
1754 762 2035 817 inﬁnitum

456 871 677 925 natura,
722 861 777 914 id
828 868 937 925 est,
985 862 1248 926 Verbum,
1307 860 1601 929 complecti
1667 874 1777 913 non
1832 864 2033 928 potest.

457 954 714 1023 Prompte
737 953 904 1023 igitur
927 961 985 1007 et
1032 952 1098 1005 ad
1124 953 1242 1006 haec
1282 950 1728 1022 respondendum
1784 967 1828 1040 ι.
1855 950 2037 1019 primo

456 1050 679 1119 quidem
708 1051 942 1105 dicimus
977 1066 1197 1105 omnem
1234 1066 1529 1121 personam
1576 1048 1819 1121 propriis
1870 1047 2038 1102 ratio-

469 1139 639 1193 nibus
687 1139 758 1193 ab
805 1140 955 1192 omni
992 1154 1227 1209 persona
1265 1156 1362 1194 seu
1394 1140 1641 1211 ejusdem
1675 1155 1770 1195 seu
1805 1139 2040 1193 diversa:

458 1229 663 1298 speciei
680 1229 1000 1284 distinctam
1016 1231 1247 1285 omnino
1264 1246 1386 1287 esse
1406 1232 1649 1297 ﬁnitam;
1678 1233 1724 1285 si
1743 1230 1874 1300 quid
1888 1230 2036 1285 enim

460 1318 706 1386 propriis
743 1318 1002 1372 terminis
1027 1334 1138 1372 non
1162 1318 1452 1383 deﬁnitur,
1474 1334 1580 1373 nec
1611 1318 1680 1372 ab
1697 1318 1890 1372 alienis
1926 1327 2039 1371 ter-

460 1409 624 1463 minis
656 1409 1025 1477 discernitur;
1076 1411 1311 1481 ideoque
1346 1420 1545 1466 natura
1576 1410 1743 1465 Verbi
1774 1411 1829 1465 in
1866 1425 1925 1465 se
1959 1409 2043 1464 in-

461 1502 615 1556 ﬁmta
666 1519 777 1557 non
829 1512 1015 1574 potest
1083 1504 1139 1558 in
1212 1519 1447 1574 persona
1506 1503 1866 1567 considerari,
1944 1502 2042 1559 sed

459 1608 641 1661 neque
672 1592 868 1657 Patris,
895 1609 1073 1663 neque
1107 1584 1348 1663 Spiritus
1396 1595 1569 1649 sancti
1600 1612 1613 1647 :
1641 1594 1737 1649 sed
1770 1594 1877 1648 erit
1909 1592 2041 1663 quid

464 1684 631 1752 plane
680 1682 961 1737 inﬁnitum
1019 1692 1075 1739 et
1126 1685 1519 1754 impersonale,
1568 1700 1694 1739 cum
1727 1700 1837 1738 non
1868 1684 2045 1753 possit

2136 578 2232 631 καὶ
2256 579 2321 630 ὲκ
2348 576 2457 628 τῶν
2490 574 2818 645 ἀμφοτέρων
2855 571 3182 633 ὑπόστασις,
3207 567 3276 619 δι’
3306 566 3437 635 ὅλης
3499 563 3714 633 διήκειν

2132 669 2195 722 τὸ
2222 669 2461 741 περατὸν
2489 668 2673 737 φύσει,
2714 668 2881 739 ἤγουν
2921 667 2954 734 ἡ
2979 662 3140 733 σὰρξ,
3193 661 3255 712 οὑ
3286 658 3510 711 δύναται
3532 671 3546 686 ο
3602 654 3713 706 εἴτε

2135 762 2349 833 περατὴ
2382 762 2491 832 εἰη,
2528 761 2648 815 ὅλον
2680 759 2958 830 περιέχειν
3010 756 3068 808 ὲν
3099 753 3237 821 αὐτῇ
3276 749 3337 803 τὸ
3366 748 3527 817 φύσει
3554 747 3714 800 ἄπει-

2138 874 2230 927 ρον
2250 858 2417 927 ἤγουν
2442 857 2534 909 τὸν
2565 855 2759 924 Λόγον,
2783 853 2884 907 οὑκ
2926 848 3158 921 ἰσχύσειέ
3210 844 3473 915 Ἑτοίμως
3500 837 3593 895 οὖν
3622 840 3717 893 καὶ

2139 948 2314 1017 τούτῳ
2343 947 2681 1016 ὑπαντητέον
2701 961 2714 975 °
2743 943 2959 1013 πρῶτον
3001 942 3099 1012 μὲν
3137 938 3420 1005 λέγοντας,
3449 935 3533 986 ὅτι
3566 932 3719 985 πᾶσα

2139 1038 2439 1101 ὑπόστασις
2497 1040 2610 1100 τοῖς
2637 1036 2860 1098 οἰκείοις
2910 1032 3087 1101 λόγοις
3134 1026 3465 1097 διωρισμένη
3508 1022 3718 1091 τυγχά-

2142 1146 2333 1191 νουσα,
2363 1129 2473 1183 ἀπὺ
2500 1128 2684 1198 πάσης
2708 1124 2994 1197 ὁμοουσίοὺ
3015 1138 3074 1175 τε
3106 1120 3201 1173 καὶ
3226 1115 3569 1187 έτεροουσίου
3586 1114 3721 1166 ὑπο⁴

2142 1220 2408 1284 στάσεως,
2468 1220 2688 1279 πάντως
2732 1216 2944 1287 περατή
2973 1216 3145 1267 ἐστιν.
3190 1210 3253 1263 Εἰ
3283 1208 3390 1277 γάρ
3424 1206 3501 1277 μὴ
3547 1220 3722 1274 περα-

2146 1310 2337 1364 τοῖιταί
2370 1327 2423 1363 τι
2450 1311 2602 1373 ἰδίοις
2630 1310 2799 1380 ὅροις,
2831 1306 2954 1361 οὐδὲ
2993 1300 3396 1372 ἀποδιορίζεται
3421 1296 3530 1350 τῶν
3560 1294 3721 1349 ἀλλο-

2141 1401 2312 1473 τρίων
2334 1402 2478 1474 ὅρων
2502 1417 2514 1431 ’
2543 1401 2644 1454 οὐκ
2667 1400 2775 1470 ἄρα
2806 1395 2898 1453 οὖν
2927 1396 3047 1450 οὑδὲ
3083 1394 3205 1449 καθ’
3236 1394 3407 1464 αὐτὴν
3432 1391 3465 1460 ή
3491 1388 3720 1458 ἄπειρος

2141 1494 2237 1548 τοῦ
2265 1494 2440 1564 Λόγου
2475 1494 2658 1565 φύσις,
2687 1496 2746 1547 ὲν
2767 1491 3064 1545 ὑποστάσει
3115 1484 3440 1558 θεωρεῖσθαι
3472 1481 3718 1543 δύναται,

2142 1587 2265 1641 οὐδὲ
2305 1589 2340 1659 ὴ
2392 1587 2489 1640 τοῦ
2545 1585 2780 1656 Πατρδς,
2823 1583 2945 1637 οὐδὲ
2975 1583 3009 1651 ὴ
3057 1579 3153 1634 τοῦ
3191 1577 3538 1647 Πνεύματοςο
3602 1569 3719 1625 ἀλλ’

2145 1676 2298 1731 ἔσται
2329 1678 2669 1747 πανάπειρον
2699 1676 2863 1739 εὐθὺς
2894 1674 2989 1728 καὶ
3029 1670 3424 1733 ἀνυπόστατον,
3464 1664 3539 1735 μὴ
3563 1663 3722 1717 δυνα-

462 1776 580 1829 suis
605 1774 915 1829 rationibus
954 1777 1195 1846 propriis
1244 1776 1472 1832 deﬁnita
1521 1792 1757 1847 persona
1791 1786 2040 1831 naturam

2149 1767 2318 1839 μένης
2346 1768 2593 1838 χωρῆσαι
2612 1766 2712 1836 τῆς
2734 1763 2875 1818 κατά
2906 1764 3031 1825 τοὺς
3070 1760 3302 1821 οἰκείους
3329 1757 3520 1825 λόγους
3541 1768 3716 1824 περα-

2180 1860 2200 1872 ~
2282 1860 2295 1876 ο
2469 1858 2481 1876 ρ
2703 1856 2751 1876 γι
2824 1854 2964 1876 μμ-ι.
3000 1854 3087 1876 _\-.
3112 1852 3242 1876 τι-..
3286 1851 3442 1876 \1-.-..
3494 1848 3716 1876 ι--.,.....

462 1865 935 1933 comprehendere
982 1866 1288 1922 secundum
1340 1869 1594 1938 pr0prias
1636 1867 1883 1922 rationes
1922 1866 2045 1921 inﬁ-

460 1956 654 2009 uitam.

447 2072 450 2077 η
531 2046 803 2101 Praeterea
852 2046 960 2101 alio
1016 2047 1203 2113 modo,
1257 2048 1375 2103 Deo
1409 2048 1727 2119 adjuvaute,
1784 2047 2045 2103 solvenda

459 2139 698 2206 quaestio
732 2137 800 2193 de
851 2138 1094 2195 inﬁnito.
1126 2139 1371 2195 Dicimus
1403 2140 1569 2212 igitur
1594 2141 1868 2195 inﬁnitum
1900 2142 2045 2195 mul-

462 2228 672 2282 timode
698 2228 809 2283 dici
838 2246 854 2283 :
886 2229 1093 2284 dicitur
1120 2230 1269 2283 enim
1295 2228 1573 2283 inﬁnitum
1610 2230 1913 2284 secundum
1948 2245 2047 2299 po—

465 2319 754 2384 sitionem,
802 2327 863 2372 ut
905 2328 992 2373 est
1035 2320 1282 2375 circulus
1328 2335 1392 2373 ex
1444 2320 1611 2384 linea,
1643 2336 1785 2388 quae,
1838 2320 2045 2374 nullam

463 2411 681 2465 habens
711 2410 1088 2473 latitudinem,
1115 2410 1520 2480 longitudinem
1554 2410 1720 2465 habet
1748 2426 1859 2466 non
1899 2412 2046 2466 limi-

472 2512 665 2569 tatam,
731 2502 994 2557 omnibus
1049 2503 1229 2555 oculis
1267 2502 1612 2571 imperviam,
1639 2511 1804 2557 etest
1834 2503 1889 2557 in
1930 2518 2049 2557 om-

462 2593 521 2647 ni
551 2608 653 2648 suo
695 2608 862 2647 cursu
892 2593 1178 2661 aequaliter
1209 2593 1442 2659 distans,
1473 2604 1546 2649 ita
1589 2602 1650 2648 ut
1694 2609 1874 2664 neque
1926 2596 2047 2665 ejus

466 2687 716 2748 initium,
749 2701 932 2755 neque
961 2685 1303 2756 ﬁnis,neque
1329 2687 1570 2741 medium
1589 2685 1825 2757 perspici
1850 2686 2043 2756 possit.

467 2780 683 2835 Dicitur
714 2794 936 2849 quoque
980 2778 1257 2833 inﬁnitum
1294 2779 1450 2849 quod
1480 2795 1717 2849 semper,
1750 2780 1804 2833 in
1826 2794 1883 2834 se
1917 2794 2049 2834 con-

464 2886 713 2934 versum,
741 2878 1001 2941 augetur,
1036 2878 1097 2923 ut
1122 2879 1202 2925 est
1228 2886 1588 2925 numerorum
1618 2870 2003 2941 multiplicatio
2029 2889 2042 2925 :

465 2978 594 3018 eum
629 2962 777 3016 enim
806 2961 977 3015 millia
1011 2962 1415 3028 numeraveris,
1444 2962 1645 3017 millies
1672 2963 1841 3017 millia
1866 2962 2048 3017 adhuc

440 3061 595 3108 sunt
636 3053 991 3117 numerandi,
1021 3062 1078 3107 et
1116 3053 1315 3108 iterum
1349 3054 1548 3109 millies
1584 3055 1753 3109 millia
1787 3063 1844 3109 et
1868 3055 2049 3109 adhuc

466 3143 663 3209 millia,
687 3152 742 3197 et
762 3144 843 3198 sic
864 3144 919 3197 in
945 3144 1246 3198 inﬁnitum.
1268 3145 1512 3201 Dicimus
1535 3161 1753 3216 quoque
1772 3145 2047 3199 inﬁnitum
2074 3168 2119 3230 ρ

435 3236 615 3305 ~quod
634 3244 831 3289 natura
868 3251 1089 3305 semper
1117 3245 1203 3291 est
1231 3236 1531 3302 divisibile,
1568 3246 1627 3291 ut
1662 3246 1746 3293 est
1784 3245 2047 3307 punctum

436 3338 523 3382 et
552 3329 735 3382 unitas
764 3346 776 3381 :
806 3342 930 3397 quae
964 3327 1136 3381 dividi
1178 3329 1524 3398 concipimus
1570 3330 1625 3384 in
1665 3330 1803 3385 duas
1844 3340 2048 3400 partes,

436 3428 522 3473 -et
550 3435 739 3473 earum
776 3419 1067 3472 dimidium
1103 3419 1158 3473 in
1204 3418 1419 3475 dimidii
1454 3421 1771 3487 dimidium,
1802 3432 1859 3477 et
1916 3421 2050 3476 illud

466 3508 717 3563 etiamin
750 3509 833 3561 sui
865 3507 1182 3571 dimidium,
1236 3519 1294 3563 et
1336 3509 1416 3563 sic
1469 3509 1524 3563 in
1573 3510 1874 3576 inﬁnitum,
1926 3525 2052 3565 cum

440 3614 577 3653 non
615 3597 689 3652 sit
722 3597 870 3651 aliud
912 3613 1087 3667 genus
1139 3598 1318 3653 diviso
1371 3600 1604 3669 generi;
1664 3614 2051 3654 successurum

467 3708 535 3747 ex
558 3689 930 3761 productione
961 3690 1277 3755 divisionis,
1304 3700 1367 3745 ut
1392 3699 1477 3745 est
1506 3690 1631 3745 ﬁnis
1671 3690 1960 3746 divisionis
1998 3693 2052 3747 in

467 3781 635 3845 linea,
681 3779 745 3833 id.
786 3787 892 3844 est,
927 3795 1055 3834 cum
1107 3780 1173 3834 ad
1210 3788 1479 3850 punctum
1511 3780 1683 3835 fuerit
1727 3789 2053 3851 perventum

467 3879 523 3927 et
556 3873 611 3927 in
658 3888 918 3937 numero,
968 3873 1036 3926 ad
1087 3873 1398 3937 unitatem;
1440 3887 1552 3925 non
1599 3873 1710 3942 jam
1762 3873 1909 3927 enim
1969 3882 2055 3929 est

467 3980 739 4019 numerus
794 3972 918 4033 post
946 3963 1297 4018 divisionem.
1328 3962 1540 4017 Dicitur
1559 3964 1727 4017 etiam
1754 3963 2051 4030 inﬁnitum,

437 4055 645 4125 .quod,
682 4064 920 4125 propter
948 4054 1277 4123 quantitatis
1311 4053 1659 4117 continuum,
1704 4068 1811 4107 non
1857 4054 2056 4124 recipit

471 4151 770 4206 terminum
818 4151 1075 4216 localem,
1129 4147 1274 4204 sicut
1311 4149 1552 4205 dicimus
1599 4149 1869 4205 inﬁnitam
1905 4150 2052 4205 sola-

468 4244 611 4297 rium
698 4242 981 4297 radiorum
1036 4241 1505 4311 productionem;
1553 4255 1679 4295 eum
1734 4242 1881 4296 enim
1940 4255 2053 4296 non

435 4370 439 4374 ~
467 4334 656 4387 obstat
683 4348 887 4401 corpus
914 4332 1140 4401 aliquod
1172 4332 1421 4401 opacius,
1449 4348 1480 4385 a
1507 4347 1724 4387 summo
1750 4333 1964 4387 oriente
1984 4332 2053 4387 ad

466 4434 782 4479 extremum
808 4423 1185 4489 occidentem,
1224 4423 1444 4478 etiamsi
1483 4423 1772 4493 perlucido
1818 4438 2052 4495 corpore

2144 1860 2244 1929 τῆς
2275 1858 2634 1922 ὑποστάσεως
2691 1856 2790 1929 τὴν
2822 1854 2967 1910 κατά
2997 1854 3087 1908 τὸν
3112 1852 3243 1907 ἴδιον
3286 1851 3442 1918 λόγον
3490 1848 3719 1917 ἄπειρον

2145 1950 2326 2022 φύσιν.

2230 2043 2354 2098 Ἐπὶ
2380 2044 2593 2108 τούτοις
2622 2043 2678 2097 δὲ
2717 2043 2811 2097 καὶ
2876 2040 3080 2111 ἑτέρως
3127 2038 3316 2092 λυτέον
3379 2035 3477 2089 σὺν
3510 2031 3629 2103 Θεῷ
3661 2030 3724 2084 τὺ

2144 2136 2395 2208 ἄπειρον.
2423 2136 2612 2206 Φαμὲν
2654 2135 2762 2205 γάρ
2816 2134 2985 2188 ὅτιτὸ
3036 2133 3279 2203 ἄπειρον,
3323 2124 3605 2197 πολλαχῶς
3634 2123 3725 2176 λέ-

2146 2242 2303 2294 γεται
2323 2243 2339 2257 '
2371 2228 2587 2298 εἴρηται
2609 2227 2718 2295 γάρ
2747 2226 2976 2296 ἄπειρον
2996 2224 3055 2277 τὸ
3089 2223 3229 2276 κατὰ
3254 2220 3402 2274 θέσιν
3421 2231 3437 2246 ⁶
3469 2217 3662 2286 ῶσπερ
3694 2214 3726 2267 ό

2146 2318 2256 2372 ἀπὸ
2283 2318 2551 2390 γραμμῆς
2584 2318 2802 2381 κύκλος,
2835 2316 3036 2378 πλάτος
3081 2312 3183 2383 μὲν
3213 2311 3312 2364 οὑκ
3347 2308 3599 2380 ἐχούσης,
3627 2304 3725 2358 τοῦ

2146 2411 2205 2464 δὲ
2252 2413 2462 2481 μήκους
2513 2410 2683 2480 αὐτῆς
2717 2408 2976 2480 ἀορίστου
3005 2407 3099 2459 καὶ
3137 2404 3332 2474 ἀδήλου
3382 2402 3531 2462 ὄντος
3576 2398 3727 2468 πάσῃ

2147 2501 2246 2573 θέᾳ
2266 2518 2280 2532 ⁸
2307 2502 2403 2554 καὶ
2430 2499 2723 2569 ἀδιαφόρου
2750 2498 2890 2551 κατά
2916 2499 3022 2550 πᾶν
3047 2495 3219 2565 αὐτῆς
3244 2494 3305 2546 τὸ
3334 2487 3727 2560 διάστημα,ὠς

2150 2592 2225 2663 μὴ
2253 2591 2317 2644 τὸ
2350 2590 2449 2661 μὲν
2478 2589 2650 2659 αὐτῆς
2683 2587 2860 2659 ἀρχὴν
2891 2584 3197 2657 φαίνεσθαι,
3226 2583 3285 2635 τὸ
3330 2582 3387 2638 δὲ
3424 2580 3596 2649 πέρας
3629 2576 3729 2629 αύ-

2147 2688 2268 2757 τῆς,
2292 2686 2354 2740 τὸ
2380 2686 2435 2740 δὲ
2499 2686 2794 2758 μεσότητα.
2830 2685 3062 2752 Λέγεται
3104 2682 3329 2751 ἄπειρον
3368 2677 3463 2731 καὶ
3493 2674 3554 2728 τὸ
3584 2671 3726 2727 κατά

2149 2780 2250 2851 τήν
2299 2780 2381 2842 εἰς
2424 2777 2586 2832 έαυτδ
2624 2776 2865 2848 στροφὴν
2894 2775 3217 2841 ὲπαυξάνον,
3247 2767 3360 2825 οἷον
3388 2771 3416 2823 ὁ
3447 2766 3728 2821 πολυπλαο

2152 2873 2389 2943 σιασμὸς
2414 2871 2521 2925 τῶν
2550 2869 2834 2941 ἀριθμῶν·
2883 2869 2980 2923 καὶ
3019 2868 3127 2939 τάρ
3156 2867 3226 2919 τά
3268 2863 3439 2935 μύρια
3482 2858 3726 2931 ἀριθμή-

2152 2979 2368 3028 σαντες,
2398 2961 2633 3016 ἐστικαὶ
2677 2960 2936 3031 μυριάκις
2970 2959 3140 3030 μύρια
3197 2956 3597 3028 ἐπιμετρῆσαι*
3632 2952 3728 3006 καὶ

2151 3053 2315 3107 πάλιν
2354 3053 2617 3125 μυριάκις
2654 3052 2725 3106 τά
2782 3052 2983 3125 μύρια,
3035 3051 3203 3122 μύρια
3234 3050 3582 3121 έπαριθμείν,
3632 3046 3728 3100 καὶ

2151 3144 2325 3209 οὕτως
2353 3145 2433 3207 εἰς
2484 3144 2735 3215 ἄπειρον.
2799 3143 2982 3213 Φαμὲν
3026 3143 3083 3196 δὲ
3123 3142 3371 3211 ἄπειρον,
3402 3139 3592 3193 καὶτὸ
3638 3138 3729 3192 ἀεὶ

2152 3233 2419 3304 διαιρετὸν
2449 3236 2511 3304 τῇ
2544 3232 2724 3301 φύσει,
2749 3226 2860 3286 οἷον
2878 3234 2975 3304 τὴν
2990 3232 3224 3302 στιγμὴν
3248 3230 3343 3285 καὶ
3369 3230 3469 3300 τὴν
3487 3228 3689 3298 μονάδα
3709 3243 3727 3261 ·

2152 3326 2248 3378 καὶ
2260 3324 2369 3397 γὰρ
2390 3324 2517 3377 τάδε
2534 3325 2613 3389 εἰς
2643 3325 2849 3395 ἡμίσεα
2864 3325 3194 3396 διαιρεῖσθαι
3220 3324 3469 3395 νοοῦμεν·
3493 3324 3587 3376 καὶ
3601 3322 3728 3374 τού-

2151 3434 2259 3469 των
2294 3415 2565 3487 τδῆμισυ,
2585 3416 2861 3487 εἰςὲτερον
2884 3417 3111 3489 ἡμίσεος
3128 3418 3321 3487 ἥμισυ·
3346 3418 3627 3471 καὶὲκεῖνο
3649 3416 3731 3476 εἰς

2152 3508 2280 3563 ἄλλο
2294 3508 2353 3563 τὸ
2384 3508 2578 3562 ἑαυτοῦ
2600 3510 2772 3581 ἥμισυ
2792 3527 2806 3541 ·
2824 3511 2919 3565 καὶ
2949 3510 3204 3564 τοῦτοὲπ’
3229 3512 3452 3580 ἄπειρον
3468 3523 3482 3538 ο
3518 3508 3616 3561 οὐκ
3640 3507 3730 3559 δν-

2151 3616 2239 3665 τος
2260 3600 2403 3665 τινὸς
2425 3601 2596 3664 εἴδους
2618 3602 2805 3673 ἑτέρου
2829 3601 2924 3655 τοῦ
2951 3602 3253 3672 ὀφείλοντος
3273 3604 3340 3673 τῇ
3362 3600 3606 3654 ἐπιτάσει
3631 3600 3730 3668 τῆς

2152 3691 2487 3762 διαιρέσεως
2519 3693 2863 3759 διαδέξασθαι
2903 3696 2964 3747 τὸ
3009 3696 3383 3766 διαιρούμενον
3415 3690 3585 3756 εἶδος
3622 3691 3729 3750 ὦσέ

2154 3799 2260 3853 περ
2290 3785 2390 3853 τῆς
2418 3785 2686 3854 γραμμῆς
2718 3785 2814 3839 ἐπὶ
2841 3786 2973 3840 πολὺ
2996 3786 3403 3857 διαιρουμένης,
3456 3785 3637 3856 πέρας
3660 3780 3729 3855 ἣν

2153 3874 2253 3943 τῆς
2277 3873 2597 3944 διαιρέσεως
2625 3875 2817 3945 αὐτῆς,
2840 3877 2973 3947 ήείς
3000 3878 3223 3948 σημεῖον
3243 3878 3575 3947 κατάντησις
3595 3892 3608 3905 ο
3633 3876 3730 3929 καὶ

2156 3964 2332 4035 πέρας
2357 3964 2594 4036 ἀριθμοῦ
2614 3966 2934 4037 διαιρέσεως
2958 3963 3047 4038 ἦν,
3071 3969 3105 4039 ἡ
3136 3970 3215 4033 εἰς
3238 3968 3441 4038 μονάδα
3460 3970 3731 4037 κατάντη-

2155 4069 2266 4117 σις’
2299 4053 2483 4107 λοιπὸν
2509 4056 2617 4125 γὰρ
2646 4056 2748 4109 οὑκ
2778 4053 3063 4129 ἀριθμὸςῆ
3084 4058 3113 4110 ό
3132 4055 3529 4129 διαιρούμενος.
3560 4059 3731 4124 Λέγε-

2153 4163 2243 4199 ται
2294 4147 2352 4200 δὲ
2377 4147 2628 4218 ἄπειρον,
2649 4152 2744 4201 καὶ
2771 4151 2832 4202 τὸ
2863 4150 3004 4204 κατά
3032 4167 3086 4203 τι
3135 4150 3358 4220 συνεχὲς
3391 4149 3558 4203 ποσοῦ
3609 4149 3729 4202 διά-

2157 4252 2343 4305 στημα
2390 4237 2564 4307 πέρας
2607 4238 2667 4290 ού
2735 4239 3011 4308 λαμϐάνον
3050 4240 3295 4305 τοπικὸν,
3325 4240 3516 4312 ὥσπερ
3549 4240 3731 4310 φαμὲν

2153 4325 2381 4395 ἄπειρον
2442 4329 2504 4379 τὸ
2540 4328 2715 4399 μῆκος
2748 4330 2859 4382 τῶν
2911 4331 3152 4401 ἡλιακῶν
3202 4330 3470 4385 ἀκτίνων
3507 4331 3732 4403 καὶγὰρ

2159 4414 2417 4485 σώματος
2447 4417 2507 4471 οὑ
2539 4422 3012 4492 καταφράττοντος
3039 4422 3375 4494 παχυτέρου,
3419 4423 3516 4476 ἀπ’
3544 4424 3731 4494 ἄκρων

467 4516 684 4583 exeepti
711 4514 847 4577 sint,
882 4514 1306 4583 producuntur:
1334 4513 1415 4569 sic
1435 4515 1601 4569 etiam
1627 4515 1796 4570 maris
1828 4530 1969 4582 aqua
1994 4516 2047 4570 in

2155 4505 2429 4558 ἀνατολῶν
2458 4507 2553 4560 καὶ
2587 4508 2729 4581 ὑπὲρ
2762 4510 2887 4574 τοὺς
2934 4512 3221 4583 ἑσπερίους
3246 4512 3342 4565 τοῦ
3373 4512 3601 4584 ούρανοῦ
3641 4519 3734 4566 τό-

438 4602 749 4657 .inﬁnitum
776 4601 983 4655 dicitur
1023 4601 1079 4655 in
1106 4601 1336 4672 abyssos
1368 4601 1736 4669 descendere;
1767 4604 2046 4657 inﬁnitum

469 4710 691 4765 quoque
724 4694 952 4758 dicitur,
987 4694 1134 4763 quod
1168 4694 1464 4749 duratione
1495 4695 1819 4751 continuum
1852 4705 1909 4749 et
1929 4695 2048 4749 sine

469 4786 577 4839 ﬁne
595 4794 702 4847 est,
728 4793 789 4838 ut
808 4798 893 4839 est
916 4784 1165 4839 futurum
1191 4785 1451 4839 saeculum
1474 4794 1532 4841 et
1552 4788 1662 4841 vita
1686 4788 2007 4858 angelorum
2030 4804 2045 4852 ;

468 4875 746 4931 inﬁnitum
815 4875 1044 4943 insuper
1098 4874 1309 4931 dicitur
1361 4876 1511 4947 quod
1580 4887 1766 4932 mente
1836 4886 2047 4932 tantum

470 4970 697 5041 ponitur
741 4974 837 5021 aut
886 4967 1111 5035 aliquod
1151 4968 1357 5023 habere
1386 4978 1482 5022 aut
1509 4970 1623 5038 pati
1659 4970 1778 5023 sine
1810 4968 1939 5033 ﬁne,
1971 4969 2048 5023 si-

470 5071 565 5117 cut
592 5062 831 5118 dicimus
858 5060 914 5114 in
941 5060 1222 5116 inﬁnitum
1250 5061 1483 5131 produci
1510 5062 1596 5115 vel
1621 5061 1793 5115 dividi
1822 5061 2045 5117 lineam.

435 5206 441 5211 .
470 5155 753 5209 inﬁnitum
795 5163 1065 5223 praeterea
1091 5154 1322 5219 dicitur,
1355 5152 1504 5223 quod
1534 5167 1645 5206 non
1681 5161 1880 5207 natura
1925 5168 2046 5215 sua,

470 5246 565 5302 sed
616 5254 830 5300 tantum
888 5244 1073 5315 quoad
1107 5260 1207 5300 nos
1252 5245 1327 5299 ita
1354 5260 1413 5300 se
1438 5244 1627 5308 habet,
1676 5252 1739 5297 ut
1792 5252 1879 5298 est
1922 5243 2048 5299 cteli

467 5338 726 5393 altitudo.
766 5337 1049 5391 Inﬁnitum
1078 5352 1301 5407 quoque
1326 5335 1533 5390 dicitur
1559 5334 1708 5404 quod
1735 5349 1803 5389 ex
1846 5334 2048 5390 mentis

468 5427 917 5483 consideratione
943 5428 1109 5482 ﬁnem
1132 5442 1240 5481 non
1270 5427 1460 5493 habet,
1495 5434 1555 5479 ut
1578 5425 1723 5479 istud
1755 5443 1768 5480 :
1804 5426 1849 5480 si
1881 5439 2047 5483 omne

467 5538 671 5592 corpus
702 5521 756 5575 in
783 5521 927 5587 loco,
960 5522 1118 5575 locus
1162 5529 1347 5575 autem
1397 5535 1599 5590 corpus
1640 5530 1745 5583 est,
1796 5519 2047 5589 corporis

466 5630 600 5683 ergo
625 5615 779 5667 locus
809 5614 865 5667 in
893 5614 1039 5676 loco,
1068 5621 1124 5668 et
1152 5613 1307 5667 locus
1340 5612 1448 5666 loci
1483 5631 1495 5667 :
1522 5627 1645 5681 quae
1677 5610 2047 5667 consideratio

472 5723 527 5758 ιιι
568 5704 844 5758 inﬁnitum
877 5704 1135 5774 protendi
1203 5712 1387 5774 potest
1416 5721 1430 5771 ;
1466 5704 1741 5758 inﬁnitum
1774 5706 1939 5758 etiam
1966 5703 2047 5755 vi-

472 5790 637 5847 detur
667 5806 811 5859 esse,
842 5794 989 5866 quod
1017 5801 1284 5864 quantum
1318 5794 1383 5850 ad
1421 5805 1631 5850 naturae
1667 5794 1900 5850 activam
1943 5810 2043 5864 po-

2152 4614 2311 4660 πους,
2347 4598 2507 4671 εἰπερ
2550 4595 2621 4671 ἦν
2677 4617 2731 4653 τι
2764 4601 3025 4673 διαφανὲς
3043 4604 3104 4656 τὸ
3137 4604 3532 4675 ὑποδεχόμενον
3561 4605 3733 4670 αὑτάς

2152 4688 2564 4743 έπεκτείνονται
2584 4707 2597 4721 ·
2620 4692 2823 4746 τοιόνδε
2856 4693 2921 4763 δὴ
2967 4695 3034 4747 ἂν
3091 4694 3319 4764 λέγηται
3353 4696 3448 4748 καὶ
3480 4696 3540 4749 τὸ
3570 4697 3736 4751 πελά-

2150 4796 2273 4849 γιον
2304 4780 2451 4853 ὕδωρ
2482 4783 2563 4846 εἰς
2596 4783 2760 4853 βάθος
2789 4784 2877 4837 ἐπ’
2928 4784 3157 4856 ἄπειρον
3192 4787 3330 4858 πρὸς
3366 4788 3466 4858 τὴν
3493 4788 3733 4843 ἄϐυσσον

2152 4873 2602 4945 καθικνούμενον.
2633 4876 2896 4948 Ἄπειρον
2920 4877 2978 4930 δὲ
3039 4877 3257 4949 εἴρηται
3287 4880 3380 4932 καὶ
3421 4880 3482 4933 τὸ
3506 4883 3645 4934 κατὰ
3668 4882 3734 4934 τὸ

2152 4965 2285 5018 ποτὲ
2319 4965 2566 5036 διηνεκὲς
2599 4968 2696 5020 καὶ
2724 4970 3083 5042 ἀτελεύτητον
3116 4972 3196 5037 ὃν,
3225 4972 3417 5044 ῶσπερ
3464 4975 3493 5026 ό
3520 4973 3733 5043 μέλλων

2150 5056 2308 5119 αἰὼν,
2343 5056 2439 5109 καὶ
2469 5058 2502 5127 ὴ
2538 5055 2652 5128 ζωὴ
2672 5058 2781 5111 τῶν
2809 5060 3079 5129 ἀγγέλων.
3105 5062 3365 5131 Ἄπειρον
3394 5062 3614 5131 λέγεται
3634 5064 3733 5116 καὶ

2148 5146 2210 5199 τὸ
2261 5149 2383 5200 κατ’
2434 5150 2683 5203 ἐπίνοιαν
2735 5151 2898 5220 μόνον
2940 5153 3264 5224 ἀπεράντως
3293 5154 3438 5224 ἔχειν
3474 5172 3528 5208 τι
3560 5154 3593 5225 ἦ
3623 5156 3733 5208 πά-

2152 5255 2299 5307 σχειν
2326 5238 2750 5312 θεματιζόμενον
2769 5258 2784 5273 ·
2816 5228 2929 5296 οἷον
2966 5246 2998 5313 ἡ
3037 5245 3123 5297 ἐπ’
3147 5245 3376 5316 ἄπειρον
3402 5247 3733 5316 ἐκφέρεσθαι

2149 5328 2416 5409 λεγομένη
2463 5330 2853 5403 ἢδιαιρείσθαι
2911 5338 3170 5408 γραμμή.
3214 5339 3480 5409 ’Ἄπειρον
3511 5340 3729 5409 λέγεται

2149 5423 2246 5474 καί⁵
2268 5422 2329 5475 τὸ
2358 5422 2434 5487 ὡς
2464 5425 2603 5492 πρός
2633 5443 2687 5478 τι
2720 5429 2925 5482 τοιόνδε
2963 5431 3011 5481 εἰ
3047 5431 3141 5483 καὶ
3176 5431 3251 5500 μὴ
3283 5431 3463 5499 φύσει,
3526 5428 3640 5486 οἷον
3666 5434 3731 5487 τὸ

2151 5516 2282 5585 ὕψος
2319 5516 2413 5569 τοῦ
2438 5518 2670 5587 ούρανοῦ
2702 5520 2777 5583 ὡς
2808 5521 2942 5592 πρὸς
2978 5523 3147 5593 ἡμᾶς.
3198 5524 3459 5594 Ἀπειρον
3509 5524 3731 5593 λέγεται

2151 5608 2245 5660 καὶ
2291 5607 2353 5660 τὸ
2388 5609 2577 5673 ἀτελὲς
2603 5611 2746 5664 κατὰ
2772 5612 3027 5683 θεωρίαν,
3060 5607 3193 5677 οἷον,
3233 5615 3283 5667 εἰ
3317 5617 3425 5668 πᾶν
3476 5614 3636 5686 σῶμα
3669 5618 3729 5668 ἐν

2149 5700 2324 5771 τόπῳ,
2359 5701 2387 5753 ό
2431 5700 2488 5754 δὲ
2519 5703 2681 5767 τόπος
2710 5703 3014 5775 σῶμα,καὶ
3035 5708 3064 5758 ὁ
3106 5705 3269 5768 τόπος
3300 5706 3407 5777 ἄρα
3425 5706 3518 5759 τοῦ
3544 5707 3733 5776 σώμαι·
3808 5754 3809 5757 η

2148 5810 2238 5856 τος
2266 5795 2322 5847 ὲν
2354 5793 2524 5865 τόπῳ,
2550 5796 2642 5849 καὶ
2670 5797 2697 5848 ό
2723 5798 2888 5858 τόπος
2907 5797 2964 5852 δὲ
2990 5796 3084 5851 τοῦ
3116 5798 3280 5852 τόπου
3301 5815 3314 5830 ·
3345 5799 3437 5852 καὶ
3463 5800 3546 5852 ἐπ’
3573 5800 3731 5854 ἀπει-
